transaction,symbol,buyer,seller,quantity,rate,amount,date
2025060404020558,SHPC,63,44,450.0,553.0,248850.0,2025-06-04
2025060404020557,SHPC,63,1,100.0,553.0,55300.0,2025-06-04
2025060404020556,SHPC,63,50,200.0,552.9,110580.0,2025-06-04
2025060404020555,SHPC,63,45,250.0,552.2,138050.0,2025-06-04
2025060405009458,NRIC,59,50,20.0,1247.0,24940.0,2025-06-04
2025060404020554,OHL,56,48,10.0,893.0,8930.0,2025-06-04
2025060401020879,SARBTM,26,42,10.0,840.0,8400.0,2025-06-04
2025060405009457,HRL,42,60,90.0,933.0,83970.0,2025-06-04
2025060405009456,HRL,42,55,300.0,932.0,279600.0,2025-06-04
2025060405009455,HRL,42,99,110.0,932.0,102520.0,2025-06-04
2025060401020878,SARBTM,19,45,29.0,839.0,24331.0,2025-06-04
2025060401020877,SARBTM,36,45,50.0,839.0,41950.0,2025-06-04
2025060401020876,SARBTM,46,45,70.0,839.0,58730.0,2025-06-04
2025060401020875,SARBTM,45,45,200.0,839.0,167800.0,2025-06-04
2025060401020874,SARBTM,4,45,30.0,839.0,25170.0,2025-06-04
2025060401020873,SARBTM,96,45,60.0,839.0,50340.0,2025-06-04
2025060401020872,SARBTM,59,45,61.0,839.0,51179.0,2025-06-04
2025060403008235,DDBL,11,21,10.0,795.0,7950.0,2025-06-04
2025060404020553,NGPL,80,62,100.0,380.1,38010.0,2025-06-04
2025060405009454,CHDC,60,32,20.0,2537.0,50740.0,2025-06-04
2025060404020552,GHL,43,62,500.0,239.0,119500.0,2025-06-04
2025060405009453,NRN,49,20,11.0,1994.0,21934.0,2025-06-04
2025060404020551,HPPL,38,42,330.0,487.9,161007.0,2025-06-04
2025060404020550,HPPL,38,62,500.0,487.9,243950.0,2025-06-04
2025060404020549,HPPL,38,21,20.0,487.9,9758.0,2025-06-04
2025060404020548,HPPL,38,42,100.0,487.0,48700.0,2025-06-04
2025060404020547,HPPL,38,41,50.0,487.0,24350.0,2025-06-04
2025060404020546,UPCL,60,16,13.0,439.9,5718.7,2025-06-04
2025060404020545,UPCL,60,74,87.0,439.0,38193.0,2025-06-04
2025060403008234,MFIL,35,20,10.0,589.0,5890.0,2025-06-04
2025060401020871,SANIMA,45,6,250.0,315.0,78750.0,2025-06-04
2025060403008233,SLBBL,5,48,37.0,887.2,32826.4,2025-06-04
2025060403008232,SLBBL,58,48,153.0,887.6,135802.8,2025-06-04
2025060404020544,AKPL,19,52,200.0,274.5,54900.0,2025-06-04
2025060401020870,BEDC,8,6,294.0,740.0,217560.0,2025-06-04
2025060401020869,BEDC,8,59,90.0,739.9,66591.0,2025-06-04
2025060401020868,NIMBPO,44,45,10.0,160.7,1607.0,2025-06-04
2025060401020867,BHL,22,43,154.0,211.0,32494.0,2025-06-04
2025060401020866,BHL,84,43,100.0,211.0,21100.0,2025-06-04
2025060401020865,BHL,35,43,100.0,211.0,21100.0,2025-06-04
2025060401020864,BHL,33,43,400.0,211.0,84400.0,2025-06-04
2025060401020863,BHL,74,43,500.0,211.0,105500.0,2025-06-04
2025060401020862,BHL,42,43,250.0,211.0,52750.0,2025-06-04
2025060401020861,BHL,6,43,200.0,211.0,42200.0,2025-06-04
2025060401020860,BHL,49,43,50.0,211.0,10550.0,2025-06-04
2025060401020859,BHL,68,43,100.0,211.0,21100.0,2025-06-04
2025060401020858,BHL,44,43,769.0,211.0,162259.0,2025-06-04
2025060401020857,BHL,56,43,500.0,211.1,105550.0,2025-06-04
2025060401020856,BHL,57,43,40.0,211.3,8452.0,2025-06-04
2025060401020855,BHL,36,43,70.0,211.4,14798.0,2025-06-04
2025060401020854,BHL,55,43,200.0,211.4,42280.0,2025-06-04
2025060401020853,BHL,58,43,18.0,211.5,3807.0,2025-06-04
2025060401020852,BHL,34,43,100.0,211.5,21150.0,2025-06-04
2025060401020851,BHL,57,43,250.0,211.5,52875.0,2025-06-04
2025060401020850,BHL,58,43,100.0,211.5,21150.0,2025-06-04
2025060401020849,BHL,6,43,99.0,211.5,20938.5,2025-06-04
2025060404020543,AKPL,7,52,678.0,274.5,186111.0,2025-06-04
2025060404020542,AKPL,7,62,40.0,274.4,10976.0,2025-06-04
2025060404020541,AKPL,7,44,282.0,274.3,77352.6,2025-06-04
2025060404020540,API,34,58,10.0,294.0,2940.0,2025-06-04
2025060403008231,SINDU,58,49,20.0,863.0,17260.0,2025-06-04
2025060404020539,AHPC,65,63,500.0,286.1,143050.0,2025-06-04
2025060404020538,AHPC,7,42,20.0,287.0,5740.0,2025-06-04
2025060401020848,LSL,56,54,200.0,219.0,43800.0,2025-06-04
2025060401020847,LSL,56,19,200.0,219.0,43800.0,2025-06-04
2025060401020846,LSL,56,6,424.0,219.0,92856.0,2025-06-04
2025060401020845,LSL,56,38,49.0,218.9,10726.1,2025-06-04
2025060401020844,LSL,56,48,50.0,218.8,10940.0,2025-06-04
2025060404020537,LEC,59,55,10.0,211.0,2110.0,2025-06-04
2025060405009452,NRM,56,32,20.0,456.1,9122.0,2025-06-04
2025060401020843,ULBSL,62,58,10.0,3437.0,34370.0,2025-06-04
2025060405009451,HIDCL,34,42,20.0,309.9,6198.0,2025-06-04
2025060404020536,RADHI,69,16,52.0,787.5,40950.0,2025-06-04
2025060404020535,RADHI,69,56,48.0,787.4,37795.2,2025-06-04
2025060404020534,GLH,22,26,500.0,245.2,122600.0,2025-06-04
2025060404020533,GLH,14,26,48.0,246.0,11808.0,2025-06-04
2025060404020532,SHPC,60,45,10.0,552.2,5522.0,2025-06-04
2025060404020531,MEN,46,25,10.0,574.9,5749.0,2025-06-04
2025060404020530,MEN,46,74,990.0,574.9,569151.0,2025-06-04
2025060404020529,CHL,7,54,40.0,278.5,11140.0,2025-06-04
2025060403008230,BFC,6,33,71.0,477.0,33867.0,2025-06-04
2025060404020528,AHPC,65,55,754.0,286.1,215719.4,2025-06-04
2025060404020527,AHPC,65,55,446.0,286.2,127645.2,2025-06-04
2025060401020842,RFPL,56,13,554.0,475.0,263150.0,2025-06-04
2025060401020841,RFPL,56,13,40.0,475.0,19000.0,2025-06-04
2025060401020840,RFPL,57,13,406.0,475.1,192890.6,2025-06-04
2025060405009450,SAHAS,91,7,100.0,517.9,51790.0,2025-06-04
2025060405009449,HRL,34,57,100.0,931.0,93100.0,2025-06-04
2025060405009448,HRL,91,57,400.0,931.0,372400.0,2025-06-04
2025060405009447,HRL,34,57,500.0,931.0,465500.0,2025-06-04
2025060404020526,UMHL,91,62,500.0,513.3,256650.0,2025-06-04
2025060404020525,UMHL,11,62,440.0,513.3,225852.0,2025-06-04
2025060404020524,UMHL,92,62,500.0,513.4,256700.0,2025-06-04
2025060404020523,UMHL,65,62,150.0,513.4,77010.0,2025-06-04
2025060401020839,MKHL,38,51,10.0,745.0,7450.0,2025-06-04
2025060404020522,SSHL,41,4,503.0,228.1,114734.3,2025-06-04
2025060404020521,SSHL,43,4,17.0,228.1,3877.7,2025-06-04
2025060404020520,SSHL,44,4,400.0,228.1,91240.0,2025-06-04
2025060404020519,SSHL,71,4,500.0,228.1,114050.0,2025-06-04
2025060404020518,SSHL,8,4,999.0,228.1,227871.9,2025-06-04
2025060404020517,SSHL,41,4,50.0,228.2,11410.0,2025-06-04
2025060404020516,SSHL,52,4,500.0,228.2,114100.0,2025-06-04
2025060404020515,SSHL,7,4,10.0,228.5,2285.0,2025-06-04
2025060404020514,SSHL,56,4,100.0,228.5,22850.0,2025-06-04
2025060404020513,SSHL,25,4,836.0,228.5,191026.0,2025-06-04
2025060404020512,SSHL,58,4,85.0,228.6,19431.0,2025-06-04
2025060401020838,TPC,25,45,30.0,343.9,10317.0,2025-06-04
2025060401020837,KBL,33,59,50.0,214.0,10700.0,2025-06-04
2025060405009446,ILI,41,55,119.0,450.0,53550.0,2025-06-04
2025060404020511,NGPL,80,71,500.0,380.1,190050.0,2025-06-04
2025060401020836,ULBSL,49,58,10.0,3437.0,34370.0,2025-06-04
2025060404020510,AKPL,29,44,618.0,274.3,169517.4,2025-06-04
2025060404020509,AKPL,36,44,100.0,274.4,27440.0,2025-06-04
2025060403008229,LBBL,59,42,10.0,460.0,4600.0,2025-06-04
2025060404020508,BPCL,77,41,400.0,577.0,230800.0,2025-06-04
2025060405009445,SHIVM,22,57,100.0,518.0,51800.0,2025-06-04
2025060405009444,SHIVM,16,57,50.0,518.0,25900.0,2025-06-04
2025060405009443,SHIVM,57,57,56.0,518.1,29013.6,2025-06-04
2025060405009442,SHIVM,77,57,40.0,518.2,20728.0,2025-06-04
2025060405009441,HDL,5,36,120.0,1205.0,144600.0,2025-06-04
2025060405009440,HDL,22,36,30.0,1205.1,36153.0,2025-06-04
2025060405009439,HDL,32,36,65.0,1205.1,78331.5,2025-06-04
2025060405009438,HDL,21,36,50.0,1205.1,60255.0,2025-06-04
2025060405009437,HDL,46,36,50.0,1205.1,60255.0,2025-06-04
2025060404020507,GHL,43,41,270.0,239.0,64530.0,2025-06-04
2025060404020506,GHL,7,41,304.0,239.0,72656.0,2025-06-04
2025060404020505,GHL,43,41,1946.0,239.0,465094.0,2025-06-04
2025060404020504,GHL,58,41,480.0,239.1,114768.0,2025-06-04
2025060401020835,MHL,22,16,10.0,605.0,6050.0,2025-06-04
2025060403008228,RLFL,16,50,20.0,472.1,9442.0,2025-06-04
2025060405009436,CHDC,69,32,10.0,2537.0,25370.0,2025-06-04
2025060401020834,ADBL,19,38,218.0,290.0,63220.0,2025-06-04
2025060401020833,ADBL,42,38,50.0,290.0,14500.0,2025-06-04
2025060401020832,ADBL,22,38,732.0,290.0,212280.0,2025-06-04
2025060401020831,UNLB,49,6,100.0,2075.0,207500.0,2025-06-04
2025060401020830,MBL,58,34,420.0,221.6,93072.0,2025-06-04
2025060405009435,NRIC,1,34,10.0,1248.9,12489.0,2025-06-04
2025060401020829,BHL,55,36,200.0,211.8,42360.0,2025-06-04
2025060405009434,NBF2,49,16,700.0,9.86,6902.0,2025-06-04
2025060405009433,NBF2,14,16,500.0,9.87,4935.0,2025-06-04
2025060405009432,NBF2,58,16,1000.0,9.88,9880.0,2025-06-04
2025060405009431,NRN,45,5,50.0,1995.0,99750.0,2025-06-04
2025060403008227,ILBS,40,57,40.0,854.0,34160.0,2025-06-04
2025060403008226,ILBS,48,57,30.0,855.0,25650.0,2025-06-04
2025060403008225,ILBS,14,57,10.0,855.1,8551.0,2025-06-04
2025060403008224,ILBS,29,57,10.0,855.5,8555.0,2025-06-04
2025060403008223,ILBS,42,57,10.0,855.5,8555.0,2025-06-04
2025060403008222,ILBS,28,57,12.0,855.5,10266.0,2025-06-04
2025060405009430,MEL,1,38,19.0,295.1,5606.9,2025-06-04
2025060401020828,ADBL,45,39,22.0,291.0,6402.0,2025-06-04
2025060404020503,BPCL,60,38,100.0,576.9,57690.0,2025-06-04
2025060401020827,CREST,61,57,20.0,1750.0,35000.0,2025-06-04
2025060403008221,SADBL,21,35,500.0,411.9,205950.0,2025-06-04
2025060403008220,SADBL,57,26,68.0,408.0,27744.0,2025-06-04
2025060401020826,HBL,45,1,10.0,228.9,2289.0,2025-06-04
2025060403008219,LBBL,34,42,10.0,460.0,4600.0,2025-06-04
2025060401020825,NMIC,55,45,50.0,1821.0,91050.0,2025-06-04
2025060403008218,ALICL,17,67,50.0,508.9,25445.0,2025-06-04
2025060401020824,CREST,35,57,20.0,1750.0,35000.0,2025-06-04
2025060405009429,SHIVM,13,65,10.0,518.9,5189.0,2025-06-04
2025060401020823,NBL,5,56,30.0,256.3,7689.0,2025-06-04
2025060401020822,NBL,5,49,20.0,256.0,5120.0,2025-06-04
2025060401020821,SHLB,55,36,10.0,1957.0,19570.0,2025-06-04
2025060404020502,PPCL,52,36,10.0,327.0,3270.0,2025-06-04
2025060404020501,AKPL,36,57,400.0,274.4,109760.0,2025-06-04
2025060404020500,NGPL,58,42,100.0,381.0,38100.0,2025-06-04
2025060401020820,HIDCLP,34,81,10.0,213.0,2130.0,2025-06-04
2025060404020499,OHL,36,95,60.0,886.1,53166.0,2025-06-04
2025060401020819,MKHC,45,57,410.0,414.0,169740.0,2025-06-04
2025060401020818,MKHC,45,42,90.0,414.0,37260.0,2025-06-04
2025060404020498,HDHPC,35,40,140.0,200.1,28014.0,2025-06-04
2025060404020497,HDHPC,51,40,50.0,200.2,10010.0,2025-06-04
2025060404020496,HDHPC,42,40,10.0,200.8,2008.0,2025-06-04
2025060404020495,BARUN,34,67,436.0,481.0,209716.0,2025-06-04
2025060404020494,BARUN,17,67,40.0,481.0,19240.0,2025-06-04
2025060404020493,BARUN,22,67,114.0,482.0,54948.0,2025-06-04
2025060404020492,AHPC,65,41,441.0,286.2,126214.2,2025-06-04
2025060404020491,AHPC,45,41,2200.0,286.4,630080.0,2025-06-04
2025060404020490,AHPC,50,41,323.0,286.4,92507.2,2025-06-04
2025060404020489,AHPC,35,41,500.0,286.5,143250.0,2025-06-04
2025060404020488,AHPC,91,41,336.0,286.5,96264.0,2025-06-04
2025060404020487,AHPC,7,41,2000.0,286.6,573200.0,2025-06-04
2025060403008217,SINDU,45,57,30.0,863.1,25893.0,2025-06-04
2025060401020817,NIMB,34,4,220.0,213.0,46860.0,2025-06-04
2025060401020816,PPL,8,42,30.0,474.0,14220.0,2025-06-04
2025060401020815,PPL,57,42,800.0,474.2,379360.0,2025-06-04
2025060401020814,HIDCLP,4,49,250.0,212.0,53000.0,2025-06-04
2025060404020486,NGPL,80,45,138.0,380.1,52453.8,2025-06-04
2025060404020485,NGPL,40,45,297.0,380.1,112889.7,2025-06-04
2025060404020484,NGPL,38,45,50.0,380.5,19025.0,2025-06-04
2025060404020483,NGPL,55,45,15.0,380.5,5707.5,2025-06-04
2025060401020813,DOLTI,22,42,10.0,548.0,5480.0,2025-06-04
2025060401020812,MHL,58,16,10.0,605.0,6050.0,2025-06-04
2025060404020482,UMRH,57,29,50.0,551.0,27550.0,2025-06-04
2025060405009428,RNLI,6,32,50.0,511.5,25575.0,2025-06-04
2025060405009427,NRN,29,35,200.0,1994.9,398980.0,2025-06-04
2025060401020811,CKHL,34,54,20.0,635.0,12700.0,2025-06-04
2025060405009426,SONA,26,26,155.0,455.0,70525.0,2025-06-04
2025060405009425,SONA,26,41,100.0,455.0,45500.0,2025-06-04
2025060405009424,SONA,26,38,10.0,455.0,4550.0,2025-06-04
2025060405009423,SONA,26,48,135.0,455.0,61425.0,2025-06-04
2025060404020481,BPCL,60,4,200.0,576.9,115380.0,2025-06-04
2025060401020810,RHGCL,42,52,500.0,323.1,161550.0,2025-06-04
2025060401020809,CREST,25,58,10.0,1749.0,17490.0,2025-06-04
2025060405009422,HRL,38,99,10.0,932.0,9320.0,2025-06-04
2025060405009421,HRL,45,99,200.0,932.0,186400.0,2025-06-04
2025060405009420,HRL,1,99,80.0,932.0,74560.0,2025-06-04
2025060405009419,HRL,22,99,100.0,932.1,93210.0,2025-06-04
2025060404020480,HEI,38,45,150.0,575.1,86265.0,2025-06-04
2025060403008216,BFC,6,22,29.0,477.0,13833.0,2025-06-04
2025060403008215,BFC,54,22,100.0,477.0,47700.0,2025-06-04
2025060403008214,BFC,54,22,100.0,477.0,47700.0,2025-06-04
2025060403008213,BFC,4,22,100.0,477.0,47700.0,2025-06-04
2025060403008212,BFC,42,22,11.0,477.0,5247.0,2025-06-04
2025060403008211,BFC,59,22,100.0,477.0,47700.0,2025-06-04
2025060403008210,BFC,41,22,50.0,477.0,23850.0,2025-06-04
2025060403008209,BFC,50,22,10.0,477.0,4770.0,2025-06-04
2025060405009418,NRIC,59,22,64.0,1247.0,79808.0,2025-06-04
2025060404020479,AKPL,94,52,215.0,274.5,59017.5,2025-06-04
2025060404020478,AKPL,94,6,300.0,274.4,82320.0,2025-06-04
2025060404020477,AKPL,94,52,985.0,274.4,270284.0,2025-06-04
2025060403008208,MLBBL,45,53,14.0,1440.2,20162.8,2025-06-04
2025060403008207,MLBBL,48,53,10.0,1442.0,14420.0,2025-06-04
2025060403008206,MDB,16,49,365.0,582.7,212685.5,2025-06-04
2025060403008205,MDB,45,49,120.0,582.8,69936.0,2025-06-04
2025060403008204,MDB,57,49,15.0,582.8,8742.0,2025-06-04
2025060404020476,SHPC,26,36,35.0,552.0,19320.0,2025-06-04
2025060404020475,SHPC,42,36,865.0,552.0,477480.0,2025-06-04
2025060403008203,LBBL,7,42,15.0,460.0,6900.0,2025-06-04
2025060403008202,LBBL,7,14,50.0,460.0,23000.0,2025-06-04
2025060403008201,LBBL,7,55,100.0,460.0,46000.0,2025-06-04
2025060403008200,LBBL,7,58,101.0,460.0,46460.0,2025-06-04
2025060403008199,LBBL,7,63,500.0,458.9,229450.0,2025-06-04
2025060403008198,LBBL,7,58,130.0,458.0,59540.0,2025-06-04
2025060403008197,LBBL,7,17,10.0,458.0,4580.0,2025-06-04
2025060403008196,LBBL,7,35,184.0,457.0,84088.0,2025-06-04
2025060403008195,LBBL,7,48,110.0,456.0,50160.0,2025-06-04
2025060403008194,LBBL,7,47,800.0,455.0,364000.0,2025-06-04
2025060404020474,BPCL,92,35,500.0,577.0,288500.0,2025-06-04
2025060404020473,BPCL,92,45,20.0,577.0,11540.0,2025-06-04
2025060404020472,BPCL,92,79,180.0,577.0,103860.0,2025-06-04
2025060404020471,BPCL,92,8,500.0,577.0,288500.0,2025-06-04
2025060404020470,BPCL,92,54,795.0,576.9,458635.5,2025-06-04
2025060404020469,NICL,26,4,100.0,765.0,76500.0,2025-06-04
2025060404020468,RADHI,36,56,10.0,787.4,7874.0,2025-06-04
2025060401020808,HIDCLP,35,81,10.0,213.0,2130.0,2025-06-04
2025060404020467,UPCL,45,74,113.0,439.0,49607.0,2025-06-04
2025060401020807,HIDCLP,4,43,476.0,212.0,100912.0,2025-06-04
2025060401020806,HIDCLP,33,43,300.0,212.0,63600.0,2025-06-04
2025060401020805,HIDCLP,39,43,50.0,212.0,10600.0,2025-06-04
2025060401020804,HIDCLP,17,43,174.0,212.0,36888.0,2025-06-04
2025060403008193,NFS,58,48,116.0,610.0,70760.0,2025-06-04
2025060403008192,NFS,58,48,10.0,610.0,6100.0,2025-06-04
2025060403008191,NFS,57,48,50.0,610.1,30505.0,2025-06-04
2025060403008190,NFS,19,48,50.0,611.0,30550.0,2025-06-04
2025060403008189,NFS,79,48,50.0,611.0,30550.0,2025-06-04
2025060403008188,NFS,57,48,15.0,611.0,9165.0,2025-06-04
2025060403008187,NFS,37,48,50.0,611.0,30550.0,2025-06-04
2025060403008186,NFS,20,48,100.0,612.0,61200.0,2025-06-04
2025060403008185,NFS,8,48,59.0,612.0,36108.0,2025-06-04
2025060401020803,KBL,33,22,691.0,214.0,147874.0,2025-06-04
2025060401020802,KBL,42,22,50.0,214.0,10700.0,2025-06-04
2025060401020801,KBL,49,22,229.0,214.0,49006.0,2025-06-04
2025060404020466,SHEL,22,45,80.0,266.3,21304.0,2025-06-04
2025060404020465,SHEL,39,45,50.0,266.4,13320.0,2025-06-04
2025060404020464,NGPL,99,42,275.0,381.0,104775.0,2025-06-04
2025060404020463,NGPL,99,35,10.0,381.0,3810.0,2025-06-04
2025060404020462,NGPL,99,44,25.0,381.0,9525.0,2025-06-04
2025060404020461,NGPL,99,62,500.0,381.0,190500.0,2025-06-04
2025060404020460,NGPL,99,48,190.0,381.0,72390.0,2025-06-04
2025060405009417,CLI,34,49,50.0,469.8,23490.0,2025-06-04
2025060401020800,MKCL,13,35,10.0,1525.0,15250.0,2025-06-04
2025060404020459,HPPL,6,1,100.0,485.0,48500.0,2025-06-04
2025060401020799,SBI,36,8,468.0,415.0,194220.0,2025-06-04
2025060401020798,SBI,36,22,20.0,414.8,8296.0,2025-06-04
2025060401020797,SBI,36,57,12.0,414.0,4968.0,2025-06-04
2025060404020458,SHPC,42,50,500.0,552.0,276000.0,2025-06-04
2025060403008184,CBBL,49,4,30.0,881.9,26457.0,2025-06-04
2025060405009416,MBJC,58,46,40.0,306.0,12240.0,2025-06-04
2025060404020457,RIDI,13,19,500.0,252.0,126000.0,2025-06-04
2025060404020456,RIDI,13,42,490.0,252.0,123480.0,2025-06-04
2025060404020455,RIDI,13,16,100.0,252.0,25200.0,2025-06-04
2025060404020454,RIDI,13,42,426.0,252.0,107352.0,2025-06-04
2025060404020453,SSHL,55,36,500.0,229.0,114500.0,2025-06-04
2025060405009415,CHDC,60,32,20.0,2537.0,50740.0,2025-06-04
2025060404020452,NICL,14,4,100.0,765.0,76500.0,2025-06-04
2025060405009414,CHDC,77,32,10.0,2537.0,25370.0,2025-06-04
2025060404020451,NICL,45,4,30.0,765.0,22950.0,2025-06-04
2025060403008183,NLICL,17,29,11.0,630.0,6930.0,2025-06-04
2025060404020450,AKPL,29,53,200.0,274.3,54860.0,2025-06-04
2025060405009413,HIDCL,34,34,500.0,309.9,154950.0,2025-06-04
2025060405009412,HIDCL,34,57,50.0,309.9,15495.0,2025-06-04
2025060405009411,HIDCL,34,58,210.0,309.9,65079.0,2025-06-04
2025060405009410,HIDCL,34,42,10.0,309.8,3098.0,2025-06-04
2025060405009409,HIDCL,34,45,200.0,309.8,61960.0,2025-06-04
2025060405009408,HIDCL,34,54,177.0,309.7,54816.9,2025-06-04
2025060405009407,HIDCL,34,1,390.0,309.5,120705.0,2025-06-04
2025060405009406,HIDCL,34,58,10.0,309.5,3095.0,2025-06-04
2025060405009405,HIDCL,34,34,72.0,309.5,22284.0,2025-06-04
2025060405009404,HIDCL,34,51,18.0,309.5,5571.0,2025-06-04
2025060405009403,HIDCL,34,17,980.0,309.4,303212.0,2025-06-04
2025060404020449,AKPL,3,52,15.0,274.4,4116.0,2025-06-04
2025060403008182,EDBL,52,13,100.0,580.0,58000.0,2025-06-04
2025060404020448,SHPC,42,95,30.0,552.0,16560.0,2025-06-04
2025060401020796,KBL,49,42,150.0,214.0,32100.0,2025-06-04
2025060401020795,BHL,34,36,200.0,211.8,42360.0,2025-06-04
2025060401020794,BHL,42,36,200.0,211.8,42360.0,2025-06-04
2025060401020793,BHL,16,36,45.0,211.8,9531.0,2025-06-04
2025060401020792,PPL,57,53,200.0,474.1,94820.0,2025-06-04
2025060404020447,AKPL,10,52,500.0,274.4,137200.0,2025-06-04
2025060401020791,MCHL,57,14,60.0,551.5,33090.0,2025-06-04
2025060401020790,MCHL,57,14,40.0,551.6,22064.0,2025-06-04
2025060404020446,RBCL,7,35,10.0,14612.0,146120.0,2025-06-04
2025060405009402,RNLI,1,42,8.0,511.0,4088.0,2025-06-04
2025060405009401,RNLI,1,94,11.0,511.0,5621.0,2025-06-04
2025060404020445,BARUN,22,34,86.0,482.0,41452.0,2025-06-04
2025060404020444,BARUN,4,34,14.0,482.0,6748.0,2025-06-04
2025060405009400,HIDCL,25,34,150.0,309.0,46350.0,2025-06-04
2025060401020789,RFPL,57,45,84.0,475.1,39908.4,2025-06-04
2025060401020788,RFPL,51,45,116.0,475.2,55123.2,2025-06-04
2025060401020787,ADBL,22,29,50.0,290.0,14500.0,2025-06-04
2025060403008181,JBBL,1,101,490.0,326.7,160083.0,2025-06-04
2025060403008180,JBBL,1,101,10.0,326.8,3268.0,2025-06-04
2025060404020443,SGIC,22,47,50.0,551.5,27575.0,2025-06-04
2025060401020786,CREST,34,49,120.0,1750.0,210000.0,2025-06-04
2025060403008179,CORBL,41,5,50.0,2469.0,123450.0,2025-06-04
2025060405009399,HATHY,38,39,50.0,1227.9,61395.0,2025-06-04
2025060401020785,TVCL,48,6,20.0,468.2,9364.0,2025-06-04
2025060401020784,BEDC,51,59,10.0,739.9,7399.0,2025-06-04
2025060405009398,RNLI,58,32,19.0,511.5,9718.5,2025-06-04
2025060401020783,DORDI,29,68,507.0,391.0,198237.0,2025-06-04
2025060401020782,DORDI,29,48,298.0,390.0,116220.0,2025-06-04
2025060401020781,DORDI,29,41,170.0,390.0,66300.0,2025-06-04
2025060401020780,DORDI,29,38,25.0,389.0,9725.0,2025-06-04
2025060404020442,HURJA,50,42,10.0,247.0,2470.0,2025-06-04
2025060404020441,AKPL,64,52,10.0,274.5,2745.0,2025-06-04
2025060404020440,API,25,58,1896.0,294.0,557424.0,2025-06-04
2025060404020439,API,25,42,14.0,294.0,4116.0,2025-06-04
2025060404020438,API,25,48,139.0,293.7,40824.3,2025-06-04
2025060404020437,API,25,96,13.0,293.7,3818.1,2025-06-04
2025060404020436,API,25,57,300.0,293.5,88050.0,2025-06-04
2025060404020435,API,25,38,809.0,293.5,237441.5,2025-06-04
2025060404020434,API,25,45,115.0,293.4,33741.0,2025-06-04
2025060404020433,API,25,45,500.0,293.3,146650.0,2025-06-04
2025060404020432,API,25,45,2000.0,293.0,586000.0,2025-06-04
2025060404020431,API,25,45,214.0,293.0,62702.0,2025-06-04
2025060404020430,SPDL,34,11,229.0,356.0,81524.0,2025-06-04
2025060401020779,UHEWA,57,17,250.0,558.4,139600.0,2025-06-04
2025060405009397,SAHAS,1,7,20.0,517.9,10358.0,2025-06-04
2025060404020429,UNHPL,49,42,10.0,321.0,3210.0,2025-06-04
2025060401020778,RFPL,51,32,64.0,475.2,30412.8,2025-06-04
2025060405009396,MMF1,1,59,300.0,8.7,2610.0,2025-06-04
2025060405009395,MMF1,25,59,500.0,8.7,4350.0,2025-06-04
2025060403008178,ICFC,34,42,20.0,601.0,12020.0,2025-06-04
2025060403008177,ICFC,18,42,30.0,602.9,18087.0,2025-06-04
2025060401020777,MHL,35,16,43.0,605.0,26015.0,2025-06-04
2025060404020428,AKPL,29,97,182.0,274.3,49922.6,2025-06-04
2025060404020427,AKPL,41,97,200.0,274.3,54860.0,2025-06-04
2025060404020426,AKPL,25,97,300.0,274.3,82290.0,2025-06-04
2025060404020425,AKPL,57,97,500.0,274.4,137200.0,2025-06-04
2025060404020424,AKPL,42,97,200.0,274.4,54880.0,2025-06-04
2025060404020423,AKPL,98,97,100.0,274.4,27440.0,2025-06-04
2025060404020422,AKPL,51,97,500.0,274.4,137200.0,2025-06-04
2025060404020421,AKPL,58,97,18.0,274.4,4939.2,2025-06-04
2025060404020420,UPCL,58,16,1000.0,439.9,439900.0,2025-06-04
2025060404020419,UPCL,56,16,300.0,439.9,131970.0,2025-06-04
2025060404020418,BARUN,4,42,126.0,482.0,60732.0,2025-06-04
2025060401020776,RHGCL,58,45,100.0,324.9,32490.0,2025-06-04
2025060403008176,SHINE,58,57,45.0,407.0,18315.0,2025-06-04
2025060401020775,CITY,52,44,50.0,840.0,42000.0,2025-06-04
2025060401020774,BNHC,34,45,30.0,521.9,15657.0,2025-06-04
2025060401020773,BNHC,34,74,200.0,520.0,104000.0,2025-06-04
2025060401020772,BNHC,34,4,470.0,520.0,244400.0,2025-06-04
2025060404020417,NGPL,55,58,385.0,380.5,146492.5,2025-06-04
2025060404020416,NGPL,19,58,15.0,380.6,5709.0,2025-06-04
2025060401020771,GMLI,55,58,10.0,2426.0,24260.0,2025-06-04
2025060404020415,RURU,21,52,330.0,680.0,224400.0,2025-06-04
2025060404020414,RURU,87,52,150.0,680.0,102000.0,2025-06-04
2025060404020413,RURU,49,52,20.0,680.1,13602.0,2025-06-04
2025060404020412,UMHL,45,45,265.0,514.2,136263.0,2025-06-04
2025060404020411,NIL,62,48,30.0,698.0,20940.0,2025-06-04
2025060403008175,SHINE,58,38,10.0,407.0,4070.0,2025-06-04
2025060404020410,SHPC,42,21,100.0,552.0,55200.0,2025-06-04
2025060404020409,RADHI,4,8,400.0,786.9,314760.0,2025-06-04
2025060403008174,HLBSL,25,41,120.0,936.0,112320.0,2025-06-04
2025060403008173,HLBSL,54,41,50.0,936.1,46805.0,2025-06-04
2025060403008172,HLBSL,59,41,150.0,936.2,140430.0,2025-06-04
2025060403008171,HLBSL,33,41,20.0,936.2,18724.0,2025-06-04
2025060403008170,HLBSL,34,41,20.0,936.5,18730.0,2025-06-04
2025060404020408,BARUN,4,35,200.0,482.0,96400.0,2025-06-04
2025060404020407,BARUN,4,36,160.0,481.0,76960.0,2025-06-04
2025060404020406,LEC,8,49,189.0,210.0,39690.0,2025-06-04
2025060404020405,LEC,4,49,106.0,210.0,22260.0,2025-06-04
2025060404020404,LEC,7,49,50.0,210.1,10505.0,2025-06-04
2025060404020403,LEC,53,49,10.0,210.8,2108.0,2025-06-04
2025060404020402,LEC,58,49,245.0,210.9,51670.5,2025-06-04
2025060401020770,MBL,94,34,10.0,221.6,2216.0,2025-06-04
2025060401020769,HIDCLP,17,87,110.0,212.0,23320.0,2025-06-04
2025060404020401,NHPC,50,91,1000.0,214.0,214000.0,2025-06-04
2025060404020400,NHPC,50,4,93.0,214.0,19902.0,2025-06-04
2025060401020768,BHPL,11,22,30.0,804.0,24120.0,2025-06-04
2025060401020767,BHPL,11,57,100.0,804.0,80400.0,2025-06-04
2025060401020766,BHPL,11,57,40.0,800.0,32000.0,2025-06-04
2025060401020765,BHPL,11,8,30.0,800.0,24000.0,2025-06-04
2025060405009394,HIDCL,25,55,81.0,309.0,25029.0,2025-06-04
2025060405009393,NRM,57,32,10.0,456.3,4563.0,2025-06-04
2025060404020399,SPDL,57,19,88.0,355.0,31240.0,2025-06-04
2025060404020398,SPDL,10,19,12.0,355.6,4267.2,2025-06-04
2025060404020397,AHPC,48,42,300.0,287.0,86100.0,2025-06-04
2025060404020396,NGPL,7,48,10.0,381.0,3810.0,2025-06-04
2025060404020395,GHL,58,48,100.0,239.1,23910.0,2025-06-04
2025060401020764,UHEWA,57,41,20.0,562.0,11240.0,2025-06-04
2025060404020394,AKPL,58,52,100.0,274.4,27440.0,2025-06-04
2025060404020393,GHL,22,6,10.0,240.0,2400.0,2025-06-04
2025060403008169,NLICL,34,29,135.0,630.0,85050.0,2025-06-04
2025060403008168,NLICL,34,71,865.0,630.0,544950.0,2025-06-04
2025060405009392,SAHAS,100,16,90.0,517.1,46539.0,2025-06-04
2025060401020763,BHPL,4,33,15.0,799.0,11985.0,2025-06-04
2025060403008167,GRDBL,3,82,263.0,1291.6,339690.8,2025-06-04
2025060403008166,GRDBL,55,82,10.0,1296.0,12960.0,2025-06-04
2025060403008165,GRDBL,33,82,100.0,1296.0,129600.0,2025-06-04
2025060403008164,GRDBL,57,82,500.0,1300.0,650000.0,2025-06-04
2025060403008163,GRDBL,59,82,37.0,1300.0,48100.0,2025-06-04
2025060403008162,GRDBL,55,82,100.0,1300.0,130000.0,2025-06-04
2025060403008161,GRDBL,39,82,100.0,1300.0,130000.0,2025-06-04
2025060403008160,GRDBL,3,82,10.0,1300.0,13000.0,2025-06-04
2025060403008159,GRDBL,80,82,38.0,1300.5,49419.0,2025-06-04
2025060403008158,GRDBL,80,82,10.0,1305.0,13050.0,2025-06-04
2025060403008157,GRDBL,6,82,32.0,1309.0,41888.0,2025-06-04
2025060403008156,CORBL,38,58,10.0,2460.2,24602.0,2025-06-04
2025060405009391,NRN,58,5,20.0,1995.0,39900.0,2025-06-04
2025060404020392,AKPL,34,52,270.0,274.5,74115.0,2025-06-04
2025060403008155,GILB,34,34,15.0,1275.0,19125.0,2025-06-04
2025060404020391,NLG,4,42,25.0,765.0,19125.0,2025-06-04
2025060401020762,RFPL,51,48,100.0,475.2,47520.0,2025-06-04
2025060401020761,RFPL,51,7,20.0,475.2,9504.0,2025-06-04
2025060401020760,NMIC,54,57,20.0,1823.0,36460.0,2025-06-04
2025060405009390,CLI,58,34,50.0,469.1,23455.0,2025-06-04
2025060401020759,NMIC,16,57,100.0,1822.1,182210.0,2025-06-04
2025060405009389,SMJC,4,38,10.0,501.0,5010.0,2025-06-04
2025060405009388,SMJC,4,21,10.0,499.0,4990.0,2025-06-04
2025060403008154,ALICL,4,67,20.0,508.9,10178.0,2025-06-04
2025060404020390,UPCL,39,39,1000.0,439.0,439000.0,2025-06-04
2025060401020758,MANDU,58,32,55.0,853.0,46915.0,2025-06-04
2025060405009387,CHDC,69,32,27.0,2537.0,68499.0,2025-06-04
2025060405009386,CHDC,69,32,23.0,2537.0,58351.0,2025-06-04
2025060404020389,AKPL,49,45,100.0,274.4,27440.0,2025-06-04
2025060404020388,BPCL,95,54,100.0,576.9,57690.0,2025-06-04
2025060405009385,SFEF,45,4,7000.0,9.95,69650.0,2025-06-04
2025060403008153,SWBBL,42,6,100.0,815.0,81500.0,2025-06-04
2025060404020387,GLH,14,53,152.0,246.0,37392.0,2025-06-04
2025060403008152,NLICL,58,71,20.0,630.0,12600.0,2025-06-04
2025060405009384,NIFRA,41,99,1320.0,282.3,372636.0,2025-06-04
2025060405009383,NIFRA,34,99,140.0,282.4,39536.0,2025-06-04
2025060405009382,NIFRA,26,99,984.0,282.5,277980.0,2025-06-04
2025060401020757,CREST,25,70,10.0,1749.0,17490.0,2025-06-04
2025060404020386,UPCL,35,35,145.0,440.0,63800.0,2025-06-04
2025060404020385,UPCL,35,4,855.0,440.0,376200.0,2025-06-04
2025060404020384,BPCL,19,57,20.0,576.0,11520.0,2025-06-04
2025060401020756,KBL,52,49,400.0,214.5,85800.0,2025-06-04
2025060401020755,KBL,52,53,500.0,214.4,107200.0,2025-06-04
2025060401020754,KBL,52,58,100.0,214.4,21440.0,2025-06-04
2025060405009381,HIDCL,25,48,34.0,309.0,10506.0,2025-06-04
2025060404020383,RIDI,36,42,74.0,252.0,18648.0,2025-06-04
2025060404020382,RIDI,36,94,241.0,252.0,60732.0,2025-06-04
2025060401020753,CREST,35,49,30.0,1750.0,52500.0,2025-06-04
2025060403008151,NABBC,42,5,10.0,1649.0,16490.0,2025-06-04
2025060403008150,NABBC,42,16,10.0,1649.0,16490.0,2025-06-04
2025060404020381,SPDL,70,11,11.0,356.0,3916.0,2025-06-04
2025060405009380,HRL,1,32,10.0,932.0,9320.0,2025-06-04
2025060401020752,PRVU,14,35,281.0,211.0,59291.0,2025-06-04
2025060401020751,PRVU,14,11,100.0,211.0,21100.0,2025-06-04
2025060401020750,PRVU,14,34,119.0,211.0,25109.0,2025-06-04
2025060405009379,NIFRA,26,49,16.0,282.5,4520.0,2025-06-04
2025060405009378,NIFRA,49,49,947.0,282.5,267527.5,2025-06-04
2025060404020380,LEC,42,55,45.0,211.0,9495.0,2025-06-04
2025060404020379,LEC,42,35,55.0,211.0,11605.0,2025-06-04
2025060403008149,GUFL,75,53,430.0,544.0,233920.0,2025-06-04
2025060403008148,GUFL,75,94,300.0,543.9,163170.0,2025-06-04
2025060403008147,GUFL,75,25,70.0,543.0,38010.0,2025-06-04
2025060401020749,NABIL,36,35,100.0,491.5,49150.0,2025-06-04
2025060401020748,SGHC,39,49,190.0,420.0,79800.0,2025-06-04
2025060401020747,SGHC,39,58,10.0,420.0,4200.0,2025-06-04
2025060401020746,SGHC,39,58,10.0,420.0,4200.0,2025-06-04
2025060401020745,SGHC,39,41,10.0,419.0,4190.0,2025-06-04
2025060401020744,SGHC,39,45,300.0,419.0,125700.0,2025-06-04
2025060401020743,SGHC,39,57,150.0,418.0,62700.0,2025-06-04
2025060401020742,SGHC,39,55,500.0,418.0,209000.0,2025-06-04
2025060401020741,SGHC,39,41,10.0,418.0,4180.0,2025-06-04
2025060401020740,SGHC,39,49,500.0,418.0,209000.0,2025-06-04
2025060401020739,SGHC,39,49,410.0,417.0,170970.0,2025-06-04
2025060401020738,SGHC,39,49,500.0,416.0,208000.0,2025-06-04
2025060401020737,SGHC,39,49,410.0,415.0,170150.0,2025-06-04
2025060403008146,MERO,54,22,10.0,722.0,7220.0,2025-06-04
2025060401020736,SARBTM,59,51,49.0,839.0,41111.0,2025-06-04
2025060401020735,SARBTM,4,51,596.0,839.0,500044.0,2025-06-04
2025060401020734,SARBTM,58,51,25.0,840.0,21000.0,2025-06-04
2025060401020733,SARBTM,47,51,130.0,840.1,109213.0,2025-06-04
2025060401020732,SARBTM,47,42,100.0,840.1,84010.0,2025-06-04
2025060401020731,USHL,1,13,10.0,617.9,6179.0,2025-06-04
2025060401020730,RFPL,49,7,90.0,475.2,42768.0,2025-06-04
2025060404020378,CHL,59,64,490.0,278.1,136269.0,2025-06-04
2025060404020377,CHL,25,64,360.0,278.1,100116.0,2025-06-04
2025060401020729,HBL,17,85,1000.0,226.0,226000.0,2025-06-04
2025060404020376,RADHI,19,8,600.0,787.0,472200.0,2025-06-04
2025060404020375,AKPL,39,52,200.0,274.5,54900.0,2025-06-04
2025060401020728,OMPL,26,58,10.0,1994.7,19947.0,2025-06-04
2025060404020374,SHEL,22,49,1000.0,266.3,266300.0,2025-06-04
2025060401020727,GMLI,55,45,10.0,2426.0,24260.0,2025-06-04
2025060403008145,RLFL,84,50,25.0,472.1,11802.5,2025-06-04
2025060403008144,RLFL,41,50,48.0,472.5,22680.0,2025-06-04
2025060403008143,RLFL,53,50,90.0,472.5,42525.0,2025-06-04
2025060405009377,RNLI,51,32,500.0,511.5,255750.0,2025-06-04
2025060401020726,USHEC,34,38,10.0,433.0,4330.0,2025-06-04
2025060403008142,PFL,32,34,150.0,406.0,60900.0,2025-06-04
2025060403008141,MLBL,45,77,479.0,385.0,184415.0,2025-06-04
2025060403008140,MLBL,57,77,100.0,385.0,38500.0,2025-06-04
2025060403008139,MLBL,49,77,426.0,385.0,164010.0,2025-06-04
2025060404020373,NHPC,45,4,350.0,214.0,74900.0,2025-06-04
2025060401020725,KBL,49,59,1621.0,214.0,346894.0,2025-06-04
2025060401020724,KBL,42,59,329.0,214.0,70406.0,2025-06-04
2025060401020723,KBL,45,59,50.0,214.3,10715.0,2025-06-04
2025060404020372,AKPL,58,52,428.0,274.5,117486.0,2025-06-04
2025060401020722,MNMF1,58,42,100.0,9.2,920.0,2025-06-04
2025060405009376,NTC,45,34,25.0,861.0,21525.0,2025-06-04
2025060401020721,NMIC,48,57,10.0,1823.0,18230.0,2025-06-04
2025060405009375,CLI,32,49,135.0,469.8,63423.0,2025-06-04
2025060405009374,CLI,32,48,24.0,469.8,11275.2,2025-06-04
2025060405009373,CLI,32,39,41.0,469.5,19249.5,2025-06-04
2025060405009372,ENL,58,39,10.0,1119.9,11199.0,2025-06-04
2025060403008138,ICFC,18,35,160.0,602.9,96464.0,2025-06-04
2025060405009371,NRM,57,38,10.0,456.2,4562.0,2025-06-04
2025060401020720,OMPL,49,56,10.0,1994.7,19947.0,2025-06-04
2025060404020371,BPCL,36,54,100.0,576.9,57690.0,2025-06-04
2025060401020719,JBLB,38,60,20.0,1297.0,25940.0,2025-06-04
2025060404020370,RADHI,71,56,692.0,787.4,544880.8,2025-06-04
2025060404020369,RADHI,71,45,750.0,787.0,590250.0,2025-06-04
2025060404020368,RADHI,71,41,18.0,787.0,14166.0,2025-06-04
2025060404020367,RADHI,71,25,40.0,786.9,31476.0,2025-06-04
2025060404020366,SHPC,60,45,10.0,552.2,5522.0,2025-06-04
2025060404020365,UPCL,21,4,145.0,440.0,63800.0,2025-06-04
2025060404020364,UPCL,21,26,195.0,440.0,85800.0,2025-06-04
2025060401020718,ULBSL,22,40,16.0,3380.0,54080.0,2025-06-04
2025060403008137,NMLBBL,80,1,10.0,651.9,6519.0,2025-06-04
2025060403008136,MSLB,38,57,10.0,1218.5,12185.0,2025-06-04
2025060404020363,API,19,45,786.0,293.0,230298.0,2025-06-04
2025060404020362,API,19,38,14.0,293.0,4102.0,2025-06-04
2025060404020361,API,19,19,200.0,293.0,58600.0,2025-06-04
2025060401020717,LSL,45,26,234.0,218.7,51175.8,2025-06-04
2025060404020360,AHPC,91,91,164.0,286.5,46986.0,2025-06-04
2025060404020359,AHPC,34,91,400.0,286.5,114600.0,2025-06-04
2025060404020358,AHPC,22,91,10.0,286.5,2865.0,2025-06-04
2025060404020357,AHPC,49,91,699.0,286.6,200333.4,2025-06-04
2025060404020356,AHPC,34,91,27.0,287.0,7749.0,2025-06-04
2025060405009370,HIDCL,25,34,74.0,309.0,22866.0,2025-06-04
2025060403008135,MSLB,16,34,10.0,1206.2,12062.0,2025-06-04
2025060401020716,MKHC,68,6,429.0,406.6,174431.4,2025-06-04
2025060401020715,MKHC,62,6,100.0,406.7,40670.0,2025-06-04
2025060401020714,MKHC,48,6,45.0,407.0,18315.0,2025-06-04
2025060401020713,MKHC,28,6,16.0,408.0,6528.0,2025-06-04
2025060401020712,MKHC,54,6,10.0,410.1,4101.0,2025-06-04
2025060401020711,MKHC,33,6,70.0,410.2,28714.0,2025-06-04
2025060401020710,MKHC,17,6,30.0,412.2,12366.0,2025-06-04
2025060401020709,MKHC,11,6,50.0,412.9,20645.0,2025-06-04
2025060404020355,SHPC,42,48,92.0,552.0,50784.0,2025-06-04
2025060404020354,SHPC,42,1,200.0,552.0,110400.0,2025-06-04
2025060404020353,SHPC,42,6,185.0,552.0,102120.0,2025-06-04
2025060404020352,SHPC,42,81,628.0,551.9,346593.2,2025-06-04
2025060404020351,OHL,36,77,395.0,886.1,350009.5,2025-06-04
2025060404020350,OHL,32,77,100.0,886.1,88610.0,2025-06-04
2025060404020349,OHL,25,77,10.0,886.2,8862.0,2025-06-04
2025060404020348,OHL,45,77,20.0,886.2,17724.0,2025-06-04
2025060401020708,CITY,56,53,70.0,840.0,58800.0,2025-06-04
2025060401020707,CITY,56,42,10.0,840.0,8400.0,2025-06-04
2025060404020347,UPPER,21,38,116.0,199.9,23188.4,2025-06-04
2025060404020346,UPPER,21,38,100.0,199.8,19980.0,2025-06-04
2025060404020345,BPCL,1,54,1005.0,576.9,579784.5,2025-06-04
2025060404020344,UMRH,57,22,100.0,551.0,55100.0,2025-06-04
2025060405009369,HATHY,38,39,86.0,1227.9,105599.4,2025-06-04
2025060405009368,HATHY,38,32,24.0,1227.0,29448.0,2025-06-04
2025060401020706,CREST,25,57,18.0,1749.0,31482.0,2025-06-04
2025060403008134,MNBBL,49,36,33.0,363.9,12008.7,2025-06-04
2025060403008133,NLICL,3,71,77.0,630.0,48510.0,2025-06-04
2025060401020705,PRVU,29,34,52.0,211.0,10972.0,2025-06-04
2025060401020704,PRVU,29,29,448.0,210.8,94438.4,2025-06-04
2025060404020343,CHL,41,54,10.0,278.5,2785.0,2025-06-04
2025060405009367,CHDC,77,32,27.0,2537.0,68499.0,2025-06-04
2025060405009366,CHDC,77,35,12.0,2535.0,30420.0,2025-06-04
2025060405009365,CHDC,77,4,61.0,2535.0,154635.0,2025-06-04
2025060405009364,RNLI,51,47,200.0,511.5,102300.0,2025-06-04
2025060405009363,HIDCL,25,95,1000.0,309.0,309000.0,2025-06-04
2025060404020342,SHPC,18,19,200.0,551.5,110300.0,2025-06-04
2025060404020341,SHPC,69,19,500.0,551.6,275800.0,2025-06-04
2025060403008132,SINDU,88,39,21.0,863.1,18125.1,2025-06-04
2025060403008131,SINDU,45,39,10.0,864.0,8640.0,2025-06-04
2025060403008130,SINDU,38,39,10.0,864.0,8640.0,2025-06-04
2025060403008129,SINDU,56,39,50.0,865.0,43250.0,2025-06-04
2025060403008128,SINDU,13,39,10.0,865.0,8650.0,2025-06-04
2025060403008127,SINDU,43,39,100.0,865.0,86500.0,2025-06-04
2025060403008126,SINDU,35,39,19.0,865.0,16435.0,2025-06-04
2025060403008125,SINDU,63,39,280.0,865.1,242228.0,2025-06-04
2025060404020340,NGPL,45,48,200.0,381.0,76200.0,2025-06-04
2025060404020339,SPDL,10,54,88.0,355.6,31292.8,2025-06-04
2025060404020338,KPCL,41,62,500.0,517.0,258500.0,2025-06-04
2025060404020337,AHPC,34,92,23.0,287.0,6601.0,2025-06-04
2025060404020336,AHPC,86,92,177.0,287.0,50799.0,2025-06-04
2025060401020703,NICA,54,42,100.0,355.0,35500.0,2025-06-04
2025060404020335,UNHPL,45,45,200.0,319.0,63800.0,2025-06-04
2025060404020334,UNHPL,45,45,55.0,319.0,17545.0,2025-06-04
2025060404020333,BPCL,19,45,80.0,576.0,46080.0,2025-06-04
2025060405009362,ILI,42,42,38.0,450.1,17103.8,2025-06-04
2025060403008124,RSDC,35,40,50.0,663.0,33150.0,2025-06-04
2025060405009361,NIFRA,49,45,53.0,282.5,14972.5,2025-06-04
2025060405009360,NIFRA,51,45,41.0,282.5,11582.5,2025-06-04
2025060404020332,NGPL,55,18,100.0,380.5,38050.0,2025-06-04
2025060404020331,RIDI,49,94,30.0,252.0,7560.0,2025-06-04
2025060404020330,RIDI,42,94,229.0,252.0,57708.0,2025-06-04
2025060404020329,RIDI,42,53,60.0,252.0,15120.0,2025-06-04
2025060404020328,RIDI,42,6,241.0,252.0,60732.0,2025-06-04
2025060401020702,SRLI,35,43,10.0,405.0,4050.0,2025-06-04
2025060403008123,GRDBL,45,28,50.0,1310.0,65500.0,2025-06-04
2025060403008122,GRDBL,45,57,100.0,1310.0,131000.0,2025-06-04
2025060403008121,CBBL,49,25,50.0,881.9,44095.0,2025-06-04
2025060401020701,HIDCLP,17,80,1450.0,212.0,307400.0,2025-06-04
2025060401020700,HIDCLP,17,80,2000.0,212.1,424200.0,2025-06-04
2025060401020699,HIDCLP,78,80,50.0,212.1,10605.0,2025-06-04
2025060401020698,HIDCLP,42,80,1000.0,212.3,212300.0,2025-06-04
2025060404020327,BPCL,8,26,587.0,575.0,337525.0,2025-06-04
2025060404020326,BPCL,37,26,100.0,575.0,57500.0,2025-06-04
2025060404020325,BPCL,47,26,90.0,575.0,51750.0,2025-06-04
2025060404020324,BPCL,58,26,10.0,575.0,5750.0,2025-06-04
2025060404020323,BPCL,8,26,500.0,575.2,287600.0,2025-06-04
2025060404020322,BPCL,80,26,1415.0,575.3,814049.5,2025-06-04
2025060401020697,NYADI,33,68,60.0,432.0,25920.0,2025-06-04
2025060404020321,RADHI,56,53,500.0,786.1,393050.0,2025-06-04
2025060404020320,RIDI,57,6,440.0,252.0,110880.0,2025-06-04
2025060401020696,PCBL,43,49,38.0,238.9,9078.2,2025-06-04
2025060401020695,PCBL,46,49,100.0,239.0,23900.0,2025-06-04
2025060401020694,PCBL,64,49,312.0,239.0,74568.0,2025-06-04
2025060404020319,NGPL,36,48,150.0,381.0,57150.0,2025-06-04
2025060404020318,AKJCL,38,50,451.0,204.2,92094.2,2025-06-04
2025060404020317,AKJCL,8,50,500.0,204.3,102150.0,2025-06-04
2025060404020316,AKJCL,26,50,200.0,204.4,40880.0,2025-06-04
2025060404020315,AKJCL,58,50,30.0,204.4,6132.0,2025-06-04
2025060404020314,AKJCL,38,50,40.0,204.5,8180.0,2025-06-04
2025060404020313,AKJCL,49,50,790.0,204.6,161634.0,2025-06-04
2025060404020312,AKJCL,55,50,101.0,204.8,20684.8,2025-06-04
2025060404020311,AKJCL,28,50,188.0,204.8,38502.4,2025-06-04
2025060404020310,NHPC,42,34,50.0,213.8,10690.0,2025-06-04
2025060401020693,BNHC,34,4,30.0,520.0,15600.0,2025-06-04
2025060401020692,BNHC,34,33,200.0,520.0,104000.0,2025-06-04
2025060401020691,BNHC,34,51,10.0,520.0,5200.0,2025-06-04
2025060401020690,BNHC,34,54,100.0,520.0,52000.0,2025-06-04
2025060401020689,BNHC,34,7,40.0,520.0,20800.0,2025-06-04
2025060401020688,BNHC,34,4,200.0,519.9,103980.0,2025-06-04
2025060401020687,BNHC,34,74,100.0,519.9,51990.0,2025-06-04
2025060401020686,BNHC,34,4,50.0,519.8,25990.0,2025-06-04
2025060401020685,BNHC,34,4,50.0,518.9,25945.0,2025-06-04
2025060401020684,BNHC,34,4,20.0,518.0,10360.0,2025-06-04
2025060403008120,GRDBL,11,39,30.0,1309.0,39270.0,2025-06-04
2025060404020309,LEC,59,35,25.0,211.0,5275.0,2025-06-04
2025060401020683,NIMB,1,4,300.0,213.0,63900.0,2025-06-04
2025060405009359,CHDC,33,53,40.0,2526.0,101040.0,2025-06-04
2025060401020682,NICA,50,42,450.0,354.7,159615.0,2025-06-04
2025060401020681,NICA,26,42,50.0,354.8,17740.0,2025-06-04
2025060403008119,MATRI,56,34,50.0,1187.6,59380.0,2025-06-04
2025060405009358,CHDC,69,4,39.0,2535.0,98865.0,2025-06-04
2025060405009357,CHDC,69,74,61.0,2528.0,154208.0,2025-06-04
2025060403008118,GRDBL,80,72,370.0,1305.0,482850.0,2025-06-04
2025060403008117,GRDBL,57,72,500.0,1306.0,653000.0,2025-06-04
2025060403008116,GRDBL,52,72,10.0,1307.0,13070.0,2025-06-04
2025060405009356,NRIC,59,11,105.0,1247.0,130935.0,2025-06-04
2025060401020680,AVYAN,43,26,30.0,1016.0,30480.0,2025-06-04
2025060404020308,AKPL,42,52,100.0,274.5,27450.0,2025-06-04
2025060404020307,AKPL,42,49,900.0,274.4,246960.0,2025-06-04
2025060404020306,RIDI,78,6,200.0,252.0,50400.0,2025-06-04
2025060404020305,NHPC,58,4,141.0,214.0,30174.0,2025-06-04
2025060403008115,JFL,11,32,10.0,465.0,4650.0,2025-06-04
2025060404020304,BPCL,80,83,50.0,575.3,28765.0,2025-06-04
2025060404020303,JOSHI,21,5,152.0,386.1,58687.2,2025-06-04
2025060404020302,JOSHI,45,5,57.0,386.2,22013.4,2025-06-04
2025060404020301,JOSHI,34,5,53.0,386.2,20468.6,2025-06-04
2025060403008114,FMDBL,4,5,100.0,732.9,73290.0,2025-06-04
2025060404020300,BPCL,80,25,520.0,575.3,299156.0,2025-06-04
2025060405009355,HDL,46,50,20.0,1205.1,24102.0,2025-06-04
2025060404020299,AKPL,25,43,400.0,274.3,109720.0,2025-06-04
2025060404020298,AKPL,58,43,100.0,274.3,27430.0,2025-06-04
2025060401020679,NICA,58,42,20.0,355.0,7100.0,2025-06-04
2025060404020297,SHEL,21,48,50.0,266.5,13325.0,2025-06-04
2025060404020296,AHPC,86,57,193.0,287.0,55391.0,2025-06-04
2025060403008113,JFL,37,32,13.0,465.0,6045.0,2025-06-04
2025060403008112,JFL,35,32,10.0,465.0,4650.0,2025-06-04
2025060404020295,UMHL,10,58,500.0,514.8,257400.0,2025-06-04
2025060404020294,SHL,32,58,100.0,566.0,56600.0,2025-06-04
2025060401020678,CKHL,38,56,10.0,632.0,6320.0,2025-06-04
2025060404020293,UPPER,6,38,100.0,199.8,19980.0,2025-06-04
2025060404020292,NHDL,55,28,160.0,679.9,108784.0,2025-06-04
2025060405009354,NRIC,45,11,20.0,1247.0,24940.0,2025-06-04
2025060401020677,CREST,21,49,70.0,1750.0,122500.0,2025-06-04
2025060401020676,CREST,21,41,20.0,1750.0,35000.0,2025-06-04
2025060401020675,CREST,21,56,10.0,1749.0,17490.0,2025-06-04
2025060404020291,BPCL,80,41,15.0,575.3,8629.5,2025-06-04
2025060405009353,SAHAS,100,57,170.0,517.1,87907.0,2025-06-04
2025060404020290,SHPC,5,50,70.0,551.2,38584.0,2025-06-04
2025060404020289,SHPC,36,50,100.0,551.2,55120.0,2025-06-04
2025060404020288,SHPC,26,50,60.0,551.2,33072.0,2025-06-04
2025060404020287,SHPC,49,50,350.0,551.2,192920.0,2025-06-04
2025060404020286,SHPC,42,50,220.0,551.3,121286.0,2025-06-04
2025060404020285,AKPL,32,49,100.0,274.4,27440.0,2025-06-04
2025060401020674,SANIMA,45,6,170.0,315.0,53550.0,2025-06-04
2025060401020673,SANIMA,62,6,80.0,315.0,25200.0,2025-06-04
2025060404020284,NGPL,57,48,1800.0,381.0,685800.0,2025-06-04
2025060405009352,CIT,18,19,10.0,1908.0,19080.0,2025-06-04
2025060405009351,CIT,18,3,10.0,1908.0,19080.0,2025-06-04
2025060405009350,CIT,18,47,83.0,1908.0,158364.0,2025-06-04
2025060404020283,HURJA,70,35,600.0,246.1,147660.0,2025-06-04
2025060403008111,BFC,66,45,214.0,477.5,102185.0,2025-06-04
2025060403008110,GLBSL,7,55,10.0,2400.0,24000.0,2025-06-04
2025060403008109,LICN,25,45,12.0,913.9,10966.8,2025-06-04
2025060404020282,AKPL,41,52,108.0,274.5,29646.0,2025-06-04
2025060404020281,AKPL,41,42,250.0,274.4,68600.0,2025-06-04
2025060404020280,AKPL,41,54,238.0,274.4,65307.2,2025-06-04
2025060403008108,MLBL,49,28,250.0,385.0,96250.0,2025-06-04
2025060405009349,NIFRA,51,40,50.0,282.5,14125.0,2025-06-04
2025060403008107,ICFC,43,35,90.0,602.9,54261.0,2025-06-04
2025060403008106,ICFC,43,4,10.0,602.0,6020.0,2025-06-04
2025060405009348,ILI,21,38,42.0,450.8,18933.6,2025-06-04
2025060404020279,BPCL,56,45,452.0,576.0,260352.0,2025-06-04
2025060405009347,NTC,40,36,10.0,860.0,8600.0,2025-06-04
2025060405009346,NTC,34,36,100.0,860.1,86010.0,2025-06-04
2025060404020278,NGPL,56,48,500.0,381.0,190500.0,2025-06-04
2025060405009345,NRIC,3,51,10.0,1246.5,12465.0,2025-06-04
2025060405009344,NRIC,58,51,10.0,1246.6,12466.0,2025-06-04
2025060404020277,AKPL,96,54,762.0,274.4,209092.8,2025-06-04
2025060403008105,JBBL,6,49,193.0,328.0,63304.0,2025-06-04
2025060403008104,VLBS,34,4,10.0,815.0,8150.0,2025-06-04
2025060401020672,MKHC,65,42,10.0,414.0,4140.0,2025-06-04
2025060403008103,SINDU,63,48,100.0,865.1,86510.0,2025-06-04
2025060404020276,AKJCL,28,50,12.0,204.8,2457.6,2025-06-04
2025060404020275,AKJCL,41,50,438.0,204.8,89702.4,2025-06-04
2025060401020671,MNMF1,90,42,100.0,9.2,920.0,2025-06-04
2025060405009343,MBJC,49,8,200.0,306.1,61220.0,2025-06-04
2025060403008102,ICFC,36,35,50.0,602.9,30145.0,2025-06-04
2025060401020670,OMPL,49,14,10.0,1994.7,19947.0,2025-06-04
2025060403008101,VLBS,53,4,10.0,815.0,8150.0,2025-06-04
2025060404020274,SHL,48,13,450.0,565.0,254250.0,2025-06-04
2025060404020273,GHL,58,52,420.0,239.1,100422.0,2025-06-04
2025060404020272,GHL,44,52,249.0,239.1,59535.9,2025-06-04
2025060403008100,SINDU,63,7,90.0,865.1,77859.0,2025-06-04
2025060403008099,SINDU,77,7,100.0,867.0,86700.0,2025-06-04
2025060401020669,GBIME,70,42,165.0,239.0,39435.0,2025-06-04
2025060401020668,GBIME,58,42,20.0,239.0,4780.0,2025-06-04
2025060401020667,GBIME,42,42,265.0,239.0,63335.0,2025-06-04
2025060404020271,AHPC,86,42,130.0,287.0,37310.0,2025-06-04
2025060405009342,ENL,56,39,10.0,1117.0,11170.0,2025-06-04
2025060404020270,RIDI,41,58,83.0,251.2,20849.6,2025-06-04
2025060401020666,TAMOR,16,44,113.0,489.2,55279.6,2025-06-04
2025060401020665,TAMOR,34,44,87.0,490.0,42630.0,2025-06-04
2025060401020664,LSL,32,26,48.0,218.7,10497.6,2025-06-04
2025060405009341,HIDCL,25,42,2000.0,309.0,618000.0,2025-06-04
2025060404020269,NHPC,42,53,217.0,213.8,46394.6,2025-06-04
2025060404020268,NHPC,58,53,100.0,213.9,21390.0,2025-06-04
2025060404020267,BARUN,57,22,100.0,480.0,48000.0,2025-06-04
2025060404020266,SHEL,22,48,2940.0,266.3,782922.0,2025-06-04
2025060404020265,SHEL,48,48,560.0,266.4,149184.0,2025-06-04
2025060404020264,GLH,51,26,1000.0,245.1,245100.0,2025-06-04
2025060403008098,ALICL,41,67,100.0,508.9,50890.0,2025-06-04
2025060403008097,MLBL,49,28,250.0,385.0,96250.0,2025-06-04
2025060401020663,PCBL,64,39,65.0,239.0,15535.0,2025-06-04
2025060401020662,PCBL,4,39,135.0,239.0,32265.0,2025-06-04
2025060401020661,HBL,17,49,990.0,225.9,223641.0,2025-06-04
2025060404020263,UPCL,21,26,140.0,440.0,61600.0,2025-06-04
2025060404020262,UPCL,21,39,200.0,439.9,87980.0,2025-06-04
2025060405009340,NRN,49,6,480.0,1994.0,957120.0,2025-06-04
2025060405009339,NRN,18,6,50.0,1995.0,99750.0,2025-06-04
2025060405009338,NRN,42,6,170.0,1995.0,339150.0,2025-06-04
2025060401020660,MKJC,58,32,225.0,492.0,110700.0,2025-06-04
2025060401020659,MKJC,58,58,650.0,491.5,319475.0,2025-06-04
2025060401020658,RFPL,57,22,10.0,475.1,4751.0,2025-06-04
2025060401020657,RFPL,17,22,90.0,475.1,42759.0,2025-06-04
2025060404020261,BARUN,57,58,40.0,480.0,19200.0,2025-06-04
2025060404020260,RHPL,58,3,25.0,374.0,9350.0,2025-06-04
2025060404020259,RHPL,19,3,393.0,374.0,146982.0,2025-06-04
2025060403008096,SADBL,21,35,500.0,411.9,205950.0,2025-06-04
2025060403008095,NMLBBL,80,36,200.0,651.8,130360.0,2025-06-04
2025060403008094,NMLBBL,80,35,108.0,651.8,70394.4,2025-06-04
2025060403008093,NMLBBL,80,29,28.0,650.0,18200.0,2025-06-04
2025060404020258,MHNL,3,57,68.0,258.9,17605.2,2025-06-04
2025060404020257,UMHL,45,45,35.0,514.0,17990.0,2025-06-04
2025060404020256,HDHPC,51,57,150.0,200.2,30030.0,2025-06-04
2025060404020255,HDHPC,38,57,100.0,200.2,20020.0,2025-06-04
2025060404020254,HDHPC,17,57,100.0,200.2,20020.0,2025-06-04
2025060404020253,HDHPC,43,57,300.0,200.3,60090.0,2025-06-04
2025060404020252,HDHPC,33,57,1000.0,200.5,200500.0,2025-06-04
2025060404020251,HDHPC,33,57,1000.0,200.5,200500.0,2025-06-04
2025060404020250,HDHPC,65,57,200.0,200.5,40100.0,2025-06-04
2025060404020249,HDHPC,39,57,100.0,200.6,20060.0,2025-06-04
2025060404020248,SHPC,42,44,30.0,551.3,16539.0,2025-06-04
2025060404020247,UPPER,59,38,55.0,199.8,10989.0,2025-06-04
2025060404020246,UPPER,21,38,195.0,199.8,38961.0,2025-06-04
2025060401020656,GVL,13,32,100.0,435.7,43570.0,2025-06-04
2025060401020655,NBL,41,49,10.0,256.0,2560.0,2025-06-04
2025060405009337,HRL,1,32,10.0,932.0,9320.0,2025-06-04
2025060405009336,HRL,1,65,200.0,932.0,186400.0,2025-06-04
2025060405009335,HIDCL,25,34,1500.0,309.0,463500.0,2025-06-04
2025060405009334,NIFRA,47,99,1056.0,283.0,298848.0,2025-06-04
2025060405009333,NIFRA,47,55,44.0,283.0,12452.0,2025-06-04
2025060403008092,SKBBL,7,81,30.0,795.1,23853.0,2025-06-04
2025060404020245,SHPC,86,6,300.0,552.0,165600.0,2025-06-04
2025060403008091,SINDU,63,59,30.0,865.1,25953.0,2025-06-04
2025060403008090,SINDU,45,59,50.0,867.0,43350.0,2025-06-04
2025060403008089,SINDU,47,59,20.0,867.0,17340.0,2025-06-04
2025060405009332,SMATA,34,39,103.0,768.0,79104.0,2025-06-04
2025060405009331,CHDC,77,100,10.0,2535.0,25350.0,2025-06-04
2025060405009330,CHDC,77,19,30.0,2534.9,76047.0,2025-06-04
2025060403008088,ALICL,46,67,500.0,508.9,254450.0,2025-06-04
2025060404020244,RADHI,69,41,10.0,787.0,7870.0,2025-06-04
2025060403008087,PMLI,94,17,42.0,502.0,21084.0,2025-06-04
2025060404020243,AHPC,49,19,301.0,286.6,86266.6,2025-06-04
2025060404020242,AHPC,6,19,280.0,286.6,80248.0,2025-06-04
2025060404020241,AHPC,40,19,69.0,287.0,19803.0,2025-06-04
2025060401020654,KBSH,53,25,41.0,1880.1,77084.1,2025-06-04
2025060403008086,SHINE,97,51,865.0,407.1,352141.5,2025-06-04
2025060404020240,MEN,34,74,10.0,574.9,5749.0,2025-06-04
2025060404020239,MEN,34,42,10.0,573.3,5733.0,2025-06-04
2025060403008085,GFCL,53,57,50.0,627.5,31375.0,2025-06-04
2025060401020653,DOLTI,44,42,15.0,540.0,8100.0,2025-06-04
2025060401020652,AVYAN,43,49,10.0,1016.0,10160.0,2025-06-04
2025060404020238,AKPL,96,95,1000.0,274.4,274400.0,2025-06-04
2025060405009329,NRM,42,38,40.0,456.3,18252.0,2025-06-04
2025060404020237,GLH,48,53,50.0,246.0,12300.0,2025-06-04
2025060404020236,AHPC,40,48,281.0,287.0,80647.0,2025-06-04
2025060401020651,CITY,48,26,100.0,838.2,83820.0,2025-06-04
2025060405009328,NIFRA,39,7,3.0,278.2,834.6,2025-06-04
2025060405009327,HATHY,17,5,22.0,1226.1,26974.2,2025-06-04
2025060405009326,HATHY,34,5,78.0,1227.8,95768.4,2025-06-04
2025060404020235,BARUN,57,85,202.0,480.0,96960.0,2025-06-04
2025060404020234,SPDL,57,45,400.0,355.0,142000.0,2025-06-04
2025060401020650,TSHL,25,34,10.0,698.0,6980.0,2025-06-04
2025060403008084,MDB,57,49,185.0,582.8,107818.0,2025-06-04
2025060403008083,MDB,49,49,100.0,582.9,58290.0,2025-06-04
2025060403008082,MDB,58,49,45.0,582.9,26230.5,2025-06-04
2025060403008081,MDB,35,49,20.0,583.0,11660.0,2025-06-04
2025060403008080,MDB,21,49,20.0,583.0,11660.0,2025-06-04
2025060403008079,MDB,7,49,10.0,583.0,5830.0,2025-06-04
2025060403008078,MDB,34,49,100.0,583.1,58310.0,2025-06-04
2025060403008077,MDB,41,49,200.0,584.0,116800.0,2025-06-04
2025060403008076,MDB,45,49,120.0,584.1,70092.0,2025-06-04
2025060405009325,NRM,58,38,50.0,456.4,22820.0,2025-06-04
2025060405009324,CLI,58,59,13.0,469.1,6098.3,2025-06-04
2025060404020233,NGPL,40,58,203.0,380.1,77160.3,2025-06-04
2025060404020232,NGPL,49,58,152.0,380.1,57775.2,2025-06-04
2025060401020649,SANIMA,62,29,20.0,315.0,6300.0,2025-06-04
2025060405009323,HRL,13,57,35.0,930.7,32574.5,2025-06-04
2025060405009322,HRL,42,57,440.0,931.0,409640.0,2025-06-04
2025060404020231,SSHL,19,36,250.0,229.0,57250.0,2025-06-04
2025060403008075,SINDU,58,36,80.0,868.0,69440.0,2025-06-04
2025060403008074,WNLB,44,39,15.0,2098.0,31470.0,2025-06-04
2025060403008073,SFCL,45,22,10.0,473.2,4732.0,2025-06-04
2025060403008072,SFCL,35,22,15.0,473.2,7098.0,2025-06-04
2025060404020230,AKPL,43,52,50.0,274.5,13725.0,2025-06-04
2025060404020229,AKPL,43,49,50.0,274.5,13725.0,2025-06-04
2025060403008071,SKBBL,45,81,13.0,795.1,10336.3,2025-06-04
2025060405009321,MBJC,77,8,90.0,306.1,27549.0,2025-06-04
2025060404020228,RADHI,65,41,10.0,787.0,7870.0,2025-06-04
2025060404020227,CHCL,45,8,81.0,484.0,39204.0,2025-06-04
2025060404020226,CHCL,34,8,369.0,484.0,178596.0,2025-06-04
2025060403008070,MLBL,49,13,74.0,385.0,28490.0,2025-06-04
2025060403008069,HLBSL,45,3,20.0,939.9,18798.0,2025-06-04
2025060404020225,HPPL,91,82,40.0,484.2,19368.0,2025-06-04
2025060404020224,HPPL,92,82,500.0,484.2,242100.0,2025-06-04
2025060404020223,HPPL,8,82,10.0,485.0,4850.0,2025-06-04
2025060405009320,NRN,58,56,200.0,1997.9,399580.0,2025-06-04
2025060403008068,SKBBL,49,81,10.0,795.1,7951.0,2025-06-04
2025060404020222,AKPL,96,43,238.0,274.4,65307.2,2025-06-04
2025060401020648,DORDI,48,38,25.0,389.0,9725.0,2025-06-04
2025060401020647,DORDI,48,57,25.0,386.0,9650.0,2025-06-04
2025060403008067,NLICL,47,71,100.0,630.0,63000.0,2025-06-04
2025060403008066,MPFL,48,14,160.0,582.0,93120.0,2025-06-04
2025060403008065,MPFL,58,14,25.0,583.0,14575.0,2025-06-04
2025060403008064,MPFL,35,14,15.0,583.0,8745.0,2025-06-04
2025060401020646,BNHC,34,4,480.0,518.0,248640.0,2025-06-04
2025060401020645,BNHC,34,42,10.0,518.0,5180.0,2025-06-04
2025060401020644,BNHC,34,51,310.0,518.0,160580.0,2025-06-04
2025060401020643,TVCL,74,25,47.0,472.9,22226.3,2025-06-04
2025060401020642,TVCL,74,55,20.0,472.0,9440.0,2025-06-04
2025060401020641,TVCL,74,62,100.0,472.0,47200.0,2025-06-04
2025060401020640,TVCL,74,55,20.0,472.0,9440.0,2025-06-04
2025060401020639,TVCL,74,19,50.0,471.9,23595.0,2025-06-04
2025060401020638,TVCL,74,25,20.0,471.9,9438.0,2025-06-04
2025060401020637,TVCL,74,47,10.0,471.9,4719.0,2025-06-04
2025060401020636,TVCL,74,38,30.0,470.0,14100.0,2025-06-04
2025060401020635,TVCL,74,58,20.0,470.0,9400.0,2025-06-04
2025060401020634,TVCL,74,96,23.0,470.0,10810.0,2025-06-04
2025060401020633,TVCL,74,47,10.0,469.9,4699.0,2025-06-04
2025060401020632,TVCL,74,55,20.0,469.0,9380.0,2025-06-04
2025060401020631,TVCL,74,45,30.0,469.0,14070.0,2025-06-04
2025060404020221,OHL,55,48,10.0,886.2,8862.0,2025-06-04
2025060404020220,OHL,38,48,20.0,886.9,17738.0,2025-06-04
2025060404020219,OHL,48,48,10.0,887.0,8870.0,2025-06-04
2025060404020218,UNHPL,32,94,139.0,318.2,44229.8,2025-06-04
2025060404020217,UNHPL,49,94,500.0,318.2,159100.0,2025-06-04
2025060404020216,UNHPL,54,94,300.0,318.3,95490.0,2025-06-04
2025060404020215,UNHPL,1,94,50.0,318.3,15915.0,2025-06-04
2025060404020214,UNHPL,44,94,1010.0,318.5,321685.0,2025-06-04
2025060401020630,NBL,49,10,102.0,255.3,26040.6,2025-06-04
2025060401020629,AVYAN,43,47,20.0,1016.0,20320.0,2025-06-04
2025060403008063,MLBBL,17,36,50.0,1443.1,72155.0,2025-06-04
2025060403008062,MLBBL,34,36,12.0,1445.0,17340.0,2025-06-04
2025060403008061,MLBBL,26,36,30.0,1445.0,43350.0,2025-06-04
2025060403008060,MLBBL,43,36,30.0,1445.1,43353.0,2025-06-04
2025060403008059,MLBBL,46,36,10.0,1445.1,14451.0,2025-06-04
2025060403008058,MLBBL,33,36,100.0,1445.3,144530.0,2025-06-04
2025060405009319,NRN,42,91,100.0,1995.0,199500.0,2025-06-04
2025060405009318,NRN,16,91,300.0,1996.0,598800.0,2025-06-04
2025060404020213,NICL,45,4,25.0,765.0,19125.0,2025-06-04
2025060404020212,BARUN,38,85,20.0,480.0,9600.0,2025-06-04
2025060405009317,GCIL,34,34,400.0,493.2,197280.0,2025-06-04
2025060403008057,PMLI,94,16,24.0,502.0,12048.0,2025-06-04
2025060403008056,NLICL,53,71,182.0,630.0,114660.0,2025-06-04
2025060404020211,BARUN,95,85,18.0,480.0,8640.0,2025-06-04
2025060404020210,BARUN,95,42,100.0,480.0,48000.0,2025-06-04
2025060404020209,BARUN,95,17,143.0,480.0,68640.0,2025-06-04
2025060404020208,BARUN,95,48,232.0,480.0,111360.0,2025-06-04
2025060404020207,BARUN,95,14,350.0,479.5,167825.0,2025-06-04
2025060403008055,SMFBS,42,26,150.0,1720.0,258000.0,2025-06-04
2025060404020206,NGPL,49,45,1055.0,380.1,401005.5,2025-06-04
2025060404020205,NGPL,33,45,500.0,380.2,190100.0,2025-06-04
2025060404020204,NGPL,36,45,300.0,380.2,114060.0,2025-06-04
2025060404020203,NGPL,29,45,30.0,380.2,11406.0,2025-06-04
2025060404020202,NGPL,58,45,500.0,380.2,190100.0,2025-06-04
2025060404020201,NGPL,54,45,30.0,380.3,11409.0,2025-06-04
2025060404020200,NGPL,45,45,205.0,380.3,77961.5,2025-06-04
2025060404020199,NGPL,54,45,30.0,380.4,11412.0,2025-06-04
2025060404020198,NGPL,18,45,1000.0,380.4,380400.0,2025-06-04
2025060404020197,NGPL,57,45,130.0,380.5,49465.0,2025-06-04
2025060404020196,NGPL,45,45,100.0,380.5,38050.0,2025-06-04
2025060404020195,NGPL,59,45,120.0,380.5,45660.0,2025-06-04
2025060401020628,NMIC,14,57,150.0,1823.0,273450.0,2025-06-04
2025060403008054,RLFL,53,42,110.0,472.5,51975.0,2025-06-04
2025060405009316,NRM,74,38,35.0,456.2,15967.0,2025-06-04
2025060401020627,NABIL,17,42,200.0,492.0,98400.0,2025-06-04
2025060404020194,NGPL,36,48,150.0,381.0,57150.0,2025-06-04
2025060404020193,NGPL,36,60,150.0,381.0,57150.0,2025-06-04
2025060404020192,NLG,88,42,311.0,765.0,237915.0,2025-06-04
2025060404020191,NLG,88,34,50.0,764.9,38245.0,2025-06-04
2025060404020190,NLG,88,53,139.0,763.1,106070.9,2025-06-04
2025060404020189,UMHL,86,45,470.0,514.0,241580.0,2025-06-04
2025060403008053,LLBS,47,58,72.0,1047.0,75384.0,2025-06-04
2025060403008052,LLBS,22,58,28.0,1047.0,29316.0,2025-06-04
2025060401020626,HIDCLP,78,26,1350.0,212.1,286335.0,2025-06-04
2025060401020625,HIDCLP,64,26,1000.0,212.2,212200.0,2025-06-04
2025060401020624,HIDCLP,65,26,900.0,212.2,190980.0,2025-06-04
2025060401020623,HIDCLP,21,26,1650.0,212.3,350295.0,2025-06-04
2025060404020188,RIDI,72,48,100.0,251.2,25120.0,2025-06-04
2025060404020187,RIDI,6,48,400.0,251.2,100480.0,2025-06-04
2025060404020186,BARUN,50,14,50.0,479.5,23975.0,2025-06-04
2025060404020185,SHL,49,11,100.0,565.0,56500.0,2025-06-04
2025060404020184,SHL,91,11,390.0,565.0,220350.0,2025-06-04
2025060405009315,SAGF,59,4,100.0,10.04,1004.0,2025-06-04
2025060405009314,SAGF,59,41,100.0,10.04,1004.0,2025-06-04
2025060401020622,PRVU,44,29,1140.0,210.8,240312.0,2025-06-04
2025060401020621,PRVU,44,57,1000.0,210.7,210700.0,2025-06-04
2025060404020183,NICL,45,4,500.0,765.0,382500.0,2025-06-04
2025060401020620,NYADI,22,68,200.0,432.3,86460.0,2025-06-04
2025060404020182,AKPL,6,43,162.0,274.4,44452.8,2025-06-04
2025060403008051,SADBL,21,35,1000.0,411.9,411900.0,2025-06-04
2025060404020181,NIL,57,48,50.0,698.1,34905.0,2025-06-04
2025060405009313,SMATA,42,38,10.0,768.0,7680.0,2025-06-04
2025060403008050,NUBL,1,43,30.0,688.0,20640.0,2025-06-04
2025060404020180,BARUN,53,60,358.0,479.0,171482.0,2025-06-04
2025060404020179,BARUN,48,60,250.0,479.0,119750.0,2025-06-04
2025060404020178,BARUN,48,60,500.0,479.0,239500.0,2025-06-04
2025060404020177,BARUN,38,60,50.0,479.0,23950.0,2025-06-04
2025060404020176,BARUN,44,60,100.0,479.0,47900.0,2025-06-04
2025060404020175,BARUN,4,60,200.0,479.0,95800.0,2025-06-04
2025060404020174,BARUN,47,60,100.0,479.0,47900.0,2025-06-04
2025060404020173,BARUN,52,60,100.0,479.0,47900.0,2025-06-04
2025060404020172,BARUN,8,60,10.0,479.0,4790.0,2025-06-04
2025060404020171,BARUN,13,60,150.0,479.0,71850.0,2025-06-04
2025060404020170,BARUN,52,60,200.0,479.0,95800.0,2025-06-04
2025060404020169,BARUN,18,60,200.0,479.0,95800.0,2025-06-04
2025060404020168,BARUN,32,60,30.0,479.0,14370.0,2025-06-04
2025060404020167,BARUN,14,60,47.0,479.0,22513.0,2025-06-04
2025060404020166,BARUN,45,60,100.0,479.1,47910.0,2025-06-04
2025060404020165,BARUN,50,60,395.0,479.5,189402.5,2025-06-04
2025060404020164,AKPL,6,6,338.0,274.4,92747.2,2025-06-04
2025060404020163,AKPL,96,6,662.0,274.4,181652.8,2025-06-04
2025060401020619,BHL,14,39,50.0,212.0,10600.0,2025-06-04
2025060401020618,SBI,42,8,380.0,415.0,157700.0,2025-06-04
2025060401020617,SBI,42,35,50.0,415.0,20750.0,2025-06-04
2025060401020616,SBI,42,75,200.0,415.0,83000.0,2025-06-04
2025060401020615,SBI,42,22,50.0,414.9,20745.0,2025-06-04
2025060401020614,SBI,42,43,200.0,414.9,82980.0,2025-06-04
2025060401020613,SBI,42,36,10.0,414.9,4149.0,2025-06-04
2025060401020612,SBI,42,68,500.0,414.7,207350.0,2025-06-04
2025060401020611,SBI,42,22,10.0,414.7,4147.0,2025-06-04
2025060401020610,SBI,42,45,100.0,414.0,41400.0,2025-06-04
2025060404020162,SHPC,55,6,15.0,552.0,8280.0,2025-06-04
2025060404020161,SHPC,55,43,485.0,551.5,267477.5,2025-06-04
2025060404020160,BARUN,38,48,500.0,480.0,240000.0,2025-06-04
2025060405009312,CHDC,34,39,50.0,2525.0,126250.0,2025-06-04
2025060405009311,SAHAS,100,8,200.0,517.1,103420.0,2025-06-04
2025060401020609,SGHC,74,7,185.0,413.0,76405.0,2025-06-04
2025060401020608,SGHC,14,7,65.0,413.0,26845.0,2025-06-04
2025060403008049,GUFL,4,25,10.0,543.0,5430.0,2025-06-04
2025060404020159,UPCL,84,91,805.0,438.6,353073.0,2025-06-04
2025060404020158,UPCL,34,91,195.0,438.7,85546.5,2025-06-04
2025060401020607,PPL,35,53,200.0,474.1,94820.0,2025-06-04
2025060403008048,SADBL,62,35,200.0,411.9,82380.0,2025-06-04
2025060405009310,SONA,26,3,100.0,454.0,45400.0,2025-06-04
2025060403008047,NMFBS,42,49,57.0,1220.0,69540.0,2025-06-04
2025060405009309,SAHAS,41,57,80.0,518.0,41440.0,2025-06-04
2025060403008046,SHINE,97,47,100.0,407.1,40710.0,2025-06-04
2025060403008045,NLIC,81,14,17.0,756.0,12852.0,2025-06-04
2025060403008044,MPFL,35,55,10.0,583.0,5830.0,2025-06-04
2025060403008043,MLBBL,3,53,20.0,1450.0,29000.0,2025-06-04
2025060405009308,NRIC,45,34,225.0,1246.1,280372.5,2025-06-04
2025060405009307,NRIC,42,34,20.0,1246.2,24924.0,2025-06-04
2025060405009306,NRIC,16,34,247.0,1246.5,307885.5,2025-06-04
2025060404020157,SHEL,19,48,200.0,266.5,53300.0,2025-06-04
2025060401020606,GBIME,42,32,150.0,239.0,35850.0,2025-06-04
2025060404020156,SHPC,34,43,200.0,551.5,110300.0,2025-06-04
2025060401020605,SGHC,14,97,10.0,413.0,4130.0,2025-06-04
2025060401020604,EHPL,58,8,23.0,546.0,12558.0,2025-06-04
2025060401020603,NMIC,49,57,46.0,1824.0,83904.0,2025-06-04
2025060404020155,RADHI,48,41,100.0,787.0,78700.0,2025-06-04
2025060404020154,RADHI,48,6,150.0,787.0,118050.0,2025-06-04
2025060404020153,RADHI,48,6,100.0,787.0,78700.0,2025-06-04
2025060404020152,RADHI,48,42,150.0,787.0,118050.0,2025-06-04
2025060401020602,NMIC,49,58,10.0,1824.0,18240.0,2025-06-04
2025060403008042,MSLB,8,36,40.0,1206.5,48260.0,2025-06-04
2025060403008041,MSLB,14,36,180.0,1206.6,217188.0,2025-06-04
2025060403008040,MSLB,32,36,20.0,1207.0,24140.0,2025-06-04
2025060403008039,MSLB,59,36,20.0,1208.0,24160.0,2025-06-04
2025060403008038,MSLB,54,36,40.0,1210.0,48400.0,2025-06-04
2025060404020151,API,41,19,10.0,293.0,2930.0,2025-06-04
2025060405009305,NRM,74,32,180.0,456.2,82116.0,2025-06-04
2025060401020601,MEHL,58,6,10.0,428.0,4280.0,2025-06-04
2025060404020150,BARUN,50,45,105.0,479.5,50347.5,2025-06-04
2025060404020149,NHPC,42,4,20.0,214.0,4280.0,2025-06-04
2025060404020148,PRIN,14,59,50.0,841.1,42055.0,2025-06-04
2025060401020600,NMIC,49,44,20.0,1824.0,36480.0,2025-06-04
2025060404020147,SHPC,11,43,315.0,551.5,173722.5,2025-06-04
2025060404020146,SHPC,11,50,185.0,551.5,102027.5,2025-06-04
2025060403008037,NLICL,43,71,30.0,630.0,18900.0,2025-06-04
2025060404020145,SHL,91,51,100.0,565.0,56500.0,2025-06-04
2025060404020144,BPCL,97,45,468.0,576.0,269568.0,2025-06-04
2025060404020143,BPCL,97,39,32.0,576.0,18432.0,2025-06-04
2025060401020599,NIMB,74,4,500.0,213.0,106500.0,2025-06-04
2025060401020598,GBIME,42,58,20.0,239.0,4780.0,2025-06-04
2025060401020597,KBL,42,38,300.0,214.0,64200.0,2025-06-04
2025060401020596,KBL,42,21,10.0,214.0,2140.0,2025-06-04
2025060401020595,KBL,42,57,440.0,214.0,94160.0,2025-06-04
2025060401020594,KBL,42,80,20.0,214.0,4280.0,2025-06-04
2025060401020593,KBL,42,42,175.0,214.0,37450.0,2025-06-04
2025060401020592,KBL,42,46,226.0,214.0,48364.0,2025-06-04
2025060405009304,NRIC,16,61,53.0,1246.5,66064.5,2025-06-04
2025060404020142,SPDL,57,41,500.0,355.0,177500.0,2025-06-04
2025060403008036,NMFBS,53,49,10.0,1220.0,12200.0,2025-06-04
2025060403008035,SLBBL,58,39,10.0,887.6,8876.0,2025-06-04
2025060401020591,DLBS,58,43,10.0,1440.9,14409.0,2025-06-04
2025060404020141,SHEL,25,48,244.0,266.5,65026.0,2025-06-04
2025060404020140,SHEL,35,48,232.0,266.5,61828.0,2025-06-04
2025060404020139,SHEL,45,48,26.0,266.5,6929.0,2025-06-04
2025060404020138,SHEL,55,48,200.0,266.6,53320.0,2025-06-04
2025060401020590,CKHL,1,74,20.0,625.7,12514.0,2025-06-04
2025060404020137,BARUN,45,48,60.0,480.0,28800.0,2025-06-04
2025060405009303,MEL,53,41,200.0,295.0,59000.0,2025-06-04
2025060403008034,SIFC,48,57,86.0,488.0,41968.0,2025-06-04
2025060403008033,SIFC,48,63,14.0,487.0,6818.0,2025-06-04
2025060403008032,ICFC,42,34,200.0,600.6,120120.0,2025-06-04
2025060403008031,ICFC,48,34,70.0,600.6,42042.0,2025-06-04
2025060403008030,SIFC,5,63,80.0,487.0,38960.0,2025-06-04
2025060405009302,HRL,42,41,10.0,931.0,9310.0,2025-06-04
2025060405009301,HRL,42,49,10.0,931.0,9310.0,2025-06-04
2025060405009300,HRL,42,47,40.0,931.0,37240.0,2025-06-04
2025060401020589,NMIC,49,58,100.0,1824.0,182400.0,2025-06-04
2025060403008029,NLICL,41,71,10.0,630.0,6300.0,2025-06-04
2025060404020136,SHL,55,58,240.0,566.0,135840.0,2025-06-04
2025060401020588,SANIMA,52,29,100.0,315.0,31500.0,2025-06-04
2025060404020135,AKPL,1,49,100.0,274.8,27480.0,2025-06-04
2025060404020134,RADHI,85,42,1000.0,787.0,787000.0,2025-06-04
2025060403008028,GFCL,52,34,43.0,628.0,27004.0,2025-06-04
2025060404020133,UMRH,4,57,80.0,555.0,44400.0,2025-06-04
2025060404020132,RADHI,77,42,1000.0,787.0,787000.0,2025-06-04
2025060404020131,AKPL,48,49,210.0,274.8,57708.0,2025-06-04
2025060404020130,AKPL,48,45,70.0,274.8,19236.0,2025-06-04
2025060401020587,RHGCL,60,33,50.0,325.0,16250.0,2025-06-04
2025060404020129,AKPL,48,57,20.0,274.5,5490.0,2025-06-04
2025060405009299,NIFRA,51,6,409.0,282.5,115542.5,2025-06-04
2025060401020586,SANIMA,94,29,380.0,315.0,119700.0,2025-06-04
2025060405009298,CHDC,69,19,10.0,2534.9,25349.0,2025-06-04
2025060404020128,BARUN,42,48,25.0,480.0,12000.0,2025-06-04
2025060403008027,NICLBSL,13,40,40.0,615.5,24620.0,2025-06-04
2025060403008026,NICLBSL,34,40,70.0,615.5,43085.0,2025-06-04
2025060403008025,NICLBSL,44,40,140.0,616.0,86240.0,2025-06-04
2025060405009297,NRN,69,56,30.0,1997.9,59937.0,2025-06-04
2025060403008024,SMPDA,58,50,49.0,938.0,45962.0,2025-06-04
2025060403008023,SMPDA,38,50,100.0,938.0,93800.0,2025-06-04
2025060403008022,SMPDA,49,50,19.0,938.0,17822.0,2025-06-04
2025060403008021,SMPDA,19,50,10.0,938.1,9381.0,2025-06-04
2025060403008020,SMPDA,42,50,12.0,939.0,11268.0,2025-06-04
2025060403008019,SJLIC,39,22,100.0,431.1,43110.0,2025-06-04
2025060401020585,MCHL,57,57,227.0,551.5,125190.5,2025-06-04
2025060401020584,MCHL,57,57,100.0,551.6,55160.0,2025-06-04
2025060404020127,BARUN,1,48,300.0,480.0,144000.0,2025-06-04
2025060401020583,SMHL,56,85,100.0,940.0,94000.0,2025-06-04
2025060401020582,DOLTI,22,38,10.0,549.0,5490.0,2025-06-04
2025060401020581,NYADI,41,68,50.0,433.0,21650.0,2025-06-04
2025060404020126,RIDI,36,6,410.0,252.0,103320.0,2025-06-04
2025060403008018,NLICL,53,71,500.0,630.0,315000.0,2025-06-04
2025060401020580,NIBLSTF,53,10,4900.0,8.45,41405.0,2025-06-04
2025060404020125,UPCL,56,26,200.0,440.0,88000.0,2025-06-04
2025060401020579,NMIC,49,43,10.0,1824.0,18240.0,2025-06-04
2025060404020124,CHL,7,16,260.0,278.5,72410.0,2025-06-04
2025060404020123,RADHI,44,59,42.0,786.0,33012.0,2025-06-04
2025060401020578,NMIC,49,3,10.0,1824.0,18240.0,2025-06-04
2025060404020122,SHL,47,58,300.0,566.0,169800.0,2025-06-04
2025060404020121,SHL,47,42,100.0,566.0,56600.0,2025-06-04
2025060404020120,AHPC,6,63,720.0,286.6,206352.0,2025-06-04
2025060404020119,PPCL,51,48,100.0,325.1,32510.0,2025-06-04
2025060404020118,LEC,4,8,394.0,210.0,82740.0,2025-06-04
2025060404020117,LEC,38,8,20.0,210.0,4200.0,2025-06-04
2025060404020116,LEC,11,8,30.0,210.0,6300.0,2025-06-04
2025060404020115,LEC,11,8,50.0,210.0,10500.0,2025-06-04
2025060404020114,LEC,54,8,50.0,210.1,10505.0,2025-06-04
2025060404020113,LEC,57,8,155.0,210.1,32565.5,2025-06-04
2025060404020112,LEC,13,8,1000.0,210.1,210100.0,2025-06-04
2025060404020111,LEC,32,8,50.0,210.1,10505.0,2025-06-04
2025060404020110,LEC,48,8,101.0,210.1,21220.1,2025-06-04
2025060404020109,LEC,42,8,50.0,210.1,10505.0,2025-06-04
2025060404020108,LEC,38,8,300.0,210.2,63060.0,2025-06-04
2025060404020107,LEC,56,8,65.0,210.3,13669.5,2025-06-04
2025060404020106,LEC,48,8,11.0,210.3,2313.3,2025-06-04
2025060404020105,LEC,22,8,450.0,210.3,94635.0,2025-06-04
2025060404020104,LEC,48,8,101.0,210.4,21250.4,2025-06-04
2025060404020103,LEC,7,8,260.0,210.4,54704.0,2025-06-04
2025060404020102,LEC,57,8,40.0,210.5,8420.0,2025-06-04
2025060404020101,LEC,22,8,10.0,210.5,2105.0,2025-06-04
2025060404020100,LEC,41,8,50.0,210.5,10525.0,2025-06-04
2025060404020099,LEC,59,8,100.0,210.5,21050.0,2025-06-04
2025060404020098,LEC,17,8,50.0,210.5,10525.0,2025-06-04
2025060404020097,LEC,48,8,101.0,210.5,21260.5,2025-06-04
2025060404020096,LEC,45,8,50.0,210.6,10530.0,2025-06-04
2025060404020095,LEC,1,8,200.0,210.6,42120.0,2025-06-04
2025060404020094,LEC,62,8,100.0,210.7,21070.0,2025-06-04
2025060404020093,LEC,21,8,170.0,210.7,35819.0,2025-06-04
2025060404020092,LEC,26,8,862.0,210.7,181623.4,2025-06-04
2025060404020091,LEC,16,8,400.0,210.8,84320.0,2025-06-04
2025060404020090,LEC,4,8,1000.0,210.8,210800.0,2025-06-04
2025060404020089,LEC,6,8,50.0,210.8,10540.0,2025-06-04
2025060404020088,LEC,86,8,500.0,211.0,105500.0,2025-06-04
2025060404020087,LEC,42,8,940.0,211.0,198340.0,2025-06-04
2025060404020086,LEC,26,8,320.0,211.0,67520.0,2025-06-04
2025060401020577,GBIME,42,62,400.0,239.0,95600.0,2025-06-04
2025060404020085,RADHI,41,42,1000.0,787.0,787000.0,2025-06-04
2025060404020084,PMHPL,57,26,140.0,283.5,39690.0,2025-06-04
2025060404020083,PMHPL,42,26,10.0,284.0,2840.0,2025-06-04
2025060405009296,SHIVM,52,80,120.0,517.8,62136.0,2025-06-04
2025060405009295,SHIVM,22,80,100.0,518.0,51800.0,2025-06-04
2025060405009294,SHIVM,22,80,100.0,518.0,51800.0,2025-06-04
2025060405009293,SHIVM,21,80,19.0,518.0,9842.0,2025-06-04
2025060405009292,SHIVM,36,80,20.0,518.0,10360.0,2025-06-04
2025060405009291,SHIVM,42,80,600.0,518.0,310800.0,2025-06-04
2025060405009290,SHIVM,38,80,50.0,518.0,25900.0,2025-06-04
2025060405009289,SHIVM,17,80,200.0,518.0,103600.0,2025-06-04
2025060405009288,SHIVM,1,80,150.0,518.0,77700.0,2025-06-04
2025060405009287,SHIVM,47,80,100.0,518.0,51800.0,2025-06-04
2025060405009286,SHIVM,53,80,541.0,518.1,280292.1,2025-06-04
2025060405009285,SHIVM,35,80,500.0,518.4,259200.0,2025-06-04
2025060404020082,AKPL,42,45,430.0,274.8,118164.0,2025-06-04
2025060404020081,AKPL,42,44,150.0,274.8,41220.0,2025-06-04
2025060404020080,AKPL,42,17,50.0,274.7,13735.0,2025-06-04
2025060404020079,AKPL,42,45,190.0,274.6,52174.0,2025-06-04
2025060404020078,AKPL,42,57,180.0,274.5,49410.0,2025-06-04
2025060405009284,NRM,45,38,20.0,456.4,9128.0,2025-06-04
2025060404020077,BARUN,32,48,10.0,480.0,4800.0,2025-06-04
2025060404020076,HEI,25,53,70.0,576.0,40320.0,2025-06-04
2025060404020075,GLH,51,52,12.0,245.1,2941.2,2025-06-04
2025060404020074,GLH,45,52,50.0,245.2,12260.0,2025-06-04
2025060404020073,GLH,43,52,50.0,245.3,12265.0,2025-06-04
2025060403008017,CFCL,43,49,20.0,514.1,10282.0,2025-06-04
2025060403008016,CFCL,45,49,200.0,514.3,102860.0,2025-06-04
2025060403008015,CFCL,41,49,20.0,514.3,10286.0,2025-06-04
2025060404020072,BPCL,56,42,148.0,575.1,85114.8,2025-06-04
2025060403008014,VLBS,13,6,65.0,806.9,52448.5,2025-06-04
2025060401020576,NICA,47,42,100.0,355.0,35500.0,2025-06-04
2025060405009283,GCIL,22,38,10.0,495.0,4950.0,2025-06-04
2025060401020575,GMLI,55,46,10.0,2426.0,24260.0,2025-06-04
2025060401020574,HIDCLP,21,35,850.0,212.3,180455.0,2025-06-04
2025060401020573,HIDCLP,43,35,350.0,212.3,74305.0,2025-06-04
2025060401020572,HIDCLP,49,35,300.0,212.4,63720.0,2025-06-04
2025060401020571,HIDCLP,41,35,500.0,213.0,106500.0,2025-06-04
2025060404020071,SPDL,70,54,12.0,355.6,4267.2,2025-06-04
2025060404020070,NGPL,92,60,945.0,381.0,360045.0,2025-06-04
2025060404020069,KPCL,18,67,10.0,517.9,5179.0,2025-06-04
2025060401020570,BNHC,34,51,190.0,518.0,98420.0,2025-06-04
2025060401020569,BNHC,34,7,35.0,517.9,18126.5,2025-06-04
2025060401020568,BNHC,34,17,100.0,516.8,51680.0,2025-06-04
2025060401020567,BNHC,34,42,10.0,516.0,5160.0,2025-06-04
2025060401020566,BNHC,34,58,20.0,516.0,10320.0,2025-06-04
2025060401020565,BNHC,34,36,10.0,516.0,5160.0,2025-06-04
2025060401020564,BNHC,34,34,100.0,514.0,51400.0,2025-06-04
2025060401020563,BNHC,34,50,10.0,514.0,5140.0,2025-06-04
2025060401020562,BNHC,34,4,50.0,513.8,25690.0,2025-06-04
2025060401020561,BNHC,34,34,100.0,513.8,51380.0,2025-06-04
2025060401020560,BNHC,34,34,100.0,513.4,51340.0,2025-06-04
2025060401020559,BNHC,34,65,90.0,513.3,46197.0,2025-06-04
2025060401020558,BNHC,34,34,100.0,513.2,51320.0,2025-06-04
2025060401020557,BNHC,34,49,290.0,512.7,148683.0,2025-06-04
2025060401020556,BNHC,34,53,150.0,512.0,76800.0,2025-06-04
2025060401020555,BNHC,34,34,50.0,512.0,25600.0,2025-06-04
2025060401020554,BNHC,34,56,40.0,512.0,20480.0,2025-06-04
2025060401020553,BNHC,34,50,55.0,512.0,28160.0,2025-06-04
2025060405009282,SONA,45,41,135.0,453.5,61222.5,2025-06-04
2025060405009281,SONA,5,41,65.0,453.5,29477.5,2025-06-04
2025060404020068,SPDL,57,34,500.0,355.0,177500.0,2025-06-04
2025060404020067,SPDL,56,34,500.0,355.2,177600.0,2025-06-04
2025060403008013,NMBMF,14,49,50.0,706.0,35300.0,2025-06-04
2025060403008012,NMBMF,14,45,50.0,705.0,35250.0,2025-06-04
2025060404020066,BARUN,6,48,20.0,480.0,9600.0,2025-06-04
2025060405009280,CHDC,77,19,60.0,2534.9,152094.0,2025-06-04
2025060405009279,CHDC,77,62,40.0,2534.0,101360.0,2025-06-04
2025060401020552,GSY,34,4,8700.0,9.31,80997.0,2025-06-04
2025060401020551,MANDU,58,57,10.0,853.0,8530.0,2025-06-04
2025060401020550,SARBTM,4,37,200.0,839.0,167800.0,2025-06-04
2025060404020065,UPCL,34,26,10.0,440.0,4400.0,2025-06-04
2025060404020064,SPIL,64,13,53.0,829.0,43937.0,2025-06-04
2025060401020549,KBL,49,46,1500.0,214.0,321000.0,2025-06-04
2025060401020548,KBL,49,47,500.0,213.9,106950.0,2025-06-04
2025060401020547,CITY,63,44,300.0,840.0,252000.0,2025-06-04
2025060403008011,SAPDBL,42,91,19.0,986.1,18735.9,2025-06-04
2025060403008010,SAPDBL,65,91,45.0,986.2,44379.0,2025-06-04
2025060403008009,SAPDBL,42,91,33.0,986.3,32547.9,2025-06-04
2025060405009278,GCIL,34,42,100.0,493.2,49320.0,2025-06-04
2025060404020063,UNHPL,1,45,20.0,319.0,6380.0,2025-06-04
2025060404020062,UPPER,21,45,65.0,199.8,12987.0,2025-06-04
2025060404020061,BARUN,38,48,520.0,480.0,249600.0,2025-06-04
2025060404020060,GHL,44,57,51.0,239.1,12194.1,2025-06-04
2025060404020059,GHL,62,57,100.0,239.2,23920.0,2025-06-04
2025060404020058,GHL,21,57,55.0,240.0,13200.0,2025-06-04
2025060404020057,GHL,43,57,80.0,240.0,19200.0,2025-06-04
2025060401020546,BHPL,43,34,100.0,789.0,78900.0,2025-06-04
2025060403008008,GFCL,52,45,157.0,628.0,98596.0,2025-06-04
2025060403008007,GFCL,33,45,14.0,628.0,8792.0,2025-06-04
2025060404020056,CHCL,65,6,35.0,485.9,17006.5,2025-06-04
2025060403008006,CFCL,19,42,35.0,515.0,18025.0,2025-06-04
2025060404020055,LEC,26,58,445.0,211.0,93895.0,2025-06-04
2025060404020054,LEC,55,58,50.0,211.5,10575.0,2025-06-04
2025060404020053,BARUN,47,48,25.0,480.0,12000.0,2025-06-04
2025060401020545,HIDCLP,42,10,10.0,213.8,2138.0,2025-06-04
2025060404020052,BPCL,39,39,30.0,576.0,17280.0,2025-06-04
2025060404020051,UPPER,3,94,250.0,199.7,49925.0,2025-06-04
2025060405009277,CHDC,77,29,1000.0,2526.0,2526000.0,2025-06-04
2025060401020544,NIMB,17,57,217.0,212.5,46112.5,2025-06-04
2025060401020543,BEDC,8,19,10.0,734.0,7340.0,2025-06-04
2025060404020050,HURJA,8,42,181.0,247.0,44707.0,2025-06-04
2025060404020049,HURJA,8,14,250.0,247.0,61750.0,2025-06-04
2025060404020048,HURJA,8,42,1500.0,246.5,369750.0,2025-06-04
2025060404020047,HURJA,8,49,69.0,246.4,17001.6,2025-06-04
2025060404020046,UPCL,34,35,90.0,438.7,39483.0,2025-06-04
2025060404020045,UPCL,26,35,50.0,439.0,21950.0,2025-06-04
2025060404020044,UPCL,11,35,230.0,439.0,100970.0,2025-06-04
2025060404020043,UPCL,58,35,400.0,439.0,175600.0,2025-06-04
2025060404020042,UPCL,39,35,230.0,439.0,100970.0,2025-06-04
2025060401020542,NICA,58,42,100.0,355.0,35500.0,2025-06-04
2025060401020541,UNLB,91,26,10.0,2060.0,20600.0,2025-06-04
2025060401020540,GBIME,42,14,265.0,239.0,63335.0,2025-06-04
2025060401020539,NYADI,41,58,10.0,438.9,4389.0,2025-06-04
2025060401020538,JBLB,42,60,90.0,1297.0,116730.0,2025-06-04
2025060404020041,CHCL,65,6,250.0,485.9,121475.0,2025-06-04
2025060404020040,NGPL,29,60,1500.0,381.0,571500.0,2025-06-04
2025060404020039,AKPL,96,38,400.0,274.4,109760.0,2025-06-04
2025060405009276,HIDCL,25,45,10.0,309.0,3090.0,2025-06-04
2025060401020537,HBL,36,49,10.0,225.9,2259.0,2025-06-04
2025060401020536,JBLB,47,60,38.0,1297.0,49286.0,2025-06-04
2025060401020535,JBLB,22,60,20.0,1297.0,25940.0,2025-06-04
2025060401020534,JBLB,38,60,100.0,1297.1,129710.0,2025-06-04
2025060401020533,JBLB,42,60,10.0,1297.5,12975.0,2025-06-04
2025060401020532,JBLB,41,60,72.0,1298.0,93456.0,2025-06-04
2025060401020531,JBLB,51,60,14.0,1298.0,18172.0,2025-06-04
2025060401020530,JBLB,49,60,10.0,1298.0,12980.0,2025-06-04
2025060405009275,NRN,28,35,200.0,1998.0,399600.0,2025-06-04
2025060405009274,HDL,46,48,30.0,1205.1,36153.0,2025-06-04
2025060403008005,JBBL,6,32,807.0,328.0,264696.0,2025-06-04
2025060404020038,NGPL,81,60,200.0,381.0,76200.0,2025-06-04
2025060404020037,BARUN,14,89,153.0,479.0,73287.0,2025-06-04
2025060404020036,BARUN,4,89,10.0,479.0,4790.0,2025-06-04
2025060404020035,BARUN,49,89,40.0,479.0,19160.0,2025-06-04
2025060404020034,BARUN,38,89,800.0,479.1,383280.0,2025-06-04
2025060404020033,BARUN,39,89,250.0,479.1,119775.0,2025-06-04
2025060404020032,BARUN,22,89,30.0,479.1,14373.0,2025-06-04
2025060404020031,BARUN,49,89,32.0,479.2,15334.4,2025-06-04
2025060404020030,BARUN,58,89,15.0,479.4,7191.0,2025-06-04
2025060401020529,SARBTM,4,42,2654.0,839.0,2226706.0,2025-06-04
2025060401020528,SARBTM,46,42,474.0,839.1,397733.4,2025-06-04
2025060401020527,SARBTM,48,42,200.0,840.0,168000.0,2025-06-04
2025060401020526,SARBTM,16,42,50.0,840.0,42000.0,2025-06-04
2025060401020525,SARBTM,28,42,30.0,840.0,25200.0,2025-06-04
2025060401020524,SARBTM,22,42,50.0,840.0,42000.0,2025-06-04
2025060401020523,SARBTM,57,42,500.0,840.0,420000.0,2025-06-04
2025060401020522,SARBTM,77,42,50.0,840.0,42000.0,2025-06-04
2025060401020521,SARBTM,35,42,14.0,840.1,11761.4,2025-06-04
2025060405009273,NRN,42,59,730.0,1995.0,1456350.0,2025-06-04
2025060405009272,NRN,57,59,10.0,1995.0,19950.0,2025-06-04
2025060405009271,NRN,14,59,50.0,1995.0,99750.0,2025-06-04
2025060405009270,NRN,43,59,10.0,1995.0,19950.0,2025-06-04
2025060405009269,NRN,8,59,100.0,1995.1,199510.0,2025-06-04
2025060404020029,RADHI,44,6,365.0,786.0,286890.0,2025-06-04
2025060404020028,RADHI,34,6,35.0,786.0,27510.0,2025-06-04
2025060405009268,MEL,53,45,225.0,295.0,66375.0,2025-06-04
2025060405009267,MEL,17,45,475.0,295.1,140172.5,2025-06-04
2025060404020027,UPCL,58,26,500.0,440.0,220000.0,2025-06-04
2025060404020026,UPCL,43,26,500.0,440.0,220000.0,2025-06-04
2025060404020025,UPCL,68,26,200.0,440.0,88000.0,2025-06-04
2025060404020024,UPCL,58,26,50.0,440.0,22000.0,2025-06-04
2025060404020023,UPCL,32,26,200.0,440.0,88000.0,2025-06-04
2025060404020022,UPCL,68,26,1005.0,440.0,442200.0,2025-06-04
2025060404020021,HDHPC,57,18,195.0,200.7,39136.5,2025-06-04
2025060404020020,HDHPC,101,18,205.0,200.8,41164.0,2025-06-04
2025060404020019,AKPL,96,7,450.0,274.4,123480.0,2025-06-04
2025060404020018,AKPL,17,7,50.0,274.5,13725.0,2025-06-04
2025060404020017,NGPL,38,60,100.0,381.0,38100.0,2025-06-04
2025060404020016,NGPL,45,60,50.0,381.0,19050.0,2025-06-04
2025060404020015,NGPL,57,60,55.0,381.0,20955.0,2025-06-04
2025060403008004,SLBBL,54,57,70.0,888.0,62160.0,2025-06-04
2025060403008003,MLBL,48,77,935.0,385.1,360068.5,2025-06-04
2025060403008002,JFL,35,57,10.0,465.0,4650.0,2025-06-04
2025060403008001,GFCL,33,95,50.0,628.0,31400.0,2025-06-04
2025060405009266,HATHY,34,74,22.0,1227.8,27011.6,2025-06-04
2025060401020520,MMKJL,8,51,30.0,577.0,17310.0,2025-06-04
2025060401020519,MMKJL,57,51,250.0,577.2,144300.0,2025-06-04
2025060401020518,MMKJL,34,51,20.0,577.3,11546.0,2025-06-04
2025060403008000,SLBBL,58,33,100.0,887.6,88760.0,2025-06-04
2025060401020517,ULBSL,22,39,10.0,3380.0,33800.0,2025-06-04
2025060401020516,BHL,16,6,211.0,211.8,44689.8,2025-06-04
2025060405009265,HRL,53,45,104.0,930.6,96782.4,2025-06-04
2025060401020515,CREST,21,41,40.0,1750.0,70000.0,2025-06-04
2025060401020514,CREST,21,6,20.0,1740.0,34800.0,2025-06-04
2025060401020513,ADBL,22,39,218.0,290.0,63220.0,2025-06-04
2025060401020512,ADBL,22,39,148.0,290.0,42920.0,2025-06-04
2025060401020511,ADBL,48,39,500.0,290.2,145100.0,2025-06-04
2025060401020510,ADBL,4,39,100.0,290.2,29020.0,2025-06-04
2025060401020509,ADBL,43,39,34.0,290.3,9870.2,2025-06-04
2025060404020014,JOSHI,34,95,47.0,386.2,18151.4,2025-06-04
2025060405009264,CHDC,6,33,16.0,2530.0,40480.0,2025-06-04
2025060401020508,NMIC,49,75,10.0,1824.0,18240.0,2025-06-04
2025060405009263,CHDC,6,26,80.0,2530.0,202400.0,2025-06-04
2025060404020013,UPCL,68,91,985.0,440.0,433400.0,2025-06-04
2025060404020012,UPCL,67,91,15.0,440.1,6601.5,2025-06-04
2025060404020011,SHPC,42,50,15.0,551.5,8272.5,2025-06-04
2025060405009262,HIDCL,25,42,100.0,309.0,30900.0,2025-06-04
2025060404020010,BARUN,34,48,308.0,480.0,147840.0,2025-06-04
2025060404020009,BARUN,34,58,97.0,480.0,46560.0,2025-06-04
2025060404020008,BARUN,34,75,95.0,479.9,45590.5,2025-06-04
2025060404020007,SHPC,14,50,100.0,551.5,55150.0,2025-06-04
2025060404020006,SHPC,29,82,999.0,551.5,550948.5,2025-06-04
2025060404020005,BARUN,21,75,10.0,479.9,4799.0,2025-06-04
2025060403007999,NLICL,4,71,150.0,630.0,94500.0,2025-06-04
2025060404020004,KPCL,18,45,10.0,517.0,5170.0,2025-06-04
2025060404020003,BARUN,58,75,60.0,479.9,28794.0,2025-06-04
2025060401020507,PRVU,41,35,69.0,210.5,14524.5,2025-06-04
2025060403007998,MFIL,61,84,100.0,588.0,58800.0,2025-06-04
2025060403007997,MFIL,61,20,100.0,588.0,58800.0,2025-06-04
2025060403007996,GRDBL,45,39,200.0,1309.0,261800.0,2025-06-04
2025060404020002,UAIL,41,3,10.0,592.0,5920.0,2025-06-04
2025060405009261,MBJC,60,8,600.0,306.1,183660.0,2025-06-04
2025060403007995,SHINE,97,38,10.0,407.1,4071.0,2025-06-04
2025060401020506,MKHC,45,70,10.0,413.5,4135.0,2025-06-04
2025060404020001,UPPER,32,45,190.0,199.8,37962.0,2025-06-04
2025060403007994,ALBSL,49,16,10.0,810.0,8100.0,2025-06-04
2025060403007993,ALBSL,49,54,21.0,810.0,17010.0,2025-06-04
2025060403007992,ALBSL,49,49,10.0,808.0,8080.0,2025-06-04
2025060403007991,ALBSL,49,38,11.0,808.0,8888.0,2025-06-04
2025060403007990,CFCL,36,42,100.0,515.0,51500.0,2025-06-04
2025060404020000,AKPL,45,45,50.0,274.6,13730.0,2025-06-04
2025060405009260,HRL,19,47,10.0,931.0,9310.0,2025-06-04
2025060404019999,SGIC,6,6,52.0,551.3,28667.6,2025-06-04
2025060404019998,SGIC,17,6,20.0,551.4,11028.0,2025-06-04
2025060404019997,SGIC,57,6,30.0,551.6,16548.0,2025-06-04
2025060404019996,SGIC,28,6,38.0,551.6,20960.8,2025-06-04
2025060404019995,SGIC,6,6,30.0,551.7,16551.0,2025-06-04
2025060404019994,SGIC,54,6,30.0,552.0,16560.0,2025-06-04
2025060404019993,LEC,26,52,55.0,211.0,11605.0,2025-06-04
2025060404019992,NHPC,42,53,200.0,213.8,42760.0,2025-06-04
2025060401020505,BNHC,32,50,15.0,512.0,7680.0,2025-06-04
2025060403007989,SKBBL,34,21,68.0,795.0,54060.0,2025-06-04
2025060405009259,NBF2,40,52,100.0,9.98,998.0,2025-06-04
2025060404019991,RADHI,56,42,300.0,787.0,236100.0,2025-06-04
2025060404019990,RADHI,56,19,200.0,786.9,157380.0,2025-06-04
2025060401020504,AVYAN,43,62,45.0,1016.0,45720.0,2025-06-04
2025060405009258,CHDC,69,26,10.0,2530.0,25300.0,2025-06-04
2025060401020503,NIBLGF,43,47,2330.0,8.59,20014.7,2025-06-04
2025060404019989,AKJCL,41,38,100.0,204.8,20480.0,2025-06-04
2025060404019988,AKPL,17,58,50.0,274.5,13725.0,2025-06-04
2025060404019987,AKJCL,29,50,480.0,205.0,98400.0,2025-06-04
2025060401020502,CREST,56,39,10.0,1736.0,17360.0,2025-06-04
2025060405009257,SMJC,55,101,800.0,497.1,397680.0,2025-06-04
2025060405009256,SMJC,65,101,340.0,497.1,169014.0,2025-06-04
2025060405009255,SMJC,45,101,100.0,497.2,49720.0,2025-06-04
2025060405009254,SMJC,4,101,10.0,498.0,4980.0,2025-06-04
2025060405009253,SMJC,4,101,10.0,499.0,4990.0,2025-06-04
2025060405009252,SMJC,33,101,190.0,500.0,95000.0,2025-06-04
2025060405009251,SMJC,57,101,50.0,500.1,25005.0,2025-06-04
2025060404019986,UPCL,67,6,30.0,440.1,13203.0,2025-06-04
2025060404019985,SSHL,58,22,180.0,228.6,41148.0,2025-06-04
2025060401020501,BEDC,51,58,10.0,738.0,7380.0,2025-06-04
2025060405009250,HIDCL,25,32,100.0,309.0,30900.0,2025-06-04
2025060405009249,HIDCL,25,17,100.0,309.0,30900.0,2025-06-04
2025060404019984,RADHI,34,58,250.0,786.0,196500.0,2025-06-04
2025060404019983,BARUN,28,75,100.0,479.9,47990.0,2025-06-04
2025060404019982,BARUN,58,75,15.0,479.9,7198.5,2025-06-04
2025060404019981,BARUN,96,75,20.0,479.9,9598.0,2025-06-04
2025060401020500,BHL,42,6,45.0,211.8,9531.0,2025-06-04
2025060404019980,RIDI,64,45,114.0,250.1,28511.4,2025-06-04
2025060404019979,RIDI,44,45,200.0,250.5,50100.0,2025-06-04
2025060404019978,RIDI,49,45,100.0,250.6,25060.0,2025-06-04
2025060404019977,RIDI,6,45,100.0,250.9,25090.0,2025-06-04
2025060404019976,RIDI,10,45,200.0,250.9,50180.0,2025-06-04
2025060404019975,RIDI,58,45,1000.0,250.9,250900.0,2025-06-04
2025060404019974,RIDI,91,45,203.0,251.0,50953.0,2025-06-04
2025060404019973,RIDI,34,45,1000.0,251.0,251000.0,2025-06-04
2025060404019972,RIDI,21,45,100.0,251.0,25100.0,2025-06-04
2025060404019971,RIDI,35,45,1000.0,251.0,251000.0,2025-06-04
2025060404019970,RIDI,19,45,1000.0,251.0,251000.0,2025-06-04
2025060404019969,RIDI,58,45,90.0,251.0,22590.0,2025-06-04
2025060404019968,RIDI,49,45,893.0,251.1,224232.3,2025-06-04
2025060403007988,MNBBL,35,57,50.0,360.0,18000.0,2025-06-04
2025060403007987,MNBBL,56,57,450.0,360.1,162045.0,2025-06-04
2025060404019967,RADHI,13,29,100.0,786.3,78630.0,2025-06-04
2025060404019966,CHCL,65,19,51.0,485.0,24735.0,2025-06-04
2025060404019965,CHCL,65,52,100.0,485.0,48500.0,2025-06-04
2025060404019964,CHCL,65,87,30.0,485.0,14550.0,2025-06-04
2025060404019963,CHCL,65,42,458.0,485.0,222130.0,2025-06-04
2025060404019962,RIDI,49,94,107.0,251.1,26867.7,2025-06-04
2025060404019961,NHPC,34,53,100.0,213.8,21380.0,2025-06-04
2025060401020499,RAWA,44,1,40.0,806.5,32260.0,2025-06-04
2025060403007986,GBLBS,42,41,75.0,791.5,59362.5,2025-06-04
2025060403007985,SINDU,58,36,50.0,868.0,43400.0,2025-06-04
2025060404019960,RHPL,82,39,500.0,374.7,187350.0,2025-06-04
2025060401020498,PCBL,4,16,121.0,239.0,28919.0,2025-06-04
2025060401020497,PCBL,34,16,570.0,239.1,136287.0,2025-06-04
2025060404019959,SALICO,13,55,80.0,675.0,54000.0,2025-06-04
2025060404019958,GLH,45,57,10.0,247.0,2470.0,2025-06-04
2025060404019957,GLH,45,54,90.0,247.0,22230.0,2025-06-04
2025060404019956,GLH,45,29,100.0,246.9,24690.0,2025-06-04
2025060404019955,RIDI,78,94,50.0,251.1,12555.0,2025-06-04
2025060401020496,SPC,81,13,122.0,493.1,60158.2,2025-06-04
2025060404019954,UNHPL,44,80,470.0,318.5,149695.0,2025-06-04
2025060404019953,UNHPL,38,80,50.0,318.6,15930.0,2025-06-04
2025060404019952,UNHPL,55,80,60.0,318.6,19116.0,2025-06-04
2025060404019951,UNHPL,34,80,300.0,318.7,95610.0,2025-06-04
2025060404019950,UNHPL,49,80,120.0,318.7,38244.0,2025-06-04
2025060403007984,CFCL,38,42,35.0,515.0,18025.0,2025-06-04
2025060405009248,NRM,74,38,10.0,456.2,4562.0,2025-06-04
2025060401020495,NICA,26,58,80.0,354.6,28368.0,2025-06-04
2025060401020494,MKHC,45,32,500.0,413.5,206750.0,2025-06-04
2025060403007983,SMB,1,39,15.0,2192.0,32880.0,2025-06-04
2025060405009247,CHDC,77,26,10.0,2530.0,25300.0,2025-06-04
2025060404019949,AKPL,75,45,50.0,274.6,13730.0,2025-06-04
2025060403007982,GBLBS,42,22,400.0,791.5,316600.0,2025-06-04
2025060405009246,HIDCL,25,26,1000.0,309.0,309000.0,2025-06-04
2025060405009245,HIDCL,25,45,2000.0,309.0,618000.0,2025-06-04
2025060405009244,HIDCL,25,45,32.0,309.0,9888.0,2025-06-04
2025060405009243,MBJC,58,13,145.0,306.0,44370.0,2025-06-04
2025060405009242,MBJC,19,13,65.0,306.0,19890.0,2025-06-04
2025060401020493,SRLI,35,42,150.0,405.0,60750.0,2025-06-04
2025060401020492,SRLI,35,56,500.0,405.0,202500.0,2025-06-04
2025060401020491,SRLI,35,53,30.0,405.0,12150.0,2025-06-04
2025060401020490,SBL,14,20,110.0,299.0,32890.0,2025-06-04
2025060401020489,SBL,14,45,40.0,298.9,11956.0,2025-06-04
2025060404019948,CHCL,41,8,100.0,484.2,48420.0,2025-06-04
2025060401020488,NMIC,14,55,35.0,1823.0,63805.0,2025-06-04
2025060404019947,AKPL,62,45,10.0,274.6,2746.0,2025-06-04
2025060404019946,AKPL,59,45,200.0,274.6,54920.0,2025-06-04
2025060404019945,UPPER,32,46,310.0,199.8,61938.0,2025-06-04
2025060404019944,NGPL,57,55,420.0,381.0,160020.0,2025-06-04
2025060404019943,AHPC,34,48,219.0,287.0,62853.0,2025-06-04
2025060404019942,AHPC,34,42,31.0,287.0,8897.0,2025-06-04
2025060405009241,RNLI,100,47,800.0,511.9,409520.0,2025-06-04
2025060405009240,RNLI,100,44,200.0,511.9,102380.0,2025-06-04
2025060405009239,RNLI,100,60,500.0,511.8,255900.0,2025-06-04
2025060404019941,BARUN,42,58,30.0,480.0,14400.0,2025-06-04
2025060404019940,UPCL,58,16,150.0,440.8,66120.0,2025-06-04
2025060405009238,CHDC,69,26,10.0,2530.0,25300.0,2025-06-04
2025060405009237,HIDCL,67,45,368.0,309.0,113712.0,2025-06-04
2025060405009236,HIDCL,67,45,105.0,309.0,32445.0,2025-06-04
2025060405009235,HIDCL,67,58,10.0,309.0,3090.0,2025-06-04
2025060405009234,HIDCL,67,57,17.0,309.0,5253.0,2025-06-04
2025060401020487,SCB,43,20,10.0,620.0,6200.0,2025-06-04
2025060403007981,SADBL,21,35,2000.0,411.9,823800.0,2025-06-04
2025060401020486,NMIC,14,34,10.0,1823.0,18230.0,2025-06-04
2025060401020485,NMIC,14,58,10.0,1823.0,18230.0,2025-06-04
2025060404019939,CGH,17,1,10.0,862.3,8623.0,2025-06-04
2025060401020484,SNLI,58,57,12.0,487.0,5844.0,2025-06-04
2025060401020483,USHEC,80,38,500.0,429.0,214500.0,2025-06-04
2025060401020482,PCBL,4,56,170.0,239.0,40630.0,2025-06-04
2025060401020481,PCBL,64,56,377.0,239.3,90216.1,2025-06-04
2025060401020480,RFPL,91,7,190.0,475.2,90288.0,2025-06-04
2025060401020479,MNMF1,17,58,100.0,9.11,911.0,2025-06-04
2025060405009233,HDL,5,59,74.0,1205.0,89170.0,2025-06-04
2025060405009232,HDL,21,59,10.0,1205.0,12050.0,2025-06-04
2025060405009231,HDL,58,59,112.0,1205.0,134960.0,2025-06-04
2025060405009230,HDL,18,59,304.0,1205.1,366350.4,2025-06-04
2025060401020478,SARBTM,35,14,22.0,840.1,18482.2,2025-06-04
2025060405009229,CHDC,67,26,10.0,2530.0,25300.0,2025-06-04
2025060401020477,NMIC,14,45,10.0,1823.0,18230.0,2025-06-04
2025060405009228,HATHY,42,74,98.0,1227.8,120324.4,2025-06-04
2025060401020476,NESDO,70,6,50.0,1595.0,79750.0,2025-06-04
2025060401020475,NESDO,52,6,453.0,1595.0,722535.0,2025-06-04
2025060403007980,SLBBL,58,35,100.0,887.6,88760.0,2025-06-04
2025060401020474,HIDCLP,6,10,287.0,213.8,61360.6,2025-06-04
2025060403007979,MLBBL,16,36,50.0,1451.1,72555.0,2025-06-04
2025060403007978,MLBBL,33,36,50.0,1451.2,72560.0,2025-06-04
2025060403007977,MLBBL,63,36,10.0,1451.3,14513.0,2025-06-04
2025060403007976,MLBBL,35,36,10.0,1452.0,14520.0,2025-06-04
2025060403007975,MLBBL,39,36,30.0,1453.0,43590.0,2025-06-04
2025060403007974,MLBBL,28,36,12.0,1453.0,17436.0,2025-06-04
2025060403007973,MLBBL,32,36,50.0,1454.0,72700.0,2025-06-04
2025060401020473,NMIC,14,42,20.0,1823.0,36460.0,2025-06-04
2025060401020472,SANIMA,94,57,60.0,315.0,18900.0,2025-06-04
2025060403007972,MLBL,48,42,65.0,385.1,25031.5,2025-06-04
2025060405009227,MEL,17,57,25.0,295.1,7377.5,2025-06-04
2025060405009226,MEL,34,57,100.0,295.1,29510.0,2025-06-04
2025060405009225,MEL,22,57,300.0,295.2,88560.0,2025-06-04
2025060405009224,MEL,77,57,10.0,295.3,2953.0,2025-06-04
2025060405009223,MEL,43,57,200.0,295.3,59060.0,2025-06-04
2025060405009222,MEL,43,57,100.0,295.4,29540.0,2025-06-04
2025060405009221,MEL,29,57,90.0,295.4,26586.0,2025-06-04
2025060405009220,MEL,35,57,15.0,295.6,4434.0,2025-06-04
2025060405009219,MEL,58,57,120.0,295.7,35484.0,2025-06-04
2025060405009218,MEL,34,57,40.0,295.8,11832.0,2025-06-04
2025060404019938,UPCL,67,48,100.0,440.1,44010.0,2025-06-04
2025060403007971,SHINE,33,57,100.0,407.5,40750.0,2025-06-04
2025060401020471,ULBSL,38,42,10.0,3438.0,34380.0,2025-06-04
2025060405009217,CLI,41,43,287.0,468.6,134488.2,2025-06-04
2025060405009216,CLI,11,43,23.0,468.7,10780.1,2025-06-04
2025060405009215,CLI,29,43,30.0,468.8,14064.0,2025-06-04
2025060405009214,CLI,16,43,40.0,468.8,18752.0,2025-06-04
2025060405009213,CLI,14,43,40.0,468.8,18752.0,2025-06-04
2025060405009212,CLI,47,43,110.0,468.9,51579.0,2025-06-04
2025060403007970,MLBL,58,13,170.0,385.9,65603.0,2025-06-04
2025060404019937,NGPL,57,65,500.0,381.0,190500.0,2025-06-04
2025060404019936,NGPL,57,56,80.0,381.0,30480.0,2025-06-04
2025060403007969,NLICL,44,26,12.0,629.0,7548.0,2025-06-04
2025060403007968,SWBBL,48,6,100.0,815.0,81500.0,2025-06-04
2025060404019935,UMRH,17,5,10.0,551.0,5510.0,2025-06-04
2025060405009211,MBJC,19,38,40.0,306.0,12240.0,2025-06-04
2025060405009210,MBJC,58,38,150.0,306.0,45900.0,2025-06-04
2025060405009209,MBJC,58,38,260.0,306.0,79560.0,2025-06-04
2025060405009208,MBJC,58,38,50.0,306.0,15300.0,2025-06-04
2025060405009207,NRIC,57,44,100.0,1246.5,124650.0,2025-06-04
2025060405009206,NIFRA,53,55,10.0,283.0,2830.0,2025-06-04
2025060404019934,NGPL,21,56,20.0,381.0,7620.0,2025-06-04
2025060403007967,KSBBL,100,34,500.0,448.0,224000.0,2025-06-04
2025060403007966,KSBBL,7,34,500.0,448.1,224050.0,2025-06-04
2025060401020470,SIGS3,11,4,10000.0,10.5,105000.0,2025-06-04
2025060403007965,WNLB,10,54,10.0,2101.0,21010.0,2025-06-04
2025060404019933,RADHI,69,71,500.0,786.1,393050.0,2025-06-04
2025060403007964,MSLB,54,1,10.0,1210.0,12100.0,2025-06-04
2025060404019932,SHL,65,42,100.0,566.0,56600.0,2025-06-04
2025060404019931,SHEL,46,48,400.0,267.1,106840.0,2025-06-04
2025060404019930,SHEL,46,49,200.0,267.0,53400.0,2025-06-04
2025060404019929,RIDI,45,94,100.0,251.1,25110.0,2025-06-04
2025060404019928,RIDI,42,94,143.0,251.1,35907.3,2025-06-04
2025060404019927,RIDI,59,94,200.0,251.2,50240.0,2025-06-04
2025060401020469,KDL,7,42,20.0,1100.0,22000.0,2025-06-04
2025060405009205,NIFRA,51,52,500.0,282.5,141250.0,2025-06-04
2025060404019926,UPPER,21,46,170.0,199.8,33966.0,2025-06-04
2025060401020468,NMIC,14,4,30.0,1823.0,54690.0,2025-06-04
2025060404019925,BARUN,41,58,231.0,480.0,110880.0,2025-06-04
2025060404019924,HDHPC,101,45,1225.0,200.8,245980.0,2025-06-04
2025060403007963,ILBS,28,47,10.0,855.5,8555.0,2025-06-04
2025060405009204,HDL,18,34,65.0,1205.1,78331.5,2025-06-04
2025060401020467,PCBL,4,34,574.0,239.0,137186.0,2025-06-04
2025060401020466,PCBL,11,34,100.0,239.0,23900.0,2025-06-04
2025060401020465,PCBL,29,34,150.0,239.0,35850.0,2025-06-04
2025060401020464,PCBL,32,34,10.0,239.0,2390.0,2025-06-04
2025060401020463,PCBL,42,34,50.0,239.0,11950.0,2025-06-04
2025060401020462,PCBL,5,34,100.0,239.1,23910.0,2025-06-04
2025060401020461,PCBL,59,34,100.0,239.1,23910.0,2025-06-04
2025060404019923,UMHL,86,91,350.0,514.9,180215.0,2025-06-04
2025060404019922,UMHL,86,39,100.0,514.8,51480.0,2025-06-04
2025060404019921,UMHL,86,49,50.0,514.7,25735.0,2025-06-04
2025060401020460,HIDCLP,6,58,100.0,213.8,21380.0,2025-06-04
2025060401020459,BHDC,49,42,250.0,433.5,108375.0,2025-06-04
2025060401020458,BHDC,45,42,50.0,433.6,21680.0,2025-06-04
2025060403007962,LBBL,28,71,75.0,451.0,33825.0,2025-06-04
2025060403007961,LBBL,69,71,925.0,451.1,417267.5,2025-06-04
2025060403007960,LBBL,48,71,300.0,451.3,135390.0,2025-06-04
2025060405009203,HIDCL,55,48,30.0,308.8,9264.0,2025-06-04
2025060404019920,OHL,10,95,40.0,890.0,35600.0,2025-06-04
2025060403007959,LICN,28,45,53.0,914.0,48442.0,2025-06-04
2025060401020457,RFPL,48,41,10.0,475.5,4755.0,2025-06-04
2025060401020456,TAMOR,34,34,403.0,490.0,197470.0,2025-06-04
2025060401020455,TAMOR,10,34,57.0,490.2,27941.4,2025-06-04
2025060401020454,TAMOR,7,34,10.0,490.2,4902.0,2025-06-04
2025060401020453,TAMOR,57,34,30.0,490.2,14706.0,2025-06-04
2025060405009202,NRIC,65,98,273.0,1249.0,340977.0,2025-06-04
2025060405009201,NRIC,65,45,112.0,1248.0,139776.0,2025-06-04
2025060405009200,NRIC,65,37,40.0,1247.9,49916.0,2025-06-04
2025060404019919,UPCL,65,77,10.0,440.2,4402.0,2025-06-04
2025060404019918,AKPL,55,14,40.0,274.5,10980.0,2025-06-04
2025060404019917,AKPL,38,14,100.0,274.5,27450.0,2025-06-04
2025060404019916,AKPL,22,14,100.0,274.5,27450.0,2025-06-04
2025060404019915,AKPL,49,14,250.0,274.6,68650.0,2025-06-04
2025060404019914,RADHI,34,55,2000.0,786.0,1572000.0,2025-06-04
2025060401020452,NIBLSTF,58,10,100.0,8.45,845.0,2025-06-04
2025060401020451,NABIL,42,42,100.0,492.0,49200.0,2025-06-04
2025060404019913,JOSHI,56,95,103.0,387.0,39861.0,2025-06-04
2025060405009199,CHDC,34,45,90.0,2525.0,227250.0,2025-06-04
2025060405009198,CHDC,64,45,10.0,2525.1,25251.0,2025-06-04
2025060405009197,CLI,47,34,13.0,468.9,6095.7,2025-06-04
2025060405009196,CLI,1,34,187.0,469.2,87740.4,2025-06-04
2025060404019912,GLH,43,49,50.0,245.3,12265.0,2025-06-04
2025060404019911,UPPER,3,55,50.0,199.7,9985.0,2025-06-04
2025060404019910,SPDL,57,41,1000.0,355.0,355000.0,2025-06-04
2025060404019909,SPDL,57,44,10.0,355.0,3550.0,2025-06-04
2025060404019908,SPDL,57,21,1000.0,354.9,354900.0,2025-06-04
2025060404019907,SPDL,57,35,80.0,354.9,28392.0,2025-06-04
2025060401020450,GVL,42,42,59.0,435.6,25700.4,2025-06-04
2025060401020449,GVL,32,42,25.0,435.7,10892.5,2025-06-04
2025060404019906,UMHL,3,49,300.0,514.7,154410.0,2025-06-04
2025060401020448,NESDO,25,6,220.0,1600.0,352000.0,2025-06-04
2025060401020447,NESDO,25,41,46.0,1599.9,73595.4,2025-06-04
2025060404019905,NGPL,45,91,295.0,380.3,112188.5,2025-06-04
2025060404019904,NGPL,50,91,300.0,380.4,114120.0,2025-06-04
2025060404019903,NGPL,94,91,405.0,381.0,154305.0,2025-06-04
2025060404019902,SHPC,29,56,1001.0,551.5,552051.5,2025-06-04
2025060404019901,SHPC,35,56,500.0,551.5,275750.0,2025-06-04
2025060404019900,SHPC,26,56,20.0,551.6,11032.0,2025-06-04
2025060404019899,SHPC,22,56,100.0,551.8,55180.0,2025-06-04
2025060404019898,SHPC,84,56,4519.0,551.9,2494036.1,2025-06-04
2025060404019897,SHPC,49,56,660.0,552.0,364320.0,2025-06-04
2025060404019896,NGPL,45,58,145.0,381.3,55288.5,2025-06-04
2025060404019895,NGPL,45,22,205.0,381.3,78166.5,2025-06-04
2025060403007958,MNBBL,49,36,15.0,363.9,5458.5,2025-06-04
2025060403007957,MNBBL,49,48,105.0,362.0,38010.0,2025-06-04
2025060403007956,MNBBL,49,21,30.0,361.0,10830.0,2025-06-04
2025060401020446,MBL,42,47,10.0,221.0,2210.0,2025-06-04
2025060405009195,CHDC,14,26,100.0,2530.0,253000.0,2025-06-04
2025060404019894,UPPER,3,34,225.0,199.7,44932.5,2025-06-04
2025060401020445,EBL,81,26,10.0,648.9,6489.0,2025-06-04
2025060401020444,KBL,28,49,1900.0,214.0,406600.0,2025-06-04
2025060401020443,HBL,38,45,275.0,226.0,62150.0,2025-06-04
2025060404019893,MEN,6,49,19.0,570.0,10830.0,2025-06-04
2025060404019892,MEN,18,49,81.0,570.0,46170.0,2025-06-04
2025060404019891,PPCL,32,26,10.0,329.0,3290.0,2025-06-04
2025060401020442,RFPL,35,41,80.0,475.5,38040.0,2025-06-04
2025060403007955,PFL,32,33,50.0,406.0,20300.0,2025-06-04
2025060403007954,PFL,35,33,25.0,406.0,10150.0,2025-06-04
2025060403007953,CFCL,57,42,500.0,515.0,257500.0,2025-06-04
2025060405009194,SONA,42,58,50.0,454.0,22700.0,2025-06-04
2025060401020441,NMIC,14,45,35.0,1823.0,63805.0,2025-06-04
2025060401020440,BHPL,98,57,100.0,790.0,79000.0,2025-06-04
2025060405009193,NRIC,58,48,10.0,1247.0,12470.0,2025-06-04
2025060403007952,MPFL,48,33,125.0,582.0,72750.0,2025-06-04
2025060403007951,MPFL,38,33,25.0,582.0,14550.0,2025-06-04
2025060405009192,CHDC,69,26,10.0,2530.0,25300.0,2025-06-04
2025060404019890,SPDL,49,59,123.0,354.9,43652.7,2025-06-04
2025060405009191,NRM,74,6,20.0,456.2,9124.0,2025-06-04
2025060403007950,SADBL,21,35,2000.0,411.9,823800.0,2025-06-04
2025060404019889,AKPL,22,44,150.0,274.8,41220.0,2025-06-04
2025060404019888,CHCL,28,42,12.0,485.0,5820.0,2025-06-04
2025060404019887,HPPL,29,82,10.0,486.0,4860.0,2025-06-04
2025060404019886,HPPL,70,82,50.0,486.0,24300.0,2025-06-04
2025060404019885,AKPL,57,43,640.0,274.5,175680.0,2025-06-04
2025060404019884,AKPL,40,43,60.0,274.6,16476.0,2025-06-04
2025060404019883,AKPL,35,43,300.0,274.6,82380.0,2025-06-04
2025060404019882,NGPL,94,33,50.0,381.0,19050.0,2025-06-04
2025060405009190,SMATA,25,38,10.0,767.3,7673.0,2025-06-04
2025060404019881,SPDL,55,44,1900.0,355.0,674500.0,2025-06-04
2025060404019880,NGPL,94,85,945.0,381.0,360045.0,2025-06-04
2025060401020439,CREST,50,75,10.0,1735.1,17351.0,2025-06-04
2025060401020438,NYADI,33,17,265.0,432.0,114480.0,2025-06-04
2025060401020437,NYADI,1,17,80.0,432.2,34576.0,2025-06-04
2025060401020436,NYADI,28,17,500.0,432.3,216150.0,2025-06-04
2025060401020435,NYADI,44,17,25.0,433.0,10825.0,2025-06-04
2025060401020434,NYADI,22,17,30.0,434.0,13020.0,2025-06-04
2025060404019879,BPCL,45,26,50.0,577.0,28850.0,2025-06-04
2025060403007949,NLIC,36,49,330.0,755.3,249249.0,2025-06-04
2025060403007948,NLIC,46,49,20.0,755.4,15108.0,2025-06-04
2025060401020433,KBL,52,57,160.0,214.5,34320.0,2025-06-04
2025060401020432,KBL,52,80,200.0,214.5,42900.0,2025-06-04
2025060401020431,KBL,52,32,640.0,214.5,137280.0,2025-06-04
2025060404019878,SHPC,84,81,356.0,551.9,196476.4,2025-06-04
2025060404019877,SHPC,63,81,90.0,552.0,49680.0,2025-06-04
2025060404019876,RADHI,34,82,715.0,786.0,561990.0,2025-06-04
2025060404019875,RADHI,33,82,785.0,786.0,617010.0,2025-06-04
2025060403007947,SWBBL,16,6,20.0,815.0,16300.0,2025-06-04
2025060401020430,ULHC,18,43,10.0,462.0,4620.0,2025-06-04
2025060401020429,ULHC,18,86,20.0,461.0,9220.0,2025-06-04
2025060401020428,ULHC,18,58,10.0,460.0,4600.0,2025-06-04
2025060401020427,ULHC,18,17,10.0,460.0,4600.0,2025-06-04
2025060401020426,ULHC,18,32,10.0,459.0,4590.0,2025-06-04
2025060401020425,NIMB,17,16,228.0,212.5,48450.0,2025-06-04
2025060401020424,NIMB,50,16,374.0,212.5,79475.0,2025-06-04
2025060404019874,BARUN,58,39,4290.0,479.0,2054910.0,2025-06-04
2025060404019873,BARUN,1,39,200.0,479.1,95820.0,2025-06-04
2025060404019872,BARUN,90,39,200.0,479.1,95820.0,2025-06-04
2025060404019871,BARUN,33,39,150.0,479.5,71925.0,2025-06-04
