transaction,symbol,buyer,seller,quantity,rate,amount,date
2024102704009416,JOSHI,35,35,200.0,303.0,60600.0,2024-10-27
2024102704009415,AKPL,32,26,10.0,248.9,2489.0,2024-10-27
2024102705012605,HDL,49,32,65.0,1352.0,87880.0,2024-10-27
2024102701019631,UHEWA,32,70,300.0,483.0,144900.0,2024-10-27
2024102703014994,PFL,33,7,570.0,645.8,368106.0,2024-10-27
2024102703014993,PFL,58,7,30.0,646.1,19383.0,2024-10-27
2024102703014992,PFL,34,7,625.0,647.0,404375.0,2024-10-27
2024102703014991,PFL,58,7,100.0,647.5,64750.0,2024-10-27
2024102703014990,PFL,34,7,175.0,647.5,113312.5,2024-10-27
2024102705012604,NRM,51,91,1000.0,425.8,425800.0,2024-10-27
2024102703014989,LBBL,51,38,16.0,473.0,7568.0,2024-10-27
2024102703014988,LBBL,33,38,34.0,473.0,16082.0,2024-10-27
2024102701019630,SGHC,52,4,52.0,398.0,20696.0,2024-10-27
2024102701019629,SGHC,52,22,10.0,397.0,3970.0,2024-10-27
2024102701019628,SGHC,52,13,90.0,397.0,35730.0,2024-10-27
2024102701019627,SGHC,52,48,10.0,396.0,3960.0,2024-10-27
2024102701019626,SGHC,52,38,10.0,395.0,3950.0,2024-10-27
2024102701019625,SGHC,52,4,28.0,395.0,11060.0,2024-10-27
2024102701019624,HIDCLP,6,6,10.0,180.5,1805.0,2024-10-27
2024102701019623,SPC,33,68,250.0,518.0,129500.0,2024-10-27
2024102701019622,DORDI,44,26,10.0,439.0,4390.0,2024-10-27
2024102701019621,SARBTM,45,39,100.0,751.0,75100.0,2024-10-27
2024102701019620,SARBTM,50,39,300.0,752.0,225600.0,2024-10-27
2024102705012603,BBC,42,34,10.0,4168.0,41680.0,2024-10-27
2024102701019619,NBL,50,55,100.0,284.0,28400.0,2024-10-27
2024102705012602,MBJC,58,42,123.0,318.0,39114.0,2024-10-27
2024102704009414,NHPC,48,49,500.0,219.0,109500.0,2024-10-27
2024102701019618,MKCL,45,14,40.0,1490.0,59600.0,2024-10-27
2024102705012601,NRN,8,58,10.0,891.0,8910.0,2024-10-27
2024102704009413,UPPER,45,13,500.0,214.0,107000.0,2024-10-27
2024102705012600,HIDCL,22,45,61.0,269.0,16409.0,2024-10-27
2024102701019617,MHCL,32,41,60.0,413.0,24780.0,2024-10-27
2024102701019616,MHCL,42,41,10.0,415.0,4150.0,2024-10-27
2024102701019615,MHCL,58,41,20.0,415.0,8300.0,2024-10-27
2024102704009412,HPPL,5,41,10.0,325.0,3250.0,2024-10-27
2024102703014987,SIFC,45,28,10.0,620.0,6200.0,2024-10-27
2024102703014986,NICLBSL,45,59,10.0,700.0,7000.0,2024-10-27
2024102704009411,BARUN,7,84,500.0,394.0,197000.0,2024-10-27
2024102703014985,SINDU,88,52,20.0,685.0,13700.0,2024-10-27
2024102701019614,ULHC,21,41,20.0,417.9,8358.0,2024-10-27
2024102701019613,ULHC,21,38,90.0,417.0,37530.0,2024-10-27
2024102701019612,ULHC,21,13,70.0,417.0,29190.0,2024-10-27
2024102703014984,SLBSL,21,28,25.0,1356.0,33900.0,2024-10-27
2024102703014983,GRDBL,20,35,10.0,723.0,7230.0,2024-10-27
2024102704009410,UPPER,45,58,192.0,214.0,41088.0,2024-10-27
2024102704009409,CGH,35,58,88.0,906.0,79728.0,2024-10-27
2024102704009408,CGH,44,58,10.0,906.0,9060.0,2024-10-27
2024102704009407,CGH,58,58,193.0,906.0,174858.0,2024-10-27
2024102704009406,CGH,35,58,12.0,906.0,10872.0,2024-10-27
2024102704009405,CGH,99,58,21.0,906.1,19028.1,2024-10-27
2024102704009404,CGH,78,58,20.0,907.0,18140.0,2024-10-27
2024102704009403,CGH,25,58,10.0,907.0,9070.0,2024-10-27
2024102704009402,CGH,57,58,40.0,907.0,36280.0,2024-10-27
2024102704009401,NLG,71,32,10.0,1334.0,13340.0,2024-10-27
2024102704009400,NGPL,58,59,200.0,474.0,94800.0,2024-10-27
2024102704009399,NGPL,58,55,700.0,473.0,331100.0,2024-10-27
2024102703014982,SINDU,74,45,24.0,685.0,16440.0,2024-10-27
2024102703014981,RLFL,57,4,10.0,619.0,6190.0,2024-10-27
2024102701019611,MEHL,55,22,90.0,381.0,34290.0,2024-10-27
2024102701019610,MEHL,55,92,600.0,380.0,228000.0,2024-10-27
2024102701019609,MEHL,55,57,10.0,378.0,3780.0,2024-10-27
2024102701019608,MEHL,55,38,50.0,378.0,18900.0,2024-10-27
2024102701019607,PPL,55,40,320.0,479.0,153280.0,2024-10-27
2024102701019606,PPL,55,22,200.0,478.9,95780.0,2024-10-27
2024102701019605,PPL,55,55,10.0,476.0,4760.0,2024-10-27
2024102701019604,PPL,55,58,300.0,475.0,142500.0,2024-10-27
2024102701019603,PPL,55,58,100.0,475.0,47500.0,2024-10-27
2024102701019602,PPL,55,48,60.0,475.0,28500.0,2024-10-27
2024102701019601,PPL,55,46,10.0,473.0,4730.0,2024-10-27
2024102705012599,SAHAS,62,45,200.0,516.9,103380.0,2024-10-27
2024102705012598,SAHAS,62,34,100.0,516.8,51680.0,2024-10-27
2024102701019600,KDL,62,58,100.0,1124.0,112400.0,2024-10-27
2024102701019599,KDL,62,34,40.0,1076.8,43072.0,2024-10-27
2024102701019598,KDL,62,70,280.0,1076.1,301308.0,2024-10-27
2024102701019597,KDL,62,38,20.0,1076.0,21520.0,2024-10-27
2024102701019596,KDL,62,49,50.0,1076.0,53800.0,2024-10-27
2024102701019595,KDL,62,44,200.0,1076.0,215200.0,2024-10-27
2024102701019594,KDL,62,58,10.0,1075.0,10750.0,2024-10-27
2024102701019593,KDL,62,46,10.0,1075.0,10750.0,2024-10-27
2024102701019592,KDL,62,47,150.0,1075.0,161250.0,2024-10-27
2024102701019591,KDL,62,39,10.0,1065.9,10659.0,2024-10-27
2024102701019590,KDL,62,42,100.0,1065.0,106500.0,2024-10-27
2024102701019589,KDL,62,55,500.0,1061.8,530900.0,2024-10-27
2024102701019588,KDL,62,11,35.0,1060.0,37100.0,2024-10-27
2024102701019587,KDL,62,38,10.0,1060.0,10600.0,2024-10-27
2024102701019586,KDL,62,58,10.0,1060.0,10600.0,2024-10-27
2024102701019585,KDL,62,20,10.0,1060.0,10600.0,2024-10-27
2024102701019584,KDL,62,22,10.0,1056.7,10567.0,2024-10-27
2024102701019583,KDL,62,17,20.0,1056.0,21120.0,2024-10-27
2024102701019582,KDL,62,58,190.0,1055.7,200583.0,2024-10-27
2024102701019581,KDL,62,55,300.0,1055.0,316500.0,2024-10-27
2024102701019580,KDL,62,34,10.0,1055.0,10550.0,2024-10-27
2024102701019579,KDL,62,45,50.0,1054.9,52745.0,2024-10-27
2024102701019578,KDL,62,59,100.0,1050.0,105000.0,2024-10-27
2024102701019577,KDL,62,33,10.0,1050.0,10500.0,2024-10-27
2024102701019576,KDL,62,13,10.0,1050.0,10500.0,2024-10-27
2024102701019575,KDL,62,42,10.0,1050.0,10500.0,2024-10-27
2024102701019574,KDL,62,58,20.0,1050.0,21000.0,2024-10-27
2024102701019573,KDL,62,16,10.0,1049.0,10490.0,2024-10-27
2024102701019572,KDL,62,40,10.0,1045.0,10450.0,2024-10-27
2024102701019571,KDL,62,48,84.0,1041.0,87444.0,2024-10-27
2024102703014980,MDB,62,58,92.0,624.8,57481.6,2024-10-27
2024102703014979,MDB,62,62,150.0,624.7,93705.0,2024-10-27
2024102703014978,MDB,62,62,100.0,624.7,62470.0,2024-10-27
2024102703014977,MDB,62,36,48.0,620.9,29803.2,2024-10-27
2024102703014976,MDB,62,56,65.0,620.3,40319.5,2024-10-27
2024102703014975,MDB,62,16,100.0,620.0,62000.0,2024-10-27
2024102703014974,MDB,62,69,115.0,620.0,71300.0,2024-10-27
2024102703014973,MDB,62,43,30.0,619.0,18570.0,2024-10-27
2024102703014972,NUBL,46,53,10.0,715.9,7159.0,2024-10-27
2024102705012597,MEL,36,46,10.0,288.0,2880.0,2024-10-27
2024102701019570,RHGCL,1,13,10.0,398.0,3980.0,2024-10-27
2024102701019569,MLBS,59,29,10.0,1585.0,15850.0,2024-10-27
2024102705012596,PHCL,65,66,10.0,548.0,5480.0,2024-10-27
2024102705012595,PHCL,65,65,4990.0,547.7,2733023.0,2024-10-27
2024102701019568,TVCL,34,13,20.0,460.0,9200.0,2024-10-27
2024102701019567,TVCL,34,22,20.0,458.8,9176.0,2024-10-27
2024102703014971,KSBBL,34,6,50.0,449.2,22460.0,2024-10-27
2024102705012594,CIT,34,34,25.0,2170.0,54250.0,2024-10-27
2024102701019566,BHPL,34,17,10.0,674.0,6740.0,2024-10-27
2024102703014970,PFL,34,10,100.0,647.5,64750.0,2024-10-27
2024102704009398,BARUN,64,52,536.0,397.8,213220.8,2024-10-27
2024102704009397,BARUN,64,52,50.0,397.8,19890.0,2024-10-27
2024102704009396,BARUN,64,38,100.0,397.8,39780.0,2024-10-27
2024102704009395,BARUN,64,55,100.0,397.8,39780.0,2024-10-27
2024102704009394,BARUN,64,19,100.0,397.6,39760.0,2024-10-27
2024102704009393,BARUN,64,58,1200.0,397.5,477000.0,2024-10-27
2024102704009392,BARUN,64,34,50.0,397.5,19875.0,2024-10-27
2024102704009391,BARUN,64,58,266.0,397.5,105735.0,2024-10-27
2024102704009390,BARUN,64,80,100.0,397.0,39700.0,2024-10-27
2024102704009389,BARUN,64,43,173.0,397.0,68681.0,2024-10-27
2024102704009388,BARUN,64,54,500.0,397.0,198500.0,2024-10-27
2024102704009387,BARUN,64,33,500.0,397.0,198500.0,2024-10-27
2024102704009386,BARUN,64,6,90.0,397.0,35730.0,2024-10-27
2024102704009385,BARUN,64,57,1500.0,397.0,595500.0,2024-10-27
2024102704009384,BARUN,64,48,300.0,397.0,119100.0,2024-10-27
2024102704009383,BARUN,64,19,10.0,397.0,3970.0,2024-10-27
2024102704009382,BARUN,64,40,500.0,396.9,198450.0,2024-10-27
2024102704009381,BARUN,64,6,50.0,396.9,19845.0,2024-10-27
2024102704009380,BARUN,64,54,100.0,396.7,39670.0,2024-10-27
2024102704009379,BARUN,64,22,13.0,396.7,5157.1,2024-10-27
2024102704009378,BARUN,64,6,1000.0,396.7,396700.0,2024-10-27
2024102704009377,BARUN,64,37,50.0,396.5,19825.0,2024-10-27
2024102704009376,BARUN,64,38,1500.0,396.0,594000.0,2024-10-27
2024102704009375,BARUN,64,17,200.0,396.0,79200.0,2024-10-27
2024102704009374,BARUN,64,3,200.0,396.0,79200.0,2024-10-27
2024102704009373,BARUN,64,17,200.0,396.0,79200.0,2024-10-27
2024102704009372,BARUN,64,42,322.0,396.0,127512.0,2024-10-27
2024102704009371,BARUN,64,25,60.0,395.9,23754.0,2024-10-27
2024102704009370,BARUN,64,42,30.0,395.5,11865.0,2024-10-27
2024102704009369,BARUN,64,80,100.0,395.5,39550.0,2024-10-27
2024102704009368,BARUN,64,54,100.0,395.0,39500.0,2024-10-27
2024102705012593,ILI,58,32,12.0,478.0,5736.0,2024-10-27
2024102703014969,SLBBL,36,34,50.0,947.0,47350.0,2024-10-27
2024102701019565,ULBSL,49,41,10.0,3140.0,31400.0,2024-10-27
2024102704009367,GHL,77,48,10.0,219.0,2190.0,2024-10-27
2024102704009366,GHL,77,21,40.0,218.9,8756.0,2024-10-27
2024102704009365,GHL,77,44,150.0,218.8,32820.0,2024-10-27
2024102703014968,KRBL,49,17,10.0,616.0,6160.0,2024-10-27
2024102703014967,KRBL,49,58,190.0,616.0,117040.0,2024-10-27
2024102701019564,BGWT,51,29,10.0,927.0,9270.0,2024-10-27
2024102703014966,NABBC,38,34,10.0,625.0,6250.0,2024-10-27
2024102701019563,SAMAJ,38,45,90.0,3259.0,293310.0,2024-10-27
2024102701019562,SAMAJ,38,5,10.0,3258.9,32589.0,2024-10-27
2024102701019561,SAMAJ,38,45,10.0,3247.0,32470.0,2024-10-27
2024102701019560,SAMAJ,38,16,10.0,3245.0,32450.0,2024-10-27
2024102701019559,SAMAJ,38,48,10.0,3244.0,32440.0,2024-10-27
2024102705012592,PHCL,81,44,160.0,500.1,80016.0,2024-10-27
2024102705012591,PHCL,70,44,100.0,500.1,50010.0,2024-10-27
2024102705012590,PHCL,58,44,200.0,501.0,100200.0,2024-10-27
2024102705012589,PHCL,72,44,40.0,501.0,20040.0,2024-10-27
2024102704009364,NLG,44,32,10.0,1334.0,13340.0,2024-10-27
2024102701019558,UHEWA,39,70,500.0,483.0,241500.0,2024-10-27
2024102701019557,SBL,50,34,59.0,335.0,19765.0,2024-10-27
2024102701019556,SBL,50,54,51.0,335.0,17085.0,2024-10-27
2024102703014965,JSLBB,48,34,10.0,1495.0,14950.0,2024-10-27
2024102705012588,MEL,42,46,10.0,288.0,2880.0,2024-10-27
2024102703014964,ICFC,42,42,351.0,801.1,281186.1,2024-10-27
2024102703014963,ICFC,32,42,149.0,801.1,119363.9,2024-10-27
2024102701019555,EHPL,42,13,25.0,815.0,20375.0,2024-10-27
2024102701019554,EHPL,42,7,175.0,808.0,141400.0,2024-10-27
2024102701019553,NBL,33,55,12.0,284.0,3408.0,2024-10-27
2024102701019552,NBL,33,13,29.0,283.0,8207.0,2024-10-27
2024102701019551,NBL,33,46,94.0,283.0,26602.0,2024-10-27
2024102701019550,NBL,33,59,65.0,282.9,18388.5,2024-10-27
2024102703014962,SMB,41,45,10.0,1750.0,17500.0,2024-10-27
2024102703014961,SMPDA,84,53,81.0,912.0,73872.0,2024-10-27
2024102703014960,SMPDA,84,58,18.0,911.9,16414.2,2024-10-27
2024102703014959,SMPDA,84,57,36.0,910.0,32760.0,2024-10-27
2024102701019549,CITY,57,45,20.0,810.3,16206.0,2024-10-27
2024102703014958,SINDU,88,45,30.0,685.0,20550.0,2024-10-27
2024102703014957,MFIL,26,53,10.0,744.8,7448.0,2024-10-27
2024102704009363,NGPL,26,29,130.0,472.0,61360.0,2024-10-27
2024102703014956,ICFC,26,62,10.0,803.0,8030.0,2024-10-27
2024102701019548,SPC,33,37,30.0,518.0,15540.0,2024-10-27
2024102701019547,ULHC,17,13,50.0,417.0,20850.0,2024-10-27
2024102701019546,HBL,56,99,10.0,250.0,2500.0,2024-10-27
2024102701019545,MHCL,56,42,30.0,419.9,12597.0,2024-10-27
2024102705012587,HDL,49,58,10.0,1352.0,13520.0,2024-10-27
2024102703014955,SLBBL,58,34,32.0,947.0,30304.0,2024-10-27
2024102703014954,SLBBL,58,34,40.0,945.0,37800.0,2024-10-27
2024102703014953,SLBBL,58,58,10.0,944.9,9449.0,2024-10-27
2024102703014952,SLBBL,58,13,50.0,939.0,46950.0,2024-10-27
2024102703014951,SLBBL,58,42,68.0,937.0,63716.0,2024-10-27
2024102705012586,MBJC,58,45,10.0,318.0,3180.0,2024-10-27
2024102705012585,MBJC,58,58,10.0,318.0,3180.0,2024-10-27
2024102705012584,MBJC,58,41,10.0,318.0,3180.0,2024-10-27
2024102705012583,MBJC,58,58,10.0,317.9,3179.0,2024-10-27
2024102705012582,MBJC,58,58,320.0,317.5,101600.0,2024-10-27
2024102705012581,MBJC,58,44,200.0,317.4,63480.0,2024-10-27
2024102701019544,MMKJL,58,28,492.0,571.0,280932.0,2024-10-27
2024102701019543,MMKJL,58,68,10.0,570.9,5709.0,2024-10-27
2024102701019542,MMKJL,58,41,498.0,570.9,284308.2,2024-10-27
2024102701019541,TPC,58,14,10.0,472.0,4720.0,2024-10-27
2024102701019540,KBL,58,25,200.0,228.0,45600.0,2024-10-27
2024102701019539,MHL,58,45,10.0,720.0,7200.0,2024-10-27
2024102701019538,EHPL,45,58,60.0,803.0,48180.0,2024-10-27
2024102701019537,MCHL,58,39,20.0,493.0,9860.0,2024-10-27
2024102705012580,CMF1,17,57,4000.0,10.52,42080.0,2024-10-27
2024102705012579,PHCL,57,65,10.0,547.7,5477.0,2024-10-27
2024102703014950,GBBL,42,55,20.0,441.0,8820.0,2024-10-27
2024102703014949,GBBL,32,55,67.0,441.0,29547.0,2024-10-27
2024102704009362,HEI,62,57,10.0,634.0,6340.0,2024-10-27
2024102703014948,JSLBB,16,62,50.0,1473.2,73660.0,2024-10-27
2024102704009361,AKJCL,80,72,42.0,207.5,8715.0,2024-10-27
2024102704009360,AKJCL,42,72,1000.0,207.5,207500.0,2024-10-27
2024102704009359,AKJCL,42,72,898.0,207.5,186335.0,2024-10-27
2024102704009358,AKJCL,36,72,10.0,207.9,2079.0,2024-10-27
2024102704009357,AKJCL,45,72,50.0,208.0,10400.0,2024-10-27
2024102704009356,UPCL,22,45,10.0,260.8,2608.0,2024-10-27
2024102705012578,MEL,53,46,10.0,288.0,2880.0,2024-10-27
2024102705012577,CHDC,67,22,40.0,1734.9,69396.0,2024-10-27
2024102703014947,CORBL,29,46,10.0,888.0,8880.0,2024-10-27
2024102703014946,NADEP,65,34,20.0,1024.0,20480.0,2024-10-27
2024102703014945,NADEP,65,42,13.0,1022.0,13286.0,2024-10-27
2024102703014944,NADEP,65,46,20.0,1021.0,20420.0,2024-10-27
2024102703014943,NADEP,65,37,120.0,1020.9,122508.0,2024-10-27
2024102701019536,SBI,34,41,30.0,494.0,14820.0,2024-10-27
2024102701019535,MHCL,34,42,10.0,419.9,4199.0,2024-10-27
2024102703014942,SKBBL,94,91,70.0,915.9,64113.0,2024-10-27
2024102703014941,SKBBL,94,58,30.0,915.0,27450.0,2024-10-27
2024102701019534,IHL,34,58,10.0,522.0,5220.0,2024-10-27
2024102704009355,AKPL,32,48,30.0,247.8,7434.0,2024-10-27
2024102701019533,MSHL,64,55,60.0,943.0,56580.0,2024-10-27
2024102701019532,MSHL,64,57,10.0,942.9,9429.0,2024-10-27
2024102701019531,MSHL,64,39,10.0,940.0,9400.0,2024-10-27
2024102701019530,MSHL,64,11,10.0,939.7,9397.0,2024-10-27
2024102701019529,MSHL,64,71,100.0,939.0,93900.0,2024-10-27
2024102701019528,MSHL,64,32,10.0,939.0,9390.0,2024-10-27
2024102701019527,MSHL,64,21,10.0,939.0,9390.0,2024-10-27
2024102701019526,MSHL,64,47,20.0,938.0,18760.0,2024-10-27
2024102701019525,MSHL,64,71,10.0,938.0,9380.0,2024-10-27
2024102701019524,MSHL,64,49,10.0,935.0,9350.0,2024-10-27
2024102701019523,MSHL,64,45,10.0,935.0,9350.0,2024-10-27
2024102701019522,MSHL,64,91,200.0,930.0,186000.0,2024-10-27
2024102701019521,MSHL,64,35,10.0,928.0,9280.0,2024-10-27
2024102701019520,MSHL,64,17,10.0,928.0,9280.0,2024-10-27
2024102701019519,MSHL,64,28,10.0,928.0,9280.0,2024-10-27
2024102701019518,MSHL,64,50,10.0,925.0,9250.0,2024-10-27
2024102703014940,GBLBS,32,41,10.0,740.0,7400.0,2024-10-27
2024102704009354,AHPC,17,7,25.0,270.5,6762.5,2024-10-27
2024102705012576,MBJC,17,32,165.0,317.0,52305.0,2024-10-27
2024102705012575,MBJC,58,32,50.0,317.0,15850.0,2024-10-27
2024102705012574,MBJC,35,32,25.0,317.1,7927.5,2024-10-27
2024102705012573,CIT,49,34,50.0,2170.0,108500.0,2024-10-27
2024102704009353,RURU,6,52,10.0,750.0,7500.0,2024-10-27
2024102705012572,CLI,48,42,10.0,628.0,6280.0,2024-10-27
2024102703014939,CORBL,47,46,10.0,888.0,8880.0,2024-10-27
2024102703014938,PROFL,99,45,13.0,665.0,8645.0,2024-10-27
2024102705012571,SHIVM,44,29,200.0,589.0,117800.0,2024-10-27
2024102701019517,SBL,14,54,11.0,335.0,3685.0,2024-10-27
2024102703014937,BFC,33,14,100.0,614.5,61450.0,2024-10-27
2024102701019516,ULHC,42,13,100.0,417.0,41700.0,2024-10-27
2024102704009352,UMRH,13,13,10.0,485.0,4850.0,2024-10-27
2024102703014936,PROFL,86,45,160.0,665.0,106400.0,2024-10-27
2024102703014935,PROFL,86,59,20.0,665.0,13300.0,2024-10-27
2024102703014934,PROFL,86,22,200.0,664.9,132980.0,2024-10-27
2024102703014933,PROFL,86,45,100.0,664.0,66400.0,2024-10-27
2024102703014932,PROFL,86,19,20.0,663.8,13276.0,2024-10-27
2024102703014931,SFCL,74,33,10.0,822.3,8223.0,2024-10-27
2024102703014930,NFS,41,69,1000.0,1407.0,1407000.0,2024-10-27
2024102703014929,NFS,41,38,10.0,1383.1,13831.0,2024-10-27
2024102703014928,NFS,41,22,490.0,1383.1,677719.0,2024-10-27
2024102703014927,NFS,41,68,100.0,1383.1,138310.0,2024-10-27
2024102703014926,NFS,41,74,70.0,1383.1,96817.0,2024-10-27
2024102703014925,NFS,41,17,50.0,1383.1,69155.0,2024-10-27
2024102703014924,NFS,41,21,30.0,1383.1,41493.0,2024-10-27
2024102703014923,NFS,41,42,20.0,1383.1,27662.0,2024-10-27
2024102703014922,NFS,41,34,300.0,1383.1,414930.0,2024-10-27
2024102703014921,NFS,41,20,1000.0,1383.1,1383100.0,2024-10-27
2024102703014920,NFS,41,57,100.0,1383.1,138310.0,2024-10-27
2024102703014919,NFS,41,32,50.0,1383.0,69150.0,2024-10-27
2024102703014918,NFS,41,58,50.0,1383.0,69150.0,2024-10-27
2024102703014917,NFS,41,51,350.0,1383.0,484050.0,2024-10-27
2024102703014916,NFS,41,62,1000.0,1383.0,1383000.0,2024-10-27
2024102703014915,NFS,41,51,350.0,1383.0,484050.0,2024-10-27
2024102703014914,NFS,41,51,350.0,1383.0,484050.0,2024-10-27
2024102703014913,NFS,41,8,200.0,1383.0,276600.0,2024-10-27
2024102703014912,NFS,41,54,20.0,1383.0,27660.0,2024-10-27
2024102703014911,NFS,41,51,350.0,1383.0,484050.0,2024-10-27
2024102703014910,NFS,41,32,50.0,1383.0,69150.0,2024-10-27
2024102703014909,NFS,41,47,500.0,1383.0,691500.0,2024-10-27
2024102703014908,NFS,41,26,100.0,1383.0,138300.0,2024-10-27
2024102703014907,NFS,41,5,100.0,1383.0,138300.0,2024-10-27
2024102703014906,NFS,41,57,40.0,1383.0,55320.0,2024-10-27
2024102703014905,NFS,41,36,20.0,1383.0,27660.0,2024-10-27
2024102703014904,NFS,41,39,60.0,1383.0,82980.0,2024-10-27
2024102703014903,NFS,41,29,34.0,1383.0,47022.0,2024-10-27
2024102703014902,NFS,41,34,50.0,1383.0,69150.0,2024-10-27
2024102703014901,NFS,41,94,200.0,1383.0,276600.0,2024-10-27
2024102703014900,NFS,41,14,20.0,1383.0,27660.0,2024-10-27
2024102703014899,NFS,41,58,20.0,1383.0,27660.0,2024-10-27
2024102703014898,NFS,41,34,200.0,1383.0,276600.0,2024-10-27
2024102703014897,NFS,41,45,100.0,1383.0,138300.0,2024-10-27
2024102703014896,NFS,41,35,200.0,1383.0,276600.0,2024-10-27
2024102703014895,NFS,41,88,30.0,1383.0,41490.0,2024-10-27
2024102703014894,NFS,41,35,10.0,1382.0,13820.0,2024-10-27
2024102703014893,NFS,41,29,20.0,1382.0,27640.0,2024-10-27
2024102703014892,NFS,41,45,500.0,1382.0,691000.0,2024-10-27
2024102703014891,NFS,41,5,100.0,1382.0,138200.0,2024-10-27
2024102703014890,NFS,41,14,50.0,1380.0,69000.0,2024-10-27
2024102703014889,NFS,41,34,20.0,1380.0,27600.0,2024-10-27
2024102703014888,NFS,41,3,200.0,1380.0,276000.0,2024-10-27
2024102703014887,NFS,41,6,130.0,1380.0,179400.0,2024-10-27
2024102703014886,NFS,41,58,15.0,1380.0,20700.0,2024-10-27
2024102703014885,NFS,41,6,10.0,1380.0,13800.0,2024-10-27
2024102703014884,NFS,41,62,10.0,1380.0,13800.0,2024-10-27
2024102703014883,NFS,41,45,20.0,1377.0,27540.0,2024-10-27
2024102703014882,NFS,41,54,22.0,1377.0,30294.0,2024-10-27
2024102703014881,NFS,41,16,50.0,1375.0,68750.0,2024-10-27
2024102703014880,NFS,41,60,100.0,1373.0,137300.0,2024-10-27
2024102703014879,NFS,41,8,400.0,1373.0,549200.0,2024-10-27
2024102703014878,NFS,41,49,100.0,1371.9,137190.0,2024-10-27
2024102703014877,NFS,41,8,240.0,1371.9,329256.0,2024-10-27
2024102703014876,NFS,41,42,41.0,1371.9,56247.9,2024-10-27
2024102703014875,NFS,41,34,200.0,1371.9,274380.0,2024-10-27
2024102703014874,NFS,41,88,20.0,1371.0,27420.0,2024-10-27
2024102703014873,NFS,41,58,15.0,1371.0,20565.0,2024-10-27
2024102703014872,NFS,41,49,100.0,1371.0,137100.0,2024-10-27
2024102703014871,NFS,41,57,50.0,1370.8,68540.0,2024-10-27
2024102703014870,NFS,41,57,31.0,1370.8,42494.8,2024-10-27
2024102703014869,NFS,41,6,30.0,1370.8,41124.0,2024-10-27
2024102703014868,NFS,41,58,200.0,1370.8,274160.0,2024-10-27
2024102703014867,NFS,41,37,10.0,1370.8,13708.0,2024-10-27
2024102703014866,NFS,41,58,193.0,1370.0,264410.0,2024-10-27
2024102703014865,NFS,41,42,119.0,1370.0,163030.0,2024-10-27
2024102703014864,NFS,41,19,10.0,1370.0,13700.0,2024-10-27
2024102703014863,NFS,41,17,20.0,1369.8,27396.0,2024-10-27
2024102703014862,NFS,41,34,68.0,1369.2,93105.6,2024-10-27
2024102703014861,NFS,41,58,250.0,1369.0,342250.0,2024-10-27
2024102703014860,NFS,41,16,10.0,1368.8,13688.0,2024-10-27
2024102703014859,NFS,41,59,100.0,1368.8,136880.0,2024-10-27
2024102703014858,NFS,41,32,100.0,1368.8,136880.0,2024-10-27
2024102703014857,NFS,41,25,228.0,1368.8,312086.4,2024-10-27
2024102703014856,NFS,41,45,65.0,1368.8,88972.0,2024-10-27
2024102703014855,NFS,41,52,20.0,1368.1,27362.0,2024-10-27
2024102703014854,NFS,41,68,90.0,1368.1,123129.0,2024-10-27
2024102703014853,NFS,41,49,403.0,1368.0,551304.0,2024-10-27
2024102703014852,NFS,41,58,30.0,1368.0,41040.0,2024-10-27
2024102703014851,NFS,41,57,500.0,1368.0,684000.0,2024-10-27
2024102703014850,NFS,41,38,10.0,1368.0,13680.0,2024-10-27
2024102703014849,NFS,41,7,200.0,1368.0,273600.0,2024-10-27
2024102703014848,NFS,41,58,200.0,1368.0,273600.0,2024-10-27
2024102703014847,NFS,41,71,1000.0,1368.0,1368000.0,2024-10-27
2024102703014846,NFS,41,14,500.0,1368.0,684000.0,2024-10-27
2024102703014845,NFS,41,58,10.0,1368.0,13680.0,2024-10-27
2024102703014844,NFS,41,41,150.0,1368.0,205200.0,2024-10-27
2024102703014843,NFS,41,33,20.0,1368.0,27360.0,2024-10-27
2024102703014842,NFS,41,34,10.0,1368.0,13680.0,2024-10-27
2024102703014841,NFS,41,63,10.0,1368.0,13680.0,2024-10-27
2024102703014840,NFS,41,51,350.0,1368.0,478800.0,2024-10-27
2024102703014839,NFS,41,47,1000.0,1368.0,1368000.0,2024-10-27
2024102703014838,NFS,41,26,100.0,1367.8,136780.0,2024-10-27
2024102703014837,NFS,41,41,10.0,1367.8,13678.0,2024-10-27
2024102703014836,NFS,41,51,350.0,1367.8,478730.0,2024-10-27
2024102703014835,NFS,41,57,50.0,1367.8,68390.0,2024-10-27
2024102703014834,NFS,41,57,40.0,1367.8,54712.0,2024-10-27
2024102703014833,NFS,41,38,10.0,1367.6,13676.0,2024-10-27
2024102703014832,NFS,41,51,350.0,1367.0,478450.0,2024-10-27
2024102703014831,NFS,41,48,25.0,1367.0,34175.0,2024-10-27
2024102703014830,NFS,41,34,10.0,1367.0,13670.0,2024-10-27
2024102703014829,NFS,41,41,100.0,1367.0,136700.0,2024-10-27
2024102703014828,NFS,41,36,100.0,1367.0,136700.0,2024-10-27
2024102703014827,NFS,41,6,50.0,1367.0,68350.0,2024-10-27
2024102703014826,NFS,41,36,12.0,1367.0,16404.0,2024-10-27
2024102703014825,NFS,41,41,30.0,1366.8,41004.0,2024-10-27
2024102703014824,NFS,41,51,10.0,1366.8,13668.0,2024-10-27
2024102703014823,NFS,41,91,400.0,1366.8,546720.0,2024-10-27
2024102703014822,NFS,41,37,50.0,1366.8,68340.0,2024-10-27
2024102703014821,NFS,41,8,200.0,1366.8,273360.0,2024-10-27
2024102703014820,NFS,41,50,30.0,1366.8,41004.0,2024-10-27
2024102703014819,NFS,41,38,10.0,1366.8,13668.0,2024-10-27
2024102703014818,NFS,41,38,10.0,1366.8,13668.0,2024-10-27
2024102703014817,NFS,41,48,300.0,1366.0,409800.0,2024-10-27
2024102703014816,NFS,41,52,89.0,1366.0,121574.0,2024-10-27
2024102703014815,NFS,41,44,80.0,1366.0,109280.0,2024-10-27
2024102703014814,NFS,41,58,145.0,1366.0,198070.0,2024-10-27
2024102703014813,NFS,41,45,135.0,1366.0,184410.0,2024-10-27
2024102703014812,NFS,41,26,100.0,1366.0,136600.0,2024-10-27
2024102703014811,NFS,41,58,30.0,1366.0,40980.0,2024-10-27
2024102703014810,NFS,41,39,100.0,1366.0,136600.0,2024-10-27
2024102703014809,NFS,41,58,250.0,1366.0,341500.0,2024-10-27
2024102703014808,NFS,41,74,50.0,1365.0,68250.0,2024-10-27
2024102703014807,NFS,41,36,20.0,1365.0,27300.0,2024-10-27
2024102703014806,NFS,41,55,10.0,1365.0,13650.0,2024-10-27
2024102703014805,NFS,41,50,200.0,1365.0,273000.0,2024-10-27
2024102703014804,NFS,41,33,300.0,1364.8,409440.0,2024-10-27
2024102703014803,NFS,41,32,194.0,1364.8,264771.2,2024-10-27
2024102703014802,NFS,41,38,500.0,1364.0,682000.0,2024-10-27
2024102703014801,NFS,41,6,40.0,1364.0,54560.0,2024-10-27
2024102703014800,NFS,41,74,100.0,1364.0,136400.0,2024-10-27
2024102703014799,NFS,41,33,20.0,1363.0,27260.0,2024-10-27
2024102703014798,NFS,41,41,30.0,1363.0,40890.0,2024-10-27
2024102703014797,NFS,41,58,180.0,1362.7,245286.0,2024-10-27
2024102703014796,NFS,41,49,100.0,1362.7,136270.0,2024-10-27
2024102703014795,NFS,41,21,30.0,1362.7,40881.0,2024-10-27
2024102703014794,NFS,41,41,100.0,1362.7,136270.0,2024-10-27
2024102703014793,NFS,41,41,100.0,1362.7,136270.0,2024-10-27
2024102703014792,NFS,41,58,12.0,1362.6,16351.2,2024-10-27
2024102703014791,NFS,41,51,50.0,1362.0,68100.0,2024-10-27
2024102703014790,NFS,41,6,100.0,1362.0,136200.0,2024-10-27
2024102703014789,NFS,41,45,50.0,1362.0,68100.0,2024-10-27
2024102701019515,KBSH,28,44,10.0,2405.0,24050.0,2024-10-27
2024102703014788,NFS,41,26,100.0,1362.0,136200.0,2024-10-27
2024102703014787,NFS,41,53,70.0,1361.7,95319.0,2024-10-27
2024102703014786,NFS,41,41,87.0,1361.0,118407.0,2024-10-27
2024102703014785,NFS,41,58,10.0,1361.0,13610.0,2024-10-27
2024102703014784,NFS,41,38,40.0,1360.5,54420.0,2024-10-27
2024102703014783,NFS,41,17,16.0,1360.0,21760.0,2024-10-27
2024102703014782,NFS,41,53,20.0,1360.0,27200.0,2024-10-27
2024102703014781,NFS,41,1,600.0,1360.0,816000.0,2024-10-27
2024102703014780,NFS,41,57,400.0,1360.0,544000.0,2024-10-27
2024102703014779,NFS,41,13,50.0,1360.0,68000.0,2024-10-27
2024102703014778,NFS,41,59,41.0,1360.0,55760.0,2024-10-27
2024102703014777,NFS,41,49,50.0,1360.0,68000.0,2024-10-27
2024102703014776,NFS,41,45,100.0,1360.0,136000.0,2024-10-27
2024102703014775,NFS,41,39,50.0,1360.0,68000.0,2024-10-27
2024102703014774,NFS,41,70,100.0,1360.0,136000.0,2024-10-27
2024102703014773,NFS,41,38,10.0,1360.0,13600.0,2024-10-27
2024102703014772,NFS,41,14,20.0,1358.0,27160.0,2024-10-27
2024102703014771,NFS,41,26,100.0,1357.8,135780.0,2024-10-27
2024102703014770,NFS,41,49,30.0,1357.7,40731.0,2024-10-27
2024102703014769,NFS,41,38,10.0,1357.5,13575.0,2024-10-27
2024102703014768,NFS,41,41,100.0,1357.0,135700.0,2024-10-27
2024102703014767,NFS,41,7,417.0,1357.0,565869.0,2024-10-27
2024102703014766,NFS,41,1,30.0,1356.0,40680.0,2024-10-27
2024102703014765,NFS,41,22,100.0,1356.0,135600.0,2024-10-27
2024102703014764,NFS,41,55,162.0,1356.0,219672.0,2024-10-27
2024102703014763,NFS,41,14,100.0,1355.0,135500.0,2024-10-27
2024102703014762,NFS,41,94,10.0,1355.0,13550.0,2024-10-27
2024102703014761,NFS,41,32,50.0,1354.0,67700.0,2024-10-27
2024102703014760,NFS,41,55,20.0,1353.0,27060.0,2024-10-27
2024102703014759,NFS,41,58,100.0,1350.5,135050.0,2024-10-27
2024102703014758,NFS,41,45,15.0,1350.0,20250.0,2024-10-27
2024102703014757,NFS,41,57,23.0,1350.0,31050.0,2024-10-27
2024102703014756,NFS,41,57,10.0,1350.0,13500.0,2024-10-27
2024102703014755,NFS,41,42,10.0,1350.0,13500.0,2024-10-27
2024102703014754,NFS,41,81,10.0,1350.0,13500.0,2024-10-27
2024102703014753,NFS,41,42,250.0,1350.0,337500.0,2024-10-27
2024102703014752,NFS,41,44,150.0,1348.0,202200.0,2024-10-27
2024102703014751,NFS,41,49,50.0,1348.0,67400.0,2024-10-27
2024102703014750,NFS,41,34,500.0,1347.0,673500.0,2024-10-27
2024102703014749,NFS,41,58,10.0,1346.9,13469.0,2024-10-27
2024102703014748,NFS,41,25,100.0,1345.0,134500.0,2024-10-27
2024102703014747,NFS,41,36,100.0,1340.0,134000.0,2024-10-27
2024102703014746,NFS,41,57,200.0,1340.0,268000.0,2024-10-27
2024102703014745,NFS,41,26,30.0,1340.0,40200.0,2024-10-27
2024102703014744,NFS,41,38,330.0,1339.9,442167.0,2024-10-27
2024102704009351,SHEL,43,28,62.0,242.0,15004.0,2024-10-27
2024102704009350,SHEL,25,28,200.0,242.0,48400.0,2024-10-27
2024102704009349,SHEL,72,28,402.0,242.0,97284.0,2024-10-27
2024102704009348,SHEL,17,28,205.0,242.1,49630.5,2024-10-27
2024102704009347,SHEL,57,28,100.0,242.2,24220.0,2024-10-27
2024102704009346,SHEL,18,28,10.0,242.3,2423.0,2024-10-27
2024102704009345,SHEL,44,28,21.0,242.4,5090.4,2024-10-27
2024102701019514,HHL,88,36,243.0,447.0,108621.0,2024-10-27
2024102701019513,HHL,88,41,150.0,447.0,67050.0,2024-10-27
2024102701019512,HHL,88,48,107.0,447.0,47829.0,2024-10-27
2024102703014743,GFCL,34,37,31.0,999.1,30972.1,2024-10-27
2024102703014742,GFCL,45,37,10.0,999.9,9999.0,2024-10-27
2024102703014741,GFCL,38,37,50.0,999.9,49995.0,2024-10-27
2024102703014740,GFCL,49,37,22.0,999.9,21997.8,2024-10-27
2024102703014739,GFCL,45,37,20.0,1000.0,20000.0,2024-10-27
2024102703014738,GFCL,36,37,32.0,1000.0,32000.0,2024-10-27
2024102703014737,SFCL,74,25,100.0,822.3,82230.0,2024-10-27
2024102703014736,ICFC,32,71,121.0,801.1,96933.1,2024-10-27
2024102703014735,CORBL,60,46,20.0,888.0,17760.0,2024-10-27
2024102704009344,KPCL,60,48,10.0,493.0,4930.0,2024-10-27
2024102701019511,TVCL,58,22,10.0,458.8,4588.0,2024-10-27
2024102701019510,LSL,62,13,10.0,244.0,2440.0,2024-10-27
2024102703014734,SLBSL,57,72,10.0,1355.0,13550.0,2024-10-27
2024102705012570,CHDC,96,22,10.0,1734.9,17349.0,2024-10-27
2024102704009343,CHCL,6,65,217.0,563.3,122236.1,2024-10-27
2024102704009342,CHCL,56,65,88.0,563.4,49579.2,2024-10-27
2024102704009341,CHCL,56,65,100.0,563.5,56350.0,2024-10-27
2024102704009340,CHCL,13,65,20.0,564.0,11280.0,2024-10-27
2024102704009339,CHCL,64,65,500.0,564.0,282000.0,2024-10-27
2024102704009338,MEN,34,34,10.0,636.0,6360.0,2024-10-27
2024102703014733,SFCL,88,64,5000.0,808.4,4042000.0,2024-10-27
2024102701019509,PRVU,51,34,286.0,237.2,67839.2,2024-10-27
2024102701019508,PRVU,19,34,250.0,237.3,59325.0,2024-10-27
2024102701019507,PRVU,39,34,500.0,237.5,118750.0,2024-10-27
2024102701019506,PRVU,6,34,954.0,237.8,226861.2,2024-10-27
2024102701019505,PRVU,38,34,10.0,238.0,2380.0,2024-10-27
2024102705012569,STC,49,49,15.0,5820.0,87300.0,2024-10-27
2024102705012568,STC,49,38,10.0,5810.0,58100.0,2024-10-27
2024102705012567,STC,49,13,10.0,5807.0,58070.0,2024-10-27
2024102701019504,ADBL,51,32,172.0,358.9,61730.8,2024-10-27
2024102703014732,PFL,34,38,200.0,647.5,129500.0,2024-10-27
2024102703014731,PROFL,63,4,185.0,663.0,122655.0,2024-10-27
2024102701019503,GBIME,89,51,300.0,250.0,75000.0,2024-10-27
2024102701019502,GBIME,89,38,150.0,250.0,37500.0,2024-10-27
2024102701019501,GBIME,89,14,56.0,250.0,14000.0,2024-10-27
2024102703014730,SAPDBL,6,43,60.0,553.8,33228.0,2024-10-27
2024102701019500,DORDI,42,26,10.0,439.0,4390.0,2024-10-27
2024102701019499,SMHL,14,25,20.0,650.0,13000.0,2024-10-27
2024102701019498,SANIMA,4,40,50.0,317.7,15885.0,2024-10-27
2024102703014729,BFC,33,33,477.0,614.5,293116.5,2024-10-27
2024102703014728,BFC,82,33,23.0,615.0,14145.0,2024-10-27
2024102705012566,CLI,45,42,10.0,628.0,6280.0,2024-10-27
2024102703014727,NMFBS,81,58,70.0,1424.9,99743.0,2024-10-27
2024102703014726,NMFBS,81,45,30.0,1424.5,42735.0,2024-10-27
2024102703014725,NMFBS,81,21,15.0,1420.0,21300.0,2024-10-27
2024102703014724,NMFBS,81,16,74.0,1414.9,104702.6,2024-10-27
2024102703014723,NMFBS,81,22,100.0,1405.0,140500.0,2024-10-27
2024102703014722,NMFBS,81,49,20.0,1400.0,28000.0,2024-10-27
2024102703014721,NMFBS,81,54,79.0,1400.0,110600.0,2024-10-27
2024102703014720,NMFBS,81,5,54.0,1400.0,75600.0,2024-10-27
2024102703014719,NMFBS,81,54,358.0,1400.0,501200.0,2024-10-27
2024102705012565,NIFRA,38,85,1277.0,276.0,352452.0,2024-10-27
2024102705012564,NIFRA,33,85,223.0,276.0,61548.0,2024-10-27
2024102701019497,KBL,57,25,10.0,228.0,2280.0,2024-10-27
2024102704009337,PMHPL,55,58,10.0,265.9,2659.0,2024-10-27
2024102704009336,PMHPL,55,67,10.0,265.0,2650.0,2024-10-27
2024102704009335,PMHPL,55,48,100.0,264.8,26480.0,2024-10-27
2024102701019496,IHL,45,58,40.0,522.5,20900.0,2024-10-27
2024102703014718,HLBSL,77,1,10.0,978.1,9781.0,2024-10-27
2024102705012563,PHCL,65,35,10.0,558.0,5580.0,2024-10-27
2024102705012562,PHCL,65,41,1000.0,550.0,550000.0,2024-10-27
2024102705012561,PHCL,65,45,100.0,529.0,52900.0,2024-10-27
2024102705012560,PHCL,65,18,10.0,523.2,5232.0,2024-10-27
2024102705012559,PHCL,65,16,100.0,523.2,52320.0,2024-10-27
2024102705012558,PHCL,65,49,10.0,523.2,5232.0,2024-10-27
2024102705012557,PHCL,65,49,100.0,523.0,52300.0,2024-10-27
2024102705012556,PHCL,65,57,100.0,523.0,52300.0,2024-10-27
2024102705012555,PHCL,65,38,170.0,523.0,88910.0,2024-10-27
2024102705012554,PHCL,65,47,120.0,523.0,62760.0,2024-10-27
2024102705012553,PHCL,65,28,10.0,522.3,5223.0,2024-10-27
2024102705012552,PHCL,65,41,10.0,522.3,5223.0,2024-10-27
2024102705012551,PHCL,65,41,300.0,522.2,156660.0,2024-10-27
2024102705012550,PHCL,65,34,100.0,522.2,52220.0,2024-10-27
2024102705012549,PHCL,65,74,10.0,522.2,5222.0,2024-10-27
2024102705012548,PHCL,65,54,25.0,522.2,13055.0,2024-10-27
2024102705012547,PHCL,65,20,10.0,522.0,5220.0,2024-10-27
2024102705012546,PHCL,65,26,10.0,522.0,5220.0,2024-10-27
2024102705012545,PHCL,65,64,10.0,522.0,5220.0,2024-10-27
2024102705012544,PHCL,65,34,10.0,522.0,5220.0,2024-10-27
2024102705012543,PHCL,65,49,100.0,522.0,52200.0,2024-10-27
2024102705012542,PHCL,65,56,10.0,522.0,5220.0,2024-10-27
2024102705012541,PHCL,65,48,1000.0,522.0,522000.0,2024-10-27
2024102705012540,PHCL,65,68,2453.0,522.0,1280466.0,2024-10-27
2024102705012539,PHCL,65,50,100.0,522.0,52200.0,2024-10-27
2024102705012538,PHCL,65,38,200.0,522.0,104400.0,2024-10-27
2024102705012537,PHCL,65,38,800.0,522.0,417600.0,2024-10-27
2024102705012536,PHCL,65,29,200.0,522.0,104400.0,2024-10-27
2024102705012535,PHCL,65,16,10.0,522.0,5220.0,2024-10-27
2024102705012534,PHCL,65,38,800.0,522.0,417600.0,2024-10-27
2024102705012533,PHCL,65,41,100.0,522.0,52200.0,2024-10-27
2024102705012532,PHCL,65,58,100.0,521.2,52120.0,2024-10-27
2024102705012531,PHCL,65,50,3865.0,521.2,2014438.0,2024-10-27
2024102705012530,PHCL,65,5,100.0,521.2,52120.0,2024-10-27
2024102705012529,PHCL,65,38,75.0,521.2,39090.0,2024-10-27
2024102705012528,PHCL,65,38,50.0,521.2,26060.0,2024-10-27
2024102705012527,PHCL,65,94,10.0,521.2,5212.0,2024-10-27
2024102705012526,PHCL,65,80,1000.0,521.2,521200.0,2024-10-27
2024102705012525,PHCL,65,58,10.0,521.0,5210.0,2024-10-27
2024102705012524,PHCL,65,3,10.0,521.0,5210.0,2024-10-27
2024102705012523,PHCL,65,51,100.0,521.0,52100.0,2024-10-27
2024102705012522,PHCL,65,44,500.0,521.0,260500.0,2024-10-27
2024102705012521,PHCL,65,55,10.0,521.0,5210.0,2024-10-27
2024102705012520,PHCL,65,45,10.0,521.0,5210.0,2024-10-27
2024102705012519,PHCL,65,50,100.0,521.0,52100.0,2024-10-27
2024102705012518,PHCL,65,59,10.0,520.2,5202.0,2024-10-27
2024102705012517,PHCL,65,49,20.0,520.2,10404.0,2024-10-27
2024102705012516,PHCL,65,58,10.0,520.0,5200.0,2024-10-27
2024102705012515,PHCL,65,52,10.0,520.0,5200.0,2024-10-27
2024102705012514,PHCL,65,17,150.0,520.0,78000.0,2024-10-27
2024102705012513,PHCL,65,49,500.0,520.0,260000.0,2024-10-27
2024102705012512,PHCL,65,50,100.0,520.0,52000.0,2024-10-27
2024102705012511,PHCL,65,51,160.0,520.0,83200.0,2024-10-27
2024102705012510,PHCL,65,7,10.0,520.0,5200.0,2024-10-27
2024102705012509,PHCL,65,49,200.0,520.0,104000.0,2024-10-27
2024102705012508,PHCL,65,49,10.0,520.0,5200.0,2024-10-27
2024102705012507,PHCL,65,44,10.0,520.0,5200.0,2024-10-27
2024102705012506,PHCL,65,49,10.0,520.0,5200.0,2024-10-27
2024102705012505,PHCL,65,4,500.0,520.0,260000.0,2024-10-27
2024102705012504,PHCL,65,60,100.0,520.0,52000.0,2024-10-27
2024102705012503,PHCL,65,4,525.0,520.0,273000.0,2024-10-27
2024102705012502,PHCL,65,1,10.0,520.0,5200.0,2024-10-27
2024102705012501,PHCL,65,42,10.0,520.0,5200.0,2024-10-27
2024102705012500,PHCL,65,28,1000.0,520.0,520000.0,2024-10-27
2024102705012499,PHCL,65,35,10.0,520.0,5200.0,2024-10-27
2024102705012498,PHCL,65,58,915.0,520.0,475800.0,2024-10-27
2024102705012497,PHCL,65,54,100.0,520.0,52000.0,2024-10-27
2024102705012496,PHCL,65,49,305.0,519.0,158295.0,2024-10-27
2024102705012495,PHCL,65,34,500.0,519.0,259500.0,2024-10-27
2024102705012494,PHCL,65,34,10.0,519.0,5190.0,2024-10-27
2024102705012493,PHCL,65,49,115.0,518.1,59581.5,2024-10-27
2024102705012492,PHCL,65,57,100.0,518.1,51810.0,2024-10-27
2024102705012491,PHCL,65,54,10.0,518.1,5181.0,2024-10-27
2024102705012490,PHCL,65,58,120.0,518.0,62160.0,2024-10-27
2024102705012489,PHCL,65,42,10.0,518.0,5180.0,2024-10-27
2024102705012488,PHCL,65,38,10.0,518.0,5180.0,2024-10-27
2024102705012487,PHCL,65,81,10.0,518.0,5180.0,2024-10-27
2024102705012486,PHCL,65,38,50.0,518.0,25900.0,2024-10-27
2024102705012485,PHCL,65,49,10.0,518.0,5180.0,2024-10-27
2024102705012484,PHCL,65,47,10.0,518.0,5180.0,2024-10-27
2024102705012483,PHCL,65,25,90.0,517.6,46584.0,2024-10-27
2024102705012482,PHCL,65,22,10.0,517.2,5172.0,2024-10-27
2024102705012481,PHCL,65,29,10.0,517.0,5170.0,2024-10-27
2024102705012480,PHCL,65,58,10.0,517.0,5170.0,2024-10-27
2024102705012479,PHCL,65,1,10.0,517.0,5170.0,2024-10-27
2024102705012478,PHCL,65,45,10.0,517.0,5170.0,2024-10-27
2024102705012477,PHCL,65,26,200.0,517.0,103400.0,2024-10-27
2024102705012476,PHCL,65,28,10.0,517.0,5170.0,2024-10-27
2024102705012475,PHCL,65,7,10.0,517.0,5170.0,2024-10-27
2024102705012474,PHCL,65,21,10.0,517.0,5170.0,2024-10-27
2024102705012473,PHCL,65,28,10.0,517.0,5170.0,2024-10-27
2024102705012472,PHCL,65,19,10.0,517.0,5170.0,2024-10-27
2024102705012471,PHCL,65,49,30.0,516.1,15483.0,2024-10-27
2024102705012470,PHCL,65,42,10.0,516.0,5160.0,2024-10-27
2024102705012469,PHCL,65,28,10.0,515.1,5151.0,2024-10-27
2024102705012468,PHCL,65,4,50.0,515.1,25755.0,2024-10-27
2024102705012467,PHCL,65,47,500.0,515.0,257500.0,2024-10-27
2024102705012466,PHCL,65,21,500.0,515.0,257500.0,2024-10-27
2024102705012465,PHCL,65,52,200.0,515.0,103000.0,2024-10-27
2024102705012464,PHCL,65,34,50.0,515.0,25750.0,2024-10-27
2024102705012463,PHCL,65,49,10.0,515.0,5150.0,2024-10-27
2024102705012462,PHCL,65,57,10.0,515.0,5150.0,2024-10-27
2024102705012461,PHCL,65,58,10.0,515.0,5150.0,2024-10-27
2024102705012460,PHCL,65,52,10.0,515.0,5150.0,2024-10-27
2024102705012459,PHCL,65,47,3000.0,515.0,1545000.0,2024-10-27
2024102705012458,PHCL,65,17,500.0,515.0,257500.0,2024-10-27
2024102705012457,PHCL,65,41,10.0,515.0,5150.0,2024-10-27
2024102705012456,PHCL,65,33,170.0,515.0,87550.0,2024-10-27
2024102705012455,PHCL,65,6,10.0,515.0,5150.0,2024-10-27
2024102705012454,PHCL,65,52,50.0,515.0,25750.0,2024-10-27
2024102705012453,PHCL,65,37,600.0,515.0,309000.0,2024-10-27
2024102705012452,PHCL,65,58,10.0,515.0,5150.0,2024-10-27
2024102705012451,PHCL,65,51,10.0,515.0,5150.0,2024-10-27
2024102705012450,PHCL,65,70,100.0,515.0,51500.0,2024-10-27
2024102705012449,PHCL,65,6,10.0,515.0,5150.0,2024-10-27
2024102705012448,PHCL,65,19,10.0,515.0,5150.0,2024-10-27
2024102705012447,PHCL,65,41,10.0,515.0,5150.0,2024-10-27
2024102705012446,PHCL,65,49,10.0,515.0,5150.0,2024-10-27
2024102705012445,PHCL,65,34,200.0,515.0,103000.0,2024-10-27
2024102705012444,PHCL,65,58,10.0,515.0,5150.0,2024-10-27
2024102705012443,PHCL,65,34,10.0,515.0,5150.0,2024-10-27
2024102705012442,PHCL,65,34,10.0,515.0,5150.0,2024-10-27
2024102705012441,PHCL,65,5,10.0,515.0,5150.0,2024-10-27
2024102705012440,PHCL,65,42,30.0,515.0,15450.0,2024-10-27
2024102705012439,PHCL,65,58,50.0,515.0,25750.0,2024-10-27
2024102705012438,PHCL,65,38,10.0,515.0,5150.0,2024-10-27
2024102705012437,PHCL,65,8,500.0,515.0,257500.0,2024-10-27
2024102705012436,PHCL,65,47,10.0,515.0,5150.0,2024-10-27
2024102705012435,PHCL,65,34,10.0,514.9,5149.0,2024-10-27
2024102705012434,PHCL,65,34,50.0,514.9,25745.0,2024-10-27
2024102705012433,PHCL,65,20,295.0,514.8,151866.0,2024-10-27
2024102705012432,PHCL,65,14,400.0,514.0,205600.0,2024-10-27
2024102705012431,PHCL,65,49,10.0,514.0,5140.0,2024-10-27
2024102705012430,PHCL,65,65,10.0,514.0,5140.0,2024-10-27
2024102705012429,PHCL,65,57,10.0,514.0,5140.0,2024-10-27
2024102705012428,PHCL,65,32,20.0,514.0,10280.0,2024-10-27
2024102705012427,PHCL,65,41,100.0,514.0,51400.0,2024-10-27
2024102705012426,PHCL,65,56,10.0,514.0,5140.0,2024-10-27
2024102705012425,PHCL,65,99,20.0,513.0,10260.0,2024-10-27
2024102705012424,PHCL,65,58,50.0,513.0,25650.0,2024-10-27
2024102705012423,PHCL,65,56,1000.0,513.0,513000.0,2024-10-27
2024102705012422,PHCL,65,14,100.0,513.0,51300.0,2024-10-27
2024102705012421,PHCL,65,22,10.0,513.0,5130.0,2024-10-27
2024102705012420,PHCL,65,22,10.0,513.0,5130.0,2024-10-27
2024102705012419,PHCL,65,36,1000.0,513.0,513000.0,2024-10-27
2024102705012418,PHCL,65,58,10.0,513.0,5130.0,2024-10-27
2024102705012417,PHCL,65,51,10.0,513.0,5130.0,2024-10-27
2024102705012416,PHCL,65,34,10.0,513.0,5130.0,2024-10-27
2024102705012415,PHCL,65,58,10.0,513.0,5130.0,2024-10-27
2024102705012414,PHCL,65,44,110.0,513.0,56430.0,2024-10-27
2024102705012413,PHCL,65,45,3000.0,513.0,1539000.0,2024-10-27
2024102705012412,PHCL,65,41,10.0,512.0,5120.0,2024-10-27
2024102705012411,PHCL,65,36,200.0,512.0,102400.0,2024-10-27
2024102705012410,PHCL,65,49,10.0,512.0,5120.0,2024-10-27
2024102705012409,PHCL,65,41,560.0,512.0,286720.0,2024-10-27
2024102705012408,PHCL,65,57,1081.0,512.0,553472.0,2024-10-27
2024102705012407,PHCL,65,58,10.0,512.0,5120.0,2024-10-27
2024102705012406,PHCL,65,65,10.0,512.0,5120.0,2024-10-27
2024102705012405,PHCL,65,22,50.0,512.0,25600.0,2024-10-27
2024102705012404,PHCL,65,58,10.0,512.0,5120.0,2024-10-27
2024102705012403,PHCL,65,50,10.0,512.0,5120.0,2024-10-27
2024102705012402,PHCL,65,32,10.0,512.0,5120.0,2024-10-27
2024102705012401,PHCL,65,86,900.0,512.0,460800.0,2024-10-27
2024102705012400,PHCL,65,74,10.0,512.0,5120.0,2024-10-27
2024102705012399,PHCL,65,86,900.0,512.0,460800.0,2024-10-27
2024102705012398,PHCL,65,53,150.0,512.0,76800.0,2024-10-27
2024102705012397,PHCL,65,58,10.0,512.0,5120.0,2024-10-27
2024102705012396,PHCL,65,39,400.0,512.0,204800.0,2024-10-27
2024102705012395,PHCL,65,75,10.0,512.0,5120.0,2024-10-27
2024102705012394,PHCL,65,34,10.0,512.0,5120.0,2024-10-27
2024102705012393,PHCL,65,42,10.0,512.0,5120.0,2024-10-27
2024102705012392,PHCL,65,19,10.0,511.9,5119.0,2024-10-27
2024102705012391,PHCL,65,58,10.0,511.3,5113.0,2024-10-27
2024102705012390,PHCL,65,67,10.0,511.0,5110.0,2024-10-27
2024102705012389,PHCL,65,57,50.0,511.0,25550.0,2024-10-27
2024102705012388,PHCL,65,13,510.0,511.0,260610.0,2024-10-27
2024102705012387,PHCL,65,29,100.0,511.0,51100.0,2024-10-27
2024102705012386,PHCL,65,13,1000.0,511.0,511000.0,2024-10-27
2024102705012385,PHCL,65,51,10.0,511.0,5110.0,2024-10-27
2024102705012384,PHCL,65,16,10.0,511.0,5110.0,2024-10-27
2024102705012383,PHCL,65,34,10.0,511.0,5110.0,2024-10-27
2024102705012382,PHCL,65,66,50.0,511.0,25550.0,2024-10-27
2024102705012381,PHCL,65,86,900.0,511.0,459900.0,2024-10-27
2024102705012380,PHCL,65,47,100.0,511.0,51100.0,2024-10-27
2024102705012379,PHCL,65,49,10.0,511.0,5110.0,2024-10-27
2024102705012378,PHCL,65,58,10.0,511.0,5110.0,2024-10-27
2024102705012377,PHCL,65,58,70.0,510.8,35756.0,2024-10-27
2024102705012376,PHCL,65,38,10.0,510.2,5102.0,2024-10-27
2024102705012375,PHCL,65,49,10.0,510.1,5101.0,2024-10-27
2024102705012374,PHCL,65,42,10.0,510.1,5101.0,2024-10-27
2024102705012373,PHCL,65,38,10.0,510.1,5101.0,2024-10-27
2024102705012372,PHCL,65,42,10.0,510.0,5100.0,2024-10-27
2024102705012371,PHCL,65,58,10.0,510.0,5100.0,2024-10-27
2024102705012370,PHCL,65,92,1000.0,510.0,510000.0,2024-10-27
2024102705012369,PHCL,65,17,200.0,510.0,102000.0,2024-10-27
2024102705012368,PHCL,65,52,100.0,510.0,51000.0,2024-10-27
2024102705012367,PHCL,65,70,1000.0,510.0,510000.0,2024-10-27
2024102705012366,PHCL,65,42,10.0,510.0,5100.0,2024-10-27
2024102705012365,PHCL,65,52,300.0,510.0,153000.0,2024-10-27
2024102705012364,PHCL,65,59,500.0,510.0,255000.0,2024-10-27
2024102705012363,PHCL,65,19,50.0,510.0,25500.0,2024-10-27
2024102705012362,PHCL,65,7,10.0,510.0,5100.0,2024-10-27
2024102705012361,PHCL,65,42,10.0,510.0,5100.0,2024-10-27
2024102705012360,PHCL,65,39,10.0,510.0,5100.0,2024-10-27
2024102705012359,PHCL,65,41,50.0,510.0,25500.0,2024-10-27
2024102705012358,PHCL,65,58,10.0,510.0,5100.0,2024-10-27
2024102705012357,PHCL,65,4,10.0,510.0,5100.0,2024-10-27
2024102705012356,PHCL,65,57,10.0,510.0,5100.0,2024-10-27
2024102705012355,PHCL,65,52,640.0,510.0,326400.0,2024-10-27
2024102705012354,PHCL,65,57,10.0,510.0,5100.0,2024-10-27
2024102705012353,PHCL,65,45,10.0,510.0,5100.0,2024-10-27
2024102705012352,PHCL,65,59,10.0,510.0,5100.0,2024-10-27
2024102705012351,PHCL,65,45,10.0,510.0,5100.0,2024-10-27
2024102705012350,PHCL,65,17,10.0,510.0,5100.0,2024-10-27
2024102705012349,PHCL,65,59,110.0,510.0,56100.0,2024-10-27
2024102705012348,PHCL,65,86,900.0,510.0,459000.0,2024-10-27
2024102705012347,PHCL,65,38,10.0,510.0,5100.0,2024-10-27
2024102705012346,PHCL,65,58,10.0,510.0,5100.0,2024-10-27
2024102705012345,PHCL,65,38,10.0,510.0,5100.0,2024-10-27
2024102705012344,PHCL,65,52,10.0,510.0,5100.0,2024-10-27
2024102705012343,PHCL,65,45,10.0,510.0,5100.0,2024-10-27
2024102705012342,PHCL,65,52,10.0,510.0,5100.0,2024-10-27
2024102705012341,PHCL,65,58,10.0,510.0,5100.0,2024-10-27
2024102705012340,PHCL,65,34,500.0,510.0,255000.0,2024-10-27
2024102705012339,PHCL,65,59,10.0,510.0,5100.0,2024-10-27
2024102705012338,PHCL,65,36,20.0,510.0,10200.0,2024-10-27
2024102705012337,PHCL,65,58,10.0,510.0,5100.0,2024-10-27
2024102705012336,PHCL,65,58,10.0,510.0,5100.0,2024-10-27
2024102705012335,PHCL,65,47,51.0,509.0,25959.0,2024-10-27
2024102705012334,PHCL,65,86,900.0,509.0,458100.0,2024-10-27
2024102705012333,PHCL,65,8,20.0,509.0,10180.0,2024-10-27
2024102705012332,PHCL,65,14,10.0,508.0,5080.0,2024-10-27
2024102705012331,PHCL,65,49,10.0,508.0,5080.0,2024-10-27
2024102705012330,PHCL,65,86,900.0,508.0,457200.0,2024-10-27
2024102705012329,PHCL,65,34,10.0,508.0,5080.0,2024-10-27
2024102705012328,PHCL,65,44,10.0,507.9,5079.0,2024-10-27
2024102705012327,PHCL,65,19,100.0,507.0,50700.0,2024-10-27
2024102705012326,PHCL,65,4,10.0,507.0,5070.0,2024-10-27
2024102705012325,PHCL,65,49,10.0,507.0,5070.0,2024-10-27
2024102705012324,PHCL,65,86,900.0,507.0,456300.0,2024-10-27
2024102705012323,PHCL,65,57,10.0,507.0,5070.0,2024-10-27
2024102705012322,PHCL,65,79,10.0,507.0,5070.0,2024-10-27
2024102705012321,PHCL,65,79,10.0,507.0,5070.0,2024-10-27
2024102705012320,PHCL,65,13,10.0,506.0,5060.0,2024-10-27
2024102705012319,PHCL,65,38,300.0,506.0,151800.0,2024-10-27
2024102705012318,PHCL,65,26,10.0,505.0,5050.0,2024-10-27
2024102705012317,PHCL,65,32,10.0,505.0,5050.0,2024-10-27
2024102705012316,PHCL,65,40,10.0,505.0,5050.0,2024-10-27
2024102705012315,PHCL,65,41,10.0,505.0,5050.0,2024-10-27
2024102705012314,PHCL,65,38,10.0,505.0,5050.0,2024-10-27
2024102705012313,PHCL,65,58,2283.0,504.9,1152686.7,2024-10-27
2024102705012312,PHCL,65,49,10.0,504.5,5045.0,2024-10-27
2024102705012311,PHCL,65,58,70.0,504.0,35280.0,2024-10-27
2024102705012310,PHCL,65,45,10.0,504.0,5040.0,2024-10-27
2024102705012309,PHCL,65,21,324.0,504.0,163296.0,2024-10-27
2024102705012308,PHCL,65,45,500.0,503.9,251950.0,2024-10-27
2024102705012307,PHCL,65,59,210.0,503.8,105798.0,2024-10-27
2024102701019495,UHEWA,58,70,100.0,483.0,48300.0,2024-10-27
2024102703014717,KRBL,7,58,10.0,616.0,6160.0,2024-10-27
2024102701019494,NICA,48,36,200.0,444.0,88800.0,2024-10-27
2024102703014716,GFCL,38,44,10.0,1001.0,10010.0,2024-10-27
2024102701019493,NIMB,57,6,100.0,232.4,23240.0,2024-10-27
2024102701019492,USHL,50,35,90.0,770.0,69300.0,2024-10-27
2024102703014715,GFCL,61,44,10.0,1001.0,10010.0,2024-10-27
2024102704009334,HDHPC,8,37,390.0,207.7,81003.0,2024-10-27
2024102703014714,NFS,34,41,50.0,1266.8,63340.0,2024-10-27
2024102703014713,NFS,16,41,1000.0,1266.8,1266800.0,2024-10-27
2024102703014712,NFS,14,41,30.0,1266.9,38007.0,2024-10-27
2024102703014711,NFS,34,41,15.0,1267.0,19005.0,2024-10-27
2024102703014710,NFS,48,41,20.0,1269.1,25382.0,2024-10-27
2024102703014709,NFS,51,41,100.0,1269.1,126910.0,2024-10-27
2024102703014708,NFS,44,41,100.0,1269.1,126910.0,2024-10-27
2024102703014707,NFS,1,41,200.0,1269.1,253820.0,2024-10-27
2024102703014706,NFS,6,41,100.0,1269.1,126910.0,2024-10-27
2024102703014705,NFS,11,41,100.0,1269.1,126910.0,2024-10-27
2024102703014704,NFS,42,41,10.0,1269.1,12691.0,2024-10-27
2024102703014703,NFS,17,41,40.0,1269.1,50764.0,2024-10-27
2024102703014702,NFS,6,41,20.0,1269.1,25382.0,2024-10-27
2024102703014701,NFS,59,41,50.0,1269.1,63455.0,2024-10-27
2024102703014700,NFS,58,41,10.0,1270.0,12700.0,2024-10-27
2024102703014699,NFS,57,41,10.0,1270.0,12700.0,2024-10-27
2024102703014698,NFS,68,41,200.0,1270.0,254000.0,2024-10-27
2024102703014697,NFS,37,41,100.0,1270.0,127000.0,2024-10-27
2024102703014696,NFS,16,41,100.0,1270.0,127000.0,2024-10-27
2024102703014695,NFS,14,41,40.0,1270.0,50800.0,2024-10-27
2024102703014694,NFS,18,41,200.0,1270.0,254000.0,2024-10-27
2024102703014693,NFS,35,41,100.0,1270.0,127000.0,2024-10-27
2024102703014692,NFS,45,41,100.0,1271.0,127100.0,2024-10-27
2024102703014691,NFS,57,41,100.0,1271.1,127110.0,2024-10-27
2024102703014690,NFS,58,41,25.0,1271.1,31777.5,2024-10-27
2024102703014689,NFS,57,41,40.0,1271.2,50848.0,2024-10-27
2024102703014688,NFS,39,41,20.0,1272.0,25440.0,2024-10-27
2024102703014687,NFS,49,41,100.0,1272.0,127200.0,2024-10-27
2024102703014686,NFS,35,41,200.0,1272.0,254400.0,2024-10-27
2024102703014685,NFS,49,41,140.0,1274.0,178360.0,2024-10-27
2024102703014684,NFS,39,41,200.0,1274.0,254800.0,2024-10-27
2024102703014683,NFS,22,41,100.0,1274.0,127400.0,2024-10-27
2024102703014682,NFS,43,41,10.0,1274.0,12740.0,2024-10-27
2024102703014681,NFS,21,41,15.0,1274.0,19110.0,2024-10-27
2024102703014680,NFS,21,41,300.0,1274.0,382200.0,2024-10-27
2024102703014679,NFS,55,41,10.0,1274.0,12740.0,2024-10-27
2024102703014678,NFS,17,41,15.0,1274.0,19110.0,2024-10-27
2024102703014677,NFS,63,41,200.0,1274.0,254800.0,2024-10-27
2024102703014676,NFS,6,41,20.0,1274.0,25480.0,2024-10-27
2024102703014675,NFS,17,41,100.0,1274.0,127400.0,2024-10-27
2024102703014674,NFS,71,41,50.0,1274.1,63705.0,2024-10-27
2024102703014673,NFS,33,41,20.0,1275.0,25500.0,2024-10-27
2024102703014672,NFS,41,41,100.0,1275.0,127500.0,2024-10-27
2024102703014671,NFS,3,41,100.0,1275.0,127500.0,2024-10-27
2024102703014670,NFS,39,41,50.0,1275.0,63750.0,2024-10-27
2024102703014669,NFS,22,41,10.0,1275.0,12750.0,2024-10-27
2024102703014668,NFS,34,41,25.0,1275.0,31875.0,2024-10-27
2024102703014667,NFS,64,41,100.0,1275.0,127500.0,2024-10-27
2024102703014666,NFS,58,41,250.0,1275.0,318750.0,2024-10-27
2024102703014665,NFS,19,41,50.0,1275.0,63750.0,2024-10-27
2024102703014664,NFS,57,41,100.0,1277.0,127700.0,2024-10-27
2024102703014663,NFS,39,41,100.0,1279.0,127900.0,2024-10-27
2024102703014662,NFS,47,41,500.0,1279.0,639500.0,2024-10-27
2024102703014661,NFS,22,41,55.0,1280.0,70400.0,2024-10-27
2024102703014660,NFS,36,41,10.0,1280.0,12800.0,2024-10-27
2024102703014659,NFS,58,41,10.0,1280.0,12800.0,2024-10-27
2024102703014658,NFS,49,41,20.0,1283.0,25660.0,2024-10-27
2024102703014657,NFS,39,41,50.0,1283.0,64150.0,2024-10-27
2024102703014656,NFS,29,41,100.0,1283.8,128380.0,2024-10-27
2024102703014655,NFS,32,41,100.0,1284.0,128400.0,2024-10-27
2024102703014654,NFS,39,41,100.0,1285.0,128500.0,2024-10-27
2024102703014653,NFS,58,41,10.0,1285.8,12858.0,2024-10-27
2024102703014652,NFS,26,41,50.0,1285.8,64290.0,2024-10-27
2024102703014651,NFS,37,41,30.0,1285.8,38574.0,2024-10-27
2024102703014650,NFS,19,41,10.0,1285.8,12858.0,2024-10-27
2024102703014649,NFS,22,41,70.0,1286.0,90020.0,2024-10-27
2024102703014648,NFS,39,41,100.0,1286.0,128600.0,2024-10-27
2024102703014647,NFS,64,41,20.0,1286.0,25720.0,2024-10-27
2024102703014646,NFS,33,41,10.0,1286.9,12869.0,2024-10-27
2024102703014645,NFS,51,41,100.0,1286.9,128690.0,2024-10-27
2024102703014644,NFS,37,41,100.0,1287.0,128700.0,2024-10-27
2024102703014643,NFS,18,41,160.0,1287.0,205920.0,2024-10-27
2024102703014642,NFS,58,41,30.0,1287.1,38613.0,2024-10-27
2024102703014641,NFS,32,41,100.0,1287.9,128790.0,2024-10-27
2024102703014640,NFS,59,41,20.0,1288.0,25760.0,2024-10-27
2024102703014639,NFS,22,41,300.0,1288.0,386400.0,2024-10-27
2024102703014638,NFS,62,41,500.0,1288.0,644000.0,2024-10-27
2024102703014637,NFS,36,41,2200.0,1288.1,2833820.0,2024-10-27
2024102703014636,NFS,57,41,100.0,1288.7,128870.0,2024-10-27
2024102703014635,NFS,45,41,500.0,1288.7,644350.0,2024-10-27
2024102703014634,NFS,38,41,100.0,1288.7,128870.0,2024-10-27
2024102703014633,NFS,28,41,50.0,1288.7,64435.0,2024-10-27
2024102703014632,NFS,47,41,100.0,1289.0,128900.0,2024-10-27
2024102703014631,NFS,1,41,50.0,1289.0,64450.0,2024-10-27
2024102703014630,NFS,6,41,10.0,1289.6,12896.0,2024-10-27
2024102703014629,NFS,6,41,100.0,1290.0,129000.0,2024-10-27
2024102703014628,NFS,28,41,200.0,1290.0,258000.0,2024-10-27
2024102703014627,NFS,58,41,78.0,1290.0,100620.0,2024-10-27
2024102703014626,NFS,6,41,20.0,1290.0,25800.0,2024-10-27
2024102703014625,NFS,14,41,20.0,1290.0,25800.0,2024-10-27
2024102703014624,NFS,57,41,30.0,1290.0,38700.0,2024-10-27
2024102703014623,NFS,6,41,200.0,1290.0,258000.0,2024-10-27
2024102703014622,NFS,16,41,200.0,1292.6,258520.0,2024-10-27
2024102703014621,NFS,35,41,20.0,1293.8,25876.0,2024-10-27
2024102703014620,NFS,21,41,10.0,1295.0,12950.0,2024-10-27
2024102703014619,NFS,6,41,100.0,1295.0,129500.0,2024-10-27
2024102703014618,NFS,35,41,200.0,1295.0,259000.0,2024-10-27
2024102703014617,NFS,41,41,50.0,1295.0,64750.0,2024-10-27
2024102703014616,NFS,91,41,10.0,1298.1,12981.0,2024-10-27
2024102703014615,NFS,58,41,10.0,1300.0,13000.0,2024-10-27
2024102703014614,NFS,51,41,10.0,1300.0,13000.0,2024-10-27
2024102703014613,NFS,6,41,100.0,1300.0,130000.0,2024-10-27
2024102703014612,NFS,80,41,100.0,1300.0,130000.0,2024-10-27
2024102703014611,NFS,57,41,10.0,1300.0,13000.0,2024-10-27
2024102703014610,NFS,57,41,50.0,1300.0,65000.0,2024-10-27
2024102703014609,NFS,57,41,100.0,1300.0,130000.0,2024-10-27
2024102703014608,NFS,33,41,1400.0,1300.0,1820000.0,2024-10-27
2024102703014607,NFS,37,41,15.0,1302.0,19530.0,2024-10-27
2024102703014606,NFS,32,41,50.0,1303.0,65150.0,2024-10-27
2024102703014605,NFS,13,41,10.0,1303.0,13030.0,2024-10-27
2024102703014604,NFS,81,41,10.0,1303.0,13030.0,2024-10-27
2024102703014603,NFS,60,41,40.0,1303.4,52136.0,2024-10-27
2024102703014602,NFS,28,41,50.0,1304.0,65200.0,2024-10-27
2024102703014601,NFS,17,41,100.0,1304.0,130400.0,2024-10-27
2024102703014600,NFS,71,41,1500.0,1304.5,1956750.0,2024-10-27
2024102703014599,NFS,5,41,2000.0,1304.5,2609000.0,2024-10-27
2024102703014598,NFS,34,41,50.0,1304.5,65225.0,2024-10-27
2024102703014597,NFS,38,41,200.0,1304.5,260900.0,2024-10-27
2024102703014596,NFS,32,41,100.0,1304.5,130450.0,2024-10-27
2024102703014595,NFS,61,41,2000.0,1304.5,2609000.0,2024-10-27
2024102703014594,NFS,58,41,125.0,1304.5,163062.5,2024-10-27
2024102703014593,NFS,6,41,160.0,1304.6,208736.0,2024-10-27
2024102703014592,NFS,60,41,1000.0,1304.6,1304600.0,2024-10-27
2024102703014591,NFS,51,41,10.0,1304.6,13046.0,2024-10-27
2024102703014590,NFS,51,41,100.0,1304.6,130460.0,2024-10-27
2024102703014589,NFS,35,41,135.0,1304.6,176121.0,2024-10-27
2024102703014588,NFS,38,41,350.0,1304.7,456645.0,2024-10-27
2024102703014587,NFS,38,41,350.0,1304.7,456645.0,2024-10-27
2024102703014586,NFS,38,41,350.0,1304.7,456645.0,2024-10-27
2024102703014585,NFS,38,41,350.0,1304.7,456645.0,2024-10-27
2024102703014584,NFS,71,41,500.0,1304.7,652350.0,2024-10-27
2024102703014583,NFS,38,41,350.0,1304.7,456645.0,2024-10-27
2024102703014582,NFS,38,41,350.0,1304.7,456645.0,2024-10-27
2024102703014581,NFS,60,41,50.0,1304.8,65240.0,2024-10-27
2024102703014580,NFS,60,41,900.0,1304.8,1174320.0,2024-10-27
2024102703014579,NFS,47,41,100.0,1304.9,130490.0,2024-10-27
2024102703014578,NFS,45,41,13.0,1304.9,16963.7,2024-10-27
2024102703014577,NFS,13,41,20.0,1304.9,26098.0,2024-10-27
2024102703014576,NFS,58,41,45.0,1304.9,58720.5,2024-10-27
2024102703014575,NFS,44,41,50.0,1305.0,65250.0,2024-10-27
2024102703014574,NFS,58,41,28.0,1305.0,36540.0,2024-10-27
2024102703014573,NFS,35,41,200.0,1305.0,261000.0,2024-10-27
2024102703014572,NFS,16,41,50.0,1305.0,65250.0,2024-10-27
2024102703014571,NFS,18,41,200.0,1305.0,261000.0,2024-10-27
2024102703014570,NFS,13,41,10.0,1305.0,13050.0,2024-10-27
2024102703014569,NFS,25,41,140.0,1305.0,182700.0,2024-10-27
2024102703014568,NFS,17,41,100.0,1305.0,130500.0,2024-10-27
2024102703014567,NFS,71,41,200.0,1305.0,261000.0,2024-10-27
2024102703014566,NFS,96,41,200.0,1305.0,261000.0,2024-10-27
2024102703014565,NFS,96,41,200.0,1305.0,261000.0,2024-10-27
2024102703014564,NFS,28,41,20.0,1305.4,26108.0,2024-10-27
2024102703014563,NFS,43,41,500.0,1305.5,652750.0,2024-10-27
2024102703014562,NFS,45,41,550.0,1305.5,718025.0,2024-10-27
2024102703014561,NFS,35,41,280.0,1305.5,365540.0,2024-10-27
2024102703014560,NFS,32,41,100.0,1305.6,130560.0,2024-10-27
2024102703014559,NFS,65,41,500.0,1306.0,653000.0,2024-10-27
2024102703014558,NFS,65,41,500.0,1306.0,653000.0,2024-10-27
2024102703014557,NFS,1,41,100.0,1306.0,130600.0,2024-10-27
2024102703014556,NFS,5,41,100.0,1306.0,130600.0,2024-10-27
2024102703014555,NFS,62,41,3000.0,1306.0,3918000.0,2024-10-27
2024102703014554,NFS,26,41,200.0,1306.0,261200.0,2024-10-27
2024102703014553,NFS,57,41,50.0,1306.5,65325.0,2024-10-27
2024102703014552,NFS,50,41,500.0,1307.0,653500.0,2024-10-27
2024102703014551,NFS,65,41,500.0,1307.0,653500.0,2024-10-27
2024102703014550,NFS,20,41,200.0,1307.4,261480.0,2024-10-27
2024102703014549,NFS,1,41,100.0,1308.0,130800.0,2024-10-27
2024102703014548,NFS,65,41,500.0,1308.0,654000.0,2024-10-27
2024102703014547,NFS,57,41,190.0,1308.0,248520.0,2024-10-27
2024102703014546,NFS,5,41,100.0,1308.0,130800.0,2024-10-27
2024102703014545,NFS,51,41,50.0,1308.0,65400.0,2024-10-27
2024102703014544,NFS,48,41,100.0,1308.3,130830.0,2024-10-27
2024102703014543,NFS,5,41,100.0,1308.3,130830.0,2024-10-27
2024102703014542,NFS,58,41,10.0,1308.5,13085.0,2024-10-27
2024102703014541,NFS,61,41,100.0,1309.0,130900.0,2024-10-27
2024102703014540,NFS,87,41,200.0,1309.0,261800.0,2024-10-27
2024102703014539,NFS,72,41,100.0,1309.1,130910.0,2024-10-27
2024102703014538,NFS,43,41,250.0,1309.3,327325.0,2024-10-27
2024102703014537,NFS,41,41,10.0,1309.3,13093.0,2024-10-27
2024102703014536,NFS,42,41,100.0,1310.0,131000.0,2024-10-27
2024102703014535,NFS,45,41,100.0,1310.0,131000.0,2024-10-27
2024102703014534,NFS,40,41,10.0,1310.0,13100.0,2024-10-27
2024102703014533,NFS,62,41,380.0,1310.0,497800.0,2024-10-27
2024102703014532,NFS,4,41,100.0,1310.0,131000.0,2024-10-27
2024102703014531,NFS,7,41,10.0,1310.0,13100.0,2024-10-27
2024102703014530,NFS,44,41,50.0,1310.0,65500.0,2024-10-27
2024102703014529,NFS,62,41,1000.0,1311.4,1311400.0,2024-10-27
2024102703014528,NFS,62,41,57.0,1311.4,74749.8,2024-10-27
2024102703014527,NFS,36,41,20.0,1312.0,26240.0,2024-10-27
2024102703014526,NFS,72,41,50.0,1312.0,65600.0,2024-10-27
2024102703014525,NFS,26,41,100.0,1313.0,131300.0,2024-10-27
2024102703014524,NFS,58,41,10.0,1313.2,13132.0,2024-10-27
2024102703014523,NFS,32,41,200.0,1313.2,262640.0,2024-10-27
2024102703014522,NFS,63,41,200.0,1314.0,262800.0,2024-10-27
2024102703014521,NFS,14,41,20.0,1314.0,26280.0,2024-10-27
2024102703014520,NFS,72,41,50.0,1314.4,65720.0,2024-10-27
2024102703014519,NFS,38,41,50.0,1314.5,65725.0,2024-10-27
2024102703014518,NFS,39,41,50.0,1315.0,65750.0,2024-10-27
2024102703014517,NFS,17,41,10.0,1315.0,13150.0,2024-10-27
2024102703014516,NFS,63,41,10.0,1315.0,13150.0,2024-10-27
2024102703014515,NFS,87,41,300.0,1315.0,394500.0,2024-10-27
2024102703014514,NFS,56,41,100.0,1316.2,131620.0,2024-10-27
2024102703014513,NFS,28,41,100.0,1318.0,131800.0,2024-10-27
2024102703014512,NFS,7,41,200.0,1318.1,263620.0,2024-10-27
2024102703014511,NFS,14,41,60.0,1320.0,79200.0,2024-10-27
2024102703014510,NFS,43,41,250.0,1320.0,330000.0,2024-10-27
2024102703014509,NFS,49,41,200.0,1320.0,264000.0,2024-10-27
2024102703014508,NFS,69,41,50.0,1320.0,66000.0,2024-10-27
2024102703014507,NFS,33,41,90.0,1321.0,118890.0,2024-10-27
2024102703014506,NFS,58,41,10.0,1325.0,13250.0,2024-10-27
2024102703014505,NFS,59,41,70.0,1325.0,92750.0,2024-10-27
2024102703014504,NFS,41,41,200.0,1327.0,265400.0,2024-10-27
2024102703014503,NFS,3,41,190.0,1328.2,252358.0,2024-10-27
2024102703014502,NFS,42,41,338.0,1330.0,449540.0,2024-10-27
2024102703014501,NFS,87,41,300.0,1330.0,399000.0,2024-10-27
2024102703014500,NFS,58,41,111.0,1330.0,147630.0,2024-10-27
2024102703014499,NFS,58,41,75.0,1330.0,99750.0,2024-10-27
2024102703014498,NFS,57,41,50.0,1330.0,66500.0,2024-10-27
2024102703014497,NFS,87,41,145.0,1330.1,192864.5,2024-10-27
2024102703014496,NFS,87,41,10.0,1331.1,13311.0,2024-10-27
2024102703014495,NFS,62,41,400.0,1331.1,532440.0,2024-10-27
2024102703014494,NFS,44,41,200.0,1331.2,266240.0,2024-10-27
2024102703014493,NFS,71,41,406.0,1332.1,540832.6,2024-10-27
2024102703014492,NFS,81,41,450.0,1333.2,599940.0,2024-10-27
2024102703014491,NFS,58,41,20.0,1334.0,26680.0,2024-10-27
2024102703014490,NFS,72,41,67.0,1334.0,89378.0,2024-10-27
2024102704009333,AHPC,17,21,10.0,270.5,2705.0,2024-10-27
2024102704009332,RIDI,21,1,390.0,232.1,90519.0,2024-10-27
2024102705012306,ILI,22,47,20.0,478.1,9562.0,2024-10-27
2024102701019491,PRVU,22,22,10.0,238.8,2388.0,2024-10-27
2024102701019490,BHDC,5,39,10.0,581.0,5810.0,2024-10-27
2024102704009331,HURJA,34,95,10.0,220.9,2209.0,2024-10-27
2024102703014489,MFIL,34,53,135.0,744.8,100548.0,2024-10-27
2024102703014488,MFIL,34,38,50.0,743.0,37150.0,2024-10-27
2024102703014487,GMFIL,49,65,40.0,603.2,24128.0,2024-10-27
2024102703014486,GMFIL,32,65,60.0,603.3,36198.0,2024-10-27
2024102703014485,GMFIL,7,65,100.0,603.3,60330.0,2024-10-27
2024102703014484,GMFIL,34,65,300.0,604.0,181200.0,2024-10-27
2024102701019489,NBL,13,98,204.0,281.0,57324.0,2024-10-27
2024102701019488,NBL,32,98,300.0,281.0,84300.0,2024-10-27
2024102705012305,HIDCL,22,49,300.0,269.0,80700.0,2024-10-27
2024102701019487,MAKAR,83,6,10.0,538.0,5380.0,2024-10-27
2024102705012304,SAHAS,18,43,300.0,516.2,154860.0,2024-10-27
2024102705012303,SAHAS,62,43,200.0,516.3,103260.0,2024-10-27
2024102703014483,CORBL,29,46,118.0,888.0,104784.0,2024-10-27
2024102705012302,SAHAS,62,41,200.0,516.3,103260.0,2024-10-27
2024102703014482,JSLBB,62,45,100.0,1476.0,147600.0,2024-10-27
2024102703014481,JSLBB,62,45,100.0,1476.0,147600.0,2024-10-27
2024102703014480,SFCL,74,22,100.0,792.6,79260.0,2024-10-27
2024102703014479,SFCL,74,64,4990.0,777.0,3877230.0,2024-10-27
2024102703014478,SFCL,74,56,330.0,749.7,247401.0,2024-10-27
2024102703014477,SFCL,74,14,100.0,749.7,74970.0,2024-10-27
2024102703014476,SFCL,74,14,100.0,749.7,74970.0,2024-10-27
2024102703014475,SFCL,74,44,200.0,749.7,149940.0,2024-10-27
2024102703014474,SFCL,74,22,100.0,749.7,74970.0,2024-10-27
2024102703014473,SFCL,74,14,200.0,749.7,149940.0,2024-10-27
2024102703014472,SFCL,74,38,275.0,749.7,206167.5,2024-10-27
2024102703014471,SFCL,74,37,100.0,749.7,74970.0,2024-10-27
2024102703014470,SFCL,74,17,500.0,749.7,374850.0,2024-10-27
2024102703014469,SFCL,74,44,100.0,749.7,74970.0,2024-10-27
2024102703014468,SFCL,74,43,20.0,749.1,14982.0,2024-10-27
2024102703014467,SFCL,74,21,210.0,749.1,157311.0,2024-10-27
2024102703014466,SFCL,74,16,10.0,749.1,7491.0,2024-10-27
2024102703014465,SFCL,74,57,500.0,749.1,374550.0,2024-10-27
2024102703014464,SFCL,74,25,50.0,749.1,37455.0,2024-10-27
2024102703014463,SFCL,74,46,1000.0,749.1,749100.0,2024-10-27
2024102703014462,SFCL,74,58,600.0,749.1,449460.0,2024-10-27
2024102703014461,SFCL,74,22,40.0,749.1,29964.0,2024-10-27
2024102703014460,SFCL,74,94,50.0,749.0,37450.0,2024-10-27
2024102703014459,SFCL,74,45,100.0,749.0,74900.0,2024-10-27
2024102703014458,SFCL,74,4,20.0,749.0,14980.0,2024-10-27
2024102703014457,SFCL,74,33,50.0,749.0,37450.0,2024-10-27
2024102703014456,SFCL,74,48,100.0,749.0,74900.0,2024-10-27
2024102703014455,SFCL,74,7,150.0,749.0,112350.0,2024-10-27
2024102703014454,SFCL,74,54,200.0,744.6,148920.0,2024-10-27
2024102703014453,SFCL,74,49,50.0,744.6,37230.0,2024-10-27
2024102703014452,SFCL,74,87,50.0,744.6,37230.0,2024-10-27
2024102703014451,SFCL,74,13,700.0,744.6,521220.0,2024-10-27
2024102703014450,SFCL,74,52,1000.0,744.6,744600.0,2024-10-27
2024102703014449,SFCL,74,50,10.0,744.6,7446.0,2024-10-27
2024102703014448,SFCL,74,71,500.0,744.6,372300.0,2024-10-27
2024102703014447,SFCL,74,51,100.0,744.6,74460.0,2024-10-27
2024102703014446,SFCL,74,57,100.0,744.6,74460.0,2024-10-27
2024102703014445,SFCL,74,61,100.0,744.6,74460.0,2024-10-27
2024102703014444,SFCL,74,42,450.0,744.6,335070.0,2024-10-27
2024102703014443,SFCL,74,62,100.0,744.6,74460.0,2024-10-27
2024102703014442,SFCL,74,22,150.0,744.6,111690.0,2024-10-27
2024102703014441,SFCL,74,61,400.0,744.6,297840.0,2024-10-27
2024102703014440,SFCL,74,47,100.0,744.6,74460.0,2024-10-27
2024102703014439,SFCL,74,35,10.0,744.6,7446.0,2024-10-27
2024102703014438,SFCL,74,28,75.0,744.6,55845.0,2024-10-27
2024102703014437,SFCL,74,49,50.0,744.6,37230.0,2024-10-27
2024102703014436,SFCL,74,29,100.0,744.5,74450.0,2024-10-27
2024102703014435,SFCL,74,41,50.0,744.5,37225.0,2024-10-27
2024102703014434,SFCL,74,21,4030.0,744.4,2999932.0,2024-10-27
2024102703014433,SFCL,74,46,400.0,744.4,297760.0,2024-10-27
2024102703014432,SFCL,74,64,2000.0,744.4,1488800.0,2024-10-27
2024102703014431,SFCL,74,29,385.0,744.4,286594.0,2024-10-27
2024102703014430,SFCL,74,35,10.0,744.4,7444.0,2024-10-27
2024102703014429,SFCL,74,38,50.0,744.4,37220.0,2024-10-27
2024102703014428,SFCL,74,96,2000.0,744.4,1488800.0,2024-10-27
2024102703014427,SFCL,74,43,20.0,744.3,14886.0,2024-10-27
2024102703014426,SFCL,74,34,300.0,744.3,223290.0,2024-10-27
2024102703014425,SFCL,74,59,300.0,744.0,223200.0,2024-10-27
2024102703014424,SFCL,74,13,100.0,744.0,74400.0,2024-10-27
2024102703014423,SFCL,74,58,80.0,744.0,59520.0,2024-10-27
2024102703014422,SFCL,74,95,2990.0,744.0,2224560.0,2024-10-27
2024102703014421,SFCL,74,42,300.0,744.0,223200.0,2024-10-27
2024102703014420,SFCL,74,42,10.0,744.0,7440.0,2024-10-27
2024102703014419,SFCL,74,44,300.0,744.0,223200.0,2024-10-27
2024102703014418,SFCL,74,7,550.0,744.0,409200.0,2024-10-27
2024102703014417,SFCL,74,26,100.0,744.0,74400.0,2024-10-27
2024102703014416,SFCL,74,49,100.0,744.0,74400.0,2024-10-27
2024102703014415,SFCL,74,58,20.0,744.0,14880.0,2024-10-27
2024102703014414,SFCL,74,22,150.0,744.0,111600.0,2024-10-27
2024102703014413,SFCL,74,57,50.0,744.0,37200.0,2024-10-27
2024102703014412,SFCL,74,7,50.0,744.0,37200.0,2024-10-27
2024102703014411,SFCL,74,38,300.0,744.0,223200.0,2024-10-27
2024102703014410,SFCL,74,44,50.0,744.0,37200.0,2024-10-27
2024102703014409,SFCL,74,17,100.0,743.5,74350.0,2024-10-27
2024102703014408,SFCL,74,57,500.0,743.5,371750.0,2024-10-27
2024102703014407,SFCL,74,51,50.0,743.5,37175.0,2024-10-27
2024102703014406,SFCL,74,48,100.0,743.5,74350.0,2024-10-27
2024102703014405,SFCL,74,80,50.0,743.5,37175.0,2024-10-27
2024102703014404,SFCL,74,64,300.0,743.5,223050.0,2024-10-27
2024102703014403,SFCL,74,45,10.0,743.0,7430.0,2024-10-27
2024102703014402,SFCL,74,22,50.0,743.0,37150.0,2024-10-27
2024102703014401,SFCL,74,42,139.0,743.0,103277.0,2024-10-27
2024102703014400,SFCL,74,54,5100.0,743.0,3789300.0,2024-10-27
2024102703014399,SFCL,74,57,100.0,743.0,74300.0,2024-10-27
2024102703014398,SFCL,74,58,128.0,743.0,95104.0,2024-10-27
2024102703014397,SFCL,74,21,100.0,742.8,74280.0,2024-10-27
2024102703014396,SFCL,74,35,300.0,742.0,222600.0,2024-10-27
2024102703014395,SFCL,74,25,100.0,742.0,74200.0,2024-10-27
2024102703014394,SFCL,74,45,500.0,741.5,370750.0,2024-10-27
2024102703014393,SFCL,74,57,100.0,741.5,74150.0,2024-10-27
2024102703014392,SFCL,74,57,100.0,741.5,74150.0,2024-10-27
2024102703014391,SFCL,74,44,100.0,741.0,74100.0,2024-10-27
2024102703014390,SFCL,74,81,1897.0,741.0,1405677.0,2024-10-27
2024102703014389,SFCL,74,43,200.0,741.0,148200.0,2024-10-27
2024102703014388,SFCL,74,57,840.0,741.0,622440.0,2024-10-27
2024102703014387,SFCL,74,55,440.0,741.0,326040.0,2024-10-27
2024102703014386,SFCL,74,59,15.0,741.0,11115.0,2024-10-27
2024102703014385,SFCL,74,95,100.0,741.0,74100.0,2024-10-27
2024102703014384,SFCL,74,18,200.0,740.8,148160.0,2024-10-27
2024102703014383,SFCL,74,58,130.0,740.0,96200.0,2024-10-27
2024102703014382,SFCL,74,57,150.0,740.0,111000.0,2024-10-27
2024102703014381,SFCL,74,59,40.0,740.0,29600.0,2024-10-27
2024102703014380,SFCL,74,38,100.0,740.0,74000.0,2024-10-27
2024102703014379,SFCL,74,41,20.0,740.0,14800.0,2024-10-27
2024102703014378,SFCL,74,45,100.0,740.0,74000.0,2024-10-27
2024102703014377,SFCL,74,45,20.0,740.0,14800.0,2024-10-27
2024102703014376,SFCL,74,45,2000.0,740.0,1480000.0,2024-10-27
2024102703014375,SFCL,74,22,50.0,740.0,37000.0,2024-10-27
2024102703014374,SFCL,74,58,50.0,740.0,37000.0,2024-10-27
2024102703014373,SFCL,74,42,70.0,740.0,51800.0,2024-10-27
2024102703014372,SFCL,74,58,50.0,740.0,37000.0,2024-10-27
2024102703014371,SFCL,74,17,100.0,740.0,74000.0,2024-10-27
2024102703014370,SFCL,74,50,50.0,740.0,37000.0,2024-10-27
2024102703014369,SFCL,74,34,20.0,740.0,14800.0,2024-10-27
2024102703014368,SFCL,74,6,25.0,739.5,18487.5,2024-10-27
2024102703014367,SFCL,74,13,100.0,739.0,73900.0,2024-10-27
2024102703014366,SFCL,74,41,400.0,738.4,295360.0,2024-10-27
2024102703014365,SFCL,74,42,2000.0,738.4,1476800.0,2024-10-27
2024102703014364,SFCL,74,6,10.0,738.4,7384.0,2024-10-27
2024102703014363,SFCL,74,42,100.0,738.0,73800.0,2024-10-27
2024102703014362,SFCL,74,34,100.0,737.0,73700.0,2024-10-27
2024102703014361,SFCL,74,28,20.0,736.0,14720.0,2024-10-27
2024102703014360,SFCL,74,34,100.0,736.0,73600.0,2024-10-27
2024102703014359,SFCL,74,19,10.0,735.4,7354.0,2024-10-27
2024102703014358,SFCL,74,19,300.0,735.0,220500.0,2024-10-27
2024102703014357,SFCL,74,29,230.0,735.0,169050.0,2024-10-27
2024102703014356,SFCL,74,42,80.0,735.0,58800.0,2024-10-27
2024102703014355,SFCL,74,46,100.0,735.0,73500.0,2024-10-27
2024102703014354,SFCL,74,58,200.0,734.4,146880.0,2024-10-27
2024102703014353,SFCL,74,41,150.0,733.0,109950.0,2024-10-27
2024102703014352,SFCL,74,38,20.0,731.0,14620.0,2024-10-27
2024102703014351,SFCL,74,45,450.0,730.0,328500.0,2024-10-27
2024102703014350,SFCL,74,85,60.0,730.0,43800.0,2024-10-27
2024102703014349,SFCL,74,34,685.0,730.0,500050.0,2024-10-27
2024102703014348,SFCL,74,63,200.0,730.0,146000.0,2024-10-27
2024102703014347,SFCL,74,13,30.0,730.0,21900.0,2024-10-27
2024102703014346,CFCL,60,35,25.0,656.8,16420.0,2024-10-27
2024102703014345,CFCL,60,13,30.0,655.0,19650.0,2024-10-27
2024102703014344,CFCL,60,57,60.0,655.0,39300.0,2024-10-27
2024102703014343,CFCL,60,34,100.0,654.0,65400.0,2024-10-27
2024102703014342,CFCL,60,35,15.0,654.0,9810.0,2024-10-27
2024102703014341,CFCL,60,41,200.0,653.0,130600.0,2024-10-27
2024102703014340,CFCL,60,29,70.0,653.0,45710.0,2024-10-27
2024102701019486,EBL,57,36,50.0,598.0,29900.0,2024-10-27
2024102704009330,AKPL,62,10,2000.0,249.0,498000.0,2024-10-27
2024102704009329,NHPC,58,49,100.0,219.0,21900.0,2024-10-27
2024102705012301,HRL,42,22,10.0,854.7,8547.0,2024-10-27
2024102701019485,KDL,91,48,25.0,1041.0,26025.0,2024-10-27
2024102701019484,KDL,91,42,20.0,1040.0,20800.0,2024-10-27
2024102701019483,KDL,91,38,55.0,1039.0,57145.0,2024-10-27
2024102704009328,AKJCL,36,51,19.0,208.5,3961.5,2024-10-27
2024102704009327,AKJCL,36,29,100.0,208.4,20840.0,2024-10-27
2024102701019482,HBL,34,99,30.0,250.0,7500.0,2024-10-27
2024102701019481,TSHL,6,35,10.0,870.0,8700.0,2024-10-27
2024102705012300,SAHAS,62,77,100.0,516.3,51630.0,2024-10-27
2024102701019480,NYADI,39,32,20.0,302.0,6040.0,2024-10-27
2024102705012299,ILI,16,47,30.0,478.1,14343.0,2024-10-27
2024102701019479,SANIMA,4,49,385.0,317.7,122314.5,2024-10-27
2024102705012298,NRN,41,38,210.0,890.0,186900.0,2024-10-27
2024102705012297,NRN,48,38,90.0,890.0,80100.0,2024-10-27
2024102704009326,RHPL,38,48,200.0,373.2,74640.0,2024-10-27
2024102701019478,LSL,43,13,10.0,244.0,2440.0,2024-10-27
2024102704009325,GHL,50,21,60.0,218.9,13134.0,2024-10-27
2024102705012296,CHDC,28,22,10.0,1734.9,17349.0,2024-10-27
2024102704009324,HDHPC,21,37,100.0,207.7,20770.0,2024-10-27
2024102705012295,HIDCL,22,85,50.0,269.0,13450.0,2024-10-27
2024102705012294,HIDCL,25,85,50.0,269.1,13455.0,2024-10-27
2024102705012293,HIDCL,45,85,100.0,269.1,26910.0,2024-10-27
2024102705012292,SHIVM,26,29,100.0,589.0,58900.0,2024-10-27
2024102701019477,SMHL,14,71,28.0,645.0,18060.0,2024-10-27
2024102701019476,SMHL,32,71,200.0,645.0,129000.0,2024-10-27
2024102701019475,SMHL,1,71,22.0,646.0,14212.0,2024-10-27
2024102701019474,SMHL,46,71,150.0,647.0,97050.0,2024-10-27
2024102701019473,SMHL,54,71,100.0,647.2,64720.0,2024-10-27
2024102701019472,RHGCL,56,56,10.0,393.7,3937.0,2024-10-27
2024102701019471,SAMAJ,56,51,55.0,3230.0,177650.0,2024-10-27
2024102705012291,HIDCL,60,41,10.0,269.5,2695.0,2024-10-27
2024102705012290,ILI,58,55,12.0,478.0,5736.0,2024-10-27
2024102701019470,MKJC,72,34,78.0,470.0,36660.0,2024-10-27
2024102701019469,MKJC,72,58,25.0,470.0,11750.0,2024-10-27
2024102701019468,MKJC,72,35,297.0,469.0,139293.0,2024-10-27
2024102701019467,MKJC,72,58,100.0,468.0,46800.0,2024-10-27
2024102701019466,SGHC,75,62,10.0,391.2,3912.0,2024-10-27
2024102701019465,USHL,58,35,10.0,770.0,7700.0,2024-10-27
2024102701019464,USHL,58,34,10.0,770.0,7700.0,2024-10-27
2024102701019463,USHL,58,58,10.0,763.0,7630.0,2024-10-27
2024102701019462,USHL,58,57,10.0,763.0,7630.0,2024-10-27
2024102701019461,USHL,58,58,50.0,761.9,38095.0,2024-10-27
2024102701019460,USHL,58,7,10.0,760.0,7600.0,2024-10-27
2024102704009323,API,22,58,500.0,292.8,146400.0,2024-10-27
2024102701019459,SARBTM,59,44,50.0,754.0,37700.0,2024-10-27
2024102703014339,NFS,56,35,20.0,1336.2,26724.0,2024-10-27
2024102701019458,SMH,35,42,10.0,1043.4,10434.0,2024-10-27
2024102701019457,SMH,35,41,10.0,1040.0,10400.0,2024-10-27
2024102701019456,NYADI,39,52,10.0,302.0,3020.0,2024-10-27
2024102701019455,MBL,46,49,62.0,247.5,15345.0,2024-10-27
2024102704009322,SPDL,44,26,30.0,310.0,9300.0,2024-10-27
2024102704009321,SPDL,44,57,620.0,309.0,191580.0,2024-10-27
2024102701019454,USHEC,61,42,90.0,538.0,48420.0,2024-10-27
2024102701019453,USHEC,61,58,10.0,531.1,5311.0,2024-10-27
2024102704009320,LEC,41,48,10.0,273.0,2730.0,2024-10-27
2024102704009319,LEC,43,48,25.0,273.0,6825.0,2024-10-27
2024102704009318,LEC,38,48,10.0,273.0,2730.0,2024-10-27
2024102704009317,LEC,58,48,10.0,273.0,2730.0,2024-10-27
2024102704009316,LEC,94,48,15.0,273.0,4095.0,2024-10-27
2024102704009315,LEC,14,48,127.0,273.0,34671.0,2024-10-27
2024102705012289,HRL,42,58,10.0,854.7,8547.0,2024-10-27
2024102705012288,HRL,42,38,20.0,854.5,17090.0,2024-10-27
2024102705012287,HRL,42,3,40.0,854.3,34172.0,2024-10-27
2024102704009314,LEC,13,56,300.0,273.2,81960.0,2024-10-27
2024102701019452,IHL,40,44,125.0,527.0,65875.0,2024-10-27
2024102701019451,IHL,40,43,90.0,526.9,47421.0,2024-10-27
2024102701019450,IHL,40,54,333.0,526.8,175424.4,2024-10-27
2024102701019449,IHL,40,57,100.0,525.9,52590.0,2024-10-27
2024102701019448,IHL,40,35,50.0,525.0,26250.0,2024-10-27
2024102701019447,IHL,40,63,202.0,525.0,106050.0,2024-10-27
2024102701019446,KBSH,39,54,10.0,2378.1,23781.0,2024-10-27
2024102704009313,SALICO,41,13,10.0,737.0,7370.0,2024-10-27
2024102703014338,LBBL,21,38,10.0,474.4,4744.0,2024-10-27
2024102703014337,PFL,34,26,160.0,647.5,103600.0,2024-10-27
2024102703014336,NICLBSL,45,25,10.0,699.1,6991.0,2024-10-27
2024102704009312,IGI,57,41,270.0,592.7,160029.0,2024-10-27
2024102704009311,IGI,57,22,30.0,592.5,17775.0,2024-10-27
2024102704009310,HDHPC,57,45,31.0,207.5,6432.5,2024-10-27
2024102705012286,HRL,59,67,22.0,853.0,18766.0,2024-10-27
2024102705012285,HRL,29,67,150.0,853.0,127950.0,2024-10-27
2024102705012284,HRL,25,67,90.0,853.0,76770.0,2024-10-27
2024102705012283,HRL,35,67,35.0,853.0,29855.0,2024-10-27
2024102705012282,HRL,4,67,1000.0,853.0,853000.0,2024-10-27
2024102705012281,HRL,62,67,10.0,853.0,8530.0,2024-10-27
2024102705012280,HRL,25,67,300.0,853.1,255930.0,2024-10-27
2024102705012279,HRL,22,67,230.0,853.1,196213.0,2024-10-27
2024102705012278,HRL,94,67,200.0,853.2,170640.0,2024-10-27
2024102705012277,HRL,54,67,50.0,853.4,42670.0,2024-10-27
2024102705012276,HRL,45,67,20.0,853.6,17072.0,2024-10-27
2024102705012275,HRL,49,67,10.0,853.8,8538.0,2024-10-27
2024102705012274,HRL,58,67,224.0,853.8,191251.2,2024-10-27
2024102705012273,HRL,42,67,100.0,853.9,85390.0,2024-10-27
2024102705012272,HRL,17,67,210.0,854.0,179340.0,2024-10-27
2024102705012271,HRL,19,67,200.0,854.0,170800.0,2024-10-27
2024102705012270,HRL,38,67,20.0,854.0,17080.0,2024-10-27
2024102705012269,HRL,35,67,49.0,854.0,41846.0,2024-10-27
2024102705012268,HRL,19,67,80.0,854.2,68336.0,2024-10-27
2024102704009309,UAIL,53,57,10.0,631.0,6310.0,2024-10-27
2024102703014335,MDB,16,22,100.0,618.0,61800.0,2024-10-27
2024102703014334,MDB,45,22,130.0,618.1,80353.0,2024-10-27
2024102705012267,HRL,19,58,20.0,854.2,17084.0,2024-10-27
2024102703014333,SIFC,47,58,100.0,618.0,61800.0,2024-10-27
2024102701019445,KBL,1,25,20.0,228.0,4560.0,2024-10-27
2024102701019444,HIDCLP,32,58,616.0,180.4,111126.4,2024-10-27
2024102701019443,MKJC,44,58,400.0,468.0,187200.0,2024-10-27
2024102701019442,MSHL,56,64,200.0,922.0,184400.0,2024-10-27
2024102703014332,MNBBL,34,88,10.0,390.0,3900.0,2024-10-27
2024102703014331,GRDBL,32,35,10.0,723.0,7230.0,2024-10-27
2024102703014330,GRDBL,32,57,40.0,716.0,28640.0,2024-10-27
2024102703014329,GILB,77,38,27.0,1225.0,33075.0,2024-10-27
2024102703014328,GILB,59,38,60.0,1225.1,73506.0,2024-10-27
2024102703014327,GILB,13,38,13.0,1226.0,15938.0,2024-10-27
2024102704009308,SSHL,49,47,10.0,216.0,2160.0,2024-10-27
2024102703014326,MERO,39,49,10.0,750.0,7500.0,2024-10-27
2024102703014325,SIFC,47,39,500.0,618.0,309000.0,2024-10-27
2024102703014324,JFL,47,44,77.0,705.3,54308.1,2024-10-27
2024102703014323,JFL,20,44,100.0,706.0,70600.0,2024-10-27
2024102704009307,UAIL,17,43,40.0,625.0,25000.0,2024-10-27
2024102703014322,GFCL,61,44,10.0,1001.0,10010.0,2024-10-27
2024102705012266,PHCL,43,59,10.0,503.8,5038.0,2024-10-27
2024102704009306,HPPL,48,14,10.0,328.0,3280.0,2024-10-27
2024102704009305,RHPL,58,48,1000.0,373.2,373200.0,2024-10-27
2024102704009304,RHPL,49,48,100.0,374.0,37400.0,2024-10-27
2024102704009303,RHPL,51,48,17.0,374.1,6359.7,2024-10-27
2024102703014321,ICFC,36,62,40.0,803.0,32120.0,2024-10-27
2024102703014320,ICFC,36,44,10.0,803.0,8030.0,2024-10-27
2024102701019441,SHLB,42,36,15.0,1832.1,27481.5,2024-10-27
2024102703014319,ICFC,36,40,50.0,803.0,40150.0,2024-10-27
2024102705012265,CHDC,28,22,10.0,1734.9,17349.0,2024-10-27
2024102701019440,NIMBPO,46,55,10.0,174.0,1740.0,2024-10-27
2024102704009302,LEC,46,56,148.0,273.2,40433.6,2024-10-27
2024102705012264,HRL,19,11,10.0,854.2,8542.0,2024-10-27
2024102705012263,PHCL,55,59,90.0,503.8,45342.0,2024-10-27
2024102705012262,PHCL,55,5,10.0,503.8,5038.0,2024-10-27
2024102704009301,RADHI,96,22,10.0,396.0,3960.0,2024-10-27
2024102705012261,HDL,10,53,70.0,1350.1,94507.0,2024-10-27
2024102704009300,API,57,53,15.0,292.7,4390.5,2024-10-27
2024102704009299,API,58,53,475.0,292.7,139032.5,2024-10-27
2024102703014318,USLB,58,57,30.0,1410.0,42300.0,2024-10-27
2024102704009298,UAIL,64,57,10.0,631.0,6310.0,2024-10-27
2024102703014317,BFC,82,41,100.0,615.0,61500.0,2024-10-27
2024102703014316,BFC,82,57,77.0,615.0,47355.0,2024-10-27
2024102704009297,SPDL,70,57,11.0,309.0,3399.0,2024-10-27
2024102701019439,SNLI,57,35,10.0,580.2,5802.0,2024-10-27
2024102701019438,SARBTM,45,35,40.0,751.0,30040.0,2024-10-27
2024102701019437,MSHL,56,32,70.0,922.0,64540.0,2024-10-27
2024102704009296,API,38,58,80.0,292.8,23424.0,2024-10-27
2024102703014315,EDBL,44,10,84.0,621.0,52164.0,2024-10-27
2024102703014314,PMLI,35,43,10.0,550.1,5501.0,2024-10-27
2024102703014313,SINDU,50,45,10.0,685.0,6850.0,2024-10-27
2024102703014312,SINDU,50,6,10.0,684.8,6848.0,2024-10-27
2024102703014311,SINDU,50,5,10.0,684.7,6847.0,2024-10-27
2024102704009295,CGH,62,54,110.0,908.0,99880.0,2024-10-27
2024102701019436,SRLI,32,45,10.0,439.1,4391.0,2024-10-27
2024102701019435,AHL,39,21,10.0,700.0,7000.0,2024-10-27
2024102701019434,SRLI,32,19,15.0,439.1,6586.5,2024-10-27
2024102701019433,SRLI,49,19,25.0,439.5,10987.5,2024-10-27
2024102701019432,SRLI,6,19,150.0,439.9,65985.0,2024-10-27
2024102704009294,AHPC,17,25,200.0,270.5,54100.0,2024-10-27
2024102704009293,HPPL,5,25,210.0,325.0,68250.0,2024-10-27
2024102704009292,HPPL,7,25,390.0,325.1,126789.0,2024-10-27
2024102704009291,HPPL,58,25,10.0,325.2,3252.0,2024-10-27
2024102705012260,NTC,43,62,10.0,973.1,9731.0,2024-10-27
2024102701019431,MMKJL,58,41,250.0,570.9,142725.0,2024-10-27
2024102701019430,MMKJL,58,41,100.0,570.0,57000.0,2024-10-27
2024102701019429,MMKJL,58,57,450.0,570.0,256500.0,2024-10-27
2024102701019428,MANDU,58,34,10.0,893.0,8930.0,2024-10-27
2024102701019427,GBIME,57,32,20.0,249.1,4982.0,2024-10-27
2024102704009290,CHL,16,19,332.0,338.0,112216.0,2024-10-27
2024102701019426,BGWT,17,48,80.0,912.0,72960.0,2024-10-27
2024102701019425,BGWT,53,48,380.0,912.5,346750.0,2024-10-27
2024102701019424,BGWT,58,48,30.0,915.0,27450.0,2024-10-27
2024102703014310,GFCL,63,42,45.0,1000.0,45000.0,2024-10-27
2024102703014309,GFCL,48,42,90.0,1000.0,90000.0,2024-10-27
2024102703014308,GFCL,26,42,25.0,1000.0,25000.0,2024-10-27
2024102703014307,NLIC,95,42,43.0,803.9,34567.7,2024-10-27
2024102703014306,NLIC,49,42,45.0,804.0,36180.0,2024-10-27
2024102703014305,NLIC,4,42,12.0,805.0,9660.0,2024-10-27
2024102701019423,IHL,42,63,70.0,525.0,36750.0,2024-10-27
2024102703014304,GMFIL,42,4,485.0,604.9,293376.5,2024-10-27
2024102703014303,GMFIL,42,70,15.0,604.9,9073.5,2024-10-27
2024102704009289,TRH,45,57,10.0,1107.0,11070.0,2024-10-27
2024102704009288,LEC,14,19,200.0,273.0,54600.0,2024-10-27
2024102703014302,MDB,59,62,100.0,619.0,61900.0,2024-10-27
2024102705012259,HRL,19,22,10.0,854.2,8542.0,2024-10-27
2024102703014301,GFCL,26,22,25.0,1000.0,25000.0,2024-10-27
2024102703014300,GFCL,42,22,10.0,1000.0,10000.0,2024-10-27
2024102703014299,GFCL,42,22,10.0,1000.0,10000.0,2024-10-27
2024102703014298,GFCL,26,22,10.0,1000.0,10000.0,2024-10-27
2024102703014297,GFCL,26,22,30.0,1000.0,30000.0,2024-10-27
2024102704009287,LEC,14,22,173.0,273.0,47229.0,2024-10-27
2024102704009286,LEC,49,22,20.0,273.0,5460.0,2024-10-27
2024102704009285,LEC,36,22,30.0,273.0,8190.0,2024-10-27
2024102704009284,LEC,10,22,1000.0,273.0,273000.0,2024-10-27
2024102704009283,LEC,43,22,10.0,273.1,2731.0,2024-10-27
2024102704009282,RIDI,36,1,110.0,232.1,25531.0,2024-10-27
2024102701019422,JBLB,32,58,10.0,1525.0,15250.0,2024-10-27
2024102703014296,SIFC,47,35,100.0,618.0,61800.0,2024-10-27
2024102704009281,HURJA,42,34,10.0,220.0,2200.0,2024-10-27
2024102701019421,MAKAR,83,58,40.0,538.0,21520.0,2024-10-27
2024102701019420,PRVU,38,45,590.0,238.0,140420.0,2024-10-27
2024102703014295,NABBC,38,34,20.0,625.0,12500.0,2024-10-27
2024102703014294,NABBC,38,47,100.0,624.0,62400.0,2024-10-27
2024102703014293,NABBC,38,29,80.0,624.0,49920.0,2024-10-27
2024102703014292,PFL,34,49,315.0,647.5,203962.5,2024-10-27
2024102701019419,NWCL,83,8,40.0,980.0,39200.0,2024-10-27
2024102701019418,NWCL,83,58,10.0,980.0,9800.0,2024-10-27
2024102705012258,HRL,19,49,20.0,854.2,17084.0,2024-10-27
2024102701019417,HHL,42,49,10.0,446.0,4460.0,2024-10-27
2024102705012257,NRIC,14,16,20.0,789.0,15780.0,2024-10-27
2024102705012256,NRIC,14,54,20.0,788.0,15760.0,2024-10-27
2024102704009280,SICL,13,44,10.0,819.0,8190.0,2024-10-27
2024102705012255,CIT,40,34,29.0,2170.0,62930.0,2024-10-27
2024102701019416,SANIMA,4,40,290.0,317.7,92133.0,2024-10-27
2024102703014291,DDBL,11,32,500.0,907.0,453500.0,2024-10-27
2024102703014290,DDBL,16,32,35.0,907.0,31745.0,2024-10-27
2024102701019415,MKHL,58,41,221.0,545.6,120577.6,2024-10-27
2024102701019414,MKHL,60,41,319.0,545.6,174046.4,2024-10-27
2024102704009279,AHPC,17,47,1527.0,270.5,413053.5,2024-10-27
2024102705012254,RNLI,50,57,11.0,495.6,5451.6,2024-10-27
2024102701019413,KBL,48,62,400.0,227.0,90800.0,2024-10-27
2024102705012253,HDL,10,29,26.0,1350.1,35102.6,2024-10-27
2024102705012252,HDL,58,29,10.0,1350.1,13501.0,2024-10-27
2024102705012251,GCIL,53,48,11.0,482.0,5302.0,2024-10-27
2024102704009278,NICL,94,48,365.0,986.9,360218.5,2024-10-27
2024102701019412,SPC,33,58,500.0,518.0,259000.0,2024-10-27
2024102704009277,API,58,58,100.0,292.8,29280.0,2024-10-27
2024102701019411,AHL,58,22,10.0,702.0,7020.0,2024-10-27
2024102701019410,AHL,58,42,10.0,701.8,7018.0,2024-10-27
2024102703014289,SKBBL,17,58,20.0,915.0,18300.0,2024-10-27
2024102704009276,RURU,38,52,60.0,750.0,45000.0,2024-10-27
2024102704009275,RURU,38,68,100.0,750.0,75000.0,2024-10-27
2024102704009274,RURU,38,34,130.0,750.0,97500.0,2024-10-27
2024102704009273,RURU,38,51,50.0,750.0,37500.0,2024-10-27
2024102704009272,RURU,38,34,25.0,746.0,18650.0,2024-10-27
2024102704009271,RURU,38,44,135.0,745.0,100575.0,2024-10-27
2024102704009270,IGI,36,22,20.0,592.5,11850.0,2024-10-27
2024102703014288,SFCL,14,43,100.0,727.0,72700.0,2024-10-27
2024102701019409,MHL,49,63,798.0,710.0,566580.0,2024-10-27
2024102703014287,JFL,7,42,153.0,709.0,108477.0,2024-10-27
2024102703014286,JFL,7,33,50.0,708.8,35440.0,2024-10-27
2024102703014285,JFL,7,56,50.0,708.0,35400.0,2024-10-27
2024102703014284,JFL,7,58,47.0,707.0,33229.0,2024-10-27
2024102703014283,JFL,7,38,500.0,707.0,353500.0,2024-10-27
2024102703014282,JFL,7,41,200.0,706.0,141200.0,2024-10-27
2024102704009269,NIL,49,7,50.0,903.0,45150.0,2024-10-27
2024102705012250,CHDC,81,33,200.0,1727.0,345400.0,2024-10-27
2024102705012249,RNLI,50,28,11.0,495.6,5451.6,2024-10-27
2024102703014281,BFC,33,33,75.0,614.5,46087.5,2024-10-27
2024102703014280,BFC,51,33,425.0,614.7,261247.5,2024-10-27
2024102705012248,NICSF,39,46,300.0,9.19,2757.0,2024-10-27
2024102704009268,RIDI,36,45,1100.0,232.1,255310.0,2024-10-27
2024102701019408,MEHL,29,17,90.0,377.5,33975.0,2024-10-27
2024102701019407,MEHL,42,17,10.0,377.5,3775.0,2024-10-27
2024102701019406,MKHC,57,34,270.0,344.9,93123.0,2024-10-27
2024102701019405,DOLTI,6,29,35.0,557.1,19498.5,2024-10-27
2024102704009267,NGPL,49,29,70.0,472.0,33040.0,2024-10-27
2024102701019404,KBL,48,3,10.0,227.0,2270.0,2024-10-27
2024102701019403,NBL,51,98,488.0,282.0,137616.0,2024-10-27
2024102701019402,GVL,34,41,25.0,519.1,12977.5,2024-10-27
2024102701019401,SRLI,34,4,50.0,440.0,22000.0,2024-10-27
2024102701019400,SRLI,34,35,150.0,439.9,65985.0,2024-10-27
2024102703014279,PFL,34,13,50.0,647.5,32375.0,2024-10-27
2024102704009266,BPCL,57,54,16.0,440.0,7040.0,2024-10-27
2024102701019399,SBI,93,41,10.0,494.0,4940.0,2024-10-27
2024102701019398,TAMOR,51,45,272.0,510.0,138720.0,2024-10-27
2024102701019397,TAMOR,29,45,193.0,510.0,98430.0,2024-10-27
2024102701019396,TAMOR,33,45,115.0,510.1,58661.5,2024-10-27
2024102703014278,MSLB,19,17,20.0,1530.0,30600.0,2024-10-27
2024102703014277,RLFL,17,4,407.0,619.0,251933.0,2024-10-27
2024102703014276,RLFL,17,32,25.0,618.0,15450.0,2024-10-27
2024102703014275,RLFL,17,59,767.0,618.0,474006.0,2024-10-27
2024102703014274,RLFL,17,4,500.0,617.0,308500.0,2024-10-27
2024102703014273,RLFL,17,32,150.0,616.0,92400.0,2024-10-27
2024102703014272,RLFL,17,45,100.0,616.0,61600.0,2024-10-27
2024102703014271,RLFL,17,87,30.0,615.0,18450.0,2024-10-27
2024102703014270,RLFL,17,44,21.0,615.0,12915.0,2024-10-27
2024102705012247,SAHAS,17,45,50.0,516.9,25845.0,2024-10-27
2024102705012246,SAHAS,4,45,100.0,516.9,51690.0,2024-10-27
2024102701019395,MHCL,57,42,10.0,419.9,4199.0,2024-10-27
2024102701019394,NWCL,7,57,10.0,979.1,9791.0,2024-10-27
2024102701019393,PRVU,53,45,10.0,238.0,2380.0,2024-10-27
2024102704009265,BARUN,7,3,500.0,394.0,197000.0,2024-10-27
2024102704009264,BARUN,62,3,500.0,395.0,197500.0,2024-10-27
2024102703014269,GFCL,61,44,10.0,1001.0,10010.0,2024-10-27
2024102703014268,SFCL,14,38,20.0,727.0,14540.0,2024-10-27
2024102701019392,MBL,58,38,50.0,247.8,12390.0,2024-10-27
2024102703014267,SMPDA,25,74,10.0,894.1,8941.0,2024-10-27
2024102705012245,CHDC,17,33,100.0,1727.0,172700.0,2024-10-27
2024102705012244,NRIC,35,54,10.0,788.0,7880.0,2024-10-27
2024102705012243,SONA,68,51,10.0,469.0,4690.0,2024-10-27
2024102705012242,SONA,68,38,10.0,468.0,4680.0,2024-10-27
2024102705012241,SONA,68,42,60.0,467.1,28026.0,2024-10-27
2024102705012240,SONA,68,19,10.0,466.5,4665.0,2024-10-27
2024102705012239,SONA,68,33,40.0,466.0,18640.0,2024-10-27
2024102703014266,MPFL,33,34,443.0,743.3,329281.9,2024-10-27
2024102703014265,MPFL,58,34,70.0,744.0,52080.0,2024-10-27
2024102701019391,SPC,33,44,490.0,518.0,253820.0,2024-10-27
2024102703014264,MLBL,45,48,30.0,392.5,11775.0,2024-10-27
2024102701019390,NYADI,38,52,20.0,302.0,6040.0,2024-10-27
2024102703014263,NFS,72,49,33.0,1334.0,44022.0,2024-10-27
2024102703014262,NFS,6,49,107.0,1334.0,142738.0,2024-10-27
2024102703014261,NFS,58,49,10.0,1335.0,13350.0,2024-10-27
2024102703014260,EDBL,8,10,200.0,621.0,124200.0,2024-10-27
2024102705012238,MBJC,58,35,50.0,317.1,15855.0,2024-10-27
2024102703014259,GBBL,81,42,100.0,442.0,44200.0,2024-10-27
2024102701019389,NMB,28,41,100.0,260.0,26000.0,2024-10-27
2024102703014258,ICFC,32,45,30.0,801.1,24033.0,2024-10-27
2024102703014257,ICFC,43,45,50.0,801.2,40060.0,2024-10-27
2024102703014256,ICFC,26,45,70.0,802.0,56140.0,2024-10-27
2024102703014255,SLBBL,33,45,200.0,934.0,186800.0,2024-10-27
2024102703014254,ICFC,26,4,30.0,802.0,24060.0,2024-10-27
2024102704009263,NHDL,50,56,25.0,575.0,14375.0,2024-10-27
2024102701019388,HIDCLP,32,55,2000.0,180.4,360800.0,2024-10-27
2024102701019387,NMB,54,89,8.0,260.0,2080.0,2024-10-27
2024102701019386,NMB,57,89,18.0,260.0,4680.0,2024-10-27
2024102703014253,SFCL,14,22,40.0,727.0,29080.0,2024-10-27
2024102701019385,TAMOR,22,49,40.0,511.0,20440.0,2024-10-27
2024102701019384,HIDCLP,32,65,380.0,180.4,68552.0,2024-10-27
2024102701019383,MHL,55,63,20.0,710.0,14200.0,2024-10-27
2024102701019382,MHL,47,63,80.0,710.0,56800.0,2024-10-27
2024102701019381,MHL,42,63,200.0,710.0,142000.0,2024-10-27
2024102705012237,NIFRA,47,85,100.0,276.4,27640.0,2024-10-27
2024102703014252,BFC,99,57,45.0,615.0,27675.0,2024-10-27
2024102703014251,BFC,99,42,255.0,615.0,156825.0,2024-10-27
2024102704009262,SPDL,44,57,19.0,309.0,5871.0,2024-10-27
2024102704009261,SPDL,44,35,600.0,308.0,184800.0,2024-10-27
2024102704009260,SPDL,44,38,250.0,308.0,77000.0,2024-10-27
2024102704009259,SPDL,44,45,150.0,308.0,46200.0,2024-10-27
2024102704009258,SPDL,44,95,981.0,307.9,302049.9,2024-10-27
2024102704009257,SGIC,38,59,20.0,636.2,12724.0,2024-10-27
2024102701019380,ULHC,35,49,20.0,416.5,8330.0,2024-10-27
2024102701019379,ULHC,21,49,80.0,416.6,33328.0,2024-10-27
2024102705012236,SMJC,42,58,10.0,575.0,5750.0,2024-10-27
2024102703014250,DDBL,54,58,16.0,907.2,14515.2,2024-10-27
2024102705012235,STC,17,13,10.0,5807.0,58070.0,2024-10-27
2024102704009256,UPPER,45,13,1000.0,214.0,214000.0,2024-10-27
2024102701019378,CYCL,29,7,45.0,1503.1,67639.5,2024-10-27
2024102701019377,CYCL,8,7,40.0,1503.3,60132.0,2024-10-27
2024102705012234,RNLI,7,1,20.0,496.0,9920.0,2024-10-27
2024102704009255,MEN,45,32,92.0,633.0,58236.0,2024-10-27
2024102704009254,MEN,45,32,163.0,633.0,103179.0,2024-10-27
2024102705012233,SAHAS,18,42,20.0,516.2,10324.0,2024-10-27
2024102705012232,SAHAS,60,42,30.0,516.2,15486.0,2024-10-27
2024102704009253,AKJCL,36,58,10.0,208.0,2080.0,2024-10-27
2024102704009252,AKJCL,36,13,36.0,208.0,7488.0,2024-10-27
2024102704009251,PMHPL,18,26,185.0,261.6,48396.0,2024-10-27
2024102704009250,PMHPL,55,26,100.0,261.6,26160.0,2024-10-27
2024102704009249,PMHPL,56,26,215.0,261.6,56244.0,2024-10-27
2024102704009248,UPPER,45,57,150.0,214.0,32100.0,2024-10-27
2024102704009247,UPPER,45,10,200.0,214.0,42800.0,2024-10-27
2024102704009246,UPPER,45,48,1000.0,214.0,214000.0,2024-10-27
2024102704009245,UPPER,45,94,100.0,214.0,21400.0,2024-10-27
2024102704009244,UPPER,45,6,3000.0,214.0,642000.0,2024-10-27
2024102704009243,UPPER,45,38,1000.0,214.0,214000.0,2024-10-27
2024102704009242,UPPER,45,34,963.0,214.0,206082.0,2024-10-27
2024102704009241,UPPER,45,51,170.0,213.5,36295.0,2024-10-27
2024102704009240,JOSHI,45,56,80.0,302.5,24200.0,2024-10-27
2024102704009239,UAIL,64,16,21.0,627.0,13167.0,2024-10-27
2024102705012231,CHDC,39,59,30.0,1735.0,52050.0,2024-10-27
2024102705012230,CHDC,39,87,10.0,1729.9,17299.0,2024-10-27
2024102704009238,NHPC,43,49,100.0,219.0,21900.0,2024-10-27
2024102703014249,SINDU,19,38,75.0,683.0,51225.0,2024-10-27
2024102703014248,SINDU,19,38,25.0,683.0,17075.0,2024-10-27
2024102701019376,GBIME,49,14,20.0,250.0,5000.0,2024-10-27
2024102703014247,ICFC,49,40,50.0,803.0,40150.0,2024-10-27
2024102705012229,PHCL,72,58,10.0,501.0,5010.0,2024-10-27
2024102701019375,NABIL,7,4,50.0,587.0,29350.0,2024-10-27
2024102705012228,CHDC,28,87,10.0,1729.9,17299.0,2024-10-27
2024102704009237,AKJCL,42,13,39.0,208.0,8112.0,2024-10-27
2024102704009236,AKJCL,42,5,16.0,208.0,3328.0,2024-10-27
2024102704009235,AKJCL,42,36,645.0,208.0,134160.0,2024-10-27
2024102704009234,UMHL,21,34,21.0,309.9,6507.9,2024-10-27
2024102704009233,UMHL,21,62,79.0,309.0,24411.0,2024-10-27
2024102705012227,HIDCL,22,20,25.0,269.0,6725.0,2024-10-27
2024102705012226,HIDCL,58,20,45.0,269.3,12118.5,2024-10-27
2024102703014246,MPFL,60,1,41.0,746.0,30586.0,2024-10-27
2024102705012225,HRL,62,3,10.0,854.3,8543.0,2024-10-27
2024102705012224,NIFRA,33,57,100.0,276.0,27600.0,2024-10-27
2024102701019374,KBL,48,57,200.0,227.0,45400.0,2024-10-27
2024102705012223,NICGF,57,57,100.0,10.59,1059.0,2024-10-27
2024102704009232,SHPC,35,5,10.0,526.0,5260.0,2024-10-27
2024102701019373,SBI,44,41,310.0,494.0,153140.0,2024-10-27
2024102701019372,SBI,44,48,490.0,494.0,242060.0,2024-10-27
2024102703014245,SAPDBL,86,43,10.0,554.9,5549.0,2024-10-27
2024102704009231,API,58,42,25.0,292.7,7317.5,2024-10-27
2024102701019371,SHLB,81,36,15.0,1832.0,27480.0,2024-10-27
2024102705012222,CHDC,28,87,10.0,1729.9,17299.0,2024-10-27
2024102704009230,SHEL,42,20,40.0,242.9,9716.0,2024-10-27
2024102701019370,UNLB,62,33,150.0,2503.2,375480.0,2024-10-27
2024102704009229,NGPL,21,33,400.0,471.1,188440.0,2024-10-27
2024102703014244,MLBL,21,19,10.0,393.0,3930.0,2024-10-27
2024102703014243,GUFL,49,41,10.0,726.0,7260.0,2024-10-27
2024102703014242,MFIL,95,45,16.0,740.5,11848.0,2024-10-27
2024102705012221,ILI,17,47,50.0,478.1,23905.0,2024-10-27
2024102705012220,SAHAS,56,25,449.0,517.0,232133.0,2024-10-27
2024102705012219,SAHAS,56,42,301.0,517.0,155617.0,2024-10-27
2024102705012218,NRN,48,57,10.0,890.0,8900.0,2024-10-27
2024102704009228,SHPC,6,5,75.0,526.0,39450.0,2024-10-27
2024102704009227,SHPC,13,5,50.0,526.0,26300.0,2024-10-27
2024102704009226,SHPC,18,5,50.0,526.0,26300.0,2024-10-27
2024102704009225,SHPC,39,5,100.0,526.0,52600.0,2024-10-27
2024102704009224,SHPC,41,5,19.0,526.0,9994.0,2024-10-27
2024102704009223,SHPC,51,5,340.0,526.1,178874.0,2024-10-27
2024102704009222,UPPER,29,51,10.0,213.5,2135.0,2024-10-27
2024102704009221,UPPER,86,1,2000.0,213.1,426200.0,2024-10-27
2024102703014241,DDBL,1,32,20.0,908.0,18160.0,2024-10-27
2024102703014240,SAPDBL,6,64,253.0,553.8,140111.4,2024-10-27
2024102703014239,SAPDBL,96,64,547.0,553.9,302983.3,2024-10-27
2024102703014238,SAPDBL,70,64,300.0,553.9,166170.0,2024-10-27
2024102703014237,CFCL,63,29,129.0,653.0,84237.0,2024-10-27
2024102703014236,CFCL,63,40,70.0,652.9,45703.0,2024-10-27
2024102703014235,SIFC,47,47,80.0,618.0,49440.0,2024-10-27
2024102705012217,CIT,47,34,20.0,2170.0,43400.0,2024-10-27
2024102703014234,SJLIC,34,47,10.0,477.0,4770.0,2024-10-27
2024102703014233,SJLIC,34,44,10.0,476.0,4760.0,2024-10-27
2024102703014232,SJLIC,34,32,10.0,476.0,4760.0,2024-10-27
2024102703014231,SJLIC,34,16,12.0,475.5,5706.0,2024-10-27
2024102703014230,SJLIC,34,49,10.0,475.0,4750.0,2024-10-27
2024102703014229,SJLIC,34,51,10.0,475.0,4750.0,2024-10-27
2024102704009220,NLG,29,44,80.0,1330.0,106400.0,2024-10-27
2024102704009219,NLG,34,44,20.0,1334.0,26680.0,2024-10-27
2024102701019369,RHGCL,32,42,20.0,399.0,7980.0,2024-10-27
2024102701019368,RHGCL,32,39,80.0,398.9,31912.0,2024-10-27
2024102703014228,SLBSL,33,28,46.0,1356.0,62376.0,2024-10-27
2024102703014227,SLBSL,57,28,14.0,1356.0,18984.0,2024-10-27
2024102703014226,JFL,47,42,250.0,705.3,176325.0,2024-10-27
2024102705012216,GCIL,26,48,10.0,482.3,4823.0,2024-10-27
2024102704009218,CHL,33,19,200.0,338.0,67600.0,2024-10-27
2024102704009217,CHL,4,19,50.0,338.0,16900.0,2024-10-27
2024102704009216,CHL,58,19,11.0,338.1,3719.1,2024-10-27
2024102704009215,CHL,61,19,200.0,338.3,67660.0,2024-10-27
2024102704009214,CHL,45,19,50.0,338.6,16930.0,2024-10-27
2024102704009213,CHL,56,19,100.0,338.6,33860.0,2024-10-27
2024102705012215,SONA,25,33,100.0,466.0,46600.0,2024-10-27
2024102705012214,SMJC,13,17,151.0,575.5,86900.5,2024-10-27
2024102701019367,NICA,34,4,882.0,443.0,390726.0,2024-10-27
2024102701019366,NICA,41,4,100.0,443.0,44300.0,2024-10-27
2024102701019365,NICA,22,4,225.0,443.0,99675.0,2024-10-27
2024102701019364,NICA,42,4,173.0,443.0,76639.0,2024-10-27
2024102701019363,NICA,49,4,100.0,443.5,44350.0,2024-10-27
2024102701019362,NICA,58,4,500.0,443.5,221750.0,2024-10-27
2024102701019361,NICA,34,4,20.0,443.6,8872.0,2024-10-27
2024102701019360,ULHC,56,41,300.0,417.9,125370.0,2024-10-27
2024102704009212,LEC,57,56,10.0,273.2,2732.0,2024-10-27
2024102701019359,MKJC,29,35,10.0,469.0,4690.0,2024-10-27
2024102705012213,PHCL,72,29,100.0,501.0,50100.0,2024-10-27
2024102704009211,BARUN,10,42,100.0,396.0,39600.0,2024-10-27
2024102704009210,BARUN,10,64,100.0,395.9,39590.0,2024-10-27
2024102701019358,TAMOR,33,80,385.0,510.1,196388.5,2024-10-27
2024102701019357,TAMOR,81,80,90.0,510.6,45954.0,2024-10-27
2024102701019356,TAMOR,45,80,25.0,510.7,12767.5,2024-10-27
2024102704009209,JOSHI,35,35,200.0,303.0,60600.0,2024-10-27
2024102701019355,HEIP,34,16,190.0,361.7,68723.0,2024-10-27
2024102701019354,HEIP,22,16,18.0,362.0,6516.0,2024-10-27
2024102701019353,HEIP,43,16,50.0,368.1,18405.0,2024-10-27
2024102703014225,CFCL,91,34,500.0,651.0,325500.0,2024-10-27
2024102703014224,KRBL,49,34,26.0,615.0,15990.0,2024-10-27
2024102703014223,KRBL,49,34,114.0,615.0,70110.0,2024-10-27
2024102701019352,SHLB,34,36,30.0,1832.1,54963.0,2024-10-27
2024102705012212,NRM,34,91,190.0,425.8,80902.0,2024-10-27
2024102705012211,NRM,34,49,10.0,424.9,4249.0,2024-10-27
2024102704009208,MHNL,50,35,10.0,263.0,2630.0,2024-10-27
2024102701019351,SMHL,43,49,50.0,650.0,32500.0,2024-10-27
2024102703014222,LBBL,33,13,166.0,473.0,78518.0,2024-10-27
2024102703014221,LBBL,1,13,25.0,473.0,11825.0,2024-10-27
2024102703014220,LBBL,93,13,64.0,473.0,30272.0,2024-10-27
2024102703014219,LBBL,58,13,38.0,473.1,17977.8,2024-10-27
2024102701019350,ANLB,38,7,10.0,4551.0,45510.0,2024-10-27
2024102705012210,NSIF2,7,38,100.0,10.4,1040.0,2024-10-27
2024102701019349,EBL,32,36,364.0,598.0,217672.0,2024-10-27
2024102701019348,EBL,32,13,36.0,597.8,21520.8,2024-10-27
2024102701019347,UNLB,62,58,10.0,2503.2,25032.0,2024-10-27
2024102705012209,HDL,58,38,10.0,1350.1,13501.0,2024-10-27
2024102704009207,NGPL,21,21,500.0,471.1,235550.0,2024-10-27
2024102703014218,KRBL,49,20,500.0,615.0,307500.0,2024-10-27
2024102701019346,SPC,25,51,70.0,520.0,36400.0,2024-10-27
2024102701019345,SPC,25,55,10.0,520.0,5200.0,2024-10-27
2024102701019344,MAKAR,83,11,160.0,538.0,86080.0,2024-10-27
2024102701019343,MKHC,45,11,10.0,343.0,3430.0,2024-10-27
2024102703014217,GFCL,26,45,20.0,1000.0,20000.0,2024-10-27
2024102705012208,NRM,54,58,30.0,424.3,12729.0,2024-10-27
2024102703014216,LBBL,58,4,12.0,473.1,5677.2,2024-10-27
2024102701019342,DOLTI,32,96,30.0,557.0,16710.0,2024-10-27
2024102701019341,DOLTI,56,96,970.0,557.0,540290.0,2024-10-27
2024102704009206,RADHI,96,56,100.0,395.0,39500.0,2024-10-27
2024102703014215,CFCL,57,40,30.0,652.9,19587.0,2024-10-27
2024102703014214,NLIC,4,57,20.0,805.0,16100.0,2024-10-27
2024102701019340,SARBTM,36,44,60.0,754.0,45240.0,2024-10-27
2024102701019339,TPC,22,49,10.0,472.5,4725.0,2024-10-27
2024102701019338,MKHL,60,22,181.0,545.6,98753.6,2024-10-27
2024102701019337,MKHL,58,22,122.0,545.6,66563.2,2024-10-27
2024102703014213,KSBBL,35,16,189.0,449.0,84861.0,2024-10-27
2024102701019336,GBIME,57,52,912.0,249.1,227179.2,2024-10-27
2024102701019335,GBIME,25,52,88.0,249.1,21920.8,2024-10-27
2024102701019334,PPL,83,48,100.0,475.0,47500.0,2024-10-27
2024102705012207,HRL,19,49,10.0,854.2,8542.0,2024-10-27
2024102701019333,SNLI,49,49,12.0,580.5,6966.0,2024-10-27
2024102701019332,TVCL,35,54,20.0,456.0,9120.0,2024-10-27
2024102703014212,GUFL,49,54,50.0,726.0,36300.0,2024-10-27
2024102703014211,GUFL,34,54,200.0,726.1,145220.0,2024-10-27
2024102703014210,GUFL,58,54,40.0,726.1,29044.0,2024-10-27
2024102703014209,GUFL,58,54,10.0,726.2,7262.0,2024-10-27
2024102705012206,HRL,19,38,10.0,854.2,8542.0,2024-10-27
2024102704009205,HDHPC,21,45,200.0,207.5,41500.0,2024-10-27
2024102703014208,EDBL,57,10,16.0,621.0,9936.0,2024-10-27
2024102703014207,JSLBB,62,53,40.0,1490.0,59600.0,2024-10-27
2024102704009204,RADHI,96,65,90.0,395.0,35550.0,2024-10-27
2024102704009203,CHCL,6,49,35.0,564.9,19771.5,2024-10-27
2024102705012205,NRM,51,91,1000.0,425.8,425800.0,2024-10-27
2024102703014206,HLI,34,33,200.0,470.5,94100.0,2024-10-27
2024102704009202,PPCL,21,49,265.0,258.0,68370.0,2024-10-27
2024102704009201,PPCL,58,49,85.0,258.0,21930.0,2024-10-27
2024102704009200,AHPC,17,32,300.0,270.2,81060.0,2024-10-27
