transaction,symbol,buyer,seller,quantity,rate,amount,date
2024051301021860,ANLB,48,3,10.0,2022.6,20226.0,2024-05-13
2024051301021859,ANLB,48,57,10.0,2015.0,20150.0,2024-05-13
2024051304006321,UPPER,16,32,50.0,164.7,8235.0,2024-05-13
2024051301021858,HHL,32,34,30.0,337.0,10110.0,2024-05-13
2024051301021857,HHL,32,25,10.0,337.0,3370.0,2024-05-13
2024051301021856,HHL,32,48,70.0,335.5,23485.0,2024-05-13
2024051301021855,AVYAN,62,38,10.0,830.0,8300.0,2024-05-13
2024051303012872,GLBSL,62,33,20.0,2200.0,44000.0,2024-05-13
2024051303012871,PFL,62,49,50.0,665.0,33250.0,2024-05-13
2024051301021854,SCB,43,50,250.0,540.2,135050.0,2024-05-13
2024051301021853,HBL,17,36,10.0,180.8,1808.0,2024-05-13
2024051303012870,SWMF,22,22,10.0,790.0,7900.0,2024-05-13
2024051303012869,SIFC,17,29,10.0,425.0,4250.0,2024-05-13
2024051303012868,BFC,4,32,10.0,391.0,3910.0,2024-05-13
2024051301021852,PPL,17,74,11.0,520.0,5720.0,2024-05-13
2024051304006320,UAIL,4,56,50.0,560.1,28005.0,2024-05-13
2024051305004775,NIFRA,13,35,55.0,200.0,11000.0,2024-05-13
2024051305004774,NIFRA,7,35,1632.0,200.0,326400.0,2024-05-13
2024051301021851,VLUCL,49,34,10.0,457.0,4570.0,2024-05-13
2024051301021850,IHL,34,14,20.0,378.0,7560.0,2024-05-13
2024051303012867,JFL,49,69,10.0,510.0,5100.0,2024-05-13
2024051301021849,RAWA,34,36,20.0,465.0,9300.0,2024-05-13
2024051304006319,CGH,34,91,40.0,785.0,31400.0,2024-05-13
2024051303012866,GBLBS,33,29,30.0,784.8,23544.0,2024-05-13
2024051303012865,GBLBS,33,6,55.0,784.0,43120.0,2024-05-13
2024051303012864,GBLBS,33,55,15.0,781.0,11715.0,2024-05-13
2024051303012863,GILB,34,64,100.0,1169.0,116900.0,2024-05-13
2024051303012862,SFCL,59,34,10.0,344.0,3440.0,2024-05-13
2024051301021848,HHL,63,48,30.0,335.5,10065.0,2024-05-13
2024051301021847,PPL,26,74,10.0,520.0,5200.0,2024-05-13
2024051303012861,SIFC,26,29,10.0,425.0,4250.0,2024-05-13
2024051303012860,GUFL,22,55,150.0,713.2,106980.0,2024-05-13
2024051301021846,NICA,43,44,100.0,363.0,36300.0,2024-05-13
2024051301021845,HHL,32,19,400.0,335.0,134000.0,2024-05-13
2024051303012859,PFL,41,16,1400.0,664.9,930860.0,2024-05-13
2024051301021844,NBL,84,43,196.0,206.8,40532.8,2024-05-13
2024051301021843,NBL,84,45,60.0,206.5,12390.0,2024-05-13
2024051301021842,NBL,84,58,44.0,206.4,9081.6,2024-05-13
2024051303012858,JBBL,52,49,138.0,297.0,40986.0,2024-05-13
2024051303012857,JBBL,52,39,197.0,296.8,58469.6,2024-05-13
2024051303012856,JBBL,52,13,40.0,296.8,11872.0,2024-05-13
2024051303012855,JBBL,52,35,240.0,296.5,71160.0,2024-05-13
2024051303012854,JBBL,52,35,150.0,296.4,44460.0,2024-05-13
2024051303012853,JBBL,52,39,90.0,296.3,26667.0,2024-05-13
2024051303012852,JBBL,52,19,195.0,296.0,57720.0,2024-05-13
2024051303012851,JBBL,52,46,350.0,295.9,103565.0,2024-05-13
2024051303012850,JBBL,52,48,100.0,295.0,29500.0,2024-05-13
2024051303012849,PFL,52,49,10.0,665.0,6650.0,2024-05-13
2024051304006318,AKJCL,38,1,610.0,202.0,123220.0,2024-05-13
2024051303012848,SAPDBL,38,43,181.0,335.9,60797.9,2024-05-13
2024051303012847,SAPDBL,38,38,50.0,335.0,16750.0,2024-05-13
2024051303012846,SAPDBL,38,4,40.0,335.0,13400.0,2024-05-13
2024051303012845,SAPDBL,38,47,29.0,333.0,9657.0,2024-05-13
2024051301021841,MEHL,57,67,10.0,302.0,3020.0,2024-05-13
2024051301021840,SGHC,53,48,10.0,314.9,3149.0,2024-05-13
2024051304006317,NGPL,45,40,10.0,301.0,3010.0,2024-05-13
2024051303012844,EDBL,32,45,70.0,387.5,27125.0,2024-05-13
2024051303012843,LBBL,60,74,500.0,377.0,188500.0,2024-05-13
2024051301021839,RAWA,42,36,10.0,465.0,4650.0,2024-05-13
2024051303012842,MLBL,42,41,10.0,333.0,3330.0,2024-05-13
2024051304006316,GLH,42,4,35.0,200.0,7000.0,2024-05-13
2024051303012841,GUFL,72,17,10.0,713.7,7137.0,2024-05-13
2024051304006315,RADHI,10,56,481.0,227.9,109619.9,2024-05-13
2024051301021838,DOLTI,58,22,30.0,416.0,12480.0,2024-05-13
2024051303012840,KRBL,58,59,50.0,455.0,22750.0,2024-05-13
2024051303012839,KRBL,58,26,300.0,454.9,136470.0,2024-05-13
2024051303012838,KRBL,58,64,150.0,454.0,68100.0,2024-05-13
2024051303012837,VLBS,28,49,41.0,849.8,34841.8,2024-05-13
2024051303012836,VLBS,28,52,79.0,849.6,67118.4,2024-05-13
2024051303012835,VLBS,28,58,100.0,846.0,84600.0,2024-05-13
2024051303012834,VLBS,28,51,20.0,845.9,16918.0,2024-05-13
2024051303012833,VLBS,28,22,10.0,845.0,8450.0,2024-05-13
2024051301021837,SGHC,32,48,10.0,314.9,3149.0,2024-05-13
2024051301021836,ULHC,48,49,380.0,327.0,124260.0,2024-05-13
2024051301021835,KBL,48,74,10.0,140.4,1404.0,2024-05-13
2024051301021834,NWCL,67,74,10.0,740.0,7400.0,2024-05-13
2024051301021833,MKHL,21,44,10.0,418.0,4180.0,2024-05-13
2024051301021832,GCIL,21,13,10.0,477.9,4779.0,2024-05-13
2024051301021831,SBL,50,56,110.0,228.8,25168.0,2024-05-13
2024051303012832,SINDU,35,22,100.0,391.0,39100.0,2024-05-13
2024051303012831,GBLBS,35,6,45.0,784.0,35280.0,2024-05-13
2024051303012830,GBLBS,35,52,15.0,784.0,11760.0,2024-05-13
2024051303012829,GBLBS,35,25,20.0,781.0,15620.0,2024-05-13
2024051303012828,GBLBS,35,51,20.0,780.0,15600.0,2024-05-13
2024051301021830,USHL,39,17,430.0,462.0,198660.0,2024-05-13
2024051301021829,USHL,39,49,10.0,462.0,4620.0,2024-05-13
2024051301021828,USHL,39,34,10.0,462.0,4620.0,2024-05-13
2024051301021827,USHL,39,38,10.0,460.0,4600.0,2024-05-13
2024051301021826,USHL,39,25,10.0,460.0,4600.0,2024-05-13
2024051301021825,USHL,39,4,10.0,460.0,4600.0,2024-05-13
2024051301021824,USHL,39,32,10.0,460.0,4600.0,2024-05-13
2024051301021823,USHL,39,35,10.0,460.0,4600.0,2024-05-13
2024051301021822,SBI,34,77,400.0,284.0,113600.0,2024-05-13
2024051303012827,GMFIL,39,35,200.0,402.0,80400.0,2024-05-13
2024051303012826,RSDC,34,11,25.0,712.0,17800.0,2024-05-13
2024051303012825,RSDC,34,63,125.0,712.0,89000.0,2024-05-13
2024051301021821,SNLI,49,49,40.0,455.5,18220.0,2024-05-13
2024051303012824,RSDC,44,34,40.0,711.3,28452.0,2024-05-13
2024051303012823,RSDC,13,34,10.0,711.4,7114.0,2024-05-13
2024051303012822,RSDC,13,34,10.0,711.5,7115.0,2024-05-13
2024051303012821,RSDC,13,34,10.0,711.6,7116.0,2024-05-13
2024051303012820,RSDC,13,34,10.0,711.7,7117.0,2024-05-13
2024051303012819,RSDC,13,34,10.0,711.8,7118.0,2024-05-13
2024051303012818,RSDC,13,34,10.0,711.9,7119.0,2024-05-13
2024051301021820,CYCL,66,34,10.0,1553.0,15530.0,2024-05-13
2024051301021819,TVCL,64,14,80.0,470.0,37600.0,2024-05-13
2024051301021818,TVCL,64,34,100.0,470.0,47000.0,2024-05-13
2024051301021817,TVCL,64,3,10.0,469.8,4698.0,2024-05-13
2024051301021816,TVCL,64,3,10.0,469.7,4697.0,2024-05-13
2024051301021815,TVCL,64,65,90.0,469.5,42255.0,2024-05-13
2024051301021814,TVCL,64,38,200.0,468.9,93780.0,2024-05-13
2024051301021813,TVCL,64,35,180.0,468.0,84240.0,2024-05-13
2024051301021812,TVCL,64,32,20.0,468.0,9360.0,2024-05-13
2024051301021811,TVCL,64,17,10.0,467.0,4670.0,2024-05-13
2024051301021810,TVCL,64,47,100.0,465.8,46580.0,2024-05-13
2024051301021809,TVCL,64,22,100.0,465.7,46570.0,2024-05-13
2024051301021808,TVCL,64,74,100.0,462.0,46200.0,2024-05-13
2024051303012817,GUFL,22,1,150.0,713.2,106980.0,2024-05-13
2024051303012816,SADBL,56,33,10.0,317.0,3170.0,2024-05-13
2024051304006314,UMRH,80,1,10.0,337.5,3375.0,2024-05-13
2024051303012815,PMLI,46,44,200.0,504.4,100880.0,2024-05-13
2024051301021807,SHIVM,55,55,200.0,493.8,98760.0,2024-05-13
2024051304006313,NGPL,91,40,50.0,301.0,15050.0,2024-05-13
2024051303012814,MPFL,29,55,40.0,442.1,17684.0,2024-05-13
2024051303012813,FOWAD,16,17,20.0,1160.0,23200.0,2024-05-13
2024051303012812,FOWAD,16,58,30.0,1159.0,34770.0,2024-05-13
2024051303012811,NFS,41,84,1300.0,532.6,692380.0,2024-05-13
2024051304006312,SPDL,33,38,50.0,229.7,11485.0,2024-05-13
2024051301021806,TVCL,41,38,490.0,461.5,226135.0,2024-05-13
2024051301021805,RFPL,57,65,100.0,329.4,32940.0,2024-05-13
2024051301021804,RFPL,57,33,890.0,329.4,293166.0,2024-05-13
2024051304006311,NGPL,57,40,86.0,301.0,25886.0,2024-05-13
2024051303012810,MLBL,25,41,495.0,333.0,164835.0,2024-05-13
2024051304006310,NGPL,57,53,514.0,300.9,154662.6,2024-05-13
2024051303012809,SIFC,45,29,10.0,425.0,4250.0,2024-05-13
2024051303012808,KRBL,72,64,10.0,454.0,4540.0,2024-05-13
2024051301021803,SAMAJ,14,44,36.0,2090.0,75240.0,2024-05-13
2024051303012807,ACLBSL,67,38,10.0,866.0,8660.0,2024-05-13
2024051303012806,CFCL,50,51,10.0,393.3,3933.0,2024-05-13
2024051301021802,PPL,50,62,10.0,520.0,5200.0,2024-05-13
2024051301021801,BHPL,35,6,100.0,545.0,54500.0,2024-05-13
2024051301021800,SAMAJ,58,54,10.0,2089.0,20890.0,2024-05-13
2024051303012805,KRBL,35,64,10.0,454.0,4540.0,2024-05-13
2024051304006309,NIL,22,58,49.0,791.0,38759.0,2024-05-13
2024051301021799,SAMAJ,58,49,50.0,2089.0,104450.0,2024-05-13
2024051301021798,UNLB,71,49,10.0,1686.1,16861.0,2024-05-13
2024051304006308,GHL,49,88,44.0,144.0,6336.0,2024-05-13
2024051303012804,PROFL,71,77,40.0,342.0,13680.0,2024-05-13
2024051303012803,PROFL,71,14,500.0,340.0,170000.0,2024-05-13
2024051303012802,PROFL,71,35,60.0,340.0,20400.0,2024-05-13
2024051301021797,TAMOR,59,38,170.0,362.0,61540.0,2024-05-13
2024051301021796,TAMOR,59,47,200.0,361.0,72200.0,2024-05-13
2024051301021795,TAMOR,59,47,40.0,360.0,14400.0,2024-05-13
2024051301021794,TAMOR,59,57,10.0,360.0,3600.0,2024-05-13
2024051301021793,TAMOR,59,58,10.0,360.0,3600.0,2024-05-13
2024051301021792,TAMOR,59,49,10.0,360.0,3600.0,2024-05-13
2024051301021791,TAMOR,59,60,40.0,359.9,14396.0,2024-05-13
2024051301021790,TAMOR,59,21,10.0,357.0,3570.0,2024-05-13
2024051301021789,TAMOR,59,33,10.0,356.0,3560.0,2024-05-13
2024051301021788,KBL,1,74,34.0,140.4,4773.6,2024-05-13
2024051301021787,KBL,1,34,66.0,140.4,9266.4,2024-05-13
2024051303012801,GMFIL,29,35,10.0,402.0,4020.0,2024-05-13
2024051303012800,NFS,8,10,20.0,534.0,10680.0,2024-05-13
2024051303012799,ALICL,44,56,17.0,568.0,9656.0,2024-05-13
2024051303012798,ALICL,44,33,200.0,567.9,113580.0,2024-05-13
2024051303012797,ALICL,44,49,283.0,567.0,160461.0,2024-05-13
2024051301021786,PCBL,44,22,10.0,197.0,1970.0,2024-05-13
2024051303012796,MFIL,58,41,130.0,505.2,65676.0,2024-05-13
2024051303012795,MFIL,42,41,70.0,505.2,35364.0,2024-05-13
2024051303012794,MFIL,20,41,100.0,505.3,50530.0,2024-05-13
2024051304006307,RADHI,57,41,47.0,227.5,10692.5,2024-05-13
2024051301021785,MKHC,5,25,10.0,306.0,3060.0,2024-05-13
2024051305004773,HRL,38,32,102.0,565.0,57630.0,2024-05-13
2024051305004772,HRL,38,13,48.0,564.0,27072.0,2024-05-13
2024051304006306,GHL,37,88,10.0,144.0,1440.0,2024-05-13
2024051304006305,API,38,74,101.0,171.0,17271.0,2024-05-13
2024051303012793,SINDU,38,14,100.0,392.0,39200.0,2024-05-13
2024051301021784,BHPL,57,6,10.0,545.0,5450.0,2024-05-13
2024051301021783,USHEC,45,13,10.0,370.9,3709.0,2024-05-13
2024051301021782,CYCL,45,34,10.0,1553.0,15530.0,2024-05-13
2024051305004771,NRIC,42,25,10.0,685.0,6850.0,2024-05-13
2024051305004770,NRIC,42,38,74.0,685.0,50690.0,2024-05-13
2024051301021781,JALPA,42,45,22.0,1315.0,28930.0,2024-05-13
2024051305004769,NIFRA,7,42,10.0,200.0,2000.0,2024-05-13
2024051303012792,MDB,49,42,125.0,465.0,58125.0,2024-05-13
2024051303012791,NFS,88,10,10.0,534.0,5340.0,2024-05-13
2024051303012790,NFS,88,63,40.0,534.0,21360.0,2024-05-13
2024051304006304,HURJA,58,58,50.0,304.1,15205.0,2024-05-13
2024051304006303,HURJA,58,1,100.0,302.0,30200.0,2024-05-13
2024051304006302,HURJA,58,43,1000.0,285.6,285600.0,2024-05-13
2024051304006301,HURJA,58,58,10.0,285.6,2856.0,2024-05-13
2024051304006300,HURJA,58,88,500.0,285.6,142800.0,2024-05-13
2024051304006299,HURJA,58,41,1000.0,285.4,285400.0,2024-05-13
2024051304006298,HURJA,58,38,500.0,285.4,142700.0,2024-05-13
2024051304006297,HURJA,58,54,200.0,285.4,57080.0,2024-05-13
2024051304006296,HURJA,58,50,3000.0,285.4,856200.0,2024-05-13
2024051304006295,HURJA,58,54,270.0,285.4,77058.0,2024-05-13
2024051304006294,HURJA,58,35,100.0,285.0,28500.0,2024-05-13
2024051304006293,HURJA,58,33,200.0,285.0,57000.0,2024-05-13
2024051304006292,HURJA,58,35,150.0,285.0,42750.0,2024-05-13
2024051304006291,HURJA,58,39,190.0,285.0,54150.0,2024-05-13
2024051304006290,HURJA,58,48,10.0,285.0,2850.0,2024-05-13
2024051304006289,HURJA,58,45,190.0,285.0,54150.0,2024-05-13
2024051304006288,HURJA,58,67,200.0,285.0,57000.0,2024-05-13
2024051304006287,HURJA,58,67,70.0,284.8,19936.0,2024-05-13
2024051304006286,HURJA,58,47,50.0,284.5,14225.0,2024-05-13
2024051304006285,HURJA,58,43,290.0,283.9,82331.0,2024-05-13
2024051304006284,HURJA,58,39,20.0,283.0,5660.0,2024-05-13
2024051304006283,HURJA,58,66,50.0,283.0,14150.0,2024-05-13
2024051304006282,HURJA,58,67,10.0,283.0,2830.0,2024-05-13
2024051304006281,HURJA,58,4,50.0,282.5,14125.0,2024-05-13
2024051304006280,HURJA,58,58,150.0,282.5,42375.0,2024-05-13
2024051304006279,HURJA,58,67,20.0,282.0,5640.0,2024-05-13
2024051304006278,HURJA,58,67,25.0,281.9,7047.5,2024-05-13
2024051304006277,HURJA,58,49,20.0,281.0,5620.0,2024-05-13
2024051304006276,HURJA,58,41,400.0,280.0,112000.0,2024-05-13
2024051304006275,HURJA,58,54,90.0,280.0,25200.0,2024-05-13
2024051304006274,HURJA,58,48,20.0,280.0,5600.0,2024-05-13
2024051304006273,HURJA,58,44,500.0,280.0,140000.0,2024-05-13
2024051304006272,HURJA,58,58,15.0,280.0,4200.0,2024-05-13
2024051304006271,HURJA,58,72,200.0,279.9,55980.0,2024-05-13
2024051304006270,HURJA,58,54,200.0,279.9,55980.0,2024-05-13
2024051301021780,HATHY,62,22,28.0,827.0,23156.0,2024-05-13
2024051303012789,MFIL,50,26,10.0,507.0,5070.0,2024-05-13
2024051304006269,UPCL,58,35,60.0,190.7,11442.0,2024-05-13
2024051301021779,MEL,35,88,10.0,229.0,2290.0,2024-05-13
2024051301021778,TSHL,77,28,130.0,507.0,65910.0,2024-05-13
2024051301021777,TSHL,77,28,300.0,505.3,151590.0,2024-05-13
2024051301021776,TSHL,77,36,500.0,504.9,252450.0,2024-05-13
2024051301021775,TSHL,77,32,10.0,504.0,5040.0,2024-05-13
2024051301021774,TSHL,77,57,60.0,503.5,30210.0,2024-05-13
2024051301021773,SARBTM,39,91,10.0,765.0,7650.0,2024-05-13
2024051301021772,GVL,34,41,10.0,434.0,4340.0,2024-05-13
2024051303012788,PFL,71,49,15.0,665.0,9975.0,2024-05-13
2024051301021771,EBL,33,44,10.0,509.9,5099.0,2024-05-13
2024051301021770,TAMOR,38,33,180.0,356.0,64080.0,2024-05-13
2024051301021769,JBLB,16,57,22.0,1307.0,28754.0,2024-05-13
2024051301021768,DOLTI,45,5,240.0,414.0,99360.0,2024-05-13
2024051301021767,DOLTI,57,5,200.0,414.3,82860.0,2024-05-13
2024051301021766,DOLTI,42,5,10.0,414.4,4144.0,2024-05-13
2024051301021765,DOLTI,60,5,30.0,414.5,12435.0,2024-05-13
2024051303012787,GLBSL,74,62,71.0,2204.0,156484.0,2024-05-13
2024051304006268,DHPL,14,44,10.0,195.0,1950.0,2024-05-13
2024051301021764,CYCL,62,6,10.0,1552.0,15520.0,2024-05-13
2024051301021763,SARBTM,8,48,93.0,762.0,70866.0,2024-05-13
2024051301021762,PPL,58,49,10.0,519.0,5190.0,2024-05-13
2024051301021761,PPL,58,21,10.0,519.0,5190.0,2024-05-13
2024051301021760,PPL,58,39,1000.0,519.0,519000.0,2024-05-13
2024051301021759,PPL,58,45,10.0,519.0,5190.0,2024-05-13
2024051301021758,PPL,58,34,10.0,518.0,5180.0,2024-05-13
2024051301021757,PPL,58,49,10.0,517.4,5174.0,2024-05-13
2024051301021756,PPL,58,59,10.0,517.0,5170.0,2024-05-13
2024051301021755,PPL,58,65,10.0,517.0,5170.0,2024-05-13
2024051301021754,PPL,58,1,400.0,516.4,206560.0,2024-05-13
2024051301021753,PPL,58,42,25.0,516.0,12900.0,2024-05-13
2024051301021752,PPL,58,35,20.0,515.0,10300.0,2024-05-13
2024051303012786,ACLBSL,35,58,100.0,864.0,86400.0,2024-05-13
2024051303012785,GUFL,22,17,15.0,712.8,10692.0,2024-05-13
2024051303012784,GUFL,22,34,40.0,712.0,28480.0,2024-05-13
2024051303012783,GUFL,22,50,100.0,712.0,71200.0,2024-05-13
2024051303012782,GUFL,22,17,30.0,711.8,21354.0,2024-05-13
2024051303012781,GUFL,22,70,100.0,711.0,71100.0,2024-05-13
2024051303012780,GUFL,22,54,70.0,711.0,49770.0,2024-05-13
2024051303012779,GUFL,22,7,200.0,710.0,142000.0,2024-05-13
2024051303012778,GUFL,22,22,100.0,709.9,70990.0,2024-05-13
2024051303012777,GUFL,22,25,108.0,709.9,76669.2,2024-05-13
2024051303012776,HLBSL,34,22,17.0,865.0,14705.0,2024-05-13
2024051301021751,BGWT,49,49,10.0,592.0,5920.0,2024-05-13
2024051301021750,SBI,34,29,28.0,284.0,7952.0,2024-05-13
2024051301021749,CKHL,56,6,38.0,510.0,19380.0,2024-05-13
2024051303012775,CFCL,58,91,100.0,393.2,39320.0,2024-05-13
2024051303012774,FMDBL,45,1,110.0,656.0,72160.0,2024-05-13
2024051303012773,FMDBL,29,1,45.0,657.0,29565.0,2024-05-13
2024051303012772,FMDBL,35,1,53.0,659.8,34969.4,2024-05-13
2024051303012771,SADBL,55,33,100.0,317.0,31700.0,2024-05-13
2024051303012770,SADBL,50,33,150.0,317.0,47550.0,2024-05-13
2024051303012769,SADBL,44,33,44.0,317.0,13948.0,2024-05-13
2024051303012768,SADBL,7,33,250.0,317.0,79250.0,2024-05-13
2024051303012767,SADBL,38,33,110.0,317.0,34870.0,2024-05-13
2024051301021748,MLBS,29,41,20.0,1211.0,24220.0,2024-05-13
2024051301021747,USHEC,65,13,12.0,370.9,4450.8,2024-05-13
2024051301021746,CLI,33,57,146.0,455.2,66459.2,2024-05-13
2024051301021745,CLI,64,57,50.0,455.3,22765.0,2024-05-13
2024051301021744,CLI,41,57,20.0,455.5,9110.0,2024-05-13
2024051301021743,CLI,26,57,50.0,455.5,22775.0,2024-05-13
2024051301021742,CLI,37,57,234.0,455.6,106610.4,2024-05-13
2024051303012766,PFL,41,45,200.0,664.9,132980.0,2024-05-13
2024051301021741,SHLB,13,45,10.0,1510.0,15100.0,2024-05-13
2024051305004768,NIFRA,7,49,10.0,201.0,2010.0,2024-05-13
2024051304006267,SSHL,17,45,81.0,160.0,12960.0,2024-05-13
2024051304006266,SSHL,17,44,118.0,160.0,18880.0,2024-05-13
2024051304006265,SSHL,17,36,151.0,160.0,24160.0,2024-05-13
2024051304006264,SSHL,17,14,150.0,159.0,23850.0,2024-05-13
2024051303012765,SFCL,35,34,50.0,344.0,17200.0,2024-05-13
2024051301021740,NICA,39,22,100.0,363.9,36390.0,2024-05-13
2024051303012764,SIFC,34,29,10.0,425.0,4250.0,2024-05-13
2024051301021739,BHDC,49,42,10.0,477.9,4779.0,2024-05-13
2024051301021738,SONA,36,53,20.0,440.0,8800.0,2024-05-13
2024051305004767,HRL,49,13,128.0,564.0,72192.0,2024-05-13
2024051304006263,BARUN,16,6,200.0,226.0,45200.0,2024-05-13
2024051304006262,BARUN,16,32,11.0,225.0,2475.0,2024-05-13
2024051304006261,BARUN,16,77,10.0,225.0,2250.0,2024-05-13
2024051304006260,BARUN,16,41,75.0,225.0,16875.0,2024-05-13
2024051304006259,BARUN,16,40,1000.0,225.0,225000.0,2024-05-13
2024051304006258,BARUN,16,38,40.0,224.9,8996.0,2024-05-13
2024051304006257,BARUN,16,74,445.0,224.4,99858.0,2024-05-13
2024051303012763,PFL,41,69,320.0,664.0,212480.0,2024-05-13
2024051303012762,PFL,41,58,100.0,663.0,66300.0,2024-05-13
2024051303012761,PFL,41,25,657.0,663.0,435591.0,2024-05-13
2024051303012760,PFL,41,35,30.0,663.0,19890.0,2024-05-13
2024051303012759,PFL,41,14,300.0,662.0,198600.0,2024-05-13
2024051303012758,PFL,41,69,100.0,661.0,66100.0,2024-05-13
2024051303012757,PFL,41,28,250.0,660.0,165000.0,2024-05-13
2024051303012756,PFL,41,34,150.0,660.0,99000.0,2024-05-13
2024051303012755,PFL,41,40,100.0,660.0,66000.0,2024-05-13
2024051303012754,PFL,41,28,200.0,660.0,132000.0,2024-05-13
2024051303012753,PFL,41,71,93.0,660.0,61380.0,2024-05-13
2024051303012752,PFL,41,13,300.0,659.0,197700.0,2024-05-13
2024051303012751,PFL,41,5,200.0,659.0,131800.0,2024-05-13
2024051303012750,PFL,41,25,240.0,659.0,158160.0,2024-05-13
2024051303012749,PFL,41,35,552.0,658.9,363712.8,2024-05-13
2024051303012748,PFL,41,45,240.0,658.8,158112.0,2024-05-13
2024051301021737,MANDU,65,3,268.0,878.9,235545.2,2024-05-13
2024051301021736,MANDU,65,34,10.0,878.9,8789.0,2024-05-13
2024051301021735,MANDU,65,19,10.0,878.9,8789.0,2024-05-13
2024051301021734,MANDU,65,37,200.0,878.0,175600.0,2024-05-13
2024051301021733,MANDU,65,34,10.0,878.0,8780.0,2024-05-13
2024051301021732,MANDU,65,44,100.0,878.0,87800.0,2024-05-13
2024051301021731,MANDU,65,48,102.0,878.0,89556.0,2024-05-13
2024051301021730,MANDU,65,35,10.0,878.0,8780.0,2024-05-13
2024051301021729,MANDU,65,22,100.0,878.0,87800.0,2024-05-13
2024051301021728,MANDU,65,57,10.0,878.0,8780.0,2024-05-13
2024051301021727,MANDU,65,75,10.0,878.0,8780.0,2024-05-13
2024051301021726,MANDU,65,45,256.0,878.0,224768.0,2024-05-13
2024051301021725,MANDU,65,41,1000.0,875.0,875000.0,2024-05-13
2024051301021724,MANDU,65,56,20.0,875.0,17500.0,2024-05-13
2024051301021723,MANDU,65,42,10.0,875.0,8750.0,2024-05-13
2024051301021722,MANDU,65,34,674.0,875.0,589750.0,2024-05-13
2024051301021721,MANDU,65,58,300.0,874.0,262200.0,2024-05-13
2024051301021720,MANDU,65,3,400.0,874.0,349600.0,2024-05-13
2024051301021719,MANDU,65,39,200.0,870.0,174000.0,2024-05-13
2024051301021718,MANDU,65,34,310.0,860.0,266600.0,2024-05-13
2024051301021717,NRM,38,32,10.0,354.0,3540.0,2024-05-13
2024051301021716,NRM,38,26,10.0,353.0,3530.0,2024-05-13
2024051301021715,NRM,38,48,10.0,352.9,3529.0,2024-05-13
2024051301021714,NRM,38,33,30.0,352.0,10560.0,2024-05-13
2024051303012747,KRBL,38,64,10.0,454.0,4540.0,2024-05-13
2024051303012746,GLBSL,45,62,29.0,2204.0,63916.0,2024-05-13
2024051303012745,GLBSL,45,45,20.0,2200.0,44000.0,2024-05-13
2024051303012744,GLBSL,45,4,100.0,2166.0,216600.0,2024-05-13
2024051303012743,GLBSL,45,44,20.0,2166.0,43320.0,2024-05-13
2024051303012742,GLBSL,45,32,20.0,2124.0,42480.0,2024-05-13
2024051303012741,GLBSL,45,42,10.0,2050.2,20502.0,2024-05-13
2024051303012740,GLBSL,45,74,100.0,2050.2,205020.0,2024-05-13
2024051303012739,GLBSL,45,45,100.0,2050.2,205020.0,2024-05-13
2024051303012738,GLBSL,45,6,40.0,2050.2,82008.0,2024-05-13
2024051303012737,GLBSL,45,45,20.0,2050.0,41000.0,2024-05-13
2024051303012736,GLBSL,45,45,100.0,2050.0,205000.0,2024-05-13
2024051303012735,GLBSL,45,91,100.0,2050.0,205000.0,2024-05-13
2024051303012734,GLBSL,45,22,13.0,2050.0,26650.0,2024-05-13
2024051303012733,GLBSL,45,45,20.0,2050.0,41000.0,2024-05-13
2024051303012732,GLBSL,45,34,10.0,2049.1,20491.0,2024-05-13
2024051303012731,GLBSL,45,45,20.0,2049.1,40982.0,2024-05-13
2024051303012730,GLBSL,45,58,30.0,2049.1,61473.0,2024-05-13
2024051303012729,GLBSL,45,17,25.0,2049.0,51225.0,2024-05-13
2024051303012728,GLBSL,45,10,75.0,2049.0,153675.0,2024-05-13
2024051303012727,GLBSL,45,58,20.0,2049.0,40980.0,2024-05-13
2024051303012726,GLBSL,45,44,10.0,2049.0,20490.0,2024-05-13
2024051303012725,GLBSL,45,3,10.0,2049.0,20490.0,2024-05-13
2024051303012724,GLBSL,45,49,100.0,2049.0,204900.0,2024-05-13
2024051303012723,GLBSL,45,49,100.0,2049.0,204900.0,2024-05-13
2024051303012722,GLBSL,45,14,10.0,2048.1,20481.0,2024-05-13
2024051303012721,GLBSL,45,37,50.0,2048.0,102400.0,2024-05-13
2024051303012720,GLBSL,45,50,200.0,2048.0,409600.0,2024-05-13
2024051303012719,GLBSL,45,76,100.0,2048.0,204800.0,2024-05-13
2024051303012718,GLBSL,45,34,10.0,2048.0,20480.0,2024-05-13
2024051303012717,GLBSL,45,48,100.0,2047.0,204700.0,2024-05-13
2024051303012716,GLBSL,45,25,38.0,2045.0,77710.0,2024-05-13
2024051303012715,SADBL,38,88,670.0,317.0,212390.0,2024-05-13
2024051303012714,SADBL,36,88,500.0,317.1,158550.0,2024-05-13
2024051303012713,SADBL,34,88,300.0,317.2,95160.0,2024-05-13
2024051303012712,SADBL,50,88,100.0,317.2,31720.0,2024-05-13
2024051303012711,SADBL,34,88,430.0,317.3,136439.0,2024-05-13
2024051301021713,NWCL,42,74,100.0,738.6,73860.0,2024-05-13
2024051303012710,KLBSL,32,26,100.0,908.0,90800.0,2024-05-13
2024051301021712,DOLTI,58,22,10.0,416.0,4160.0,2024-05-13
2024051303012709,GUFL,41,35,500.0,708.4,354200.0,2024-05-13
2024051303012708,CBBL,71,22,133.0,819.3,108966.9,2024-05-13
2024051305004766,HRL,49,71,31.0,564.0,17484.0,2024-05-13
2024051303012707,ILBS,66,19,19.0,1352.0,25688.0,2024-05-13
2024051303012706,ILBS,66,58,49.0,1352.0,66248.0,2024-05-13
2024051304006256,SALICO,51,51,44.0,670.0,29480.0,2024-05-13
2024051304006255,SHEL,75,39,10.0,148.0,1480.0,2024-05-13
2024051303012705,NMBMF,19,42,10.0,649.0,6490.0,2024-05-13
2024051304006254,JOSHI,42,19,40.0,310.0,12400.0,2024-05-13
2024051301021711,SMHL,19,38,70.0,428.4,29988.0,2024-05-13
2024051303012704,GUFL,41,57,375.0,708.4,265650.0,2024-05-13
2024051305004765,STC,45,13,80.0,4320.0,345600.0,2024-05-13
2024051305004764,STC,45,25,10.0,4319.0,43190.0,2024-05-13
2024051305004763,STC,45,52,10.0,4319.0,43190.0,2024-05-13
2024051303012703,GUFL,7,25,82.0,709.9,58211.8,2024-05-13
2024051303012702,GUFL,7,11,68.0,709.1,48218.8,2024-05-13
2024051303012701,GUFL,7,19,20.0,709.0,14180.0,2024-05-13
2024051303012700,GUFL,7,34,100.0,709.0,70900.0,2024-05-13
2024051303012699,GUFL,7,38,230.0,708.5,162955.0,2024-05-13
2024051303012698,NMBMF,55,14,26.0,641.0,16666.0,2024-05-13
2024051301021710,SANIMA,14,4,50.0,239.0,11950.0,2024-05-13
2024051304006253,NICL,14,44,47.0,842.8,39611.6,2024-05-13
2024051304006252,NICL,14,22,30.0,842.5,25275.0,2024-05-13
2024051304006251,NICL,14,17,500.0,842.0,421000.0,2024-05-13
2024051304006250,NICL,14,62,23.0,842.0,19366.0,2024-05-13
2024051304006249,NICL,14,6,100.0,841.9,84190.0,2024-05-13
2024051303012697,GLBSL,62,25,162.0,2045.0,331290.0,2024-05-13
2024051303012696,GLBSL,62,52,10.0,2045.0,20450.0,2024-05-13
2024051303012695,GLBSL,62,36,13.0,2045.0,26585.0,2024-05-13
2024051303012694,GLBSL,62,42,10.0,2045.0,20450.0,2024-05-13
2024051303012693,GLBSL,62,42,10.0,2045.0,20450.0,2024-05-13
2024051303012692,GLBSL,62,65,60.0,2044.0,122640.0,2024-05-13
2024051303012691,GLBSL,62,44,50.0,2041.0,102050.0,2024-05-13
2024051303012690,GLBSL,62,22,40.0,2041.0,81640.0,2024-05-13
2024051303012689,GLBSL,62,48,20.0,2041.0,40820.0,2024-05-13
2024051303012688,GLBSL,62,45,20.0,2041.0,40820.0,2024-05-13
2024051303012687,GLBSL,62,29,25.0,2041.0,51025.0,2024-05-13
2024051303012686,GLBSL,62,29,25.0,2041.0,51025.0,2024-05-13
2024051303012685,GLBSL,62,21,13.0,2040.0,26520.0,2024-05-13
2024051303012684,GLBSL,62,35,13.0,2040.0,26520.0,2024-05-13
2024051303012683,GLBSL,62,34,10.0,2040.0,20400.0,2024-05-13
2024051303012682,GLBSL,62,29,239.0,2040.0,487560.0,2024-05-13
2024051303012681,GLBSL,62,74,200.0,2039.0,407800.0,2024-05-13
2024051303012680,GLBSL,62,40,195.0,2038.0,397410.0,2024-05-13
2024051303012679,GLBSL,62,49,30.0,2020.0,60600.0,2024-05-13
2024051303012678,GLBSL,62,25,100.0,2020.0,202000.0,2024-05-13
2024051303012677,GLBSL,62,58,13.0,2020.0,26260.0,2024-05-13
2024051303012676,GLBSL,62,48,13.0,2016.0,26208.0,2024-05-13
2024051303012675,GLBSL,62,40,40.0,2010.0,80400.0,2024-05-13
2024051303012674,GLBSL,62,21,89.0,2010.0,178890.0,2024-05-13
2024051303012673,GLBSL,62,25,50.0,2010.0,100500.0,2024-05-13
2024051303012672,RLFL,19,67,345.0,387.4,133653.0,2024-05-13
2024051303012671,RLFL,34,67,55.0,387.4,21307.0,2024-05-13
2024051303012670,HLI,48,13,10.0,384.8,3848.0,2024-05-13
2024051304006248,API,34,4,15.0,170.7,2560.5,2024-05-13
2024051303012669,SJLIC,58,45,250.0,409.2,102300.0,2024-05-13
2024051303012668,DDBL,35,19,122.0,695.0,84790.0,2024-05-13
2024051303012667,FMDBL,35,43,53.0,660.0,34980.0,2024-05-13
2024051301021709,KBL,26,34,500.0,140.4,70200.0,2024-05-13
2024051301021708,KBL,38,34,434.0,140.4,60933.6,2024-05-13
2024051304006247,NLG,44,61,20.0,753.2,15064.0,2024-05-13
2024051304006246,UAIL,85,59,21.0,560.0,11760.0,2024-05-13
2024051301021707,MSHL,45,20,40.0,617.1,24684.0,2024-05-13
2024051301021706,MSHL,62,20,210.0,618.0,129780.0,2024-05-13
2024051303012666,SKBBL,19,40,35.0,800.0,28000.0,2024-05-13
2024051301021705,RNLI,21,38,10.0,431.0,4310.0,2024-05-13
2024051303012665,KMCDB,7,1,45.0,948.0,42660.0,2024-05-13
2024051303012664,KMCDB,7,57,35.0,947.9,33176.5,2024-05-13
2024051303012663,KMCDB,7,26,20.0,946.0,18920.0,2024-05-13
2024051301021704,RNLI,21,88,20.0,431.0,8620.0,2024-05-13
2024051301021703,MEL,52,88,1000.0,226.8,226800.0,2024-05-13
2024051301021702,CLI,37,32,10.0,455.6,4556.0,2024-05-13
2024051301021701,SCB,43,60,50.0,540.1,27005.0,2024-05-13
2024051301021700,SONA,77,53,40.0,440.0,17600.0,2024-05-13
2024051301021699,SONA,77,42,10.0,438.0,4380.0,2024-05-13
2024051304006245,AHPC,57,39,60.0,158.0,9480.0,2024-05-13
2024051301021698,MLBS,39,42,75.0,1231.0,92325.0,2024-05-13
2024051301021697,MLBS,39,34,200.0,1229.0,245800.0,2024-05-13
2024051301021696,MLBS,39,22,10.0,1223.0,12230.0,2024-05-13
2024051301021695,MLBS,39,56,10.0,1222.0,12220.0,2024-05-13
2024051301021694,MLBS,39,50,85.0,1221.0,103785.0,2024-05-13
2024051301021693,MLBS,39,10,10.0,1220.9,12209.0,2024-05-13
2024051301021692,MLBS,39,38,10.0,1220.0,12200.0,2024-05-13
2024051301021691,MLBS,39,51,100.0,1219.0,121900.0,2024-05-13
2024051304006244,CHCL,63,84,500.0,431.2,215600.0,2024-05-13
2024051304006243,CHCL,63,56,16.0,431.2,6899.2,2024-05-13
2024051301021690,NRM,57,51,10.0,351.1,3511.0,2024-05-13
2024051303012662,RLFL,80,26,230.0,388.7,89401.0,2024-05-13
2024051301021689,SHIVM,13,55,50.0,493.8,24690.0,2024-05-13
2024051303012661,SHINE,57,6,97.0,387.9,37626.3,2024-05-13
2024051303012660,NFS,72,63,400.0,534.0,213600.0,2024-05-13
2024051303012659,NFS,72,58,500.0,533.9,266950.0,2024-05-13
2024051303012658,NFS,72,25,100.0,533.0,53300.0,2024-05-13
2024051303012657,MLBBL,14,6,200.0,1219.0,243800.0,2024-05-13
2024051305004762,CHDC,32,49,45.0,746.0,33570.0,2024-05-13
2024051305004761,CHDC,32,49,55.0,740.0,40700.0,2024-05-13
2024051301021688,UHEWA,48,13,40.0,380.0,15200.0,2024-05-13
2024051301021687,UHEWA,48,21,10.0,379.0,3790.0,2024-05-13
2024051304006242,NICL,45,4,100.0,834.2,83420.0,2024-05-13
2024051304006241,BPCL,39,1,40.0,291.0,11640.0,2024-05-13
2024051301021686,CKHL,58,6,100.0,510.0,51000.0,2024-05-13
2024051303012656,RSDC,58,63,10.0,712.0,7120.0,2024-05-13
2024051301021685,SARBTM,34,91,330.0,765.0,252450.0,2024-05-13
2024051301021684,SARBTM,34,65,107.0,764.0,81748.0,2024-05-13
2024051301021683,SARBTM,34,41,40.0,763.0,30520.0,2024-05-13
2024051301021682,SARBTM,34,59,23.0,763.0,17549.0,2024-05-13
2024051303012655,MPFL,34,13,87.0,446.0,38802.0,2024-05-13
2024051303012654,MPFL,34,46,47.0,445.0,20915.0,2024-05-13
2024051303012653,MPFL,34,45,136.0,444.9,60506.4,2024-05-13
2024051303012652,MPFL,34,34,200.0,443.9,88780.0,2024-05-13
2024051303012651,MPFL,34,91,30.0,443.9,13317.0,2024-05-13
2024051301021681,RHGCL,45,21,200.0,353.0,70600.0,2024-05-13
2024051304006240,CGH,47,3,10.0,783.0,7830.0,2024-05-13
2024051305004760,SAEF,57,26,950.0,9.76,9272.0,2024-05-13
2024051305004759,SAEF,26,26,30000.0,9.76,292800.0,2024-05-13
2024051305004758,SAEF,43,26,2750.0,9.76,26840.0,2024-05-13
2024051305004757,SAEF,42,26,3300.0,9.8,32340.0,2024-05-13
2024051303012650,GMFBS,45,13,50.0,1170.1,58505.0,2024-05-13
2024051303012649,FOWAD,16,58,10.0,1159.0,11590.0,2024-05-13
2024051305004756,NIFRA,7,53,200.0,200.0,40000.0,2024-05-13
2024051301021680,MAKAR,38,39,200.0,351.9,70380.0,2024-05-13
2024051303012648,SHINE,49,72,719.0,386.0,277534.0,2024-05-13
2024051303012647,SHINE,56,72,35.0,386.1,13513.5,2024-05-13
2024051303012646,SHINE,34,72,500.0,387.0,193500.0,2024-05-13
2024051304006239,UAIL,42,56,113.0,560.1,63291.3,2024-05-13
2024051301021679,SHIVM,43,55,800.0,493.8,395040.0,2024-05-13
2024051301021678,SNLI,41,62,10.0,455.0,4550.0,2024-05-13
2024051303012645,SWBBL,17,11,20.0,770.0,15400.0,2024-05-13
2024051303012644,SWBBL,17,54,22.0,768.8,16913.6,2024-05-13
2024051303012643,SWBBL,17,49,135.0,768.0,103680.0,2024-05-13
2024051303012642,SWBBL,17,36,87.0,768.0,66816.0,2024-05-13
2024051303012641,SWBBL,17,56,230.0,767.9,176617.0,2024-05-13
2024051301021677,MCHL,36,38,230.0,364.0,83720.0,2024-05-13
2024051301021676,MCHL,36,17,40.0,363.0,14520.0,2024-05-13
2024051301021675,MCHL,36,34,10.0,362.0,3620.0,2024-05-13
2024051301021674,MCHL,36,57,10.0,362.0,3620.0,2024-05-13
2024051301021673,MCHL,36,17,10.0,362.0,3620.0,2024-05-13
2024051301021672,MEL,58,88,10.0,229.0,2290.0,2024-05-13
2024051304006238,AKJCL,34,1,10.0,202.0,2020.0,2024-05-13
2024051303012640,RLFL,34,81,145.0,387.4,56173.0,2024-05-13
2024051303012639,RLFL,72,81,555.0,387.6,215118.0,2024-05-13
2024051303012638,RLFL,95,81,300.0,387.7,116310.0,2024-05-13
2024051304006237,HPPL,19,1,30.0,254.0,7620.0,2024-05-13
2024051304006236,HPPL,19,40,100.0,252.0,25200.0,2024-05-13
2024051304006235,HPPL,19,35,370.0,250.0,92500.0,2024-05-13
2024051301021671,MEHL,52,67,10.0,302.0,3020.0,2024-05-13
2024051301021670,VLUCL,57,34,10.0,459.9,4599.0,2024-05-13
2024051301021669,VLUCL,57,19,10.0,457.0,4570.0,2024-05-13
2024051301021668,VLUCL,57,36,10.0,457.0,4570.0,2024-05-13
2024051301021667,VLUCL,57,45,10.0,456.9,4569.0,2024-05-13
2024051303012637,WNLB,57,57,60.0,1334.0,80040.0,2024-05-13
2024051303012636,WNLB,57,22,90.0,1334.0,120060.0,2024-05-13
2024051303012635,WNLB,57,21,40.0,1324.0,52960.0,2024-05-13
2024051303012634,WNLB,57,66,100.0,1320.0,132000.0,2024-05-13
2024051303012633,WNLB,57,43,11.0,1320.0,14520.0,2024-05-13
2024051303012632,WNLB,57,57,20.0,1320.0,26400.0,2024-05-13
2024051303012631,WNLB,57,57,10.0,1319.0,13190.0,2024-05-13
2024051301021666,SAMAJ,14,44,64.0,2090.0,133760.0,2024-05-13
2024051301021665,SAMAJ,14,17,20.0,2090.0,41800.0,2024-05-13
2024051301021664,SAMAJ,14,42,60.0,2090.0,125400.0,2024-05-13
2024051301021663,SAMAJ,14,46,10.0,2090.0,20900.0,2024-05-13
2024051301021662,SAMAJ,14,5,10.0,2090.0,20900.0,2024-05-13
2024051301021661,SAMAJ,14,43,10.0,2090.0,20900.0,2024-05-13
2024051301021660,SAMAJ,14,18,25.0,2090.0,52250.0,2024-05-13
2024051301021659,SAMAJ,14,52,101.0,2090.0,211090.0,2024-05-13
2024051303012630,LICN,50,33,30.0,1281.0,38430.0,2024-05-13
2024051303012629,MPFL,72,35,100.0,442.0,44200.0,2024-05-13
2024051301021658,SONA,48,22,100.0,437.0,43700.0,2024-05-13
2024051303012628,KRBL,36,64,10.0,454.0,4540.0,2024-05-13
2024051303012627,PFL,71,45,10.0,658.8,6588.0,2024-05-13
2024051303012626,SADBL,34,13,100.0,318.0,31800.0,2024-05-13
2024051301021657,GBIME,13,21,30.0,178.0,5340.0,2024-05-13
2024051301021656,GBIME,35,21,100.0,178.0,17800.0,2024-05-13
2024051301021655,GBIME,59,21,20.0,178.0,3560.0,2024-05-13
2024051301021654,GBIME,35,21,236.0,178.0,42008.0,2024-05-13
2024051304006234,SHEL,55,39,100.0,148.0,14800.0,2024-05-13
2024051304006233,CHL,56,42,10.0,310.9,3109.0,2024-05-13
2024051304006232,AHPC,57,8,490.0,158.0,77420.0,2024-05-13
2024051301021653,MBJC,47,42,480.0,286.0,137280.0,2024-05-13
2024051301021652,MBJC,47,42,10.0,285.0,2850.0,2024-05-13
2024051301021651,MBJC,47,34,10.0,285.0,2850.0,2024-05-13
2024051301021650,MBJC,47,13,10.0,285.0,2850.0,2024-05-13
2024051301021649,MBJC,47,49,10.0,285.0,2850.0,2024-05-13
2024051301021648,MBJC,47,11,10.0,285.0,2850.0,2024-05-13
2024051301021647,MBJC,47,33,200.0,284.8,56960.0,2024-05-13
2024051301021646,MBJC,47,83,170.0,284.0,48280.0,2024-05-13
2024051301021645,MBJC,47,25,100.0,283.9,28390.0,2024-05-13
2024051305004755,CHDC,42,65,113.0,733.7,82908.1,2024-05-13
2024051305004754,CHDC,57,65,50.0,734.0,36700.0,2024-05-13
2024051305004753,CHDC,39,65,100.0,736.0,73600.0,2024-05-13
2024051305004752,CHDC,37,65,222.0,736.0,163392.0,2024-05-13
2024051305004751,CHDC,32,65,500.0,736.1,368050.0,2024-05-13
2024051305004750,CHDC,49,65,15.0,736.1,11041.5,2024-05-13
2024051303012625,NICLBSL,42,41,60.0,636.2,38172.0,2024-05-13
2024051303012624,NICLBSL,42,41,90.0,636.3,57267.0,2024-05-13
2024051304006231,SSHL,32,57,31.0,158.2,4904.2,2024-05-13
2024051304006230,SSHL,58,57,50.0,158.3,7915.0,2024-05-13
2024051304006229,SSHL,13,57,10.0,158.3,1583.0,2024-05-13
2024051304006228,SSHL,58,57,30.0,158.4,4752.0,2024-05-13
2024051304006227,SSHL,13,57,10.0,158.4,1584.0,2024-05-13
2024051304006226,SSHL,56,57,550.0,158.5,87175.0,2024-05-13
2024051304006225,SSHL,58,57,50.0,158.5,7925.0,2024-05-13
2024051304006224,SSHL,58,57,100.0,158.6,15860.0,2024-05-13
2024051304006223,SSHL,43,57,90.0,158.6,14274.0,2024-05-13
2024051304006222,SSHL,39,57,59.0,158.7,9363.3,2024-05-13
2024051304006221,SSHL,7,57,20.0,158.8,3176.0,2024-05-13
2024051301021644,USHL,42,25,160.0,458.0,73280.0,2024-05-13
2024051304006220,JOSHI,42,14,160.0,310.0,49600.0,2024-05-13
2024051303012623,GMFIL,66,17,100.0,397.1,39710.0,2024-05-13
2024051305004749,HIDCL,64,4,50.0,164.0,8200.0,2024-05-13
2024051304006219,TRH,4,50,10.0,730.0,7300.0,2024-05-13
2024051304006218,SGIC,6,22,10.0,534.5,5345.0,2024-05-13
2024051301021643,NICA,37,34,190.0,362.3,68837.0,2024-05-13
2024051304006217,SSHL,6,14,100.0,159.0,15900.0,2024-05-13
2024051303012622,GBBL,42,57,257.0,368.5,94704.5,2024-05-13
2024051303012621,GBBL,13,57,263.0,369.0,97047.0,2024-05-13
2024051301021642,MBJC,51,57,10.0,282.4,2824.0,2024-05-13
2024051303012620,ICFC,81,60,424.0,517.0,219208.0,2024-05-13
2024051303012619,ICFC,42,60,1000.0,517.0,517000.0,2024-05-13
2024051303012618,ICFC,48,60,102.0,517.0,52734.0,2024-05-13
2024051303012617,ICFC,7,60,107.0,517.3,55351.1,2024-05-13
2024051303012616,ICFC,32,60,622.0,517.3,321760.6,2024-05-13
2024051303012615,MPFL,72,49,125.0,442.0,55250.0,2024-05-13
2024051304006216,UAIL,85,49,100.0,560.0,56000.0,2024-05-13
2024051303012614,FOWAD,34,41,50.0,1144.0,57200.0,2024-05-13
2024051301021641,SHIVM,1,55,490.0,492.2,241178.0,2024-05-13
2024051301021640,SHIVM,16,55,610.0,493.0,300730.0,2024-05-13
2024051301021639,SPC,11,58,70.0,486.0,34020.0,2024-05-13
2024051304006215,KPCL,58,55,100.0,387.0,38700.0,2024-05-13
2024051303012613,USLB,75,41,10.0,2152.0,21520.0,2024-05-13
2024051301021638,HDL,32,58,19.0,1290.0,24510.0,2024-05-13
2024051303012612,SMB,58,58,21.0,1515.0,31815.0,2024-05-13
2024051301021637,ADBL,58,1,110.0,245.0,26950.0,2024-05-13
2024051301021636,ADBL,58,49,10.0,245.0,2450.0,2024-05-13
2024051301021635,ADBL,58,55,70.0,245.0,17150.0,2024-05-13
2024051301021634,ADBL,58,49,30.0,244.9,7347.0,2024-05-13
2024051304006214,NGPL,5,58,100.0,300.5,30050.0,2024-05-13
2024051303012611,MLBBL,6,44,100.0,1215.0,121500.0,2024-05-13
2024051301021633,CZBIL,53,29,100.0,161.5,16150.0,2024-05-13
2024051304006213,BPCL,38,1,36.0,291.0,10476.0,2024-05-13
2024051303012610,RLFL,95,62,100.0,387.7,38770.0,2024-05-13
2024051303012609,MDB,49,49,337.0,465.0,156705.0,2024-05-13
2024051303012608,MDB,49,36,405.0,465.0,188325.0,2024-05-13
2024051303012607,MDB,49,45,83.0,465.0,38595.0,2024-05-13
2024051304006212,SHL,34,44,406.0,443.7,180142.2,2024-05-13
2024051301021632,PHCL,59,52,10.0,287.0,2870.0,2024-05-13
2024051301021631,PHCL,59,82,45.0,287.0,12915.0,2024-05-13
2024051301021630,TAMOR,38,44,10.0,356.0,3560.0,2024-05-13
2024051301021629,KDL,32,57,17.0,813.0,13821.0,2024-05-13
2024051301021628,KDL,77,57,83.0,813.0,67479.0,2024-05-13
2024051303012606,KRBL,72,64,10.0,454.0,4540.0,2024-05-13
2024051303012605,JFL,42,69,10.0,510.0,5100.0,2024-05-13
2024051301021627,PRVU,62,88,920.0,142.8,131376.0,2024-05-13
2024051301021626,PRVU,62,50,80.0,142.8,11424.0,2024-05-13
2024051303012604,SIFC,14,55,240.0,420.5,100920.0,2024-05-13
2024051303012603,MFIL,50,26,10.0,507.0,5070.0,2024-05-13
2024051303012602,ACLBSL,49,49,100.0,846.0,84600.0,2024-05-13
2024051301021625,RHGCL,34,34,100.0,353.9,35390.0,2024-05-13
2024051301021624,MANDU,65,34,826.0,875.0,722750.0,2024-05-13
2024051301021623,MANDU,65,71,1274.0,874.0,1113476.0,2024-05-13
2024051301021622,MANDU,65,22,500.0,874.0,437000.0,2024-05-13
2024051301021621,MANDU,65,10,200.0,872.0,174400.0,2024-05-13
2024051301021620,MANDU,65,33,100.0,870.0,87000.0,2024-05-13
2024051301021619,MANDU,65,36,100.0,870.0,87000.0,2024-05-13
2024051303012601,JBBL,58,19,20.0,296.0,5920.0,2024-05-13
2024051303012600,JBBL,58,43,40.0,295.0,11800.0,2024-05-13
2024051303012599,LLBS,57,38,10.0,1060.0,10600.0,2024-05-13
2024051303012598,LLBS,57,62,20.0,1057.0,21140.0,2024-05-13
2024051301021618,NMB,14,57,200.0,176.9,35380.0,2024-05-13
2024051303012597,BFC,49,25,35.0,390.3,13660.5,2024-05-13
2024051303012596,BFC,16,25,15.0,390.3,5854.5,2024-05-13
2024051301021617,KBL,38,35,100.0,140.4,14040.0,2024-05-13
2024051301021616,KBL,38,13,150.0,140.4,21060.0,2024-05-13
2024051301021615,KBL,38,45,16.0,140.4,2246.4,2024-05-13
2024051305004748,HRL,49,38,10.0,564.0,5640.0,2024-05-13
2024051304006211,HPPL,57,45,95.0,248.1,23569.5,2024-05-13
2024051304006210,HPPL,49,45,40.0,248.2,9928.0,2024-05-13
2024051304006209,OHL,42,58,10.0,754.8,7548.0,2024-05-13
2024051301021614,DOLTI,42,22,10.0,416.0,4160.0,2024-05-13
2024051301021613,SCB,28,38,10.0,540.5,5405.0,2024-05-13
2024051303012595,ACLBSL,49,62,318.0,846.0,269028.0,2024-05-13
2024051303012594,ACLBSL,45,62,20.0,846.0,16920.0,2024-05-13
2024051303012593,ACLBSL,18,62,102.0,846.0,86292.0,2024-05-13
2024051303012592,ACLBSL,18,62,60.0,850.0,51000.0,2024-05-13
2024051303012591,GBLBS,35,52,75.0,784.0,58800.0,2024-05-13
2024051303012590,GBLBS,35,33,300.0,783.0,234900.0,2024-05-13
2024051303012589,GBLBS,35,14,25.0,782.9,19572.5,2024-05-13
2024051303012588,GBLBS,35,39,100.0,781.0,78100.0,2024-05-13
2024051301021612,PPL,58,39,600.0,509.1,305460.0,2024-05-13
2024051301021611,PCBL,22,22,10.0,197.0,1970.0,2024-05-13
2024051301021610,KBL,49,45,34.0,140.4,4773.6,2024-05-13
2024051301021609,KBL,49,8,166.0,140.4,23306.4,2024-05-13
2024051303012587,RSDC,62,63,365.0,712.0,259880.0,2024-05-13
2024051303012586,CFCL,34,51,50.0,393.3,19665.0,2024-05-13
2024051301021608,HDL,32,34,14.0,1290.0,18060.0,2024-05-13
2024051304006208,GLH,34,4,1000.0,200.0,200000.0,2024-05-13
2024051301021607,MHCL,13,52,130.0,361.0,46930.0,2024-05-13
2024051301021606,MHCL,13,26,193.0,361.0,69673.0,2024-05-13
2024051303012585,SAPDBL,82,47,271.0,333.0,90243.0,2024-05-13
2024051301021605,MEHL,6,67,10.0,302.0,3020.0,2024-05-13
2024051301021604,MBJC,51,6,10.0,282.4,2824.0,2024-05-13
2024051305004747,NRN,58,26,10.0,504.9,5049.0,2024-05-13
2024051305004746,NRN,58,48,10.0,503.5,5035.0,2024-05-13
2024051303012584,GUFL,41,6,300.0,708.4,212520.0,2024-05-13
2024051303012583,GUFL,47,6,100.0,708.5,70850.0,2024-05-13
2024051303012582,HLI,58,13,13.0,384.8,5002.4,2024-05-13
2024051304006207,JOSHI,42,38,100.0,310.0,31000.0,2024-05-13
2024051303012581,BFC,16,42,100.0,390.3,39030.0,2024-05-13
2024051301021603,NICAD8283,35,64,100.0,1127.5,112750.0,2024-05-13
2024051304006206,GHL,41,35,20.0,143.5,2870.0,2024-05-13
2024051301021602,PRVU,22,50,10.0,142.8,1428.0,2024-05-13
2024051304006205,JOSHI,42,81,500.0,310.0,155000.0,2024-05-13
2024051301021601,HHL,32,59,40.0,335.0,13400.0,2024-05-13
2024051305004745,HIDCL,64,29,22.0,164.0,3608.0,2024-05-13
2024051304006204,API,16,74,50.0,171.0,8550.0,2024-05-13
2024051301021600,MEL,52,88,50.0,229.0,11450.0,2024-05-13
2024051301021599,SMHL,19,38,1000.0,428.4,428400.0,2024-05-13
2024051303012580,MNBBL,49,38,40.0,350.0,14000.0,2024-05-13
2024051303012579,MNBBL,26,38,11.0,350.0,3850.0,2024-05-13
2024051303012578,SIFC,45,55,10.0,420.5,4205.0,2024-05-13
2024051303012577,CBBL,42,44,13.0,821.0,10673.0,2024-05-13
2024051301021598,KBL,26,32,25.0,140.0,3500.0,2024-05-13
2024051301021597,KBL,35,32,25.0,140.1,3502.5,2024-05-13
2024051305004744,CHDC,32,49,10.0,740.0,7400.0,2024-05-13
2024051301021596,TVCL,28,82,70.0,460.0,32200.0,2024-05-13
2024051301021595,TVCL,69,82,260.0,460.6,119756.0,2024-05-13
2024051301021594,TVCL,69,82,200.0,461.2,92240.0,2024-05-13
2024051305004743,NTC,51,41,10.0,823.0,8230.0,2024-05-13
2024051305004742,NTC,51,45,10.0,821.0,8210.0,2024-05-13
2024051305004741,NTC,51,42,87.0,821.0,71427.0,2024-05-13
2024051305004740,NTC,51,41,10.0,821.0,8210.0,2024-05-13
2024051305004739,NTC,51,63,10.0,820.9,8209.0,2024-05-13
2024051301021593,AHL,18,26,10.0,435.9,4359.0,2024-05-13
2024051303012576,ACLBSL,18,62,121.0,850.0,102850.0,2024-05-13
2024051304006203,AKJCL,38,1,450.0,202.2,90990.0,2024-05-13
2024051304006202,AKJCL,58,1,177.0,202.3,35807.1,2024-05-13
2024051304006201,AKJCL,21,1,100.0,202.3,20230.0,2024-05-13
2024051304006200,AKJCL,38,1,500.0,202.4,101200.0,2024-05-13
2024051304006199,AKJCL,6,1,90.0,202.5,18225.0,2024-05-13
2024051301021592,CLI,37,52,66.0,455.6,30069.6,2024-05-13
2024051301021591,PPL,58,41,149.0,509.1,75855.9,2024-05-13
2024051301021590,PPL,52,41,100.0,510.0,51000.0,2024-05-13
2024051301021589,PPL,34,41,20.0,510.0,10200.0,2024-05-13
2024051301021588,PPL,53,41,20.0,510.0,10200.0,2024-05-13
2024051301021587,PPL,48,41,10.0,510.0,5100.0,2024-05-13
2024051301021586,PPL,58,41,101.0,510.2,51530.2,2024-05-13
2024051301021585,PPL,52,41,200.0,510.3,102060.0,2024-05-13
2024051303012575,LBBL,53,74,10.0,377.0,3770.0,2024-05-13
2024051303012574,SADBL,34,88,570.0,317.3,180861.0,2024-05-13
2024051303012573,SADBL,52,88,200.0,317.4,63480.0,2024-05-13
2024051303012572,SADBL,10,88,100.0,317.4,31740.0,2024-05-13
2024051303012571,SADBL,34,88,200.0,317.5,63500.0,2024-05-13
2024051303012570,SADBL,17,88,200.0,317.5,63500.0,2024-05-13
2024051303012569,SADBL,10,88,100.0,317.6,31760.0,2024-05-13
2024051303012568,SADBL,17,88,50.0,317.6,15880.0,2024-05-13
2024051303012567,SADBL,42,88,500.0,317.7,158850.0,2024-05-13
2024051303012566,SADBL,34,88,80.0,317.7,25416.0,2024-05-13
2024051305004738,HRL,43,32,306.0,565.0,172890.0,2024-05-13
2024051305004737,HRL,43,56,31.0,565.0,17515.0,2024-05-13
2024051305004736,HRL,43,34,10.0,565.0,5650.0,2024-05-13
2024051305004735,HRL,43,58,41.0,565.0,23165.0,2024-05-13
2024051305004734,HRL,43,55,30.0,565.0,16950.0,2024-05-13
2024051305004733,HRL,43,44,33.0,565.0,18645.0,2024-05-13
2024051305004732,HRL,43,42,10.0,565.0,5650.0,2024-05-13
2024051305004731,HRL,43,58,20.0,565.0,11300.0,2024-05-13
2024051305004730,HRL,43,26,10.0,565.0,5650.0,2024-05-13
2024051305004729,HRL,43,38,20.0,565.0,11300.0,2024-05-13
2024051305004728,HRL,43,58,10.0,565.0,5650.0,2024-05-13
2024051305004727,HRL,43,49,10.0,565.0,5650.0,2024-05-13
2024051305004726,HRL,43,25,30.0,564.9,16947.0,2024-05-13
2024051305004725,HRL,43,35,176.0,564.9,99422.4,2024-05-13
2024051305004724,HRL,43,19,150.0,564.8,84720.0,2024-05-13
2024051305004723,HRL,43,34,20.0,564.7,11294.0,2024-05-13
2024051303012565,USLB,43,36,15.0,2154.9,32323.5,2024-05-13
2024051303012564,USLB,43,51,25.0,2153.0,53825.0,2024-05-13
2024051303012563,PFL,49,38,30.0,655.0,19650.0,2024-05-13
2024051303012562,SKBBL,42,40,250.0,800.0,200000.0,2024-05-13
2024051304006198,SSHL,57,14,100.0,159.0,15900.0,2024-05-13
2024051304006197,SSHL,36,14,100.0,159.0,15900.0,2024-05-13
2024051301021584,RNLI,21,14,11.0,431.0,4741.0,2024-05-13
2024051304006196,PPCL,14,13,10.0,230.5,2305.0,2024-05-13
2024051301021583,CKHL,32,6,20.0,510.0,10200.0,2024-05-13
2024051304006195,SSHL,17,36,10.0,160.0,1600.0,2024-05-13
2024051301021582,NICA,39,22,320.0,363.9,116448.0,2024-05-13
2024051301021581,NICA,39,45,100.0,363.8,36380.0,2024-05-13
2024051301021580,NICA,39,28,70.0,363.0,25410.0,2024-05-13
2024051301021579,TSHL,90,57,60.0,503.5,30210.0,2024-05-13
2024051301021578,TSHL,90,45,100.0,499.0,49900.0,2024-05-13
2024051301021577,TSHL,90,57,140.0,498.0,69720.0,2024-05-13
2024051303012561,KRBL,17,61,42.0,448.2,18824.4,2024-05-13
2024051303012560,KRBL,36,61,140.0,448.3,62762.0,2024-05-13
2024051301021576,JBLB,45,49,15.0,1305.0,19575.0,2024-05-13
2024051303012559,NFS,41,34,130.0,532.6,69238.0,2024-05-13
2024051304006194,API,34,49,100.0,171.0,17100.0,2024-05-13
2024051304006193,TRH,45,29,10.0,727.0,7270.0,2024-05-13
2024051301021575,SAMAJ,58,52,10.0,2089.0,20890.0,2024-05-13
2024051304006192,SJCL,41,57,40.0,267.0,10680.0,2024-05-13
2024051304006191,SJCL,41,17,20.0,266.0,5320.0,2024-05-13
2024051304006190,SJCL,41,56,10.0,266.0,2660.0,2024-05-13
2024051301021574,RNLI,21,58,11.0,431.0,4741.0,2024-05-13
2024051303012558,MERO,25,35,100.0,670.0,67000.0,2024-05-13
2024051301021573,CYCL,25,45,20.0,1544.9,30898.0,2024-05-13
2024051301021572,CYCL,62,34,10.0,1553.0,15530.0,2024-05-13
2024051304006189,NICL,14,62,77.0,842.0,64834.0,2024-05-13
2024051304006188,NICL,14,22,30.0,841.8,25254.0,2024-05-13
2024051304006187,NICL,14,22,30.0,841.5,25245.0,2024-05-13
2024051304006186,NICL,14,41,200.0,841.0,168200.0,2024-05-13
2024051304006185,NICL,14,22,20.0,840.8,16816.0,2024-05-13
2024051304006184,NICL,14,22,30.0,840.7,25221.0,2024-05-13
2024051304006183,NICL,14,49,120.0,840.0,100800.0,2024-05-13
2024051304006182,NICL,14,4,200.0,840.0,168000.0,2024-05-13
2024051304006181,NICL,14,42,29.0,840.0,24360.0,2024-05-13
2024051304006180,NICL,14,49,246.0,840.0,206640.0,2024-05-13
2024051304006179,NICL,14,45,212.0,840.0,178080.0,2024-05-13
2024051304006178,NICL,14,44,100.0,839.8,83980.0,2024-05-13
2024051304006177,NICL,14,81,490.0,839.0,411110.0,2024-05-13
2024051304006176,NICL,14,14,200.0,838.9,167780.0,2024-05-13
2024051304006175,NICL,14,41,16.0,838.8,13420.8,2024-05-13
2024051301021571,SRLI,4,26,51.0,443.9,22638.9,2024-05-13
2024051301021570,SRLI,4,55,90.0,443.8,39942.0,2024-05-13
2024051301021569,SRLI,4,55,100.0,443.7,44370.0,2024-05-13
2024051301021568,SRLI,4,55,59.0,443.5,26166.5,2024-05-13
2024051301021567,NICA,36,28,30.0,363.0,10890.0,2024-05-13
2024051301021566,NICA,36,34,20.0,363.0,7260.0,2024-05-13
2024051305004722,CHDC,32,49,100.0,740.0,74000.0,2024-05-13
2024051305004721,CHDC,32,49,835.0,740.0,617900.0,2024-05-13
2024051301021565,SONA,63,46,100.0,438.0,43800.0,2024-05-13
2024051301021564,MEHL,26,56,10.0,300.1,3001.0,2024-05-13
2024051301021563,MBL,59,48,200.0,171.0,34200.0,2024-05-13
2024051301021562,DORDI,34,58,20.0,399.0,7980.0,2024-05-13
2024051301021561,DORDI,34,29,10.0,399.0,3990.0,2024-05-13
2024051301021560,DORDI,34,90,15.0,398.0,5970.0,2024-05-13
2024051305004720,HRL,49,29,10.0,564.0,5640.0,2024-05-13
2024051301021559,ILI,7,14,41.0,540.0,22140.0,2024-05-13
2024051301021558,ILI,7,19,10.0,540.0,5400.0,2024-05-13
2024051304006174,NHPC,38,51,290.0,145.1,42079.0,2024-05-13
2024051303012557,NLIC,45,25,12.0,578.0,6936.0,2024-05-13
2024051303012556,NLIC,45,58,130.0,578.0,75140.0,2024-05-13
2024051303012555,LBBL,60,74,400.0,377.0,150800.0,2024-05-13
2024051303012554,LBBL,60,33,100.0,377.0,37700.0,2024-05-13
2024051301021557,NIMB,53,60,932.0,156.7,146044.4,2024-05-13
2024051303012553,KLBSL,32,19,50.0,907.0,45350.0,2024-05-13
2024051303012552,KLBSL,32,19,12.0,907.0,10884.0,2024-05-13
2024051303012551,KLBSL,32,58,21.0,906.0,19026.0,2024-05-13
2024051301021556,NRM,58,4,100.0,351.0,35100.0,2024-05-13
2024051304006173,SHEL,57,39,300.0,148.0,44400.0,2024-05-13
2024051305004719,NIFRA,7,22,50.0,200.0,10000.0,2024-05-13
2024051303012550,MDB,46,45,10.0,465.0,4650.0,2024-05-13
2024051303012549,NICLBSL,20,22,17.0,642.6,10924.2,2024-05-13
2024051303012548,MERO,57,13,15.0,667.5,10012.5,2024-05-13
2024051303012547,MERO,13,13,10.0,667.6,6676.0,2024-05-13
2024051303012546,MERO,13,13,10.0,667.7,6677.0,2024-05-13
2024051303012545,MERO,19,13,200.0,668.0,133600.0,2024-05-13
2024051303012544,MERO,39,13,20.0,668.0,13360.0,2024-05-13
2024051301021555,SMJC,37,49,10.0,352.0,3520.0,2024-05-13
2024051301021554,SMJC,37,11,10.0,352.0,3520.0,2024-05-13
2024051301021553,SMJC,37,38,10.0,351.0,3510.0,2024-05-13
2024051301021552,SMJC,37,42,10.0,351.0,3510.0,2024-05-13
2024051301021551,SMJC,37,47,40.0,351.0,14040.0,2024-05-13
2024051301021550,SMJC,37,26,10.0,351.0,3510.0,2024-05-13
2024051301021549,SMJC,37,4,40.0,351.0,14040.0,2024-05-13
2024051301021548,SMJC,37,58,10.0,351.0,3510.0,2024-05-13
2024051301021547,SMJC,37,41,10.0,350.5,3505.0,2024-05-13
2024051301021546,SMJC,37,38,10.0,350.5,3505.0,2024-05-13
2024051301021545,SMJC,37,67,170.0,350.5,59585.0,2024-05-13
2024051301021544,SMJC,37,42,10.0,350.4,3504.0,2024-05-13
2024051301021543,SMJC,37,56,10.0,350.3,3503.0,2024-05-13
2024051301021542,SMJC,37,52,10.0,350.0,3500.0,2024-05-13
2024051301021541,SMJC,37,45,39.0,350.0,13650.0,2024-05-13
2024051303012543,KMCDB,6,57,67.0,947.9,63509.3,2024-05-13
2024051303012542,KMCDB,6,33,33.0,947.3,31260.9,2024-05-13
2024051303012541,GBLBS,22,41,70.0,776.1,54327.0,2024-05-13
2024051304006172,AHPC,57,38,149.0,158.0,23542.0,2024-05-13
2024051304006171,AHPC,25,38,200.0,158.0,31600.0,2024-05-13
2024051304006170,AHPC,44,38,51.0,158.0,8058.0,2024-05-13
2024051304006169,JOSHI,42,45,10.0,310.0,3100.0,2024-05-13
2024051301021540,HATHY,59,89,49.0,826.1,40478.9,2024-05-13
2024051301021539,HATHY,49,89,13.0,826.1,10739.3,2024-05-13
2024051301021538,HATHY,44,89,100.0,827.0,82700.0,2024-05-13
2024051301021537,HATHY,39,89,38.0,827.0,31426.0,2024-05-13
2024051301021536,SMHL,39,38,1000.0,428.4,428400.0,2024-05-13
2024051304006168,UPPER,22,35,636.0,165.0,104940.0,2024-05-13
2024051304006167,UPPER,22,45,500.0,165.0,82500.0,2024-05-13
2024051304006166,UPPER,22,58,115.0,165.0,18975.0,2024-05-13
2024051304006165,UPPER,22,34,20.0,165.0,3300.0,2024-05-13
2024051304006164,UPPER,22,16,500.0,165.0,82500.0,2024-05-13
2024051304006163,UPPER,22,32,250.0,165.0,41250.0,2024-05-13
2024051304006162,UPPER,22,38,20.0,165.0,3300.0,2024-05-13
2024051304006161,UPPER,22,38,30.0,165.0,4950.0,2024-05-13
2024051304006160,UPPER,22,55,500.0,165.0,82500.0,2024-05-13
2024051304006159,UPPER,22,70,1500.0,164.9,247350.0,2024-05-13
2024051304006158,UPPER,22,14,200.0,164.9,32980.0,2024-05-13
2024051304006157,UPPER,22,55,20.0,164.8,3296.0,2024-05-13
2024051304006156,UPPER,22,11,80.0,164.8,13184.0,2024-05-13
2024051304006155,UPPER,22,3,129.0,164.7,21246.3,2024-05-13
2024051303012540,SAPDBL,82,36,100.0,333.0,33300.0,2024-05-13
2024051303012539,SABSL,49,38,70.0,846.0,59220.0,2024-05-13
2024051303012538,SABSL,49,57,10.0,846.0,8460.0,2024-05-13
2024051301021535,KBL,26,8,500.0,140.4,70200.0,2024-05-13
2024051303012537,SHINE,56,55,100.0,386.1,38610.0,2024-05-13
2024051301021534,SANIMA,40,4,300.0,239.0,71700.0,2024-05-13
2024051301021533,GVL,7,54,10.0,434.0,4340.0,2024-05-13
2024051301021532,SONA,48,43,36.0,437.0,15732.0,2024-05-13
2024051301021531,SONA,13,43,200.0,437.0,87400.0,2024-05-13
2024051301021530,SONA,50,43,200.0,437.0,87400.0,2024-05-13
2024051301021529,SONA,57,43,64.0,437.1,27974.4,2024-05-13
2024051301021528,NWCL,42,49,10.0,740.0,7400.0,2024-05-13
2024051301021527,NWCL,42,59,75.0,740.0,55500.0,2024-05-13
2024051301021526,HDL,32,38,36.0,1290.0,46440.0,2024-05-13
2024051301021525,KBL,26,22,140.0,140.0,19600.0,2024-05-13
2024051303012536,PFL,49,25,61.0,655.0,39955.0,2024-05-13
2024051303012535,SAPDBL,51,4,10.0,335.0,3350.0,2024-05-13
2024051304006154,NGPL,5,26,1270.0,300.0,381000.0,2024-05-13
2024051304006153,NGPL,38,26,500.0,300.2,150100.0,2024-05-13
2024051304006152,NGPL,8,26,200.0,300.2,60040.0,2024-05-13
2024051304006151,NGPL,7,26,3000.0,300.3,900900.0,2024-05-13
2024051303012534,USLB,62,56,10.0,2145.0,21450.0,2024-05-13
2024051303012533,SHINE,56,16,365.0,386.1,140926.5,2024-05-13
2024051303012532,SHINE,45,16,80.0,387.0,30960.0,2024-05-13
2024051303012531,SHINE,34,16,25.0,387.0,9675.0,2024-05-13
2024051303012530,SHINE,85,16,500.0,387.4,193700.0,2024-05-13
2024051303012529,SHINE,41,16,30.0,387.6,11628.0,2024-05-13
2024051303012528,SKBBL,45,40,10.0,800.0,8000.0,2024-05-13
2024051303012527,SKBBL,42,40,10.0,800.0,8000.0,2024-05-13
2024051303012526,SKBBL,19,40,200.0,800.0,160000.0,2024-05-13
2024051303012525,SKBBL,55,40,20.0,800.0,16000.0,2024-05-13
2024051303012524,SKBBL,48,40,20.0,800.0,16000.0,2024-05-13
2024051303012523,SKBBL,38,40,20.0,800.0,16000.0,2024-05-13
2024051303012522,SKBBL,41,40,70.0,800.0,56000.0,2024-05-13
2024051303012521,SKBBL,57,40,10.0,800.0,8000.0,2024-05-13
2024051303012520,SKBBL,6,40,70.0,800.0,56000.0,2024-05-13
2024051303012519,SKBBL,55,40,50.0,800.0,40000.0,2024-05-13
2024051303012518,SKBBL,57,40,150.0,800.0,120000.0,2024-05-13
2024051303012517,SKBBL,52,40,12.0,800.0,9600.0,2024-05-13
2024051303012516,SKBBL,5,40,10.0,800.0,8000.0,2024-05-13
2024051303012515,SKBBL,57,40,115.0,800.0,92000.0,2024-05-13
2024051303012514,SKBBL,54,40,100.0,800.1,80010.0,2024-05-13
2024051303012513,SKBBL,22,40,300.0,800.1,240030.0,2024-05-13
2024051303012512,SKBBL,48,40,13.0,800.1,10401.3,2024-05-13
2024051303012511,SKBBL,44,40,20.0,800.4,16008.0,2024-05-13
2024051303012510,SKBBL,16,40,40.0,800.4,32016.0,2024-05-13
2024051303012509,SKBBL,16,40,20.0,801.0,16020.0,2024-05-13
2024051304006150,RIDI,6,42,120.0,163.7,19644.0,2024-05-13
2024051304006149,RIDI,6,58,380.0,163.6,62168.0,2024-05-13
2024051301021524,SCB,43,53,96.0,540.1,51849.6,2024-05-13
2024051303012508,ICFC,32,57,220.0,517.3,113806.0,2024-05-13
2024051304006148,AKPL,52,57,53.0,163.4,8660.2,2024-05-13
2024051304006147,AKPL,49,57,180.0,163.5,29430.0,2024-05-13
2024051304006146,AKPL,50,57,60.0,163.6,9816.0,2024-05-13
2024051301021523,MKLB,58,16,80.0,1033.9,82712.0,2024-05-13
2024051301021522,MKLB,58,32,10.0,1033.9,10339.0,2024-05-13
2024051301021521,SBI,34,58,12.0,284.0,3408.0,2024-05-13
2024051303012507,RSDC,62,38,20.0,712.0,14240.0,2024-05-13
2024051303012506,ILBS,45,58,151.0,1352.0,204152.0,2024-05-13
2024051303012505,ILBS,45,58,200.0,1351.0,270200.0,2024-05-13
2024051303012504,ILBS,45,35,149.0,1350.0,201150.0,2024-05-13
2024051303012503,ACLBSL,50,62,60.0,850.0,51000.0,2024-05-13
2024051303012502,LICN,50,7,100.0,1270.0,127000.0,2024-05-13
2024051304006145,TRH,64,50,23.0,730.0,16790.0,2024-05-13
2024051301021520,HHL,32,22,10.0,335.0,3350.0,2024-05-13
2024051301021519,RNLI,21,36,20.0,431.0,8620.0,2024-05-13
2024051303012501,NFS,41,70,1000.0,532.6,532600.0,2024-05-13
2024051301021518,BNL,47,37,12.0,16078.0,192936.0,2024-05-13
2024051301021517,BNL,47,58,10.0,16047.0,160470.0,2024-05-13
2024051301021516,BNL,47,22,20.0,15950.0,319000.0,2024-05-13
2024051305004718,NTC,16,58,25.0,820.0,20500.0,2024-05-13
2024051303012500,RSDC,34,65,10.0,715.0,7150.0,2024-05-13
2024051305004717,CHDC,52,49,10.0,746.0,7460.0,2024-05-13
2024051303012499,FMDBL,25,43,147.0,660.0,97020.0,2024-05-13
2024051303012498,FMDBL,25,8,53.0,659.8,34969.4,2024-05-13
2024051303012497,MLBL,42,41,36.0,333.0,11988.0,2024-05-13
2024051303012496,MLBL,42,53,100.0,333.0,33300.0,2024-05-13
2024051303012495,MLBL,42,38,14.0,332.0,4648.0,2024-05-13
2024051303012494,RSDC,62,48,78.0,712.0,55536.0,2024-05-13
2024051304006144,NICL,21,41,10.0,838.8,8388.0,2024-05-13
2024051301021515,MKLB,32,32,10.0,1033.9,10339.0,2024-05-13
2024051305004716,HRL,49,36,40.0,564.0,22560.0,2024-05-13
2024051305004715,HRL,49,4,10.0,564.0,5640.0,2024-05-13
2024051305004714,HRL,49,3,21.0,564.0,11844.0,2024-05-13
2024051304006143,UPPER,55,3,50.0,164.7,8235.0,2024-05-13
2024051304006142,SHEL,57,26,500.0,148.0,74000.0,2024-05-13
2024051301021514,SBI,34,44,10.0,284.0,2840.0,2024-05-13
2024051303012493,MERO,34,34,22.0,669.0,14718.0,2024-05-13
2024051304006141,DHPL,53,57,310.0,194.1,60171.0,2024-05-13
2024051305004713,NBF2,94,21,9450.0,8.1,76545.0,2024-05-13
2024051305004712,NBF2,26,21,550.0,8.11,4460.5,2024-05-13
2024051301021513,PRVU,35,22,100.0,141.8,14180.0,2024-05-13
2024051303012492,SJLIC,1,45,200.0,409.2,81840.0,2024-05-13
2024051301021512,SPC,19,47,20.0,486.0,9720.0,2024-05-13
2024051301021511,SPC,19,47,10.0,486.0,4860.0,2024-05-13
2024051303012491,BFC,16,19,50.0,390.3,19515.0,2024-05-13
2024051303012490,BFC,54,19,50.0,390.4,19520.0,2024-05-13
2024051303012489,ICFC,32,34,562.0,517.3,290722.6,2024-05-13
2024051303012488,ICFC,41,34,300.0,517.4,155220.0,2024-05-13
2024051303012487,ICFC,34,34,30.0,517.5,15525.0,2024-05-13
2024051303012486,ICFC,88,34,58.0,517.7,30026.6,2024-05-13
2024051303012485,ICFC,26,34,50.0,517.8,25890.0,2024-05-13
2024051303012484,PROFL,52,35,10.0,340.0,3400.0,2024-05-13
2024051301021510,MBJC,51,57,65.0,282.4,18356.0,2024-05-13
2024051301021509,MBJC,48,57,30.0,282.5,8475.0,2024-05-13
2024051301021508,MBJC,54,57,105.0,282.8,29694.0,2024-05-13
2024051301021507,EHPL,42,52,10.0,454.0,4540.0,2024-05-13
2024051301021506,RHGCL,45,45,200.0,353.0,70600.0,2024-05-13
2024051303012483,SHINE,17,6,20.0,387.9,7758.0,2024-05-13
2024051304006140,UAIL,85,35,220.0,560.0,123200.0,2024-05-13
2024051304006139,UNHPL,36,32,20.0,220.7,4414.0,2024-05-13
2024051304006138,UNHPL,36,43,70.0,220.0,15400.0,2024-05-13
2024051304006137,UNHPL,36,45,10.0,219.0,2190.0,2024-05-13
2024051304006136,UNHPL,36,58,50.0,218.0,10900.0,2024-05-13
2024051303012482,RLFL,80,26,400.0,388.7,155480.0,2024-05-13
2024051303012481,CFCL,1,51,200.0,393.3,78660.0,2024-05-13
2024051301021505,MKHL,58,11,75.0,417.0,31275.0,2024-05-13
2024051305004711,NTC,26,34,37.0,820.0,30340.0,2024-05-13
2024051301021504,IHL,5,14,10.0,378.0,3780.0,2024-05-13
2024051301021503,BGWT,65,70,125.0,592.0,74000.0,2024-05-13
2024051301021502,MEL,52,88,10.0,229.0,2290.0,2024-05-13
2024051305004710,CIT,41,53,10.0,2098.0,20980.0,2024-05-13
2024051303012480,MFIL,42,7,120.0,505.2,60624.0,2024-05-13
2024051304006135,NHDL,42,41,50.0,422.1,21105.0,2024-05-13
2024051304006134,UPCL,43,74,250.0,191.0,47750.0,2024-05-13
2024051304006133,UPCL,43,57,250.0,190.9,47725.0,2024-05-13
2024051301021501,SHIVM,1,53,371.0,492.2,182606.2,2024-05-13
2024051301021500,SHIVM,67,53,10.0,492.2,4922.0,2024-05-13
2024051301021499,SHIVM,36,53,30.0,492.5,14775.0,2024-05-13
2024051301021498,SHIVM,52,53,61.0,493.0,30073.0,2024-05-13
2024051301021497,SHIVM,57,53,18.0,493.0,8874.0,2024-05-13
2024051301021496,SHIVM,4,53,10.0,493.2,4932.0,2024-05-13
2024051303012479,GUFL,41,43,440.0,708.4,311696.0,2024-05-13
2024051303012478,GUFL,45,43,500.0,708.5,354250.0,2024-05-13
2024051303012477,GUFL,45,43,10.0,708.5,7085.0,2024-05-13
2024051303012476,GUFL,92,43,50.0,708.6,35430.0,2024-05-13
2024051301021495,TAMOR,38,38,10.0,356.0,3560.0,2024-05-13
2024051301021494,BEDC,58,52,10.0,365.0,3650.0,2024-05-13
2024051301021493,CYCL,66,6,10.0,1552.0,15520.0,2024-05-13
2024051301021492,RNLI,36,64,20.0,432.0,8640.0,2024-05-13
2024051303012475,PROFL,22,35,10.0,340.0,3400.0,2024-05-13
2024051301021491,HDL,51,38,50.0,1290.0,64500.0,2024-05-13
2024051304006132,NGPL,49,21,100.0,300.5,30050.0,2024-05-13
2024051303012474,NMBMF,19,42,10.0,649.0,6490.0,2024-05-13
2024051301021490,RNLI,95,64,11.0,432.0,4752.0,2024-05-13
2024051305004709,HRL,34,43,102.0,563.3,57456.6,2024-05-13
2024051305004708,HRL,21,43,480.0,563.3,270384.0,2024-05-13
2024051305004707,HRL,17,43,30.0,563.4,16902.0,2024-05-13
2024051305004706,HRL,26,43,10.0,563.4,5634.0,2024-05-13
2024051303012473,GBBL,13,38,30.0,369.0,11070.0,2024-05-13
2024051303012472,NFS,41,60,1070.0,532.6,569882.0,2024-05-13
2024051303012471,NFS,21,60,30.0,532.7,15981.0,2024-05-13
2024051303012470,NFS,17,60,100.0,532.9,53290.0,2024-05-13
2024051305004705,HRL,58,3,10.0,564.0,5640.0,2024-05-13
2024051301021489,NRM,58,39,100.0,351.0,35100.0,2024-05-13
2024051304006131,LEC,44,35,1000.0,178.0,178000.0,2024-05-13
2024051304006130,LEC,34,35,500.0,178.0,89000.0,2024-05-13
2024051304006129,LEC,58,35,4115.0,178.0,732470.0,2024-05-13
2024051303012469,NMFBS,64,7,10.0,1282.0,12820.0,2024-05-13
2024051305004704,NRN,21,36,50.0,500.2,25010.0,2024-05-13
2024051301021488,NYADI,55,34,60.0,284.0,17040.0,2024-05-13
2024051301021487,NYADI,55,57,10.0,284.0,2840.0,2024-05-13
2024051301021486,NYADI,55,41,10.0,284.0,2840.0,2024-05-13
2024051301021485,NYADI,55,57,20.0,283.9,5678.0,2024-05-13
2024051303012468,SHINE,26,72,200.0,388.0,77600.0,2024-05-13
2024051304006128,CHCL,8,84,70.0,430.0,30100.0,2024-05-13
2024051304006127,CHCL,42,84,30.0,430.0,12900.0,2024-05-13
2024051303012467,DDBL,35,19,20.0,695.0,13900.0,2024-05-13
2024051303012466,DDBL,54,19,200.0,695.0,139000.0,2024-05-13
2024051303012465,DDBL,18,19,100.0,695.0,69500.0,2024-05-13
2024051303012464,DDBL,45,19,55.0,697.0,38335.0,2024-05-13
2024051303012463,RLFL,95,88,100.0,387.7,38770.0,2024-05-13
2024051303012462,FOWAD,22,41,20.0,1144.0,22880.0,2024-05-13
2024051303012461,ILBS,34,35,101.0,1350.0,136350.0,2024-05-13
2024051303012460,ILBS,34,49,55.0,1350.0,74250.0,2024-05-13
2024051303012459,ILBS,34,38,50.0,1350.0,67500.0,2024-05-13
2024051303012458,ILBS,34,32,24.0,1350.0,32400.0,2024-05-13
2024051303012457,ILBS,34,59,32.0,1350.0,43200.0,2024-05-13
2024051303012456,ILBS,34,6,19.0,1350.0,25650.0,2024-05-13
2024051303012455,ILBS,34,29,100.0,1350.0,135000.0,2024-05-13
2024051303012454,ILBS,34,72,19.0,1343.9,25534.1,2024-05-13
2024051303012453,ILBS,34,57,100.0,1343.8,134380.0,2024-05-13
2024051301021484,SNLI,41,42,20.0,455.0,9100.0,2024-05-13
2024051301021483,SNLI,58,42,110.0,455.0,50050.0,2024-05-13
2024051301021482,SNLI,49,42,23.0,455.0,10465.0,2024-05-13
2024051301021481,SNLI,43,42,43.0,455.0,19565.0,2024-05-13
2024051301021480,SRLI,49,14,10.0,440.9,4409.0,2024-05-13
2024051303012452,MLBL,14,38,86.0,332.0,28552.0,2024-05-13
2024051303012451,MLBL,14,52,64.0,332.0,21248.0,2024-05-13
2024051303012450,MLBL,14,41,50.0,332.0,16600.0,2024-05-13
2024051301021479,HDL,58,38,14.0,1290.0,18060.0,2024-05-13
2024051301021478,HDL,58,39,88.0,1290.0,113520.0,2024-05-13
2024051301021477,MEL,58,88,10.0,229.0,2290.0,2024-05-13
2024051303012449,SADBL,34,50,20.0,317.7,6354.0,2024-05-13
2024051303012448,PMLI,51,57,10.0,505.0,5050.0,2024-05-13
2024051301021476,TSHL,45,49,34.0,496.6,16884.4,2024-05-13
2024051303012447,LICN,56,7,50.0,1270.0,63500.0,2024-05-13
2024051303012446,EDBL,13,88,50.0,388.0,19400.0,2024-05-13
2024051301021475,MKHC,5,25,10.0,306.0,3060.0,2024-05-13
2024051301021474,PRVU,41,50,10.0,142.8,1428.0,2024-05-13
2024051304006126,AKJCL,34,55,10.0,204.0,2040.0,2024-05-13
2024051301021473,NABIL,34,40,20.0,430.8,8616.0,2024-05-13
2024051301021472,BNHC,57,45,10.0,453.0,4530.0,2024-05-13
2024051301021471,SANIMA,58,4,210.0,239.0,50190.0,2024-05-13
2024051301021470,SRLI,4,55,41.0,443.5,18183.5,2024-05-13
2024051301021469,SRLI,4,34,10.0,443.0,4430.0,2024-05-13
2024051301021468,SRLI,4,26,10.0,443.0,4430.0,2024-05-13
2024051301021467,SRLI,4,26,10.0,443.0,4430.0,2024-05-13
2024051301021466,SRLI,4,38,10.0,443.0,4430.0,2024-05-13
2024051301021465,SRLI,4,52,10.0,443.0,4430.0,2024-05-13
2024051301021464,SRLI,4,45,10.0,442.0,4420.0,2024-05-13
2024051301021463,SRLI,4,42,10.0,442.0,4420.0,2024-05-13
2024051301021462,SRLI,4,45,10.0,442.0,4420.0,2024-05-13
2024051301021461,SRLI,4,34,10.0,442.0,4420.0,2024-05-13
2024051301021460,SRLI,4,7,10.0,442.0,4420.0,2024-05-13
2024051301021459,SRLI,4,13,10.0,442.0,4420.0,2024-05-13
2024051301021458,SRLI,4,22,10.0,441.2,4412.0,2024-05-13
2024051301021457,SRLI,4,57,10.0,441.0,4410.0,2024-05-13
2024051301021456,SRLI,4,35,10.0,441.0,4410.0,2024-05-13
2024051301021455,SRLI,4,52,119.0,441.0,52479.0,2024-05-13
2024051303012445,LBBL,58,26,10.0,377.0,3770.0,2024-05-13
2024051303012444,SHINE,21,72,10.0,388.0,3880.0,2024-05-13
2024051303012443,KRBL,36,61,170.0,448.3,76211.0,2024-05-13
2024051303012442,KRBL,5,61,50.0,448.4,22420.0,2024-05-13
2024051303012441,KRBL,44,61,1000.0,448.5,448500.0,2024-05-13
2024051303012440,KRBL,33,61,100.0,448.9,44890.0,2024-05-13
2024051303012439,KRBL,11,61,100.0,448.9,44890.0,2024-05-13
2024051303012438,KRBL,14,61,50.0,449.0,22450.0,2024-05-13
2024051303012437,KRBL,45,61,20.0,449.0,8980.0,2024-05-13
2024051303012436,KRBL,38,61,200.0,449.0,89800.0,2024-05-13
2024051303012435,KRBL,44,61,100.0,450.0,45000.0,2024-05-13
2024051303012434,KRBL,25,61,100.0,450.0,45000.0,2024-05-13
2024051303012433,KRBL,36,61,30.0,450.0,13500.0,2024-05-13
2024051303012432,KRBL,13,61,200.0,450.5,90100.0,2024-05-13
2024051301021454,TSHL,45,22,150.0,496.6,74490.0,2024-05-13
2024051301021453,ULHC,22,49,20.0,327.0,6540.0,2024-05-13
2024051304006125,UPPER,6,3,21.0,164.7,3458.7,2024-05-13
2024051301021452,SCB,43,26,50.0,540.1,27005.0,2024-05-13
2024051301021451,AVYAN,53,59,20.0,824.0,16480.0,2024-05-13
2024051303012431,BFC,16,32,20.0,391.0,7820.0,2024-05-13
2024051303012430,SAPDBL,82,7,450.0,333.0,149850.0,2024-05-13
2024051301021450,KBL,26,52,295.0,140.0,41300.0,2024-05-13
2024051301021449,GVL,56,25,10.0,430.2,4302.0,2024-05-13
2024051303012429,ALBSL,55,59,16.0,865.0,13840.0,2024-05-13
2024051305004703,NIFRA,7,44,300.0,200.0,60000.0,2024-05-13
2024051305004702,NIFRA,7,45,54.0,200.0,10800.0,2024-05-13
2024051305004701,NIFRA,7,33,200.0,200.0,40000.0,2024-05-13
2024051305004700,NIFRA,7,17,54.0,200.0,10800.0,2024-05-13
2024051305004699,NIFRA,7,48,10.0,200.0,2000.0,2024-05-13
2024051305004698,NIFRA,7,6,170.0,200.0,34000.0,2024-05-13
2024051301021448,KBL,52,8,107.0,140.4,15022.8,2024-05-13
2024051303012428,LBBL,41,26,10.0,377.0,3770.0,2024-05-13
2024051301021447,TSHL,58,57,10.0,498.0,4980.0,2024-05-13
2024051303012427,GFCL,1,57,80.0,460.0,36800.0,2024-05-13
2024051303012426,SKBBL,38,14,90.0,802.0,72180.0,2024-05-13
2024051304006124,JOSHI,42,38,150.0,310.0,46500.0,2024-05-13
2024051301021446,CLI,37,58,10.0,455.6,4556.0,2024-05-13
2024051304006123,CGH,21,91,10.0,785.0,7850.0,2024-05-13
2024051301021445,MBL,58,48,10.0,171.0,1710.0,2024-05-13
2024051303012425,SWMF,58,22,70.0,790.0,55300.0,2024-05-13
2024051301021444,SONA,63,46,100.0,438.0,43800.0,2024-05-13
2024051305004697,HRL,26,45,60.0,563.4,33804.0,2024-05-13
2024051304006122,CGH,51,91,40.0,785.0,31400.0,2024-05-13
2024051305004696,HRL,41,3,100.0,564.0,56400.0,2024-05-13
2024051303012424,PFL,59,25,20.0,655.0,13100.0,2024-05-13
2024051303012423,PFL,34,25,119.0,655.0,77945.0,2024-05-13
2024051301021443,HDL,35,39,15.0,1290.0,19350.0,2024-05-13
2024051305004695,CHDC,32,49,165.0,740.0,122100.0,2024-05-13
2024051305004694,CHDC,49,49,30.0,740.1,22203.0,2024-05-13
2024051305004693,CHDC,45,49,20.0,740.1,14802.0,2024-05-13
2024051305004692,CHDC,58,49,65.0,743.0,48295.0,2024-05-13
2024051305004691,CHDC,49,49,200.0,744.0,148800.0,2024-05-13
2024051305004690,CHDC,49,49,10.0,744.0,7440.0,2024-05-13
2024051305004689,CHDC,10,49,500.0,745.5,372750.0,2024-05-13
2024051305004688,CHDC,49,49,10.0,745.5,7455.0,2024-05-13
2024051301021442,SARBTM,8,59,50.0,762.0,38100.0,2024-05-13
2024051304006121,UPCL,58,68,140.0,190.7,26698.0,2024-05-13
2024051301021441,HHL,32,19,900.0,335.0,301500.0,2024-05-13
2024051301021440,NICA,45,34,30.0,363.0,10890.0,2024-05-13
2024051305004687,HRL,26,34,20.0,563.4,11268.0,2024-05-13
2024051303012422,DDBL,45,34,60.0,697.0,41820.0,2024-05-13
2024051303012421,DDBL,16,34,30.0,697.0,20910.0,2024-05-13
2024051303012420,DDBL,38,34,10.0,697.5,6975.0,2024-05-13
2024051303012419,RSDC,62,62,1537.0,712.0,1094344.0,2024-05-13
2024051301021439,MKJC,42,57,10.0,425.0,4250.0,2024-05-13
2024051305004686,CHDC,32,49,380.0,746.0,283480.0,2024-05-13
2024051303012418,NLICL,39,45,98.0,544.0,53312.0,2024-05-13
2024051303012417,NLICL,39,13,24.0,544.0,13056.0,2024-05-13
2024051303012416,NLICL,39,58,136.0,543.9,73970.4,2024-05-13
2024051303012415,NLICL,39,34,92.0,543.8,50029.6,2024-05-13
2024051303012414,NLICL,39,56,428.0,540.0,231120.0,2024-05-13
2024051304006120,GLH,45,4,30.0,200.0,6000.0,2024-05-13
2024051303012413,NFS,17,66,200.0,532.9,106580.0,2024-05-13
2024051303012412,GMFIL,26,35,10.0,402.0,4020.0,2024-05-13
2024051301021438,ILI,41,14,126.0,539.0,67914.0,2024-05-13
2024051303012411,NMBMF,66,14,100.0,645.0,64500.0,2024-05-13
2024051304006119,NIL,16,36,448.0,791.1,354412.8,2024-05-13
2024051301021437,EBL,58,58,30.0,509.1,15273.0,2024-05-13
2024051301021436,ILI,41,58,10.0,539.0,5390.0,2024-05-13
2024051305004685,SMATA,42,22,42.0,927.0,38934.0,2024-05-13
2024051301021435,HATHY,39,70,62.0,827.0,51274.0,2024-05-13
2024051301021434,HATHY,43,70,38.0,827.1,31429.8,2024-05-13
2024051301021433,HDL,33,39,10.0,1290.0,12900.0,2024-05-13
2024051304006118,SSHL,7,17,100.0,159.0,15900.0,2024-05-13
2024051301021432,HDL,41,39,50.0,1290.0,64500.0,2024-05-13
2024051305004684,CHDC,53,49,500.0,746.0,373000.0,2024-05-13
2024051303012410,JBBL,66,43,350.0,295.0,103250.0,2024-05-13
2024051303012409,JBBL,41,43,110.0,295.0,32450.0,2024-05-13
2024051304006117,API,89,49,250.0,171.0,42750.0,2024-05-13
2024051303012408,RLFL,95,57,500.0,387.7,193850.0,2024-05-13
2024051304006116,DHPL,53,57,480.0,194.1,93168.0,2024-05-13
2024051304006115,DHPL,34,57,90.0,194.1,17469.0,2024-05-13
2024051304006114,DHPL,35,57,200.0,194.1,38820.0,2024-05-13
2024051304006113,DHPL,33,57,50.0,194.2,9710.0,2024-05-13
2024051303012407,ALBSL,25,58,10.0,865.0,8650.0,2024-05-13
2024051303012406,ALBSL,25,45,15.0,865.0,12975.0,2024-05-13
2024051304006112,DHPL,52,57,50.0,194.2,9710.0,2024-05-13
2024051303012405,ALBSL,25,14,95.0,865.0,82175.0,2024-05-13
2024051304006111,DHPL,54,57,100.0,194.4,19440.0,2024-05-13
2024051303012404,ALBSL,25,34,100.0,865.0,86500.0,2024-05-13
2024051303012403,ALBSL,25,7,12.0,865.0,10380.0,2024-05-13
2024051304006110,DHPL,48,57,10.0,194.5,1945.0,2024-05-13
2024051303012402,ALBSL,25,45,166.0,865.0,143590.0,2024-05-13
2024051304006109,DHPL,48,57,10.0,194.7,1947.0,2024-05-13
2024051304006108,DHPL,48,57,10.0,194.8,1948.0,2024-05-13
2024051303012401,JBBL,41,34,390.0,295.0,115050.0,2024-05-13
2024051303012400,JBBL,40,34,60.0,295.0,17700.0,2024-05-13
2024051303012399,JBBL,44,34,10.0,295.1,2951.0,2024-05-13
2024051303012398,JBBL,44,34,10.0,295.2,2952.0,2024-05-13
2024051303012397,JBBL,44,34,10.0,295.3,2953.0,2024-05-13
2024051303012396,JBBL,44,34,10.0,295.4,2954.0,2024-05-13
2024051303012395,JBBL,44,34,10.0,295.5,2955.0,2024-05-13
2024051304006107,AHPC,14,39,40.0,158.9,6356.0,2024-05-13
2024051304006106,AHPC,14,56,10.0,158.5,1585.0,2024-05-13
2024051301021431,SANIMA,45,4,200.0,239.0,47800.0,2024-05-13
2024051301021430,SANIMA,49,4,867.0,240.0,208080.0,2024-05-13
2024051301021429,HDL,58,39,38.0,1290.0,49020.0,2024-05-13
2024051301021428,SONA,13,53,40.0,440.0,17600.0,2024-05-13
2024051301021427,SONA,13,42,10.0,440.0,4400.0,2024-05-13
2024051301021426,SRLI,16,52,12.0,441.0,5292.0,2024-05-13
2024051304006105,TRH,64,47,45.0,730.0,32850.0,2024-05-13
2024051304006104,TRH,4,47,10.0,730.1,7301.0,2024-05-13
2024051303012394,MERO,86,41,73.0,669.1,48844.3,2024-05-13
2024051301021425,SHIVM,57,58,82.0,493.0,40426.0,2024-05-13
2024051303012393,MERO,25,35,50.0,670.0,33500.0,2024-05-13
2024051304006103,DHPL,38,44,450.0,195.0,87750.0,2024-05-13
2024051303012392,HLBSL,34,38,110.0,865.0,95150.0,2024-05-13
2024051303012391,NICLBSL,34,22,80.0,642.6,51408.0,2024-05-13
2024051303012390,JBBL,44,62,10.0,295.6,2956.0,2024-05-13
2024051303012389,ACLBSL,18,62,50.0,846.0,42300.0,2024-05-13
2024051303012388,CBBL,34,35,90.0,819.2,73728.0,2024-05-13
2024051303012387,CBBL,17,35,100.0,819.3,81930.0,2024-05-13
2024051303012386,CBBL,17,35,65.0,819.3,53254.5,2024-05-13
2024051303012385,CBBL,44,35,200.0,819.4,163880.0,2024-05-13
2024051303012384,CBBL,49,35,10.0,819.5,8195.0,2024-05-13
2024051303012383,CBBL,71,35,100.0,819.5,81950.0,2024-05-13
2024051303012382,CBBL,49,35,25.0,819.5,20487.5,2024-05-13
2024051303012381,CBBL,42,35,10.0,820.0,8200.0,2024-05-13
2024051301021424,LSL,22,36,10.0,153.9,1539.0,2024-05-13
2024051301021423,LSL,22,6,10.0,153.8,1538.0,2024-05-13
2024051303012380,KMCDB,22,34,100.0,947.9,94790.0,2024-05-13
2024051303012379,KMCDB,22,70,100.0,947.0,94700.0,2024-05-13
2024051304006102,MEN,58,77,100.0,524.0,52400.0,2024-05-13
2024051301021422,NMB,14,55,1985.0,176.9,351146.5,2024-05-13
2024051301021421,NMB,36,55,15.0,176.9,2653.5,2024-05-13
2024051303012378,PROFL,52,48,160.0,337.0,53920.0,2024-05-13
2024051304006101,UMRH,7,16,20.0,333.0,6660.0,2024-05-13
2024051301021420,MKLB,32,25,10.0,1033.0,10330.0,2024-05-13
2024051305004683,HRL,26,42,10.0,563.4,5634.0,2024-05-13
2024051301021419,TVCL,16,82,30.0,462.0,13860.0,2024-05-13
2024051301021418,TVCL,47,82,100.0,462.1,46210.0,2024-05-13
2024051301021417,TVCL,32,82,10.0,462.4,4624.0,2024-05-13
2024051301021416,TVCL,69,82,400.0,462.6,185040.0,2024-05-13
2024051301021415,TVCL,41,82,80.0,463.0,37040.0,2024-05-13
2024051301021414,SARBTM,8,50,33.0,762.0,25146.0,2024-05-13
2024051301021413,MSHL,58,66,10.0,625.0,6250.0,2024-05-13
2024051301021412,SAHAS,42,58,10.0,491.5,4915.0,2024-05-13
2024051303012377,FMDBL,35,8,147.0,660.0,97020.0,2024-05-13
2024051305004682,CHDC,49,17,40.0,745.5,29820.0,2024-05-13
2024051301021411,MANDU,65,45,244.0,878.0,214232.0,2024-05-13
2024051301021410,MANDU,65,37,100.0,878.0,87800.0,2024-05-13
2024051301021409,MANDU,65,58,120.0,875.0,105000.0,2024-05-13
2024051301021408,MANDU,65,16,10.0,875.0,8750.0,2024-05-13
2024051301021407,MANDU,65,38,1600.0,874.1,1398560.0,2024-05-13
2024051301021406,MANDU,65,49,10.0,874.1,8741.0,2024-05-13
2024051301021405,MANDU,65,62,200.0,874.1,174820.0,2024-05-13
2024051301021404,MANDU,65,25,500.0,874.1,437050.0,2024-05-13
2024051301021403,MANDU,65,58,10.0,874.0,8740.0,2024-05-13
2024051301021402,MANDU,65,19,200.0,874.0,174800.0,2024-05-13
2024051301021401,MANDU,65,52,50.0,874.0,43700.0,2024-05-13
2024051301021400,MANDU,65,7,335.0,874.0,292790.0,2024-05-13
2024051301021399,MANDU,65,7,40.0,870.0,34800.0,2024-05-13
2024051301021398,MANDU,65,35,51.0,860.0,43860.0,2024-05-13
2024051301021397,MANDU,65,33,300.0,860.0,258000.0,2024-05-13
2024051301021396,MANDU,65,58,200.0,859.0,171800.0,2024-05-13
2024051301021395,MANDU,65,58,10.0,857.0,8570.0,2024-05-13
2024051301021394,MANDU,65,49,20.0,856.9,17138.0,2024-05-13
2024051305004681,CIT,52,53,22.0,2098.0,46156.0,2024-05-13
2024051305004680,CIT,52,50,10.0,2098.0,20980.0,2024-05-13
2024051304006100,RADHI,41,6,23.0,228.0,5244.0,2024-05-13
2024051304006099,RADHI,41,34,27.0,228.0,6156.0,2024-05-13
2024051303012376,GUFL,59,34,100.0,709.0,70900.0,2024-05-13
2024051304006098,SHL,34,44,500.0,443.7,221850.0,2024-05-13
2024051304006097,SHL,34,42,500.0,443.5,221750.0,2024-05-13
2024051303012375,SWBBL,54,56,20.0,767.9,15358.0,2024-05-13
2024051303012374,SWBBL,54,57,56.0,765.0,42840.0,2024-05-13
2024051301021393,IHL,17,21,315.0,375.0,118125.0,2024-05-13
2024051301021392,IHL,13,21,185.0,375.0,69375.0,2024-05-13
2024051304006096,IGI,22,57,10.0,531.0,5310.0,2024-05-13
2024051301021391,LSL,42,55,19.0,153.0,2907.0,2024-05-13
2024051301021390,SANIMA,49,7,50.0,240.0,12000.0,2024-05-13
2024051301021389,SANIMA,49,41,19.0,240.0,4560.0,2024-05-13
2024051301021388,SANIMA,49,35,64.0,240.0,15360.0,2024-05-13
2024051303012373,GMFIL,29,58,10.0,403.0,4030.0,2024-05-13
2024051301021387,KBL,26,29,200.0,140.0,28000.0,2024-05-13
2024051301021386,NBL,32,6,20.0,206.0,4120.0,2024-05-13
2024051303012372,GUFL,59,41,100.0,709.0,70900.0,2024-05-13
2024051304006095,NHPC,38,25,350.0,145.0,50750.0,2024-05-13
2024051305004679,NTC,44,34,20.0,820.0,16400.0,2024-05-13
2024051305004678,NTC,4,34,10.0,820.0,8200.0,2024-05-13
2024051305004677,NTC,41,34,20.0,820.0,16400.0,2024-05-13
2024051305004676,NTC,57,34,20.0,820.0,16400.0,2024-05-13
2024051305004675,NTC,18,34,18.0,820.0,14760.0,2024-05-13
2024051303012371,SAPDBL,82,22,1179.0,333.0,392607.0,2024-05-13
2024051304006094,HEI,82,71,1000.0,595.9,595900.0,2024-05-13
2024051301021385,PRVU,35,22,334.0,141.8,47361.2,2024-05-13
2024051303012370,ILBS,45,45,45.0,1343.0,60435.0,2024-05-13
2024051303012369,PFL,34,45,120.0,655.0,78600.0,2024-05-13
2024051301021384,SHIVM,45,58,18.0,493.0,8874.0,2024-05-13
2024051301021383,SHIVM,45,39,171.0,493.0,84303.0,2024-05-13
2024051301021382,SHIVM,45,10,311.0,493.0,153323.0,2024-05-13
2024051303012368,NICLBSL,52,6,70.0,638.0,44660.0,2024-05-13
2024051303012367,SJLIC,25,34,79.0,409.0,32311.0,2024-05-13
2024051304006093,KKHC,34,14,10.0,219.0,2190.0,2024-05-13
2024051303012366,SJLIC,14,34,100.0,409.0,40900.0,2024-05-13
2024051303012365,GILB,42,11,160.0,1171.0,187360.0,2024-05-13
2024051303012364,GILB,42,62,83.0,1171.0,97193.0,2024-05-13
2024051301021381,CYCL,66,34,10.0,1553.0,15530.0,2024-05-13
2024051303012363,GRDBL,45,58,20.0,441.0,8820.0,2024-05-13
2024051301021380,SAMAJ,58,52,10.0,2090.0,20900.0,2024-05-13
2024051301021379,MKHC,26,57,88.0,305.0,26840.0,2024-05-13
2024051301021378,MKHC,26,57,50.0,304.2,15210.0,2024-05-13
2024051301021377,PHCL,59,82,200.0,287.0,57400.0,2024-05-13
2024051303012362,PROFL,19,48,100.0,337.5,33750.0,2024-05-13
2024051303012361,PROFL,63,48,140.0,338.0,47320.0,2024-05-13
2024051303012360,PROFL,52,48,100.0,338.0,33800.0,2024-05-13
2024051303012359,KLBSL,17,26,50.0,904.0,45200.0,2024-05-13
2024051304006092,UAIL,85,42,650.0,560.0,364000.0,2024-05-13
2024051304006091,UAIL,50,42,407.0,560.1,227960.7,2024-05-13
2024051301021376,NRM,58,21,180.0,351.0,63180.0,2024-05-13
2024051301021375,NRM,58,21,320.0,351.0,112320.0,2024-05-13
2024051305004674,HIDCL,64,38,92.0,164.0,15088.0,2024-05-13
2024051303012358,PFL,58,25,10.0,659.0,6590.0,2024-05-13
2024051303012357,NMBMF,55,26,77.0,641.0,49357.0,2024-05-13
2024051303012356,NMBMF,66,26,50.0,642.0,32100.0,2024-05-13
2024051303012355,NMBMF,11,26,50.0,642.0,32100.0,2024-05-13
2024051303012354,NMBMF,45,26,200.0,642.2,128440.0,2024-05-13
2024051303012353,NMBMF,41,26,100.0,642.3,64230.0,2024-05-13
2024051303012352,NMBMF,43,26,23.0,642.4,14775.2,2024-05-13
2024051301021374,BEDC,68,58,10.0,363.0,3630.0,2024-05-13
2024051305004673,HRL,29,3,60.0,564.0,33840.0,2024-05-13
2024051301021373,MSHL,62,6,200.0,618.0,123600.0,2024-05-13
2024051301021372,MKHL,58,7,55.0,417.0,22935.0,2024-05-13
2024051304006090,CGH,48,91,100.0,785.0,78500.0,2024-05-13
2024051305004672,HRL,34,3,20.0,564.0,11280.0,2024-05-13
2024051303012351,SKBBL,66,14,155.0,802.0,124310.0,2024-05-13
2024051305004671,HIDCL,66,61,4.0,161.0,644.0,2024-05-13
2024051301021371,RNLI,66,64,100.0,432.0,43200.0,2024-05-13
2024051301021370,NBL,87,45,160.0,206.5,33040.0,2024-05-13
2024051304006089,BPCL,49,42,100.0,290.9,29090.0,2024-05-13
2024051303012350,NICLBSL,42,33,10.0,636.3,6363.0,2024-05-13
2024051301021369,MKHC,44,57,100.0,304.2,30420.0,2024-05-13
2024051301021368,MMKJL,60,6,100.0,448.9,44890.0,2024-05-13
2024051301021367,MMKJL,60,49,10.0,448.9,4489.0,2024-05-13
2024051301021366,MMKJL,60,38,100.0,448.8,44880.0,2024-05-13
2024051301021365,MMKJL,60,38,10.0,448.0,4480.0,2024-05-13
2024051301021364,MMKJL,60,22,30.0,447.9,13437.0,2024-05-13
2024051301021363,MMKJL,60,44,250.0,447.0,111750.0,2024-05-13
2024051305004670,HIDCL,42,38,383.0,164.0,62812.0,2024-05-13
2024051305004669,HIDCL,42,45,82.0,164.0,13448.0,2024-05-13
2024051305004668,HIDCL,42,36,100.0,164.0,16400.0,2024-05-13
2024051305004667,HIDCL,42,35,500.0,164.0,82000.0,2024-05-13
2024051305004666,HIDCL,42,48,435.0,163.7,71209.5,2024-05-13
2024051303012349,NFS,34,34,120.0,533.0,63960.0,2024-05-13
2024051301021362,SRLI,49,38,10.0,440.9,4409.0,2024-05-13
2024051301021361,JBLB,45,41,30.0,1305.0,39150.0,2024-05-13
2024051303012348,RSDC,14,62,100.0,712.0,71200.0,2024-05-13
2024051303012347,RSDC,62,62,50.0,712.0,35600.0,2024-05-13
2024051303012346,RSDC,88,62,53.0,712.0,37736.0,2024-05-13
2024051303012345,RSDC,13,62,40.0,712.1,28484.0,2024-05-13
2024051303012344,RSDC,62,62,100.0,712.2,71220.0,2024-05-13
2024051303012343,RSDC,4,62,20.0,713.0,14260.0,2024-05-13
2024051303012342,RSDC,1,62,100.0,713.0,71300.0,2024-05-13
2024051303012341,RSDC,38,62,250.0,713.0,178250.0,2024-05-13
2024051303012340,RSDC,14,62,165.0,713.0,117645.0,2024-05-13
2024051303012339,RSDC,42,62,100.0,713.1,71310.0,2024-05-13
2024051303012338,RSDC,81,62,100.0,713.1,71310.0,2024-05-13
2024051303012337,RSDC,29,62,10.0,714.0,7140.0,2024-05-13
2024051303012336,HLI,57,14,10.0,384.0,3840.0,2024-05-13
2024051301021360,CLI,37,17,30.0,455.6,13668.0,2024-05-13
2024051303012335,HLBSL,34,35,50.0,865.0,43250.0,2024-05-13
2024051303012334,HLBSL,34,26,100.0,865.0,86500.0,2024-05-13
2024051303012333,HLBSL,34,26,30.0,865.0,25950.0,2024-05-13
2024051303012332,HLBSL,34,38,30.0,860.0,25800.0,2024-05-13
2024051303012331,GUFL,36,11,50.0,709.1,35455.0,2024-05-13
2024051301021359,MAKAR,22,88,100.0,352.0,35200.0,2024-05-13
2024051301021358,RHGCL,34,58,40.0,353.0,14120.0,2024-05-13
2024051301021357,RHGCL,58,58,10.0,353.5,3535.0,2024-05-13
2024051301021356,RNLI,58,64,30.0,432.0,12960.0,2024-05-13
2024051301021355,RNLI,58,90,20.0,432.0,8640.0,2024-05-13
2024051304006088,SSHL,6,17,100.0,159.0,15900.0,2024-05-13
2024051304006087,RURU,43,20,180.0,506.9,91242.0,2024-05-13
2024051304006086,RURU,43,34,100.0,506.8,50680.0,2024-05-13
2024051304006085,RURU,43,3,10.0,506.8,5068.0,2024-05-13
2024051304006084,RURU,43,4,100.0,506.7,50670.0,2024-05-13
2024051304006083,RURU,43,41,24.0,506.0,12144.0,2024-05-13
2024051304006082,RURU,43,42,86.0,506.0,43516.0,2024-05-13
2024051303012330,BFC,16,25,100.0,390.3,39030.0,2024-05-13
2024051303012329,FMDBL,35,61,1000.0,660.0,660000.0,2024-05-13
2024051303012328,FMDBL,35,7,50.0,660.0,33000.0,2024-05-13
2024051303012327,FMDBL,35,11,25.0,660.0,16500.0,2024-05-13
2024051303012326,FMDBL,35,43,200.0,660.0,132000.0,2024-05-13
2024051303012325,FMDBL,35,42,20.0,660.0,13200.0,2024-05-13
2024051303012324,FMDBL,35,49,100.0,660.0,66000.0,2024-05-13
2024051303012323,FMDBL,35,46,18.0,660.0,11880.0,2024-05-13
2024051303012322,FMDBL,35,52,300.0,660.0,198000.0,2024-05-13
2024051303012321,FMDBL,35,57,90.0,660.0,59400.0,2024-05-13
2024051303012320,FMDBL,35,43,600.0,659.9,395940.0,2024-05-13
2024051303012319,FMDBL,35,8,300.0,659.8,197940.0,2024-05-13
2024051303012318,FMDBL,35,57,60.0,659.8,39588.0,2024-05-13
2024051303012317,FMDBL,35,41,90.0,659.5,59355.0,2024-05-13
2024051301021354,TVCL,41,34,400.0,463.0,185200.0,2024-05-13
2024051301021353,NICA,45,22,20.0,363.0,7260.0,2024-05-13
2024051301021352,KBL,49,8,13.0,140.4,1825.2,2024-05-13
2024051303012316,SFCL,25,14,50.0,341.0,17050.0,2024-05-13
2024051305004665,CHDC,17,17,10.0,745.5,7455.0,2024-05-13
2024051301021351,PPL,25,42,50.0,516.0,25800.0,2024-05-13
2024051301021350,DORDI,34,90,35.0,398.0,13930.0,2024-05-13
2024051301021349,DORDI,34,35,20.0,395.0,7900.0,2024-05-13
2024051301021348,DORDI,34,42,35.0,395.0,13825.0,2024-05-13
2024051301021347,DORDI,34,22,10.0,395.0,3950.0,2024-05-13
2024051301021346,SARBTM,8,34,20.0,762.0,15240.0,2024-05-13
2024051301021345,CLI,37,45,10.0,455.6,4556.0,2024-05-13
2024051301021344,ILI,55,14,30.0,540.0,16200.0,2024-05-13
2024051303012315,SHINE,20,72,20.0,388.0,7760.0,2024-05-13
2024051303012314,SHINE,57,72,156.0,388.0,60528.0,2024-05-13
2024051303012313,SHINE,6,72,900.0,388.1,349290.0,2024-05-13
2024051301021343,GVL,7,36,10.0,434.0,4340.0,2024-05-13
2024051301021342,CLI,26,89,10.0,455.5,4555.0,2024-05-13
2024051301021341,GCIL,41,41,100.0,476.9,47690.0,2024-05-13
2024051303012312,NMFBS,94,62,60.0,1258.0,75480.0,2024-05-13
2024051304006081,CGH,48,91,50.0,785.0,39250.0,2024-05-13
2024051304006080,SSHL,7,4,25.0,158.8,3970.0,2024-05-13
2024051303012311,NABBC,65,17,1200.0,500.5,600600.0,2024-05-13
2024051301021340,CLI,42,22,50.0,456.8,22840.0,2024-05-13
2024051301021339,CLI,42,14,50.0,456.0,22800.0,2024-05-13
2024051301021338,CLI,42,49,10.0,456.0,4560.0,2024-05-13
2024051301021337,CLI,42,57,10.0,456.0,4560.0,2024-05-13
2024051301021336,CLI,42,41,10.0,456.0,4560.0,2024-05-13
2024051301021335,CLI,42,44,10.0,456.0,4560.0,2024-05-13
2024051301021334,CLI,42,48,10.0,456.0,4560.0,2024-05-13
2024051303012310,ALBSL,22,45,190.0,865.0,164350.0,2024-05-13
2024051303012309,ALBSL,22,33,30.0,864.9,25947.0,2024-05-13
2024051303012308,ALBSL,22,5,20.0,863.0,17260.0,2024-05-13
2024051303012307,ALBSL,22,33,10.0,863.0,8630.0,2024-05-13
2024051303012306,ALBSL,22,34,10.0,863.0,8630.0,2024-05-13
2024051303012305,ALBSL,22,22,30.0,863.0,25890.0,2024-05-13
2024051301021333,SONA,57,70,36.0,437.1,15735.6,2024-05-13
2024051301021332,SONA,59,70,84.0,438.0,36792.0,2024-05-13
2024051301021331,SONA,14,70,80.0,439.9,35192.0,2024-05-13
2024051304006079,API,13,49,100.0,171.0,17100.0,2024-05-13
2024051304006078,UMHL,5,22,545.0,229.6,125132.0,2024-05-13
2024051304006077,UMHL,5,21,100.0,229.5,22950.0,2024-05-13
2024051304006076,UMHL,5,50,355.0,228.0,80940.0,2024-05-13
2024051301021330,NIMB,41,39,40.0,156.9,6276.0,2024-05-13
2024051304006075,MEN,29,77,226.0,524.0,118424.0,2024-05-13
2024051303012304,SFCL,25,14,50.0,341.0,17050.0,2024-05-13
2024051301021329,MBL,32,48,15.0,171.0,2565.0,2024-05-13
2024051301021328,CLI,26,4,10.0,455.5,4555.0,2024-05-13
2024051305004664,NRN,21,35,10.0,500.2,5002.0,2024-05-13
2024051305004663,HIDCL,55,48,60.0,163.7,9822.0,2024-05-13
2024051301021327,CKHL,45,26,52.0,509.8,26509.6,2024-05-13
2024051301021326,SARBTM,8,45,50.0,762.0,38100.0,2024-05-13
2024051301021325,ILI,41,45,78.0,539.0,42042.0,2024-05-13
2024051301021324,ILI,58,45,147.0,539.0,79233.0,2024-05-13
2024051301021323,ILI,26,45,10.0,539.0,5390.0,2024-05-13
2024051301021322,ILI,51,45,10.0,539.0,5390.0,2024-05-13
2024051301021321,ILI,52,45,10.0,539.1,5391.0,2024-05-13
2024051301021320,ILI,49,45,20.0,539.5,10790.0,2024-05-13
2024051301021319,ILI,52,45,25.0,539.7,13492.5,2024-05-13
2024051305004662,HRL,28,3,10.0,564.0,5640.0,2024-05-13
2024051301021318,NWCL,7,57,150.0,738.5,110775.0,2024-05-13
2024051304006074,AHPC,14,42,100.0,158.5,15850.0,2024-05-13
2024051301021317,KBL,21,8,50.0,140.4,7020.0,2024-05-13
2024051303012303,SFCL,35,34,935.0,344.0,321640.0,2024-05-13
2024051303012302,SFCL,35,8,65.0,344.0,22360.0,2024-05-13
2024051303012301,SFCL,35,55,300.0,343.0,102900.0,2024-05-13
2024051303012300,NADEP,38,64,100.0,750.0,75000.0,2024-05-13
2024051303012299,NADEP,20,64,202.0,750.0,151500.0,2024-05-13
2024051301021316,SARBTM,8,36,419.0,762.0,319278.0,2024-05-13
2024051301021315,SARBTM,38,36,81.0,762.0,61722.0,2024-05-13
2024051303012298,KSBBL,36,42,10.0,378.0,3780.0,2024-05-13
2024051304006073,GLH,22,4,30.0,200.0,6000.0,2024-05-13
2024051303012297,EDBL,32,49,30.0,387.5,11625.0,2024-05-13
2024051301021314,HBL,74,49,100.0,180.0,18000.0,2024-05-13
2024051303012296,MFIL,47,26,319.0,507.0,161733.0,2024-05-13
2024051303012295,MFIL,47,42,24.0,507.0,12168.0,2024-05-13
2024051303012294,MFIL,47,57,50.0,507.0,25350.0,2024-05-13
2024051303012293,MFIL,47,22,107.0,506.0,54142.0,2024-05-13
2024051301021313,SMJC,58,45,10.0,350.0,3500.0,2024-05-13
2024051304006072,RIDI,52,58,620.0,163.6,101432.0,2024-05-13
2024051303012292,MLBL,58,41,50.0,332.0,16600.0,2024-05-13
2024051303012291,SINDU,58,50,10.0,393.0,3930.0,2024-05-13
2024051301021312,AVYAN,58,39,10.0,830.0,8300.0,2024-05-13
2024051301021311,AVYAN,58,41,90.0,829.0,74610.0,2024-05-13
2024051301021310,SONA,14,67,20.0,439.9,8798.0,2024-05-13
2024051301021309,SAMAJ,61,52,58.0,2090.0,121220.0,2024-05-13
2024051301021308,SAMAJ,61,54,20.0,2090.0,41800.0,2024-05-13
2024051301021307,SAMAJ,61,38,50.0,2090.0,104500.0,2024-05-13
2024051301021306,SAMAJ,61,72,100.0,2090.0,209000.0,2024-05-13
2024051301021305,SAMAJ,61,26,10.0,2090.0,20900.0,2024-05-13
2024051301021304,SAMAJ,61,22,10.0,2090.0,20900.0,2024-05-13
2024051301021303,SAMAJ,61,45,30.0,2090.0,62700.0,2024-05-13
2024051301021302,SAMAJ,61,58,11.0,2089.2,22981.2,2024-05-13
2024051301021301,SAMAJ,61,33,28.0,2089.0,58492.0,2024-05-13
2024051301021300,SAMAJ,61,57,25.0,2087.9,52197.5,2024-05-13
2024051301021299,SAMAJ,61,34,40.0,2085.0,83400.0,2024-05-13
2024051301021298,SAMAJ,61,58,13.0,2082.0,27066.0,2024-05-13
2024051301021297,SAMAJ,61,49,50.0,2081.0,104050.0,2024-05-13
2024051301021296,SAMAJ,61,34,10.0,2081.0,20810.0,2024-05-13
2024051301021295,SAMAJ,61,51,10.0,2080.0,20800.0,2024-05-13
2024051301021294,SAMAJ,61,44,10.0,2080.0,20800.0,2024-05-13
2024051301021293,SAMAJ,61,49,110.0,2075.0,228250.0,2024-05-13
2024051301021292,SAMAJ,61,21,75.0,2074.0,155550.0,2024-05-13
2024051301021291,SAMAJ,61,19,100.0,2074.0,207400.0,2024-05-13
2024051301021290,SAMAJ,61,49,50.0,2074.0,103700.0,2024-05-13
2024051301021289,SAMAJ,61,17,10.0,2065.0,20650.0,2024-05-13
2024051301021288,SAMAJ,61,48,10.0,2065.0,20650.0,2024-05-13
2024051301021287,SAMAJ,61,19,170.0,2060.0,350200.0,2024-05-13
2024051301021286,NBL,87,64,100.0,206.5,20650.0,2024-05-13
2024051303012290,KSBBL,21,55,40.0,376.0,15040.0,2024-05-13
2024051301021285,SANIMA,49,35,175.0,240.0,42000.0,2024-05-13
2024051301021284,SANIMA,49,51,98.0,240.0,23520.0,2024-05-13
2024051301021283,SANIMA,49,32,22.0,240.0,5280.0,2024-05-13
2024051301021282,SANIMA,49,16,100.0,240.0,24000.0,2024-05-13
2024051301021281,SANIMA,49,41,460.0,240.0,110400.0,2024-05-13
2024051301021280,SANIMA,49,42,100.0,240.0,24000.0,2024-05-13
2024051301021279,SANIMA,49,4,1902.0,239.9,456289.8,2024-05-13
2024051301021278,SANIMA,49,26,97.0,239.0,23183.0,2024-05-13
2024051301021277,SANIMA,49,41,46.0,239.0,10994.0,2024-05-13
2024051304006071,UPPER,6,14,29.0,164.7,4776.3,2024-05-13
2024051304006070,PPCL,61,52,200.0,229.0,45800.0,2024-05-13
2024051301021276,SHIVM,38,10,50.0,493.0,24650.0,2024-05-13
2024051301021275,SGHC,42,14,411.0,312.0,128232.0,2024-05-13
2024051301021274,SGHC,35,14,32.0,312.0,9984.0,2024-05-13
2024051301021273,SGHC,53,14,60.0,312.2,18732.0,2024-05-13
2024051301021272,SGHC,87,14,100.0,312.2,31220.0,2024-05-13
2024051301021271,SGHC,45,14,100.0,312.3,31230.0,2024-05-13
2024051301021270,SGHC,58,14,40.0,312.4,12496.0,2024-05-13
2024051301021269,SGHC,5,14,50.0,312.5,15625.0,2024-05-13
2024051301021268,SGHC,38,14,77.0,312.5,24062.5,2024-05-13
2024051301021267,SGHC,5,14,20.0,312.6,6252.0,2024-05-13
2024051301021266,SGHC,6,14,20.0,312.6,6252.0,2024-05-13
2024051301021265,SGHC,42,14,50.0,312.6,15630.0,2024-05-13
2024051301021264,SGHC,10,14,40.0,312.6,12504.0,2024-05-13
2024051301021263,BNT,54,7,10.0,12780.0,127800.0,2024-05-13
2024051301021262,SHIVM,39,10,168.0,493.0,82824.0,2024-05-13
2024051301021261,SHIVM,39,41,32.0,493.0,15776.0,2024-05-13
2024051301021260,SARBTM,35,59,27.0,763.0,20601.0,2024-05-13
2024051301021259,CYCL,66,34,10.0,1553.0,15530.0,2024-05-13
2024051303012289,GMFIL,21,34,35.0,396.9,13891.5,2024-05-13
2024051303012288,GMFIL,34,34,200.0,397.0,79400.0,2024-05-13
2024051303012287,GMFIL,13,34,15.0,397.9,5968.5,2024-05-13
2024051303012286,GMFIL,19,34,250.0,398.2,99550.0,2024-05-13
2024051303012285,GMFIL,62,34,200.0,400.1,80020.0,2024-05-13
2024051303012284,GMFIL,43,34,300.0,400.2,120060.0,2024-05-13
2024051301021258,NICA,45,45,50.0,363.0,18150.0,2024-05-13
2024051301021257,NICA,58,45,50.0,363.0,18150.0,2024-05-13
2024051305004661,HIDCL,7,48,300.0,163.7,49110.0,2024-05-13
2024051301021256,PRVU,7,22,100.0,141.8,14180.0,2024-05-13
2024051303012283,SFCL,25,38,50.0,341.0,17050.0,2024-05-13
2024051304006069,UPPER,42,14,14.0,164.7,2305.8,2024-05-13
2024051304006068,LEC,34,38,500.0,179.0,89500.0,2024-05-13
2024051304006067,NLG,53,34,60.0,755.0,45300.0,2024-05-13
2024051305004660,HRL,26,3,29.0,564.0,16356.0,2024-05-13
2024051301021255,PCBL,22,22,11.0,197.0,2167.0,2024-05-13
2024051304006066,HDHPC,48,26,72.0,131.5,9468.0,2024-05-13
2024051303012282,MNBBL,56,41,10.0,351.5,3515.0,2024-05-13
2024051304006065,GHL,37,88,10.0,144.0,1440.0,2024-05-13
2024051304006064,JOSHI,16,6,900.0,310.1,279090.0,2024-05-13
2024051304006063,JOSHI,47,6,100.0,310.2,31020.0,2024-05-13
2024051303012281,KSBBL,41,42,11.0,378.0,4158.0,2024-05-13
2024051303012280,FMDBL,45,48,50.0,656.0,32800.0,2024-05-13
2024051303012279,CBBL,42,14,40.0,820.0,32800.0,2024-05-13
2024051303012278,CBBL,48,14,10.0,820.0,8200.0,2024-05-13
2024051304006062,UPCL,54,50,100.0,190.7,19070.0,2024-05-13
2024051304006061,UPCL,8,50,200.0,190.7,38140.0,2024-05-13
2024051304006060,NICL,7,4,200.0,834.1,166820.0,2024-05-13
2024051303012277,GILB,42,45,300.0,1170.0,351000.0,2024-05-13
2024051305004659,HRL,26,38,10.0,564.0,5640.0,2024-05-13
2024051305004658,HRL,26,22,20.0,564.0,11280.0,2024-05-13
2024051305004657,HRL,26,38,41.0,564.0,23124.0,2024-05-13
2024051301021254,JBLB,45,51,100.0,1306.9,130690.0,2024-05-13
2024051301021253,SAMAJ,58,19,30.0,2060.0,61800.0,2024-05-13
2024051301021252,SRLI,4,88,100.0,440.1,44010.0,2024-05-13
2024051301021251,TVCL,41,82,20.0,463.0,9260.0,2024-05-13
2024051303012276,MSLB,48,41,110.0,1172.0,128920.0,2024-05-13
2024051303012275,SJLIC,57,34,100.0,409.0,40900.0,2024-05-13
2024051303012274,PFL,34,4,61.0,655.0,39955.0,2024-05-13
2024051303012273,SAPDBL,44,22,700.0,333.0,233100.0,2024-05-13
2024051301021250,NABIL,45,56,13.0,430.0,5590.0,2024-05-13
2024051301021249,NABIL,43,56,300.0,430.1,129030.0,2024-05-13
2024051301021248,NABIL,17,56,220.0,431.0,94820.0,2024-05-13
2024051304006059,UAIL,1,56,11.0,560.8,6168.8,2024-05-13
2024051303012272,GBBL,13,17,26.0,369.0,9594.0,2024-05-13
2024051305004656,NIFRA,59,6,530.0,200.0,106000.0,2024-05-13
2024051305004655,NIFRA,59,77,64.0,200.0,12800.0,2024-05-13
2024051305004654,NIFRA,59,4,32.0,200.0,6400.0,2024-05-13
2024051305004653,NIFRA,59,34,64.0,200.0,12800.0,2024-05-13
2024051305004652,NIFRA,59,42,54.0,200.0,10800.0,2024-05-13
2024051305004651,NIFRA,59,56,54.0,200.0,10800.0,2024-05-13
2024051305004650,NIFRA,59,57,202.0,200.0,40400.0,2024-05-13
2024051301021247,MEL,52,88,900.0,226.8,204120.0,2024-05-13
2024051301021246,MEL,35,88,1000.0,226.9,226900.0,2024-05-13
2024051301021245,MEL,58,88,80.0,229.8,18384.0,2024-05-13
2024051301021244,KBL,26,57,600.0,140.0,84000.0,2024-05-13
2024051301021243,KBL,45,57,900.0,140.3,126270.0,2024-05-13
2024051305004649,HRL,57,38,20.0,564.0,11280.0,2024-05-13
2024051301021242,NABIL,17,6,10.0,431.0,4310.0,2024-05-13
2024051301021241,NABIL,17,49,60.0,431.0,25860.0,2024-05-13
2024051301021240,NABIL,17,42,10.0,431.0,4310.0,2024-05-13
2024051301021239,NABIL,17,25,71.0,431.0,30601.0,2024-05-13
2024051301021238,NABIL,17,34,629.0,431.0,271099.0,2024-05-13
2024051301021237,BEDC,42,34,505.0,360.0,181800.0,2024-05-13
2024051301021236,BEDC,26,34,30.0,360.6,10818.0,2024-05-13
2024051301021235,BEDC,42,34,90.0,360.8,32472.0,2024-05-13
2024051301021234,BEDC,42,34,50.0,361.0,18050.0,2024-05-13
2024051301021233,BEDC,21,34,25.0,361.0,9025.0,2024-05-13
2024051301021232,BEDC,58,34,150.0,361.3,54195.0,2024-05-13
2024051301021231,BEDC,48,34,150.0,362.0,54300.0,2024-05-13
2024051301021230,SHIVM,44,41,150.0,493.0,73950.0,2024-05-13
2024051304006058,JOSHI,50,33,100.0,310.3,31030.0,2024-05-13
2024051301021229,CITY,42,45,50.0,606.1,30305.0,2024-05-13
2024051301021228,SBL,22,56,10.0,228.8,2288.0,2024-05-13
2024051301021227,SBL,22,19,20.0,228.0,4560.0,2024-05-13
2024051301021226,SBL,22,32,35.0,228.0,7980.0,2024-05-13
2024051304006057,JOSHI,8,33,50.0,310.3,15515.0,2024-05-13
2024051305004648,SMATA,18,57,427.0,929.0,396683.0,2024-05-13
2024051305004647,SMATA,18,6,57.0,929.0,52953.0,2024-05-13
2024051305004646,SMATA,18,52,230.0,928.5,213555.0,2024-05-13
2024051305004645,SMATA,18,22,95.0,928.5,88207.5,2024-05-13
2024051305004644,SMATA,18,41,30.0,928.5,27855.0,2024-05-13
2024051305004643,SMATA,18,34,21.0,928.0,19488.0,2024-05-13
2024051305004642,SMATA,18,54,50.0,927.9,46395.0,2024-05-13
2024051305004641,SMATA,18,57,90.0,927.1,83439.0,2024-05-13
2024051301021225,SNLI,43,56,10.0,455.0,4550.0,2024-05-13
2024051304006056,HDHPC,48,5,18.0,131.5,2367.0,2024-05-13
2024051301021224,RNLI,21,6,11.0,431.0,4741.0,2024-05-13
2024051304006055,RHPL,51,41,150.0,265.3,39795.0,2024-05-13
2024051303012271,KSBBL,46,42,12.0,378.0,4536.0,2024-05-13
2024051303012270,PROFL,71,35,10.0,340.0,3400.0,2024-05-13
2024051303012269,SADBL,35,21,40.0,319.0,12760.0,2024-05-13
2024051301021223,HDL,13,39,40.0,1290.0,51600.0,2024-05-13
2024051303012268,SHINE,6,32,100.0,388.1,38810.0,2024-05-13
2024051303012267,NUBL,58,67,10.0,651.0,6510.0,2024-05-13
2024051303012266,MNBBL,58,43,30.0,351.0,10530.0,2024-05-13
2024051303012265,MNBBL,55,43,170.0,351.0,59670.0,2024-05-13
2024051303012264,MLBL,53,41,10.0,332.0,3320.0,2024-05-13
2024051303012263,NMFBS,64,62,39.0,1282.0,49998.0,2024-05-13
2024051301021222,HDL,29,48,50.0,1288.0,64400.0,2024-05-13
2024051301021221,HDL,42,48,100.0,1289.0,128900.0,2024-05-13
2024051305004640,HRL,21,4,20.0,563.3,11266.0,2024-05-13
2024051301021220,GCIL,50,17,11.0,475.0,5225.0,2024-05-13
2024051303012262,SHINE,57,56,44.0,388.0,17072.0,2024-05-13
2024051303012261,SHINE,85,56,56.0,388.0,21728.0,2024-05-13
2024051301021219,KBL,45,13,100.0,140.3,14030.0,2024-05-13
2024051301021218,DOLTI,60,37,170.0,414.5,70465.0,2024-05-13
2024051301021217,DOLTI,56,37,10.0,415.0,4150.0,2024-05-13
2024051301021216,DOLTI,52,37,200.0,415.0,83000.0,2024-05-13
2024051301021215,DOLTI,42,37,10.0,415.0,4150.0,2024-05-13
2024051301021214,DOLTI,42,37,10.0,415.0,4150.0,2024-05-13
2024051301021213,MEL,58,41,10.0,229.8,2298.0,2024-05-13
2024051301021212,HDL,34,39,20.0,1290.0,25800.0,2024-05-13
2024051304006054,UPPER,51,36,80.0,164.6,13168.0,2024-05-13
2024051303012260,PMLI,75,66,44.0,505.0,22220.0,2024-05-13
2024051303012259,PROFL,22,35,10.0,340.0,3400.0,2024-05-13
2024051301021211,USHL,42,51,10.0,458.0,4580.0,2024-05-13
2024051301021210,SNLI,43,47,100.0,455.0,45500.0,2024-05-13
2024051303012258,KRBL,58,59,86.0,455.5,39173.0,2024-05-13
2024051301021209,NRM,57,58,10.0,351.1,3511.0,2024-05-13
2024051301021208,CKHL,58,46,100.0,509.0,50900.0,2024-05-13
2024051303012257,GUFL,7,11,50.0,709.1,35455.0,2024-05-13
2024051301021207,BGWT,49,70,10.0,592.0,5920.0,2024-05-13
2024051304006053,AKJCL,6,58,10.0,202.3,2023.0,2024-05-13
2024051303012256,JFL,72,28,500.0,507.3,253650.0,2024-05-13
2024051301021206,SONA,77,67,100.0,439.9,43990.0,2024-05-13
2024051304006052,SGIC,29,46,130.0,535.0,69550.0,2024-05-13
2024051301021205,IHL,13,84,100.0,375.0,37500.0,2024-05-13
2024051303012255,EDBL,5,49,20.0,388.0,7760.0,2024-05-13
2024051305004639,HRL,43,19,50.0,563.2,28160.0,2024-05-13
2024051303012254,NICLBSL,42,59,10.0,636.2,6362.0,2024-05-13
2024051301021204,HHL,32,41,788.0,335.0,263980.0,2024-05-13
2024051301021203,HHL,32,41,312.0,335.0,104520.0,2024-05-13
2024051301021202,HHL,52,41,10.0,336.0,3360.0,2024-05-13
2024051301021201,TAMOR,58,38,40.0,356.1,14244.0,2024-05-13
2024051301021200,MEL,58,50,10.0,229.8,2298.0,2024-05-13
2024051303012253,NMFBS,64,46,147.0,1282.0,188454.0,2024-05-13
2024051303012252,NMFBS,64,81,34.0,1281.0,43554.0,2024-05-13
2024051303012251,NMFBS,64,41,80.0,1275.0,102000.0,2024-05-13
2024051304006051,JOSHI,16,36,70.0,310.1,21707.0,2024-05-13
2024051304006050,JOSHI,58,36,140.0,310.2,43428.0,2024-05-13
2024051301021199,AHL,42,19,10.0,430.0,4300.0,2024-05-13
2024051301021198,KBL,26,58,10.0,140.0,1400.0,2024-05-13
2024051303012250,NICLBSL,20,41,50.0,636.2,31810.0,2024-05-13
2024051303012249,ALBSL,57,22,10.0,863.0,8630.0,2024-05-13
2024051305004638,HRL,43,17,23.0,563.2,12953.6,2024-05-13
2024051303012248,SLBBL,34,45,10.0,723.0,7230.0,2024-05-13
2024051301021197,SARBTM,38,36,47.0,762.0,35814.0,2024-05-13
2024051301021196,SARBTM,22,36,100.0,762.1,76210.0,2024-05-13
2024051301021195,SARBTM,57,36,20.0,762.3,15246.0,2024-05-13
2024051301021194,SARBTM,62,36,100.0,762.4,76240.0,2024-05-13
2024051301021193,SARBTM,45,36,50.0,762.5,38125.0,2024-05-13
2024051301021192,SARBTM,49,36,50.0,762.5,38125.0,2024-05-13
2024051301021191,SARBTM,58,36,10.0,762.5,7625.0,2024-05-13
2024051301021190,SARBTM,57,36,123.0,763.0,93849.0,2024-05-13
2024051301021189,CLI,26,14,10.0,455.5,4555.0,2024-05-13
2024051301021188,CLI,26,56,10.0,455.5,4555.0,2024-05-13
