transaction,symbol,buyer,seller,quantity,rate,amount,date
2024052701031010,TVCL,17,14,200.0,446.2,89240.0,2024-05-27
2024052701031009,MEHL,43,42,21.0,315.0,6615.0,2024-05-27
2024052701031008,DOLTI,13,68,10.0,414.0,4140.0,2024-05-27
2024052704009198,API,93,59,10.0,173.0,1730.0,2024-05-27
2024052703012345,CORBL,1,84,10.0,484.9,4849.0,2024-05-27
2024052701031007,CYCL,50,1,29.0,1473.5,42731.5,2024-05-27
2024052701031006,PCBL,22,5,10.0,209.0,2090.0,2024-05-27
2024052703012344,GMFIL,42,25,636.0,395.0,251220.0,2024-05-27
2024052703012343,NABBC,88,14,10.0,589.9,5899.0,2024-05-27
2024052701031005,NRM,88,57,10.0,386.9,3869.0,2024-05-27
2024052704009197,RADHI,49,45,10.0,239.0,2390.0,2024-05-27
2024052703012342,PFL,28,69,10.0,710.0,7100.0,2024-05-27
2024052703012341,PFL,28,69,50.0,710.0,35500.0,2024-05-27
2024052703012340,GILB,62,59,84.0,1255.0,105420.0,2024-05-27
2024052703012339,GILB,62,58,45.0,1255.0,56475.0,2024-05-27
2024052703012338,GILB,62,62,10.0,1255.0,12550.0,2024-05-27
2024052703012337,GILB,62,1,200.0,1255.0,251000.0,2024-05-27
2024052703012336,GILB,62,67,61.0,1255.0,76555.0,2024-05-27
2024052701031004,CYCL,71,22,10.0,1490.0,14900.0,2024-05-27
2024052703012335,PFL,41,71,1500.0,659.0,988500.0,2024-05-27
2024052703012334,PFL,71,69,10.0,710.0,7100.0,2024-05-27
2024052703012333,SMB,71,59,10.0,1619.0,16190.0,2024-05-27
2024052701031003,EHPL,17,43,50.0,533.0,26650.0,2024-05-27
2024052701031002,SBL,50,21,25.0,265.9,6647.5,2024-05-27
2024052704009196,AHPC,39,45,150.0,162.6,24390.0,2024-05-27
2024052703012332,JFL,45,38,10.0,530.0,5300.0,2024-05-27
2024052701031001,SBI,52,45,10.0,304.1,3041.0,2024-05-27
2024052703012331,HLBSL,45,18,43.0,1223.0,52589.0,2024-05-27
2024052703012330,HLBSL,45,5,100.0,1222.0,122200.0,2024-05-27
2024052703012329,HLBSL,45,46,150.0,1220.0,183000.0,2024-05-27
2024052703012328,HLBSL,45,14,80.0,1220.0,97600.0,2024-05-27
2024052703012327,HLBSL,45,49,30.0,1220.0,36600.0,2024-05-27
2024052703012326,HLBSL,45,7,10.0,1220.0,12200.0,2024-05-27
2024052703012325,HLBSL,45,42,64.0,1220.0,78080.0,2024-05-27
2024052703012324,HLBSL,45,67,200.0,1215.0,243000.0,2024-05-27
2024052703012323,HLBSL,45,67,200.0,1215.0,243000.0,2024-05-27
2024052703012322,HLBSL,45,67,90.0,1215.0,109350.0,2024-05-27
2024052703012321,HLBSL,45,41,533.0,1215.0,647595.0,2024-05-27
2024052703012320,HLBSL,34,41,100.0,1215.0,121500.0,2024-05-27
2024052705005930,NTC,34,49,50.0,847.3,42365.0,2024-05-27
2024052704009195,JOSHI,49,34,10.0,306.0,3060.0,2024-05-27
2024052703012319,MPFL,29,37,20.0,444.0,8880.0,2024-05-27
2024052701031000,AVYAN,18,29,40.0,860.3,34412.0,2024-05-27
2024052703012318,FMDBL,39,43,55.0,724.0,39820.0,2024-05-27
2024052703012317,FMDBL,39,38,30.0,723.9,21717.0,2024-05-27
2024052703012316,FMDBL,39,6,400.0,723.0,289200.0,2024-05-27
2024052703012315,FMDBL,39,35,10.0,723.0,7230.0,2024-05-27
2024052703012314,FMDBL,39,56,500.0,722.5,361250.0,2024-05-27
2024052703012313,FMDBL,39,58,504.0,722.4,364089.6,2024-05-27
2024052703012312,FMDBL,39,14,50.0,722.0,36100.0,2024-05-27
2024052703012311,FMDBL,39,6,100.0,722.0,72200.0,2024-05-27
2024052703012310,FMDBL,39,44,10.0,722.0,7220.0,2024-05-27
2024052703012309,FMDBL,39,52,42.0,722.0,30324.0,2024-05-27
2024052703012308,FMDBL,39,35,22.0,722.0,15884.0,2024-05-27
2024052703012307,FMDBL,39,38,10.0,721.9,7219.0,2024-05-27
2024052703012306,FMDBL,39,34,30.0,720.0,21600.0,2024-05-27
2024052703012305,FMDBL,39,42,64.0,720.0,46080.0,2024-05-27
2024052703012304,FMDBL,39,32,159.0,720.0,114480.0,2024-05-27
2024052703012303,FMDBL,39,56,1000.0,720.0,720000.0,2024-05-27
2024052703012302,FMDBL,39,58,224.0,720.0,161280.0,2024-05-27
2024052703012301,FMDBL,39,57,200.0,720.0,144000.0,2024-05-27
2024052703012300,FMDBL,39,55,590.0,720.0,424800.0,2024-05-27
2024052701030999,EBL,39,38,10.0,540.0,5400.0,2024-05-27
2024052703012299,PFL,58,29,10.0,714.0,7140.0,2024-05-27
2024052701030998,CITY,41,58,355.0,656.0,232880.0,2024-05-27
2024052701030997,CITY,35,58,100.0,656.2,65620.0,2024-05-27
2024052701030996,CITY,35,58,12.0,656.3,7875.6,2024-05-27
2024052701030995,CITY,14,58,25.0,659.0,16475.0,2024-05-27
2024052701030994,CITY,38,58,10.0,660.0,6600.0,2024-05-27
2024052701030993,CITY,42,58,498.0,660.0,328680.0,2024-05-27
2024052705005929,NRN,58,51,50.0,572.8,28640.0,2024-05-27
2024052705005928,NRN,58,46,50.0,572.5,28625.0,2024-05-27
2024052705005927,NRN,58,49,30.0,572.5,17175.0,2024-05-27
2024052705005926,NRN,58,58,50.0,572.5,28625.0,2024-05-27
2024052705005925,NRN,58,45,310.0,572.5,177475.0,2024-05-27
2024052705005924,NRN,58,22,10.0,572.2,5722.0,2024-05-27
2024052701030992,NICA,58,58,10.0,428.0,4280.0,2024-05-27
2024052703012298,SABSL,70,52,10.0,976.2,9762.0,2024-05-27
2024052703012297,GRDBL,41,36,10.0,430.0,4300.0,2024-05-27
2024052701030991,RHGCL,32,74,281.0,350.9,98602.9,2024-05-27
2024052701030990,RHGCL,32,53,10.0,350.0,3500.0,2024-05-27
2024052701030989,SBI,5,6,25.0,308.0,7700.0,2024-05-27
2024052701030988,SHIVM,8,1,10.0,513.8,5138.0,2024-05-27
2024052701030987,SAMAJ,17,65,10.0,2100.0,21000.0,2024-05-27
2024052701030986,SAMAJ,16,65,10.0,2111.9,21119.0,2024-05-27
2024052703012296,PFL,44,29,10.0,714.0,7140.0,2024-05-27
2024052705005923,SMATA,64,22,10.0,943.0,9430.0,2024-05-27
2024052705005922,ENL,49,64,255.0,890.0,226950.0,2024-05-27
2024052705005921,ENL,49,64,480.0,890.0,427200.0,2024-05-27
2024052705005920,ENL,55,64,30.0,891.0,26730.0,2024-05-27
2024052705005919,ENL,21,64,235.0,896.0,210560.0,2024-05-27
2024052705005918,CHDC,53,34,184.0,873.0,160632.0,2024-05-27
2024052705005917,CHDC,53,19,116.0,873.0,101268.0,2024-05-27
2024052701030985,SGHC,1,56,30.0,323.9,9717.0,2024-05-27
2024052703012295,JSLBB,43,91,19.0,1363.0,25897.0,2024-05-27
2024052704009194,MHNL,47,45,10.0,233.0,2330.0,2024-05-27
2024052701030984,RNLI,46,56,10.0,437.8,4378.0,2024-05-27
2024052703012294,RLFL,4,60,501.0,403.0,201903.0,2024-05-27
2024052703012293,RLFL,4,37,100.0,402.0,40200.0,2024-05-27
2024052703012292,RLFL,4,45,50.0,402.0,20100.0,2024-05-27
2024052703012291,RLFL,4,25,39.0,402.0,15678.0,2024-05-27
2024052703012290,RLFL,4,67,530.0,400.0,212000.0,2024-05-27
2024052703012289,RLFL,4,59,580.0,399.0,231420.0,2024-05-27
2024052703012288,HLBSL,55,41,10.0,1215.0,12150.0,2024-05-27
2024052703012287,PFL,41,55,200.0,659.0,131800.0,2024-05-27
2024052703012286,RSDC,57,52,196.0,679.0,133084.0,2024-05-27
2024052703012285,NICLBSL,57,68,10.0,665.0,6650.0,2024-05-27
2024052701030983,MHCL,49,14,10.0,389.0,3890.0,2024-05-27
2024052703012284,HLBSL,62,41,489.0,1215.0,594135.0,2024-05-27
2024052703012283,HLBSL,62,38,11.0,1213.0,13343.0,2024-05-27
2024052701030982,VLUCL,62,38,10.0,484.0,4840.0,2024-05-27
2024052704009193,CGH,49,43,10.0,880.0,8800.0,2024-05-27
2024052701030981,RAWA,36,7,10.0,497.8,4978.0,2024-05-27
2024052701030980,RAWA,36,57,40.0,496.0,19840.0,2024-05-27
2024052703012282,LBBL,36,41,30.0,387.9,11637.0,2024-05-27
2024052705005916,BBC,48,17,50.0,3752.2,187610.0,2024-05-27
2024052703012281,NICLBSL,38,68,30.0,665.0,19950.0,2024-05-27
2024052701030979,SHIVM,77,1,10.0,513.8,5138.0,2024-05-27
2024052701030978,PCBL,8,45,100.0,208.7,20870.0,2024-05-27
2024052703012280,MSLB,48,18,10.0,1280.0,12800.0,2024-05-27
2024052701030977,PHCL,45,80,100.0,289.1,28910.0,2024-05-27
2024052701030976,SBI,52,45,10.0,304.1,3041.0,2024-05-27
2024052701030975,BEDC,45,42,10.0,375.5,3755.0,2024-05-27
2024052701030974,SARBTM,19,82,121.0,818.0,98978.0,2024-05-27
2024052701030973,SARBTM,26,82,10.0,818.4,8184.0,2024-05-27
2024052701030972,SARBTM,59,82,100.0,819.0,81900.0,2024-05-27
2024052701030971,SARBTM,58,82,20.0,820.0,16400.0,2024-05-27
2024052701030970,SARBTM,16,82,20.0,820.0,16400.0,2024-05-27
2024052701030969,SARBTM,36,82,26.0,820.0,21320.0,2024-05-27
2024052701030968,SARBTM,62,82,200.0,820.0,164000.0,2024-05-27
2024052701030967,SARBTM,18,82,50.0,820.0,41000.0,2024-05-27
2024052701030966,SARBTM,58,82,10.0,820.0,8200.0,2024-05-27
2024052701030965,SARBTM,52,82,50.0,820.0,41000.0,2024-05-27
2024052701030964,SARBTM,36,82,100.0,820.0,82000.0,2024-05-27
2024052701030963,SARBTM,58,82,30.0,820.1,24603.0,2024-05-27
2024052701030962,SARBTM,44,82,20.0,821.0,16420.0,2024-05-27
2024052701030961,SARBTM,5,82,300.0,821.0,246300.0,2024-05-27
2024052701030960,SARBTM,48,82,300.0,822.0,246600.0,2024-05-27
2024052701030959,SARBTM,39,82,500.0,822.0,411000.0,2024-05-27
2024052701030958,SARBTM,34,82,200.0,822.1,164420.0,2024-05-27
2024052701030957,SARBTM,26,82,10.0,823.0,8230.0,2024-05-27
2024052701030956,SARBTM,48,82,30.0,823.0,24690.0,2024-05-27
2024052701030955,SARBTM,29,82,50.0,823.0,41150.0,2024-05-27
2024052701030954,SARBTM,39,82,100.0,823.2,82320.0,2024-05-27
2024052701030953,SARBTM,42,82,10.0,823.3,8233.0,2024-05-27
2024052701030952,SMH,60,49,10.0,684.0,6840.0,2024-05-27
2024052701030951,RHGCL,69,26,200.0,350.0,70000.0,2024-05-27
2024052701030950,RHGCL,69,36,300.0,349.0,104700.0,2024-05-27
2024052701030949,RBCLPO,84,49,10.0,10545.0,105450.0,2024-05-27
2024052703012279,PFL,3,29,90.0,718.0,64620.0,2024-05-27
2024052701030948,NBL,84,47,27.0,226.0,6102.0,2024-05-27
2024052701030947,NBL,84,42,73.0,225.8,16483.4,2024-05-27
2024052701030946,RFPL,26,35,10.0,366.7,3667.0,2024-05-27
2024052701030945,RFPL,26,34,10.0,365.0,3650.0,2024-05-27
2024052705005915,HRL,4,26,10.0,585.1,5851.0,2024-05-27
2024052703012278,MLBBL,35,39,60.0,1290.0,77400.0,2024-05-27
2024052701030944,MLBS,19,19,20.0,1354.0,27080.0,2024-05-27
2024052701030943,GBIME,57,6,15.0,190.0,2850.0,2024-05-27
2024052701030942,HHL,10,63,10.0,347.0,3470.0,2024-05-27
2024052703012277,PFL,3,72,10.0,718.0,7180.0,2024-05-27
2024052703012276,PFL,3,28,2000.0,715.0,1430000.0,2024-05-27
2024052703012275,PFL,3,67,700.0,713.0,499100.0,2024-05-27
2024052703012274,PFL,3,7,200.0,700.0,140000.0,2024-05-27
2024052703012273,PFL,3,61,2000.0,700.0,1400000.0,2024-05-27
2024052704009192,RHPL,6,58,50.0,268.5,13425.0,2024-05-27
2024052703012272,FMDBL,58,55,150.0,720.0,108000.0,2024-05-27
2024052703012271,FMDBL,58,55,200.0,720.0,144000.0,2024-05-27
2024052703012270,FMDBL,58,52,40.0,720.0,28800.0,2024-05-27
2024052703012269,FMDBL,58,43,17.0,720.0,12240.0,2024-05-27
2024052703012268,FMDBL,58,5,180.0,720.0,129600.0,2024-05-27
2024052703012267,FMDBL,58,42,18.0,719.9,12958.2,2024-05-27
2024052703012266,FMDBL,58,60,500.0,718.6,359300.0,2024-05-27
2024052703012265,FMDBL,58,52,300.0,718.5,215550.0,2024-05-27
2024052703012264,FMDBL,58,32,380.0,718.0,272840.0,2024-05-27
2024052703012263,FMDBL,58,32,500.0,718.0,359000.0,2024-05-27
2024052703012262,FMDBL,58,39,90.0,717.0,64530.0,2024-05-27
2024052703012261,FMDBL,58,1,500.0,717.0,358500.0,2024-05-27
2024052703012260,FMDBL,58,14,32.0,717.0,22944.0,2024-05-27
2024052703012259,FMDBL,58,48,50.0,716.2,35810.0,2024-05-27
2024052703012258,FMDBL,58,48,40.0,716.1,28644.0,2024-05-27
2024052703012257,NMLBBL,42,58,50.0,746.0,37300.0,2024-05-27
2024052703012256,MLBBL,58,39,100.0,1290.0,129000.0,2024-05-27
2024052703012255,WNLB,32,28,10.0,1440.0,14400.0,2024-05-27
2024052704009191,RIDI,42,58,282.0,177.0,49914.0,2024-05-27
2024052703012254,SINDU,42,44,75.0,381.0,28575.0,2024-05-27
2024052703012253,SINDU,53,44,50.0,381.0,19050.0,2024-05-27
2024052703012252,SINDU,48,44,75.0,381.0,28575.0,2024-05-27
2024052703012251,SINDU,35,44,100.0,381.1,38110.0,2024-05-27
2024052703012250,MERO,64,10,31.0,689.9,21386.9,2024-05-27
2024052703012249,MERO,64,16,17.0,687.0,11679.0,2024-05-27
2024052703012248,MERO,64,38,352.0,685.0,241120.0,2024-05-27
2024052701030941,MANDU,65,13,100.0,848.0,84800.0,2024-05-27
2024052704009190,NLG,22,58,10.0,768.0,7680.0,2024-05-27
2024052704009189,AKPL,22,39,10.0,172.0,1720.0,2024-05-27
2024052703012247,ICFC,70,34,10.0,515.0,5150.0,2024-05-27
2024052703012246,SABSL,88,45,116.0,985.0,114260.0,2024-05-27
2024052703012245,SABSL,88,34,100.0,985.0,98500.0,2024-05-27
2024052703012244,SABSL,88,38,50.0,984.0,49200.0,2024-05-27
2024052703012243,SABSL,88,29,131.0,984.0,128904.0,2024-05-27
2024052703012242,SABSL,88,36,19.0,980.0,18620.0,2024-05-27
2024052703012241,SABSL,88,35,84.0,980.0,82320.0,2024-05-27
2024052701030940,USHL,29,46,10.0,487.5,4875.0,2024-05-27
2024052703012240,SLBSL,55,22,10.0,1228.7,12287.0,2024-05-27
2024052704009188,SPIL,57,44,373.0,795.0,296535.0,2024-05-27
2024052704009187,SPIL,57,45,100.0,795.0,79500.0,2024-05-27
2024052704009186,SPIL,57,3,27.0,795.0,21465.0,2024-05-27
2024052704009185,UNHPL,57,42,437.0,230.9,100903.3,2024-05-27
2024052703012239,GUFL,48,36,219.0,672.0,147168.0,2024-05-27
2024052704009184,UMRH,91,38,85.0,364.2,30957.0,2024-05-27
2024052704009183,UMRH,32,38,20.0,364.3,7286.0,2024-05-27
2024052701030939,KBL,48,49,10.0,150.5,1505.0,2024-05-27
2024052703012238,LICN,16,59,10.0,1385.0,13850.0,2024-05-27
2024052703012237,SLBSL,16,7,20.0,1228.0,24560.0,2024-05-27
2024052703012236,SLBSL,16,19,14.0,1227.0,17178.0,2024-05-27
2024052703012235,SLBSL,16,56,10.0,1227.0,12270.0,2024-05-27
2024052705005914,HRL,4,29,60.0,585.1,35106.0,2024-05-27
2024052703012234,LICN,41,59,10.0,1385.0,13850.0,2024-05-27
2024052704009182,SHEL,41,41,500.0,163.9,81950.0,2024-05-27
2024052704009181,UPPER,74,34,200.0,165.9,33180.0,2024-05-27
2024052703012233,NABBC,63,14,10.0,589.9,5899.0,2024-05-27
2024052701030938,UHEWA,21,57,10.0,396.4,3964.0,2024-05-27
2024052701030937,CLI,34,21,100.0,480.1,48010.0,2024-05-27
2024052703012232,JFL,25,35,200.0,527.0,105400.0,2024-05-27
2024052703012231,JFL,25,35,100.0,527.0,52700.0,2024-05-27
2024052701030936,BGWT,18,58,400.0,690.2,276080.0,2024-05-27
2024052703012230,SFCL,4,56,60.0,341.1,20466.0,2024-05-27
2024052701030935,MHL,66,8,100.0,469.2,46920.0,2024-05-27
2024052704009180,SHPC,49,8,300.0,336.0,100800.0,2024-05-27
2024052703012229,FOWAD,44,41,16.0,1257.0,20112.0,2024-05-27
2024052703012228,ILBS,44,51,171.0,1365.0,233415.0,2024-05-27
2024052703012227,ILBS,44,70,100.0,1360.0,136000.0,2024-05-27
2024052703012226,ILBS,44,53,10.0,1355.0,13550.0,2024-05-27
2024052703012225,ILBS,44,94,19.0,1354.9,25743.1,2024-05-27
2024052704009179,RADHI,53,45,10.0,239.0,2390.0,2024-05-27
2024052701030934,ILI,22,56,15.0,457.0,6855.0,2024-05-27
2024052703012224,SLBSL,91,38,10.0,1225.0,12250.0,2024-05-27
2024052703012223,PMLI,7,22,10.0,509.0,5090.0,2024-05-27
2024052704009178,SICL,7,34,30.0,718.0,21540.0,2024-05-27
2024052704009177,SICL,7,20,20.0,717.0,14340.0,2024-05-27
2024052703012222,VLBS,40,33,50.0,955.0,47750.0,2024-05-27
2024052701030933,JBLB,40,32,50.0,1400.0,70000.0,2024-05-27
2024052701030932,JBLB,40,42,10.0,1400.0,14000.0,2024-05-27
2024052701030931,JBLB,40,48,27.0,1399.0,37773.0,2024-05-27
2024052701030930,JBLB,40,58,10.0,1396.0,13960.0,2024-05-27
2024052701030929,JBLB,40,36,100.0,1396.0,139600.0,2024-05-27
2024052701030928,DLBS,40,4,150.0,1228.0,184200.0,2024-05-27
2024052701030927,DLBS,51,4,10.0,1228.0,12280.0,2024-05-27
2024052703012221,NMBMF,67,49,50.0,670.0,33500.0,2024-05-27
2024052703012220,SINDU,48,43,10.0,386.0,3860.0,2024-05-27
2024052703012219,JBBL,34,6,100.0,295.8,29580.0,2024-05-27
2024052704009176,SICL,4,52,10.0,716.0,7160.0,2024-05-27
2024052703012218,NADEP,19,18,10.0,783.0,7830.0,2024-05-27
2024052703012217,NADEP,19,35,40.0,782.0,31280.0,2024-05-27
2024052703012216,NADEP,19,45,100.0,779.2,77920.0,2024-05-27
2024052701030926,KBL,6,49,10.0,150.5,1505.0,2024-05-27
2024052701030925,NRM,57,74,50.0,386.0,19300.0,2024-05-27
2024052703012215,BFC,32,26,10.0,406.0,4060.0,2024-05-27
2024052701030924,MKHC,5,34,10.0,308.0,3080.0,2024-05-27
2024052701030923,MEHL,58,16,200.0,314.0,62800.0,2024-05-27
2024052701030922,NABIL,8,55,75.0,507.9,38092.5,2024-05-27
2024052703012214,GLBSL,8,11,10.0,1877.0,18770.0,2024-05-27
2024052703012213,GMFIL,42,54,364.0,395.0,143780.0,2024-05-27
2024052704009175,TRH,42,29,200.0,758.0,151600.0,2024-05-27
2024052704009174,SHEL,38,13,10.0,163.8,1638.0,2024-05-27
2024052703012212,PFL,22,71,800.0,714.0,571200.0,2024-05-27
2024052703012211,PFL,22,29,2980.0,700.0,2086000.0,2024-05-27
2024052703012210,PFL,22,19,116.0,678.3,78682.8,2024-05-27
2024052703012209,PFL,22,44,1271.0,678.0,861738.0,2024-05-27
2024052703012208,PFL,22,22,50.0,673.2,33660.0,2024-05-27
2024052703012207,PFL,22,88,100.0,673.2,67320.0,2024-05-27
2024052703012206,PFL,22,19,400.0,673.2,269280.0,2024-05-27
2024052703012205,PFL,22,32,11.0,673.2,7405.2,2024-05-27
2024052703012204,PFL,22,50,40.0,673.2,26928.0,2024-05-27
2024052703012203,PFL,22,3,500.0,673.2,336600.0,2024-05-27
2024052703012202,PFL,22,26,200.0,673.2,134640.0,2024-05-27
2024052703012201,PFL,22,55,50.0,673.2,33660.0,2024-05-27
2024052703012200,PFL,22,21,200.0,673.2,134640.0,2024-05-27
2024052703012199,PFL,22,49,200.0,673.2,134640.0,2024-05-27
2024052703012198,PFL,22,51,145.0,673.2,97614.0,2024-05-27
2024052703012197,PFL,22,16,100.0,673.2,67320.0,2024-05-27
2024052703012196,PFL,22,45,500.0,673.2,336600.0,2024-05-27
2024052703012195,PFL,22,21,138.0,673.2,92901.6,2024-05-27
2024052703012194,PFL,22,80,1000.0,673.2,673200.0,2024-05-27
2024052703012193,PFL,22,11,400.0,673.2,269280.0,2024-05-27
2024052703012192,PFL,22,44,1999.0,673.2,1345726.8,2024-05-27
2024052703012191,PFL,22,22,200.0,673.2,134640.0,2024-05-27
2024052703012190,PFL,22,51,500.0,673.2,336600.0,2024-05-27
2024052703012189,PFL,22,71,100.0,673.2,67320.0,2024-05-27
2024052703012188,PFL,22,88,2000.0,673.0,1346000.0,2024-05-27
2024052703012187,PFL,22,88,1200.0,673.0,807600.0,2024-05-27
2024052703012186,PFL,22,77,200.0,673.0,134600.0,2024-05-27
2024052703012185,PFL,22,71,400.0,673.0,269200.0,2024-05-27
2024052703012184,PFL,22,13,40.0,673.0,26920.0,2024-05-27
2024052703012183,PFL,22,32,200.0,673.0,134600.0,2024-05-27
2024052703012182,PFL,22,19,100.0,673.0,67300.0,2024-05-27
2024052703012181,PFL,22,34,10.0,673.0,6730.0,2024-05-27
2024052703012180,PFL,22,13,45.0,673.0,30285.0,2024-05-27
2024052703012179,PFL,22,71,1000.0,673.0,673000.0,2024-05-27
2024052703012178,PFL,22,38,50.0,673.0,33650.0,2024-05-27
2024052703012177,PFL,22,34,300.0,673.0,201900.0,2024-05-27
2024052703012176,PFL,22,71,1000.0,672.3,672300.0,2024-05-27
2024052703012175,PFL,22,67,1000.0,672.3,672300.0,2024-05-27
2024052703012174,PFL,22,88,100.0,672.3,67230.0,2024-05-27
2024052703012173,PFL,22,57,1000.0,672.0,672000.0,2024-05-27
2024052703012172,PFL,22,44,100.0,672.0,67200.0,2024-05-27
2024052703012171,PFL,22,34,200.0,672.0,134400.0,2024-05-27
2024052703012170,PFL,22,52,50.0,672.0,33600.0,2024-05-27
2024052703012169,PFL,22,70,150.0,672.0,100800.0,2024-05-27
2024052703012168,PFL,22,47,50.0,671.9,33595.0,2024-05-27
2024052703012167,PFL,22,25,100.0,671.0,67100.0,2024-05-27
2024052703012166,PFL,22,8,50.0,671.0,33550.0,2024-05-27
2024052703012165,PFL,22,49,60.0,670.0,40200.0,2024-05-27
2024052703012164,PFL,22,19,100.0,670.0,67000.0,2024-05-27
2024052703012163,PFL,22,36,100.0,670.0,67000.0,2024-05-27
2024052703012162,PFL,22,52,150.0,670.0,100500.0,2024-05-27
2024052703012161,PFL,22,59,20.0,665.3,13306.0,2024-05-27
2024052703012160,PFL,22,41,10.0,665.3,6653.0,2024-05-27
2024052703012159,PFL,22,41,10.0,665.2,6652.0,2024-05-27
2024052703012158,PFL,22,41,10.0,665.1,6651.0,2024-05-27
2024052704009173,SHEL,53,41,20.0,163.9,3278.0,2024-05-27
2024052703012157,NMLBBL,53,41,10.0,752.0,7520.0,2024-05-27
2024052701030921,HHL,88,38,10.0,348.0,3480.0,2024-05-27
2024052703012156,GBLBS,33,94,20.0,757.0,15140.0,2024-05-27
2024052701030920,TPC,16,4,20.0,510.0,10200.0,2024-05-27
2024052703012155,GBBL,4,45,10.0,369.9,3699.0,2024-05-27
2024052703012154,GBBL,4,17,50.0,368.0,18400.0,2024-05-27
2024052703012153,GBBL,4,36,17.0,367.0,6239.0,2024-05-27
2024052701030919,SCB,4,81,113.0,587.9,66432.7,2024-05-27
2024052701030918,SCB,4,58,20.0,587.0,11740.0,2024-05-27
2024052701030917,SCB,4,13,110.0,587.0,64570.0,2024-05-27
2024052701030916,SCB,4,16,200.0,586.6,117320.0,2024-05-27
2024052701030915,SCB,4,69,100.0,586.0,58600.0,2024-05-27
2024052701030914,SCB,4,69,57.0,586.0,33402.0,2024-05-27
2024052703012152,RSDC,4,52,350.0,679.0,237650.0,2024-05-27
2024052701030913,CITY,42,28,100.0,660.0,66000.0,2024-05-27
2024052701030912,KBSH,28,14,10.0,1130.0,11300.0,2024-05-27
2024052701030911,KBSH,28,48,10.0,1118.0,11180.0,2024-05-27
2024052703012151,GMFBS,59,50,10.0,1268.0,12680.0,2024-05-27
2024052703012150,EDBL,36,65,10.0,391.0,3910.0,2024-05-27
2024052703012149,GLBSL,49,11,10.0,1877.0,18770.0,2024-05-27
2024052705005913,HRL,45,49,31.0,585.0,18135.0,2024-05-27
2024052703012148,MPFL,77,37,100.0,444.0,44400.0,2024-05-27
2024052701030910,SMJC,48,58,10.0,370.0,3700.0,2024-05-27
2024052701030909,SMJC,48,91,10.0,370.0,3700.0,2024-05-27
2024052701030908,SMJC,48,40,10.0,370.0,3700.0,2024-05-27
2024052701030907,SMJC,48,17,10.0,370.0,3700.0,2024-05-27
2024052701030906,SMJC,48,64,20.0,369.9,7398.0,2024-05-27
2024052701030905,SMJC,48,35,10.0,369.8,3698.0,2024-05-27
2024052701030904,SMJC,48,57,10.0,369.0,3690.0,2024-05-27
2024052703012147,VLBS,45,33,722.0,955.0,689510.0,2024-05-27
2024052703012146,VLBS,45,33,500.0,955.0,477500.0,2024-05-27
2024052703012145,VLBS,45,33,50.0,955.0,47750.0,2024-05-27
2024052703012144,VLBS,45,35,50.0,954.9,47745.0,2024-05-27
2024052703012143,VLBS,45,57,210.0,954.0,200340.0,2024-05-27
2024052703012142,VLBS,45,34,1000.0,951.8,951800.0,2024-05-27
2024052703012141,VLBS,45,35,89.0,950.0,84550.0,2024-05-27
2024052703012140,VLBS,45,38,379.0,950.0,360050.0,2024-05-27
2024052703012139,SINDU,52,43,10.0,386.0,3860.0,2024-05-27
2024052703012138,SINDU,52,20,100.0,385.0,38500.0,2024-05-27
2024052701030903,SMHL,39,19,101.0,519.0,52419.0,2024-05-27
2024052703012137,WNLB,34,28,30.0,1440.0,43200.0,2024-05-27
2024052703012136,HLBSL,70,41,20.0,1198.1,23962.0,2024-05-27
2024052701030902,NABIL,18,55,25.0,507.9,12697.5,2024-05-27
2024052701030901,HDL,61,44,43.0,1328.5,57125.5,2024-05-27
2024052701030900,CYCL,34,22,30.0,1490.0,44700.0,2024-05-27
2024052701030899,CYCL,34,34,40.0,1480.0,59200.0,2024-05-27
2024052701030898,SMJC,58,17,10.0,368.0,3680.0,2024-05-27
2024052701030897,UHEWA,34,57,10.0,396.4,3964.0,2024-05-27
2024052703012135,JBBL,17,34,52.0,294.6,15319.2,2024-05-27
2024052703012134,JBBL,32,34,49.0,294.7,14440.3,2024-05-27
2024052704009172,UNHPL,58,42,10.0,230.9,2309.0,2024-05-27
2024052701030896,SONA,14,48,190.0,461.0,87590.0,2024-05-27
2024052701030895,DOLTI,45,64,100.0,412.0,41200.0,2024-05-27
2024052701030894,SBI,26,70,298.0,304.2,90651.6,2024-05-27
2024052701030893,SBI,50,70,44.0,304.2,13384.8,2024-05-27
2024052701030892,CLI,53,57,10.0,483.0,4830.0,2024-05-27
2024052701030891,GVL,7,45,10.0,439.0,4390.0,2024-05-27
2024052703012133,PFL,41,7,522.0,659.0,343998.0,2024-05-27
2024052703012132,PFL,41,7,228.0,660.0,150480.0,2024-05-27
2024052703012131,KSBBL,40,22,35.0,383.0,13405.0,2024-05-27
2024052703012130,KSBBL,40,32,20.0,383.0,7660.0,2024-05-27
2024052703012129,KSBBL,40,34,45.0,383.0,17235.0,2024-05-27
2024052703012128,KSBBL,40,16,10.0,382.0,3820.0,2024-05-27
2024052703012127,KSBBL,40,35,18.0,382.0,6876.0,2024-05-27
2024052703012126,KSBBL,40,14,112.0,382.0,42784.0,2024-05-27
2024052703012125,MPFL,55,37,20.0,444.0,8880.0,2024-05-27
2024052703012124,MPFL,55,57,30.0,443.0,13290.0,2024-05-27
2024052704009171,HDHPC,62,71,10.0,132.9,1329.0,2024-05-27
2024052703012123,KMCDB,62,39,224.0,1080.0,241920.0,2024-05-27
2024052703012122,KMCDB,62,29,50.0,1080.0,54000.0,2024-05-27
2024052703012121,KMCDB,62,77,20.0,1079.9,21598.0,2024-05-27
2024052703012120,KMCDB,62,60,40.0,1079.8,43192.0,2024-05-27
2024052703012119,KMCDB,62,60,50.0,1079.5,53975.0,2024-05-27
2024052703012118,KMCDB,62,60,40.0,1079.4,43176.0,2024-05-27
2024052703012117,KMCDB,62,28,66.0,1079.0,71214.0,2024-05-27
2024052703012116,KMCDB,62,17,10.0,1074.0,10740.0,2024-05-27
2024052701030890,SONA,77,57,90.0,460.2,41418.0,2024-05-27
2024052701030889,RAWA,34,57,50.0,486.0,24300.0,2024-05-27
2024052701030888,RAWA,50,57,20.0,486.1,9722.0,2024-05-27
2024052701030887,RAWA,36,57,90.0,487.0,43830.0,2024-05-27
2024052701030886,RAWA,48,57,100.0,487.4,48740.0,2024-05-27
2024052701030885,RAWA,6,57,50.0,488.0,24400.0,2024-05-27
2024052701030884,RAWA,71,57,20.0,488.0,9760.0,2024-05-27
2024052701030883,RAWA,45,57,10.0,488.0,4880.0,2024-05-27
2024052701030882,RAWA,49,57,200.0,488.0,97600.0,2024-05-27
2024052701030881,RAWA,64,57,187.0,489.0,91443.0,2024-05-27
2024052701030880,RAWA,49,57,10.0,489.0,4890.0,2024-05-27
2024052701030879,RAWA,4,57,50.0,489.3,24465.0,2024-05-27
2024052701030878,RAWA,7,57,10.0,489.5,4895.0,2024-05-27
2024052704009170,SSHL,17,41,10.0,168.9,1689.0,2024-05-27
2024052704009169,NHPC,49,57,50.0,146.9,7345.0,2024-05-27
2024052701030877,SRLI,38,49,10.0,455.0,4550.0,2024-05-27
2024052701030876,CZBIL,38,84,10.0,179.0,1790.0,2024-05-27
2024052701030875,UNLB,69,59,50.0,1989.0,99450.0,2024-05-27
2024052701030874,PCBL,84,5,100.0,209.0,20900.0,2024-05-27
2024052703012115,NABBC,63,14,31.0,589.9,18286.9,2024-05-27
2024052703012114,NABBC,63,38,20.0,589.9,11798.0,2024-05-27
2024052703012113,NABBC,63,3,10.0,586.0,5860.0,2024-05-27
2024052703012112,NABBC,63,17,39.0,585.0,22815.0,2024-05-27
2024052703012111,MPFL,43,39,10.0,440.1,4401.0,2024-05-27
2024052703012110,WNLB,32,47,10.0,1435.0,14350.0,2024-05-27
2024052703012109,SLBSL,16,58,100.0,1210.0,121000.0,2024-05-27
2024052703012108,HLI,33,58,159.0,402.0,63918.0,2024-05-27
2024052703012107,NICLBSL,34,58,10.0,665.0,6650.0,2024-05-27
2024052703012106,SDLBSL,58,43,45.0,939.1,42259.5,2024-05-27
2024052701030873,CLI,34,34,10.0,480.1,4801.0,2024-05-27
2024052703012105,GUFL,48,14,195.0,672.0,131040.0,2024-05-27
2024052703012104,GUFL,54,14,100.0,672.0,67200.0,2024-05-27
2024052703012103,GUFL,59,14,305.0,672.0,204960.0,2024-05-27
2024052703012102,MFIL,14,51,39.0,506.5,19753.5,2024-05-27
2024052703012101,MFIL,14,34,41.0,505.0,20705.0,2024-05-27
2024052703012100,MFIL,14,14,20.0,504.0,10080.0,2024-05-27
2024052701030872,DLBS,64,38,10.0,1238.0,12380.0,2024-05-27
2024052703012099,MNBBL,22,41,92.0,352.1,32393.2,2024-05-27
2024052705005912,CHDC,60,33,900.0,872.2,784980.0,2024-05-27
2024052705005911,CHDC,1,33,100.0,872.3,87230.0,2024-05-27
2024052701030871,PRVU,49,57,200.0,152.0,30400.0,2024-05-27
2024052701030870,PRVU,41,57,300.0,152.0,45600.0,2024-05-27
2024052701030869,PRVU,41,57,39.0,152.0,5928.0,2024-05-27
2024052701030868,PRVU,57,57,500.0,152.1,76050.0,2024-05-27
2024052705005910,CHDC,38,19,100.0,873.0,87300.0,2024-05-27
2024052704009168,LEC,37,6,10.0,185.1,1851.0,2024-05-27
2024052703012098,SJLIC,86,38,100.0,424.0,42400.0,2024-05-27
2024052701030867,HDL,56,38,70.0,1328.1,92967.0,2024-05-27
2024052701030866,HDL,49,38,20.0,1328.1,26562.0,2024-05-27
2024052701030865,HDL,34,38,10.0,1328.2,13282.0,2024-05-27
2024052703012097,HLBSL,38,38,39.0,1213.0,47307.0,2024-05-27
2024052703012096,HLBSL,38,35,100.0,1212.0,121200.0,2024-05-27
2024052703012095,HLBSL,38,49,100.0,1210.0,121000.0,2024-05-27
2024052703012094,HLBSL,38,45,39.0,1210.0,47190.0,2024-05-27
2024052703012093,HLBSL,38,14,222.0,1209.0,268398.0,2024-05-27
2024052703012092,HLBSL,26,14,38.0,1209.0,45942.0,2024-05-27
2024052703012091,HLBSL,26,3,300.0,1208.0,362400.0,2024-05-27
2024052703012090,HLBSL,26,39,200.0,1208.0,241600.0,2024-05-27
2024052703012089,HLBSL,26,14,375.0,1200.0,450000.0,2024-05-27
2024052703012088,HLBSL,26,5,87.0,1200.0,104400.0,2024-05-27
2024052701030864,NRM,35,49,41.0,387.0,15867.0,2024-05-27
2024052703012087,SADBL,56,58,220.0,320.0,70400.0,2024-05-27
2024052703012086,SADBL,56,77,200.0,320.0,64000.0,2024-05-27
2024052701030863,BGWT,65,32,50.0,739.2,36960.0,2024-05-27
2024052701030862,BGWT,65,85,30.0,738.0,22140.0,2024-05-27
2024052701030861,BGWT,65,13,100.0,738.0,73800.0,2024-05-27
2024052701030860,BGWT,65,86,500.0,738.0,369000.0,2024-05-27
2024052701030859,BGWT,65,22,30.0,738.0,22140.0,2024-05-27
2024052701030858,BGWT,65,62,100.0,738.0,73800.0,2024-05-27
2024052701030857,BGWT,65,25,100.0,738.0,73800.0,2024-05-27
2024052701030856,BGWT,65,63,700.0,730.0,511000.0,2024-05-27
2024052701030855,BGWT,65,65,500.0,730.0,365000.0,2024-05-27
2024052701030854,BGWT,65,71,700.0,730.0,511000.0,2024-05-27
2024052701030853,PPL,8,57,10.0,458.0,4580.0,2024-05-27
2024052701030852,PPL,8,26,200.0,457.9,91580.0,2024-05-27
2024052701030851,PPL,8,65,40.0,457.9,18316.0,2024-05-27
2024052701030850,PPL,8,42,155.0,456.6,70773.0,2024-05-27
2024052701030849,SARBTM,34,38,10.0,825.0,8250.0,2024-05-27
2024052703012085,SWMF,34,81,30.0,830.0,24900.0,2024-05-27
2024052703012084,MNBBL,45,13,108.0,352.0,38016.0,2024-05-27
2024052703012083,SWBBL,18,25,14.0,825.0,11550.0,2024-05-27
2024052703012082,GILB,62,67,200.0,1255.0,251000.0,2024-05-27
2024052703012081,MDB,58,36,80.0,487.0,38960.0,2024-05-27
2024052703012080,MDB,50,36,100.0,487.0,48700.0,2024-05-27
2024052703012079,MDB,65,36,33.0,487.0,16071.0,2024-05-27
2024052703012078,ALICL,10,36,10.0,583.8,5838.0,2024-05-27
2024052705005909,CHDC,50,19,100.0,873.0,87300.0,2024-05-27
2024052701030848,SONA,77,48,100.0,461.0,46100.0,2024-05-27
2024052704009167,HPPL,38,29,10.0,260.0,2600.0,2024-05-27
2024052704009166,HPPL,38,45,110.0,258.9,28479.0,2024-05-27
2024052704009165,HPPL,38,21,419.0,258.0,108102.0,2024-05-27
2024052703012077,MNBBL,78,41,200.0,352.1,70420.0,2024-05-27
2024052704009164,JOSHI,6,35,10.0,306.7,3067.0,2024-05-27
2024052705005908,NIFRA,41,49,22.0,206.0,4532.0,2024-05-27
2024052705005907,NIFRA,41,38,54.0,206.0,11124.0,2024-05-27
2024052705005906,NIFRA,41,84,50.0,206.0,10300.0,2024-05-27
2024052705005905,NIFRA,41,55,10.0,206.0,2060.0,2024-05-27
2024052705005904,NIFRA,41,38,64.0,206.0,13184.0,2024-05-27
2024052705005903,NIFRA,41,51,64.0,206.0,13184.0,2024-05-27
2024052705005902,NIFRA,41,1,54.0,206.0,11124.0,2024-05-27
2024052705005901,NIFRA,41,34,64.0,206.0,13184.0,2024-05-27
2024052705005900,NIFRA,41,44,100.0,206.0,20600.0,2024-05-27
2024052705005899,NIFRA,41,47,54.0,206.0,11124.0,2024-05-27
2024052705005898,NIFRA,41,49,10.0,206.0,2060.0,2024-05-27
2024052705005897,NIFRA,41,42,40.0,206.0,8240.0,2024-05-27
2024052705005896,NIFRA,41,45,14.0,206.0,2884.0,2024-05-27
2024052703012076,LLBS,5,51,10.0,1090.0,10900.0,2024-05-27
2024052703012075,LLBS,5,10,10.0,1089.0,10890.0,2024-05-27
2024052703012074,MLBSL,5,57,10.0,1888.0,18880.0,2024-05-27
2024052701030847,CLI,34,58,10.0,480.1,4801.0,2024-05-27
2024052705005895,HRL,45,58,10.0,585.0,5850.0,2024-05-27
2024052703012073,GILB,62,67,59.0,1255.0,74045.0,2024-05-27
2024052703012072,GILB,62,43,120.0,1247.4,149688.0,2024-05-27
2024052703012071,GILB,62,64,100.0,1247.0,124700.0,2024-05-27
2024052703012070,GILB,62,66,150.0,1247.0,187050.0,2024-05-27
2024052703012069,GILB,62,67,71.0,1247.0,88537.0,2024-05-27
2024052701030846,CYCL,50,59,60.0,1473.5,88410.0,2024-05-27
2024052701030845,CYCL,41,59,40.0,1473.6,58944.0,2024-05-27
2024052701030844,MKCL,45,49,10.0,955.1,9551.0,2024-05-27
2024052701030843,KDL,50,49,10.0,1128.0,11280.0,2024-05-27
2024052701030842,NMB,69,34,10.0,212.5,2125.0,2024-05-27
2024052704009163,RHPL,51,41,100.0,268.6,26860.0,2024-05-27
2024052701030841,CYCL,41,41,10.0,1473.6,14736.0,2024-05-27
2024052704009162,API,35,59,41.0,173.0,7093.0,2024-05-27
2024052704009161,API,35,21,109.0,173.0,18857.0,2024-05-27
2024052704009160,API,35,49,50.0,172.9,8645.0,2024-05-27
2024052704009159,SPIL,44,35,91.0,795.0,72345.0,2024-05-27
2024052701030840,PPL,58,42,200.0,456.6,91320.0,2024-05-27
2024052701030839,CKHL,64,10,634.0,553.0,350602.0,2024-05-27
2024052701030838,CKHL,64,57,10.0,552.8,5528.0,2024-05-27
2024052701030837,CKHL,64,49,40.0,552.5,22100.0,2024-05-27
2024052701030836,CKHL,64,61,40.0,552.0,22080.0,2024-05-27
2024052701030835,CKHL,64,45,26.0,552.0,14352.0,2024-05-27
2024052703012068,GFCL,42,29,10.0,460.0,4600.0,2024-05-27
2024052704009158,AKPL,47,42,1000.0,171.5,171500.0,2024-05-27
2024052701030834,JBLB,42,7,10.0,1394.0,13940.0,2024-05-27
2024052701030833,MMKJL,33,57,10.0,434.6,4346.0,2024-05-27
2024052701030832,CITY,40,38,40.0,664.5,26580.0,2024-05-27
2024052701030831,CITY,40,13,60.0,664.0,39840.0,2024-05-27
2024052701030830,CITY,40,36,30.0,663.9,19917.0,2024-05-27
2024052701030829,CITY,40,48,170.0,663.7,112829.0,2024-05-27
2024052701030828,CITY,40,43,200.0,663.6,132720.0,2024-05-27
2024052703012067,GILB,62,67,29.0,1247.0,36163.0,2024-05-27
2024052703012066,GILB,62,22,200.0,1247.0,249400.0,2024-05-27
2024052703012065,GILB,62,45,10.0,1247.0,12470.0,2024-05-27
2024052703012064,GILB,62,61,100.0,1247.0,124700.0,2024-05-27
2024052703012063,GILB,62,34,10.0,1247.0,12470.0,2024-05-27
2024052703012062,GILB,62,41,20.0,1247.0,24940.0,2024-05-27
2024052703012061,GILB,62,22,50.0,1245.0,62250.0,2024-05-27
2024052703012060,GILB,62,41,81.0,1243.2,100699.2,2024-05-27
2024052701030827,NRM,62,49,10.0,387.0,3870.0,2024-05-27
2024052703012059,WNLB,46,17,10.0,1434.0,14340.0,2024-05-27
2024052703012058,FMDBL,11,49,500.0,715.0,357500.0,2024-05-27
2024052704009157,AHPC,39,19,221.0,162.6,35934.6,2024-05-27
2024052703012057,GILB,62,41,19.0,1243.2,23620.8,2024-05-27
2024052703012056,GILB,62,17,500.0,1243.2,621600.0,2024-05-27
2024052703012055,GILB,62,65,281.0,1243.1,349311.1,2024-05-27
2024052703012054,JSLBB,57,14,10.0,1362.9,13629.0,2024-05-27
2024052701030826,NICA,43,59,40.0,427.0,17080.0,2024-05-27
2024052701030825,NICA,47,59,50.0,427.0,21350.0,2024-05-27
2024052701030824,NICA,67,59,420.0,427.0,179340.0,2024-05-27
2024052703012053,SAPDBL,41,50,100.0,321.5,32150.0,2024-05-27
2024052701030823,ILI,45,56,170.0,457.0,77690.0,2024-05-27
2024052701030822,ILI,45,45,30.0,457.0,13710.0,2024-05-27
2024052703012052,CFCL,45,13,10.0,387.0,3870.0,2024-05-27
2024052701030821,SONA,26,48,30.0,461.0,13830.0,2024-05-27
2024052704009156,RHPL,19,41,50.0,268.6,13430.0,2024-05-27
2024052701030820,VLUCL,57,58,10.0,481.0,4810.0,2024-05-27
2024052704009155,RHPL,13,41,200.0,268.6,53720.0,2024-05-27
2024052704009154,CGH,37,43,10.0,880.1,8801.0,2024-05-27
2024052701030819,ANLB,34,5,10.0,2400.0,24000.0,2024-05-27
2024052701030818,DOLTI,42,68,10.0,414.0,4140.0,2024-05-27
2024052703012051,MFIL,57,22,29.0,503.2,14592.8,2024-05-27
2024052703012050,MFIL,6,22,31.0,503.2,15599.2,2024-05-27
2024052703012049,EDBL,72,65,10.0,391.0,3910.0,2024-05-27
2024052701030817,RNLI,34,7,11.0,436.1,4797.1,2024-05-27
2024052704009153,PMHPL,33,56,10.0,231.7,2317.0,2024-05-27
2024052701030816,BEDC,38,17,10.0,372.0,3720.0,2024-05-27
2024052701030815,BEDC,42,17,180.0,372.0,66960.0,2024-05-27
2024052701030814,BEDC,42,17,100.0,372.1,37210.0,2024-05-27
2024052701030813,BEDC,57,17,10.0,374.9,3749.0,2024-05-27
2024052701030812,EHPL,10,43,10.0,533.0,5330.0,2024-05-27
2024052704009152,PRIN,89,82,400.0,775.0,310000.0,2024-05-27
2024052704009151,PRIN,34,82,25.0,775.0,19375.0,2024-05-27
2024052704009150,PRIN,8,82,50.0,775.0,38750.0,2024-05-27
2024052704009149,PRIN,22,82,200.0,775.2,155040.0,2024-05-27
2024052704009148,PRIN,42,82,200.0,775.2,155040.0,2024-05-27
2024052704009147,PRIN,33,82,66.0,776.0,51216.0,2024-05-27
2024052704009146,PRIN,38,82,10.0,776.1,7761.0,2024-05-27
2024052704009145,SPDL,38,5,1000.0,245.0,245000.0,2024-05-27
2024052704009144,SPDL,38,70,396.0,245.0,97020.0,2024-05-27
2024052705005894,NRN,26,45,40.0,572.5,22900.0,2024-05-27
2024052704009143,MHNL,62,45,540.0,232.6,125604.0,2024-05-27
2024052704009142,UMRH,16,41,160.0,365.0,58400.0,2024-05-27
2024052703012048,HLI,33,41,10.0,402.0,4020.0,2024-05-27
2024052705005893,NIFRA,80,35,30.0,205.3,6159.0,2024-05-27
2024052705005892,NIFRA,41,35,70.0,205.7,14399.0,2024-05-27
2024052703012047,SIFC,32,53,25.0,420.0,10500.0,2024-05-27
2024052705005891,HIDCL,42,42,200.0,169.5,33900.0,2024-05-27
2024052703012046,MNBBL,4,42,92.0,352.0,32384.0,2024-05-27
2024052703012045,GILB,62,65,19.0,1243.1,23618.9,2024-05-27
2024052703012044,GILB,62,6,10.0,1242.3,12423.0,2024-05-27
2024052703012043,GILB,62,52,50.0,1240.0,62000.0,2024-05-27
2024052703012042,GILB,62,67,100.0,1239.0,123900.0,2024-05-27
2024052703012041,GILB,62,63,321.0,1231.1,395183.1,2024-05-27
2024052703012040,MLBSL,14,62,20.0,1880.4,37608.0,2024-05-27
2024052703012039,MLBSL,45,62,20.0,1880.5,37610.0,2024-05-27
2024052703012038,MLBSL,1,62,60.0,1882.0,112920.0,2024-05-27
2024052703012037,SJLIC,86,46,36.0,424.0,15264.0,2024-05-27
2024052703012036,SJLIC,50,46,100.0,424.0,42400.0,2024-05-27
2024052703012035,SJLIC,47,46,11.0,424.0,4664.0,2024-05-27
2024052703012034,SJLIC,53,46,80.0,424.0,33920.0,2024-05-27
2024052703012033,SJLIC,47,46,100.0,424.3,42430.0,2024-05-27
2024052703012032,SJLIC,58,46,100.0,424.4,42440.0,2024-05-27
2024052703012031,SJLIC,38,46,40.0,424.5,16980.0,2024-05-27
2024052703012030,SJLIC,25,46,20.0,424.5,8490.0,2024-05-27
2024052703012029,GMFIL,50,54,36.0,395.0,14220.0,2024-05-27
2024052703012028,GMFIL,50,17,500.0,395.0,197500.0,2024-05-27
2024052703012027,GMFIL,50,46,82.0,395.0,32390.0,2024-05-27
2024052703012026,GMFIL,50,32,50.0,394.8,19740.0,2024-05-27
2024052703012025,GMFIL,50,54,200.0,393.8,78760.0,2024-05-27
2024052703012024,GMFIL,50,89,200.0,393.0,78600.0,2024-05-27
2024052703012023,GMFIL,50,57,200.0,393.0,78600.0,2024-05-27
2024052703012022,GMFIL,50,34,186.0,393.0,73098.0,2024-05-27
2024052703012021,GMFIL,50,38,46.0,392.9,18073.4,2024-05-27
2024052701030811,CKHL,38,45,24.0,552.0,13248.0,2024-05-27
2024052701030810,CKHL,38,38,100.0,552.0,55200.0,2024-05-27
2024052701030809,CKHL,38,41,10.0,550.0,5500.0,2024-05-27
2024052701030808,CKHL,38,49,10.0,550.0,5500.0,2024-05-27
2024052701030807,CKHL,38,58,10.0,550.0,5500.0,2024-05-27
2024052701030806,CKHL,38,58,10.0,550.0,5500.0,2024-05-27
2024052701030805,CKHL,38,57,10.0,549.0,5490.0,2024-05-27
2024052701030804,CKHL,38,13,10.0,548.0,5480.0,2024-05-27
2024052701030803,CKHL,38,49,10.0,548.0,5480.0,2024-05-27
2024052701030802,CKHL,38,58,150.0,546.0,81900.0,2024-05-27
2024052701030801,CKHL,38,52,30.0,545.0,16350.0,2024-05-27
2024052701030800,CKHL,38,45,50.0,545.0,27250.0,2024-05-27
2024052701030799,CKHL,38,38,40.0,545.0,21800.0,2024-05-27
2024052701030798,CKHL,38,58,60.0,544.9,32694.0,2024-05-27
2024052701030797,CKHL,38,14,36.0,544.0,19584.0,2024-05-27
2024052701030796,CKHL,38,77,190.0,544.0,103360.0,2024-05-27
2024052701030795,CZBIL,58,45,500.0,177.6,88800.0,2024-05-27
2024052705005890,CHDC,45,19,24.0,873.0,20952.0,2024-05-27
2024052705005889,HRL,45,38,20.0,585.0,11700.0,2024-05-27
2024052705005888,HRL,45,3,40.0,585.0,23400.0,2024-05-27
2024052705005887,HRL,45,32,20.0,585.0,11700.0,2024-05-27
2024052705005886,HRL,45,28,10.0,585.0,5850.0,2024-05-27
2024052705005885,HRL,45,55,111.0,585.0,64935.0,2024-05-27
2024052705005884,HRL,45,58,10.0,584.9,5849.0,2024-05-27
2024052701030794,NABIL,52,8,20.0,507.5,10150.0,2024-05-27
2024052705005883,HRL,90,13,31.0,584.5,18119.5,2024-05-27
2024052701030793,RFPL,13,57,10.0,365.0,3650.0,2024-05-27
2024052703012020,SMFBS,58,32,10.0,1339.0,13390.0,2024-05-27
2024052704009141,KKHC,34,34,50.0,224.7,11235.0,2024-05-27
2024052704009140,KKHC,34,34,100.0,223.0,22300.0,2024-05-27
2024052701030792,NMB,33,28,50.0,212.1,10605.0,2024-05-27
2024052701030791,NMB,56,28,50.0,212.1,10605.0,2024-05-27
2024052703012019,RLFL,62,59,10.0,399.0,3990.0,2024-05-27
2024052703012018,EDBL,36,65,10.0,391.0,3910.0,2024-05-27
2024052705005882,HRL,90,49,109.0,584.5,63710.5,2024-05-27
2024052701030790,CLI,34,45,10.0,480.1,4801.0,2024-05-27
2024052701030789,UNLB,19,59,50.0,1989.0,99450.0,2024-05-27
2024052703012017,FMDBL,11,39,330.0,715.0,235950.0,2024-05-27
2024052703012016,FMDBL,41,39,50.0,715.0,35750.0,2024-05-27
2024052703012015,FMDBL,49,39,100.0,715.0,71500.0,2024-05-27
2024052703012014,FMDBL,52,39,102.0,715.0,72930.0,2024-05-27
2024052703012013,FMDBL,56,39,50.0,715.1,35755.0,2024-05-27
2024052703012012,FMDBL,38,39,150.0,715.1,107265.0,2024-05-27
2024052703012011,FMDBL,84,39,330.0,715.1,235983.0,2024-05-27
2024052703012010,FMDBL,52,39,388.0,716.0,277808.0,2024-05-27
2024052701030788,BHPL,35,14,150.0,619.0,92850.0,2024-05-27
2024052701030787,BHPL,35,58,10.0,595.6,5956.0,2024-05-27
2024052701030786,BHPL,35,16,10.0,587.5,5875.0,2024-05-27
2024052701030785,BHPL,35,35,30.0,584.6,17538.0,2024-05-27
2024052703012009,NMBMF,67,18,50.0,670.0,33500.0,2024-05-27
2024052704009139,JOSHI,49,13,100.0,306.0,30600.0,2024-05-27
2024052701030784,HDL,43,44,100.0,1328.5,132850.0,2024-05-27
2024052701030783,TSHL,1,42,280.0,514.4,144032.0,2024-05-27
2024052701030782,MEL,42,14,400.0,227.0,90800.0,2024-05-27
2024052701030781,SBL,22,21,10.0,265.9,2659.0,2024-05-27
2024052703012008,HLI,33,55,140.0,402.0,56280.0,2024-05-27
2024052703012007,JBBL,34,6,76.0,295.8,22480.8,2024-05-27
2024052703012006,JBBL,34,38,10.0,295.5,2955.0,2024-05-27
2024052703012005,JBBL,34,38,10.0,295.0,2950.0,2024-05-27
2024052703012004,JBBL,34,49,104.0,295.0,30680.0,2024-05-27
2024052703012003,USLB,75,59,10.0,2096.0,20960.0,2024-05-27
2024052701030780,SHIVM,17,51,360.0,513.0,184680.0,2024-05-27
2024052701030779,NIMB,60,6,274.0,169.9,46552.6,2024-05-27
2024052701030778,NIMB,60,57,200.0,169.8,33960.0,2024-05-27
2024052701030777,NIMB,60,13,500.0,169.5,84750.0,2024-05-27
2024052701030776,NIMB,60,58,26.0,169.3,4401.8,2024-05-27
2024052703012002,NICLBSL,6,60,300.0,661.2,198360.0,2024-05-27
2024052703012001,NICLBSL,55,60,150.0,661.3,99195.0,2024-05-27
2024052703012000,NICLBSL,16,60,50.0,662.0,33100.0,2024-05-27
2024052701030775,KBL,39,49,74.0,150.5,11137.0,2024-05-27
2024052701030774,KBL,5,49,800.0,150.5,120400.0,2024-05-27
2024052701030773,KBL,41,49,500.0,150.6,75300.0,2024-05-27
2024052701030772,SRLI,38,49,10.0,455.0,4550.0,2024-05-27
2024052705005881,HIDCL,58,48,40.0,169.0,6760.0,2024-05-27
2024052703011999,NLIC,18,16,500.0,606.0,303000.0,2024-05-27
2024052701030771,MANDU,65,45,70.0,848.0,59360.0,2024-05-27
2024052701030770,MANDU,49,45,200.0,848.1,169620.0,2024-05-27
2024052701030769,MANDU,44,45,10.0,848.2,8482.0,2024-05-27
2024052705005880,HRL,45,58,10.0,584.9,5849.0,2024-05-27
2024052703011998,PFL,41,14,72.0,660.0,47520.0,2024-05-27
2024052703011997,ALICL,34,6,55.0,582.1,32015.5,2024-05-27
2024052701030768,BGWT,65,65,20.0,738.4,14768.0,2024-05-27
2024052701030767,BGWT,65,19,200.0,738.0,147600.0,2024-05-27
2024052701030766,BGWT,65,42,260.0,738.0,191880.0,2024-05-27
2024052701030765,BGWT,65,16,100.0,738.0,73800.0,2024-05-27
2024052701030764,BGWT,65,65,900.0,736.0,662400.0,2024-05-27
2024052701030763,BGWT,65,7,649.0,735.0,477015.0,2024-05-27
2024052701030762,BGWT,65,65,10.0,730.0,7300.0,2024-05-27
2024052701030761,BGWT,65,10,600.0,725.0,435000.0,2024-05-27
2024052701030760,BGWT,65,26,1500.0,724.2,1086300.0,2024-05-27
2024052701030759,BGWT,65,65,10.0,724.2,7242.0,2024-05-27
2024052701030758,BGWT,65,65,600.0,724.0,434400.0,2024-05-27
2024052701030757,BGWT,65,58,50.0,724.0,36200.0,2024-05-27
2024052701030756,BGWT,65,6,551.0,724.0,398924.0,2024-05-27
2024052701030755,CITY,42,42,14.0,660.0,9240.0,2024-05-27
2024052701030754,CITY,42,42,16.0,661.0,10576.0,2024-05-27
2024052701030753,CITY,34,42,20.0,661.1,13222.0,2024-05-27
2024052704009138,SGIC,40,34,15.0,550.0,8250.0,2024-05-27
2024052704009137,SGIC,40,53,20.0,550.0,11000.0,2024-05-27
2024052704009136,NHPC,4,35,876.0,147.9,129560.4,2024-05-27
2024052704009135,NHPC,4,45,300.0,147.5,44250.0,2024-05-27
2024052704009134,NHPC,4,40,500.0,147.0,73500.0,2024-05-27
2024052704009133,NHPC,4,45,100.0,147.0,14700.0,2024-05-27
2024052704009132,NHPC,4,32,24.0,146.9,3525.6,2024-05-27
2024052703011996,KMCDB,62,28,34.0,1079.0,36686.0,2024-05-27
2024052703011995,KMCDB,62,11,40.0,1075.0,43000.0,2024-05-27
2024052703011994,KMCDB,62,45,26.0,1075.0,27950.0,2024-05-27
2024052704009131,KPCL,57,1,325.0,437.9,142317.5,2024-05-27
2024052704009130,KPCL,57,45,132.0,437.0,57684.0,2024-05-27
2024052704009129,KPCL,57,54,600.0,437.0,262200.0,2024-05-27
2024052704009128,KPCL,57,37,13.0,436.9,5679.7,2024-05-27
2024052704009127,KPCL,57,45,380.0,436.5,165870.0,2024-05-27
2024052701030752,NRM,57,50,305.0,386.0,117730.0,2024-05-27
2024052701030751,NRM,1,50,50.0,386.1,19305.0,2024-05-27
2024052701030750,NRM,49,50,40.0,386.2,15448.0,2024-05-27
2024052701030749,NRM,57,50,500.0,386.3,193150.0,2024-05-27
2024052701030748,NRM,43,50,100.0,386.5,38650.0,2024-05-27
2024052704009126,UAIL,38,48,10.0,588.0,5880.0,2024-05-27
2024052701030747,NRM,41,49,25.0,387.0,9675.0,2024-05-27
2024052705005879,SIGS2,44,32,500.0,8.62,4310.0,2024-05-27
2024052703011993,SHINE,39,14,251.0,398.0,99898.0,2024-05-27
2024052703011992,SHINE,42,14,20.0,398.1,7962.0,2024-05-27
2024052703011991,SHINE,62,14,1329.0,398.1,529074.9,2024-05-27
2024052703011990,SDLBSL,34,43,150.0,939.1,140865.0,2024-05-27
2024052701030746,GCIL,88,50,454.0,504.0,228816.0,2024-05-27
2024052701030745,GCIL,88,32,46.0,502.0,23092.0,2024-05-27
2024052703011989,JFL,25,49,290.0,527.0,152830.0,2024-05-27
2024052704009125,DHPL,42,52,10.0,195.0,1950.0,2024-05-27
2024052703011988,VLBS,42,38,399.0,950.0,379050.0,2024-05-27
2024052703011987,VLBS,42,70,601.0,950.0,570950.0,2024-05-27
2024052701030744,SANIMA,28,7,39.0,265.0,10335.0,2024-05-27
2024052701030743,SANIMA,28,52,11.0,265.0,2915.0,2024-05-27
2024052701030742,SANIMA,28,44,400.0,265.0,106000.0,2024-05-27
2024052701030741,SANIMA,28,47,50.0,265.0,13250.0,2024-05-27
2024052701030740,NICA,67,11,80.0,427.0,34160.0,2024-05-27
2024052701030739,NICA,49,11,20.0,427.5,8550.0,2024-05-27
2024052701030738,SNLI,22,40,10.0,476.1,4761.0,2024-05-27
2024052701030737,DORDI,17,38,10.0,413.0,4130.0,2024-05-27
2024052701030736,DORDI,17,49,229.0,413.0,94577.0,2024-05-27
2024052704009124,KKHC,37,17,15.0,222.0,3330.0,2024-05-27
2024052703011986,KSBBL,49,14,168.0,382.0,64176.0,2024-05-27
2024052703011985,KSBBL,49,34,82.0,382.0,31324.0,2024-05-27
2024052701030735,NABIL,34,42,10.0,508.0,5080.0,2024-05-27
2024052705005878,CHDC,48,19,100.0,873.0,87300.0,2024-05-27
2024052703011984,SKBBL,16,38,10.0,830.0,8300.0,2024-05-27
2024052703011983,EDBL,26,65,250.0,391.0,97750.0,2024-05-27
2024052701030734,VLUCL,26,38,40.0,484.0,19360.0,2024-05-27
2024052701030733,MEHL,1,45,30.0,314.7,9441.0,2024-05-27
2024052701030732,EHPL,41,43,20.0,533.0,10660.0,2024-05-27
2024052701030731,RAWA,18,57,10.0,496.0,4960.0,2024-05-27
2024052703011982,NLIC,18,42,10.0,606.0,6060.0,2024-05-27
2024052703011981,NLIC,18,34,10.0,606.0,6060.0,2024-05-27
2024052705005877,CHDC,39,19,10.0,873.0,8730.0,2024-05-27
2024052703011980,MLBBL,56,82,48.0,1268.0,60864.0,2024-05-27
2024052701030730,HBL,19,14,30.0,196.0,5880.0,2024-05-27
2024052701030729,MKHL,13,21,10.0,427.0,4270.0,2024-05-27
2024052703011979,NADEP,22,58,155.0,778.1,120605.5,2024-05-27
2024052703011978,NADEP,26,58,50.0,779.0,38950.0,2024-05-27
2024052703011977,NADEP,51,58,10.0,779.0,7790.0,2024-05-27
2024052703011976,NADEP,38,58,20.0,779.0,15580.0,2024-05-27
2024052703011975,NADEP,32,58,20.0,779.0,15580.0,2024-05-27
2024052703011974,NADEP,33,58,45.0,779.1,35059.5,2024-05-27
2024052703011973,NADEP,69,58,100.0,779.1,77910.0,2024-05-27
2024052701030728,SPL,4,57,20.0,700.0,14000.0,2024-05-27
2024052701030727,SPL,4,16,10.0,700.0,7000.0,2024-05-27
2024052701030726,VLUCL,62,36,10.0,482.0,4820.0,2024-05-27
2024052701030725,VLUCL,62,11,20.0,482.0,9640.0,2024-05-27
2024052701030724,MAKAR,57,5,10.0,374.9,3749.0,2024-05-27
2024052701030723,MAKAR,57,45,10.0,374.9,3749.0,2024-05-27
2024052703011972,NABBC,66,17,261.0,585.4,152789.4,2024-05-27
2024052701030722,SHIVM,77,51,140.0,513.0,71820.0,2024-05-27
2024052701030721,SHIVM,77,7,40.0,513.0,20520.0,2024-05-27
2024052701030720,SHIVM,77,41,500.0,513.0,256500.0,2024-05-27
2024052701030719,SHIVM,77,59,320.0,513.0,164160.0,2024-05-27
2024052704009123,CGH,37,57,45.0,880.1,39604.5,2024-05-27
2024052704009122,AHPC,33,55,800.0,163.0,130400.0,2024-05-27
2024052701030718,EHPL,10,53,50.0,532.9,26645.0,2024-05-27
2024052701030717,EHPL,10,42,10.0,524.0,5240.0,2024-05-27
2024052703011971,JFL,34,49,210.0,527.0,110670.0,2024-05-27
2024052704009121,CGH,49,57,10.0,880.1,8801.0,2024-05-27
2024052703011970,BFC,49,26,13.0,406.0,5278.0,2024-05-27
2024052703011969,BFC,49,38,200.0,405.9,81180.0,2024-05-27
2024052703011968,BFC,49,35,300.0,405.0,121500.0,2024-05-27
2024052703011967,BFC,49,59,87.0,405.0,35235.0,2024-05-27
2024052703011966,BFC,49,13,100.0,404.0,40400.0,2024-05-27
2024052703011965,MNBBL,74,48,413.0,352.0,145376.0,2024-05-27
2024052703011964,GUFL,16,42,50.0,673.0,33650.0,2024-05-27
2024052704009120,MEN,16,34,10.0,586.0,5860.0,2024-05-27
2024052701030716,MANDU,74,58,100.0,849.0,84900.0,2024-05-27
2024052701030715,RNLI,35,39,11.0,436.0,4796.0,2024-05-27
2024052703011963,PFL,41,32,1000.0,659.0,659000.0,2024-05-27
2024052703011962,PFL,41,8,17.0,659.0,11203.0,2024-05-27
2024052703011961,PFL,28,8,23.0,659.2,15161.6,2024-05-27
2024052703011960,PROFL,1,62,100.0,339.8,33980.0,2024-05-27
2024052701030714,SAHAS,57,91,90.0,534.0,48060.0,2024-05-27
2024052704009119,SHPC,62,34,340.0,336.2,114308.0,2024-05-27
2024052704009118,SHPC,62,26,10.0,336.1,3361.0,2024-05-27
2024052705005876,CIT,50,41,19.0,2160.0,41040.0,2024-05-27
2024052705005875,CIT,50,57,50.0,2160.0,108000.0,2024-05-27
2024052705005874,CIT,50,6,38.0,2160.0,82080.0,2024-05-27
2024052705005873,CIT,50,22,93.0,2158.3,200721.9,2024-05-27
2024052704009117,SPIL,44,10,59.0,780.2,46031.8,2024-05-27
2024052704009116,SPIL,44,10,811.0,780.3,632823.3,2024-05-27
2024052704009115,SPIL,29,10,30.0,781.0,23430.0,2024-05-27
2024052704009114,RIDI,49,58,50.0,177.0,8850.0,2024-05-27
2024052704009113,NHPC,49,48,450.0,146.7,66015.0,2024-05-27
2024052704009112,NHPC,49,48,261.0,146.7,38288.7,2024-05-27
2024052703011959,SWMF,37,34,100.0,829.0,82900.0,2024-05-27
2024052701030713,BHPL,66,35,10.0,584.6,5846.0,2024-05-27
2024052705005872,SMATA,36,45,50.0,933.0,46650.0,2024-05-27
2024052705005871,SMATA,57,45,10.0,937.0,9370.0,2024-05-27
2024052705005870,SMATA,57,45,10.0,938.0,9380.0,2024-05-27
2024052701030712,SARBTM,42,19,90.0,823.3,74097.0,2024-05-27
2024052701030711,SARBTM,56,19,110.0,823.4,90574.0,2024-05-27
2024052701030710,SARBTM,4,19,100.0,824.0,82400.0,2024-05-27
2024052701030709,ILI,41,50,100.0,457.0,45700.0,2024-05-27
2024052705005869,ENL,21,4,300.0,895.2,268560.0,2024-05-27
2024052705005868,ENL,21,32,190.0,895.1,170069.0,2024-05-27
2024052705005867,ENL,21,48,10.0,894.5,8945.0,2024-05-27
2024052705005866,ENL,21,34,145.0,894.5,129702.5,2024-05-27
2024052705005865,ENL,21,48,20.0,894.0,17880.0,2024-05-27
2024052705005864,ENL,21,35,10.0,894.0,8940.0,2024-05-27
2024052705005863,ENL,21,43,50.0,893.0,44650.0,2024-05-27
2024052705005862,ENL,21,45,40.0,893.0,35720.0,2024-05-27
2024052701030708,UNLB,18,56,10.0,1989.0,19890.0,2024-05-27
2024052701030707,TVCL,14,59,10.0,449.0,4490.0,2024-05-27
2024052701030706,TVCL,14,55,38.0,448.9,17058.2,2024-05-27
2024052701030705,SONA,77,47,10.0,460.2,4602.0,2024-05-27
2024052701030704,CKHL,22,77,340.0,544.0,184960.0,2024-05-27
2024052701030703,MEL,14,55,320.0,226.5,72480.0,2024-05-27
2024052701030702,MEL,14,55,390.0,226.6,88374.0,2024-05-27
2024052701030701,MEL,40,55,90.0,226.7,20403.0,2024-05-27
2024052701030700,MEL,51,55,110.0,226.8,24948.0,2024-05-27
2024052701030699,MEL,45,55,90.0,226.8,20412.0,2024-05-27
2024052703011958,GILB,62,63,179.0,1231.1,220366.9,2024-05-27
2024052703011957,GILB,62,58,28.0,1231.1,34470.8,2024-05-27
2024052703011956,GILB,62,7,150.0,1231.1,184665.0,2024-05-27
2024052703011955,GILB,62,29,143.0,1231.1,176047.3,2024-05-27
2024052701030698,EBL,50,44,100.0,538.9,53890.0,2024-05-27
2024052701030697,SNLI,38,7,20.0,477.0,9540.0,2024-05-27
2024052701030696,SNLI,38,56,10.0,476.9,4769.0,2024-05-27
2024052704009111,SHL,65,34,500.0,450.0,225000.0,2024-05-27
2024052704009110,SHL,71,34,300.0,450.0,135000.0,2024-05-27
2024052701030695,GBIME,57,21,197.0,190.0,37430.0,2024-05-27
2024052701030694,GBIME,26,21,200.0,190.0,38000.0,2024-05-27
2024052701030693,GBIME,45,21,103.0,190.0,19570.0,2024-05-27
2024052701030692,KBL,35,57,10.0,150.9,1509.0,2024-05-27
2024052703011954,PMLI,45,42,10.0,508.0,5080.0,2024-05-27
2024052703011953,MFIL,42,14,40.0,504.0,20160.0,2024-05-27
2024052703011952,MNBBL,74,28,100.0,352.0,35200.0,2024-05-27
2024052703011951,MFIL,55,14,40.0,504.0,20160.0,2024-05-27
2024052705005861,CIT,58,11,95.0,2158.0,205010.0,2024-05-27
2024052705005860,CIT,58,59,100.0,2158.0,215800.0,2024-05-27
2024052705005859,CIT,58,48,20.0,2158.0,43160.0,2024-05-27
2024052704009109,LEC,49,55,360.0,184.5,66420.0,2024-05-27
2024052704009108,LEC,34,55,80.0,184.5,14760.0,2024-05-27
2024052701030691,NICA,57,58,81.0,428.0,34668.0,2024-05-27
2024052701030690,NICA,57,35,100.0,428.0,42800.0,2024-05-27
2024052701030689,NICA,57,59,13.0,428.0,5564.0,2024-05-27
2024052701030688,NICA,57,50,56.0,427.1,23917.6,2024-05-27
2024052701030687,SMJC,37,14,80.0,368.0,29440.0,2024-05-27
2024052705005858,CHDC,50,19,50.0,873.0,43650.0,2024-05-27
2024052701030686,MKHL,59,69,114.0,426.0,48564.0,2024-05-27
2024052701030685,MKHL,65,69,40.0,426.0,17040.0,2024-05-27
2024052701030684,MKHL,38,69,166.0,426.0,70716.0,2024-05-27
2024052701030683,NICA,33,50,44.0,427.2,18796.8,2024-05-27
2024052701030682,NMB,69,34,10.0,212.5,2125.0,2024-05-27
2024052704009107,JOSHI,6,57,10.0,305.9,3059.0,2024-05-27
2024052701030681,HDL,45,44,57.0,1328.5,75724.5,2024-05-27
2024052704009106,CHL,56,41,10.0,327.0,3270.0,2024-05-27
2024052701030680,ULHC,42,42,10.0,330.0,3300.0,2024-05-27
2024052704009105,IGI,50,7,10.0,542.5,5425.0,2024-05-27
2024052704009104,HDHPC,35,62,25.0,132.5,3312.5,2024-05-27
2024052701030679,SAHAS,57,58,100.0,534.0,53400.0,2024-05-27
2024052704009103,RIDI,42,58,10.0,177.0,1770.0,2024-05-27
2024052704009102,RIDI,8,58,260.0,177.0,46020.0,2024-05-27
2024052701030678,BHDC,6,58,10.0,556.0,5560.0,2024-05-27
2024052701030677,HATHY,57,17,87.0,908.0,78996.0,2024-05-27
2024052701030676,HATHY,13,17,200.0,908.0,181600.0,2024-05-27
2024052701030675,HATHY,45,17,25.0,908.0,22700.0,2024-05-27
2024052701030674,HATHY,42,17,88.0,908.0,79904.0,2024-05-27
2024052704009101,GHL,17,57,101.0,149.5,15099.5,2024-05-27
2024052703011950,MLBBL,29,82,250.0,1268.0,317000.0,2024-05-27
2024052705005857,HRL,38,55,150.0,585.0,87750.0,2024-05-27
2024052701030673,SHIVM,85,26,111.0,511.2,56743.2,2024-05-27
2024052701030672,SHIVM,4,26,30.0,511.3,15339.0,2024-05-27
2024052701030671,SHIVM,86,26,100.0,511.5,51150.0,2024-05-27
2024052701030670,SHIVM,54,26,28.0,512.0,14336.0,2024-05-27
2024052701030669,SHIVM,42,26,276.0,512.0,141312.0,2024-05-27
2024052701030668,SHIVM,33,26,455.0,512.9,233369.5,2024-05-27
2024052704009100,TRH,58,29,10.0,758.0,7580.0,2024-05-27
2024052704009099,TRH,25,29,90.0,758.0,68220.0,2024-05-27
2024052703011949,KLBSL,34,7,10.0,992.0,9920.0,2024-05-27
2024052703011948,NFS,19,34,27.0,512.4,13834.8,2024-05-27
2024052703011947,NFS,19,54,173.0,512.4,88645.2,2024-05-27
2024052701030667,SRLI,77,35,10.0,450.0,4500.0,2024-05-27
2024052704009098,RHPL,44,41,100.0,268.6,26860.0,2024-05-27
2024052704009097,SPIL,44,35,309.0,795.0,245655.0,2024-05-27
2024052704009096,SPIL,44,76,20.0,794.8,15896.0,2024-05-27
2024052704009095,SPIL,44,14,27.0,793.9,21435.3,2024-05-27
2024052704009094,SPIL,44,16,27.0,790.0,21330.0,2024-05-27
2024052704009093,SPIL,44,20,110.0,790.0,86900.0,2024-05-27
2024052704009092,SPIL,44,29,30.0,790.0,23700.0,2024-05-27
2024052704009091,SPIL,44,50,167.0,789.9,131913.3,2024-05-27
2024052704009090,SPIL,44,7,30.0,789.0,23670.0,2024-05-27
2024052704009089,SPIL,44,25,280.0,788.0,220640.0,2024-05-27
2024052701030666,IHL,5,56,10.0,395.9,3959.0,2024-05-27
2024052701030665,SBI,50,70,156.0,304.2,47455.2,2024-05-27
2024052701030664,SBI,26,70,200.0,305.0,61000.0,2024-05-27
2024052701030663,SBI,42,70,100.0,305.0,30500.0,2024-05-27
2024052701030662,SBI,55,70,34.0,305.0,10370.0,2024-05-27
2024052704009088,API,42,21,300.0,173.0,51900.0,2024-05-27
2024052701030661,GVL,7,45,10.0,439.0,4390.0,2024-05-27
2024052701030660,CLI,34,53,11.0,480.1,5281.1,2024-05-27
2024052701030659,CLI,51,53,10.0,481.0,4810.0,2024-05-27
2024052701030658,HDL,45,58,98.0,1328.5,130193.0,2024-05-27
2024052703011946,CBBL,37,6,47.0,858.4,40344.8,2024-05-27
2024052703011945,CBBL,37,6,70.0,858.3,60081.0,2024-05-27
2024052703011944,CBBL,37,52,10.0,857.1,8571.0,2024-05-27
2024052703011943,CBBL,37,6,25.0,857.1,21427.5,2024-05-27
2024052703011942,CBBL,37,34,30.0,857.0,25710.0,2024-05-27
2024052701030657,PPL,8,48,100.0,456.2,45620.0,2024-05-27
2024052701030656,PPL,42,48,100.0,456.4,45640.0,2024-05-27
2024052701030655,PPL,59,48,100.0,456.5,45650.0,2024-05-27
2024052703011941,FMDBL,52,49,262.0,716.0,187592.0,2024-05-27
2024052703011940,FMDBL,52,1,300.0,716.0,214800.0,2024-05-27
2024052701030654,CITY,29,48,80.0,663.7,53096.0,2024-05-27
2024052701030653,CITY,29,41,20.0,663.0,13260.0,2024-05-27
2024052701030652,CITY,45,64,100.0,662.9,66290.0,2024-05-27
2024052703011939,GBLBS,21,20,20.0,755.0,15100.0,2024-05-27
2024052703011938,SAPDBL,41,20,100.0,321.5,32150.0,2024-05-27
2024052705005856,NIFRA,41,45,30.0,205.7,6171.0,2024-05-27
2024052704009087,MEN,83,34,10.0,586.9,5869.0,2024-05-27
2024052701030651,GCIL,21,34,10.0,501.1,5011.0,2024-05-27
2024052701030650,BHPL,35,35,10.0,584.6,5846.0,2024-05-27
2024052701030649,BHPL,35,66,100.0,584.6,58460.0,2024-05-27
2024052701030648,BHPL,35,45,90.0,584.6,52614.0,2024-05-27
2024052701030647,BHPL,35,57,50.0,584.0,29200.0,2024-05-27
2024052701030646,BHPL,35,42,150.0,584.0,87600.0,2024-05-27
2024052701030645,BGWT,65,6,49.0,724.0,35476.0,2024-05-27
2024052701030644,BGWT,65,19,200.0,724.0,144800.0,2024-05-27
2024052701030643,BGWT,65,26,330.0,724.0,238920.0,2024-05-27
2024052701030642,BGWT,65,56,500.0,723.0,361500.0,2024-05-27
2024052701030641,BGWT,65,85,200.0,707.7,141540.0,2024-05-27
2024052701030640,BGWT,65,45,100.0,707.7,70770.0,2024-05-27
2024052701030639,BGWT,65,56,500.0,707.7,353850.0,2024-05-27
2024052701030638,BGWT,65,65,500.0,707.7,353850.0,2024-05-27
2024052701030637,BGWT,65,35,10.0,707.5,7075.0,2024-05-27
2024052701030636,BGWT,65,46,300.0,707.0,212100.0,2024-05-27
2024052701030635,BGWT,65,21,20.0,707.0,14140.0,2024-05-27
2024052701030634,BGWT,65,52,1000.0,707.0,707000.0,2024-05-27
2024052701030633,BGWT,65,56,10.0,707.0,7070.0,2024-05-27
2024052701030632,BGWT,65,91,500.0,707.0,353500.0,2024-05-27
2024052701030631,BGWT,65,38,10.0,706.8,7068.0,2024-05-27
2024052701030630,BGWT,65,17,161.0,706.7,113778.7,2024-05-27
2024052701030629,BGWT,65,45,300.0,706.0,211800.0,2024-05-27
2024052701030628,BGWT,65,47,10.0,705.8,7058.0,2024-05-27
2024052701030627,BGWT,65,21,50.0,705.8,35290.0,2024-05-27
2024052701030626,BGWT,65,57,10.0,705.8,7058.0,2024-05-27
2024052701030625,BGWT,65,44,10.0,705.8,7058.0,2024-05-27
2024052701030624,BGWT,65,42,10.0,705.8,7058.0,2024-05-27
2024052701030623,BGWT,65,38,10.0,705.8,7058.0,2024-05-27
2024052701030622,BGWT,65,58,10.0,705.8,7058.0,2024-05-27
2024052701030621,BGWT,65,1,10.0,705.0,7050.0,2024-05-27
2024052701030620,BGWT,65,44,100.0,705.0,70500.0,2024-05-27
2024052701030619,BGWT,65,34,190.0,705.0,133950.0,2024-05-27
2024052701030618,BGWT,65,35,50.0,705.0,35250.0,2024-05-27
2024052701030617,BGWT,65,17,1000.0,705.0,705000.0,2024-05-27
2024052701030616,BGWT,65,32,100.0,705.0,70500.0,2024-05-27
2024052701030615,BGWT,65,85,10.0,705.0,7050.0,2024-05-27
2024052701030614,BGWT,65,77,10.0,705.0,7050.0,2024-05-27
2024052701030613,BGWT,65,38,60.0,705.0,42300.0,2024-05-27
2024052701030612,BGWT,65,38,50.0,705.0,35250.0,2024-05-27
2024052701030611,BGWT,65,45,10.0,705.0,7050.0,2024-05-27
2024052701030610,BGWT,65,7,150.0,703.0,105450.0,2024-05-27
2024052701030609,BGWT,65,4,350.0,703.0,246050.0,2024-05-27
2024052701030608,BGWT,65,25,500.0,703.0,351500.0,2024-05-27
2024052701030607,BGWT,65,43,150.0,703.0,105450.0,2024-05-27
2024052701030606,BGWT,65,38,100.0,703.0,70300.0,2024-05-27
2024052701030605,BGWT,65,38,100.0,703.0,70300.0,2024-05-27
2024052701030604,BGWT,65,57,10.0,700.7,7007.0,2024-05-27
2024052701030603,BGWT,65,19,10.0,700.5,7005.0,2024-05-27
2024052701030602,BGWT,65,41,100.0,700.0,70000.0,2024-05-27
2024052701030601,BGWT,65,58,30.0,700.0,21000.0,2024-05-27
2024052701030600,BGWT,65,41,10.0,700.0,7000.0,2024-05-27
2024052701030599,BGWT,65,52,10.0,700.0,7000.0,2024-05-27
2024052701030598,BGWT,65,45,200.0,700.0,140000.0,2024-05-27
2024052701030597,BGWT,65,45,400.0,700.0,280000.0,2024-05-27
2024052701030596,BGWT,65,29,10.0,700.0,7000.0,2024-05-27
2024052701030595,BGWT,65,11,10.0,700.0,7000.0,2024-05-27
2024052701030594,BGWT,65,45,10.0,700.0,7000.0,2024-05-27
2024052701030593,BGWT,65,38,250.0,700.0,175000.0,2024-05-27
2024052701030592,BGWT,65,22,10.0,699.0,6990.0,2024-05-27
2024052701030591,BGWT,65,6,200.0,699.0,139800.0,2024-05-27
2024052701030590,BGWT,65,41,10.0,698.0,6980.0,2024-05-27
2024052701030589,BGWT,65,56,25.0,698.0,17450.0,2024-05-27
2024052701030588,BGWT,65,57,10.0,698.0,6980.0,2024-05-27
2024052701030587,BGWT,65,38,10.0,697.6,6976.0,2024-05-27
2024052701030586,BGWT,65,42,10.0,697.6,6976.0,2024-05-27
2024052701030585,BGWT,65,34,10.0,697.6,6976.0,2024-05-27
2024052701030584,BGWT,65,47,10.0,697.6,6976.0,2024-05-27
2024052701030583,BGWT,65,41,100.0,697.0,69700.0,2024-05-27
2024052701030582,BGWT,65,42,10.0,697.0,6970.0,2024-05-27
2024052701030581,BGWT,65,36,10.0,697.0,6970.0,2024-05-27
2024052701030580,BGWT,65,25,500.0,695.0,347500.0,2024-05-27
2024052701030579,BGWT,65,58,10.0,695.0,6950.0,2024-05-27
2024052701030578,BGWT,65,22,10.0,695.0,6950.0,2024-05-27
2024052701030577,BGWT,65,58,10.0,694.0,6940.0,2024-05-27
2024052701030576,BGWT,65,45,10.0,694.0,6940.0,2024-05-27
2024052701030575,BGWT,65,45,10.0,693.5,6935.0,2024-05-27
2024052701030574,BGWT,65,58,10.0,693.0,6930.0,2024-05-27
2024052701030573,BGWT,65,66,15.0,693.0,10395.0,2024-05-27
2024052701030572,BGWT,65,6,10.0,692.0,6920.0,2024-05-27
2024052701030571,BGWT,65,17,210.0,692.0,145320.0,2024-05-27
2024052701030570,NMB,42,34,50.0,212.5,10625.0,2024-05-27
2024052701030569,NABIL,52,42,188.0,507.5,95410.0,2024-05-27
2024052701030568,NABIL,52,42,12.0,507.5,6090.0,2024-05-27
2024052705005855,NRIC,42,8,10.0,675.0,6750.0,2024-05-27
2024052704009086,SSHL,17,41,10.0,168.9,1689.0,2024-05-27
2024052701030567,ILI,40,53,105.0,457.0,47985.0,2024-05-27
2024052701030566,ILI,32,53,30.0,457.0,13710.0,2024-05-27
2024052701030565,ILI,41,53,75.0,457.0,34275.0,2024-05-27
2024052704009085,RADHI,39,53,90.0,237.0,21330.0,2024-05-27
2024052704009084,UNHPL,58,42,10.0,230.9,2309.0,2024-05-27
2024052703011937,SAPDBL,41,53,50.0,321.5,16075.0,2024-05-27
2024052705005854,CHDC,50,49,100.0,873.0,87300.0,2024-05-27
2024052704009083,UAIL,58,16,24.0,584.1,14018.4,2024-05-27
2024052704009082,UAIL,39,16,200.0,584.5,116900.0,2024-05-27
2024052704009081,UAIL,21,16,126.0,584.6,73659.6,2024-05-27
2024052704009080,UAIL,26,16,50.0,586.0,29300.0,2024-05-27
2024052701030564,GBIME,45,26,102.0,190.0,19380.0,2024-05-27
2024052704009079,AKPL,47,45,171.0,171.5,29326.5,2024-05-27
2024052704009078,AKPL,42,45,29.0,171.6,4976.4,2024-05-27
2024052704009077,UPCL,39,33,12.0,196.9,2362.8,2024-05-27
2024052704009076,UPCL,39,26,169.0,196.0,33124.0,2024-05-27
2024052704009075,UPCL,39,17,10.0,196.0,1960.0,2024-05-27
2024052704009074,UPCL,39,17,80.0,195.9,15672.0,2024-05-27
2024052704009073,UPCL,39,56,229.0,194.5,44540.5,2024-05-27
2024052701030563,EBL,28,34,93.0,538.5,50080.5,2024-05-27
2024052703011936,HLBSL,35,5,20.0,1200.0,24000.0,2024-05-27
2024052703011935,HLBSL,28,5,10.0,1200.0,12000.0,2024-05-27
2024052703011934,HLBSL,75,5,52.0,1200.0,62400.0,2024-05-27
2024052701030562,RAWA,57,18,100.0,490.0,49000.0,2024-05-27
2024052701030561,RAWA,36,18,410.0,491.1,201351.0,2024-05-27
2024052701030560,RAWA,10,18,60.0,492.0,29520.0,2024-05-27
2024052705005853,NIFRA,35,45,100.0,205.7,20570.0,2024-05-27
2024052701030559,MHL,49,8,40.0,469.2,18768.0,2024-05-27
2024052703011933,PFL,65,14,183.0,660.0,120780.0,2024-05-27
2024052703011932,PFL,65,58,17.0,660.0,11220.0,2024-05-27
2024052701030558,HBL,43,26,576.0,197.0,113472.0,2024-05-27
2024052701030557,HBL,43,57,50.0,197.0,9850.0,2024-05-27
2024052701030556,HBL,43,19,20.0,196.8,3936.0,2024-05-27
2024052701030555,HBL,43,52,354.0,196.5,69561.0,2024-05-27
2024052703011931,FOWAD,47,41,10.0,1257.0,12570.0,2024-05-27
2024052701030554,NRM,42,49,124.0,387.0,47988.0,2024-05-27
2024052701030553,NRM,42,35,137.0,387.0,53019.0,2024-05-27
2024052701030552,NRM,42,55,10.0,387.0,3870.0,2024-05-27
2024052701030551,NRM,42,61,29.0,387.0,11223.0,2024-05-27
2024052705005852,HRL,55,55,30.0,585.0,17550.0,2024-05-27
2024052703011930,GILB,62,29,350.0,1231.1,430885.0,2024-05-27
2024052701030550,NICA,33,44,26.0,427.1,11104.6,2024-05-27
2024052701030549,SHIVM,48,59,10.0,513.0,5130.0,2024-05-27
2024052701030548,NABIL,52,38,158.0,507.5,80185.0,2024-05-27
2024052703011929,MERO,26,38,48.0,685.0,32880.0,2024-05-27
2024052701030547,JBLB,34,52,28.0,1395.2,39065.6,2024-05-27
2024052701030546,JBLB,25,52,20.0,1396.0,27920.0,2024-05-27
2024052701030545,MEL,45,45,10.0,226.8,2268.0,2024-05-27
2024052705005851,CIT,54,58,13.0,2157.5,28047.5,2024-05-27
2024052704009072,HDHPC,35,49,40.0,132.5,5300.0,2024-05-27
2024052701030544,BHPL,35,42,600.0,584.0,350400.0,2024-05-27
2024052701030543,MHL,44,62,20.0,473.9,9478.0,2024-05-27
2024052703011928,MFIL,32,14,100.0,504.0,50400.0,2024-05-27
2024052703011927,NICLBSL,57,58,150.0,665.0,99750.0,2024-05-27
2024052704009071,UMRH,47,41,200.0,365.0,73000.0,2024-05-27
2024052703011926,SINDU,48,47,25.0,381.0,9525.0,2024-05-27
2024052703011925,SINDU,22,47,75.0,381.0,28575.0,2024-05-27
2024052703011924,SIFC,42,58,140.0,420.0,58800.0,2024-05-27
2024052703011923,SIFC,42,70,60.0,420.0,25200.0,2024-05-27
2024052703011922,GILB,62,29,47.0,1231.1,57861.7,2024-05-27
2024052703011921,GILB,62,38,20.0,1231.1,24622.0,2024-05-27
2024052703011920,GILB,62,58,50.0,1230.0,61500.0,2024-05-27
2024052703011919,GILB,62,38,17.0,1230.0,20910.0,2024-05-27
2024052703011918,GILB,62,67,66.0,1229.0,81114.0,2024-05-27
2024052704009070,IGI,17,26,14.0,545.0,7630.0,2024-05-27
2024052701030542,SONA,77,48,30.0,461.0,13830.0,2024-05-27
2024052701030541,SONA,77,14,70.0,461.0,32270.0,2024-05-27
2024052701030540,KDL,50,57,10.0,1127.0,11270.0,2024-05-27
2024052701030539,TPC,16,42,38.0,510.0,19380.0,2024-05-27
2024052701030538,TPC,16,49,10.0,510.0,5100.0,2024-05-27
2024052701030537,TPC,16,58,690.0,509.9,351831.0,2024-05-27
2024052701030536,TPC,16,32,70.0,509.0,35630.0,2024-05-27
2024052701030535,TPC,16,53,10.0,509.0,5090.0,2024-05-27
2024052701030534,SMHL,39,63,700.0,519.0,363300.0,2024-05-27
2024052701030533,MMKJL,8,45,130.0,430.0,55900.0,2024-05-27
2024052703011917,USLB,75,45,10.0,2095.0,20950.0,2024-05-27
2024052701030532,NMB,56,34,300.0,212.1,63630.0,2024-05-27
2024052701030531,GBIME,93,48,10.0,190.9,1909.0,2024-05-27
2024052701030530,NICA,58,44,74.0,427.1,31605.4,2024-05-27
2024052705005850,HRL,90,25,294.0,584.5,171843.0,2024-05-27
2024052705005849,HRL,58,25,26.0,584.9,15207.4,2024-05-27
2024052701030529,MKHL,11,21,20.0,427.0,8540.0,2024-05-27
2024052703011916,MNBBL,74,22,45.0,352.0,15840.0,2024-05-27
2024052701030528,DOLTI,45,7,100.0,412.0,41200.0,2024-05-27
2024052704009069,KKHC,42,17,35.0,222.0,7770.0,2024-05-27
2024052701030527,UNLB,45,59,23.0,1964.0,45172.0,2024-05-27
2024052701030526,UNLB,69,59,20.0,1967.3,39346.0,2024-05-27
2024052701030525,UNLB,69,59,30.0,1967.4,59022.0,2024-05-27
2024052701030524,UNLB,69,59,20.0,1967.5,39350.0,2024-05-27
2024052701030523,UNLB,52,59,47.0,1967.6,92477.2,2024-05-27
2024052704009068,CHL,58,41,535.0,327.0,174945.0,2024-05-27
2024052704009067,CHL,58,13,15.0,326.8,4902.0,2024-05-27
2024052704009066,CHL,58,26,350.0,326.0,114100.0,2024-05-27
2024052701030522,NICA,58,58,46.0,427.1,19646.6,2024-05-27
2024052701030521,HDL,45,53,120.0,1328.5,159420.0,2024-05-27
2024052701030520,HDL,32,53,50.0,1328.5,66425.0,2024-05-27
2024052701030519,HDL,44,53,30.0,1329.0,39870.0,2024-05-27
2024052704009065,MHNL,38,25,100.0,233.0,23300.0,2024-05-27
2024052703011915,WNLB,42,45,34.0,1425.0,48450.0,2024-05-27
2024052703011914,WNLB,21,45,56.0,1425.5,79828.0,2024-05-27
2024052703011913,WNLB,48,45,80.0,1426.0,114080.0,2024-05-27
2024052703011912,RLFL,51,59,200.0,399.0,79800.0,2024-05-27
2024052701030518,SMHL,65,21,93.0,520.0,48360.0,2024-05-27
2024052701030517,SMHL,65,8,10.0,520.0,5200.0,2024-05-27
2024052701030516,SMHL,65,38,197.0,520.0,102440.0,2024-05-27
2024052701030515,RNLI,35,43,11.0,436.0,4796.0,2024-05-27
2024052701030514,MANDU,11,58,11.0,849.0,9339.0,2024-05-27
2024052701030513,VLUCL,34,11,390.0,480.5,187395.0,2024-05-27
2024052701030512,VLUCL,52,11,80.0,480.6,38448.0,2024-05-27
2024052701030511,VLUCL,48,11,60.0,481.0,28860.0,2024-05-27
2024052701030510,ILI,7,58,100.0,457.8,45780.0,2024-05-27
2024052703011911,GILB,62,67,34.0,1229.0,41786.0,2024-05-27
2024052703011910,GILB,62,32,30.0,1225.9,36777.0,2024-05-27
2024052703011909,GILB,62,41,30.0,1225.0,36750.0,2024-05-27
2024052703011908,GILB,62,19,20.0,1224.0,24480.0,2024-05-27
2024052703011907,GILB,62,61,100.0,1224.0,122400.0,2024-05-27
2024052703011906,GILB,62,35,22.0,1224.0,26928.0,2024-05-27
2024052703011905,GILB,62,57,10.0,1220.8,12208.0,2024-05-27
2024052703011904,GILB,62,13,20.0,1220.7,24414.0,2024-05-27
2024052703011903,GILB,62,54,100.0,1219.0,121900.0,2024-05-27
2024052703011902,GILB,62,47,20.0,1218.5,24370.0,2024-05-27
2024052703011901,GILB,62,41,100.0,1217.8,121780.0,2024-05-27
2024052703011900,GILB,62,11,40.0,1210.0,48400.0,2024-05-27
2024052703011899,GILB,62,42,174.0,1210.0,210540.0,2024-05-27
2024052703011898,KMCDB,62,14,41.0,1071.0,43911.0,2024-05-27
2024052705005848,ENL,55,4,200.0,892.0,178400.0,2024-05-27
2024052701030509,NESDO,4,6,16.0,1887.0,30192.0,2024-05-27
2024052703011897,NICLBSL,55,60,350.0,661.3,231455.0,2024-05-27
2024052703011896,NICLBSL,39,60,70.0,662.0,46340.0,2024-05-27
2024052703011895,NICLBSL,44,60,60.0,662.0,39720.0,2024-05-27
2024052703011894,NICLBSL,48,60,20.0,662.0,13240.0,2024-05-27
2024052701030508,PHCL,18,80,290.0,289.1,83839.0,2024-05-27
2024052701030507,PHCL,52,80,10.0,289.2,2892.0,2024-05-27
2024052704009064,UPCL,33,56,100.0,194.5,19450.0,2024-05-27
2024052701030506,PHCL,53,49,150.0,290.0,43500.0,2024-05-27
2024052701030505,PHCL,53,36,10.0,290.0,2900.0,2024-05-27
2024052703011893,SAPDBL,41,38,20.0,321.5,6430.0,2024-05-27
2024052703011892,KMCDB,53,6,35.0,1067.0,37345.0,2024-05-27
2024052705005847,NRN,26,51,20.0,572.5,11450.0,2024-05-27
2024052703011891,RLFL,35,17,341.0,396.5,135206.5,2024-05-27
2024052701030504,MHL,22,51,10.0,470.0,4700.0,2024-05-27
2024052701030503,NABIL,52,42,30.0,507.5,15225.0,2024-05-27
2024052703011890,GILB,62,42,650.0,1210.0,786500.0,2024-05-27
2024052701030502,DOLTI,45,4,190.0,412.0,78280.0,2024-05-27
2024052701030501,DOLTI,59,4,10.0,412.0,4120.0,2024-05-27
2024052703011889,SDLBSL,17,43,10.0,939.3,9393.0,2024-05-27
2024052704009063,SHEL,58,48,346.0,163.0,56398.0,2024-05-27
2024052704009062,SHEL,11,48,150.0,163.0,24450.0,2024-05-27
2024052704009061,SHEL,45,48,25.0,163.0,4075.0,2024-05-27
2024052704009060,SHEL,16,48,200.0,163.0,32600.0,2024-05-27
2024052704009059,SHEL,66,48,500.0,163.0,81500.0,2024-05-27
2024052704009058,SHEL,45,48,100.0,163.0,16300.0,2024-05-27
2024052704009057,SHEL,8,48,365.0,163.0,59495.0,2024-05-27
2024052704009056,SHEL,46,48,100.0,163.1,16310.0,2024-05-27
2024052704009055,SHEL,53,48,500.0,163.1,81550.0,2024-05-27
2024052704009054,SHEL,10,48,15.0,163.1,2446.5,2024-05-27
2024052704009053,SHEL,11,48,100.0,163.1,16310.0,2024-05-27
2024052704009052,SHEL,35,48,125.0,163.2,20400.0,2024-05-27
2024052704009051,SHEL,58,48,1904.0,163.3,310923.2,2024-05-27
2024052704009050,SHEL,53,48,300.0,163.7,49110.0,2024-05-27
2024052701030500,NRM,58,61,100.0,387.0,38700.0,2024-05-27
2024052704009049,OHL,21,53,267.0,770.0,205590.0,2024-05-27
2024052704009048,MHNL,62,29,30.0,232.6,6978.0,2024-05-27
2024052703011888,GUFL,59,41,110.0,672.0,73920.0,2024-05-27
2024052703011887,GUFL,51,41,40.0,672.0,26880.0,2024-05-27
2024052703011886,GUFL,43,41,20.0,672.1,13442.0,2024-05-27
2024052703011885,GUFL,21,41,40.0,672.1,26884.0,2024-05-27
2024052703011884,GUFL,62,41,40.0,673.0,26920.0,2024-05-27
2024052701030499,SBL,45,57,200.0,265.0,53000.0,2024-05-27
2024052701030498,BHPL,45,42,10.0,584.0,5840.0,2024-05-27
2024052701030497,SHLB,86,58,10.0,1770.0,17700.0,2024-05-27
2024052704009047,CGH,34,57,100.0,880.1,88010.0,2024-05-27
2024052701030496,ILI,41,35,10.0,457.0,4570.0,2024-05-27
2024052705005846,CHDC,35,49,10.0,875.0,8750.0,2024-05-27
2024052703011883,SHINE,35,33,10.0,398.3,3983.0,2024-05-27
2024052701030495,ILI,41,14,10.0,457.0,4570.0,2024-05-27
2024052701030494,NICA,58,57,30.0,427.1,12813.0,2024-05-27
2024052703011882,CFCL,52,43,300.0,384.5,115350.0,2024-05-27
2024052703011881,CFCL,57,43,200.0,385.0,77000.0,2024-05-27
2024052703011880,GILB,62,42,176.0,1210.0,212960.0,2024-05-27
2024052703011879,GILB,62,11,104.0,1210.0,125840.0,2024-05-27
2024052703011878,GILB,62,54,20.0,1210.0,24200.0,2024-05-27
2024052703011877,GILB,62,54,200.0,1210.0,242000.0,2024-05-27
2024052703011876,GILB,62,54,200.0,1210.0,242000.0,2024-05-27
2024052701030493,BGWT,65,42,10.0,690.1,6901.0,2024-05-27
2024052703011875,SWBBL,42,64,10.0,826.0,8260.0,2024-05-27
2024052701030492,PPL,58,42,100.0,456.6,45660.0,2024-05-27
2024052701030491,ILI,41,58,55.0,457.0,25135.0,2024-05-27
2024052701030490,ILI,45,58,10.0,457.5,4575.0,2024-05-27
2024052703011874,SHINE,14,33,450.0,398.3,179235.0,2024-05-27
2024052703011873,SJLIC,45,39,13.0,424.9,5523.7,2024-05-27
2024052701030489,SPC,39,17,10.0,524.0,5240.0,2024-05-27
2024052704009046,HDHPC,45,26,500.0,132.5,66250.0,2024-05-27
2024052703011872,PFL,34,58,283.0,660.0,186780.0,2024-05-27
2024052703011871,PFL,34,37,17.0,660.0,11220.0,2024-05-27
2024052701030488,KDL,75,57,37.0,1128.0,41736.0,2024-05-27
2024052701030487,SBL,6,13,100.0,264.0,26400.0,2024-05-27
2024052701030486,LSL,28,48,399.0,168.5,67231.5,2024-05-27
2024052703011870,GILB,62,54,500.0,1210.0,605000.0,2024-05-27
2024052703011869,SADBL,56,77,10.0,320.0,3200.0,2024-05-27
2024052704009045,SALICO,60,33,40.0,704.0,28160.0,2024-05-27
2024052704009044,SALICO,60,41,500.0,702.9,351450.0,2024-05-27
2024052704009043,SALICO,60,8,380.0,702.8,267064.0,2024-05-27
2024052704009042,SALICO,60,34,30.0,702.7,21081.0,2024-05-27
2024052704009041,MEN,16,81,10.0,587.0,5870.0,2024-05-27
2024052704009040,MEN,16,45,50.0,586.9,29345.0,2024-05-27
2024052701030485,BNHC,52,70,200.0,648.0,129600.0,2024-05-27
2024052703011868,CBBL,26,34,50.0,857.0,42850.0,2024-05-27
2024052704009039,RADHI,53,49,10.0,238.9,2389.0,2024-05-27
2024052701030484,NABIL,52,29,100.0,507.5,50750.0,2024-05-27
2024052701030483,SRLI,38,49,21.0,455.0,9555.0,2024-05-27
2024052701030482,SRLI,38,39,10.0,455.0,4550.0,2024-05-27
2024052701030481,SRLI,38,58,10.0,455.0,4550.0,2024-05-27
2024052701030480,SRLI,38,44,200.0,455.0,91000.0,2024-05-27
2024052701030479,SRLI,38,55,10.0,455.0,4550.0,2024-05-27
2024052701030478,SRLI,38,35,10.0,455.0,4550.0,2024-05-27
2024052701030477,SRLI,38,56,10.0,455.0,4550.0,2024-05-27
2024052701030476,SRLI,38,34,10.0,455.0,4550.0,2024-05-27
2024052701030475,SRLI,38,26,10.0,455.0,4550.0,2024-05-27
2024052701030474,SRLI,38,49,50.0,455.0,22750.0,2024-05-27
2024052701030473,SRLI,38,44,10.0,455.0,4550.0,2024-05-27
2024052701030472,SRLI,38,19,10.0,455.0,4550.0,2024-05-27
2024052701030471,SRLI,38,57,10.0,455.0,4550.0,2024-05-27
2024052701030470,SRLI,38,39,10.0,455.0,4550.0,2024-05-27
2024052701030469,SRLI,38,44,50.0,455.0,22750.0,2024-05-27
2024052701030468,SRLI,38,35,10.0,455.0,4550.0,2024-05-27
2024052701030467,SRLI,38,19,60.0,455.0,27300.0,2024-05-27
2024052701030466,SRLI,38,49,10.0,455.0,4550.0,2024-05-27
2024052701030465,SRLI,38,60,130.0,454.9,59137.0,2024-05-27
2024052701030464,SRLI,38,42,10.0,454.5,4545.0,2024-05-27
2024052701030463,SRLI,38,54,20.0,454.5,9090.0,2024-05-27
2024052701030462,SRLI,38,45,10.0,454.0,4540.0,2024-05-27
2024052701030461,SRLI,38,55,20.0,453.0,9060.0,2024-05-27
2024052701030460,SRLI,38,16,10.0,453.0,4530.0,2024-05-27
2024052701030459,SRLI,38,56,10.0,452.0,4520.0,2024-05-27
2024052701030458,SRLI,38,44,169.0,452.0,76388.0,2024-05-27
2024052701030457,SRLI,38,47,100.0,452.0,45200.0,2024-05-27
2024052701030456,SRLI,38,57,10.0,450.8,4508.0,2024-05-27
2024052704009038,SHPC,49,39,132.0,336.0,44352.0,2024-05-27
2024052701030455,SHLB,86,41,27.0,1751.1,47279.7,2024-05-27
2024052701030454,SHLB,38,41,50.0,1751.2,87560.0,2024-05-27
2024052703011867,GBLBS,45,56,10.0,756.0,7560.0,2024-05-27
2024052705005845,GIBF1,44,17,900.0,8.91,8019.0,2024-05-27
2024052703011866,JFL,34,35,290.0,527.0,152830.0,2024-05-27
2024052701030453,KBL,58,57,45.0,150.9,6790.5,2024-05-27
2024052701030452,KBL,58,57,18.0,150.9,2716.2,2024-05-27
2024052704009037,RIDI,8,57,140.0,177.0,24780.0,2024-05-27
2024052704009036,RIDI,58,57,20.0,177.0,3540.0,2024-05-27
2024052704009035,RIDI,55,57,800.0,177.0,141600.0,2024-05-27
2024052704009034,RIDI,34,57,30.0,177.0,5310.0,2024-05-27
2024052704009033,RIDI,57,57,10.0,177.5,1775.0,2024-05-27
2024052703011865,GILB,62,54,80.0,1210.0,96800.0,2024-05-27
2024052703011864,GILB,62,17,420.0,1209.9,508158.0,2024-05-27
2024052703011863,RLFL,65,17,340.0,396.5,134810.0,2024-05-27
2024052701030451,PPL,74,42,100.0,456.6,45660.0,2024-05-27
2024052701030450,DOLTI,59,49,10.0,412.0,4120.0,2024-05-27
2024052701030449,DOLTI,59,58,50.0,412.0,20600.0,2024-05-27
2024052701030448,DOLTI,59,34,430.0,412.0,177160.0,2024-05-27
2024052701030447,NICA,16,59,187.0,428.0,80036.0,2024-05-27
2024052701030446,NICA,16,22,13.0,427.2,5553.6,2024-05-27
2024052701030445,BHPL,58,42,10.0,584.0,5840.0,2024-05-27
2024052705005844,HIDCL,41,42,200.0,169.5,33900.0,2024-05-27
2024052703011862,KRBL,38,25,10.0,427.0,4270.0,2024-05-27
2024052703011861,RSDC,3,52,50.0,679.0,33950.0,2024-05-27
2024052701030444,HDL,44,36,20.0,1329.0,26580.0,2024-05-27
2024052703011860,USLB,83,41,50.0,2097.0,104850.0,2024-05-27
2024052703011859,USLB,83,33,50.0,2096.0,104800.0,2024-05-27
2024052701030443,PCBL,57,57,400.0,208.6,83440.0,2024-05-27
2024052701030442,BEDC,75,45,106.0,376.0,39856.0,2024-05-27
2024052701030441,BEDC,75,14,10.0,375.9,3759.0,2024-05-27
2024052705005843,NIFRA,17,45,10.0,205.7,2057.0,2024-05-27
2024052704009032,CGH,38,37,50.0,880.0,44000.0,2024-05-27
2024052703011858,HLI,33,66,1500.0,402.0,603000.0,2024-05-27
2024052703011857,HLI,58,66,100.0,402.6,40260.0,2024-05-27
2024052703011856,RLFL,65,48,140.0,396.5,55510.0,2024-05-27
2024052704009031,UPPER,52,14,50.0,166.0,8300.0,2024-05-27
2024052703011855,JBBL,17,58,200.0,294.6,58920.0,2024-05-27
2024052703011854,MLBL,22,36,69.0,331.0,22839.0,2024-05-27
2024052703011853,RLFL,62,59,10.0,399.0,3990.0,2024-05-27
2024052704009030,UMRH,77,34,300.0,367.0,110100.0,2024-05-27
2024052704009029,UMRH,77,43,100.0,367.0,36700.0,2024-05-27
2024052704009028,UMRH,77,34,500.0,366.0,183000.0,2024-05-27
2024052704009027,UMRH,77,49,20.0,365.0,7300.0,2024-05-27
2024052704009026,UMRH,77,66,80.0,365.0,29200.0,2024-05-27
2024052701030440,EHPL,10,43,10.0,533.0,5330.0,2024-05-27
2024052704009025,AHPC,52,55,758.0,163.0,123554.0,2024-05-27
2024052704009024,AHPC,52,49,50.0,163.0,8150.0,2024-05-27
2024052704009023,SSHL,58,66,400.0,168.5,67400.0,2024-05-27
2024052701030439,SPL,45,16,10.0,700.0,7000.0,2024-05-27
2024052701030438,ULBSL,65,38,15.0,1776.0,26640.0,2024-05-27
2024052701030437,ULBSL,58,38,10.0,1776.0,17760.0,2024-05-27
2024052701030436,MBL,38,45,396.0,186.0,73656.0,2024-05-27
2024052701030435,MBL,38,38,40.0,186.0,7440.0,2024-05-27
2024052701030434,MBL,38,60,400.0,185.9,74360.0,2024-05-27
2024052701030433,MBL,38,35,100.0,185.5,18550.0,2024-05-27
2024052701030432,MBL,38,57,50.0,185.4,9270.0,2024-05-27
2024052701030431,MBL,38,3,14.0,185.3,2594.2,2024-05-27
2024052701030430,USHEC,5,45,10.0,385.0,3850.0,2024-05-27
2024052705005842,HRL,58,3,10.0,584.9,5849.0,2024-05-27
2024052701030429,ILI,41,35,10.0,457.0,4570.0,2024-05-27
2024052705005841,NTC,26,35,58.0,847.0,49126.0,2024-05-27
2024052705005840,NTC,58,35,30.0,847.1,25413.0,2024-05-27
2024052705005839,NTC,54,35,12.0,847.2,10166.4,2024-05-27
2024052701030428,NRM,49,8,10.0,386.2,3862.0,2024-05-27
2024052701030427,NRM,65,8,190.0,386.3,73397.0,2024-05-27
2024052701030426,NYADI,57,19,10.0,293.0,2930.0,2024-05-27
2024052701030425,NYADI,57,40,10.0,292.9,2929.0,2024-05-27
2024052701030424,NYADI,57,8,10.0,292.0,2920.0,2024-05-27
2024052701030423,NYADI,57,51,10.0,292.0,2920.0,2024-05-27
2024052701030422,NYADI,57,22,10.0,292.0,2920.0,2024-05-27
2024052703011852,NLIC,3,11,100.0,605.9,60590.0,2024-05-27
2024052703011851,FMDBL,84,7,670.0,715.1,479117.0,2024-05-27
2024052703011850,FMDBL,62,7,30.0,715.1,21453.0,2024-05-27
2024052703011849,FMDBL,62,7,50.0,715.1,35755.0,2024-05-27
2024052701030421,MMKJL,8,4,10.0,430.0,4300.0,2024-05-27
2024052701030420,MHL,49,62,10.0,469.2,4692.0,2024-05-27
2024052703011848,FMDBL,81,1,50.0,716.0,35800.0,2024-05-27
2024052701030419,SHLB,46,58,10.0,1770.0,17700.0,2024-05-27
2024052705005838,NRIC,42,4,64.0,675.0,43200.0,2024-05-27
2024052705005837,NRIC,42,42,19.0,675.0,12825.0,2024-05-27
2024052705005836,NRIC,42,38,60.0,674.0,40440.0,2024-05-27
2024052705005835,NRIC,42,47,56.0,674.0,37744.0,2024-05-27
2024052703011847,GRDBL,17,10,100.0,427.5,42750.0,2024-05-27
2024052701030418,SONA,77,26,11.0,460.2,5062.2,2024-05-27
2024052701030417,SONA,36,26,200.0,460.3,92060.0,2024-05-27
2024052701030416,SONA,11,26,216.0,460.4,99446.4,2024-05-27
2024052701030415,SONA,38,26,90.0,460.5,41445.0,2024-05-27
2024052705005834,NTC,33,49,20.0,847.3,16946.0,2024-05-27
2024052701030414,IHL,45,60,350.0,396.0,138600.0,2024-05-27
2024052704009022,CHCL,33,41,50.0,453.0,22650.0,2024-05-27
2024052704009021,CHCL,33,6,50.0,453.0,22650.0,2024-05-27
2024052704009020,NHDL,52,38,70.0,474.1,33187.0,2024-05-27
2024052704009019,NHDL,38,38,100.0,475.0,47500.0,2024-05-27
2024052704009018,NHDL,42,38,150.0,475.0,71250.0,2024-05-27
2024052704009017,NHDL,58,38,110.0,475.1,52261.0,2024-05-27
2024052704009016,NHDL,33,38,20.0,475.1,9502.0,2024-05-27
2024052704009015,JOSHI,34,14,23.0,305.0,7015.0,2024-05-27
2024052704009014,JOSHI,58,14,200.0,305.4,61080.0,2024-05-27
2024052704009013,SHEL,58,57,96.0,163.3,15676.8,2024-05-27
2024052704009012,SHEL,45,57,500.0,163.4,81700.0,2024-05-27
2024052704009011,SHEL,20,57,500.0,163.5,81750.0,2024-05-27
2024052704009010,SHEL,34,57,204.0,163.5,33354.0,2024-05-27
2024052704009009,SHEL,65,57,100.0,163.6,16360.0,2024-05-27
2024052704009008,SHEL,50,57,150.0,163.6,24540.0,2024-05-27
2024052701030413,SARBTM,34,35,10.0,826.0,8260.0,2024-05-27
2024052701030412,SARBTM,34,48,40.0,826.0,33040.0,2024-05-27
2024052703011846,GILB,62,17,80.0,1209.9,96792.0,2024-05-27
2024052703011845,GILB,62,7,200.0,1209.5,241900.0,2024-05-27
2024052703011844,GILB,62,6,17.0,1209.5,20561.5,2024-05-27
2024052703011843,GILB,62,41,38.0,1209.0,45942.0,2024-05-27
2024052703011842,GILB,62,22,100.0,1208.5,120850.0,2024-05-27
2024052703011841,GILB,62,34,65.0,1208.0,78520.0,2024-05-27
2024052704009007,LEC,37,55,20.0,185.0,3700.0,2024-05-27
2024052701030411,MKLB,57,42,50.0,1055.0,52750.0,2024-05-27
2024052701030410,MKLB,33,42,30.0,1055.0,31650.0,2024-05-27
2024052701030409,MKLB,42,42,100.0,1055.0,105500.0,2024-05-27
2024052701030408,MKLB,32,42,100.0,1057.5,105750.0,2024-05-27
2024052701030407,MKLB,25,42,100.0,1058.4,105840.0,2024-05-27
2024052701030406,MKLB,58,42,50.0,1058.5,52925.0,2024-05-27
2024052704009006,UPPER,42,14,210.0,166.0,34860.0,2024-05-27
2024052704009005,UPPER,42,14,100.0,166.0,16600.0,2024-05-27
2024052704009004,UPPER,42,58,100.0,166.0,16600.0,2024-05-27
2024052704009003,UPPER,42,41,50.0,166.0,8300.0,2024-05-27
2024052704009002,UPPER,42,58,30.0,166.0,4980.0,2024-05-27
2024052704009001,UPPER,42,51,10.0,166.0,1660.0,2024-05-27
2024052703011840,NMLBBL,50,48,172.0,744.0,127968.0,2024-05-27
2024052703011839,NMLBBL,57,48,50.0,744.0,37200.0,2024-05-27
2024052703011838,NMLBBL,6,48,100.0,744.1,74410.0,2024-05-27
2024052703011837,NMLBBL,42,48,100.0,745.0,74500.0,2024-05-27
2024052703011836,NMLBBL,58,48,20.0,745.0,14900.0,2024-05-27
2024052703011835,NMLBBL,22,48,58.0,745.0,43210.0,2024-05-27
2024052704009000,SHPC,18,26,100.0,336.1,33610.0,2024-05-27
2024052704008999,SHPC,33,26,90.0,336.1,30249.0,2024-05-27
2024052701030405,ADBL,65,34,128.0,277.0,35456.0,2024-05-27
2024052701030404,ADBL,65,35,200.0,277.0,55400.0,2024-05-27
2024052701030403,ADBL,65,21,10.0,277.0,2770.0,2024-05-27
2024052701030402,ADBL,65,26,100.0,276.9,27690.0,2024-05-27
2024052701030401,ADBL,65,33,200.0,276.8,55360.0,2024-05-27
2024052701030400,ADBL,65,11,40.0,276.5,11060.0,2024-05-27
2024052701030399,ADBL,65,38,46.0,276.0,12696.0,2024-05-27
2024052701030398,ADBL,65,17,114.0,276.0,31464.0,2024-05-27
2024052701030397,ADBL,65,28,1000.0,275.6,275600.0,2024-05-27
2024052701030396,ADBL,65,21,71.0,275.6,19567.6,2024-05-27
2024052701030395,ADBL,65,38,50.0,275.0,13750.0,2024-05-27
2024052701030394,ADBL,65,6,100.0,275.0,27500.0,2024-05-27
2024052701030393,ADBL,65,42,400.0,275.0,110000.0,2024-05-27
2024052701030392,ADBL,65,42,100.0,275.0,27500.0,2024-05-27
2024052701030391,ADBL,65,14,80.0,275.0,22000.0,2024-05-27
2024052701030390,ADBL,65,51,100.0,275.0,27500.0,2024-05-27
2024052701030389,ADBL,65,57,500.0,275.0,137500.0,2024-05-27
2024052701030388,ADBL,65,18,100.0,275.0,27500.0,2024-05-27
2024052701030387,ADBL,65,8,100.0,275.0,27500.0,2024-05-27
2024052701030386,ADBL,65,28,1000.0,274.9,274900.0,2024-05-27
2024052701030385,ADBL,65,58,110.0,274.9,30239.0,2024-05-27
2024052701030384,ADBL,65,46,1000.0,274.0,274000.0,2024-05-27
2024052701030383,ADBL,65,58,316.0,274.0,86584.0,2024-05-27
2024052701030382,ADBL,65,28,1000.0,274.0,274000.0,2024-05-27
2024052701030381,ADBL,65,54,50.0,274.0,13700.0,2024-05-27
2024052701030380,ADBL,65,40,170.0,274.0,46580.0,2024-05-27
2024052701030379,ADBL,65,49,80.0,274.0,21920.0,2024-05-27
2024052701030378,ADBL,65,41,754.0,273.5,206219.0,2024-05-27
2024052701030377,ADBL,65,49,115.0,273.4,31441.0,2024-05-27
2024052701030376,ADBL,65,45,956.0,273.0,260988.0,2024-05-27
2024052701030375,ADBL,65,49,10.0,273.0,2730.0,2024-05-27
2024052701030374,ADBL,65,4,1000.0,273.0,273000.0,2024-05-27
2024052701030373,ILI,41,35,15.0,457.0,6855.0,2024-05-27
2024052701030372,ILI,59,35,190.0,457.1,86849.0,2024-05-27
2024052704008998,RIDI,57,55,90.0,177.5,15975.0,2024-05-27
2024052703011834,FMDBL,57,1,150.0,716.0,107400.0,2024-05-27
2024052704008997,NGPL,40,47,81.0,304.8,24688.8,2024-05-27
2024052704008996,NGPL,40,45,170.0,304.0,51680.0,2024-05-27
2024052704008995,NGPL,40,64,330.0,304.0,100320.0,2024-05-27
2024052704008994,NGPL,40,56,130.0,304.0,39520.0,2024-05-27
2024052704008993,NGPL,40,69,1000.0,304.0,304000.0,2024-05-27
2024052704008992,NGPL,40,38,200.0,304.0,60800.0,2024-05-27
2024052704008991,NGPL,40,48,1000.0,303.8,303800.0,2024-05-27
2024052704008990,NGPL,40,42,489.0,303.7,148509.3,2024-05-27
2024052704008989,NGPL,40,67,900.0,303.6,273240.0,2024-05-27
2024052704008988,NGPL,40,8,500.0,303.5,151750.0,2024-05-27
2024052701030371,NICA,53,22,25.0,427.2,10680.0,2024-05-27
2024052704008987,UPCL,22,56,100.0,194.5,19450.0,2024-05-27
2024052705005833,NIFRA,4,7,54.0,205.2,11080.8,2024-05-27
2024052703011833,EDBL,36,65,10.0,391.0,3910.0,2024-05-27
2024052701030370,ILI,59,21,10.0,457.1,4571.0,2024-05-27
2024052701030369,HHL,52,38,10.0,348.0,3480.0,2024-05-27
2024052701030368,NESDO,26,55,10.0,1886.0,18860.0,2024-05-27
2024052704008986,CHL,58,19,500.0,323.0,161500.0,2024-05-27
2024052701030367,KDL,75,41,53.0,1128.0,59784.0,2024-05-27
2024052703011832,CORBL,29,84,10.0,484.9,4849.0,2024-05-27
2024052704008985,AHPC,58,62,1000.0,162.9,162900.0,2024-05-27
2024052701030366,CYCL,7,6,10.0,1475.0,14750.0,2024-05-27
2024052701030365,SONA,45,14,30.0,461.0,13830.0,2024-05-27
2024052703011831,SABSL,70,43,210.0,976.1,204981.0,2024-05-27
2024052701030364,MEHL,1,14,10.0,314.0,3140.0,2024-05-27
2024052704008984,LEC,19,55,50.0,185.0,9250.0,2024-05-27
2024052704008983,LEC,45,55,1000.0,185.0,185000.0,2024-05-27
2024052704008982,LEC,37,55,200.0,185.0,37000.0,2024-05-27
2024052704008981,LEC,45,55,500.0,185.1,92550.0,2024-05-27
2024052704008980,LEC,49,55,10.0,185.1,1851.0,2024-05-27
2024052704008979,LEC,37,55,50.0,185.5,9275.0,2024-05-27
2024052703011830,KMCDB,62,50,111.0,1070.0,118770.0,2024-05-27
2024052703011829,GMFBS,29,69,57.0,1247.0,71079.0,2024-05-27
2024052703011828,GMFBS,16,69,50.0,1250.0,62500.0,2024-05-27
2024052703011827,GMFBS,29,69,93.0,1250.0,116250.0,2024-05-27
2024052704008978,SHL,52,42,350.0,450.0,157500.0,2024-05-27
2024052704008977,SHL,21,42,150.0,450.0,67500.0,2024-05-27
2024052704008976,SHL,18,42,400.0,450.0,180000.0,2024-05-27
2024052704008975,SHL,57,42,100.0,450.5,45050.0,2024-05-27
2024052703011826,MPFL,38,42,100.0,440.1,44010.0,2024-05-27
2024052703011825,MPFL,41,42,200.0,440.2,88040.0,2024-05-27
2024052703011824,MPFL,33,42,200.0,440.3,88060.0,2024-05-27
2024052703011823,GMFIL,42,38,254.0,392.9,99796.6,2024-05-27
2024052703011822,GMFIL,42,38,100.0,392.0,39200.0,2024-05-27
2024052703011821,GMFIL,42,58,646.0,391.0,252586.0,2024-05-27
2024052701030363,NABIL,52,25,200.0,507.0,101400.0,2024-05-27
2024052701030362,SARBTM,85,48,10.0,826.0,8260.0,2024-05-27
2024052703011820,NFS,41,54,327.0,512.4,167554.8,2024-05-27
2024052703011819,NFS,41,74,173.0,512.0,88576.0,2024-05-27
2024052704008974,MEN,13,5,190.0,583.5,110865.0,2024-05-27
2024052704008973,MEN,42,5,10.0,584.0,5840.0,2024-05-27
2024052703011818,FOWAD,42,32,30.0,1242.0,37260.0,2024-05-27
2024052703011817,FOWAD,36,32,20.0,1243.0,24860.0,2024-05-27
2024052701030361,MMKJL,33,58,10.0,434.0,4340.0,2024-05-27
2024052701030360,NMB,56,1,50.0,212.1,10605.0,2024-05-27
2024052701030359,SMHL,91,38,200.0,520.0,104000.0,2024-05-27
2024052701030358,SRLI,77,56,500.0,450.0,225000.0,2024-05-27
2024052701030357,SRLI,77,40,10.0,450.0,4500.0,2024-05-27
2024052701030356,HATHY,25,14,28.0,909.9,25477.2,2024-05-27
2024052701030355,HATHY,25,21,22.0,909.0,19998.0,2024-05-27
2024052704008972,KPCL,22,34,132.0,436.0,57552.0,2024-05-27
2024052701030354,SONA,45,7,400.0,461.0,184400.0,2024-05-27
2024052705005832,ENL,55,62,50.0,892.0,44600.0,2024-05-27
2024052701030353,RAWA,55,57,10.0,496.0,4960.0,2024-05-27
2024052701030352,SARBTM,56,82,70.0,823.4,57638.0,2024-05-27
2024052701030351,SARBTM,63,82,80.0,823.5,65880.0,2024-05-27
2024052701030350,SARBTM,57,82,50.0,824.0,41200.0,2024-05-27
2024052701030349,SMHL,95,17,500.0,519.1,259550.0,2024-05-27
2024052703011816,MFIL,6,10,169.0,503.2,85040.8,2024-05-27
2024052703011815,MFIL,45,10,30.0,503.3,15099.0,2024-05-27
2024052703011814,MFIL,58,10,10.0,503.3,5033.0,2024-05-27
2024052703011813,MFIL,45,10,50.0,503.4,25170.0,2024-05-27
2024052703011812,MFIL,10,10,35.0,503.4,17619.0,2024-05-27
2024052703011811,MFIL,45,10,18.0,504.0,9072.0,2024-05-27
2024052703011810,MFIL,75,10,298.0,504.0,150192.0,2024-05-27
2024052703011809,MFIL,62,10,30.0,504.0,15120.0,2024-05-27
2024052704008971,API,57,49,50.0,172.4,8620.0,2024-05-27
2024052703011808,GBLBS,21,45,150.0,755.0,113250.0,2024-05-27
2024052701030348,MKHC,41,39,80.0,307.0,24560.0,2024-05-27
2024052701030347,MKHC,33,39,500.0,307.5,153750.0,2024-05-27
2024052701030346,MKHC,42,39,10.0,307.9,3079.0,2024-05-27
2024052701030345,MKHC,57,39,50.0,308.0,15400.0,2024-05-27
2024052701030344,MKHC,1,39,40.0,308.0,12320.0,2024-05-27
2024052701030343,MKHC,42,39,10.0,308.0,3080.0,2024-05-27
2024052701030342,MKHC,42,39,10.0,308.9,3089.0,2024-05-27
2024052701030341,MAKAR,57,45,10.0,374.0,3740.0,2024-05-27
2024052701030340,SCB,38,69,10.0,586.0,5860.0,2024-05-27
2024052701030339,RHGCL,32,69,91.0,349.0,31759.0,2024-05-27
2024052701030338,SMJC,41,14,410.0,368.0,150880.0,2024-05-27
2024052703011807,MNBBL,49,28,100.0,352.1,35210.0,2024-05-27
2024052701030337,HDL,47,52,11.0,1329.0,14619.0,2024-05-27
2024052701030336,HDL,47,26,39.0,1329.0,51831.0,2024-05-27
2024052701030335,GVL,25,39,10.0,439.7,4397.0,2024-05-27
2024052705005831,NTC,4,49,10.0,847.3,8473.0,2024-05-27
2024052704008970,NICL,34,26,33.0,848.2,27990.6,2024-05-27
2024052703011806,GILB,62,62,200.0,1200.1,240020.0,2024-05-27
2024052701030334,ADBL,42,4,200.0,273.0,54600.0,2024-05-27
2024052701030333,BHL,45,6,100.0,325.0,32500.0,2024-05-27
2024052701030332,BHL,3,6,50.0,325.4,16270.0,2024-05-27
2024052701030331,BHL,3,6,40.0,325.5,13020.0,2024-05-27
2024052701030330,MAKAR,57,39,10.0,374.0,3740.0,2024-05-27
2024052701030329,MAKAR,57,49,10.0,374.0,3740.0,2024-05-27
2024052701030328,MAKAR,57,58,10.0,374.0,3740.0,2024-05-27
2024052701030327,MAKAR,57,4,100.0,374.0,37400.0,2024-05-27
2024052701030326,MAKAR,57,1,10.0,374.0,3740.0,2024-05-27
2024052701030325,MMKJL,8,43,10.0,430.0,4300.0,2024-05-27
2024052703011805,NICLBSL,48,22,30.0,662.0,19860.0,2024-05-27
2024052704008969,NHPC,42,32,100.0,146.9,14690.0,2024-05-27
2024052701030324,SHIVM,33,34,20.0,512.9,10258.0,2024-05-27
2024052701030323,HATHY,45,14,30.0,909.9,27297.0,2024-05-27
2024052701030322,SHIVM,33,49,50.0,512.9,25645.0,2024-05-27
2024052701030321,SHIVM,33,14,300.0,512.4,153720.0,2024-05-27
2024052701030320,SHIVM,33,4,100.0,512.3,51230.0,2024-05-27
2024052701030319,SHIVM,33,41,75.0,512.3,38422.5,2024-05-27
2024052703011804,CFCL,17,57,500.0,388.0,194000.0,2024-05-27
2024052701030318,SHIVM,42,38,202.0,512.0,103424.0,2024-05-27
2024052701030317,SHIVM,42,3,22.0,512.0,11264.0,2024-05-27
2024052701030316,NBL,34,42,100.0,225.8,22580.0,2024-05-27
2024052701030315,RAWA,48,57,10.0,496.0,4960.0,2024-05-27
2024052701030314,NBL,74,42,27.0,225.8,6096.6,2024-05-27
2024052701030313,MEHL,49,42,1430.0,315.0,450450.0,2024-05-27
2024052701030312,MEHL,49,56,30.0,314.9,9447.0,2024-05-27
2024052701030311,MEHL,49,45,10.0,314.8,3148.0,2024-05-27
2024052701030310,MEHL,49,45,10.0,314.7,3147.0,2024-05-27
2024052701030309,MEHL,49,57,10.0,314.6,3146.0,2024-05-27
2024052701030308,MEHL,49,18,10.0,314.5,3145.0,2024-05-27
2024052701030307,CITY,34,49,10.0,661.1,6611.0,2024-05-27
2024052705005830,NTC,36,49,10.0,847.3,8473.0,2024-05-27
2024052701030306,RFPL,34,51,50.0,363.4,18170.0,2024-05-27
2024052701030305,RFPL,41,51,50.0,363.4,18170.0,2024-05-27
2024052705005829,NRN,17,72,100.0,572.0,57200.0,2024-05-27
2024052704008968,CGH,16,57,15.0,880.1,13201.5,2024-05-27
2024052703011803,SDLBSL,3,43,20.0,939.3,18786.0,2024-05-27
2024052703011802,SDLBSL,51,43,20.0,939.3,18786.0,2024-05-27
2024052704008967,SHL,17,50,900.0,450.6,405540.0,2024-05-27
2024052704008966,SHL,17,25,100.0,450.5,45050.0,2024-05-27
2024052701030304,HATHY,42,17,285.0,908.0,258780.0,2024-05-27
2024052701030303,HATHY,34,17,10.0,908.0,9080.0,2024-05-27
2024052701030302,HATHY,49,17,290.0,908.0,263320.0,2024-05-27
2024052701030301,HATHY,10,17,1000.0,908.0,908000.0,2024-05-27
2024052701030300,HATHY,36,17,308.0,908.0,279664.0,2024-05-27
2024052701030299,HATHY,16,17,107.0,909.0,97263.0,2024-05-27
2024052701030298,MBJC,83,26,500.0,303.0,151500.0,2024-05-27
2024052703011801,HLBSL,75,49,48.0,1200.0,57600.0,2024-05-27
2024052703011800,HLBSL,75,49,100.0,1200.0,120000.0,2024-05-27
2024052703011799,HLBSL,59,49,132.0,1200.0,158400.0,2024-05-27
2024052703011798,HLBSL,54,49,20.0,1203.0,24060.0,2024-05-27
2024052701030297,MLBS,19,19,10.0,1354.0,13540.0,2024-05-27
2024052704008965,SHEL,25,41,61.0,163.9,9997.9,2024-05-27
2024052701030296,NABIL,21,25,100.0,507.0,50700.0,2024-05-27
2024052701030295,PPL,74,6,100.0,456.6,45660.0,2024-05-27
2024052704008964,NHDL,38,17,70.0,478.5,33495.0,2024-05-27
2024052701030294,LSL,38,48,54.0,168.5,9099.0,2024-05-27
2024052701030293,CZBIL,40,84,10.0,179.0,1790.0,2024-05-27
2024052703011797,SAPDBL,32,7,123.0,321.0,39483.0,2024-05-27
2024052703011796,PMLI,7,38,10.0,508.0,5080.0,2024-05-27
2024052703011795,SHINE,14,46,50.0,398.3,19915.0,2024-05-27
2024052701030292,MEL,45,50,30.0,226.8,6804.0,2024-05-27
2024052703011794,NLIC,25,34,10.0,606.0,6060.0,2024-05-27
2024052701030291,MBJC,83,59,400.0,303.0,121200.0,2024-05-27
2024052703011793,NFS,77,74,327.0,512.0,167424.0,2024-05-27
2024052703011792,PMLI,87,21,75.0,507.7,38077.5,2024-05-27
2024052703011791,PMLI,36,21,75.0,507.9,38092.5,2024-05-27
2024052701030290,VLUCL,48,58,10.0,481.0,4810.0,2024-05-27
2024052703011790,SAPDBL,32,6,70.0,321.0,22470.0,2024-05-27
2024052703011789,SAPDBL,19,6,30.0,321.0,9630.0,2024-05-27
2024052701030289,EHPL,59,65,160.0,522.8,83648.0,2024-05-27
2024052701030288,EHPL,49,65,50.0,522.8,26140.0,2024-05-27
2024052701030287,EHPL,45,65,200.0,523.0,104600.0,2024-05-27
2024052701030286,EHPL,66,65,500.0,525.0,262500.0,2024-05-27
2024052701030285,EHPL,44,65,90.0,533.4,48006.0,2024-05-27
2024052704008963,RBCL,35,38,10.0,13210.0,132100.0,2024-05-27
2024052705005828,CIT,57,51,10.0,2157.0,21570.0,2024-05-27
2024052701030284,ULHC,25,58,10.0,332.0,3320.0,2024-05-27
2024052701030283,ULHC,25,49,10.0,332.0,3320.0,2024-05-27
2024052701030282,ULHC,25,38,10.0,331.5,3315.0,2024-05-27
2024052701030281,ULHC,25,51,10.0,331.5,3315.0,2024-05-27
2024052701030280,ULHC,25,43,10.0,331.0,3310.0,2024-05-27
2024052701030279,LSL,22,48,10.0,168.5,1685.0,2024-05-27
2024052701030278,PRVU,49,49,200.0,152.6,30520.0,2024-05-27
2024052701030277,PRVU,14,49,17.0,152.6,2594.2,2024-05-27
2024052701030276,PCBL,57,13,100.0,208.6,20860.0,2024-05-27
2024052701030275,PRSF,46,38,100.0,9.1,910.0,2024-05-27
2024052701030274,NRM,22,61,171.0,387.0,66177.0,2024-05-27
2024052701030273,NRM,22,40,29.0,387.0,11223.0,2024-05-27
2024052701030272,BGWT,65,17,130.0,690.1,89713.0,2024-05-27
2024052701030271,HATHY,16,42,63.0,909.0,57267.0,2024-05-27
2024052701030270,HATHY,22,42,58.0,909.0,52722.0,2024-05-27
2024052703011788,JBBL,53,49,10.0,295.0,2950.0,2024-05-27
2024052703011787,KRBL,41,25,100.0,427.0,42700.0,2024-05-27
2024052701030269,PHCL,18,6,10.0,289.1,2891.0,2024-05-27
2024052701030268,MKHC,5,35,10.0,309.8,3098.0,2024-05-27
2024052701030267,KBL,58,39,180.0,150.9,27162.0,2024-05-27
2024052701030266,USHEC,5,35,10.0,384.9,3849.0,2024-05-27
2024052704008962,NHPC,49,43,139.0,146.7,20391.3,2024-05-27
2024052701030265,SMHL,7,38,183.0,520.0,95160.0,2024-05-27
2024052701030264,SMHL,7,88,72.0,520.0,37440.0,2024-05-27
2024052701030263,SMHL,7,25,10.0,520.0,5200.0,2024-05-27
2024052701030262,SMHL,7,10,500.0,520.0,260000.0,2024-05-27
2024052701030261,SMHL,7,55,10.0,520.0,5200.0,2024-05-27
2024052701030260,SMHL,7,49,10.0,520.0,5200.0,2024-05-27
2024052701030259,SMHL,7,45,215.0,520.0,111800.0,2024-05-27
2024052703011786,FMDBL,57,7,100.0,716.0,71600.0,2024-05-27
2024052701030258,SRLI,77,53,10.0,450.0,4500.0,2024-05-27
2024052701030257,SRLI,77,56,10.0,450.0,4500.0,2024-05-27
2024052701030256,SRLI,77,13,10.0,450.0,4500.0,2024-05-27
2024052701030255,SRLI,77,51,10.0,450.0,4500.0,2024-05-27
2024052701030254,SRLI,77,39,10.0,450.0,4500.0,2024-05-27
2024052701030253,SRLI,77,51,10.0,450.0,4500.0,2024-05-27
2024052703011785,MFIL,55,34,20.0,505.0,10100.0,2024-05-27
2024052704008961,PRIN,38,82,50.0,777.0,38850.0,2024-05-27
2024052704008960,PRIN,25,82,200.0,777.9,155580.0,2024-05-27
2024052704008959,PRIN,57,82,100.0,778.0,77800.0,2024-05-27
2024052704008958,PRIN,8,82,350.0,778.6,272510.0,2024-05-27
2024052704008957,PRIN,39,82,500.0,779.0,389500.0,2024-05-27
2024052704008956,PRIN,44,82,300.0,779.2,233760.0,2024-05-27
2024052701030252,BGWT,65,50,100.0,690.1,69010.0,2024-05-27
2024052704008955,TRH,25,42,10.0,758.0,7580.0,2024-05-27
2024052701030251,GVL,34,39,10.0,439.7,4397.0,2024-05-27
2024052701030250,NABIL,34,42,10.0,508.0,5080.0,2024-05-27
2024052701030249,MANDU,11,59,47.0,849.0,39903.0,2024-05-27
2024052701030248,MANDU,56,59,10.0,849.0,8490.0,2024-05-27
2024052701030247,MANDU,65,59,90.0,850.0,76500.0,2024-05-27
2024052701030246,MANDU,44,59,200.0,851.0,170200.0,2024-05-27
2024052701030245,MANDU,58,59,10.0,851.0,8510.0,2024-05-27
2024052703011784,SKBBL,48,40,159.0,825.0,131175.0,2024-05-27
2024052704008954,SHEL,25,48,19.0,163.9,3114.1,2024-05-27
2024052703011783,NADEP,69,16,100.0,779.2,77920.0,2024-05-27
2024052703011782,HLI,33,60,330.0,402.0,132660.0,2024-05-27
2024052703011781,HLI,42,60,10.0,402.1,4021.0,2024-05-27
2024052703011780,HLI,41,60,1000.0,402.1,402100.0,2024-05-27
2024052703011779,HLI,34,60,360.0,402.2,144792.0,2024-05-27
2024052703011778,HLI,26,60,100.0,402.5,40250.0,2024-05-27
2024052705005827,ENL,55,26,10.0,891.0,8910.0,2024-05-27
2024052701030244,ILI,41,49,45.0,457.0,20565.0,2024-05-27
2024052701030243,ILI,38,49,40.0,457.0,18280.0,2024-05-27
2024052701030242,ILI,38,49,200.0,457.0,91400.0,2024-05-27
2024052701030241,ILI,38,49,30.0,457.0,13710.0,2024-05-27
2024052701030240,ILI,49,49,25.0,457.0,11425.0,2024-05-27
2024052701030239,ILI,1,49,30.0,457.1,13713.0,2024-05-27
2024052701030238,ILI,52,49,10.0,457.1,4571.0,2024-05-27
2024052701030237,ILI,16,49,20.0,457.1,9142.0,2024-05-27
2024052701030236,GVL,13,39,208.0,431.2,89689.6,2024-05-27
2024052701030235,ILI,39,58,10.0,457.8,4578.0,2024-05-27
2024052701030234,GBIME,45,45,795.0,190.0,151050.0,2024-05-27
2024052701030233,GBIME,45,45,1000.0,190.0,190000.0,2024-05-27
2024052701030232,GBIME,21,45,1000.0,190.1,190100.0,2024-05-27
2024052701030231,GBIME,59,45,37.0,190.2,7037.4,2024-05-27
2024052701030230,GBIME,48,45,168.0,190.2,31953.6,2024-05-27
2024052703011777,MLBSL,5,57,10.0,1888.0,18880.0,2024-05-27
2024052701030229,EBL,62,44,100.0,538.9,53890.0,2024-05-27
2024052705005826,CIT,29,57,21.0,2155.0,45255.0,2024-05-27
2024052705005825,CIT,47,57,20.0,2156.0,43120.0,2024-05-27
2024052705005824,KEF,4,39,5000.0,8.49,42450.0,2024-05-27
2024052705005823,KEF,4,77,1000.0,8.49,8490.0,2024-05-27
2024052701030228,ULHC,42,36,210.0,330.0,69300.0,2024-05-27
2024052701030227,ULHC,58,36,20.0,330.0,6600.0,2024-05-27
2024052701030226,ULHC,4,36,320.0,330.0,105600.0,2024-05-27
2024052701030225,ULHC,6,36,10.0,330.2,3302.0,2024-05-27
2024052704008953,RHPL,6,49,70.0,268.5,18795.0,2024-05-27
