transaction,symbol,buyer,seller,quantity,rate,amount,date
2025062504027438,RADHI,5,85,200.0,800.0,160000.0,2025-06-25
2025062504027437,JOSHI,42,45,150.0,361.0,54150.0,2025-06-25
2025062501017729,DORDI,39,85,100.0,316.0,31600.0,2025-06-25
2025062503006526,JSLBB,39,22,10.0,1255.7,12557.0,2025-06-25
2025062504027436,SPDL,39,59,480.0,423.0,203040.0,2025-06-25
2025062504027435,SPDL,39,63,50.0,423.0,21150.0,2025-06-25
2025062504027434,SPDL,39,62,170.0,423.0,71910.0,2025-06-25
2025062503006525,LICN,19,37,10.0,905.0,9050.0,2025-06-25
2025062504027433,SHPC,59,49,720.0,613.0,441360.0,2025-06-25
2025062504027432,SHPC,59,57,10.0,613.0,6130.0,2025-06-25
2025062504027431,SHPC,59,55,100.0,613.0,61300.0,2025-06-25
2025062504027430,SHPC,59,54,300.0,612.9,183870.0,2025-06-25
2025062504027429,SHPC,59,29,590.0,612.8,361552.0,2025-06-25
2025062504027428,SHPC,59,34,280.0,612.8,171584.0,2025-06-25
2025062501017728,BHL,21,6,10.0,207.0,2070.0,2025-06-25
2025062504027427,UNHPL,6,16,500.0,438.0,219000.0,2025-06-25
2025062504027426,HPPL,58,55,1000.0,549.1,549100.0,2025-06-25
2025062503006524,SKBBL,1,21,50.0,786.0,39300.0,2025-06-25
2025062504027425,MEN,45,25,500.0,590.0,295000.0,2025-06-25
2025062501017727,SIKLES,45,37,20.0,843.9,16878.0,2025-06-25
2025062501017726,SIKLES,45,64,10.0,843.8,8438.0,2025-06-25
2025062504027424,PPCL,34,44,50.0,399.0,19950.0,2025-06-25
2025062504027423,SHEL,41,83,63.0,302.8,19076.4,2025-06-25
2025062504027422,SPDL,44,29,300.0,421.2,126360.0,2025-06-25
2025062504027421,JOSHI,46,45,100.0,361.0,36100.0,2025-06-25
2025062503006523,SLBBL,54,70,32.0,850.0,27200.0,2025-06-25
2025062504027420,AKPL,19,97,30.0,257.2,7716.0,2025-06-25
2025062503006522,RSDC,42,40,10.0,647.0,6470.0,2025-06-25
2025062501017725,PPL,58,45,220.0,388.0,85360.0,2025-06-25
2025062501017724,PPL,58,47,80.0,387.9,31032.0,2025-06-25
2025062503006521,SINDU,22,39,10.0,736.0,7360.0,2025-06-25
2025062505010131,GCIL,62,55,300.0,507.5,152250.0,2025-06-25
2025062505010130,GCIL,62,62,4000.0,507.4,2029600.0,2025-06-25
2025062505010129,GCIL,62,22,10.0,507.4,5074.0,2025-06-25
2025062505010128,GCIL,62,38,11.0,507.0,5577.0,2025-06-25
2025062505010127,GCIL,62,42,100.0,506.9,50690.0,2025-06-25
2025062505010126,GCIL,62,22,100.0,506.9,50690.0,2025-06-25
2025062505010125,GCIL,62,49,150.0,506.5,75975.0,2025-06-25
2025062504027419,UMHL,62,84,10.0,548.5,5485.0,2025-06-25
2025062504027418,SHPC,74,62,103.0,612.0,63036.0,2025-06-25
2025062504027417,SHPC,38,62,397.0,612.0,242964.0,2025-06-25
2025062503006520,SMPDA,62,49,200.0,912.0,182400.0,2025-06-25
2025062504027416,UMHL,62,84,60.0,548.5,32910.0,2025-06-25
2025062504027415,UMHL,62,42,40.0,548.0,21920.0,2025-06-25
2025062504027414,UMHL,62,19,50.0,547.0,27350.0,2025-06-25
2025062504027413,UMHL,62,84,500.0,547.0,273500.0,2025-06-25
2025062504027412,UMHL,62,38,500.0,547.0,273500.0,2025-06-25
2025062504027411,UMHL,62,38,450.0,547.0,246150.0,2025-06-25
2025062504027410,UMHL,62,94,1000.0,546.9,546900.0,2025-06-25
2025062504027409,SHL,59,97,300.0,561.1,168330.0,2025-06-25
2025062504027408,PPCL,77,44,200.0,399.0,79800.0,2025-06-25
2025062501017723,EBL,81,40,50.0,636.9,31845.0,2025-06-25
2025062501017722,EBL,81,34,20.0,636.6,12732.0,2025-06-25
2025062501017721,EBL,81,49,50.0,635.7,31785.0,2025-06-25
2025062501017720,EBL,81,45,175.0,635.5,111212.5,2025-06-25
2025062501017719,EBL,81,11,20.0,635.5,12710.0,2025-06-25
2025062501017718,EBL,81,17,85.0,635.5,54017.5,2025-06-25
2025062504027407,SHL,59,7,550.0,561.1,308605.0,2025-06-25
2025062504027406,SHL,34,7,100.0,561.2,56120.0,2025-06-25
2025062505010124,SAHAS,28,21,77.0,555.0,42735.0,2025-06-25
2025062505010123,SAHAS,28,57,100.0,555.0,55500.0,2025-06-25
2025062505010122,SAHAS,28,21,442.0,555.0,245310.0,2025-06-25
2025062505010121,SAHAS,28,48,10.0,555.0,5550.0,2025-06-25
2025062505010120,SAHAS,28,41,40.0,555.0,22200.0,2025-06-25
2025062505010119,SAHAS,28,57,108.0,555.0,59940.0,2025-06-25
2025062505010118,SAHAS,28,61,350.0,555.0,194250.0,2025-06-25
2025062505010117,SAHAS,28,57,10.0,555.0,5550.0,2025-06-25
2025062505010116,SAHAS,28,57,100.0,555.0,55500.0,2025-06-25
2025062505010115,SAHAS,28,42,50.0,555.0,27750.0,2025-06-25
2025062505010114,SAHAS,28,58,10.0,555.0,5550.0,2025-06-25
2025062505010113,SAHAS,28,46,27.0,555.0,14985.0,2025-06-25
2025062505010112,SAHAS,28,47,12.0,555.0,6660.0,2025-06-25
2025062505010111,SAHAS,28,47,10.0,555.0,5550.0,2025-06-25
2025062505010110,SAHAS,28,45,100.0,555.0,55500.0,2025-06-25
2025062505010109,SAHAS,28,13,10.0,555.0,5550.0,2025-06-25
2025062505010108,SAHAS,28,21,10.0,555.0,5550.0,2025-06-25
2025062505010107,SAHAS,28,3,50.0,555.0,27750.0,2025-06-25
2025062505010106,SAHAS,28,4,500.0,555.0,277500.0,2025-06-25
2025062505010105,SAHAS,28,4,852.0,555.0,472860.0,2025-06-25
2025062505010104,SAHAS,28,34,1080.0,555.0,599400.0,2025-06-25
2025062505010103,SAHAS,28,3,10.0,555.0,5550.0,2025-06-25
2025062505010102,SAHAS,28,37,500.0,555.0,277500.0,2025-06-25
2025062505010101,SAHAS,28,22,100.0,555.0,55500.0,2025-06-25
2025062505010100,SAHAS,28,89,100.0,555.0,55500.0,2025-06-25
2025062505010099,SAHAS,28,54,50.0,555.0,27750.0,2025-06-25
2025062505010098,SAHAS,28,11,100.0,555.0,55500.0,2025-06-25
2025062505010097,SAHAS,28,42,54.0,555.0,29970.0,2025-06-25
2025062505010096,SAHAS,28,54,500.0,555.0,277500.0,2025-06-25
2025062505010095,SAHAS,28,32,100.0,555.0,55500.0,2025-06-25
2025062505010094,SAHAS,28,65,500.0,555.0,277500.0,2025-06-25
2025062505010093,SAHAS,28,22,108.0,555.0,59940.0,2025-06-25
2025062505010092,SAHAS,28,37,828.0,555.0,459540.0,2025-06-25
2025062505010091,SAHAS,28,25,58.0,555.0,32190.0,2025-06-25
2025062505010090,SAHAS,28,53,100.0,554.9,55490.0,2025-06-25
2025062505010089,SAHAS,28,8,25.0,554.1,13852.5,2025-06-25
2025062505010088,SAHAS,28,37,300.0,554.0,166200.0,2025-06-25
2025062505010087,SAHAS,28,52,228.0,554.0,126312.0,2025-06-25
2025062505010086,SAHAS,28,58,50.0,554.0,27700.0,2025-06-25
2025062505010085,SAHAS,28,21,100.0,554.0,55400.0,2025-06-25
2025062505010084,SAHAS,28,3,10.0,554.0,5540.0,2025-06-25
2025062505010083,SAHAS,28,37,500.0,554.0,277000.0,2025-06-25
2025062505010082,SAHAS,28,22,100.0,554.0,55400.0,2025-06-25
2025062505010081,SAHAS,28,19,10.0,554.0,5540.0,2025-06-25
2025062505010080,SAHAS,28,49,30.0,553.0,16590.0,2025-06-25
2025062505010079,SAHAS,28,41,100.0,553.0,55300.0,2025-06-25
2025062505010078,SAHAS,28,34,163.0,553.0,90139.0,2025-06-25
2025062505010077,SAHAS,28,19,10.0,553.0,5530.0,2025-06-25
2025062505010076,SAHAS,28,3,10.0,553.0,5530.0,2025-06-25
2025062505010075,SAHAS,28,58,10.0,553.0,5530.0,2025-06-25
2025062505010074,SAHAS,28,37,500.0,553.0,276500.0,2025-06-25
2025062505010073,SAHAS,28,99,10.0,553.0,5530.0,2025-06-25
2025062505010072,SAHAS,28,99,10.0,553.0,5530.0,2025-06-25
2025062505010071,SAHAS,28,80,100.0,553.0,55300.0,2025-06-25
2025062505010070,SAHAS,28,8,678.0,552.8,374798.4,2025-06-25
2025062504027405,MHNL,32,22,50.0,287.9,14395.0,2025-06-25
2025062504027404,SPDL,44,82,50.0,421.2,21060.0,2025-06-25
2025062501017717,OMPL,59,59,10.0,1440.0,14400.0,2025-06-25
2025062505010069,CIT,16,25,13.0,1880.0,24440.0,2025-06-25
2025062504027403,SPDL,44,16,400.0,421.2,168480.0,2025-06-25
2025062504027402,SPDL,45,16,500.0,421.3,210650.0,2025-06-25
2025062504027401,SPDL,41,16,100.0,422.0,42200.0,2025-06-25
2025062503006519,SADBL,44,28,180.0,396.0,71280.0,2025-06-25
2025062503006518,SADBL,44,58,20.0,395.0,7900.0,2025-06-25
2025062501017716,TVCL,35,74,70.0,505.0,35350.0,2025-06-25
2025062504027400,SHPC,56,34,220.0,612.8,134816.0,2025-06-25
2025062504027399,SHPC,56,59,280.0,612.6,171528.0,2025-06-25
2025062501017715,HIDCLP,21,67,100.0,205.8,20580.0,2025-06-25
2025062501017714,SBL,50,8,10.0,306.0,3060.0,2025-06-25
2025062501017713,PCBL,49,29,10.0,238.0,2380.0,2025-06-25
2025062501017712,ULBSL,49,29,10.0,3325.0,33250.0,2025-06-25
2025062503006517,GUFL,36,8,37.0,533.0,19721.0,2025-06-25
2025062501017711,MANDU,43,4,10.0,861.0,8610.0,2025-06-25
2025062501017710,MANDU,43,32,10.0,859.0,8590.0,2025-06-25
2025062503006516,EDBL,20,45,47.0,561.4,26385.8,2025-06-25
2025062503006515,EDBL,20,45,90.0,561.4,50526.0,2025-06-25
2025062503006514,ICFC,45,42,46.0,600.0,27600.0,2025-06-25
2025062504027398,SGIC,49,22,100.0,530.0,53000.0,2025-06-25
2025062504027397,JOSHI,34,45,20.0,361.0,7220.0,2025-06-25
2025062505010068,SONA,34,38,10.0,448.0,4480.0,2025-06-25
2025062505010067,LUK,28,53,150.0,10.0,1500.0,2025-06-25
2025062504027396,KKHC,53,49,60.0,404.5,24270.0,2025-06-25
2025062504027395,SPDL,17,62,10.0,423.0,4230.0,2025-06-25
2025062505010066,NRN,48,75,260.0,2028.0,527280.0,2025-06-25
2025062505010065,NRN,48,58,50.0,2027.0,101350.0,2025-06-25
2025062505010064,NRN,48,19,100.0,2020.0,202000.0,2025-06-25
2025062505010063,NRN,48,55,90.0,2020.0,181800.0,2025-06-25
2025062505010062,SMATA,14,48,10.0,757.8,7578.0,2025-06-25
2025062505010061,NRM,11,39,390.0,433.0,168870.0,2025-06-25
2025062501017709,BHL,21,39,50.0,207.0,10350.0,2025-06-25
2025062505010060,NRN,37,55,10.0,2020.0,20200.0,2025-06-25
2025062503006513,ALICL,35,6,51.0,497.0,25347.0,2025-06-25
2025062503006512,ALICL,35,45,10.0,496.0,4960.0,2025-06-25
2025062503006511,ALICL,35,49,149.0,496.0,73904.0,2025-06-25
2025062503006510,ALICL,35,51,490.0,495.8,242942.0,2025-06-25
2025062503006509,ALICL,35,38,300.0,495.7,148710.0,2025-06-25
2025062503006508,NMLBBL,32,17,40.0,632.0,25280.0,2025-06-25
2025062504027394,CHCL,14,51,160.0,547.6,87616.0,2025-06-25
2025062504027393,HEI,16,19,20.0,560.0,11200.0,2025-06-25
2025062505010059,MBJC,65,95,820.0,324.0,265680.0,2025-06-25
2025062501017708,TVCL,74,6,50.0,509.9,25495.0,2025-06-25
2025062501017707,TVCL,74,17,50.0,509.8,25490.0,2025-06-25
2025062501017706,TVCL,74,45,100.0,508.0,50800.0,2025-06-25
2025062501017705,TVCL,74,45,75.0,507.0,38025.0,2025-06-25
2025062501017704,TVCL,74,25,225.0,505.5,113737.5,2025-06-25
2025062504027392,UNHPL,58,6,100.0,437.0,43700.0,2025-06-25
2025062505010058,GCIL,55,49,50.0,506.5,25325.0,2025-06-25
2025062505010057,GCIL,55,49,250.0,506.4,126600.0,2025-06-25
2025062501017703,MKHC,56,29,10.0,426.0,4260.0,2025-06-25
2025062504027391,NGPL,84,34,1000.0,401.0,401000.0,2025-06-25
2025062504027390,NGPL,84,52,10.0,401.0,4010.0,2025-06-25
2025062504027389,SHPC,38,57,200.0,612.0,122400.0,2025-06-25
2025062505010056,HRL,38,49,70.0,877.0,61390.0,2025-06-25
2025062505010055,HRL,58,49,10.0,877.0,8770.0,2025-06-25
2025062505010054,HRL,48,49,100.0,877.0,87700.0,2025-06-25
2025062505010053,HRL,58,49,10.0,878.7,8787.0,2025-06-25
2025062505010052,HRL,41,49,10.0,879.0,8790.0,2025-06-25
2025062505010051,PHCL,45,26,10.0,490.0,4900.0,2025-06-25
2025062501017702,DORDI,3,22,70.0,315.0,22050.0,2025-06-25
2025062501017701,MEHL,50,1,297.0,423.1,125660.7,2025-06-25
2025062504027388,BPCL,101,17,300.0,842.0,252600.0,2025-06-25
2025062504027387,BPCL,101,1,250.0,842.0,210500.0,2025-06-25
2025062505010050,SHIVM,34,3,16.0,503.4,8054.4,2025-06-25
2025062505010049,SAHAS,42,8,70.0,552.8,38696.0,2025-06-25
2025062504027386,SHEL,42,83,500.0,302.8,151400.0,2025-06-25
2025062504027385,UNHPL,62,91,325.0,439.0,142675.0,2025-06-25
2025062504027384,UNHPL,62,1,500.0,438.9,219450.0,2025-06-25
2025062504027383,UNHPL,62,94,175.0,438.8,76790.0,2025-06-25
2025062501017700,ULBSL,60,77,178.0,3301.0,587578.0,2025-06-25
2025062501017699,ULBSL,49,77,22.0,3301.0,72622.0,2025-06-25
2025062503006507,SLBBL,54,37,100.0,846.1,84610.0,2025-06-25
2025062505010048,MEL,34,49,500.0,331.5,165750.0,2025-06-25
2025062505010047,CLI,49,52,30.0,450.3,13509.0,2025-06-25
2025062501017698,HHL,29,34,10.0,392.5,3925.0,2025-06-25
2025062504027382,SHEL,45,14,200.0,302.3,60460.0,2025-06-25
2025062504027381,BARUN,58,75,10.0,370.1,3701.0,2025-06-25
2025062505010046,SMATA,48,58,19.0,787.4,14960.6,2025-06-25
2025062505010045,SMATA,48,35,200.0,787.0,157400.0,2025-06-25
2025062505010044,SMATA,48,85,131.0,785.0,102835.0,2025-06-25
2025062505010043,SMATA,48,66,130.0,775.2,100776.0,2025-06-25
2025062505010042,SMATA,48,57,11.0,775.0,8525.0,2025-06-25
2025062505010041,SMATA,48,34,100.0,772.0,77200.0,2025-06-25
2025062505010040,SMATA,48,62,101.0,772.0,77972.0,2025-06-25
2025062501017697,RFPL,48,19,440.0,565.0,248600.0,2025-06-25
2025062504027380,SPDL,17,62,10.0,423.0,4230.0,2025-06-25
2025062504027379,NGPL,1,52,10.0,401.0,4010.0,2025-06-25
2025062504027378,SPDL,85,62,100.0,423.0,42300.0,2025-06-25
2025062501017696,UHEWA,38,85,11.0,523.7,5760.7,2025-06-25
2025062501017695,MSHL,70,58,10.0,883.9,8839.0,2025-06-25
2025062501017694,MSHL,70,17,10.0,872.0,8720.0,2025-06-25
2025062504027377,CHCL,47,62,16.0,547.0,8752.0,2025-06-25
2025062504027376,CHCL,44,62,284.0,547.0,155348.0,2025-06-25
2025062504027375,BPCL,101,55,30.0,842.0,25260.0,2025-06-25
2025062504027374,BPCL,101,58,211.0,840.0,177240.0,2025-06-25
2025062504027373,NLG,46,7,30.0,764.9,22947.0,2025-06-25
2025062505010039,CIT,40,25,10.0,1880.0,18800.0,2025-06-25
2025062504027372,NGPL,17,82,202.0,400.0,80800.0,2025-06-25
2025062504027371,NGPL,6,82,215.0,400.1,86021.5,2025-06-25
2025062503006506,MPFL,61,7,150.0,578.2,86730.0,2025-06-25
2025062504027370,NGPL,6,82,898.0,400.1,359289.8,2025-06-25
2025062504027369,NGPL,69,82,200.0,400.2,80040.0,2025-06-25
2025062505010038,HIDCL,50,28,40.0,286.0,11440.0,2025-06-25
2025062505010037,HIDCL,16,28,20.0,286.0,5720.0,2025-06-25
2025062504027368,NGPL,99,82,350.0,400.3,140105.0,2025-06-25
2025062501017693,MBL,43,7,1000.0,217.0,217000.0,2025-06-25
2025062505010036,HIDCL,53,28,40.0,286.0,11440.0,2025-06-25
2025062504027367,NGPL,41,82,1483.0,400.5,593941.5,2025-06-25
2025062504027366,NGPL,17,82,1500.0,400.6,600900.0,2025-06-25
2025062503006505,GMFIL,6,6,50.0,471.0,23550.0,2025-06-25
2025062503006504,GILB,49,8,40.0,1235.0,49400.0,2025-06-25
2025062504027365,GHL,4,17,80.0,247.0,19760.0,2025-06-25
2025062504027364,GHL,4,32,38.0,247.0,9386.0,2025-06-25
2025062504027363,SSHL,38,26,90.0,248.5,22365.0,2025-06-25
2025062501017692,TVCL,26,25,100.0,505.5,50550.0,2025-06-25
2025062501017691,KBL,8,57,200.0,202.0,40400.0,2025-06-25
2025062504027362,SSHL,57,22,500.0,249.0,124500.0,2025-06-25
2025062503006503,SLBBL,54,33,78.0,846.1,65995.8,2025-06-25
2025062503006502,SLBBL,19,33,40.0,846.2,33848.0,2025-06-25
2025062504027361,UPCL,45,71,91.0,410.0,37310.0,2025-06-25
2025062501017690,CREST,5,45,40.0,1453.3,58132.0,2025-06-25
2025062501017689,CREST,58,45,20.0,1455.0,29100.0,2025-06-25
2025062501017688,CREST,58,45,10.0,1455.0,14550.0,2025-06-25
2025062501017687,CREST,42,45,30.0,1455.0,43650.0,2025-06-25
2025062501017686,CREST,57,45,150.0,1456.0,218400.0,2025-06-25
2025062504027360,BPCL,6,58,1000.0,840.0,840000.0,2025-06-25
2025062504027359,BPCL,37,58,100.0,840.0,84000.0,2025-06-25
2025062504027358,BPCL,34,58,200.0,840.0,168000.0,2025-06-25
2025062504027357,BPCL,64,58,1343.0,840.0,1128120.0,2025-06-25
2025062504027356,BPCL,94,58,1001.0,840.1,840940.1,2025-06-25
2025062504027355,BPCL,67,58,400.0,840.1,336040.0,2025-06-25
2025062504027354,BPCL,64,58,4215.0,840.1,3541021.5,2025-06-25
2025062505010035,HDL,19,40,30.0,1180.0,35400.0,2025-06-25
2025062503006501,CORBL,42,62,442.0,2130.0,941460.0,2025-06-25
2025062503006500,CORBL,49,62,20.0,2131.0,42620.0,2025-06-25
2025062503006499,CORBL,64,62,18.0,2132.0,38376.0,2025-06-25
2025062503006498,CORBL,39,62,10.0,2132.0,21320.0,2025-06-25
2025062503006497,CORBL,45,62,10.0,2135.0,21350.0,2025-06-25
2025062504027353,AHPC,52,14,670.0,285.1,191017.0,2025-06-25
2025062503006496,GFCL,35,50,50.0,600.0,30000.0,2025-06-25
2025062504027352,UPCL,96,56,1770.0,408.2,722514.0,2025-06-25
2025062504027351,UPCL,39,56,200.0,409.0,81800.0,2025-06-25
2025062504027350,UPCL,26,56,30.0,409.0,12270.0,2025-06-25
2025062501017685,RFPL,42,57,35.0,564.0,19740.0,2025-06-25
2025062501017684,BNHC,32,22,67.0,492.2,32977.4,2025-06-25
2025062504027349,HDHPC,92,41,100.0,198.1,19810.0,2025-06-25
2025062501017683,BHDC,34,28,200.0,449.5,89900.0,2025-06-25
2025062501017682,PURE,75,45,10.0,990.0,9900.0,2025-06-25
2025062501017681,SPC,45,13,111.0,500.0,55500.0,2025-06-25
2025062501017680,SPC,45,25,50.0,500.0,25000.0,2025-06-25
2025062501017679,SPC,45,57,10.0,500.0,5000.0,2025-06-25
2025062501017678,SPC,45,7,10.0,500.0,5000.0,2025-06-25
2025062501017677,SPC,45,32,19.0,500.0,9500.0,2025-06-25
2025062503006495,KMCDB,58,47,20.0,989.0,19780.0,2025-06-25
2025062504027348,JOSHI,25,45,20.0,361.0,7220.0,2025-06-25
2025062504027347,MHNL,7,25,100.0,287.0,28700.0,2025-06-25
2025062505010034,ILI,42,13,10.0,435.5,4355.0,2025-06-25
2025062505010033,ILI,42,51,12.0,435.4,5224.8,2025-06-25
2025062505010032,ILI,42,57,12.0,435.3,5223.6,2025-06-25
2025062504027346,CGH,42,55,242.0,996.0,241032.0,2025-06-25
2025062504027345,CGH,42,55,50.0,996.0,49800.0,2025-06-25
2025062504027344,CGH,42,39,50.0,996.0,49800.0,2025-06-25
2025062504027343,CGH,42,5,10.0,996.0,9960.0,2025-06-25
2025062504027342,CGH,42,17,218.0,995.9,217106.2,2025-06-25
2025062504027341,CGH,42,50,20.0,995.8,19916.0,2025-06-25
2025062504027340,CGH,42,74,10.0,995.7,9957.0,2025-06-25
2025062504027339,CGH,42,8,400.0,995.6,398240.0,2025-06-25
2025062504027338,SHEL,45,42,135.0,302.3,40810.5,2025-06-25
2025062504027337,SPIL,36,58,50.0,795.0,39750.0,2025-06-25
2025062504027336,SPIL,36,35,140.0,794.0,111160.0,2025-06-25
2025062504027335,SPIL,36,7,10.0,794.0,7940.0,2025-06-25
2025062504027334,SPDL,44,97,450.0,421.2,189540.0,2025-06-25
2025062504027333,SPDL,49,97,50.0,421.3,21065.0,2025-06-25
2025062504027332,UMHL,62,101,94.0,545.4,51267.6,2025-06-25
2025062504027331,UMHL,62,101,353.0,545.4,192526.2,2025-06-25
2025062504027330,UMHL,45,101,250.0,546.0,136500.0,2025-06-25
2025062504027329,UMHL,62,101,103.0,546.0,56238.0,2025-06-25
2025062505010031,CLI,35,52,20.0,450.3,9006.0,2025-06-25
2025062504027328,JOSHI,28,45,50.0,361.0,18050.0,2025-06-25
2025062501017676,SBI,17,28,62.0,385.0,23870.0,2025-06-25
2025062505010030,HATHY,96,16,312.0,1213.0,378456.0,2025-06-25
2025062501017675,NICA,59,50,500.0,339.0,169500.0,2025-06-25
2025062504027327,HPPL,60,34,66.0,549.5,36267.0,2025-06-25
2025062505010029,HRL,57,35,400.0,879.7,351880.0,2025-06-25
2025062501017674,ULBSL,49,43,50.0,3301.0,165050.0,2025-06-25
2025062504027326,PPCL,22,44,700.0,399.0,279300.0,2025-06-25
2025062504027325,KPCL,57,22,25.0,571.0,14275.0,2025-06-25
2025062504027324,HURJA,41,34,60.0,256.0,15360.0,2025-06-25
2025062501017673,GBIME,6,54,50.0,230.0,11500.0,2025-06-25
2025062501017672,GBIME,42,54,50.0,230.0,11500.0,2025-06-25
2025062501017671,HIDCLP,58,16,1000.0,206.0,206000.0,2025-06-25
2025062504027323,MEN,80,25,2000.0,590.0,1180000.0,2025-06-25
2025062504027322,MEN,17,25,173.0,590.0,102070.0,2025-06-25
2025062505010028,GCIL,19,16,23.0,505.0,11615.0,2025-06-25
2025062505010027,GCIL,19,35,30.0,505.0,15150.0,2025-06-25
2025062501017670,EBL,41,14,60.0,635.0,38100.0,2025-06-25
2025062504027321,UPCL,39,71,409.0,410.0,167690.0,2025-06-25
2025062504027320,UPCL,39,44,591.0,410.0,242310.0,2025-06-25
2025062505010026,CIT,39,25,100.0,1880.0,188000.0,2025-06-25
2025062501017669,TPC,62,94,10.0,405.2,4052.0,2025-06-25
2025062501017668,TPC,62,35,1000.0,405.2,405200.0,2025-06-25
2025062501017667,TPC,62,17,10.0,405.2,4052.0,2025-06-25
2025062501017666,TPC,62,41,2428.0,405.2,983825.6,2025-06-25
2025062501017665,TPC,62,36,40.0,405.0,16200.0,2025-06-25
2025062501017664,TPC,62,37,165.0,405.0,66825.0,2025-06-25
2025062504027319,DHPL,18,34,140.0,339.0,47460.0,2025-06-25
2025062504027318,DHPL,18,33,1000.0,339.0,339000.0,2025-06-25
2025062504027317,DHPL,18,7,110.0,338.9,37279.0,2025-06-25
2025062504027316,DHPL,18,49,248.0,338.9,84047.2,2025-06-25
2025062504027315,DHPL,18,71,45.0,338.8,15246.0,2025-06-25
2025062504027314,GLH,44,21,158.0,275.0,43450.0,2025-06-25
2025062504027313,GLH,44,10,30.0,275.0,8250.0,2025-06-25
2025062504027312,GLH,44,99,100.0,275.0,27500.0,2025-06-25
2025062504027311,GLH,44,63,1000.0,275.0,275000.0,2025-06-25
2025062504027310,GLH,44,29,1252.0,275.0,344300.0,2025-06-25
2025062504027309,GLH,44,29,200.0,274.7,54940.0,2025-06-25
2025062504027308,GLH,44,58,250.0,274.5,68625.0,2025-06-25
2025062504027307,GLH,44,32,10.0,274.0,2740.0,2025-06-25
2025062503006494,NLIC,52,57,80.0,723.5,57880.0,2025-06-25
2025062504027306,SHL,43,50,200.0,561.1,112220.0,2025-06-25
2025062504027305,SHL,13,50,100.0,561.1,56110.0,2025-06-25
2025062505010025,SMATA,4,62,10.0,772.0,7720.0,2025-06-25
2025062501017663,SBL,22,4,100.0,304.1,30410.0,2025-06-25
2025062501017662,SBL,40,4,100.0,304.2,30420.0,2025-06-25
2025062504027304,JOSHI,57,45,50.0,361.0,18050.0,2025-06-25
2025062504027303,PPCL,22,44,79.0,399.0,31521.0,2025-06-25
2025062501017661,MBL,43,45,1000.0,217.0,217000.0,2025-06-25
2025062504027302,PPCL,5,63,100.0,398.9,39890.0,2025-06-25
2025062504027301,GHL,28,32,500.0,247.0,123500.0,2025-06-25
2025062501017660,PURE,32,35,10.0,992.0,9920.0,2025-06-25
2025062504027300,CGH,52,59,16.0,995.0,15920.0,2025-06-25
2025062504027299,CGH,52,14,50.0,995.0,49750.0,2025-06-25
2025062504027298,CGH,52,29,20.0,995.0,19900.0,2025-06-25
2025062501017659,PRVU,44,34,1360.0,202.0,274720.0,2025-06-25
2025062503006493,WNLB,53,38,19.0,1856.0,35264.0,2025-06-25
2025062503006492,WNLB,53,38,11.0,1845.0,20295.0,2025-06-25
2025062503006491,WNLB,53,39,10.0,1844.0,18440.0,2025-06-25
2025062503006490,WNLB,53,6,10.0,1843.0,18430.0,2025-06-25
2025062503006489,SAPDBL,45,62,88.0,918.5,80828.0,2025-06-25
2025062503006488,SAPDBL,45,57,12.0,918.4,11020.8,2025-06-25
2025062505010024,SAHAS,45,8,252.0,552.8,139305.6,2025-06-25
2025062505010023,SAHAS,45,44,300.0,552.7,165810.0,2025-06-25
2025062504027297,GLH,21,17,320.0,272.5,87200.0,2025-06-25
2025062504027296,GLH,41,17,30.0,273.0,8190.0,2025-06-25
2025062504027295,GLH,38,17,100.0,273.0,27300.0,2025-06-25
2025062504027294,GLH,32,17,500.0,273.0,136500.0,2025-06-25
2025062504027293,GLH,35,17,50.0,273.4,13670.0,2025-06-25
2025062505010022,NIFRA,51,56,10.0,271.5,2715.0,2025-06-25
2025062504027292,SHPC,19,59,10.0,612.6,6126.0,2025-06-25
2025062501017658,PRVU,44,62,700.0,202.0,141400.0,2025-06-25
2025062501017657,TPC,42,37,235.0,405.0,95175.0,2025-06-25
2025062504027291,SHPC,38,35,50.0,612.0,30600.0,2025-06-25
2025062504027290,HDHPC,28,52,10.0,198.4,1984.0,2025-06-25
2025062504027289,SHEL,41,6,720.0,302.2,217584.0,2025-06-25
2025062504027288,SHEL,44,6,280.0,302.3,84644.0,2025-06-25
2025062503006487,MSLB,35,57,50.0,1169.1,58455.0,2025-06-25
2025062503006486,NLICL,33,32,100.0,577.0,57700.0,2025-06-25
2025062503006485,NLICL,33,6,163.0,577.0,94051.0,2025-06-25
2025062503006484,NLICL,33,54,50.0,577.0,28850.0,2025-06-25
2025062503006483,NLICL,33,51,335.0,576.9,193261.5,2025-06-25
2025062503006482,NLICL,33,51,500.0,576.8,288400.0,2025-06-25
2025062503006481,NLICL,33,40,100.0,576.0,57600.0,2025-06-25
2025062503006480,NLICL,33,11,50.0,575.5,28775.0,2025-06-25
2025062501017656,EBL,41,17,20.0,635.5,12710.0,2025-06-25
2025062503006479,SIFC,41,5,20.0,511.0,10220.0,2025-06-25
2025062503006478,SIFC,41,48,20.0,511.0,10220.0,2025-06-25
2025062503006477,SIFC,41,13,30.0,511.0,15330.0,2025-06-25
2025062505010021,SAHAS,34,57,160.0,552.5,88400.0,2025-06-25
2025062504027287,NGPL,17,53,500.0,400.6,200300.0,2025-06-25
2025062501017655,NWCL,47,45,10.0,852.0,8520.0,2025-06-25
2025062504027286,MHNL,7,3,40.0,287.0,11480.0,2025-06-25
2025062504027285,NLG,48,58,10.0,764.0,7640.0,2025-06-25
2025062501017654,SRLI,25,58,10.0,394.6,3946.0,2025-06-25
2025062503006476,SKBBL,42,32,20.0,786.6,15732.0,2025-06-25
2025062504027284,IGI,7,38,25.0,513.0,12825.0,2025-06-25
2025062503006475,NLIC,7,57,20.0,723.5,14470.0,2025-06-25
2025062504027283,CGH,52,16,200.0,995.0,199000.0,2025-06-25
2025062504027282,LEC,1,55,20.0,215.1,4302.0,2025-06-25
2025062504027281,LEC,35,55,310.0,215.4,66774.0,2025-06-25
2025062504027280,LEC,1,55,210.0,215.5,45255.0,2025-06-25
2025062501017653,PRVU,58,21,10.0,202.5,2025.0,2025-06-25
2025062505010020,HDL,41,14,10.0,1177.0,11770.0,2025-06-25
2025062501017652,OMPL,44,58,10.0,1444.5,14445.0,2025-06-25
2025062504027279,NGPL,41,59,180.0,400.5,72090.0,2025-06-25
2025062504027278,MEN,17,49,15.0,590.0,8850.0,2025-06-25
2025062504027277,MEN,48,49,30.0,591.0,17730.0,2025-06-25
2025062504027276,BPCL,64,49,500.0,840.1,420050.0,2025-06-25
2025062504027275,BPCL,91,49,500.0,841.2,420600.0,2025-06-25
2025062501017651,EHPL,94,25,10.0,544.0,5440.0,2025-06-25
2025062501017650,EHPL,94,39,43.0,543.0,23349.0,2025-06-25
2025062501017649,EHPL,94,11,90.0,543.0,48870.0,2025-06-25
2025062501017648,BNT,38,44,10.0,12350.0,123500.0,2025-06-25
2025062504027274,UMHL,62,29,777.0,546.0,424242.0,2025-06-25
2025062504027273,LEC,1,35,290.0,215.5,62495.0,2025-06-25
2025062504027272,CHL,5,48,947.0,323.0,305881.0,2025-06-25
2025062504027271,CHL,48,48,300.0,323.0,96900.0,2025-06-25
2025062504027270,CHL,14,48,500.0,323.1,161550.0,2025-06-25
2025062504027269,CHL,25,48,100.0,324.2,32420.0,2025-06-25
2025062504027268,CHL,42,48,100.0,324.2,32420.0,2025-06-25
2025062504027267,CHL,45,48,53.0,325.0,17225.0,2025-06-25
2025062501017647,USHL,54,47,10.0,599.9,5999.0,2025-06-25
2025062504027266,CGH,52,58,90.0,995.0,89550.0,2025-06-25
2025062501017646,HIDCLP,39,16,200.0,206.0,41200.0,2025-06-25
2025062504027265,SHEL,19,83,837.0,302.8,253443.6,2025-06-25
2025062504027264,SHEL,19,58,126.0,302.5,38115.0,2025-06-25
2025062504027263,SHEL,19,47,37.0,302.5,11192.5,2025-06-25
2025062504027262,SHEL,19,41,1000.0,302.4,302400.0,2025-06-25
2025062501017645,NMIC,1,62,80.0,1600.0,128000.0,2025-06-25
2025062504027261,SHEL,44,19,120.0,302.3,36276.0,2025-06-25
2025062504027260,AKPL,42,97,200.0,257.2,51440.0,2025-06-25
2025062504027259,AKPL,40,97,100.0,257.2,25720.0,2025-06-25
2025062503006474,GLBSL,64,55,30.0,2130.0,63900.0,2025-06-25
2025062503006473,GLBSL,26,55,20.0,2131.0,42620.0,2025-06-25
2025062501017644,NICA,58,6,700.0,338.5,236950.0,2025-06-25
2025062504027258,IGI,26,38,10.0,513.0,5130.0,2025-06-25
2025062501017643,MKJC,58,21,10.0,535.0,5350.0,2025-06-25
2025062504027257,AHPC,49,14,330.0,285.1,94083.0,2025-06-25
2025062504027256,AHPC,49,45,170.0,285.1,48467.0,2025-06-25
2025062504027255,SHEL,41,57,58.0,302.2,17527.6,2025-06-25
2025062504027254,CHL,45,43,547.0,325.0,177775.0,2025-06-25
2025062504027253,CHL,6,43,403.0,325.0,130975.0,2025-06-25
2025062504027252,CHL,38,43,50.0,325.1,16255.0,2025-06-25
2025062504027251,HURJA,41,66,300.0,256.0,76800.0,2025-06-25
2025062501017642,NYADI,45,71,220.0,420.0,92400.0,2025-06-25
2025062501017641,NYADI,58,71,500.0,421.0,210500.0,2025-06-25
2025062501017640,PCBL,65,29,404.0,236.8,95667.2,2025-06-25
2025062501017639,SAND2085,17,45,25.0,1125.0,28125.0,2025-06-25
2025062503006472,HLBSL,38,45,20.0,907.0,18140.0,2025-06-25
2025062503006471,HLBSL,38,45,20.0,907.1,18142.0,2025-06-25
2025062503006470,HLBSL,38,45,10.0,907.1,9071.0,2025-06-25
2025062504027250,RADHI,48,85,52.0,800.0,41600.0,2025-06-25
2025062504027249,RADHI,48,39,2948.0,800.0,2358400.0,2025-06-25
2025062505010019,HIDCL,44,34,1000.0,287.0,287000.0,2025-06-25
2025062501017638,ULHC,62,50,10.0,460.0,4600.0,2025-06-25
2025062501017637,CREST,36,43,20.0,1459.0,29180.0,2025-06-25
2025062501017636,CREST,36,32,10.0,1457.0,14570.0,2025-06-25
2025062504027248,CGH,42,8,100.0,995.6,99560.0,2025-06-25
2025062501017635,SANIMA,11,42,510.0,314.6,160446.0,2025-06-25
2025062505010018,CHDC,35,43,310.0,2625.0,813750.0,2025-06-25
2025062505010017,CHDC,35,6,116.0,2624.0,304384.0,2025-06-25
2025062505010016,CHDC,35,45,12.0,2623.9,31486.8,2025-06-25
2025062505010015,CHDC,35,43,62.0,2622.0,162564.0,2025-06-25
2025062504027247,SALICO,43,7,400.0,668.1,267240.0,2025-06-25
2025062504027246,SALICO,7,7,100.0,669.0,66900.0,2025-06-25
2025062503006469,MNBBL,43,55,300.0,354.0,106200.0,2025-06-25
2025062501017634,MKJC,6,21,20.0,535.0,10700.0,2025-06-25
2025062505010014,SHIVM,56,51,150.0,503.9,75585.0,2025-06-25
2025062501017633,OMPL,59,59,10.0,1440.0,14400.0,2025-06-25
2025062501017632,MKCL,35,13,20.0,1464.0,29280.0,2025-06-25
2025062505010013,NRM,11,57,440.0,433.0,190520.0,2025-06-25
2025062505010012,NRM,57,57,40.0,433.0,17320.0,2025-06-25
2025062505010011,NRM,38,57,90.0,433.1,38979.0,2025-06-25
2025062504027245,BPCL,64,58,1000.0,842.0,842000.0,2025-06-25
2025062504027244,IGI,45,38,30.0,513.0,15390.0,2025-06-25
2025062504027243,IGI,45,38,35.0,513.0,17955.0,2025-06-25
2025062501017631,MKJC,22,58,11.0,539.0,5929.0,2025-06-25
2025062503006468,MERO,42,22,32.0,724.0,23168.0,2025-06-25
2025062503006467,FOWAD,58,45,14.0,1081.2,15136.8,2025-06-25
2025062503006466,ICFC,45,42,100.0,600.0,60000.0,2025-06-25
2025062504027242,SHL,36,7,350.0,562.5,196875.0,2025-06-25
2025062504027241,SHL,36,41,150.0,562.2,84330.0,2025-06-25
2025062504027240,KKHC,51,49,150.0,404.5,60675.0,2025-06-25
2025062504027239,KKHC,51,40,100.0,404.4,40440.0,2025-06-25
2025062504027238,SHPC,38,77,750.0,612.0,459000.0,2025-06-25
2025062504027237,SHPC,54,77,2250.0,612.1,1377225.0,2025-06-25
2025062504027236,PPCL,42,44,1400.0,399.0,558600.0,2025-06-25
2025062501017630,PPL,47,47,20.0,387.9,7758.0,2025-06-25
2025062501017629,SMHL,58,98,28.0,940.0,26320.0,2025-06-25
2025062503006465,GLBSL,49,63,58.0,2160.0,125280.0,2025-06-25
2025062503006464,GLBSL,49,58,32.0,2159.0,69088.0,2025-06-25
2025062503006463,GLBSL,49,21,10.0,2158.0,21580.0,2025-06-25
2025062504027235,UPPER,42,38,1010.0,194.1,196041.0,2025-06-25
2025062501017628,SBI,17,34,10.0,386.0,3860.0,2025-06-25
2025062501017627,BHDC,53,28,20.0,449.5,8990.0,2025-06-25
2025062503006462,SINDU,34,38,65.0,737.0,47905.0,2025-06-25
2025062503006461,GLBSL,45,1,11.0,2132.0,23452.0,2025-06-25
2025062501017626,CREST,58,32,30.0,1457.0,43710.0,2025-06-25
2025062504027234,JOSHI,10,45,100.0,361.0,36100.0,2025-06-25
2025062504027233,API,6,45,50.0,292.0,14600.0,2025-06-25
2025062503006460,EDBL,20,17,50.0,561.4,28070.0,2025-06-25
2025062505010010,SHIVM,34,25,184.0,503.4,92625.6,2025-06-25
2025062504027232,SPDL,49,91,200.0,421.3,84260.0,2025-06-25
2025062504027231,UPCL,81,44,100.0,410.0,41000.0,2025-06-25
2025062501017625,NMB,45,36,1330.0,235.0,312550.0,2025-06-25
2025062501017624,NMB,74,36,25.0,235.0,5875.0,2025-06-25
2025062501017623,NMB,22,36,150.0,235.0,35250.0,2025-06-25
2025062501017622,NMB,58,36,100.0,235.1,23510.0,2025-06-25
2025062501017621,NMB,11,36,20.0,235.1,4702.0,2025-06-25
2025062504027230,CHL,6,58,97.0,325.0,31525.0,2025-06-25
2025062504027229,CHL,53,58,228.0,325.0,74100.0,2025-06-25
2025062504027228,CHL,57,58,375.0,325.0,121875.0,2025-06-25
2025062504027227,BPCL,74,58,200.0,842.0,168400.0,2025-06-25
2025062501017620,RAWA,29,58,20.0,780.2,15604.0,2025-06-25
2025062504027226,RIDI,52,42,400.0,263.0,105200.0,2025-06-25
2025062504027225,RIDI,52,42,100.0,263.0,26300.0,2025-06-25
2025062504027224,RIDI,52,44,40.0,262.9,10516.0,2025-06-25
2025062504027223,RIDI,52,21,200.0,262.5,52500.0,2025-06-25
2025062504027222,NGPL,41,52,37.0,400.5,14818.5,2025-06-25
2025062501017619,TVCL,26,25,75.0,505.5,37912.5,2025-06-25
2025062505010009,RNLI,49,21,11.0,434.0,4774.0,2025-06-25
2025062503006459,CORBL,49,29,10.0,2150.0,21500.0,2025-06-25
2025062504027221,CHCL,17,51,170.0,547.6,93092.0,2025-06-25
2025062504027220,CHCL,17,51,255.0,547.6,139638.0,2025-06-25
2025062504027219,CHCL,17,50,25.0,547.5,13687.5,2025-06-25
2025062505010008,NIFRA,66,62,1201.0,271.2,325711.2,2025-06-25
2025062505010007,NIFRA,41,62,280.0,271.3,75964.0,2025-06-25
2025062505010006,NIFRA,61,62,50.0,271.3,13565.0,2025-06-25
2025062505010005,NIFRA,48,62,469.0,271.3,127239.7,2025-06-25
2025062503006458,MLBL,58,49,1291.0,373.0,481543.0,2025-06-25
2025062503006457,MLBL,58,48,1209.0,373.0,450957.0,2025-06-25
2025062504027218,HPPL,58,95,2610.0,549.1,1433151.0,2025-06-25
2025062504027217,HPPL,7,95,100.0,549.2,54920.0,2025-06-25
2025062504027216,HPPL,38,95,200.0,549.2,109840.0,2025-06-25
2025062501017618,PURE,75,22,10.0,990.0,9900.0,2025-06-25
2025062501017617,NIMB,41,45,11.0,207.0,2277.0,2025-06-25
2025062503006456,NLIC,51,34,55.0,723.1,39770.5,2025-06-25
2025062503006455,NFS,1,45,38.0,606.3,23039.4,2025-06-25
2025062503006454,NFS,1,95,20.0,606.3,12126.0,2025-06-25
2025062504027215,PMHPL,98,96,500.0,440.0,220000.0,2025-06-25
2025062505010004,HRL,41,45,10.0,879.0,8790.0,2025-06-25
2025062501017616,SMH,54,42,10.0,813.5,8135.0,2025-06-25
2025062505010003,SONA,56,54,100.0,447.0,44700.0,2025-06-25
2025062504027214,JOSHI,86,17,100.0,361.0,36100.0,2025-06-25
2025062504027213,JOSHI,58,17,244.0,361.0,88084.0,2025-06-25
2025062504027212,JOSHI,45,17,10.0,361.0,3610.0,2025-06-25
2025062504027211,JOSHI,47,17,200.0,361.0,72200.0,2025-06-25
2025062504027210,JOSHI,42,17,170.0,361.0,61370.0,2025-06-25
2025062504027209,UMHL,64,39,50.0,546.1,27305.0,2025-06-25
2025062504027208,SSHL,59,42,100.0,248.3,24830.0,2025-06-25
2025062501017615,LSL,47,25,50.0,210.7,10535.0,2025-06-25
2025062501017614,MKJC,86,58,331.0,539.0,178409.0,2025-06-25
2025062501017613,MKJC,86,45,100.0,538.9,53890.0,2025-06-25
2025062501017612,MKJC,86,28,10.0,537.5,5375.0,2025-06-25
2025062501017611,MKJC,86,43,50.0,536.9,26845.0,2025-06-25
2025062501017610,MKJC,86,36,50.0,535.0,26750.0,2025-06-25
2025062501017609,MKJC,86,44,100.0,535.0,53500.0,2025-06-25
2025062501017608,MKJC,86,7,100.0,535.0,53500.0,2025-06-25
2025062501017607,MKJC,86,35,228.0,535.0,121980.0,2025-06-25
2025062501017606,MKJC,86,57,31.0,535.0,16585.0,2025-06-25
2025062504027207,SSHL,55,22,1825.0,249.0,454425.0,2025-06-25
2025062504027206,SSHL,55,50,200.0,249.0,49800.0,2025-06-25
2025062504027205,SSHL,55,66,500.0,249.0,124500.0,2025-06-25
2025062504027204,SSHL,55,58,100.0,249.0,24900.0,2025-06-25
2025062504027203,SSHL,55,17,80.0,249.0,19920.0,2025-06-25
2025062504027202,SSHL,55,11,25.0,249.0,6225.0,2025-06-25
2025062504027201,SSHL,55,81,270.0,249.0,67230.0,2025-06-25
2025062501017605,NICA,1,50,100.0,339.0,33900.0,2025-06-25
2025062501017604,NICA,25,50,242.0,339.0,82038.0,2025-06-25
2025062504027200,RHPL,1,4,10.0,377.2,3772.0,2025-06-25
2025062504027199,SHEL,36,19,20.0,302.3,6046.0,2025-06-25
2025062504027198,SHEL,36,13,480.0,302.3,145104.0,2025-06-25
2025062504027197,HEI,49,49,50.0,559.0,27950.0,2025-06-25
2025062504027196,UPCL,49,44,376.0,410.0,154160.0,2025-06-25
2025062504027195,HPPL,41,57,500.0,549.3,274650.0,2025-06-25
2025062504027194,HPPL,57,57,1000.0,549.4,549400.0,2025-06-25
2025062504027193,HPPL,91,57,1000.0,549.5,549500.0,2025-06-25
2025062501017603,HBL,57,61,10.0,214.0,2140.0,2025-06-25
2025062501017602,HBL,57,49,87.0,214.0,18618.0,2025-06-25
2025062501017601,HBL,57,42,10.0,214.0,2140.0,2025-06-25
2025062501017600,HBL,57,48,10.0,214.0,2140.0,2025-06-25
2025062501017599,HBL,57,4,400.0,213.9,85560.0,2025-06-25
2025062501017598,NYADI,45,38,500.0,420.0,210000.0,2025-06-25
2025062504027192,NGPL,41,59,50.0,400.4,20020.0,2025-06-25
2025062504027191,NGPL,41,36,100.0,400.3,40030.0,2025-06-25
2025062501017597,BHL,21,58,435.0,207.0,90045.0,2025-06-25
2025062501017596,BHL,43,58,100.0,207.0,20700.0,2025-06-25
2025062501017595,BHL,32,58,100.0,207.0,20700.0,2025-06-25
2025062501017594,BHL,38,58,50.0,207.0,10350.0,2025-06-25
2025062501017593,BHL,42,58,15.0,207.0,3105.0,2025-06-25
2025062504027190,NHDL,45,45,46.0,656.3,30189.8,2025-06-25
2025062504027189,NHDL,32,45,52.0,656.4,34132.8,2025-06-25
2025062504027188,NHDL,33,45,50.0,656.5,32825.0,2025-06-25
2025062504027187,NHDL,59,45,200.0,656.6,131320.0,2025-06-25
2025062504027186,NHDL,48,45,142.0,657.0,93294.0,2025-06-25
2025062504027185,NHDL,1,45,10.0,657.1,6571.0,2025-06-25
2025062501017592,RFPL,48,57,10.0,564.9,5649.0,2025-06-25
2025062504027184,AKPL,33,97,500.0,257.2,128600.0,2025-06-25
2025062504027183,AKPL,58,97,100.0,257.2,25720.0,2025-06-25
2025062504027182,AKPL,45,97,65.0,257.4,16731.0,2025-06-25
2025062504027181,AKPL,45,97,45.0,257.5,11587.5,2025-06-25
2025062504027180,SPDL,49,82,900.0,421.3,379170.0,2025-06-25
2025062504027179,BARUN,18,35,523.0,370.0,193510.0,2025-06-25
2025062503006453,SINDU,42,38,50.0,737.0,36850.0,2025-06-25
2025062501017591,PRVU,68,34,200.0,202.6,40520.0,2025-06-25
2025062501017590,MKJC,68,57,159.0,535.0,85065.0,2025-06-25
2025062501017589,MKJC,68,4,75.0,534.0,40050.0,2025-06-25
2025062501017588,MKJC,68,49,10.0,534.0,5340.0,2025-06-25
2025062501017587,MKJC,68,38,30.0,533.9,16017.0,2025-06-25
2025062501017586,MKJC,68,58,169.0,533.9,90229.1,2025-06-25
2025062501017585,MKJC,68,22,57.0,532.8,30369.6,2025-06-25
2025062505010002,NTC,58,16,80.0,842.1,67368.0,2025-06-25
2025062503006452,SHINE,13,55,100.0,397.4,39740.0,2025-06-25
2025062504027178,CHCL,4,50,185.0,547.5,101287.5,2025-06-25
2025062501017584,MKHL,45,33,260.0,741.6,192816.0,2025-06-25
2025062501017583,MKHL,84,33,240.0,742.0,178080.0,2025-06-25
2025062503006451,GFCL,33,58,85.0,603.0,51255.0,2025-06-25
2025062503006450,GFCL,33,48,15.0,602.9,9043.5,2025-06-25
2025062503006449,SINDU,26,38,1000.0,737.0,737000.0,2025-06-25
2025062503006448,SINDU,58,38,25.0,737.0,18425.0,2025-06-25
2025062503006447,SINDU,38,38,70.0,737.0,51590.0,2025-06-25
2025062504027177,PPCL,22,44,500.0,399.0,199500.0,2025-06-25
2025062501017582,MHCL,49,1,100.0,428.0,42800.0,2025-06-25
2025062503006446,LBBL,34,45,683.0,424.2,289728.6,2025-06-25
2025062503006445,LBBL,49,45,117.0,424.7,49689.9,2025-06-25
2025062504027176,NGPL,36,36,100.0,400.3,40030.0,2025-06-25
2025062503006444,SAPDBL,38,70,15.0,912.0,13680.0,2025-06-25
2025062503006443,SAPDBL,80,70,100.0,912.0,91200.0,2025-06-25
2025062503006442,SAPDBL,80,70,100.0,913.0,91300.0,2025-06-25
2025062503006441,SAPDBL,41,70,45.0,915.0,41175.0,2025-06-25
2025062503006440,SAPDBL,54,70,40.0,915.1,36604.0,2025-06-25
2025062503006439,SAPDBL,55,70,190.0,916.0,174040.0,2025-06-25
2025062504027175,SGIC,49,39,150.0,530.0,79500.0,2025-06-25
2025062503006438,FMDBL,44,42,500.0,743.0,371500.0,2025-06-25
2025062504027174,HEI,47,19,10.0,560.0,5600.0,2025-06-25
2025062504027173,BPCL,86,58,10.0,842.0,8420.0,2025-06-25
2025062504027172,BPCL,64,50,285.0,840.1,239428.5,2025-06-25
2025062504027171,BPCL,45,50,85.0,840.2,71417.0,2025-06-25
2025062504027170,BPCL,69,50,1000.0,840.3,840300.0,2025-06-25
2025062504027169,BPCL,75,50,100.0,841.0,84100.0,2025-06-25
2025062504027168,BPCL,64,50,530.0,841.3,445889.0,2025-06-25
2025062501017581,TAMOR,57,57,170.0,514.5,87465.0,2025-06-25
2025062501017580,PURE,75,16,250.0,990.0,247500.0,2025-06-25
2025062501017579,PURE,75,34,10.0,990.0,9900.0,2025-06-25
2025062501017578,PURE,75,34,20.0,990.0,19800.0,2025-06-25
2025062501017577,PURE,75,6,10.0,990.0,9900.0,2025-06-25
2025062501017576,PURE,75,35,10.0,990.0,9900.0,2025-06-25
2025062501017575,PURE,75,53,80.0,990.0,79200.0,2025-06-25
2025062503006437,MLBL,38,48,100.0,373.0,37300.0,2025-06-25
2025062504027167,JOSHI,42,38,830.0,361.0,299630.0,2025-06-25
2025062504027166,JOSHI,42,38,100.0,361.0,36100.0,2025-06-25
2025062504027165,JOSHI,42,38,70.0,361.0,25270.0,2025-06-25
2025062504027164,UPCL,19,44,33.0,410.0,13530.0,2025-06-25
2025062504027163,UNHPL,62,94,825.0,438.8,362010.0,2025-06-25
2025062504027162,UNHPL,62,32,120.0,438.0,52560.0,2025-06-25
2025062504027161,UNHPL,62,21,150.0,438.0,65700.0,2025-06-25
2025062504027160,UNHPL,62,54,50.0,437.0,21850.0,2025-06-25
2025062504027159,UNHPL,62,42,500.0,437.0,218500.0,2025-06-25
2025062504027158,UNHPL,62,42,10.0,437.0,4370.0,2025-06-25
2025062504027157,UNHPL,62,44,345.0,437.0,150765.0,2025-06-25
2025062501017574,USHEC,32,6,100.0,426.9,42690.0,2025-06-25
2025062501017573,USHEC,32,13,60.0,426.9,25614.0,2025-06-25
2025062501017572,GVL,25,42,300.0,444.1,133230.0,2025-06-25
2025062501017571,MKHL,84,47,10.0,742.0,7420.0,2025-06-25
2025062504027156,BPCL,58,58,200.0,842.0,168400.0,2025-06-25
2025062501017570,NABIL,55,6,20.0,486.5,9730.0,2025-06-25
2025062505010001,RNLI,49,54,11.0,434.0,4774.0,2025-06-25
2025062505010000,RNLI,49,52,11.0,434.0,4774.0,2025-06-25
2025062505009999,RNLI,49,22,11.0,434.0,4774.0,2025-06-25
2025062505009998,RNLI,49,58,11.0,434.0,4774.0,2025-06-25
2025062505009997,RNLI,49,26,11.0,434.0,4774.0,2025-06-25
2025062505009996,RNLI,49,58,11.0,434.0,4774.0,2025-06-25
2025062505009995,RNLI,49,7,20.0,434.0,8680.0,2025-06-25
2025062505009994,RNLI,49,17,11.0,433.5,4768.5,2025-06-25
2025062505009993,RNLI,49,59,10.0,433.3,4333.0,2025-06-25
2025062505009992,RNLI,49,51,11.0,433.2,4765.2,2025-06-25
2025062505009991,RNLI,49,49,220.0,433.2,95304.0,2025-06-25
2025062505009990,RNLI,49,45,479.0,433.0,207407.0,2025-06-25
2025062501017569,HIDCLP,57,16,579.0,206.0,119274.0,2025-06-25
2025062504027155,GHL,26,32,400.0,247.0,98800.0,2025-06-25
2025062504027154,BPCL,64,38,70.0,841.3,58891.0,2025-06-25
2025062504027153,NGPL,38,36,50.0,400.3,20015.0,2025-06-25
2025062504027152,NGPL,5,36,100.0,400.3,40030.0,2025-06-25
2025062504027151,AKPL,45,80,35.0,257.4,9009.0,2025-06-25
2025062501017568,SARBTM,62,45,183.0,826.1,151176.3,2025-06-25
2025062501017567,SARBTM,4,45,50.0,827.0,41350.0,2025-06-25
2025062501017566,SARBTM,7,45,50.0,827.0,41350.0,2025-06-25
2025062501017565,SARBTM,42,45,349.0,827.0,288623.0,2025-06-25
2025062501017564,SARBTM,42,45,100.0,827.0,82700.0,2025-06-25
2025062501017563,SARBTM,4,45,50.0,828.0,41400.0,2025-06-25
2025062503006436,MLBL,25,45,60.0,372.4,22344.0,2025-06-25
2025062504027150,UMRH,44,48,144.0,580.0,83520.0,2025-06-25
2025062504027149,UMRH,60,48,156.0,580.0,90480.0,2025-06-25
2025062501017562,PCBL,65,51,150.0,236.8,35520.0,2025-06-25
2025062505009989,NIFRA,48,47,31.0,271.3,8410.3,2025-06-25
2025062505009988,NIFRA,57,47,23.0,271.3,6239.9,2025-06-25
2025062504027148,UPCL,52,44,900.0,410.2,369180.0,2025-06-25
2025062504027147,MEN,17,55,12.0,590.0,7080.0,2025-06-25
2025062504027146,MEN,56,55,108.0,590.0,63720.0,2025-06-25
2025062504027145,SHEL,41,58,300.0,302.2,90660.0,2025-06-25
2025062503006435,NLIC,5,98,10.0,723.1,7231.0,2025-06-25
2025062503006434,NLIC,13,98,46.0,723.1,33262.6,2025-06-25
2025062504027144,SICL,36,38,38.0,725.0,27550.0,2025-06-25
2025062504027143,JOSHI,42,51,400.0,361.0,144400.0,2025-06-25
2025062501017561,MEHL,50,11,240.0,423.1,101544.0,2025-06-25
2025062501017560,NICA,25,28,10.0,339.0,3390.0,2025-06-25
2025062504027142,SPDL,49,47,950.0,421.3,400235.0,2025-06-25
2025062504027141,SPDL,35,47,50.0,422.0,21100.0,2025-06-25
2025062503006433,NLIC,55,33,10.0,724.0,7240.0,2025-06-25
2025062501017559,PURE,34,6,10.0,988.0,9880.0,2025-06-25
2025062501017558,PURE,32,6,140.0,988.0,138320.0,2025-06-25
2025062501017557,GVL,17,58,75.0,445.0,33375.0,2025-06-25
2025062504027140,BPCL,57,58,120.0,842.0,101040.0,2025-06-25
2025062504027139,BPCL,64,29,400.0,841.3,336520.0,2025-06-25
2025062501017556,NMB,11,41,19.0,235.1,4466.9,2025-06-25
2025062503006432,SLBBL,47,70,68.0,850.0,57800.0,2025-06-25
2025062503006431,GUFL,48,8,10.0,533.0,5330.0,2025-06-25
2025062504027138,PMHPL,48,96,23.0,440.0,10120.0,2025-06-25
2025062504027137,PMHPL,48,7,80.0,439.0,35120.0,2025-06-25
2025062505009987,SAHAS,25,45,100.0,552.0,55200.0,2025-06-25
2025062501017555,PURE,36,53,20.0,990.0,19800.0,2025-06-25
2025062501017554,PURE,36,58,10.0,989.0,9890.0,2025-06-25
2025062505009986,SAHAS,25,17,300.0,552.0,165600.0,2025-06-25
2025062505009985,SAHAS,25,57,225.0,552.0,124200.0,2025-06-25
2025062505009984,SAHAS,25,7,40.0,552.0,22080.0,2025-06-25
2025062505009983,SAHAS,25,25,226.0,552.0,124752.0,2025-06-25
2025062501017553,BEDC,25,50,118.0,633.0,74694.0,2025-06-25
2025062501017552,BEDC,25,21,60.0,632.9,37974.0,2025-06-25
2025062501017551,BEDC,25,81,50.0,632.7,31635.0,2025-06-25
2025062504027136,PMHPL,74,7,500.0,439.0,219500.0,2025-06-25
2025062503006430,CFCL,35,47,20.0,503.0,10060.0,2025-06-25
2025062503006429,CFCL,7,47,40.0,503.0,20120.0,2025-06-25
2025062503006428,CFCL,6,47,40.0,503.0,20120.0,2025-06-25
2025062503006427,SINDU,38,47,30.0,737.0,22110.0,2025-06-25
2025062503006426,SINDU,42,47,20.0,737.0,14740.0,2025-06-25
2025062504027135,HURJA,67,51,32.0,256.8,8217.6,2025-06-25
2025062504027134,HURJA,67,34,50.0,256.8,12840.0,2025-06-25
2025062504027133,HURJA,67,38,20.0,256.8,5136.0,2025-06-25
2025062504027132,HURJA,67,47,100.0,256.7,25670.0,2025-06-25
2025062504027131,HURJA,67,84,50.0,256.0,12800.0,2025-06-25
2025062504027130,HURJA,67,11,100.0,256.0,25600.0,2025-06-25
2025062504027129,HURJA,67,38,148.0,256.0,37888.0,2025-06-25
2025062501017550,ADBL,42,57,70.0,282.0,19740.0,2025-06-25
2025062501017549,ADBL,42,21,200.0,282.0,56400.0,2025-06-25
2025062501017548,ADBL,42,38,584.0,282.0,164688.0,2025-06-25
2025062503006425,GMFIL,58,6,172.0,471.0,81012.0,2025-06-25
2025062505009982,MEL,57,13,10.0,331.5,3315.0,2025-06-25
2025062504027128,AKJCL,58,34,10.0,211.6,2116.0,2025-06-25
2025062504027127,NHPC,94,58,32.0,212.0,6784.0,2025-06-25
2025062504027126,NGPL,66,36,50.0,400.3,20015.0,2025-06-25
2025062504027125,NGPL,66,32,200.0,400.2,80040.0,2025-06-25
2025062501017547,MKJC,22,22,11.0,532.8,5860.8,2025-06-25
2025062505009981,SAHAS,22,25,100.0,552.0,55200.0,2025-06-25
2025062504027124,UPCL,26,58,170.0,409.0,69530.0,2025-06-25
2025062504027123,UPCL,11,58,200.0,409.9,81980.0,2025-06-25
2025062504027122,UPCL,48,58,1210.0,410.0,496100.0,2025-06-25
2025062504027121,UPCL,59,58,720.0,410.0,295200.0,2025-06-25
2025062504027120,UPCL,75,58,500.0,410.0,205000.0,2025-06-25
2025062504027119,UPCL,48,58,1150.0,410.0,471500.0,2025-06-25
2025062504027118,UPCL,99,58,1000.0,410.1,410100.0,2025-06-25
2025062504027117,UPCL,62,58,25.0,410.3,10257.5,2025-06-25
2025062504027116,UPCL,36,58,25.0,410.5,10262.5,2025-06-25
2025062504027115,PPCL,41,44,125.0,399.0,49875.0,2025-06-25
2025062504027114,CGH,52,51,52.0,995.0,51740.0,2025-06-25
2025062503006424,SMPDA,53,62,170.0,911.2,154904.0,2025-06-25
2025062503006423,SMPDA,14,62,10.0,911.3,9113.0,2025-06-25
2025062504027113,SHPC,54,35,500.0,612.1,306050.0,2025-06-25
2025062505009980,HIDCL,32,34,30.0,287.0,8610.0,2025-06-25
2025062501017546,NBL,42,58,25.0,252.2,6305.0,2025-06-25
2025062504027112,SHPC,54,42,250.0,612.1,153025.0,2025-06-25
2025062504027111,API,6,6,54.0,292.0,15768.0,2025-06-25
2025062504027110,API,6,14,379.0,292.0,110668.0,2025-06-25
2025062504027109,API,6,21,30.0,291.5,8745.0,2025-06-25
2025062504027108,GHL,58,32,12.0,247.0,2964.0,2025-06-25
2025062504027107,SHEL,57,13,200.0,302.3,60460.0,2025-06-25
2025062503006422,KMCDB,75,47,100.0,989.0,98900.0,2025-06-25
2025062505009979,HATHY,38,16,10.0,1213.0,12130.0,2025-06-25
2025062504027106,NHPC,34,58,100.0,212.0,21200.0,2025-06-25
2025062501017545,TVCL,38,45,25.0,508.0,12700.0,2025-06-25
2025062504027105,CHCL,44,82,100.0,547.0,54700.0,2025-06-25
2025062504027104,CHCL,17,82,100.0,547.1,54710.0,2025-06-25
2025062504027103,CHCL,50,82,100.0,547.2,54720.0,2025-06-25
2025062501017544,MKJC,17,28,179.0,530.0,94870.0,2025-06-25
2025062501017543,MKJC,68,28,321.0,533.0,171093.0,2025-06-25
2025062501017542,MKJC,68,52,500.0,533.0,266500.0,2025-06-25
2025062501017541,MKJC,68,16,89.0,532.9,47428.1,2025-06-25
2025062501017540,MKJC,68,58,50.0,532.0,26600.0,2025-06-25
2025062501017539,MKJC,68,59,40.0,530.1,21204.0,2025-06-25
2025062504027102,PMHPL,58,7,150.0,439.0,65850.0,2025-06-25
2025062504027101,PMHPL,77,7,190.0,439.1,83429.0,2025-06-25
2025062501017538,OMPL,44,56,150.0,1440.0,216000.0,2025-06-25
2025062504027100,SSHL,42,81,10.0,249.0,2490.0,2025-06-25
2025062504027099,KKHC,51,42,200.0,404.0,80800.0,2025-06-25
2025062504027098,SJCL,58,41,70.0,324.9,22743.0,2025-06-25
2025062505009978,HIDCL,60,34,1000.0,287.0,287000.0,2025-06-25
2025062504027097,AKJCL,45,43,309.0,210.3,64982.7,2025-06-25
2025062504027096,AKJCL,8,43,100.0,210.5,21050.0,2025-06-25
2025062504027095,AKJCL,69,43,66.0,210.5,13893.0,2025-06-25
2025062504027094,AKJCL,21,43,525.0,211.5,111037.5,2025-06-25
2025062505009977,NSIF2,47,49,100.0,10.56,1056.0,2025-06-25
2025062505009976,ILI,7,58,2.0,435.2,870.4,2025-06-25
2025062505009975,ILI,58,58,10.0,435.2,4352.0,2025-06-25
2025062501017537,PURE,32,38,10.0,988.0,9880.0,2025-06-25
2025062501017536,TVCL,38,25,10.0,508.0,5080.0,2025-06-25
2025062501017535,TVCL,38,19,30.0,507.9,15237.0,2025-06-25
2025062501017534,TVCL,38,53,20.0,507.8,10156.0,2025-06-25
2025062501017533,TVCL,38,58,10.0,507.0,5070.0,2025-06-25
2025062501017532,TVCL,38,40,30.0,507.0,15210.0,2025-06-25
2025062504027093,KKHC,51,22,29.0,404.0,11716.0,2025-06-25
2025062501017531,LSL,75,22,965.0,210.0,202650.0,2025-06-25
2025062501017530,LSL,6,22,35.0,210.0,7350.0,2025-06-25
2025062501017529,LSL,33,22,1000.0,210.1,210100.0,2025-06-25
2025062504027092,PPCL,5,35,348.0,398.9,138817.2,2025-06-25
2025062501017528,DORDI,41,85,118.0,316.0,37288.0,2025-06-25
2025062505009974,SAHAS,70,65,195.0,551.1,107464.5,2025-06-25
2025062504027091,API,45,36,225.0,291.0,65475.0,2025-06-25
2025062504027090,API,47,36,50.0,291.1,14555.0,2025-06-25
2025062504027089,API,41,36,300.0,291.1,87330.0,2025-06-25
2025062504027088,API,62,36,12.0,291.1,3493.2,2025-06-25
2025062504027087,API,42,36,50.0,291.2,14560.0,2025-06-25
2025062504027086,API,54,36,364.0,291.3,106033.2,2025-06-25
2025062501017527,NIMB,29,45,50.0,207.0,10350.0,2025-06-25
2025062501017526,NABIL,45,26,164.0,486.9,79851.6,2025-06-25
2025062501017525,NABIL,45,16,31.0,486.8,15090.8,2025-06-25
2025062505009973,SAHAS,35,65,100.0,551.1,55110.0,2025-06-25
2025062504027085,GHL,35,32,50.0,247.0,12350.0,2025-06-25
2025062504027084,SPDL,42,62,300.0,423.0,126900.0,2025-06-25
2025062504027083,SPDL,42,62,150.0,423.0,63450.0,2025-06-25
2025062504027082,SPDL,42,43,300.0,422.8,126840.0,2025-06-25
2025062504027081,SPDL,42,57,50.0,422.5,21125.0,2025-06-25
2025062504027080,SPDL,42,7,200.0,422.5,84500.0,2025-06-25
2025062504027079,AHPC,49,42,85.0,285.0,24225.0,2025-06-25
2025062504027078,AHPC,41,42,200.0,285.0,57000.0,2025-06-25
2025062504027077,AHPC,45,42,415.0,285.0,118275.0,2025-06-25
2025062504027076,CHCL,52,51,245.0,547.6,134162.0,2025-06-25
2025062504027075,CHCL,52,22,45.0,547.6,24642.0,2025-06-25
2025062504027074,UPPER,49,50,450.0,194.0,87300.0,2025-06-25
2025062504027073,UPPER,49,50,10.0,194.0,1940.0,2025-06-25
2025062504027072,UPPER,1,50,100.0,194.0,19400.0,2025-06-25
2025062504027071,UPPER,4,50,150.0,194.0,29100.0,2025-06-25
2025062504027070,UPPER,42,50,500.0,194.0,97000.0,2025-06-25
2025062504027069,UPPER,29,50,374.0,194.0,72556.0,2025-06-25
2025062504027068,UPPER,38,50,50.0,194.1,9705.0,2025-06-25
2025062504027067,UPPER,29,50,10.0,194.1,1941.0,2025-06-25
2025062504027066,SJCL,55,41,200.0,324.9,64980.0,2025-06-25
2025062504027065,PMHPL,77,6,100.0,439.1,43910.0,2025-06-25
2025062501017524,NBL,7,59,40.0,251.2,10048.0,2025-06-25
2025062501017523,NBL,49,59,10.0,252.0,2520.0,2025-06-25
2025062505009972,CHDC,22,43,38.0,2623.0,99674.0,2025-06-25
2025062505009971,NMB50,58,49,500.0,10.3,5150.0,2025-06-25
2025062503006421,DDBL,45,57,72.0,779.8,56145.6,2025-06-25
2025062504027064,RADHI,80,39,100.0,800.0,80000.0,2025-06-25
2025062504027063,SHPC,51,17,100.0,612.6,61260.0,2025-06-25
2025062504027062,RADHI,40,39,1000.0,800.0,800000.0,2025-06-25
2025062501017522,CREST,35,57,17.0,1460.0,24820.0,2025-06-25
2025062501017521,CREST,35,49,10.0,1460.0,14600.0,2025-06-25
2025062501017520,CREST,35,55,10.0,1460.0,14600.0,2025-06-25
2025062501017519,CREST,35,38,10.0,1460.0,14600.0,2025-06-25
2025062501017518,CREST,35,84,10.0,1460.0,14600.0,2025-06-25
2025062501017517,CREST,35,66,10.0,1460.0,14600.0,2025-06-25
2025062501017516,CREST,35,19,50.0,1460.0,73000.0,2025-06-25
2025062501017515,CREST,35,45,10.0,1459.0,14590.0,2025-06-25
2025062501017514,CREST,35,42,10.0,1457.0,14570.0,2025-06-25
2025062504027061,BARUN,63,35,2000.0,371.0,742000.0,2025-06-25
2025062504027060,BARUN,21,35,40.0,371.0,14840.0,2025-06-25
2025062504027059,BARUN,41,35,200.0,371.0,74200.0,2025-06-25
2025062504027058,SPDL,74,48,500.0,422.0,211000.0,2025-06-25
2025062504027057,SPDL,74,21,500.0,422.0,211000.0,2025-06-25
2025062504027056,GHL,42,57,200.0,247.0,49400.0,2025-06-25
2025062504027055,GHL,56,5,112.0,246.0,27552.0,2025-06-25
2025062504027054,GHL,52,5,88.0,246.1,21656.8,2025-06-25
2025062504027053,GLH,41,29,600.0,275.0,165000.0,2025-06-25
2025062504027052,GLH,41,61,100.0,274.8,27480.0,2025-06-25
2025062504027051,GLH,41,35,100.0,274.7,27470.0,2025-06-25
2025062504027050,GLH,41,57,200.0,273.7,54740.0,2025-06-25
2025062504027049,SHL,41,52,100.0,562.0,56200.0,2025-06-25
2025062504027048,GHL,52,97,82.0,246.1,20180.2,2025-06-25
2025062504027047,GHL,57,97,1000.0,246.2,246200.0,2025-06-25
2025062504027046,GHL,45,97,2000.0,246.4,492800.0,2025-06-25
2025062504027045,GHL,83,97,500.0,246.4,123200.0,2025-06-25
2025062504027044,GHL,42,97,418.0,246.5,103037.0,2025-06-25
2025062504027043,SHEL,88,97,263.0,302.0,79426.0,2025-06-25
2025062504027042,SHEL,45,97,200.0,302.0,60400.0,2025-06-25
2025062504027041,SHEL,17,97,30.0,302.0,9060.0,2025-06-25
2025062504027040,SHEL,41,97,1500.0,302.0,453000.0,2025-06-25
2025062504027039,SHEL,77,97,10.0,302.0,3020.0,2025-06-25
2025062504027038,SHEL,54,97,30.0,302.0,9060.0,2025-06-25
2025062504027037,SHEL,26,97,100.0,302.0,30200.0,2025-06-25
2025062504027036,SHEL,34,97,27.0,302.0,8154.0,2025-06-25
2025062504027035,SHEL,48,97,640.0,302.0,193280.0,2025-06-25
2025062505009970,SHIVM,5,8,471.0,503.0,236913.0,2025-06-25
2025062505009969,SHIVM,35,8,20.0,503.0,10060.0,2025-06-25
2025062505009968,SHIVM,62,8,20.0,503.0,10060.0,2025-06-25
2025062505009967,SHIVM,44,8,299.0,503.0,150397.0,2025-06-25
2025062505009966,SHIVM,32,8,200.0,503.1,100620.0,2025-06-25
2025062505009965,SHIVM,49,8,10.0,503.1,5031.0,2025-06-25
2025062505009964,SHIVM,29,8,500.0,503.1,251550.0,2025-06-25
2025062505009963,SHIVM,57,8,477.0,503.1,239978.7,2025-06-25
2025062505009962,SHIVM,17,8,32.0,503.2,16102.4,2025-06-25
2025062505009961,SHIVM,29,8,100.0,503.2,50320.0,2025-06-25
2025062505009960,SHIVM,5,8,25.0,503.2,12580.0,2025-06-25
2025062505009959,SHIVM,36,8,45.0,503.2,22644.0,2025-06-25
2025062503006420,SLBSL,56,21,60.0,1325.0,79500.0,2025-06-25
2025062503006419,SLBSL,56,22,100.0,1325.0,132500.0,2025-06-25
2025062503006418,SLBSL,56,65,90.0,1325.0,119250.0,2025-06-25
2025062503006417,SLBSL,56,42,10.0,1324.9,13249.0,2025-06-25
2025062501017513,JBLB,8,49,50.0,1291.1,64555.0,2025-06-25
2025062503006416,GFCL,45,38,50.0,600.0,30000.0,2025-06-25
2025062503006415,GFCL,63,38,25.0,600.0,15000.0,2025-06-25
2025062503006414,GFCL,54,38,28.0,600.0,16800.0,2025-06-25
2025062503006413,GFCL,1,38,50.0,600.1,30005.0,2025-06-25
2025062503006412,GFCL,56,38,100.0,600.1,60010.0,2025-06-25
2025062503006411,GFCL,41,38,240.0,600.2,144048.0,2025-06-25
2025062501017512,GMLI,41,45,10.0,2161.2,21612.0,2025-06-25
2025062501017511,DOLTI,56,62,100.0,550.0,55000.0,2025-06-25
2025062504027034,MHNL,7,40,100.0,287.0,28700.0,2025-06-25
2025062504027033,SSHL,14,89,67.0,248.0,16616.0,2025-06-25
2025062504027032,SSHL,57,89,133.0,248.0,32984.0,2025-06-25
2025062504027031,CGH,52,95,150.0,995.0,149250.0,2025-06-25
2025062504027030,CGH,52,4,175.0,995.0,174125.0,2025-06-25
2025062501017510,CREST,61,42,20.0,1457.0,29140.0,2025-06-25
2025062504027029,JOSHI,42,7,200.0,361.0,72200.0,2025-06-25
2025062504027028,JOSHI,42,4,530.0,361.0,191330.0,2025-06-25
2025062504027027,HPPL,39,57,100.0,550.0,55000.0,2025-06-25
2025062504027026,HPPL,57,57,50.0,550.0,27500.0,2025-06-25
2025062504027025,HPPL,11,57,70.0,550.0,38500.0,2025-06-25
2025062504027024,CHL,57,57,50.0,325.0,16250.0,2025-06-25
2025062503006410,NMLBBL,57,26,30.0,630.0,18900.0,2025-06-25
2025062503006409,NMLBBL,6,26,100.0,630.0,63000.0,2025-06-25
2025062503006408,NMLBBL,55,26,110.0,630.0,69300.0,2025-06-25
2025062503006407,NMLBBL,80,26,100.0,630.2,63020.0,2025-06-25
2025062503006406,NMLBBL,40,26,60.0,630.6,37836.0,2025-06-25
2025062503006405,PFL,32,10,140.0,395.2,55328.0,2025-06-25
2025062503006404,PFL,48,10,200.0,395.2,79040.0,2025-06-25
2025062503006403,MERO,42,38,200.0,724.0,144800.0,2025-06-25
2025062505009958,CHDC,22,65,12.0,2623.0,31476.0,2025-06-25
2025062504027023,RADHI,17,39,292.0,800.0,233600.0,2025-06-25
2025062504027022,RADHI,17,101,708.0,799.0,565692.0,2025-06-25
2025062505009957,NRN,48,55,100.0,2020.0,202000.0,2025-06-25
2025062505009956,NRN,48,62,200.0,2016.0,403200.0,2025-06-25
2025062505009955,NRN,48,86,200.0,2015.0,403000.0,2025-06-25
2025062504027021,CGH,87,62,10.0,993.3,9933.0,2025-06-25
2025062505009954,SHIVM,36,91,55.0,503.2,27676.0,2025-06-25
2025062505009953,SHIVM,38,91,50.0,503.2,25160.0,2025-06-25
2025062505009952,SHIVM,58,91,20.0,503.2,10064.0,2025-06-25
2025062505009951,SHIVM,40,91,35.0,503.4,17619.0,2025-06-25
2025062505009950,SHIVM,25,91,100.0,503.5,50350.0,2025-06-25
2025062504027020,AHPC,57,28,200.0,285.1,57020.0,2025-06-25
2025062501017509,TVCL,35,41,30.0,505.0,15150.0,2025-06-25
2025062503006402,NLIC,47,33,10.0,724.0,7240.0,2025-06-25
2025062504027019,SSHL,47,81,10.0,249.0,2490.0,2025-06-25
2025062504027018,SHEL,52,13,10.0,302.3,3023.0,2025-06-25
2025062503006401,NLIC,55,33,100.0,724.0,72400.0,2025-06-25
2025062504027017,GLH,21,64,110.0,272.5,29975.0,2025-06-25
2025062504027016,GLH,38,64,100.0,273.5,27350.0,2025-06-25
2025062504027015,GLH,17,64,10.0,273.6,2736.0,2025-06-25
2025062504027014,GLH,70,64,280.0,273.6,76608.0,2025-06-25
2025062504027013,PPCL,48,94,200.0,398.2,79640.0,2025-06-25
2025062504027012,PPCL,47,94,50.0,398.2,19910.0,2025-06-25
2025062505009949,CLI,57,52,20.0,450.3,9006.0,2025-06-25
2025062504027011,MEN,56,57,61.0,590.0,35990.0,2025-06-25
2025062504027010,MEN,80,57,139.0,590.0,82010.0,2025-06-25
2025062504027009,MHNL,58,34,67.0,288.0,19296.0,2025-06-25
2025062504027008,MHNL,58,58,33.0,287.9,9500.7,2025-06-25
2025062501017508,TPC,42,58,10.0,405.0,4050.0,2025-06-25
2025062501017507,PRVU,62,34,440.0,202.6,89144.0,2025-06-25
2025062501017506,SGHC,34,48,20.0,406.0,8120.0,2025-06-25
2025062503006400,SINDU,55,38,50.0,737.1,36855.0,2025-06-25
2025062503006399,SINDU,49,38,65.0,737.1,47911.5,2025-06-25
2025062504027007,NGPL,6,38,102.0,400.1,40810.2,2025-06-25
2025062504027006,NGPL,6,38,298.0,400.1,119229.8,2025-06-25
2025062504027005,UPPER,48,38,100.0,194.3,19430.0,2025-06-25
2025062504027004,UPPER,19,38,50.0,194.5,9725.0,2025-06-25
2025062501017505,LSL,17,25,10.0,210.7,2107.0,2025-06-25
2025062504027003,UNHPL,36,44,200.0,437.0,87400.0,2025-06-25
2025062503006398,BFC,21,77,10.0,466.1,4661.0,2025-06-25
2025062503006397,SINDU,11,39,50.0,737.1,36855.0,2025-06-25
2025062503006396,EDBL,20,45,90.0,561.5,50535.0,2025-06-25
2025062503006395,EDBL,20,45,110.0,561.5,61765.0,2025-06-25
2025062503006394,LBBL,62,35,100.0,424.8,42480.0,2025-06-25
2025062503006393,RSDC,25,40,20.0,647.0,12940.0,2025-06-25
2025062503006392,RSDC,33,40,10.0,647.0,6470.0,2025-06-25
2025062504027002,RIDI,34,95,600.0,262.0,157200.0,2025-06-25
2025062504027001,AKPL,35,98,775.0,257.7,199717.5,2025-06-25
2025062501017504,KDL,47,38,85.0,1095.0,93075.0,2025-06-25
2025062501017503,KDL,47,59,10.0,1093.0,10930.0,2025-06-25
2025062501017502,KDL,47,50,50.0,1092.8,54640.0,2025-06-25
2025062501017501,KDL,47,48,15.0,1091.0,16365.0,2025-06-25
2025062501017500,KDL,47,39,40.0,1090.0,43600.0,2025-06-25
2025062504027000,LEC,32,35,200.0,215.5,43100.0,2025-06-25
2025062504026999,SHEL,44,13,310.0,302.3,93713.0,2025-06-25
2025062504026998,SHEL,44,14,190.0,302.3,57437.0,2025-06-25
2025062503006391,CFCL,60,38,170.0,505.3,85901.0,2025-06-25
2025062503006390,CFCL,60,74,20.0,505.2,10104.0,2025-06-25
2025062503006389,CFCL,60,81,10.0,505.2,5052.0,2025-06-25
2025062504026997,JOSHI,8,4,20.0,361.0,7220.0,2025-06-25
2025062504026996,JOSHI,8,10,80.0,361.0,28880.0,2025-06-25
2025062504026995,RADHI,59,101,10.0,799.0,7990.0,2025-06-25
2025062504026994,SPDL,59,21,500.0,422.0,211000.0,2025-06-25
2025062503006388,SAPDBL,55,21,10.0,916.0,9160.0,2025-06-25
2025062504026993,PMHPL,77,41,1710.0,439.1,750861.0,2025-06-25
2025062504026992,PMHPL,49,41,10.0,439.9,4399.0,2025-06-25
2025062504026991,NGPL,6,58,110.0,400.1,44011.0,2025-06-25
2025062501017499,DORDI,39,85,100.0,316.0,31600.0,2025-06-25
2025062503006387,KMCDB,48,47,10.0,989.0,9890.0,2025-06-25
2025062501017498,CREST,58,33,27.0,1459.0,39393.0,2025-06-25
2025062501017497,DORDI,38,85,60.0,316.0,18960.0,2025-06-25
2025062504026990,SSHL,57,42,867.0,248.0,215016.0,2025-06-25
2025062504026989,SSHL,38,42,23.0,248.0,5704.0,2025-06-25
2025062504026988,SSHL,56,42,110.0,248.1,27291.0,2025-06-25
2025062505009948,SAHAS,58,58,50.0,551.0,27550.0,2025-06-25
2025062504026987,GHL,64,57,100.0,247.0,24700.0,2025-06-25
2025062504026986,UNHPL,41,43,50.0,436.0,21800.0,2025-06-25
2025062501017496,LSL,33,16,500.0,210.7,105350.0,2025-06-25
2025062505009947,CIT,49,25,10.0,1880.0,18800.0,2025-06-25
2025062504026985,SHPC,1,34,200.0,612.8,122560.0,2025-06-25
2025062504026984,GHL,42,22,582.0,246.5,143463.0,2025-06-25
2025062504026983,GHL,49,22,100.0,246.5,24650.0,2025-06-25
2025062504026982,GHL,19,22,600.0,246.5,147900.0,2025-06-25
2025062504026981,GHL,53,22,85.0,246.6,20961.0,2025-06-25
2025062504026980,GHL,56,22,356.0,246.6,87789.6,2025-06-25
2025062504026979,GHL,64,22,100.0,246.9,24690.0,2025-06-25
2025062504026978,GHL,42,22,177.0,246.9,43701.3,2025-06-25
2025062504026977,HEI,49,45,50.0,559.0,27950.0,2025-06-25
2025062504026976,AKJCL,21,65,100.0,211.5,21150.0,2025-06-25
2025062504026975,KKHC,51,21,10.0,404.0,4040.0,2025-06-25
2025062504026974,KKHC,51,22,100.0,404.0,40400.0,2025-06-25
2025062504026973,KKHC,51,48,200.0,404.0,80800.0,2025-06-25
2025062504026972,KKHC,51,26,200.0,404.0,80800.0,2025-06-25
2025062501017495,SPHL,8,44,10.0,633.5,6335.0,2025-06-25
2025062504026971,NHPC,55,58,30.0,212.0,6360.0,2025-06-25
2025062503006386,NLIC,43,33,54.0,724.0,39096.0,2025-06-25
2025062503006385,NLIC,43,42,46.0,723.8,33294.8,2025-06-25
2025062505009946,PHCL,56,26,10.0,490.0,4900.0,2025-06-25
2025062504026970,UMRH,60,33,10.0,580.0,5800.0,2025-06-25
2025062504026969,SPDL,62,21,300.0,422.0,126600.0,2025-06-25
2025062504026968,SPDL,32,21,20.0,422.0,8440.0,2025-06-25
2025062501017494,SCB,21,5,50.0,612.0,30600.0,2025-06-25
2025062504026967,PPCL,29,35,500.0,398.9,199450.0,2025-06-25
2025062504026966,NGPL,36,36,100.0,400.3,40030.0,2025-06-25
2025062501017493,MKJC,70,16,900.0,532.9,479610.0,2025-06-25
2025062501017492,MKJC,70,58,50.0,530.1,26505.0,2025-06-25
2025062501017491,KBL,58,57,10.0,202.0,2020.0,2025-06-25
2025062503006384,ILBS,19,74,54.0,805.0,43470.0,2025-06-25
2025062504026965,NGPL,6,65,500.0,400.1,200050.0,2025-06-25
2025062504026964,NGPL,6,89,92.0,400.1,36809.2,2025-06-25
2025062504026963,NGPL,6,89,1000.0,400.1,400100.0,2025-06-25
2025062504026962,NGPL,6,89,1000.0,400.1,400100.0,2025-06-25
2025062504026961,NGPL,95,89,1908.0,400.1,763390.8,2025-06-25
2025062504026960,CGH,47,4,10.0,995.0,9950.0,2025-06-25
2025062501017490,CREST,61,32,10.0,1457.0,14570.0,2025-06-25
2025062501017489,RFPL,42,42,76.0,564.0,42864.0,2025-06-25
2025062504026959,RIDI,34,10,100.0,262.0,26200.0,2025-06-25
2025062504026958,UAIL,4,51,100.0,576.9,57690.0,2025-06-25
2025062501017488,KBL,55,57,60.0,202.0,12120.0,2025-06-25
2025062501017487,NIMB,57,38,100.0,207.0,20700.0,2025-06-25
2025062501017486,MKJC,21,58,50.0,530.1,26505.0,2025-06-25
2025062505009945,SAHAS,34,65,15.0,551.1,8266.5,2025-06-25
2025062501017485,CREST,61,38,20.0,1457.0,29140.0,2025-06-25
2025062504026957,RADHI,16,101,600.0,799.0,479400.0,2025-06-25
2025062504026956,RADHI,43,101,10.0,799.0,7990.0,2025-06-25
2025062504026955,RADHI,94,101,672.0,799.0,536928.0,2025-06-25
2025062503006383,KMCDB,62,47,10.0,989.0,9890.0,2025-06-25
2025062504026954,BPCL,57,25,200.0,841.0,168200.0,2025-06-25
2025062504026953,PPCL,85,35,152.0,398.9,60632.8,2025-06-25
2025062504026952,SPDL,32,45,180.0,422.0,75960.0,2025-06-25
2025062504026951,SPDL,47,45,200.0,422.0,84400.0,2025-06-25
2025062504026950,SPDL,34,45,120.0,422.0,50640.0,2025-06-25
2025062504026949,OHL,49,16,30.0,882.1,26463.0,2025-06-25
2025062504026948,MHNL,38,58,38.0,287.9,10940.2,2025-06-25
2025062504026947,MHNL,42,58,519.0,287.9,149420.1,2025-06-25
2025062504026946,LEC,32,35,10.0,215.5,2155.0,2025-06-25
2025062504026945,LEC,32,34,490.0,215.5,105595.0,2025-06-25
2025062505009944,HIDCL,92,34,1568.0,287.0,450016.0,2025-06-25
2025062505009943,HIDCL,92,34,132.0,286.0,37752.0,2025-06-25
2025062505009942,NRIC,99,44,11.0,1207.0,13277.0,2025-06-25
2025062505009941,NRIC,33,44,42.0,1207.0,50694.0,2025-06-25
2025062504026944,GHL,42,57,100.0,247.0,24700.0,2025-06-25
2025062504026943,UNHPL,41,14,200.0,436.0,87200.0,2025-06-25
2025062503006382,KSBBL,46,84,140.0,441.0,61740.0,2025-06-25
2025062501017484,DORDI,38,22,100.0,316.0,31600.0,2025-06-25
2025062505009940,HDL,41,40,19.0,1180.0,22420.0,2025-06-25
2025062505009939,HDL,41,6,100.0,1180.0,118000.0,2025-06-25
2025062505009938,HDL,41,48,71.0,1180.0,83780.0,2025-06-25
2025062505009937,HDL,41,6,50.0,1180.0,59000.0,2025-06-25
2025062505009936,HDL,41,39,20.0,1180.0,23600.0,2025-06-25
2025062505009935,HDL,41,14,10.0,1180.0,11800.0,2025-06-25
2025062505009934,HDL,41,42,17.0,1180.0,20060.0,2025-06-25
2025062505009933,HDL,41,62,90.0,1179.9,106191.0,2025-06-25
2025062505009932,HDL,41,53,23.0,1176.5,27059.5,2025-06-25
2025062501017483,CZBIL,19,1,50.0,204.0,10200.0,2025-06-25
2025062505009931,MBJC,68,38,200.0,325.0,65000.0,2025-06-25
2025062505009930,RNLI,49,7,11.0,432.7,4759.7,2025-06-25
2025062501017482,OMPL,34,50,100.0,1435.0,143500.0,2025-06-25
2025062505009929,CLI,58,52,110.0,450.3,49533.0,2025-06-25
2025062504026942,BPCL,57,6,180.0,841.0,151380.0,2025-06-25
2025062504026941,BPCL,19,6,500.0,841.0,420500.0,2025-06-25
2025062504026940,BPCL,71,6,200.0,841.1,168220.0,2025-06-25
2025062504026939,BPCL,62,6,100.0,841.2,84120.0,2025-06-25
2025062504026938,BPCL,45,6,20.0,842.0,16840.0,2025-06-25
2025062501017481,NIMBPO,49,59,843.0,158.1,133278.3,2025-06-25
2025062501017480,NIMBPO,57,59,357.0,158.1,56441.7,2025-06-25
2025062501017479,DORDI,38,56,40.0,316.0,12640.0,2025-06-25
2025062501017478,DORDI,28,56,60.0,316.0,18960.0,2025-06-25
2025062505009928,SONA,56,16,10.0,447.0,4470.0,2025-06-25
2025062505009927,SONA,56,21,20.0,446.9,8938.0,2025-06-25
2025062505009926,SONA,56,21,25.0,446.6,11165.0,2025-06-25
2025062504026937,SHL,26,52,100.0,562.0,56200.0,2025-06-25
2025062504026936,JOSHI,34,10,50.0,361.0,18050.0,2025-06-25
2025062503006381,RSDC,25,1,10.0,647.0,6470.0,2025-06-25
2025062503006380,RSDC,18,1,10.0,647.0,6470.0,2025-06-25
2025062503006379,RSDC,56,1,20.0,647.1,12942.0,2025-06-25
2025062505009925,NTC,41,71,15.0,843.0,12645.0,2025-06-25
2025062503006378,MLBL,18,48,182.0,373.0,67886.0,2025-06-25
2025062504026935,UPPER,19,17,100.0,194.5,19450.0,2025-06-25
2025062501017477,NICA,25,47,65.0,339.0,22035.0,2025-06-25
2025062501017476,PURE,55,48,10.0,989.9,9899.0,2025-06-25
2025062504026934,CGH,49,4,815.0,995.0,810925.0,2025-06-25
2025062505009924,ILI,42,21,12.0,435.0,5220.0,2025-06-25
2025062504026933,NGPL,60,56,6.0,400.0,2400.0,2025-06-25
2025062505009923,NRM,45,57,30.0,434.0,13020.0,2025-06-25
2025062505009922,NRM,59,57,300.0,434.0,130200.0,2025-06-25
2025062505009921,NRM,22,57,100.0,434.0,43400.0,2025-06-25
2025062505009920,HDL,58,53,68.0,1176.5,80002.0,2025-06-25
2025062504026932,UPPER,1,17,50.0,194.5,9725.0,2025-06-25
2025062501017475,GVL,17,17,11.0,445.0,4895.0,2025-06-25
2025062501017474,GVL,17,38,82.0,445.0,36490.0,2025-06-25
2025062503006377,GUFL,1,32,25.0,531.0,13275.0,2025-06-25
2025062504026931,NIL,29,42,218.0,665.0,144970.0,2025-06-25
2025062503006376,SHINE,13,41,115.0,397.4,45701.0,2025-06-25
2025062505009919,NTC,34,71,10.0,843.0,8430.0,2025-06-25
2025062505009918,NTC,41,71,19.0,843.1,16018.9,2025-06-25
2025062504026930,SGIC,49,35,200.0,530.0,106000.0,2025-06-25
2025062504026929,SGIC,49,34,10.0,530.0,5300.0,2025-06-25
2025062503006375,NLIC,56,42,100.0,723.8,72380.0,2025-06-25
2025062504026928,BARUN,41,34,500.0,371.0,185500.0,2025-06-25
2025062505009917,HRL,58,58,20.0,878.0,17560.0,2025-06-25
2025062504026927,CHL,57,38,575.0,325.0,186875.0,2025-06-25
2025062504026926,CHL,34,38,75.0,325.1,24382.5,2025-06-25
2025062501017473,TSHL,46,33,100.0,630.0,63000.0,2025-06-25
2025062504026925,RADHI,22,39,500.0,800.0,400000.0,2025-06-25
2025062504026924,SHPC,38,41,603.0,612.0,369036.0,2025-06-25
2025062504026923,SHPC,96,41,200.0,612.0,122400.0,2025-06-25
2025062504026922,SHPC,49,41,50.0,612.0,30600.0,2025-06-25
2025062504026921,SHPC,57,41,50.0,612.0,30600.0,2025-06-25
2025062504026920,SHPC,74,41,97.0,612.0,59364.0,2025-06-25
2025062501017472,BEDC,25,40,70.0,632.0,44240.0,2025-06-25
2025062501017471,NESDO,67,6,10.0,1524.0,15240.0,2025-06-25
2025062505009916,HIDCL,47,34,68.0,286.0,19448.0,2025-06-25
2025062505009915,HIDCL,47,41,500.0,286.0,143000.0,2025-06-25
2025062505009914,HIDCL,47,25,300.0,286.0,85800.0,2025-06-25
2025062505009913,HIDCL,47,34,632.0,286.0,180752.0,2025-06-25
2025062505009912,MEL,57,16,37.0,331.5,12265.5,2025-06-25
2025062505009911,MEL,56,16,75.0,331.5,24862.5,2025-06-25
2025062505009910,MEL,6,16,388.0,331.5,128622.0,2025-06-25
2025062504026919,GLH,35,32,500.0,273.7,136850.0,2025-06-25
2025062504026918,GLH,67,32,500.0,273.8,136900.0,2025-06-25
2025062501017470,TPC,44,41,53.0,405.2,21475.6,2025-06-25
2025062504026917,RADHI,94,94,328.0,799.0,262072.0,2025-06-25
2025062504026916,RADHI,39,94,100.0,799.2,79920.0,2025-06-25
2025062504026915,RADHI,33,94,50.0,799.3,39965.0,2025-06-25
2025062504026914,RADHI,51,94,10.0,799.7,7997.0,2025-06-25
2025062504026913,RADHI,16,94,50.0,799.7,39985.0,2025-06-25
2025062504026912,RADHI,60,94,300.0,799.7,239910.0,2025-06-25
2025062504026911,RADHI,38,94,29.0,799.8,23194.2,2025-06-25
2025062501017469,MKJC,21,33,450.0,530.1,238545.0,2025-06-25
2025062501017468,MKJC,6,33,50.0,530.2,26510.0,2025-06-25
2025062505009909,HRL,44,48,100.0,877.0,87700.0,2025-06-25
2025062505009908,HRL,44,34,312.0,877.0,273624.0,2025-06-25
2025062504026910,NGPL,95,58,20.0,400.1,8002.0,2025-06-25
2025062505009907,SAHAS,69,65,690.0,551.1,380259.0,2025-06-25
2025062504026909,SHPC,74,45,500.0,612.0,306000.0,2025-06-25
2025062504026908,BPCL,45,74,500.0,842.0,421000.0,2025-06-25
2025062501017467,OMPL,35,43,10.0,1445.0,14450.0,2025-06-25
2025062501017466,OMPL,35,62,50.0,1445.0,72250.0,2025-06-25
2025062504026907,PRIN,47,38,100.0,851.0,85100.0,2025-06-25
2025062501017465,OMPL,35,48,10.0,1444.8,14448.0,2025-06-25
2025062501017464,OMPL,35,55,10.0,1444.8,14448.0,2025-06-25
2025062501017463,OMPL,35,7,10.0,1444.8,14448.0,2025-06-25
2025062501017462,OMPL,35,34,50.0,1444.7,72235.0,2025-06-25
2025062501017461,OMPL,35,41,50.0,1444.6,72230.0,2025-06-25
2025062504026906,NLG,48,7,50.0,764.0,38200.0,2025-06-25
2025062501017460,OMPL,35,42,10.0,1444.5,14445.0,2025-06-25
2025062501017459,OMPL,35,32,10.0,1444.0,14440.0,2025-06-25
2025062501017458,OMPL,35,49,10.0,1444.0,14440.0,2025-06-25
2025062501017457,OMPL,35,49,10.0,1442.0,14420.0,2025-06-25
2025062501017456,OMPL,35,48,20.0,1441.0,28820.0,2025-06-25
2025062501017455,OMPL,35,45,10.0,1440.0,14400.0,2025-06-25
2025062501017454,OMPL,35,55,140.0,1440.0,201600.0,2025-06-25
2025062504026905,JOSHI,16,10,70.0,361.0,25270.0,2025-06-25
2025062504026904,UPCL,36,92,500.0,410.5,205250.0,2025-06-25
2025062504026903,LEC,55,34,10.0,215.5,2155.0,2025-06-25
2025062504026902,JOSHI,49,10,100.0,361.0,36100.0,2025-06-25
2025062504026901,MHNL,57,34,20.0,288.0,5760.0,2025-06-25
2025062501017453,NMIC,1,18,10.0,1600.0,16000.0,2025-06-25
2025062501017452,NMIC,1,14,100.0,1600.0,160000.0,2025-06-25
2025062501017451,PURE,32,58,10.0,988.0,9880.0,2025-06-25
2025062501017450,SRLI,38,28,10.0,394.6,3946.0,2025-06-25
2025062501017449,MKJC,22,16,11.0,532.9,5861.9,2025-06-25
2025062501017448,CYCL,48,17,10.0,1599.9,15999.0,2025-06-25
2025062501017447,HIDCLP,22,16,25.0,206.0,5150.0,2025-06-25
2025062501017446,HIDCLP,32,16,3831.0,206.0,789186.0,2025-06-25
2025062501017445,HIDCLP,58,16,180.0,206.0,37080.0,2025-06-25
2025062501017444,HIDCLP,32,16,2117.0,206.0,436102.0,2025-06-25
2025062505009906,VLUCL,42,34,10.0,593.0,5930.0,2025-06-25
2025062504026900,SHEL,48,42,10.0,302.0,3020.0,2025-06-25
2025062504026899,SHEL,42,42,50.0,302.0,15100.0,2025-06-25
2025062504026898,SHEL,63,42,100.0,302.0,30200.0,2025-06-25
2025062504026897,SHEL,54,42,100.0,302.0,30200.0,2025-06-25
2025062504026896,SHEL,34,42,400.0,302.1,120840.0,2025-06-25
2025062504026895,SHEL,19,42,40.0,302.1,12084.0,2025-06-25
2025062504026894,UMHL,62,49,690.0,546.0,376740.0,2025-06-25
2025062504026893,PMHPL,58,7,80.0,441.0,35280.0,2025-06-25
2025062504026892,PMHPL,58,55,20.0,441.0,8820.0,2025-06-25
2025062504026891,NHPC,53,58,188.0,212.0,39856.0,2025-06-25
2025062501017443,OMPL,34,34,135.0,1435.0,193725.0,2025-06-25
2025062501017442,OMPL,57,34,10.0,1435.0,14350.0,2025-06-25
2025062501017441,OMPL,14,34,35.0,1435.0,50225.0,2025-06-25
2025062501017440,OMPL,78,34,70.0,1436.0,100520.0,2025-06-25
2025062501017439,OMPL,44,34,50.0,1437.0,71850.0,2025-06-25
2025062501017438,GBIME,45,1,100.0,230.0,23000.0,2025-06-25
2025062504026890,KPCL,57,22,50.0,571.0,28550.0,2025-06-25
2025062505009905,CLI,11,52,90.0,450.3,40527.0,2025-06-25
2025062503006374,SINDU,11,28,50.0,737.1,36855.0,2025-06-25
2025062504026889,UMRH,47,84,10.0,585.0,5850.0,2025-06-25
2025062505009904,HRL,97,47,30.0,875.3,26259.0,2025-06-25
2025062505009903,HRL,26,47,70.0,875.3,61271.0,2025-06-25
2025062501017437,SCB,6,58,12.0,611.8,7341.6,2025-06-25
2025062503006373,GMFIL,58,6,63.0,471.1,29679.3,2025-06-25
2025062504026888,KKHC,44,6,178.0,403.8,71876.4,2025-06-25
2025062504026887,BARUN,56,94,500.0,371.1,185550.0,2025-06-25
2025062501017436,DORDI,49,85,10.0,317.0,3170.0,2025-06-25
2025062505009902,NIFRA,57,38,77.0,271.3,20890.1,2025-06-25
2025062504026886,API,54,6,136.0,291.3,39616.8,2025-06-25
2025062504026885,UNHPL,41,22,50.0,436.0,21800.0,2025-06-25
2025062504026884,NHPC,17,58,100.0,212.0,21200.0,2025-06-25
2025062501017435,PRVU,62,50,60.0,202.6,12156.0,2025-06-25
2025062501017434,PRVU,62,40,500.0,202.5,101250.0,2025-06-25
2025062501017433,NBL,7,58,56.0,252.2,14123.2,2025-06-25
2025062503006372,SINDU,45,91,60.0,738.0,44280.0,2025-06-25
2025062503006371,SINDU,45,45,140.0,737.9,103306.0,2025-06-25
2025062505009901,HIDCL,38,35,128.0,285.2,36505.6,2025-06-25
2025062505009900,HIDCL,54,35,30.0,285.5,8565.0,2025-06-25
2025062505009899,HIDCL,19,35,100.0,285.5,28550.0,2025-06-25
2025062505009898,HIDCL,32,35,1000.0,285.5,285500.0,2025-06-25
2025062505009897,HIDCL,48,35,10.0,285.5,2855.0,2025-06-25
2025062505009896,HIDCL,49,35,565.0,285.5,161307.5,2025-06-25
2025062505009895,HIDCL,55,35,17.0,285.6,4855.2,2025-06-25
2025062505009894,HIDCL,43,35,100.0,285.6,28560.0,2025-06-25
2025062505009893,HIDCL,44,35,50.0,285.6,14280.0,2025-06-25
2025062501017432,ADBL,6,38,100.0,282.0,28200.0,2025-06-25
2025062504026883,PPCL,22,4,21.0,398.1,8360.1,2025-06-25
2025062504026882,SSHL,56,4,190.0,248.1,47139.0,2025-06-25
2025062504026881,SSHL,36,4,310.0,248.4,77004.0,2025-06-25
2025062504026880,SHL,75,3,200.0,562.0,112400.0,2025-06-25
2025062504026879,RIDI,34,49,50.0,262.0,13100.0,2025-06-25
2025062504026878,NGPL,95,58,72.0,400.1,28807.2,2025-06-25
2025062504026877,NGPL,6,58,1000.0,400.1,400100.0,2025-06-25
2025062504026876,NGPL,52,58,210.0,400.2,84042.0,2025-06-25
2025062504026875,NGPL,3,58,718.0,400.2,287343.6,2025-06-25
2025062504026874,JOSHI,62,10,100.0,361.0,36100.0,2025-06-25
2025062504026873,SPDL,34,40,100.0,422.0,42200.0,2025-06-25
2025062504026872,SPDL,51,40,100.0,422.1,42210.0,2025-06-25
2025062505009892,SAHAS,40,25,74.0,552.0,40848.0,2025-06-25
2025062505009891,SAHAS,40,6,50.0,552.0,27600.0,2025-06-25
2025062505009890,SAHAS,40,45,376.0,552.0,207552.0,2025-06-25
2025062505009889,NRN,97,96,229.0,2008.1,459854.9,2025-06-25
2025062505009888,NRN,42,96,50.0,2010.0,100500.0,2025-06-25
2025062505009887,NRN,66,96,95.0,2010.0,190950.0,2025-06-25
2025062505009886,NRN,66,96,12.0,2010.1,24121.2,2025-06-25
2025062505009885,NRN,48,96,200.0,2010.1,402020.0,2025-06-25
2025062505009884,NRN,81,96,100.0,2010.1,201010.0,2025-06-25
2025062505009883,NRN,26,96,50.0,2010.1,100505.0,2025-06-25
2025062505009882,NRN,36,96,100.0,2012.0,201200.0,2025-06-25
2025062505009881,NRN,77,96,164.0,2015.0,330460.0,2025-06-25
2025062504026871,JOSHI,86,10,100.0,361.0,36100.0,2025-06-25
2025062501017431,TPC,19,41,15.0,405.2,6078.0,2025-06-25
2025062504026870,SHEL,45,14,1000.0,302.3,302300.0,2025-06-25
2025062501017430,DOLTI,41,38,70.0,555.0,38850.0,2025-06-25
2025062503006370,SINDU,42,45,20.0,737.9,14758.0,2025-06-25
2025062501017429,PURE,32,55,10.0,988.0,9880.0,2025-06-25
2025062505009880,HIDCL,43,34,120.0,286.0,34320.0,2025-06-25
2025062504026869,SGIC,29,33,10.0,528.0,5280.0,2025-06-25
2025062504026868,CGH,49,77,185.0,995.0,184075.0,2025-06-25
2025062504026867,MHNL,42,38,300.0,287.9,86370.0,2025-06-25
2025062505009879,HDL,58,22,23.0,1176.5,27059.5,2025-06-25
2025062504026866,BPCL,44,74,500.0,842.0,421000.0,2025-06-25
2025062503006369,PFL,44,4,20.0,396.5,7930.0,2025-06-25
2025062503006368,MERO,42,58,705.0,724.0,510420.0,2025-06-25
2025062503006367,MERO,42,58,200.0,725.0,145000.0,2025-06-25
2025062503006366,MERO,75,58,95.0,725.0,68875.0,2025-06-25
2025062505009878,HATHY,96,14,20.0,1208.0,24160.0,2025-06-25
2025062501017428,HIDCLP,32,42,1063.0,206.0,218978.0,2025-06-25
2025062501017427,HIDCLP,34,42,357.0,206.2,73613.4,2025-06-25
2025062503006365,SFCL,59,58,50.0,466.0,23300.0,2025-06-25
2025062504026865,CGH,87,14,35.0,993.3,34765.5,2025-06-25
2025062504026864,CGH,42,14,65.0,993.3,64564.5,2025-06-25
2025062504026863,KKHC,44,34,982.0,403.8,396531.6,2025-06-25
2025062504026862,PMHPL,44,39,20.0,440.0,8800.0,2025-06-25
2025062501017426,GBIME,57,98,100.0,230.0,23000.0,2025-06-25
2025062501017425,MHL,58,21,50.0,575.0,28750.0,2025-06-25
2025062505009877,SAHAS,17,45,124.0,552.0,68448.0,2025-06-25
2025062505009876,SAHAS,17,37,76.0,552.0,41952.0,2025-06-25
2025062504026861,PMHPL,4,39,30.0,440.0,13200.0,2025-06-25
2025062504026860,PMHPL,34,39,10.0,440.2,4402.0,2025-06-25
2025062504026859,PMHPL,17,39,15.0,440.3,6604.5,2025-06-25
2025062504026858,PMHPL,38,39,100.0,440.4,44040.0,2025-06-25
2025062504026857,SHPC,74,48,4443.0,612.0,2719116.0,2025-06-25
2025062504026856,SHPC,49,48,70.0,612.0,42840.0,2025-06-25
2025062504026855,SHPC,34,48,107.0,612.0,65484.0,2025-06-25
2025062504026854,SHPC,11,48,100.0,612.1,61210.0,2025-06-25
2025062504026853,SHPC,44,48,280.0,612.2,171416.0,2025-06-25
2025062504026852,SPDL,51,28,900.0,422.1,379890.0,2025-06-25
2025062504026851,SHPC,44,45,200.0,612.2,122440.0,2025-06-25
2025062505009875,NRN,77,66,36.0,2015.0,72540.0,2025-06-25
2025062505009874,NRN,47,66,64.0,2015.0,128960.0,2025-06-25
2025062504026850,API,41,6,71.0,291.4,20689.4,2025-06-25
2025062501017424,BHL,58,58,1243.0,207.9,258419.7,2025-06-25
2025062501017423,BHL,58,45,340.0,207.9,70686.0,2025-06-25
2025062501017422,BHL,58,45,85.0,207.9,17671.5,2025-06-25
2025062501017421,BHL,58,13,100.0,207.8,20780.0,2025-06-25
2025062501017420,BHL,58,19,1132.0,207.8,235229.6,2025-06-25
2025062504026849,UMRH,60,34,770.0,580.0,446600.0,2025-06-25
2025062504026848,UMRH,22,34,30.0,580.1,17403.0,2025-06-25
2025062504026847,UMRH,42,34,200.0,580.5,116100.0,2025-06-25
2025062504026846,HPPL,36,38,90.0,552.0,49680.0,2025-06-25
2025062504026845,HPPL,36,36,10.0,550.2,5502.0,2025-06-25
2025062504026844,SHEL,39,14,10.0,302.3,3023.0,2025-06-25
2025062504026843,AKPL,40,98,100.0,257.7,25770.0,2025-06-25
2025062503006364,NFS,19,95,50.0,606.3,30315.0,2025-06-25
2025062504026842,CGH,42,45,35.0,993.3,34765.5,2025-06-25
2025062505009873,ILI,42,45,12.0,435.0,5220.0,2025-06-25
2025062504026841,PRIN,42,38,295.0,851.0,251045.0,2025-06-25
2025062504026840,PRIN,42,34,205.0,851.0,174455.0,2025-06-25
2025062504026839,RADHI,101,39,160.0,800.0,128000.0,2025-06-25
2025062504026838,RADHI,101,45,990.0,800.0,792000.0,2025-06-25
2025062504026837,RADHI,101,91,1000.0,800.0,800000.0,2025-06-25
2025062504026836,NGPL,3,91,282.0,400.2,112856.4,2025-06-25
2025062504026835,NGPL,6,91,970.0,400.2,388194.0,2025-06-25
2025062504026834,NGPL,6,91,748.0,400.2,299349.6,2025-06-25
2025062503006363,SFCL,58,14,30.0,465.0,13950.0,2025-06-25
2025062504026833,AHPC,45,52,85.0,285.0,24225.0,2025-06-25
2025062504026832,CGH,32,77,1250.0,995.0,1243750.0,2025-06-25
2025062503006362,NMLBBL,40,4,40.0,630.6,25224.0,2025-06-25
2025062503006361,NMLBBL,38,4,100.0,630.8,63080.0,2025-06-25
2025062503006360,NMLBBL,38,4,10.0,630.8,6308.0,2025-06-25
2025062503006359,NMLBBL,58,4,50.0,631.0,31550.0,2025-06-25
2025062504026831,API,42,21,200.0,291.5,58300.0,2025-06-25
2025062501017419,PURE,32,42,40.0,988.0,39520.0,2025-06-25
2025062501017418,NICA,26,40,16.0,339.8,5436.8,2025-06-25
2025062501017417,NICA,26,45,234.0,339.8,79513.2,2025-06-25
2025062505009872,SAHAS,69,14,210.0,551.1,115731.0,2025-06-25
2025062505009871,SAHAS,69,14,540.0,551.1,297594.0,2025-06-25
2025062504026830,NGPL,71,38,100.0,400.6,40060.0,2025-06-25
2025062505009870,SONA,34,34,10.0,446.0,4460.0,2025-06-25
2025062505009869,HRL,26,21,20.0,875.3,17506.0,2025-06-25
2025062505009868,HATHY,38,16,20.0,1213.0,24260.0,2025-06-25
2025062505009867,HATHY,38,34,10.0,1212.9,12129.0,2025-06-25
2025062505009866,ILI,42,34,43.0,435.0,18705.0,2025-06-25
2025062505009865,ILI,1,34,100.0,435.0,43500.0,2025-06-25
2025062505009864,ILI,57,34,257.0,435.0,111795.0,2025-06-25
2025062501017416,ULHC,35,34,830.0,451.4,374662.0,2025-06-25
2025062501017415,ULHC,58,34,10.0,451.4,4514.0,2025-06-25
2025062501017414,ULHC,57,34,70.0,452.1,31647.0,2025-06-25
2025062501017413,ULHC,20,34,50.0,452.2,22610.0,2025-06-25
2025062501017412,ULHC,36,34,30.0,452.3,13569.0,2025-06-25
2025062504026829,GLH,91,62,50.0,273.8,13690.0,2025-06-25
2025062504026828,GLH,35,62,50.0,273.9,13695.0,2025-06-25
2025062501017411,KDL,47,39,10.0,1090.0,10900.0,2025-06-25
2025062501017410,KDL,47,59,10.0,1089.9,10899.0,2025-06-25
2025062501017409,KDL,47,26,10.0,1088.0,10880.0,2025-06-25
2025062504026827,SPDL,7,28,100.0,422.1,42210.0,2025-06-25
2025062504026826,CHL,34,45,25.0,325.1,8127.5,2025-06-25
2025062504026825,CHL,42,45,75.0,325.1,24382.5,2025-06-25
2025062501017408,BNHC,77,41,66.0,494.0,32604.0,2025-06-25
2025062504026824,SSHL,36,26,90.0,248.4,22356.0,2025-06-25
2025062504026823,SSHL,36,26,100.0,248.3,24830.0,2025-06-25
2025062504026822,HURJA,14,22,40.0,255.1,10204.0,2025-06-25
2025062501017407,EHPL,94,95,300.0,540.0,162000.0,2025-06-25
2025062501017406,TPC,42,41,800.0,405.2,324160.0,2025-06-25
2025062504026821,AHPC,57,52,20.0,285.0,5700.0,2025-06-25
2025062501017405,PURE,32,57,20.0,988.0,19760.0,2025-06-25
2025062504026820,UPCL,43,57,260.0,411.0,106860.0,2025-06-25
2025062504026819,UPCL,43,36,100.0,411.0,41100.0,2025-06-25
2025062504026818,UPCL,43,91,1000.0,411.0,411000.0,2025-06-25
2025062504026817,UPCL,43,6,800.0,411.0,328800.0,2025-06-25
2025062504026816,UPCL,43,29,380.0,411.0,156180.0,2025-06-25
2025062504026815,UPCL,43,42,100.0,410.9,41090.0,2025-06-25
2025062504026814,UPCL,43,97,360.0,410.8,147888.0,2025-06-25
2025062504026813,AHPC,34,52,100.0,285.0,28500.0,2025-06-25
2025062501017404,SANIMA,11,47,85.0,314.6,26741.0,2025-06-25
2025062504026812,MHNL,32,10,19.0,289.0,5491.0,2025-06-25
2025062504026811,MHNL,32,5,11.0,288.9,3177.9,2025-06-25
2025062504026810,DHPL,38,42,200.0,338.1,67620.0,2025-06-25
2025062504026809,SHL,82,3,200.0,562.0,112400.0,2025-06-25
2025062505009863,HRL,49,34,30.0,877.0,26310.0,2025-06-25
2025062504026808,RIDI,34,26,120.0,262.0,31440.0,2025-06-25
2025062505009862,NRN,5,62,100.0,2016.1,201610.0,2025-06-25
2025062504026807,NGPL,6,8,252.0,400.2,100850.4,2025-06-25
2025062504026806,NGPL,39,8,500.0,400.3,200150.0,2025-06-25
2025062504026805,NGPL,58,8,248.0,400.3,99274.4,2025-06-25
2025062505009861,MEL,6,59,52.0,331.5,17238.0,2025-06-25
2025062504026804,UNHPL,57,44,200.0,437.0,87400.0,2025-06-25
2025062504026803,SHL,50,53,50.0,562.0,28100.0,2025-06-25
2025062504026802,SHL,11,53,100.0,562.0,56200.0,2025-06-25
2025062504026801,SHL,13,53,100.0,562.1,56210.0,2025-06-25
2025062504026800,NGPL,54,82,52.0,401.0,20852.0,2025-06-25
2025062504026799,NGPL,54,35,148.0,400.5,59274.0,2025-06-25
2025062501017403,RFPL,47,56,10.0,562.2,5622.0,2025-06-25
2025062504026798,SHPC,34,91,93.0,612.0,56916.0,2025-06-25
2025062504026797,SHPC,41,91,100.0,612.1,61210.0,2025-06-25
2025062504026796,SHPC,18,91,567.0,612.1,347060.7,2025-06-25
2025062504026795,SHPC,101,91,50.0,612.2,30610.0,2025-06-25
2025062504026794,SHPC,45,91,100.0,612.2,61220.0,2025-06-25
2025062504026793,SHPC,25,91,90.0,612.3,55107.0,2025-06-25
2025062504026792,RBCL,47,52,10.0,14695.0,146950.0,2025-06-25
2025062504026791,RBCL,47,51,20.0,14694.9,293898.0,2025-06-25
2025062504026790,HDHPC,49,50,1585.0,198.0,313830.0,2025-06-25
2025062504026789,UAIL,50,51,383.0,576.9,220952.7,2025-06-25
2025062504026788,JOSHI,52,58,10.0,365.0,3650.0,2025-06-25
2025062505009860,RNLI,52,45,10.0,433.0,4330.0,2025-06-25
2025062504026787,NIL,29,13,13.0,665.0,8645.0,2025-06-25
2025062503006358,SINDU,42,45,70.0,737.9,51653.0,2025-06-25
2025062505009859,RNLI,21,45,11.0,433.0,4763.0,2025-06-25
2025062504026786,SICL,44,38,35.0,725.0,25375.0,2025-06-25
2025062504026785,SICL,44,34,20.0,725.0,14500.0,2025-06-25
2025062501017402,MEHL,50,58,75.0,423.1,31732.5,2025-06-25
2025062504026784,RADHI,38,87,11.0,799.8,8797.8,2025-06-25
2025062501017401,CYCL,48,38,10.0,1595.0,15950.0,2025-06-25
2025062503006357,SAPDBL,58,39,100.0,918.0,91800.0,2025-06-25
2025062501017400,OMPL,42,55,50.0,1440.0,72000.0,2025-06-25
2025062504026783,SHEL,60,47,63.0,302.5,19057.5,2025-06-25
2025062504026782,SHEL,60,16,30.0,302.5,9075.0,2025-06-25
2025062504026781,SHEL,60,39,207.0,302.5,62617.5,2025-06-25
2025062504026780,MHNL,42,57,100.0,287.9,28790.0,2025-06-25
2025062505009858,RNLI,6,57,44.0,432.8,19043.2,2025-06-25
2025062505009857,RNLI,38,57,16.0,432.8,6924.8,2025-06-25
2025062501017399,SARBTM,34,66,90.0,828.9,74601.0,2025-06-25
2025062501017398,SARBTM,34,42,10.0,828.4,8284.0,2025-06-25
2025062504026779,RADHI,91,91,1500.0,800.0,1200000.0,2025-06-25
2025062505009856,SHIVM,40,81,165.0,503.4,83061.0,2025-06-25
2025062501017397,TAMOR,19,57,20.0,514.8,10296.0,2025-06-25
2025062501017396,TAMOR,19,34,10.0,513.0,5130.0,2025-06-25
2025062503006356,SADBL,42,7,3350.0,393.1,1316885.0,2025-06-25
2025062503006355,SADBL,33,7,500.0,393.2,196600.0,2025-06-25
2025062503006354,SADBL,43,7,50.0,393.3,19665.0,2025-06-25
2025062503006353,SADBL,26,7,100.0,393.3,39330.0,2025-06-25
2025062504026778,UNHPL,45,44,220.0,437.0,96140.0,2025-06-25
2025062503006352,ACLBSL,41,44,50.0,1019.9,50995.0,2025-06-25
2025062503006351,ACLBSL,41,42,30.0,1019.8,30594.0,2025-06-25
2025062504026777,AKPL,32,32,36.0,257.1,9255.6,2025-06-25
2025062504026776,AKPL,40,32,100.0,257.1,25710.0,2025-06-25
2025062504026775,AKPL,34,32,745.0,257.2,191614.0,2025-06-25
2025062504026774,AKPL,22,32,700.0,257.3,180110.0,2025-06-25
2025062504026773,AKPL,38,32,300.0,257.7,77310.0,2025-06-25
2025062504026772,AKPL,56,32,119.0,257.8,30678.2,2025-06-25
2025062501017395,NIBLSTF,4,14,200.0,8.26,1652.0,2025-06-25
2025062504026771,HDHPC,49,1,700.0,198.0,138600.0,2025-06-25
2025062505009855,SHIVM,17,57,100.0,503.2,50320.0,2025-06-25
2025062504026770,IGI,45,74,15.0,513.0,7695.0,2025-06-25
2025062504026769,IGI,88,74,100.0,513.0,51300.0,2025-06-25
2025062504026768,IGI,55,74,70.0,513.0,35910.0,2025-06-25
2025062504026767,IGI,43,74,100.0,513.0,51300.0,2025-06-25
2025062504026766,IGI,26,74,25.0,513.1,12827.5,2025-06-25
2025062504026765,IGI,32,74,82.0,513.1,42074.2,2025-06-25
2025062504026764,IGI,57,74,40.0,513.3,20532.0,2025-06-25
2025062504026763,IGI,47,74,30.0,513.4,15402.0,2025-06-25
2025062504026762,IGI,94,74,38.0,516.0,19608.0,2025-06-25
2025062505009854,NRN,47,96,86.0,2015.0,173290.0,2025-06-25
2025062505009853,NRN,17,96,200.0,2016.0,403200.0,2025-06-25
2025062505009852,NRN,5,96,100.0,2016.1,201610.0,2025-06-25
2025062505009851,NRN,56,96,20.0,2016.2,40324.0,2025-06-25
2025062505009850,NRN,66,96,12.0,2020.0,24240.0,2025-06-25
2025062505009849,NRN,43,96,32.0,2020.0,64640.0,2025-06-25
2025062505009848,NRN,51,96,50.0,2021.0,101050.0,2025-06-25
2025062504026761,UPCL,36,35,10.0,410.5,4105.0,2025-06-25
2025062504026760,NGPL,48,35,100.0,400.5,40050.0,2025-06-25
2025062504026759,NGPL,84,35,1000.0,400.5,400500.0,2025-06-25
2025062504026758,NGPL,94,35,200.0,400.5,80100.0,2025-06-25
2025062504026757,NGPL,45,35,110.0,400.5,44055.0,2025-06-25
2025062504026756,PPCL,48,44,30.0,399.0,11970.0,2025-06-25
2025062504026755,AHPC,58,52,15.0,285.0,4275.0,2025-06-25
2025062504026754,AHPC,49,52,30.0,285.0,8550.0,2025-06-25
2025062504026753,KKHC,36,34,200.0,403.8,80760.0,2025-06-25
2025062505009847,CHDC,77,43,100.0,2625.0,262500.0,2025-06-25
2025062504026752,AKPL,56,36,80.0,257.8,20624.0,2025-06-25
2025062504026751,AKJCL,69,57,434.0,210.5,91357.0,2025-06-25
2025062504026750,AKJCL,49,57,12.0,210.7,2528.4,2025-06-25
2025062504026749,AKJCL,19,57,1100.0,211.0,232100.0,2025-06-25
2025062504026748,AKJCL,41,57,700.0,211.1,147770.0,2025-06-25
2025062504026747,AKJCL,49,57,44.0,211.5,9306.0,2025-06-25
2025062504026746,AKJCL,68,57,10.0,211.5,2115.0,2025-06-25
2025062501017394,RHGCL,34,22,10.0,323.0,3230.0,2025-06-25
2025062501017393,RHGCL,34,34,10.0,320.0,3200.0,2025-06-25
2025062501017392,SBI,34,26,10.0,386.4,3864.0,2025-06-25
2025062504026745,CGH,97,77,20.0,995.0,19900.0,2025-06-25
2025062504026744,MHNL,42,22,11.0,287.9,3166.9,2025-06-25
2025062501017391,EBL,19,17,100.0,635.5,63550.0,2025-06-25
2025062501017390,NBL,7,32,2700.0,253.0,683100.0,2025-06-25
2025062501017389,NBL,7,90,100.0,253.0,25300.0,2025-06-25
2025062501017388,NBL,7,4,1000.0,253.0,253000.0,2025-06-25
2025062501017387,NBL,7,33,100.0,253.0,25300.0,2025-06-25
2025062501017386,NBL,7,62,50.0,253.0,12650.0,2025-06-25
2025062501017385,MEHL,50,32,10.0,424.0,4240.0,2025-06-25
2025062504026743,RADHI,91,45,1000.0,800.0,800000.0,2025-06-25
2025062501017384,BHL,55,19,10.0,207.8,2078.0,2025-06-25
2025062504026742,BARUN,44,38,700.0,372.0,260400.0,2025-06-25
2025062505009846,SAHAS,48,49,150.0,551.2,82680.0,2025-06-25
2025062504026741,SHEL,19,53,60.0,302.1,18126.0,2025-06-25
2025062504026740,SHEL,35,53,100.0,302.1,30210.0,2025-06-25
2025062504026739,SHEL,13,53,430.0,302.1,129903.0,2025-06-25
2025062504026738,SHEL,58,53,110.0,302.2,33242.0,2025-06-25
2025062504026737,SHEL,56,53,300.0,302.3,90690.0,2025-06-25
2025062505009845,CLI,52,52,100.0,450.3,45030.0,2025-06-25
2025062504026736,KKHC,10,45,100.0,403.4,40340.0,2025-06-25
2025062501017383,CREST,34,33,10.0,1457.0,14570.0,2025-06-25
2025062504026735,NGPL,45,91,15.0,400.5,6007.5,2025-06-25
2025062505009844,HRL,26,45,10.0,875.3,8753.0,2025-06-25
2025062501017382,AHL,55,34,10.0,605.0,6050.0,2025-06-25
2025062501017381,SCB,39,5,100.0,612.0,61200.0,2025-06-25
2025062501017380,BHL,42,49,85.0,207.0,17595.0,2025-06-25
2025062501017379,BHL,52,49,100.0,207.0,20700.0,2025-06-25
2025062501017378,BHL,57,49,10.0,207.0,2070.0,2025-06-25
2025062503006350,HLI,41,1,11.0,383.0,4213.0,2025-06-25
2025062505009843,SHIVM,1,81,80.0,503.4,40272.0,2025-06-25
2025062505009842,HRL,25,34,100.0,877.0,87700.0,2025-06-25
2025062501017377,TSHL,57,33,10.0,630.0,6300.0,2025-06-25
2025062501017376,DORDI,42,85,1000.0,315.1,315100.0,2025-06-25
2025062504026734,RIDI,22,26,380.0,262.0,99560.0,2025-06-25
2025062504026733,RIDI,22,26,500.0,262.0,131000.0,2025-06-25
2025062504026732,RIDI,22,21,340.0,262.0,89080.0,2025-06-25
2025062504026731,RIDI,22,26,880.0,261.9,230472.0,2025-06-25
2025062504026730,RADHI,17,48,990.0,801.0,792990.0,2025-06-25
2025062504026729,RADHI,17,17,10.0,800.9,8009.0,2025-06-25
2025062501017375,EBL,41,14,60.0,635.1,38106.0,2025-06-25
2025062504026728,RHPL,44,48,1000.0,377.1,377100.0,2025-06-25
2025062505009841,MEL,6,55,10.0,331.5,3315.0,2025-06-25
2025062504026727,KKHC,10,42,100.0,403.4,40340.0,2025-06-25
2025062503006349,RSDC,44,44,1.0,636.0,636.0,2025-06-25
2025062504026726,SHEL,52,39,20.0,302.5,6050.0,2025-06-25
2025062504026725,SHPC,6,54,100.0,612.9,61290.0,2025-06-25
2025062501017374,TPC,58,41,10.0,405.2,4052.0,2025-06-25
2025062504026724,SHEL,49,39,10.0,302.5,3025.0,2025-06-25
2025062504026723,PPCL,21,44,288.0,399.0,114912.0,2025-06-25
2025062504026722,UPCL,21,97,140.0,410.8,57512.0,2025-06-25
2025062501017373,ULBSL,49,38,428.0,3301.0,1412828.0,2025-06-25
2025062504026721,RADHI,91,91,2500.0,800.0,2000000.0,2025-06-25
2025062501017372,ULBSL,49,91,100.0,3301.0,330100.0,2025-06-25
2025062504026720,PMHPL,17,17,85.0,440.3,37425.5,2025-06-25
2025062504026719,PMHPL,58,17,15.0,440.3,6604.5,2025-06-25
2025062504026718,UNHPL,45,44,35.0,437.0,15295.0,2025-06-25
2025062503006348,LICN,43,48,35.0,904.1,31643.5,2025-06-25
2025062503006347,LICN,52,48,10.0,904.1,9041.0,2025-06-25
2025062503006346,LICN,43,48,95.0,904.1,85889.5,2025-06-25
2025062501017371,NMB,11,58,19.0,235.1,4466.9,2025-06-25
2025062504026717,MHNL,42,58,70.0,287.8,20146.0,2025-06-25
2025062503006345,SMFBS,62,44,20.0,1657.5,33150.0,2025-06-25
2025062503006344,JFL,72,38,20.0,459.5,9190.0,2025-06-25
2025062505009840,NIFRA,68,38,40.0,271.3,10852.0,2025-06-25
2025062505009839,NIFRA,57,38,200.0,271.3,54260.0,2025-06-25
2025062504026716,SHEL,58,14,490.0,302.2,148078.0,2025-06-25
2025062504026715,SHEL,48,14,10.0,302.3,3023.0,2025-06-25
2025062504026714,MHNL,32,58,30.0,287.8,8634.0,2025-06-25
2025062501017370,SRLI,22,33,11.0,393.0,4323.0,2025-06-25
2025062504026713,PRIN,42,34,27.0,851.0,22977.0,2025-06-25
2025062504026712,PRIN,42,35,30.0,850.9,25527.0,2025-06-25
2025062504026711,PRIN,42,26,43.0,850.0,36550.0,2025-06-25
2025062501017369,NABIL,3,16,100.0,486.8,48680.0,2025-06-25
2025062505009838,PHCL,66,11,10.0,487.0,4870.0,2025-06-25
2025062505009837,HIDCL,56,34,248.0,286.0,70928.0,2025-06-25
2025062505009836,HIDCL,56,4,90.0,286.0,25740.0,2025-06-25
2025062505009835,HIDCL,56,57,1539.0,286.0,440154.0,2025-06-25
2025062504026710,GLH,38,38,100.0,274.0,27400.0,2025-06-25
2025062501017368,MKJC,22,25,100.0,530.2,53020.0,2025-06-25
2025062501017367,NMIC,16,34,10.0,1600.0,16000.0,2025-06-25
2025062504026709,UNHPL,41,7,11.0,436.0,4796.0,2025-06-25
2025062504026708,UNHPL,42,7,500.0,436.1,218050.0,2025-06-25
2025062504026707,UNHPL,13,7,100.0,436.2,43620.0,2025-06-25
2025062504026706,UNHPL,13,7,100.0,436.3,43630.0,2025-06-25
2025062504026705,UNHPL,13,7,100.0,436.4,43640.0,2025-06-25
2025062504026704,UNHPL,13,7,100.0,436.5,43650.0,2025-06-25
2025062504026703,UNHPL,35,7,470.0,437.0,205390.0,2025-06-25
2025062504026702,UNHPL,25,7,10.0,437.0,4370.0,2025-06-25
2025062504026701,UNHPL,39,7,100.0,437.0,43700.0,2025-06-25
2025062504026700,UNHPL,38,7,300.0,437.0,131100.0,2025-06-25
2025062504026699,UNHPL,34,7,99.0,437.0,43263.0,2025-06-25
2025062504026698,UNHPL,26,7,110.0,437.2,48092.0,2025-06-25
2025062501017366,MKJC,6,59,20.0,530.2,10604.0,2025-06-25
2025062501017365,MKJC,34,59,280.0,533.0,149240.0,2025-06-25
2025062501017364,MKJC,6,58,20.0,533.9,10678.0,2025-06-25
2025062504026697,JOSHI,21,57,37.0,367.0,13579.0,2025-06-25
2025062504026696,JOSHI,21,19,50.0,367.0,18350.0,2025-06-25
2025062504026695,JOSHI,21,38,24.0,367.0,8808.0,2025-06-25
2025062504026694,JOSHI,21,49,452.0,361.0,163172.0,2025-06-25
2025062504026693,JOSHI,21,72,187.0,361.0,67507.0,2025-06-25
2025062503006343,SLBBL,47,62,310.0,850.0,263500.0,2025-06-25
2025062503006342,SLBBL,51,62,90.0,851.0,76590.0,2025-06-25
2025062504026692,KPCL,57,17,14.0,571.0,7994.0,2025-06-25
2025062504026691,KPCL,1,17,11.0,572.0,6292.0,2025-06-25
2025062504026690,KPCL,38,17,25.0,572.0,14300.0,2025-06-25
2025062504026689,CHCL,93,22,10.0,547.6,5476.0,2025-06-25
2025062504026688,API,41,25,929.0,291.1,270431.9,2025-06-25
2025062501017363,HIDCLP,66,42,10.0,206.6,2066.0,2025-06-25
2025062501017362,NICA,25,71,183.0,339.0,62037.0,2025-06-25
2025062504026687,HDHPC,49,32,10.0,198.0,1980.0,2025-06-25
2025062503006341,RLFL,45,42,90.0,460.2,41418.0,2025-06-25
2025062503006340,RLFL,14,42,10.0,462.9,4629.0,2025-06-25
2025062503006339,MDB,42,34,200.0,563.8,112760.0,2025-06-25
2025062504026686,GHL,42,42,44.0,247.3,10881.2,2025-06-25
2025062504026685,GHL,42,39,136.0,247.0,33592.0,2025-06-25
2025062504026684,NHPC,26,58,500.0,212.0,106000.0,2025-06-25
2025062504026683,SGIC,26,25,10.0,530.0,5300.0,2025-06-25
2025062501017361,CITY,34,1,40.0,826.0,33040.0,2025-06-25
2025062501017360,CITY,48,1,80.0,826.1,66088.0,2025-06-25
2025062504026682,AKPL,43,47,100.0,257.9,25790.0,2025-06-25
2025062504026681,NGPL,65,82,100.0,401.0,40100.0,2025-06-25
2025062504026680,NGPL,65,10,500.0,401.0,200500.0,2025-06-25
2025062504026679,NGPL,65,67,400.0,401.0,160400.0,2025-06-25
2025062505009834,HRL,7,34,58.0,877.0,50866.0,2025-06-25
2025062501017359,GVL,17,33,30.0,444.1,13323.0,2025-06-25
2025062501017358,PRVU,45,50,20.0,202.6,4052.0,2025-06-25
2025062504026678,KKHC,10,4,220.0,403.4,88748.0,2025-06-25
2025062501017357,RFPL,50,71,400.0,563.0,225200.0,2025-06-25
2025062501017356,RFPL,60,71,50.0,563.9,28195.0,2025-06-25
2025062501017355,RFPL,22,71,50.0,564.0,28200.0,2025-06-25
2025062501017354,BHL,66,42,10.0,207.0,2070.0,2025-06-25
2025062504026677,BARUN,29,38,40.0,372.0,14880.0,2025-06-25
2025062504026676,BARUN,29,52,200.0,371.9,74380.0,2025-06-25
2025062504026675,BARUN,29,14,150.0,371.9,55785.0,2025-06-25
2025062504026674,BARUN,29,25,10.0,371.9,3719.0,2025-06-25
2025062503006338,SHINE,32,21,134.0,397.0,53198.0,2025-06-25
2025062503006337,SHINE,32,21,866.0,397.0,343802.0,2025-06-25
2025062504026673,CHL,42,40,25.0,325.1,8127.5,2025-06-25
2025062504026672,CHL,56,40,200.0,325.1,65020.0,2025-06-25
2025062504026671,CHL,58,40,75.0,325.1,24382.5,2025-06-25
2025062503006336,NICLBSL,42,34,11.0,607.0,6677.0,2025-06-25
2025062504026670,PPCL,38,44,100.0,399.0,39900.0,2025-06-25
2025062504026669,HDHPC,38,8,400.0,198.3,79320.0,2025-06-25
2025062503006335,NUBL,39,50,140.0,680.4,95256.0,2025-06-25
2025062501017353,NBL,7,62,50.0,252.5,12625.0,2025-06-25
2025062501017352,SANIMA,6,45,50.0,315.0,15750.0,2025-06-25
2025062501017351,SANIMA,6,45,150.0,315.0,47250.0,2025-06-25
2025062504026668,SHEL,58,39,173.0,302.5,52332.5,2025-06-25
2025062504026667,API,34,25,27.0,291.1,7859.7,2025-06-25
2025062504026666,API,94,25,500.0,291.1,145550.0,2025-06-25
2025062504026665,API,13,25,100.0,291.1,29110.0,2025-06-25
2025062504026664,API,51,25,44.0,291.2,12812.8,2025-06-25
2025062504026663,SSHL,47,26,10.0,248.4,2484.0,2025-06-25
2025062503006334,RSDC,58,64,100.0,648.0,64800.0,2025-06-25
2025062503006333,RSDC,3,64,41.0,648.1,26572.1,2025-06-25
2025062503006332,RSDC,1,64,27.0,648.2,17501.4,2025-06-25
2025062503006331,RSDC,62,64,418.0,648.2,270947.6,2025-06-25
2025062503006330,LICN,22,21,10.0,904.1,9041.0,2025-06-25
2025062504026662,NIL,37,10,20.0,665.1,13302.0,2025-06-25
2025062504026661,BARUN,40,25,190.0,371.9,70661.0,2025-06-25
2025062504026660,BARUN,40,34,10.0,371.9,3719.0,2025-06-25
2025062501017350,HIDCLP,34,74,80.0,206.2,16496.0,2025-06-25
2025062501017349,HIDCLP,43,74,420.0,206.3,86646.0,2025-06-25
2025062505009833,CLI,34,52,70.0,450.3,31521.0,2025-06-25
2025062505009832,CLI,34,32,150.0,450.3,67545.0,2025-06-25
2025062504026659,MHNL,7,22,90.0,287.0,25830.0,2025-06-25
2025062504026658,MHNL,62,22,10.0,287.3,2873.0,2025-06-25
2025062504026657,MHNL,11,22,200.0,287.5,57500.0,2025-06-25
2025062504026656,MHNL,19,22,300.0,287.8,86340.0,2025-06-25
2025062504026655,MHNL,52,22,400.0,288.0,115200.0,2025-06-25
2025062501017348,OMPL,51,55,30.0,1440.0,43200.0,2025-06-25
2025062504026654,HPPL,33,34,50.0,550.2,27510.0,2025-06-25
2025062504026653,HPPL,33,26,50.0,550.1,27505.0,2025-06-25
2025062504026652,NHPC,26,58,50.0,212.0,10600.0,2025-06-25
2025062504026651,NHPC,52,58,3000.0,212.1,636300.0,2025-06-25
2025062505009831,SAHAS,48,42,100.0,551.2,55120.0,2025-06-25
2025062503006329,KSBBL,14,4,152.0,440.9,67016.8,2025-06-25
2025062505009830,CHDC,49,58,123.0,2626.9,323108.7,2025-06-25
2025062505009829,CHDC,49,48,10.0,2625.0,26250.0,2025-06-25
2025062505009828,CHDC,49,58,150.0,2625.0,393750.0,2025-06-25
2025062505009827,CHDC,49,97,35.0,2625.0,91875.0,2025-06-25
2025062505009826,CHDC,49,7,80.0,2624.9,209992.0,2025-06-25
2025062505009825,CHDC,49,87,50.0,2620.0,131000.0,2025-06-25
2025062505009824,CHDC,49,35,20.0,2620.0,52400.0,2025-06-25
2025062505009823,CHDC,49,34,10.0,2620.0,26200.0,2025-06-25
2025062505009822,CHDC,49,39,22.0,2620.0,57640.0,2025-06-25
2025062505009821,SHIVM,14,81,30.0,503.4,15102.0,2025-06-25
2025062505009820,SHIVM,54,81,150.0,503.4,75510.0,2025-06-25
2025062505009819,SHIVM,48,81,400.0,503.4,201360.0,2025-06-25
2025062503006328,MERO,74,37,10.0,726.0,7260.0,2025-06-25
2025062501017347,BHDC,29,28,500.0,448.0,224000.0,2025-06-25
2025062504026650,NHPC,57,16,21.0,213.0,4473.0,2025-06-25
2025062504026649,NHPC,57,59,449.0,213.0,95637.0,2025-06-25
2025062501017346,DLBS,52,57,26.0,1355.0,35230.0,2025-06-25
2025062504026648,JOSHI,17,72,300.0,361.0,108300.0,2025-06-25
2025062504026647,JOSHI,26,72,50.0,361.0,18050.0,2025-06-25
2025062504026646,JOSHI,19,72,100.0,361.0,36100.0,2025-06-25
2025062504026645,JOSHI,59,72,150.0,361.5,54225.0,2025-06-25
2025062504026644,JOSHI,11,72,55.0,365.0,20075.0,2025-06-25
2025062504026643,JOSHI,65,72,10.0,365.9,3659.0,2025-06-25
2025062504026642,GHL,47,39,100.0,247.0,24700.0,2025-06-25
2025062501017345,TVCL,50,95,400.0,507.0,202800.0,2025-06-25
2025062501017344,TVCL,50,34,200.0,507.0,101400.0,2025-06-25
2025062501017343,TVCL,50,4,20.0,507.0,10140.0,2025-06-25
2025062501017342,TVCL,50,35,30.0,507.0,15210.0,2025-06-25
2025062501017341,TVCL,50,86,10.0,507.0,5070.0,2025-06-25
2025062501017340,OMPL,26,50,100.0,1440.0,144000.0,2025-06-25
2025062504026641,SSHL,38,13,397.0,248.0,98456.0,2025-06-25
2025062504026640,SSHL,58,13,130.0,248.1,32253.0,2025-06-25
2025062505009818,SAHAS,45,37,124.0,552.0,68448.0,2025-06-25
2025062505009817,SAHAS,45,17,50.0,552.0,27600.0,2025-06-25
