transaction,symbol,buyer,seller,quantity,rate,amount,date
2025050501015480,HIDCLP,94,85,632.0,214.9,135816.8,2025-05-05
2025050501015479,HIDCLP,94,26,270.0,214.5,57915.0,2025-05-05
2025050501015478,HIDCLP,94,50,24.0,214.5,5148.0,2025-05-05
2025050501015477,HIDCLP,94,58,84.0,214.0,17976.0,2025-05-05
2025050501015476,HIDCLP,94,16,990.0,213.9,211761.0,2025-05-05
2025050503008986,RSDC,51,59,10.0,653.8,6538.0,2025-05-05
2025050504029396,HURJA,34,32,100.0,252.5,25250.0,2025-05-05
2025050503008985,SINDU,17,5,10.0,950.0,9500.0,2025-05-05
2025050503008984,SAPDBL,17,65,50.0,899.0,44950.0,2025-05-05
2025050501015475,IHL,81,41,21.0,620.0,13020.0,2025-05-05
2025050501015474,IHL,81,58,10.0,620.0,6200.0,2025-05-05
2025050501015473,IHL,81,58,10.0,615.0,6150.0,2025-05-05
2025050501015472,IHL,81,48,19.0,615.0,11685.0,2025-05-05
2025050504029395,GHL,56,28,490.0,254.1,124509.0,2025-05-05
2025050501015471,SPHL,49,90,50.0,699.0,34950.0,2025-05-05
2025050504029394,RADHI,39,11,40.0,700.0,28000.0,2025-05-05
2025050504029393,RADHI,39,55,60.0,700.0,42000.0,2025-05-05
2025050503008983,CBBL,32,44,60.0,845.9,50754.0,2025-05-05
2025050504029392,NHPC,6,63,360.0,223.9,80604.0,2025-05-05
2025050504029391,NHPC,53,63,140.0,223.9,31346.0,2025-05-05
2025050505012022,NIFRA,45,49,150.0,286.0,42900.0,2025-05-05
2025050505012021,NIFRA,45,91,350.0,286.0,100100.0,2025-05-05
2025050504029390,UPCL,67,45,25.0,379.5,9487.5,2025-05-05
2025050503008982,GRDBL,32,33,28.0,1191.1,33350.8,2025-05-05
2025050503008981,GRDBL,58,33,10.0,1191.1,11911.0,2025-05-05
2025050501015470,NIMB,7,38,500.0,204.0,102000.0,2025-05-05
2025050505012020,GCIL,25,49,100.0,501.0,50100.0,2025-05-05
2025050504029389,BARUN,58,95,40.0,550.0,22000.0,2025-05-05
2025050504029388,BARUN,11,95,10.0,550.1,5501.0,2025-05-05
2025050504029387,BARUN,26,95,50.0,550.1,27505.0,2025-05-05
2025050504029386,SHPC,97,49,500.0,586.0,293000.0,2025-05-05
2025050504029385,UPCL,16,42,608.0,380.0,231040.0,2025-05-05
2025050504029384,UPCL,16,22,30.0,380.0,11400.0,2025-05-05
2025050504029383,UPCL,16,38,200.0,380.0,76000.0,2025-05-05
2025050504029382,UPCL,16,41,20.0,380.0,7600.0,2025-05-05
2025050504029381,UPCL,16,95,142.0,380.0,53960.0,2025-05-05
2025050503008980,MSLB,21,55,10.0,1140.2,11402.0,2025-05-05
2025050503008979,MSLB,83,55,50.0,1140.3,57015.0,2025-05-05
2025050503008978,MSLB,38,55,10.0,1143.0,11430.0,2025-05-05
2025050503008977,MSLB,58,55,22.0,1143.0,25146.0,2025-05-05
2025050503008976,MSLB,34,55,110.0,1143.1,125741.0,2025-05-05
2025050503008975,MSLB,47,55,100.0,1143.2,114320.0,2025-05-05
2025050503008974,MSLB,59,55,10.0,1144.1,11441.0,2025-05-05
2025050503008973,MSLB,42,55,20.0,1144.2,22884.0,2025-05-05
2025050503008972,MSLB,57,55,70.0,1144.3,80101.0,2025-05-05
2025050501015469,SCB,45,13,200.0,601.2,120240.0,2025-05-05
2025050504029380,LEC,84,13,335.0,215.6,72226.0,2025-05-05
2025050505012019,SMATA,4,62,10.0,762.0,7620.0,2025-05-05
2025050504029379,SHEL,1,34,50.0,264.3,13215.0,2025-05-05
2025050505012018,SMJC,48,35,60.0,526.0,31560.0,2025-05-05
2025050505012017,SMJC,48,91,30.0,525.9,15777.0,2025-05-05
2025050505012016,SMJC,48,58,10.0,525.0,5250.0,2025-05-05
2025050503008971,KMCDB,25,5,10.0,974.9,9749.0,2025-05-05
2025050504029378,UPCL,52,95,258.0,380.0,98040.0,2025-05-05
2025050504029377,UPCL,52,67,290.0,380.0,110200.0,2025-05-05
2025050504029376,UPCL,52,84,112.0,379.9,42548.8,2025-05-05
2025050504029375,SPDL,44,58,626.0,392.8,245892.8,2025-05-05
2025050504029374,SPDL,44,7,25.0,392.7,9817.5,2025-05-05
2025050504029373,SPDL,44,57,300.0,392.6,117780.0,2025-05-05
2025050504029372,SPDL,44,16,349.0,392.4,136947.6,2025-05-05
2025050501015468,MKJC,57,34,10.0,529.0,5290.0,2025-05-05
2025050504029371,UPCL,36,84,88.0,379.9,33431.2,2025-05-05
2025050504029370,UPCL,36,19,52.0,379.9,19754.8,2025-05-05
2025050504029369,NHPC,58,56,13.0,223.9,2910.7,2025-05-05
2025050504029368,RADHI,17,55,10.0,700.0,7000.0,2025-05-05
2025050501015467,ADBL,34,49,66.0,280.2,18493.2,2025-05-05
2025050501015466,MEHL,34,57,10.0,498.5,4985.0,2025-05-05
2025050503008970,NFS,42,70,300.0,608.0,182400.0,2025-05-05
2025050504029367,MHNL,21,42,184.0,264.6,48686.4,2025-05-05
2025050504029366,MHNL,14,42,10.0,264.6,2646.0,2025-05-05
2025050504029365,MHNL,48,42,500.0,265.0,132500.0,2025-05-05
2025050501015465,GBIME,14,81,62.0,215.9,13385.8,2025-05-05
2025050501015464,GBIME,22,81,629.0,215.9,135801.1,2025-05-05
2025050501015463,GBIME,42,81,2000.0,215.9,431800.0,2025-05-05
2025050501015462,GBIME,57,81,60.0,215.9,12954.0,2025-05-05
2025050501015461,GBIME,14,81,50.0,215.9,10795.0,2025-05-05
2025050501015460,GBIME,82,81,199.0,215.9,42964.1,2025-05-05
2025050504029364,NGPL,28,49,100.0,368.0,36800.0,2025-05-05
2025050504029363,UMHL,39,45,450.0,502.7,226215.0,2025-05-05
2025050504029362,UMHL,39,38,100.0,502.7,50270.0,2025-05-05
2025050504029361,UMHL,39,14,90.0,502.7,45243.0,2025-05-05
2025050504029360,SGIC,4,39,100.0,551.0,55100.0,2025-05-05
2025050501015459,CYCL,33,58,10.0,1580.1,15801.0,2025-05-05
2025050501015458,CYCL,22,58,10.0,1580.2,15802.0,2025-05-05
2025050501015457,CYCL,44,58,10.0,1580.5,15805.0,2025-05-05
2025050504029359,RADHI,84,55,10.0,700.0,7000.0,2025-05-05
2025050504029358,UMHL,39,55,200.0,501.9,100380.0,2025-05-05
2025050501015456,HHL,29,13,100.0,404.0,40400.0,2025-05-05
2025050501015455,GSY,4,40,100.0,9.32,932.0,2025-05-05
2025050505012015,MBJC,1,58,10.0,317.0,3170.0,2025-05-05
2025050504029357,SPIL,48,44,10.0,800.0,8000.0,2025-05-05
2025050504029356,SJCL,48,50,10.0,326.8,3268.0,2025-05-05
2025050505012014,NTC,58,59,20.0,873.1,17462.0,2025-05-05
2025050503008969,RLFL,57,44,60.0,481.8,28908.0,2025-05-05
2025050504029355,RHPL,56,44,80.0,390.0,31200.0,2025-05-05
2025050504029354,RHPL,56,41,80.0,390.0,31200.0,2025-05-05
2025050504029353,RHPL,56,42,50.0,390.0,19500.0,2025-05-05
2025050504029352,RHPL,56,44,405.0,390.0,157950.0,2025-05-05
2025050504029351,RHPL,56,43,10.0,390.0,3900.0,2025-05-05
2025050504029350,RHPL,56,45,10.0,390.0,3900.0,2025-05-05
2025050504029349,RHPL,56,45,10.0,390.0,3900.0,2025-05-05
2025050504029348,RIDI,17,39,55.0,258.0,14190.0,2025-05-05
2025050501015454,MKHL,34,57,10.0,700.0,7000.0,2025-05-05
2025050501015453,MKHL,34,58,20.0,700.0,14000.0,2025-05-05
2025050501015452,MKHL,34,45,26.0,700.0,18200.0,2025-05-05
2025050501015451,RFPL,55,47,62.0,545.9,33845.8,2025-05-05
2025050501015450,RFPL,37,47,30.0,547.0,16410.0,2025-05-05
2025050501015449,RFPL,58,47,30.0,548.0,16440.0,2025-05-05
2025050501015448,RFPL,22,47,51.0,548.0,27948.0,2025-05-05
2025050501015447,RFPL,13,47,10.0,548.0,5480.0,2025-05-05
2025050501015446,RFPL,42,47,10.0,548.0,5480.0,2025-05-05
2025050501015445,RFPL,34,47,30.0,549.0,16470.0,2025-05-05
2025050501015444,RFPL,13,47,10.0,549.0,5490.0,2025-05-05
2025050501015443,RFPL,42,47,10.0,549.0,5490.0,2025-05-05
2025050501015442,RFPL,58,47,455.0,549.1,249840.5,2025-05-05
2025050501015441,RFPL,42,47,90.0,550.0,49500.0,2025-05-05
2025050501015440,RFPL,16,47,50.0,550.0,27500.0,2025-05-05
2025050501015439,RFPL,34,47,50.0,550.0,27500.0,2025-05-05
2025050501015438,RFPL,41,47,112.0,550.0,61600.0,2025-05-05
2025050501015437,SBI,58,28,50.0,379.4,18970.0,2025-05-05
2025050501015436,SBL,45,42,10.0,266.5,2665.0,2025-05-05
2025050501015435,SBL,45,46,20.0,266.0,5320.0,2025-05-05
2025050501015434,SBL,45,42,116.0,266.0,30856.0,2025-05-05
2025050504029347,GLH,45,35,150.0,270.0,40500.0,2025-05-05
2025050505012013,CIT,44,26,20.0,1926.0,38520.0,2025-05-05
2025050504029346,UPCL,66,19,20.0,379.9,7598.0,2025-05-05
2025050501015433,MAKAR,65,65,7695.0,755.3,5812033.5,2025-05-05
2025050501015432,MAKAR,65,52,100.0,755.0,75500.0,2025-05-05
2025050501015431,MAKAR,65,59,90.0,754.8,67932.0,2025-05-05
2025050501015430,MAKAR,65,46,500.0,754.0,377000.0,2025-05-05
2025050501015429,MAKAR,65,57,665.0,750.0,498750.0,2025-05-05
2025050501015428,MAKAR,65,14,250.0,714.0,178500.0,2025-05-05
2025050501015427,MAKAR,65,65,500.0,713.8,356900.0,2025-05-05
2025050501015426,MAKAR,65,43,10.0,713.8,7138.0,2025-05-05
2025050501015425,MAKAR,65,7,40.0,713.8,28552.0,2025-05-05
2025050501015424,MAKAR,65,47,100.0,713.8,71380.0,2025-05-05
2025050501015423,MAKAR,65,57,10.0,708.9,7089.0,2025-05-05
2025050501015422,MAKAR,65,45,10.0,705.0,7050.0,2025-05-05
2025050501015421,MAKAR,65,29,30.0,699.9,20997.0,2025-05-05
2025050501015420,NMB,22,43,40.0,232.8,9312.0,2025-05-05
2025050501015419,NMB,14,43,100.0,232.8,23280.0,2025-05-05
2025050501015418,NMB,42,43,500.0,233.0,116500.0,2025-05-05
2025050501015417,NMB,49,43,300.0,233.0,69900.0,2025-05-05
2025050501015416,NMB,58,43,50.0,233.0,11650.0,2025-05-05
2025050501015415,NMB,49,43,10.0,233.0,2330.0,2025-05-05
2025050504029345,SALICO,20,50,48.0,680.0,32640.0,2025-05-05
2025050505012012,HRL,58,77,106.0,970.0,102820.0,2025-05-05
2025050505012011,HRL,45,77,80.0,970.0,77600.0,2025-05-05
2025050505012010,HRL,42,77,50.0,970.0,48500.0,2025-05-05
2025050505012009,HRL,56,77,100.0,970.0,97000.0,2025-05-05
2025050505012008,HRL,32,77,100.0,970.0,97000.0,2025-05-05
2025050505012007,HRL,58,77,20.0,970.0,19400.0,2025-05-05
2025050505012006,HRL,62,77,100.0,970.0,97000.0,2025-05-05
2025050505012005,HRL,14,77,20.0,970.0,19400.0,2025-05-05
2025050505012004,HRL,32,77,100.0,970.0,97000.0,2025-05-05
2025050505012003,HRL,58,77,20.0,970.0,19400.0,2025-05-05
2025050505012002,HRL,84,77,50.0,970.0,48500.0,2025-05-05
2025050505012001,HRL,81,77,100.0,970.0,97000.0,2025-05-05
2025050505012000,HRL,34,77,500.0,970.0,485000.0,2025-05-05
2025050505011999,HRL,32,77,250.0,970.0,242500.0,2025-05-05
2025050505011998,HRL,45,77,21.0,970.0,20370.0,2025-05-05
2025050505011997,HRL,36,77,400.0,970.1,388040.0,2025-05-05
2025050505011996,HRL,26,77,100.0,970.1,97010.0,2025-05-05
2025050505011995,HRL,57,77,83.0,970.1,80518.3,2025-05-05
2025050501015414,RFPL,41,92,797.0,550.0,438350.0,2025-05-05
2025050501015413,RFPL,45,92,50.0,550.0,27500.0,2025-05-05
2025050501015412,RFPL,57,92,153.0,550.0,84150.0,2025-05-05
2025050504029344,NIL,48,8,118.0,737.5,87025.0,2025-05-05
2025050504029343,NIL,48,40,82.0,737.0,60434.0,2025-05-05
2025050504029342,SPDL,49,44,151.0,390.3,58935.3,2025-05-05
2025050504029341,SPDL,4,44,200.0,390.3,78060.0,2025-05-05
2025050504029340,SPDL,29,44,500.0,390.3,195150.0,2025-05-05
2025050504029339,SPDL,14,44,850.0,391.0,332350.0,2025-05-05
2025050504029338,SPDL,39,44,200.0,391.1,78220.0,2025-05-05
2025050504029337,SPDL,34,44,99.0,392.0,38808.0,2025-05-05
2025050504029336,UPCL,94,19,333.0,379.9,126506.7,2025-05-05
2025050503008968,SFCL,38,57,100.0,480.0,48000.0,2025-05-05
2025050505011994,HRL,57,57,17.0,970.1,16491.7,2025-05-05
2025050505011993,HRL,56,57,200.0,970.1,194020.0,2025-05-05
2025050505011992,HRL,44,57,10.0,970.1,9701.0,2025-05-05
2025050505011991,HRL,55,57,93.0,970.2,90228.6,2025-05-05
2025050505011990,HRL,57,57,50.0,970.4,48520.0,2025-05-05
2025050501015411,MEHL,56,57,10.0,498.5,4985.0,2025-05-05
2025050503008967,HLI,49,22,100.0,412.0,41200.0,2025-05-05
2025050501015410,NIMB,34,38,100.0,204.0,20400.0,2025-05-05
2025050504029335,SPDL,34,29,1000.0,392.0,392000.0,2025-05-05
2025050504029334,SPDL,34,59,500.0,392.0,196000.0,2025-05-05
2025050504029333,SPDL,34,44,287.0,392.0,112504.0,2025-05-05
2025050504029332,SPDL,34,59,114.0,392.0,44688.0,2025-05-05
2025050501015409,BHPL,62,34,50.0,980.1,49005.0,2025-05-05
2025050503008966,MLBL,46,28,50.0,366.0,18300.0,2025-05-05
2025050504029331,AKJCL,42,49,25.0,208.0,5200.0,2025-05-05
2025050504029330,AKJCL,42,58,105.0,207.9,21829.5,2025-05-05
2025050503008965,ICFC,39,58,28.0,569.9,15957.2,2025-05-05
2025050504029329,RHPL,57,39,500.0,388.3,194150.0,2025-05-05
2025050504029328,NGPL,6,49,500.0,368.0,184000.0,2025-05-05
2025050504029327,NGPL,42,49,95.0,368.0,34960.0,2025-05-05
2025050504029326,NGPL,49,49,144.0,368.0,52992.0,2025-05-05
2025050501015408,MBL,38,49,100.0,211.0,21100.0,2025-05-05
2025050505011989,HIDCL,41,58,490.0,304.0,148960.0,2025-05-05
2025050505011988,HIDCL,45,58,510.0,304.1,155091.0,2025-05-05
2025050503008964,GMFBS,58,39,50.0,1573.0,78650.0,2025-05-05
2025050504029325,UAIL,58,55,390.0,605.0,235950.0,2025-05-05
2025050504029324,UPCL,45,19,67.0,379.9,25453.3,2025-05-05
2025050504029323,UPCL,45,38,133.0,379.9,50526.7,2025-05-05
2025050504029322,SHEL,54,26,750.0,264.1,198075.0,2025-05-05
2025050504029321,SHEL,42,26,400.0,264.2,105680.0,2025-05-05
2025050504029320,SHEL,33,26,50.0,264.3,13215.0,2025-05-05
2025050504029319,MEN,46,14,20.0,568.0,11360.0,2025-05-05
2025050504029318,SPDL,35,59,100.0,392.0,39200.0,2025-05-05
2025050504029317,UNHPL,7,21,83.0,331.0,27473.0,2025-05-05
2025050504029316,UNHPL,57,21,1300.0,331.1,430430.0,2025-05-05
2025050504029315,UNHPL,38,21,1500.0,331.2,496800.0,2025-05-05
2025050504029314,UNHPL,34,21,200.0,331.2,66240.0,2025-05-05
2025050504029313,UNHPL,84,21,100.0,331.5,33150.0,2025-05-05
2025050504029312,UNHPL,52,21,450.0,331.5,149175.0,2025-05-05
2025050504029311,UNHPL,45,21,20.0,332.0,6640.0,2025-05-05
2025050504029310,UNHPL,45,21,50.0,332.0,16600.0,2025-05-05
2025050504029309,UNHPL,57,21,469.0,332.0,155708.0,2025-05-05
2025050504029308,UNHPL,32,21,150.0,332.1,49815.0,2025-05-05
2025050503008963,MNBBL,7,58,50.0,352.0,17600.0,2025-05-05
2025050504029307,RADHI,19,55,120.0,700.0,84000.0,2025-05-05
2025050504029306,RADHI,19,29,80.0,699.5,55960.0,2025-05-05
2025050501015407,LSL,16,13,400.0,205.5,82200.0,2025-05-05
2025050501015406,USHEC,38,89,10.0,549.0,5490.0,2025-05-05
2025050501015405,TAMOR,38,5,50.0,500.0,25000.0,2025-05-05
2025050501015404,RBBD83,51,55,20.0,1070.0,21400.0,2025-05-05
2025050501015403,RBBD83,51,46,3.0,1069.9,3209.7,2025-05-05
2025050501015402,NYADI,29,38,50.0,523.1,26155.0,2025-05-05
2025050501015401,NYADI,29,43,50.0,523.0,26150.0,2025-05-05
2025050501015400,NYADI,29,61,100.0,522.5,52250.0,2025-05-05
2025050504029305,NGPL,34,74,172.0,368.5,63382.0,2025-05-05
2025050504029304,NGPL,34,13,200.0,368.5,73700.0,2025-05-05
2025050504029303,NGPL,34,6,95.0,368.5,35007.5,2025-05-05
2025050504029302,NGPL,34,25,200.0,368.4,73680.0,2025-05-05
2025050504029301,NGPL,34,6,750.0,368.4,276300.0,2025-05-05
2025050504029300,NGPL,34,45,583.0,368.4,214777.2,2025-05-05
2025050501015399,RFPL,57,32,290.0,550.0,159500.0,2025-05-05
2025050501015398,NABIL,49,32,17.0,479.0,8143.0,2025-05-05
2025050505011987,SONA,6,8,500.0,454.5,227250.0,2025-05-05
2025050505011986,SONA,8,8,200.0,454.5,90900.0,2025-05-05
2025050505011985,SONA,35,8,25.0,454.5,11362.5,2025-05-05
2025050505011984,SONA,89,8,10.0,454.9,4549.0,2025-05-05
2025050505011983,SONA,20,8,10.0,454.9,4549.0,2025-05-05
2025050505011982,SONA,58,8,100.0,455.0,45500.0,2025-05-05
2025050505011981,SONA,40,8,55.0,455.0,25025.0,2025-05-05
2025050504029299,UPPER,49,51,57.0,197.9,11280.3,2025-05-05
2025050501015397,PPL,63,57,10.0,467.9,4679.0,2025-05-05
2025050501015396,BHL,45,91,50.0,218.8,10940.0,2025-05-05
2025050505011980,HIDCL,41,65,50.0,304.0,15200.0,2025-05-05
2025050505011979,HIDCL,58,65,50.0,304.1,15205.0,2025-05-05
2025050505011978,HIDCL,41,65,100.0,304.5,30450.0,2025-05-05
2025050501015395,RFPL,57,21,57.0,550.0,31350.0,2025-05-05
2025050501015394,RFPL,42,21,100.0,550.0,55000.0,2025-05-05
2025050501015393,RFPL,3,21,143.0,550.0,78650.0,2025-05-05
2025050504029298,BPCL,33,14,88.0,453.0,39864.0,2025-05-05
2025050504029297,BPCL,7,14,212.0,453.0,96036.0,2025-05-05
2025050503008962,SADBL,21,26,10.0,385.0,3850.0,2025-05-05
2025050504029296,RIDI,7,39,190.0,258.0,49020.0,2025-05-05
2025050503008961,SAPDBL,91,65,50.0,899.0,44950.0,2025-05-05
2025050501015392,MCHL,38,75,450.0,566.1,254745.0,2025-05-05
2025050501015391,MCHL,32,75,50.0,566.4,28320.0,2025-05-05
2025050503008960,CFCL,6,86,30.0,540.0,16200.0,2025-05-05
2025050501015390,TVCL,58,86,10.0,507.1,5071.0,2025-05-05
2025050503008959,GILB,25,52,20.0,1180.2,23604.0,2025-05-05
2025050504029295,AKJCL,42,58,200.0,207.9,41580.0,2025-05-05
2025050503008958,CFCL,34,43,10.0,545.0,5450.0,2025-05-05
2025050505011977,STC,54,70,35.0,5160.0,180600.0,2025-05-05
2025050501015389,GMLI,55,32,10.0,2370.0,23700.0,2025-05-05
2025050505011976,NIFRA,29,32,190.0,285.1,54169.0,2025-05-05
2025050505011975,NIFRA,38,32,500.0,285.1,142550.0,2025-05-05
2025050505011974,NIFRA,19,32,10.0,285.1,2851.0,2025-05-05
2025050505011973,NIFRA,3,32,300.0,285.2,85560.0,2025-05-05
2025050505011972,SONA,40,11,45.0,455.0,20475.0,2025-05-05
2025050505011971,SONA,42,11,40.0,455.0,18200.0,2025-05-05
2025050501015388,EHPL,58,39,10.0,592.9,5929.0,2025-05-05
2025050503008957,NICLBSL,49,35,50.0,616.1,30805.0,2025-05-05
2025050501015387,IHL,53,35,10.0,610.0,6100.0,2025-05-05
2025050504029294,GLH,21,7,200.0,269.0,53800.0,2025-05-05
2025050505011970,HRL,48,21,79.0,971.5,76748.5,2025-05-05
2025050505011969,HRL,48,44,250.0,971.3,242825.0,2025-05-05
2025050505011968,HRL,48,38,125.0,971.2,121400.0,2025-05-05
2025050505011967,HRL,48,4,20.0,971.0,19420.0,2025-05-05
2025050505011966,HRL,48,1,10.0,971.0,9710.0,2025-05-05
2025050505011965,HRL,48,48,16.0,970.3,15524.8,2025-05-05
2025050504029293,HDHPC,38,32,1000.0,200.2,200200.0,2025-05-05
2025050503008956,MDB,45,38,132.0,590.0,77880.0,2025-05-05
2025050503008955,MDB,22,38,50.0,590.0,29500.0,2025-05-05
2025050503008954,MDB,45,38,120.0,590.5,70860.0,2025-05-05
2025050503008953,MDB,45,38,188.0,591.0,111108.0,2025-05-05
2025050505011964,STC,54,48,50.0,5160.0,258000.0,2025-05-05
2025050504029292,UPCL,48,67,10.0,380.0,3800.0,2025-05-05
2025050504029291,UPCL,64,58,100.0,380.0,38000.0,2025-05-05
2025050504029290,UPCL,64,32,55.0,380.0,20900.0,2025-05-05
2025050504029289,HEI,57,45,20.0,565.0,11300.0,2025-05-05
2025050501015386,TSHL,4,29,20.0,769.0,15380.0,2025-05-05
2025050503008952,WNLB,8,34,10.0,2557.5,25575.0,2025-05-05
2025050504029288,SHPC,39,49,500.0,586.0,293000.0,2025-05-05
2025050503008951,LLBS,49,35,10.0,1031.0,10310.0,2025-05-05
2025050504029287,SJCL,40,50,10.0,326.8,3268.0,2025-05-05
2025050501015385,GMLI,55,45,30.0,2370.0,71100.0,2025-05-05
2025050504029286,UPCL,7,32,145.0,380.0,55100.0,2025-05-05
2025050504029285,UPCL,7,49,135.0,380.0,51300.0,2025-05-05
2025050504029284,UPCL,7,58,50.0,380.0,19000.0,2025-05-05
2025050504029283,UPCL,7,34,300.0,380.0,114000.0,2025-05-05
2025050504029282,UPCL,7,48,350.0,380.0,133000.0,2025-05-05
2025050504029281,UPCL,7,38,400.0,380.0,152000.0,2025-05-05
2025050504029280,UPCL,7,45,50.0,380.0,19000.0,2025-05-05
2025050504029279,UPCL,7,49,570.0,380.0,216600.0,2025-05-05
2025050501015384,MHCL,38,91,51.0,485.0,24735.0,2025-05-05
2025050501015383,MHCL,1,91,100.0,486.0,48600.0,2025-05-05
2025050501015382,MHCL,52,91,10.0,487.0,4870.0,2025-05-05
2025050501015381,NABIL,38,47,50.0,479.5,23975.0,2025-05-05
2025050505011963,RNLI,52,44,2989.0,505.0,1509445.0,2025-05-05
2025050504029278,SHPC,17,49,1500.0,586.0,879000.0,2025-05-05
2025050501015380,GVL,6,81,35.0,432.0,15120.0,2025-05-05
2025050501015379,GVL,6,49,99.0,432.0,42768.0,2025-05-05
2025050501015378,GVL,6,4,100.0,431.0,43100.0,2025-05-05
2025050501015377,GVL,6,57,18.0,430.9,7756.2,2025-05-05
2025050501015376,GVL,6,35,48.0,430.0,20640.0,2025-05-05
2025050504029277,NGPL,49,28,100.0,368.0,36800.0,2025-05-05
2025050505011962,SAHAS,29,17,400.0,504.0,201600.0,2025-05-05
2025050505011961,SAHAS,29,7,100.0,504.0,50400.0,2025-05-05
2025050505011960,SAHAS,29,35,100.0,503.9,50390.0,2025-05-05
2025050505011959,SAHAS,29,70,450.0,503.5,226575.0,2025-05-05
2025050501015375,NWCL,87,38,10.0,935.0,9350.0,2025-05-05
2025050505011958,SAHAS,62,70,50.0,503.5,25175.0,2025-05-05
2025050501015374,BHL,34,91,200.0,218.8,43760.0,2025-05-05
2025050504029276,UPCL,49,49,430.0,380.0,163400.0,2025-05-05
2025050504029275,UPCL,49,13,270.0,380.0,102600.0,2025-05-05
2025050501015373,GMLI,58,57,10.0,2375.0,23750.0,2025-05-05
2025050501015372,HIDCLP,58,16,10.0,213.9,2139.0,2025-05-05
2025050501015371,SCB,58,1,40.0,602.0,24080.0,2025-05-05
2025050501015370,BHL,41,16,134.0,218.5,29279.0,2025-05-05
2025050501015369,BHL,55,16,100.0,218.5,21850.0,2025-05-05
2025050501015368,BHL,45,16,496.0,218.5,108376.0,2025-05-05
2025050501015367,BHL,34,16,230.0,218.5,50255.0,2025-05-05
2025050501015366,BHL,42,16,40.0,218.5,8740.0,2025-05-05
2025050501015365,ULBSL,51,13,50.0,2975.0,148750.0,2025-05-05
2025050501015364,ULBSL,55,13,10.0,2976.0,29760.0,2025-05-05
2025050501015363,ULBSL,49,13,10.0,2976.1,29761.0,2025-05-05
2025050504029274,SJCL,62,13,250.0,323.4,80850.0,2025-05-05
2025050505011957,HATHY,55,60,65.0,1290.0,83850.0,2025-05-05
2025050504029273,UMHL,39,1,385.0,501.9,193231.5,2025-05-05
2025050504029272,UMHL,39,1,115.0,502.0,57730.0,2025-05-05
2025050505011956,NRIC,69,28,102.0,1232.9,125755.8,2025-05-05
2025050505011955,NRIC,69,48,25.0,1232.0,30800.0,2025-05-05
2025050505011954,NRIC,69,8,20.0,1232.0,24640.0,2025-05-05
2025050505011953,NRIC,69,51,28.0,1231.9,34493.2,2025-05-05
2025050505011952,NRIC,69,14,10.0,1231.0,12310.0,2025-05-05
2025050505011951,NRIC,69,34,100.0,1231.0,123100.0,2025-05-05
2025050505011950,NRIC,69,43,200.0,1230.0,246000.0,2025-05-05
2025050505011949,NRIC,69,16,200.0,1230.0,246000.0,2025-05-05
2025050505011948,NRIC,69,19,53.0,1230.0,65190.0,2025-05-05
2025050505011947,NRIC,69,51,13.0,1228.0,15964.0,2025-05-05
2025050505011946,NRIC,69,32,134.0,1226.0,164284.0,2025-05-05
2025050505011945,NRIC,69,59,59.0,1226.0,72334.0,2025-05-05
2025050505011944,NRIC,69,16,200.0,1225.0,245000.0,2025-05-05
2025050505011943,NRIC,69,16,200.0,1225.0,245000.0,2025-05-05
2025050505011942,NRIC,69,52,43.0,1225.0,52675.0,2025-05-05
2025050505011941,NRIC,69,21,13.0,1224.0,15912.0,2025-05-05
2025050503008950,SMFBS,45,48,25.0,1637.0,40925.0,2025-05-05
2025050503008949,SMFBS,45,48,10.0,1640.0,16400.0,2025-05-05
2025050501015362,RFPL,3,44,75.0,550.0,41250.0,2025-05-05
2025050501015361,RFPL,14,44,30.0,550.0,16500.0,2025-05-05
2025050501015360,RFPL,46,44,20.0,550.0,11000.0,2025-05-05
2025050501015359,RFPL,16,44,100.0,550.0,55000.0,2025-05-05
2025050501015358,RFPL,41,44,94.0,550.0,51700.0,2025-05-05
2025050501015357,RFPL,41,44,100.0,550.0,55000.0,2025-05-05
2025050501015356,RFPL,19,44,100.0,550.0,55000.0,2025-05-05
2025050501015355,RFPL,41,44,180.0,550.0,99000.0,2025-05-05
2025050501015354,RFPL,49,44,100.0,550.0,55000.0,2025-05-05
2025050501015353,RFPL,3,44,50.0,550.0,27500.0,2025-05-05
2025050501015352,RFPL,41,44,50.0,550.0,27500.0,2025-05-05
2025050501015351,RFPL,22,44,25.0,550.0,13750.0,2025-05-05
2025050501015350,RFPL,42,44,100.0,550.0,55000.0,2025-05-05
2025050501015349,RFPL,13,44,10.0,550.0,5500.0,2025-05-05
2025050501015348,RFPL,34,44,56.0,550.0,30800.0,2025-05-05
2025050504029271,UPPER,57,51,500.0,197.9,98950.0,2025-05-05
2025050503008948,GMFIL,57,58,50.0,467.0,23350.0,2025-05-05
2025050505011940,NIFRA,6,91,50.0,286.0,14300.0,2025-05-05
2025050501015347,USHEC,13,6,10.0,548.2,5482.0,2025-05-05
2025050504029270,UMHL,39,6,10.0,502.0,5020.0,2025-05-05
2025050501015346,DOLTI,32,50,25.0,586.0,14650.0,2025-05-05
2025050503008947,LLBS,32,35,10.0,1031.0,10310.0,2025-05-05
2025050504029269,RADHI,41,56,500.0,700.0,350000.0,2025-05-05
2025050504029268,SHPC,39,49,100.0,586.0,58600.0,2025-05-05
2025050504029267,CHCL,49,39,10.0,489.0,4890.0,2025-05-05
2025050505011939,NRN,44,66,50.0,2113.0,105650.0,2025-05-05
2025050501015345,ANLB,39,25,10.0,5310.1,53101.0,2025-05-05
2025050505011938,HRL,55,19,100.0,970.2,97020.0,2025-05-05
2025050504029266,NGPL,36,45,25.0,368.4,9210.0,2025-05-05
2025050504029265,SHPC,13,49,1000.0,586.0,586000.0,2025-05-05
2025050505011937,SHIVM,49,55,220.0,522.3,114906.0,2025-05-05
2025050505011936,SHIVM,58,55,500.0,522.3,261150.0,2025-05-05
2025050505011935,SHIVM,58,55,280.0,522.3,146244.0,2025-05-05
2025050504029264,RURU,41,59,80.0,700.0,56000.0,2025-05-05
2025050504029263,RURU,57,59,73.0,700.0,51100.0,2025-05-05
2025050504029262,RURU,14,59,47.0,700.0,32900.0,2025-05-05
2025050504029261,RURU,43,59,50.0,700.1,35005.0,2025-05-05
2025050504029260,RURU,21,59,170.0,700.3,119051.0,2025-05-05
2025050504029259,RURU,32,59,80.0,702.0,56160.0,2025-05-05
2025050503008946,HLBSL,58,52,44.0,924.0,40656.0,2025-05-05
2025050504029258,AKPL,14,51,100.0,242.0,24200.0,2025-05-05
2025050504029257,AKPL,38,51,50.0,242.0,12100.0,2025-05-05
2025050505011934,SAHAS,50,57,100.0,503.0,50300.0,2025-05-05
2025050504029256,UPPER,58,8,100.0,197.8,19780.0,2025-05-05
2025050501015344,BHL,42,39,300.0,218.5,65550.0,2025-05-05
2025050501015343,BHL,48,39,700.0,218.5,152950.0,2025-05-05
2025050504029255,UMHL,39,51,100.0,502.0,50200.0,2025-05-05
2025050504029254,UMHL,39,50,785.0,502.0,394070.0,2025-05-05
2025050504029253,UMHL,39,71,1990.0,502.0,998980.0,2025-05-05
2025050504029252,NGPL,49,49,200.0,368.0,73600.0,2025-05-05
2025050503008945,JBBL,48,45,20.0,319.0,6380.0,2025-05-05
2025050503008944,JBBL,44,45,50.0,319.0,15950.0,2025-05-05
2025050503008943,JBBL,35,45,200.0,319.0,63800.0,2025-05-05
2025050503008942,JBBL,44,45,10.0,319.0,3190.0,2025-05-05
2025050503008941,JBBL,53,45,300.0,319.0,95700.0,2025-05-05
2025050503008940,JBBL,42,45,200.0,319.0,63800.0,2025-05-05
2025050503008939,JBBL,42,45,100.0,319.0,31900.0,2025-05-05
2025050503008938,JBBL,58,45,50.0,319.0,15950.0,2025-05-05
2025050503008937,JBBL,32,45,39.0,319.0,12441.0,2025-05-05
2025050501015342,MKHC,39,45,35.0,465.4,16289.0,2025-05-05
2025050504029251,SHPC,95,49,500.0,586.0,293000.0,2025-05-05
2025050504029250,PMHPL,38,95,20.0,306.0,6120.0,2025-05-05
2025050504029249,PMHPL,53,95,30.0,306.0,9180.0,2025-05-05
2025050504029248,UPCL,67,16,2190.0,379.5,831105.0,2025-05-05
2025050504029247,UPCL,6,16,310.0,379.9,117769.0,2025-05-05
2025050505011933,SONA,42,16,10.0,455.0,4550.0,2025-05-05
2025050503008936,MDB,45,55,112.0,591.0,66192.0,2025-05-05
2025050503008935,MDB,54,55,10.0,591.0,5910.0,2025-05-05
2025050503008934,MDB,38,55,300.0,591.0,177300.0,2025-05-05
2025050503008933,MDB,42,55,48.0,591.0,28368.0,2025-05-05
2025050503008932,MDB,35,55,10.0,592.0,5920.0,2025-05-05
2025050503008931,MDB,57,55,50.0,592.0,29600.0,2025-05-05
2025050503008930,MDB,55,55,10.0,593.0,5930.0,2025-05-05
2025050503008929,MDB,33,55,20.0,593.0,11860.0,2025-05-05
2025050503008928,MDB,70,55,590.0,593.0,349870.0,2025-05-05
2025050505011932,ENL,51,55,10.0,1115.0,11150.0,2025-05-05
2025050503008927,SINDU,41,5,33.0,950.0,31350.0,2025-05-05
2025050501015341,MKJC,36,52,125.0,524.0,65500.0,2025-05-05
2025050501015340,MKJC,34,52,300.0,524.0,157200.0,2025-05-05
2025050501015339,MKJC,47,52,50.0,524.1,26205.0,2025-05-05
2025050501015338,MKJC,3,52,30.0,525.0,15750.0,2025-05-05
2025050501015337,MKJC,29,52,100.0,525.0,52500.0,2025-05-05
2025050501015336,MKJC,33,52,30.0,525.0,15750.0,2025-05-05
2025050501015335,MKJC,45,52,50.0,525.0,26250.0,2025-05-05
2025050501015334,MKJC,39,52,100.0,525.0,52500.0,2025-05-05
2025050501015333,MKJC,65,52,15.0,525.0,7875.0,2025-05-05
2025050501015332,MKJC,55,52,200.0,525.1,105020.0,2025-05-05
2025050503008926,MLBL,51,28,20.0,366.0,7320.0,2025-05-05
2025050503008925,MLBBL,17,21,160.0,1420.0,227200.0,2025-05-05
2025050503008924,MLBBL,17,34,40.0,1419.9,56796.0,2025-05-05
2025050501015331,RFPL,34,88,10.0,550.0,5500.0,2025-05-05
2025050501015330,MKHC,57,52,10.0,471.0,4710.0,2025-05-05
2025050505011931,NRIC,69,70,400.0,1223.2,489280.0,2025-05-05
2025050503008923,SINDU,87,53,31.0,951.0,29481.0,2025-05-05
2025050504029246,RADHI,62,56,198.0,700.0,138600.0,2025-05-05
2025050504029245,RADHI,62,40,14.0,700.0,9800.0,2025-05-05
2025050504029244,RADHI,62,19,88.0,699.0,61512.0,2025-05-05
2025050501015329,USHEC,32,89,20.0,549.0,10980.0,2025-05-05
2025050503008922,KSBBL,32,35,300.0,437.0,131100.0,2025-05-05
2025050501015328,SARBTM,41,6,10.0,868.0,8680.0,2025-05-05
2025050501015327,TAMOR,3,5,72.0,500.0,36000.0,2025-05-05
2025050501015326,ULHC,58,91,200.0,470.4,94080.0,2025-05-05
2025050501015325,ULHC,17,91,213.0,470.5,100216.5,2025-05-05
2025050501015324,ULHC,47,91,300.0,471.0,141300.0,2025-05-05
2025050501015323,ULHC,58,91,11.0,471.0,5181.0,2025-05-05
2025050501015322,ULHC,58,91,11.0,472.0,5192.0,2025-05-05
2025050501015321,ULHC,14,91,50.0,472.1,23605.0,2025-05-05
2025050501015320,ULHC,58,91,11.0,473.0,5203.0,2025-05-05
2025050503008921,MLBL,58,28,30.0,366.0,10980.0,2025-05-05
2025050504029243,RIDI,53,39,125.0,258.0,32250.0,2025-05-05
2025050504029242,RIDI,53,45,75.0,257.7,19327.5,2025-05-05
2025050505011930,RNLI,52,59,2000.0,505.0,1010000.0,2025-05-05
2025050501015319,BNHC,74,4,20.0,504.9,10098.0,2025-05-05
2025050503008920,ICFC,64,58,100.0,569.9,56990.0,2025-05-05
2025050504029241,UPCL,44,13,30.0,380.0,11400.0,2025-05-05
2025050504029240,UPCL,44,26,500.0,380.0,190000.0,2025-05-05
2025050504029239,UPCL,44,19,100.0,380.0,38000.0,2025-05-05
2025050504029238,UPCL,44,38,500.0,380.0,190000.0,2025-05-05
2025050504029237,UPCL,44,41,200.0,380.0,76000.0,2025-05-05
2025050504029236,UPCL,44,62,15.0,380.0,5700.0,2025-05-05
2025050504029235,UPCL,44,16,100.0,380.0,38000.0,2025-05-05
2025050504029234,UPCL,44,42,300.0,380.0,114000.0,2025-05-05
2025050504029233,UPCL,44,19,300.0,380.0,114000.0,2025-05-05
2025050504029232,UPCL,44,32,150.0,380.0,57000.0,2025-05-05
2025050504029231,UPCL,44,52,10.0,380.0,3800.0,2025-05-05
2025050504029230,UPCL,44,36,54.0,380.0,20520.0,2025-05-05
2025050504029229,UPCL,44,40,759.0,380.0,288420.0,2025-05-05
2025050504029228,UPCL,44,57,100.0,380.0,38000.0,2025-05-05
2025050504029227,UPCL,44,17,200.0,380.0,76000.0,2025-05-05
2025050504029226,UPCL,44,5,1500.0,380.0,570000.0,2025-05-05
2025050504029225,UPCL,44,42,182.0,380.0,69160.0,2025-05-05
2025050503008919,MLBL,38,28,45.0,366.0,16470.0,2025-05-05
2025050503008918,MLBL,34,28,200.0,366.1,73220.0,2025-05-05
2025050501015318,NIMB,18,38,55.0,204.0,11220.0,2025-05-05
2025050504029224,HDHPC,41,32,150.0,200.2,30030.0,2025-05-05
2025050505011929,GCIL,35,49,30.0,501.0,15030.0,2025-05-05
2025050505011928,GCIL,25,49,50.0,501.0,25050.0,2025-05-05
2025050504029223,AKPL,56,45,994.0,242.0,240548.0,2025-05-05
2025050504029222,UMHL,39,14,200.0,501.9,100380.0,2025-05-05
2025050504029221,UPCL,72,42,10.0,380.0,3800.0,2025-05-05
2025050505011927,HIDCL,41,60,219.0,304.0,66576.0,2025-05-05
2025050505011926,HIDCL,45,60,81.0,304.0,24624.0,2025-05-05
2025050505011925,HIDCL,38,60,200.0,304.3,60860.0,2025-05-05
2025050505011924,HIDCL,32,60,500.0,304.5,152250.0,2025-05-05
2025050504029220,LEC,84,91,30.0,215.6,6468.0,2025-05-05
2025050504029219,RHPL,57,80,300.0,388.3,116490.0,2025-05-05
2025050501015317,GVL,50,53,99.0,429.5,42520.5,2025-05-05
2025050501015316,HIDCLP,5,58,1000.0,214.0,214000.0,2025-05-05
2025050505011923,NRN,44,51,43.0,2113.0,90859.0,2025-05-05
2025050505011922,NRN,58,51,57.0,2113.0,120441.0,2025-05-05
2025050501015315,SPHL,49,90,50.0,699.0,34950.0,2025-05-05
2025050504029218,NGPL,49,57,25.0,368.0,9200.0,2025-05-05
2025050505011921,CLI,29,52,10.0,473.5,4735.0,2025-05-05
2025050504029217,API,34,45,500.0,299.0,149500.0,2025-05-05
2025050501015314,UHEWA,66,4,408.0,635.0,259080.0,2025-05-05
2025050501015313,UHEWA,66,35,842.0,634.5,534249.0,2025-05-05
2025050501015312,UHEWA,66,37,10.0,634.3,6343.0,2025-05-05
2025050501015311,UHEWA,66,53,100.0,634.0,63400.0,2025-05-05
2025050501015310,UHEWA,66,34,30.0,634.0,19020.0,2025-05-05
2025050501015309,UHEWA,66,38,35.0,633.0,22155.0,2025-05-05
2025050501015308,UHEWA,66,54,75.0,632.0,47400.0,2025-05-05
2025050505011920,MBJC,40,58,50.0,317.0,15850.0,2025-05-05
2025050504029216,UMHL,39,26,150.0,501.9,75285.0,2025-05-05
2025050504029215,UMHL,39,26,10.0,501.9,5019.0,2025-05-05
2025050503008917,MLBL,21,50,10.0,366.7,3667.0,2025-05-05
2025050504029214,GHL,56,45,470.0,254.1,119427.0,2025-05-05
2025050504029213,GHL,45,45,300.0,254.1,76230.0,2025-05-05
2025050504029212,GHL,43,45,500.0,254.1,127050.0,2025-05-05
2025050504029211,GHL,4,45,100.0,254.2,25420.0,2025-05-05
2025050504029210,GHL,57,45,200.0,254.2,50840.0,2025-05-05
2025050504029209,GHL,44,45,300.0,254.3,76290.0,2025-05-05
2025050504029208,GHL,49,45,1130.0,254.5,287585.0,2025-05-05
2025050504029207,GHL,6,45,2000.0,254.9,509800.0,2025-05-05
2025050501015307,SANIMA,52,14,22.0,300.0,6600.0,2025-05-05
2025050501015306,SANIMA,25,14,78.0,300.1,23407.8,2025-05-05
2025050501015305,SANIMA,25,44,422.0,300.1,126642.2,2025-05-05
2025050504029206,NGPL,49,13,400.0,368.0,147200.0,2025-05-05
2025050503008916,MNBBL,43,58,20.0,352.0,7040.0,2025-05-05
2025050505011919,NRN,58,4,50.0,2113.0,105650.0,2025-05-05
2025050504029205,GHL,38,4,50.0,255.0,12750.0,2025-05-05
2025050504029204,GHL,33,4,100.0,255.0,25500.0,2025-05-05
2025050504029203,GHL,49,4,31.0,255.0,7905.0,2025-05-05
2025050504029202,GHL,86,4,500.0,255.1,127550.0,2025-05-05
2025050504029201,HURJA,69,100,500.0,252.4,126200.0,2025-05-05
2025050504029200,AHPC,48,77,1663.0,290.0,482270.0,2025-05-05
2025050504029199,AHPC,48,18,1000.0,289.9,289900.0,2025-05-05
2025050504029198,AHPC,48,99,1490.0,289.7,431653.0,2025-05-05
2025050504029197,AHPC,48,13,500.0,289.0,144500.0,2025-05-05
2025050504029196,AHPC,48,22,50.0,289.0,14450.0,2025-05-05
2025050504029195,AHPC,48,38,50.0,288.0,14400.0,2025-05-05
2025050504029194,AHPC,48,40,400.0,288.0,115200.0,2025-05-05
2025050504029193,AHPC,48,89,943.0,288.0,271584.0,2025-05-05
2025050504029192,AHPC,48,44,200.0,288.0,57600.0,2025-05-05
2025050504029191,AHPC,48,57,500.0,288.0,144000.0,2025-05-05
2025050504029190,AHPC,48,1,300.0,287.9,86370.0,2025-05-05
2025050504029189,AHPC,48,38,904.0,287.9,260261.6,2025-05-05
2025050504029188,NGPL,49,38,131.0,368.0,48208.0,2025-05-05
2025050504029187,NGPL,47,38,500.0,368.0,184000.0,2025-05-05
2025050504029186,NGPL,48,38,369.0,368.0,135792.0,2025-05-05
2025050504029185,HEI,19,17,15.0,563.6,8454.0,2025-05-05
2025050504029184,RHPL,17,60,80.0,389.8,31184.0,2025-05-05
2025050504029183,RIDI,17,57,293.0,257.5,75447.5,2025-05-05
2025050504029182,RIDI,41,57,207.0,257.5,53302.5,2025-05-05
2025050503008915,SHINE,47,57,58.0,395.0,22910.0,2025-05-05
2025050504029181,UAIL,34,55,10.0,605.0,6050.0,2025-05-05
2025050501015304,BHL,40,14,250.0,218.6,54650.0,2025-05-05
2025050501015303,IHL,26,48,10.0,615.0,6150.0,2025-05-05
2025050501015302,IHL,26,58,50.0,610.0,30500.0,2025-05-05
2025050504029180,NGPL,48,33,266.0,368.0,97888.0,2025-05-05
2025050503008914,JBBL,32,45,61.0,319.0,19459.0,2025-05-05
2025050503008913,JBBL,45,45,39.0,319.0,12441.0,2025-05-05
2025050505011918,NRN,58,21,30.0,2113.0,63390.0,2025-05-05
2025050505011917,HIDCL,32,45,500.0,304.5,152250.0,2025-05-05
2025050501015301,PPL,38,45,45.0,464.0,20880.0,2025-05-05
2025050501015300,NIMB,33,14,485.0,203.6,98746.0,2025-05-05
2025050501015299,NIMB,70,14,1400.0,203.6,285040.0,2025-05-05
2025050501015298,NIMB,58,14,815.0,203.9,166178.5,2025-05-05
2025050501015297,MCHL,21,95,100.0,566.3,56630.0,2025-05-05
2025050504029179,SPDL,58,59,36.0,392.0,14112.0,2025-05-05
2025050504029178,SPDL,58,58,100.0,392.0,39200.0,2025-05-05
2025050504029177,SPDL,58,56,54.0,392.0,21168.0,2025-05-05
2025050504029176,SPDL,58,32,10.0,391.5,3915.0,2025-05-05
2025050503008912,GMFIL,58,58,280.0,467.0,130760.0,2025-05-05
2025050505011916,GCIL,25,52,150.0,501.0,75150.0,2025-05-05
2025050505011915,GCIL,26,52,300.0,501.0,150300.0,2025-05-05
2025050503008911,SINDU,41,53,17.0,950.0,16150.0,2025-05-05
2025050503008910,SINDU,38,53,83.0,950.0,78850.0,2025-05-05
2025050505011914,BBC,58,38,19.0,5806.0,110314.0,2025-05-05
2025050505011913,BBC,74,38,10.0,5808.0,58080.0,2025-05-05
2025050505011912,BBC,10,38,10.0,5810.0,58100.0,2025-05-05
2025050505011911,BBC,56,38,10.0,5810.0,58100.0,2025-05-05
2025050504029175,AKJCL,36,58,195.0,207.9,40540.5,2025-05-05
2025050504029174,UPCL,6,25,200.0,379.9,75980.0,2025-05-05
2025050504029173,UPCL,6,57,490.0,379.9,186151.0,2025-05-05
2025050504029172,RIDI,41,57,123.0,257.5,31672.5,2025-05-05
2025050504029171,RIDI,4,57,30.0,257.6,7728.0,2025-05-05
2025050504029170,RIDI,42,57,247.0,257.6,63627.2,2025-05-05
2025050501015296,EHPL,56,32,300.0,589.0,176700.0,2025-05-05
2025050503008909,SINDU,38,8,17.0,950.0,16150.0,2025-05-05
2025050503008908,SINDU,42,8,48.0,950.0,45600.0,2025-05-05
2025050503008907,SINDU,59,8,25.0,950.0,23750.0,2025-05-05
2025050501015295,BHL,48,34,700.0,218.5,152950.0,2025-05-05
2025050501015294,BHL,32,34,300.0,218.6,65580.0,2025-05-05
2025050504029169,KKHC,41,22,20.0,340.0,6800.0,2025-05-05
2025050504029168,NGPL,48,3,200.0,368.0,73600.0,2025-05-05
2025050504029167,UPPER,3,51,31.0,197.9,6134.9,2025-05-05
2025050504029166,RIDI,26,45,25.0,257.7,6442.5,2025-05-05
2025050503008906,KSBBL,44,22,10.0,436.0,4360.0,2025-05-05
2025050504029165,SSHL,50,45,17.0,232.0,3944.0,2025-05-05
2025050504029164,IGI,4,52,10.0,546.0,5460.0,2025-05-05
2025050505011910,NRN,58,6,100.0,2113.0,211300.0,2025-05-05
2025050504029163,UMHL,39,71,200.0,501.9,100380.0,2025-05-05
2025050504029162,NGPL,33,45,600.0,368.4,221040.0,2025-05-05
2025050503008905,SADBL,48,26,200.0,385.0,77000.0,2025-05-05
2025050504029161,SICL,37,22,30.0,775.0,23250.0,2025-05-05
2025050504029160,SHEL,42,47,600.0,264.2,158520.0,2025-05-05
2025050504029159,RIDI,42,5,200.0,257.6,51520.0,2025-05-05
2025050504029158,SHPC,48,37,128.0,588.0,75264.0,2025-05-05
2025050504029157,SHPC,48,43,100.0,587.9,58790.0,2025-05-05
2025050504029156,SHPC,48,48,38.0,587.5,22325.0,2025-05-05
2025050504029155,SHPC,48,38,500.0,587.4,293700.0,2025-05-05
2025050504029154,SHPC,48,38,100.0,587.0,58700.0,2025-05-05
2025050504029153,SHPC,48,61,300.0,587.0,176100.0,2025-05-05
2025050504029152,SHPC,48,49,500.0,587.0,293500.0,2025-05-05
2025050504029151,SHPC,48,63,34.0,587.0,19958.0,2025-05-05
2025050504029150,SHPC,48,26,300.0,586.0,175800.0,2025-05-05
2025050504029149,SHPC,94,42,193.0,586.0,113098.0,2025-05-05
2025050504029148,NGPL,48,44,150.0,368.0,55200.0,2025-05-05
2025050505011909,NRN,58,56,11.0,2113.0,23243.0,2025-05-05
2025050503008904,RSDC,55,17,90.0,648.0,58320.0,2025-05-05
2025050503008903,RSDC,59,17,10.0,648.1,6481.0,2025-05-05
2025050501015293,HIDCLP,42,70,200.0,212.7,42540.0,2025-05-05
2025050501015292,HIDCLP,45,70,100.0,212.7,21270.0,2025-05-05
2025050501015291,HIDCLP,32,70,500.0,212.8,106400.0,2025-05-05
2025050501015290,HIDCLP,3,70,50.0,213.0,10650.0,2025-05-05
2025050501015289,HIDCLP,32,70,1600.0,213.0,340800.0,2025-05-05
2025050501015288,HIDCLP,49,70,250.0,213.0,53250.0,2025-05-05
2025050501015287,HIDCLP,46,70,500.0,213.1,106550.0,2025-05-05
2025050501015286,HIDCLP,48,70,1800.0,213.1,383580.0,2025-05-05
2025050501015285,ULHC,58,42,10.0,473.5,4735.0,2025-05-05
2025050501015284,ULHC,8,42,90.0,475.0,42750.0,2025-05-05
2025050504029147,UPCL,67,42,85.0,379.5,32257.5,2025-05-05
2025050504029146,NGPL,18,45,300.0,368.4,110520.0,2025-05-05
2025050503008902,PFL,41,57,47.0,390.0,18330.0,2025-05-05
2025050503008901,PFL,10,57,80.0,390.0,31200.0,2025-05-05
2025050503008900,SFCL,29,36,135.0,478.4,64584.0,2025-05-05
2025050503008899,SFCL,35,36,125.0,478.5,59812.5,2025-05-05
2025050503008898,SFCL,35,36,50.0,478.6,23930.0,2025-05-05
2025050503008897,SFCL,38,36,100.0,478.7,47870.0,2025-05-05
2025050503008896,SFCL,47,36,10.0,479.0,4790.0,2025-05-05
2025050503008895,SFCL,57,36,30.0,479.0,14370.0,2025-05-05
2025050504029145,UMHL,11,71,10.0,502.0,5020.0,2025-05-05
2025050504029144,SHL,16,34,100.0,502.0,50200.0,2025-05-05
2025050501015283,LSL,16,22,500.0,205.5,102750.0,2025-05-05
2025050504029143,GLH,65,19,500.0,270.0,135000.0,2025-05-05
2025050504029142,NGPL,48,21,50.0,368.0,18400.0,2025-05-05
2025050501015282,RFPL,34,21,34.0,550.0,18700.0,2025-05-05
2025050501015281,RFPL,46,21,10.0,550.0,5500.0,2025-05-05
2025050501015280,RFPL,45,21,10.0,550.0,5500.0,2025-05-05
2025050501015279,RFPL,42,21,15.0,550.0,8250.0,2025-05-05
2025050501015278,RFPL,42,21,10.0,550.0,5500.0,2025-05-05
2025050501015277,RFPL,71,21,75.0,550.0,41250.0,2025-05-05
2025050501015276,RFPL,45,21,180.0,550.0,99000.0,2025-05-05
2025050501015275,RFPL,72,21,120.0,550.0,66000.0,2025-05-05
2025050501015274,RFPL,13,21,10.0,550.0,5500.0,2025-05-05
2025050501015273,RFPL,53,21,36.0,550.0,19800.0,2025-05-05
2025050504029141,UPCL,36,57,500.0,379.9,189950.0,2025-05-05
2025050504029140,BARUN,68,48,521.0,551.0,287071.0,2025-05-05
2025050501015272,CZBIL,70,13,777.0,199.0,154623.0,2025-05-05
2025050501015271,CZBIL,51,13,75.0,199.1,14932.5,2025-05-05
2025050501015270,CZBIL,4,13,87.0,199.5,17356.5,2025-05-05
2025050501015269,CZBIL,54,13,61.0,199.5,12169.5,2025-05-05
2025050505011908,SHIVM,58,16,100.0,522.3,52230.0,2025-05-05
2025050504029139,AHPC,47,74,697.0,287.4,200317.8,2025-05-05
2025050501015268,HIDCLP,48,43,200.0,213.1,42620.0,2025-05-05
2025050501015267,HIDCLP,45,43,100.0,213.2,21320.0,2025-05-05
2025050504029138,AKJCL,43,58,100.0,207.9,20790.0,2025-05-05
2025050504029137,NGPL,58,45,10.0,368.4,3684.0,2025-05-05
2025050504029136,NGPL,58,16,490.0,368.3,180467.0,2025-05-05
2025050504029135,NGPL,48,58,100.0,368.0,36800.0,2025-05-05
2025050501015266,MKJC,65,48,400.0,525.0,210000.0,2025-05-05
2025050504029134,UPCL,48,57,10.0,379.9,3799.0,2025-05-05
2025050504029133,NGPL,62,16,10.0,368.3,3683.0,2025-05-05
2025050501015265,PRVU,42,50,12.0,197.0,2364.0,2025-05-05
2025050504029132,NGPL,48,57,200.0,368.0,73600.0,2025-05-05
2025050504029131,RADHI,32,40,286.0,700.0,200200.0,2025-05-05
2025050504029130,RADHI,32,51,14.0,699.0,9786.0,2025-05-05
2025050504029129,RIDI,45,39,22.0,258.0,5676.0,2025-05-05
2025050501015264,UNLB,34,8,10.0,2080.0,20800.0,2025-05-05
2025050501015263,BNHC,41,4,50.0,504.9,25245.0,2025-05-05
2025050505011907,NRN,58,66,50.0,2113.0,105650.0,2025-05-05
2025050501015262,GMLI,55,33,30.0,2370.0,71100.0,2025-05-05
2025050504029128,RADHI,33,51,200.0,699.0,139800.0,2025-05-05
2025050503008894,RSDC,22,59,10.0,653.8,6538.0,2025-05-05
2025050504029127,RADHI,45,51,65.0,699.0,45435.0,2025-05-05
2025050504029126,PRIN,11,49,60.0,862.0,51720.0,2025-05-05
2025050504029125,BPCL,19,33,40.0,454.0,18160.0,2025-05-05
2025050504029124,HDHPC,19,32,100.0,200.2,20020.0,2025-05-05
2025050501015261,ULBSL,51,13,10.0,3007.0,30070.0,2025-05-05
2025050503008893,PFL,10,4,10.0,390.0,3900.0,2025-05-05
2025050501015260,DLBS,48,50,35.0,1470.0,51450.0,2025-05-05
2025050501015259,DLBS,48,57,15.0,1460.4,21906.0,2025-05-05
2025050503008892,SINDU,59,48,10.0,950.0,9500.0,2025-05-05
2025050504029123,SJCL,48,13,12.0,325.0,3900.0,2025-05-05
2025050504029122,NIL,4,42,344.0,735.0,252840.0,2025-05-05
2025050504029121,NIL,13,42,55.0,735.0,40425.0,2025-05-05
2025050504029120,NIL,34,42,50.0,735.0,36750.0,2025-05-05
2025050504029119,NIL,32,42,51.0,735.0,37485.0,2025-05-05
2025050503008891,JFL,49,42,37.0,437.0,16169.0,2025-05-05
2025050503008890,JFL,32,42,400.0,437.0,174800.0,2025-05-05
2025050503008889,JFL,13,42,300.0,437.7,131310.0,2025-05-05
2025050503008888,JFL,80,42,20.0,437.7,8754.0,2025-05-05
2025050503008887,JFL,57,42,300.0,437.7,131310.0,2025-05-05
2025050503008886,JFL,17,42,943.0,437.7,412751.1,2025-05-05
2025050504029118,HEI,57,45,20.0,565.0,11300.0,2025-05-05
2025050504029117,RADHI,58,51,10.0,699.0,6990.0,2025-05-05
2025050504029116,SPDL,14,58,150.0,391.0,58650.0,2025-05-05
2025050505011906,CLI,39,39,50.0,472.0,23600.0,2025-05-05
2025050504029115,UMHL,39,26,14.0,501.9,7026.6,2025-05-05
2025050501015258,SRLI,58,35,144.0,404.0,58176.0,2025-05-05
2025050504029114,UPCL,14,42,910.0,380.0,345800.0,2025-05-05
2025050504029113,UPCL,14,7,500.0,379.9,189950.0,2025-05-05
2025050504029112,UPCL,14,85,500.0,379.9,189950.0,2025-05-05
2025050504029111,UPCL,14,51,90.0,379.9,34191.0,2025-05-05
2025050503008885,MERO,51,62,30.0,678.0,20340.0,2025-05-05
2025050504029110,NGPL,48,16,500.0,368.0,184000.0,2025-05-05
2025050504029109,NIL,1,40,10.0,737.0,7370.0,2025-05-05
2025050504029108,UMHL,39,1,1000.0,501.9,501900.0,2025-05-05
2025050503008884,PROFL,58,48,100.0,480.0,48000.0,2025-05-05
2025050503008883,PROFL,56,48,846.0,480.0,406080.0,2025-05-05
2025050503008882,PROFL,70,48,980.0,480.1,470498.0,2025-05-05
2025050503008881,PROFL,13,48,70.0,480.2,33614.0,2025-05-05
2025050505011905,HATHY,3,38,50.0,1286.5,64325.0,2025-05-05
2025050505011904,NMB50,55,17,4679.0,10.6,49597.4,2025-05-05
2025050501015257,BHL,37,91,290.0,218.8,63452.0,2025-05-05
2025050501015256,BHL,37,42,150.0,218.7,32805.0,2025-05-05
2025050504029107,SHPC,71,42,54.0,586.0,31644.0,2025-05-05
2025050504029106,SHPC,56,42,103.0,586.0,60358.0,2025-05-05
2025050501015255,DLBS,49,57,20.0,1456.2,29124.0,2025-05-05
2025050501015254,DLBS,38,57,10.0,1456.3,14563.0,2025-05-05
2025050503008880,RLFL,52,11,100.0,481.5,48150.0,2025-05-05
2025050501015253,UNLB,34,94,143.0,2080.0,297440.0,2025-05-05
2025050501015252,UNLB,34,25,10.0,2079.0,20790.0,2025-05-05
2025050504029105,API,33,65,214.0,298.2,63814.8,2025-05-05
2025050504029104,API,63,65,24.0,298.3,7159.2,2025-05-05
2025050504029103,API,53,65,225.0,298.3,67117.5,2025-05-05
2025050504029102,API,58,65,700.0,298.3,208810.0,2025-05-05
2025050504029101,API,51,65,500.0,298.3,149150.0,2025-05-05
2025050504029100,API,45,65,200.0,299.0,59800.0,2025-05-05
2025050504029099,API,11,65,237.0,299.0,70863.0,2025-05-05
2025050504029098,NGPL,48,99,100.0,368.0,36800.0,2025-05-05
2025050504029097,SHPC,45,63,300.0,587.0,176100.0,2025-05-05
2025050505011903,HIDCL,59,45,200.0,304.1,60820.0,2025-05-05
2025050501015251,KBSH,51,7,10.0,1933.0,19330.0,2025-05-05
2025050501015250,KBSH,51,57,10.0,1925.0,19250.0,2025-05-05
2025050504029096,NHPC,47,48,600.0,224.0,134400.0,2025-05-05
2025050501015249,PRVU,43,50,100.0,197.0,19700.0,2025-05-05
2025050501015248,RFPL,53,92,14.0,550.0,7700.0,2025-05-05
2025050501015247,RFPL,59,92,10.0,550.1,5501.0,2025-05-05
2025050501015246,RFPL,14,92,20.0,550.1,11002.0,2025-05-05
2025050501015245,RFPL,56,92,100.0,550.3,55030.0,2025-05-05
2025050501015244,RFPL,36,92,10.0,551.0,5510.0,2025-05-05
2025050501015243,RFPL,34,92,10.0,551.1,5511.0,2025-05-05
2025050501015242,RFPL,92,92,100.0,551.2,55120.0,2025-05-05
2025050501015241,RFPL,38,92,50.0,551.5,27575.0,2025-05-05
2025050501015240,RFPL,58,92,186.0,552.0,102672.0,2025-05-05
2025050501015239,RFPL,58,59,14.0,552.0,7728.0,2025-05-05
2025050501015238,RFPL,39,59,140.0,552.0,77280.0,2025-05-05
2025050501015237,RFPL,45,59,26.0,552.0,14352.0,2025-05-05
2025050501015236,RFPL,6,59,100.0,552.1,55210.0,2025-05-05
2025050504029095,UPCL,67,34,50.0,379.5,18975.0,2025-05-05
2025050501015235,ADBL,34,51,93.0,280.3,26067.9,2025-05-05
2025050503008879,MLBL,21,50,100.0,366.7,36670.0,2025-05-05
2025050504029094,RADHI,65,51,30.0,699.0,20970.0,2025-05-05
2025050501015234,GBIME,82,22,301.0,215.9,64985.9,2025-05-05
2025050501015233,GBIME,42,22,176.0,215.9,37998.4,2025-05-05
2025050504029093,KPCL,4,91,100.0,528.0,52800.0,2025-05-05
2025050503008878,SAPDBL,91,56,50.0,900.0,45000.0,2025-05-05
2025050504029092,SPDL,75,91,400.0,391.0,156400.0,2025-05-05
2025050504029091,SPDL,50,91,100.0,391.0,39100.0,2025-05-05
2025050504029090,NGPL,48,25,200.0,368.0,73600.0,2025-05-05
2025050504029089,BARUN,58,46,500.0,550.0,275000.0,2025-05-05
2025050504029088,BPCL,7,17,288.0,453.0,130464.0,2025-05-05
2025050504029087,BPCL,42,17,132.0,453.0,59796.0,2025-05-05
2025050501015232,GVL,6,35,10.0,430.0,4300.0,2025-05-05
2025050501015231,EBL,42,32,50.0,614.0,30700.0,2025-05-05
2025050501015230,EBL,87,32,12.0,614.0,7368.0,2025-05-05
2025050501015229,EBL,19,32,100.0,614.0,61400.0,2025-05-05
2025050505011902,HIDCL,45,45,307.0,304.0,93328.0,2025-05-05
2025050505011901,HIDCL,16,45,193.0,304.3,58729.9,2025-05-05
2025050501015228,NIMB,58,33,135.0,203.9,27526.5,2025-05-05
2025050501015227,NIMB,58,57,50.0,203.8,10190.0,2025-05-05
2025050501015226,SNLI,58,42,24.0,481.0,11544.0,2025-05-05
2025050503008877,NFS,13,70,200.0,608.0,121600.0,2025-05-05
2025050504029086,AKPL,16,42,203.0,242.4,49207.2,2025-05-05
2025050501015225,LSL,16,16,101.0,205.5,20755.5,2025-05-05
2025050504029085,BPCL,42,64,30.0,453.0,13590.0,2025-05-05
2025050504029084,BPCL,33,64,500.0,453.1,226550.0,2025-05-05
2025050505011900,RNLI,52,69,11.0,505.0,5555.0,2025-05-05
2025050505011899,HDL,57,48,80.0,1176.3,94104.0,2025-05-05
2025050505011898,HDL,42,48,10.0,1176.3,11763.0,2025-05-05
2025050505011897,HDL,34,48,100.0,1176.3,117630.0,2025-05-05
2025050505011896,HDL,16,48,300.0,1176.4,352920.0,2025-05-05
2025050505011895,HDL,26,48,10.0,1176.4,11764.0,2025-05-05
2025050504029083,DHPL,54,48,273.0,326.9,89243.7,2025-05-05
2025050504029082,DHPL,51,48,50.0,327.0,16350.0,2025-05-05
2025050504029081,DHPL,47,48,27.0,327.0,8829.0,2025-05-05
2025050501015224,GMLI,55,81,153.0,2370.0,362610.0,2025-05-05
2025050505011894,NRN,58,88,100.0,2113.0,211300.0,2025-05-05
2025050504029080,SHPC,56,3,242.0,586.0,141812.0,2025-05-05
2025050501015223,CITY,77,56,60.0,832.0,49920.0,2025-05-05
2025050501015222,CITY,57,56,100.0,832.0,83200.0,2025-05-05
2025050501015221,CITY,54,56,100.0,832.1,83210.0,2025-05-05
2025050501015220,CITY,19,56,200.0,832.2,166440.0,2025-05-05
2025050501015219,CITY,57,56,90.0,832.2,74898.0,2025-05-05
2025050501015218,CITY,64,56,50.0,834.0,41700.0,2025-05-05
2025050501015217,CITY,57,56,70.0,834.0,58380.0,2025-05-05
2025050501015216,CITY,22,56,30.0,834.1,25023.0,2025-05-05
2025050501015215,CITY,77,56,200.0,843.0,168600.0,2025-05-05
2025050503008876,EDBL,49,38,1185.0,573.1,679123.5,2025-05-05
2025050503008875,EDBL,8,38,815.0,573.2,467158.0,2025-05-05
2025050504029079,HURJA,70,17,2931.0,252.0,738612.0,2025-05-05
2025050504029078,HURJA,42,17,1069.0,252.0,269388.0,2025-05-05
2025050504029077,NGPL,48,6,20.0,368.0,7360.0,2025-05-05
2025050503008874,MNBBL,44,42,263.0,351.2,92365.6,2025-05-05
2025050503008873,MNBBL,58,42,10.0,351.3,3513.0,2025-05-05
2025050503008872,MNBBL,43,42,80.0,351.3,28104.0,2025-05-05
2025050503008871,MNBBL,22,42,60.0,351.4,21084.0,2025-05-05
2025050503008870,MNBBL,26,42,500.0,351.5,175750.0,2025-05-05
2025050503008869,MNBBL,14,42,500.0,351.5,175750.0,2025-05-05
2025050503008868,MNBBL,17,42,40.0,351.5,14060.0,2025-05-05
2025050503008867,MNBBL,45,42,20.0,352.0,7040.0,2025-05-05
2025050503008866,MNBBL,48,42,100.0,352.0,35200.0,2025-05-05
2025050503008865,MNBBL,17,42,20.0,352.0,7040.0,2025-05-05
2025050503008864,MNBBL,17,42,10.0,352.0,3520.0,2025-05-05
2025050503008863,MNBBL,58,42,118.0,352.0,41536.0,2025-05-05
2025050503008862,MNBBL,38,42,17.0,352.0,5984.0,2025-05-05
2025050503008861,MNBBL,57,42,160.0,352.0,56320.0,2025-05-05
2025050503008860,MNBBL,14,42,50.0,352.0,17600.0,2025-05-05
2025050503008859,MNBBL,16,42,50.0,352.0,17600.0,2025-05-05
2025050503008858,MNBBL,41,42,25.0,352.0,8800.0,2025-05-05
2025050503008857,MNBBL,45,42,100.0,352.0,35200.0,2025-05-05
2025050503008856,MNBBL,55,42,500.0,352.0,176000.0,2025-05-05
2025050503008855,MNBBL,43,42,10.0,352.0,3520.0,2025-05-05
2025050503008854,MNBBL,7,42,100.0,352.0,35200.0,2025-05-05
2025050503008853,MNBBL,55,42,600.0,352.0,211200.0,2025-05-05
2025050503008852,MNBBL,25,42,55.0,352.0,19360.0,2025-05-05
2025050503008851,MNBBL,16,42,44.0,352.1,15492.4,2025-05-05
2025050503008850,MNBBL,1,42,43.0,352.1,15140.3,2025-05-05
2025050503008849,MNBBL,16,42,25.0,352.2,8805.0,2025-05-05
2025050504029076,CHCL,42,39,98.0,489.0,47922.0,2025-05-05
2025050501015214,ADBL,47,35,13.0,280.0,3640.0,2025-05-05
2025050501015213,ADBL,49,35,10.0,280.0,2800.0,2025-05-05
2025050501015212,ADBL,35,35,100.0,280.0,28000.0,2025-05-05
2025050501015211,ADBL,32,35,100.0,280.0,28000.0,2025-05-05
2025050501015210,ADBL,38,35,100.0,280.0,28000.0,2025-05-05
2025050501015209,ADBL,58,35,1000.0,280.0,280000.0,2025-05-05
2025050501015208,ADBL,51,35,500.0,280.1,140050.0,2025-05-05
2025050501015207,ADBL,34,35,530.0,280.1,148453.0,2025-05-05
2025050501015206,ADBL,42,35,110.0,280.2,30822.0,2025-05-05
2025050501015205,ADBL,33,35,37.0,280.2,10367.4,2025-05-05
2025050504029075,UPCL,67,58,400.0,379.5,151800.0,2025-05-05
2025050501015204,RHGCL,39,49,20.0,501.5,10030.0,2025-05-05
2025050504029074,RADHI,14,75,500.0,699.0,349500.0,2025-05-05
2025050501015203,BHL,56,43,35.0,218.6,7651.0,2025-05-05
2025050501015202,BHL,7,43,228.0,218.6,49840.8,2025-05-05
2025050501015201,BHL,8,43,737.0,218.6,161108.2,2025-05-05
2025050501015200,SBL,34,1,200.0,265.9,53180.0,2025-05-05
2025050504029073,HDHPC,5,32,94.0,200.2,18818.8,2025-05-05
2025050505011893,HRL,3,48,100.0,970.4,97040.0,2025-05-05
2025050505011892,HRL,57,48,50.0,970.5,48525.0,2025-05-05
2025050501015199,NABIL,38,47,100.0,479.5,47950.0,2025-05-05
2025050504029072,UPPER,57,51,500.0,197.9,98950.0,2025-05-05
2025050501015198,GBILD84/85,78,42,27.0,1170.1,31592.7,2025-05-05
2025050504029071,GHL,39,28,10.0,256.7,2567.0,2025-05-05
2025050504029070,BARUN,58,26,100.0,550.0,55000.0,2025-05-05
2025050504029069,NGPL,48,35,200.0,368.0,73600.0,2025-05-05
2025050504029068,AHPC,86,35,500.0,287.3,143650.0,2025-05-05
2025050504029067,AKPL,56,45,1000.0,242.0,242000.0,2025-05-05
2025050504029066,RIDI,45,41,500.0,258.0,129000.0,2025-05-05
2025050504029065,RIDI,45,47,38.0,258.0,9804.0,2025-05-05
2025050504029064,RIDI,45,41,100.0,258.0,25800.0,2025-05-05
2025050504029063,RIDI,45,8,30.0,258.0,7740.0,2025-05-05
2025050504029062,RIDI,45,11,100.0,258.0,25800.0,2025-05-05
2025050504029061,RIDI,45,54,110.0,258.0,28380.0,2025-05-05
2025050504029060,RIDI,45,25,100.0,257.9,25790.0,2025-05-05
2025050503008848,NFS,45,70,300.0,608.0,182400.0,2025-05-05
2025050501015197,SPC,51,34,25.0,531.6,13290.0,2025-05-05
2025050501015196,MAKAR,58,29,50.0,699.9,34995.0,2025-05-05
2025050501015195,MAKAR,58,57,50.0,699.8,34990.0,2025-05-05
2025050504029059,MHNL,19,41,10.0,267.0,2670.0,2025-05-05
2025050505011891,CHDC,13,37,13.0,2525.0,32825.0,2025-05-05
2025050504029058,AHPC,1,74,50.0,287.4,14370.0,2025-05-05
2025050504029057,RIDI,42,94,463.0,257.6,119268.8,2025-05-05
2025050504029056,RIDI,45,94,3432.0,257.7,884426.4,2025-05-05
2025050504029055,RIDI,29,94,605.0,257.7,155908.5,2025-05-05
2025050504029054,RIDI,45,94,500.0,257.8,128900.0,2025-05-05
2025050504029053,NLG,58,59,280.0,803.1,224868.0,2025-05-05
2025050503008847,HLBSL,58,59,60.0,924.0,55440.0,2025-05-05
2025050503008846,HLBSL,21,59,100.0,925.0,92500.0,2025-05-05
2025050504029052,NGPL,48,52,100.0,368.0,36800.0,2025-05-05
2025050503008845,LBBL,17,3,1000.0,390.4,390400.0,2025-05-05
2025050503008844,LBBL,17,4,250.0,390.0,97500.0,2025-05-05
2025050503008843,LBBL,17,38,10.0,389.0,3890.0,2025-05-05
2025050503008842,LBBL,17,36,90.0,389.0,35010.0,2025-05-05
2025050504029051,SPDL,57,56,256.0,392.0,100352.0,2025-05-05
2025050501015194,EBL,6,41,50.0,614.0,30700.0,2025-05-05
2025050501015193,HBL,29,4,203.0,214.1,43462.3,2025-05-05
2025050501015192,HBL,34,4,80.0,214.1,17128.0,2025-05-05
2025050504029050,NGPL,48,94,200.0,368.0,73600.0,2025-05-05
2025050504029049,NGPL,48,3,40.0,368.0,14720.0,2025-05-05
2025050504029048,NGPL,48,50,305.0,368.0,112240.0,2025-05-05
2025050504029047,HDHPC,35,44,749.0,200.0,149800.0,2025-05-05
2025050504029046,HDHPC,56,44,1000.0,200.0,200000.0,2025-05-05
2025050504029045,HDHPC,63,44,500.0,200.0,100000.0,2025-05-05
2025050504029044,HDHPC,42,44,668.0,200.0,133600.0,2025-05-05
2025050504029043,HDHPC,11,44,100.0,200.0,20000.0,2025-05-05
2025050504029042,HDHPC,57,44,200.0,200.0,40000.0,2025-05-05
2025050504029041,HDHPC,33,44,100.0,200.0,20000.0,2025-05-05
2025050504029040,HDHPC,21,44,10.0,200.0,2000.0,2025-05-05
2025050504029039,HDHPC,59,44,148.0,200.0,29600.0,2025-05-05
2025050504029038,HDHPC,59,44,1000.0,200.1,200100.0,2025-05-05
2025050504029037,HDHPC,42,44,525.0,200.1,105052.5,2025-05-05
2025050501015191,BHL,8,17,263.0,218.6,57491.8,2025-05-05
2025050501015190,BHL,49,17,737.0,218.6,161108.2,2025-05-05
2025050501015189,USHEC,29,6,13.0,546.0,7098.0,2025-05-05
2025050501015188,USHEC,49,6,80.0,547.0,43760.0,2025-05-05
2025050501015187,USHEC,6,6,30.0,548.1,16443.0,2025-05-05
2025050501015186,USHEC,45,6,50.0,549.0,27450.0,2025-05-05
2025050501015185,USHEC,32,6,120.0,549.0,65880.0,2025-05-05
2025050504029036,BARUN,58,42,1000.0,550.0,550000.0,2025-05-05
2025050504029035,SHEL,38,22,500.0,264.3,132150.0,2025-05-05
2025050503008841,HLI,49,35,100.0,412.0,41200.0,2025-05-05
2025050505011890,NRN,58,22,11.0,2113.0,23243.0,2025-05-05
2025050501015184,HIDCLP,51,58,100.0,214.0,21400.0,2025-05-05
2025050503008840,SJLIC,34,14,10.0,429.0,4290.0,2025-05-05
2025050503008839,SJLIC,17,14,90.0,429.0,38610.0,2025-05-05
2025050504029034,SSHL,52,45,100.0,232.0,23200.0,2025-05-05
2025050504029033,SSHL,84,45,200.0,232.0,46400.0,2025-05-05
2025050504029032,SSHL,48,45,10.0,232.0,2320.0,2025-05-05
2025050504029031,SSHL,45,45,150.0,232.0,34800.0,2025-05-05
2025050504029030,SSHL,56,45,100.0,232.0,23200.0,2025-05-05
2025050504029029,SSHL,41,45,112.0,232.0,25984.0,2025-05-05
2025050504029028,SSHL,59,45,100.0,232.1,23210.0,2025-05-05
2025050501015183,MHCL,57,91,100.0,488.0,48800.0,2025-05-05
2025050501015182,MHCL,65,91,100.0,488.0,48800.0,2025-05-05
2025050501015181,MHCL,38,91,100.0,488.1,48810.0,2025-05-05
2025050501015180,MHCL,22,91,19.0,490.0,9310.0,2025-05-05
2025050501015179,MHCL,7,91,20.0,490.0,9800.0,2025-05-05
2025050504029027,UPCL,64,16,341.0,379.0,129239.0,2025-05-05
2025050504029026,UPCL,87,16,50.0,379.0,18950.0,2025-05-05
2025050504029025,UPCL,63,16,1315.0,379.0,498385.0,2025-05-05
2025050504029024,UPCL,36,16,294.0,379.0,111426.0,2025-05-05
2025050503008838,NLIC,14,47,60.0,750.0,45000.0,2025-05-05
2025050503008837,NLIC,32,47,100.0,750.0,75000.0,2025-05-05
2025050503008836,NLIC,51,47,20.0,750.0,15000.0,2025-05-05
2025050503008835,NLIC,21,47,10.0,750.0,7500.0,2025-05-05
2025050503008834,NLIC,38,47,10.0,750.0,7500.0,2025-05-05
2025050501015178,USHL,1,32,199.0,660.0,131340.0,2025-05-05
2025050501015177,USHL,1,35,10.0,659.0,6590.0,2025-05-05
2025050501015176,USHL,1,34,211.0,658.4,138922.4,2025-05-05
2025050501015175,USHL,1,58,10.0,655.0,6550.0,2025-05-05
2025050503008833,ICFC,58,58,10.0,569.7,5697.0,2025-05-05
2025050504029023,AKPL,56,52,1006.0,242.0,243452.0,2025-05-05
2025050504029022,AKPL,18,52,50.0,242.0,12100.0,2025-05-05
2025050504029021,AKPL,22,52,10.0,242.0,2420.0,2025-05-05
2025050504029020,AKPL,25,52,100.0,242.0,24200.0,2025-05-05
2025050504029019,AKPL,42,52,826.0,242.0,199892.0,2025-05-05
2025050504029018,AKPL,26,52,450.0,242.0,108900.0,2025-05-05
2025050504029017,AKPL,5,52,500.0,242.0,121000.0,2025-05-05
2025050504029016,AKPL,45,52,200.0,242.0,48400.0,2025-05-05
2025050504029015,AKPL,45,52,500.0,242.0,121000.0,2025-05-05
2025050504029014,AKPL,43,52,600.0,242.0,145200.0,2025-05-05
2025050504029013,AKPL,14,52,100.0,242.0,24200.0,2025-05-05
2025050504029012,AKPL,55,52,30.0,242.0,7260.0,2025-05-05
2025050504029011,AKPL,48,52,7928.0,242.0,1918576.0,2025-05-05
2025050505011889,SMJC,48,91,20.0,525.9,10518.0,2025-05-05
2025050504029010,HURJA,42,53,131.0,252.0,33012.0,2025-05-05
2025050504029009,HURJA,32,53,50.0,252.0,12600.0,2025-05-05
2025050504029008,HURJA,50,53,19.0,252.0,4788.0,2025-05-05
2025050505011888,NRN,58,55,50.0,2113.0,105650.0,2025-05-05
2025050504029007,AKJCL,75,55,85.0,207.8,17663.0,2025-05-05
2025050504029006,HDHPC,38,32,1000.0,200.2,200200.0,2025-05-05
2025050503008832,PFL,10,6,40.0,390.0,15600.0,2025-05-05
2025050503008831,PFL,1,6,10.0,390.0,3900.0,2025-05-05
2025050501015174,MEHL,42,57,50.0,498.5,24925.0,2025-05-05
2025050504029005,SHEL,57,16,517.0,265.0,137005.0,2025-05-05
2025050504029004,SHEL,57,52,30.0,265.0,7950.0,2025-05-05
2025050504029003,SHEL,57,45,78.0,265.0,20670.0,2025-05-05
2025050504029002,SHEL,57,42,1000.0,264.4,264400.0,2025-05-05
2025050504029001,SHEL,57,45,375.0,264.3,99112.5,2025-05-05
2025050503008830,MLBL,38,11,15.0,365.5,5482.5,2025-05-05
2025050501015173,DORDI,21,52,200.0,365.9,73180.0,2025-05-05
2025050504029000,AHPC,68,74,253.0,287.4,72712.2,2025-05-05
2025050504028999,AHPC,68,35,247.0,287.4,70987.8,2025-05-05
2025050504028998,AHPC,34,35,500.0,287.3,143650.0,2025-05-05
2025050504028997,UPCL,36,35,206.0,379.0,78074.0,2025-05-05
2025050504028996,UPCL,16,35,24.0,379.0,9096.0,2025-05-05
2025050503008829,JBBL,45,45,170.0,319.0,54230.0,2025-05-05
2025050501015172,DOLTI,35,50,100.0,586.0,58600.0,2025-05-05
2025050501015171,DOLTI,60,50,70.0,586.0,41020.0,2025-05-05
2025050501015170,DOLTI,45,50,50.0,586.1,29305.0,2025-05-05
2025050501015169,DOLTI,60,50,10.0,587.0,5870.0,2025-05-05
2025050501015168,DOLTI,19,50,250.0,587.1,146775.0,2025-05-05
2025050501015167,PRVU,58,50,50.0,197.0,9850.0,2025-05-05
2025050501015166,PRVU,26,50,250.0,197.0,49250.0,2025-05-05
2025050501015165,PRVU,20,50,20.0,197.0,3940.0,2025-05-05
2025050501015164,PRVU,44,50,130.0,197.0,25610.0,2025-05-05
2025050501015163,PRVU,42,50,224.0,197.0,44128.0,2025-05-05
2025050504028995,SALICO,20,50,95.0,680.0,64600.0,2025-05-05
2025050504028994,SALICO,6,50,50.0,680.0,34000.0,2025-05-05
2025050503008828,PMLI,42,49,40.0,545.0,21800.0,2025-05-05
2025050503008827,JFL,16,3,100.0,439.0,43900.0,2025-05-05
2025050504028993,UPCL,58,51,400.0,379.9,151960.0,2025-05-05
2025050503008826,NFS,58,70,16.0,608.0,9728.0,2025-05-05
2025050504028992,UPCL,48,51,10.0,379.9,3799.0,2025-05-05
2025050501015162,GMLI,55,55,30.0,2370.0,71100.0,2025-05-05
2025050504028991,NGPL,70,50,195.0,368.0,71760.0,2025-05-05
2025050504028990,NGPL,70,18,95.0,368.0,34960.0,2025-05-05
2025050504028989,NGPL,70,19,100.0,368.0,36800.0,2025-05-05
2025050504028988,NGPL,70,13,100.0,368.0,36800.0,2025-05-05
2025050504028987,NGPL,70,49,10.0,368.0,3680.0,2025-05-05
2025050504028986,SJCL,6,62,30.0,323.4,9702.0,2025-05-05
2025050504028985,SJCL,45,62,10.0,323.5,3235.0,2025-05-05
2025050504028984,SJCL,57,62,100.0,323.5,32350.0,2025-05-05
2025050504028983,SJCL,58,62,180.0,323.6,58248.0,2025-05-05
2025050504028982,SJCL,99,62,466.0,323.8,150890.8,2025-05-05
2025050504028981,NHPC,6,48,586.0,224.0,131264.0,2025-05-05
2025050504028980,NHPC,6,18,10.0,224.0,2240.0,2025-05-05
2025050504028979,NHPC,6,55,300.0,224.0,67200.0,2025-05-05
2025050504028978,NHPC,6,40,104.0,223.9,23285.6,2025-05-05
2025050504028977,API,11,35,10.0,299.0,2990.0,2025-05-05
2025050504028976,API,11,39,353.0,299.0,105547.0,2025-05-05
2025050501015161,USHEC,38,49,10.0,549.5,5495.0,2025-05-05
2025050505011887,VLUCL,41,11,10.0,638.1,6381.0,2025-05-05
2025050501015160,USHEC,32,41,30.0,549.0,16470.0,2025-05-05
2025050504028975,SHPC,80,61,200.0,585.1,117020.0,2025-05-05
2025050504028974,SHPC,80,51,200.0,585.1,117020.0,2025-05-05
2025050503008825,JBBL,45,45,91.0,319.0,29029.0,2025-05-05
2025050503008824,JBBL,49,45,20.0,319.0,6380.0,2025-05-05
2025050503008823,JBBL,50,45,699.0,319.0,222981.0,2025-05-05
2025050503008822,JBBL,34,45,190.0,319.1,60629.0,2025-05-05
2025050503008821,SINDU,59,50,15.0,950.0,14250.0,2025-05-05
2025050503008820,SINDU,56,50,55.0,950.0,52250.0,2025-05-05
2025050501015159,HIDCLP,49,58,1000.0,214.0,214000.0,2025-05-05
2025050504028973,API,43,39,147.0,299.0,43953.0,2025-05-05
2025050504028972,API,43,55,103.0,299.0,30797.0,2025-05-05
2025050504028971,SHPC,94,3,108.0,586.0,63288.0,2025-05-05
2025050504028970,SHPC,94,81,92.0,586.0,53912.0,2025-05-05
2025050504028969,SHL,16,48,349.0,502.0,175198.0,2025-05-05
2025050504028968,SHL,45,48,150.0,502.1,75315.0,2025-05-05
2025050505011886,NRN,58,56,141.0,2111.0,297651.0,2025-05-05
2025050504028967,PPCL,53,32,300.0,339.0,101700.0,2025-05-05
2025050504028966,RADHI,46,51,145.0,700.5,101572.5,2025-05-05
2025050504028965,RADHI,46,64,100.0,700.3,70030.0,2025-05-05
2025050504028964,RADHI,46,6,200.0,700.1,140020.0,2025-05-05
2025050504028963,RADHI,46,85,55.0,699.0,38445.0,2025-05-05
2025050501015158,MBL,6,50,131.0,213.0,27903.0,2025-05-05
2025050501015157,MBL,6,50,169.0,211.0,35659.0,2025-05-05
2025050504028962,RADHI,42,85,10.0,699.0,6990.0,2025-05-05
2025050503008819,NFS,42,70,150.0,608.0,91200.0,2025-05-05
2025050504028961,KKHC,41,22,48.0,340.0,16320.0,2025-05-05
2025050504028960,SICL,34,52,10.0,781.9,7819.0,2025-05-05
2025050504028959,SICL,34,36,50.0,781.0,39050.0,2025-05-05
2025050504028958,SICL,34,17,30.0,775.0,23250.0,2025-05-05
2025050504028957,NGPL,26,3,188.0,367.9,69165.2,2025-05-05
2025050504028956,HEI,65,45,10.0,565.0,5650.0,2025-05-05
2025050501015156,TPC,53,85,400.0,555.0,222000.0,2025-05-05
2025050501015155,TPC,58,85,27.0,555.0,14985.0,2025-05-05
2025050501015154,TPC,21,85,18.0,555.0,9990.0,2025-05-05
2025050501015153,MBL,45,50,100.0,211.0,21100.0,2025-05-05
2025050501015152,MBL,56,50,200.0,211.0,42200.0,2025-05-05
2025050501015151,MBL,34,50,1000.0,211.0,211000.0,2025-05-05
2025050501015150,MBL,57,50,100.0,211.0,21100.0,2025-05-05
2025050501015149,MBL,43,50,200.0,211.0,42200.0,2025-05-05
2025050501015148,MBL,22,50,50.0,211.0,10550.0,2025-05-05
2025050501015147,MBL,38,50,20.0,211.0,4220.0,2025-05-05
2025050501015146,MBL,34,50,21.0,211.0,4431.0,2025-05-05
2025050501015145,MBL,14,50,140.0,211.0,29540.0,2025-05-05
2025050501015144,PRVU,45,49,14.0,197.6,2766.4,2025-05-05
2025050501015143,NIMB,70,13,1300.0,203.6,264680.0,2025-05-05
2025050505011885,SAHAS,41,1,50.0,502.8,25140.0,2025-05-05
2025050505011884,SAHAS,46,1,191.0,502.8,96034.8,2025-05-05
2025050505011883,SAHAS,25,1,250.0,502.9,125725.0,2025-05-05
2025050504028955,CHL,64,53,50.0,458.0,22900.0,2025-05-05
2025050504028954,CHL,64,58,200.0,458.0,91600.0,2025-05-05
2025050504028953,CHL,64,41,50.0,457.7,22885.0,2025-05-05
2025050504028952,RURU,32,59,420.0,702.0,294840.0,2025-05-05
2025050504028951,RURU,38,59,80.0,702.1,56168.0,2025-05-05
2025050501015142,SPHL,49,90,100.0,699.0,69900.0,2025-05-05
2025050504028950,NICL,50,62,10.0,752.6,7526.0,2025-05-05
2025050503008818,SAPDBL,80,17,10.0,891.7,8917.0,2025-05-05
2025050503008817,SAPDBL,1,17,90.0,892.0,80280.0,2025-05-05
2025050503008816,SAPDBL,53,17,100.0,892.1,89210.0,2025-05-05
2025050505011882,NRN,29,56,400.0,2111.0,844400.0,2025-05-05
2025050503008815,NFS,32,70,200.0,608.0,121600.0,2025-05-05
2025050504028949,HDHPC,38,32,818.0,200.2,163763.6,2025-05-05
2025050504028948,KKHC,38,22,10.0,340.0,3400.0,2025-05-05
2025050504028947,KKHC,41,22,119.0,340.0,40460.0,2025-05-05
2025050504028946,KKHC,41,14,200.0,340.0,68000.0,2025-05-05
2025050504028945,KKHC,41,48,10.0,340.0,3400.0,2025-05-05
2025050504028944,KKHC,41,34,171.0,340.0,58140.0,2025-05-05
2025050504028943,BARUN,68,48,70.0,551.0,38570.0,2025-05-05
2025050504028942,UPCL,83,42,1248.0,380.0,474240.0,2025-05-05
2025050504028941,UPCL,83,16,1000.0,380.0,380000.0,2025-05-05
2025050504028940,UPCL,83,38,40.0,380.0,15200.0,2025-05-05
2025050504028939,UPCL,83,58,235.0,380.0,89300.0,2025-05-05
2025050504028938,UPCL,83,17,1085.0,380.0,412300.0,2025-05-05
2025050504028937,UPCL,83,22,232.0,380.0,88160.0,2025-05-05
2025050504028936,UPCL,83,16,1000.0,379.9,379900.0,2025-05-05
2025050504028935,UPCL,83,53,160.0,379.1,60656.0,2025-05-05
2025050504028934,RURU,38,14,20.0,702.1,14042.0,2025-05-05
2025050504028933,RURU,43,14,20.0,702.2,14044.0,2025-05-05
2025050503008814,SIFC,45,43,50.0,498.0,24900.0,2025-05-05
2025050503008813,SIFC,45,48,173.0,498.0,86154.0,2025-05-05
2025050503008812,GBLBS,48,13,30.0,796.0,23880.0,2025-05-05
2025050501015141,SPC,7,34,25.0,531.6,13290.0,2025-05-05
2025050501015140,SPC,7,57,25.0,531.0,13275.0,2025-05-05
2025050503008811,SINDU,56,22,95.0,950.0,90250.0,2025-05-05
2025050503008810,SINDU,42,22,35.0,950.0,33250.0,2025-05-05
2025050504028932,BARUN,58,48,100.0,551.0,55100.0,2025-05-05
2025050505011881,NRN,4,56,59.0,2111.5,124578.5,2025-05-05
2025050501015139,GVL,57,35,50.0,430.0,21500.0,2025-05-05
2025050504028931,NGPL,38,57,30.0,367.7,11031.0,2025-05-05
2025050504028930,NIL,32,42,99.0,735.0,72765.0,2025-05-05
2025050504028929,NIL,42,42,202.0,735.0,148470.0,2025-05-05
2025050504028928,NIL,20,42,199.0,735.0,146265.0,2025-05-05
2025050504028927,SPDL,54,56,190.0,392.0,74480.0,2025-05-05
2025050504028926,SPDL,54,45,10.0,392.0,3920.0,2025-05-05
2025050504028925,NLG,58,34,40.0,803.1,32124.0,2025-05-05
2025050503008809,SINDU,42,34,20.0,950.0,19000.0,2025-05-05
2025050504028924,UNHPL,21,21,10.0,335.0,3350.0,2025-05-05
2025050505011880,NRN,4,21,10.0,2111.5,21115.0,2025-05-05
2025050501015138,MBL,25,50,437.0,213.0,93081.0,2025-05-05
2025050501015137,MBL,25,22,297.0,213.0,63261.0,2025-05-05
2025050501015136,MBL,25,35,366.0,212.9,77921.4,2025-05-05
2025050504028923,NGPL,44,45,200.0,367.0,73400.0,2025-05-05
2025050505011879,HIDCL,16,45,500.0,304.3,152150.0,2025-05-05
2025050504028922,UPPER,49,51,200.0,197.9,39580.0,2025-05-05
2025050504028921,LEC,25,13,200.0,216.0,43200.0,2025-05-05
2025050504028920,LEC,16,13,950.0,216.0,205200.0,2025-05-05
2025050504028919,LEC,17,13,30.0,216.3,6489.0,2025-05-05
2025050504028918,LEC,16,13,135.0,216.4,29214.0,2025-05-05
2025050504028917,LEC,58,13,103.0,216.5,22299.5,2025-05-05
2025050504028916,LEC,16,13,747.0,216.9,162024.3,2025-05-05
2025050501015135,NMIC,66,7,10.0,1678.7,16787.0,2025-05-05
2025050503008808,PFL,45,43,85.0,390.0,33150.0,2025-05-05
2025050503008807,PFL,57,43,10.0,390.5,3905.0,2025-05-05
2025050501015134,BHPL,62,22,50.0,980.1,49005.0,2025-05-05
2025050505011878,SAHAS,25,22,50.0,502.9,25145.0,2025-05-05
2025050501015133,NICA,28,21,100.0,349.4,34940.0,2025-05-05
2025050504028915,API,14,55,107.0,299.0,31993.0,2025-05-05
2025050501015132,USHEC,32,6,400.0,549.0,219600.0,2025-05-05
2025050504028914,AHPC,6,35,49.0,287.4,14082.6,2025-05-05
2025050504028913,SHPC,58,81,500.0,586.0,293000.0,2025-05-05
2025050501015131,SBL,34,58,50.0,265.9,13295.0,2025-05-05
2025050501015130,SBL,45,58,50.0,265.9,13295.0,2025-05-05
2025050505011877,SMJC,50,58,41.0,520.2,21328.2,2025-05-05
2025050504028912,NLG,21,16,10.0,804.0,8040.0,2025-05-05
2025050505011876,HIDCL,16,38,10.0,304.3,3043.0,2025-05-05
2025050504028911,CGH,42,50,200.0,852.2,170440.0,2025-05-05
2025050505011875,HIDCL,45,14,100.0,304.9,30490.0,2025-05-05
2025050504028910,HDHPC,38,41,400.0,200.2,80080.0,2025-05-05
2025050504028909,KPCL,4,45,200.0,528.0,105600.0,2025-05-05
2025050503008806,CFCL,44,45,116.0,539.2,62547.2,2025-05-05
2025050503008805,CFCL,21,45,200.0,540.0,108000.0,2025-05-05
2025050503008804,CFCL,25,45,100.0,540.0,54000.0,2025-05-05
2025050503008803,CFCL,53,45,14.0,540.0,7560.0,2025-05-05
2025050503008802,CFCL,45,45,20.0,541.0,10820.0,2025-05-05
2025050504028908,RIDI,29,49,395.0,257.7,101791.5,2025-05-05
2025050504028907,RIDI,13,49,150.0,257.7,38655.0,2025-05-05
2025050504028906,RIDI,39,49,200.0,257.8,51560.0,2025-05-05
2025050504028905,RIDI,58,49,1000.0,257.8,257800.0,2025-05-05
2025050504028904,RIDI,11,49,200.0,257.8,51560.0,2025-05-05
2025050504028903,NHPC,49,40,200.0,223.9,44780.0,2025-05-05
2025050503008801,NICLBSL,44,64,10.0,616.2,6162.0,2025-05-05
2025050503008800,SHINE,42,57,414.0,395.0,163530.0,2025-05-05
2025050504028902,GLH,21,57,67.0,269.0,18023.0,2025-05-05
2025050501015129,KDL,21,29,100.0,1108.0,110800.0,2025-05-05
2025050505011874,NIFRA,42,17,936.0,287.0,268632.0,2025-05-05
2025050505011873,NIFRA,42,42,64.0,285.9,18297.6,2025-05-05
2025050501015128,TPC,58,39,180.0,556.0,100080.0,2025-05-05
2025050504028901,API,34,48,1355.0,300.0,406500.0,2025-05-05
2025050504028900,API,34,19,500.0,299.9,149950.0,2025-05-05
2025050504028899,API,34,48,500.0,299.9,149950.0,2025-05-05
2025050504028898,API,34,72,300.0,299.9,89970.0,2025-05-05
2025050504028897,API,34,57,100.0,299.9,29990.0,2025-05-05
2025050504028896,API,34,58,100.0,299.9,29990.0,2025-05-05
2025050504028895,API,34,64,45.0,299.9,13495.5,2025-05-05
2025050504028894,API,34,53,100.0,299.8,29980.0,2025-05-05
2025050505011872,SAHAS,14,62,46.0,503.2,23147.2,2025-05-05
2025050503008799,RSDC,51,59,10.0,653.8,6538.0,2025-05-05
2025050505011871,SMATA,20,62,50.0,759.0,37950.0,2025-05-05
2025050505011870,SMATA,20,52,17.0,758.9,12901.3,2025-05-05
2025050504028893,BPCL,19,64,100.0,453.9,45390.0,2025-05-05
2025050505011869,SONA,45,42,200.0,455.5,91100.0,2025-05-05
2025050505011868,SONA,45,19,10.0,454.9,4549.0,2025-05-05
2025050505011867,NRIC,69,45,250.0,1223.2,305800.0,2025-05-05
2025050505011866,NRM,49,81,500.0,455.0,227500.0,2025-05-05
2025050501015127,BNHC,74,45,20.0,504.7,10094.0,2025-05-05
2025050501015126,BGWT,74,74,50.0,947.0,47350.0,2025-05-05
2025050501015125,BGWT,74,35,50.0,946.0,47300.0,2025-05-05
2025050504028892,BPCL,42,44,138.0,453.0,62514.0,2025-05-05
2025050504028891,AKPL,48,90,6300.0,242.0,1524600.0,2025-05-05
2025050504028890,AKPL,32,90,500.0,242.1,121050.0,2025-05-05
2025050505011865,HIDCL,55,14,195.0,304.9,59455.5,2025-05-05
2025050504028889,GLH,56,58,10.0,270.0,2700.0,2025-05-05
2025050504028888,NHPC,6,56,20.0,223.5,4470.0,2025-05-05
2025050503008798,JBBL,34,46,10.0,319.1,3191.0,2025-05-05
2025050504028887,OHL,17,32,20.0,849.0,16980.0,2025-05-05
2025050501015124,MKJC,65,42,85.0,525.0,44625.0,2025-05-05
2025050501015123,MKJC,55,42,100.0,525.1,52510.0,2025-05-05
2025050501015122,MKJC,61,42,315.0,525.3,165469.5,2025-05-05
2025050501015121,MKHC,39,33,55.0,465.4,25597.0,2025-05-05
2025050501015120,MKHC,45,33,355.0,465.4,165217.0,2025-05-05
2025050504028886,UPCL,16,42,50.0,379.0,18950.0,2025-05-05
2025050501015119,HIDCLP,51,58,100.0,214.0,21400.0,2025-05-05
2025050505011864,NRIC,69,91,300.0,1223.2,366960.0,2025-05-05
2025050505011863,NRN,4,35,11.0,2111.5,23226.5,2025-05-05
2025050504028885,RADHI,49,85,500.0,699.0,349500.0,2025-05-05
2025050504028884,RADHI,33,85,156.0,699.0,109044.0,2025-05-05
2025050504028883,RADHI,62,85,690.0,699.4,482586.0,2025-05-05
2025050504028882,RADHI,25,85,500.0,700.0,350000.0,2025-05-05
2025050504028881,RADHI,82,85,89.0,700.0,62300.0,2025-05-05
2025050504028880,UPCL,25,22,500.0,380.0,190000.0,2025-05-05
2025050504028879,HURJA,50,25,10.0,252.0,2520.0,2025-05-05
2025050501015118,MBL,14,49,495.0,211.0,104445.0,2025-05-05
2025050503008797,SADBL,1,17,10.0,386.0,3860.0,2025-05-05
2025050503008796,SADBL,1,42,15.0,385.5,5782.5,2025-05-05
2025050504028878,UPCL,96,22,268.0,380.0,101840.0,2025-05-05
2025050504028877,UPCL,96,58,20.0,380.0,7600.0,2025-05-05
2025050504028876,UPCL,96,1,14.0,380.0,5320.0,2025-05-05
2025050504028875,UPCL,96,58,100.0,380.0,38000.0,2025-05-05
2025050504028874,UPCL,96,52,328.0,380.0,124640.0,2025-05-05
2025050504028873,UPCL,96,39,30.0,380.0,11400.0,2025-05-05
2025050504028872,UPCL,96,6,390.0,380.0,148200.0,2025-05-05
2025050504028871,UPCL,16,98,40.0,379.0,15160.0,2025-05-05
2025050505011862,NIFRA,56,56,123.0,285.0,35055.0,2025-05-05
2025050505011861,NIFRA,38,56,10.0,285.0,2850.0,2025-05-05
2025050505011860,NIFRA,19,56,50.0,285.0,14250.0,2025-05-05
2025050505011859,NIFRA,5,56,1617.0,285.0,460845.0,2025-05-05
2025050505011858,NRN,4,63,120.0,2111.5,253380.0,2025-05-05
2025050504028870,SHPC,80,6,100.0,585.1,58510.0,2025-05-05
2025050501015117,BEDC,49,6,40.0,713.0,28520.0,2025-05-05
2025050504028869,NGPL,44,32,1000.0,367.0,367000.0,2025-05-05
2025050504028868,SHPC,29,81,500.0,586.0,293000.0,2025-05-05
2025050501015116,NIBLSTF,34,14,100.0,8.44,844.0,2025-05-05
2025050504028867,RIDI,34,54,50.0,258.0,12900.0,2025-05-05
2025050504028866,AHPC,49,35,980.0,287.4,281652.0,2025-05-05
2025050504028865,AHPC,34,35,100.0,287.4,28740.0,2025-05-05
2025050504028864,AHPC,41,35,300.0,287.4,86220.0,2025-05-05
2025050504028863,AHPC,34,35,75.0,287.4,21555.0,2025-05-05
2025050504028862,AHPC,21,35,199.0,287.5,57212.5,2025-05-05
2025050504028861,AHPC,17,35,50.0,287.6,14380.0,2025-05-05
2025050504028860,UPPER,75,51,50.0,197.9,9895.0,2025-05-05
2025050501015115,GMLI,55,45,200.0,2370.0,474000.0,2025-05-05
2025050503008795,NLIC,51,7,10.0,750.0,7500.0,2025-05-05
2025050503008794,NLIC,21,7,13.0,750.0,9750.0,2025-05-05
2025050504028859,UMHL,39,64,1485.0,500.4,743094.0,2025-05-05
2025050504028858,UMHL,87,64,100.0,500.5,50050.0,2025-05-05
2025050504028857,UMHL,39,64,750.0,500.5,375375.0,2025-05-05
2025050504028856,UMHL,11,64,10.0,501.8,5018.0,2025-05-05
2025050504028855,AKPL,74,86,100.0,242.9,24290.0,2025-05-05
2025050501015114,NBL,48,52,148.0,245.0,36260.0,2025-05-05
2025050501015113,NBL,57,52,616.0,245.0,150920.0,2025-05-05
2025050501015112,NBL,42,52,100.0,245.1,24510.0,2025-05-05
2025050501015111,NBL,41,52,200.0,245.1,49020.0,2025-05-05
2025050501015110,NBL,38,52,30.0,245.1,7353.0,2025-05-05
2025050504028854,RADHI,82,56,500.0,700.0,350000.0,2025-05-05
2025050504028853,PMHPL,53,67,130.0,306.0,39780.0,2025-05-05
2025050501015109,UHEWA,66,34,20.0,634.0,12680.0,2025-05-05
2025050501015108,UHEWA,66,48,500.0,633.0,316500.0,2025-05-05
2025050501015107,UHEWA,66,34,100.0,633.0,63300.0,2025-05-05
2025050501015106,UHEWA,66,37,90.0,632.9,56961.0,2025-05-05
2025050501015105,UHEWA,66,85,290.0,632.8,183512.0,2025-05-05
2025050501015104,UHEWA,66,85,10.0,632.8,6328.0,2025-05-05
2025050501015103,SGHC,57,21,10.0,461.0,4610.0,2025-05-05
2025050501015102,SARBTM,56,29,631.0,867.9,547644.9,2025-05-05
2025050501015101,SARBTM,14,29,31.0,868.0,26908.0,2025-05-05
2025050505011857,NRIC,69,33,40.0,1223.2,48928.0,2025-05-05
2025050503008793,SWBBL,58,37,29.0,800.0,23200.0,2025-05-05
2025050503008792,SWBBL,58,41,25.0,800.0,20000.0,2025-05-05
2025050503008791,SWBBL,58,54,20.0,800.0,16000.0,2025-05-05
2025050504028852,NHPC,6,42,80.0,223.5,17880.0,2025-05-05
2025050504028851,NHPC,58,42,60.0,223.6,13416.0,2025-05-05
2025050504028850,UPCL,16,50,50.0,379.0,18950.0,2025-05-05
2025050501015100,MNMF1,28,49,500.0,9.33,4665.0,2025-05-05
2025050505011856,NBF3,78,1,8000.0,9.55,76400.0,2025-05-05
2025050504028849,UPCL,48,6,10.0,380.0,3800.0,2025-05-05
2025050501015099,PRVU,42,11,34.0,197.0,6698.0,2025-05-05
2025050504028848,UPCL,16,11,596.0,379.0,225884.0,2025-05-05
2025050501015098,NMB,17,14,42.0,233.7,9815.4,2025-05-05
2025050504028847,RIDI,6,54,100.0,258.0,25800.0,2025-05-05
2025050501015097,MKHC,57,52,10.0,471.0,4710.0,2025-05-05
2025050504028846,SHPC,80,57,220.0,585.1,128722.0,2025-05-05
2025050503008790,MLBL,6,33,27.0,365.0,9855.0,2025-05-05
2025050503008789,MLBL,18,33,339.0,365.0,123735.0,2025-05-05
2025050503008788,MLBL,34,33,50.0,365.1,18255.0,2025-05-05
2025050503008787,MLBL,64,33,100.0,365.1,36510.0,2025-05-05
2025050503008786,MLBL,51,33,60.0,365.1,21906.0,2025-05-05
2025050504028845,UPPER,58,51,234.0,197.9,46308.6,2025-05-05
2025050501015096,GMLI,55,34,10.0,2370.0,23700.0,2025-05-05
2025050501015095,LSL,16,14,100.0,205.3,20530.0,2025-05-05
2025050501015094,ADBL,58,51,70.0,280.3,19621.0,2025-05-05
2025050501015093,BHL,49,38,70.0,218.6,15302.0,2025-05-05
2025050501015092,MCHL,35,13,30.0,568.0,17040.0,2025-05-05
2025050503008785,ALICL,4,100,51.0,723.0,36873.0,2025-05-05
2025050503008784,ALICL,35,100,30.0,723.1,21693.0,2025-05-05
2025050503008783,ALICL,17,100,146.0,723.2,105587.2,2025-05-05
2025050503008782,ALICL,44,100,130.0,723.2,94016.0,2025-05-05
2025050505011855,NIFRA,13,17,665.0,287.0,190855.0,2025-05-05
2025050505011854,NIFRA,13,38,215.0,286.0,61490.0,2025-05-05
2025050505011853,NIFRA,13,42,120.0,286.0,34320.0,2025-05-05
2025050503008781,NFS,41,70,20.0,608.0,12160.0,2025-05-05
2025050504028844,SHPC,45,81,908.0,586.0,532088.0,2025-05-05
2025050504028843,SHPC,45,13,92.0,586.0,53912.0,2025-05-05
2025050504028842,NGPL,44,49,1171.0,367.0,429757.0,2025-05-05
2025050504028841,NGPL,36,49,514.0,367.0,188638.0,2025-05-05
2025050504028840,NGPL,34,49,1500.0,367.1,550650.0,2025-05-05
2025050504028839,NGPL,37,49,50.0,367.3,18365.0,2025-05-05
2025050504028838,NGPL,16,49,1000.0,367.5,367500.0,2025-05-05
2025050504028837,NGPL,46,49,300.0,367.5,110250.0,2025-05-05
2025050504028836,NGPL,53,49,465.0,367.6,170934.0,2025-05-05
2025050505011852,MBJC,38,48,10.0,316.5,3165.0,2025-05-05
2025050503008780,CBBL,59,17,35.0,842.0,29470.0,2025-05-05
2025050503008779,CBBL,38,17,15.0,845.0,12675.0,2025-05-05
2025050501015091,SANIMA,52,6,500.0,300.0,150000.0,2025-05-05
2025050501015090,SANIMA,25,6,500.0,300.1,150050.0,2025-05-05
2025050503008778,GUFL,29,32,20.0,540.0,10800.0,2025-05-05
2025050503008777,GUFL,29,32,20.0,540.0,10800.0,2025-05-05
2025050501015089,ULHC,72,19,10.0,484.5,4845.0,2025-05-05
2025050504028835,UPCL,72,6,10.0,380.0,3800.0,2025-05-05
2025050503008776,MDB,70,65,410.0,593.0,243130.0,2025-05-05
2025050503008775,MDB,35,65,200.0,593.0,118600.0,2025-05-05
2025050503008774,MDB,55,65,105.0,593.1,62275.5,2025-05-05
2025050503008773,MDB,25,65,50.0,594.0,29700.0,2025-05-05
2025050503008772,MDB,80,65,185.0,594.0,109890.0,2025-05-05
2025050501015088,BHL,26,91,96.0,218.8,21004.8,2025-05-05
2025050501015087,BHL,26,44,79.0,218.7,17277.3,2025-05-05
2025050505011851,RNLI,34,58,10.0,504.1,5041.0,2025-05-05
2025050503008771,WNLB,8,34,50.0,2557.5,127875.0,2025-05-05
2025050503008770,SHINE,42,42,86.0,395.0,33970.0,2025-05-05
2025050501015086,NIMB,70,40,300.0,203.6,61080.0,2025-05-05
2025050505011850,HIDCL,16,35,297.0,304.3,90377.1,2025-05-05
2025050501015085,USHEC,32,13,450.0,549.0,247050.0,2025-05-05
2025050503008769,MLBL,51,47,40.0,365.1,14604.0,2025-05-05
2025050503008768,MLBL,29,47,100.0,365.1,36510.0,2025-05-05
2025050503008767,MLBL,57,47,100.0,365.1,36510.0,2025-05-05
2025050504028834,RADHI,82,32,200.0,700.0,140000.0,2025-05-05
2025050504028833,RADHI,82,57,200.0,700.0,140000.0,2025-05-05
2025050504028832,RADHI,82,7,100.0,700.0,70000.0,2025-05-05
2025050504028831,RADHI,82,46,100.0,700.0,70000.0,2025-05-05
2025050504028830,RADHI,82,35,35.0,700.0,24500.0,2025-05-05
2025050504028829,RADHI,82,38,20.0,700.0,14000.0,2025-05-05
2025050504028828,RADHI,82,19,88.0,700.0,61600.0,2025-05-05
2025050504028827,RADHI,82,25,590.0,700.0,413000.0,2025-05-05
2025050505011849,HRL,44,28,460.0,970.1,446246.0,2025-05-05
2025050505011848,HRL,35,28,1000.0,970.2,970200.0,2025-05-05
2025050505011847,HRL,41,28,540.0,970.3,523962.0,2025-05-05
2025050503008766,GBBL,36,8,300.0,390.4,117120.0,2025-05-05
2025050504028826,CGH,42,99,100.0,852.2,85220.0,2025-05-05
2025050504028825,BARUN,68,45,91.0,551.0,50141.0,2025-05-05
2025050501015084,RFPL,45,21,274.0,552.0,151248.0,2025-05-05
2025050501015083,RFPL,92,21,50.0,552.1,27605.0,2025-05-05
2025050501015082,RFPL,57,21,15.0,552.3,8284.5,2025-05-05
2025050501015081,RFPL,8,21,61.0,552.4,33696.4,2025-05-05
2025050501015080,RFPL,57,21,100.0,553.0,55300.0,2025-05-05
2025050501015079,HBL,34,34,20.0,214.1,4282.0,2025-05-05
2025050501015078,HBL,5,34,100.0,214.5,21450.0,2025-05-05
2025050501015077,HBL,28,34,100.0,214.5,21450.0,2025-05-05
2025050501015076,HBL,26,34,75.0,214.5,16087.5,2025-05-05
2025050501015075,HBL,19,34,500.0,214.6,107300.0,2025-05-05
2025050501015074,HBL,96,34,20.0,214.8,4296.0,2025-05-05
2025050501015073,HBL,48,34,163.0,215.0,35045.0,2025-05-05
2025050501015072,HBL,42,34,22.0,215.1,4732.2,2025-05-05
2025050503008765,SLBSL,1,42,110.0,1480.0,162800.0,2025-05-05
2025050503008764,SLBSL,34,42,50.0,1480.0,74000.0,2025-05-05
2025050501015071,NMB,49,42,15.0,233.0,3495.0,2025-05-05
2025050501015070,NMB,14,42,100.0,233.0,23300.0,2025-05-05
2025050501015069,NMB,52,42,185.0,233.0,43105.0,2025-05-05
2025050501015068,SARBTM,14,35,19.0,868.0,16492.0,2025-05-05
2025050503008763,SINDU,42,36,50.0,950.0,47500.0,2025-05-05
2025050503008762,SWMF,43,13,10.0,691.0,6910.0,2025-05-05
2025050501015067,KBL,58,41,140.0,196.1,27454.0,2025-05-05
2025050505011846,CHDC,94,41,42.0,2527.9,106171.8,2025-05-05
2025050505011845,CHDC,94,51,45.0,2527.9,113755.5,2025-05-05
2025050505011844,CHDC,94,37,13.0,2527.0,32851.0,2025-05-05
2025050504028824,SJCL,48,50,63.0,326.8,20588.4,2025-05-05
2025050504028823,SJCL,48,13,250.0,326.0,81500.0,2025-05-05
2025050504028822,SJCL,48,7,10.0,326.0,3260.0,2025-05-05
2025050504028821,SJCL,48,32,40.0,326.0,13040.0,2025-05-05
2025050504028820,SJCL,48,25,36.0,325.0,11700.0,2025-05-05
2025050504028819,SJCL,48,36,60.0,325.0,19500.0,2025-05-05
2025050504028818,SJCL,48,45,41.0,325.0,13325.0,2025-05-05
2025050504028817,RADHI,62,25,410.0,700.0,287000.0,2025-05-05
2025050504028816,RADHI,62,54,100.0,700.0,70000.0,2025-05-05
2025050504028815,RADHI,62,26,50.0,700.0,35000.0,2025-05-05
2025050504028814,RADHI,62,58,50.0,700.0,35000.0,2025-05-05
2025050504028813,RADHI,62,8,41.0,700.0,28700.0,2025-05-05
2025050504028812,RADHI,62,41,100.0,700.0,70000.0,2025-05-05
2025050504028811,RADHI,62,11,50.0,700.0,35000.0,2025-05-05
2025050504028810,RADHI,62,35,332.0,700.0,232400.0,2025-05-05
2025050504028809,RADHI,62,17,50.0,700.0,35000.0,2025-05-05
2025050504028808,RADHI,62,6,17.0,700.0,11900.0,2025-05-05
2025050501015066,CKHL,34,8,10.0,687.0,6870.0,2025-05-05
2025050501015065,CKHL,34,62,10.0,682.0,6820.0,2025-05-05
2025050503008761,SFCL,7,36,50.0,480.1,24005.0,2025-05-05
2025050501015064,GVL,50,41,50.0,429.5,21475.0,2025-05-05
2025050503008760,BFC,58,41,200.0,473.0,94600.0,2025-05-05
2025050504028807,SHPC,80,41,276.0,585.1,161487.6,2025-05-05
2025050501015063,USHEC,39,48,71.0,549.0,38979.0,2025-05-05
2025050504028806,HDHPC,38,8,487.0,200.2,97497.4,2025-05-05
2025050504028805,BARUN,58,57,290.0,550.0,159500.0,2025-05-05
2025050505011843,HATHY,34,60,10.0,1290.0,12900.0,2025-05-05
2025050504028804,DHPL,32,91,260.0,328.0,85280.0,2025-05-05
2025050501015062,BHPL,62,13,50.0,980.1,49005.0,2025-05-05
2025050505011842,HRL,43,1,10.0,971.3,9713.0,2025-05-05
2025050505011841,HRL,43,59,50.0,971.0,48550.0,2025-05-05
2025050505011840,HRL,43,91,40.0,971.0,38840.0,2025-05-05
2025050504028803,CGH,42,49,600.0,852.2,511320.0,2025-05-05
2025050505011839,GCIL,26,44,200.0,501.0,100200.0,2025-05-05
2025050501015061,MKHC,45,55,16.0,465.4,7446.4,2025-05-05
2025050503008759,SAPDBL,17,72,900.0,901.0,810900.0,2025-05-05
2025050503008758,SAPDBL,17,42,100.0,900.4,90040.0,2025-05-05
2025050504028802,UMHL,39,57,930.0,500.5,465465.0,2025-05-05
2025050504028801,UMHL,39,57,35.0,501.7,17559.5,2025-05-05
2025050504028800,UMHL,39,57,10.0,501.8,5018.0,2025-05-05
2025050504028799,BARUN,58,57,50.0,550.0,27500.0,2025-05-05
2025050504028798,BARUN,42,57,50.0,550.1,27505.0,2025-05-05
2025050505011838,HIDCL,45,60,112.0,304.0,34048.0,2025-05-05
2025050505011837,HIDCL,87,60,100.0,304.0,30400.0,2025-05-05
2025050505011836,HIDCL,35,60,50.0,304.0,15200.0,2025-05-05
2025050505011835,HIDCL,67,60,1000.0,304.0,304000.0,2025-05-05
2025050505011834,HIDCL,86,60,663.0,304.1,201618.3,2025-05-05
2025050505011833,HIDCL,41,60,75.0,304.5,22837.5,2025-05-05
2025050501015060,NMB,52,42,15.0,233.0,3495.0,2025-05-05
2025050501015059,NMB,14,42,100.0,233.1,23310.0,2025-05-05
2025050501015058,NMB,53,42,100.0,233.1,23310.0,2025-05-05
2025050504028797,API,14,38,20.0,299.0,5980.0,2025-05-05
2025050504028796,API,14,16,400.0,299.0,119600.0,2025-05-05
2025050504028795,API,14,94,1708.0,299.0,510692.0,2025-05-05
2025050505011832,GCIL,22,38,100.0,501.1,50110.0,2025-05-05
2025050505011831,HIDCL,41,48,25.0,304.2,7605.0,2025-05-05
2025050504028794,CGH,42,16,12.0,852.2,10226.4,2025-05-05
2025050501015057,BHPL,62,22,50.0,980.1,49005.0,2025-05-05
2025050505011830,HIDCL,48,48,96.0,304.5,29232.0,2025-05-05
2025050504028793,SICL,28,17,160.0,775.0,124000.0,2025-05-05
2025050504028792,SICL,28,36,40.0,774.0,30960.0,2025-05-05
2025050503008757,SMPDA,66,55,166.0,912.0,151392.0,2025-05-05
2025050503008756,SMPDA,66,55,81.0,912.2,73888.2,2025-05-05
2025050503008755,SMPDA,42,55,85.0,913.0,77605.0,2025-05-05
2025050503008754,SMPDA,52,55,10.0,913.1,9131.0,2025-05-05
2025050503008753,SMPDA,17,55,10.0,913.1,9131.0,2025-05-05
2025050503008752,MFIL,53,32,50.0,582.0,29100.0,2025-05-05
2025050503008751,LBBL,53,36,10.0,389.0,3890.0,2025-05-05
2025050505011829,NBF3,78,58,1000.0,9.55,9550.0,2025-05-05
2025050501015056,NABIL,6,32,20.0,479.8,9596.0,2025-05-05
2025050504028791,BPCL,42,61,100.0,453.0,45300.0,2025-05-05
2025050504028790,RADHI,21,6,30.0,700.0,21000.0,2025-05-05
2025050504028789,RADHI,21,26,20.0,700.0,14000.0,2025-05-05
2025050504028788,RADHI,21,13,100.0,699.4,69940.0,2025-05-05
2025050505011828,RNLI,26,26,1.0,500.0,500.0,2025-05-05
2025050503008750,MPFL,57,14,45.0,570.2,25659.0,2025-05-05
2025050501015055,BHDC,42,38,83.0,517.0,42911.0,2025-05-05
2025050504028787,SPDL,75,35,600.0,390.1,234060.0,2025-05-05
2025050501015054,HIDCLP,18,58,881.0,214.0,188534.0,2025-05-05
2025050504028786,RADHI,33,41,40.0,699.0,27960.0,2025-05-05
2025050503008749,SIFC,49,48,10.0,498.0,4980.0,2025-05-05
2025050505011827,NRN,58,4,9741.0,2106.0,20514546.0,2025-05-05
2025050505011826,NRN,57,4,14.0,2106.1,29485.4,2025-05-05
2025050505011825,NRN,49,4,25.0,2107.0,52675.0,2025-05-05
2025050505011824,NRN,37,4,50.0,2111.0,105550.0,2025-05-05
2025050505011823,NRN,58,4,170.0,2111.0,358870.0,2025-05-05
2025050504028785,IGI,4,52,30.0,546.0,16380.0,2025-05-05
2025050503008748,JFL,53,3,450.0,439.0,197550.0,2025-05-05
2025050503008747,MDB,80,58,10.0,594.0,5940.0,2025-05-05
2025050501015053,HIDCLP,65,58,234.0,214.0,50076.0,2025-05-05
2025050503008746,SMB,35,6,15.0,2380.5,35707.5,2025-05-05
2025050504028784,UMHL,39,92,200.0,501.8,100360.0,2025-05-05
2025050504028783,UMHL,39,61,500.0,501.8,250900.0,2025-05-05
2025050504028782,UMHL,39,49,200.0,501.8,100360.0,2025-05-05
2025050504028781,UMHL,39,14,90.0,501.8,45162.0,2025-05-05
2025050501015052,GMLI,55,21,35.0,2370.0,82950.0,2025-05-05
2025050501015051,GMLI,45,21,65.0,2370.1,154056.5,2025-05-05
2025050501015050,HIDCLP,65,35,1000.0,214.0,214000.0,2025-05-05
2025050503008745,EDBL,8,38,185.0,573.2,106042.0,2025-05-05
2025050503008744,EDBL,34,38,500.0,573.3,286650.0,2025-05-05
2025050503008743,EDBL,58,38,10.0,573.4,5734.0,2025-05-05
2025050503008742,EDBL,57,38,30.0,574.0,17220.0,2025-05-05
2025050503008741,EDBL,58,38,10.0,574.0,5740.0,2025-05-05
2025050503008740,EDBL,42,38,135.0,575.0,77625.0,2025-05-05
2025050503008739,EDBL,8,38,130.0,577.0,75010.0,2025-05-05
2025050505011822,RNLI,3,25,47.0,504.1,23692.7,2025-05-05
2025050504028780,SHL,16,49,100.0,502.0,50200.0,2025-05-05
2025050504028779,SHL,16,1,300.0,502.0,150600.0,2025-05-05
2025050504028778,SHL,16,46,935.0,502.0,469370.0,2025-05-05
2025050504028777,API,82,94,689.0,299.0,206011.0,2025-05-05
2025050505011821,HIDCL,48,50,104.0,304.5,31668.0,2025-05-05
2025050503008738,NICLBSL,49,62,26.0,616.1,16018.6,2025-05-05
2025050504028776,SHEL,54,58,2145.0,264.1,566494.5,2025-05-05
2025050504028775,SHEL,56,58,300.0,264.1,79230.0,2025-05-05
2025050504028774,SHEL,55,58,100.0,264.2,26420.0,2025-05-05
2025050504028773,SHEL,11,58,1455.0,264.2,384411.0,2025-05-05
2025050504028772,SHEL,47,58,1000.0,264.4,264400.0,2025-05-05
2025050503008737,SINDU,58,53,35.0,951.0,33285.0,2025-05-05
2025050503008736,HLBSL,58,36,51.0,924.0,47124.0,2025-05-05
2025050505011820,HDL,16,52,101.0,1176.4,118816.4,2025-05-05
2025050504028771,SHPC,80,56,218.0,585.1,127551.8,2025-05-05
2025050504028770,SHPC,41,56,190.0,585.1,111169.0,2025-05-05
2025050504028769,SHPC,56,56,300.0,585.1,175530.0,2025-05-05
2025050504028768,NGPL,53,65,135.0,367.6,49626.0,2025-05-05
2025050504028767,NGPL,19,65,365.0,367.8,134247.0,2025-05-05
2025050504028766,NIL,20,42,500.0,735.0,367500.0,2025-05-05
2025050504028765,AKJCL,35,49,100.0,208.0,20800.0,2025-05-05
2025050501015049,RFPL,41,32,10.0,555.0,5550.0,2025-05-05
2025050501015048,RFPL,41,58,10.0,555.0,5550.0,2025-05-05
2025050505011819,NRN,58,69,500.0,2111.0,1055500.0,2025-05-05
2025050505011818,HRL,41,48,10.0,970.3,9703.0,2025-05-05
2025050505011817,HDL,16,37,184.0,1176.4,216457.6,2025-05-05
2025050505011816,HDL,8,37,16.0,1176.4,18822.4,2025-05-05
2025050503008735,SINDU,58,53,15.0,951.0,14265.0,2025-05-05
2025050504028764,BPCL,58,33,30.0,454.0,13620.0,2025-05-05
2025050501015047,GMLI,45,58,280.0,2370.1,663628.0,2025-05-05
2025050504028763,NGPL,38,3,312.0,368.0,114816.0,2025-05-05
2025050504028762,HURJA,50,57,210.0,252.0,52920.0,2025-05-05
2025050501015046,SMHL,43,91,200.0,962.5,192500.0,2025-05-05
2025050504028761,NGPL,38,17,688.0,368.0,253184.0,2025-05-05
2025050501015045,NYADI,41,35,29.0,522.0,15138.0,2025-05-05
2025050504028760,UPCL,16,49,40.0,379.0,15160.0,2025-05-05
2025050504028759,PRIN,45,52,10.0,863.0,8630.0,2025-05-05
2025050505011815,HIDCL,48,45,500.0,304.2,152100.0,2025-05-05
2025050503008734,NICLBSL,41,64,70.0,616.2,43134.0,2025-05-05
2025050504028758,DHPL,32,22,200.0,328.0,65600.0,2025-05-05
2025050504028757,NGPL,49,17,162.0,368.0,59616.0,2025-05-05
2025050504028756,NGPL,49,43,400.0,368.0,147200.0,2025-05-05
2025050504028755,NGPL,49,46,400.0,368.0,147200.0,2025-05-05
2025050504028754,NGPL,49,58,21.0,368.0,7728.0,2025-05-05
2025050505011814,NIFRA,5,22,15.0,285.0,4275.0,2025-05-05
2025050504028753,NGPL,49,58,17.0,368.0,6256.0,2025-05-05
2025050503008733,JFL,17,62,57.0,437.7,24948.9,2025-05-05
2025050503008732,JFL,13,62,100.0,437.7,43770.0,2025-05-05
2025050504028752,PPCL,38,32,630.0,339.0,213570.0,2025-05-05
2025050504028751,PPCL,17,32,1000.0,339.0,339000.0,2025-05-05
2025050504028750,PPCL,33,32,480.0,339.0,162720.0,2025-05-05
2025050504028749,UMHL,39,6,160.0,501.7,80272.0,2025-05-05
2025050503008731,GBBL,35,39,313.0,388.2,121506.6,2025-05-05
2025050503008730,FOWAD,26,42,40.0,1080.0,43200.0,2025-05-05
2025050505011813,NRM,57,81,110.0,455.0,50050.0,2025-05-05
2025050505011812,NRM,57,22,40.0,454.9,18196.0,2025-05-05
2025050505011811,HRL,48,91,10.0,971.0,9710.0,2025-05-05
2025050504028748,AHPC,17,34,950.0,287.6,273220.0,2025-05-05
2025050504028747,AHPC,45,34,50.0,288.0,14400.0,2025-05-05
2025050504028746,RADHI,33,18,104.0,699.0,72696.0,2025-05-05
2025050504028745,HDHPC,38,35,180.0,200.2,36036.0,2025-05-05
2025050501015044,PRVU,42,50,742.0,197.0,146174.0,2025-05-05
2025050501015043,PRVU,13,50,138.0,197.0,27186.0,2025-05-05
2025050501015042,PRVU,42,50,20.0,197.1,3942.0,2025-05-05
2025050501015041,PRVU,34,50,100.0,197.3,19730.0,2025-05-05
2025050504028744,NGPL,41,58,50.0,368.0,18400.0,2025-05-05
2025050501015040,BNHC,74,6,100.0,504.0,50400.0,2025-05-05
2025050503008729,MERO,58,48,20.0,678.0,13560.0,2025-05-05
2025050503008728,MERO,58,62,27.0,678.0,18306.0,2025-05-05
2025050505011810,HIDCL,32,35,977.0,304.9,297887.3,2025-05-05
2025050505011809,HIDCL,32,42,23.0,304.5,7003.5,2025-05-05
2025050504028743,AKJCL,36,6,805.0,207.7,167198.5,2025-05-05
2025050504028742,UPCL,83,6,90.0,380.0,34200.0,2025-05-05
2025050504028741,UPCL,83,17,100.0,380.0,38000.0,2025-05-05
2025050504028740,UPCL,83,17,50.0,380.0,19000.0,2025-05-05
2025050504028739,UPCL,83,58,1248.0,380.0,474240.0,2025-05-05
2025050504028738,UPCL,83,21,200.0,380.0,76000.0,2025-05-05
2025050504028737,UPCL,83,21,200.0,380.0,76000.0,2025-05-05
2025050504028736,UPCL,83,45,1490.0,380.0,566200.0,2025-05-05
2025050504028735,UPCL,83,22,441.0,380.0,167580.0,2025-05-05
2025050504028734,UPCL,83,1,100.0,380.0,38000.0,2025-05-05
2025050504028733,UPCL,83,13,500.0,380.0,190000.0,2025-05-05
2025050504028732,UPCL,83,56,40.0,380.0,15200.0,2025-05-05
2025050504028731,UPCL,83,56,1000.0,380.0,380000.0,2025-05-05
2025050504028730,UPCL,83,57,50.0,380.0,19000.0,2025-05-05
2025050504028729,UPCL,83,39,50.0,380.0,19000.0,2025-05-05
2025050504028728,UPCL,83,72,100.0,380.0,38000.0,2025-05-05
2025050504028727,UPCL,83,67,1000.0,380.0,380000.0,2025-05-05
2025050504028726,UPCL,83,45,10.0,380.0,3800.0,2025-05-05
2025050504028725,UPCL,83,5,79.0,380.0,30020.0,2025-05-05
2025050504028724,UPCL,83,62,312.0,379.9,118528.8,2025-05-05
2025050504028723,UPCL,83,46,200.0,379.9,75980.0,2025-05-05
2025050504028722,UPCL,83,38,50.0,379.9,18995.0,2025-05-05
2025050504028721,UPCL,83,35,50.0,379.9,18995.0,2025-05-05
2025050504028720,UPCL,83,38,100.0,379.9,37990.0,2025-05-05
2025050504028719,UPCL,83,34,1000.0,379.0,379000.0,2025-05-05
2025050504028718,UPCL,83,34,1000.0,379.0,379000.0,2025-05-05
2025050504028717,UPCL,83,75,540.0,379.0,204660.0,2025-05-05
2025050503008727,NFS,13,70,149.0,608.0,90592.0,2025-05-05
2025050503008726,NFS,13,34,51.0,608.0,31008.0,2025-05-05
2025050505011808,CLI,42,40,5.0,473.0,2365.0,2025-05-05
2025050505011807,CLI,7,40,95.0,473.0,44935.0,2025-05-05
2025050505011806,CLI,7,57,50.0,473.0,23650.0,2025-05-05
2025050505011805,CLI,7,54,10.0,473.0,4730.0,2025-05-05
2025050505011804,CLI,7,34,50.0,473.0,23650.0,2025-05-05
2025050505011803,CLI,7,45,745.0,472.9,352310.5,2025-05-05
2025050504028716,UPCL,1,75,500.0,379.0,189500.0,2025-05-05
2025050504028715,AHPC,52,7,940.0,288.0,270720.0,2025-05-05
2025050504028714,GHL,49,11,219.0,255.0,55845.0,2025-05-05
2025050503008725,SKBBL,45,46,59.0,785.1,46320.9,2025-05-05
2025050503008724,SKBBL,47,46,100.0,785.1,78510.0,2025-05-05
2025050503008723,SKBBL,76,46,50.0,785.1,39255.0,2025-05-05
2025050503008722,SKBBL,76,46,30.0,785.1,23553.0,2025-05-05
2025050503008721,SKBBL,76,46,80.0,785.1,62808.0,2025-05-05
2025050503008720,SKBBL,76,46,119.0,785.1,93426.9,2025-05-05
2025050503008719,SKBBL,59,46,50.0,785.2,39260.0,2025-05-05
2025050503008718,SKBBL,39,46,12.0,787.0,9444.0,2025-05-05
2025050504028713,SHEL,56,45,100.0,265.0,26500.0,2025-05-05
2025050504028712,RHPL,17,60,420.0,389.8,163716.0,2025-05-05
2025050504028711,RHPL,17,95,100.0,389.7,38970.0,2025-05-05
2025050504028710,SPDL,14,16,1651.0,392.4,647852.4,2025-05-05
2025050504028709,SPDL,14,99,240.0,392.3,94152.0,2025-05-05
2025050504028708,SPDL,14,8,151.0,392.2,59222.2,2025-05-05
2025050504028707,SPDL,14,39,390.0,392.0,152880.0,2025-05-05
2025050504028706,SPDL,14,57,568.0,392.0,222656.0,2025-05-05
2025050503008717,SMFBS,45,34,10.0,1637.0,16370.0,2025-05-05
2025050501015039,KBSH,51,7,30.0,1925.0,57750.0,2025-05-05
2025050503008716,NICLBSL,41,35,100.0,616.2,61620.0,2025-05-05
2025050505011802,NRN,58,75,300.0,2111.0,633300.0,2025-05-05
2025050505011801,NRN,66,75,200.0,2113.0,422600.0,2025-05-05
2025050504028705,GLH,19,34,100.0,270.5,27050.0,2025-05-05
2025050503008715,SFCL,7,42,50.0,480.0,24000.0,2025-05-05
2025050504028704,UPCL,59,75,100.0,379.0,37900.0,2025-05-05
2025050503008714,SINDU,58,87,20.0,951.0,19020.0,2025-05-05
2025050503008713,SINDU,87,87,120.0,951.2,114144.0,2025-05-05
2025050501015038,HBL,42,8,58.0,215.1,12475.8,2025-05-05
2025050505011800,NTC,11,22,48.0,876.0,42048.0,2025-05-05
2025050504028703,GHL,36,11,200.0,255.0,51000.0,2025-05-05
2025050504028702,GHL,56,11,581.0,255.0,148155.0,2025-05-05
2025050501015037,MSHL,58,42,10.0,845.0,8450.0,2025-05-05
2025050505011799,HATHY,55,57,100.0,1286.4,128640.0,2025-05-05
2025050504028701,NGPL,13,58,2183.0,368.0,803344.0,2025-05-05
2025050504028700,NGPL,13,49,200.0,368.0,73600.0,2025-05-05
2025050504028699,NGPL,13,95,2000.0,368.0,736000.0,2025-05-05
2025050504028698,NGPL,13,95,617.0,368.0,227056.0,2025-05-05
2025050501015036,GVL,50,45,40.0,429.5,17180.0,2025-05-05
2025050501015035,GVL,6,45,50.0,429.5,21475.0,2025-05-05
2025050501015034,GVL,17,45,20.0,429.6,8592.0,2025-05-05
2025050504028697,UPPER,44,51,25.0,197.9,4947.5,2025-05-05
2025050501015033,CZBIL,54,44,212.0,199.5,42294.0,2025-05-05
2025050501015032,EBL,6,28,100.0,614.0,61400.0,2025-05-05
2025050504028696,SGIC,49,32,325.0,550.3,178847.5,2025-05-05
2025050504028695,SGIC,7,32,50.0,550.5,27525.0,2025-05-05
2025050504028694,SGIC,41,32,15.0,550.6,8259.0,2025-05-05
2025050504028693,SGIC,52,32,10.0,550.7,5507.0,2025-05-05
2025050503008712,GUFL,6,38,30.0,541.0,16230.0,2025-05-05
2025050504028692,SHPC,39,13,70.0,586.0,41020.0,2025-05-05
2025050503008711,MLBL,22,26,1000.0,365.2,365200.0,2025-05-05
2025050503008710,SFCL,59,42,100.0,480.0,48000.0,2025-05-05
2025050501015031,BHL,42,44,236.0,218.7,51613.2,2025-05-05
2025050501015030,CITY,42,56,14.0,843.5,11809.0,2025-05-05
2025050501015029,MKHC,45,59,100.0,465.4,46540.0,2025-05-05
2025050503008709,GFCL,100,56,16.0,639.0,10224.0,2025-05-05
2025050504028691,HURJA,50,3,100.0,252.0,25200.0,2025-05-05
2025050503008708,NLIC,58,32,35.0,750.2,26257.0,2025-05-05
2025050503008707,NLIC,45,32,577.0,750.2,432865.4,2025-05-05
2025050504028690,PRIN,32,52,42.0,863.0,36246.0,2025-05-05
2025050504028689,PRIN,32,44,30.0,863.0,25890.0,2025-05-05
2025050501015028,MHL,65,49,200.0,616.0,123200.0,2025-05-05
2025050504028688,UMHL,39,94,1805.0,501.7,905568.5,2025-05-05
2025050501015027,MMKJL,14,57,10.0,604.3,6043.0,2025-05-05
2025050505011798,HRL,41,35,450.0,970.3,436635.0,2025-05-05
2025050504028687,BPCL,42,64,600.0,453.0,271800.0,2025-05-05
2025050504028686,BPCL,3,64,400.0,453.1,181240.0,2025-05-05
2025050504028685,AKPL,74,86,200.0,242.9,48580.0,2025-05-05
2025050504028684,SHPC,45,4,100.0,585.0,58500.0,2025-05-05
2025050504028683,BPCL,3,55,100.0,453.1,45310.0,2025-05-05
2025050501015026,MKHL,62,45,10.0,700.0,7000.0,2025-05-05
2025050505011797,RNLI,8,25,39.0,504.3,19667.7,2025-05-05
2025050505011796,RNLI,8,40,11.0,504.2,5546.2,2025-05-05
2025050504028682,RADHI,39,26,280.0,700.0,196000.0,2025-05-05
2025050504028681,RADHI,39,32,40.0,700.0,28000.0,2025-05-05
2025050504028680,RADHI,39,40,100.0,700.0,70000.0,2025-05-05
2025050504028679,RADHI,39,58,200.0,700.0,140000.0,2025-05-05
2025050504028678,RADHI,39,38,309.0,700.0,216300.0,2025-05-05
2025050504028677,RADHI,39,34,17.0,700.0,11900.0,2025-05-05
2025050504028676,RADHI,39,57,50.0,700.0,35000.0,2025-05-05
2025050504028675,RADHI,39,42,28.0,700.0,19600.0,2025-05-05
2025050504028674,RADHI,39,16,10.0,700.0,7000.0,2025-05-05
2025050504028673,RADHI,39,45,100.0,700.0,70000.0,2025-05-05
2025050504028672,RADHI,39,57,30.0,700.0,21000.0,2025-05-05
2025050504028671,RADHI,39,44,10.0,700.0,7000.0,2025-05-05
2025050504028670,RADHI,39,57,20.0,700.0,14000.0,2025-05-05
2025050504028669,RADHI,39,35,40.0,700.0,28000.0,2025-05-05
2025050504028668,RADHI,39,7,200.0,700.0,140000.0,2025-05-05
2025050504028667,RADHI,39,49,50.0,700.0,35000.0,2025-05-05
2025050504028666,RADHI,39,39,20.0,700.0,14000.0,2025-05-05
2025050504028665,RADHI,39,41,47.0,700.0,32900.0,2025-05-05
2025050504028664,RADHI,39,67,500.0,700.0,350000.0,2025-05-05
2025050504028663,RADHI,39,45,10.0,700.0,7000.0,2025-05-05
2025050504028662,RADHI,39,42,570.0,699.9,398943.0,2025-05-05
2025050504028661,RADHI,39,35,29.0,699.9,20297.1,2025-05-05
2025050504028660,RADHI,39,70,1000.0,699.9,699900.0,2025-05-05
2025050504028659,RADHI,39,45,300.0,699.9,209970.0,2025-05-05
2025050504028658,RADHI,39,71,388.0,699.9,271561.2,2025-05-05
2025050504028657,RADHI,39,26,30.0,699.5,20985.0,2025-05-05
