transaction,symbol,buyer,seller,quantity,rate,amount,date
2024061903014509,ILBS,70,34,150.0,1188.3,178245.0,2024-06-19
2024061903014508,ILBS,38,34,50.0,1188.4,59420.0,2024-06-19
2024061901021424,VLUCL,34,34,20.0,510.9,10218.0,2024-06-19
2024061903014507,SJLIC,58,34,56.0,408.0,22848.0,2024-06-19
2024061903014506,CFCL,34,57,40.0,433.0,17320.0,2024-06-19
2024061903014505,CFCL,34,62,60.0,432.5,25950.0,2024-06-19
2024061904008880,RADHI,74,59,100.0,268.9,26890.0,2024-06-19
2024061903014504,GILB,62,62,10.0,1605.0,16050.0,2024-06-19
2024061903014503,GILB,62,62,20.0,1605.0,32100.0,2024-06-19
2024061903014502,HLBSL,62,58,285.0,1319.0,375915.0,2024-06-19
2024061903014501,HLBSL,62,41,100.0,1315.0,131500.0,2024-06-19
2024061903014500,HLBSL,62,42,40.0,1315.0,52600.0,2024-06-19
2024061903014499,HLBSL,62,48,200.0,1315.0,263000.0,2024-06-19
2024061903014498,HLBSL,62,54,30.0,1315.0,39450.0,2024-06-19
2024061903014497,HLBSL,62,58,103.0,1315.0,135445.0,2024-06-19
2024061903014496,HLBSL,62,42,20.0,1315.0,26300.0,2024-06-19
2024061903014495,HLBSL,62,45,22.0,1310.0,28820.0,2024-06-19
2024061903014494,GILB,62,62,20.0,1605.0,32100.0,2024-06-19
2024061904008879,LEC,45,38,10.0,184.1,1841.0,2024-06-19
2024061901021423,USHEC,38,38,175.0,457.1,79992.5,2024-06-19
2024061901021422,USHEC,65,38,170.0,457.3,77741.0,2024-06-19
2024061901021421,ANLB,38,58,230.0,2575.0,592250.0,2024-06-19
2024061901021420,ANLB,38,16,20.0,2574.0,51480.0,2024-06-19
2024061903014493,SAPDBL,50,77,40.0,350.0,14000.0,2024-06-19
2024061903014492,GUFL,71,42,10.0,750.0,7500.0,2024-06-19
2024061904008878,HPPL,42,47,20.0,267.9,5358.0,2024-06-19
2024061903014491,GILB,69,62,10.0,1605.0,16050.0,2024-06-19
2024061903014490,NABBC,22,72,10.0,556.7,5567.0,2024-06-19
2024061904008877,RIDI,33,22,60.0,170.0,10200.0,2024-06-19
2024061904008876,SHEL,25,44,460.0,160.0,73600.0,2024-06-19
2024061904008875,SHEL,1,44,40.0,160.2,6408.0,2024-06-19
2024061901021419,SMHL,49,65,100.0,632.0,63200.0,2024-06-19
2024061901021418,USHEC,65,18,82.0,460.0,37720.0,2024-06-19
2024061901021417,USHEC,65,35,60.0,460.0,27600.0,2024-06-19
2024061901021416,USHEC,65,13,56.0,460.0,25760.0,2024-06-19
2024061901021415,USHEC,65,13,222.0,459.9,102097.8,2024-06-19
2024061901021414,USHEC,65,26,80.0,459.9,36792.0,2024-06-19
2024061901021413,MEHL,21,17,17.0,349.7,5944.9,2024-06-19
2024061903014489,GILB,58,62,109.0,1605.0,174945.0,2024-06-19
2024061903014488,GILB,58,33,10.0,1605.0,16050.0,2024-06-19
2024061903014487,GILB,58,96,10.0,1605.0,16050.0,2024-06-19
2024061903014486,GILB,58,43,200.0,1605.0,321000.0,2024-06-19
2024061903014485,GILB,58,7,671.0,1600.0,1073600.0,2024-06-19
2024061903014484,GILB,58,7,324.0,1600.0,518400.0,2024-06-19
2024061903014483,GILB,58,91,320.0,1600.0,512000.0,2024-06-19
2024061903014482,GILB,58,50,300.0,1599.0,479700.0,2024-06-19
2024061903014481,GILB,58,71,380.0,1590.0,604200.0,2024-06-19
2024061903014480,GILB,58,26,50.0,1589.0,79450.0,2024-06-19
2024061903014479,GILB,58,34,20.0,1540.0,30800.0,2024-06-19
2024061903014478,GILB,58,91,20.0,1535.0,30700.0,2024-06-19
2024061903014477,GILB,58,96,34.0,1531.0,52054.0,2024-06-19
2024061903014476,GILB,58,13,10.0,1530.0,15300.0,2024-06-19
2024061903014475,GILB,58,51,277.0,1530.0,423810.0,2024-06-19
2024061903014474,GILB,58,39,50.0,1529.9,76495.0,2024-06-19
2024061903014473,GILB,58,22,50.0,1527.0,76350.0,2024-06-19
2024061903014472,GILB,58,96,40.0,1527.0,61080.0,2024-06-19
2024061903014471,GILB,58,26,10.0,1526.2,15262.0,2024-06-19
2024061903014470,GILB,58,35,50.0,1526.1,76305.0,2024-06-19
2024061903014469,GILB,58,22,100.0,1526.1,152610.0,2024-06-19
2024061903014468,GILB,58,3,17.0,1526.0,25942.0,2024-06-19
2024061903014467,GILB,58,34,10.0,1526.0,15260.0,2024-06-19
2024061903014466,GILB,58,96,44.0,1526.0,67144.0,2024-06-19
2024061903014465,GILB,58,96,33.0,1526.0,50358.0,2024-06-19
2024061903014464,GILB,58,17,10.0,1525.8,15258.0,2024-06-19
2024061903014463,GILB,58,16,60.0,1525.7,91542.0,2024-06-19
2024061903014462,GILB,58,26,10.0,1525.2,15252.0,2024-06-19
2024061903014461,GILB,58,22,15.0,1525.0,22875.0,2024-06-19
2024061903014460,GILB,58,58,23.0,1525.0,35075.0,2024-06-19
2024061903014459,GILB,58,34,17.0,1525.0,25925.0,2024-06-19
2024061903014458,GILB,58,69,50.0,1525.0,76250.0,2024-06-19
2024061903014457,GILB,58,96,44.0,1525.0,67100.0,2024-06-19
2024061903014456,GILB,58,3,90.0,1524.0,137160.0,2024-06-19
2024061903014455,GILB,58,14,50.0,1520.0,76000.0,2024-06-19
2024061903014454,GILB,58,58,35.0,1519.8,53193.0,2024-06-19
2024061903014453,GILB,58,14,1000.0,1519.0,1519000.0,2024-06-19
2024061903014452,GILB,58,35,30.0,1519.0,45570.0,2024-06-19
2024061903014451,GILB,58,96,22.0,1519.0,33418.0,2024-06-19
2024061903014450,GILB,58,28,50.0,1519.0,75950.0,2024-06-19
2024061903014449,GILB,58,96,22.0,1519.0,33418.0,2024-06-19
2024061903014448,GILB,58,28,50.0,1518.0,75900.0,2024-06-19
2024061903014447,GILB,58,28,75.0,1517.0,113775.0,2024-06-19
2024061903014446,GILB,58,56,25.0,1516.0,37900.0,2024-06-19
2024061903014445,GILB,58,58,50.0,1515.0,75750.0,2024-06-19
2024061903014444,GILB,58,28,50.0,1515.0,75750.0,2024-06-19
2024061903014443,GILB,58,45,50.0,1514.7,75735.0,2024-06-19
2024061903014442,GILB,58,13,18.0,1514.7,27264.6,2024-06-19
2024061903014441,GILB,58,94,50.0,1514.7,75735.0,2024-06-19
2024061903014440,GILB,58,5,100.0,1514.7,151470.0,2024-06-19
2024061903014439,GILB,58,50,50.0,1514.0,75700.0,2024-06-19
2024061903014438,GILB,58,13,10.0,1514.0,15140.0,2024-06-19
2024061903014437,GILB,58,29,100.0,1514.0,151400.0,2024-06-19
2024061903014436,GILB,58,41,400.0,1514.0,605600.0,2024-06-19
2024061903014435,GILB,58,6,23.0,1514.0,34822.0,2024-06-19
2024061903014434,GILB,58,1,300.0,1513.0,453900.0,2024-06-19
2024061903014433,GILB,58,5,550.0,1500.0,825000.0,2024-06-19
2024061903014432,GILB,58,45,15.0,1500.0,22500.0,2024-06-19
2024061903014431,GILB,58,37,200.0,1499.5,299900.0,2024-06-19
2024061903014430,GILB,58,58,50.0,1499.0,74950.0,2024-06-19
2024061903014429,GILB,58,35,36.0,1498.0,53928.0,2024-06-19
2024061903014428,GILB,58,58,70.0,1497.0,104790.0,2024-06-19
2024061903014427,GILB,58,35,61.0,1485.0,90585.0,2024-06-19
2024061901021412,MCHL,58,48,10.0,423.9,4239.0,2024-06-19
2024061903014426,JSLBB,33,58,10.0,1377.0,13770.0,2024-06-19
2024061904008874,DHPL,84,41,490.0,215.1,105399.0,2024-06-19
2024061904008873,DHPL,84,51,500.0,215.0,107500.0,2024-06-19
2024061904008872,DHPL,84,49,100.0,215.0,21500.0,2024-06-19
2024061904008871,DHPL,84,33,10.0,215.0,2150.0,2024-06-19
2024061904008870,DHPL,84,77,400.0,214.9,85960.0,2024-06-19
2024061903014425,GFCL,41,49,185.0,520.6,96311.0,2024-06-19
2024061903014424,GFCL,62,49,10.0,520.8,5208.0,2024-06-19
2024061903014423,PFL,49,34,30.0,605.0,18150.0,2024-06-19
2024061903014422,RLFL,55,34,148.0,405.0,59940.0,2024-06-19
2024061901021411,SPHL,45,50,10.0,543.5,5435.0,2024-06-19
2024061901021410,IHL,34,45,10.0,427.9,4279.0,2024-06-19
2024061904008869,JOSHI,58,45,50.0,300.1,15005.0,2024-06-19
2024061904008868,JOSHI,49,45,50.0,300.2,15010.0,2024-06-19
2024061904008867,JOSHI,19,45,200.0,300.3,60060.0,2024-06-19
2024061904008866,SHPC,5,22,100.0,320.9,32090.0,2024-06-19
2024061901021409,UHEWA,57,34,50.0,479.0,23950.0,2024-06-19
2024061901021408,HATHY,57,61,10.0,899.0,8990.0,2024-06-19
2024061901021407,HDL,16,42,10.0,1272.0,12720.0,2024-06-19
2024061901021406,HDL,16,21,10.0,1272.0,12720.0,2024-06-19
2024061901021405,MKCL,34,40,10.0,1172.9,11729.0,2024-06-19
2024061903014421,HLBSL,34,45,28.0,1310.0,36680.0,2024-06-19
2024061903014420,HLBSL,34,58,40.0,1310.0,52400.0,2024-06-19
2024061903014419,HLBSL,34,32,32.0,1310.0,41920.0,2024-06-19
2024061903014418,GILB,88,35,10.0,1485.0,14850.0,2024-06-19
2024061904008865,NHPC,88,42,10.0,147.2,1472.0,2024-06-19
2024061903014417,SAPDBL,88,77,10.0,350.0,3500.0,2024-06-19
2024061903014416,HLBSL,74,22,92.0,1310.0,120520.0,2024-06-19
2024061903014415,HLBSL,74,55,10.0,1307.0,13070.0,2024-06-19
2024061903014414,HLBSL,74,34,80.0,1306.9,104552.0,2024-06-19
2024061903014413,HLBSL,74,44,200.0,1304.0,260800.0,2024-06-19
2024061903014412,HLBSL,74,54,100.0,1300.0,130000.0,2024-06-19
2024061903014411,HLBSL,74,52,50.0,1300.0,65000.0,2024-06-19
2024061903014410,HLBSL,74,19,100.0,1300.0,130000.0,2024-06-19
2024061903014409,HLBSL,74,34,300.0,1300.0,390000.0,2024-06-19
2024061903014408,HLBSL,74,75,68.0,1300.0,88400.0,2024-06-19
2024061903014407,SFCL,22,59,80.0,415.0,33200.0,2024-06-19
2024061903014406,SFCL,62,59,420.0,415.1,174342.0,2024-06-19
2024061901021404,SMHL,62,1,310.0,635.0,196850.0,2024-06-19
2024061903014405,GILB,62,39,100.0,1485.0,148500.0,2024-06-19
2024061901021403,AVYAN,62,41,10.0,920.9,9209.0,2024-06-19
2024061901021402,MKHC,4,6,180.0,329.9,59382.0,2024-06-19
2024061901021401,MKHC,4,58,20.0,329.5,6590.0,2024-06-19
2024061903014404,GFCL,62,51,10.0,521.0,5210.0,2024-06-19
2024061901021400,TAMOR,56,38,50.0,399.0,19950.0,2024-06-19
2024061901021399,TAMOR,56,57,10.0,398.9,3989.0,2024-06-19
2024061901021398,TAMOR,56,22,10.0,398.0,3980.0,2024-06-19
2024061901021397,TAMOR,56,38,10.0,398.0,3980.0,2024-06-19
2024061901021396,TAMOR,56,58,10.0,398.0,3980.0,2024-06-19
2024061901021395,TAMOR,56,58,10.0,397.0,3970.0,2024-06-19
2024061901021394,TAMOR,56,34,10.0,397.0,3970.0,2024-06-19
2024061901021393,TAMOR,56,49,100.0,397.0,39700.0,2024-06-19
2024061901021392,TAMOR,56,22,10.0,397.0,3970.0,2024-06-19
2024061903014403,CFCL,50,62,10.0,432.5,4325.0,2024-06-19
2024061903014402,GRDBL,96,38,10.0,438.0,4380.0,2024-06-19
2024061901021391,UHEWA,50,34,10.0,479.0,4790.0,2024-06-19
2024061901021390,SBL,50,41,11.0,252.0,2772.0,2024-06-19
2024061903014401,MLBBL,41,33,10.0,1399.8,13998.0,2024-06-19
2024061901021389,KBSH,96,70,10.0,1703.0,17030.0,2024-06-19
2024061903014400,GUFL,41,63,1000.0,748.0,748000.0,2024-06-19
2024061903014399,ACLBSL,48,14,10.0,975.0,9750.0,2024-06-19
2024061903014398,JBBL,32,45,10.0,286.0,2860.0,2024-06-19
2024061903014397,HLI,38,40,80.0,379.4,30352.0,2024-06-19
2024061903014396,HLI,25,40,20.0,379.4,7588.0,2024-06-19
2024061903014395,MPFL,60,42,20.0,506.0,10120.0,2024-06-19
2024061903014394,GILB,69,39,14.0,1485.0,20790.0,2024-06-19
2024061903014393,GILB,69,39,20.0,1485.0,29700.0,2024-06-19
2024061903014392,GILB,69,39,10.0,1485.0,14850.0,2024-06-19
2024061901021388,MKCL,69,40,10.0,1172.9,11729.0,2024-06-19
2024061901021387,EBL,14,25,11.0,528.9,5817.9,2024-06-19
2024061903014391,LLBS,69,25,10.0,1209.0,12090.0,2024-06-19
2024061901021386,SGHC,72,44,400.0,334.0,133600.0,2024-06-19
2024061901021385,SGHC,72,49,10.0,333.7,3337.0,2024-06-19
2024061901021384,SGHC,72,29,10.0,333.6,3336.0,2024-06-19
2024061901021383,SGHC,72,34,80.0,332.9,26632.0,2024-06-19
2024061904008864,API,44,38,1900.0,171.5,325850.0,2024-06-19
2024061904008863,API,44,55,100.0,171.5,17150.0,2024-06-19
2024061901021382,PCBL,44,35,10.0,197.6,1976.0,2024-06-19
2024061901021381,SMHL,65,1,20.0,635.0,12700.0,2024-06-19
2024061901021380,SMHL,65,40,30.0,635.0,19050.0,2024-06-19
2024061901021379,SMHL,65,4,270.0,632.1,170667.0,2024-06-19
2024061901021378,MKCL,39,10,100.0,1167.0,116700.0,2024-06-19
2024061903014390,GUFL,41,37,20.0,748.0,14960.0,2024-06-19
2024061903014389,GUFL,34,37,480.0,749.0,359520.0,2024-06-19
2024061904008862,AKJCL,94,41,20.0,215.4,4308.0,2024-06-19
2024061901021377,KBSH,29,70,50.0,1703.0,85150.0,2024-06-19
2024061901021376,KBSH,29,44,100.0,1650.0,165000.0,2024-06-19
2024061901021375,KBSH,29,45,50.0,1565.0,78250.0,2024-06-19
2024061904008861,UMHL,29,42,50.0,241.7,12085.0,2024-06-19
2024061901021374,SHLB,49,17,10.0,1850.0,18500.0,2024-06-19
2024061901021373,SNLI,33,45,100.0,469.2,46920.0,2024-06-19
2024061904008860,UMHL,57,42,10.0,241.7,2417.0,2024-06-19
2024061901021372,CITY,34,48,10.0,704.2,7042.0,2024-06-19
2024061901021371,EBL,33,25,10.0,528.9,5289.0,2024-06-19
2024061903014388,ALICL,62,56,10.0,563.0,5630.0,2024-06-19
2024061903014387,RLFL,52,4,15.0,403.5,6052.5,2024-06-19
2024061903014386,RLFL,38,4,20.0,404.0,8080.0,2024-06-19
2024061903014385,RLFL,25,4,15.0,404.0,6060.0,2024-06-19
2024061903014384,GILB,62,39,20.0,1485.0,29700.0,2024-06-19
2024061903014383,GILB,62,39,10.0,1485.0,14850.0,2024-06-19
2024061903014382,PROFL,48,38,77.0,390.1,30037.7,2024-06-19
2024061903014381,PROFL,8,38,73.0,390.2,28484.6,2024-06-19
2024061901021370,KBL,48,57,40.0,138.0,5520.0,2024-06-19
2024061901021369,KBL,48,50,840.0,137.9,115836.0,2024-06-19
2024061901021368,KBL,48,25,340.0,137.9,46886.0,2024-06-19
2024061901021367,HEIP,16,32,1000.0,344.2,344200.0,2024-06-19
2024061901021366,HEIP,8,32,250.0,345.0,86250.0,2024-06-19
2024061901021365,HEIP,17,32,25.0,345.0,8625.0,2024-06-19
2024061901021364,HEIP,22,32,200.0,345.1,69020.0,2024-06-19
2024061901021363,RHGCL,32,49,20.0,352.9,7058.0,2024-06-19
2024061901021362,NRM,6,14,20.0,393.0,7860.0,2024-06-19
2024061903014380,BFC,6,62,10.0,460.0,4600.0,2024-06-19
2024061903014379,FOWAD,96,32,30.0,1266.0,37980.0,2024-06-19
2024061903014378,GBBL,44,42,25.0,359.0,8975.0,2024-06-19
2024061904008859,SPDL,60,65,60.0,250.0,15000.0,2024-06-19
2024061901021361,SAMAJ,14,34,10.0,2647.0,26470.0,2024-06-19
2024061905003893,CIT,22,7,10.0,2119.0,21190.0,2024-06-19
2024061904008858,RURU,18,29,310.0,628.9,194959.0,2024-06-19
2024061901021360,UHEWA,65,34,10.0,479.0,4790.0,2024-06-19
2024061901021359,UHEWA,65,48,10.0,479.0,4790.0,2024-06-19
2024061901021358,UHEWA,65,58,10.0,478.0,4780.0,2024-06-19
2024061901021357,UHEWA,65,57,10.0,478.0,4780.0,2024-06-19
2024061901021356,UHEWA,65,18,10.0,478.0,4780.0,2024-06-19
2024061903014377,GILB,58,58,10.0,1471.5,14715.0,2024-06-19
2024061901021355,RHGCL,29,49,10.0,352.9,3529.0,2024-06-19
2024061904008857,AHPC,26,34,100.0,156.0,15600.0,2024-06-19
2024061901021354,MKHC,5,34,10.0,329.0,3290.0,2024-06-19
2024061901021353,MKHC,5,6,30.0,329.0,9870.0,2024-06-19
2024061904008856,CHL,45,58,18.0,321.0,5778.0,2024-06-19
2024061904008855,CHL,45,58,20.0,320.0,6400.0,2024-06-19
2024061905003892,CHDC,50,8,330.0,1026.0,338580.0,2024-06-19
2024061905003891,CHDC,33,8,50.0,1027.0,51350.0,2024-06-19
2024061905003890,CHDC,39,8,10.0,1027.0,10270.0,2024-06-19
2024061905003889,CHDC,7,8,500.0,1027.2,513600.0,2024-06-19
2024061905003888,CHDC,45,8,100.0,1027.3,102730.0,2024-06-19
2024061905003887,CHDC,36,8,10.0,1028.1,10281.0,2024-06-19
2024061904008854,NLG,57,58,28.0,759.0,21252.0,2024-06-19
2024061904008853,NLG,57,58,42.0,759.0,31878.0,2024-06-19
2024061904008852,NLG,57,22,10.0,758.8,7588.0,2024-06-19
2024061904008851,NLG,57,34,30.0,758.0,22740.0,2024-06-19
2024061904008850,RURU,42,34,57.0,624.1,35573.7,2024-06-19
2024061904008849,RURU,58,34,10.0,625.0,6250.0,2024-06-19
2024061904008848,RURU,45,34,10.0,625.0,6250.0,2024-06-19
2024061904008847,RURU,7,34,50.0,625.0,31250.0,2024-06-19
2024061904008846,RURU,34,34,50.0,625.0,31250.0,2024-06-19
2024061904008845,RURU,42,34,100.0,625.0,62500.0,2024-06-19
2024061904008844,RURU,58,34,185.0,625.0,115625.0,2024-06-19
2024061904008843,RURU,18,34,100.0,625.1,62510.0,2024-06-19
2024061903014376,ICFC,59,81,335.0,527.0,176545.0,2024-06-19
2024061903014375,ICFC,59,52,100.0,526.9,52690.0,2024-06-19
2024061903014374,ICFC,59,42,82.0,526.5,43173.0,2024-06-19
2024061903014373,ICFC,59,13,20.0,526.0,10520.0,2024-06-19
2024061903014372,GBLBS,33,49,20.0,779.0,15580.0,2024-06-19
2024061903014371,GILB,62,39,100.0,1485.0,148500.0,2024-06-19
2024061901021352,SARBTM,62,4,10.0,789.0,7890.0,2024-06-19
2024061903014370,JFL,41,26,60.0,555.0,33300.0,2024-06-19
2024061903014369,JFL,41,53,40.0,555.0,22200.0,2024-06-19
2024061901021351,HHL,32,42,10.0,370.0,3700.0,2024-06-19
2024061903014368,NICLBSL,42,3,10.0,649.9,6499.0,2024-06-19
2024061903014367,SAPDBL,60,77,500.0,350.0,175000.0,2024-06-19
2024061901021350,DORDI,14,40,10.0,420.0,4200.0,2024-06-19
2024061901021349,DORDI,14,13,20.0,419.8,8396.0,2024-06-19
2024061901021348,BGWT,65,1,300.0,1005.0,301500.0,2024-06-19
2024061901021347,BGWT,65,58,10.0,1005.0,10050.0,2024-06-19
2024061901021346,BGWT,65,58,10.0,1005.0,10050.0,2024-06-19
2024061901021345,BGWT,65,79,10.0,1004.7,10047.0,2024-06-19
2024061901021344,BGWT,65,35,10.0,1000.0,10000.0,2024-06-19
2024061901021343,BGWT,65,4,10.0,1000.0,10000.0,2024-06-19
2024061901021342,BGWT,65,17,10.0,1000.0,10000.0,2024-06-19
2024061901021341,BGWT,65,17,10.0,1000.0,10000.0,2024-06-19
2024061901021340,BGWT,65,54,10.0,1000.0,10000.0,2024-06-19
2024061901021339,BGWT,65,45,10.0,1000.0,10000.0,2024-06-19
2024061901021338,BGWT,65,58,10.0,999.0,9990.0,2024-06-19
2024061901021337,BGWT,65,49,10.0,995.0,9950.0,2024-06-19
2024061901021336,BGWT,65,33,40.0,993.5,39740.0,2024-06-19
2024061901021335,BGWT,65,53,200.0,992.0,198400.0,2024-06-19
2024061901021334,BGWT,65,45,10.0,990.0,9900.0,2024-06-19
2024061901021333,BGWT,65,32,50.0,990.0,49500.0,2024-06-19
2024061901021332,BGWT,65,42,10.0,990.0,9900.0,2024-06-19
2024061901021331,BGWT,65,38,10.0,990.0,9900.0,2024-06-19
2024061901021330,BGWT,65,53,100.0,990.0,99000.0,2024-06-19
2024061901021329,BGWT,65,42,10.0,990.0,9900.0,2024-06-19
2024061901021328,BGWT,65,58,50.0,987.0,49350.0,2024-06-19
2024061901021327,BGWT,65,35,60.0,987.0,59220.0,2024-06-19
2024061901021326,BGWT,65,32,50.0,987.0,49350.0,2024-06-19
2024061901021325,CITY,56,65,42.0,701.2,29450.4,2024-06-19
2024061901021324,CITY,41,65,100.0,701.3,70130.0,2024-06-19
2024061901021323,CITY,52,65,100.0,701.3,70130.0,2024-06-19
2024061901021322,CITY,57,65,50.0,702.0,35100.0,2024-06-19
2024061901021321,CITY,41,65,18.0,702.0,12636.0,2024-06-19
2024061901021320,MKLB,25,58,100.0,1460.0,146000.0,2024-06-19
2024061903014366,WNLB,21,52,10.0,1569.0,15690.0,2024-06-19
2024061904008842,HEI,39,45,10.0,591.0,5910.0,2024-06-19
2024061904008841,NHPC,38,49,269.0,147.0,39543.0,2024-06-19
2024061904008840,NHPC,4,49,30.0,147.0,4410.0,2024-06-19
2024061904008839,NHPC,49,49,146.0,147.0,21462.0,2024-06-19
2024061903014365,MPFL,5,42,10.0,506.0,5060.0,2024-06-19
2024061903014364,GMFIL,16,32,10.0,412.0,4120.0,2024-06-19
2024061903014363,SLBBL,55,57,10.0,816.0,8160.0,2024-06-19
2024061901021319,MEL,16,29,500.0,227.0,113500.0,2024-06-19
2024061901021318,SNLI,45,45,490.0,470.0,230300.0,2024-06-19
2024061901021317,MAKAR,34,4,10.0,405.0,4050.0,2024-06-19
2024061903014362,PFL,54,34,31.0,605.0,18755.0,2024-06-19
2024061903014361,GLBSL,52,72,10.0,1822.0,18220.0,2024-06-19
2024061903014360,LBBL,33,33,250.0,382.0,95500.0,2024-06-19
2024061903014359,LBBL,33,59,120.0,382.0,45840.0,2024-06-19
2024061903014358,LBBL,33,45,18.0,380.0,6840.0,2024-06-19
2024061901021316,PPL,57,48,87.0,455.2,39602.4,2024-06-19
2024061901021315,PPL,11,48,103.0,455.3,46895.9,2024-06-19
2024061901021314,PPL,34,48,210.0,456.0,95760.0,2024-06-19
2024061901021313,PPL,58,48,100.0,457.0,45700.0,2024-06-19
2024061901021312,SPL,6,91,35.0,769.9,26946.5,2024-06-19
2024061904008838,UPCL,6,74,38.0,192.8,7326.4,2024-06-19
2024061903014357,PMLI,6,45,150.0,498.5,74775.0,2024-06-19
2024061901021311,USHL,20,49,10.0,548.5,5485.0,2024-06-19
2024061901021310,USHL,20,38,10.0,547.0,5470.0,2024-06-19
2024061904008837,AKJCL,42,41,130.0,215.4,28002.0,2024-06-19
2024061901021309,MANDU,91,44,50.0,1025.0,51250.0,2024-06-19
2024061901021308,GVL,66,94,100.0,550.0,55000.0,2024-06-19
2024061901021307,TPC,66,62,100.0,522.2,52220.0,2024-06-19
2024061903014356,NABBC,10,72,10.0,556.7,5567.0,2024-06-19
2024061903014355,PFL,54,44,19.0,605.0,11495.0,2024-06-19
2024061901021306,MCHL,86,48,10.0,423.9,4239.0,2024-06-19
2024061901021305,MCHL,86,49,20.0,423.0,8460.0,2024-06-19
2024061904008836,NHPC,58,42,300.0,147.2,44160.0,2024-06-19
2024061901021304,ADBL,55,47,106.0,263.0,27878.0,2024-06-19
2024061901021303,ADBL,55,16,14.0,263.0,3682.0,2024-06-19
2024061901021302,ADBL,55,63,10.0,263.0,2630.0,2024-06-19
2024061901021301,ADBL,55,19,50.0,263.0,13150.0,2024-06-19
2024061903014354,GUFL,34,42,20.0,749.0,14980.0,2024-06-19
2024061903014353,DDBL,34,34,10.0,803.0,8030.0,2024-06-19
2024061901021300,SGHC,53,34,20.0,332.9,6658.0,2024-06-19
2024061903014352,SINDU,45,95,700.0,383.1,268170.0,2024-06-19
2024061903014351,SINDU,13,95,100.0,384.0,38400.0,2024-06-19
2024061903014350,SINDU,39,95,200.0,384.0,76800.0,2024-06-19
2024061901021299,NICA,13,78,130.0,404.0,52520.0,2024-06-19
2024061903014349,SMFBS,52,32,10.0,1399.0,13990.0,2024-06-19
2024061904008835,NLG,56,34,20.0,758.0,15160.0,2024-06-19
2024061904008834,NLG,56,42,100.0,747.0,74700.0,2024-06-19
2024061901021298,LSL,56,55,10.0,154.5,1545.0,2024-06-19
2024061903014348,DDBL,33,43,190.0,802.0,152380.0,2024-06-19
2024061903014347,MFIL,42,3,397.0,520.0,206440.0,2024-06-19
2024061903014346,MFIL,95,3,298.0,520.0,154960.0,2024-06-19
2024061901021297,MKHC,91,6,220.0,329.0,72380.0,2024-06-19
2024061901021296,MKHC,91,88,10.0,328.0,3280.0,2024-06-19
2024061901021295,MKHC,91,17,280.0,328.0,91840.0,2024-06-19
2024061901021294,MKHC,91,36,90.0,327.0,29430.0,2024-06-19
2024061903014345,NMBMF,42,52,10.0,711.0,7110.0,2024-06-19
2024061904008833,HPPL,42,47,20.0,267.9,5358.0,2024-06-19
2024061901021293,HHL,51,14,335.0,368.4,123414.0,2024-06-19
2024061901021292,HHL,49,14,100.0,368.5,36850.0,2024-06-19
2024061901021291,HHL,34,14,65.0,368.6,23959.0,2024-06-19
2024061903014344,PROFL,14,39,10.0,391.0,3910.0,2024-06-19
2024061903014343,GUFL,41,1,150.0,748.0,112200.0,2024-06-19
2024061903014342,WNLB,34,58,144.0,1560.0,224640.0,2024-06-19
2024061903014341,WNLB,33,58,136.0,1560.0,212160.0,2024-06-19
2024061903014340,ILBS,70,62,100.0,1195.0,119500.0,2024-06-19
2024061901021290,BHPL,35,35,50.0,679.0,33950.0,2024-06-19
2024061903014339,SAPDBL,16,77,1000.0,350.0,350000.0,2024-06-19
2024061903014338,MFIL,57,60,100.0,522.0,52200.0,2024-06-19
2024061904008832,RURU,18,45,400.0,625.1,250040.0,2024-06-19
2024061904008831,RURU,18,45,500.0,625.1,312550.0,2024-06-19
2024061904008830,RURU,34,45,50.0,625.2,31260.0,2024-06-19
2024061904008829,RURU,33,45,50.0,625.2,31260.0,2024-06-19
2024061905003886,HRL,76,34,31.0,550.6,17068.6,2024-06-19
2024061905003885,CHDC,28,33,10.0,1030.0,10300.0,2024-06-19
2024061905003884,CHDC,28,17,240.0,1028.0,246720.0,2024-06-19
2024061901021289,NIMB,4,58,300.0,156.0,46800.0,2024-06-19
2024061901021288,NESDO,64,52,40.0,2109.0,84360.0,2024-06-19
2024061901021287,BHDC,22,45,10.0,575.0,5750.0,2024-06-19
2024061903014337,SINDU,38,14,112.0,386.0,43232.0,2024-06-19
2024061901021286,AVYAN,1,13,30.0,912.0,27360.0,2024-06-19
2024061901021285,AVYAN,7,13,10.0,912.1,9121.0,2024-06-19
2024061901021284,AVYAN,25,13,200.0,915.0,183000.0,2024-06-19
2024061901021283,AVYAN,38,13,20.0,916.1,18322.0,2024-06-19
2024061901021282,AVYAN,38,13,40.0,916.2,36648.0,2024-06-19
2024061903014336,SKBBL,18,62,286.0,812.0,232232.0,2024-06-19
2024061903014335,SKBBL,18,38,11.0,811.0,8921.0,2024-06-19
2024061903014334,SFCL,25,10,200.0,415.2,83040.0,2024-06-19
2024061904008828,RHPL,21,57,200.0,274.0,54800.0,2024-06-19
2024061904008827,RHPL,21,8,1000.0,274.0,274000.0,2024-06-19
2024061901021281,MEL,58,29,463.0,227.0,105101.0,2024-06-19
2024061903014333,SMB,39,10,10.0,1670.0,16700.0,2024-06-19
2024061903014332,VLBS,58,26,50.0,1028.0,51400.0,2024-06-19
2024061903014331,VLBS,14,26,100.0,1028.0,102800.0,2024-06-19
2024061903014330,VLBS,58,26,50.0,1028.0,51400.0,2024-06-19
2024061903014329,RLFL,26,34,10.0,405.0,4050.0,2024-06-19
2024061901021280,MND84/85,58,8,225.0,1000.9,225202.5,2024-06-19
2024061901021279,SAMAJ,14,49,10.0,2646.0,26460.0,2024-06-19
2024061904008826,SHEL,25,49,20.0,160.0,3200.0,2024-06-19
2024061904008825,SHEL,13,49,144.0,160.0,23040.0,2024-06-19
2024061904008824,SHEL,34,49,300.0,160.0,48000.0,2024-06-19
2024061904008823,SHEL,58,49,26.0,160.0,4160.0,2024-06-19
2024061904008822,SHEL,58,49,460.0,160.0,73600.0,2024-06-19
2024061904008821,SHEL,21,49,50.0,160.2,8010.0,2024-06-19
2024061905003883,NRN,77,49,145.0,635.0,92075.0,2024-06-19
2024061905003882,NRN,77,8,10.0,635.0,6350.0,2024-06-19
2024061905003881,NRN,77,47,1000.0,634.0,634000.0,2024-06-19
2024061905003880,NRN,77,39,75.0,634.0,47550.0,2024-06-19
2024061905003879,NRN,77,94,50.0,633.9,31695.0,2024-06-19
2024061905003878,NRN,77,38,720.0,630.0,453600.0,2024-06-19
2024061904008820,BARUN,64,16,710.0,308.0,218680.0,2024-06-19
2024061904008819,BARUN,38,16,1000.0,308.1,308100.0,2024-06-19
2024061904008818,BARUN,42,16,250.0,308.1,77025.0,2024-06-19
2024061904008817,BARUN,56,16,40.0,308.1,12324.0,2024-06-19
2024061901021278,BHPL,45,35,10.0,679.0,6790.0,2024-06-19
2024061903014328,MNBBL,14,52,634.0,344.0,218096.0,2024-06-19
2024061903014327,USLB,96,21,48.0,1818.0,87264.0,2024-06-19
2024061903014326,USLB,96,50,146.0,1815.0,264990.0,2024-06-19
2024061903014325,USLB,96,57,45.0,1805.4,81243.0,2024-06-19
2024061903014324,USLB,96,58,10.0,1805.0,18050.0,2024-06-19
2024061903014323,USLB,96,75,91.0,1805.0,164255.0,2024-06-19
2024061903014322,USLB,96,55,20.0,1803.0,36060.0,2024-06-19
2024061903014321,USLB,96,41,10.0,1802.0,18020.0,2024-06-19
2024061903014320,USLB,96,58,10.0,1801.0,18010.0,2024-06-19
2024061903014319,USLB,96,35,70.0,1800.0,126000.0,2024-06-19
2024061901021277,MKCL,20,38,10.0,1166.0,11660.0,2024-06-19
2024061901021276,GCIL,41,38,17.0,478.0,8126.0,2024-06-19
2024061901021275,NRM,71,14,100.0,393.0,39300.0,2024-06-19
2024061901021274,ADBL,40,6,68.0,262.1,17822.8,2024-06-19
2024061901021273,ADBL,41,6,15.0,262.1,3931.5,2024-06-19
2024061901021272,MHL,42,49,20.0,502.0,10040.0,2024-06-19
2024061904008816,SHL,13,39,100.0,430.0,43000.0,2024-06-19
2024061901021271,SBL,7,41,10.0,252.0,2520.0,2024-06-19
2024061904008815,SPDL,17,65,11.0,250.0,2750.0,2024-06-19
2024061904008814,TRH,66,17,190.0,760.0,144400.0,2024-06-19
2024061904008813,TRH,45,17,20.0,761.0,15220.0,2024-06-19
2024061903014318,CFCL,49,58,30.0,431.0,12930.0,2024-06-19
2024061904008812,RURU,49,44,10.0,629.0,6290.0,2024-06-19
2024061903014317,HLBSL,45,75,32.0,1300.0,41600.0,2024-06-19
2024061903014316,HLBSL,45,32,10.0,1300.0,13000.0,2024-06-19
2024061903014315,HLBSL,45,22,10.0,1300.0,13000.0,2024-06-19
2024061903014314,HLBSL,45,58,18.0,1300.0,23400.0,2024-06-19
2024061903014313,HLBSL,45,50,30.0,1299.9,38997.0,2024-06-19
2024061903014312,HLBSL,45,13,400.0,1290.0,516000.0,2024-06-19
2024061904008811,SSHL,45,42,37.0,184.7,6833.9,2024-06-19
2024061904008810,SSHL,45,59,463.0,184.0,85192.0,2024-06-19
2024061901021270,MANDU,91,43,50.0,1025.0,51250.0,2024-06-19
2024061903014311,GILB,62,39,20.0,1485.0,29700.0,2024-06-19
2024061904008809,UNHPL,66,46,850.0,241.0,204850.0,2024-06-19
2024061904008808,NHPC,49,6,10.0,147.0,1470.0,2024-06-19
2024061901021269,MKCL,69,34,10.0,1173.0,11730.0,2024-06-19
2024061901021268,SGHC,72,4,600.0,333.0,199800.0,2024-06-19
2024061901021267,SGHC,72,49,10.0,333.0,3330.0,2024-06-19
2024061901021266,SGHC,72,69,250.0,333.0,83250.0,2024-06-19
2024061901021265,SGHC,72,64,10.0,333.0,3330.0,2024-06-19
2024061901021264,SGHC,72,22,10.0,333.0,3330.0,2024-06-19
2024061901021263,SGHC,72,42,284.0,333.0,94572.0,2024-06-19
2024061901021262,SGHC,72,38,180.0,333.0,59940.0,2024-06-19
2024061901021261,IHL,41,43,100.0,427.0,42700.0,2024-06-19
2024061901021260,GCIL,10,13,100.0,479.0,47900.0,2024-06-19
2024061903014310,LLBS,54,53,200.0,1208.0,241600.0,2024-06-19
2024061901021259,CLI,19,86,290.0,481.5,139635.0,2024-06-19
2024061901021258,CLI,21,86,10.0,481.7,4817.0,2024-06-19
2024061904008807,NHDL,19,29,44.0,522.0,22968.0,2024-06-19
2024061904008806,NHDL,57,29,10.0,522.0,5220.0,2024-06-19
2024061904008805,NHDL,16,29,280.0,522.0,146160.0,2024-06-19
2024061904008804,NHDL,45,29,50.0,522.4,26120.0,2024-06-19
2024061901021257,PCBL,25,58,30.0,196.5,5895.0,2024-06-19
2024061901021256,SPL,57,91,10.0,769.9,7699.0,2024-06-19
2024061903014309,MFIL,45,60,10.0,522.0,5220.0,2024-06-19
2024061903014308,MFIL,45,7,10.0,521.9,5219.0,2024-06-19
2024061904008803,UMHL,58,45,250.0,241.6,60400.0,2024-06-19
2024061904008802,UMHL,10,45,50.0,241.6,12080.0,2024-06-19
2024061904008801,UMHL,19,45,100.0,241.6,24160.0,2024-06-19
2024061904008800,UMHL,22,45,100.0,241.6,24160.0,2024-06-19
2024061901021255,MHCL,34,34,30.0,410.0,12300.0,2024-06-19
2024061903014307,PROFL,34,39,785.0,391.0,306935.0,2024-06-19
2024061903014306,PROFL,34,34,135.0,391.0,52785.0,2024-06-19
2024061903014305,PROFL,34,44,30.0,391.0,11730.0,2024-06-19
2024061903014304,PROFL,34,39,50.0,390.9,19545.0,2024-06-19
2024061901021254,BHL,34,74,500.0,349.0,174500.0,2024-06-19
2024061901021253,HATHY,92,4,64.0,895.0,57280.0,2024-06-19
2024061901021252,HATHY,33,4,200.0,895.0,179000.0,2024-06-19
2024061901021251,HATHY,64,4,100.0,895.0,89500.0,2024-06-19
2024061901021250,HATHY,33,4,100.0,895.1,89510.0,2024-06-19
2024061901021249,HATHY,25,4,50.0,895.1,44755.0,2024-06-19
2024061901021248,HATHY,5,4,50.0,895.1,44755.0,2024-06-19
2024061901021247,HATHY,25,4,50.0,895.2,44760.0,2024-06-19
2024061903014303,GILB,62,47,10.0,1484.0,14840.0,2024-06-19
2024061901021246,BHDC,14,68,410.0,570.2,233782.0,2024-06-19
2024061901021245,BHDC,38,68,90.0,571.0,51390.0,2024-06-19
2024061903014302,PMLI,26,91,10.0,498.2,4982.0,2024-06-19
2024061905003877,HRL,18,62,10.0,550.7,5507.0,2024-06-19
2024061903014301,KRBL,86,62,20.0,441.6,8832.0,2024-06-19
2024061901021244,SARBTM,29,81,10.0,789.0,7890.0,2024-06-19
2024061901021243,SHIVM,26,49,14.0,488.3,6836.2,2024-06-19
2024061901021242,CLI,16,45,10.0,485.0,4850.0,2024-06-19
2024061901021241,CLI,16,49,96.0,485.0,46560.0,2024-06-19
2024061901021240,CLI,16,22,10.0,485.0,4850.0,2024-06-19
2024061901021239,CLI,16,11,491.0,485.0,238135.0,2024-06-19
2024061901021238,CLI,16,53,10.0,485.0,4850.0,2024-06-19
2024061901021237,CLI,16,6,10.0,485.0,4850.0,2024-06-19
2024061901021236,CLI,16,14,10.0,485.0,4850.0,2024-06-19
2024061901021235,CLI,16,32,10.0,485.0,4850.0,2024-06-19
2024061901021234,CLI,16,87,10.0,484.9,4849.0,2024-06-19
2024061901021233,CLI,16,21,200.0,484.0,96800.0,2024-06-19
2024061901021232,CLI,16,20,300.0,484.0,145200.0,2024-06-19
2024061901021231,CLI,16,34,10.0,484.0,4840.0,2024-06-19
2024061901021230,CLI,16,45,10.0,484.0,4840.0,2024-06-19
2024061901021229,CLI,16,38,10.0,484.0,4840.0,2024-06-19
2024061901021228,CLI,16,35,10.0,484.0,4840.0,2024-06-19
2024061901021227,CLI,16,63,500.0,484.0,242000.0,2024-06-19
2024061901021226,CLI,16,7,10.0,484.0,4840.0,2024-06-19
2024061901021225,CLI,16,34,10.0,483.0,4830.0,2024-06-19
2024061901021224,CLI,16,57,268.0,483.0,129444.0,2024-06-19
2024061901021223,CLI,16,35,10.0,482.2,4822.0,2024-06-19
2024061904008799,MEN,47,45,200.0,605.0,121000.0,2024-06-19
2024061904008798,MEN,26,45,10.0,605.0,6050.0,2024-06-19
2024061904008797,MEN,57,45,204.0,605.1,123440.4,2024-06-19
2024061904008796,MEN,45,45,250.0,605.1,151275.0,2024-06-19
2024061904008795,MEN,37,45,500.0,605.5,302750.0,2024-06-19
2024061904008794,MEN,81,45,1325.0,605.7,802552.5,2024-06-19
2024061904008793,MEN,40,45,30.0,605.8,18174.0,2024-06-19
2024061903014300,DDBL,34,43,10.0,802.0,8020.0,2024-06-19
2024061903014299,MERO,52,92,10.0,691.0,6910.0,2024-06-19
2024061903014298,MPFL,19,38,200.0,501.2,100240.0,2024-06-19
2024061903014297,MPFL,62,38,200.0,501.3,100260.0,2024-06-19
2024061901021222,SHLB,33,80,10.0,1854.0,18540.0,2024-06-19
2024061903014296,MLBL,42,20,400.0,323.7,129480.0,2024-06-19
2024061903014295,MLBL,42,34,200.0,323.4,64680.0,2024-06-19
2024061903014294,MLBL,42,36,300.0,323.0,96900.0,2024-06-19
2024061903014293,MLBL,42,47,100.0,323.0,32300.0,2024-06-19
2024061901021221,PPL,34,42,110.0,456.0,50160.0,2024-06-19
2024061901021220,MBL,55,64,180.0,172.0,30960.0,2024-06-19
2024061901021219,MBL,6,64,96.0,172.0,16512.0,2024-06-19
2024061901021218,MBL,57,64,200.0,172.1,34420.0,2024-06-19
2024061901021217,MBL,42,64,164.0,172.1,28224.4,2024-06-19
2024061901021216,MBL,7,64,200.0,172.2,34440.0,2024-06-19
2024061901021215,MBL,41,64,50.0,172.2,8610.0,2024-06-19
2024061901021214,MBL,42,64,100.0,172.3,17230.0,2024-06-19
2024061901021213,NESDO,64,4,34.0,2109.0,71706.0,2024-06-19
2024061901021212,EHPL,45,41,45.0,549.0,24705.0,2024-06-19
2024061903014292,NICLBSL,34,21,10.0,643.0,6430.0,2024-06-19
2024061903014291,NICLBSL,44,21,50.0,643.0,32150.0,2024-06-19
2024061901021211,RAWA,1,90,11.0,562.0,6182.0,2024-06-19
2024061901021210,RAWA,1,16,150.0,560.4,84060.0,2024-06-19
2024061901021209,RAWA,1,62,10.0,560.0,5600.0,2024-06-19
2024061901021208,RAWA,1,59,50.0,560.0,28000.0,2024-06-19
2024061901021207,RAWA,1,26,80.0,560.0,44800.0,2024-06-19
2024061901021206,RAWA,1,34,165.0,560.0,92400.0,2024-06-19
2024061901021205,RAWA,1,48,100.0,559.0,55900.0,2024-06-19
2024061901021204,RAWA,1,59,345.0,558.9,192820.5,2024-06-19
2024061901021203,RAWA,1,48,79.0,558.0,44082.0,2024-06-19
2024061901021202,RAWA,1,29,10.0,557.0,5570.0,2024-06-19
2024061903014290,BFC,52,45,50.0,457.0,22850.0,2024-06-19
2024061904008792,CHCL,45,47,300.0,435.1,130530.0,2024-06-19
2024061901021201,BEDC,13,62,60.0,406.0,24360.0,2024-06-19
2024061904008791,SHPC,63,74,250.0,320.1,80025.0,2024-06-19
2024061903014289,CBBL,42,7,20.0,843.0,16860.0,2024-06-19
2024061903014288,VLBS,22,48,84.0,1029.0,86436.0,2024-06-19
2024061904008790,UPCL,22,74,10.0,192.8,1928.0,2024-06-19
2024061903014287,SJLIC,58,13,10.0,408.0,4080.0,2024-06-19
2024061903014286,PFL,59,44,16.0,605.0,9680.0,2024-06-19
2024061904008789,NHPC,49,39,394.0,147.0,57918.0,2024-06-19
2024061904008788,NHPC,32,39,606.0,147.0,89082.0,2024-06-19
2024061901021200,SMJC,35,84,715.0,397.1,283926.5,2024-06-19
2024061903014285,SIFC,26,57,10.0,436.0,4360.0,2024-06-19
2024061904008787,AHPC,19,49,72.0,155.8,11217.6,2024-06-19
2024061904008786,AHPC,43,49,28.0,155.8,4362.4,2024-06-19
2024061903014284,GMFIL,56,32,10.0,412.0,4120.0,2024-06-19
2024061903014283,GMFIL,56,47,30.0,410.0,12300.0,2024-06-19
2024061903014282,GMFIL,56,39,130.0,410.0,53300.0,2024-06-19
2024061901021199,MKLB,58,52,712.0,1458.2,1038238.4,2024-06-19
2024061903014281,GBLBS,38,49,10.0,779.0,7790.0,2024-06-19
2024061904008785,NGPL,38,42,103.0,315.0,32445.0,2024-06-19
2024061904008784,NGPL,38,34,50.0,315.0,15750.0,2024-06-19
2024061904008783,NGPL,38,33,100.0,315.0,31500.0,2024-06-19
2024061904008782,NGPL,38,52,67.0,315.0,21105.0,2024-06-19
2024061904008781,RIDI,33,6,78.0,170.0,13260.0,2024-06-19
2024061904008780,RIDI,62,6,1000.0,170.0,170000.0,2024-06-19
2024061904008779,RIDI,41,6,200.0,170.0,34000.0,2024-06-19
2024061904008778,RIDI,17,6,222.0,170.0,37740.0,2024-06-19
2024061903014280,PFL,59,41,50.0,605.0,30250.0,2024-06-19
2024061903014279,PFL,59,41,74.0,605.0,44770.0,2024-06-19
2024061903014278,PFL,41,41,200.0,605.0,121000.0,2024-06-19
2024061903014277,PFL,25,41,100.0,605.0,60500.0,2024-06-19
2024061903014276,PFL,41,41,186.0,605.0,112530.0,2024-06-19
2024061904008777,UMHL,10,42,65.0,241.7,15710.5,2024-06-19
2024061901021198,PHCL,21,48,30.0,324.0,9720.0,2024-06-19
2024061904008776,SGIC,54,3,100.0,533.4,53340.0,2024-06-19
2024061901021197,HDL,49,59,16.0,1272.0,20352.0,2024-06-19
2024061901021196,HDL,49,21,30.0,1272.0,38160.0,2024-06-19
2024061903014275,JFL,35,53,360.0,555.0,199800.0,2024-06-19
2024061903014274,JFL,35,62,100.0,555.0,55500.0,2024-06-19
2024061903014273,JFL,35,37,410.0,555.0,227550.0,2024-06-19
2024061903014272,JFL,35,59,10.0,554.0,5540.0,2024-06-19
2024061903014271,JFL,35,1,50.0,553.9,27695.0,2024-06-19
2024061903014270,JFL,35,51,70.0,550.0,38500.0,2024-06-19
2024061904008775,GHL,38,57,10.0,152.0,1520.0,2024-06-19
2024061901021195,SNLI,66,57,10.0,469.1,4691.0,2024-06-19
2024061904008774,UNHPL,66,57,100.0,241.0,24100.0,2024-06-19
2024061903014269,PROFL,8,34,55.0,390.2,21461.0,2024-06-19
2024061903014268,SIFC,43,57,10.0,436.0,4360.0,2024-06-19
2024061903014267,GILB,62,47,20.0,1484.0,29680.0,2024-06-19
2024061903014266,GILB,62,35,330.0,1483.0,489390.0,2024-06-19
2024061901021194,MKLB,58,81,1000.0,1458.2,1458200.0,2024-06-19
2024061904008773,NGPL,41,52,103.0,315.0,32445.0,2024-06-19
2024061904008772,NGPL,41,5,397.0,314.5,124856.5,2024-06-19
2024061905003876,HIDCL,54,17,50.0,162.0,8100.0,2024-06-19
2024061901021193,MKHC,5,36,10.0,327.0,3270.0,2024-06-19
2024061904008771,NGPL,32,1,129.0,314.0,40506.0,2024-06-19
2024061901021192,SONA,8,59,80.0,446.0,35680.0,2024-06-19
2024061903014265,BFC,58,62,120.0,460.0,55200.0,2024-06-19
2024061903014264,BFC,58,22,90.0,460.0,41400.0,2024-06-19
2024061903014263,GUFL,58,42,40.0,749.0,29960.0,2024-06-19
2024061903014262,PROFL,8,45,162.0,390.2,63212.4,2024-06-19
2024061903014261,PROFL,11,45,38.0,390.3,14831.4,2024-06-19
2024061901021191,SHIVM,34,49,100.0,488.3,48830.0,2024-06-19
2024061903014260,ICFC,47,32,500.0,526.0,263000.0,2024-06-19
2024061901021190,SONA,19,43,10.0,445.5,4455.0,2024-06-19
2024061901021189,PHCL,57,33,50.0,323.5,16175.0,2024-06-19
2024061903014259,MLBBL,14,33,10.0,1399.8,13998.0,2024-06-19
2024061904008770,GLH,3,14,1000.0,219.3,219300.0,2024-06-19
2024061904008769,GLH,13,14,100.0,219.5,21950.0,2024-06-19
2024061901021188,USHEC,65,13,70.0,457.3,32011.0,2024-06-19
2024061901021187,USHEC,38,13,20.0,459.8,9196.0,2024-06-19
2024061901021186,MANDU,65,5,30.0,1026.0,30780.0,2024-06-19
2024061905003875,NIFRA,75,41,228.0,191.5,43662.0,2024-06-19
2024061905003874,NIFRA,29,41,210.0,191.6,40236.0,2024-06-19
2024061905003873,NIFRA,45,41,62.0,192.0,11904.0,2024-06-19
2024061904008768,AKJCL,7,41,10.0,215.4,2154.0,2024-06-19
2024061903014258,PMLI,26,36,10.0,498.2,4982.0,2024-06-19
2024061901021185,NRM,33,54,1000.0,392.0,392000.0,2024-06-19
2024061901021184,RHGCL,42,39,90.0,349.0,31410.0,2024-06-19
2024061901021183,HDL,17,21,10.0,1272.0,12720.0,2024-06-19
2024061901021182,RHGCL,57,35,150.0,350.0,52500.0,2024-06-19
2024061901021181,RFPL,57,74,100.0,368.0,36800.0,2024-06-19
2024061901021180,RFPL,34,74,20.0,368.0,7360.0,2024-06-19
2024061901021179,RFPL,88,74,180.0,368.1,66258.0,2024-06-19
2024061903014257,JFL,58,51,30.0,550.0,16500.0,2024-06-19
2024061903014256,SFCL,34,42,100.0,416.0,41600.0,2024-06-19
2024061904008767,NGPL,56,5,13.0,314.5,4088.5,2024-06-19
2024061901021178,PRVU,33,38,10.0,142.6,1426.0,2024-06-19
2024061905003872,NRIC,6,17,20.0,632.0,12640.0,2024-06-19
2024061903014255,MFIL,95,42,150.0,520.0,78000.0,2024-06-19
2024061904008766,HPPL,42,45,166.0,266.0,44156.0,2024-06-19
2024061901021177,MHL,13,49,50.0,502.0,25100.0,2024-06-19
2024061903014254,SHINE,66,42,167.0,381.5,63710.5,2024-06-19
2024061901021176,TVCL,41,29,20.0,468.5,9370.0,2024-06-19
2024061901021175,KDL,55,55,10.0,1198.9,11989.0,2024-06-19
2024061903014253,MERO,35,92,189.0,691.0,130599.0,2024-06-19
2024061903014252,MERO,35,52,16.0,690.9,11054.4,2024-06-19
2024061903014251,MERO,35,52,180.0,690.9,124362.0,2024-06-19
2024061903014250,MERO,35,47,100.0,690.0,69000.0,2024-06-19
2024061903014249,MERO,35,55,65.0,690.0,44850.0,2024-06-19
2024061903014248,MERO,35,39,50.0,690.0,34500.0,2024-06-19
2024061903014247,MERO,35,38,700.0,689.9,482930.0,2024-06-19
2024061904008765,SHL,35,39,200.0,430.0,86000.0,2024-06-19
2024061904008764,UMRH,65,58,80.0,414.4,33152.0,2024-06-19
2024061904008763,UMRH,50,58,100.0,414.5,41450.0,2024-06-19
2024061904008762,UMRH,56,58,150.0,414.5,62175.0,2024-06-19
2024061904008761,UMRH,49,58,161.0,414.6,66750.6,2024-06-19
2024061901021174,EBL,22,47,52.0,525.3,27315.6,2024-06-19
2024061901021173,MKCL,60,34,10.0,1170.0,11700.0,2024-06-19
2024061901021172,SNLI,66,34,200.0,469.1,93820.0,2024-06-19
2024061901021171,SHIVM,17,38,210.0,488.2,102522.0,2024-06-19
2024061901021170,SHIVM,34,38,1000.0,488.3,488300.0,2024-06-19
2024061901021169,SHIVM,28,38,100.0,488.3,48830.0,2024-06-19
2024061901021168,SHIVM,16,38,20.0,488.3,9766.0,2024-06-19
2024061901021167,SHIVM,25,38,100.0,488.3,48830.0,2024-06-19
2024061901021166,SHIVM,62,38,70.0,488.3,34181.0,2024-06-19
2024061901021165,AHL,41,38,50.0,508.0,25400.0,2024-06-19
2024061901021164,AHL,41,13,50.0,507.9,25395.0,2024-06-19
2024061901021163,AHL,41,26,50.0,507.0,25350.0,2024-06-19
2024061903014246,NMLBBL,7,47,64.0,690.0,44160.0,2024-06-19
2024061901021162,NMB,53,44,10.0,193.7,1937.0,2024-06-19
2024061901021161,CITY,41,29,35.0,702.0,24570.0,2024-06-19
2024061901021160,CITY,11,29,30.0,702.0,21060.0,2024-06-19
2024061901021159,KBSH,57,29,10.0,1508.0,15080.0,2024-06-19
2024061901021158,KBSH,49,29,100.0,1537.0,153700.0,2024-06-19
2024061903014245,PROFL,57,39,20.0,390.9,7818.0,2024-06-19
2024061901021157,BHL,38,45,33.0,346.0,11418.0,2024-06-19
2024061904008760,RADHI,58,11,40.0,269.0,10760.0,2024-06-19
2024061904008759,LEC,59,38,200.0,185.5,37100.0,2024-06-19
2024061903014244,SHINE,34,42,10.0,381.5,3815.0,2024-06-19
2024061901021156,GVL,66,94,200.0,550.0,110000.0,2024-06-19
2024061903014243,SINDU,38,7,60.0,386.0,23160.0,2024-06-19
2024061904008758,MEN,19,45,180.0,606.0,109080.0,2024-06-19
2024061904008757,SHEL,21,38,50.0,160.2,8010.0,2024-06-19
2024061904008756,BARUN,51,8,50.0,309.0,15450.0,2024-06-19
2024061901021155,KBSH,49,45,50.0,1565.0,78250.0,2024-06-19
2024061901021154,KBSH,49,44,200.0,1560.6,312120.0,2024-06-19
2024061901021153,KBSH,49,58,10.0,1560.6,15606.0,2024-06-19
2024061901021152,KBSH,49,70,50.0,1560.6,78030.0,2024-06-19
2024061901021151,KBSH,49,71,10.0,1560.6,15606.0,2024-06-19
2024061901021150,KBSH,49,38,10.0,1560.0,15600.0,2024-06-19
2024061901021149,KBSH,49,6,10.0,1560.0,15600.0,2024-06-19
2024061901021148,KBSH,49,54,100.0,1560.0,156000.0,2024-06-19
2024061901021147,KBSH,49,22,100.0,1560.0,156000.0,2024-06-19
2024061901021146,KBSH,49,34,10.0,1560.0,15600.0,2024-06-19
2024061901021145,KBSH,49,45,10.0,1560.0,15600.0,2024-06-19
2024061901021144,KBSH,49,44,20.0,1559.0,31180.0,2024-06-19
2024061901021143,KBSH,49,51,20.0,1559.0,31180.0,2024-06-19
2024061901021142,BHPL,45,35,10.0,679.0,6790.0,2024-06-19
2024061901021141,BHPL,45,53,10.0,680.0,6800.0,2024-06-19
2024061901021140,TAMOR,58,33,10.0,396.5,3965.0,2024-06-19
2024061901021139,TAMOR,58,32,10.0,396.5,3965.0,2024-06-19
2024061901021138,TAMOR,58,41,10.0,395.0,3950.0,2024-06-19
2024061901021137,TAMOR,58,42,10.0,395.0,3950.0,2024-06-19
2024061904008755,RADHI,7,6,80.0,267.6,21408.0,2024-06-19
2024061904008754,RADHI,26,6,200.0,267.6,53520.0,2024-06-19
2024061904008753,RADHI,17,6,20.0,267.6,5352.0,2024-06-19
2024061903014242,PROFL,11,42,462.0,390.3,180318.6,2024-06-19
2024061903014241,PROFL,52,42,38.0,390.4,14835.2,2024-06-19
2024061903014240,GUFL,42,42,100.0,749.0,74900.0,2024-06-19
2024061901021136,ULHC,66,52,30.0,396.0,11880.0,2024-06-19
2024061903014239,USLB,18,35,30.0,1800.0,54000.0,2024-06-19
2024061903014238,USLB,18,59,20.0,1800.0,36000.0,2024-06-19
2024061903014237,USLB,18,49,50.0,1795.0,89750.0,2024-06-19
2024061903014236,VLBS,41,48,30.0,1029.0,30870.0,2024-06-19
2024061901021135,MHL,26,49,60.0,502.0,30120.0,2024-06-19
2024061901021134,NABIL,28,57,50.0,472.0,23600.0,2024-06-19
2024061904008752,RIDI,49,45,60.0,170.1,10206.0,2024-06-19
2024061904008751,RIDI,43,45,166.0,170.1,28236.6,2024-06-19
2024061901021133,MKHL,14,52,110.0,450.0,49500.0,2024-06-19
2024061903014235,BFC,46,22,10.0,460.0,4600.0,2024-06-19
2024061901021132,SBL,50,41,11.0,252.0,2772.0,2024-06-19
2024061901021131,HBL,42,48,13.0,181.0,2353.0,2024-06-19
2024061901021130,HBL,53,48,277.0,181.0,50137.0,2024-06-19
2024061901021129,HBL,95,48,10.0,181.1,1811.0,2024-06-19
2024061901021128,HBL,32,48,150.0,181.4,27210.0,2024-06-19
2024061905003871,CHDC,69,33,10.0,1030.0,10300.0,2024-06-19
2024061901021127,MKJC,38,6,15.0,551.0,8265.0,2024-06-19
2024061904008750,API,43,93,249.0,170.9,42554.1,2024-06-19
2024061904008749,API,22,93,51.0,171.0,8721.0,2024-06-19
2024061901021126,BGWT,39,13,10.0,987.0,9870.0,2024-06-19
2024061901021125,HDL,26,21,10.0,1272.0,12720.0,2024-06-19
2024061904008748,HDHPC,6,17,18.0,129.5,2331.0,2024-06-19
2024061901021124,NWCL,88,5,70.0,869.0,60830.0,2024-06-19
2024061901021123,NWCL,65,5,100.0,873.0,87300.0,2024-06-19
2024061901021122,TSHL,49,19,10.0,524.0,5240.0,2024-06-19
2024061903014234,MDB,35,34,10.0,488.0,4880.0,2024-06-19
2024061903014233,MDB,35,48,40.0,487.8,19512.0,2024-06-19
2024061901021121,MSHL,42,35,10.0,655.0,6550.0,2024-06-19
2024061903014232,GUFL,41,16,20.0,748.0,14960.0,2024-06-19
2024061905003870,CHDC,16,39,100.0,1029.9,102990.0,2024-06-19
2024061904008747,HURJA,49,28,132.0,298.1,39349.2,2024-06-19
2024061904008746,HURJA,40,28,368.0,298.2,109737.6,2024-06-19
2024061901021120,MKLB,8,58,100.0,1460.0,146000.0,2024-06-19
2024061905003869,NTC,54,57,19.0,822.0,15618.0,2024-06-19
2024061905003868,NIFRA,45,55,38.0,192.0,7296.0,2024-06-19
2024061904008745,JOSHI,21,45,100.0,301.0,30100.0,2024-06-19
2024061904008744,CHL,45,58,20.0,320.0,6400.0,2024-06-19
2024061903014231,WNLB,33,71,57.0,1560.0,88920.0,2024-06-19
2024061903014230,WNLB,26,71,60.0,1561.0,93660.0,2024-06-19
2024061903014229,WNLB,38,71,150.0,1561.0,234150.0,2024-06-19
2024061903014228,WNLB,58,71,10.0,1562.2,15622.0,2024-06-19
2024061903014227,WNLB,52,71,30.0,1564.0,46920.0,2024-06-19
2024061903014226,WNLB,42,71,25.0,1565.0,39125.0,2024-06-19
2024061901021119,PPL,34,7,180.0,456.0,82080.0,2024-06-19
2024061903014225,GUFL,41,34,500.0,748.0,374000.0,2024-06-19
2024061904008743,CGH,58,48,350.0,859.8,300930.0,2024-06-19
2024061904008742,CGH,58,50,500.0,858.0,429000.0,2024-06-19
2024061904008741,CGH,58,59,50.0,857.9,42895.0,2024-06-19
2024061901021118,MMKJL,58,57,110.0,475.0,52250.0,2024-06-19
2024061901021117,MMKJL,58,58,10.0,475.0,4750.0,2024-06-19
2024061901021116,MMKJL,58,78,500.0,475.0,237500.0,2024-06-19
2024061901021115,MMKJL,58,49,10.0,475.0,4750.0,2024-06-19
2024061901021114,MMKJL,58,50,10.0,475.0,4750.0,2024-06-19
2024061901021113,MMKJL,58,56,200.0,474.0,94800.0,2024-06-19
2024061901021112,MMKJL,58,64,120.0,474.0,56880.0,2024-06-19
2024061901021111,MMKJL,58,28,100.0,474.0,47400.0,2024-06-19
2024061901021110,MMKJL,58,1,120.0,471.7,56604.0,2024-06-19
2024061901021109,MMKJL,58,44,210.0,471.0,98910.0,2024-06-19
2024061901021108,MMKJL,58,49,100.0,470.0,47000.0,2024-06-19
2024061901021107,MMKJL,58,42,10.0,470.0,4700.0,2024-06-19
2024061903014224,GUFL,41,61,1100.0,748.0,822800.0,2024-06-19
2024061904008740,MEN,17,45,10.0,606.0,6060.0,2024-06-19
2024061901021106,CLI,49,58,10.0,482.0,4820.0,2024-06-19
2024061904008739,UPPER,58,49,52.0,159.0,8268.0,2024-06-19
2024061904008738,UPPER,7,49,300.0,159.0,47700.0,2024-06-19
2024061904008737,UPPER,58,49,180.0,159.0,28620.0,2024-06-19
2024061904008736,UPPER,38,49,500.0,159.0,79500.0,2024-06-19
2024061904008735,UPPER,63,49,900.0,159.0,143100.0,2024-06-19
2024061904008734,UPPER,32,49,100.0,159.0,15900.0,2024-06-19
2024061904008733,UPPER,41,49,100.0,159.0,15900.0,2024-06-19
2024061904008732,UPPER,20,49,100.0,159.0,15900.0,2024-06-19
2024061904008731,UPPER,59,49,14.0,159.0,2226.0,2024-06-19
2024061903014223,MFIL,45,33,10.0,521.0,5210.0,2024-06-19
2024061903014222,MFIL,45,38,50.0,520.9,26045.0,2024-06-19
2024061901021105,PPL,11,62,127.0,455.3,57823.1,2024-06-19
2024061901021104,PPL,33,62,23.0,455.5,10476.5,2024-06-19
2024061901021103,PPL,62,62,15.0,455.6,6834.0,2024-06-19
2024061901021102,EHPL,45,91,10.0,549.0,5490.0,2024-06-19
2024061904008730,HEI,59,17,57.0,585.0,33345.0,2024-06-19
2024061904008729,HEI,57,17,100.0,585.0,58500.0,2024-06-19
2024061904008728,HEI,58,17,100.0,586.0,58600.0,2024-06-19
2024061904008727,HEI,39,17,13.0,586.0,7618.0,2024-06-19
2024061904008726,HEI,83,17,100.0,587.0,58700.0,2024-06-19
2024061904008725,HEI,58,17,100.0,589.0,58900.0,2024-06-19
2024061904008724,HEI,34,17,20.0,589.0,11780.0,2024-06-19
2024061904008723,HEI,13,17,500.0,590.0,295000.0,2024-06-19
2024061904008722,HEI,51,17,10.0,590.1,5901.0,2024-06-19
2024061903014221,NMLBBL,95,47,13.0,690.0,8970.0,2024-06-19
2024061903014220,FOWAD,34,32,10.0,1279.0,12790.0,2024-06-19
2024061901021101,HDL,58,21,30.0,1272.0,38160.0,2024-06-19
2024061901021100,DLBS,45,81,23.0,1255.0,28865.0,2024-06-19
2024061901021099,DLBS,1,81,50.0,1261.5,63075.0,2024-06-19
2024061901021098,DLBS,62,81,100.0,1263.0,126300.0,2024-06-19
2024061901021097,DLBS,42,81,13.0,1263.0,16419.0,2024-06-19
2024061901021096,DLBS,52,81,20.0,1264.0,25280.0,2024-06-19
2024061901021095,DLBS,50,81,10.0,1264.2,12642.0,2024-06-19
2024061901021094,DLBS,82,81,84.0,1264.2,106192.8,2024-06-19
2024061901021093,RAWA,21,19,50.0,555.1,27755.0,2024-06-19
2024061901021092,MKLB,58,19,100.0,1458.2,145820.0,2024-06-19
2024061904008721,SSHL,39,59,37.0,184.0,6808.0,2024-06-19
2024061904008720,SSHL,39,16,155.0,184.0,28520.0,2024-06-19
2024061904008719,SSHL,39,35,308.0,184.0,56672.0,2024-06-19
2024061904008718,RIDI,51,56,25.0,171.0,4275.0,2024-06-19
2024061901021091,MMKJL,39,42,10.0,469.9,4699.0,2024-06-19
2024061903014219,PROFL,52,17,62.0,390.4,24204.8,2024-06-19
2024061903014218,PROFL,44,17,180.0,390.4,70272.0,2024-06-19
2024061901021090,MKLB,58,26,1202.0,1458.2,1752756.4,2024-06-19
2024061901021089,MKLB,45,26,20.0,1458.3,29166.0,2024-06-19
2024061901021088,MKLB,36,26,200.0,1458.3,291660.0,2024-06-19
2024061901021087,MKLB,91,26,20.0,1458.3,29166.0,2024-06-19
2024061901021086,MKLB,3,26,10.0,1458.4,14584.0,2024-06-19
2024061901021085,MKLB,10,26,38.0,1458.4,55419.2,2024-06-19
2024061901021084,MKLB,11,26,10.0,1458.5,14585.0,2024-06-19
2024061904008717,SSHL,39,57,93.0,183.0,17019.0,2024-06-19
2024061904008716,SSHL,8,57,87.0,183.0,15921.0,2024-06-19
2024061904008715,SSHL,39,57,235.0,183.2,43052.0,2024-06-19
2024061904008714,SSHL,58,57,20.0,183.2,3664.0,2024-06-19
2024061904008713,SSHL,56,57,100.0,183.5,18350.0,2024-06-19
2024061904008712,SSHL,32,57,30.0,183.5,5505.0,2024-06-19
2024061904008711,SSHL,39,57,850.0,183.6,156060.0,2024-06-19
2024061904008710,SSHL,34,57,25.0,183.8,4595.0,2024-06-19
2024061901021083,IHL,47,43,50.0,427.0,21350.0,2024-06-19
2024061904008709,SGIC,32,46,10.0,531.5,5315.0,2024-06-19
2024061904008708,AHPC,56,34,454.0,156.0,70824.0,2024-06-19
2024061904008707,AHPC,56,34,186.0,156.0,29016.0,2024-06-19
2024061903014217,GFCL,6,51,60.0,521.0,31260.0,2024-06-19
2024061903014216,GFCL,6,33,40.0,521.0,20840.0,2024-06-19
2024061904008706,KPCL,13,42,33.0,451.0,14883.0,2024-06-19
2024061904008705,KPCL,19,42,50.0,451.0,22550.0,2024-06-19
2024061904008704,KPCL,25,42,90.0,451.1,40599.0,2024-06-19
2024061904008703,KPCL,58,42,107.0,451.7,48331.9,2024-06-19
2024061904008702,KPCL,67,42,30.0,451.9,13557.0,2024-06-19
2024061904008701,KPCL,41,42,100.0,452.0,45200.0,2024-06-19
2024061904008700,KPCL,77,42,90.0,452.5,40725.0,2024-06-19
2024061901021082,SHIVM,62,42,30.0,488.3,14649.0,2024-06-19
2024061901021081,SHIVM,25,42,50.0,488.3,24415.0,2024-06-19
2024061901021080,SHIVM,58,42,30.0,488.4,14652.0,2024-06-19
2024061903014215,FMDBL,51,57,100.0,668.0,66800.0,2024-06-19
2024061905003867,ENL,17,39,100.0,980.0,98000.0,2024-06-19
2024061904008699,SPDL,17,65,15.0,250.0,3750.0,2024-06-19
2024061904008698,SPDL,17,96,50.0,249.9,12495.0,2024-06-19
2024061901021079,MKLB,26,58,10.0,1460.0,14600.0,2024-06-19
2024061901021078,MKLB,26,43,200.0,1459.0,291800.0,2024-06-19
2024061901021077,MKLB,26,52,90.0,1459.0,131310.0,2024-06-19
2024061901021076,SHIVM,58,29,50.0,488.4,24420.0,2024-06-19
2024061901021075,SHIVM,76,29,100.0,488.4,48840.0,2024-06-19
2024061903014214,KSBBL,25,55,200.0,370.0,74000.0,2024-06-19
2024061901021074,SIKLES,35,42,190.0,605.0,114950.0,2024-06-19
2024061901021073,SIKLES,35,57,10.0,604.8,6048.0,2024-06-19
2024061901021072,SIKLES,35,37,500.0,604.0,302000.0,2024-06-19
2024061901021071,SIKLES,35,18,10.0,604.0,6040.0,2024-06-19
2024061901021070,SIKLES,35,1,10.0,604.0,6040.0,2024-06-19
2024061901021069,SIKLES,35,37,280.0,604.0,169120.0,2024-06-19
2024061905003866,HRL,18,28,10.0,550.6,5506.0,2024-06-19
2024061905003865,HRL,34,28,10.0,550.7,5507.0,2024-06-19
2024061904008697,UNHPL,66,57,100.0,241.0,24100.0,2024-06-19
2024061903014213,SADBL,43,65,10.0,313.9,3139.0,2024-06-19
2024061903014212,ALBSL,55,52,90.0,982.0,88380.0,2024-06-19
2024061901021068,NWCL,65,40,48.0,873.0,41904.0,2024-06-19
2024061903014211,NMBMF,44,55,35.0,710.0,24850.0,2024-06-19
2024061904008696,SPIL,36,84,10.0,791.0,7910.0,2024-06-19
2024061901021067,USHEC,5,11,10.0,459.8,4598.0,2024-06-19
2024061901021066,USHEC,5,34,10.0,458.0,4580.0,2024-06-19
2024061901021065,SPHL,49,50,10.0,543.5,5435.0,2024-06-19
2024061901021064,MKCL,28,34,10.0,1173.0,11730.0,2024-06-19
2024061903014210,GUFL,45,42,30.0,749.0,22470.0,2024-06-19
2024061903014209,GUFL,45,19,20.0,748.9,14978.0,2024-06-19
2024061903014208,PFL,41,38,314.0,605.0,189970.0,2024-06-19
2024061903014207,PFL,54,38,136.0,605.0,82280.0,2024-06-19
2024061903014206,PFL,32,38,50.0,606.0,30300.0,2024-06-19
2024061901021063,SAHAS,33,77,10.0,516.0,5160.0,2024-06-19
2024061901021062,SAHAS,33,52,10.0,516.0,5160.0,2024-06-19
2024061903014205,ICFC,75,42,100.0,525.0,52500.0,2024-06-19
2024061904008695,LEC,22,54,92.0,185.0,17020.0,2024-06-19
2024061904008694,LEC,22,45,308.0,185.0,56980.0,2024-06-19
2024061901021061,HDL,58,21,10.0,1272.0,12720.0,2024-06-19
2024061903014204,ICFC,75,7,299.0,525.0,156975.0,2024-06-19
2024061903014203,ICFC,39,7,200.0,525.1,105020.0,2024-06-19
2024061904008693,RHPL,6,41,40.0,271.1,10844.0,2024-06-19
2024061901021060,MKHC,17,43,30.0,327.0,9810.0,2024-06-19
2024061901021059,MKHC,17,57,170.0,327.0,55590.0,2024-06-19
2024061901021058,MKHL,16,49,10.0,453.0,4530.0,2024-06-19
2024061903014202,GMFIL,16,39,10.0,410.0,4100.0,2024-06-19
2024061903014201,GBLBS,33,49,10.0,779.0,7790.0,2024-06-19
2024061901021057,NIMB,57,58,50.0,156.0,7800.0,2024-06-19
2024061901021056,IHL,55,45,190.0,426.6,81054.0,2024-06-19
2024061901021055,IHL,58,45,90.0,426.7,38403.0,2024-06-19
2024061903014200,ACLBSL,51,38,20.0,970.0,19400.0,2024-06-19
2024061903014199,ACLBSL,38,38,20.0,970.0,19400.0,2024-06-19
2024061903014198,ACLBSL,67,38,50.0,970.0,48500.0,2024-06-19
2024061901021054,RAWA,21,6,70.0,555.1,38857.0,2024-06-19
2024061903014197,SJLIC,57,13,100.0,409.0,40900.0,2024-06-19
2024061904008692,HURJA,56,7,165.0,299.0,49335.0,2024-06-19
2024061904008691,HURJA,58,48,10.0,300.0,3000.0,2024-06-19
2024061901021053,VLUCL,39,38,50.0,510.0,25500.0,2024-06-19
2024061901021052,VLUCL,39,44,20.0,510.0,10200.0,2024-06-19
2024061901021051,MKLB,11,39,10.0,1458.5,14585.0,2024-06-19
2024061903014196,GMFIL,55,39,10.0,410.0,4100.0,2024-06-19
2024061904008690,MEN,35,45,20.0,606.0,12120.0,2024-06-19
2024061903014195,KMCDB,35,62,10.0,1077.0,10770.0,2024-06-19
2024061901021050,TVCL,41,8,27.0,468.5,12649.5,2024-06-19
2024061903014194,PFL,32,43,200.0,606.0,121200.0,2024-06-19
2024061901021049,SHLB,52,50,50.0,1850.0,92500.0,2024-06-19
2024061901021048,SPC,58,52,27.0,608.6,16432.2,2024-06-19
2024061901021047,SONA,19,48,10.0,445.5,4455.0,2024-06-19
2024061901021046,SONA,19,48,10.0,445.5,4455.0,2024-06-19
2024061901021045,SONA,58,48,20.0,445.7,8914.0,2024-06-19
2024061901021044,SONA,48,48,10.0,445.7,4457.0,2024-06-19
2024061903014193,MNBBL,14,57,98.0,344.0,33712.0,2024-06-19
2024061903014192,NMBMF,39,14,40.0,708.0,28320.0,2024-06-19
2024061901021043,EBL,36,25,10.0,528.9,5289.0,2024-06-19
2024061903014191,ALBSL,7,45,10.0,983.0,9830.0,2024-06-19
2024061901021042,MEL,58,58,10.0,227.0,2270.0,2024-06-19
2024061901021041,SPC,58,49,10.0,608.6,6086.0,2024-06-19
2024061901021040,SPC,58,40,123.0,596.7,73394.1,2024-06-19
2024061905003864,ENL,49,94,70.0,979.0,68530.0,2024-06-19
2024061901021039,MHL,26,41,100.0,502.0,50200.0,2024-06-19
2024061901021038,MHL,52,41,100.0,502.0,50200.0,2024-06-19
2024061904008689,NICL,72,39,179.0,832.3,148981.7,2024-06-19
2024061904008688,NICL,49,39,100.0,832.4,83240.0,2024-06-19
2024061901021037,MBJC,6,77,10.0,301.1,3011.0,2024-06-19
2024061903014190,MFIL,95,35,172.0,520.0,89440.0,2024-06-19
2024061901021036,SMHL,65,4,500.0,630.4,315200.0,2024-06-19
2024061903014189,USLB,96,59,72.0,1800.0,129600.0,2024-06-19
2024061903014188,USLB,96,43,100.0,1800.0,180000.0,2024-06-19
2024061903014187,USLB,96,59,100.0,1799.0,179900.0,2024-06-19
2024061903014186,USLB,96,59,100.0,1798.0,179800.0,2024-06-19
2024061903014185,USLB,96,51,78.0,1795.0,140010.0,2024-06-19
2024061903014184,JFL,39,45,460.0,549.0,252540.0,2024-06-19
2024061903014183,JFL,51,45,200.0,549.5,109900.0,2024-06-19
2024061903014182,JFL,52,45,40.0,550.0,22000.0,2024-06-19
2024061905003863,CHDC,39,50,100.0,1028.0,102800.0,2024-06-19
2024061901021035,NRM,33,32,160.0,392.0,62720.0,2024-06-19
2024061901021034,NRM,54,32,190.0,393.0,74670.0,2024-06-19
2024061901021033,ADBL,38,14,13.0,263.0,3419.0,2024-06-19
2024061901021032,ADBL,38,45,12.0,263.0,3156.0,2024-06-19
2024061901021031,MKLB,42,58,30.0,1460.0,43800.0,2024-06-19
2024061903014181,PROFL,44,42,30.0,390.4,11712.0,2024-06-19
2024061901021030,BNHC,28,58,22.0,660.0,14520.0,2024-06-19
2024061901021029,BNHC,28,58,78.0,660.0,51480.0,2024-06-19
2024061903014180,GUFL,58,42,10.0,749.0,7490.0,2024-06-19
2024061901021028,SMJC,41,84,285.0,398.5,113572.5,2024-06-19
2024061903014179,PFL,32,39,50.0,606.0,30300.0,2024-06-19
2024061903014178,JBBL,13,1,413.0,285.1,117746.3,2024-06-19
2024061903014177,JBBL,49,1,322.0,285.1,91802.2,2024-06-19
2024061904008687,MHNL,63,45,10.0,247.9,2479.0,2024-06-19
2024061903014176,LBBL,62,45,300.0,379.0,113700.0,2024-06-19
2024061903014175,MPFL,22,45,50.0,502.0,25100.0,2024-06-19
2024061903014174,MPFL,59,45,63.0,502.0,31626.0,2024-06-19
2024061903014173,MPFL,58,45,100.0,502.0,50200.0,2024-06-19
2024061903014172,GUFL,41,34,376.0,748.0,281248.0,2024-06-19
2024061903014171,GUFL,25,34,124.0,748.1,92764.4,2024-06-19
2024061901021027,USHL,20,87,10.0,547.0,5470.0,2024-06-19
2024061903014170,FOWAD,33,32,50.0,1266.1,63305.0,2024-06-19
2024061901021026,SANIMA,38,59,10.0,251.0,2510.0,2024-06-19
2024061905003862,CIT,42,48,25.0,2119.7,52992.5,2024-06-19
2024061903014169,GFCL,42,33,60.0,521.0,31260.0,2024-06-19
2024061903014168,GFCL,42,65,40.0,521.0,20840.0,2024-06-19
2024061904008686,NGPL,32,36,45.0,314.0,14130.0,2024-06-19
2024061904008685,NGPL,39,36,50.0,314.0,15700.0,2024-06-19
2024061904008684,NGPL,81,36,1000.0,314.0,314000.0,2024-06-19
2024061904008683,NGPL,21,36,55.0,314.0,17270.0,2024-06-19
2024061904008682,NGPL,21,36,500.0,314.2,157100.0,2024-06-19
2024061904008681,NGPL,4,36,100.0,314.3,31430.0,2024-06-19
2024061904008680,NGPL,49,36,50.0,314.5,15725.0,2024-06-19
2024061901021025,SGHC,53,38,10.0,333.0,3330.0,2024-06-19
2024061903014167,NLIC,32,41,90.0,599.2,53928.0,2024-06-19
2024061905003861,NRIC,52,17,50.0,633.0,31650.0,2024-06-19
2024061905003860,NRIC,41,17,162.0,633.0,102546.0,2024-06-19
2024061901021024,JALPA,16,42,10.0,1380.0,13800.0,2024-06-19
2024061901021023,JBLB,48,45,1.0,1330.0,1330.0,2024-06-19
2024061901021022,JBLB,48,43,11.0,1330.0,14630.0,2024-06-19
2024061901021021,JBLB,6,43,25.0,1330.0,33250.0,2024-06-19
2024061901021020,JBLB,17,43,12.0,1330.0,15960.0,2024-06-19
2024061903014166,GFCL,41,4,1464.0,520.6,762158.4,2024-06-19
2024061904008679,API,22,45,45.0,171.0,7695.0,2024-06-19
2024061904008678,API,44,45,55.0,171.0,9405.0,2024-06-19
2024061901021019,ILI,40,13,390.0,431.0,168090.0,2024-06-19
2024061901021018,ILI,40,42,10.0,431.0,4310.0,2024-06-19
2024061901021017,ILI,40,51,20.0,431.0,8620.0,2024-06-19
2024061901021016,ILI,40,59,10.0,431.0,4310.0,2024-06-19
2024061901021015,ILI,40,44,10.0,431.0,4310.0,2024-06-19
2024061901021014,ILI,40,56,10.0,430.0,4300.0,2024-06-19
2024061901021013,ILI,40,7,10.0,430.0,4300.0,2024-06-19
2024061901021012,ILI,40,45,10.0,430.0,4300.0,2024-06-19
2024061901021011,ILI,40,35,10.0,430.0,4300.0,2024-06-19
2024061901021010,ILI,40,57,10.0,430.0,4300.0,2024-06-19
2024061901021009,ILI,40,45,10.0,430.0,4300.0,2024-06-19
2024061901021008,ILI,40,38,10.0,429.8,4298.0,2024-06-19
2024061903014165,ALBSL,55,32,10.0,982.0,9820.0,2024-06-19
2024061903014164,KRBL,38,21,40.0,441.6,17664.0,2024-06-19
2024061903014163,PFL,32,42,40.0,606.0,24240.0,2024-06-19
2024061903014162,SKBBL,22,21,200.0,810.5,162100.0,2024-06-19
2024061903014161,PROFL,58,17,35.0,391.0,13685.0,2024-06-19
2024061901021007,PHCL,58,57,92.0,325.0,29900.0,2024-06-19
2024061903014160,VLBS,58,26,100.0,1028.0,102800.0,2024-06-19
2024061903014159,GFCL,41,29,2980.0,520.6,1551388.0,2024-06-19
2024061903014158,GFCL,62,29,10.0,520.6,5206.0,2024-06-19
2024061903014157,GFCL,62,29,10.0,520.9,5209.0,2024-06-19
2024061901021006,MANDU,67,5,38.0,1026.0,38988.0,2024-06-19
2024061901021005,MANDU,45,5,229.0,1026.3,235022.7,2024-06-19
2024061901021004,NRM,54,49,10.0,393.0,3930.0,2024-06-19
2024061905003859,NIFRA,49,55,22.0,192.0,4224.0,2024-06-19
2024061903014156,LBBL,62,17,100.0,379.0,37900.0,2024-06-19
2024061901021003,MKCL,71,34,30.0,1173.0,35190.0,2024-06-19
2024061901021002,MKCL,71,58,10.0,1172.9,11729.0,2024-06-19
2024061901021001,MKCL,71,38,10.0,1172.0,11720.0,2024-06-19
2024061903014155,SADBL,66,56,119.0,311.2,37032.8,2024-06-19
2024061903014154,SADBL,34,56,131.0,313.0,41003.0,2024-06-19
2024061901021000,PRVU,6,50,654.0,141.9,92802.6,2024-06-19
2024061901020999,PRVU,54,50,346.0,142.0,49132.0,2024-06-19
2024061903014153,JFL,58,1,86.0,553.9,47635.4,2024-06-19
2024061903014152,JFL,58,54,100.0,553.8,55380.0,2024-06-19
2024061905003858,NRN,77,39,225.0,634.0,142650.0,2024-06-19
2024061905003857,NRN,77,35,500.0,633.9,316950.0,2024-06-19
2024061905003856,NRN,77,32,200.0,633.8,126760.0,2024-06-19
2024061905003855,NRN,77,26,400.0,632.0,252800.0,2024-06-19
2024061905003854,NRN,77,57,20.0,632.0,12640.0,2024-06-19
2024061905003853,NRN,77,34,500.0,631.1,315550.0,2024-06-19
2024061905003852,NRN,77,21,85.0,631.0,53635.0,2024-06-19
2024061905003851,NRN,77,89,50.0,630.0,31500.0,2024-06-19
2024061905003850,NRN,77,43,20.0,630.0,12600.0,2024-06-19
2024061905003849,NIFRA,32,55,40.0,192.0,7680.0,2024-06-19
2024061903014151,SAPDBL,16,77,1000.0,350.0,350000.0,2024-06-19
2024061901020998,RNLI,49,49,10.0,426.3,4263.0,2024-06-19
2024061903014150,HLBSL,16,62,95.0,1281.0,121695.0,2024-06-19
2024061903014149,HLBSL,5,62,100.0,1281.0,128100.0,2024-06-19
2024061903014148,HLBSL,50,62,300.0,1282.0,384600.0,2024-06-19
2024061901020997,DOLTI,41,47,260.0,419.0,108940.0,2024-06-19
2024061903014147,GBBL,44,58,10.0,358.9,3589.0,2024-06-19
2024061903014146,JBBL,49,13,178.0,285.1,50747.8,2024-06-19
2024061903014145,JBBL,94,13,100.0,285.1,28510.0,2024-06-19
2024061903014144,JBBL,57,13,200.0,285.1,57020.0,2024-06-19
2024061903014143,JBBL,3,13,200.0,285.1,57020.0,2024-06-19
2024061903014142,JBBL,57,13,20.0,285.1,5702.0,2024-06-19
2024061903014141,JBBL,21,13,100.0,285.2,28520.0,2024-06-19
2024061903014140,JBBL,41,13,150.0,285.2,42780.0,2024-06-19
2024061903014139,JBBL,54,13,500.0,285.3,142650.0,2024-06-19
2024061903014138,JBBL,53,13,122.0,285.3,34806.6,2024-06-19
2024061903014137,JBBL,41,13,50.0,285.4,14270.0,2024-06-19
2024061905003848,STC,17,53,11.0,4630.0,50930.0,2024-06-19
2024061905003847,STC,1,53,10.0,4635.0,46350.0,2024-06-19
2024061901020996,MKLB,49,19,100.0,1459.0,145900.0,2024-06-19
2024061901020995,MEL,58,49,10.0,227.0,2270.0,2024-06-19
2024061901020994,MEL,58,41,10.0,227.0,2270.0,2024-06-19
2024061901020993,MEL,58,58,10.0,227.0,2270.0,2024-06-19
2024061901020992,MEL,58,22,10.0,227.0,2270.0,2024-06-19
2024061901020991,MEL,58,29,107.0,227.0,24289.0,2024-06-19
2024061901020990,NIMB,41,58,20.0,156.0,3120.0,2024-06-19
2024061901020989,NICA,49,78,10.0,405.4,4054.0,2024-06-19
2024061904008677,HEI,43,56,100.0,590.0,59000.0,2024-06-19
2024061901020988,HDL,57,21,40.0,1272.0,50880.0,2024-06-19
2024061901020987,BHPL,45,53,10.0,680.0,6800.0,2024-06-19
2024061903014136,SMB,91,49,20.0,1650.0,33000.0,2024-06-19
2024061904008676,NHPC,32,4,894.0,147.0,131418.0,2024-06-19
2024061901020986,NESDO,64,4,66.0,2109.0,139194.0,2024-06-19
2024061901020985,NESDO,64,41,10.0,2102.0,21020.0,2024-06-19
2024061901020984,NESDO,64,21,10.0,2100.0,21000.0,2024-06-19
2024061901020983,NESDO,64,45,10.0,2100.0,21000.0,2024-06-19
2024061901020982,NESDO,64,58,10.0,2100.0,21000.0,2024-06-19
2024061901020981,NESDO,64,4,10.0,2100.0,21000.0,2024-06-19
2024061901020980,NESDO,64,38,292.0,2099.9,613170.8,2024-06-19
2024061901020979,NESDO,64,94,92.0,2095.0,192740.0,2024-06-19
2024061904008675,JOSHI,38,45,10.0,301.9,3019.0,2024-06-19
2024061903014135,CFCL,45,6,10.0,432.0,4320.0,2024-06-19
2024061905003846,HRL,34,25,20.0,550.7,11014.0,2024-06-19
2024061905003845,NRN,7,25,68.0,629.0,42772.0,2024-06-19
2024061904008674,UAIL,1,58,50.0,562.5,28125.0,2024-06-19
2024061903014134,SDLBSL,41,95,10.0,1204.0,12040.0,2024-06-19
2024061903014133,SLBBL,55,88,90.0,816.0,73440.0,2024-06-19
2024061901020978,KDL,7,75,620.0,1182.0,732840.0,2024-06-19
2024061901020977,KDL,34,75,100.0,1182.1,118210.0,2024-06-19
2024061901020976,KDL,28,75,30.0,1182.2,35466.0,2024-06-19
2024061901020975,KDL,96,75,200.0,1183.0,236600.0,2024-06-19
2024061901020974,KDL,35,75,50.0,1183.1,59155.0,2024-06-19
2024061903014132,GLBSL,49,72,80.0,1822.0,145760.0,2024-06-19
2024061901020973,GVL,66,94,49.0,550.0,26950.0,2024-06-19
2024061901020972,GVL,66,4,120.0,550.0,66000.0,2024-06-19
2024061903014131,MFIL,95,6,100.0,520.0,52000.0,2024-06-19
2024061901020971,HDL,21,42,16.0,1271.9,20350.4,2024-06-19
2024061903014130,PFL,32,61,100.0,606.0,60600.0,2024-06-19
2024061901020970,ANLB,60,58,88.0,2575.0,226600.0,2024-06-19
2024061901020969,ANLB,60,49,10.0,2575.0,25750.0,2024-06-19
2024061901020968,ANLB,60,41,10.0,2575.0,25750.0,2024-06-19
2024061901020967,ANLB,60,51,10.0,2575.0,25750.0,2024-06-19
2024061901020966,ANLB,60,29,10.0,2570.0,25700.0,2024-06-19
2024061901020965,ANLB,60,55,22.0,2569.0,56518.0,2024-06-19
2024061901020964,PPL,57,7,10.0,456.0,4560.0,2024-06-19
2024061901020963,AVYAN,72,25,10.0,921.0,9210.0,2024-06-19
2024061901020962,UNLB,42,33,10.0,2045.0,20450.0,2024-06-19
2024061901020961,KBL,40,25,60.0,137.7,8262.0,2024-06-19
2024061901020960,KBL,8,25,10.0,137.7,1377.0,2024-06-19
2024061901020959,EHPL,13,65,200.0,549.8,109960.0,2024-06-19
2024061901020958,MBL,42,64,10.0,172.9,1729.0,2024-06-19
2024061903014129,ACLBSL,54,19,146.0,970.0,141620.0,2024-06-19
2024061901020957,NABIL,54,35,10.0,475.0,4750.0,2024-06-19
2024061901020956,MHCL,57,34,480.0,410.0,196800.0,2024-06-19
2024061904008673,NHPC,32,4,200.0,147.0,29400.0,2024-06-19
2024061903014128,PFL,32,28,30.0,606.6,18198.0,2024-06-19
2024061903014127,USLB,34,34,1.0,1760.1,1760.1,2024-06-19
2024061904008672,UMHL,22,42,1800.0,241.7,435060.0,2024-06-19
2024061903014126,PROFL,44,53,40.0,390.4,15616.0,2024-06-19
2024061901020955,TVCL,41,56,10.0,468.5,4685.0,2024-06-19
2024061901020954,MEL,16,29,393.0,227.0,89211.0,2024-06-19
2024061901020953,MEL,16,38,107.0,226.9,24278.3,2024-06-19
2024061905003844,NRIC,28,46,25.0,634.0,15850.0,2024-06-19
2024061904008671,UNHPL,66,45,500.0,241.0,120500.0,2024-06-19
2024061901020952,USHL,20,54,10.0,545.0,5450.0,2024-06-19
2024061905003843,NIFRA,32,38,20.0,192.0,3840.0,2024-06-19
2024061905003842,NIFRA,19,38,100.0,192.1,19210.0,2024-06-19
2024061901020951,SARBTM,29,6,40.0,788.0,31520.0,2024-06-19
2024061903014125,GFCL,6,65,100.0,521.0,52100.0,2024-06-19
2024061904008670,UNHPL,13,48,100.0,241.2,24120.0,2024-06-19
2024061901020950,RBCLPO,58,51,10.0,10331.0,103310.0,2024-06-19
2024061901020949,BGWT,39,47,10.0,987.0,9870.0,2024-06-19
2024061903014124,GILB,7,55,45.0,1468.0,66060.0,2024-06-19
2024061901020948,BEDC,14,3,243.0,405.0,98415.0,2024-06-19
2024061901020947,MKCL,60,58,70.0,1170.0,81900.0,2024-06-19
2024061901020946,MKCL,60,32,20.0,1170.0,23400.0,2024-06-19
2024061901020945,NRM,33,39,200.0,392.0,78400.0,2024-06-19
2024061901020944,NRM,33,65,250.0,391.5,97875.0,2024-06-19
2024061901020943,TPC,14,62,10.0,522.2,5222.0,2024-06-19
2024061901020942,DLBS,82,81,16.0,1264.2,20227.2,2024-06-19
2024061901020941,DLBS,38,81,40.0,1264.3,50572.0,2024-06-19
2024061901020940,DLBS,6,81,100.0,1265.0,126500.0,2024-06-19
2024061901020939,DLBS,57,81,25.0,1265.0,31625.0,2024-06-19
2024061901020938,DLBS,55,81,30.0,1265.1,37953.0,2024-06-19
2024061901020937,DLBS,62,81,78.0,1265.1,98677.8,2024-06-19
2024061901020936,DLBS,11,81,11.0,1265.1,13916.1,2024-06-19
2024061904008669,MEN,44,45,20.0,606.0,12120.0,2024-06-19
2024061901020935,JALPA,58,25,24.0,1375.0,33000.0,2024-06-19
2024061904008668,SHEL,58,34,47.0,160.0,7520.0,2024-06-19
2024061904008667,SHEL,35,34,23.0,160.1,3682.3,2024-06-19
2024061901020934,MHL,58,49,20.0,504.0,10080.0,2024-06-19
2024061901020933,NYADI,16,44,10.0,304.0,3040.0,2024-06-19
2024061901020932,SPC,49,40,20.0,596.7,11934.0,2024-06-19
2024061901020931,BHPL,49,35,11.0,670.0,7370.0,2024-06-19
2024061901020930,BHPL,40,35,124.0,670.0,83080.0,2024-06-19
2024061901020929,BHPL,16,35,15.0,671.0,10065.0,2024-06-19
2024061901020928,MKLB,3,58,10.0,1460.0,14600.0,2024-06-19
2024061901020927,MSHL,42,45,105.0,655.0,68775.0,2024-06-19
2024061901020926,MSHL,19,45,100.0,655.0,65500.0,2024-06-19
2024061901020925,MSHL,14,45,25.0,655.0,16375.0,2024-06-19
2024061901020924,MSHL,39,45,170.0,655.1,111367.0,2024-06-19
2024061901020923,MSHL,71,45,100.0,655.2,65520.0,2024-06-19
2024061904008666,GHL,38,57,10.0,152.0,1520.0,2024-06-19
2024061903014123,GBLBS,33,10,115.0,779.0,89585.0,2024-06-19
2024061901020922,NRM,42,65,420.0,391.5,164430.0,2024-06-19
2024061901020921,UHEWA,65,65,150.0,477.2,71580.0,2024-06-19
2024061901020920,SHLB,42,51,10.0,1850.0,18500.0,2024-06-19
2024061904008665,DHPL,58,42,50.0,214.0,10700.0,2024-06-19
2024061903014122,JFL,16,41,478.0,549.6,262708.8,2024-06-19
2024061903014121,JFL,17,41,100.0,550.0,55000.0,2024-06-19
2024061903014120,JFL,47,41,50.0,550.0,27500.0,2024-06-19
2024061903014119,JFL,42,41,110.0,550.0,60500.0,2024-06-19
2024061903014118,JFL,6,41,240.0,550.0,132000.0,2024-06-19
2024061903014117,JFL,16,41,22.0,550.0,12100.0,2024-06-19
2024061901020919,PHCL,41,57,10.0,325.0,3250.0,2024-06-19
2024061901020918,SRLI,54,88,10.0,433.1,4331.0,2024-06-19
2024061903014116,HLBSL,17,62,50.0,1282.0,64100.0,2024-06-19
2024061903014115,HLBSL,58,62,30.0,1285.0,38550.0,2024-06-19
2024061903014114,HLBSL,62,62,100.0,1285.0,128500.0,2024-06-19
2024061903014113,HLBSL,22,62,50.0,1285.0,64250.0,2024-06-19
2024061903014112,HLBSL,42,62,20.0,1285.0,25700.0,2024-06-19
2024061903014111,HLBSL,57,62,200.0,1286.4,257280.0,2024-06-19
2024061903014110,HLBSL,91,62,50.0,1296.0,64800.0,2024-06-19
2024061901020917,ILI,49,62,10.0,429.0,4290.0,2024-06-19
2024061905003841,HRL,34,47,20.0,550.7,11014.0,2024-06-19
2024061904008664,NHDL,16,45,220.0,522.0,114840.0,2024-06-19
2024061904008663,NHDL,37,45,250.0,522.0,130500.0,2024-06-19
2024061904008662,NHDL,38,45,30.0,522.4,15672.0,2024-06-19
2024061903014109,GBLBS,38,10,10.0,779.0,7790.0,2024-06-19
2024061903014108,RLFL,25,25,185.0,404.0,74740.0,2024-06-19
2024061903014107,RLFL,58,25,15.0,404.0,6060.0,2024-06-19
2024061903014106,MLBBL,47,21,10.0,1385.0,13850.0,2024-06-19
2024061903014105,NMBMF,22,55,15.0,710.0,10650.0,2024-06-19
2024061903014104,NMBMF,22,52,50.0,710.0,35500.0,2024-06-19
2024061901020916,MKLB,47,19,100.0,1459.1,145910.0,2024-06-19
2024061904008661,GLH,34,48,10.0,220.9,2209.0,2024-06-19
2024061901020915,ADBL,41,45,10.0,263.0,2630.0,2024-06-19
2024061903014103,PROFL,51,17,258.0,391.0,100878.0,2024-06-19
2024061904008660,BARUN,58,8,150.0,309.0,46350.0,2024-06-19
2024061904008659,BARUN,58,34,100.0,309.0,30900.0,2024-06-19
2024061904008658,BARUN,58,38,250.0,308.9,77225.0,2024-06-19
2024061904008657,BARUN,58,17,400.0,308.9,123560.0,2024-06-19
2024061904008656,BARUN,58,19,100.0,308.9,30890.0,2024-06-19
2024061901020914,SHIVM,28,17,177.0,488.5,86464.5,2024-06-19
2024061903014102,SIFC,6,47,20.0,433.2,8664.0,2024-06-19
2024061903014101,SAPDBL,52,77,300.0,350.0,105000.0,2024-06-19
2024061904008655,AKPL,50,7,1002.0,164.0,164328.0,2024-06-19
2024061901020913,SMJC,41,59,120.0,398.5,47820.0,2024-06-19
2024061901020912,SMJC,42,59,80.0,398.7,31896.0,2024-06-19
2024061901020911,MCHL,85,48,290.0,419.0,121510.0,2024-06-19
2024061901020910,MCHL,58,48,370.0,419.0,155030.0,2024-06-19
2024061901020909,MCHL,29,48,40.0,419.0,16760.0,2024-06-19
2024061901020908,MCHL,45,48,100.0,419.1,41910.0,2024-06-19
2024061901020907,PRVU,33,38,10.0,142.6,1426.0,2024-06-19
2024061905003840,SMATA,21,38,75.0,1027.0,77025.0,2024-06-19
2024061905003839,SMATA,21,53,25.0,1026.0,25650.0,2024-06-19
2024061903014100,WNLB,5,49,23.0,1570.0,36110.0,2024-06-19
2024061903014099,WNLB,5,34,66.0,1570.0,103620.0,2024-06-19
2024061903014098,WNLB,5,42,11.0,1569.9,17268.9,2024-06-19
2024061901020906,SNLI,55,45,60.0,470.0,28200.0,2024-06-19
2024061901020905,SNLI,55,77,50.0,470.0,23500.0,2024-06-19
2024061904008654,API,11,58,10.0,171.8,1718.0,2024-06-19
2024061901020904,SMH,28,34,20.0,814.0,16280.0,2024-06-19
2024061901020903,SMH,28,34,80.0,813.0,65040.0,2024-06-19
2024061901020902,UHEWA,65,49,50.0,477.2,23860.0,2024-06-19
2024061903014097,MLBL,49,49,101.0,322.5,32572.5,2024-06-19
2024061901020901,CLI,47,49,10.0,482.0,4820.0,2024-06-19
2024061901020900,MEHL,47,41,35.0,349.8,12243.0,2024-06-19
2024061901020899,MEHL,47,26,500.0,349.0,174500.0,2024-06-19
2024061901020898,MEHL,47,63,200.0,349.0,69800.0,2024-06-19
2024061901020897,MEHL,47,3,600.0,349.0,209400.0,2024-06-19
2024061901020896,MEHL,47,38,10.0,349.0,3490.0,2024-06-19
2024061901020895,MEHL,47,28,100.0,348.0,34800.0,2024-06-19
2024061901020894,MEHL,47,57,55.0,347.0,19085.0,2024-06-19
2024061903014096,PMLI,26,46,10.0,498.2,4982.0,2024-06-19
2024061903014095,PROFL,51,32,143.0,391.0,55913.0,2024-06-19
2024061901020893,USHL,51,22,15.0,544.2,8163.0,2024-06-19
2024061901020892,IHL,58,42,10.0,426.7,4267.0,2024-06-19
2024061903014094,MNBBL,13,34,391.0,343.5,134308.5,2024-06-19
2024061903014093,MNBBL,58,34,50.0,343.5,17175.0,2024-06-19
2024061903014092,MNBBL,1,34,10.0,343.5,3435.0,2024-06-19
2024061903014091,MNBBL,35,34,30.0,343.6,10308.0,2024-06-19
2024061903014090,MNBBL,41,34,59.0,344.0,20296.0,2024-06-19
2024061903014089,MNBBL,55,34,235.0,344.0,80840.0,2024-06-19
2024061904008653,RIDI,51,56,500.0,171.0,85500.0,2024-06-19
2024061903014088,GFCL,26,65,190.0,521.0,98990.0,2024-06-19
2024061904008652,AHPC,29,34,114.0,156.0,17784.0,2024-06-19
2024061904008651,AHPC,29,34,844.0,156.0,131664.0,2024-06-19
2024061904008650,AHPC,29,47,349.0,155.9,54409.1,2024-06-19
2024061903014087,NFS,41,49,100.0,724.2,72420.0,2024-06-19
2024061901020891,MMKJL,35,42,10.0,465.5,4655.0,2024-06-19
2024061904008649,BPCL,6,53,223.0,293.0,65339.0,2024-06-19
2024061904008648,BPCL,6,6,66.0,293.0,19338.0,2024-06-19
2024061904008647,UPPER,1,25,400.0,159.1,63640.0,2024-06-19
2024061904008646,NLG,56,38,13.0,747.0,9711.0,2024-06-19
2024061901020890,NABIL,28,55,200.0,472.0,94400.0,2024-06-19
2024061904008645,UMRH,49,74,339.0,414.6,140549.4,2024-06-19
2024061904008644,UMRH,64,74,261.0,414.6,108210.6,2024-06-19
2024061903014086,PFL,32,62,100.0,606.0,60600.0,2024-06-19
2024061903014085,DDBL,33,35,58.0,799.1,46347.8,2024-06-19
2024061903014084,DDBL,17,35,30.0,799.2,23976.0,2024-06-19
2024061903014083,DDBL,17,35,100.0,799.2,79920.0,2024-06-19
2024061904008643,UMHL,22,45,200.0,241.7,48340.0,2024-06-19
2024061901020889,IHL,45,45,120.0,427.1,51252.0,2024-06-19
2024061904008642,SGIC,42,3,108.0,533.4,57607.2,2024-06-19
2024061904008641,SGIC,42,45,28.0,533.3,14932.4,2024-06-19
2024061901020888,TSHL,54,34,50.0,521.3,26065.0,2024-06-19
2024061901020887,HDL,51,21,50.0,1272.0,63600.0,2024-06-19
2024061903014082,SFCL,62,41,80.0,415.1,33208.0,2024-06-19
2024061903014081,SFCL,47,41,200.0,415.1,83020.0,2024-06-19
2024061903014080,SFCL,45,41,20.0,416.0,8320.0,2024-06-19
2024061901020886,MEL,58,38,80.0,226.9,18152.0,2024-06-19
2024061901020885,MEL,58,47,200.0,226.8,45360.0,2024-06-19
2024061901020884,MEL,58,25,100.0,226.7,22670.0,2024-06-19
2024061901020883,MEL,58,32,10.0,226.0,2260.0,2024-06-19
2024061901020882,MEL,58,25,200.0,226.0,45200.0,2024-06-19
2024061901020881,MEL,58,45,10.0,226.0,2260.0,2024-06-19
2024061903014079,MFIL,95,41,200.0,520.0,104000.0,2024-06-19
2024061903014078,MFIL,95,35,1000.0,520.0,520000.0,2024-06-19
2024061903014077,MFIL,95,43,20.0,519.9,10398.0,2024-06-19
2024061903014076,MFIL,95,14,40.0,519.9,20796.0,2024-06-19
2024061905003838,HRL,18,35,10.0,550.6,5506.0,2024-06-19
2024061901020880,KBL,8,48,300.0,137.7,41310.0,2024-06-19
2024061903014075,CFCL,45,17,25.0,432.0,10800.0,2024-06-19
2024061901020879,RNLI,49,57,11.0,426.3,4689.3,2024-06-19
2024061901020878,SPC,58,40,57.0,596.7,34011.9,2024-06-19
2024061904008640,RADHI,17,7,1000.0,267.6,267600.0,2024-06-19
2024061901020877,PHCL,21,42,10.0,324.0,3240.0,2024-06-19
2024061901020876,MLBS,58,91,10.0,1338.9,13389.0,2024-06-19
2024061903014074,JFL,29,1,50.0,553.9,27695.0,2024-06-19
2024061903014073,JBBL,28,45,40.0,286.0,11440.0,2024-06-19
2024061903014072,HLBSL,62,50,20.0,1299.9,25998.0,2024-06-19
2024061903014071,HLBSL,62,56,80.0,1297.0,103760.0,2024-06-19
2024061901020875,BHPL,35,53,60.0,680.0,40800.0,2024-06-19
2024061901020874,BHPL,35,56,40.0,675.0,27000.0,2024-06-19
2024061905003837,HIDCL,54,43,41.0,162.0,6642.0,2024-06-19
2024061905003836,NTC,42,50,60.0,821.3,49278.0,2024-06-19
2024061905003835,NTC,13,50,30.0,821.5,24645.0,2024-06-19
2024061905003834,NTC,55,50,20.0,821.5,16430.0,2024-06-19
2024061905003833,NTC,40,50,304.0,821.6,249766.4,2024-06-19
2024061905003832,NTC,35,50,50.0,821.6,41080.0,2024-06-19
2024061905003831,NTC,42,50,26.0,822.0,21372.0,2024-06-19
2024061905003830,NTC,57,50,10.0,822.1,8221.0,2024-06-19
2024061901020873,CITY,11,45,30.0,702.0,21060.0,2024-06-19
2024061901020872,SMJC,32,38,90.0,398.9,35901.0,2024-06-19
2024061901020871,GVL,36,44,100.0,549.0,54900.0,2024-06-19
2024061905003829,HIDCL,54,49,60.0,163.0,9780.0,2024-06-19
2024061903014070,GUFL,34,42,30.0,750.0,22500.0,2024-06-19
2024061905003828,NRN,7,41,22.0,629.0,13838.0,2024-06-19
2024061905003827,NRN,58,41,103.0,629.0,64787.0,2024-06-19
2024061901020870,SPC,58,49,10.0,596.7,5967.0,2024-06-19
2024061901020869,SPC,58,58,33.0,585.0,19305.0,2024-06-19
2024061901020868,ICFCD83,38,58,95.0,1225.0,116375.0,2024-06-19
2024061901020867,USHL,51,62,130.0,544.2,70746.0,2024-06-19
2024061903014069,JBBL,47,45,623.0,286.0,178178.0,2024-06-19
2024061903014068,JBBL,47,14,722.0,286.0,206492.0,2024-06-19
2024061901020866,BNHC,28,71,200.0,660.0,132000.0,2024-06-19
2024061903014067,GUFL,25,91,64.0,748.1,47878.4,2024-06-19
2024061903014066,GUFL,52,91,200.0,748.1,149620.0,2024-06-19
2024061903014065,GUFL,51,91,186.0,749.0,139314.0,2024-06-19
2024061903014064,GUFL,49,91,50.0,749.1,37455.0,2024-06-19
2024061901020865,EHPL,45,91,115.0,549.0,63135.0,2024-06-19
2024061901020864,EHPL,62,91,90.0,549.5,49455.0,2024-06-19
2024061903014063,BFC,45,22,10.0,460.0,4600.0,2024-06-19
2024061904008639,HURJA,58,7,500.0,298.3,149150.0,2024-06-19
2024061905003826,NRN,58,21,400.0,629.0,251600.0,2024-06-19
2024061903014062,PROFL,51,16,99.0,391.0,38709.0,2024-06-19
2024061901020863,CYCL,77,83,10.0,1486.0,14860.0,2024-06-19
2024061905003825,HRL,18,1,10.0,550.6,5506.0,2024-06-19
2024061903014061,PMLI,58,41,30.0,499.0,14970.0,2024-06-19
2024061903014060,PMLI,58,51,20.0,498.9,9978.0,2024-06-19
2024061903014059,PMLI,58,17,10.0,498.5,4985.0,2024-06-19
2024061903014058,GILB,7,62,10.0,1468.0,14680.0,2024-06-19
2024061901020862,KBL,8,62,129.0,137.7,17763.3,2024-06-19
2024061901020861,KBL,54,62,48.0,137.7,6609.6,2024-06-19
2024061901020860,MKLB,62,58,50.0,1460.0,73000.0,2024-06-19
2024061901020859,MKJC,38,35,140.0,551.0,77140.0,2024-06-19
2024061901020858,NRM,25,48,40.0,391.6,15664.0,2024-06-19
2024061903014057,SMB,62,49,50.0,1650.1,82505.0,2024-06-19
2024061903014056,SMB,36,49,10.0,1652.6,16526.0,2024-06-19
2024061903014055,SMB,94,49,15.0,1652.6,24789.0,2024-06-19
2024061901020857,USHL,51,45,50.0,544.2,27210.0,2024-06-19
2024061903014054,RLFL,57,16,15.0,404.9,6073.5,2024-06-19
2024061903014053,CFCL,36,17,10.0,432.0,4320.0,2024-06-19
2024061901020856,KBL,36,46,10.0,137.8,1378.0,2024-06-19
2024061904008638,AHPC,51,47,20.0,155.9,3118.0,2024-06-19
2024061904008637,AHPC,51,33,180.0,155.9,28062.0,2024-06-19
2024061901020855,BNHC,28,34,350.0,660.0,231000.0,2024-06-19
2024061901020854,BNHC,34,34,100.0,661.0,66100.0,2024-06-19
2024061901020853,LSL,34,91,30.0,154.0,4620.0,2024-06-19
2024061901020852,GBIME,58,8,20.0,178.7,3574.0,2024-06-19
2024061905003824,HRL,18,49,50.0,550.6,27530.0,2024-06-19
2024061903014052,MSLB,36,66,10.0,1343.1,13431.0,2024-06-19
2024061903014051,MSLB,22,66,20.0,1344.0,26880.0,2024-06-19
2024061903014050,MSLB,48,66,10.0,1345.0,13450.0,2024-06-19
2024061903014049,MSLB,55,66,10.0,1345.1,13451.0,2024-06-19
2024061903014048,MSLB,19,66,50.0,1346.0,67300.0,2024-06-19
2024061901020851,PRVU,33,42,41.0,142.5,5842.5,2024-06-19
2024061901020850,MHL,16,57,450.0,504.9,227205.0,2024-06-19
2024061904008636,SSHL,42,35,12.0,184.0,2208.0,2024-06-19
2024061904008635,SSHL,42,49,23.0,184.0,4232.0,2024-06-19
2024061901020849,SGHC,62,34,61.0,329.0,20069.0,2024-06-19
2024061901020848,SGHC,47,34,40.0,329.0,13160.0,2024-06-19
2024061901020847,SGHC,41,34,99.0,329.0,32571.0,2024-06-19
2024061901020846,SGHC,25,34,100.0,329.1,32910.0,2024-06-19
2024061903014047,SADBL,34,4,169.0,313.0,52897.0,2024-06-19
2024061903014046,JFL,35,1,114.0,553.9,63144.6,2024-06-19
2024061903014045,JFL,35,40,36.0,553.0,19908.0,2024-06-19
2024061905003823,CHDC,91,33,40.0,1030.0,41200.0,2024-06-19
2024061905003822,CHDC,91,34,170.0,1029.9,175083.0,2024-06-19
2024061904008634,LEC,59,45,1033.0,185.0,191105.0,2024-06-19
2024061904008633,LEC,59,58,467.0,185.0,86395.0,2024-06-19
2024061903014044,CBBL,45,7,50.0,843.0,42150.0,2024-06-19
2024061904008632,MEN,58,45,100.0,606.0,60600.0,2024-06-19
2024061904008631,MEN,81,45,200.0,606.0,121200.0,2024-06-19
2024061901020845,HHL,49,42,100.0,370.0,37000.0,2024-06-19
2024061905003821,NRIC,41,49,44.0,633.0,27852.0,2024-06-19
2024061903014043,MFIL,6,14,60.0,519.9,31194.0,2024-06-19
2024061903014042,MFIL,6,6,40.0,519.8,20792.0,2024-06-19
2024061903014041,SWMF,38,34,90.0,875.0,78750.0,2024-06-19
2024061903014040,SWMF,22,34,10.0,875.1,8751.0,2024-06-19
2024061904008630,UAIL,1,58,199.0,562.5,111937.5,2024-06-19
2024061903014039,GILB,7,58,335.0,1468.0,491780.0,2024-06-19
2024061903014038,GILB,41,58,20.0,1468.0,29360.0,2024-06-19
2024061903014037,GILB,41,58,80.0,1468.0,117440.0,2024-06-19
2024061903014036,GILB,42,58,25.0,1468.1,36702.5,2024-06-19
2024061903014035,GILB,21,58,40.0,1473.0,58920.0,2024-06-19
2024061903014034,RLFL,58,32,50.0,404.0,20200.0,2024-06-19
2024061901020844,MHL,16,32,50.0,504.9,25245.0,2024-06-19
2024061904008629,KPCL,67,34,193.0,457.0,88201.0,2024-06-19
2024061901020843,MANDU,45,38,10.0,1026.3,10263.0,2024-06-19
2024061903014033,NLIC,32,21,10.0,599.2,5992.0,2024-06-19
2024061905003820,HIDCL,22,49,10.0,163.0,1630.0,2024-06-19
2024061903014032,PROFL,53,16,58.0,391.0,22678.0,2024-06-19
2024061903014031,PROFL,53,25,42.0,391.0,16422.0,2024-06-19
2024061901020842,CLI,47,36,10.0,482.0,4820.0,2024-06-19
2024061904008628,PMHPL,52,11,124.0,241.0,29884.0,2024-06-19
2024061904008627,PMHPL,52,43,100.0,239.0,23900.0,2024-06-19
2024061904008626,PMHPL,52,17,276.0,238.6,65853.6,2024-06-19
2024061903014030,HLBSL,39,56,120.0,1297.0,155640.0,2024-06-19
2024061901020841,SARBTM,38,81,37.0,789.0,29193.0,2024-06-19
2024061901020840,SARBTM,38,58,13.0,789.0,10257.0,2024-06-19
2024061901020839,SARBTM,38,56,130.0,788.0,102440.0,2024-06-19
2024061901020838,SARBTM,38,61,20.0,787.0,15740.0,2024-06-19
2024061904008625,SGIC,41,1,32.0,531.0,16992.0,2024-06-19
2024061904008624,SGIC,20,1,100.0,531.1,53110.0,2024-06-19
2024061904008623,SGIC,58,1,100.0,532.0,53200.0,2024-06-19
2024061904008622,SGIC,20,1,100.0,532.0,53200.0,2024-06-19
2024061904008621,SGIC,20,1,28.0,532.0,14896.0,2024-06-19
2024061904008620,SGIC,20,1,20.0,532.1,10642.0,2024-06-19
2024061901020837,MHL,16,56,100.0,504.9,50490.0,2024-06-19
2024061901020836,PRVU,33,1,10.0,142.2,1422.0,2024-06-19
2024061904008619,NICL,10,39,10.0,835.5,8355.0,2024-06-19
2024061904008618,NHPC,7,4,304.0,147.0,44688.0,2024-06-19
2024061904008617,NHPC,7,32,10.0,147.0,1470.0,2024-06-19
2024061904008616,NHPC,7,50,500.0,147.0,73500.0,2024-06-19
2024061904008615,NHPC,7,53,186.0,147.0,27342.0,2024-06-19
2024061901020835,CYCL,57,77,89.0,1481.0,131809.0,2024-06-19
2024061901020834,CYCL,34,77,41.0,1481.1,60725.1,2024-06-19
2024061905003819,CHDC,28,34,40.0,1029.9,41196.0,2024-06-19
2024061901020833,NRM,42,34,80.0,391.5,31320.0,2024-06-19
2024061901020832,NRM,5,34,150.0,391.6,58740.0,2024-06-19
2024061901020831,BHPL,35,56,20.0,675.0,13500.0,2024-06-19
2024061901020830,ANLB,60,55,178.0,2569.0,457282.0,2024-06-19
2024061901020829,ANLB,60,33,10.0,2569.0,25690.0,2024-06-19
2024061901020828,ANLB,60,26,50.0,2567.9,128395.0,2024-06-19
2024061901020827,ANLB,60,14,20.0,2565.0,51300.0,2024-06-19
2024061901020826,ANLB,60,10,100.0,2565.0,256500.0,2024-06-19
2024061901020825,ANLB,60,26,31.0,2561.0,79391.0,2024-06-19
2024061901020824,ANLB,60,33,10.0,2550.0,25500.0,2024-06-19
2024061901020823,ANLB,60,41,10.0,2550.0,25500.0,2024-06-19
2024061901020822,ANLB,60,14,100.0,2549.0,254900.0,2024-06-19
2024061901020821,ANLB,60,49,10.0,2544.9,25449.0,2024-06-19
2024061901020820,ANLB,60,49,10.0,2544.9,25449.0,2024-06-19
2024061901020819,ANLB,60,19,50.0,2544.9,127245.0,2024-06-19
2024061901020818,ANLB,60,17,10.0,2544.9,25449.0,2024-06-19
2024061901020817,ANLB,60,49,10.0,2544.9,25449.0,2024-06-19
2024061901020816,ANLB,60,57,10.0,2544.5,25445.0,2024-06-19
2024061901020815,ANLB,60,38,100.0,2544.1,254410.0,2024-06-19
2024061901020814,ANLB,60,6,41.0,2544.0,104304.0,2024-06-19
2024061901020813,ANLB,60,57,20.0,2544.0,50880.0,2024-06-19
2024061901020812,ANLB,60,58,20.0,2544.0,50880.0,2024-06-19
2024061901020811,ANLB,60,22,10.0,2544.0,25440.0,2024-06-19
2024061901020810,MKHL,14,49,10.0,450.0,4500.0,2024-06-19
2024061904008614,MEN,17,34,35.0,607.0,21245.0,2024-06-19
2024061901020809,HHL,5,42,10.0,370.0,3700.0,2024-06-19
2024061901020808,BNHC,28,41,750.0,660.0,495000.0,2024-06-19
2024061904008613,SHEL,35,35,10.0,160.1,1601.0,2024-06-19
2024061903014029,GBBL,41,58,40.0,359.0,14360.0,2024-06-19
2024061901020807,NMB,57,48,490.0,191.6,93884.0,2024-06-19
2024061901020806,NMB,7,48,10.0,193.0,1930.0,2024-06-19
2024061901020805,BHPL,58,56,20.0,675.0,13500.0,2024-06-19
2024061901020804,TVCL,26,56,90.0,468.5,42165.0,2024-06-19
2024061901020803,ILI,49,38,10.0,429.0,4290.0,2024-06-19
2024061903014028,MERO,22,19,132.0,685.7,90512.4,2024-06-19
2024061901020802,TSHL,33,34,50.0,521.4,26070.0,2024-06-19
2024061901020801,MEHL,38,48,400.0,345.5,138200.0,2024-06-19
2024061901020800,BNHC,28,49,150.0,660.0,99000.0,2024-06-19
2024061901020799,KBSH,49,38,200.0,1536.0,307200.0,2024-06-19
2024061901020798,KBSH,49,17,100.0,1529.0,152900.0,2024-06-19
2024061901020797,KBSH,49,54,100.0,1520.0,152000.0,2024-06-19
2024061901020796,MEHL,38,57,300.0,345.5,103650.0,2024-06-19
2024061901020795,MEHL,38,36,260.0,345.0,89700.0,2024-06-19
2024061905003818,SLCF,11,22,200.0,8.06,1612.0,2024-06-19
2024061903014027,RSDC,42,47,10.0,672.2,6722.0,2024-06-19
2024061903014026,FMDBL,49,34,20.0,667.0,13340.0,2024-06-19
2024061903014025,MLBBL,58,33,30.0,1399.8,41994.0,2024-06-19
2024061901020794,MANDU,45,58,60.0,1026.3,61578.0,2024-06-19
2024061904008612,AHPC,43,10,72.0,155.8,11217.6,2024-06-19
2024061901020793,USHEC,49,38,50.0,459.8,22990.0,2024-06-19
2024061904008611,UNHPL,37,58,300.0,242.0,72600.0,2024-06-19
2024061905003817,NRN,77,21,415.0,630.0,261450.0,2024-06-19
2024061901020792,CITY,11,62,40.0,702.0,28080.0,2024-06-19
2024061901020791,GVL,48,4,200.0,550.0,110000.0,2024-06-19
2024061901020790,GVL,66,4,110.0,551.0,60610.0,2024-06-19
2024061901020789,GVL,66,4,70.0,551.0,38570.0,2024-06-19
2024061901020788,MKCL,39,13,10.0,1165.0,11650.0,2024-06-19
2024061901020787,MKCL,45,13,90.0,1165.1,104859.0,2024-06-19
2024061901020786,HDL,38,21,30.0,1272.0,38160.0,2024-06-19
2024061903014024,HLI,42,41,200.0,380.9,76180.0,2024-06-19
2024061903014023,GUFL,49,26,200.0,749.1,149820.0,2024-06-19
2024061901020785,EHPL,62,54,10.0,549.0,5490.0,2024-06-19
2024061901020784,ILI,49,52,10.0,429.0,4290.0,2024-06-19
2024061903014022,NICLBSL,34,21,103.0,649.8,66929.4,2024-06-19
2024061903014021,NICLBSL,34,6,10.0,649.0,6490.0,2024-06-19
2024061903014020,NICLBSL,34,34,50.0,648.9,32445.0,2024-06-19
2024061903014019,NICLBSL,34,58,10.0,645.0,6450.0,2024-06-19
2024061903014018,NICLBSL,34,50,10.0,645.0,6450.0,2024-06-19
2024061903014017,NICLBSL,34,57,532.0,644.0,342608.0,2024-06-19
2024061905003816,NTC,58,41,100.0,823.0,82300.0,2024-06-19
2024061905003815,HRL,18,58,10.0,550.6,5506.0,2024-06-19
2024061903014016,ICFC,20,42,18.0,526.5,9477.0,2024-06-19
2024061901020783,MKJC,29,43,200.0,551.1,110220.0,2024-06-19
2024061904008610,API,32,17,34.0,171.0,5814.0,2024-06-19
2024061903014015,NICLBSL,33,57,100.0,644.0,64400.0,2024-06-19
2024061901020782,NBL,45,49,150.0,209.5,31425.0,2024-06-19
2024061901020781,MHCL,57,34,250.0,410.0,102500.0,2024-06-19
2024061903014014,GUFL,7,42,93.0,750.0,69750.0,2024-06-19
2024061903014013,CBBL,21,7,24.0,843.0,20232.0,2024-06-19
2024061901020780,SBI,5,43,15.0,292.9,4393.5,2024-06-19
2024061901020779,ULHC,62,36,10.0,397.0,3970.0,2024-06-19
2024061905003814,CHDC,35,34,140.0,1029.9,144186.0,2024-06-19
2024061905003813,CHDC,35,18,90.0,1029.9,92691.0,2024-06-19
2024061905003812,CHDC,35,8,30.0,1029.0,30870.0,2024-06-19
2024061901020778,CYCL,56,83,25.0,1486.0,37150.0,2024-06-19
2024061904008609,SPIL,36,42,10.0,791.0,7910.0,2024-06-19
2024061901020777,SNLI,65,42,10.0,469.0,4690.0,2024-06-19
2024061904008608,KPCL,77,42,110.0,452.5,49775.0,2024-06-19
2024061904008607,KPCL,8,42,200.0,453.0,90600.0,2024-06-19
2024061904008606,KPCL,64,42,20.0,453.0,9060.0,2024-06-19
2024061904008605,KPCL,13,42,100.0,453.0,45300.0,2024-06-19
2024061904008604,KPCL,88,42,70.0,453.2,31724.0,2024-06-19
2024061903014012,MDB,39,72,200.0,486.0,97200.0,2024-06-19
2024061901020776,NICA,4,17,29.0,403.0,11687.0,2024-06-19
2024061901020775,NICA,21,17,50.0,403.0,20150.0,2024-06-19
2024061901020774,NICA,49,17,300.0,403.0,120900.0,2024-06-19
2024061901020773,NICA,16,17,350.0,403.5,141225.0,2024-06-19
2024061901020772,NICA,51,17,100.0,404.0,40400.0,2024-06-19
2024061901020771,NICA,22,17,501.0,404.0,202404.0,2024-06-19
2024061901020770,NICA,16,17,10.0,404.0,4040.0,2024-06-19
2024061901020769,NICA,42,17,20.0,404.0,8080.0,2024-06-19
2024061901020768,NICA,14,17,100.0,404.0,40400.0,2024-06-19
2024061901020767,NICA,34,17,40.0,404.0,16160.0,2024-06-19
2024061901020766,NICA,52,17,100.0,404.0,40400.0,2024-06-19
2024061901020765,NICA,40,17,200.0,404.0,80800.0,2024-06-19
2024061901020764,MANDU,45,35,10.0,1026.3,10263.0,2024-06-19
2024061901020763,HDL,25,21,10.0,1272.0,12720.0,2024-06-19
2024061903014011,SINDU,45,41,10.0,387.0,3870.0,2024-06-19
2024061903014010,PROFL,36,25,700.0,391.0,273700.0,2024-06-19
2024061903014009,HLBSL,42,58,12.0,1300.0,15600.0,2024-06-19
2024061901020762,SHLB,42,10,10.0,1850.0,18500.0,2024-06-19
2024061901020761,SHLB,42,25,20.0,1850.0,37000.0,2024-06-19
2024061901020760,SHLB,42,49,10.0,1849.9,18499.0,2024-06-19
2024061903014008,NLIC,17,38,30.0,600.9,18027.0,2024-06-19
2024061903014007,PROFL,8,63,50.0,390.2,19510.0,2024-06-19
2024061901020759,HDL,21,34,20.0,1271.9,25438.0,2024-06-19
2024061901020758,NICA,18,78,10.0,405.4,4054.0,2024-06-19
2024061901020757,AHL,18,38,10.0,508.0,5080.0,2024-06-19
2024061901020756,ANLB,38,49,10.0,2544.0,25440.0,2024-06-19
2024061901020755,ANLB,38,38,10.0,2540.0,25400.0,2024-06-19
2024061901020754,ANLB,38,42,10.0,2539.8,25398.0,2024-06-19
2024061901020753,ANLB,38,29,149.0,2539.8,378430.2,2024-06-19
2024061901020752,ANLB,38,58,10.0,2539.2,25392.0,2024-06-19
2024061901020751,ANLB,38,25,20.0,2539.0,50780.0,2024-06-19
2024061901020750,ANLB,38,52,50.0,2538.0,126900.0,2024-06-19
2024061901020749,ANLB,38,29,18.0,2535.0,45630.0,2024-06-19
2024061901020748,ANLB,38,42,30.0,2535.0,76050.0,2024-06-19
2024061901020747,ANLB,38,49,10.0,2534.0,25340.0,2024-06-19
2024061901020746,ANLB,38,8,26.0,2530.0,65780.0,2024-06-19
2024061901020745,ANLB,38,58,10.0,2529.0,25290.0,2024-06-19
2024061901020744,ANLB,38,51,10.0,2525.0,25250.0,2024-06-19
2024061901020743,ANLB,38,42,95.0,2525.0,239875.0,2024-06-19
2024061901020742,ANLB,38,17,10.0,2524.0,25240.0,2024-06-19
2024061901020741,ANLB,38,49,100.0,2523.0,252300.0,2024-06-19
2024061901020740,ANLB,38,14,70.0,2522.9,176603.0,2024-06-19
2024061901020739,ANLB,38,51,10.0,2520.0,25200.0,2024-06-19
2024061901020738,MKCL,71,32,20.0,1170.0,23400.0,2024-06-19
2024061901020737,MKCL,71,38,10.0,1170.0,11700.0,2024-06-19
2024061901020736,MKCL,71,29,10.0,1170.0,11700.0,2024-06-19
2024061901020735,CKHL,16,25,160.0,599.0,95840.0,2024-06-19
2024061901020734,CKHL,16,49,340.0,598.0,203320.0,2024-06-19
2024061901020733,MKLB,60,58,10.0,1460.0,14600.0,2024-06-19
2024061901020732,MKHL,14,58,10.0,450.0,4500.0,2024-06-19
2024061901020731,LSL,56,91,20.0,154.0,3080.0,2024-06-19
2024061904008603,PRIN,67,61,390.0,775.0,302250.0,2024-06-19
2024061904008602,PRIN,67,49,500.0,774.0,387000.0,2024-06-19
2024061904008601,PRIN,67,65,110.0,774.0,85140.0,2024-06-19
2024061903014006,NFS,41,6,10.0,724.2,7242.0,2024-06-19
2024061904008600,SHEL,58,57,493.0,160.0,78880.0,2024-06-19
2024061904008599,SHEL,14,57,40.0,160.1,6404.0,2024-06-19
2024061904008598,SHEL,58,57,17.0,160.1,2721.7,2024-06-19
2024061905003811,SAEF,69,57,1000.0,9.99,9990.0,2024-06-19
2024061901020730,GVL,66,19,30.0,551.0,16530.0,2024-06-19
2024061904008597,MEN,81,1,300.0,606.0,181800.0,2024-06-19
2024061901020729,SARBTM,4,62,10.0,786.0,7860.0,2024-06-19
2024061901020728,SARBTM,39,62,490.0,786.0,385140.0,2024-06-19
2024061901020727,NBL,35,34,470.0,209.0,98230.0,2024-06-19
2024061901020726,NBL,58,34,30.0,209.1,6273.0,2024-06-19
2024061904008596,API,43,93,55.0,170.9,9399.5,2024-06-19
2024061904008595,API,44,93,55.0,170.9,9399.5,2024-06-19
2024061903014005,NADEP,81,45,330.0,835.0,275550.0,2024-06-19
2024061904008594,UMHL,50,45,75.0,242.0,18150.0,2024-06-19
2024061903014004,SLBBL,49,34,26.0,815.4,21200.4,2024-06-19
2024061903014003,MFIL,48,6,10.0,519.8,5198.0,2024-06-19
2024061905003810,HRL,51,45,20.0,550.5,11010.0,2024-06-19
2024061901020725,SMJC,32,44,110.0,398.9,43879.0,2024-06-19
2024061904008593,HDHPC,38,53,280.0,129.4,36232.0,2024-06-19
2024061901020724,SHIVM,47,17,111.0,488.5,54223.5,2024-06-19
2024061901020723,PPL,58,42,20.0,457.0,9140.0,2024-06-19
2024061901020722,MEL,58,57,10.0,225.0,2250.0,2024-06-19
2024061901020721,RNLI,49,7,11.0,426.3,4689.3,2024-06-19
2024061903014002,SIFC,41,29,30.0,433.1,12993.0,2024-06-19
2024061903014001,SIFC,34,29,40.0,433.2,17328.0,2024-06-19
2024061903014000,SIFC,58,29,100.0,434.0,43400.0,2024-06-19
2024061903013999,SIFC,59,29,100.0,434.0,43400.0,2024-06-19
2024061903013998,SIFC,28,29,50.0,434.0,21700.0,2024-06-19
2024061903013997,SIFC,81,29,500.0,434.1,217050.0,2024-06-19
2024061903013996,SIFC,57,29,250.0,434.1,108525.0,2024-06-19
2024061903013995,SIFC,28,29,56.0,434.3,24320.8,2024-06-19
2024061903013994,SIFC,48,29,160.0,434.4,69504.0,2024-06-19
2024061903013993,SIFC,22,29,100.0,435.0,43500.0,2024-06-19
2024061903013992,SIFC,49,29,14.0,435.0,6090.0,2024-06-19
2024061903013991,SIFC,32,29,300.0,435.2,130560.0,2024-06-19
2024061903013990,SIFC,4,29,200.0,435.3,87060.0,2024-06-19
2024061904008592,PMHPL,1,17,224.0,238.6,53446.4,2024-06-19
2024061904008591,PMHPL,1,49,150.0,238.0,35700.0,2024-06-19
2024061904008590,PMHPL,1,26,426.0,237.0,100962.0,2024-06-19
2024061905003809,HRL,51,35,10.0,550.5,5505.0,2024-06-19
2024061901020720,HDL,50,21,10.0,1272.0,12720.0,2024-06-19
2024061901020719,PCBL,25,50,170.0,196.5,33405.0,2024-06-19
2024061901020718,PCBL,28,50,230.0,196.5,45195.0,2024-06-19
2024061901020717,PCBL,52,50,100.0,196.6,19660.0,2024-06-19
2024061901020716,NIMB,8,58,20.0,156.0,3120.0,2024-06-19
2024061901020715,NRM,48,39,100.0,392.0,39200.0,2024-06-19
2024061905003808,SMATA,34,34,1.0,1005.1,1005.1,2024-06-19
2024061901020714,SMH,34,34,10.0,813.0,8130.0,2024-06-19
2024061905003807,HRL,51,43,20.0,550.5,11010.0,2024-06-19
2024061905003806,NRN,77,58,250.0,630.0,157500.0,2024-06-19
2024061903013989,PROFL,14,25,10.0,391.0,3910.0,2024-06-19
2024061901020713,MHCL,57,58,10.0,409.9,4099.0,2024-06-19
2024061901020712,BNHC,28,51,1940.0,660.0,1280400.0,2024-06-19
2024061901020711,BNHC,7,51,60.0,660.2,39612.0,2024-06-19
2024061903013988,SIFC,54,34,60.0,435.5,26130.0,2024-06-19
2024061901020710,MKHL,14,52,65.0,450.0,29250.0,2024-06-19
2024061901020709,MKHL,58,52,15.0,450.0,6750.0,2024-06-19
2024061901020708,CKHL,49,69,100.0,595.0,59500.0,2024-06-19
2024061901020707,BHPL,16,35,30.0,671.0,20130.0,2024-06-19
2024061903013987,SDLBSL,43,21,7.0,1172.1,8204.7,2024-06-19
2024061905003805,STC,45,52,14.0,4645.0,65030.0,2024-06-19
2024061904008589,BPCL,6,38,300.0,292.1,87630.0,2024-06-19
2024061905003804,NRN,77,57,335.0,630.0,211050.0,2024-06-19
2024061901020706,DORDI,28,42,10.0,417.0,4170.0,2024-06-19
2024061901020705,ANLB,41,11,10.0,2510.0,25100.0,2024-06-19
2024061903013986,BFC,41,22,100.0,460.0,46000.0,2024-06-19
2024061904008588,HEI,44,4,50.0,590.0,29500.0,2024-06-19
2024061904008587,HEI,58,4,100.0,590.0,59000.0,2024-06-19
2024061904008586,HEI,54,4,200.0,590.0,118000.0,2024-06-19
2024061904008585,HEI,58,4,150.0,590.0,88500.0,2024-06-19
2024061904008584,HEI,48,4,100.0,590.0,59000.0,2024-06-19
2024061904008583,HEI,58,4,100.0,590.1,59010.0,2024-06-19
2024061904008582,HEI,34,4,50.0,590.1,29505.0,2024-06-19
2024061901020704,ILI,49,3,150.0,429.0,64350.0,2024-06-19
2024061901020703,GBIME,35,59,20.0,179.0,3580.0,2024-06-19
2024061903013985,PFL,32,34,190.0,606.0,115140.0,2024-06-19
2024061903013984,PFL,32,10,20.0,606.0,12120.0,2024-06-19
2024061901020702,SPC,25,58,92.0,585.0,53820.0,2024-06-19
2024061901020701,SPC,25,67,500.0,585.0,292500.0,2024-06-19
2024061901020700,SPC,25,42,200.0,585.0,117000.0,2024-06-19
2024061901020699,SPC,25,45,10.0,585.0,5850.0,2024-06-19
2024061901020698,SPC,25,34,10.0,585.0,5850.0,2024-06-19
2024061901020697,SPC,25,59,10.0,584.0,5840.0,2024-06-19
2024061901020696,SPC,25,34,100.0,584.0,58400.0,2024-06-19
2024061901020695,SPC,25,58,10.0,580.0,5800.0,2024-06-19
2024061901020694,SPC,25,49,110.0,579.5,63745.0,2024-06-19
2024061901020693,SPC,25,58,100.0,576.0,57600.0,2024-06-19
2024061901020692,SPC,25,67,500.0,574.7,287350.0,2024-06-19
2024061901020691,SPC,25,32,10.0,574.0,5740.0,2024-06-19
2024061901020690,SPC,25,59,20.0,574.0,11480.0,2024-06-19
2024061901020689,SPC,25,28,400.0,573.3,229320.0,2024-06-19
2024061901020688,SPC,25,45,120.0,572.0,68640.0,2024-06-19
2024061901020687,SPC,25,58,10.0,570.0,5700.0,2024-06-19
2024061901020686,SPC,25,46,10.0,570.0,5700.0,2024-06-19
2024061901020685,SPC,25,32,10.0,570.0,5700.0,2024-06-19
2024061901020684,SPC,25,58,40.0,569.0,22760.0,2024-06-19
2024061901020683,SPC,25,38,200.0,568.0,113600.0,2024-06-19
2024061901020682,SPC,25,57,38.0,564.1,21435.8,2024-06-19
2024061904008581,SHPC,45,74,1000.0,320.1,320100.0,2024-06-19
2024061903013983,GBLBS,38,58,10.0,772.0,7720.0,2024-06-19
2024061903013982,ALBSL,33,38,100.0,980.0,98000.0,2024-06-19
2024061904008580,BARUN,56,19,60.0,308.1,18486.0,2024-06-19
2024061901020681,UHEWA,50,88,10.0,477.1,4771.0,2024-06-19
2024061903013981,ICFC,75,41,38.0,525.0,19950.0,2024-06-19
2024061903013980,ICFC,13,41,12.0,525.0,6300.0,2024-06-19
2024061901020680,NRM,5,34,50.0,391.6,19580.0,2024-06-19
2024061901020679,NRM,38,34,50.0,391.7,19585.0,2024-06-19
2024061903013979,GUFL,56,42,10.0,750.0,7500.0,2024-06-19
2024061901020678,AHL,34,18,203.0,505.0,102515.0,2024-06-19
2024061901020677,AHL,34,18,200.0,506.0,101200.0,2024-06-19
2024061901020676,CKHL,36,45,100.0,597.0,59700.0,2024-06-19
2024061903013978,PFL,54,38,330.0,605.0,199650.0,2024-06-19
2024061903013977,PFL,29,38,90.0,605.2,54468.0,2024-06-19
2024061903013976,PFL,44,38,80.0,605.3,48424.0,2024-06-19
2024061901020675,MLBS,48,88,100.0,1326.0,132600.0,2024-06-19
2024061901020674,KBL,41,25,10.0,137.9,1379.0,2024-06-19
2024061901020673,KBL,41,44,250.0,137.9,34475.0,2024-06-19
2024061903013975,NUBL,1,47,40.0,667.0,26680.0,2024-06-19
2024061903013974,NUBL,51,47,60.0,667.0,40020.0,2024-06-19
2024061903013973,NUBL,55,47,200.0,667.1,133420.0,2024-06-19
2024061903013972,NUBL,28,47,200.0,667.2,133440.0,2024-06-19
2024061901020672,HATHY,5,48,50.0,895.1,44755.0,2024-06-19
2024061901020671,HATHY,25,48,50.0,895.4,44770.0,2024-06-19
2024061901020670,NBL,43,49,35.0,209.5,7332.5,2024-06-19
2024061901020669,RNLI,41,58,1.0,417.7,417.7,2024-06-19
2024061901020668,HHL,34,57,45.0,368.6,16587.0,2024-06-19
2024061901020667,ILI,49,36,680.0,429.0,291720.0,2024-06-19
2024061901020666,SMH,52,61,110.0,810.0,89100.0,2024-06-19
2024061901020665,MEHL,38,36,1280.0,345.0,441600.0,2024-06-19
2024061901020664,MEHL,38,45,10.0,344.0,3440.0,2024-06-19
2024061901020663,MEHL,38,22,10.0,343.9,3439.0,2024-06-19
2024061901020662,SMJC,32,42,160.0,398.9,63824.0,2024-06-19
2024061901020661,BEDC,37,42,50.0,405.0,20250.0,2024-06-19
2024061901020660,TVCL,26,51,10.0,468.5,4685.0,2024-06-19
2024061904008579,SSHL,17,49,170.0,184.0,31280.0,2024-06-19
2024061904008578,SSHL,17,49,100.0,184.0,18400.0,2024-06-19
2024061904008577,AHPC,48,17,100.0,155.7,15570.0,2024-06-19
2024061903013971,JBBL,48,14,278.0,286.0,79508.0,2024-06-19
2024061903013970,JBBL,48,17,22.0,286.0,6292.0,2024-06-19
2024061903013969,PROFL,8,34,110.0,390.2,42922.0,2024-06-19
2024061903013968,NABBC,55,67,85.0,547.1,46503.5,2024-06-19
2024061903013967,NABBC,67,67,90.0,547.9,49311.0,2024-06-19
2024061901020659,UHEWA,50,58,10.0,477.1,4771.0,2024-06-19
2024061904008576,NIL,42,45,60.0,793.0,47580.0,2024-06-19
2024061904008575,AHPC,26,10,28.0,155.8,4362.4,2024-06-19
2024061901020658,VLUCL,39,44,100.0,510.0,51000.0,2024-06-19
2024061901020657,BGWT,39,65,10.0,987.0,9870.0,2024-06-19
2024061904008574,SHEL,58,41,28.0,160.1,4482.8,2024-06-19
2024061904008573,SHEL,74,41,300.0,160.2,48060.0,2024-06-19
2024061904008572,NGPL,38,52,30.0,315.0,9450.0,2024-06-19
