transaction,symbol,buyer,seller,quantity,rate,amount,date
2025011603020795,JFL,44,25,45.0,560.0,25200.0,2025-01-16
2025011603020794,JFL,44,11,50.0,560.0,28000.0,2025-01-16
2025011601024880,RHGCL,8,52,10.0,626.0,6260.0,2025-01-16
2025011604012919,NLG,55,14,100.0,1031.0,103100.0,2025-01-16
2025011604012918,SHPC,14,17,10.0,460.0,4600.0,2025-01-16
2025011604012917,KKHC,47,49,30.0,390.0,11700.0,2025-01-16
2025011605011952,NRIC,42,90,50.0,784.7,39235.0,2025-01-16
2025011601024879,RHGCL,52,52,10.0,626.0,6260.0,2025-01-16
2025011605011951,HATHY,50,59,350.0,1322.2,462770.0,2025-01-16
2025011605011950,MEL,58,32,51.0,348.1,17753.1,2025-01-16
2025011601024878,MHCL,58,95,150.0,559.3,83895.0,2025-01-16
2025011601024877,MHCL,58,36,200.0,559.0,111800.0,2025-01-16
2025011601024876,MHCL,58,90,10.0,558.6,5586.0,2025-01-16
2025011601024875,MHCL,58,58,100.0,558.0,55800.0,2025-01-16
2025011601024874,MHCL,58,38,10.0,558.0,5580.0,2025-01-16
2025011601024873,MHCL,58,32,10.0,557.0,5570.0,2025-01-16
2025011601024872,MHCL,58,58,10.0,556.0,5560.0,2025-01-16
2025011601024871,MHCL,58,58,10.0,555.0,5550.0,2025-01-16
2025011601024870,MHCL,58,42,355.0,555.0,197025.0,2025-01-16
2025011601024869,MHCL,58,32,235.0,555.0,130425.0,2025-01-16
2025011601024868,MHCL,58,45,400.0,555.0,222000.0,2025-01-16
2025011601024867,MHCL,58,22,50.0,554.0,27700.0,2025-01-16
2025011601024866,MHCL,58,90,10.0,554.0,5540.0,2025-01-16
2025011601024865,MHCL,58,49,100.0,554.0,55400.0,2025-01-16
2025011601024864,MHCL,58,21,100.0,553.0,55300.0,2025-01-16
2025011601024863,SPC,58,16,10.0,538.8,5388.0,2025-01-16
2025011603020793,SLBBL,58,38,15.0,900.0,13500.0,2025-01-16
2025011601024862,NABIL,45,58,60.0,489.1,29346.0,2025-01-16
2025011603020792,SHINE,22,48,10.0,411.9,4119.0,2025-01-16
2025011601024861,GBIME,28,22,850.0,217.5,184875.0,2025-01-16
2025011601024860,DORDI,60,66,100.0,600.0,60000.0,2025-01-16
2025011601024859,BNHC,16,39,100.0,515.1,51510.0,2025-01-16
2025011601024858,BNHC,60,39,100.0,515.2,51520.0,2025-01-16
2025011603020791,MNBBL,8,32,103.0,370.5,38161.5,2025-01-16
2025011603020790,SAPDBL,32,59,10.0,1175.0,11750.0,2025-01-16
2025011601024857,KBL,66,41,10.0,205.9,2059.0,2025-01-16
2025011603020789,GRDBL,32,28,50.0,1184.0,59200.0,2025-01-16
2025011601024856,DOLTI,29,6,121.0,786.3,95142.3,2025-01-16
2025011601024855,DOLTI,56,6,110.0,786.4,86504.0,2025-01-16
2025011601024854,DOLTI,38,6,134.0,788.0,105592.0,2025-01-16
2025011601024853,SARBTM,62,49,375.0,744.0,279000.0,2025-01-16
2025011604012916,KKHC,65,26,36.0,386.4,13910.4,2025-01-16
2025011604012915,KKHC,42,26,1000.0,386.4,386400.0,2025-01-16
2025011604012914,KKHC,52,26,200.0,386.4,77280.0,2025-01-16
2025011604012913,KKHC,57,26,250.0,386.4,96600.0,2025-01-16
2025011604012912,KKHC,53,26,10.0,387.0,3870.0,2025-01-16
2025011604012911,KKHC,26,26,100.0,387.0,38700.0,2025-01-16
2025011604012910,KKHC,17,26,500.0,387.0,193500.0,2025-01-16
2025011604012909,KKHC,49,26,387.0,387.0,149769.0,2025-01-16
2025011604012908,KKHC,13,26,50.0,387.0,19350.0,2025-01-16
2025011601024852,SBL,50,45,110.0,290.0,31900.0,2025-01-16
2025011605011949,NRIC,7,50,130.0,784.8,102024.0,2025-01-16
2025011601024851,RFPL,92,51,30.0,1318.0,39540.0,2025-01-16
2025011605011948,HDL,38,94,10.0,1142.0,11420.0,2025-01-16
2025011605011947,NRN,38,82,10.0,1171.0,11710.0,2025-01-16
2025011603020788,HLI,66,13,465.0,445.3,207064.5,2025-01-16
2025011603020787,HLI,62,13,1000.0,445.5,445500.0,2025-01-16
2025011603020786,HLI,29,13,35.0,445.5,15592.5,2025-01-16
2025011603020785,JFL,38,11,20.0,560.0,11200.0,2025-01-16
2025011603020784,JFL,38,57,30.0,560.0,16800.0,2025-01-16
2025011601024850,USHEC,38,49,200.0,692.9,138580.0,2025-01-16
2025011601024849,EHPL,56,61,10.0,787.8,7878.0,2025-01-16
2025011601024848,BHPL,92,29,40.0,1066.0,42640.0,2025-01-16
2025011601024847,BHPL,57,29,60.0,1067.0,64020.0,2025-01-16
2025011603020783,SAPDBL,88,59,67.0,1175.0,78725.0,2025-01-16
2025011603020782,SAPDBL,88,49,133.0,1174.9,156261.7,2025-01-16
2025011603020781,GUFL,32,33,314.0,620.4,194805.6,2025-01-16
2025011603020780,GUFL,6,33,500.0,620.5,310250.0,2025-01-16
2025011603020779,GUFL,49,33,50.0,620.5,31025.0,2025-01-16
2025011603020778,GUFL,94,33,180.0,620.5,111690.0,2025-01-16
2025011603020777,GUFL,28,33,50.0,620.5,31025.0,2025-01-16
2025011603020776,GUFL,56,33,75.0,620.6,46545.0,2025-01-16
2025011603020775,GUFL,50,33,27.0,620.6,16756.2,2025-01-16
2025011603020774,GUFL,32,33,104.0,620.6,64542.4,2025-01-16
2025011603020773,GUFL,44,33,200.0,621.0,124200.0,2025-01-16
2025011603020772,GUFL,77,33,500.0,621.1,310550.0,2025-01-16
2025011603020771,NABBC,20,45,422.0,1195.0,504290.0,2025-01-16
2025011603020770,NABBC,20,92,40.0,1194.9,47796.0,2025-01-16
2025011603020769,NABBC,20,29,112.0,1194.3,133761.6,2025-01-16
2025011603020768,NABBC,20,34,20.0,1194.0,23880.0,2025-01-16
2025011603020767,NABBC,20,6,160.0,1194.0,191040.0,2025-01-16
2025011603020766,NABBC,20,91,200.0,1194.0,238800.0,2025-01-16
2025011603020765,NABBC,20,57,100.0,1194.0,119400.0,2025-01-16
2025011603020764,NABBC,20,16,100.0,1193.4,119340.0,2025-01-16
2025011603020763,NABBC,20,38,50.0,1193.0,59650.0,2025-01-16
2025011603020762,NABBC,20,69,500.0,1191.0,595500.0,2025-01-16
2025011603020761,NABBC,20,58,25.0,1190.0,29750.0,2025-01-16
2025011603020760,NABBC,20,92,70.0,1189.9,83293.0,2025-01-16
2025011603020759,NABBC,20,92,25.0,1189.9,29747.5,2025-01-16
2025011603020758,NABBC,20,58,15.0,1189.0,17835.0,2025-01-16
2025011603020757,NABBC,20,40,10.0,1183.2,11832.0,2025-01-16
2025011603020756,NABBC,20,34,100.0,1183.0,118300.0,2025-01-16
2025011603020755,NABBC,20,49,50.0,1183.0,59150.0,2025-01-16
2025011603020754,NABBC,20,71,90.0,1182.0,106380.0,2025-01-16
2025011603020753,NABBC,20,21,30.0,1181.1,35433.0,2025-01-16
2025011603020752,NABBC,20,16,100.0,1181.0,118100.0,2025-01-16
2025011603020751,NABBC,20,7,100.0,1181.0,118100.0,2025-01-16
2025011603020750,NABBC,20,49,100.0,1180.1,118010.0,2025-01-16
2025011603020749,NABBC,20,74,50.0,1180.0,59000.0,2025-01-16
2025011603020748,NABBC,20,48,20.0,1180.0,23600.0,2025-01-16
2025011603020747,NABBC,20,3,300.0,1180.0,354000.0,2025-01-16
2025011603020746,NABBC,20,4,282.0,1180.0,332760.0,2025-01-16
2025011603020745,NABBC,20,3,500.0,1180.0,590000.0,2025-01-16
2025011603020744,NABBC,20,42,100.0,1180.0,118000.0,2025-01-16
2025011603020743,NABBC,20,16,100.0,1180.0,118000.0,2025-01-16
2025011603020742,NABBC,20,69,500.0,1179.0,589500.0,2025-01-16
2025011603020741,NABBC,20,25,229.0,1178.9,269968.1,2025-01-16
2025011605011946,MEL,53,32,170.0,348.1,59177.0,2025-01-16
2025011601024846,MMKJL,25,78,10.0,697.9,6979.0,2025-01-16
2025011604012907,NHDL,25,40,10.0,907.6,9076.0,2025-01-16
2025011601024845,EHPL,71,61,10.0,787.8,7878.0,2025-01-16
2025011604012906,AKPL,17,46,549.0,230.0,126270.0,2025-01-16
2025011604012905,AKPL,17,49,10.0,230.0,2300.0,2025-01-16
2025011604012904,AKPL,17,38,120.0,230.0,27600.0,2025-01-16
2025011604012903,AKPL,17,26,1000.0,229.9,229900.0,2025-01-16
2025011604012902,AKPL,17,13,30.0,229.0,6870.0,2025-01-16
2025011604012901,AKPL,17,4,51.0,229.0,11679.0,2025-01-16
2025011604012900,AKPL,17,39,40.0,229.0,9160.0,2025-01-16
2025011604012899,KKHC,17,49,500.0,390.0,195000.0,2025-01-16
2025011601024844,SIGS3,64,20,100.0,9.75,975.0,2025-01-16
2025011601024843,DOLTI,38,64,50.0,788.0,39400.0,2025-01-16
2025011603020740,NABBC,77,25,11.0,1178.9,12967.9,2025-01-16
2025011601024842,SMHL,65,39,1706.0,1640.0,2797840.0,2025-01-16
2025011601024841,SMHL,65,58,10.0,1635.0,16350.0,2025-01-16
2025011601024840,SMHL,65,62,200.0,1624.0,324800.0,2025-01-16
2025011601024839,SMHL,65,58,10.0,1623.9,16239.0,2025-01-16
2025011601024838,SMHL,65,5,90.0,1623.9,146151.0,2025-01-16
2025011601024837,SMHL,65,63,10.0,1623.3,16233.0,2025-01-16
2025011601024836,SMHL,65,42,10.0,1623.0,16230.0,2025-01-16
2025011601024835,SMHL,65,65,100.0,1623.0,162300.0,2025-01-16
2025011601024834,SMHL,65,57,50.0,1620.0,81000.0,2025-01-16
2025011601024833,SMHL,65,5,10.0,1590.8,15908.0,2025-01-16
2025011601024832,SMHL,65,45,10.0,1570.8,15708.0,2025-01-16
2025011601024831,SMHL,65,4,10.0,1570.6,15706.0,2025-01-16
2025011601024830,SMHL,65,57,30.0,1570.0,47100.0,2025-01-16
2025011601024829,SMHL,65,65,30.0,1570.0,47100.0,2025-01-16
2025011601024828,SMHL,65,42,30.0,1570.0,47100.0,2025-01-16
2025011601024827,SMHL,65,62,100.0,1570.0,157000.0,2025-01-16
2025011601024826,SMHL,65,17,10.0,1564.6,15646.0,2025-01-16
2025011601024825,SMHL,65,80,10.0,1561.6,15616.0,2025-01-16
2025011601024824,SMHL,65,54,10.0,1561.6,15616.0,2025-01-16
2025011601024823,SMHL,65,7,10.0,1560.6,15606.0,2025-01-16
2025011601024822,SMHL,65,49,10.0,1560.5,15605.0,2025-01-16
2025011601024821,SMHL,65,34,10.0,1560.5,15605.0,2025-01-16
2025011601024820,SMHL,65,41,10.0,1560.2,15602.0,2025-01-16
2025011601024819,SMHL,65,17,10.0,1560.0,15600.0,2025-01-16
2025011601024818,SMHL,65,11,10.0,1560.0,15600.0,2025-01-16
2025011601024817,SMHL,65,45,10.0,1560.0,15600.0,2025-01-16
2025011601024816,SMHL,65,40,10.0,1560.0,15600.0,2025-01-16
2025011601024815,SMHL,65,26,10.0,1560.0,15600.0,2025-01-16
2025011601024814,SMHL,65,38,10.0,1560.0,15600.0,2025-01-16
2025011601024813,SMHL,65,57,10.0,1560.0,15600.0,2025-01-16
2025011601024812,SMHL,65,51,10.0,1560.0,15600.0,2025-01-16
2025011601024811,SMHL,65,1,10.0,1560.0,15600.0,2025-01-16
2025011601024810,SMHL,65,39,10.0,1560.0,15600.0,2025-01-16
2025011601024809,SMHL,65,54,10.0,1560.0,15600.0,2025-01-16
2025011601024808,SMHL,65,16,10.0,1559.0,15590.0,2025-01-16
2025011601024807,SMHL,65,48,10.0,1555.5,15555.0,2025-01-16
2025011601024806,SMHL,65,39,10.0,1555.5,15555.0,2025-01-16
2025011601024805,SMHL,65,45,10.0,1555.5,15555.0,2025-01-16
2025011601024804,SMHL,65,11,10.0,1555.0,15550.0,2025-01-16
2025011601024803,SMHL,65,28,10.0,1555.0,15550.0,2025-01-16
2025011601024802,SMHL,65,6,10.0,1555.0,15550.0,2025-01-16
2025011601024801,SMHL,65,57,10.0,1555.0,15550.0,2025-01-16
2025011601024800,SMHL,65,37,10.0,1552.0,15520.0,2025-01-16
2025011601024799,SMHL,65,45,10.0,1552.0,15520.0,2025-01-16
2025011601024798,SMHL,65,4,500.0,1551.4,775700.0,2025-01-16
2025011601024797,SMHL,65,58,25.0,1551.4,38785.0,2025-01-16
2025011601024796,SMHL,65,49,10.0,1551.0,15510.0,2025-01-16
2025011601024795,SMHL,65,7,300.0,1550.0,465000.0,2025-01-16
2025011601024794,SMHL,65,62,100.0,1550.0,155000.0,2025-01-16
2025011601024793,SMHL,65,57,10.0,1550.0,15500.0,2025-01-16
2025011601024792,SMHL,65,7,10.0,1550.0,15500.0,2025-01-16
2025011601024791,SMHL,65,58,10.0,1550.0,15500.0,2025-01-16
2025011601024790,SMHL,65,59,10.0,1550.0,15500.0,2025-01-16
2025011601024789,SMHL,65,49,10.0,1550.0,15500.0,2025-01-16
2025011601024788,SMHL,65,38,40.0,1550.0,62000.0,2025-01-16
2025011601024787,SMHL,65,28,10.0,1550.0,15500.0,2025-01-16
2025011601024786,SMHL,65,49,10.0,1550.0,15500.0,2025-01-16
2025011601024785,SMHL,65,32,10.0,1550.0,15500.0,2025-01-16
2025011601024784,SMHL,65,45,10.0,1550.0,15500.0,2025-01-16
2025011601024783,SMHL,65,5,10.0,1550.0,15500.0,2025-01-16
2025011601024782,SMHL,65,26,10.0,1550.0,15500.0,2025-01-16
2025011601024781,SMHL,65,45,10.0,1550.0,15500.0,2025-01-16
2025011601024780,SMHL,65,58,10.0,1550.0,15500.0,2025-01-16
2025011601024779,SMHL,65,41,30.0,1550.0,46500.0,2025-01-16
2025011601024778,SMHL,65,58,10.0,1550.0,15500.0,2025-01-16
2025011601024777,SMHL,65,49,10.0,1545.0,15450.0,2025-01-16
2025011601024776,SMHL,65,21,10.0,1545.0,15450.0,2025-01-16
2025011601024775,SMHL,65,11,10.0,1544.0,15440.0,2025-01-16
2025011601024774,SMHL,65,37,50.0,1542.3,77115.0,2025-01-16
2025011601024773,SMHL,65,57,10.0,1542.3,15423.0,2025-01-16
2025011601024772,SMHL,65,42,200.0,1542.2,308440.0,2025-01-16
2025011601024771,SMHL,65,65,100.0,1542.2,154220.0,2025-01-16
2025011601024770,SMHL,65,65,10.0,1542.2,15422.0,2025-01-16
2025011601024769,SMHL,65,53,10.0,1542.0,15420.0,2025-01-16
2025011601024768,SMHL,65,4,10.0,1542.0,15420.0,2025-01-16
2025011601024767,SMHL,65,58,10.0,1542.0,15420.0,2025-01-16
2025011601024766,SMHL,65,53,500.0,1542.0,771000.0,2025-01-16
2025011601024765,SMHL,65,55,10.0,1542.0,15420.0,2025-01-16
2025011601024764,SMHL,65,65,100.0,1542.0,154200.0,2025-01-16
2025011601024763,SMHL,65,19,10.0,1541.5,15415.0,2025-01-16
2025011601024762,SMHL,65,44,56.0,1541.5,86324.0,2025-01-16
2025011601024761,SMHL,65,49,20.0,1541.0,30820.0,2025-01-16
2025011601024760,SMHL,65,32,10.0,1541.0,15410.0,2025-01-16
2025011601024759,SMHL,65,32,10.0,1541.0,15410.0,2025-01-16
2025011601024758,SMHL,65,34,10.0,1541.0,15410.0,2025-01-16
2025011601024757,SMHL,65,86,200.0,1541.0,308200.0,2025-01-16
2025011601024756,SMHL,65,58,30.0,1540.0,46200.0,2025-01-16
2025011601024755,SMHL,65,58,10.0,1540.0,15400.0,2025-01-16
2025011601024754,SMHL,65,39,20.0,1540.0,30800.0,2025-01-16
2025011601024753,SMHL,65,42,10.0,1540.0,15400.0,2025-01-16
2025011601024752,SMHL,65,35,416.0,1540.0,640640.0,2025-01-16
2025011601024751,SMHL,65,50,10.0,1540.0,15400.0,2025-01-16
2025011601024750,SMHL,65,39,10.0,1540.0,15400.0,2025-01-16
2025011601024749,SMHL,65,58,10.0,1540.0,15400.0,2025-01-16
2025011601024748,SMHL,65,25,10.0,1540.0,15400.0,2025-01-16
2025011601024747,SMHL,65,39,987.0,1539.0,1518993.0,2025-01-16
2025011601024746,SMHL,65,49,10.0,1535.0,15350.0,2025-01-16
2025011601024745,SMHL,65,48,10.0,1520.0,15200.0,2025-01-16
2025011601024744,SMHL,65,29,10.0,1520.0,15200.0,2025-01-16
2025011601024743,SMHL,65,33,110.0,1516.0,166760.0,2025-01-16
2025011601024742,SMHL,65,10,10.0,1515.0,15150.0,2025-01-16
2025011601024741,SMHL,65,43,80.0,1515.0,121200.0,2025-01-16
2025011601024740,SMHL,65,65,50.0,1514.0,75700.0,2025-01-16
2025011601024739,SMHL,65,42,10.0,1512.1,15121.0,2025-01-16
2025011601024738,SMHL,65,17,10.0,1512.1,15121.0,2025-01-16
2025011603020739,SADBL,1,57,10.0,385.7,3857.0,2025-01-16
2025011601024737,CZBIL,1,17,17.0,207.5,3527.5,2025-01-16
2025011601024736,CZBIL,1,47,11.0,207.0,2277.0,2025-01-16
2025011601024735,CZBIL,1,38,72.0,207.0,14904.0,2025-01-16
2025011601024734,HBL,1,35,10.0,229.6,2296.0,2025-01-16
2025011603020738,NFS,41,1,10.0,803.0,8030.0,2025-01-16
2025011601024733,TAMOR,36,38,10.0,569.0,5690.0,2025-01-16
2025011605011945,HRL,21,6,20.0,788.0,15760.0,2025-01-16
2025011603020737,NFS,42,21,70.0,801.0,56070.0,2025-01-16
2025011603020736,NFS,49,21,100.0,801.0,80100.0,2025-01-16
2025011603020735,NFS,51,21,150.0,801.0,120150.0,2025-01-16
2025011603020734,NFS,8,21,20.0,801.9,16038.0,2025-01-16
2025011603020733,NFS,57,21,10.0,802.0,8020.0,2025-01-16
2025011603020732,NFS,45,21,30.0,802.0,24060.0,2025-01-16
2025011603020731,NFS,40,21,20.0,802.0,16040.0,2025-01-16
2025011603020730,NFS,60,21,100.0,802.0,80200.0,2025-01-16
2025011604012898,SHL,20,36,500.0,493.0,246500.0,2025-01-16
2025011601024732,ULHC,42,95,10.0,549.0,5490.0,2025-01-16
2025011605011944,NRIC,7,43,20.0,784.8,15696.0,2025-01-16
2025011604012897,SHEL,36,58,500.0,254.0,127000.0,2025-01-16
2025011604012896,SHEL,36,19,100.0,254.0,25400.0,2025-01-16
2025011604012895,SHEL,36,47,15.0,254.0,3810.0,2025-01-16
2025011604012894,SHEL,36,55,200.0,253.5,50700.0,2025-01-16
2025011604012893,SHEL,36,36,145.0,253.5,36757.5,2025-01-16
2025011604012892,SHEL,36,13,312.0,253.5,79092.0,2025-01-16
2025011603020729,SLBSL,43,45,21.0,1818.0,38178.0,2025-01-16
2025011601024731,DOLTI,38,70,16.0,788.0,12608.0,2025-01-16
2025011601024730,EBL,10,18,10.0,575.0,5750.0,2025-01-16
2025011601024729,GBIME,46,34,100.0,217.9,21790.0,2025-01-16
2025011601024728,SPL,35,59,20.0,974.0,19480.0,2025-01-16
2025011601024727,MEHL,35,74,10.0,527.0,5270.0,2025-01-16
2025011603020728,PMLI,45,48,36.0,542.8,19540.8,2025-01-16
2025011603020727,PMLI,43,48,100.0,542.9,54290.0,2025-01-16
2025011603020726,PMLI,13,48,10.0,543.0,5430.0,2025-01-16
2025011603020725,PMLI,38,48,38.0,544.0,20672.0,2025-01-16
2025011603020724,GFCL,95,34,67.0,716.4,47998.8,2025-01-16
2025011603020723,GFCL,42,34,50.0,717.0,35850.0,2025-01-16
2025011603020722,GFCL,19,34,53.0,717.0,38001.0,2025-01-16
2025011601024726,MANDU,34,81,10.0,912.0,9120.0,2025-01-16
2025011604012891,SPDL,34,26,89.0,325.7,28987.3,2025-01-16
2025011604012890,SPDL,34,26,11.0,325.0,3575.0,2025-01-16
2025011605011943,NRN,49,34,500.0,1160.1,580050.0,2025-01-16
2025011605011942,VLUCL,69,36,10.0,686.0,6860.0,2025-01-16
2025011603020721,HLBSL,62,35,50.0,950.0,47500.0,2025-01-16
2025011603020720,HLBSL,62,48,100.0,949.0,94900.0,2025-01-16
2025011601024725,NESDO,34,62,10.0,2265.0,22650.0,2025-01-16
2025011604012889,KPCL,94,4,100.0,557.0,55700.0,2025-01-16
2025011601024724,CYCL,62,21,10.0,1519.0,15190.0,2025-01-16
2025011601024723,RHGCL,5,52,10.0,626.0,6260.0,2025-01-16
2025011604012888,RIDI,85,16,60.0,221.5,13290.0,2025-01-16
2025011601024722,PRVU,51,40,118.0,218.9,25830.2,2025-01-16
2025011601024721,PRVU,51,46,700.0,218.5,152950.0,2025-01-16
2025011601024720,PRVU,51,34,100.0,218.4,21840.0,2025-01-16
2025011601024719,PRVU,51,47,15.0,218.0,3270.0,2025-01-16
2025011601024718,PRVU,51,38,36.0,218.0,7848.0,2025-01-16
2025011601024717,PRVU,51,42,12.0,218.0,2616.0,2025-01-16
2025011601024716,PRVU,51,37,19.0,218.0,4142.0,2025-01-16
2025011601024715,MKCL,14,38,10.0,1480.0,14800.0,2025-01-16
2025011603020719,NFS,47,18,29.0,805.0,23345.0,2025-01-16
2025011603020718,NFS,47,41,11.0,805.0,8855.0,2025-01-16
2025011603020717,NFS,47,39,100.0,804.2,80420.0,2025-01-16
2025011603020716,NFS,47,22,10.0,804.0,8040.0,2025-01-16
2025011603020715,NFS,47,38,100.0,803.0,80300.0,2025-01-16
2025011601024714,UHEWA,49,52,10.0,931.2,9312.0,2025-01-16
2025011601024713,CITY,59,39,10.0,897.6,8976.0,2025-01-16
2025011601024712,MKJC,45,59,100.0,565.4,56540.0,2025-01-16
2025011601024711,SMHL,65,7,270.0,1512.0,408240.0,2025-01-16
2025011601024710,SMHL,67,7,20.0,1512.0,30240.0,2025-01-16
2025011601024709,SMHL,65,7,210.0,1512.0,317520.0,2025-01-16
2025011605011941,NRN,58,82,650.0,1171.0,761150.0,2025-01-16
2025011605011940,NRN,58,36,10.0,1171.0,11710.0,2025-01-16
2025011605011939,NRN,58,66,10.0,1170.0,11700.0,2025-01-16
2025011605011938,NRN,58,77,50.0,1170.0,58500.0,2025-01-16
2025011605011937,NRN,58,4,100.0,1170.0,117000.0,2025-01-16
2025011605011936,NRN,58,45,10.0,1170.0,11700.0,2025-01-16
2025011605011935,NRN,58,22,85.0,1170.0,99450.0,2025-01-16
2025011605011934,NRN,58,77,100.0,1170.0,117000.0,2025-01-16
2025011605011933,NRN,58,42,50.0,1170.0,58500.0,2025-01-16
2025011605011932,NRN,58,37,10.0,1170.0,11700.0,2025-01-16
2025011605011931,NRN,58,38,200.0,1170.0,234000.0,2025-01-16
2025011605011930,NRN,58,43,50.0,1169.9,58495.0,2025-01-16
2025011605011929,NRN,58,42,10.0,1169.0,11690.0,2025-01-16
2025011605011928,NRN,58,17,100.0,1169.0,116900.0,2025-01-16
2025011605011927,NRN,58,4,100.0,1169.0,116900.0,2025-01-16
2025011605011926,NRN,58,47,100.0,1168.0,116800.0,2025-01-16
2025011605011925,NRN,58,47,200.0,1168.0,233600.0,2025-01-16
2025011605011924,NRN,58,45,10.0,1167.0,11670.0,2025-01-16
2025011605011923,NRN,58,21,10.0,1166.0,11660.0,2025-01-16
2025011605011922,NRN,58,26,420.0,1166.0,489720.0,2025-01-16
2025011605011921,NRN,58,52,100.0,1166.0,116600.0,2025-01-16
2025011605011920,NRN,58,4,200.0,1165.0,233000.0,2025-01-16
2025011605011919,NRN,58,22,50.0,1165.0,58250.0,2025-01-16
2025011605011918,NRN,58,44,300.0,1165.0,349500.0,2025-01-16
2025011605011917,NRN,58,35,200.0,1165.0,233000.0,2025-01-16
2025011605011916,NRN,58,85,405.0,1164.0,471420.0,2025-01-16
2025011605011915,NRN,58,90,10.0,1164.0,11640.0,2025-01-16
2025011605011914,NRN,58,52,85.0,1163.0,98855.0,2025-01-16
2025011605011913,NRN,58,41,40.0,1162.0,46480.0,2025-01-16
2025011605011912,NRN,58,48,790.0,1162.0,917980.0,2025-01-16
2025011605011911,NRN,58,49,100.0,1161.1,116110.0,2025-01-16
2025011605011910,NRN,58,43,445.0,1161.0,516645.0,2025-01-16
2025011605011909,RNLI,58,58,11.0,513.0,5643.0,2025-01-16
2025011605011908,RNLI,58,54,11.0,513.0,5643.0,2025-01-16
2025011605011907,RNLI,58,48,10.0,513.0,5130.0,2025-01-16
2025011605011906,RNLI,58,77,11.0,513.0,5643.0,2025-01-16
2025011605011905,RNLI,58,59,11.0,513.0,5643.0,2025-01-16
2025011605011904,NRM,58,58,100.0,463.0,46300.0,2025-01-16
2025011601024708,RFPL,60,51,20.0,1318.0,26360.0,2025-01-16
2025011603020714,SAPDBL,60,49,10.0,1174.9,11749.0,2025-01-16
2025011601024707,RFPL,39,51,20.0,1318.0,26360.0,2025-01-16
2025011603020713,GRDBL,60,71,10.0,1183.9,11839.0,2025-01-16
2025011603020712,GRDBL,60,45,40.0,1176.0,47040.0,2025-01-16
2025011604012887,SJCL,60,25,223.0,359.0,80057.0,2025-01-16
2025011604012886,SJCL,60,49,20.0,359.0,7180.0,2025-01-16
2025011604012885,SJCL,60,6,15.0,358.8,5382.0,2025-01-16
2025011604012884,SJCL,60,6,20.0,358.7,7174.0,2025-01-16
2025011604012883,SJCL,60,6,15.0,358.6,5379.0,2025-01-16
2025011604012882,SJCL,60,6,16.0,358.5,5736.0,2025-01-16
2025011604012881,SJCL,60,54,40.0,358.4,14336.0,2025-01-16
2025011604012880,SJCL,60,6,30.0,358.0,10740.0,2025-01-16
2025011604012879,SJCL,60,20,20.0,358.0,7160.0,2025-01-16
2025011604012878,SJCL,60,58,20.0,358.0,7160.0,2025-01-16
2025011604012877,SJCL,60,45,20.0,358.0,7160.0,2025-01-16
2025011604012876,SJCL,60,1,10.0,358.0,3580.0,2025-01-16
2025011604012875,SJCL,60,46,40.0,357.0,14280.0,2025-01-16
2025011604012874,SJCL,60,6,100.0,357.0,35700.0,2025-01-16
2025011604012873,SJCL,60,57,180.0,357.0,64260.0,2025-01-16
2025011604012872,SJCL,60,52,145.0,357.0,51765.0,2025-01-16
2025011604012871,SJCL,60,25,36.0,356.0,12816.0,2025-01-16
2025011604012870,SJCL,60,35,20.0,356.0,7120.0,2025-01-16
2025011604012869,SJCL,60,26,30.0,356.0,10680.0,2025-01-16
2025011604012868,SJCL,60,57,50.0,355.0,17750.0,2025-01-16
2025011601024706,NBL,49,37,236.0,252.0,59472.0,2025-01-16
2025011603020711,HLI,6,41,123.0,449.0,55227.0,2025-01-16
2025011603020710,HLI,6,45,27.0,449.0,12123.0,2025-01-16
2025011603020709,HLI,6,1,10.0,449.0,4490.0,2025-01-16
2025011603020708,HLI,6,45,200.0,448.0,89600.0,2025-01-16
2025011603020707,HLI,6,42,140.0,448.0,62720.0,2025-01-16
2025011604012867,SHPC,84,17,10.0,460.0,4600.0,2025-01-16
2025011601024705,MKHC,11,38,30.0,542.0,16260.0,2025-01-16
2025011601024704,MMKJL,13,78,10.0,697.9,6979.0,2025-01-16
2025011601024703,BGWT,74,14,30.0,1091.0,32730.0,2025-01-16
2025011601024702,BGWT,74,45,389.0,1091.0,424399.0,2025-01-16
2025011601024701,BGWT,74,49,200.0,1091.0,218200.0,2025-01-16
2025011601024700,BGWT,74,59,100.0,1090.0,109000.0,2025-01-16
2025011601024699,BGWT,74,58,10.0,1090.0,10900.0,2025-01-16
2025011601024698,BGWT,74,45,100.0,1090.0,109000.0,2025-01-16
2025011601024697,BGWT,74,47,10.0,1090.0,10900.0,2025-01-16
2025011601024696,BGWT,74,48,10.0,1090.0,10900.0,2025-01-16
2025011601024695,BGWT,74,34,20.0,1090.0,21800.0,2025-01-16
2025011601024694,BGWT,74,51,200.0,1090.0,218000.0,2025-01-16
2025011601024693,BGWT,74,29,50.0,1090.0,54500.0,2025-01-16
2025011601024692,BGWT,74,29,10.0,1090.0,10900.0,2025-01-16
2025011601024691,BGWT,74,58,104.0,1090.0,113360.0,2025-01-16
2025011601024690,BGWT,74,55,10.0,1090.0,10900.0,2025-01-16
2025011601024689,BGWT,74,7,10.0,1089.9,10899.0,2025-01-16
2025011601024688,BGWT,74,57,100.0,1088.0,108800.0,2025-01-16
2025011601024687,BGWT,74,7,200.0,1087.5,217500.0,2025-01-16
2025011601024686,BGWT,74,5,10.0,1087.4,10874.0,2025-01-16
2025011601024685,BGWT,74,57,100.0,1087.0,108700.0,2025-01-16
2025011601024684,BGWT,74,42,10.0,1087.0,10870.0,2025-01-16
2025011601024683,BGWT,74,74,50.0,1085.0,54250.0,2025-01-16
2025011601024682,BGWT,74,57,230.0,1081.1,248653.0,2025-01-16
2025011601024681,USHL,56,57,10.0,819.0,8190.0,2025-01-16
2025011603020706,NABBC,20,25,20.0,1178.9,23578.0,2025-01-16
2025011603020705,CORBL,29,33,20.0,1654.0,33080.0,2025-01-16
2025011601024680,JBLB,32,22,190.0,1333.0,253270.0,2025-01-16
2025011603020704,DDBL,65,38,400.0,778.9,311560.0,2025-01-16
2025011601024679,TAMOR,58,38,22.0,569.0,12518.0,2025-01-16
2025011601024678,TAMOR,34,38,50.0,569.9,28495.0,2025-01-16
2025011605011903,CHDC,46,71,17.0,1650.0,28050.0,2025-01-16
2025011605011902,CHDC,62,71,100.0,1651.0,165100.0,2025-01-16
2025011605011901,CHDC,94,71,73.0,1655.0,120815.0,2025-01-16
2025011605011900,CHDC,36,71,10.0,1655.1,16551.0,2025-01-16
2025011603020703,NABBC,17,25,240.0,1178.9,282936.0,2025-01-16
2025011603020702,NABBC,17,13,60.0,1178.9,70734.0,2025-01-16
2025011603020701,LBBL,17,8,126.0,459.8,57934.8,2025-01-16
2025011603020700,LBBL,17,61,190.0,456.0,86640.0,2025-01-16
2025011601024677,UHEWA,49,17,324.0,931.2,301708.8,2025-01-16
2025011601024676,PPL,77,49,211.0,613.0,129343.0,2025-01-16
2025011601024675,PPL,77,48,10.0,613.0,6130.0,2025-01-16
2025011601024674,PPL,77,58,30.0,612.0,18360.0,2025-01-16
2025011601024673,PPL,77,42,100.0,611.0,61100.0,2025-01-16
2025011601024672,PPL,77,53,37.0,611.0,22607.0,2025-01-16
2025011601024671,PPL,77,58,10.0,611.0,6110.0,2025-01-16
2025011601024670,PPL,77,25,10.0,610.0,6100.0,2025-01-16
2025011601024669,PPL,77,51,10.0,610.0,6100.0,2025-01-16
2025011601024668,PPL,77,11,392.0,610.0,239120.0,2025-01-16
2025011601024667,PPL,77,42,190.0,608.0,115520.0,2025-01-16
2025011601024666,RHGCL,34,1,342.0,620.0,212040.0,2025-01-16
2025011601024665,RHGCL,34,1,120.0,620.0,74400.0,2025-01-16
2025011601024664,RHGCL,35,1,38.0,620.0,23560.0,2025-01-16
2025011601024663,ULHC,45,95,10.0,549.0,5490.0,2025-01-16
2025011604012866,RURU,45,45,20.0,741.0,14820.0,2025-01-16
2025011605011899,BBC,45,57,10.0,5759.0,57590.0,2025-01-16
2025011604012865,SPDL,21,36,38.0,324.1,12315.8,2025-01-16
2025011605011898,HRL,57,6,40.0,788.0,31520.0,2025-01-16
2025011605011897,ILI,40,42,350.0,466.9,163415.0,2025-01-16
2025011605011896,NRN,91,43,15.0,1161.0,17415.0,2025-01-16
2025011601024662,CYCL,34,48,54.0,1490.0,80460.0,2025-01-16
2025011601024661,CYCL,58,48,25.0,1501.0,37525.0,2025-01-16
2025011603020699,NABBC,69,13,50.0,1178.9,58945.0,2025-01-16
2025011605011895,HDL,53,94,10.0,1142.0,11420.0,2025-01-16
2025011605011894,HDL,32,94,10.0,1142.0,11420.0,2025-01-16
2025011605011893,HDL,44,94,25.0,1142.0,28550.0,2025-01-16
2025011604012864,UPPER,54,94,64.0,199.1,12742.4,2025-01-16
2025011604012863,UPPER,29,94,271.0,199.4,54037.4,2025-01-16
2025011604012862,UPPER,6,94,100.0,199.5,19950.0,2025-01-16
2025011604012861,UPPER,19,94,300.0,199.5,59850.0,2025-01-16
2025011603020698,SLBBL,62,57,30.0,900.0,27000.0,2025-01-16
2025011603020697,CORBL,62,33,50.0,1654.0,82700.0,2025-01-16
2025011603020696,NABBC,28,13,20.0,1178.9,23578.0,2025-01-16
2025011603020695,NABBC,28,35,380.0,1178.0,447640.0,2025-01-16
2025011601024660,RFPL,62,51,40.0,1318.0,52720.0,2025-01-16
2025011601024659,RFPL,62,36,90.0,1316.9,118521.0,2025-01-16
2025011601024658,RFPL,62,45,10.0,1316.9,13169.0,2025-01-16
2025011601024657,RFPL,62,53,10.0,1316.0,13160.0,2025-01-16
2025011601024656,RFPL,62,45,100.0,1316.0,131600.0,2025-01-16
2025011601024655,RFPL,62,65,20.0,1316.0,26320.0,2025-01-16
2025011601024654,RFPL,62,47,10.0,1315.0,13150.0,2025-01-16
2025011601024653,RFPL,62,59,10.0,1315.0,13150.0,2025-01-16
2025011601024652,RFPL,62,38,50.0,1314.0,65700.0,2025-01-16
2025011601024651,RFPL,62,6,10.0,1306.0,13060.0,2025-01-16
2025011601024650,RFPL,62,58,10.0,1305.0,13050.0,2025-01-16
2025011601024649,RFPL,62,58,10.0,1305.0,13050.0,2025-01-16
2025011601024648,RFPL,62,4,10.0,1305.0,13050.0,2025-01-16
2025011601024647,RFPL,62,8,10.0,1302.0,13020.0,2025-01-16
2025011601024646,RFPL,62,34,10.0,1301.0,13010.0,2025-01-16
2025011603020694,SAPDBL,28,49,10.0,1174.9,11749.0,2025-01-16
2025011601024645,HIDCLP,28,45,830.0,159.7,132551.0,2025-01-16
2025011601024644,HIDCLP,28,38,200.0,159.0,31800.0,2025-01-16
2025011601024643,HIDCLP,28,32,400.0,159.0,63600.0,2025-01-16
2025011601024642,HIDCLP,28,58,3000.0,158.9,476700.0,2025-01-16
2025011601024641,HIDCLP,28,16,120.0,158.8,19056.0,2025-01-16
2025011601024640,HIDCLP,28,1,450.0,158.5,71325.0,2025-01-16
2025011601024639,BEDC,88,85,500.0,847.0,423500.0,2025-01-16
2025011604012860,GHL,52,85,500.0,205.0,102500.0,2025-01-16
2025011604012859,GHL,58,85,150.0,205.0,30750.0,2025-01-16
2025011604012858,GHL,57,85,300.0,205.0,61500.0,2025-01-16
2025011604012857,GHL,57,85,10.0,205.0,2050.0,2025-01-16
2025011604012856,GHL,42,85,50.0,205.0,10250.0,2025-01-16
2025011601024638,UHEWA,49,44,500.0,931.2,465600.0,2025-01-16
2025011604012855,SPIL,44,39,10.0,814.0,8140.0,2025-01-16
2025011601024637,LSL,44,48,500.0,209.9,104950.0,2025-01-16
2025011603020693,SFCL,14,58,10.0,588.0,5880.0,2025-01-16
2025011604012854,KKHC,38,96,10.0,387.0,3870.0,2025-01-16
2025011601024636,MAKAR,14,33,20.0,663.0,13260.0,2025-01-16
2025011604012853,HEI,34,21,10.0,615.0,6150.0,2025-01-16
2025011601024635,NYADI,53,52,30.0,545.2,16356.0,2025-01-16
2025011604012852,API,75,34,195.0,260.2,50739.0,2025-01-16
2025011604012851,API,25,34,500.0,260.3,130150.0,2025-01-16
2025011604012850,API,28,34,15.0,260.3,3904.5,2025-01-16
2025011604012849,API,43,34,300.0,260.3,78090.0,2025-01-16
2025011605011892,RNLI,100,8,10.0,512.0,5120.0,2025-01-16
2025011601024634,DOLTI,4,55,735.0,799.0,587265.0,2025-01-16
2025011601024633,DOLTI,4,70,200.0,799.0,159800.0,2025-01-16
2025011601024632,DOLTI,4,67,95.0,798.0,75810.0,2025-01-16
2025011601024631,DOLTI,4,45,20.0,798.0,15960.0,2025-01-16
2025011601024630,DOLTI,4,43,200.0,795.0,159000.0,2025-01-16
2025011601024629,DOLTI,4,38,10.0,795.0,7950.0,2025-01-16
2025011601024628,DOLTI,4,35,10.0,793.8,7938.0,2025-01-16
2025011601024627,DOLTI,4,52,10.0,791.0,7910.0,2025-01-16
2025011601024626,DOLTI,4,41,10.0,790.2,7902.0,2025-01-16
2025011601024625,DOLTI,4,42,54.0,790.0,42660.0,2025-01-16
2025011601024624,DOLTI,4,42,100.0,790.0,79000.0,2025-01-16
2025011601024623,DOLTI,4,42,20.0,790.0,15800.0,2025-01-16
2025011601024622,DOLTI,4,48,500.0,790.0,395000.0,2025-01-16
2025011601024621,DOLTI,4,52,11.0,790.0,8690.0,2025-01-16
2025011601024620,DOLTI,4,6,200.0,789.9,157980.0,2025-01-16
2025011601024619,DOLTI,4,3,10.0,789.9,7899.0,2025-01-16
2025011601024618,DOLTI,4,6,15.0,788.6,11829.0,2025-01-16
2025011604012848,DHPL,59,52,118.0,326.0,38468.0,2025-01-16
2025011605011891,NIFRA,42,59,241.0,243.5,58683.5,2025-01-16
2025011605011890,NIFRA,48,59,100.0,244.0,24400.0,2025-01-16
2025011601024617,AHL,59,58,50.0,787.0,39350.0,2025-01-16
2025011605011889,NRN,49,39,217.0,1160.1,251741.7,2025-01-16
2025011605011888,NRN,89,39,390.0,1160.1,452439.0,2025-01-16
2025011605011887,NRN,67,39,50.0,1161.0,58050.0,2025-01-16
2025011605011886,NRN,59,39,343.0,1161.0,398223.0,2025-01-16
2025011601024616,HIDCLP,58,1,2550.0,158.5,404175.0,2025-01-16
2025011601024615,HIDCLP,58,17,200.0,158.4,31680.0,2025-01-16
2025011601024614,HIDCLP,58,55,200.0,158.0,31600.0,2025-01-16
2025011601024613,HIDCLP,58,70,440.0,157.0,69080.0,2025-01-16
2025011601024612,HIDCLP,58,57,100.0,156.0,15600.0,2025-01-16
2025011601024611,HIDCLP,58,6,1000.0,156.0,156000.0,2025-01-16
2025011601024610,HIDCLP,58,14,300.0,156.0,46800.0,2025-01-16
2025011601024609,HIDCLP,58,55,210.0,155.3,32613.0,2025-01-16
2025011605011885,NRM,58,58,100.0,463.0,46300.0,2025-01-16
2025011604012847,BARUN,58,58,125.0,433.0,54125.0,2025-01-16
2025011601024608,SMH,70,49,20.0,1096.0,21920.0,2025-01-16
2025011601024607,SMH,57,49,30.0,1113.0,33390.0,2025-01-16
2025011603020692,NABBC,20,6,150.0,1151.5,172725.0,2025-01-16
2025011604012846,UMHL,58,13,50.0,334.0,16700.0,2025-01-16
2025011601024606,MKHC,13,38,10.0,542.0,5420.0,2025-01-16
2025011601024605,MKHC,13,58,10.0,542.0,5420.0,2025-01-16
2025011604012845,KKHC,61,49,10.0,390.0,3900.0,2025-01-16
2025011601024604,BHDC,21,55,460.0,708.7,326002.0,2025-01-16
2025011601024603,BHDC,13,55,40.0,709.0,28360.0,2025-01-16
2025011605011884,HRL,67,55,59.0,787.3,46450.7,2025-01-16
2025011605011883,ENL,55,53,10.0,1219.9,12199.0,2025-01-16
2025011601024602,MKJC,29,74,10.0,568.0,5680.0,2025-01-16
2025011603020691,SINDU,71,38,50.0,1092.0,54600.0,2025-01-16
2025011604012844,PPCL,38,62,41.0,290.0,11890.0,2025-01-16
2025011604012843,PPCL,38,19,359.0,290.0,104110.0,2025-01-16
2025011604012842,PPCL,38,32,1000.0,289.9,289900.0,2025-01-16
2025011604012841,PPCL,38,45,100.0,289.9,28990.0,2025-01-16
2025011604012840,PPCL,38,36,500.0,289.0,144500.0,2025-01-16
2025011605011882,STC,14,38,10.0,5311.0,53110.0,2025-01-16
2025011601024601,RHGCL,35,77,162.0,620.0,100440.0,2025-01-16
2025011601024600,RHGCL,7,77,20.0,620.0,12400.0,2025-01-16
2025011601024599,RHGCL,35,77,50.0,620.0,31000.0,2025-01-16
2025011601024598,RHGCL,18,77,218.0,622.3,135661.4,2025-01-16
2025011601024597,RHGCL,54,77,50.0,625.0,31250.0,2025-01-16
2025011601024596,SMHL,65,28,10.0,1512.1,15121.0,2025-01-16
2025011603020690,ILBS,32,45,20.0,964.9,19298.0,2025-01-16
2025011605011881,HIDCL,1,42,10.0,231.7,2317.0,2025-01-16
2025011601024595,JBLB,32,57,10.0,1333.0,13330.0,2025-01-16
2025011601024594,EHPL,56,1,180.0,783.0,140940.0,2025-01-16
2025011601024593,EHPL,45,1,10.0,783.2,7832.0,2025-01-16
2025011601024592,EHPL,45,1,10.0,783.3,7833.0,2025-01-16
2025011604012839,HEI,48,21,19.0,615.0,11685.0,2025-01-16
2025011604012838,HEI,48,8,100.0,614.0,61400.0,2025-01-16
2025011604012837,HEI,48,34,100.0,612.0,61200.0,2025-01-16
2025011604012836,HEI,48,28,150.0,608.0,91200.0,2025-01-16
2025011604012835,HEI,48,57,51.0,607.0,30957.0,2025-01-16
2025011604012834,HEI,48,45,80.0,607.0,48560.0,2025-01-16
2025011603020689,HLBSL,35,8,20.0,945.0,18900.0,2025-01-16
2025011605011880,NRM,36,35,10.0,475.0,4750.0,2025-01-16
2025011603020688,SAPDBL,74,62,120.0,1168.1,140172.0,2025-01-16
2025011603020687,SAPDBL,45,62,80.0,1170.0,93600.0,2025-01-16
2025011601024591,RFPL,62,14,10.0,1300.0,13000.0,2025-01-16
2025011601024590,RFPL,62,35,10.0,1300.0,13000.0,2025-01-16
2025011601024589,RFPL,62,41,10.0,1300.0,13000.0,2025-01-16
2025011601024588,RFPL,62,56,10.0,1295.0,12950.0,2025-01-16
2025011601024587,RAWA,13,54,10.0,811.0,8110.0,2025-01-16
2025011601024586,UNLB,38,72,250.0,2500.0,625000.0,2025-01-16
2025011605011879,NRN,59,52,157.0,1161.0,182277.0,2025-01-16
2025011605011878,NRN,42,52,10.0,1161.0,11610.0,2025-01-16
2025011605011877,NRN,59,52,133.0,1161.0,154413.0,2025-01-16
2025011601024585,EBL,81,19,10.0,577.0,5770.0,2025-01-16
2025011604012833,HPPL,54,34,1124.0,457.0,513668.0,2025-01-16
2025011604012832,HPPL,85,34,100.0,457.0,45700.0,2025-01-16
2025011604012831,HPPL,49,34,29.0,457.1,13255.9,2025-01-16
2025011604012830,HPPL,3,34,3227.0,457.1,1475061.7,2025-01-16
2025011604012829,HPPL,56,34,500.0,457.2,228600.0,2025-01-16
2025011604012828,HPPL,45,34,20.0,457.3,9146.0,2025-01-16
2025011603020686,GMFIL,7,42,100.0,480.0,48000.0,2025-01-16
2025011605011876,NIFRA,5,26,50.0,245.0,12250.0,2025-01-16
2025011605011875,NIFRA,44,26,286.0,245.0,70070.0,2025-01-16
2025011603020685,SKBBL,26,53,100.0,807.0,80700.0,2025-01-16
2025011603020684,MLBBL,58,57,50.0,1624.0,81200.0,2025-01-16
2025011601024584,TAMOR,58,4,500.0,570.0,285000.0,2025-01-16
2025011603020683,CORBL,71,13,44.0,1650.0,72600.0,2025-01-16
2025011605011874,MEL,55,42,20.0,348.0,6960.0,2025-01-16
2025011601024583,MEHL,29,74,10.0,527.0,5270.0,2025-01-16
2025011601024582,USHEC,25,49,20.0,692.9,13858.0,2025-01-16
2025011601024581,NBL,16,37,200.0,252.0,50400.0,2025-01-16
2025011601024580,KBL,39,38,777.0,205.0,159285.0,2025-01-16
2025011601024579,KBL,1,38,200.0,205.0,41000.0,2025-01-16
2025011601024578,KBL,50,38,200.0,205.0,41000.0,2025-01-16
2025011601024577,KBL,22,38,10.0,205.0,2050.0,2025-01-16
2025011601024576,KBL,79,38,24.0,205.0,4920.0,2025-01-16
2025011601024575,KBL,38,38,15.0,205.0,3075.0,2025-01-16
2025011601024574,KBL,32,38,74.0,205.0,15170.0,2025-01-16
2025011605011873,NRIC,42,17,50.0,784.7,39235.0,2025-01-16
2025011603020682,JFL,21,57,20.0,560.0,11200.0,2025-01-16
2025011603020681,NABBC,20,21,441.0,1151.5,507811.5,2025-01-16
2025011603020680,NABBC,59,21,50.0,1152.0,57600.0,2025-01-16
2025011603020679,NABBC,48,21,11.0,1154.0,12694.0,2025-01-16
2025011603020678,NABBC,38,21,30.0,1155.0,34650.0,2025-01-16
2025011603020677,NABBC,59,21,50.0,1156.0,57800.0,2025-01-16
2025011603020676,NABBC,14,21,140.0,1157.0,161980.0,2025-01-16
2025011603020675,MPFL,45,32,36.0,634.0,22824.0,2025-01-16
2025011603020674,GILB,45,6,10.0,1172.0,11720.0,2025-01-16
2025011601024573,TAMOR,57,4,420.0,570.0,239400.0,2025-01-16
2025011601024572,TAMOR,57,41,100.0,570.0,57000.0,2025-01-16
2025011601024571,TAMOR,57,41,10.0,570.0,5700.0,2025-01-16
2025011601024570,TAMOR,57,67,210.0,570.0,119700.0,2025-01-16
2025011601024569,TAMOR,57,64,190.0,569.9,108281.0,2025-01-16
2025011603020673,RLFL,86,4,10.0,525.0,5250.0,2025-01-16
2025011601024568,USHEC,57,49,30.0,692.9,20787.0,2025-01-16
2025011601024567,MEHL,57,74,180.0,527.0,94860.0,2025-01-16
2025011601024566,MEHL,57,45,20.0,526.9,10538.0,2025-01-16
2025011604012827,KPCL,42,4,40.0,557.0,22280.0,2025-01-16
2025011601024565,TVCL,42,6,292.0,594.7,173652.4,2025-01-16
2025011601024564,TVCL,42,34,100.0,594.5,59450.0,2025-01-16
2025011601024563,TVCL,42,48,25.0,594.3,14857.5,2025-01-16
2025011601024562,TVCL,42,34,100.0,594.0,59400.0,2025-01-16
2025011601024561,TVCL,42,34,100.0,592.0,59200.0,2025-01-16
2025011601024560,TVCL,42,54,100.0,591.0,59100.0,2025-01-16
2025011601024559,TVCL,42,34,283.0,589.0,166687.0,2025-01-16
2025011603020672,PROFL,42,32,20.0,548.0,10960.0,2025-01-16
2025011605011872,SMJC,48,36,10.0,580.0,5800.0,2025-01-16
2025011601024558,SPHL,72,32,10.0,860.0,8600.0,2025-01-16
2025011603020671,BFC,58,51,24.0,604.0,14496.0,2025-01-16
2025011604012826,SPIL,48,44,90.0,810.1,72909.0,2025-01-16
2025011604012825,SPIL,7,44,10.0,810.2,8102.0,2025-01-16
2025011601024557,SMHL,65,90,200.0,1512.0,302400.0,2025-01-16
2025011601024556,KBSH,45,47,19.0,2450.0,46550.0,2025-01-16
2025011601024555,DORDI,47,66,10.0,600.0,6000.0,2025-01-16
2025011601024554,TAMOR,52,64,50.0,569.9,28495.0,2025-01-16
2025011601024553,MHCL,52,67,100.0,553.0,55300.0,2025-01-16
2025011601024552,MHCL,52,72,100.0,553.0,55300.0,2025-01-16
2025011605011871,NRN,59,34,50.0,1161.0,58050.0,2025-01-16
2025011601024551,KBL,32,59,15.0,205.0,3075.0,2025-01-16
2025011603020670,SLBSL,66,58,30.0,1817.0,54510.0,2025-01-16
2025011603020669,SLBSL,66,62,10.0,1811.0,18110.0,2025-01-16
2025011603020668,SLBSL,66,49,30.0,1800.0,54000.0,2025-01-16
2025011603020667,SLBSL,66,26,10.0,1785.0,17850.0,2025-01-16
2025011601024550,NESDO,66,54,10.0,2270.0,22700.0,2025-01-16
2025011604012824,JOSHI,32,35,50.0,429.6,21480.0,2025-01-16
2025011604012823,JOSHI,32,40,185.0,429.0,79365.0,2025-01-16
2025011604012822,JOSHI,32,42,610.0,426.8,260348.0,2025-01-16
2025011604012821,JOSHI,32,57,100.0,426.0,42600.0,2025-01-16
2025011604012820,JOSHI,32,58,100.0,426.0,42600.0,2025-01-16
2025011604012819,JOSHI,32,41,90.0,425.0,38250.0,2025-01-16
2025011604012818,JOSHI,32,34,100.0,425.0,42500.0,2025-01-16
2025011604012817,JOSHI,32,58,560.0,425.0,238000.0,2025-01-16
2025011603020666,JFL,58,57,10.0,560.0,5600.0,2025-01-16
2025011603020665,SWBBL,50,77,55.0,860.0,47300.0,2025-01-16
2025011603020664,SWBBL,50,57,77.0,859.9,66212.3,2025-01-16
2025011603020663,SWBBL,50,34,100.0,859.0,85900.0,2025-01-16
2025011603020662,SWBBL,50,70,100.0,855.0,85500.0,2025-01-16
2025011603020661,SWBBL,50,42,290.0,855.0,247950.0,2025-01-16
2025011603020660,SWBBL,50,45,73.0,855.0,62415.0,2025-01-16
2025011603020659,SWBBL,50,13,245.0,854.0,209230.0,2025-01-16
2025011603020658,SWBBL,50,16,26.0,852.0,22152.0,2025-01-16
2025011603020657,SWBBL,50,49,10.0,850.0,8500.0,2025-01-16
2025011603020656,SWBBL,50,13,24.0,850.0,20400.0,2025-01-16
2025011603020655,NADEP,58,50,30.0,964.8,28944.0,2025-01-16
2025011603020654,NADEP,58,28,40.0,958.8,38352.0,2025-01-16
2025011603020653,NADEP,58,21,50.0,953.0,47650.0,2025-01-16
2025011603020652,SJLIC,44,11,100.0,445.0,44500.0,2025-01-16
2025011601024549,MANDU,34,13,36.0,903.0,32508.0,2025-01-16
2025011601024548,MANDU,47,13,64.0,904.0,57856.0,2025-01-16
2025011601024547,UHEWA,49,13,10.0,931.2,9312.0,2025-01-16
2025011604012816,DHPL,77,52,10.0,326.0,3260.0,2025-01-16
2025011601024546,BEDC,38,99,10.0,850.0,8500.0,2025-01-16
2025011604012815,CGH,41,4,10.0,877.0,8770.0,2025-01-16
2025011605011870,PHCL,65,63,470.0,588.0,276360.0,2025-01-16
2025011605011869,PHCL,43,63,30.0,589.0,17670.0,2025-01-16
2025011604012814,GHL,21,17,15.0,205.5,3082.5,2025-01-16
2025011601024545,RHGCL,42,10,10.0,626.9,6269.0,2025-01-16
2025011604012813,UPCL,35,38,20.0,272.0,5440.0,2025-01-16
2025011603020651,RLFL,35,4,20.0,525.0,10500.0,2025-01-16
2025011603020650,LICN,10,28,15.0,1093.9,16408.5,2025-01-16
2025011603020649,LICN,10,50,475.0,1090.0,517750.0,2025-01-16
2025011603020648,LICN,10,25,910.0,1085.0,987350.0,2025-01-16
2025011603020647,LICN,10,17,100.0,1084.0,108400.0,2025-01-16
2025011603020646,GLBSL,48,84,75.0,2350.0,176250.0,2025-01-16
2025011603020645,GLBSL,48,48,50.0,2349.0,117450.0,2025-01-16
2025011603020644,GLBSL,48,22,10.0,2340.0,23400.0,2025-01-16
2025011603020643,GLBSL,48,8,15.0,2339.0,35085.0,2025-01-16
2025011603020642,GLBSL,48,55,50.0,2338.0,116900.0,2025-01-16
2025011603020641,RSDC,55,94,10.0,652.0,6520.0,2025-01-16
2025011603020640,RSDC,81,94,250.0,652.0,163000.0,2025-01-16
2025011603020639,RSDC,21,94,10.0,652.1,6521.0,2025-01-16
2025011603020638,RSDC,21,94,10.0,652.2,6522.0,2025-01-16
2025011603020637,RSDC,21,94,10.0,652.3,6523.0,2025-01-16
2025011603020636,RSDC,21,94,10.0,652.4,6524.0,2025-01-16
2025011603020635,SINDU,38,72,1482.0,1042.1,1544392.2,2025-01-16
2025011603020634,SINDU,38,72,2763.0,1042.1,2879322.3,2025-01-16
2025011603020633,SINDU,16,72,111.0,1042.1,115673.1,2025-01-16
2025011603020632,SINDU,32,72,100.0,1042.1,104210.0,2025-01-16
2025011603020631,SINDU,6,72,200.0,1042.1,208420.0,2025-01-16
2025011603020630,SINDU,20,72,1000.0,1042.1,1042100.0,2025-01-16
2025011603020629,SINDU,54,72,100.0,1042.1,104210.0,2025-01-16
2025011603020628,SINDU,6,72,3000.0,1042.1,3126300.0,2025-01-16
2025011603020627,SINDU,38,72,25.0,1042.1,26052.5,2025-01-16
2025011603020626,SINDU,34,72,100.0,1043.0,104300.0,2025-01-16
2025011603020625,SINDU,34,72,200.0,1043.0,208600.0,2025-01-16
2025011603020624,SINDU,39,72,20.0,1043.0,20860.0,2025-01-16
2025011603020623,SINDU,52,72,100.0,1045.0,104500.0,2025-01-16
2025011603020622,SINDU,26,72,100.0,1045.0,104500.0,2025-01-16
2025011603020621,SINDU,88,72,10.0,1048.7,10487.0,2025-01-16
2025011603020620,SINDU,65,72,50.0,1049.0,52450.0,2025-01-16
2025011603020619,SINDU,40,72,200.0,1050.0,210000.0,2025-01-16
2025011603020618,SINDU,42,72,20.0,1050.0,21000.0,2025-01-16
2025011603020617,SINDU,26,72,100.0,1050.0,105000.0,2025-01-16
2025011603020616,SINDU,10,72,50.0,1051.0,52550.0,2025-01-16
2025011603020615,SINDU,43,72,50.0,1052.6,52630.0,2025-01-16
2025011603020614,SINDU,34,72,100.0,1053.0,105300.0,2025-01-16
2025011603020613,SINDU,25,72,100.0,1053.0,105300.0,2025-01-16
2025011603020612,SINDU,51,72,100.0,1053.0,105300.0,2025-01-16
2025011603020611,SINDU,34,72,50.0,1055.0,52750.0,2025-01-16
2025011603020610,SINDU,45,72,27.0,1055.5,28498.5,2025-01-16
2025011603020609,SINDU,60,72,101.0,1056.0,106656.0,2025-01-16
2025011603020608,SINDU,48,72,150.0,1056.0,158400.0,2025-01-16
2025011603020607,SINDU,57,72,150.0,1058.4,158760.0,2025-01-16
2025011603020606,SINDU,63,72,50.0,1058.4,52920.0,2025-01-16
2025011603020605,SINDU,55,72,200.0,1058.6,211720.0,2025-01-16
2025011603020604,SINDU,32,72,10.0,1059.0,10590.0,2025-01-16
2025011603020603,SINDU,17,72,450.0,1059.5,476775.0,2025-01-16
2025011603020602,SINDU,49,72,100.0,1060.0,106000.0,2025-01-16
2025011603020601,SINDU,65,72,75.0,1060.0,79500.0,2025-01-16
2025011603020600,SINDU,48,72,20.0,1060.0,21200.0,2025-01-16
2025011603020599,SINDU,49,72,95.0,1060.0,100700.0,2025-01-16
2025011603020598,SINDU,74,72,3000.0,1060.0,3180000.0,2025-01-16
2025011603020597,SINDU,38,72,50.0,1060.4,53020.0,2025-01-16
2025011603020596,SINDU,17,72,421.0,1060.5,446470.5,2025-01-16
2025011603020595,SINDU,17,72,450.0,1060.5,477225.0,2025-01-16
2025011603020594,SINDU,17,72,450.0,1060.5,477225.0,2025-01-16
2025011603020593,SINDU,57,72,10.0,1060.5,10605.0,2025-01-16
2025011603020592,SINDU,57,72,500.0,1061.0,530500.0,2025-01-16
2025011603020591,SINDU,38,72,100.0,1061.5,106150.0,2025-01-16
2025011603020590,SINDU,58,72,20.0,1063.3,21266.0,2025-01-16
2025011603020589,SINDU,62,72,300.0,1063.3,318990.0,2025-01-16
2025011603020588,SINDU,34,72,100.0,1063.3,106330.0,2025-01-16
2025011603020587,SINDU,7,72,200.0,1063.3,212660.0,2025-01-16
2025011603020586,SINDU,54,72,100.0,1063.3,106330.0,2025-01-16
2025011603020585,SINDU,7,72,200.0,1063.3,212660.0,2025-01-16
2025011603020584,SINDU,54,72,100.0,1063.3,106330.0,2025-01-16
2025011603020583,SINDU,58,72,30.0,1063.3,31899.0,2025-01-16
2025011603020582,SINDU,25,72,51.0,1063.4,54233.4,2025-01-16
2025011603020581,SINDU,38,72,300.0,1063.4,319020.0,2025-01-16
2025011603020580,SINDU,88,72,20.0,1063.5,21270.0,2025-01-16
2025011603020579,SINDU,34,72,50.0,1064.0,53200.0,2025-01-16
2025011603020578,SINDU,32,72,200.0,1065.0,213000.0,2025-01-16
2025011603020577,SINDU,58,72,600.0,1065.0,639000.0,2025-01-16
2025011603020576,SINDU,35,72,10.0,1065.0,10650.0,2025-01-16
2025011603020575,SINDU,43,72,10.0,1065.0,10650.0,2025-01-16
2025011603020574,SINDU,51,72,50.0,1065.0,53250.0,2025-01-16
2025011603020573,SINDU,81,72,20.0,1065.0,21300.0,2025-01-16
2025011603020572,SINDU,43,72,1000.0,1065.3,1065300.0,2025-01-16
2025011603020571,SINDU,58,72,135.0,1066.0,143910.0,2025-01-16
2025011603020570,SINDU,69,72,500.0,1066.0,533000.0,2025-01-16
2025011603020569,SINDU,6,72,180.0,1066.0,191880.0,2025-01-16
2025011603020568,SINDU,39,72,100.0,1066.3,106630.0,2025-01-16
2025011603020567,SINDU,22,72,100.0,1067.0,106700.0,2025-01-16
2025011603020566,SINDU,51,72,100.0,1068.0,106800.0,2025-01-16
2025011603020565,SINDU,38,72,100.0,1068.2,106820.0,2025-01-16
2025011603020564,SINDU,26,72,500.0,1068.2,534100.0,2025-01-16
2025011603020563,SINDU,38,72,150.0,1068.2,160230.0,2025-01-16
2025011603020562,SINDU,8,72,82.0,1068.2,87592.4,2025-01-16
2025011603020561,SINDU,62,72,200.0,1068.2,213640.0,2025-01-16
2025011603020560,SINDU,32,72,10.0,1068.3,10683.0,2025-01-16
2025011603020559,SINDU,45,72,10.0,1068.3,10683.0,2025-01-16
2025011603020558,SINDU,71,72,200.0,1068.8,213760.0,2025-01-16
2025011603020557,SINDU,49,72,200.0,1068.8,213760.0,2025-01-16
2025011603020556,SINDU,42,72,100.0,1068.8,106880.0,2025-01-16
2025011603020555,SINDU,22,72,100.0,1069.0,106900.0,2025-01-16
2025011603020554,SINDU,49,72,200.0,1069.0,213800.0,2025-01-16
2025011603020553,SINDU,7,72,20.0,1069.0,21380.0,2025-01-16
2025011603020552,SINDU,45,72,200.0,1070.0,214000.0,2025-01-16
2025011603020551,SINDU,11,72,100.0,1070.0,107000.0,2025-01-16
2025011603020550,SINDU,34,72,10.0,1070.0,10700.0,2025-01-16
2025011603020549,SINDU,22,72,200.0,1070.0,214000.0,2025-01-16
2025011603020548,SINDU,58,72,30.0,1070.0,32100.0,2025-01-16
2025011603020547,SINDU,35,72,10.0,1070.0,10700.0,2025-01-16
2025011603020546,SINDU,75,72,1800.0,1070.0,1926000.0,2025-01-16
2025011603020545,SINDU,64,72,250.0,1070.0,267500.0,2025-01-16
2025011603020544,SINDU,19,72,45.0,1070.0,48150.0,2025-01-16
2025011603020543,SINDU,6,72,10.0,1070.0,10700.0,2025-01-16
2025011603020542,SINDU,38,72,500.0,1070.0,535000.0,2025-01-16
2025011603020541,SINDU,33,72,25.0,1070.0,26750.0,2025-01-16
2025011603020540,SINDU,63,72,30.0,1070.0,32100.0,2025-01-16
2025011603020539,SINDU,95,72,100.0,1070.2,107020.0,2025-01-16
2025011603020538,SINDU,22,72,100.0,1071.0,107100.0,2025-01-16
2025011603020537,SINDU,4,72,50.0,1071.0,53550.0,2025-01-16
2025011603020536,SINDU,49,72,100.0,1071.0,107100.0,2025-01-16
2025011603020535,SINDU,38,72,20.0,1071.0,21420.0,2025-01-16
2025011603020534,SINDU,95,72,100.0,1071.2,107120.0,2025-01-16
2025011603020533,SINDU,48,72,10.0,1071.2,10712.0,2025-01-16
2025011603020532,SINDU,7,72,100.0,1072.0,107200.0,2025-01-16
2025011603020531,SINDU,36,72,100.0,1072.0,107200.0,2025-01-16
2025011603020530,SINDU,60,72,100.0,1072.0,107200.0,2025-01-16
2025011603020529,SINDU,38,72,35.0,1073.0,37555.0,2025-01-16
2025011603020528,SINDU,81,72,20.0,1073.0,21460.0,2025-01-16
2025011603020527,SINDU,25,72,1401.0,1074.0,1504674.0,2025-01-16
2025011603020526,SINDU,59,72,380.0,1074.1,408158.0,2025-01-16
2025011603020525,SINDU,46,72,900.0,1074.1,966690.0,2025-01-16
2025011603020524,SINDU,42,72,20.0,1074.1,21482.0,2025-01-16
2025011603020523,SINDU,17,72,150.0,1075.0,161250.0,2025-01-16
2025011603020522,SINDU,54,72,80.0,1075.0,86000.0,2025-01-16
2025011603020521,SINDU,38,72,100.0,1075.1,107510.0,2025-01-16
2025011603020520,SINDU,17,72,50.0,1075.1,53755.0,2025-01-16
2025011603020519,SINDU,63,72,90.0,1076.6,96894.0,2025-01-16
2025011603020518,SINDU,38,72,50.0,1077.1,53855.0,2025-01-16
2025011603020517,SINDU,33,72,1000.0,1077.2,1077200.0,2025-01-16
2025011603020516,SINDU,40,72,100.0,1078.0,107800.0,2025-01-16
2025011603020515,SINDU,57,72,100.0,1078.0,107800.0,2025-01-16
2025011603020514,SINDU,34,72,300.0,1078.0,323400.0,2025-01-16
2025011603020513,SINDU,56,72,50.0,1078.0,53900.0,2025-01-16
2025011603020512,SINDU,6,72,100.0,1078.0,107800.0,2025-01-16
2025011603020511,SINDU,17,72,40.0,1079.0,43160.0,2025-01-16
2025011603020510,SINDU,29,72,100.0,1080.0,108000.0,2025-01-16
2025011603020509,SINDU,39,72,20.0,1080.0,21600.0,2025-01-16
2025011603020508,SINDU,57,72,10.0,1080.0,10800.0,2025-01-16
2025011603020507,SINDU,29,72,10.0,1080.0,10800.0,2025-01-16
2025011603020506,SINDU,34,72,100.0,1080.0,108000.0,2025-01-16
2025011603020505,SINDU,53,72,200.0,1080.0,216000.0,2025-01-16
2025011603020504,SINDU,62,72,10.0,1080.0,10800.0,2025-01-16
2025011603020503,SINDU,44,72,200.0,1080.0,216000.0,2025-01-16
2025011603020502,SINDU,38,72,245.0,1080.0,264600.0,2025-01-16
2025011603020501,SINDU,38,72,50.0,1080.1,54005.0,2025-01-16
2025011603020500,SINDU,49,72,190.0,1081.1,205409.0,2025-01-16
2025011603020499,SINDU,49,72,50.0,1081.6,54080.0,2025-01-16
2025011603020498,SINDU,43,72,25.0,1082.0,27050.0,2025-01-16
2025011603020497,SINDU,35,72,10.0,1082.0,10820.0,2025-01-16
2025011603020496,SINDU,32,72,100.0,1082.1,108210.0,2025-01-16
2025011603020495,SINDU,33,72,100.0,1084.1,108410.0,2025-01-16
2025011603020494,SINDU,45,72,200.0,1084.3,216860.0,2025-01-16
2025011603020493,SINDU,58,72,200.0,1085.0,217000.0,2025-01-16
2025011603020492,SINDU,88,72,10.0,1085.0,10850.0,2025-01-16
2025011603020491,SINDU,3,72,10.0,1085.0,10850.0,2025-01-16
2025011603020490,SINDU,29,72,100.0,1085.0,108500.0,2025-01-16
2025011603020489,SINDU,78,72,10.0,1085.0,10850.0,2025-01-16
2025011603020488,SINDU,17,72,10.0,1085.0,10850.0,2025-01-16
2025011603020487,SINDU,3,72,10.0,1085.2,10852.0,2025-01-16
2025011603020486,SINDU,34,72,50.0,1085.2,54260.0,2025-01-16
2025011603020485,SINDU,64,72,40.0,1085.4,43416.0,2025-01-16
2025011603020484,SINDU,88,72,10.0,1086.0,10860.0,2025-01-16
2025011603020483,SINDU,57,72,10.0,1086.0,10860.0,2025-01-16
2025011603020482,SINDU,58,72,10.0,1086.0,10860.0,2025-01-16
2025011603020481,SINDU,41,72,10.0,1088.0,10880.0,2025-01-16
2025011603020480,SINDU,34,72,300.0,1088.0,326400.0,2025-01-16
2025011603020479,SINDU,78,72,70.0,1088.0,76160.0,2025-01-16
2025011603020478,SINDU,88,72,10.0,1088.1,10881.0,2025-01-16
2025011603020477,SINDU,38,72,100.0,1090.0,109000.0,2025-01-16
2025011603020476,SINDU,49,72,50.0,1090.0,54500.0,2025-01-16
2025011603020475,SINDU,59,72,2450.0,1090.0,2670500.0,2025-01-16
2025011603020474,SINDU,3,72,10.0,1090.0,10900.0,2025-01-16
2025011603020473,SINDU,5,72,80.0,1090.0,87200.0,2025-01-16
2025011603020472,SINDU,51,72,30.0,1090.0,32700.0,2025-01-16
2025011603020471,SINDU,78,72,160.0,1090.0,174400.0,2025-01-16
2025011603020470,SINDU,57,72,217.0,1090.0,236530.0,2025-01-16
2025011603020469,SINDU,35,72,50.0,1090.1,54505.0,2025-01-16
2025011603020468,SINDU,35,72,50.0,1090.2,54510.0,2025-01-16
2025011603020467,SINDU,6,72,50.0,1090.3,54515.0,2025-01-16
2025011603020466,SINDU,88,72,10.0,1091.1,10911.0,2025-01-16
2025011601024544,BHDC,14,5,206.0,715.0,147290.0,2025-01-16
2025011601024543,BHDC,14,20,10.0,715.0,7150.0,2025-01-16
2025011601024542,BHDC,14,26,100.0,715.0,71500.0,2025-01-16
2025011601024541,BHDC,14,50,20.0,715.0,14300.0,2025-01-16
2025011601024540,BHDC,14,54,10.0,715.0,7150.0,2025-01-16
2025011601024539,BHDC,14,36,50.0,713.0,35650.0,2025-01-16
2025011601024538,BHDC,14,16,504.0,712.9,359301.6,2025-01-16
2025011601024537,BHDC,14,34,50.0,712.7,35635.0,2025-01-16
2025011601024536,BHDC,14,22,500.0,712.7,356350.0,2025-01-16
2025011601024535,BHDC,14,64,550.0,711.5,391325.0,2025-01-16
2025011601024534,IHL,81,22,10.0,702.0,7020.0,2025-01-16
2025011601024533,USHL,34,54,10.0,819.7,8197.0,2025-01-16
2025011601024532,SGHC,1,66,200.0,568.1,113620.0,2025-01-16
2025011601024531,BHDC,60,64,30.0,711.5,21345.0,2025-01-16
2025011601024530,BHDC,60,43,20.0,710.0,14200.0,2025-01-16
2025011601024529,MKJC,59,74,100.0,568.0,56800.0,2025-01-16
2025011601024528,MKJC,59,22,100.0,568.0,56800.0,2025-01-16
2025011605011868,SMJC,38,58,50.0,578.3,28915.0,2025-01-16
2025011601024527,KBSH,49,48,10.0,2454.0,24540.0,2025-01-16
2025011601024526,SARBTM,58,35,10.0,749.0,7490.0,2025-01-16
2025011601024525,SARBTM,58,58,50.0,748.0,37400.0,2025-01-16
2025011601024524,BGWT,74,57,10.0,1081.1,10811.0,2025-01-16
2025011601024523,BGWT,74,57,190.0,1078.9,204991.0,2025-01-16
2025011601024522,BGWT,74,61,90.0,1076.0,96840.0,2025-01-16
2025011601024521,BGWT,74,1,10.0,1076.0,10760.0,2025-01-16
2025011601024520,BGWT,74,74,20.0,1075.9,21518.0,2025-01-16
2025011601024519,BGWT,74,38,30.0,1075.0,32250.0,2025-01-16
2025011604012812,BPCL,57,58,50.0,387.2,19360.0,2025-01-16
2025011604012811,UMHL,58,42,55.0,334.0,18370.0,2025-01-16
2025011604012810,UMHL,58,33,400.0,334.0,133600.0,2025-01-16
2025011601024518,RHGCL,82,10,100.0,626.9,62690.0,2025-01-16
2025011604012809,RADHI,22,37,172.0,345.0,59340.0,2025-01-16
2025011605011867,VLUCL,16,36,10.0,686.0,6860.0,2025-01-16
2025011605011866,VLUCL,57,22,55.0,685.0,37675.0,2025-01-16
2025011605011865,VLUCL,57,22,195.0,685.0,133575.0,2025-01-16
2025011601024517,DOLTI,38,65,110.0,787.0,86570.0,2025-01-16
2025011601024516,SHLB,50,41,100.0,2597.4,259740.0,2025-01-16
2025011604012808,LEC,56,41,10.0,205.0,2050.0,2025-01-16
2025011603020465,LBBL,21,61,10.0,456.0,4560.0,2025-01-16
2025011603020464,LBBL,21,91,100.0,454.0,45400.0,2025-01-16
2025011603020463,NLIC,45,42,32.0,808.3,25865.6,2025-01-16
2025011603020462,PROFL,51,45,100.0,547.0,54700.0,2025-01-16
2025011603020461,SLBBL,41,45,40.0,899.0,35960.0,2025-01-16
2025011601024515,NBL,46,37,50.0,252.0,12600.0,2025-01-16
2025011601024514,RHGCL,5,10,10.0,626.9,6269.0,2025-01-16
2025011603020460,ICFC,41,62,239.0,622.0,148658.0,2025-01-16
2025011603020459,GILB,60,10,89.0,1160.0,103240.0,2025-01-16
2025011601024513,DLBS,51,42,85.0,1671.0,142035.0,2025-01-16
2025011601024512,DLBS,51,45,30.0,1670.0,50100.0,2025-01-16
2025011601024511,DLBS,51,52,65.0,1670.0,108550.0,2025-01-16
2025011601024510,DLBS,51,22,20.0,1665.0,33300.0,2025-01-16
2025011601024509,DOLTI,56,44,90.0,786.4,70776.0,2025-01-16
2025011601024508,SARBTM,62,40,428.0,744.0,318432.0,2025-01-16
2025011601024507,SARBTM,54,40,60.0,745.0,44700.0,2025-01-16
2025011605011864,PHCL,66,26,10.0,589.7,5897.0,2025-01-16
2025011603020458,SLBSL,58,26,10.0,1785.0,17850.0,2025-01-16
2025011603020457,GBBL,16,26,165.0,386.4,63756.0,2025-01-16
2025011603020456,GBBL,35,26,150.0,386.5,57975.0,2025-01-16
2025011603020455,GBBL,17,26,140.0,387.0,54180.0,2025-01-16
2025011603020454,GBBL,25,26,200.0,387.0,77400.0,2025-01-16
2025011603020453,GBBL,17,26,10.0,387.0,3870.0,2025-01-16
2025011603020452,GBBL,55,26,35.0,387.0,13545.0,2025-01-16
2025011605011863,HRL,67,49,31.0,787.3,24406.3,2025-01-16
2025011603020451,NMBMF,56,58,11.0,680.0,7480.0,2025-01-16
2025011603020450,NMBMF,56,42,190.0,678.9,128991.0,2025-01-16
2025011603020449,NMBMF,56,58,44.0,678.0,29832.0,2025-01-16
2025011603020448,NMBMF,56,59,90.0,677.8,61002.0,2025-01-16
2025011603020447,NMBMF,56,17,30.0,675.0,20250.0,2025-01-16
2025011603020446,NMBMF,56,55,110.0,675.0,74250.0,2025-01-16
2025011603020445,NMBMF,56,14,25.0,670.0,16750.0,2025-01-16
2025011603020444,CFCL,36,70,20.0,558.0,11160.0,2025-01-16
2025011604012807,AHPC,17,42,10.0,247.0,2470.0,2025-01-16
2025011601024506,MMKJL,38,78,10.0,697.9,6979.0,2025-01-16
2025011604012806,SPDL,70,36,12.0,324.1,3889.2,2025-01-16
2025011601024505,UNLB,14,45,10.0,2501.0,25010.0,2025-01-16
2025011601024504,BEDC,88,57,700.0,847.0,592900.0,2025-01-16
2025011603020443,MPFL,42,32,150.0,634.0,95100.0,2025-01-16
2025011601024503,MHCL,48,72,100.0,553.0,55300.0,2025-01-16
2025011605011862,NTC,49,48,200.0,878.1,175620.0,2025-01-16
2025011603020442,JBBL,47,51,70.0,349.3,24451.0,2025-01-16
2025011601024502,BEDC,88,81,1500.0,847.0,1270500.0,2025-01-16
2025011601024501,USHEC,52,49,70.0,692.9,48503.0,2025-01-16
2025011601024500,USHEC,52,54,10.0,690.0,6900.0,2025-01-16
2025011601024499,RHGCL,34,10,10.0,626.9,6269.0,2025-01-16
2025011605011861,HDL,39,13,50.0,1143.0,57150.0,2025-01-16
2025011601024498,MKHC,39,39,130.0,537.5,69875.0,2025-01-16
2025011603020441,NFS,60,17,400.0,802.0,320800.0,2025-01-16
2025011603020440,EDBL,65,26,1428.0,587.1,838378.8,2025-01-16
2025011603020439,EDBL,57,26,62.0,587.2,36406.4,2025-01-16
2025011604012805,AKJCL,19,58,100.0,194.5,19450.0,2025-01-16
2025011603020438,JFL,49,57,30.0,560.0,16800.0,2025-01-16
2025011603020437,JFL,49,58,50.0,560.0,28000.0,2025-01-16
2025011603020436,JFL,49,38,20.0,560.0,11200.0,2025-01-16
2025011603020435,USLB,6,17,50.0,1504.0,75200.0,2025-01-16
2025011603020434,USLB,6,7,20.0,1504.0,30080.0,2025-01-16
2025011605011860,ENL,8,6,10.0,1204.3,12043.0,2025-01-16
2025011603020433,ACLBSL,58,36,10.0,1010.0,10100.0,2025-01-16
2025011601024497,MMKJL,34,16,220.0,690.0,151800.0,2025-01-16
2025011601024496,MMKJL,42,16,80.0,690.0,55200.0,2025-01-16
2025011601024495,MMKJL,45,16,500.0,690.0,345000.0,2025-01-16
2025011601024494,MMKJL,48,16,500.0,691.0,345500.0,2025-01-16
2025011601024493,MMKJL,38,16,50.0,692.0,34600.0,2025-01-16
2025011601024492,MMKJL,35,16,150.0,693.0,103950.0,2025-01-16
2025011603020432,SKBBL,56,53,30.0,807.0,24210.0,2025-01-16
2025011601024491,RHGCL,65,94,20.0,626.9,12538.0,2025-01-16
2025011603020431,NFS,51,1,60.0,801.0,48060.0,2025-01-16
2025011603020430,NFS,58,1,200.0,801.1,160220.0,2025-01-16
2025011603020429,NFS,17,1,50.0,801.1,40055.0,2025-01-16
2025011603020428,NFS,42,1,50.0,801.1,40055.0,2025-01-16
2025011603020427,NFS,34,1,50.0,801.2,40060.0,2025-01-16
2025011603020426,NFS,21,1,50.0,801.5,40075.0,2025-01-16
2025011603020425,NFS,57,1,60.0,801.8,48108.0,2025-01-16
2025011603020424,NFS,44,1,100.0,802.0,80200.0,2025-01-16
2025011603020423,NFS,58,1,50.0,802.0,40100.0,2025-01-16
2025011603020422,NFS,21,1,50.0,802.0,40100.0,2025-01-16
2025011603020421,NFS,42,1,100.0,802.0,80200.0,2025-01-16
2025011603020420,NFS,38,1,180.0,803.1,144558.0,2025-01-16
2025011603020419,CFCL,38,70,11.0,558.0,6138.0,2025-01-16
2025011605011859,HDL,45,13,30.0,1143.0,34290.0,2025-01-16
2025011601024490,SMHL,65,42,500.0,1512.0,756000.0,2025-01-16
2025011601024489,SPC,45,16,10.0,538.8,5388.0,2025-01-16
2025011604012804,DHPL,42,52,100.0,326.0,32600.0,2025-01-16
2025011603020418,HLI,42,42,10.0,448.0,4480.0,2025-01-16
2025011605011858,SAHAS,45,11,10.0,485.2,4852.0,2025-01-16
2025011605011857,RNLI,100,49,11.0,512.0,5632.0,2025-01-16
2025011605011856,RNLI,100,38,10.0,512.0,5120.0,2025-01-16
2025011605011855,RNLI,100,56,11.0,512.0,5632.0,2025-01-16
2025011605011854,RNLI,100,6,11.0,512.0,5632.0,2025-01-16
2025011605011853,RNLI,100,44,10.0,512.0,5120.0,2025-01-16
2025011605011852,RNLI,100,32,11.0,512.0,5632.0,2025-01-16
2025011605011851,RNLI,100,77,10.0,512.0,5120.0,2025-01-16
2025011605011850,RNLI,100,38,11.0,512.0,5632.0,2025-01-16
2025011605011849,RNLI,100,42,10.0,511.0,5110.0,2025-01-16
2025011605011848,RNLI,100,19,11.0,511.0,5621.0,2025-01-16
2025011605011847,RNLI,100,6,11.0,511.0,5621.0,2025-01-16
2025011605011846,RNLI,100,32,11.0,511.0,5621.0,2025-01-16
2025011605011845,RNLI,100,35,10.0,511.0,5110.0,2025-01-16
2025011605011844,RNLI,100,45,11.0,511.0,5621.0,2025-01-16
2025011605011843,RNLI,100,42,11.0,511.0,5621.0,2025-01-16
2025011605011842,RNLI,100,43,83.0,510.9,42404.7,2025-01-16
2025011605011841,RNLI,100,28,200.0,510.0,102000.0,2025-01-16
2025011605011840,RNLI,100,42,28.0,510.0,14280.0,2025-01-16
2025011605011839,RNLI,100,70,100.0,510.0,51000.0,2025-01-16
2025011605011838,RNLI,100,51,11.0,510.0,5610.0,2025-01-16
2025011605011837,RNLI,100,19,11.0,510.0,5610.0,2025-01-16
2025011605011836,RNLI,100,17,11.0,510.0,5610.0,2025-01-16
2025011605011835,RNLI,100,58,11.0,510.0,5610.0,2025-01-16
2025011605011834,RNLI,100,19,100.0,510.0,51000.0,2025-01-16
2025011605011833,RNLI,100,58,11.0,510.0,5610.0,2025-01-16
2025011605011832,RNLI,100,58,11.0,510.0,5610.0,2025-01-16
2025011605011831,RNLI,100,49,11.0,510.0,5610.0,2025-01-16
2025011605011830,RNLI,100,58,11.0,510.0,5610.0,2025-01-16
2025011605011829,RNLI,100,25,38.0,509.0,19342.0,2025-01-16
2025011605011828,RNLI,100,28,10.0,509.0,5090.0,2025-01-16
2025011605011827,RNLI,100,49,22.0,509.0,11198.0,2025-01-16
2025011605011826,RNLI,100,49,11.0,508.0,5588.0,2025-01-16
2025011605011825,RNLI,100,49,59.0,508.0,29972.0,2025-01-16
2025011605011824,RNLI,100,40,50.0,507.9,25395.0,2025-01-16
2025011605011823,RNLI,100,3,11.0,507.0,5577.0,2025-01-16
2025011605011822,RNLI,100,25,11.0,506.2,5568.2,2025-01-16
2025011605011821,RNLI,100,45,33.0,505.0,16665.0,2025-01-16
2025011605011820,VLUCL,57,94,60.0,685.0,41100.0,2025-01-16
2025011603020417,BFC,47,55,120.0,605.0,72600.0,2025-01-16
2025011603020416,BFC,47,63,100.0,604.0,60400.0,2025-01-16
2025011603020415,BFC,47,70,280.0,604.0,169120.0,2025-01-16
2025011603020414,GMFIL,34,42,10.0,480.0,4800.0,2025-01-16
2025011601024488,DORDI,58,66,572.0,600.0,343200.0,2025-01-16
2025011604012803,SHPC,60,17,10.0,460.0,4600.0,2025-01-16
2025011604012802,RHPL,58,60,1200.0,450.0,540000.0,2025-01-16
2025011603020413,SKBBL,14,32,50.0,807.0,40350.0,2025-01-16
2025011603020412,SKBBL,55,32,40.0,807.0,32280.0,2025-01-16
2025011603020411,SKBBL,47,32,50.0,807.0,40350.0,2025-01-16
2025011603020410,SKBBL,36,32,20.0,808.0,16160.0,2025-01-16
2025011603020409,SKBBL,45,32,35.0,808.0,28280.0,2025-01-16
2025011603020408,GMFBS,32,52,10.0,1749.0,17490.0,2025-01-16
2025011603020407,MATRI,37,19,15.0,1172.4,17586.0,2025-01-16
2025011603020406,HLBSL,10,49,100.0,942.3,94230.0,2025-01-16
2025011604012801,GLH,58,70,130.0,248.0,32240.0,2025-01-16
2025011604012800,GLH,58,41,70.0,248.0,17360.0,2025-01-16
2025011603020405,NFS,38,58,20.0,803.1,16062.0,2025-01-16
2025011605011819,HRL,67,58,31.0,787.3,24406.3,2025-01-16
2025011604012799,NLG,55,58,10.0,1031.0,10310.0,2025-01-16
2025011601024487,BEDC,88,74,10.0,847.0,8470.0,2025-01-16
2025011601024486,BEDC,88,13,100.0,830.0,83000.0,2025-01-16
2025011601024485,BEDC,88,64,100.0,830.0,83000.0,2025-01-16
2025011603020404,BFC,53,70,10.0,604.0,6040.0,2025-01-16
2025011604012798,SHPC,45,17,24.0,460.0,11040.0,2025-01-16
2025011604012797,SHPC,45,82,26.0,459.8,11954.8,2025-01-16
2025011601024484,BHDC,13,72,10.0,709.0,7090.0,2025-01-16
2025011601024483,SIKLES,96,17,10.0,958.0,9580.0,2025-01-16
2025011605011818,HDL,44,50,175.0,1142.0,199850.0,2025-01-16
2025011603020403,RLFL,44,4,1000.0,525.0,525000.0,2025-01-16
2025011601024482,ULHC,14,14,129.0,547.0,70563.0,2025-01-16
2025011603020402,KSBBL,47,38,26.0,428.5,11141.0,2025-01-16
2025011603020401,KSBBL,47,33,100.0,427.8,42780.0,2025-01-16
2025011603020400,KSBBL,47,38,50.0,427.0,21350.0,2025-01-16
2025011603020399,KSBBL,47,17,189.0,427.0,80703.0,2025-01-16
2025011603020398,KSBBL,47,44,535.0,426.9,228391.5,2025-01-16
2025011603020397,KSBBL,47,35,100.0,426.0,42600.0,2025-01-16
2025011601024481,TVCL,8,34,50.0,589.0,29450.0,2025-01-16
2025011601024480,MMKJL,35,81,850.0,693.0,589050.0,2025-01-16
2025011601024479,MMKJL,78,81,150.0,693.2,103980.0,2025-01-16
2025011604012796,SHEL,4,89,110.0,253.1,27841.0,2025-01-16
2025011604012795,SHEL,58,89,40.0,253.1,10124.0,2025-01-16
2025011604012794,SHEL,56,89,400.0,253.1,101240.0,2025-01-16
2025011604012793,SHEL,51,89,50.0,253.1,12655.0,2025-01-16
2025011601024478,SMHL,65,34,10.0,1512.0,15120.0,2025-01-16
2025011604012792,IGI,34,80,10.0,564.0,5640.0,2025-01-16
2025011604012791,IGI,34,13,10.0,563.2,5632.0,2025-01-16
2025011601024477,NBL,34,37,100.0,252.0,25200.0,2025-01-16
2025011604012790,HDHPC,91,6,643.0,194.1,124806.3,2025-01-16
2025011601024476,MHL,66,67,150.0,935.0,140250.0,2025-01-16
2025011604012789,RIDI,25,16,393.0,221.5,87049.5,2025-01-16
2025011601024475,KBSH,45,58,20.0,2450.0,49000.0,2025-01-16
2025011601024474,SIKLES,77,58,65.0,954.0,62010.0,2025-01-16
2025011601024473,SIKLES,22,58,90.0,955.0,85950.0,2025-01-16
2025011605011817,NRN,59,41,30.0,1161.0,34830.0,2025-01-16
2025011605011816,CLI,8,42,215.0,688.0,147920.0,2025-01-16
2025011605011815,CLI,14,42,30.0,688.0,20640.0,2025-01-16
2025011605011814,CLI,16,42,426.0,688.0,293088.0,2025-01-16
2025011605011813,CLI,58,42,200.0,688.1,137620.0,2025-01-16
2025011604012788,SALICO,65,42,300.0,713.0,213900.0,2025-01-16
2025011603020396,EDBL,57,85,300.0,587.2,176160.0,2025-01-16
2025011604012787,KKHC,38,5,90.0,387.0,34830.0,2025-01-16
2025011604012786,KKHC,56,5,200.0,387.5,77500.0,2025-01-16
2025011605011812,SONA,26,5,200.0,447.0,89400.0,2025-01-16
2025011605011811,SONA,45,5,100.0,447.1,44710.0,2025-01-16
2025011605011810,SONA,41,5,500.0,447.2,223600.0,2025-01-16
2025011605011809,SONA,56,5,200.0,447.3,89460.0,2025-01-16
2025011601024472,UHEWA,50,51,100.0,913.0,91300.0,2025-01-16
2025011605011808,ILI,40,45,300.0,466.6,139980.0,2025-01-16
2025011605011807,ILI,40,58,12.0,466.5,5598.0,2025-01-16
2025011605011806,ILI,40,39,12.0,466.0,5592.0,2025-01-16
2025011601024471,TAMOR,4,64,10.0,569.9,5699.0,2025-01-16
2025011601024470,KBL,52,41,110.0,205.9,22649.0,2025-01-16
2025011603020395,SFCL,40,39,205.0,587.0,120335.0,2025-01-16
2025011603020394,CFCL,38,34,39.0,558.0,21762.0,2025-01-16
2025011603020393,CFCL,6,34,40.0,558.0,22320.0,2025-01-16
2025011603020392,CFCL,67,34,90.0,558.0,50220.0,2025-01-16
2025011603020391,CFCL,57,34,100.0,558.0,55800.0,2025-01-16
2025011603020390,CFCL,59,34,200.0,558.0,111600.0,2025-01-16
2025011603020389,CFCL,33,34,31.0,558.0,17298.0,2025-01-16
2025011603020388,MPFL,32,32,50.0,632.0,31600.0,2025-01-16
2025011601024469,KBL,32,32,11.0,205.0,2255.0,2025-01-16
2025011601024468,KBL,32,32,500.0,205.0,102500.0,2025-01-16
2025011601024467,KBL,38,32,85.0,205.0,17425.0,2025-01-16
2025011601024466,KBL,8,32,110.0,205.0,22550.0,2025-01-16
2025011601024465,KBL,29,32,197.0,205.0,40385.0,2025-01-16
2025011603020387,PFL,11,58,200.0,433.0,86600.0,2025-01-16
2025011603020386,PMLI,13,47,190.0,545.0,103550.0,2025-01-16
2025011603020385,PMLI,13,49,10.0,544.0,5440.0,2025-01-16
2025011604012785,CGH,13,4,135.0,877.0,118395.0,2025-01-16
2025011601024464,BGWT,74,6,52.0,1072.0,55744.0,2025-01-16
2025011604012784,SJCL,88,57,100.0,353.0,35300.0,2025-01-16
2025011601024463,SIKLES,22,38,100.0,955.0,95500.0,2025-01-16
2025011601024462,SPC,38,49,1000.0,538.5,538500.0,2025-01-16
2025011603020384,PROFL,44,63,410.0,545.5,223655.0,2025-01-16
2025011603020383,PROFL,14,63,90.0,547.0,49230.0,2025-01-16
2025011601024461,DOLTI,58,65,200.0,787.0,157400.0,2025-01-16
2025011601024460,SGHC,42,41,10.0,568.0,5680.0,2025-01-16
2025011604012783,DHPL,46,52,100.0,326.0,32600.0,2025-01-16
2025011603020382,SJLIC,44,41,10.0,445.0,4450.0,2025-01-16
2025011601024459,MAKAR,35,33,50.0,663.0,33150.0,2025-01-16
2025011603020381,GMFIL,45,42,50.0,480.0,24000.0,2025-01-16
2025011603020380,GMFIL,6,42,20.0,480.0,9600.0,2025-01-16
2025011603020379,GMFIL,44,42,475.0,480.0,228000.0,2025-01-16
2025011603020378,GMFIL,45,42,1000.0,481.0,481000.0,2025-01-16
2025011603020377,ALICL,42,48,313.0,707.6,221478.8,2025-01-16
2025011601024458,CKHL,62,36,580.0,800.0,464000.0,2025-01-16
2025011601024457,CKHL,62,6,100.0,799.9,79990.0,2025-01-16
2025011601024456,CKHL,62,6,190.0,799.8,151962.0,2025-01-16
2025011601024455,CKHL,62,35,90.0,799.0,71910.0,2025-01-16
2025011601024454,CKHL,62,13,40.0,795.0,31800.0,2025-01-16
2025011601024453,RHGCL,5,94,15.0,626.9,9403.5,2025-01-16
2025011601024452,RHGCL,5,32,25.0,626.9,15672.5,2025-01-16
2025011601024451,RHGCL,5,1,10.0,626.0,6260.0,2025-01-16
2025011605011805,NBF2,39,19,200.0,9.34,1868.0,2025-01-16
2025011605011804,NBF2,39,14,5000.0,9.34,46700.0,2025-01-16
2025011605011803,NBF2,39,43,4800.0,9.34,44832.0,2025-01-16
2025011601024450,KBL,66,41,20.0,205.9,4118.0,2025-01-16
2025011605011802,NRM,34,29,576.0,475.3,273772.8,2025-01-16
2025011605011801,NRM,34,51,100.0,474.0,47400.0,2025-01-16
2025011605011800,NRM,34,39,400.0,474.0,189600.0,2025-01-16
2025011605011799,NRM,34,59,200.0,474.0,94800.0,2025-01-16
2025011605011798,NRM,34,51,374.0,474.0,177276.0,2025-01-16
2025011605011797,NRM,34,54,250.0,473.0,118250.0,2025-01-16
2025011605011796,NRM,34,45,100.0,473.0,47300.0,2025-01-16
2025011601024449,CZBIL,17,33,400.0,206.0,82400.0,2025-01-16
2025011601024448,MHCL,80,72,50.0,553.0,27650.0,2025-01-16
2025011601024447,RHGCL,11,77,100.0,620.0,62000.0,2025-01-16
2025011601024446,RHGCL,82,77,50.0,620.0,31000.0,2025-01-16
2025011601024445,RHGCL,54,77,50.0,620.0,31000.0,2025-01-16
2025011601024444,RHGCL,1,77,100.0,621.0,62100.0,2025-01-16
2025011601024443,RHGCL,17,77,166.0,621.1,103102.6,2025-01-16
2025011601024442,RHGCL,77,77,30.0,622.0,18660.0,2025-01-16
2025011601024441,BEDC,88,34,520.0,831.3,432276.0,2025-01-16
2025011601024440,BEDC,88,44,100.0,831.3,83130.0,2025-01-16
2025011601024439,BEDC,88,6,200.0,831.3,166260.0,2025-01-16
2025011601024438,BEDC,88,17,10.0,831.3,8313.0,2025-01-16
2025011601024437,BEDC,88,35,200.0,831.0,166200.0,2025-01-16
2025011601024436,BEDC,88,58,160.0,831.0,132960.0,2025-01-16
2025011601024435,BEDC,88,1,100.0,831.0,83100.0,2025-01-16
2025011601024434,BEDC,88,45,30.0,831.0,24930.0,2025-01-16
2025011601024433,BEDC,88,44,100.0,831.0,83100.0,2025-01-16
2025011601024432,BEDC,88,71,100.0,831.0,83100.0,2025-01-16
2025011601024431,BEDC,88,34,10.0,831.0,8310.0,2025-01-16
2025011601024430,BEDC,88,74,200.0,831.0,166200.0,2025-01-16
2025011601024429,BEDC,88,41,10.0,831.0,8310.0,2025-01-16
2025011601024428,BEDC,88,1,50.0,831.0,41550.0,2025-01-16
2025011601024427,BEDC,88,41,10.0,831.0,8310.0,2025-01-16
2025011601024426,BEDC,88,4,10.0,830.0,8300.0,2025-01-16
2025011601024425,BEDC,88,16,50.0,816.0,40800.0,2025-01-16
2025011601024424,BEDC,88,55,100.0,816.0,81600.0,2025-01-16
2025011601024423,BEDC,88,21,200.0,816.0,163200.0,2025-01-16
2025011601024422,BEDC,88,52,10.0,816.0,8160.0,2025-01-16
2025011601024421,BEDC,88,29,10.0,816.0,8160.0,2025-01-16
2025011601024420,BEDC,88,86,174.0,816.0,141984.0,2025-01-16
2025011601024419,BEDC,88,99,400.0,816.0,326400.0,2025-01-16
2025011601024418,BEDC,88,6,500.0,816.0,408000.0,2025-01-16
2025011601024417,BEDC,88,16,20.0,816.0,16320.0,2025-01-16
2025011601024416,BEDC,88,22,10.0,816.0,8160.0,2025-01-16
2025011601024415,BEDC,88,3,500.0,816.0,408000.0,2025-01-16
2025011601024414,BEDC,88,52,10.0,816.0,8160.0,2025-01-16
2025011601024413,BEDC,88,38,10.0,816.0,8160.0,2025-01-16
2025011601024412,BEDC,88,6,10.0,815.0,8150.0,2025-01-16
2025011601024411,BEDC,88,47,200.0,815.0,163000.0,2025-01-16
2025011601024410,BEDC,88,49,10.0,815.0,8150.0,2025-01-16
2025011601024409,BEDC,88,29,10.0,815.0,8150.0,2025-01-16
2025011601024408,BEDC,88,33,1000.0,815.0,815000.0,2025-01-16
2025011601024407,BEDC,88,95,100.0,814.0,81400.0,2025-01-16
2025011601024406,BEDC,88,41,100.0,813.0,81300.0,2025-01-16
2025011601024405,BEDC,88,52,10.0,812.9,8129.0,2025-01-16
2025011601024404,BEDC,88,55,1000.0,810.9,810900.0,2025-01-16
2025011601024403,BEDC,88,35,100.0,810.9,81090.0,2025-01-16
2025011601024402,BEDC,88,42,200.0,810.0,162000.0,2025-01-16
2025011601024401,BEDC,88,58,200.0,810.0,162000.0,2025-01-16
2025011601024400,BEDC,88,44,50.0,810.0,40500.0,2025-01-16
2025011601024399,BEDC,88,8,50.0,809.8,40490.0,2025-01-16
2025011601024398,BEDC,88,35,20.0,809.8,16196.0,2025-01-16
2025011601024397,BEDC,88,81,100.0,809.8,80980.0,2025-01-16
2025011601024396,BEDC,88,3,10.0,805.0,8050.0,2025-01-16
2025011601024395,BEDC,88,53,10.0,805.0,8050.0,2025-01-16
2025011601024394,BEDC,88,1,10.0,805.0,8050.0,2025-01-16
2025011601024393,BEDC,88,82,100.0,804.4,80440.0,2025-01-16
2025011601024392,BEDC,88,28,10.0,804.0,8040.0,2025-01-16
2025011601024391,BEDC,88,56,10.0,803.7,8037.0,2025-01-16
2025011601024390,BEDC,88,54,40.0,803.0,32120.0,2025-01-16
2025011601024389,BEDC,88,58,10.0,803.0,8030.0,2025-01-16
2025011601024388,BEDC,88,62,500.0,803.0,401500.0,2025-01-16
2025011601024387,BEDC,88,77,1000.0,802.7,802700.0,2025-01-16
2025011601024386,BEDC,88,42,10.0,802.0,8020.0,2025-01-16
2025011601024385,BEDC,88,1,10.0,802.0,8020.0,2025-01-16
2025011601024384,BEDC,88,81,100.0,801.7,80170.0,2025-01-16
2025011601024383,BEDC,88,57,350.0,801.7,280595.0,2025-01-16
2025011601024382,BEDC,88,66,100.0,801.7,80170.0,2025-01-16
2025011601024381,BEDC,88,41,250.0,801.7,200425.0,2025-01-16
2025011601024380,BEDC,88,10,10.0,800.7,8007.0,2025-01-16
2025011601024379,BEDC,88,51,10.0,800.7,8007.0,2025-01-16
2025011601024378,BEDC,88,58,600.0,800.0,480000.0,2025-01-16
2025011601024377,BEDC,88,1,50.0,800.0,40000.0,2025-01-16
2025011601024376,BEDC,88,13,10.0,800.0,8000.0,2025-01-16
2025011601024375,BEDC,88,45,10.0,800.0,8000.0,2025-01-16
2025011601024374,BEDC,88,42,10.0,800.0,8000.0,2025-01-16
2025011601024373,BEDC,88,49,10.0,800.0,8000.0,2025-01-16
2025011601024372,BEDC,88,56,50.0,800.0,40000.0,2025-01-16
2025011601024371,BEDC,88,77,100.0,800.0,80000.0,2025-01-16
2025011601024370,BEDC,88,13,100.0,800.0,80000.0,2025-01-16
2025011601024369,BEDC,88,45,10.0,799.9,7999.0,2025-01-16
2025011601024368,BEDC,88,81,180.0,799.9,143982.0,2025-01-16
2025011601024367,BEDC,88,13,20.0,799.9,15998.0,2025-01-16
2025011601024366,BEDC,88,63,50.0,799.9,39995.0,2025-01-16
2025011601024365,BEDC,88,26,500.0,799.5,399750.0,2025-01-16
2025011601024364,BEDC,88,82,100.0,799.5,79950.0,2025-01-16
2025011601024363,BEDC,88,13,10.0,799.5,7995.0,2025-01-16
2025011601024362,BEDC,88,55,50.0,799.5,39975.0,2025-01-16
2025011601024361,BEDC,88,25,200.0,799.5,159900.0,2025-01-16
2025011601024360,BEDC,88,56,300.0,799.5,239850.0,2025-01-16
2025011601024359,BEDC,88,36,1000.0,799.15,799150.0,2025-01-16
2025011601024358,BEDC,88,40,50.0,799.0,39950.0,2025-01-16
2025011601024357,BEDC,88,81,1000.0,799.0,799000.0,2025-01-16
2025011601024356,BEDC,88,33,500.0,799.0,399500.0,2025-01-16
2025011601024355,BEDC,88,56,3000.0,799.0,2397000.0,2025-01-16
2025011601024354,BEDC,88,51,500.0,799.0,399500.0,2025-01-16
2025011601024353,BEDC,88,45,500.0,799.0,399500.0,2025-01-16
2025011601024352,BEDC,88,56,200.0,798.6,159720.0,2025-01-16
2025011601024351,BEDC,88,44,50.0,798.0,39900.0,2025-01-16
2025011601024350,BEDC,88,52,100.0,798.0,79800.0,2025-01-16
2025011601024349,BEDC,88,1,50.0,798.0,39900.0,2025-01-16
2025011601024348,BEDC,88,45,35.0,798.0,27930.0,2025-01-16
2025011601024347,BEDC,88,5,920.0,798.0,734160.0,2025-01-16
2025011601024346,BEDC,88,45,3000.0,797.0,2391000.0,2025-01-16
2025011601024345,BEDC,88,58,400.0,797.0,318800.0,2025-01-16
2025011601024344,BEDC,88,33,69.0,797.0,54993.0,2025-01-16
2025011601024343,BEDC,88,36,10.0,795.8,7958.0,2025-01-16
2025011601024342,BEDC,88,45,10.0,795.7,7957.0,2025-01-16
2025011601024341,BEDC,88,71,500.0,795.0,397500.0,2025-01-16
2025011601024340,BEDC,88,52,10.0,795.0,7950.0,2025-01-16
2025011601024339,BEDC,88,68,50.0,793.4,39670.0,2025-01-16
2025011601024338,BEDC,88,13,20.0,792.0,15840.0,2025-01-16
2025011601024337,BEDC,88,58,10.0,791.5,7915.0,2025-01-16
2025011601024336,BEDC,88,50,200.0,790.0,158000.0,2025-01-16
2025011601024335,BEDC,88,81,1000.0,790.0,790000.0,2025-01-16
2025011601024334,BEDC,88,95,20.0,790.0,15800.0,2025-01-16
2025011601024333,BEDC,88,40,10.0,790.0,7900.0,2025-01-16
2025011601024332,BEDC,88,39,150.0,790.0,118500.0,2025-01-16
2025011601024331,BEDC,88,54,50.0,789.0,39450.0,2025-01-16
2025011601024330,BEDC,88,41,10.0,789.0,7890.0,2025-01-16
2025011601024329,BEDC,88,42,55.0,788.0,43340.0,2025-01-16
2025011601024328,BEDC,88,44,80.0,787.0,62960.0,2025-01-16
2025011601024327,BEDC,88,50,300.0,785.5,235650.0,2025-01-16
2025011601024326,BEDC,88,50,200.0,785.5,157100.0,2025-01-16
2025011601024325,BEDC,88,82,100.0,785.4,78540.0,2025-01-16
2025011601024324,BEDC,88,13,30.0,785.4,23562.0,2025-01-16
2025011601024323,BEDC,88,34,50.0,785.0,39250.0,2025-01-16
2025011601024322,BEDC,88,13,52.0,785.0,40820.0,2025-01-16
2025011601024321,BEDC,88,35,10.0,785.0,7850.0,2025-01-16
2025011601024320,BEDC,88,6,10.0,785.0,7850.0,2025-01-16
2025011601024319,BEDC,88,48,400.0,784.0,313600.0,2025-01-16
2025011601024318,BEDC,88,6,45.0,783.7,35266.5,2025-01-16
2025011601024317,BEDC,88,45,10.0,783.0,7830.0,2025-01-16
2025011603020376,ICFC,41,22,105.0,622.0,65310.0,2025-01-16
2025011604012782,CHL,57,43,30.0,428.9,12867.0,2025-01-16
2025011603020375,SFCL,57,57,68.0,589.0,40052.0,2025-01-16
2025011603020374,SFCL,57,28,100.0,588.9,58890.0,2025-01-16
2025011603020373,SFCL,57,36,300.0,588.0,176400.0,2025-01-16
2025011603020372,SFCL,57,49,32.0,588.0,18816.0,2025-01-16
2025011604012781,NLG,55,35,490.0,1031.0,505190.0,2025-01-16
2025011601024316,SMHL,65,45,900.0,1512.0,1360800.0,2025-01-16
2025011603020371,NLIC,49,42,19.0,808.3,15357.7,2025-01-16
2025011604012780,NGPL,48,61,205.0,268.0,54940.0,2025-01-16
2025011604012779,NGPL,48,25,65.0,268.0,17420.0,2025-01-16
2025011604012778,NGPL,48,43,30.0,268.0,8040.0,2025-01-16
2025011603020370,SAPDBL,45,85,20.0,1170.0,23400.0,2025-01-16
2025011603020369,SAPDBL,8,85,50.0,1170.0,58500.0,2025-01-16
2025011603020368,HLBSL,62,8,30.0,945.0,28350.0,2025-01-16
2025011603020367,HLBSL,62,8,50.0,945.0,47250.0,2025-01-16
2025011603020366,HLBSL,62,22,20.0,944.0,18880.0,2025-01-16
2025011601024315,SARBTM,54,37,40.0,745.0,29800.0,2025-01-16
2025011604012777,DHPL,90,3,44.0,326.0,14344.0,2025-01-16
2025011604012776,OHL,48,47,40.0,880.0,35200.0,2025-01-16
2025011603020365,PROFL,14,47,100.0,547.0,54700.0,2025-01-16
2025011603020364,PROFL,14,56,110.0,546.0,60060.0,2025-01-16
2025011603020363,JBBL,32,14,115.0,350.0,40250.0,2025-01-16
2025011603020362,JBBL,32,42,85.0,350.0,29750.0,2025-01-16
2025011605011795,SMJC,42,36,100.0,580.0,58000.0,2025-01-16
2025011604012775,KPCL,58,55,331.0,557.0,184367.0,2025-01-16
2025011601024314,MKJC,29,98,10.0,568.0,5680.0,2025-01-16
2025011605011794,HRL,44,37,100.0,787.2,78720.0,2025-01-16
2025011603020361,BFC,25,71,130.0,602.0,78260.0,2025-01-16
2025011603020360,BFC,34,71,250.0,602.1,150525.0,2025-01-16
2025011603020359,BFC,44,71,100.0,602.1,60210.0,2025-01-16
2025011603020358,BFC,26,71,20.0,602.2,12044.0,2025-01-16
2025011601024313,LSL,28,16,200.0,209.1,41820.0,2025-01-16
2025011603020357,SINDU,78,38,100.0,1092.0,109200.0,2025-01-16
2025011605011793,NRIC,21,38,63.0,784.6,49429.8,2025-01-16
2025011601024312,CZBIL,38,38,10.0,207.0,2070.0,2025-01-16
2025011603020356,SADBL,58,3,115.0,383.8,44137.0,2025-01-16
2025011603020355,GBBL,57,32,15.0,388.0,5820.0,2025-01-16
2025011603020354,SIFC,48,57,145.0,530.0,76850.0,2025-01-16
2025011603020353,SIFC,34,57,50.0,530.0,26500.0,2025-01-16
2025011603020352,SMB,14,35,20.0,2653.0,53060.0,2025-01-16
2025011603020351,SMB,48,35,10.0,2653.3,26533.0,2025-01-16
2025011603020350,SMB,58,35,20.0,2670.0,53400.0,2025-01-16
2025011603020349,SFCL,57,49,18.0,588.0,10584.0,2025-01-16
2025011603020348,SLBBL,41,57,100.0,899.0,89900.0,2025-01-16
2025011604012774,AHPC,57,42,198.0,245.1,48529.8,2025-01-16
2025011604012773,AHPC,47,42,40.0,245.1,9804.0,2025-01-16
2025011604012772,AHPC,57,42,700.0,245.5,171850.0,2025-01-16
2025011604012771,AHPC,6,42,40.0,245.6,9824.0,2025-01-16
2025011603020347,SFCL,28,40,91.0,588.0,53508.0,2025-01-16
2025011601024311,AHL,77,62,146.0,786.0,114756.0,2025-01-16
2025011601024310,AHL,22,62,20.0,786.0,15720.0,2025-01-16
2025011601024309,AHL,45,62,110.0,786.0,86460.0,2025-01-16
2025011603020346,SFCL,40,62,70.0,587.0,41090.0,2025-01-16
2025011604012770,AHPC,72,42,50.0,247.0,12350.0,2025-01-16
2025011601024308,TSHL,39,7,10.0,860.9,8609.0,2025-01-16
2025011601024307,TSHL,39,5,20.0,860.8,17216.0,2025-01-16
2025011601024306,TSHL,39,17,12.0,860.0,10320.0,2025-01-16
2025011601024305,TSHL,39,41,38.0,860.0,32680.0,2025-01-16
2025011601024304,TSHL,39,49,10.0,860.0,8600.0,2025-01-16
2025011601024303,TSHL,39,36,10.0,860.0,8600.0,2025-01-16
2025011601024302,TSHL,39,42,10.0,860.0,8600.0,2025-01-16
2025011601024301,TSHL,39,42,10.0,860.0,8600.0,2025-01-16
2025011601024300,TSHL,39,35,15.0,854.8,12822.0,2025-01-16
2025011601024299,TSHL,39,34,20.0,854.8,17096.0,2025-01-16
2025011601024298,TSHL,39,38,10.0,854.0,8540.0,2025-01-16
2025011601024297,TSHL,39,29,10.0,854.0,8540.0,2025-01-16
2025011601024296,TSHL,39,29,20.0,854.0,17080.0,2025-01-16
2025011604012769,MEN,34,52,50.0,602.0,30100.0,2025-01-16
2025011604012768,GHL,42,26,50.0,205.0,10250.0,2025-01-16
2025011604012767,GHL,45,26,500.0,205.0,102500.0,2025-01-16
2025011603020345,GFCL,19,38,30.0,717.0,21510.0,2025-01-16
2025011603020344,GFCL,19,32,20.0,717.0,14340.0,2025-01-16
2025011603020343,GFCL,19,7,50.0,717.0,35850.0,2025-01-16
2025011604012766,GHL,52,26,450.0,205.0,92250.0,2025-01-16
2025011603020342,GFCL,19,22,50.0,717.0,35850.0,2025-01-16
2025011603020341,GFCL,19,42,47.0,717.0,33699.0,2025-01-16
2025011604012765,KKHC,13,49,50.0,390.0,19500.0,2025-01-16
2025011604012764,PPCL,49,19,10.0,289.0,2890.0,2025-01-16
2025011601024295,BEDC,72,33,235.0,768.6,180621.0,2025-01-16
2025011601024294,BEDC,57,33,65.0,769.0,49985.0,2025-01-16
2025011601024293,MCHL,71,45,10.0,644.0,6440.0,2025-01-16
2025011601024292,GBIME,28,36,15.0,217.5,3262.5,2025-01-16
2025011603020340,PROFL,25,56,50.0,546.0,27300.0,2025-01-16
2025011601024291,BNHC,22,53,17.0,519.9,8838.3,2025-01-16
2025011601024290,ULBSL,5,38,10.0,3986.0,39860.0,2025-01-16
2025011601024289,SRLI,1,39,10.0,419.9,4199.0,2025-01-16
2025011601024288,SRLI,1,32,10.0,419.0,4190.0,2025-01-16
2025011604012763,AKJCL,46,58,274.0,194.5,53293.0,2025-01-16
2025011604012762,AKJCL,46,1,126.0,194.5,24507.0,2025-01-16
2025011605011792,CHDC,69,64,50.0,1665.0,83250.0,2025-01-16
2025011601024287,RHGCL,57,1,100.0,626.0,62600.0,2025-01-16
2025011605011791,SMJC,42,58,50.0,580.0,29000.0,2025-01-16
2025011604012761,CGH,18,4,20.0,877.0,17540.0,2025-01-16
2025011604012760,NGPL,33,66,630.0,266.0,167580.0,2025-01-16
2025011604012759,NGPL,6,66,100.0,266.1,26610.0,2025-01-16
2025011604012758,NGPL,57,66,270.0,266.1,71847.0,2025-01-16
2025011601024286,BHDC,60,43,30.0,710.0,21300.0,2025-01-16
2025011601024285,TVCL,57,34,67.0,589.0,39463.0,2025-01-16
2025011601024284,TVCL,35,34,100.0,590.0,59000.0,2025-01-16
2025011603020339,HLI,6,42,20.0,448.0,8960.0,2025-01-16
2025011603020338,SINDU,6,38,90.0,1092.0,98280.0,2025-01-16
2025011601024283,SGHC,42,22,10.0,568.0,5680.0,2025-01-16
2025011604012757,UPPER,58,13,10.0,199.6,1996.0,2025-01-16
2025011601024282,RHGCL,43,1,100.0,626.0,62600.0,2025-01-16
2025011601024281,SNLI,16,57,17.0,615.0,10455.0,2025-01-16
2025011601024280,SNLI,19,57,150.0,615.0,92250.0,2025-01-16
2025011601024279,SNLI,35,57,23.0,615.0,14145.0,2025-01-16
2025011601024278,SNLI,58,57,10.0,615.0,6150.0,2025-01-16
2025011601024277,SNLI,42,57,32.0,615.0,19680.0,2025-01-16
2025011601024276,SNLI,21,57,30.0,615.0,18450.0,2025-01-16
2025011603020337,GMFBS,5,42,30.0,1730.2,51906.0,2025-01-16
2025011601024275,ADBL,42,11,35.0,283.8,9933.0,2025-01-16
2025011601024274,RAWA,49,51,50.0,810.0,40500.0,2025-01-16
2025011604012756,SPDL,40,22,100.0,324.0,32400.0,2025-01-16
2025011604012755,SPDL,40,45,193.0,324.0,62532.0,2025-01-16
2025011603020336,SFCL,40,5,100.0,587.0,58700.0,2025-01-16
2025011601024273,BGWT,74,8,201.0,1070.0,215070.0,2025-01-16
2025011601024272,BGWT,7,8,100.0,1070.1,107010.0,2025-01-16
2025011601024271,NICA,4,34,86.0,368.9,31725.4,2025-01-16
2025011601024270,MSHL,66,39,10.0,943.0,9430.0,2025-01-16
2025011605011790,NRN,59,10,100.0,1161.0,116100.0,2025-01-16
2025011605011789,NRN,59,10,50.0,1161.0,58050.0,2025-01-16
2025011605011788,NRN,59,8,200.0,1161.0,232200.0,2025-01-16
2025011605011787,NRN,59,4,100.0,1161.0,116100.0,2025-01-16
2025011605011786,NRN,59,53,52.0,1161.0,60372.0,2025-01-16
2025011604012754,SHPC,60,82,10.0,459.8,4598.0,2025-01-16
2025011604012753,SSHL,49,32,100.0,224.0,22400.0,2025-01-16
2025011605011785,VLUCL,57,19,45.0,685.0,30825.0,2025-01-16
2025011605011784,VLUCL,28,19,11.0,685.0,7535.0,2025-01-16
2025011605011783,VLUCL,32,19,250.0,685.0,171250.0,2025-01-16
2025011605011782,VLUCL,34,19,124.0,685.0,84940.0,2025-01-16
2025011605011781,NRN,89,26,10.0,1160.1,11601.0,2025-01-16
2025011604012752,CHL,74,58,490.0,430.0,210700.0,2025-01-16
2025011604012751,CHL,74,6,100.0,430.0,43000.0,2025-01-16
2025011604012750,CHL,74,13,100.0,430.0,43000.0,2025-01-16
2025011604012749,CHL,74,52,30.0,430.0,12900.0,2025-01-16
2025011604012748,CHL,74,45,600.0,430.0,258000.0,2025-01-16
2025011604012747,CHL,74,11,25.0,430.0,10750.0,2025-01-16
2025011604012746,CHL,74,58,40.0,430.0,17200.0,2025-01-16
2025011604012745,CHL,74,39,10.0,430.0,4300.0,2025-01-16
2025011604012744,CHL,74,3,100.0,430.0,43000.0,2025-01-16
2025011604012743,CHL,74,45,150.0,430.0,64500.0,2025-01-16
2025011604012742,CHL,74,44,20.0,430.0,8600.0,2025-01-16
2025011604012741,CHL,74,13,25.0,429.9,10747.5,2025-01-16
2025011604012740,CHL,74,59,500.0,429.8,214900.0,2025-01-16
2025011604012739,CHL,74,25,20.0,429.0,8580.0,2025-01-16
2025011604012738,CHL,74,26,790.0,429.0,338910.0,2025-01-16
2025011603020335,MFIL,44,49,55.0,614.1,33775.5,2025-01-16
2025011603020334,MFIL,51,49,100.0,614.9,61490.0,2025-01-16
2025011603020333,MFIL,3,49,400.0,615.0,246000.0,2025-01-16
2025011603020332,MFIL,32,49,145.0,615.0,89175.0,2025-01-16
2025011601024269,SCB,13,55,55.0,667.5,36712.5,2025-01-16
2025011603020331,NFS,57,33,50.0,802.1,40105.0,2025-01-16
2025011603020330,NFS,49,33,150.0,803.0,120450.0,2025-01-16
2025011601024268,DORDI,58,49,428.0,600.0,256800.0,2025-01-16
2025011601024267,DORDI,58,49,100.0,600.0,60000.0,2025-01-16
2025011601024266,DORDI,41,49,50.0,600.0,30000.0,2025-01-16
2025011601024265,DORDI,56,49,15.0,600.0,9000.0,2025-01-16
2025011601024264,DORDI,55,49,100.0,600.0,60000.0,2025-01-16
2025011601024263,DORDI,62,49,17.0,600.0,10200.0,2025-01-16
2025011601024262,DORDI,14,49,40.0,600.1,24004.0,2025-01-16
2025011604012737,AKPL,22,39,10.0,229.0,2290.0,2025-01-16
2025011603020329,SINDU,78,38,100.0,1092.0,109200.0,2025-01-16
2025011604012736,AKPL,38,39,50.0,229.0,11450.0,2025-01-16
2025011601024261,NYADI,58,70,63.0,547.0,34461.0,2025-01-16
2025011601024260,NYADI,58,44,12.0,546.0,6552.0,2025-01-16
2025011601024259,KBL,29,43,303.0,205.0,62115.0,2025-01-16
2025011601024258,KBL,8,43,500.0,205.0,102500.0,2025-01-16
2025011601024257,KBL,32,43,1300.0,205.0,266500.0,2025-01-16
2025011601024256,KBL,42,43,50.0,205.0,10250.0,2025-01-16
2025011601024255,KBL,34,43,100.0,205.0,20500.0,2025-01-16
2025011601024254,KBL,58,43,25.0,205.0,5125.0,2025-01-16
2025011601024253,KBL,11,43,30.0,205.0,6150.0,2025-01-16
2025011601024252,KBL,34,43,50.0,205.0,10250.0,2025-01-16
2025011601024251,KBL,42,43,260.0,205.0,53300.0,2025-01-16
2025011601024250,KBL,19,43,120.0,205.0,24600.0,2025-01-16
2025011601024249,KBL,39,43,100.0,205.0,20500.0,2025-01-16
2025011601024248,KBL,42,43,100.0,205.0,20500.0,2025-01-16
2025011601024247,KBL,6,43,55.0,205.0,11275.0,2025-01-16
2025011603020328,JBBL,58,42,40.0,350.0,14000.0,2025-01-16
2025011601024246,CYCL,34,21,138.0,1490.0,205620.0,2025-01-16
2025011601024245,CYCL,42,21,50.0,1492.0,74600.0,2025-01-16
2025011601024244,CYCL,45,21,37.0,1499.0,55463.0,2025-01-16
2025011603020327,JFL,58,38,40.0,560.0,22400.0,2025-01-16
2025011601024243,MANDU,47,1,199.0,904.0,179896.0,2025-01-16
2025011604012735,UAIL,34,41,50.0,630.0,31500.0,2025-01-16
2025011604012734,UAIL,14,41,50.0,630.0,31500.0,2025-01-16
2025011601024242,SIKLES,22,57,10.0,955.0,9550.0,2025-01-16
2025011603020326,NFS,49,57,250.0,803.0,200750.0,2025-01-16
2025011601024241,SARBTM,62,45,100.0,744.0,74400.0,2025-01-16
2025011603020325,HLI,42,34,10.0,447.0,4470.0,2025-01-16
2025011605011780,CHDC,44,48,22.0,1660.0,36520.0,2025-01-16
2025011605011779,CHDC,44,1,10.0,1660.0,16600.0,2025-01-16
2025011605011778,CHDC,44,64,228.0,1660.0,378480.0,2025-01-16
2025011605011777,CHDC,44,65,40.0,1659.0,66360.0,2025-01-16
2025011601024240,UHEWA,50,47,10.0,913.0,9130.0,2025-01-16
2025011601024239,SMHL,65,8,10.0,1512.0,15120.0,2025-01-16
2025011601024238,MBL,66,45,940.0,225.0,211500.0,2025-01-16
2025011601024237,MSHL,63,39,10.0,943.0,9430.0,2025-01-16
2025011601024236,MSHL,57,39,10.0,943.0,9430.0,2025-01-16
2025011601024235,TAMOR,57,34,50.0,569.0,28450.0,2025-01-16
2025011603020324,PROFL,34,56,30.0,546.0,16380.0,2025-01-16
2025011603020323,JFL,33,34,100.0,559.2,55920.0,2025-01-16
2025011601024234,PPL,82,42,10.0,608.0,6080.0,2025-01-16
2025011605011776,HRL,13,6,10.0,788.0,7880.0,2025-01-16
2025011604012733,UNHPL,49,57,10.0,290.5,2905.0,2025-01-16
2025011601024233,MBL,22,45,60.0,225.0,13500.0,2025-01-16
2025011603020322,MNBBL,38,32,50.0,370.9,18545.0,2025-01-16
2025011601024232,SBI,38,74,10.0,440.0,4400.0,2025-01-16
2025011603020321,DDBL,58,41,33.0,780.0,25740.0,2025-01-16
2025011605011775,HRL,58,6,14.0,788.0,11032.0,2025-01-16
2025011604012732,BPCL,62,44,43.0,387.5,16662.5,2025-01-16
2025011603020320,PROFL,54,56,10.0,546.0,5460.0,2025-01-16
2025011603020319,SFCL,46,5,100.0,587.0,58700.0,2025-01-16
2025011604012731,RIDI,25,47,40.0,221.5,8860.0,2025-01-16
2025011601024231,SMH,14,36,10.0,1115.0,11150.0,2025-01-16
2025011601024230,SMH,14,47,10.0,1113.0,11130.0,2025-01-16
2025011601024229,SMH,14,4,10.0,1110.0,11100.0,2025-01-16
2025011601024228,SMH,14,34,10.0,1105.0,11050.0,2025-01-16
2025011603020318,NLIC,60,52,86.0,809.0,69574.0,2025-01-16
2025011603020317,NLIC,60,44,100.0,809.0,80900.0,2025-01-16
2025011603020316,NLIC,60,57,140.0,809.0,113260.0,2025-01-16
2025011603020315,NLIC,60,57,285.0,809.0,230565.0,2025-01-16
2025011603020314,NLIC,60,87,200.0,808.9,161780.0,2025-01-16
2025011603020313,NLIC,60,87,189.0,808.9,152882.1,2025-01-16
2025011601024227,RHGCL,20,1,10.0,626.0,6260.0,2025-01-16
2025011604012730,UNHPL,1,29,295.0,290.3,85638.5,2025-01-16
2025011604012729,TRH,72,33,100.0,1175.1,117510.0,2025-01-16
2025011603020312,PROFL,51,56,100.0,546.0,54600.0,2025-01-16
2025011604012728,SGIC,56,60,59.0,662.0,39058.0,2025-01-16
2025011601024226,PRVU,49,49,194.0,217.6,42214.4,2025-01-16
2025011601024225,CITY,77,32,500.0,897.0,448500.0,2025-01-16
2025011601024224,NESDO,17,55,10.0,2269.0,22690.0,2025-01-16
2025011601024223,NABIL,38,17,87.0,489.0,42543.0,2025-01-16
2025011601024222,NABIL,41,17,50.0,489.0,24450.0,2025-01-16
2025011605011774,CLI,16,63,450.0,688.0,309600.0,2025-01-16
2025011601024221,NABIL,22,26,30.0,489.6,14688.0,2025-01-16
2025011601024220,SANIMA,38,17,25.0,291.5,7287.5,2025-01-16
2025011605011773,CLI,16,58,10.0,688.0,6880.0,2025-01-16
2025011604012727,TRH,72,35,70.0,1175.1,82257.0,2025-01-16
2025011601024219,BNHC,45,53,10.0,519.9,5199.0,2025-01-16
2025011604012726,JOSHI,45,58,40.0,425.0,17000.0,2025-01-16
2025011601024218,PPL,45,42,200.0,608.0,121600.0,2025-01-16
2025011601024217,PPL,32,42,100.0,608.0,60800.0,2025-01-16
2025011601024216,PPL,59,42,200.0,608.0,121600.0,2025-01-16
2025011601024215,PPL,45,42,200.0,608.0,121600.0,2025-01-16
2025011603020311,MDB,34,42,30.0,636.0,19080.0,2025-01-16
2025011604012725,SHEL,51,36,50.0,253.1,12655.0,2025-01-16
2025011604012724,SHEL,34,36,200.0,253.1,50620.0,2025-01-16
2025011601024214,BHPL,60,48,830.0,1070.0,888100.0,2025-01-16
2025011601024213,BHPL,60,55,110.0,1070.0,117700.0,2025-01-16
2025011601024212,BHPL,60,33,60.0,1067.0,64020.0,2025-01-16
2025011603020310,ALBSL,58,60,40.0,793.0,31720.0,2025-01-16
2025011605011772,PHCL,65,32,500.0,588.0,294000.0,2025-01-16
2025011601024211,IHL,17,67,100.0,697.0,69700.0,2025-01-16
2025011604012723,NGPL,33,43,30.0,268.0,8040.0,2025-01-16
2025011604012722,NGPL,33,54,20.0,268.0,5360.0,2025-01-16
2025011603020309,ILBS,17,74,20.0,965.0,19300.0,2025-01-16
2025011601024210,USHEC,25,53,61.0,690.0,42090.0,2025-01-16
2025011603020308,JFL,68,38,10.0,560.0,5600.0,2025-01-16
2025011603020307,MPFL,38,32,50.0,634.0,31700.0,2025-01-16
2025011605011771,NRN,18,53,200.0,1161.0,232200.0,2025-01-16
2025011604012721,NHPC,45,45,400.0,213.7,85480.0,2025-01-16
2025011604012720,NHPC,45,29,107.0,213.7,22865.9,2025-01-16
2025011604012719,NHPC,45,26,150.0,213.6,32040.0,2025-01-16
2025011605011770,HDL,48,50,100.0,1142.0,114200.0,2025-01-16
2025011605011769,SMJC,5,81,500.0,580.0,290000.0,2025-01-16
2025011605011768,SMJC,5,80,20.0,580.0,11600.0,2025-01-16
2025011605011767,SMJC,5,46,70.0,580.0,40600.0,2025-01-16
2025011605011766,SMJC,5,45,10.0,580.0,5800.0,2025-01-16
2025011601024209,RHGCL,5,1,10.0,626.0,6260.0,2025-01-16
2025011601024208,NICA,43,47,814.0,368.2,299714.8,2025-01-16
2025011601024207,NICA,57,47,132.0,368.2,48602.4,2025-01-16
2025011601024206,NICA,34,47,54.0,368.3,19888.2,2025-01-16
2025011603020306,NMBMF,41,14,200.0,670.0,134000.0,2025-01-16
2025011603020305,NMBMF,42,14,55.0,671.0,36905.0,2025-01-16
2025011604012718,SHPC,45,14,25.0,456.2,11405.0,2025-01-16
2025011604012717,SHPC,58,14,100.0,456.3,45630.0,2025-01-16
2025011605011765,PHCL,66,26,20.0,589.7,11794.0,2025-01-16
2025011601024205,BHDC,21,59,40.0,708.7,28348.0,2025-01-16
2025011601024204,GBIME,29,50,340.0,216.6,73644.0,2025-01-16
2025011601024203,GBIME,25,50,50.0,216.7,10835.0,2025-01-16
2025011601024202,GBIME,38,50,550.0,217.0,119350.0,2025-01-16
2025011601024201,GBIME,47,50,250.0,217.0,54250.0,2025-01-16
2025011601024200,GBIME,42,50,10.0,217.0,2170.0,2025-01-16
2025011601024199,GBIME,51,50,800.0,217.0,173600.0,2025-01-16
2025011603020304,GMFIL,59,48,10.0,485.0,4850.0,2025-01-16
2025011604012716,AKPL,22,34,100.0,228.5,22850.0,2025-01-16
2025011604012715,RHPL,32,58,100.0,451.0,45100.0,2025-01-16
2025011603020303,USLB,32,56,10.0,1504.0,15040.0,2025-01-16
2025011605011764,MEL,34,13,150.0,347.0,52050.0,2025-01-16
2025011603020302,SMFBS,7,13,10.0,1902.0,19020.0,2025-01-16
2025011603020301,SMFBS,7,13,10.0,1903.0,19030.0,2025-01-16
2025011601024198,UHEWA,50,56,20.0,913.0,18260.0,2025-01-16
2025011604012714,BPCL,53,44,50.0,387.5,19375.0,2025-01-16
2025011604012713,SPDL,70,45,12.0,324.0,3888.0,2025-01-16
2025011605011763,NTC,49,41,40.0,878.1,35124.0,2025-01-16
2025011603020300,SMB,55,35,21.0,2655.0,55755.0,2025-01-16
2025011603020299,SMB,51,35,11.0,2655.0,29205.0,2025-01-16
2025011603020298,SMB,49,35,10.0,2655.0,26550.0,2025-01-16
2025011603020297,SMB,65,35,10.0,2660.0,26600.0,2025-01-16
2025011603020296,SMB,71,35,20.0,2670.0,53400.0,2025-01-16
2025011603020295,SMB,22,35,40.0,2670.0,106800.0,2025-01-16
2025011603020294,SINDU,57,38,85.0,1093.0,92905.0,2025-01-16
2025011603020293,SINDU,57,85,115.0,1093.0,125695.0,2025-01-16
2025011605011762,HIDCL,57,52,100.0,231.0,23100.0,2025-01-16
2025011603020292,JBBL,58,42,20.0,350.0,7000.0,2025-01-16
2025011604012712,RHPL,58,75,1390.0,450.0,625500.0,2025-01-16
2025011604012711,RHPL,10,75,110.0,450.1,49511.0,2025-01-16
2025011601024197,GBIME,59,45,100.0,217.0,21700.0,2025-01-16
2025011605011761,ENL,8,45,65.0,1204.3,78279.5,2025-01-16
2025011604012710,SPDL,70,47,200.0,323.1,64620.0,2025-01-16
2025011603020291,SFCL,1,40,100.0,588.0,58800.0,2025-01-16
2025011601024196,UHEWA,50,39,500.0,913.0,456500.0,2025-01-16
2025011601024195,UHEWA,50,57,1670.0,896.6,1497322.0,2025-01-16
2025011601024194,TVCL,57,11,33.0,589.0,19437.0,2025-01-16
2025011601024193,TVCL,20,11,847.0,589.0,498883.0,2025-01-16
2025011601024192,TVCL,43,11,20.0,589.1,11782.0,2025-01-16
2025011601024191,TVCL,34,11,100.0,589.1,58910.0,2025-01-16
2025011601024190,MANDU,47,11,137.0,904.0,123848.0,2025-01-16
2025011601024189,MANDU,29,11,53.0,904.0,47912.0,2025-01-16
2025011603020290,SLBBL,13,57,20.0,900.0,18000.0,2025-01-16
2025011603020289,SJLIC,45,13,87.0,445.1,38723.7,2025-01-16
2025011603020288,SJLIC,49,13,367.0,445.1,163351.7,2025-01-16
2025011601024188,NYADI,6,70,100.0,547.0,54700.0,2025-01-16
2025011601024187,NBL,1,37,1000.0,252.0,252000.0,2025-01-16
2025011601024186,NBL,67,37,30.0,252.0,7560.0,2025-01-16
2025011601024185,NBL,48,37,100.0,252.0,25200.0,2025-01-16
2025011601024184,NBL,6,37,100.0,252.0,25200.0,2025-01-16
2025011601024183,NBL,25,37,50.0,252.0,12600.0,2025-01-16
2025011601024182,NBL,5,37,200.0,252.0,50400.0,2025-01-16
2025011601024181,NBL,20,37,84.0,252.0,21168.0,2025-01-16
2025011601024180,NBL,58,37,600.0,252.0,151200.0,2025-01-16
2025011601024179,NBL,22,37,100.0,252.0,25200.0,2025-01-16
2025011601024178,NBL,52,37,60.0,252.0,15120.0,2025-01-16
2025011601024177,NBL,34,37,50.0,252.0,12600.0,2025-01-16
2025011601024176,NBL,29,37,2000.0,252.0,504000.0,2025-01-16
2025011601024175,NBL,59,37,200.0,252.0,50400.0,2025-01-16
2025011601024174,NBL,57,37,50.0,252.0,12600.0,2025-01-16
2025011601024173,NBL,29,37,1000.0,252.0,252000.0,2025-01-16
2025011601024172,NBL,38,37,1000.0,252.0,252000.0,2025-01-16
2025011601024171,NBL,14,37,1000.0,252.0,252000.0,2025-01-16
2025011601024170,NBL,46,37,1427.0,252.1,359746.7,2025-01-16
2025011601024169,RHGCL,17,33,100.0,621.1,62110.0,2025-01-16
2025011604012709,SJCL,3,52,150.0,352.3,52845.0,2025-01-16
2025011601024168,NYADI,17,70,100.0,547.0,54700.0,2025-01-16
2025011601024167,BGWT,7,36,100.0,1070.1,107010.0,2025-01-16
2025011605011760,NRN,25,53,13.0,1161.0,15093.0,2025-01-16
2025011601024166,UHEWA,49,25,50.0,896.0,44800.0,2025-01-16
2025011604012708,RIDI,25,42,67.0,221.5,14840.5,2025-01-16
2025011605011759,PHCL,43,26,30.0,589.7,17691.0,2025-01-16
2025011605011758,CIT,20,38,150.0,1982.0,297300.0,2025-01-16
2025011605011757,SHIVM,35,49,120.0,517.0,62040.0,2025-01-16
2025011604012707,HPPL,3,42,520.0,457.1,237692.0,2025-01-16
2025011604012706,HPPL,42,42,480.0,457.2,219456.0,2025-01-16
2025011603020287,GFCL,95,45,200.0,716.4,143280.0,2025-01-16
2025011604012705,HPPL,58,32,105.0,457.9,48079.5,2025-01-16
2025011601024165,SANIMA,20,58,80.0,291.0,23280.0,2025-01-16
2025011604012704,PMHPL,34,58,300.0,282.0,84600.0,2025-01-16
2025011603020286,JFL,68,57,40.0,560.0,22400.0,2025-01-16
2025011604012703,NHPC,47,42,545.0,213.0,116085.0,2025-01-16
2025011601024164,LSL,28,8,653.0,209.1,136542.3,2025-01-16
2025011601024163,LSL,4,8,100.0,209.5,20950.0,2025-01-16
2025011601024162,LSL,57,8,200.0,209.5,41900.0,2025-01-16
2025011601024161,LSL,21,8,47.0,209.5,9846.5,2025-01-16
2025011603020285,CFCL,33,4,69.0,558.0,38502.0,2025-01-16
2025011603020284,CFCL,21,4,31.0,558.0,17298.0,2025-01-16
2025011604012702,SHPC,60,82,164.0,459.8,75407.2,2025-01-16
2025011604012701,SHPC,60,36,30.0,459.0,13770.0,2025-01-16
2025011604012700,SHPC,60,43,306.0,456.4,139658.4,2025-01-16
2025011605011756,HDL,7,50,15.0,1142.0,17130.0,2025-01-16
2025011605011755,HDL,17,50,20.0,1142.0,22840.0,2025-01-16
2025011605011754,HDL,46,50,10.0,1142.0,11420.0,2025-01-16
2025011605011753,HDL,10,50,26.0,1142.0,29692.0,2025-01-16
2025011605011752,HDL,22,50,80.0,1142.0,91360.0,2025-01-16
2025011605011751,HDL,38,50,10.0,1142.0,11420.0,2025-01-16
2025011603020283,SWMF,34,34,31.0,747.9,23184.9,2025-01-16
2025011604012699,AHPC,25,34,200.0,245.6,49120.0,2025-01-16
2025011604012698,TRH,34,40,10.0,1182.5,11825.0,2025-01-16
2025011605011750,PHCL,65,32,1000.0,588.0,588000.0,2025-01-16
2025011601024160,RHGCL,17,77,34.0,621.1,21117.4,2025-01-16
2025011601024159,RHGCL,49,77,10.0,621.4,6214.0,2025-01-16
2025011601024158,RHGCL,34,77,50.0,622.0,31100.0,2025-01-16
2025011601024157,RHGCL,32,77,211.0,622.0,131242.0,2025-01-16
2025011601024156,RHGCL,42,77,195.0,622.1,121309.5,2025-01-16
2025011601024155,MKHL,53,34,10.0,655.0,6550.0,2025-01-16
2025011601024154,MKHL,53,67,10.0,654.9,6549.0,2025-01-16
2025011603020282,NFS,22,48,10.0,802.0,8020.0,2025-01-16
2025011603020281,NFS,22,1,16.0,802.0,12832.0,2025-01-16
2025011605011749,HRL,22,6,50.0,788.0,39400.0,2025-01-16
2025011604012697,BARUN,38,58,375.0,433.0,162375.0,2025-01-16
2025011604012696,BARUN,38,4,50.0,432.0,21600.0,2025-01-16
2025011603020280,NLIC,49,38,33.0,808.3,26673.9,2025-01-16
2025011603020279,MDB,68,41,50.0,636.0,31800.0,2025-01-16
2025011603020278,SHINE,44,48,50.0,409.0,20450.0,2025-01-16
2025011603020277,SKBBL,45,22,330.0,808.0,266640.0,2025-01-16
2025011605011748,NRM,58,51,126.0,475.0,59850.0,2025-01-16
2025011603020276,PROFL,45,47,50.0,547.0,27350.0,2025-01-16
2025011603020275,CORBL,71,45,16.0,1650.0,26400.0,2025-01-16
2025011603020274,ILBS,45,39,90.0,951.1,85599.0,2025-01-16
2025011603020273,ILBS,62,39,100.0,951.1,95110.0,2025-01-16
2025011603020272,JBBL,19,42,35.0,350.0,12250.0,2025-01-16
2025011603020271,MFIL,32,40,55.0,615.0,33825.0,2025-01-16
2025011605011747,MEL,55,34,60.0,348.0,20880.0,2025-01-16
2025011604012695,NGPL,16,54,50.0,268.0,13400.0,2025-01-16
2025011604012694,UPPER,19,3,200.0,199.5,39900.0,2025-01-16
2025011604012693,UPPER,41,3,50.0,199.5,9975.0,2025-01-16
2025011604012692,DHPL,7,3,16.0,326.0,5216.0,2025-01-16
2025011604012691,DHPL,34,3,240.0,329.0,78960.0,2025-01-16
2025011603020270,NLICL,17,39,78.0,589.0,45942.0,2025-01-16
2025011603020269,EDBL,57,17,350.0,587.2,205520.0,2025-01-16
2025011603020268,BFC,11,70,10.0,604.0,6040.0,2025-01-16
2025011603020267,MFIL,43,50,200.0,614.9,122980.0,2025-01-16
2025011605011746,ILI,59,38,79.0,465.1,36742.9,2025-01-16
2025011605011745,ILI,33,38,100.0,465.1,46510.0,2025-01-16
2025011605011744,ILI,45,38,20.0,465.5,9310.0,2025-01-16
2025011605011743,ILI,14,38,155.0,465.5,72152.5,2025-01-16
2025011605011742,ILI,58,38,188.0,465.6,87532.8,2025-01-16
2025011604012690,SICL,41,39,17.0,789.9,13428.3,2025-01-16
