transaction,symbol,buyer,seller,quantity,rate,amount,date
2025011505012774,SMATA,26,54,11.0,819.9,9018.9,2025-01-15
2025011504012059,JOSHI,45,49,85.0,427.0,36295.0,2025-01-15
2025011504012058,JOSHI,43,49,200.0,427.0,85400.0,2025-01-15
2025011504012057,JOSHI,39,49,10.0,427.0,4270.0,2025-01-15
2025011504012056,JOSHI,11,49,50.0,428.0,21400.0,2025-01-15
2025011504012055,JOSHI,53,49,300.0,428.0,128400.0,2025-01-15
2025011504012054,JOSHI,58,49,10.0,428.0,4280.0,2025-01-15
2025011504012053,JOSHI,54,49,15.0,428.4,6426.0,2025-01-15
2025011501020831,ULBSL,57,49,10.0,4000.5,40005.0,2025-01-15
2025011501020830,DORDI,56,65,100.0,596.0,59600.0,2025-01-15
2025011505012773,NRN,91,33,10.0,1187.0,11870.0,2025-01-15
2025011504012052,HURJA,33,59,1000.0,229.9,229900.0,2025-01-15
2025011504012051,HURJA,33,39,250.0,229.8,57450.0,2025-01-15
2025011504012050,HURJA,33,4,750.0,228.9,171675.0,2025-01-15
2025011501020829,MHL,6,72,10.0,850.0,8500.0,2025-01-15
2025011501020828,USHEC,48,38,45.0,692.0,31140.0,2025-01-15
2025011503017710,GBBL,48,5,30.0,389.0,11670.0,2025-01-15
2025011505012772,SHIVM,45,48,21.0,520.0,10920.0,2025-01-15
2025011505012771,SHIVM,45,65,25.0,520.0,13000.0,2025-01-15
2025011505012770,SHIVM,45,42,20.0,520.0,10400.0,2025-01-15
2025011505012769,SHIVM,45,38,94.0,520.0,48880.0,2025-01-15
2025011505012768,SHIVM,45,41,40.0,519.9,20796.0,2025-01-15
2025011503017709,NLIC,39,87,10.0,807.7,8077.0,2025-01-15
2025011501020827,ULHC,13,14,40.0,555.0,22200.0,2025-01-15
2025011501020826,ULHC,19,14,316.0,555.0,175380.0,2025-01-15
2025011503017708,JFL,5,57,10.0,618.0,6180.0,2025-01-15
2025011504012049,JOSHI,54,5,10.0,428.4,4284.0,2025-01-15
2025011505012767,MEL,63,48,840.0,348.0,292320.0,2025-01-15
2025011505012766,MEL,63,74,200.0,348.0,69600.0,2025-01-15
2025011505012765,MEL,63,63,500.0,348.0,174000.0,2025-01-15
2025011505012764,MEL,63,14,140.0,348.0,48720.0,2025-01-15
2025011505012763,MEL,63,5,100.0,347.5,34750.0,2025-01-15
2025011505012762,MEL,63,22,100.0,347.5,34750.0,2025-01-15
2025011505012761,MEL,63,45,120.0,347.5,41700.0,2025-01-15
2025011505012760,ENL,55,1,10.0,1245.0,12450.0,2025-01-15
2025011501020825,MHCL,55,57,440.0,545.0,239800.0,2025-01-15
2025011501020824,MHCL,55,22,10.0,545.0,5450.0,2025-01-15
2025011501020823,MHCL,55,57,100.0,545.0,54500.0,2025-01-15
2025011501020822,MHCL,55,21,40.0,545.0,21800.0,2025-01-15
2025011501020821,MHCL,55,6,100.0,545.0,54500.0,2025-01-15
2025011501020820,MHCL,55,32,25.0,545.0,13625.0,2025-01-15
2025011501020819,MHCL,55,41,300.0,543.9,163170.0,2025-01-15
2025011501020818,MHCL,55,48,50.0,542.7,27135.0,2025-01-15
2025011501020817,MHCL,55,42,155.0,542.0,84010.0,2025-01-15
2025011501020816,MHCL,55,22,480.0,541.0,259680.0,2025-01-15
2025011503017707,SAPDBL,74,7,10.0,1202.8,12028.0,2025-01-15
2025011501020815,BHPL,92,38,10.0,1040.0,10400.0,2025-01-15
2025011501020814,BHPL,92,38,10.0,1040.0,10400.0,2025-01-15
2025011501020813,RFPL,92,33,30.0,1368.0,41040.0,2025-01-15
2025011501020812,BHPL,92,38,10.0,1040.0,10400.0,2025-01-15
2025011503017706,SMB,32,65,100.0,2666.0,266600.0,2025-01-15
2025011503017705,SMB,63,65,100.0,2670.0,267000.0,2025-01-15
2025011503017704,SMB,48,65,10.0,2671.0,26710.0,2025-01-15
2025011503017703,SMB,14,65,20.0,2672.0,53440.0,2025-01-15
2025011503017702,SMB,45,65,40.0,2673.0,106920.0,2025-01-15
2025011503017701,SMB,22,65,20.0,2675.0,53500.0,2025-01-15
2025011503017700,GMFIL,29,17,30.0,519.0,15570.0,2025-01-15
2025011503017699,GMFIL,29,62,170.0,518.0,88060.0,2025-01-15
2025011503017698,MDB,29,26,10.0,654.7,6547.0,2025-01-15
2025011501020811,EHPL,71,100,50.0,798.9,39945.0,2025-01-15
2025011501020810,MMKJL,33,50,660.0,691.0,456060.0,2025-01-15
2025011501020809,MMKJL,48,50,510.0,691.1,352461.0,2025-01-15
2025011501020808,MMKJL,78,50,20.0,692.0,13840.0,2025-01-15
2025011501020807,MMKJL,39,50,190.0,692.0,131480.0,2025-01-15
2025011501020806,MMKJL,33,50,120.0,695.0,83400.0,2025-01-15
2025011503017697,CORBL,71,29,50.0,1720.0,86000.0,2025-01-15
2025011505012759,MBJC,17,78,100.0,348.9,34890.0,2025-01-15
2025011501020805,RHGCL,17,55,80.0,630.0,50400.0,2025-01-15
2025011501020804,RHGCL,17,94,20.0,630.0,12600.0,2025-01-15
2025011503017696,LBBL,17,44,15.0,461.5,6922.5,2025-01-15
2025011503017695,LBBL,17,21,500.0,461.0,230500.0,2025-01-15
2025011503017694,LBBL,17,52,50.0,460.0,23000.0,2025-01-15
2025011503017693,LBBL,17,56,90.0,459.9,41391.0,2025-01-15
2025011503017692,LBBL,17,41,542.0,458.0,248236.0,2025-01-15
2025011501020803,MKHC,13,38,20.0,538.1,10762.0,2025-01-15
2025011503017691,NFS,57,65,29.0,851.0,24679.0,2025-01-15
2025011501020802,UHEWA,32,6,10.0,846.6,8466.0,2025-01-15
2025011501020801,DORDI,28,80,50.0,586.1,29305.0,2025-01-15
2025011503017690,SAPDBL,28,7,10.0,1202.8,12028.0,2025-01-15
2025011503017689,SAPDBL,28,5,40.0,1202.8,48112.0,2025-01-15
2025011503017688,SAPDBL,28,20,20.0,1202.5,24050.0,2025-01-15
2025011503017687,SAPDBL,28,57,30.0,1202.5,36075.0,2025-01-15
2025011503017686,NABBC,28,38,400.0,1150.0,460000.0,2025-01-15
2025011501020800,MKHC,42,38,10.0,538.1,5381.0,2025-01-15
2025011501020799,MCHL,42,55,10.0,631.0,6310.0,2025-01-15
2025011505012758,NRIC,62,42,90.0,778.0,70020.0,2025-01-15
2025011505012757,NRIC,62,34,10.0,775.1,7751.0,2025-01-15
2025011503017685,SLBBL,62,68,10.0,898.0,8980.0,2025-01-15
2025011505012756,PHCL,69,7,10.0,595.0,5950.0,2025-01-15
2025011501020798,RFPL,62,33,10.0,1368.0,13680.0,2025-01-15
2025011503017684,SWBBL,54,59,20.0,864.9,17298.0,2025-01-15
2025011504012048,GLH,72,45,10.0,246.0,2460.0,2025-01-15
2025011503017683,PFL,71,34,375.0,481.1,180412.5,2025-01-15
2025011503017682,PFL,45,34,50.0,481.1,24055.0,2025-01-15
2025011503017681,PFL,38,34,53.0,481.5,25519.5,2025-01-15
2025011503017680,PFL,55,34,50.0,482.0,24100.0,2025-01-15
2025011503017679,PFL,34,34,60.0,482.0,28920.0,2025-01-15
2025011503017678,PFL,77,34,112.0,482.0,53984.0,2025-01-15
2025011503017677,GUFL,34,57,10.0,638.0,6380.0,2025-01-15
2025011503017676,NABBC,38,38,10.0,1150.0,11500.0,2025-01-15
2025011504012047,JOSHI,1,4,112.0,432.0,48384.0,2025-01-15
2025011504012046,JOSHI,1,85,388.0,430.0,166840.0,2025-01-15
2025011504012045,AHPC,81,58,100.0,248.5,24850.0,2025-01-15
2025011501020797,SARBTM,58,4,49.0,737.0,36113.0,2025-01-15
2025011501020796,SARBTM,58,66,101.0,731.0,73831.0,2025-01-15
2025011503017675,SAPDBL,60,57,50.0,1202.5,60125.0,2025-01-15
2025011504012044,JOSHI,41,85,135.0,430.0,58050.0,2025-01-15
2025011504012043,JOSHI,4,85,400.0,430.0,172000.0,2025-01-15
2025011504012042,JOSHI,45,85,347.0,430.0,149210.0,2025-01-15
2025011504012041,JOSHI,41,85,20.0,430.0,8600.0,2025-01-15
2025011504012040,JOSHI,58,85,100.0,430.1,43010.0,2025-01-15
2025011504012039,JOSHI,57,85,20.0,430.2,8604.0,2025-01-15
2025011503017674,MLBL,51,74,10.0,369.0,3690.0,2025-01-15
2025011504012038,UMRH,77,56,230.0,645.0,148350.0,2025-01-15
2025011504012037,UMRH,77,32,10.0,645.0,6450.0,2025-01-15
2025011504012036,UMRH,77,48,290.0,645.0,187050.0,2025-01-15
2025011504012035,UMRH,77,45,10.0,645.0,6450.0,2025-01-15
2025011504012034,UMRH,77,34,300.0,644.0,193200.0,2025-01-15
2025011504012033,UMRH,77,48,100.0,644.0,64400.0,2025-01-15
2025011504012032,UMRH,77,34,60.0,644.0,38640.0,2025-01-15
2025011501020795,HBL,56,22,174.0,232.7,40489.8,2025-01-15
2025011501020794,HBL,56,49,60.0,232.6,13956.0,2025-01-15
2025011501020793,HBL,56,34,500.0,232.0,116000.0,2025-01-15
2025011503017673,HLBSL,64,17,30.0,943.0,28290.0,2025-01-15
2025011501020792,AVYAN,66,34,10.0,1028.0,10280.0,2025-01-15
2025011503017672,GRDBL,6,59,35.0,1216.0,42560.0,2025-01-15
2025011503017671,GRDBL,6,44,10.0,1215.0,12150.0,2025-01-15
2025011503017670,MLBL,4,74,10.0,369.0,3690.0,2025-01-15
2025011504012031,JOSHI,41,4,315.0,432.0,136080.0,2025-01-15
2025011503017669,NLIC,32,45,45.0,807.0,36315.0,2025-01-15
2025011501020791,MAKAR,14,38,10.0,652.0,6520.0,2025-01-15
2025011503017668,SFCL,14,7,50.0,633.0,31650.0,2025-01-15
2025011504012030,JOSHI,91,57,10.0,433.0,4330.0,2025-01-15
2025011504012029,KPCL,44,48,10.0,548.0,5480.0,2025-01-15
2025011504012028,NGPL,44,32,158.0,270.0,42660.0,2025-01-15
2025011504012027,NGPL,44,21,300.0,270.0,81000.0,2025-01-15
2025011504012026,NGPL,44,54,100.0,270.0,27000.0,2025-01-15
2025011504012025,NGPL,44,34,400.0,270.0,108000.0,2025-01-15
2025011504012024,NGPL,44,5,242.0,270.0,65340.0,2025-01-15
2025011503017667,JFL,43,55,11.0,617.0,6787.0,2025-01-15
2025011503017666,JFL,34,55,100.0,617.0,61700.0,2025-01-15
2025011503017665,JFL,62,55,239.0,617.0,147463.0,2025-01-15
2025011503017664,JFL,14,55,250.0,617.5,154375.0,2025-01-15
2025011504012023,PMHPL,55,45,10.0,281.0,2810.0,2025-01-15
2025011505012755,PHCL,96,94,1591.0,597.0,949827.0,2025-01-15
2025011505012754,PHCL,96,57,25.0,597.0,14925.0,2025-01-15
2025011505012753,PHCL,96,58,10.0,596.8,5968.0,2025-01-15
2025011505012752,PHCL,96,62,374.0,596.8,223203.2,2025-01-15
2025011501020790,BEDC,74,98,300.0,800.0,240000.0,2025-01-15
2025011501020789,BEDC,74,29,75.0,785.0,58875.0,2025-01-15
2025011501020788,BEDC,74,5,1000.0,785.0,785000.0,2025-01-15
2025011503017663,NABBC,20,38,86.0,1150.0,98900.0,2025-01-15
2025011503017662,NABBC,20,28,100.0,1150.0,115000.0,2025-01-15
2025011503017661,NABBC,20,38,50.0,1150.0,57500.0,2025-01-15
2025011503017660,NABBC,20,49,105.0,1150.0,120750.0,2025-01-15
2025011503017659,NABBC,20,71,93.0,1150.0,106950.0,2025-01-15
2025011503017658,NABBC,20,28,10.0,1150.0,11500.0,2025-01-15
2025011503017657,NABBC,20,71,200.0,1150.0,230000.0,2025-01-15
2025011503017656,NABBC,20,71,200.0,1150.0,230000.0,2025-01-15
2025011503017655,NABBC,20,37,50.0,1150.0,57500.0,2025-01-15
2025011503017654,NABBC,20,43,19.0,1150.0,21850.0,2025-01-15
2025011503017653,NABBC,20,80,48.0,1150.0,55200.0,2025-01-15
2025011503017652,NABBC,20,38,300.0,1149.9,344970.0,2025-01-15
2025011503017651,NABBC,20,88,90.0,1148.9,103401.0,2025-01-15
2025011503017650,NABBC,20,40,100.0,1147.5,114750.0,2025-01-15
2025011503017649,NABBC,20,57,49.0,1146.0,56154.0,2025-01-15
2025011501020787,SMHL,65,65,50.0,1657.0,82850.0,2025-01-15
2025011501020786,SMHL,65,34,200.0,1657.0,331400.0,2025-01-15
2025011501020785,SMHL,65,5,10.0,1650.0,16500.0,2025-01-15
2025011501020784,SMHL,65,25,50.0,1640.0,82000.0,2025-01-15
2025011501020783,SMHL,65,47,910.0,1632.0,1485120.0,2025-01-15
2025011501020782,SMHL,65,58,35.0,1632.0,57120.0,2025-01-15
2025011501020781,SMHL,65,41,100.0,1547.0,154700.0,2025-01-15
2025011501020780,SMHL,65,57,100.0,1547.0,154700.0,2025-01-15
2025011501020779,SMHL,65,18,100.0,1547.0,154700.0,2025-01-15
2025011501020778,SMHL,65,41,300.0,1540.0,462000.0,2025-01-15
2025011501020777,SMHL,65,41,300.0,1540.0,462000.0,2025-01-15
2025011501020776,SMHL,65,45,360.0,1539.1,554076.0,2025-01-15
2025011501020775,SMHL,65,77,10.0,1539.1,15391.0,2025-01-15
2025011501020774,SMHL,65,34,30.0,1539.0,46170.0,2025-01-15
2025011501020773,SMHL,65,58,66.0,1535.1,101316.6,2025-01-15
2025011501020772,SMHL,65,57,10.0,1535.1,15351.0,2025-01-15
2025011501020771,SMHL,65,71,265.0,1535.1,406801.5,2025-01-15
2025011501020770,SMHL,65,19,10.0,1535.1,15351.0,2025-01-15
2025011501020769,SMHL,65,55,20.0,1535.1,30702.0,2025-01-15
2025011501020768,SMHL,65,35,30.0,1535.0,46050.0,2025-01-15
2025011501020767,SMHL,65,6,10.0,1535.0,15350.0,2025-01-15
2025011501020766,SMHL,65,68,10.0,1535.0,15350.0,2025-01-15
2025011501020765,SMHL,65,45,10.0,1535.0,15350.0,2025-01-15
2025011501020764,SMHL,65,57,10.0,1535.0,15350.0,2025-01-15
2025011501020763,SMHL,65,62,10.0,1535.0,15350.0,2025-01-15
2025011501020762,SMHL,65,39,10.0,1535.0,15350.0,2025-01-15
2025011501020761,SMHL,65,57,10.0,1535.0,15350.0,2025-01-15
2025011501020760,SMHL,65,75,10.0,1534.0,15340.0,2025-01-15
2025011501020759,SMHL,65,35,20.0,1534.0,30680.0,2025-01-15
2025011501020758,SMHL,65,49,10.0,1534.0,15340.0,2025-01-15
2025011501020757,SMHL,65,14,10.0,1533.0,15330.0,2025-01-15
2025011501020756,SMHL,65,42,30.0,1533.0,45990.0,2025-01-15
2025011501020755,SMHL,65,58,30.0,1531.0,45930.0,2025-01-15
2025011501020754,SMHL,65,57,10.0,1531.0,15310.0,2025-01-15
2025011501020753,SMHL,65,35,10.0,1531.0,15310.0,2025-01-15
2025011501020752,SMHL,65,34,10.0,1531.0,15310.0,2025-01-15
2025011501020751,SMHL,65,49,10.0,1531.0,15310.0,2025-01-15
2025011501020750,SMHL,65,44,10.0,1530.1,15301.0,2025-01-15
2025011501020749,SMHL,65,65,10.0,1530.1,15301.0,2025-01-15
2025011501020748,SMHL,65,26,10.0,1530.1,15301.0,2025-01-15
2025011501020747,SMHL,65,49,10.0,1530.1,15301.0,2025-01-15
2025011501020746,SMHL,65,22,100.0,1530.0,153000.0,2025-01-15
2025011501020745,SMHL,65,42,10.0,1530.0,15300.0,2025-01-15
2025011501020744,SMHL,65,39,10.0,1530.0,15300.0,2025-01-15
2025011501020743,SMHL,65,38,10.0,1530.0,15300.0,2025-01-15
2025011501020742,SMHL,65,17,10.0,1530.0,15300.0,2025-01-15
2025011501020741,SMHL,65,45,10.0,1530.0,15300.0,2025-01-15
2025011501020740,SMHL,65,42,10.0,1530.0,15300.0,2025-01-15
2025011501020739,SMHL,65,38,10.0,1530.0,15300.0,2025-01-15
2025011501020738,SMHL,65,52,10.0,1530.0,15300.0,2025-01-15
2025011501020737,SMHL,65,58,10.0,1530.0,15300.0,2025-01-15
2025011501020736,SMHL,65,22,10.0,1530.0,15300.0,2025-01-15
2025011501020735,SMHL,65,38,10.0,1530.0,15300.0,2025-01-15
2025011501020734,SMHL,65,32,10.0,1530.0,15300.0,2025-01-15
2025011501020733,SMHL,65,37,50.0,1530.0,76500.0,2025-01-15
2025011501020732,SMHL,65,41,200.0,1530.0,306000.0,2025-01-15
2025011501020731,SMHL,65,65,100.0,1530.0,153000.0,2025-01-15
2025011501020730,SMHL,65,29,100.0,1530.0,153000.0,2025-01-15
2025011501020729,SMHL,65,57,10.0,1529.0,15290.0,2025-01-15
2025011501020728,SMHL,65,65,100.0,1528.0,152800.0,2025-01-15
2025011501020727,SMHL,65,58,10.0,1525.0,15250.0,2025-01-15
2025011501020726,SMHL,65,34,200.0,1525.0,305000.0,2025-01-15
2025011501020725,SMHL,65,65,20.0,1525.0,30500.0,2025-01-15
2025011501020724,SMHL,65,38,10.0,1525.0,15250.0,2025-01-15
2025011501020723,SMHL,65,6,20.0,1520.0,30400.0,2025-01-15
2025011501020722,SMHL,65,34,200.0,1520.0,304000.0,2025-01-15
2025011501020721,SMHL,65,4,10.0,1520.0,15200.0,2025-01-15
2025011501020720,SMHL,65,49,10.0,1520.0,15200.0,2025-01-15
2025011501020719,SMHL,65,26,10.0,1520.0,15200.0,2025-01-15
2025011501020718,SMHL,65,45,10.0,1519.0,15190.0,2025-01-15
2025011501020717,SMHL,65,52,10.0,1519.0,15190.0,2025-01-15
2025011501020716,SMHL,65,45,10.0,1517.0,15170.0,2025-01-15
2025011501020715,SMHL,65,37,10.0,1517.0,15170.0,2025-01-15
2025011501020714,SMHL,65,49,10.0,1515.0,15150.0,2025-01-15
2025011501020713,SMHL,65,96,480.0,1515.0,727200.0,2025-01-15
2025011501020712,SMHL,65,35,290.0,1515.0,439350.0,2025-01-15
2025011501020711,SMHL,65,57,10.0,1515.0,15150.0,2025-01-15
2025011501020710,SMHL,65,34,10.0,1515.0,15150.0,2025-01-15
2025011501020709,SMHL,65,36,10.0,1515.0,15150.0,2025-01-15
2025011501020708,SMHL,65,58,10.0,1515.0,15150.0,2025-01-15
2025011501020707,SMHL,65,11,10.0,1510.0,15100.0,2025-01-15
2025011501020706,SMHL,65,57,10.0,1510.0,15100.0,2025-01-15
2025011501020705,SMHL,65,42,30.0,1510.0,45300.0,2025-01-15
2025011501020704,SMHL,65,48,10.0,1510.0,15100.0,2025-01-15
2025011501020703,SMHL,65,38,10.0,1505.0,15050.0,2025-01-15
2025011501020702,SMHL,65,32,10.0,1505.0,15050.0,2025-01-15
2025011501020701,SMHL,65,49,10.0,1505.0,15050.0,2025-01-15
2025011501020700,SMHL,65,28,120.0,1505.0,180600.0,2025-01-15
2025011501020699,SMHL,65,38,10.0,1503.0,15030.0,2025-01-15
2025011505012751,NRN,29,101,200.0,1188.9,237780.0,2025-01-15
2025011501020698,MLBS,8,29,10.0,2004.1,20041.0,2025-01-15
2025011504012022,JOSHI,71,57,100.0,433.0,43300.0,2025-01-15
2025011504012021,NLG,50,45,200.0,1005.0,201000.0,2025-01-15
2025011503017648,NABBC,17,57,10.0,1146.0,11460.0,2025-01-15
2025011503017647,NABBC,17,28,100.0,1145.8,114580.0,2025-01-15
2025011503017646,NABBC,17,48,20.0,1145.0,22900.0,2025-01-15
2025011503017645,NABBC,17,46,10.0,1145.0,11450.0,2025-01-15
2025011503017644,NABBC,17,35,15.0,1145.0,17175.0,2025-01-15
2025011503017643,NABBC,17,64,80.0,1144.9,91592.0,2025-01-15
2025011501020697,SBL,50,85,16.0,293.0,4688.0,2025-01-15
2025011503017642,NABBC,17,49,60.0,1144.0,68640.0,2025-01-15
2025011503017641,NABBC,17,57,205.0,1140.0,233700.0,2025-01-15
2025011501020696,SBL,50,25,200.0,292.0,58400.0,2025-01-15
2025011501020695,SBL,50,58,45.0,292.0,13140.0,2025-01-15
2025011501020694,SBL,50,14,79.0,292.0,23068.0,2025-01-15
2025011504012020,HPPL,50,44,265.0,462.0,122430.0,2025-01-15
2025011504012019,HPPL,50,96,735.0,462.0,339570.0,2025-01-15
2025011501020693,USHEC,57,38,10.0,692.0,6920.0,2025-01-15
2025011501020692,MLBS,28,43,45.0,2004.5,90202.5,2025-01-15
2025011501020691,EHPL,42,100,10.0,798.9,7989.0,2025-01-15
2025011503017640,NABBC,69,57,50.0,1140.0,57000.0,2025-01-15
2025011501020690,ULBSL,36,17,10.0,4095.0,40950.0,2025-01-15
2025011501020689,EHPL,62,100,70.0,798.9,55923.0,2025-01-15
2025011501020688,NESDO,62,62,10.0,2253.1,22531.0,2025-01-15
2025011501020687,CYCL,62,46,10.0,1548.0,15480.0,2025-01-15
2025011501020686,RFPL,62,57,20.0,1367.0,27340.0,2025-01-15
2025011501020685,RFPL,62,38,10.0,1360.0,13600.0,2025-01-15
2025011501020684,RFPL,62,38,10.0,1360.0,13600.0,2025-01-15
2025011501020683,RFPL,62,57,10.0,1350.0,13500.0,2025-01-15
2025011501020682,RFPL,62,49,10.0,1350.0,13500.0,2025-01-15
2025011501020681,RFPL,62,58,10.0,1350.0,13500.0,2025-01-15
2025011501020680,RFPL,62,57,10.0,1349.0,13490.0,2025-01-15
2025011501020679,RFPL,62,84,460.0,1349.0,620540.0,2025-01-15
2025011501020678,RFPL,62,42,10.0,1348.0,13480.0,2025-01-15
2025011503017639,MLBL,52,74,10.0,369.0,3690.0,2025-01-15
2025011501020677,NESDO,1,55,10.0,2280.0,22800.0,2025-01-15
2025011504012018,RHPL,38,49,50.0,459.0,22950.0,2025-01-15
2025011504012017,RHPL,38,13,110.0,458.9,50479.0,2025-01-15
2025011501020676,ULBSL,62,38,10.0,4001.0,40010.0,2025-01-15
2025011501020675,ULBSL,62,58,13.0,4001.0,52013.0,2025-01-15
2025011504012016,UPPER,58,8,100.0,200.0,20000.0,2025-01-15
2025011505012750,NRN,60,101,40.0,1188.9,47556.0,2025-01-15
2025011505012749,NRN,60,55,10.0,1188.9,11889.0,2025-01-15
2025011501020674,MKHC,81,47,10.0,538.0,5380.0,2025-01-15
2025011501020673,MCHL,26,38,280.0,630.0,176400.0,2025-01-15
2025011501020672,RFPL,62,49,10.0,1342.0,13420.0,2025-01-15
2025011503017638,MATRI,49,46,10.0,1199.9,11999.0,2025-01-15
2025011503017637,NMBMF,56,49,10.0,695.9,6959.0,2025-01-15
2025011503017636,NMBMF,56,43,100.0,690.0,69000.0,2025-01-15
2025011504012015,UPCL,35,53,20.0,275.0,5500.0,2025-01-15
2025011504012014,RHPL,6,13,10.0,458.9,4589.0,2025-01-15
2025011505012748,STC,44,41,47.0,5379.0,252813.0,2025-01-15
2025011505012747,STC,44,26,14.0,5378.9,75304.6,2025-01-15
2025011505012746,STC,44,5,39.0,5365.0,209235.0,2025-01-15
2025011505012745,NRM,63,38,190.0,462.0,87780.0,2025-01-15
2025011505012744,NRM,63,21,10.0,462.0,4620.0,2025-01-15
2025011505012743,NRM,63,55,20.0,462.0,9240.0,2025-01-15
2025011505012742,NRM,63,58,10.0,462.0,4620.0,2025-01-15
2025011505012741,NRM,63,38,20.0,461.9,9238.0,2025-01-15
2025011505012740,NRM,63,42,50.0,461.5,23075.0,2025-01-15
2025011501020671,EBL,81,25,14.0,579.8,8117.2,2025-01-15
2025011501020670,EBL,81,45,156.0,577.0,90012.0,2025-01-15
2025011505012739,HRL,51,55,200.0,791.2,158240.0,2025-01-15
2025011501020669,BGWT,74,45,100.0,1089.9,108990.0,2025-01-15
2025011501020668,BGWT,74,7,10.0,1089.7,10897.0,2025-01-15
2025011501020667,BGWT,74,74,500.0,1089.0,544500.0,2025-01-15
2025011501020666,BGWT,74,32,39.0,1089.0,42471.0,2025-01-15
2025011501020665,BGWT,74,1,10.0,1089.0,10890.0,2025-01-15
2025011501020664,BGWT,74,26,356.0,1088.0,387328.0,2025-01-15
2025011501020663,BHPL,92,38,40.0,1040.0,41600.0,2025-01-15
2025011501020662,BHPL,92,14,10.0,1014.0,10140.0,2025-01-15
2025011505012738,CIT,49,17,20.0,1986.1,39722.0,2025-01-15
2025011504012013,HURJA,50,4,100.0,228.9,22890.0,2025-01-15
2025011501020661,USHEC,25,38,10.0,692.0,6920.0,2025-01-15
2025011501020660,MEHL,57,11,40.0,517.0,20680.0,2025-01-15
2025011501020659,MEHL,57,48,10.0,517.0,5170.0,2025-01-15
2025011501020658,MEHL,57,43,50.0,516.0,25800.0,2025-01-15
2025011504012012,KKHC,32,17,100.0,429.3,42930.0,2025-01-15
2025011504012011,KKHC,32,22,700.0,413.0,289100.0,2025-01-15
2025011504012010,KKHC,32,56,337.0,409.0,137833.0,2025-01-15
2025011504012009,KKHC,32,1,135.0,408.0,55080.0,2025-01-15
2025011504012008,KKHC,32,74,500.0,408.0,204000.0,2025-01-15
2025011504012007,KKHC,32,57,200.0,408.0,81600.0,2025-01-15
2025011504012006,KKHC,32,32,10.0,408.0,4080.0,2025-01-15
2025011504012005,KKHC,32,26,10.0,408.0,4080.0,2025-01-15
2025011504012004,KKHC,32,45,300.0,408.0,122400.0,2025-01-15
2025011504012003,KKHC,32,57,100.0,408.0,40800.0,2025-01-15
2025011504012002,KKHC,32,59,500.0,408.0,204000.0,2025-01-15
2025011504012001,KKHC,32,47,200.0,408.0,81600.0,2025-01-15
2025011504012000,KKHC,32,55,100.0,408.0,40800.0,2025-01-15
2025011504011999,KKHC,32,45,750.0,408.0,306000.0,2025-01-15
2025011504011998,KKHC,32,58,10.0,408.0,4080.0,2025-01-15
2025011504011997,KKHC,32,32,600.0,408.0,244800.0,2025-01-15
2025011504011996,KKHC,32,61,500.0,408.0,204000.0,2025-01-15
2025011504011995,KKHC,32,51,100.0,408.0,40800.0,2025-01-15
2025011504011994,KKHC,32,49,200.0,408.0,81600.0,2025-01-15
2025011504011993,KKHC,32,4,10.0,408.0,4080.0,2025-01-15
2025011504011992,KKHC,32,22,100.0,408.0,40800.0,2025-01-15
2025011504011991,KKHC,32,53,2000.0,408.0,816000.0,2025-01-15
2025011504011990,KKHC,32,61,300.0,408.0,122400.0,2025-01-15
2025011504011989,KKHC,32,38,500.0,408.0,204000.0,2025-01-15
2025011504011988,KKHC,32,52,100.0,408.0,40800.0,2025-01-15
2025011504011987,KKHC,32,33,550.0,408.0,224400.0,2025-01-15
2025011504011986,KKHC,32,43,100.0,408.0,40800.0,2025-01-15
2025011504011985,KKHC,32,63,244.0,408.0,99552.0,2025-01-15
2025011504011984,KKHC,32,16,1000.0,408.0,408000.0,2025-01-15
2025011504011983,KKHC,32,45,16.0,408.0,6528.0,2025-01-15
2025011504011982,KKHC,32,32,50.0,408.0,20400.0,2025-01-15
2025011504011981,KKHC,32,52,935.0,408.0,381480.0,2025-01-15
2025011504011980,KKHC,32,66,50.0,408.0,20400.0,2025-01-15
2025011504011979,KKHC,32,13,500.0,408.0,204000.0,2025-01-15
2025011504011978,KKHC,32,14,945.0,408.0,385560.0,2025-01-15
2025011504011977,KKHC,32,63,500.0,408.0,204000.0,2025-01-15
2025011504011976,KKHC,32,57,339.0,407.8,138244.2,2025-01-15
2025011504011975,KKHC,32,49,100.0,407.8,40780.0,2025-01-15
2025011504011974,KKHC,32,56,1120.0,407.8,456736.0,2025-01-15
2025011504011973,KKHC,32,74,450.0,407.8,183510.0,2025-01-15
2025011504011972,KKHC,32,35,275.0,407.1,111952.5,2025-01-15
2025011504011971,KKHC,32,4,20.0,407.1,8142.0,2025-01-15
2025011504011970,KKHC,32,34,500.0,407.0,203500.0,2025-01-15
2025011504011969,KKHC,32,5,500.0,407.0,203500.0,2025-01-15
2025011504011968,KKHC,32,38,20.0,407.0,8140.0,2025-01-15
2025011504011967,KKHC,32,36,200.0,407.0,81400.0,2025-01-15
2025011504011966,KKHC,32,57,20.0,407.0,8140.0,2025-01-15
2025011504011965,KKHC,32,45,200.0,407.0,81400.0,2025-01-15
2025011504011964,KKHC,32,40,30.0,407.0,12210.0,2025-01-15
2025011504011963,KKHC,32,21,40.0,406.9,16276.0,2025-01-15
2025011504011962,KKHC,32,28,100.0,406.9,40690.0,2025-01-15
2025011504011961,KKHC,32,41,25.0,406.9,10172.5,2025-01-15
2025011504011960,KKHC,32,6,100.0,406.9,40690.0,2025-01-15
2025011504011959,KKHC,32,57,100.0,406.6,40660.0,2025-01-15
2025011504011958,KKHC,32,94,100.0,406.0,40600.0,2025-01-15
2025011504011957,KKHC,32,34,500.0,406.0,203000.0,2025-01-15
2025011504011956,KKHC,32,59,200.0,406.0,81200.0,2025-01-15
2025011504011955,KKHC,32,18,100.0,406.0,40600.0,2025-01-15
2025011504011954,KKHC,32,42,2000.0,405.9,811800.0,2025-01-15
2025011504011953,KKHC,32,38,494.0,405.9,200514.6,2025-01-15
2025011504011952,KKHC,32,41,100.0,405.9,40590.0,2025-01-15
2025011504011951,KKHC,32,45,16.0,405.0,6480.0,2025-01-15
2025011504011950,KKHC,32,22,50.0,405.0,20250.0,2025-01-15
2025011504011949,KKHC,32,14,15.0,405.0,6075.0,2025-01-15
2025011504011948,KKHC,32,39,50.0,405.0,20250.0,2025-01-15
2025011504011947,KKHC,32,44,4790.0,405.0,1939950.0,2025-01-15
2025011504011946,KKHC,32,42,30.0,405.0,12150.0,2025-01-15
2025011504011945,KKHC,32,57,50.0,405.0,20250.0,2025-01-15
2025011504011944,KKHC,32,58,50.0,405.0,20250.0,2025-01-15
2025011504011943,KKHC,32,35,35.0,405.0,14175.0,2025-01-15
2025011504011942,KKHC,32,34,37.0,405.0,14985.0,2025-01-15
2025011504011941,KKHC,32,22,71.0,405.0,28755.0,2025-01-15
2025011504011940,KKHC,32,41,16.0,405.0,6480.0,2025-01-15
2025011504011939,KKHC,32,43,50.0,405.0,20250.0,2025-01-15
2025011504011938,KKHC,32,61,100.0,405.0,40500.0,2025-01-15
2025011504011937,KKHC,32,33,50.0,404.0,20200.0,2025-01-15
2025011504011936,KKHC,32,45,100.0,404.0,40400.0,2025-01-15
2025011504011935,KKHC,32,74,45.0,404.0,18180.0,2025-01-15
2025011504011934,KKHC,32,22,38.0,403.5,15333.0,2025-01-15
2025011504011933,KKHC,32,42,10.0,403.0,4030.0,2025-01-15
2025011504011932,KKHC,32,41,1575.0,402.9,634567.5,2025-01-15
2025011504011931,KKHC,32,43,10.0,402.3,4023.0,2025-01-15
2025011504011930,KKHC,32,13,100.0,402.0,40200.0,2025-01-15
2025011504011929,KKHC,32,43,20.0,402.0,8040.0,2025-01-15
2025011504011928,KKHC,32,22,104.0,402.0,41808.0,2025-01-15
2025011504011927,KKHC,32,58,250.0,402.0,100500.0,2025-01-15
2025011504011926,KKHC,32,58,30.0,402.0,12060.0,2025-01-15
2025011504011925,KKHC,32,58,50.0,402.0,20100.0,2025-01-15
2025011504011924,KKHC,32,43,100.0,402.0,40200.0,2025-01-15
2025011504011923,KKHC,32,43,20.0,401.0,8020.0,2025-01-15
2025011504011922,KKHC,32,62,10.0,401.0,4010.0,2025-01-15
2025011504011921,KKHC,32,45,20.0,401.0,8020.0,2025-01-15
2025011504011920,KKHC,32,53,15.0,400.0,6000.0,2025-01-15
2025011504011919,KKHC,32,35,605.0,400.0,242000.0,2025-01-15
2025011504011918,KKHC,32,42,200.0,400.0,80000.0,2025-01-15
2025011504011917,KKHC,32,45,500.0,400.0,200000.0,2025-01-15
2025011504011916,KKHC,32,42,1000.0,400.0,400000.0,2025-01-15
2025011504011915,KKHC,32,37,200.0,400.0,80000.0,2025-01-15
2025011504011914,KKHC,32,34,200.0,400.0,80000.0,2025-01-15
2025011504011913,KKHC,32,52,173.0,399.0,69027.0,2025-01-15
2025011504011912,KKHC,32,51,1000.0,399.0,399000.0,2025-01-15
2025011504011911,KKHC,32,4,117.0,398.0,46566.0,2025-01-15
2025011501020657,BNHC,43,39,15.0,484.0,7260.0,2025-01-15
2025011504011910,PPCL,38,35,391.0,288.8,112920.8,2025-01-15
2025011504011909,PPCL,38,38,50.0,288.1,14405.0,2025-01-15
2025011504011908,PPCL,38,88,10.0,288.0,2880.0,2025-01-15
2025011504011907,PPCL,38,46,30.0,288.0,8640.0,2025-01-15
2025011504011906,PPCL,38,49,10.0,288.0,2880.0,2025-01-15
2025011504011905,PPCL,38,38,30.0,286.9,8607.0,2025-01-15
2025011504011904,PPCL,38,18,479.0,286.0,136994.0,2025-01-15
2025011501020656,BHL,40,85,100.0,353.0,35300.0,2025-01-15
2025011501020655,SGHC,88,14,50.0,555.0,27750.0,2025-01-15
2025011501020654,MHL,58,60,103.0,849.0,87447.0,2025-01-15
2025011505012737,NRM,36,26,10.0,461.0,4610.0,2025-01-15
2025011501020653,DORDI,26,98,270.0,586.0,158220.0,2025-01-15
2025011501020652,DORDI,54,98,200.0,587.0,117400.0,2025-01-15
2025011501020651,DORDI,70,98,180.0,587.0,105660.0,2025-01-15
2025011501020650,DORDI,56,98,200.0,588.1,117620.0,2025-01-15
2025011501020649,NWCL,47,42,10.0,944.5,9445.0,2025-01-15
2025011501020648,HHL,32,19,50.0,536.3,26815.0,2025-01-15
2025011501020647,EHPL,56,100,340.0,798.9,271626.0,2025-01-15
2025011501020646,EHPL,56,14,100.0,797.6,79760.0,2025-01-15
2025011501020645,EHPL,56,22,265.0,796.0,210940.0,2025-01-15
2025011501020644,EHPL,56,51,200.0,795.0,159000.0,2025-01-15
2025011501020643,EHPL,56,38,50.0,795.0,39750.0,2025-01-15
2025011501020642,EHPL,56,86,500.0,795.0,397500.0,2025-01-15
2025011501020641,EHPL,56,22,30.0,795.0,23850.0,2025-01-15
2025011501020640,EHPL,56,34,60.0,795.0,47700.0,2025-01-15
2025011501020639,EHPL,56,36,108.0,794.9,85849.2,2025-01-15
2025011501020638,EHPL,56,37,107.0,794.9,85054.3,2025-01-15
2025011501020637,EHPL,56,14,40.0,792.5,31700.0,2025-01-15
2025011501020636,EHPL,56,35,10.0,792.4,7924.0,2025-01-15
2025011503017635,SINDU,72,49,300.0,1084.9,325470.0,2025-01-15
2025011501020635,SHLB,95,33,10.0,2633.0,26330.0,2025-01-15
2025011504011903,NGPL,21,5,50.0,270.0,13500.0,2025-01-15
2025011505012736,NTC,25,35,15.0,874.0,13110.0,2025-01-15
2025011501020634,ADBL,38,21,100.0,285.5,28550.0,2025-01-15
2025011501020633,MKHL,57,35,100.0,648.1,64810.0,2025-01-15
2025011505012735,SONA,35,42,22.0,450.5,9911.0,2025-01-15
2025011501020632,RHGCL,52,33,50.0,629.0,31450.0,2025-01-15
2025011505012734,SAHAS,46,62,20.0,489.0,9780.0,2025-01-15
2025011503017634,NABBC,8,57,125.0,1140.0,142500.0,2025-01-15
2025011501020631,SPL,39,58,10.0,958.9,9589.0,2025-01-15
2025011504011902,UNHPL,55,14,100.0,292.0,29200.0,2025-01-15
2025011505012733,HRL,51,7,240.0,791.2,189888.0,2025-01-15
2025011505012732,HRL,7,7,10.0,792.0,7920.0,2025-01-15
2025011504011901,SPIL,44,56,10.0,821.0,8210.0,2025-01-15
2025011501020630,NWCL,45,42,20.0,944.5,18890.0,2025-01-15
2025011501020629,IHL,81,45,50.0,701.0,35050.0,2025-01-15
2025011503017633,VLBS,13,45,17.0,840.2,14283.4,2025-01-15
2025011504011900,CHL,45,6,100.0,416.9,41690.0,2025-01-15
2025011505012731,BBC,49,45,10.0,5630.0,56300.0,2025-01-15
2025011505012730,PHCL,96,62,126.0,596.8,75196.8,2025-01-15
2025011505012729,PHCL,96,41,290.0,596.0,172840.0,2025-01-15
2025011505012728,PHCL,96,66,100.0,596.0,59600.0,2025-01-15
2025011505012727,PHCL,96,62,184.0,596.0,109664.0,2025-01-15
2025011505012726,PHCL,96,59,300.0,595.0,178500.0,2025-01-15
2025011501020628,USHEC,29,38,100.0,692.0,69200.0,2025-01-15
2025011503017632,CORBL,29,29,38.0,1720.0,65360.0,2025-01-15
2025011501020627,MAKAR,74,35,100.0,651.0,65100.0,2025-01-15
2025011501020626,MAKAR,74,66,200.0,651.0,130200.0,2025-01-15
2025011501020625,MAKAR,74,62,500.0,651.0,325500.0,2025-01-15
2025011501020624,MAKAR,74,3,200.0,650.9,130180.0,2025-01-15
2025011504011899,KKHC,57,4,383.0,398.0,152434.0,2025-01-15
2025011504011898,KKHC,57,58,18.0,398.0,7164.0,2025-01-15
2025011504011897,KKHC,57,6,20.0,397.0,7940.0,2025-01-15
2025011504011896,KKHC,57,57,79.0,397.0,31363.0,2025-01-15
2025011501020623,NWCL,6,57,10.0,931.0,9310.0,2025-01-15
2025011503017631,SINDU,72,28,150.0,1084.0,162600.0,2025-01-15
2025011503017630,SINDU,72,28,150.0,1082.0,162300.0,2025-01-15
2025011503017629,SINDU,72,41,200.0,1082.0,216400.0,2025-01-15
2025011503017628,SINDU,72,81,185.0,1082.0,200170.0,2025-01-15
2025011503017627,SINDU,72,17,193.0,1080.0,208440.0,2025-01-15
2025011503017626,SINDU,72,51,50.0,1080.0,54000.0,2025-01-15
2025011503017625,SINDU,72,33,200.0,1080.0,216000.0,2025-01-15
2025011503017624,SINDU,72,66,200.0,1080.0,216000.0,2025-01-15
2025011503017623,SINDU,72,36,19.0,1079.0,20501.0,2025-01-15
2025011503017622,SINDU,72,48,250.0,1078.0,269500.0,2025-01-15
2025011503017621,SINDU,72,48,10.0,1078.0,10780.0,2025-01-15
2025011503017620,SINDU,72,58,100.0,1077.9,107790.0,2025-01-15
2025011503017619,SINDU,72,52,100.0,1077.0,107700.0,2025-01-15
2025011503017618,SINDU,72,21,156.0,1077.0,168012.0,2025-01-15
2025011503017617,SINDU,72,36,100.0,1076.0,107600.0,2025-01-15
2025011503017616,SINDU,72,14,10.0,1076.0,10760.0,2025-01-15
2025011505012725,HRL,43,17,30.0,792.5,23775.0,2025-01-15
2025011503017615,SLBBL,58,62,10.0,892.0,8920.0,2025-01-15
2025011501020622,NIMB,42,58,39.0,210.5,8209.5,2025-01-15
2025011501020621,BHPL,62,14,90.0,1014.0,91260.0,2025-01-15
2025011501020620,BHPL,62,58,50.0,1014.0,50700.0,2025-01-15
2025011501020619,BHPL,62,67,200.0,1008.0,201600.0,2025-01-15
2025011501020618,BHPL,62,49,10.0,1007.9,10079.0,2025-01-15
2025011501020617,BHPL,62,32,10.0,1007.9,10079.0,2025-01-15
2025011501020616,BHPL,62,10,100.0,1007.8,100780.0,2025-01-15
2025011501020615,BHPL,62,36,100.0,1007.3,100730.0,2025-01-15
2025011501020614,BHPL,62,38,90.0,1007.3,90657.0,2025-01-15
2025011501020613,BHPL,62,29,10.0,1007.3,10073.0,2025-01-15
2025011501020612,BHPL,62,47,10.0,1007.2,10072.0,2025-01-15
2025011501020611,BHPL,62,91,250.0,1007.0,251750.0,2025-01-15
2025011501020610,BHPL,62,48,10.0,1007.0,10070.0,2025-01-15
2025011501020609,BHPL,62,58,50.0,1007.0,50350.0,2025-01-15
2025011501020608,BHPL,62,47,10.0,1006.9,10069.0,2025-01-15
2025011501020607,BHPL,62,56,10.0,1000.0,10000.0,2025-01-15
2025011501020606,BHPL,62,45,200.0,1000.0,200000.0,2025-01-15
2025011504011895,KPCL,62,48,10.0,548.0,5480.0,2025-01-15
2025011503017614,MERO,42,34,20.0,655.0,13100.0,2025-01-15
2025011501020605,SGHC,52,14,209.0,555.0,115995.0,2025-01-15
2025011501020604,SGHC,52,45,10.0,555.0,5550.0,2025-01-15
2025011501020603,SGHC,52,6,281.0,555.0,155955.0,2025-01-15
2025011504011894,SPDL,58,34,1350.0,327.5,442125.0,2025-01-15
2025011503017613,MLBBL,58,16,50.0,1612.0,80600.0,2025-01-15
2025011503017612,MLBBL,58,98,40.0,1609.0,64360.0,2025-01-15
2025011503017611,MLBBL,58,33,10.0,1608.9,16089.0,2025-01-15
2025011503017610,MLBBL,58,40,100.0,1608.0,160800.0,2025-01-15
2025011505012724,NRM,77,47,200.0,460.0,92000.0,2025-01-15
2025011501020602,BGWT,77,26,80.0,1088.0,87040.0,2025-01-15
2025011501020601,BGWT,77,35,10.0,1086.0,10860.0,2025-01-15
2025011501020600,BGWT,77,35,100.0,1085.0,108500.0,2025-01-15
2025011501020599,BGWT,77,32,125.0,1085.0,135625.0,2025-01-15
2025011501020598,BGWT,77,44,685.0,1083.0,741855.0,2025-01-15
2025011501020597,MKCL,56,38,20.0,1490.0,29800.0,2025-01-15
2025011501020596,MKCL,56,34,30.0,1490.0,44700.0,2025-01-15
2025011501020595,MKCL,56,41,50.0,1490.0,74500.0,2025-01-15
2025011501020594,MKCL,56,74,10.0,1490.0,14900.0,2025-01-15
2025011503017609,NABBC,56,57,220.0,1140.0,250800.0,2025-01-15
2025011503017608,NABBC,56,39,200.0,1140.0,228000.0,2025-01-15
2025011503017607,NABBC,56,29,25.0,1140.0,28500.0,2025-01-15
2025011503017606,NABBC,56,91,10.0,1138.0,11380.0,2025-01-15
2025011503017605,NABBC,56,46,35.0,1137.0,39795.0,2025-01-15
2025011503017604,NABBC,56,54,10.0,1136.0,11360.0,2025-01-15
2025011503017603,SAPDBL,90,29,10.0,1201.0,12010.0,2025-01-15
2025011504011893,HURJA,21,4,10.0,228.9,2289.0,2025-01-15
2025011504011892,SHPC,35,56,10.0,459.0,4590.0,2025-01-15
2025011503017602,NMFBS,5,33,10.0,1311.0,13110.0,2025-01-15
2025011501020593,CKHL,48,99,99.0,804.0,79596.0,2025-01-15
2025011501020592,UHEWA,47,48,80.0,832.4,66592.0,2025-01-15
2025011501020591,UHEWA,88,48,20.0,835.0,16700.0,2025-01-15
2025011501020590,UHEWA,49,48,1900.0,840.0,1596000.0,2025-01-15
2025011505012723,CLI,18,35,10.0,695.0,6950.0,2025-01-15
2025011505012722,CLI,18,80,10.0,695.0,6950.0,2025-01-15
2025011505012721,MEL,55,45,180.0,347.5,62550.0,2025-01-15
2025011505012720,MEL,55,46,400.0,347.5,139000.0,2025-01-15
2025011505012719,MEL,55,65,500.0,347.4,173700.0,2025-01-15
2025011505012718,MEL,55,52,100.0,347.3,34730.0,2025-01-15
2025011505012717,MEL,55,22,100.0,347.0,34700.0,2025-01-15
2025011505012716,MEL,55,36,500.0,347.0,173500.0,2025-01-15
2025011505012715,MEL,55,42,10.0,347.0,3470.0,2025-01-15
2025011505012714,MEL,55,34,10.0,347.0,3470.0,2025-01-15
2025011505012713,MEL,55,65,500.0,346.9,173450.0,2025-01-15
2025011505012712,MEL,55,43,200.0,346.0,69200.0,2025-01-15
2025011505012711,ENL,71,1,25.0,1245.0,31125.0,2025-01-15
2025011505012710,NRIC,55,29,135.0,775.0,104625.0,2025-01-15
2025011505012709,NRIC,25,29,165.0,775.1,127891.5,2025-01-15
2025011501020589,MKJC,29,50,10.0,550.0,5500.0,2025-01-15
2025011501020588,RHGCL,17,13,50.0,630.0,31500.0,2025-01-15
2025011505012708,VLUCL,86,34,10.0,683.0,6830.0,2025-01-15
2025011504011891,KKHC,22,32,100.0,382.2,38220.0,2025-01-15
2025011504011890,KKHC,48,32,1000.0,382.2,382200.0,2025-01-15
2025011504011889,KKHC,13,32,40.0,382.2,15288.0,2025-01-15
2025011504011888,KKHC,1,32,100.0,382.3,38230.0,2025-01-15
2025011504011887,KKHC,10,32,1000.0,383.7,383700.0,2025-01-15
2025011504011886,KKHC,1,32,100.0,383.8,38380.0,2025-01-15
2025011504011885,KKHC,43,32,10.0,384.4,3844.0,2025-01-15
2025011504011884,KKHC,33,32,50.0,385.0,19250.0,2025-01-15
2025011504011883,KKHC,33,32,300.0,385.0,115500.0,2025-01-15
2025011504011882,KKHC,50,32,1000.0,385.2,385200.0,2025-01-15
2025011504011881,KKHC,17,32,100.0,385.3,38530.0,2025-01-15
2025011504011880,KKHC,49,32,490.0,387.1,189679.0,2025-01-15
2025011504011879,KKHC,49,32,2500.0,387.1,967750.0,2025-01-15
2025011504011878,KKHC,55,32,150.0,388.0,58200.0,2025-01-15
2025011504011877,KKHC,38,32,60.0,389.9,23394.0,2025-01-15
2025011504011876,KKHC,58,32,250.0,390.0,97500.0,2025-01-15
2025011504011875,KKHC,42,32,1000.0,390.0,390000.0,2025-01-15
2025011504011874,KKHC,46,32,1000.0,390.0,390000.0,2025-01-15
2025011504011873,KKHC,55,32,50.0,390.0,19500.0,2025-01-15
2025011504011872,KKHC,58,32,100.0,390.0,39000.0,2025-01-15
2025011504011871,KKHC,55,32,50.0,390.0,19500.0,2025-01-15
2025011504011870,KKHC,45,32,75.0,390.1,29257.5,2025-01-15
2025011504011869,KKHC,55,32,50.0,391.0,19550.0,2025-01-15
2025011504011868,KKHC,55,32,500.0,391.0,195500.0,2025-01-15
2025011501020587,SRLI,34,57,84.0,418.0,35112.0,2025-01-15
2025011504011867,KKHC,55,32,50.0,391.1,19555.0,2025-01-15
2025011504011866,KKHC,53,32,60.0,391.1,23466.0,2025-01-15
2025011504011865,KKHC,45,32,1000.0,391.5,391500.0,2025-01-15
2025011504011864,KKHC,48,32,100.0,392.0,39200.0,2025-01-15
2025011504011863,KKHC,39,32,75.0,392.0,29400.0,2025-01-15
2025011504011862,KKHC,46,32,1000.0,392.0,392000.0,2025-01-15
2025011504011861,KKHC,55,32,50.0,392.0,19600.0,2025-01-15
2025011504011860,KKHC,38,32,95.0,392.0,37240.0,2025-01-15
2025011504011859,KKHC,58,32,100.0,392.0,39200.0,2025-01-15
2025011504011858,KKHC,51,32,450.0,393.0,176850.0,2025-01-15
2025011504011857,KKHC,36,32,10.0,393.0,3930.0,2025-01-15
2025011504011856,KKHC,34,32,125.0,393.0,49125.0,2025-01-15
2025011504011855,KKHC,55,32,50.0,393.0,19650.0,2025-01-15
2025011504011854,KKHC,21,32,110.0,395.0,43450.0,2025-01-15
2025011501020586,SRLI,25,57,16.0,418.1,6689.6,2025-01-15
2025011504011853,KKHC,58,32,100.0,396.1,39610.0,2025-01-15
2025011505012707,MEL,43,46,10.0,346.0,3460.0,2025-01-15
2025011501020585,TAMOR,80,62,289.0,551.0,159239.0,2025-01-15
2025011501020584,TAMOR,96,62,101.0,551.1,55661.1,2025-01-15
2025011501020583,TAMOR,45,62,250.0,551.3,137825.0,2025-01-15
2025011501020582,TAMOR,58,62,20.0,551.3,11026.0,2025-01-15
2025011501020581,TAMOR,72,62,90.0,552.0,49680.0,2025-01-15
2025011501020580,NESDO,62,62,10.0,2253.1,22531.0,2025-01-15
2025011504011852,JOSHI,42,57,10.0,433.0,4330.0,2025-01-15
2025011501020579,SBI,44,34,10.0,434.0,4340.0,2025-01-15
2025011501020578,SBI,44,34,10.0,434.9,4349.0,2025-01-15
2025011501020577,USHL,38,58,30.0,810.0,24300.0,2025-01-15
2025011503017601,NFS,58,34,50.0,852.0,42600.0,2025-01-15
2025011503017600,GMFIL,49,62,10.0,518.0,5180.0,2025-01-15
2025011501020576,BHDC,56,41,100.0,696.0,69600.0,2025-01-15
2025011501020575,MHL,66,60,90.0,849.0,76410.0,2025-01-15
2025011501020574,MHL,66,46,10.0,848.0,8480.0,2025-01-15
2025011504011851,SHPC,34,66,610.0,458.0,279380.0,2025-01-15
2025011501020573,DOLTI,29,4,100.0,784.6,78460.0,2025-01-15
2025011503017599,GRDBL,32,44,10.0,1215.0,12150.0,2025-01-15
2025011504011850,GLH,45,45,10.0,246.0,2460.0,2025-01-15
2025011503017598,SFCL,22,74,26.0,631.0,16406.0,2025-01-15
2025011503017597,SFCL,43,74,100.0,631.1,63110.0,2025-01-15
2025011503017596,SFCL,38,74,50.0,632.0,31600.0,2025-01-15
2025011503017595,SFCL,59,74,424.0,632.0,267968.0,2025-01-15
2025011501020572,CZBIL,45,59,10.0,210.0,2100.0,2025-01-15
2025011501020571,ULHC,19,29,1560.0,555.0,865800.0,2025-01-15
2025011501020570,ULHC,1,29,240.0,555.1,133224.0,2025-01-15
2025011503017594,NFS,34,29,39.0,850.0,33150.0,2025-01-15
2025011503017593,NFS,14,29,20.0,850.0,17000.0,2025-01-15
2025011503017592,NFS,56,29,20.0,850.0,17000.0,2025-01-15
2025011503017591,NFS,1,29,21.0,850.0,17850.0,2025-01-15
2025011501020569,DLBS,29,55,50.0,1679.9,83995.0,2025-01-15
2025011501020568,DLBS,29,4,100.0,1673.8,167380.0,2025-01-15
2025011501020567,DLBS,29,49,200.0,1673.0,334600.0,2025-01-15
2025011501020566,DLBS,29,101,32.0,1666.0,53312.0,2025-01-15
2025011501020565,DLBS,29,11,10.0,1664.0,16640.0,2025-01-15
2025011501020564,NYADI,36,57,60.0,585.0,35100.0,2025-01-15
2025011501020563,NYADI,36,8,10.0,585.0,5850.0,2025-01-15
2025011501020562,NYADI,36,17,30.0,585.0,17550.0,2025-01-15
2025011503017590,NABBC,58,54,10.0,1136.0,11360.0,2025-01-15
2025011503017589,NABBC,6,54,30.0,1136.0,34080.0,2025-01-15
2025011505012706,HDL,42,39,73.0,1157.9,84526.7,2025-01-15
2025011505012705,HDL,42,25,30.0,1157.8,34734.0,2025-01-15
2025011504011849,LEC,34,55,400.0,209.1,83640.0,2025-01-15
2025011501020561,SGHC,34,6,19.0,555.0,10545.0,2025-01-15
2025011504011848,AKJCL,75,3,680.0,195.0,132600.0,2025-01-15
2025011504011847,AKJCL,50,3,50.0,195.1,9755.0,2025-01-15
2025011504011846,AKJCL,17,3,70.0,195.4,13678.0,2025-01-15
2025011504011845,AKJCL,47,3,200.0,196.0,39200.0,2025-01-15
2025011503017588,GUFL,41,57,44.0,638.0,28072.0,2025-01-15
2025011504011844,RHPL,58,13,100.0,458.9,45890.0,2025-01-15
2025011503017587,PFL,77,58,388.0,482.0,187016.0,2025-01-15
2025011501020560,DOLTI,29,49,10.0,784.6,7846.0,2025-01-15
2025011503017586,GLBSL,46,58,10.0,2340.0,23400.0,2025-01-15
2025011505012704,SAHAS,61,6,10.0,488.9,4889.0,2025-01-15
2025011503017585,HLI,66,33,510.0,450.6,229806.0,2025-01-15
2025011503017584,HLI,42,33,90.0,450.7,40563.0,2025-01-15
2025011504011843,UMHL,22,67,100.0,333.0,33300.0,2025-01-15
2025011503017583,PFL,4,58,12.0,482.0,5784.0,2025-01-15
2025011501020559,NABIL,41,48,391.0,489.5,191394.5,2025-01-15
2025011501020558,NABIL,56,48,10.0,489.7,4897.0,2025-01-15
2025011501020557,SIKLES,14,58,400.0,910.0,364000.0,2025-01-15
2025011503017582,NFS,45,34,100.0,852.0,85200.0,2025-01-15
2025011501020556,DORDI,36,65,100.0,596.0,59600.0,2025-01-15
2025011501020555,DORDI,36,38,10.0,595.4,5954.0,2025-01-15
2025011505012703,PHCL,5,55,150.0,594.0,89100.0,2025-01-15
2025011504011842,HPPL,17,96,20.0,462.0,9240.0,2025-01-15
2025011503017581,LICN,34,13,10.0,1107.1,11071.0,2025-01-15
2025011501020554,MHCL,21,57,50.0,539.0,26950.0,2025-01-15
2025011501020553,PRVU,32,88,235.0,219.1,51488.5,2025-01-15
2025011505012702,MEL,34,43,10.0,345.7,3457.0,2025-01-15
2025011503017580,GLBSL,14,1,110.0,2316.2,254782.0,2025-01-15
2025011503017579,GLBSL,39,1,100.0,2316.3,231630.0,2025-01-15
2025011503017578,GLBSL,58,1,10.0,2320.0,23200.0,2025-01-15
2025011503017577,GLBSL,45,1,20.0,2325.0,46500.0,2025-01-15
2025011503017576,GLBSL,49,1,10.0,2326.0,23260.0,2025-01-15
2025011501020552,SGHC,34,6,100.0,555.0,55500.0,2025-01-15
2025011505012701,MEL,34,39,50.0,345.5,17275.0,2025-01-15
2025011505012700,MEL,34,34,200.0,345.5,69100.0,2025-01-15
2025011505012699,ENL,38,1,10.0,1245.0,12450.0,2025-01-15
2025011501020551,SANIMA,60,49,40.0,290.0,11600.0,2025-01-15
2025011504011841,AKJCL,47,52,50.0,196.0,9800.0,2025-01-15
2025011501020550,MAKAR,59,95,70.0,648.5,45395.0,2025-01-15
2025011501020549,UHEWA,90,32,10.0,845.0,8450.0,2025-01-15
2025011501020548,DORDI,49,38,10.0,595.4,5954.0,2025-01-15
2025011503017575,GFCL,42,49,20.0,756.9,15138.0,2025-01-15
2025011503017574,ICFC,41,49,300.0,642.0,192600.0,2025-01-15
2025011504011840,SPDL,8,34,10.0,327.5,3275.0,2025-01-15
2025011503017573,SINDU,39,33,10.0,1070.0,10700.0,2025-01-15
2025011503017572,SINDU,29,33,40.0,1070.0,42800.0,2025-01-15
2025011501020547,GBIME,43,4,290.0,220.7,64003.0,2025-01-15
2025011504011839,DHPL,35,7,35.0,318.5,11147.5,2025-01-15
2025011503017571,GMFIL,58,53,345.0,515.0,177675.0,2025-01-15
2025011503017570,GMFIL,44,53,50.0,515.1,25755.0,2025-01-15
2025011503017569,GMFIL,39,53,100.0,515.1,51510.0,2025-01-15
2025011503017568,MFIL,58,44,20.0,635.0,12700.0,2025-01-15
2025011503017567,MFIL,58,44,180.0,635.0,114300.0,2025-01-15
2025011503017566,JFL,62,80,275.0,617.0,169675.0,2025-01-15
2025011503017565,JFL,34,80,100.0,617.1,61710.0,2025-01-15
2025011503017564,JFL,21,80,25.0,618.0,15450.0,2025-01-15
2025011503017563,JFL,52,80,100.0,618.0,61800.0,2025-01-15
2025011501020546,BHL,28,85,50.0,353.0,17650.0,2025-01-15
2025011501020545,KBL,57,7,236.0,207.5,48970.0,2025-01-15
2025011501020544,SARBTM,55,42,95.0,730.0,69350.0,2025-01-15
2025011501020543,NBL,65,34,461.0,257.0,118477.0,2025-01-15
2025011503017562,SJLIC,11,32,10.0,446.0,4460.0,2025-01-15
2025011503017561,SJLIC,11,49,10.0,445.5,4455.0,2025-01-15
2025011505012698,CHDC,77,22,10.0,1677.8,16778.0,2025-01-15
2025011505012697,NRM,77,49,215.0,460.0,98900.0,2025-01-15
2025011505012696,NRM,77,45,10.0,460.0,4600.0,2025-01-15
2025011505012695,NRM,77,4,10.0,460.0,4600.0,2025-01-15
2025011505012694,NRM,77,42,20.0,460.0,9200.0,2025-01-15
2025011505012693,NRM,77,48,10.0,460.0,4600.0,2025-01-15
2025011505012692,NRM,77,38,10.0,460.0,4600.0,2025-01-15
2025011505012691,NRM,77,34,10.0,460.0,4600.0,2025-01-15
2025011505012690,NRM,77,41,10.0,460.0,4600.0,2025-01-15
2025011505012689,NRM,77,38,10.0,459.0,4590.0,2025-01-15
2025011505012688,NRM,77,47,195.0,459.0,89505.0,2025-01-15
2025011505012687,NRM,77,22,200.0,459.0,91800.0,2025-01-15
2025011505012686,NRM,77,14,10.0,457.0,4570.0,2025-01-15
2025011505012685,NRM,77,38,50.0,456.9,22845.0,2025-01-15
2025011504011838,MHNL,19,45,30.0,255.9,7677.0,2025-01-15
2025011505012684,NIFRA,14,21,54.0,244.5,13203.0,2025-01-15
2025011504011837,HDHPC,66,21,180.0,195.0,35100.0,2025-01-15
2025011504011836,HDHPC,66,7,20.0,195.0,3900.0,2025-01-15
2025011501020542,UHEWA,49,49,100.0,840.0,84000.0,2025-01-15
2025011501020541,UHEWA,49,18,10.0,840.0,8400.0,2025-01-15
2025011501020540,UHEWA,49,56,270.0,840.0,226800.0,2025-01-15
2025011501020539,UHEWA,49,45,500.0,839.0,419500.0,2025-01-15
2025011501020538,UHEWA,49,48,600.0,838.5,503100.0,2025-01-15
2025011501020537,UHEWA,49,50,500.0,838.0,419000.0,2025-01-15
2025011501020536,UHEWA,49,49,10.0,838.0,8380.0,2025-01-15
2025011501020535,UHEWA,49,56,100.0,837.9,83790.0,2025-01-15
2025011503017560,NFS,16,34,110.0,852.0,93720.0,2025-01-15
2025011503017559,NFS,44,34,100.0,852.0,85200.0,2025-01-15
2025011503017558,NFS,1,45,29.0,850.0,24650.0,2025-01-15
2025011503017557,NFS,36,45,101.0,850.0,85850.0,2025-01-15
2025011503017556,NFS,41,45,10.0,850.0,8500.0,2025-01-15
2025011503017555,NFS,45,45,100.0,850.0,85000.0,2025-01-15
2025011503017554,NFS,25,45,50.0,850.0,42500.0,2025-01-15
2025011503017553,NFS,26,45,100.0,850.0,85000.0,2025-01-15
2025011503017552,NFS,34,45,10.0,850.0,8500.0,2025-01-15
2025011503017551,NFS,14,45,50.0,850.0,42500.0,2025-01-15
2025011503017550,NFS,57,45,200.0,850.0,170000.0,2025-01-15
2025011503017549,NFS,42,45,10.0,850.0,8500.0,2025-01-15
2025011503017548,NFS,17,45,10.0,850.0,8500.0,2025-01-15
2025011503017547,NFS,49,45,25.0,850.0,21250.0,2025-01-15
2025011503017546,NFS,17,45,50.0,850.0,42500.0,2025-01-15
2025011503017545,NFS,45,45,100.0,850.0,85000.0,2025-01-15
2025011503017544,NFS,4,45,45.0,850.0,38250.0,2025-01-15
2025011503017543,NFS,1,45,10.0,850.1,8501.0,2025-01-15
2025011503017542,NFS,55,45,50.0,850.1,42505.0,2025-01-15
2025011503017541,NFS,13,45,10.0,850.7,8507.0,2025-01-15
2025011503017540,NFS,13,45,20.0,850.7,17014.0,2025-01-15
2025011503017539,NFS,75,45,50.0,850.7,42535.0,2025-01-15
2025011503017538,NFS,21,45,100.0,850.7,85070.0,2025-01-15
2025011503017537,NFS,21,45,10.0,850.7,8507.0,2025-01-15
2025011503017536,NFS,43,45,100.0,850.7,85070.0,2025-01-15
2025011503017535,NFS,45,45,50.0,850.7,42535.0,2025-01-15
2025011503017534,NFS,42,45,40.0,851.0,34040.0,2025-01-15
2025011503017533,NFS,4,45,100.0,851.0,85100.0,2025-01-15
2025011503017532,NFS,43,45,25.0,851.0,21275.0,2025-01-15
2025011503017531,NFS,44,45,50.0,851.0,42550.0,2025-01-15
2025011503017530,NFS,38,45,10.0,851.0,8510.0,2025-01-15
2025011503017529,NFS,28,45,10.0,851.0,8510.0,2025-01-15
2025011503017528,NFS,57,45,100.0,851.0,85100.0,2025-01-15
2025011503017527,NFS,28,45,50.0,851.0,42550.0,2025-01-15
2025011503017526,NFS,60,45,100.0,851.0,85100.0,2025-01-15
2025011503017525,NFS,80,45,135.0,851.0,114885.0,2025-01-15
2025011503017524,NFS,16,45,90.0,851.2,76608.0,2025-01-15
2025011501020534,PCBL,57,45,100.0,243.9,24390.0,2025-01-15
2025011504011835,RADHI,45,47,10.0,347.9,3479.0,2025-01-15
2025011503017523,PROFL,17,48,480.0,578.0,277440.0,2025-01-15
2025011503017522,PROFL,17,17,20.0,578.0,11560.0,2025-01-15
2025011501020533,HIDCLP,14,59,600.0,159.1,95460.0,2025-01-15
2025011503017521,MFIL,58,25,20.0,635.0,12700.0,2025-01-15
2025011505012683,VLUCL,28,34,10.0,683.0,6830.0,2025-01-15
2025011503017520,SAPDBL,32,29,100.0,1201.0,120100.0,2025-01-15
2025011501020532,RFPL,62,62,80.0,1342.0,107360.0,2025-01-15
2025011501020531,RFPL,57,62,20.0,1342.0,26840.0,2025-01-15
2025011501020530,ULBSL,57,70,10.0,4008.2,40082.0,2025-01-15
2025011503017519,ICFC,41,35,80.0,642.0,51360.0,2025-01-15
2025011503017518,NFS,41,34,100.0,852.0,85200.0,2025-01-15
2025011504011834,UNHPL,11,51,163.0,292.8,47726.4,2025-01-15
2025011504011833,UNHPL,11,32,20.0,292.7,5854.0,2025-01-15
2025011504011832,UNHPL,11,35,25.0,292.0,7300.0,2025-01-15
2025011504011831,UNHPL,11,45,125.0,291.0,36375.0,2025-01-15
2025011504011830,UNHPL,11,1,167.0,291.0,48597.0,2025-01-15
2025011504011829,SHEL,60,34,10.0,253.9,2539.0,2025-01-15
2025011504011828,SHEL,60,57,20.0,253.8,5076.0,2025-01-15
2025011504011827,MHNL,38,58,20.0,254.0,5080.0,2025-01-15
2025011504011826,UPPER,51,8,50.0,200.0,10000.0,2025-01-15
2025011505012682,MBJC,91,26,90.0,347.1,31239.0,2025-01-15
2025011505012681,NTC,35,49,100.0,875.0,87500.0,2025-01-15
2025011501020529,DORDI,49,38,20.0,595.4,11908.0,2025-01-15
2025011503017517,FMDBL,33,62,10.0,731.5,7315.0,2025-01-15
2025011504011825,SHPC,22,34,9.0,460.0,4140.0,2025-01-15
2025011503017516,NFS,16,39,10.0,851.2,8512.0,2025-01-15
2025011501020528,DLBS,7,49,100.0,1664.0,166400.0,2025-01-15
2025011501020527,DLBS,7,11,10.0,1663.0,16630.0,2025-01-15
2025011501020526,DLBS,7,49,20.0,1661.0,33220.0,2025-01-15
2025011501020525,DLBS,7,47,10.0,1661.0,16610.0,2025-01-15
2025011501020524,DLBS,7,34,200.0,1659.0,331800.0,2025-01-15
2025011501020523,DLBS,7,21,90.0,1647.0,148230.0,2025-01-15
2025011504011824,SICL,36,29,50.0,793.5,39675.0,2025-01-15
2025011503017515,NICLBSL,16,16,27.0,658.0,17766.0,2025-01-15
2025011503017514,NICLBSL,16,59,18.0,655.0,11790.0,2025-01-15
2025011501020522,SBI,44,51,980.0,434.9,426202.0,2025-01-15
2025011501020521,SBI,44,62,30.0,434.7,13041.0,2025-01-15
2025011504011823,NHPC,55,39,170.0,212.4,36108.0,2025-01-15
2025011505012680,PHCL,5,55,55.0,594.0,32670.0,2025-01-15
2025011505012679,PHCL,49,55,145.0,594.0,86130.0,2025-01-15
2025011503017513,NFS,59,34,10.0,852.0,8520.0,2025-01-15
2025011504011822,UPCL,71,57,67.0,273.6,18331.2,2025-01-15
2025011504011821,UPCL,70,57,10.0,274.0,2740.0,2025-01-15
2025011504011820,UPCL,42,57,100.0,274.2,27420.0,2025-01-15
2025011504011819,UPCL,84,57,856.0,274.3,234800.8,2025-01-15
2025011505012678,ENL,7,1,50.0,1235.0,61750.0,2025-01-15
2025011504011818,SGIC,40,5,224.0,671.0,150304.0,2025-01-15
2025011504011817,SGIC,40,54,11.0,670.9,7379.9,2025-01-15
2025011504011816,SGIC,40,67,50.0,670.9,33545.0,2025-01-15
2025011504011815,SGIC,40,62,15.0,670.0,10050.0,2025-01-15
2025011501020520,KDL,42,16,10.0,1098.0,10980.0,2025-01-15
2025011503017512,MERO,40,34,500.0,655.0,327500.0,2025-01-15
2025011501020519,USHEC,34,38,300.0,692.0,207600.0,2025-01-15
2025011501020518,MKHC,75,38,140.0,538.1,75334.0,2025-01-15
2025011505012677,HATHY,38,14,10.0,1345.0,13450.0,2025-01-15
2025011501020517,NIMB,51,51,103.0,210.0,21630.0,2025-01-15
2025011503017511,ICFC,26,35,300.0,642.0,192600.0,2025-01-15
2025011503017510,SFCL,59,58,76.0,632.0,48032.0,2025-01-15
2025011503017509,SFCL,58,58,74.0,632.0,46768.0,2025-01-15
2025011505012676,CLI,39,58,10.0,692.1,6921.0,2025-01-15
2025011503017508,PFL,38,58,500.0,482.0,241000.0,2025-01-15
2025011503017507,JFL,62,21,92.0,617.0,56764.0,2025-01-15
2025011503017506,JFL,38,21,100.0,617.5,61750.0,2025-01-15
2025011503017505,JFL,48,21,10.0,618.0,6180.0,2025-01-15
2025011503017504,ICFC,57,35,50.0,642.0,32100.0,2025-01-15
2025011501020516,HHL,42,35,100.0,536.2,53620.0,2025-01-15
2025011501020515,MHCL,57,22,10.0,541.9,5419.0,2025-01-15
2025011501020514,EHPL,22,35,10.0,792.4,7924.0,2025-01-15
2025011501020513,CKHL,48,45,400.0,804.0,321600.0,2025-01-15
2025011501020512,CKHL,48,7,10.0,803.0,8030.0,2025-01-15
2025011503017503,JFL,48,34,15.0,618.0,9270.0,2025-01-15
2025011503017502,ICFC,44,49,50.0,642.9,32145.0,2025-01-15
2025011504011814,HPPL,65,96,20.0,462.0,9240.0,2025-01-15
2025011503017501,GFCL,58,25,50.0,756.3,37815.0,2025-01-15
2025011503017500,GFCL,35,25,50.0,757.0,37850.0,2025-01-15
2025011501020511,MHCL,42,42,245.0,542.0,132790.0,2025-01-15
2025011501020510,MHCL,42,91,190.0,542.0,102980.0,2025-01-15
2025011505012675,NRN,60,28,2668.0,1189.0,3172252.0,2025-01-15
2025011505012674,NRN,60,26,160.0,1189.0,190240.0,2025-01-15
2025011505012673,NRN,60,45,34.0,1188.9,40422.6,2025-01-15
2025011505012672,NRN,60,42,50.0,1188.9,59445.0,2025-01-15
2025011505012671,NRN,60,34,10.0,1188.0,11880.0,2025-01-15
2025011505012670,NRN,60,29,268.0,1188.0,318384.0,2025-01-15
2025011505012669,NRN,60,49,100.0,1188.0,118800.0,2025-01-15
2025011505012668,NRN,60,41,10.0,1188.0,11880.0,2025-01-15
2025011501020509,MKHL,34,38,74.0,649.7,48077.8,2025-01-15
2025011501020508,USHEC,38,38,40.0,692.0,27680.0,2025-01-15
2025011501020507,USHEC,38,49,10.0,691.8,6918.0,2025-01-15
2025011501020506,USHEC,38,45,50.0,690.0,34500.0,2025-01-15
2025011504011813,RADHI,51,47,500.0,347.9,173950.0,2025-01-15
2025011501020505,HIDCLP,14,51,1400.0,159.1,222740.0,2025-01-15
2025011501020504,IHL,58,45,20.0,701.9,14038.0,2025-01-15
2025011501020503,SMHL,65,58,10.0,1500.1,15001.0,2025-01-15
2025011503017499,BFC,8,61,200.0,629.0,125800.0,2025-01-15
2025011503017498,BFC,8,22,200.0,628.9,125780.0,2025-01-15
2025011503017497,BFC,8,42,100.0,625.0,62500.0,2025-01-15
2025011501020502,MMKJL,33,89,380.0,695.0,264100.0,2025-01-15
2025011504011812,JOSHI,41,99,550.0,432.0,237600.0,2025-01-15
2025011501020501,MEHL,22,43,150.0,516.0,77400.0,2025-01-15
2025011503017496,NFS,48,34,100.0,852.0,85200.0,2025-01-15
2025011505012667,CHDC,58,39,15.0,1677.0,25155.0,2025-01-15
2025011503017495,SMPDA,14,4,10.0,937.0,9370.0,2025-01-15
2025011501020500,KBL,57,17,10.0,207.3,2073.0,2025-01-15
2025011501020499,BEDC,74,35,500.0,785.0,392500.0,2025-01-15
2025011501020498,BEDC,74,77,900.0,780.0,702000.0,2025-01-15
2025011504011811,NGPL,56,59,1000.0,267.0,267000.0,2025-01-15
2025011505012666,NRIC,25,43,25.0,775.1,19377.5,2025-01-15
2025011505012665,NRIC,28,43,475.0,776.0,368600.0,2025-01-15
2025011503017494,GFCL,58,62,185.0,756.3,139915.5,2025-01-15
2025011503017493,GFCL,45,62,25.0,756.9,18922.5,2025-01-15
2025011504011810,SPDL,60,41,350.0,327.0,114450.0,2025-01-15
2025011503017492,MDB,19,42,150.0,651.0,97650.0,2025-01-15
2025011504011809,SHPC,34,34,395.0,458.0,180910.0,2025-01-15
2025011504011808,SHPC,29,34,15.0,458.0,6870.0,2025-01-15
2025011504011807,SHPC,35,34,50.0,458.0,22900.0,2025-01-15
2025011504011806,SHPC,16,34,40.0,458.0,18320.0,2025-01-15
2025011504011805,UMRH,60,34,40.0,644.0,25760.0,2025-01-15
2025011504011804,UMRH,60,45,460.0,644.0,296240.0,2025-01-15
2025011503017491,PFL,38,45,100.0,482.0,48200.0,2025-01-15
2025011504011803,UPPER,58,8,30.0,200.0,6000.0,2025-01-15
2025011504011802,UPPER,58,10,20.0,200.0,4000.0,2025-01-15
2025011504011801,HPPL,21,96,1725.0,462.0,796950.0,2025-01-15
2025011504011800,HPPL,21,80,200.0,462.0,92400.0,2025-01-15
2025011504011799,HPPL,21,19,375.0,462.0,173250.0,2025-01-15
2025011505012664,SHIVM,58,38,92.0,520.0,47840.0,2025-01-15
2025011501020497,EBL,19,35,70.0,576.0,40320.0,2025-01-15
2025011501020496,EBL,4,35,100.0,576.0,57600.0,2025-01-15
2025011501020495,EBL,71,35,30.0,576.0,17280.0,2025-01-15
2025011501020494,EBL,19,35,70.0,576.0,40320.0,2025-01-15
2025011504011798,CGH,49,40,10.0,880.0,8800.0,2025-01-15
2025011504011797,SHEL,65,48,200.0,253.5,50700.0,2025-01-15
2025011504011796,HURJA,58,14,10.0,228.0,2280.0,2025-01-15
2025011501020493,MKJC,29,50,10.0,550.0,5500.0,2025-01-15
2025011501020492,RHGCL,68,13,44.0,630.0,27720.0,2025-01-15
2025011501020491,RHGCL,68,25,36.0,630.0,22680.0,2025-01-15
2025011501020490,RHGCL,68,49,10.0,630.0,6300.0,2025-01-15
2025011501020489,RHGCL,68,45,10.0,630.0,6300.0,2025-01-15
2025011501020488,PRVU,57,88,10.0,219.1,2191.0,2025-01-15
2025011505012663,ENL,45,57,370.0,1234.0,456580.0,2025-01-15
2025011505012662,ENL,7,57,130.0,1234.1,160433.0,2025-01-15
2025011501020487,NYADI,57,52,40.0,585.0,23400.0,2025-01-15
2025011501020486,NYADI,57,41,100.0,585.0,58500.0,2025-01-15
2025011501020485,NYADI,57,56,10.0,585.0,5850.0,2025-01-15
2025011501020484,NYADI,57,43,50.0,585.0,29250.0,2025-01-15
2025011501020483,USHL,40,58,10.0,810.0,8100.0,2025-01-15
2025011504011795,NHPC,13,38,65.0,212.2,13793.0,2025-01-15
2025011504011794,NHPC,13,38,100.0,212.3,21230.0,2025-01-15
2025011504011793,AKJCL,17,38,30.0,195.4,5862.0,2025-01-15
2025011503017490,LBBL,58,41,10.0,458.0,4580.0,2025-01-15
2025011505012661,PHCL,49,58,105.0,594.0,62370.0,2025-01-15
2025011505012660,PHCL,65,58,95.0,594.0,56430.0,2025-01-15
2025011503017489,GFCL,35,10,198.0,758.5,150183.0,2025-01-15
2025011503017488,GFCL,35,34,139.0,757.0,105223.0,2025-01-15
2025011503017487,GFCL,35,38,163.0,757.0,123391.0,2025-01-15
2025011505012659,NRN,91,49,440.0,1187.0,522280.0,2025-01-15
2025011505012658,NRN,35,49,60.0,1187.0,71220.0,2025-01-15
2025011503017486,MPFL,39,53,90.0,649.0,58410.0,2025-01-15
2025011503017485,MDB,53,26,10.0,654.7,6547.0,2025-01-15
2025011501020482,TVCL,7,74,75.0,598.1,44857.5,2025-01-15
2025011501020481,TVCL,7,74,25.0,597.0,14925.0,2025-01-15
2025011503017484,SIFC,44,42,99.0,549.0,54351.0,2025-01-15
2025011501020480,NIMB,17,58,50.0,210.5,10525.0,2025-01-15
2025011501020479,BEDC,74,72,300.0,773.0,231900.0,2025-01-15
2025011505012657,NBF2,13,22,755.0,9.35,7059.25,2025-01-15
2025011501020478,MAKAR,32,13,130.0,648.0,84240.0,2025-01-15
2025011501020477,MAKAR,55,13,60.0,648.1,38886.0,2025-01-15
2025011505012656,NRIC,28,25,20.0,776.0,15520.0,2025-01-15
2025011505012655,SONA,42,57,100.0,450.1,45010.0,2025-01-15
2025011504011792,HURJA,57,4,130.0,228.9,29757.0,2025-01-15
2025011504011791,HURJA,57,36,670.0,228.5,153095.0,2025-01-15
2025011503017483,NFS,4,34,181.0,852.0,154212.0,2025-01-15
2025011501020476,C30MF,84,42,10000.0,9.53,95300.0,2025-01-15
2025011503017482,MDB,19,32,10.0,651.0,6510.0,2025-01-15
2025011504011790,HURJA,22,36,330.0,228.5,75405.0,2025-01-15
2025011501020475,MANDU,53,58,10.0,912.0,9120.0,2025-01-15
2025011503017481,NFS,4,57,69.0,852.0,58788.0,2025-01-15
2025011501020474,AVYAN,74,48,45.0,1021.0,45945.0,2025-01-15
2025011504011789,AKPL,13,39,60.0,230.5,13830.0,2025-01-15
2025011505012654,MBJC,91,26,100.0,349.0,34900.0,2025-01-15
2025011505012653,MBJC,91,35,50.0,349.0,17450.0,2025-01-15
2025011505012652,MBJC,91,49,10.0,349.0,3490.0,2025-01-15
2025011505012651,MBJC,91,1,230.0,349.0,80270.0,2025-01-15
2025011505012650,MBJC,91,41,10.0,348.0,3480.0,2025-01-15
2025011505012649,MBJC,91,52,100.0,348.0,34800.0,2025-01-15
2025011504011788,DHPL,44,32,561.0,319.9,179463.9,2025-01-15
2025011504011787,DHPL,44,7,35.0,319.9,11196.5,2025-01-15
2025011504011786,DHPL,44,49,404.0,319.0,128876.0,2025-01-15
2025011504011785,LEC,35,50,225.0,209.0,47025.0,2025-01-15
2025011504011784,LEC,75,50,275.0,209.0,57475.0,2025-01-15
2025011501020473,HIDCLP,14,17,1000.0,159.1,159100.0,2025-01-15
2025011501020472,HIDCLP,14,17,500.0,159.5,79750.0,2025-01-15
2025011503017480,SFCL,80,13,80.0,635.0,50800.0,2025-01-15
2025011501020471,ADBL,29,42,10.0,286.0,2860.0,2025-01-15
2025011504011783,GHL,59,32,177.0,206.5,36550.5,2025-01-15
2025011504011782,GHL,59,47,38.0,206.0,7828.0,2025-01-15
2025011504011781,GHL,59,47,150.0,205.8,30870.0,2025-01-15
2025011504011780,GHL,59,47,75.0,205.0,15375.0,2025-01-15
2025011503017479,HLI,42,59,10.0,450.7,4507.0,2025-01-15
2025011503017478,HLI,44,59,500.0,450.7,225350.0,2025-01-15
2025011503017477,NFS,52,57,50.0,852.0,42600.0,2025-01-15
2025011501020470,UHEWA,88,56,20.0,837.9,16758.0,2025-01-15
2025011504011779,KKHC,22,57,121.0,397.0,48037.0,2025-01-15
2025011505012648,MEL,58,38,420.0,345.3,145026.0,2025-01-15
2025011505012647,MEL,36,38,80.0,345.4,27632.0,2025-01-15
2025011501020469,ANLB,38,46,10.0,5248.0,52480.0,2025-01-15
2025011504011778,NIL,66,1,155.0,925.0,143375.0,2025-01-15
2025011504011777,NIL,66,44,200.0,924.8,184960.0,2025-01-15
2025011504011776,NIL,66,34,200.0,923.6,184720.0,2025-01-15
2025011504011775,NIL,66,52,222.0,923.4,204994.8,2025-01-15
2025011504011774,NIL,66,25,17.0,923.0,15691.0,2025-01-15
2025011504011773,NIL,66,44,100.0,922.0,92200.0,2025-01-15
2025011504011772,NIL,66,82,100.0,920.0,92000.0,2025-01-15
2025011504011771,NIL,66,25,11.0,920.0,10120.0,2025-01-15
2025011504011770,NIL,66,21,12.0,920.0,11040.0,2025-01-15
2025011504011769,NIL,66,44,100.0,919.8,91980.0,2025-01-15
2025011504011768,NIL,66,44,100.0,919.8,91980.0,2025-01-15
2025011504011767,NIL,66,57,200.0,918.5,183700.0,2025-01-15
2025011504011766,NIL,66,58,20.0,918.0,18360.0,2025-01-15
2025011504011765,NIL,66,17,60.0,917.0,55020.0,2025-01-15
2025011504011764,NIL,66,38,200.0,915.0,183000.0,2025-01-15
2025011504011763,NIL,66,44,100.0,915.0,91500.0,2025-01-15
2025011504011762,NIL,66,41,53.0,915.0,48495.0,2025-01-15
2025011504011761,NIL,66,45,100.0,915.0,91500.0,2025-01-15
2025011504011760,NIL,66,44,50.0,914.9,45745.0,2025-01-15
2025011501020468,MCHL,8,55,50.0,631.0,31550.0,2025-01-15
2025011504011759,RHPL,58,49,20.0,459.0,9180.0,2025-01-15
2025011504011758,RHPL,58,4,1000.0,459.0,459000.0,2025-01-15
2025011504011757,RHPL,58,45,1480.0,459.0,679320.0,2025-01-15
2025011503017476,SFCL,58,49,26.0,632.0,16432.0,2025-01-15
2025011504011756,CHCL,45,22,113.0,500.4,56545.2,2025-01-15
2025011504011755,CHCL,60,22,63.0,500.5,31531.5,2025-01-15
2025011504011754,CHCL,40,22,14.0,500.6,7008.4,2025-01-15
2025011501020467,LSL,48,16,417.0,209.9,87528.3,2025-01-15
2025011501020466,LSL,48,25,30.0,209.9,6297.0,2025-01-15
2025011501020465,LSL,48,16,500.0,209.8,104900.0,2025-01-15
2025011501020464,LSL,48,59,53.0,209.8,11119.4,2025-01-15
2025011501020463,NABIL,36,57,20.0,489.9,9798.0,2025-01-15
2025011505012646,RNLI,6,32,52.0,511.0,26572.0,2025-01-15
2025011505012645,RNLI,6,4,40.0,511.0,20440.0,2025-01-15
2025011505012644,RNLI,6,49,11.0,511.0,5621.0,2025-01-15
2025011505012643,RNLI,6,57,11.0,511.0,5621.0,2025-01-15
2025011505012642,RNLI,6,35,11.0,511.0,5621.0,2025-01-15
2025011505012641,PHCL,96,62,316.0,596.0,188336.0,2025-01-15
2025011505012640,PHCL,96,65,250.0,596.0,149000.0,2025-01-15
2025011505012639,PHCL,96,65,600.0,595.1,357060.0,2025-01-15
2025011505012638,PHCL,96,7,100.0,595.0,59500.0,2025-01-15
2025011505012637,PHCL,96,55,10.0,595.0,5950.0,2025-01-15
2025011505012636,PHCL,96,42,10.0,595.0,5950.0,2025-01-15
2025011505012635,PHCL,96,7,50.0,595.0,29750.0,2025-01-15
2025011505012634,PHCL,96,4,10.0,595.0,5950.0,2025-01-15
2025011505012633,PHCL,96,29,10.0,595.0,5950.0,2025-01-15
2025011505012632,PHCL,96,34,100.0,595.0,59500.0,2025-01-15
2025011505012631,PHCL,96,45,10.0,595.0,5950.0,2025-01-15
2025011505012630,PHCL,96,45,10.0,595.0,5950.0,2025-01-15
2025011505012629,PHCL,96,57,200.0,595.0,119000.0,2025-01-15
2025011505012628,PHCL,96,64,194.0,594.9,115410.6,2025-01-15
2025011505012627,PHCL,96,64,130.0,594.9,77337.0,2025-01-15
2025011501020462,USHEC,25,45,50.0,690.0,34500.0,2025-01-15
2025011503017475,PMLI,49,17,12.0,556.0,6672.0,2025-01-15
2025011503017474,BFC,1,29,555.0,624.0,346320.0,2025-01-15
2025011503017473,BFC,45,29,45.0,624.9,28120.5,2025-01-15
2025011501020461,TAMOR,72,62,10.0,552.0,5520.0,2025-01-15
2025011501020460,TAMOR,80,62,980.0,552.0,540960.0,2025-01-15
2025011503017472,GMFIL,58,3,155.0,515.0,79825.0,2025-01-15
2025011503017471,GMFIL,42,3,10.0,515.0,5150.0,2025-01-15
2025011505012626,PHCL,65,52,10.0,594.0,5940.0,2025-01-15
2025011501020459,USHL,49,71,280.0,801.0,224280.0,2025-01-15
2025011501020458,USHL,58,71,20.0,803.0,16060.0,2025-01-15
2025011503017470,CORBL,71,29,10.0,1720.0,17200.0,2025-01-15
2025011503017469,JFL,62,57,394.0,617.0,243098.0,2025-01-15
2025011503017468,JFL,99,57,50.0,617.0,30850.0,2025-01-15
2025011503017467,JFL,13,57,80.0,617.1,49368.0,2025-01-15
2025011505012625,SONA,42,41,10.0,450.1,4501.0,2025-01-15
2025011501020457,BNHC,60,49,20.0,484.0,9680.0,2025-01-15
2025011503017466,GBBL,34,58,20.0,388.3,7766.0,2025-01-15
2025011503017465,NFS,4,57,15.0,852.0,12780.0,2025-01-15
2025011503017464,SFCL,99,49,10.0,632.0,6320.0,2025-01-15
2025011501020456,MEHL,45,48,50.0,515.4,25770.0,2025-01-15
2025011503017463,NFS,6,57,16.0,852.0,13632.0,2025-01-15
2025011503017462,NFS,6,26,34.0,852.0,28968.0,2025-01-15
2025011501020455,SPL,7,58,10.0,958.9,9589.0,2025-01-15
2025011501020454,SPL,7,44,10.0,957.9,9579.0,2025-01-15
2025011505012624,HDL,44,39,40.0,1157.9,46316.0,2025-01-15
2025011505012623,SMATA,26,45,34.0,818.1,27815.4,2025-01-15
2025011505012622,SMATA,49,45,12.0,818.2,9818.4,2025-01-15
2025011505012621,SMATA,58,45,14.0,818.2,11454.8,2025-01-15
2025011503017461,NFS,17,26,100.0,852.0,85200.0,2025-01-15
2025011504011753,SSHL,57,13,290.0,225.3,65337.0,2025-01-15
2025011504011752,SSHL,38,13,300.0,225.5,67650.0,2025-01-15
2025011504011751,SSHL,53,13,410.0,226.0,92660.0,2025-01-15
2025011501020453,MAKAR,55,62,40.0,648.1,25924.0,2025-01-15
2025011501020452,MAKAR,7,62,10.0,648.1,6481.0,2025-01-15
2025011503017460,NLIC,32,45,191.0,807.0,154137.0,2025-01-15
2025011504011750,BARUN,62,41,200.0,418.9,83780.0,2025-01-15
2025011504011749,NHPC,3,39,100.0,212.4,21240.0,2025-01-15
2025011501020451,TAMOR,80,57,10.0,552.0,5520.0,2025-01-15
2025011503017459,NFS,26,26,50.0,852.0,42600.0,2025-01-15
2025011501020450,MMKJL,39,42,10.0,692.0,6920.0,2025-01-15
2025011503017458,MATRI,5,46,25.0,1199.9,29997.5,2025-01-15
2025011503017457,FOWAD,44,45,10.0,1245.0,12450.0,2025-01-15
2025011504011748,JOSHI,92,21,580.0,434.0,251720.0,2025-01-15
2025011503017456,JFL,13,28,20.0,617.1,12342.0,2025-01-15
2025011503017455,NFS,43,26,20.0,852.0,17040.0,2025-01-15
2025011504011747,GLH,48,40,79.0,245.0,19355.0,2025-01-15
2025011504011746,GLH,54,40,100.0,245.6,24560.0,2025-01-15
2025011504011745,GLH,35,40,80.0,245.7,19656.0,2025-01-15
2025011504011744,GLH,6,40,10.0,245.7,2457.0,2025-01-15
2025011504011743,GLH,54,40,100.0,245.7,24570.0,2025-01-15
2025011504011742,GLH,58,40,81.0,246.0,19926.0,2025-01-15
2025011504011741,GLH,41,40,50.0,246.2,12310.0,2025-01-15
2025011505012620,NSIF2,41,10,1025.0,10.2,10455.0,2025-01-15
2025011501020449,MANDU,53,34,10.0,912.0,9120.0,2025-01-15
2025011504011740,IGI,34,38,10.0,566.0,5660.0,2025-01-15
2025011505012619,CHDC,77,22,10.0,1677.8,16778.0,2025-01-15
2025011503017454,NFS,38,26,10.0,852.0,8520.0,2025-01-15
2025011503017453,NFS,41,26,100.0,852.0,85200.0,2025-01-15
2025011503017452,NFS,35,26,236.0,852.0,201072.0,2025-01-15
2025011503017451,LICN,21,98,55.0,1113.0,61215.0,2025-01-15
2025011501020448,SIKLES,46,58,60.0,910.0,54600.0,2025-01-15
2025011501020447,SIKLES,46,50,10.0,909.9,9099.0,2025-01-15
2025011501020446,SIKLES,46,6,10.0,908.0,9080.0,2025-01-15
2025011503017450,NFS,35,35,100.0,852.0,85200.0,2025-01-15
2025011503017449,PROFL,48,58,14.0,577.0,8078.0,2025-01-15
2025011503017448,SFCL,83,48,20.0,632.0,12640.0,2025-01-15
2025011503017447,SFCL,58,48,80.0,632.0,50560.0,2025-01-15
2025011503017446,PMLI,49,45,630.0,556.0,350280.0,2025-01-15
2025011503017445,PMLI,49,14,120.0,555.9,66708.0,2025-01-15
2025011503017444,PMLI,49,58,12.0,555.8,6669.6,2025-01-15
2025011503017443,FMDBL,59,48,63.0,730.2,46002.6,2025-01-15
2025011503017442,FMDBL,47,48,50.0,730.3,36515.0,2025-01-15
2025011501020445,SGHC,80,6,200.0,555.0,111000.0,2025-01-15
2025011503017441,SFCL,58,58,20.0,632.0,12640.0,2025-01-15
2025011503017440,SFCL,1,58,50.0,632.0,31600.0,2025-01-15
2025011505012618,PHCL,65,65,30.0,594.0,17820.0,2025-01-15
2025011504011739,NGPL,59,5,208.0,270.0,56160.0,2025-01-15
2025011504011738,NGPL,59,22,26.0,270.0,7020.0,2025-01-15
2025011504011737,NGPL,59,32,80.0,270.0,21600.0,2025-01-15
2025011504011736,NGPL,59,35,50.0,270.0,13500.0,2025-01-15
2025011504011735,NGPL,59,90,200.0,270.0,54000.0,2025-01-15
2025011504011734,NGPL,59,39,100.0,270.0,27000.0,2025-01-15
2025011504011733,NGPL,59,58,157.0,270.0,42390.0,2025-01-15
2025011504011732,NGPL,59,25,30.0,270.0,8100.0,2025-01-15
2025011504011731,NGPL,59,58,137.0,270.0,36990.0,2025-01-15
2025011504011730,NGPL,59,59,12.0,270.0,3240.0,2025-01-15
2025011504011729,JOSHI,41,43,35.0,432.0,15120.0,2025-01-15
2025011501020444,CKHL,32,70,50.0,797.0,39850.0,2025-01-15
2025011504011728,SPDL,60,40,100.0,327.0,32700.0,2025-01-15
2025011504011727,JOSHI,41,38,600.0,431.0,258600.0,2025-01-15
2025011501020443,JBLB,29,38,12.0,1345.1,16141.2,2025-01-15
2025011504011726,IGI,26,38,50.0,566.0,28300.0,2025-01-15
2025011501020442,USHEC,38,38,90.0,692.0,62280.0,2025-01-15
2025011501020441,USHEC,38,72,10.0,690.0,6900.0,2025-01-15
2025011503017439,MLBSL,4,38,10.0,2220.0,22200.0,2025-01-15
2025011503017438,NFS,35,4,164.0,852.0,139728.0,2025-01-15
2025011503017437,NFS,37,4,50.0,852.0,42600.0,2025-01-15
2025011503017436,NFS,58,4,40.0,852.0,34080.0,2025-01-15
2025011503017435,NFS,1,4,100.0,852.0,85200.0,2025-01-15
2025011503017434,NFS,6,4,10.0,852.0,8520.0,2025-01-15
2025011503017433,NFS,57,4,186.0,852.0,158472.0,2025-01-15
2025011501020440,NABIL,56,4,10.0,489.7,4897.0,2025-01-15
2025011503017432,PFL,14,22,300.0,481.1,144330.0,2025-01-15
2025011503017431,NFS,57,48,20.0,852.0,17040.0,2025-01-15
2025011504011725,KPCL,49,5,194.0,545.1,105749.4,2025-01-15
2025011501020439,ULHC,1,58,10.0,555.1,5551.0,2025-01-15
2025011505012617,SMJC,65,57,10.0,572.0,5720.0,2025-01-15
2025011503017430,NFS,57,62,150.0,852.0,127800.0,2025-01-15
2025011504011724,HDHPC,38,1,21.0,194.8,4090.8,2025-01-15
2025011504011723,HDHPC,44,1,129.0,194.8,25129.2,2025-01-15
2025011505012616,HATHY,56,57,230.0,1341.2,308476.0,2025-01-15
2025011505012615,HATHY,22,57,20.0,1341.3,26826.0,2025-01-15
2025011505012614,ILI,57,48,20.0,469.0,9380.0,2025-01-15
2025011501020438,DOLTI,29,57,10.0,784.6,7846.0,2025-01-15
2025011503017429,GUFL,56,41,127.0,636.5,80835.5,2025-01-15
2025011503017428,GUFL,57,41,85.0,637.0,54145.0,2025-01-15
2025011503017427,JFL,99,85,450.0,617.0,277650.0,2025-01-15
2025011503017426,JFL,59,85,50.0,617.0,30850.0,2025-01-15
2025011503017425,JFL,58,85,220.0,617.0,135740.0,2025-01-15
2025011503017424,JFL,83,85,50.0,617.1,30855.0,2025-01-15
2025011503017423,NFS,34,58,100.0,853.0,85300.0,2025-01-15
2025011501020437,PPL,77,64,246.0,574.8,141400.8,2025-01-15
2025011501020436,PPL,77,14,200.0,574.0,114800.0,2025-01-15
2025011501020435,PPL,77,43,100.0,573.5,57350.0,2025-01-15
2025011501020434,PPL,77,52,215.0,573.4,123281.0,2025-01-15
2025011501020433,PPL,77,5,175.0,572.0,100100.0,2025-01-15
2025011501020432,PPL,77,11,10.0,572.0,5720.0,2025-01-15
2025011501020431,PPL,77,14,20.0,571.9,11438.0,2025-01-15
2025011501020430,PPL,77,43,10.0,571.0,5710.0,2025-01-15
2025011501020429,PPL,77,22,24.0,571.0,13704.0,2025-01-15
2025011503017422,NFS,57,42,50.0,852.0,42600.0,2025-01-15
2025011503017421,SHINE,46,38,92.0,410.0,37720.0,2025-01-15
2025011503017420,NFS,57,48,94.0,852.0,80088.0,2025-01-15
2025011503017419,NFS,42,48,10.0,852.0,8520.0,2025-01-15
2025011503017418,NFS,7,48,10.0,852.0,8520.0,2025-01-15
2025011503017417,NFS,58,48,10.0,852.0,8520.0,2025-01-15
2025011503017416,NFS,46,48,100.0,852.0,85200.0,2025-01-15
2025011503017415,NFS,62,48,100.0,852.0,85200.0,2025-01-15
2025011503017414,NFS,94,48,76.0,852.0,64752.0,2025-01-15
2025011504011722,NLG,49,45,200.0,1005.0,201000.0,2025-01-15
2025011504011721,NLG,17,45,100.0,1006.0,100600.0,2025-01-15
2025011504011720,NLG,4,45,88.0,1006.1,88536.8,2025-01-15
2025011504011719,NLG,45,45,100.0,1007.0,100700.0,2025-01-15
2025011504011718,NLG,10,45,150.0,1008.0,151200.0,2025-01-15
2025011504011717,NLG,75,45,100.0,1009.0,100900.0,2025-01-15
2025011504011716,NLG,49,45,260.0,1009.1,262366.0,2025-01-15
2025011505012613,SONA,45,42,500.0,450.5,225250.0,2025-01-15
2025011501020428,MKJC,29,50,20.0,550.0,11000.0,2025-01-15
2025011503017413,GFCL,60,38,200.0,757.0,151400.0,2025-01-15
2025011503017412,NFS,36,58,387.0,853.0,330111.0,2025-01-15
2025011503017411,NFS,36,16,270.0,852.2,230094.0,2025-01-15
2025011501020427,MKJC,77,58,7.0,550.0,3850.0,2025-01-15
2025011501020426,MKJC,77,44,13.0,549.0,7137.0,2025-01-15
2025011504011715,RIDI,29,19,915.0,223.0,204045.0,2025-01-15
2025011503017410,SAPDBL,26,57,10.0,1202.5,12025.0,2025-01-15
2025011503017409,MLBL,22,53,300.0,368.2,110460.0,2025-01-15
2025011503017408,NFS,53,16,50.0,852.2,42610.0,2025-01-15
2025011505012612,CLI,18,80,10.0,695.0,6950.0,2025-01-15
2025011501020425,GBIME,58,22,10.0,221.0,2210.0,2025-01-15
2025011501020424,DORDI,70,45,320.0,587.0,187840.0,2025-01-15
2025011501020423,DORDI,88,45,1000.0,587.0,587000.0,2025-01-15
2025011501020422,DORDI,54,45,100.0,588.0,58800.0,2025-01-15
2025011501020421,DORDI,38,45,90.0,588.0,52920.0,2025-01-15
2025011501020420,DORDI,19,45,10.0,588.0,5880.0,2025-01-15
2025011501020419,DORDI,55,45,100.0,588.0,58800.0,2025-01-15
2025011501020418,DORDI,19,45,10.0,588.2,5882.0,2025-01-15
2025011501020417,DORDI,56,45,15.0,590.0,8850.0,2025-01-15
2025011501020416,DORDI,3,45,100.0,590.0,59000.0,2025-01-15
2025011501020415,DORDI,19,45,10.0,590.0,5900.0,2025-01-15
2025011501020414,DORDI,94,45,100.0,590.0,59000.0,2025-01-15
2025011501020413,DORDI,56,45,37.0,590.0,21830.0,2025-01-15
2025011501020412,DORDI,45,45,500.0,590.1,295050.0,2025-01-15
2025011501020411,DORDI,41,45,100.0,592.0,59200.0,2025-01-15
2025011504011714,AKPL,13,6,25.0,230.5,5762.5,2025-01-15
2025011504011713,AKPL,13,14,212.0,230.5,48866.0,2025-01-15
2025011501020410,MHL,72,60,200.0,849.0,169800.0,2025-01-15
2025011504011712,SSHL,72,6,460.0,227.0,104420.0,2025-01-15
2025011504011711,SSHL,72,10,100.0,226.5,22650.0,2025-01-15
2025011504011710,SSHL,72,38,440.0,226.5,99660.0,2025-01-15
2025011501020409,SARBTM,32,66,10.0,731.0,7310.0,2025-01-15
2025011501020408,NICA,47,34,10.0,377.8,3778.0,2025-01-15
2025011504011709,NGPL,5,22,1800.0,266.0,478800.0,2025-01-15
2025011501020407,ADBL,81,42,470.0,286.0,134420.0,2025-01-15
2025011501020406,ADBL,81,58,30.0,286.0,8580.0,2025-01-15
2025011501020405,UHEWA,88,48,10.0,835.0,8350.0,2025-01-15
2025011503017407,NICLBSL,16,59,50.0,655.0,32750.0,2025-01-15
2025011503017406,NICLBSL,36,59,32.0,655.0,20960.0,2025-01-15
2025011503017405,MFIL,58,43,50.0,635.0,31750.0,2025-01-15
2025011503017404,CORBL,71,29,10.0,1720.0,17200.0,2025-01-15
2025011504011708,AHPC,38,57,950.0,248.6,236170.0,2025-01-15
2025011504011707,GHL,57,47,25.0,205.0,5125.0,2025-01-15
2025011501020404,MKHL,34,57,426.0,649.7,276772.2,2025-01-15
2025011503017403,SIFC,17,21,900.0,547.0,492300.0,2025-01-15
2025011503017402,SIFC,35,21,200.0,548.0,109600.0,2025-01-15
2025011503017401,SIFC,45,21,900.0,548.0,493200.0,2025-01-15
2025011504011706,KPCL,38,34,100.0,547.3,54730.0,2025-01-15
2025011503017400,PFL,14,35,200.0,481.1,96220.0,2025-01-15
2025011503017399,SMFBS,49,45,10.0,1948.0,19480.0,2025-01-15
2025011504011705,DHPL,33,16,244.0,318.0,77592.0,2025-01-15
2025011504011704,DHPL,49,16,256.0,318.0,81408.0,2025-01-15
2025011501020403,KBSH,47,55,15.0,2485.1,37276.5,2025-01-15
2025011501020402,PCBL,45,13,50.0,244.0,12200.0,2025-01-15
2025011501020401,MKHC,35,45,310.0,539.0,167090.0,2025-01-15
2025011504011703,SHEL,65,45,380.0,253.5,96330.0,2025-01-15
2025011501020400,IHL,81,72,750.0,701.0,525750.0,2025-01-15
2025011501020399,CYCL,62,46,10.0,1548.0,15480.0,2025-01-15
2025011505012611,GCIL,52,57,10.0,483.8,4838.0,2025-01-15
2025011505012610,GCIL,52,49,10.0,480.5,4805.0,2025-01-15
2025011501020398,MKHL,58,88,100.0,648.2,64820.0,2025-01-15
2025011503017398,ALICL,39,57,32.0,711.0,22752.0,2025-01-15
2025011503017397,ALICL,48,57,68.0,711.0,48348.0,2025-01-15
2025011501020397,SBL,28,41,50.0,290.7,14535.0,2025-01-15
2025011501020396,SAMAJ,58,56,65.0,3224.2,209573.0,2025-01-15
2025011501020395,SAMAJ,48,56,20.0,3225.0,64500.0,2025-01-15
2025011501020394,SAMAJ,58,56,10.0,3259.0,32590.0,2025-01-15
2025011501020393,CZBIL,38,34,500.0,210.4,105200.0,2025-01-15
2025011501020392,RHGCL,46,45,10.0,630.0,6300.0,2025-01-15
2025011501020391,RHGCL,46,55,110.0,630.0,69300.0,2025-01-15
2025011501020390,RHGCL,46,55,80.0,629.0,50320.0,2025-01-15
2025011504011702,SSHL,39,38,10.0,226.5,2265.0,2025-01-15
2025011501020389,SANIMA,62,49,148.0,290.0,42920.0,2025-01-15
2025011501020388,MKHL,49,57,30.0,649.7,19491.0,2025-01-15
2025011501020387,MEHL,14,48,10.0,517.0,5170.0,2025-01-15
2025011503017396,MLBL,22,14,370.0,368.2,136234.0,2025-01-15
2025011503017395,MLBL,46,14,200.0,368.3,73660.0,2025-01-15
2025011503017394,MLBL,17,14,30.0,368.4,11052.0,2025-01-15
2025011503017393,MLBL,45,14,100.0,369.0,36900.0,2025-01-15
2025011505012609,NRN,35,16,10.0,1187.0,11870.0,2025-01-15
2025011505012608,CIT,19,58,10.0,1987.0,19870.0,2025-01-15
2025011505012607,CIT,17,58,10.0,1987.0,19870.0,2025-01-15
2025011505012606,CIT,57,58,10.0,1987.0,19870.0,2025-01-15
2025011505012605,CIT,45,58,10.0,1987.0,19870.0,2025-01-15
2025011505012604,CIT,43,58,10.0,1987.1,19871.0,2025-01-15
2025011503017392,DDBL,58,18,65.0,784.0,50960.0,2025-01-15
2025011501020386,MCHL,17,13,10.0,631.0,6310.0,2025-01-15
2025011501020385,MCHL,17,41,10.0,630.0,6300.0,2025-01-15
2025011501020384,MCHL,17,32,71.0,630.0,44730.0,2025-01-15
2025011505012603,CLI,39,13,10.0,692.1,6921.0,2025-01-15
2025011504011701,RIDI,29,46,420.0,223.0,93660.0,2025-01-15
2025011504011700,RIDI,29,41,26.0,223.0,5798.0,2025-01-15
2025011504011699,RIDI,29,16,43.0,223.0,9589.0,2025-01-15
2025011504011698,RIDI,29,96,1346.0,222.5,299485.0,2025-01-15
2025011504011697,RIDI,29,22,150.0,222.5,33375.0,2025-01-15
2025011504011696,GLH,72,45,10.0,247.0,2470.0,2025-01-15
2025011504011695,RURU,52,49,540.0,750.0,405000.0,2025-01-15
2025011504011694,AHPC,38,1,50.0,248.6,12430.0,2025-01-15
2025011501020383,SARBTM,85,66,94.0,731.0,68714.0,2025-01-15
2025011504011693,NLG,49,41,90.0,1009.1,90819.0,2025-01-15
2025011504011692,NLG,6,41,10.0,1010.0,10100.0,2025-01-15
2025011503017391,NFS,94,42,100.0,852.0,85200.0,2025-01-15
2025011505012602,NRIC,7,42,34.0,778.0,26452.0,2025-01-15
2025011505012601,NRIC,7,60,50.0,778.0,38900.0,2025-01-15
2025011505012600,NRIC,7,57,480.0,777.9,373392.0,2025-01-15
2025011505012599,NRIC,7,63,100.0,777.8,77780.0,2025-01-15
2025011505012598,NRIC,7,71,115.0,777.0,89355.0,2025-01-15
2025011505012597,NRIC,7,46,86.0,777.0,66822.0,2025-01-15
2025011505012596,NRIC,7,33,10.0,777.0,7770.0,2025-01-15
2025011505012595,NRIC,7,17,15.0,777.0,11655.0,2025-01-15
2025011505012594,NRIC,7,63,70.0,776.9,54383.0,2025-01-15
2025011505012593,NRIC,7,45,40.0,776.8,31072.0,2025-01-15
2025011501020382,MANDU,53,6,10.0,912.0,9120.0,2025-01-15
2025011503017390,NFS,47,16,155.0,852.3,132106.5,2025-01-15
2025011505012592,SONA,42,58,10.0,450.1,4501.0,2025-01-15
2025011505012591,SAHAS,25,45,80.0,485.0,38800.0,2025-01-15
2025011505012590,SAHAS,39,45,240.0,485.0,116400.0,2025-01-15
2025011504011691,UAIL,45,32,10.0,635.0,6350.0,2025-01-15
2025011504011690,UAIL,45,49,16.0,632.0,10112.0,2025-01-15
2025011504011689,UAIL,45,52,10.0,632.0,6320.0,2025-01-15
2025011503017389,BFC,45,32,10.0,624.9,6249.0,2025-01-15
2025011503017388,BFC,45,28,45.0,624.9,28120.5,2025-01-15
2025011503017387,GRDBL,45,59,15.0,1216.0,18240.0,2025-01-15
2025011504011688,NGPL,59,59,688.0,270.0,185760.0,2025-01-15
2025011504011687,NGPL,59,19,100.0,270.0,27000.0,2025-01-15
2025011504011686,NGPL,59,52,63.0,270.0,17010.0,2025-01-15
2025011504011685,NGPL,59,45,30.0,270.0,8100.0,2025-01-15
2025011504011684,NGPL,59,5,119.0,270.0,32130.0,2025-01-15
2025011503017386,GMFBS,32,38,10.0,1764.0,17640.0,2025-01-15
2025011503017385,PROFL,32,7,138.0,577.0,79626.0,2025-01-15
2025011503017384,PROFL,32,6,19.0,576.9,10961.1,2025-01-15
2025011503017383,PROFL,32,8,185.0,576.0,106560.0,2025-01-15
2025011503017382,SLBBL,1,68,10.0,898.0,8980.0,2025-01-15
2025011503017381,SHINE,22,41,94.0,409.3,38474.2,2025-01-15
2025011503017380,SHINE,45,41,26.0,409.3,10641.8,2025-01-15
2025011505012589,CHDC,77,22,10.0,1677.8,16778.0,2025-01-15
2025011504011683,HPPL,25,19,225.0,462.0,103950.0,2025-01-15
2025011503017379,NABBC,5,46,65.0,1138.0,73970.0,2025-01-15
2025011501020381,ANLB,87,38,10.0,5150.0,51500.0,2025-01-15
2025011504011682,HPPL,25,35,225.0,462.0,103950.0,2025-01-15
2025011504011681,HPPL,21,35,1275.0,462.0,589050.0,2025-01-15
2025011503017378,JFL,58,4,70.0,617.0,43190.0,2025-01-15
2025011505012588,CHDC,43,39,321.0,1661.0,533181.0,2025-01-15
2025011505012587,CHDC,1,39,10.0,1661.1,16611.0,2025-01-15
2025011505012586,CHDC,61,39,50.0,1661.1,83055.0,2025-01-15
2025011505012585,CHDC,50,39,10.0,1661.2,16612.0,2025-01-15
2025011505012584,CHDC,34,39,39.0,1670.0,65130.0,2025-01-15
2025011504011680,UPPER,49,10,150.0,200.0,30000.0,2025-01-15
2025011501020380,DLBS,58,21,10.0,1647.0,16470.0,2025-01-15
2025011504011679,SHEL,65,32,900.0,253.5,228150.0,2025-01-15
2025011501020379,MBL,45,16,50.0,223.0,11150.0,2025-01-15
2025011501020378,MKCL,45,26,10.0,1490.0,14900.0,2025-01-15
2025011504011678,RBCL,5,17,10.0,14700.0,147000.0,2025-01-15
2025011504011677,RBCL,6,17,10.0,14705.0,147050.0,2025-01-15
2025011501020377,MEHL,62,48,100.0,517.0,51700.0,2025-01-15
2025011503017377,NFS,47,62,485.0,852.3,413365.5,2025-01-15
2025011503017376,NFS,56,62,25.0,852.5,21312.5,2025-01-15
2025011503017375,NFS,45,62,10.0,852.5,8525.0,2025-01-15
2025011501020376,BNT,66,54,70.0,13351.0,934570.0,2025-01-15
2025011501020375,BNT,42,54,10.0,13351.5,133515.0,2025-01-15
2025011503017374,SAPDBL,52,57,10.0,1202.5,12025.0,2025-01-15
2025011501020374,MKHC,35,40,150.0,539.0,80850.0,2025-01-15
2025011503017373,ILBS,58,1,40.0,967.0,38680.0,2025-01-15
2025011503017372,ILBS,49,1,10.0,967.0,9670.0,2025-01-15
2025011503017371,ILBS,49,1,10.0,968.0,9680.0,2025-01-15
2025011505012583,NRIC,25,41,50.0,775.1,38755.0,2025-01-15
2025011504011676,API,47,41,167.0,264.0,44088.0,2025-01-15
2025011504011675,API,47,34,83.0,264.0,21912.0,2025-01-15
2025011501020373,AVYAN,66,58,10.0,1028.0,10280.0,2025-01-15
2025011503017370,MLBBL,58,56,12.0,1601.0,19212.0,2025-01-15
2025011503017369,MLBBL,41,56,10.0,1602.0,16020.0,2025-01-15
2025011504011674,SHEL,44,7,500.0,253.0,126500.0,2025-01-15
2025011501020372,KBL,39,7,10.0,207.5,2075.0,2025-01-15
2025011505012582,NRIC,7,45,60.0,776.8,46608.0,2025-01-15
2025011505012581,NRIC,7,51,200.0,776.8,155360.0,2025-01-15
2025011505012580,NRIC,7,38,10.0,776.8,7768.0,2025-01-15
2025011505012579,NRIC,7,21,26.0,776.4,20186.4,2025-01-15
2025011505012578,NRIC,7,37,100.0,776.0,77600.0,2025-01-15
2025011505012577,NRIC,7,57,150.0,776.0,116400.0,2025-01-15
2025011505012576,NRIC,7,11,100.0,776.0,77600.0,2025-01-15
2025011505012575,NRIC,7,42,53.0,776.0,41128.0,2025-01-15
2025011505012574,NRIC,7,51,271.0,775.9,210268.9,2025-01-15
2025011505012573,NRIC,7,38,30.0,775.2,23256.0,2025-01-15
2025011503017368,SMPDA,14,5,10.0,937.9,9379.0,2025-01-15
2025011503017367,GBBL,34,49,19.0,388.3,7377.7,2025-01-15
2025011504011673,BPCL,22,50,63.0,393.1,24765.3,2025-01-15
2025011505012572,PHCL,65,65,365.0,594.0,216810.0,2025-01-15
2025011504011672,AHPC,58,52,100.0,248.9,24890.0,2025-01-15
2025011503017366,MDB,45,32,10.0,650.4,6504.0,2025-01-15
2025011503017365,NFS,45,32,40.0,852.5,34100.0,2025-01-15
2025011503017364,NFS,58,32,60.0,852.5,51150.0,2025-01-15
2025011503017363,PMLI,34,52,254.0,550.3,139776.2,2025-01-15
2025011503017362,PMLI,56,52,93.0,550.4,51187.2,2025-01-15
2025011503017361,PMLI,40,52,14.0,550.5,7707.0,2025-01-15
2025011503017360,PMLI,56,52,200.0,551.2,110240.0,2025-01-15
2025011503017359,PMLI,17,52,100.0,551.3,55130.0,2025-01-15
2025011503017358,PMLI,16,52,267.0,553.0,147651.0,2025-01-15
2025011503017357,PMLI,49,52,20.0,553.2,11064.0,2025-01-15
2025011503017356,PMLI,45,52,52.0,555.0,28860.0,2025-01-15
2025011503017355,SFCL,1,57,50.0,632.0,31600.0,2025-01-15
2025011505012571,NRIC,55,60,300.0,775.0,232500.0,2025-01-15
2025011504011671,AKJCL,75,57,1307.0,195.0,254865.0,2025-01-15
2025011504011670,AKJCL,28,57,93.0,195.1,18144.3,2025-01-15
2025011505012570,SMJC,42,57,100.0,572.0,57200.0,2025-01-15
2025011505012569,SMJC,80,57,90.0,572.1,51489.0,2025-01-15
2025011505012568,SMJC,14,57,35.0,572.1,20023.5,2025-01-15
2025011503017354,JFL,58,42,625.0,617.0,385625.0,2025-01-15
2025011503017353,JFL,1,42,275.0,617.5,169812.5,2025-01-15
2025011505012567,CLI,26,80,180.0,695.0,125100.0,2025-01-15
2025011505012566,CLI,26,48,10.0,695.0,6950.0,2025-01-15
2025011505012565,CLI,26,58,10.0,695.0,6950.0,2025-01-15
2025011505012564,CLI,26,58,10.0,695.0,6950.0,2025-01-15
2025011505012563,CLI,26,49,10.0,695.0,6950.0,2025-01-15
2025011505012562,CLI,26,49,10.0,695.0,6950.0,2025-01-15
2025011505012561,CLI,26,85,10.0,695.0,6950.0,2025-01-15
2025011505012560,CLI,26,34,10.0,695.0,6950.0,2025-01-15
2025011505012559,CLI,26,47,50.0,695.0,34750.0,2025-01-15
2025011505012558,PHCL,34,21,10.0,590.1,5901.0,2025-01-15
2025011501020371,RHGCL,20,55,100.0,629.0,62900.0,2025-01-15
2025011503017352,SINDU,49,21,10.0,1077.0,10770.0,2025-01-15
2025011504011669,NGPL,44,5,50.0,270.0,13500.0,2025-01-15
2025011503017351,SFCL,44,57,100.0,632.0,63200.0,2025-01-15
2025011503017350,SKBBL,58,47,10.0,815.0,8150.0,2025-01-15
2025011503017349,GFCL,45,56,20.0,756.9,15138.0,2025-01-15
2025011503017348,EDBL,45,8,100.0,599.7,59970.0,2025-01-15
2025011503017347,SADBL,58,39,10.0,392.0,3920.0,2025-01-15
2025011501020370,TAMOR,80,13,100.0,552.0,55200.0,2025-01-15
2025011501020369,TAMOR,80,44,910.0,552.0,502320.0,2025-01-15
2025011503017346,HLI,66,29,10.0,450.6,4506.0,2025-01-15
2025011504011668,NHDL,28,50,10.0,903.9,9039.0,2025-01-15
2025011504011667,API,19,32,78.0,263.0,20514.0,2025-01-15
2025011504011666,API,49,32,15.0,263.0,3945.0,2025-01-15
2025011501020368,MMKJL,33,88,273.0,691.0,188643.0,2025-01-15
2025011504011665,CGH,58,40,100.0,880.0,88000.0,2025-01-15
2025011501020367,RHGCL,1,55,100.0,629.0,62900.0,2025-01-15
2025011505012557,HRL,60,22,10.0,792.9,7929.0,2025-01-15
2025011504011664,UPPER,4,10,80.0,200.0,16000.0,2025-01-15
2025011503017345,JFL,57,47,40.0,618.0,24720.0,2025-01-15
2025011501020366,MHCL,57,91,10.0,542.0,5420.0,2025-01-15
2025011503017344,GUFL,57,25,115.0,637.0,73255.0,2025-01-15
2025011504011663,GLH,58,26,519.0,246.0,127674.0,2025-01-15
2025011505012556,PHCL,42,57,99.0,594.0,58806.0,2025-01-15
2025011505012555,PHCL,42,10,10.0,594.0,5940.0,2025-01-15
2025011505012554,PHCL,42,49,10.0,594.0,5940.0,2025-01-15
2025011505012553,PHCL,42,22,169.0,593.9,100369.1,2025-01-15
2025011504011662,JOSHI,57,33,50.0,430.2,21510.0,2025-01-15
2025011503017343,MDB,32,7,300.0,650.5,195150.0,2025-01-15
2025011503017342,BFC,13,28,200.0,624.9,124980.0,2025-01-15
2025011501020365,SARBTM,62,25,48.0,728.0,34944.0,2025-01-15
2025011501020364,SARBTM,35,25,100.0,728.0,72800.0,2025-01-15
2025011501020363,SARBTM,17,25,50.0,728.0,36400.0,2025-01-15
2025011501020362,SARBTM,21,25,300.0,728.1,218430.0,2025-01-15
2025011501020361,SARBTM,42,25,100.0,729.0,72900.0,2025-01-15
2025011501020360,SARBTM,1,25,52.0,729.0,37908.0,2025-01-15
2025011501020359,SARBTM,65,25,300.0,729.1,218730.0,2025-01-15
2025011501020358,SARBTM,58,25,50.0,730.0,36500.0,2025-01-15
2025011501020357,KDL,59,16,79.0,1098.0,86742.0,2025-01-15
2025011501020356,KDL,59,7,50.0,1098.0,54900.0,2025-01-15
2025011501020355,KDL,59,68,80.0,1095.0,87600.0,2025-01-15
2025011504011661,SPDL,48,17,100.0,326.6,32660.0,2025-01-15
2025011501020354,ICFCD83,38,43,16.0,1280.0,20480.0,2025-01-15
2025011504011660,NLG,75,34,50.0,1015.0,50750.0,2025-01-15
2025011505012552,NRN,35,37,10.0,1187.0,11870.0,2025-01-15
2025011504011659,AHPC,57,52,20.0,248.9,4978.0,2025-01-15
2025011505012551,SAHAS,57,6,10.0,488.9,4889.0,2025-01-15
2025011503017341,JSLBB,38,33,86.0,1621.0,139406.0,2025-01-15
2025011501020353,ULHC,53,45,10.0,556.0,5560.0,2025-01-15
2025011501020352,TVCL,35,61,15.0,596.5,8947.5,2025-01-15
2025011501020351,TVCL,35,35,100.0,596.0,59600.0,2025-01-15
2025011501020350,EHPL,99,6,50.0,780.3,39015.0,2025-01-15
2025011503017340,PROFL,6,8,60.0,576.0,34560.0,2025-01-15
2025011501020349,RFPL,49,84,20.0,1349.0,26980.0,2025-01-15
2025011504011658,RURU,6,49,500.0,750.0,375000.0,2025-01-15
2025011504011657,RURU,16,49,810.0,753.0,609930.0,2025-01-15
2025011504011656,RURU,42,49,490.0,755.0,369950.0,2025-01-15
2025011501020348,BEDC,74,88,100.0,785.0,78500.0,2025-01-15
2025011501020347,BEDC,74,49,20.0,785.0,15700.0,2025-01-15
2025011501020346,BEDC,74,34,20.0,784.3,15686.0,2025-01-15
2025011501020345,BEDC,74,74,300.0,784.2,235260.0,2025-01-15
2025011501020344,BEDC,74,17,25.0,784.0,19600.0,2025-01-15
2025011501020343,BEDC,74,1,100.0,784.0,78400.0,2025-01-15
2025011501020342,BEDC,74,61,150.0,782.3,117345.0,2025-01-15
2025011501020341,BEDC,74,5,100.0,782.3,78230.0,2025-01-15
2025011501020340,BEDC,74,58,10.0,782.0,7820.0,2025-01-15
2025011501020339,BEDC,74,51,100.0,782.0,78200.0,2025-01-15
2025011501020338,BEDC,74,57,100.0,781.3,78130.0,2025-01-15
2025011501020337,BEDC,74,26,500.0,781.3,390650.0,2025-01-15
2025011501020336,BEDC,74,26,1000.0,781.3,781300.0,2025-01-15
2025011501020335,BEDC,74,34,200.0,781.3,156260.0,2025-01-15
2025011501020334,BEDC,74,60,500.0,781.0,390500.0,2025-01-15
2025011501020333,BEDC,74,88,100.0,780.3,78030.0,2025-01-15
2025011501020332,BEDC,74,74,90.0,780.3,70227.0,2025-01-15
2025011501020331,BEDC,74,82,200.0,780.3,156060.0,2025-01-15
2025011501020330,BEDC,74,53,140.0,780.3,109242.0,2025-01-15
2025011501020329,BEDC,74,66,100.0,780.0,78000.0,2025-01-15
2025011501020328,BEDC,74,3,200.0,780.0,156000.0,2025-01-15
2025011501020327,BEDC,74,26,500.0,780.0,390000.0,2025-01-15
2025011501020326,BEDC,74,5,300.0,780.0,234000.0,2025-01-15
2025011501020325,BEDC,74,34,300.0,780.0,234000.0,2025-01-15
2025011501020324,BEDC,74,26,1000.0,780.0,780000.0,2025-01-15
2025011501020323,BEDC,74,34,10.0,780.0,7800.0,2025-01-15
2025011501020322,BEDC,74,74,300.0,779.9,233970.0,2025-01-15
2025011501020321,BEDC,74,77,150.0,779.0,116850.0,2025-01-15
2025011501020320,BEDC,74,58,129.0,777.0,100233.0,2025-01-15
2025011501020319,BEDC,74,49,10.0,775.2,7752.0,2025-01-15
2025011501020318,BEDC,74,58,379.0,775.2,293800.8,2025-01-15
2025011501020317,BEDC,74,33,300.0,775.2,232560.0,2025-01-15
2025011501020316,BEDC,74,17,250.0,775.0,193750.0,2025-01-15
2025011501020315,BEDC,74,33,1000.0,775.0,775000.0,2025-01-15
2025011501020314,BEDC,74,44,1000.0,775.0,775000.0,2025-01-15
2025011501020313,BEDC,74,34,150.0,775.0,116250.0,2025-01-15
2025011501020312,BEDC,74,68,90.0,775.0,69750.0,2025-01-15
2025011501020311,BEDC,74,68,10.0,775.0,7750.0,2025-01-15
2025011501020310,BEDC,74,13,100.0,774.1,77410.0,2025-01-15
2025011501020309,BEDC,74,36,500.0,774.0,387000.0,2025-01-15
2025011501020308,BEDC,74,55,200.0,774.0,154800.0,2025-01-15
2025011501020307,BEDC,74,44,500.0,774.0,387000.0,2025-01-15
2025011501020306,BEDC,74,44,500.0,774.0,387000.0,2025-01-15
2025011501020305,BEDC,74,17,500.0,773.9,386950.0,2025-01-15
2025011501020304,BEDC,74,74,300.0,773.1,231930.0,2025-01-15
2025011501020303,BEDC,74,58,170.0,773.0,131410.0,2025-01-15
2025011501020302,BEDC,74,96,100.0,773.0,77300.0,2025-01-15
2025011501020301,BEDC,74,59,100.0,773.0,77300.0,2025-01-15
2025011501020300,BEDC,74,51,450.0,773.0,347850.0,2025-01-15
2025011501020299,BEDC,74,17,110.0,773.0,85030.0,2025-01-15
2025011501020298,BEDC,74,13,50.0,773.0,38650.0,2025-01-15
2025011501020297,BEDC,74,22,10.0,772.0,7720.0,2025-01-15
2025011501020296,BEDC,74,91,100.0,772.0,77200.0,2025-01-15
2025011501020295,BEDC,74,74,100.0,772.0,77200.0,2025-01-15
2025011501020294,BEDC,74,1,100.0,771.0,77100.0,2025-01-15
2025011501020293,BEDC,74,6,500.0,771.0,385500.0,2025-01-15
2025011501020292,BEDC,74,95,100.0,771.0,77100.0,2025-01-15
2025011501020291,BEDC,74,25,10.0,770.1,7701.0,2025-01-15
2025011501020290,BEDC,74,45,50.0,770.0,38500.0,2025-01-15
2025011501020289,BEDC,74,49,10.0,770.0,7700.0,2025-01-15
2025011501020288,BEDC,74,42,10.0,770.0,7700.0,2025-01-15
2025011501020287,BEDC,74,34,100.0,770.0,77000.0,2025-01-15
2025011501020286,BEDC,74,21,25.0,770.0,19250.0,2025-01-15
2025011501020285,BEDC,74,29,500.0,770.0,385000.0,2025-01-15
2025011501020284,BEDC,74,59,200.0,768.9,153780.0,2025-01-15
2025011501020283,BEDC,74,54,130.0,768.0,99840.0,2025-01-15
2025011501020282,BEDC,74,58,10.0,768.0,7680.0,2025-01-15
2025011501020281,BEDC,74,17,50.0,767.9,38395.0,2025-01-15
2025011501020280,BEDC,74,53,70.0,767.0,53690.0,2025-01-15
2025011501020279,BEDC,74,60,15.0,767.0,11505.0,2025-01-15
2025011501020278,BEDC,74,87,30.0,767.0,23010.0,2025-01-15
2025011501020277,BEDC,74,51,10.0,767.0,7670.0,2025-01-15
2025011501020276,BEDC,74,74,175.0,767.0,134225.0,2025-01-15
2025011501020275,BEDC,74,6,40.0,766.0,30640.0,2025-01-15
2025011501020274,BEDC,74,74,200.0,766.0,153200.0,2025-01-15
2025011501020273,BEDC,74,39,500.0,765.0,382500.0,2025-01-15
2025011501020272,BEDC,74,11,10.0,765.0,7650.0,2025-01-15
2025011501020271,BEDC,74,6,500.0,765.0,382500.0,2025-01-15
2025011501020270,BEDC,74,26,1000.0,765.0,765000.0,2025-01-15
2025011501020269,BEDC,74,45,175.0,765.0,133875.0,2025-01-15
2025011501020268,BEDC,74,32,10.0,765.0,7650.0,2025-01-15
2025011501020267,BEDC,74,80,10.0,765.0,7650.0,2025-01-15
2025011501020266,BEDC,74,44,120.0,765.0,91800.0,2025-01-15
2025011501020265,BEDC,74,58,100.0,765.0,76500.0,2025-01-15
2025011501020264,BEDC,74,57,400.0,765.0,306000.0,2025-01-15
2025011501020263,BEDC,74,45,150.0,765.0,114750.0,2025-01-15
2025011501020262,BEDC,74,45,309.0,764.9,236354.1,2025-01-15
2025011501020261,BEDC,74,85,500.0,764.8,382400.0,2025-01-15
2025011501020260,BEDC,74,33,70.0,764.8,53536.0,2025-01-15
2025011501020259,BEDC,74,81,500.0,764.0,382000.0,2025-01-15
2025011501020258,BEDC,74,38,100.0,760.0,76000.0,2025-01-15
2025011501020257,BEDC,74,51,10.0,760.0,7600.0,2025-01-15
2025011501020256,BEDC,74,58,10.0,760.0,7600.0,2025-01-15
2025011501020255,BEDC,74,58,150.0,760.0,114000.0,2025-01-15
2025011501020254,BEDC,74,33,1000.0,760.0,760000.0,2025-01-15
2025011501020253,BEDC,74,57,200.0,760.0,152000.0,2025-01-15
2025011501020252,BEDC,74,1,560.0,760.0,425600.0,2025-01-15
2025011501020251,BEDC,74,81,1000.0,759.0,759000.0,2025-01-15
2025011501020250,BEDC,74,55,160.0,759.0,121440.0,2025-01-15
2025011501020249,BEDC,74,81,400.0,758.0,303200.0,2025-01-15
2025011505012550,HRL,58,22,38.0,792.9,30130.2,2025-01-15
2025011503017339,MNBBL,14,67,155.0,370.0,57350.0,2025-01-15
2025011503017338,MNBBL,25,67,200.0,370.0,74000.0,2025-01-15
2025011503017337,MNBBL,48,67,30.0,370.0,11100.0,2025-01-15
2025011503017336,MNBBL,51,67,80.0,370.0,29600.0,2025-01-15
2025011504011655,JOSHI,57,59,30.0,430.2,12906.0,2025-01-15
2025011503017335,LBBL,21,59,58.0,456.2,26459.6,2025-01-15
2025011503017334,LBBL,14,59,50.0,456.3,22815.0,2025-01-15
2025011503017333,LBBL,14,59,40.0,457.0,18280.0,2025-01-15
2025011503017332,LBBL,58,59,172.0,457.0,78604.0,2025-01-15
2025011503017331,LBBL,57,59,20.0,457.0,9140.0,2025-01-15
2025011503017330,LBBL,45,59,100.0,457.2,45720.0,2025-01-15
2025011503017329,LBBL,42,59,127.0,457.3,58077.1,2025-01-15
2025011503017328,LBBL,57,59,33.0,457.4,15094.2,2025-01-15
2025011501020248,RHGCL,41,55,20.0,629.0,12580.0,2025-01-15
2025011501020247,USHEC,41,72,290.0,690.0,200100.0,2025-01-15
2025011505012549,CHDC,77,22,10.0,1677.8,16778.0,2025-01-15
2025011501020246,NYADI,66,51,20.0,585.0,11700.0,2025-01-15
2025011503017327,NMLBBL,83,34,31.0,651.0,20181.0,2025-01-15
2025011503017326,NMLBBL,34,34,50.0,651.0,32550.0,2025-01-15
2025011503017325,NMLBBL,45,34,10.0,651.0,6510.0,2025-01-15
2025011503017324,NMLBBL,43,34,25.0,651.1,16277.5,2025-01-15
2025011503017323,NMLBBL,77,34,100.0,651.1,65110.0,2025-01-15
2025011503017322,NMLBBL,42,34,20.0,652.0,13040.0,2025-01-15
2025011503017321,NMLBBL,21,34,64.0,653.0,41792.0,2025-01-15
2025011505012548,SMATA,57,46,10.0,819.0,8190.0,2025-01-15
2025011501020245,ULHC,19,38,50.0,555.0,27750.0,2025-01-15
2025011501020244,GBIME,11,22,790.0,221.7,175143.0,2025-01-15
2025011503017320,WNLB,53,38,10.0,2750.0,27500.0,2025-01-15
2025011504011654,OHL,19,56,90.0,885.0,79650.0,2025-01-15
2025011504011653,OHL,59,56,10.0,885.0,8850.0,2025-01-15
2025011501020243,BHDC,7,41,10.0,698.0,6980.0,2025-01-15
2025011505012547,NRN,35,57,20.0,1187.0,23740.0,2025-01-15
2025011505012546,HRL,38,48,250.0,791.1,197775.0,2025-01-15
2025011504011652,AKPL,49,14,50.0,230.5,11525.0,2025-01-15
2025011504011651,SGIC,39,6,20.0,669.0,13380.0,2025-01-15
2025011504011650,SGIC,29,6,80.0,669.0,53520.0,2025-01-15
2025011501020242,SNLI,44,58,12.0,622.0,7464.0,2025-01-15
2025011501020241,SNLI,44,21,109.0,620.0,67580.0,2025-01-15
2025011501020240,SNLI,44,42,12.0,619.0,7428.0,2025-01-15
2025011501020239,SNLI,44,49,12.0,618.0,7416.0,2025-01-15
2025011503017319,NLIC,87,45,20.0,807.0,16140.0,2025-01-15
2025011501020238,SCB,13,39,10.0,669.4,6694.0,2025-01-15
2025011503017318,RLFL,32,58,10.0,568.0,5680.0,2025-01-15
2025011504011649,UPCL,84,58,144.0,274.3,39499.2,2025-01-15
2025011504011648,UPCL,84,58,745.0,274.3,204353.5,2025-01-15
2025011504011647,UPCL,38,58,411.0,274.4,112778.4,2025-01-15
2025011503017317,SKBBL,58,58,15.0,814.0,12210.0,2025-01-15
2025011505012545,RNLI,58,43,11.0,510.5,5615.5,2025-01-15
2025011504011646,NICL,14,62,50.0,961.0,48050.0,2025-01-15
2025011504011645,NICL,7,62,60.0,961.1,57666.0,2025-01-15
2025011504011644,UMRH,36,45,10.0,644.0,6440.0,2025-01-15
2025011501020237,KDL,1,41,25.0,1093.0,27325.0,2025-01-15
2025011503017316,GMFIL,35,57,91.0,515.0,46865.0,2025-01-15
2025011503017315,GMFIL,19,57,25.0,515.0,12875.0,2025-01-15
2025011503017314,GMFIL,49,57,10.0,516.0,5160.0,2025-01-15
2025011503017313,GMFIL,58,57,100.0,517.0,51700.0,2025-01-15
2025011503017312,GMFIL,49,57,50.0,517.0,25850.0,2025-01-15
2025011503017311,GMFIL,57,57,84.0,518.0,43512.0,2025-01-15
2025011503017310,GMFIL,44,57,100.0,518.1,51810.0,2025-01-15
2025011503017309,GFCL,58,21,10.0,756.1,7561.0,2025-01-15
2025011503017308,GFCL,58,21,15.0,756.2,11343.0,2025-01-15
2025011503017307,PROFL,42,8,15.0,576.0,8640.0,2025-01-15
2025011505012544,SAHAS,39,42,260.0,485.0,126100.0,2025-01-15
2025011505012543,SAHAS,29,42,10.0,485.0,4850.0,2025-01-15
2025011505012542,SAHAS,39,42,50.0,485.0,24250.0,2025-01-15
2025011505012541,SAHAS,21,42,200.0,485.0,97000.0,2025-01-15
2025011505012540,SAHAS,14,42,90.0,485.0,43650.0,2025-01-15
2025011505012539,SAHAS,32,42,50.0,485.1,24255.0,2025-01-15
2025011504011643,SHEL,44,42,975.0,253.0,246675.0,2025-01-15
2025011504011642,SHEL,4,42,25.0,253.1,6327.5,2025-01-15
2025011501020236,MMKJL,33,33,150.0,691.0,103650.0,2025-01-15
2025011503017306,NFS,94,35,24.0,852.0,20448.0,2025-01-15
2025011503017305,NFS,77,35,500.0,852.0,426000.0,2025-01-15
2025011503017304,NFS,77,35,476.0,852.0,405552.0,2025-01-15
2025011505012538,SMJC,14,44,315.0,572.1,180211.5,2025-01-15
2025011501020235,USHL,14,58,20.0,810.0,16200.0,2025-01-15
2025011504011641,HDHPC,36,7,1000.0,195.0,195000.0,2025-01-15
2025011503017303,CORBL,29,41,12.0,1700.0,20400.0,2025-01-15
2025011503017302,CORBL,29,42,50.0,1700.0,85000.0,2025-01-15
2025011505012537,GCIL,17,58,11.0,480.2,5282.2,2025-01-15
2025011501020234,TSHL,32,58,40.0,839.2,33568.0,2025-01-15
2025011503017301,CBBL,33,40,45.0,850.0,38250.0,2025-01-15
2025011503017300,CBBL,34,40,43.0,850.0,36550.0,2025-01-15
2025011501020233,MKJC,77,44,10.0,549.0,5490.0,2025-01-15
2025011501020232,MKJC,77,38,290.0,545.0,158050.0,2025-01-15
2025011503017299,KSBBL,81,45,400.0,430.0,172000.0,2025-01-15
2025011503017298,KSBBL,81,67,29.0,430.0,12470.0,2025-01-15
2025011504011640,SHEL,56,32,100.0,253.5,25350.0,2025-01-15
2025011504011639,SHEL,56,52,500.0,253.5,126750.0,2025-01-15
2025011505012536,SMATA,57,56,10.0,819.0,8190.0,2025-01-15
2025011505012535,HATHY,49,14,10.0,1345.0,13450.0,2025-01-15
2025011501020231,USHEC,14,6,100.0,686.0,68600.0,2025-01-15
2025011503017297,JFL,6,7,150.0,619.0,92850.0,2025-01-15
2025011501020230,BEDC,29,49,10.0,754.0,7540.0,2025-01-15
2025011503017296,GUFL,49,25,50.0,637.0,31850.0,2025-01-15
2025011501020229,KBL,28,48,1828.0,207.9,380041.2,2025-01-15
2025011501020228,KBL,28,13,512.0,207.9,106444.8,2025-01-15
2025011501020227,KBL,28,59,300.0,207.8,62340.0,2025-01-15
2025011501020226,KBL,28,58,1000.0,207.7,207700.0,2025-01-15
2025011501020225,KBL,28,26,500.0,207.6,103800.0,2025-01-15
2025011501020224,KBL,28,50,360.0,207.6,74736.0,2025-01-15
2025011504011638,LEC,75,44,339.0,209.0,70851.0,2025-01-15
2025011504011637,LEC,75,42,1000.0,209.0,209000.0,2025-01-15
2025011504011636,LEC,75,41,517.0,209.0,108053.0,2025-01-15
2025011504011635,LEC,75,11,100.0,209.0,20900.0,2025-01-15
2025011504011634,LEC,75,35,118.0,209.0,24662.0,2025-01-15
2025011504011633,LEC,75,41,100.0,209.0,20900.0,2025-01-15
2025011504011632,LEC,75,59,106.0,209.0,22154.0,2025-01-15
2025011504011631,LEC,75,21,385.0,208.9,80426.5,2025-01-15
2025011504011630,LEC,75,21,178.0,208.0,37024.0,2025-01-15
2025011504011629,LEC,75,57,20.0,208.0,4160.0,2025-01-15
2025011504011628,LEC,75,46,200.0,208.0,41600.0,2025-01-15
2025011503017295,NFS,77,58,337.0,853.0,287461.0,2025-01-15
2025011503017294,NFS,77,42,163.0,852.5,138957.5,2025-01-15
2025011503017293,NFS,19,42,12.0,852.5,10230.0,2025-01-15
2025011501020223,MKHC,35,34,40.0,539.0,21560.0,2025-01-15
2025011501020222,MKHC,40,34,50.0,540.0,27000.0,2025-01-15
2025011501020221,MKHC,44,34,110.0,540.0,59400.0,2025-01-15
2025011504011627,UPCL,38,38,314.0,274.4,86161.6,2025-01-15
2025011504011626,UPCL,22,38,100.0,274.5,27450.0,2025-01-15
2025011503017292,MFIL,63,34,50.0,636.0,31800.0,2025-01-15
2025011504011625,BARUN,42,39,46.0,417.5,19205.0,2025-01-15
