transaction,symbol,buyer,seller,quantity,rate,amount,date
2024032803008357,SADBL,50,70,300.0,298.9,89670.0,2024-03-28
2024032801032115,SARBTM,17,45,50.0,1082.7,54135.0,2024-03-28
2024032801032114,BHL,45,58,10.0,364.0,3640.0,2024-03-28
2024032801032113,SARBTM,17,39,50.0,1082.7,54135.0,2024-03-28
2024032801032112,CKHL,70,55,20.0,581.0,11620.0,2024-03-28
2024032801032111,SONA,52,65,10.0,493.9,4939.0,2024-03-28
2024032801032110,BEDC,52,39,50.0,366.0,18300.0,2024-03-28
2024032801032109,CZBIL,52,19,10.0,160.5,1605.0,2024-03-28
2024032801032108,CZBIL,52,58,30.0,160.3,4809.0,2024-03-28
2024032801032107,CZBIL,52,49,10.0,160.0,1600.0,2024-03-28
2024032801032106,SARBTM,17,52,50.0,1082.7,54135.0,2024-03-28
2024032801032105,SPC,71,33,10.0,589.0,5890.0,2024-03-28
2024032801032104,SONA,41,38,10.0,492.0,4920.0,2024-03-28
2024032801032103,RNLI,34,56,10.0,439.0,4390.0,2024-03-28
2024032803008356,JBBL,56,34,10.0,292.0,2920.0,2024-03-28
2024032801032102,PPL,56,56,100.0,520.0,52000.0,2024-03-28
2024032801032101,SPC,28,33,10.0,589.0,5890.0,2024-03-28
2024032804008777,IGI,22,35,10.0,533.1,5331.0,2024-03-28
2024032801032100,HHL,65,17,950.0,383.8,364610.0,2024-03-28
2024032801032099,HHL,65,7,50.0,383.0,19150.0,2024-03-28
2024032803008355,EDBL,14,14,10.0,357.0,3570.0,2024-03-28
2024032801032098,MHL,60,64,40.0,410.9,16436.0,2024-03-28
2024032801032097,MHL,60,42,10.0,410.8,4108.0,2024-03-28
2024032805004370,NRN,3,38,10.0,537.9,5379.0,2024-03-28
2024032801032096,SARBTM,17,67,50.0,1082.7,54135.0,2024-03-28
2024032801032095,ULHC,58,42,10.0,355.0,3550.0,2024-03-28
2024032804008776,HURJA,58,58,50.0,315.7,15785.0,2024-03-28
2024032804008775,HURJA,58,4,200.0,314.0,62800.0,2024-03-28
2024032804008774,HURJA,58,74,50.0,314.0,15700.0,2024-03-28
2024032804008773,HURJA,58,44,530.0,308.0,163240.0,2024-03-28
2024032804008772,HURJA,58,50,165.0,306.0,50490.0,2024-03-28
2024032804008771,HURJA,58,32,835.0,304.0,253840.0,2024-03-28
2024032804008770,HURJA,58,47,20.0,301.9,6038.0,2024-03-28
2024032804008769,HURJA,58,28,100.0,301.9,30190.0,2024-03-28
2024032804008768,HURJA,58,43,200.0,301.9,60380.0,2024-03-28
2024032804008767,HURJA,58,16,80.0,301.9,24152.0,2024-03-28
2024032804008766,HURJA,58,28,200.0,301.0,60200.0,2024-03-28
2024032804008765,HURJA,58,55,300.0,301.0,90300.0,2024-03-28
2024032804008764,HURJA,58,55,20.0,301.0,6020.0,2024-03-28
2024032804008763,HURJA,58,58,400.0,300.9,120360.0,2024-03-28
2024032804008762,HURJA,58,46,10.0,300.9,3009.0,2024-03-28
2024032804008761,HURJA,58,58,60.0,300.8,18048.0,2024-03-28
2024032804008760,HURJA,58,41,50.0,300.3,15015.0,2024-03-28
2024032804008759,HURJA,58,51,50.0,300.0,15000.0,2024-03-28
2024032804008758,HURJA,58,22,20.0,300.0,6000.0,2024-03-28
2024032804008757,HURJA,58,49,200.0,300.0,60000.0,2024-03-28
2024032804008756,HURJA,58,64,1000.0,300.0,300000.0,2024-03-28
2024032804008755,HURJA,58,51,1000.0,300.0,300000.0,2024-03-28
2024032804008754,HURJA,58,57,300.0,300.0,90000.0,2024-03-28
2024032804008753,HURJA,58,45,500.0,300.0,150000.0,2024-03-28
2024032804008752,HURJA,58,38,215.0,300.0,64500.0,2024-03-28
2024032804008751,HURJA,58,8,200.0,300.0,60000.0,2024-03-28
2024032804008750,HURJA,58,34,151.0,300.0,45300.0,2024-03-28
2024032804008749,HURJA,58,33,500.0,299.9,149950.0,2024-03-28
2024032804008748,HURJA,58,38,255.0,299.8,76449.0,2024-03-28
2024032804008747,HURJA,58,38,1000.0,299.8,299800.0,2024-03-28
2024032804008746,HURJA,58,37,1000.0,299.8,299800.0,2024-03-28
2024032804008745,HURJA,58,72,100.0,299.5,29950.0,2024-03-28
2024032804008744,HURJA,58,26,10.0,299.0,2990.0,2024-03-28
2024032804008743,HURJA,58,80,150.0,299.0,44850.0,2024-03-28
2024032804008742,HURJA,58,72,100.0,299.0,29900.0,2024-03-28
2024032804008741,HURJA,58,45,500.0,298.8,149400.0,2024-03-28
2024032804008740,HURJA,58,6,20.0,298.0,5960.0,2024-03-28
2024032804008739,HURJA,58,51,170.0,298.0,50660.0,2024-03-28
2024032804008738,HURJA,58,19,200.0,298.0,59600.0,2024-03-28
2024032804008737,HURJA,58,32,100.0,297.0,29700.0,2024-03-28
2024032804008736,HURJA,58,37,500.0,297.0,148500.0,2024-03-28
2024032804008735,HURJA,58,34,250.0,296.5,74125.0,2024-03-28
2024032804008734,HURJA,58,39,335.0,296.0,99160.0,2024-03-28
2024032804008733,HURJA,58,53,86.0,295.0,25370.0,2024-03-28
2024032804008732,HURJA,58,35,20.0,294.5,5890.0,2024-03-28
2024032804008731,HURJA,58,7,100.0,294.0,29400.0,2024-03-28
2024032804008730,HURJA,58,45,45.0,294.0,13230.0,2024-03-28
2024032804008729,HURJA,58,57,1541.0,294.0,453054.0,2024-03-28
2024032804008728,HURJA,58,41,100.0,293.9,29390.0,2024-03-28
2024032804008727,HURJA,58,43,1000.0,293.0,293000.0,2024-03-28
2024032805004369,NIFRA,55,45,937.0,207.2,194146.4,2024-03-28
2024032805004368,NIFRA,55,56,64.0,207.0,13248.0,2024-03-28
2024032805004367,NIFRA,55,45,27.0,207.0,5589.0,2024-03-28
2024032805004366,NIFRA,55,6,54.0,207.0,11178.0,2024-03-28
2024032805004365,NIFRA,55,56,54.0,207.0,11178.0,2024-03-28
2024032805004364,NIFRA,55,16,100.0,207.0,20700.0,2024-03-28
2024032805004363,NIFRA,55,87,54.0,207.0,11178.0,2024-03-28
2024032805004362,NIFRA,55,19,54.0,207.0,11178.0,2024-03-28
2024032805004361,NIFRA,55,42,64.0,207.0,13248.0,2024-03-28
2024032805004360,NIFRA,55,45,32.0,207.0,6624.0,2024-03-28
2024032805004359,NIFRA,55,14,64.0,207.0,13248.0,2024-03-28
2024032805004358,NIFRA,55,40,54.0,207.0,11178.0,2024-03-28
2024032805004357,NIFRA,55,1,108.0,207.0,22356.0,2024-03-28
2024032805004356,NIFRA,55,25,334.0,206.5,68971.0,2024-03-28
2024032804008726,JOSHI,21,45,10.0,347.0,3470.0,2024-03-28
2024032804008725,GLH,32,38,10.0,218.0,2180.0,2024-03-28
2024032803008354,MLBBL,16,57,20.0,905.0,18100.0,2024-03-28
2024032803008353,MLBBL,16,6,50.0,904.0,45200.0,2024-03-28
2024032803008352,MLBBL,16,41,30.0,904.0,27120.0,2024-03-28
2024032803008351,MLBBL,16,41,50.0,902.0,45100.0,2024-03-28
2024032803008350,MLBBL,16,41,50.0,902.0,45100.0,2024-03-28
2024032803008349,MLBBL,16,41,50.0,901.0,45050.0,2024-03-28
2024032801032094,ILI,58,36,10.0,529.3,5293.0,2024-03-28
2024032801032093,GCIL,17,58,65.0,520.0,33800.0,2024-03-28
2024032801032092,SONA,14,34,50.0,491.0,24550.0,2024-03-28
2024032801032091,CLI,34,59,10.0,453.9,4539.0,2024-03-28
2024032801032090,NRM,53,49,200.0,370.9,74180.0,2024-03-28
2024032804008724,UPCL,22,22,10.0,211.9,2119.0,2024-03-28
2024032801032089,BNHC,8,34,10.0,490.0,4900.0,2024-03-28
2024032801032088,SARBTM,17,42,50.0,1082.7,54135.0,2024-03-28
2024032804008723,PPCL,42,34,57.0,253.0,14421.0,2024-03-28
2024032804008722,CHL,25,8,113.0,290.0,32770.0,2024-03-28
2024032804008721,CHL,41,8,100.0,290.3,29030.0,2024-03-28
2024032804008720,JOSHI,42,7,70.0,345.0,24150.0,2024-03-28
2024032804008719,JOSHI,59,7,100.0,345.0,34500.0,2024-03-28
2024032804008718,JOSHI,57,7,200.0,345.1,69020.0,2024-03-28
2024032804008717,JOSHI,1,7,100.0,345.1,34510.0,2024-03-28
2024032804008716,JOSHI,43,7,30.0,345.1,10353.0,2024-03-28
2024032804008715,JOSHI,38,7,100.0,346.0,34600.0,2024-03-28
2024032801032087,SIKLES,77,58,10.0,480.0,4800.0,2024-03-28
2024032805004355,SMATA,6,38,20.0,690.2,13804.0,2024-03-28
2024032805004354,SMATA,6,38,20.0,690.3,13806.0,2024-03-28
2024032805004353,SMATA,32,38,50.0,691.9,34595.0,2024-03-28
2024032805004352,SMATA,63,38,100.0,692.0,69200.0,2024-03-28
2024032805004351,SMATA,88,38,100.0,692.1,69210.0,2024-03-28
2024032805004350,SMATA,4,38,30.0,693.0,20790.0,2024-03-28
2024032803008348,SAPDBL,38,7,80.0,301.0,24080.0,2024-03-28
2024032803008347,SAPDBL,38,35,100.0,300.0,30000.0,2024-03-28
2024032803008346,SAPDBL,38,36,20.0,300.0,6000.0,2024-03-28
2024032803008345,SAPDBL,38,34,100.0,299.0,29900.0,2024-03-28
2024032803008344,GUFL,62,40,200.0,880.0,176000.0,2024-03-28
2024032803008343,GUFL,62,40,10.0,880.0,8800.0,2024-03-28
2024032801032086,CYCL,62,48,148.0,1389.9,205705.2,2024-03-28
2024032801032085,CYCL,62,38,52.0,1388.0,72176.0,2024-03-28
2024032801032084,RFPL,62,19,85.0,455.0,38675.0,2024-03-28
2024032801032083,RFPL,62,34,10.0,455.0,4550.0,2024-03-28
2024032801032082,RFPL,62,25,10.0,455.0,4550.0,2024-03-28
2024032801032081,RFPL,62,39,100.0,455.0,45500.0,2024-03-28
2024032801032080,RFPL,62,10,10.0,455.0,4550.0,2024-03-28
2024032801032079,RFPL,62,49,95.0,455.0,43225.0,2024-03-28
2024032801032078,RFPL,62,58,20.0,455.0,9100.0,2024-03-28
2024032801032077,RFPL,62,16,10.0,455.0,4550.0,2024-03-28
2024032801032076,RFPL,62,32,10.0,455.0,4550.0,2024-03-28
2024032801032075,RFPL,62,13,50.0,454.8,22740.0,2024-03-28
2024032801032074,RFPL,62,56,100.0,454.7,45470.0,2024-03-28
2024032801032073,PHCL,57,52,100.0,324.0,32400.0,2024-03-28
2024032801032072,NABIL,50,36,200.0,442.5,88500.0,2024-03-28
2024032804008714,HPPL,54,39,100.0,266.7,26670.0,2024-03-28
2024032804008713,JOSHI,45,45,10.0,347.0,3470.0,2024-03-28
2024032801032071,SPHL,45,53,10.0,471.0,4710.0,2024-03-28
2024032801032070,TPC,45,33,110.0,522.7,57497.0,2024-03-28
2024032804008712,SHPC,38,45,10.0,338.2,3382.0,2024-03-28
2024032804008711,SHPC,74,45,490.0,338.2,165718.0,2024-03-28
2024032801032069,NESDO,51,38,10.0,1719.0,17190.0,2024-03-28
2024032801032068,NESDO,51,59,30.0,1719.0,51570.0,2024-03-28
2024032801032067,NESDO,51,45,40.0,1710.0,68400.0,2024-03-28
2024032801032066,SARBTM,17,43,10.0,1082.7,10827.0,2024-03-28
2024032801032065,UNLB,88,58,140.0,1594.5,223230.0,2024-03-28
2024032801032064,UNLB,88,58,10.0,1594.4,15944.0,2024-03-28
2024032801032063,UNLB,88,17,100.0,1593.0,159300.0,2024-03-28
2024032801032062,UNLB,88,35,40.0,1592.0,63680.0,2024-03-28
2024032801032061,UNLB,88,42,10.0,1588.0,15880.0,2024-03-28
2024032801032060,AHL,88,58,10.0,455.0,4550.0,2024-03-28
2024032801032059,AHL,88,13,10.0,454.9,4549.0,2024-03-28
2024032801032058,AHL,88,13,10.0,454.8,4548.0,2024-03-28
2024032801032057,MBJC,25,45,300.0,316.0,94800.0,2024-03-28
2024032801032056,SHLB,88,57,10.0,974.0,9740.0,2024-03-28
2024032804008710,SPIL,44,36,10.0,737.0,7370.0,2024-03-28
2024032804008709,JOSHI,44,45,10.0,347.0,3470.0,2024-03-28
2024032801032055,SAMAJ,64,35,20.0,2025.0,40500.0,2024-03-28
2024032801032054,SAMAJ,64,45,40.0,2025.0,81000.0,2024-03-28
2024032801032053,SAMAJ,64,49,19.0,2024.0,38456.0,2024-03-28
2024032801032052,SAMAJ,64,55,20.0,2014.0,40280.0,2024-03-28
2024032801032051,SAMAJ,64,47,10.0,1983.7,19837.0,2024-03-28
2024032801032050,SAMAJ,64,35,40.0,1983.7,79348.0,2024-03-28
2024032801032049,SAMAJ,64,58,45.0,1980.0,89100.0,2024-03-28
2024032801032048,SAMAJ,64,45,100.0,1980.0,198000.0,2024-03-28
2024032801032047,SAMAJ,64,47,50.0,1980.0,99000.0,2024-03-28
2024032801032046,SAMAJ,64,45,100.0,1960.0,196000.0,2024-03-28
2024032801032045,SAMAJ,64,45,20.0,1950.0,39000.0,2024-03-28
2024032801032044,SAMAJ,64,26,10.0,1950.0,19500.0,2024-03-28
2024032801032043,SAMAJ,64,52,10.0,1949.0,19490.0,2024-03-28
2024032801032042,SAMAJ,64,45,100.0,1945.0,194500.0,2024-03-28
2024032801032041,SAMAJ,64,57,10.0,1944.0,19440.0,2024-03-28
2024032801032040,MEHL,42,52,60.0,302.0,18120.0,2024-03-28
2024032801032039,MEHL,58,52,240.0,302.1,72504.0,2024-03-28
2024032801032038,BEDC,52,39,10.0,366.0,3660.0,2024-03-28
2024032803008342,GUFL,71,40,10.0,880.0,8800.0,2024-03-28
2024032801032037,EHPL,71,58,10.0,469.4,4694.0,2024-03-28
2024032801032036,PPL,71,56,100.0,520.0,52000.0,2024-03-28
2024032804008708,AKJCL,71,8,20.0,216.1,4322.0,2024-03-28
2024032804008707,UMHL,71,58,170.0,248.0,42160.0,2024-03-28
2024032804008706,UMHL,71,43,30.0,246.5,7395.0,2024-03-28
2024032804008705,OHL,1,34,10.0,769.0,7690.0,2024-03-28
2024032801032035,ILI,41,57,500.0,529.5,264750.0,2024-03-28
2024032804008704,HURJA,58,41,200.0,292.3,58460.0,2024-03-28
2024032801032034,SPC,28,33,10.0,589.0,5890.0,2024-03-28
2024032804008703,PRIN,17,18,10.0,765.0,7650.0,2024-03-28
2024032804008702,IGI,35,61,20.0,541.0,10820.0,2024-03-28
2024032805004349,NIFRA,42,35,20.0,206.4,4128.0,2024-03-28
2024032801032033,SGHC,56,63,10.0,317.0,3170.0,2024-03-28
2024032801032032,GCIL,56,58,200.0,520.0,104000.0,2024-03-28
2024032801032031,DOLTI,20,29,10.0,437.9,4379.0,2024-03-28
2024032801032030,RHGCL,57,26,10.0,311.0,3110.0,2024-03-28
2024032801032029,SARBTM,17,19,50.0,1082.7,54135.0,2024-03-28
2024032801032028,BNHC,58,21,10.0,487.0,4870.0,2024-03-28
2024032801032027,DORDI,21,62,10.0,455.0,4550.0,2024-03-28
2024032801032026,RFPL,58,56,100.0,454.7,45470.0,2024-03-28
2024032801032025,RFPL,58,69,830.0,454.0,376820.0,2024-03-28
2024032801032024,RFPL,58,38,10.0,454.0,4540.0,2024-03-28
2024032801032023,RFPL,58,38,10.0,454.0,4540.0,2024-03-28
2024032801032022,RFPL,58,58,10.0,453.1,4531.0,2024-03-28
2024032801032021,RFPL,58,65,16.0,453.0,7248.0,2024-03-28
2024032801032020,RFPL,58,42,10.0,450.0,4500.0,2024-03-28
2024032801032019,RFPL,58,17,14.0,450.0,6300.0,2024-03-28
2024032803008341,SHINE,42,58,28.0,371.0,10388.0,2024-03-28
2024032804008701,SJCL,16,4,250.0,285.9,71475.0,2024-03-28
2024032803008340,GUFL,41,17,10.0,879.9,8799.0,2024-03-28
2024032801032018,SONA,74,65,20.0,493.9,9878.0,2024-03-28
2024032803008339,CORBL,34,69,10.0,435.1,4351.0,2024-03-28
2024032804008700,UPPER,42,53,59.0,175.0,10325.0,2024-03-28
2024032804008699,UPPER,42,53,50.0,175.0,8750.0,2024-03-28
2024032801032017,SARBTM,34,50,10.0,1082.8,10828.0,2024-03-28
2024032804008698,UPPER,46,53,50.0,175.0,8750.0,2024-03-28
2024032804008697,UPPER,36,53,340.0,175.0,59500.0,2024-03-28
2024032804008696,UPPER,14,53,90.0,175.1,15759.0,2024-03-28
2024032804008695,UPPER,58,53,200.0,175.1,35020.0,2024-03-28
2024032804008694,UPPER,58,53,103.0,175.1,18035.3,2024-03-28
2024032804008693,UPPER,72,53,300.0,175.3,52590.0,2024-03-28
2024032803008338,GUFL,72,40,10.0,880.0,8800.0,2024-03-28
2024032801032016,BGWT,65,42,1200.0,615.0,738000.0,2024-03-28
2024032804008692,RIDI,42,26,10.0,184.0,1840.0,2024-03-28
2024032801032015,NICA,42,49,23.0,410.0,9430.0,2024-03-28
2024032801032014,NICA,42,58,126.0,409.9,51647.4,2024-03-28
2024032801032013,NICA,42,33,90.0,409.7,36873.0,2024-03-28
2024032801032012,NICA,42,36,20.0,409.5,8190.0,2024-03-28
2024032801032011,NICA,42,34,341.0,409.0,139469.0,2024-03-28
2024032805004348,NIFRA,7,25,90.0,206.5,18585.0,2024-03-28
2024032803008337,PMLI,7,43,50.0,517.9,25895.0,2024-03-28
2024032803008336,PMLI,7,38,20.0,517.0,10340.0,2024-03-28
2024032803008335,PMLI,7,26,10.0,517.0,5170.0,2024-03-28
2024032805004347,NRN,74,38,150.0,533.1,79965.0,2024-03-28
2024032801032010,RFPL,6,62,330.0,445.0,146850.0,2024-03-28
2024032801032009,RFPL,3,62,100.0,446.0,44600.0,2024-03-28
2024032801032008,RFPL,49,62,300.0,446.2,133860.0,2024-03-28
2024032801032007,RFPL,51,62,500.0,446.4,223200.0,2024-03-28
2024032801032006,RFPL,58,62,500.0,447.2,223600.0,2024-03-28
2024032801032005,RFPL,6,62,500.0,448.0,224000.0,2024-03-28
2024032801032004,RFPL,58,62,500.0,449.0,224500.0,2024-03-28
2024032801032003,RFPL,50,62,270.0,449.1,121257.0,2024-03-28
2024032803008334,GRDBL,26,49,10.0,365.1,3651.0,2024-03-28
2024032801032002,SONA,49,65,10.0,493.9,4939.0,2024-03-28
2024032801032001,SONA,49,7,10.0,493.8,4938.0,2024-03-28
2024032804008691,NGPL,49,50,11.0,303.5,3338.5,2024-03-28
2024032801032000,MKCL,57,42,10.0,944.0,9440.0,2024-03-28
2024032801031999,MKCL,57,56,10.0,944.0,9440.0,2024-03-28
2024032801031998,MKCL,57,4,10.0,943.9,9439.0,2024-03-28
2024032801031997,HBL,37,50,50.0,189.5,9475.0,2024-03-28
2024032804008690,NGPL,11,50,1000.0,303.5,303500.0,2024-03-28
2024032804008689,NGPL,52,50,500.0,303.5,151750.0,2024-03-28
2024032804008688,NGPL,33,50,30.0,303.5,9105.0,2024-03-28
2024032801031996,KBL,48,54,1164.0,138.9,161679.6,2024-03-28
2024032801031995,KBL,48,54,106.0,138.9,14723.4,2024-03-28
2024032801031994,KBL,48,7,1000.0,138.8,138800.0,2024-03-28
2024032801031993,KBL,48,50,150.0,138.4,20760.0,2024-03-28
2024032801031992,KBL,48,16,175.0,138.2,24185.0,2024-03-28
2024032801031991,KBL,48,25,105.0,138.1,14500.5,2024-03-28
2024032804008687,UPPER,45,13,50.0,175.5,8775.0,2024-03-28
2024032805004346,SMATA,88,42,30.0,705.7,21171.0,2024-03-28
2024032801031990,RHGCL,45,14,50.0,313.0,15650.0,2024-03-28
2024032803008333,ALICL,44,55,10.0,562.0,5620.0,2024-03-28
2024032803008332,FOWAD,45,62,10.0,1090.0,10900.0,2024-03-28
2024032803008331,MPFL,34,13,190.0,365.0,69350.0,2024-03-28
2024032801031989,MLBS,13,39,10.0,893.0,8930.0,2024-03-28
2024032805004345,NRN,77,45,694.0,533.2,370040.8,2024-03-28
2024032803008330,WNLB,35,71,90.0,1133.0,101970.0,2024-03-28
2024032803008329,WNLB,49,71,20.0,1133.1,22662.0,2024-03-28
2024032803008328,WNLB,34,71,10.0,1136.0,11360.0,2024-03-28
2024032803008327,WNLB,35,71,30.0,1137.0,34110.0,2024-03-28
2024032804008686,API,41,37,60.0,178.5,10710.0,2024-03-28
2024032804008685,API,41,57,100.0,178.5,17850.0,2024-03-28
2024032804008684,API,41,34,40.0,178.5,7140.0,2024-03-28
2024032801031988,SARBTM,17,41,50.0,1082.7,54135.0,2024-03-28
2024032803008326,LICN,41,33,10.0,1356.0,13560.0,2024-03-28
2024032803008325,GBLBS,65,1,10.0,619.0,6190.0,2024-03-28
2024032803008324,SAPDBL,60,36,10.0,300.0,3000.0,2024-03-28
2024032801031987,ILI,58,14,70.0,529.3,37051.0,2024-03-28
2024032805004344,CIT,29,50,10.0,2129.0,21290.0,2024-03-28
2024032805004343,NRN,58,38,10.0,537.9,5379.0,2024-03-28
2024032803008323,MSLB,34,58,10.0,1005.1,10051.0,2024-03-28
2024032803008322,MSLB,34,58,10.0,1005.2,10052.0,2024-03-28
2024032803008321,MSLB,34,58,10.0,1005.3,10053.0,2024-03-28
2024032803008320,MSLB,34,58,10.0,1005.4,10054.0,2024-03-28
2024032803008319,MSLB,34,58,10.0,1005.5,10055.0,2024-03-28
2024032803008318,KSBBL,36,65,29.0,359.0,10411.0,2024-03-28
2024032803008317,KSBBL,36,43,250.0,358.8,89700.0,2024-03-28
2024032803008316,KSBBL,36,51,410.0,356.0,145960.0,2024-03-28
2024032803008315,KSBBL,36,45,500.0,356.0,178000.0,2024-03-28
2024032803008314,KSBBL,36,29,310.0,356.0,110360.0,2024-03-28
2024032803008313,KSBBL,36,32,501.0,355.9,178305.9,2024-03-28
2024032803008312,KSBBL,36,38,200.0,355.9,71180.0,2024-03-28
2024032801031986,ULHC,34,42,50.0,355.0,17750.0,2024-03-28
2024032801031985,SARBTM,17,22,30.0,1082.7,32481.0,2024-03-28
2024032801031984,SARBTM,7,22,10.0,1082.8,10828.0,2024-03-28
2024032801031983,SARBTM,45,22,10.0,1082.8,10828.0,2024-03-28
2024032801031982,VLUCL,45,72,49.0,512.5,25112.5,2024-03-28
2024032801031981,VLUCL,25,72,100.0,512.5,51250.0,2024-03-28
2024032801031980,VLUCL,91,72,20.0,513.0,10260.0,2024-03-28
2024032801031979,VLUCL,57,72,50.0,513.0,25650.0,2024-03-28
2024032801031978,VLUCL,45,72,50.0,513.0,25650.0,2024-03-28
2024032801031977,VLUCL,38,72,30.0,513.0,15390.0,2024-03-28
2024032801031976,VLUCL,58,72,10.0,513.0,5130.0,2024-03-28
2024032801031975,VLUCL,4,72,161.0,513.1,82609.1,2024-03-28
2024032801031974,VLUCL,6,72,40.0,513.2,20528.0,2024-03-28
2024032801031973,SHIVM,19,42,162.0,539.0,87318.0,2024-03-28
2024032801031972,SHIVM,50,42,308.0,539.0,166012.0,2024-03-28
2024032801031971,SARBTM,45,46,50.0,1082.8,54140.0,2024-03-28
2024032801031970,DOLTI,77,29,10.0,437.9,4379.0,2024-03-28
2024032801031969,MKCL,62,49,104.0,936.0,97344.0,2024-03-28
2024032801031968,MKCL,14,49,30.0,936.1,28083.0,2024-03-28
2024032801031967,MKCL,7,49,80.0,940.1,75208.0,2024-03-28
2024032801031966,EHPL,36,49,20.0,460.7,9214.0,2024-03-28
2024032801031965,EHPL,71,49,100.0,460.9,46090.0,2024-03-28
2024032801031964,EHPL,43,49,100.0,461.0,46100.0,2024-03-28
2024032801031963,EHPL,42,49,10.0,462.0,4620.0,2024-03-28
2024032801031962,EHPL,42,49,10.0,462.1,4621.0,2024-03-28
2024032801031961,EHPL,42,49,10.0,463.0,4630.0,2024-03-28
2024032801031960,EHPL,42,49,10.0,465.1,4651.0,2024-03-28
2024032801031959,EHPL,42,49,10.0,466.0,4660.0,2024-03-28
2024032801031958,EHPL,42,49,10.0,466.1,4661.0,2024-03-28
2024032801031957,EHPL,42,49,10.0,468.0,4680.0,2024-03-28
2024032801031956,EHPL,42,49,10.0,468.1,4681.0,2024-03-28
2024032803008311,SLBBL,52,57,60.0,653.0,39180.0,2024-03-28
2024032801031955,NRM,48,49,50.0,370.9,18545.0,2024-03-28
2024032804008683,UMRH,36,48,490.0,354.1,173509.0,2024-03-28
2024032804008682,UMRH,68,48,190.0,354.1,67279.0,2024-03-28
2024032804008681,UMRH,29,48,50.0,354.2,17710.0,2024-03-28
2024032804008680,UMRH,58,48,30.0,354.2,10626.0,2024-03-28
2024032804008679,UMRH,54,48,100.0,354.3,35430.0,2024-03-28
2024032804008678,UMRH,57,48,100.0,355.0,35500.0,2024-03-28
2024032804008677,UMRH,5,48,50.0,355.0,17750.0,2024-03-28
2024032801031954,CKHL,70,55,20.0,581.0,11620.0,2024-03-28
2024032805004342,HRL,65,59,60.0,604.1,36246.0,2024-03-28
2024032805004341,HRL,34,59,40.0,604.2,24168.0,2024-03-28
2024032801031953,HHL,44,83,10.0,383.1,3831.0,2024-03-28
2024032803008310,NFS,13,44,410.0,384.9,157809.0,2024-03-28
2024032801031952,SARBTM,45,52,50.0,1082.8,54140.0,2024-03-28
2024032801031951,DORDI,45,52,60.0,454.1,27246.0,2024-03-28
2024032803008309,HLI,45,51,24.0,400.5,9612.0,2024-03-28
2024032801031950,PCBL,56,22,27.0,192.9,5208.3,2024-03-28
2024032801031949,PCBL,56,57,20.0,192.0,3840.0,2024-03-28
2024032801031948,PCBL,56,57,135.0,192.0,25920.0,2024-03-28
2024032801031947,PCBL,56,11,118.0,192.0,22656.0,2024-03-28
2024032803008308,NLIC,45,55,890.0,596.0,530440.0,2024-03-28
2024032803008307,NLIC,6,55,170.0,596.3,101371.0,2024-03-28
2024032801031946,ULHC,3,55,50.0,354.5,17725.0,2024-03-28
2024032801031945,SONA,29,35,10.0,492.0,4920.0,2024-03-28
2024032801031944,AVYAN,19,17,10.0,649.9,6499.0,2024-03-28
2024032801031943,AVYAN,19,58,10.0,645.0,6450.0,2024-03-28
2024032801031942,AVYAN,19,57,10.0,644.0,6440.0,2024-03-28
2024032801031941,PPL,21,65,460.0,521.0,239660.0,2024-03-28
2024032801031940,PPL,21,13,100.0,521.0,52100.0,2024-03-28
2024032801031939,PPL,21,58,10.0,521.0,5210.0,2024-03-28
2024032801031938,PPL,21,28,2000.0,521.0,1042000.0,2024-03-28
2024032801031937,PPL,21,35,10.0,521.0,5210.0,2024-03-28
2024032801031936,PPL,21,25,500.0,520.8,260400.0,2024-03-28
2024032801031935,PPL,21,41,480.0,520.5,249840.0,2024-03-28
2024032801031934,PPL,21,35,150.0,520.0,78000.0,2024-03-28
2024032801031933,PPL,21,14,10.0,520.0,5200.0,2024-03-28
2024032801031932,PPL,21,25,10.0,520.0,5200.0,2024-03-28
2024032801031931,PPL,21,32,1000.0,520.0,520000.0,2024-03-28
2024032801031930,PPL,21,55,10.0,520.0,5200.0,2024-03-28
2024032801031929,PPL,21,26,50.0,520.0,26000.0,2024-03-28
2024032801031928,PPL,21,21,10.0,520.0,5200.0,2024-03-28
2024032801031927,PPL,21,42,10.0,520.0,5200.0,2024-03-28
2024032801031926,PPL,21,32,600.0,520.0,312000.0,2024-03-28
2024032801031925,PPL,21,35,10.0,520.0,5200.0,2024-03-28
2024032801031924,PPL,21,58,10.0,520.0,5200.0,2024-03-28
2024032801031923,PPL,21,45,10.0,520.0,5200.0,2024-03-28
2024032801031922,PPL,21,16,10.0,520.0,5200.0,2024-03-28
2024032801031921,PPL,21,58,10.0,520.0,5200.0,2024-03-28
2024032801031920,PPL,21,35,50.0,520.0,26000.0,2024-03-28
2024032801031919,PPL,21,19,10.0,520.0,5200.0,2024-03-28
2024032801031918,PPL,21,45,10.0,520.0,5200.0,2024-03-28
2024032801031917,PPL,21,35,10.0,520.0,5200.0,2024-03-28
2024032801031916,PPL,21,39,10.0,520.0,5200.0,2024-03-28
2024032801031915,PPL,21,4,10.0,520.0,5200.0,2024-03-28
2024032801031914,PPL,21,58,10.0,520.0,5200.0,2024-03-28
2024032801031913,PPL,21,53,100.0,520.0,52000.0,2024-03-28
2024032801031912,PPL,21,4,330.0,519.9,171567.0,2024-03-28
2024032801031911,ULHC,58,42,10.0,355.0,3550.0,2024-03-28
2024032804008676,NHPC,4,57,50.0,151.7,7585.0,2024-03-28
2024032803008306,BFC,4,11,15.0,341.9,5128.5,2024-03-28
2024032801031910,MHCL,53,45,13.0,434.0,5642.0,2024-03-28
2024032801031909,MHCL,53,45,37.0,433.0,16021.0,2024-03-28
2024032801031908,SARBTM,45,34,50.0,1082.8,54140.0,2024-03-28
2024032803008305,SIFC,36,6,734.0,362.0,265708.0,2024-03-28
2024032803008304,SIFC,42,6,27.0,362.5,9787.5,2024-03-28
2024032803008303,SIFC,4,6,100.0,363.0,36300.0,2024-03-28
2024032803008302,SIFC,58,6,50.0,363.0,18150.0,2024-03-28
2024032803008301,SIFC,33,6,50.0,363.1,18155.0,2024-03-28
2024032803008300,SIFC,41,6,400.0,364.0,145600.0,2024-03-28
2024032803008299,SIFC,41,6,100.0,364.0,36400.0,2024-03-28
2024032803008298,SIFC,38,6,539.0,364.0,196196.0,2024-03-28
2024032804008675,RADHI,42,41,10.0,239.0,2390.0,2024-03-28
2024032801031907,SRLI,38,42,10.0,441.0,4410.0,2024-03-28
2024032801031906,PPL,49,49,10.0,516.8,5168.0,2024-03-28
2024032801031905,SBL,50,36,150.0,220.0,33000.0,2024-03-28
2024032803008297,GUFL,41,57,50.0,879.9,43995.0,2024-03-28
2024032803008296,NICLBSL,50,57,10.0,599.0,5990.0,2024-03-28
2024032801031904,PHCL,42,57,150.0,323.4,48510.0,2024-03-28
2024032801031903,PHCL,45,57,50.0,323.7,16185.0,2024-03-28
2024032804008674,RHPL,51,13,10.0,283.0,2830.0,2024-03-28
2024032804008673,SPDL,17,51,10.0,245.0,2450.0,2024-03-28
2024032801031902,SHIVM,50,13,300.0,539.0,161700.0,2024-03-28
2024032803008295,PROFL,13,6,100.0,316.0,31600.0,2024-03-28
2024032803008294,PROFL,13,26,100.0,315.5,31550.0,2024-03-28
2024032803008293,GUFL,41,13,200.0,879.9,175980.0,2024-03-28
2024032801031901,CKHL,43,52,61.0,578.0,35258.0,2024-03-28
2024032801031900,CKHL,35,52,10.0,578.0,5780.0,2024-03-28
2024032801031899,CKHL,58,52,20.0,578.0,11560.0,2024-03-28
2024032801031898,CKHL,19,52,100.0,580.0,58000.0,2024-03-28
2024032801031897,CKHL,26,52,50.0,580.0,29000.0,2024-03-28
2024032801031896,CKHL,58,52,314.0,580.0,182120.0,2024-03-28
2024032801031895,CKHL,1,52,100.0,580.0,58000.0,2024-03-28
2024032801031894,CKHL,52,52,215.0,580.0,124700.0,2024-03-28
2024032801031893,CKHL,75,52,25.0,580.0,14500.0,2024-03-28
2024032801031892,CKHL,57,52,300.0,580.0,174000.0,2024-03-28
2024032801031891,ULHC,25,42,20.0,355.0,7100.0,2024-03-28
2024032801031890,KDL,47,34,20.0,804.0,16080.0,2024-03-28
2024032801031889,KDL,47,19,70.0,803.7,56259.0,2024-03-28
2024032801031888,KDL,47,56,10.0,802.0,8020.0,2024-03-28
2024032801031887,KDL,47,29,10.0,800.0,8000.0,2024-03-28
2024032801031886,KDL,47,5,90.0,795.0,71550.0,2024-03-28
2024032801031885,PPL,25,4,260.0,519.9,135174.0,2024-03-28
2024032801031884,PPL,25,69,500.0,519.9,259950.0,2024-03-28
2024032801031883,PPL,25,19,10.0,519.5,5195.0,2024-03-28
2024032801031882,PPL,25,8,10.0,519.5,5195.0,2024-03-28
2024032801031881,PPL,25,64,10.0,519.0,5190.0,2024-03-28
2024032801031880,PPL,25,14,10.0,519.0,5190.0,2024-03-28
2024032801031879,PPL,25,52,10.0,519.0,5190.0,2024-03-28
2024032801031878,PPL,25,33,20.0,519.0,10380.0,2024-03-28
2024032801031877,PPL,25,48,10.0,518.0,5180.0,2024-03-28
2024032801031876,PPL,25,52,10.0,518.0,5180.0,2024-03-28
2024032801031875,PPL,25,45,30.0,518.0,15540.0,2024-03-28
2024032801031874,PPL,25,45,10.0,518.0,5180.0,2024-03-28
2024032801031873,PPL,25,45,10.0,518.0,5180.0,2024-03-28
2024032801031872,PPL,25,51,100.0,518.0,51800.0,2024-03-28
2024032801031871,SBI,33,45,10.0,281.0,2810.0,2024-03-28
2024032801031870,HATHY,19,56,37.0,884.0,32708.0,2024-03-28
2024032801031869,SMJC,49,58,10.0,375.0,3750.0,2024-03-28
2024032805004340,HRL,34,58,10.0,604.2,6042.0,2024-03-28
2024032801031868,IHL,58,42,420.0,373.0,156660.0,2024-03-28
2024032801031867,IHL,58,40,80.0,372.7,29816.0,2024-03-28
2024032803008292,MPFL,34,14,10.0,365.0,3650.0,2024-03-28
2024032801031866,SARBTM,45,34,50.0,1082.8,54140.0,2024-03-28
2024032801031865,SARBTM,45,77,50.0,1082.8,54140.0,2024-03-28
2024032801031864,VLUCL,42,26,10.0,515.0,5150.0,2024-03-28
2024032801031863,VLUCL,42,42,10.0,515.0,5150.0,2024-03-28
2024032801031862,VLUCL,42,22,10.0,515.0,5150.0,2024-03-28
2024032804008672,LEC,38,8,10.0,184.0,1840.0,2024-03-28
2024032803008291,KLBSL,62,28,10.0,884.0,8840.0,2024-03-28
2024032801031861,NIMB,62,59,15.0,159.5,2392.5,2024-03-28
2024032801031860,MHL,58,49,640.0,410.0,262400.0,2024-03-28
2024032801031859,MHL,58,49,490.0,410.0,200900.0,2024-03-28
2024032804008671,JOSHI,38,50,800.0,346.0,276800.0,2024-03-28
2024032804008670,JOSHI,72,50,200.0,346.1,69220.0,2024-03-28
2024032803008290,PMLI,39,26,10.0,517.0,5170.0,2024-03-28
2024032804008669,GLH,57,38,100.0,218.0,21800.0,2024-03-28
2024032804008668,RADHI,48,41,378.0,239.0,90342.0,2024-03-28
2024032804008667,RADHI,48,29,122.0,239.0,29158.0,2024-03-28
2024032801031858,SARBTM,45,44,40.0,1082.8,43312.0,2024-03-28
2024032801031857,SARBTM,17,44,10.0,1082.8,10828.0,2024-03-28
2024032801031856,MSHL,28,43,10.0,638.0,6380.0,2024-03-28
2024032801031855,BGWT,65,25,180.0,615.0,110700.0,2024-03-28
2024032804008666,HDHPC,39,11,500.0,136.2,68100.0,2024-03-28
2024032803008289,MFIL,19,45,50.0,507.5,25375.0,2024-03-28
2024032801031854,SARBTM,17,20,50.0,1082.8,54140.0,2024-03-28
2024032801031853,RHGCL,32,14,100.0,313.0,31300.0,2024-03-28
2024032801031852,MEL,58,40,10.0,217.1,2171.0,2024-03-28
2024032801031851,CITY,14,95,50.0,593.4,29670.0,2024-03-28
2024032801031850,SHIVM,69,17,75.0,540.0,40500.0,2024-03-28
2024032801031849,SHIVM,69,66,50.0,540.0,27000.0,2024-03-28
2024032801031848,SHIVM,69,21,140.0,540.0,75600.0,2024-03-28
2024032801031847,SHIVM,69,47,235.0,539.9,126876.5,2024-03-28
2024032804008665,NHPC,3,57,14.0,151.7,2123.8,2024-03-28
2024032804008664,SGIC,3,34,250.0,520.0,130000.0,2024-03-28
2024032804008663,SGIC,64,34,50.0,520.0,26000.0,2024-03-28
2024032801031846,SARBTM,17,6,50.0,1082.8,54140.0,2024-03-28
2024032804008662,JOSHI,38,26,47.0,348.0,16356.0,2024-03-28
2024032804008661,JOSHI,38,32,38.0,347.0,13186.0,2024-03-28
2024032804008660,JOSHI,38,22,153.0,347.0,53091.0,2024-03-28
2024032804008659,JOSHI,38,19,62.0,346.4,21476.8,2024-03-28
2024032801031845,HDL,42,38,29.0,1505.0,43645.0,2024-03-28
2024032801031844,HDL,66,38,50.0,1505.0,75250.0,2024-03-28
2024032801031843,HDL,14,38,11.0,1506.0,16566.0,2024-03-28
2024032801031842,HDL,42,38,10.0,1507.0,15070.0,2024-03-28
2024032801031841,CYCL,62,38,50.0,1388.0,69400.0,2024-03-28
2024032803008288,GMFIL,57,56,10.0,352.0,3520.0,2024-03-28
2024032803008287,GUFL,41,43,500.0,879.9,439950.0,2024-03-28
2024032803008286,GUFL,41,11,100.0,879.6,87960.0,2024-03-28
2024032803008285,GUFL,41,13,500.0,879.0,439500.0,2024-03-28
2024032803008284,GUFL,41,49,350.0,879.0,307650.0,2024-03-28
2024032803008283,GUFL,41,74,90.0,879.0,79110.0,2024-03-28
2024032803008282,GUFL,41,58,15.0,879.0,13185.0,2024-03-28
2024032803008281,GUFL,41,44,80.0,879.0,70320.0,2024-03-28
2024032803008280,GUFL,41,45,150.0,878.9,131835.0,2024-03-28
2024032803008279,GUFL,41,29,480.0,878.0,421440.0,2024-03-28
2024032801031840,SARBTM,17,11,20.0,1082.8,21656.0,2024-03-28
2024032803008278,ILBS,62,45,50.0,881.0,44050.0,2024-03-28
2024032801031839,SARBTM,17,56,50.0,1082.8,54140.0,2024-03-28
2024032804008658,GLH,45,38,100.0,218.0,21800.0,2024-03-28
2024032801031838,CKHL,32,55,20.0,581.0,11620.0,2024-03-28
2024032804008657,GHL,16,58,1000.0,153.0,153000.0,2024-03-28
2024032804008656,UPCL,86,3,936.0,209.1,195717.6,2024-03-28
2024032804008655,UPCL,6,3,694.0,209.3,145254.2,2024-03-28
2024032804008654,UPCL,72,3,370.0,210.0,77700.0,2024-03-28
2024032804008653,MEN,22,33,170.0,519.9,88383.0,2024-03-28
2024032801031837,LSL,22,29,10.0,160.0,1600.0,2024-03-28
2024032803008277,SFCL,14,7,10.0,313.7,3137.0,2024-03-28
2024032803008276,NLIC,6,39,30.0,596.3,17889.0,2024-03-28
2024032801031836,EBL,46,35,10.0,503.7,5037.0,2024-03-28
2024032803008275,ACLBSL,62,58,11.0,721.9,7940.9,2024-03-28
2024032804008652,HEI,66,50,10.0,579.3,5793.0,2024-03-28
2024032804008651,HEI,66,50,10.0,579.3,5793.0,2024-03-28
2024032804008650,UPPER,57,13,10.0,175.5,1755.0,2024-03-28
2024032801031835,SARBTM,17,57,50.0,1082.8,54140.0,2024-03-28
2024032801031834,MKCL,7,43,300.0,940.1,282030.0,2024-03-28
2024032801031833,RAWA,18,61,10.0,478.0,4780.0,2024-03-28
2024032801031832,SARBTM,17,35,50.0,1082.8,54140.0,2024-03-28
2024032803008274,GUFL,22,26,10.0,865.2,8652.0,2024-03-28
2024032801031831,CKHL,51,55,100.0,581.0,58100.0,2024-03-28
2024032801031830,CKHL,51,55,100.0,581.0,58100.0,2024-03-28
2024032801031829,CKHL,48,55,150.0,581.0,87150.0,2024-03-28
2024032803008273,HLI,16,29,50.0,400.4,20020.0,2024-03-28
2024032803008272,HLI,34,29,250.0,400.5,100125.0,2024-03-28
2024032804008649,UPPER,32,13,710.0,175.5,124605.0,2024-03-28
2024032801031828,HATHY,17,19,100.0,883.2,88320.0,2024-03-28
2024032801031827,HATHY,46,19,100.0,883.3,88330.0,2024-03-28
2024032801031826,HATHY,36,19,100.0,883.5,88350.0,2024-03-28
2024032801031825,HATHY,19,19,200.0,883.7,176740.0,2024-03-28
2024032803008271,HLI,16,46,10.0,401.0,4010.0,2024-03-28
2024032803008270,HLI,16,49,35.0,401.0,14035.0,2024-03-28
2024032803008269,HLI,16,53,50.0,401.0,20050.0,2024-03-28
2024032801031824,BHPL,13,36,30.0,479.2,14376.0,2024-03-28
2024032801031823,BHPL,45,36,20.0,480.0,9600.0,2024-03-28
2024032804008648,RHPL,29,6,800.0,281.7,225360.0,2024-03-28
2024032801031822,GCIL,57,58,100.0,520.0,52000.0,2024-03-28
2024032803008268,SAPDBL,57,36,10.0,300.0,3000.0,2024-03-28
2024032804008647,GLH,58,57,131.0,216.1,28309.1,2024-03-28
2024032804008646,GLH,57,57,500.0,217.0,108500.0,2024-03-28
2024032803008267,MNBBL,72,28,223.0,345.3,77001.9,2024-03-28
2024032803008266,MNBBL,47,28,50.0,345.4,17270.0,2024-03-28
2024032803008265,MNBBL,41,28,322.0,345.4,111218.8,2024-03-28
2024032803008264,MNBBL,59,28,70.0,345.5,24185.0,2024-03-28
2024032803008263,MNBBL,43,28,150.0,345.5,51825.0,2024-03-28
2024032803008262,MNBBL,45,28,29.0,345.5,10019.5,2024-03-28
2024032803008261,MNBBL,25,28,30.0,345.5,10365.0,2024-03-28
2024032803008260,MNBBL,58,28,40.0,345.5,13820.0,2024-03-28
2024032803008259,MNBBL,32,28,14.0,345.9,4842.6,2024-03-28
2024032803008258,MNBBL,25,28,25.0,345.9,8647.5,2024-03-28
2024032803008257,MNBBL,54,28,18.0,346.0,6228.0,2024-03-28
2024032803008256,MNBBL,42,28,24.0,346.0,8304.0,2024-03-28
2024032801031821,SARBTM,17,47,50.0,1082.8,54140.0,2024-03-28
2024032801031820,SARBTM,17,13,50.0,1082.8,54140.0,2024-03-28
2024032801031819,SARBTM,17,85,50.0,1082.8,54140.0,2024-03-28
2024032801031818,SARBTM,17,29,50.0,1082.8,54140.0,2024-03-28
2024032801031817,AVYAN,35,16,10.0,643.0,6430.0,2024-03-28
2024032801031816,PHCL,16,52,500.0,324.0,162000.0,2024-03-28
2024032801031815,SHIVM,69,47,20.0,539.9,10798.0,2024-03-28
2024032803008255,KRBL,58,72,150.0,413.0,61950.0,2024-03-28
2024032803008254,KRBL,58,5,200.0,413.0,82600.0,2024-03-28
2024032804008645,HURJA,58,53,24.0,292.3,7015.2,2024-03-28
2024032804008644,HURJA,36,53,826.0,292.4,241522.4,2024-03-28
2024032804008643,HURJA,35,53,50.0,292.5,14625.0,2024-03-28
2024032804008642,HURJA,34,53,100.0,292.5,29250.0,2024-03-28
2024032804008641,JOSHI,72,57,800.0,346.1,276880.0,2024-03-28
2024032803008253,SJLIC,36,72,100.0,495.0,49500.0,2024-03-28
2024032804008640,LEC,48,8,500.0,184.0,92000.0,2024-03-28
2024032801031814,MHL,58,6,10.0,410.0,4100.0,2024-03-28
2024032801031813,SGHC,38,63,190.0,316.0,60040.0,2024-03-28
2024032801031812,SARBTM,17,50,50.0,1082.8,54140.0,2024-03-28
2024032801031811,MHCL,53,50,10.0,432.0,4320.0,2024-03-28
2024032804008639,GLH,57,38,500.0,217.0,108500.0,2024-03-28
2024032803008252,SADBL,57,70,500.0,298.9,149450.0,2024-03-28
2024032801031810,ADBL,43,57,123.0,230.0,28290.0,2024-03-28
2024032801031809,CLI,44,88,500.0,451.2,225600.0,2024-03-28
2024032803008251,SDLBSL,45,43,10.0,690.6,6906.0,2024-03-28
2024032801031808,ADBL,43,51,165.0,230.0,37950.0,2024-03-28
2024032804008638,AKJCL,52,8,15.0,216.1,3241.5,2024-03-28
2024032801031807,AHL,18,13,10.0,454.7,4547.0,2024-03-28
2024032801031806,AHL,18,13,10.0,454.6,4546.0,2024-03-28
2024032801031805,AHL,18,13,10.0,454.5,4545.0,2024-03-28
2024032801031804,AHL,18,65,200.0,454.0,90800.0,2024-03-28
2024032801031803,AHL,18,13,10.0,453.9,4539.0,2024-03-28
2024032801031802,AHL,18,67,45.0,453.9,20425.5,2024-03-28
2024032801031801,AHL,18,13,10.0,453.8,4538.0,2024-03-28
2024032803008250,MDB,65,41,220.0,425.1,93522.0,2024-03-28
2024032803008249,MDB,62,41,100.0,425.2,42520.0,2024-03-28
2024032801031800,RHGCL,32,49,10.0,313.9,3139.0,2024-03-28
2024032804008637,MHNL,35,33,10.0,238.1,2381.0,2024-03-28
2024032801031799,KBL,58,25,40.0,138.1,5524.0,2024-03-28
2024032804008636,UNHPL,57,22,200.0,239.5,47900.0,2024-03-28
2024032801031798,SONA,22,58,10.0,492.0,4920.0,2024-03-28
2024032804008635,AKPL,5,57,100.0,177.6,17760.0,2024-03-28
2024032801031797,MBL,5,38,15.0,177.7,2665.5,2024-03-28
2024032801031796,SARBTM,17,38,50.0,1082.8,54140.0,2024-03-28
2024032801031795,SARBTM,17,38,50.0,1082.8,54140.0,2024-03-28
2024032803008248,MLBL,34,17,10.0,324.8,3248.0,2024-03-28
2024032801031794,MKHC,50,48,24.0,304.0,7296.0,2024-03-28
2024032801031793,MKHC,50,35,360.0,303.2,109152.0,2024-03-28
2024032803008247,JBBL,51,34,85.0,292.0,24820.0,2024-03-28
2024032803008246,JBBL,51,42,215.0,292.0,62780.0,2024-03-28
2024032804008634,KKHC,41,29,150.0,240.0,36000.0,2024-03-28
2024032801031792,SHIVM,41,47,200.0,539.9,107980.0,2024-03-28
2024032805004339,NBF3,32,28,1000.0,7.65,7650.0,2024-03-28
2024032801031791,PPL,25,51,350.0,518.0,181300.0,2024-03-28
2024032801031790,PPL,25,47,100.0,517.9,51790.0,2024-03-28
2024032801031789,PPL,25,58,10.0,517.5,5175.0,2024-03-28
2024032801031788,PPL,25,48,20.0,517.0,10340.0,2024-03-28
2024032801031787,PPL,25,52,10.0,517.0,5170.0,2024-03-28
2024032801031786,SARBTM,17,25,50.0,1082.8,54140.0,2024-03-28
2024032804008633,CGH,42,14,318.0,818.2,260187.6,2024-03-28
2024032803008245,JBBL,56,42,10.0,292.0,2920.0,2024-03-28
2024032801031785,RNLI,34,56,10.0,439.0,4390.0,2024-03-28
2024032804008632,AKJCL,36,8,200.0,216.1,43220.0,2024-03-28
2024032801031784,BGWT,65,6,50.0,615.0,30750.0,2024-03-28
2024032801031783,NICA,59,34,746.0,409.0,305114.0,2024-03-28
2024032801031782,CYCL,62,6,68.0,1387.9,94377.2,2024-03-28
2024032801031781,CYCL,62,45,50.0,1385.0,69250.0,2024-03-28
2024032801031780,CYCL,62,58,10.0,1384.0,13840.0,2024-03-28
2024032801031779,CYCL,62,88,20.0,1384.0,27680.0,2024-03-28
2024032801031778,CYCL,62,29,39.0,1383.9,53972.1,2024-03-28
2024032801031777,CYCL,62,43,10.0,1382.0,13820.0,2024-03-28
2024032801031776,CYCL,62,88,488.0,1380.0,673440.0,2024-03-28
2024032801031775,CYCL,62,74,15.0,1375.0,20625.0,2024-03-28
2024032801031774,RFPL,50,57,10.0,449.1,4491.0,2024-03-28
2024032803008244,LBBL,44,36,63.0,377.0,23751.0,2024-03-28
2024032803008243,LBBL,44,58,137.0,376.9,51635.3,2024-03-28
2024032803008242,NABBC,41,17,10.0,419.4,4194.0,2024-03-28
2024032803008241,NABBC,41,45,15.0,418.0,6270.0,2024-03-28
2024032801031773,SNLI,47,54,490.0,606.0,296940.0,2024-03-28
2024032801031772,SNLI,47,56,10.0,605.0,6050.0,2024-03-28
2024032801031771,SNLI,47,22,10.0,605.0,6050.0,2024-03-28
2024032801031770,SNLI,47,8,80.0,605.0,48400.0,2024-03-28
2024032805004338,NIFRA,41,25,500.0,206.5,103250.0,2024-03-28
2024032805004337,NIFRA,38,25,200.0,206.5,41300.0,2024-03-28
2024032805004336,NIFRA,34,25,47.0,206.5,9705.5,2024-03-28
2024032801031769,SARBTM,17,11,10.0,1082.8,10828.0,2024-03-28
2024032804008631,RBCL,49,25,37.0,13500.1,499503.7,2024-03-28
2024032804008630,RBCL,13,25,10.0,13500.2,135002.0,2024-03-28
2024032804008629,RBCL,58,25,12.0,13515.0,162180.0,2024-03-28
2024032804008628,RBCL,34,25,10.0,13516.0,135160.0,2024-03-28
2024032801031768,SONA,14,91,10.0,491.0,4910.0,2024-03-28
2024032801031767,SONA,17,14,250.0,490.1,122525.0,2024-03-28
2024032801031766,SONA,43,14,500.0,490.2,245100.0,2024-03-28
2024032801031765,SONA,28,14,250.0,490.2,122550.0,2024-03-28
2024032801031764,SRLI,45,42,55.0,441.0,24255.0,2024-03-28
2024032801031763,SARBTM,17,26,50.0,1082.8,54140.0,2024-03-28
2024032801031762,SGHC,58,63,10.0,316.0,3160.0,2024-03-28
2024032804008627,SPDL,17,13,12.0,245.8,2949.6,2024-03-28
2024032805004335,HRL,58,50,26.0,605.0,15730.0,2024-03-28
2024032801031761,RHGCL,6,49,150.0,313.9,47085.0,2024-03-28
2024032801031760,DOLTI,59,6,10.0,435.0,4350.0,2024-03-28
2024032804008626,SICL,44,42,29.0,695.9,20181.1,2024-03-28
2024032804008625,SICL,22,42,110.0,696.0,76560.0,2024-03-28
2024032804008624,SICL,41,42,51.0,696.0,35496.0,2024-03-28
2024032804008623,SICL,34,42,200.0,696.1,139220.0,2024-03-28
2024032804008622,SICL,42,42,10.0,697.0,6970.0,2024-03-28
2024032804008621,MEN,62,33,75.0,519.9,38992.5,2024-03-28
2024032804008620,AKPL,8,62,907.0,177.0,160539.0,2024-03-28
2024032804008619,AKPL,5,62,93.0,177.0,16461.0,2024-03-28
2024032801031759,SARBTM,17,49,50.0,1082.8,54140.0,2024-03-28
2024032801031758,SGHC,58,34,10.0,316.0,3160.0,2024-03-28
2024032803008240,RSDC,34,44,10.0,581.9,5819.0,2024-03-28
2024032801031757,SARBTM,17,43,50.0,1082.8,54140.0,2024-03-28
2024032804008618,NHDL,57,74,10.0,425.0,4250.0,2024-03-28
2024032801031756,PHCL,50,52,100.0,324.0,32400.0,2024-03-28
2024032801031755,PHCL,42,52,90.0,324.0,29160.0,2024-03-28
2024032804008617,PRIN,18,90,24.0,775.0,18600.0,2024-03-28
2024032804008616,PRIN,18,60,1000.0,775.0,775000.0,2024-03-28
2024032804008615,PRIN,18,14,71.0,775.0,55025.0,2024-03-28
2024032804008614,PRIN,18,52,190.0,775.0,147250.0,2024-03-28
2024032804008613,PRIN,18,57,135.0,771.0,104085.0,2024-03-28
2024032804008612,PRIN,18,22,10.0,770.9,7709.0,2024-03-28
2024032804008611,PRIN,18,26,50.0,770.0,38500.0,2024-03-28
2024032804008610,PRIN,18,1,20.0,770.0,15400.0,2024-03-28
2024032804008609,MEN,44,25,150.0,519.0,77850.0,2024-03-28
2024032804008608,MEN,16,25,50.0,519.0,25950.0,2024-03-28
2024032801031754,HATHY,47,56,170.0,884.0,150280.0,2024-03-28
2024032803008239,GMFIL,20,56,100.0,352.0,35200.0,2024-03-28
2024032801031753,MKHC,56,35,100.0,303.2,30320.0,2024-03-28
2024032801031752,SGHC,56,63,10.0,317.0,3170.0,2024-03-28
2024032801031751,BNHC,58,32,125.0,487.0,60875.0,2024-03-28
2024032801031750,BNHC,58,32,75.0,487.0,36525.0,2024-03-28
2024032801031749,BNHC,52,32,200.0,487.5,97500.0,2024-03-28
2024032804008607,NGPL,19,26,400.0,304.0,121600.0,2024-03-28
2024032801031748,GCIL,45,58,79.0,520.0,41080.0,2024-03-28
2024032804008606,UMHL,71,22,370.0,245.1,90687.0,2024-03-28
2024032804008605,UMHL,29,22,150.0,245.1,36765.0,2024-03-28
2024032804008604,UMHL,52,22,80.0,245.2,19616.0,2024-03-28
2024032801031747,SHIVM,7,47,45.0,539.9,24295.5,2024-03-28
2024032801031746,SHIVM,7,11,155.0,539.9,83684.5,2024-03-28
2024032804008603,UPCL,34,22,246.0,211.9,52127.4,2024-03-28
2024032804008602,UPCL,34,42,500.0,211.8,105900.0,2024-03-28
2024032804008601,UPCL,34,35,16.0,211.5,3384.0,2024-03-28
2024032804008600,UPCL,34,47,100.0,211.0,21100.0,2024-03-28
2024032804008599,UPCL,34,94,38.0,210.5,7999.0,2024-03-28
2024032804008598,UPCL,34,6,10000.0,210.5,2105000.0,2024-03-28
2024032804008597,UPCL,34,25,100.0,210.4,21040.0,2024-03-28
2024032801031745,SARBTM,17,35,50.0,1082.8,54140.0,2024-03-28
2024032804008596,KPCL,85,1,50.0,420.5,21025.0,2024-03-28
2024032805004334,NIFRA,34,95,54.0,206.5,11151.0,2024-03-28
2024032805004333,STC,54,35,100.0,4480.0,448000.0,2024-03-28
2024032805004332,STC,54,39,10.0,4479.0,44790.0,2024-03-28
2024032805004331,STC,54,50,20.0,4479.0,89580.0,2024-03-28
2024032805004330,STC,54,42,10.0,4475.0,44750.0,2024-03-28
2024032801031744,NMB,53,50,10.0,180.0,1800.0,2024-03-28
2024032804008595,NIL,47,38,150.0,817.0,122550.0,2024-03-28
2024032805004329,CIT,34,50,10.0,2129.0,21290.0,2024-03-28
2024032801031743,TSHL,59,55,500.0,544.0,272000.0,2024-03-28
2024032801031742,TSHL,59,8,140.0,544.0,76160.0,2024-03-28
2024032801031741,GCIL,52,88,40.0,522.0,20880.0,2024-03-28
2024032801031740,SARBTM,17,13,50.0,1082.8,54140.0,2024-03-28
2024032801031739,CYCL,77,35,11.0,1367.1,15038.1,2024-03-28
2024032801031738,CYCL,77,35,11.0,1369.1,15060.1,2024-03-28
2024032801031737,CYCL,62,35,12.0,1371.6,16459.2,2024-03-28
2024032801031736,CYCL,62,35,15.0,1375.0,20625.0,2024-03-28
2024032801031735,PHCL,25,58,20.0,325.0,6500.0,2024-03-28
2024032801031734,BHL,45,58,10.0,364.0,3640.0,2024-03-28
2024032801031733,BHL,45,48,10.0,363.9,3639.0,2024-03-28
2024032803008238,SINDU,21,56,10.0,354.0,3540.0,2024-03-28
2024032803008237,GMFBS,14,36,14.0,1020.0,14280.0,2024-03-28
2024032803008236,KMCDB,29,49,10.0,750.0,7500.0,2024-03-28
2024032803008235,LBBL,53,58,50.0,376.9,18845.0,2024-03-28
2024032801031732,NYADI,58,14,13.0,299.9,3898.7,2024-03-28
2024032801031731,NYADI,58,34,100.0,299.8,29980.0,2024-03-28
2024032801031730,NYADI,58,4,37.0,299.8,11092.6,2024-03-28
2024032801031729,ILI,22,36,47.0,529.5,24886.5,2024-03-28
2024032801031728,SPL,42,57,10.0,670.0,6700.0,2024-03-28
2024032801031727,GBIME,49,57,100.0,181.9,18190.0,2024-03-28
2024032805004328,HRL,49,50,10.0,605.0,6050.0,2024-03-28
2024032801031726,SHIVM,50,34,308.0,539.0,166012.0,2024-03-28
2024032801031725,SHIVM,50,51,584.0,539.0,314776.0,2024-03-28
2024032801031724,SARBTM,17,51,10.0,1082.8,10828.0,2024-03-28
2024032804008594,SHL,4,44,100.0,438.0,43800.0,2024-03-28
2024032805004327,NRN,77,57,110.0,533.2,58652.0,2024-03-28
2024032804008593,API,58,57,36.0,178.0,6408.0,2024-03-28
2024032804008592,API,58,57,264.0,178.0,46992.0,2024-03-28
2024032801031723,HATHY,47,57,30.0,884.0,26520.0,2024-03-28
2024032801031722,RNLI,35,35,10.0,438.0,4380.0,2024-03-28
2024032804008591,AHPC,35,49,10.0,177.3,1773.0,2024-03-28
2024032801031721,GCIL,45,67,221.0,520.0,114920.0,2024-03-28
2024032801031720,GCIL,50,67,440.0,520.0,228800.0,2024-03-28
2024032801031719,GCIL,38,67,500.0,520.0,260000.0,2024-03-28
2024032801031718,GCIL,35,67,10.0,520.0,5200.0,2024-03-28
2024032801031717,GCIL,45,67,100.0,520.3,52030.0,2024-03-28
2024032801031716,GCIL,22,67,1000.0,520.4,520400.0,2024-03-28
2024032801031715,GCIL,33,67,200.0,520.5,104100.0,2024-03-28
2024032801031714,GCIL,45,67,29.0,521.0,15109.0,2024-03-28
2024032805004326,NIFRA,45,1,200.0,207.0,41400.0,2024-03-28
2024032801031713,CKHL,32,55,40.0,582.0,23280.0,2024-03-28
2024032801031712,CKHL,4,55,10.0,582.0,5820.0,2024-03-28
2024032801031711,CKHL,42,55,550.0,582.0,320100.0,2024-03-28
2024032801031710,CKHL,58,55,20.0,582.0,11640.0,2024-03-28
2024032801031709,CKHL,35,55,10.0,582.1,5821.0,2024-03-28
2024032801031708,CKHL,34,55,10.0,582.1,5821.0,2024-03-28
2024032801031707,CKHL,34,55,10.0,582.2,5822.0,2024-03-28
2024032801031706,CKHL,34,55,10.0,582.3,5823.0,2024-03-28
2024032801031705,CKHL,34,55,10.0,582.4,5824.0,2024-03-28
2024032803008234,RLFL,74,29,171.0,366.9,62739.9,2024-03-28
2024032803008233,RLFL,74,26,200.0,366.9,73380.0,2024-03-28
2024032803008232,RLFL,74,52,300.0,365.0,109500.0,2024-03-28
2024032803008231,RLFL,74,55,43.0,365.0,15695.0,2024-03-28
2024032803008230,RLFL,74,45,15.0,364.8,5472.0,2024-03-28
2024032803008229,RLFL,74,45,271.0,364.0,98644.0,2024-03-28
2024032803008228,RLFL,74,21,500.0,364.0,182000.0,2024-03-28
2024032803008227,RLFL,74,44,1000.0,363.7,363700.0,2024-03-28
2024032803008226,RLFL,74,81,500.0,363.6,181800.0,2024-03-28
2024032803008225,RSDC,41,44,10.0,581.9,5819.0,2024-03-28
2024032801031704,SAHAS,16,55,250.0,515.0,128750.0,2024-03-28
2024032801031703,SHIVM,69,33,10.0,539.0,5390.0,2024-03-28
2024032801031702,PPL,49,49,10.0,516.8,5168.0,2024-03-28
2024032801031701,DORDI,50,62,200.0,455.0,91000.0,2024-03-28
2024032801031700,SPC,28,33,10.0,589.0,5890.0,2024-03-28
2024032803008224,USLB,45,55,10.0,1485.0,14850.0,2024-03-28
2024032803008223,USLB,45,41,10.0,1485.0,14850.0,2024-03-28
2024032804008590,JOSHI,26,57,100.0,346.1,34610.0,2024-03-28
2024032804008589,CHCL,63,57,200.0,462.0,92400.0,2024-03-28
2024032804008588,CHCL,63,19,255.0,462.0,117810.0,2024-03-28
2024032804008587,CHCL,63,70,480.0,461.0,221280.0,2024-03-28
2024032801031699,SARBTM,17,41,50.0,1082.8,54140.0,2024-03-28
2024032803008222,ICFC,17,53,100.0,505.4,50540.0,2024-03-28
2024032801031698,SCB,58,45,22.0,519.0,11418.0,2024-03-28
2024032805004325,PSF,8,6,100.0,8.97,897.0,2024-03-28
2024032803008221,SHINE,42,22,65.0,373.0,24245.0,2024-03-28
2024032803008220,SHINE,42,29,101.0,372.0,37572.0,2024-03-28
2024032803008219,SHINE,42,35,100.0,372.0,37200.0,2024-03-28
2024032803008218,SHINE,42,51,14.0,371.0,5194.0,2024-03-28
2024032803008217,SHINE,42,7,170.0,371.0,63070.0,2024-03-28
2024032803008216,SHINE,42,40,200.0,371.0,74200.0,2024-03-28
2024032803008215,SHINE,42,10,350.0,371.0,129850.0,2024-03-28
2024032803008214,GBLBS,65,1,10.0,619.0,6190.0,2024-03-28
2024032801031697,ILI,22,11,10.0,529.2,5292.0,2024-03-28
2024032801031696,SHIVM,69,33,20.0,539.0,10780.0,2024-03-28
2024032801031695,MKHL,35,5,67.0,377.0,25259.0,2024-03-28
2024032801031694,MKHL,45,5,20.0,377.0,7540.0,2024-03-28
2024032801031693,PPL,58,51,10.0,518.0,5180.0,2024-03-28
2024032801031692,PPL,58,28,10.0,517.3,5173.0,2024-03-28
2024032801031691,PRVU,22,26,10.0,141.0,1410.0,2024-03-28
2024032801031690,DLBS,49,42,140.0,1308.6,183204.0,2024-03-28
2024032801031689,DLBS,49,58,60.0,1308.6,78516.0,2024-03-28
2024032801031688,MAKAR,45,34,10.0,396.5,3965.0,2024-03-28
2024032801031687,EBL,55,35,99.0,503.7,49866.3,2024-03-28
2024032801031686,SONA,17,4,10.0,490.1,4901.0,2024-03-28
2024032804008586,CGH,42,41,10.0,818.2,8182.0,2024-03-28
2024032801031685,MHL,58,58,115.0,410.0,47150.0,2024-03-28
2024032801031684,MHL,34,58,40.0,410.1,16404.0,2024-03-28
2024032801031683,MHL,47,58,45.0,410.1,18454.5,2024-03-28
2024032801031682,SHIVM,43,8,50.0,538.3,26915.0,2024-03-28
2024032801031681,SHIVM,7,8,40.0,538.4,21536.0,2024-03-28
2024032804008585,JOSHI,38,13,100.0,345.9,34590.0,2024-03-28
2024032804008584,UMHL,22,6,150.0,246.0,36900.0,2024-03-28
2024032804008583,UMHL,3,6,50.0,246.0,12300.0,2024-03-28
2024032804008582,UMHL,53,6,200.0,246.0,49200.0,2024-03-28
2024032804008581,UMHL,34,6,25.0,246.0,6150.0,2024-03-28
2024032801031680,MHL,47,49,50.0,410.1,20505.0,2024-03-28
2024032804008580,PMHPL,49,19,80.0,249.9,19992.0,2024-03-28
2024032804008579,PMHPL,49,56,200.0,248.8,49760.0,2024-03-28
2024032804008578,PMHPL,49,6,20.0,246.0,4920.0,2024-03-28
2024032803008213,PMLI,39,26,10.0,517.0,5170.0,2024-03-28
2024032801031679,GCIL,45,88,71.0,521.0,36991.0,2024-03-28
2024032801031678,GCIL,17,88,500.0,521.0,260500.0,2024-03-28
2024032801031677,GCIL,94,88,200.0,521.0,104200.0,2024-03-28
2024032801031676,GCIL,65,88,229.0,521.2,119354.8,2024-03-28
2024032801031675,NICA,59,62,134.0,409.0,54806.0,2024-03-28
2024032801031674,SPC,71,33,10.0,589.0,5890.0,2024-03-28
2024032804008577,AHPC,6,34,14.0,176.5,2471.0,2024-03-28
2024032804008576,AHPC,32,34,20.0,176.5,3530.0,2024-03-28
2024032804008575,AHPC,49,34,10.0,176.5,1765.0,2024-03-28
2024032804008574,AHPC,55,34,45.0,176.6,7947.0,2024-03-28
2024032804008573,AHPC,45,34,66.0,176.7,11662.2,2024-03-28
2024032804008572,AHPC,52,34,65.0,176.8,11492.0,2024-03-28
2024032804008571,AHPC,57,34,30.0,176.8,5304.0,2024-03-28
2024032804008570,AHPC,46,34,25.0,176.8,4420.0,2024-03-28
2024032804008569,AHPC,32,34,20.0,176.9,3538.0,2024-03-28
2024032804008568,AHPC,58,34,14.0,177.0,2478.0,2024-03-28
2024032804008567,AHPC,26,34,500.0,177.0,88500.0,2024-03-28
2024032804008566,AHPC,38,34,181.0,177.0,32037.0,2024-03-28
2024032801031673,MMKJL,57,34,500.0,420.0,210000.0,2024-03-28
2024032801031672,SHIVM,52,33,25.0,539.0,13475.0,2024-03-28
2024032805004324,NIBSF2,45,52,500.0,7.88,3940.0,2024-03-28
2024032804008565,BPCL,63,51,15.0,305.0,4575.0,2024-03-28
2024032805004323,HRL,65,67,20.0,604.1,12082.0,2024-03-28
2024032804008564,SGIC,36,54,40.0,520.5,20820.0,2024-03-28
2024032804008563,SGIC,36,57,10.0,520.1,5201.0,2024-03-28
2024032801031671,SHIVM,36,33,1000.0,539.0,539000.0,2024-03-28
2024032804008562,RIDI,16,50,200.0,183.5,36700.0,2024-03-28
2024032801031670,SARBTM,75,29,50.0,1082.8,54140.0,2024-03-28
2024032804008561,HPPL,33,32,175.0,267.0,46725.0,2024-03-28
2024032804008560,HPPL,33,63,225.0,267.0,60075.0,2024-03-28
2024032801031669,KBL,8,22,87.0,138.0,12006.0,2024-03-28
2024032801031668,KBL,48,22,50.0,138.0,6900.0,2024-03-28
2024032801031667,KBL,17,22,150.0,138.0,20700.0,2024-03-28
2024032801031666,KBL,49,22,215.0,138.0,29670.0,2024-03-28
2024032801031665,KBL,41,22,100.0,138.0,13800.0,2024-03-28
2024032801031664,KBL,49,22,97.0,138.0,13386.0,2024-03-28
2024032801031663,KBL,7,22,50.0,138.0,6900.0,2024-03-28
2024032801031662,KBL,28,22,40.0,138.0,5520.0,2024-03-28
2024032801031661,KBL,11,22,20.0,138.0,2760.0,2024-03-28
2024032801031660,KBL,33,22,500.0,138.0,69000.0,2024-03-28
2024032801031659,KBL,42,22,370.0,138.0,51060.0,2024-03-28
2024032801031658,KBL,58,22,39.0,138.0,5382.0,2024-03-28
2024032801031657,KBL,44,22,282.0,138.0,38916.0,2024-03-28
2024032801031656,RHGCL,58,49,169.0,313.9,53049.1,2024-03-28
2024032801031655,RHGCL,58,34,10.0,313.5,3135.0,2024-03-28
2024032801031654,RHGCL,58,58,140.0,313.5,43890.0,2024-03-28
2024032804008559,NGPL,39,26,36.0,304.0,10944.0,2024-03-28
2024032804008558,NGPL,39,29,100.0,304.0,30400.0,2024-03-28
2024032804008557,NGPL,39,71,24.0,304.0,7296.0,2024-03-28
2024032804008556,API,50,34,10.0,178.5,1785.0,2024-03-28
2024032803008212,SLBBL,52,42,200.0,653.0,130600.0,2024-03-28
2024032801031653,SARBTM,61,1,50.0,1082.9,54145.0,2024-03-28
2024032804008555,NHPC,52,57,250.0,151.7,37925.0,2024-03-28
2024032801031652,DOLTI,4,20,90.0,435.1,39159.0,2024-03-28
2024032801031651,SARBTM,61,47,50.0,1082.9,54145.0,2024-03-28
2024032801031650,SARBTM,61,32,50.0,1082.9,54145.0,2024-03-28
2024032801031649,RHGCL,32,58,10.0,313.5,3135.0,2024-03-28
2024032804008554,GHL,16,95,1495.0,153.0,228735.0,2024-03-28
2024032801031648,GCIL,33,88,200.0,522.0,104400.0,2024-03-28
2024032801031647,NWCL,34,72,190.0,736.2,139878.0,2024-03-28
2024032801031646,NWCL,43,72,50.0,736.4,36820.0,2024-03-28
2024032801031645,NWCL,7,72,20.0,736.7,14734.0,2024-03-28
2024032801031644,NWCL,48,72,20.0,736.7,14734.0,2024-03-28
2024032801031643,NWCL,47,72,50.0,736.8,36840.0,2024-03-28
2024032801031642,NWCL,66,72,50.0,737.0,36850.0,2024-03-28
2024032801031641,NWCL,49,72,100.0,741.0,74100.0,2024-03-28
2024032801031640,NWCL,26,72,30.0,741.0,22230.0,2024-03-28
2024032801031639,NABIL,77,57,248.0,442.5,109740.0,2024-03-28
2024032801031638,NABIL,77,29,120.0,442.4,53088.0,2024-03-28
2024032801031637,ULHC,34,58,20.0,354.0,7080.0,2024-03-28
2024032801031636,MKHC,7,35,30.0,303.2,9096.0,2024-03-28
2024032803008211,ILBS,38,35,360.0,888.0,319680.0,2024-03-28
2024032803008210,ILBS,38,45,40.0,887.0,35480.0,2024-03-28
2024032801031635,SPHL,42,39,50.0,470.0,23500.0,2024-03-28
2024032801031634,SARBTM,61,43,50.0,1082.9,54145.0,2024-03-28
2024032801031633,SARBTM,61,42,50.0,1082.9,54145.0,2024-03-28
2024032805004322,HRL,34,44,40.0,604.0,24160.0,2024-03-28
2024032805004321,HRL,32,44,100.0,604.0,60400.0,2024-03-28
2024032801031632,SMJC,19,60,420.0,375.0,157500.0,2024-03-28
2024032801031631,SMJC,29,60,390.0,375.1,146289.0,2024-03-28
2024032801031630,SMJC,59,60,440.0,375.2,165088.0,2024-03-28
2024032801031629,LSL,18,16,200.0,159.0,31800.0,2024-03-28
2024032801031628,LSL,18,46,60.0,159.0,9540.0,2024-03-28
2024032803008209,WNLB,35,17,10.0,1265.0,12650.0,2024-03-28
2024032803008208,WNLB,35,37,229.0,1155.0,264495.0,2024-03-28
2024032803008207,WNLB,35,34,10.0,1155.0,11550.0,2024-03-28
2024032803008206,WNLB,35,8,50.0,1155.0,57750.0,2024-03-28
2024032803008205,WNLB,35,57,25.0,1155.0,28875.0,2024-03-28
2024032803008204,WNLB,35,32,100.0,1154.0,115400.0,2024-03-28
2024032803008203,WNLB,35,37,100.0,1154.0,115400.0,2024-03-28
2024032803008202,WNLB,35,37,51.0,1151.0,58701.0,2024-03-28
2024032803008201,WNLB,35,49,11.0,1150.0,12650.0,2024-03-28
2024032801031627,BHL,16,35,100.0,363.0,36300.0,2024-03-28
2024032804008553,SHEL,4,26,170.0,195.0,33150.0,2024-03-28
2024032804008552,SHEL,42,26,73.0,195.0,14235.0,2024-03-28
2024032804008551,SHEL,55,26,50.0,195.1,9755.0,2024-03-28
2024032803008200,ACLBSL,17,17,10.0,720.0,7200.0,2024-03-28
2024032804008550,UPCL,72,74,630.0,210.0,132300.0,2024-03-28
2024032804008549,UPCL,5,74,10.0,210.0,2100.0,2024-03-28
2024032801031626,USHEC,77,17,250.0,370.0,92500.0,2024-03-28
2024032801031625,USHEC,77,7,10.0,370.0,3700.0,2024-03-28
2024032801031624,USHEC,77,25,10.0,370.0,3700.0,2024-03-28
2024032801031623,USHEC,77,32,300.0,369.9,110970.0,2024-03-28
2024032801031622,USHEC,77,34,30.0,369.0,11070.0,2024-03-28
2024032801031621,USHEC,77,16,10.0,368.0,3680.0,2024-03-28
2024032801031620,USHEC,77,34,100.0,368.0,36800.0,2024-03-28
2024032801031619,USHEC,77,34,20.0,366.5,7330.0,2024-03-28
2024032801031618,USHEC,77,45,10.0,366.3,3663.0,2024-03-28
2024032801031617,USHEC,77,34,20.0,366.3,7326.0,2024-03-28
2024032801031616,USHEC,77,34,20.0,366.2,7324.0,2024-03-28
2024032801031615,USHEC,77,56,200.0,366.0,73200.0,2024-03-28
2024032801031614,USHEC,77,58,10.0,366.0,3660.0,2024-03-28
2024032801031613,USHEC,77,34,10.0,366.0,3660.0,2024-03-28
2024032801031612,SARBTM,61,7,50.0,1082.9,54145.0,2024-03-28
2024032801031611,MKCL,7,83,10.0,940.1,9401.0,2024-03-28
2024032801031610,VLUCL,57,58,10.0,514.0,5140.0,2024-03-28
2024032803008199,GUFL,41,58,30.0,865.0,25950.0,2024-03-28
2024032804008548,MHNL,58,26,10.0,239.0,2390.0,2024-03-28
2024032801031609,SAHAS,6,55,400.0,515.0,206000.0,2024-03-28
2024032805004320,HRL,1,6,10.0,604.0,6040.0,2024-03-28
2024032805004319,HRL,34,6,10.0,604.0,6040.0,2024-03-28
2024032801031608,ADBL,43,6,74.0,230.0,17020.0,2024-03-28
2024032801031607,ADBL,22,6,86.0,230.0,19780.0,2024-03-28
2024032801031606,ADBL,36,6,40.0,230.1,9204.0,2024-03-28
2024032801031605,MMKJL,57,38,280.0,420.0,117600.0,2024-03-28
2024032801031604,MMKJL,45,38,90.0,420.0,37800.0,2024-03-28
2024032801031603,MMKJL,49,38,100.0,420.1,42010.0,2024-03-28
2024032801031602,MMKJL,6,38,70.0,420.1,29407.0,2024-03-28
2024032801031601,MMKJL,72,38,60.0,420.2,25212.0,2024-03-28
2024032801031600,HBL,22,49,200.0,188.9,37780.0,2024-03-28
2024032801031599,CYCL,62,88,12.0,1381.0,16572.0,2024-03-28
2024032801031598,SPC,71,28,10.0,589.0,5890.0,2024-03-28
2024032804008547,JOSHI,43,1,150.0,345.1,51765.0,2024-03-28
2024032801031597,SARBTM,61,52,50.0,1082.9,54145.0,2024-03-28
2024032804008546,SGIC,74,57,190.0,520.1,98819.0,2024-03-28
2024032803008198,MFIL,60,57,270.0,507.2,136944.0,2024-03-28
2024032803008197,MFIL,34,57,80.0,507.3,40584.0,2024-03-28
2024032803008196,PFL,40,81,500.0,402.0,201000.0,2024-03-28
2024032801031596,SARBTM,61,85,50.0,1082.9,54145.0,2024-03-28
2024032801031595,RNLI,35,56,10.0,438.0,4380.0,2024-03-28
2024032801031594,KBL,41,25,20.0,138.1,2762.0,2024-03-28
2024032801031593,PRVU,8,17,500.0,140.8,70400.0,2024-03-28
2024032804008545,SPDL,17,33,18.0,245.0,4410.0,2024-03-28
2024032803008195,PFL,40,7,120.0,402.0,48240.0,2024-03-28
2024032804008544,UPCL,38,74,100.0,210.0,21000.0,2024-03-28
2024032801031592,SARBTM,61,38,50.0,1082.9,54145.0,2024-03-28
2024032801031591,SARBTM,61,43,50.0,1082.9,54145.0,2024-03-28
2024032803008194,ACLBSL,42,17,10.0,720.0,7200.0,2024-03-28
2024032804008543,CGH,42,57,77.0,818.2,63001.4,2024-03-28
2024032801031590,MCHL,11,41,300.0,355.0,106500.0,2024-03-28
2024032801031589,CLI,13,91,10.0,454.0,4540.0,2024-03-28
2024032803008193,GMFIL,45,34,1000.0,352.2,352200.0,2024-03-28
2024032803008192,GMFIL,16,34,150.0,352.2,52830.0,2024-03-28
2024032803008191,GMFIL,46,34,10.0,352.3,3523.0,2024-03-28
2024032801031588,AVYAN,4,34,10.0,642.0,6420.0,2024-03-28
2024032804008542,SICL,34,8,10.0,698.5,6985.0,2024-03-28
2024032801031587,HDL,25,33,88.0,1510.0,132880.0,2024-03-28
2024032801031586,HDL,25,19,20.0,1507.0,30140.0,2024-03-28
2024032801031585,JBLB,51,35,10.0,1316.2,13162.0,2024-03-28
2024032804008541,IGI,35,61,10.0,541.0,5410.0,2024-03-28
2024032804008540,RURU,95,49,170.0,695.0,118150.0,2024-03-28
2024032801031584,MANDU,45,17,10.0,685.0,6850.0,2024-03-28
2024032801031583,SRLI,45,41,40.0,440.0,17600.0,2024-03-28
2024032801031582,NRM,63,45,50.0,370.0,18500.0,2024-03-28
2024032803008190,GMFIL,74,34,100.0,353.0,35300.0,2024-03-28
2024032801031581,SRLI,52,36,10.0,438.4,4384.0,2024-03-28
2024032801031580,HHL,6,41,10.0,382.0,3820.0,2024-03-28
2024032804008539,HDHPC,17,49,20.0,136.4,2728.0,2024-03-28
2024032801031579,RAWA,29,55,820.0,472.0,387040.0,2024-03-28
2024032803008189,DDBL,25,33,53.0,709.0,37577.0,2024-03-28
2024032803008188,CFCL,62,53,900.0,347.0,312300.0,2024-03-28
2024032803008187,CFCL,57,53,24.0,347.1,8330.4,2024-03-28
2024032801031578,SARBTM,61,49,50.0,1082.9,54145.0,2024-03-28
2024032803008186,MNBBL,42,48,90.0,346.0,31140.0,2024-03-28
2024032803008185,MNBBL,58,48,100.0,346.0,34600.0,2024-03-28
2024032803008184,MNBBL,33,48,10.0,346.1,3461.0,2024-03-28
2024032801031577,LSL,59,51,62.0,158.6,9833.2,2024-03-28
2024032803008183,ICFC,48,44,199.0,505.0,100495.0,2024-03-28
2024032803008182,ICFC,58,44,195.0,505.0,98475.0,2024-03-28
2024032803008181,ICFC,45,44,100.0,505.0,50500.0,2024-03-28
2024032803008180,ICFC,80,44,200.0,505.0,101000.0,2024-03-28
2024032803008179,ICFC,56,44,60.0,505.0,30300.0,2024-03-28
2024032803008178,ICFC,58,44,46.0,505.3,23243.8,2024-03-28
2024032801031576,NBL,35,57,22.0,219.0,4818.0,2024-03-28
2024032804008538,API,58,89,422.0,178.0,75116.0,2024-03-28
2024032804008537,API,26,89,28.0,178.1,4986.8,2024-03-28
2024032803008177,KSBBL,21,32,43.0,355.0,15265.0,2024-03-28
2024032803008176,KSBBL,51,32,183.0,355.0,64965.0,2024-03-28
2024032803008175,KSBBL,84,32,174.0,355.0,61770.0,2024-03-28
2024032804008536,AKPL,5,21,470.0,177.0,83190.0,2024-03-28
2024032804008535,AKPL,5,21,100.0,177.0,17700.0,2024-03-28
2024032804008534,AKPL,57,21,500.0,177.0,88500.0,2024-03-28
2024032804008533,AKPL,42,21,50.0,177.0,8850.0,2024-03-28
2024032804008532,AKPL,59,21,500.0,177.0,88500.0,2024-03-28
2024032804008531,AKPL,4,21,50.0,177.0,8850.0,2024-03-28
2024032804008530,AKPL,54,21,10.0,177.0,1770.0,2024-03-28
2024032804008529,AKPL,45,21,50.0,177.0,8850.0,2024-03-28
2024032804008528,AKPL,38,21,270.0,177.0,47790.0,2024-03-28
2024032801031575,SMJC,59,4,60.0,375.2,22512.0,2024-03-28
2024032805004318,HRL,34,54,10.0,604.0,6040.0,2024-03-28
2024032804008527,GHL,49,41,50.0,152.9,7645.0,2024-03-28
2024032801031574,MEHL,41,53,10.0,304.0,3040.0,2024-03-28
2024032801031573,CKHL,21,55,20.0,582.5,11650.0,2024-03-28
2024032803008174,USLB,58,41,10.0,1485.0,14850.0,2024-03-28
2024032803008173,USLB,58,42,10.0,1485.0,14850.0,2024-03-28
2024032801031572,ULHC,58,42,10.0,355.0,3550.0,2024-03-28
2024032804008526,RIDI,45,38,150.0,183.0,27450.0,2024-03-28
2024032804008525,RIDI,58,38,1000.0,183.1,183100.0,2024-03-28
2024032804008524,RIDI,52,38,150.0,183.2,27480.0,2024-03-28
2024032804008523,RIDI,29,38,200.0,183.2,36640.0,2024-03-28
2024032805004317,NRIC,6,57,100.0,734.0,73400.0,2024-03-28
2024032805004316,NRIC,6,21,28.0,732.0,20496.0,2024-03-28
2024032801031571,MHCL,53,6,10.0,432.0,4320.0,2024-03-28
2024032801031570,SRLI,52,49,10.0,438.4,4384.0,2024-03-28
2024032803008172,RSDC,25,17,3.0,578.0,1734.0,2024-03-28
2024032803008171,RSDC,25,11,64.0,578.0,36992.0,2024-03-28
2024032803008170,RSDC,46,11,186.0,578.0,107508.0,2024-03-28
2024032803008169,RSDC,48,11,50.0,578.0,28900.0,2024-03-28
2024032803008168,SADBL,45,47,156.0,299.0,46644.0,2024-03-28
2024032801031569,NABIL,36,14,20.0,442.0,8840.0,2024-03-28
2024032803008167,NLICL,56,56,189.0,557.0,105273.0,2024-03-28
2024032803008166,NLICL,56,39,11.0,557.0,6127.0,2024-03-28
2024032803008165,LBBL,42,19,100.0,376.8,37680.0,2024-03-28
2024032803008164,MPFL,17,38,100.0,364.5,36450.0,2024-03-28
2024032803008163,CBBL,58,42,21.0,835.0,17535.0,2024-03-28
2024032803008162,CBBL,58,50,89.0,834.5,74270.5,2024-03-28
2024032803008161,CBBL,58,57,30.0,834.0,25020.0,2024-03-28
2024032801031568,SARBTM,61,58,50.0,1082.9,54145.0,2024-03-28
2024032801031567,HHL,6,49,50.0,382.0,19100.0,2024-03-28
2024032804008522,GHL,49,56,640.0,152.9,97856.0,2024-03-28
2024032803008160,EDBL,21,14,10.0,357.0,3570.0,2024-03-28
2024032801031566,GCIL,65,48,10.0,521.2,5212.0,2024-03-28
2024032801031565,SARBTM,61,50,50.0,1082.9,54145.0,2024-03-28
2024032801031564,IHL,44,40,20.0,372.7,7454.0,2024-03-28
2024032803008159,USLB,17,42,10.0,1485.0,14850.0,2024-03-28
2024032805004315,NRN,77,57,196.0,533.2,104507.2,2024-03-28
2024032805004314,NRN,57,57,450.0,534.0,240300.0,2024-03-28
2024032805004313,NRN,72,57,315.0,534.1,168241.5,2024-03-28
2024032805004312,NRN,34,57,20.0,535.0,10700.0,2024-03-28
2024032801031563,SMHL,34,59,200.0,446.0,89200.0,2024-03-28
2024032804008521,AKPL,35,57,30.0,177.6,5328.0,2024-03-28
2024032801031562,NWCL,26,57,170.0,741.0,125970.0,2024-03-28
2024032803008158,DDBL,25,45,47.0,709.0,33323.0,2024-03-28
2024032803008157,DDBL,6,45,10.0,709.0,7090.0,2024-03-28
2024032803008156,ILBS,39,45,10.0,887.0,8870.0,2024-03-28
2024032801031561,SONA,17,4,10.0,490.1,4901.0,2024-03-28
2024032801031560,SARBTM,61,41,50.0,1082.9,54145.0,2024-03-28
2024032801031559,GCIL,41,88,20.0,522.0,10440.0,2024-03-28
2024032801031558,MKJC,26,53,117.0,472.0,55224.0,2024-03-28
2024032801031557,MKJC,43,53,30.0,472.0,14160.0,2024-03-28
2024032801031556,MKJC,94,53,153.0,472.0,72216.0,2024-03-28
2024032803008155,SWMF,16,3,100.0,720.1,72010.0,2024-03-28
2024032803008154,SWMF,26,3,50.0,720.5,36025.0,2024-03-28
2024032803008153,SWMF,10,3,26.0,721.2,18751.2,2024-03-28
2024032801031555,HDL,22,19,20.0,1507.0,30140.0,2024-03-28
2024032804008520,GHL,58,56,360.0,152.9,55044.0,2024-03-28
2024032804008519,GHL,58,34,140.0,152.9,21406.0,2024-03-28
2024032801031554,MHCL,53,38,82.0,432.0,35424.0,2024-03-28
2024032804008518,CHCL,42,48,128.0,459.0,58752.0,2024-03-28
2024032804008517,CHCL,54,48,200.0,459.0,91800.0,2024-03-28
2024032804008516,CHCL,81,48,500.0,459.0,229500.0,2024-03-28
2024032804008515,CHCL,22,48,20.0,459.0,9180.0,2024-03-28
2024032804008514,CHCL,58,48,152.0,460.0,69920.0,2024-03-28
2024032803008152,PROFL,55,48,50.0,315.0,15750.0,2024-03-28
2024032801031553,MKCL,14,43,20.0,936.1,18722.0,2024-03-28
2024032801031552,MKCL,16,43,50.0,937.1,46855.0,2024-03-28
2024032801031551,MKCL,35,43,150.0,938.0,140700.0,2024-03-28
2024032801031550,MKCL,57,43,20.0,939.0,18780.0,2024-03-28
2024032801031549,MKCL,70,43,50.0,939.2,46960.0,2024-03-28
2024032801031548,MKCL,37,43,100.0,939.3,93930.0,2024-03-28
2024032801031547,MKCL,42,43,110.0,940.0,103400.0,2024-03-28
2024032801031546,PHCL,42,49,10.0,324.0,3240.0,2024-03-28
2024032801031545,GBIME,41,25,147.0,181.5,26680.5,2024-03-28
2024032801031544,GBIME,45,25,31.0,181.5,5626.5,2024-03-28
2024032805004311,HRL,34,34,20.0,604.0,12080.0,2024-03-28
2024032804008513,HURJA,34,74,50.0,292.5,14625.0,2024-03-28
2024032804008512,SGIC,74,45,10.0,520.1,5201.0,2024-03-28
2024032801031543,MBJC,29,45,50.0,316.0,15800.0,2024-03-28
2024032801031542,KBL,4,25,1000.0,138.1,138100.0,2024-03-28
2024032801031541,TAMOR,22,41,10.0,384.0,3840.0,2024-03-28
2024032803008151,ICFC,56,10,123.0,505.0,62115.0,2024-03-28
2024032801031540,SBL,22,36,10.0,220.0,2200.0,2024-03-28
2024032801031539,GCIL,65,22,100.0,521.2,52120.0,2024-03-28
2024032801031538,SHIVM,61,33,1675.0,539.0,902825.0,2024-03-28
2024032801031537,SHIVM,61,47,325.0,538.9,175142.5,2024-03-28
2024032801031536,MHCL,53,58,10.0,432.0,4320.0,2024-03-28
2024032801031535,NYADI,84,38,50.0,297.5,14875.0,2024-03-28
2024032804008511,UPPER,6,13,15.0,175.5,2632.5,2024-03-28
2024032801031534,HDL,49,19,60.0,1507.0,90420.0,2024-03-28
2024032803008150,GUFL,42,29,70.0,878.0,61460.0,2024-03-28
2024032803008149,GUFL,42,44,100.0,878.0,87800.0,2024-03-28
2024032803008148,GUFL,42,16,20.0,876.1,17522.0,2024-03-28
2024032803008147,GUFL,42,6,415.0,876.0,363540.0,2024-03-28
2024032803008146,GUFL,42,71,395.0,875.0,345625.0,2024-03-28
2024032803008145,JFL,57,38,10.0,386.9,3869.0,2024-03-28
2024032804008510,UMHL,34,57,185.0,246.0,45510.0,2024-03-28
2024032804008509,UMHL,57,57,115.0,246.1,28301.5,2024-03-28
2024032801031533,PHCL,35,25,30.0,323.7,9711.0,2024-03-28
2024032803008144,ALBSL,57,35,139.0,712.2,98995.8,2024-03-28
2024032801031532,CITY,5,95,50.0,593.5,29675.0,2024-03-28
2024032801031531,CITY,4,95,180.0,593.5,106830.0,2024-03-28
2024032801031530,CITY,42,95,142.0,593.7,84305.4,2024-03-28
2024032801031529,CITY,4,95,40.0,594.1,23764.0,2024-03-28
2024032801031528,CITY,14,95,30.0,594.3,17829.0,2024-03-28
2024032805004310,HIDCL,32,58,11.0,168.9,1857.9,2024-03-28
2024032801031527,MLBS,32,32,10.0,891.0,8910.0,2024-03-28
2024032801031526,HATHY,33,32,497.0,884.0,439348.0,2024-03-28
2024032801031525,HATHY,57,32,300.0,884.1,265230.0,2024-03-28
2024032801031524,HATHY,17,32,423.0,884.1,373974.3,2024-03-28
2024032801031523,HATHY,47,32,100.0,884.2,88420.0,2024-03-28
2024032801031522,SHLB,74,58,60.0,970.0,58200.0,2024-03-28
2024032801031521,SHLB,74,7,35.0,970.0,33950.0,2024-03-28
2024032801031520,SHLB,74,38,40.0,960.0,38400.0,2024-03-28
2024032801031519,PRVU,54,41,35.0,140.7,4924.5,2024-03-28
2024032803008143,NFS,4,44,90.0,384.9,34641.0,2024-03-28
2024032801031518,SARBTM,61,29,50.0,1082.9,54145.0,2024-03-28
2024032803008142,ICFC,56,42,50.0,505.0,25250.0,2024-03-28
2024032803008141,ICFC,59,42,50.0,505.3,25265.0,2024-03-28
2024032803008140,GBBL,42,13,178.0,369.9,65842.2,2024-03-28
2024032801031517,KBL,44,57,10.0,138.0,1380.0,2024-03-28
2024032805004309,SMATA,34,42,273.0,705.7,192656.1,2024-03-28
2024032805004308,SMATA,34,21,27.0,704.0,19008.0,2024-03-28
2024032805004307,SMATA,34,49,78.0,700.0,54600.0,2024-03-28
2024032801031516,GCIL,65,36,61.0,521.2,31793.2,2024-03-28
2024032801031515,GCIL,4,36,39.0,521.3,20330.7,2024-03-28
2024032804008508,JOSHI,19,71,18.0,346.0,6228.0,2024-03-28
2024032803008139,MPFL,42,45,78.0,362.0,28236.0,2024-03-28
2024032803008138,MPFL,36,45,1000.0,362.0,362000.0,2024-03-28
2024032803008137,MPFL,36,45,300.0,363.1,108930.0,2024-03-28
2024032803008136,MPFL,39,45,45.0,363.2,16344.0,2024-03-28
2024032803008135,MPFL,66,45,77.0,363.3,27974.1,2024-03-28
2024032804008507,API,26,45,10.0,178.1,1781.0,2024-03-28
2024032801031514,SHIVM,69,47,10.0,538.9,5389.0,2024-03-28
2024032801031513,ILBSP,10,5,13258.0,361.0,4786138.0,2024-03-28
2024032801031512,SHIVM,43,72,130.0,538.3,69979.0,2024-03-28
2024032801031511,SHIVM,29,72,100.0,538.4,53840.0,2024-03-28
2024032804008506,PMHPL,46,6,10.0,246.0,2460.0,2024-03-28
2024032801031510,USHEC,29,49,10.0,364.5,3645.0,2024-03-28
2024032801031509,SARBTM,61,64,50.0,1082.9,54145.0,2024-03-28
2024032801031508,SPC,71,28,10.0,578.0,5780.0,2024-03-28
2024032804008505,JOSHI,59,71,50.0,346.0,17300.0,2024-03-28
2024032801031507,NBL,51,57,99.0,219.0,21681.0,2024-03-28
2024032803008134,SLBBL,58,57,80.0,653.1,52248.0,2024-03-28
2024032801031506,PCBL,57,11,57.0,192.0,10944.0,2024-03-28
2024032801031505,PCBL,57,19,43.0,191.0,8213.0,2024-03-28
2024032804008504,JOSHI,34,71,20.0,346.0,6920.0,2024-03-28
2024032804008503,JOSHI,32,71,200.0,346.0,69200.0,2024-03-28
2024032801031504,SHIVM,69,47,10.0,538.9,5389.0,2024-03-28
2024032801031503,SARBTM,61,10,50.0,1082.9,54145.0,2024-03-28
2024032801031502,NABIL,38,29,50.0,442.4,22120.0,2024-03-28
2024032801031501,NABIL,38,55,100.0,442.4,44240.0,2024-03-28
2024032801031500,NABIL,38,42,10.0,442.4,4424.0,2024-03-28
2024032801031499,NABIL,38,46,40.0,442.4,17696.0,2024-03-28
2024032804008502,JOSHI,58,71,150.0,346.0,51900.0,2024-03-28
2024032801031498,SARBTM,61,39,50.0,1082.9,54145.0,2024-03-28
2024032801031497,MKHC,49,35,10.0,303.2,3032.0,2024-03-28
2024032804008501,NHPC,59,57,25.0,151.7,3792.5,2024-03-28
2024032801031496,MHL,60,64,200.0,410.9,82180.0,2024-03-28
2024032804008500,BARUN,57,5,110.0,244.0,26840.0,2024-03-28
2024032804008499,BARUN,57,17,500.0,243.0,121500.0,2024-03-28
2024032804008498,BARUN,57,26,390.0,243.0,94770.0,2024-03-28
2024032801031495,SARBTM,57,29,15.0,1083.0,16245.0,2024-03-28
2024032805004306,NBF3,32,28,1000.0,7.65,7650.0,2024-03-28
2024032804008497,AKJCL,71,56,265.0,215.8,57187.0,2024-03-28
2024032804008496,AKJCL,26,56,255.0,216.0,55080.0,2024-03-28
2024032804008495,AKJCL,54,56,200.0,216.1,43220.0,2024-03-28
2024032804008494,SPDL,36,33,10.0,245.0,2450.0,2024-03-28
2024032801031494,ULBSL,4,19,16.0,1230.0,19680.0,2024-03-28
2024032803008133,MLBL,37,45,641.0,324.0,207684.0,2024-03-28
2024032803008132,MLBL,58,45,80.0,324.0,25920.0,2024-03-28
2024032803008131,MLBL,7,45,318.0,324.0,103032.0,2024-03-28
2024032803008130,GUFL,41,71,355.0,875.0,310625.0,2024-03-28
2024032803008129,GUFL,41,6,35.0,875.0,30625.0,2024-03-28
2024032803008128,GUFL,41,45,200.0,875.0,175000.0,2024-03-28
2024032803008127,GUFL,41,58,20.0,875.0,17500.0,2024-03-28
2024032803008126,GUFL,41,59,150.0,874.0,131100.0,2024-03-28
2024032803008125,GUFL,41,14,100.0,872.0,87200.0,2024-03-28
2024032803008124,GUFL,41,42,40.0,870.0,34800.0,2024-03-28
2024032803008123,GUFL,41,29,80.0,870.0,69600.0,2024-03-28
2024032803008122,GUFL,41,42,50.0,870.0,43500.0,2024-03-28
2024032803008121,GUFL,41,35,100.0,870.0,87000.0,2024-03-28
2024032803008120,GUFL,41,41,180.0,870.0,156600.0,2024-03-28
2024032803008119,GUFL,41,36,50.0,870.0,43500.0,2024-03-28
2024032803008118,GUFL,41,42,40.0,870.0,34800.0,2024-03-28
2024032803008117,GUFL,41,5,200.0,870.0,174000.0,2024-03-28
2024032803008116,GUFL,41,34,90.0,869.9,78291.0,2024-03-28
2024032803008115,GUFL,41,35,250.0,869.9,217475.0,2024-03-28
2024032803008114,GUFL,41,29,60.0,866.0,51960.0,2024-03-28
2024032804008493,AHPC,58,84,10.0,177.3,1773.0,2024-03-28
2024032801031493,SARBTM,61,58,50.0,1082.9,54145.0,2024-03-28
2024032801031492,MCHL,58,41,50.0,355.0,17750.0,2024-03-28
2024032804008492,NGPL,57,71,500.0,304.0,152000.0,2024-03-28
2024032803008113,KLBSL,57,28,10.0,884.0,8840.0,2024-03-28
2024032801031491,RHGCL,57,34,10.0,311.0,3110.0,2024-03-28
2024032801031490,SHIVM,28,47,10.0,538.9,5389.0,2024-03-28
2024032803008112,MERO,21,65,109.0,616.0,67144.0,2024-03-28
2024032803008111,MERO,21,6,41.0,616.0,25256.0,2024-03-28
2024032803008110,MERO,21,34,100.0,615.0,61500.0,2024-03-28
2024032803008109,MERO,21,58,50.0,613.0,30650.0,2024-03-28
2024032804008491,HEI,39,26,290.0,576.3,167127.0,2024-03-28
2024032804008490,HEI,42,26,10.0,577.0,5770.0,2024-03-28
2024032805004305,CIT,29,39,70.0,2120.2,148414.0,2024-03-28
2024032801031489,SARBTM,61,53,50.0,1082.9,54145.0,2024-03-28
2024032801031488,GCIL,46,88,500.0,522.0,261000.0,2024-03-28
2024032801031487,RHGCL,6,58,10.0,310.5,3105.0,2024-03-28
2024032805004304,BBC,49,58,10.0,3830.0,38300.0,2024-03-28
2024032801031486,SAHAS,43,55,100.0,515.0,51500.0,2024-03-28
2024032801031485,SARBTM,33,59,50.0,1082.9,54145.0,2024-03-28
2024032801031484,SHIVM,43,44,171.0,538.3,92049.3,2024-03-28
2024032801031483,SHIVM,34,44,100.0,538.3,53830.0,2024-03-28
2024032801031482,SHIVM,74,44,29.0,538.3,15610.7,2024-03-28
2024032801031481,SHIVM,57,44,100.0,538.5,53850.0,2024-03-28
2024032801031480,SARBTM,33,47,50.0,1082.9,54145.0,2024-03-28
2024032801031479,DORDI,29,57,10.0,454.0,4540.0,2024-03-28
2024032801031478,DORDI,34,57,50.0,454.0,22700.0,2024-03-28
2024032801031477,DORDI,48,57,40.0,454.1,18164.0,2024-03-28
2024032803008108,GUFL,41,63,500.0,865.0,432500.0,2024-03-28
2024032803008107,VLBS,34,21,10.0,678.0,6780.0,2024-03-28
2024032805004303,ENL,4,42,10.0,765.0,7650.0,2024-03-28
2024032805004302,HRL,34,22,20.0,604.0,12080.0,2024-03-28
2024032805004301,SMATA,84,49,10.0,700.0,7000.0,2024-03-28
2024032805004300,SMATA,84,35,10.0,695.0,6950.0,2024-03-28
2024032801031476,HDL,41,39,11.0,1505.0,16555.0,2024-03-28
2024032801031475,HDL,32,39,20.0,1505.5,30110.0,2024-03-28
2024032801031474,HDL,38,39,50.0,1506.0,75300.0,2024-03-28
2024032801031473,HDL,45,39,19.0,1506.0,28614.0,2024-03-28
2024032801031472,HDL,49,39,54.0,1507.0,81378.0,2024-03-28
2024032801031471,HDL,10,39,95.0,1508.0,143260.0,2024-03-28
2024032801031470,CLI,58,35,10.0,454.0,4540.0,2024-03-28
2024032805004299,HRL,34,58,20.0,604.0,12080.0,2024-03-28
2024032801031469,NICA,56,51,429.0,408.0,175032.0,2024-03-28
2024032801031468,NICA,14,51,11.0,408.0,4488.0,2024-03-28
2024032801031467,NICA,49,51,60.0,408.1,24486.0,2024-03-28
2024032803008106,MPFL,66,42,100.0,363.3,36330.0,2024-03-28
2024032801031466,SPC,28,28,10.0,567.0,5670.0,2024-03-28
2024032801031465,GCIL,4,57,11.0,521.3,5734.3,2024-03-28
2024032801031464,CLI,44,35,760.0,451.2,342912.0,2024-03-28
2024032801031463,CLI,58,35,110.0,451.8,49698.0,2024-03-28
2024032801031462,CLI,38,35,20.0,451.9,9038.0,2024-03-28
2024032801031461,CLI,58,35,10.0,452.0,4520.0,2024-03-28
2024032803008105,GLBSL,62,35,60.0,1317.0,79020.0,2024-03-28
2024032801031460,ILI,49,36,33.0,529.5,17473.5,2024-03-28
2024032803008104,SAPDBL,35,36,60.0,300.0,18000.0,2024-03-28
2024032801031459,HIDCLP,36,34,30.0,101.5,3045.0,2024-03-28
2024032801031458,HIDCLP,26,34,20.0,101.5,2030.0,2024-03-28
2024032801031457,MEL,34,43,10.0,217.9,2179.0,2024-03-28
2024032803008103,NADEP,19,42,139.0,663.0,92157.0,2024-03-28
2024032803008102,NADEP,19,52,33.0,663.0,21879.0,2024-03-28
2024032803008101,NADEP,19,29,74.0,662.0,48988.0,2024-03-28
2024032803008100,NADEP,19,45,200.0,660.0,132000.0,2024-03-28
2024032803008099,NADEP,19,34,54.0,660.0,35640.0,2024-03-28
2024032801031456,MANDU,45,45,10.0,680.0,6800.0,2024-03-28
2024032803008098,RSDC,57,17,10.0,578.0,5780.0,2024-03-28
2024032801031455,HDL,10,44,85.0,1508.0,128180.0,2024-03-28
2024032804008489,SHPC,5,6,10.0,339.8,3398.0,2024-03-28
2024032801031454,CYCL,62,29,31.0,1383.9,42900.9,2024-03-28
2024032801031453,CYCL,62,57,30.0,1383.0,41490.0,2024-03-28
2024032801031452,SARBTM,53,38,24.0,1082.9,25989.6,2024-03-28
2024032801031451,SARBTM,38,38,26.0,1082.9,28155.4,2024-03-28
2024032801031450,UNLB,88,58,10.0,1588.0,15880.0,2024-03-28
2024032801031449,UNLB,88,43,500.0,1587.0,793500.0,2024-03-28
2024032801031448,UNLB,88,8,10.0,1587.0,15870.0,2024-03-28
2024032801031447,UNLB,88,48,10.0,1586.0,15860.0,2024-03-28
2024032801031446,UNLB,88,43,61.0,1585.0,96685.0,2024-03-28
2024032801031445,SARBTM,32,39,10.0,1082.9,10829.0,2024-03-28
2024032801031444,SARBTM,65,39,40.0,1082.9,43316.0,2024-03-28
2024032804008488,OHL,49,50,1000.0,770.0,770000.0,2024-03-28
2024032801031443,AVYAN,4,59,75.0,642.0,48150.0,2024-03-28
2024032805004298,CIT,58,51,50.0,2120.0,106000.0,2024-03-28
2024032801031442,SARBTM,65,28,10.0,1082.9,10829.0,2024-03-28
2024032801031441,SARBTM,32,28,40.0,1082.9,43316.0,2024-03-28
2024032801031440,PHCL,35,21,970.0,323.7,313989.0,2024-03-28
2024032801031439,PHCL,19,21,30.0,323.7,9711.0,2024-03-28
2024032801031438,MKHL,26,46,10.0,377.1,3771.0,2024-03-28
2024032801031437,CKHL,58,55,120.0,582.5,69900.0,2024-03-28
2024032801031436,CKHL,49,55,10.0,582.5,5825.0,2024-03-28
2024032801031435,NMB,16,19,28.0,179.7,5031.6,2024-03-28
2024032801031434,NMB,35,19,10.0,179.8,1798.0,2024-03-28
2024032804008487,SPDL,17,17,10.0,240.7,2407.0,2024-03-28
2024032804008486,RADHI,53,29,10.0,239.0,2390.0,2024-03-28
2024032803008097,NFS,34,22,615.0,383.2,235668.0,2024-03-28
2024032803008096,NFS,44,22,250.0,383.3,95825.0,2024-03-28
2024032803008095,NFS,50,22,135.0,383.3,51745.5,2024-03-28
2024032801031433,MKHC,16,22,10.0,303.1,3031.0,2024-03-28
2024032805004297,NRN,49,57,40.0,536.0,21440.0,2024-03-28
2024032805004296,NRN,49,14,10.0,536.0,5360.0,2024-03-28
2024032803008094,NABBC,49,45,10.0,418.0,4180.0,2024-03-28
2024032801031432,NYADI,1,38,10.0,297.6,2976.0,2024-03-28
2024032801031431,EBL,49,35,200.0,503.7,100740.0,2024-03-28
2024032801031430,EBL,13,35,20.0,503.7,10074.0,2024-03-28
2024032801031429,EBL,7,35,10.0,503.7,5037.0,2024-03-28
2024032801031428,EBL,45,35,23.0,504.0,11592.0,2024-03-28
2024032801031427,EBL,5,35,100.0,504.0,50400.0,2024-03-28
2024032801031426,EBL,17,35,48.0,504.0,24192.0,2024-03-28
2024032801031425,BNHC,58,32,1000.0,487.0,487000.0,2024-03-28
2024032801031424,BNHC,34,32,150.0,487.0,73050.0,2024-03-28
2024032801031423,BNHC,58,32,20.0,487.0,9740.0,2024-03-28
2024032801031422,SARBTM,32,19,50.0,1082.9,54145.0,2024-03-28
2024032804008485,JOSHI,34,71,350.0,346.0,121100.0,2024-03-28
2024032801031421,HHL,62,41,100.0,383.2,38320.0,2024-03-28
2024032803008093,USLB,16,42,20.0,1486.0,29720.0,2024-03-28
2024032801031420,KBSH,32,16,100.0,1000.0,100000.0,2024-03-28
2024032804008484,JOSHI,43,29,120.0,345.1,41412.0,2024-03-28
2024032804008483,JOSHI,44,29,100.0,345.9,34590.0,2024-03-28
2024032804008482,JOSHI,29,29,100.0,345.9,34590.0,2024-03-28
2024032804008481,JOSHI,42,29,180.0,345.9,62262.0,2024-03-28
2024032801031419,MHCL,53,22,10.0,432.0,4320.0,2024-03-28
2024032801031418,MHCL,53,26,227.0,432.0,98064.0,2024-03-28
2024032801031417,MHCL,53,18,80.0,431.5,34520.0,2024-03-28
2024032801031416,MHCL,53,26,278.0,430.3,119623.4,2024-03-28
2024032804008480,UMRH,29,29,86.0,356.0,30616.0,2024-03-28
2024032804008479,UMRH,29,6,114.0,355.9,40572.6,2024-03-28
2024032803008092,BFC,53,11,10.0,341.9,3419.0,2024-03-28
2024032805004295,NRIC,53,43,75.0,730.0,54750.0,2024-03-28
2024032801031415,SONA,77,65,560.0,493.9,276584.0,2024-03-28
2024032801031414,SONA,77,26,125.0,493.7,61712.5,2024-03-28
2024032801031413,SONA,77,58,10.0,493.0,4930.0,2024-03-28
2024032801031412,SONA,77,44,10.0,493.0,4930.0,2024-03-28
2024032801031411,SONA,77,16,400.0,493.0,197200.0,2024-03-28
2024032801031410,SONA,77,11,300.0,493.0,147900.0,2024-03-28
2024032801031409,SONA,77,71,100.0,493.0,49300.0,2024-03-28
2024032801031408,SONA,77,56,200.0,492.9,98580.0,2024-03-28
2024032801031407,SONA,77,25,30.0,492.9,14787.0,2024-03-28
2024032801031406,SONA,77,53,10.0,492.0,4920.0,2024-03-28
2024032801031405,SONA,77,11,10.0,492.0,4920.0,2024-03-28
2024032801031404,SONA,77,37,100.0,492.0,49200.0,2024-03-28
2024032801031403,SONA,77,56,500.0,492.0,246000.0,2024-03-28
2024032801031402,SONA,77,49,395.0,491.0,193945.0,2024-03-28
2024032801031401,SONA,77,14,20.0,490.5,9810.0,2024-03-28
2024032801031400,SONA,77,88,140.0,490.0,68600.0,2024-03-28
2024032801031399,SONA,77,16,90.0,490.0,44100.0,2024-03-28
2024032801031398,ADBL,22,39,114.0,230.0,26220.0,2024-03-28
2024032801031397,NYADI,53,38,40.0,297.6,11904.0,2024-03-28
2024032803008091,GUFL,41,40,240.0,865.0,207600.0,2024-03-28
2024032803008090,KSBBL,84,35,326.0,355.0,115730.0,2024-03-28
2024032803008089,KSBBL,42,35,456.0,355.0,161880.0,2024-03-28
2024032804008478,API,26,34,62.0,178.1,11042.2,2024-03-28
2024032804008477,SHPC,74,41,10.0,338.2,3382.0,2024-03-28
2024032801031396,MCHL,5,41,250.0,355.0,88750.0,2024-03-28
2024032801031395,MCHL,52,41,20.0,355.1,7102.0,2024-03-28
2024032804008476,HDHPC,55,17,150.0,136.0,20400.0,2024-03-28
2024032804008475,HDHPC,58,17,400.0,136.1,54440.0,2024-03-28
2024032801031394,HDL,3,44,25.0,1508.0,37700.0,2024-03-28
2024032801031393,MBL,22,38,10.0,177.7,1777.0,2024-03-28
2024032804008474,IGI,62,7,10.0,533.0,5330.0,2024-03-28
2024032801031392,SMJC,29,6,10.0,375.1,3751.0,2024-03-28
2024032805004294,BBC,57,49,10.0,3772.0,37720.0,2024-03-28
2024032801031391,MHCL,36,58,380.0,430.2,163476.0,2024-03-28
2024032804008473,BARUN,42,94,780.0,242.0,188760.0,2024-03-28
2024032803008088,KSBBL,42,58,44.0,355.0,15620.0,2024-03-28
2024032803008087,KSBBL,34,58,100.0,355.4,35540.0,2024-03-28
2024032803008086,KSBBL,74,58,19.0,355.5,6754.5,2024-03-28
2024032801031390,SPL,42,22,10.0,669.9,6699.0,2024-03-28
2024032801031389,AVYAN,42,40,10.0,645.0,6450.0,2024-03-28
2024032801031388,SPC,28,58,100.0,555.9,55590.0,2024-03-28
2024032801031387,SPC,28,41,10.0,555.0,5550.0,2024-03-28
2024032801031386,SPC,28,34,50.0,555.0,27750.0,2024-03-28
2024032801031385,SPC,28,44,300.0,551.0,165300.0,2024-03-28
2024032801031384,SPC,28,42,50.0,551.0,27550.0,2024-03-28
2024032801031383,SPC,28,47,100.0,550.8,55080.0,2024-03-28
2024032801031382,SPC,28,58,100.0,550.0,55000.0,2024-03-28
2024032801031381,SPC,28,29,10.0,550.0,5500.0,2024-03-28
2024032801031380,SPC,28,57,10.0,545.7,5457.0,2024-03-28
2024032801031379,SPC,28,42,13.0,545.0,7085.0,2024-03-28
2024032801031378,SPC,28,21,10.0,545.0,5450.0,2024-03-28
2024032801031377,TSHL,57,8,360.0,544.0,195840.0,2024-03-28
2024032801031376,TSHL,57,58,10.0,544.0,5440.0,2024-03-28
2024032801031375,TSHL,57,38,10.0,543.0,5430.0,2024-03-28
2024032801031374,TSHL,57,22,20.0,542.9,10858.0,2024-03-28
2024032801031373,TSHL,57,1,100.0,542.0,54200.0,2024-03-28
2024032804008472,KPCL,85,50,30.0,420.5,12615.0,2024-03-28
2024032804008471,KPCL,85,50,2000.0,420.0,840000.0,2024-03-28
2024032804008470,KPCL,85,50,320.0,420.0,134400.0,2024-03-28
2024032801031372,SHIVM,82,33,263.0,539.0,141757.0,2024-03-28
2024032801031371,SHIVM,82,50,37.0,539.0,19943.0,2024-03-28
2024032801031370,SARBTM,32,32,10.0,1082.9,10829.0,2024-03-28
2024032801031369,SARBTM,58,32,40.0,1082.9,43316.0,2024-03-28
2024032801031368,BHL,16,44,50.0,363.0,18150.0,2024-03-28
2024032801031367,BHL,16,57,30.0,363.0,10890.0,2024-03-28
2024032804008469,UPPER,36,33,61.0,175.0,10675.0,2024-03-28
2024032804008468,UPPER,22,33,80.0,175.1,14008.0,2024-03-28
2024032804008467,UPPER,22,33,414.0,175.1,72491.4,2024-03-28
2024032804008466,UPPER,72,33,445.0,175.2,77964.0,2024-03-28
2024032804008465,CHL,33,48,20.0,292.0,5840.0,2024-03-28
2024032801031366,SARBTM,74,29,50.0,1082.9,54145.0,2024-03-28
2024032805004293,SAEF,7,7,2000.0,10.1,20200.0,2024-03-28
2024032804008464,UMRH,11,6,200.0,355.9,71180.0,2024-03-28
2024032803008085,FOWAD,38,29,10.0,1086.0,10860.0,2024-03-28
2024032803008084,FOWAD,38,36,126.0,1086.0,136836.0,2024-03-28
2024032801031365,TSHL,59,37,115.0,540.0,62100.0,2024-03-28
2024032801031364,TSHL,59,54,10.0,540.0,5400.0,2024-03-28
2024032801031363,TSHL,59,42,10.0,540.0,5400.0,2024-03-28
2024032801031362,TSHL,59,36,149.0,540.0,80460.0,2024-03-28
2024032805004292,HIDCL,57,58,10.0,168.9,1689.0,2024-03-28
2024032801031361,HDL,49,56,46.0,1507.0,69322.0,2024-03-28
2024032801031360,HDL,25,56,50.0,1507.0,75350.0,2024-03-28
2024032801031359,MEHL,32,53,480.0,304.0,145920.0,2024-03-28
2024032801031358,MEHL,32,34,10.0,304.0,3040.0,2024-03-28
2024032801031357,MEHL,32,29,10.0,303.0,3030.0,2024-03-28
2024032805004291,HIDCL,52,35,390.0,168.8,65832.0,2024-03-28
2024032805004290,HIDCL,38,35,150.0,168.8,25320.0,2024-03-28
2024032803008083,USLB,13,55,20.0,1485.0,29700.0,2024-03-28
2024032804008463,AKPL,38,41,430.0,177.0,76110.0,2024-03-28
2024032804008462,AKPL,48,41,100.0,177.0,17700.0,2024-03-28
2024032804008461,AKPL,39,41,50.0,177.0,8850.0,2024-03-28
2024032804008460,AKPL,42,41,67.0,177.0,11859.0,2024-03-28
2024032805004289,NRIC,45,43,10.0,730.0,7300.0,2024-03-28
2024032803008082,GLBSL,62,17,100.0,1317.0,131700.0,2024-03-28
2024032801031356,ULHC,34,18,15.0,354.0,5310.0,2024-03-28
2024032801031355,SARBTM,74,53,50.0,1082.9,54145.0,2024-03-28
2024032801031354,MKJC,94,53,217.0,472.0,102424.0,2024-03-28
2024032801031353,MKJC,35,53,50.0,473.0,23650.0,2024-03-28
2024032805004288,NIFRA,29,1,212.0,207.0,43884.0,2024-03-28
2024032805004287,NIFRA,29,59,38.0,207.0,7866.0,2024-03-28
2024032805004286,NIFRA,29,57,64.0,206.9,13241.6,2024-03-28
2024032805004285,NIFRA,29,25,200.0,206.9,41380.0,2024-03-28
2024032805004284,NIFRA,29,34,16.0,206.6,3305.6,2024-03-28
2024032801031352,USHL,18,5,50.0,487.0,24350.0,2024-03-28
2024032804008459,RIDI,29,39,1000.0,183.2,183200.0,2024-03-28
2024032801031351,MHCL,28,26,300.0,430.3,129090.0,2024-03-28
2024032801031350,MHL,91,57,50.0,410.2,20510.0,2024-03-28
2024032803008081,SINDU,74,56,67.0,350.1,23456.7,2024-03-28
2024032803008080,SINDU,4,56,113.0,350.1,39561.3,2024-03-28
2024032801031349,NWCL,74,57,90.0,741.0,66690.0,2024-03-28
2024032801031348,NWCL,74,92,10.0,740.9,7409.0,2024-03-28
2024032801031347,SARBTM,19,29,35.0,1083.0,37905.0,2024-03-28
2024032801031346,SARBTM,19,49,50.0,1083.0,54150.0,2024-03-28
2024032801031345,SARBTM,19,11,10.0,1083.0,10830.0,2024-03-28
2024032801031344,SARBTM,19,8,50.0,1083.0,54150.0,2024-03-28
2024032801031343,SARBTM,19,57,35.0,1083.0,37905.0,2024-03-28
2024032803008079,SLBBL,58,4,20.0,653.1,13062.0,2024-03-28
2024032804008458,API,17,34,15.0,178.1,2671.5,2024-03-28
2024032804008457,MEN,16,33,10.0,519.9,5199.0,2024-03-28
2024032801031342,PCBL,7,19,30.0,191.0,5730.0,2024-03-28
2024032801031341,EHPL,22,58,100.0,469.0,46900.0,2024-03-28
2024032801031340,DLBS,38,58,20.0,1308.6,26172.0,2024-03-28
2024032801031339,DLBS,38,57,10.0,1308.6,13086.0,2024-03-28
2024032801031338,DLBS,38,62,10.0,1308.6,13086.0,2024-03-28
2024032801031337,DLBS,38,38,10.0,1308.6,13086.0,2024-03-28
2024032804008456,HPPL,52,63,200.0,267.0,53400.0,2024-03-28
2024032801031336,TAMOR,22,58,10.0,384.0,3840.0,2024-03-28
2024032801031335,USHL,18,37,10.0,489.0,4890.0,2024-03-28
2024032801031334,NRM,63,4,10.0,370.0,3700.0,2024-03-28
2024032803008078,SLBBL,34,58,10.0,658.0,6580.0,2024-03-28
2024032803008077,SLBBL,34,57,10.0,654.0,6540.0,2024-03-28
2024032803008076,SLBBL,34,62,20.0,654.0,13080.0,2024-03-28
2024032803008075,GMFIL,20,34,200.0,353.1,70620.0,2024-03-28
2024032803008074,GMFIL,51,34,500.0,353.3,176650.0,2024-03-28
2024032803008073,ICFC,56,22,95.0,505.0,47975.0,2024-03-28
2024032801031333,HATHY,8,57,23.0,885.0,20355.0,2024-03-28
2024032803008072,HLBSL,43,8,91.0,688.3,62635.3,2024-03-28
2024032804008455,HEI,66,50,70.0,579.4,40558.0,2024-03-28
2024032803008071,NUBL,65,46,100.0,640.8,64080.0,2024-03-28
2024032804008454,UMHL,57,50,695.0,246.1,171039.5,2024-03-28
2024032804008453,UMHL,49,50,138.0,246.2,33975.6,2024-03-28
2024032804008452,UMHL,11,50,32.0,246.3,7881.6,2024-03-28
2024032804008451,UMHL,35,50,115.0,246.3,28324.5,2024-03-28
2024032801031332,HHL,58,38,250.0,382.1,95525.0,2024-03-28
2024032801031331,HHL,55,38,50.0,382.2,19110.0,2024-03-28
2024032801031330,HHL,39,38,200.0,383.0,76600.0,2024-03-28
2024032803008070,PROFL,55,50,58.0,315.0,18270.0,2024-03-28
2024032803008069,PROFL,41,50,15.0,315.0,4725.0,2024-03-28
2024032803008068,PROFL,56,50,427.0,315.1,134547.7,2024-03-28
2024032801031329,ILI,49,38,10.0,529.5,5295.0,2024-03-28
2024032801031328,SGHC,32,63,250.0,316.0,79000.0,2024-03-28
2024032801031327,SARBTM,74,21,50.0,1082.9,54145.0,2024-03-28
2024032801031326,RFPL,19,17,20.0,450.0,9000.0,2024-03-28
2024032801031325,RFPL,17,17,16.0,450.0,7200.0,2024-03-28
2024032804008450,UPPER,72,33,55.0,175.2,9636.0,2024-03-28
2024032804008449,LEC,38,52,10.0,184.9,1849.0,2024-03-28
2024032801031324,SHLB,74,49,30.0,952.0,28560.0,2024-03-28
2024032803008067,ACLBSL,49,52,39.0,706.0,27534.0,2024-03-28
2024032803008066,ACLBSL,49,52,17.0,706.1,12003.7,2024-03-28
2024032803008065,EDBL,21,51,20.0,357.0,7140.0,2024-03-28
2024032803008064,NADEP,19,34,146.0,660.0,96360.0,2024-03-28
2024032803008063,NADEP,19,38,115.0,660.0,75900.0,2024-03-28
2024032803008062,NADEP,19,57,30.0,658.0,19740.0,2024-03-28
2024032803008061,NADEP,19,6,39.0,658.0,25662.0,2024-03-28
2024032803008060,NADEP,19,58,100.0,657.8,65780.0,2024-03-28
2024032803008059,NADEP,19,25,20.0,657.0,13140.0,2024-03-28
2024032803008058,NADEP,19,38,50.0,655.0,32750.0,2024-03-28
2024032803008057,GUFL,41,14,100.0,865.0,86500.0,2024-03-28
2024032803008056,GUFL,41,45,20.0,864.0,17280.0,2024-03-28
2024032803008055,GUFL,41,38,300.0,864.0,259200.0,2024-03-28
2024032803008054,GUFL,41,51,20.0,863.0,17260.0,2024-03-28
2024032803008053,GUFL,41,72,200.0,863.0,172600.0,2024-03-28
2024032803008052,GUFL,41,59,300.0,863.0,258900.0,2024-03-28
2024032803008051,GUFL,41,16,200.0,863.0,172600.0,2024-03-28
2024032803008050,GUFL,41,63,124.0,862.4,106937.6,2024-03-28
2024032804008448,GLH,7,45,55.0,216.1,11885.5,2024-03-28
2024032801031323,MKHC,16,45,10.0,303.1,3031.0,2024-03-28
2024032801031322,TVCL,45,49,10.0,493.9,4939.0,2024-03-28
2024032803008049,NLIC,58,3,30.0,595.0,17850.0,2024-03-28
2024032803008048,NLIC,4,3,100.0,595.0,59500.0,2024-03-28
2024032803008047,NLIC,39,3,20.0,595.0,11900.0,2024-03-28
2024032803008046,NLIC,40,3,895.0,595.1,532614.5,2024-03-28
2024032801031321,SPL,43,34,10.0,657.1,6571.0,2024-03-28
2024032804008447,NLG,7,54,20.0,755.0,15100.0,2024-03-28
2024032801031320,SNLI,19,8,10.0,605.0,6050.0,2024-03-28
2024032801031319,HHL,42,6,500.0,383.0,191500.0,2024-03-28
2024032801031318,HHL,1,6,100.0,383.1,38310.0,2024-03-28
2024032803008045,HLI,48,53,25.0,401.0,10025.0,2024-03-28
2024032804008446,RIDI,48,50,500.0,183.5,91750.0,2024-03-28
2024032801031317,ADBL,52,39,100.0,230.0,23000.0,2024-03-28
2024032801031316,ADBL,5,39,286.0,230.0,65780.0,2024-03-28
2024032804008445,API,74,71,100.0,178.1,17810.0,2024-03-28
2024032803008044,KRBL,58,71,700.0,413.0,289100.0,2024-03-28
2024032803008043,KRBL,58,4,300.0,411.0,123300.0,2024-03-28
2024032804008444,HPPL,35,63,75.0,267.0,20025.0,2024-03-28
2024032804008443,HPPL,29,63,500.0,267.0,133500.0,2024-03-28
2024032803008042,GUFL,88,63,278.0,862.4,239747.2,2024-03-28
2024032801031315,KBL,44,35,100.0,138.0,13800.0,2024-03-28
2024032803008041,SKBBL,77,7,10.0,835.0,8350.0,2024-03-28
2024032804008442,SPIL,11,33,27.0,731.0,19737.0,2024-03-28
2024032804008441,SPIL,85,33,500.0,731.2,365600.0,2024-03-28
2024032804008440,SPIL,58,33,120.0,732.0,87840.0,2024-03-28
2024032804008439,SPIL,28,33,10.0,732.0,7320.0,2024-03-28
2024032804008438,SPIL,35,33,59.0,732.0,43188.0,2024-03-28
2024032801031314,PPL,54,8,44.0,517.0,22748.0,2024-03-28
2024032801031313,PPL,54,8,16.0,517.0,8272.0,2024-03-28
2024032801031312,PPL,49,8,50.0,517.3,25865.0,2024-03-28
2024032801031311,CLI,58,48,50.0,452.0,22600.0,2024-03-28
2024032804008437,JOSHI,34,71,100.0,346.0,34600.0,2024-03-28
2024032804008436,JOSHI,48,71,200.0,346.0,69200.0,2024-03-28
2024032804008435,JOSHI,40,71,250.0,346.0,86500.0,2024-03-28
2024032804008434,JOSHI,35,71,1000.0,346.0,346000.0,2024-03-28
2024032804008433,JOSHI,45,71,100.0,346.0,34600.0,2024-03-28
2024032804008432,JOSHI,38,71,162.0,346.0,56052.0,2024-03-28
2024032804008431,JOSHI,21,71,1000.0,346.1,346100.0,2024-03-28
2024032804008430,JOSHI,45,71,300.0,346.1,103830.0,2024-03-28
2024032804008429,JOSHI,35,71,100.0,346.2,34620.0,2024-03-28
2024032801031310,MAKAR,40,81,510.0,394.0,200940.0,2024-03-28
2024032801031309,MAKAR,48,81,200.0,395.0,79000.0,2024-03-28
2024032801031308,MAKAR,40,81,790.0,395.0,312050.0,2024-03-28
2024032801031307,MEL,58,42,10.0,217.1,2171.0,2024-03-28
2024032801031306,KBSH,18,52,10.0,1017.9,10179.0,2024-03-28
2024032803008040,CORBL,58,28,10.0,442.0,4420.0,2024-03-28
2024032805004283,ENL,32,42,50.0,765.0,38250.0,2024-03-28
2024032804008428,SHEL,71,26,115.0,195.2,22448.0,2024-03-28
2024032804008427,OHL,29,56,250.0,763.3,190825.0,2024-03-28
2024032804008426,OHL,41,56,15.0,763.3,11449.5,2024-03-28
2024032804008425,OHL,55,56,35.0,763.3,26715.5,2024-03-28
2024032804008424,AHPC,35,84,50.0,177.3,8865.0,2024-03-28
2024032804008423,AKPL,42,33,33.0,177.0,5841.0,2024-03-28
2024032804008422,AKPL,57,33,100.0,177.0,17700.0,2024-03-28
2024032804008421,AKPL,57,33,50.0,177.0,8850.0,2024-03-28
2024032804008420,AKPL,14,33,40.0,177.0,7080.0,2024-03-28
2024032804008419,AKPL,38,33,10.0,177.1,1771.0,2024-03-28
2024032804008418,AKPL,56,33,110.0,177.1,19481.0,2024-03-28
2024032804008417,AKPL,32,33,117.0,177.1,20720.7,2024-03-28
2024032804008416,AKPL,58,33,40.0,177.2,7088.0,2024-03-28
2024032804008415,GHL,22,34,10.0,152.9,1529.0,2024-03-28
2024032801031305,SBL,44,8,50.0,219.2,10960.0,2024-03-28
2024032804008414,JOSHI,48,22,20.0,347.0,6940.0,2024-03-28
2024032801031304,SARBTM,74,38,50.0,1082.9,54145.0,2024-03-28
2024032801031303,SMJC,58,17,10.0,376.2,3762.0,2024-03-28
2024032801031302,PHCL,19,35,10.0,323.7,3237.0,2024-03-28
2024032801031301,MHCL,19,26,100.0,430.3,43030.0,2024-03-28
2024032801031300,SRLI,57,45,10.0,439.0,4390.0,2024-03-28
2024032801031299,CLI,58,34,10.0,452.0,4520.0,2024-03-28
2024032801031298,KDL,39,5,10.0,795.0,7950.0,2024-03-28
2024032801031297,RFPL,17,65,16.0,450.0,7200.0,2024-03-28
2024032801031296,SONA,51,56,42.0,490.0,20580.0,2024-03-28
2024032803008039,CFCL,57,25,476.0,347.1,165219.6,2024-03-28
2024032803008038,CFCL,25,25,28.0,347.2,9721.6,2024-03-28
2024032803008037,CFCL,29,25,63.0,348.4,21949.2,2024-03-28
2024032801031295,RHGCL,42,58,50.0,313.5,15675.0,2024-03-28
2024032801031294,RHGCL,42,16,30.0,313.5,9405.0,2024-03-28
2024032801031293,RHGCL,42,42,10.0,313.0,3130.0,2024-03-28
2024032801031292,RHGCL,42,46,10.0,312.0,3120.0,2024-03-28
2024032804008413,NHDL,57,74,10.0,425.0,4250.0,2024-03-28
2024032801031291,SARBTM,38,57,15.0,1083.0,16245.0,2024-03-28
2024032801031290,NRM,58,38,790.0,370.0,292300.0,2024-03-28
2024032801031289,SARBTM,38,58,10.0,1083.0,10830.0,2024-03-28
2024032801031288,SARBTM,26,58,40.0,1083.0,43320.0,2024-03-28
2024032801031287,SNLI,58,58,10.0,605.5,6055.0,2024-03-28
2024032801031286,SHIVM,69,50,20.0,539.0,10780.0,2024-03-28
2024032801031285,SARBTM,26,56,50.0,1083.0,54150.0,2024-03-28
2024032805004282,CIT,41,55,180.0,2120.1,381618.0,2024-03-28
2024032803008036,KSBBL,74,45,36.0,355.5,12798.0,2024-03-28
2024032804008412,API,35,45,20.0,178.1,3562.0,2024-03-28
2024032804008411,API,49,45,227.0,178.1,40428.7,2024-03-28
2024032803008035,GLBSL,62,45,110.0,1317.0,144870.0,2024-03-28
2024032801031284,NIMB,33,42,4000.0,159.4,637600.0,2024-03-28
2024032804008410,BARUN,10,26,10.0,243.0,2430.0,2024-03-28
2024032801031283,SARBTM,26,29,10.0,1083.0,10830.0,2024-03-28
2024032801031282,SARBTM,38,29,20.0,1083.0,21660.0,2024-03-28
2024032801031281,SARBTM,55,29,20.0,1083.0,21660.0,2024-03-28
2024032804008409,UPPER,22,57,86.0,175.1,15058.6,2024-03-28
2024032803008034,ILBS,62,35,83.0,888.0,73704.0,2024-03-28
2024032803008033,ILBS,62,70,105.0,885.0,92925.0,2024-03-28
2024032801031280,PRVU,54,50,204.0,140.7,28702.8,2024-03-28
2024032801031279,PRVU,41,50,96.0,140.8,13516.8,2024-03-28
2024032801031278,PRVU,45,50,100.0,140.8,14080.0,2024-03-28
2024032801031277,PRVU,56,50,100.0,140.8,14080.0,2024-03-28
2024032804008408,RIDI,29,38,100.0,183.2,18320.0,2024-03-28
2024032801031276,GVL,38,56,100.0,423.9,42390.0,2024-03-28
2024032801031275,GVL,38,47,10.0,423.9,4239.0,2024-03-28
2024032801031274,SARBTM,55,44,10.0,1083.0,10830.0,2024-03-28
2024032801031273,GCIL,42,88,100.0,522.0,52200.0,2024-03-28
2024032801031272,ILI,49,56,10.0,529.5,5295.0,2024-03-28
2024032803008032,PROFL,56,54,23.0,315.1,7247.3,2024-03-28
2024032801031271,SARBTM,55,55,50.0,1083.0,54150.0,2024-03-28
2024032801031270,VLUCL,17,22,450.0,515.0,231750.0,2024-03-28
2024032801031269,VLUCL,17,43,50.0,514.1,25705.0,2024-03-28
2024032803008031,MFIL,41,57,100.0,507.5,50750.0,2024-03-28
2024032801031268,MKHC,16,16,500.0,303.1,151550.0,2024-03-28
2024032804008407,UAIL,75,10,5520.0,533.0,2942160.0,2024-03-28
2024032801031267,SARBTM,55,22,40.0,1083.0,43320.0,2024-03-28
2024032801031266,SARBTM,32,22,10.0,1083.0,10830.0,2024-03-28
2024032803008030,SFCL,39,50,418.0,315.0,131670.0,2024-03-28
2024032803008029,SFCL,39,32,82.0,315.0,25830.0,2024-03-28
2024032805004281,HRL,53,50,10.0,605.0,6050.0,2024-03-28
2024032801031265,SARBTM,39,13,10.0,1083.0,10830.0,2024-03-28
2024032801031264,SARBTM,1,13,10.0,1083.0,10830.0,2024-03-28
2024032801031263,SARBTM,69,25,50.0,1083.0,54150.0,2024-03-28
2024032801031262,MKCL,42,49,390.0,940.0,366600.0,2024-03-28
2024032801031261,SARBTM,69,49,10.0,1083.0,10830.0,2024-03-28
2024032801031260,SARBTM,69,49,50.0,1083.0,54150.0,2024-03-28
2024032801031259,ULHC,45,18,50.0,354.0,17700.0,2024-03-28
2024032801031258,ULHC,45,18,200.0,354.0,70800.0,2024-03-28
2024032803008028,MFIL,34,57,20.0,507.3,10146.0,2024-03-28
2024032801031257,MHCL,38,26,100.0,430.3,43030.0,2024-03-28
2024032801031256,SHIVM,69,14,77.0,538.4,41456.8,2024-03-28
2024032801031255,SONA,45,56,156.0,490.5,76518.0,2024-03-28
2024032801031254,SPHL,42,35,10.0,470.0,4700.0,2024-03-28
2024032801031253,SARBTM,69,45,50.0,1083.0,54150.0,2024-03-28
2024032801031252,SARBTM,69,45,10.0,1083.0,10830.0,2024-03-28
2024032801031251,NICA,45,57,64.0,408.2,26124.8,2024-03-28
2024032803008027,NFS,50,22,365.0,383.3,139904.5,2024-03-28
2024032803008026,NFS,48,22,635.0,383.4,243459.0,2024-03-28
2024032801031250,SARBTM,69,8,50.0,1083.0,54150.0,2024-03-28
2024032801031249,SPC,54,6,11.0,536.8,5904.8,2024-03-28
2024032801031248,SPC,21,6,10.0,537.0,5370.0,2024-03-28
2024032801031247,HHL,38,69,10.0,384.0,3840.0,2024-03-28
2024032804008406,SGIC,74,20,120.0,520.1,62412.0,2024-03-28
2024032804008405,SGIC,6,20,200.0,520.5,104100.0,2024-03-28
2024032804008404,SGIC,51,20,30.0,520.5,15615.0,2024-03-28
2024032804008403,SGIC,4,20,50.0,520.6,26030.0,2024-03-28
2024032804008402,SSHL,51,46,375.0,165.0,61875.0,2024-03-28
2024032804008401,SSHL,51,45,625.0,164.5,102812.5,2024-03-28
2024032803008025,MNBBL,48,14,10.0,347.0,3470.0,2024-03-28
2024032801031246,SHIVM,74,58,1000.0,538.3,538300.0,2024-03-28
2024032804008400,UPPER,36,56,70.0,175.0,12250.0,2024-03-28
2024032803008024,MDB,20,41,50.0,425.3,21265.0,2024-03-28
2024032803008023,GUFL,88,16,100.0,862.4,86240.0,2024-03-28
2024032801031245,SONA,45,88,24.0,490.0,11760.0,2024-03-28
2024032804008399,SGIC,45,54,100.0,520.7,52070.0,2024-03-28
2024032801031244,SHIVM,74,53,471.0,538.3,253539.3,2024-03-28
2024032804008398,HDHPC,58,34,13.0,136.4,1773.2,2024-03-28
2024032801031243,SARBTM,69,46,50.0,1083.0,54150.0,2024-03-28
2024032801031242,GCIL,25,88,10.0,522.0,5220.0,2024-03-28
2024032801031241,CITY,14,38,10.0,595.0,5950.0,2024-03-28
2024032801031240,CITY,14,6,10.0,594.9,5949.0,2024-03-28
2024032801031239,SAMAJ,49,57,10.0,1920.0,19200.0,2024-03-28
2024032801031238,ADBL,5,32,14.0,230.0,3220.0,2024-03-28
2024032801031237,SARBTM,69,58,10.0,1083.0,10830.0,2024-03-28
2024032805004280,HRL,35,58,10.0,605.0,6050.0,2024-03-28
2024032805004279,HRL,35,49,10.0,605.0,6050.0,2024-03-28
2024032805004278,HRL,35,48,10.0,605.0,6050.0,2024-03-28
2024032805004277,HRL,35,49,10.0,605.0,6050.0,2024-03-28
2024032801031236,SARBTM,69,55,50.0,1083.0,54150.0,2024-03-28
2024032801031235,SNLI,58,4,10.0,605.5,6055.0,2024-03-28
2024032801031234,DORDI,4,62,70.0,455.0,31850.0,2024-03-28
2024032803008022,GMFIL,59,41,300.0,353.4,106020.0,2024-03-28
2024032803008021,GMFIL,41,41,82.0,353.5,28987.0,2024-03-28
2024032801031233,UHEWA,53,28,10.0,362.0,3620.0,2024-03-28
2024032801031232,UHEWA,53,52,10.0,359.5,3595.0,2024-03-28
2024032801031231,SARBTM,69,72,50.0,1083.0,54150.0,2024-03-28
2024032804008397,KKHC,85,29,110.0,240.0,26400.0,2024-03-28
2024032801031230,SARBTM,69,46,50.0,1083.0,54150.0,2024-03-28
2024032801031229,SONA,42,88,30.0,490.0,14700.0,2024-03-28
2024032801031228,SONA,74,88,946.0,490.0,463540.0,2024-03-28
2024032803008020,SWBBL,34,34,10.0,749.0,7490.0,2024-03-28
2024032803008019,SWBBL,34,21,10.0,748.0,7480.0,2024-03-28
2024032801031227,SARBTM,69,39,50.0,1083.0,54150.0,2024-03-28
2024032803008018,HLBSL,43,65,338.0,688.3,232645.4,2024-03-28
2024032801031226,RFPL,17,65,30.0,450.0,13500.0,2024-03-28
2024032801031225,SARBTM,69,57,50.0,1083.0,54150.0,2024-03-28
2024032801031224,SARBTM,69,58,50.0,1083.0,54150.0,2024-03-28
2024032801031223,PHCL,19,35,10.0,323.7,3237.0,2024-03-28
2024032801031222,KBSH,42,16,10.0,1001.0,10010.0,2024-03-28
