transaction,symbol,buyer,seller,quantity,rate,amount,date
2025040801014624,MKHL,49,86,20.0,671.0,13420.0,2025-04-08
2025040804014566,JOSHI,49,32,10.0,375.0,3750.0,2025-04-08
2025040801014623,HHL,49,47,17.0,491.0,8347.0,2025-04-08
2025040804014565,NHPC,49,74,40.0,206.9,8276.0,2025-04-08
2025040804014564,NHPC,49,57,10.0,206.8,2068.0,2025-04-08
2025040801014622,SPHL,8,49,65.0,767.2,49868.0,2025-04-08
2025040801014621,SPHL,6,49,25.0,770.0,19250.0,2025-04-08
2025040804014563,AHPC,18,45,53.0,253.0,13409.0,2025-04-08
2025040804014562,AHPC,18,41,67.0,253.0,16951.0,2025-04-08
2025040804014561,AHPC,18,64,53.0,253.0,13409.0,2025-04-08
2025040804014560,AHPC,18,36,20.0,252.6,5052.0,2025-04-08
2025040804014559,AHPC,18,38,500.0,252.5,126250.0,2025-04-08
2025040804014558,AHPC,18,36,1000.0,252.4,252400.0,2025-04-08
2025040804014557,AHPC,18,33,100.0,252.3,25230.0,2025-04-08
2025040804014556,AHPC,18,13,107.0,252.0,26964.0,2025-04-08
2025040804014555,AHPC,18,100,450.0,252.0,113400.0,2025-04-08
2025040804014554,AHPC,18,3,150.0,251.8,37770.0,2025-04-08
2025040801014620,GBIME,22,18,31.0,219.0,6789.0,2025-04-08
2025040801014619,GBIME,58,18,35.0,219.0,7665.0,2025-04-08
2025040801014618,GBIME,65,18,22.0,219.1,4820.2,2025-04-08
2025040801014617,GBIME,75,18,10.0,219.5,2195.0,2025-04-08
2025040804014553,RHPL,42,49,10.0,378.0,3780.0,2025-04-08
2025040801014616,SPC,53,21,20.0,525.0,10500.0,2025-04-08
2025040804014552,PPCL,36,32,182.0,313.1,56984.2,2025-04-08
2025040804014551,PPCL,88,32,190.0,313.2,59508.0,2025-04-08
2025040804014550,PPCL,36,32,1000.0,313.5,313500.0,2025-04-08
2025040804014549,PPCL,44,32,500.0,313.5,156750.0,2025-04-08
2025040804014548,PPCL,28,32,100.0,313.5,31350.0,2025-04-08
2025040804014547,PPCL,14,32,200.0,314.0,62800.0,2025-04-08
2025040801014615,HIDCLP,28,55,815.0,177.0,144255.0,2025-04-08
2025040801014614,HIDCLP,28,8,2785.0,176.9,492666.5,2025-04-08
2025040801014613,HIDCLP,28,70,1000.0,176.8,176800.0,2025-04-08
2025040801014612,HIDCLP,28,57,200.0,176.8,35360.0,2025-04-08
2025040801014611,HIDCLP,28,25,200.0,176.7,35340.0,2025-04-08
2025040801014610,NICGF2,59,28,4600.0,8.63,39698.0,2025-04-08
2025040801014609,NICGF2,4,28,1100.0,8.64,9504.0,2025-04-08
2025040804014546,UMHL,57,41,110.0,459.0,50490.0,2025-04-08
2025040804014545,UMHL,57,37,200.0,459.0,91800.0,2025-04-08
2025040804014544,UMHL,57,54,368.0,459.0,168912.0,2025-04-08
2025040805014597,NRIC,36,57,226.0,1332.1,301054.6,2025-04-08
2025040803009684,CBBL,22,6,10.0,841.0,8410.0,2025-04-08
2025040804014543,UPCL,22,72,10.0,297.0,2970.0,2025-04-08
2025040801014608,SPC,75,21,10.0,525.0,5250.0,2025-04-08
2025040801014607,SRLI,14,48,30.0,412.1,12363.0,2025-04-08
2025040801014606,SRLI,44,48,200.0,412.1,82420.0,2025-04-08
2025040801014605,SRLI,49,48,270.0,412.1,111267.0,2025-04-08
2025040805014596,ILI,57,48,12.0,463.0,5556.0,2025-04-08
2025040805014595,RNLI,52,48,50.0,527.1,26355.0,2025-04-08
2025040805014594,RNLI,16,48,171.0,527.1,90134.1,2025-04-08
2025040803009683,NABBC,20,70,40.0,1818.9,72756.0,2025-04-08
2025040803009682,NABBC,20,14,20.0,1818.0,36360.0,2025-04-08
2025040801014604,HBL,56,10,10.0,239.0,2390.0,2025-04-08
2025040801014603,MEHL,56,11,100.0,535.0,53500.0,2025-04-08
2025040804014542,KKHC,56,58,19.0,339.0,6441.0,2025-04-08
2025040804014541,HDHPC,42,17,500.0,197.1,98550.0,2025-04-08
2025040801014602,MEHL,56,11,200.0,535.0,107000.0,2025-04-08
2025040804014540,UPPER,56,66,15.0,199.0,2985.0,2025-04-08
2025040804014539,HPPL,56,50,710.0,620.0,440200.0,2025-04-08
2025040804014538,HPPL,57,50,200.0,620.1,124020.0,2025-04-08
2025040804014537,HPPL,68,50,90.0,621.0,55890.0,2025-04-08
2025040805014593,MEL,55,64,400.0,317.2,126880.0,2025-04-08
2025040805014592,MEL,55,25,90.0,317.2,28548.0,2025-04-08
2025040805014591,MEL,55,57,400.0,317.1,126840.0,2025-04-08
2025040805014590,MEL,55,62,355.0,317.0,112535.0,2025-04-08
2025040805014589,MEL,55,91,500.0,317.0,158500.0,2025-04-08
2025040805014588,MEL,55,39,315.0,316.9,99823.5,2025-04-08
2025040805014587,MEL,55,35,2000.0,315.0,630000.0,2025-04-08
2025040805014586,MEL,55,7,190.0,315.0,59850.0,2025-04-08
2025040804014536,UMHL,35,54,2132.0,459.0,978588.0,2025-04-08
2025040804014535,UMHL,35,35,18.0,459.0,8262.0,2025-04-08
2025040804014534,UMHL,35,82,1800.0,459.0,826200.0,2025-04-08
2025040804014533,UMHL,35,16,50.0,458.9,22945.0,2025-04-08
2025040803009681,PFL,42,47,10.0,428.0,4280.0,2025-04-08
2025040803009680,MLBBL,58,58,10.0,1508.9,15089.0,2025-04-08
2025040804014532,RADHI,8,77,416.0,441.1,183497.6,2025-04-08
2025040804014531,RADHI,8,77,1000.0,442.1,442100.0,2025-04-08
2025040804014530,RADHI,8,77,500.0,442.1,221050.0,2025-04-08
2025040804014529,RADHI,39,77,500.0,443.0,221500.0,2025-04-08
2025040804014528,RADHI,55,77,584.0,443.0,258712.0,2025-04-08
2025040801014601,LSL,45,49,74.0,222.0,16428.0,2025-04-08
2025040801014600,LSL,45,54,53.0,222.0,11766.0,2025-04-08
2025040801014599,LSL,45,26,277.0,222.0,61494.0,2025-04-08
2025040801014598,LSL,45,43,100.0,221.9,22190.0,2025-04-08
2025040801014597,LSL,45,29,500.0,221.3,110650.0,2025-04-08
2025040801014596,LSL,45,29,500.0,221.3,110650.0,2025-04-08
2025040801014595,LSL,45,19,50.0,221.0,11050.0,2025-04-08
2025040801014594,LSL,45,35,946.0,221.0,209066.0,2025-04-08
2025040804014527,CHCL,45,1,45.0,472.9,21280.5,2025-04-08
2025040805014585,NRN,29,81,100.0,1678.0,167800.0,2025-04-08
2025040804014526,SPDL,51,59,400.0,324.0,129600.0,2025-04-08
2025040804014525,SPDL,51,21,500.0,323.0,161500.0,2025-04-08
2025040801014593,MKCL,13,38,40.0,1615.0,64600.0,2025-04-08
2025040803009679,NFS,42,26,225.0,697.0,156825.0,2025-04-08
2025040801014592,TPC,39,95,500.0,519.0,259500.0,2025-04-08
2025040804014524,CHL,6,95,20.0,456.2,9124.0,2025-04-08
2025040804014523,CHL,94,95,275.0,456.3,125482.5,2025-04-08
2025040804014522,JOSHI,6,32,73.0,375.0,27375.0,2025-04-08
2025040804014521,JOSHI,6,58,20.0,375.0,7500.0,2025-04-08
2025040804014520,JOSHI,6,45,100.0,374.9,37490.0,2025-04-08
2025040804014519,JOSHI,6,35,10.0,374.4,3744.0,2025-04-08
2025040804014518,JOSHI,6,6,37.0,373.5,13819.5,2025-04-08
2025040804014517,JOSHI,6,99,200.0,373.4,74680.0,2025-04-08
2025040804014516,UPCL,6,72,50.0,297.0,14850.0,2025-04-08
2025040801014591,MEHL,6,11,100.0,535.0,53500.0,2025-04-08
2025040801014590,GMLI,55,70,1000.0,2568.0,2568000.0,2025-04-08
2025040805014584,HATHY,57,1,60.0,1340.0,80400.0,2025-04-08
2025040805014583,HATHY,17,1,50.0,1341.0,67050.0,2025-04-08
2025040804014515,RADHI,55,25,201.0,443.0,89043.0,2025-04-08
2025040801014589,SPL,7,47,10.0,885.0,8850.0,2025-04-08
2025040804014514,SPIL,44,17,21.0,831.0,17451.0,2025-04-08
2025040803009678,ALICL,44,56,10.0,747.0,7470.0,2025-04-08
2025040801014588,SBI,44,66,100.0,418.9,41890.0,2025-04-08
2025040801014587,RFPL,52,11,10.0,698.5,6985.0,2025-04-08
2025040805014582,NIFRA,39,52,34.0,267.7,9101.8,2025-04-08
2025040801014586,MKHC,34,6,57.0,507.2,28910.4,2025-04-08
2025040801014585,MKHC,34,4,43.0,507.0,21801.0,2025-04-08
2025040804014513,SPIL,38,62,10.0,830.0,8300.0,2025-04-08
2025040803009677,PFL,52,38,12.0,427.0,5124.0,2025-04-08
2025040801014584,MBL,14,34,785.0,228.3,179215.5,2025-04-08
2025040801014583,MBL,42,34,300.0,228.3,68490.0,2025-04-08
2025040801014582,JBLB,34,58,22.0,1317.0,28974.0,2025-04-08
2025040801014581,JBLB,34,72,22.0,1317.0,28974.0,2025-04-08
2025040803009676,SAPDBL,17,72,93.0,1065.0,99045.0,2025-04-08
2025040803009675,SAPDBL,58,72,12.0,1065.0,12780.0,2025-04-08
2025040803009674,SAPDBL,68,72,10.0,1065.0,10650.0,2025-04-08
2025040803009673,SAPDBL,49,72,60.0,1065.3,63918.0,2025-04-08
2025040803009672,SAPDBL,71,72,25.0,1065.3,26632.5,2025-04-08
2025040803009671,SAPDBL,1,72,10.0,1066.1,10661.0,2025-04-08
2025040803009670,SAPDBL,1,72,10.0,1066.2,10662.0,2025-04-08
2025040803009669,SAPDBL,41,72,100.0,1067.0,106700.0,2025-04-08
2025040801014580,TVCL,43,21,280.0,505.0,141400.0,2025-04-08
2025040801014579,TVCL,8,21,50.0,505.0,25250.0,2025-04-08
2025040801014578,TVCL,21,21,150.0,505.0,75750.0,2025-04-08
2025040801014577,TVCL,42,21,10.0,505.0,5050.0,2025-04-08
2025040801014576,TVCL,42,21,10.0,505.2,5052.0,2025-04-08
2025040801014575,BHDC,58,48,10.0,574.0,5740.0,2025-04-08
2025040801014574,GMLI,55,58,70.0,2568.0,179760.0,2025-04-08
2025040805014581,HRL,58,34,10.0,1038.0,10380.0,2025-04-08
2025040801014573,PRVU,35,59,1248.0,211.0,263328.0,2025-04-08
2025040805014580,NRM,7,59,10.0,485.2,4852.0,2025-04-08
2025040805014579,NRIC,60,38,10.0,1333.0,13330.0,2025-04-08
2025040801014572,GVL,66,60,51.0,490.0,24990.0,2025-04-08
2025040801014571,EHPL,80,49,110.0,681.7,74987.0,2025-04-08
2025040801014570,EHPL,80,94,140.0,680.0,95200.0,2025-04-08
2025040801014569,EHPL,80,8,40.0,679.9,27196.0,2025-04-08
2025040803009668,NMBMF,62,41,20.0,734.5,14690.0,2025-04-08
2025040801014568,BHL,25,62,25.0,293.1,7327.5,2025-04-08
2025040804014512,BARUN,100,49,275.0,508.1,139727.5,2025-04-08
2025040804014511,BARUN,48,49,155.0,509.0,78895.0,2025-04-08
2025040804014510,BARUN,45,49,40.0,511.0,20440.0,2025-04-08
2025040804014509,UNHPL,49,45,10.0,308.0,3080.0,2025-04-08
2025040803009667,JFL,49,40,140.0,513.0,71820.0,2025-04-08
2025040803009666,JFL,49,25,103.0,512.9,52828.7,2025-04-08
2025040803009665,JFL,49,67,62.0,511.0,31682.0,2025-04-08
2025040804014508,UMHL,57,42,29.0,458.0,13282.0,2025-04-08
2025040804014507,UMHL,57,41,110.0,458.0,50380.0,2025-04-08
2025040804014506,UMHL,57,48,151.0,458.0,69158.0,2025-04-08
2025040801014567,KBSH,57,58,11.0,2200.0,24200.0,2025-04-08
2025040805014578,NRN,88,81,10.0,1678.0,16780.0,2025-04-08
2025040801014566,MBLD87,77,46,3.0,1027.1,3081.3,2025-04-08
2025040801014565,UHEWA,22,33,2000.0,670.0,1340000.0,2025-04-08
2025040801014564,TAMOR,22,19,50.0,512.9,25645.0,2025-04-08
2025040804014505,GLH,46,36,43.0,237.0,10191.0,2025-04-08
2025040805014577,MEL,39,7,10.0,315.0,3150.0,2025-04-08
2025040805014576,HRL,39,34,50.0,1038.0,51900.0,2025-04-08
2025040804014504,UMHL,39,48,200.0,458.0,91600.0,2025-04-08
2025040801014563,RFPL,39,21,500.0,695.0,347500.0,2025-04-08
2025040805014575,HRL,34,48,300.0,1037.0,311100.0,2025-04-08
2025040805014574,HRL,6,48,40.0,1037.0,41480.0,2025-04-08
2025040805014573,HRL,40,48,147.0,1037.1,152453.7,2025-04-08
2025040805014572,HRL,48,34,100.0,1038.0,103800.0,2025-04-08
2025040804014503,API,21,48,500.0,269.2,134600.0,2025-04-08
2025040801014562,MEHL,20,11,30.0,535.0,16050.0,2025-04-08
2025040801014561,MEHL,20,39,330.0,532.4,175692.0,2025-04-08
2025040801014560,MEHL,20,67,140.0,532.0,74480.0,2025-04-08
2025040804014502,LEC,63,47,11.0,207.9,2286.9,2025-04-08
2025040805014571,SMJC,35,65,40.0,574.0,22960.0,2025-04-08
2025040805014570,RNLI,16,35,329.0,527.1,173415.9,2025-04-08
2025040805014569,RNLI,44,35,200.0,527.3,105460.0,2025-04-08
2025040805014568,RNLI,29,35,150.0,527.4,79110.0,2025-04-08
2025040805014567,RNLI,35,35,50.0,527.5,26375.0,2025-04-08
2025040805014566,RNLI,83,35,686.0,527.8,362070.8,2025-04-08
2025040805014565,RNLI,4,35,185.0,528.0,97680.0,2025-04-08
2025040805014564,RNLI,34,35,500.0,528.0,264000.0,2025-04-08
2025040805014563,NRIC,36,38,10.0,1333.0,13330.0,2025-04-08
2025040803009664,MFIL,33,42,300.0,600.1,180030.0,2025-04-08
2025040803009663,MFIL,36,42,100.0,600.1,60010.0,2025-04-08
2025040804014501,API,21,33,50.0,269.2,13460.0,2025-04-08
2025040804014500,BARUN,45,45,350.0,511.0,178850.0,2025-04-08
2025040804014499,BARUN,89,45,350.0,511.2,178920.0,2025-04-08
2025040803009662,GUFL,45,25,36.0,589.0,21204.0,2025-04-08
2025040803009661,GUFL,45,34,85.0,588.9,50056.5,2025-04-08
2025040803009660,GUFL,45,3,50.0,587.0,29350.0,2025-04-08
2025040803009659,GUFL,45,94,30.0,587.0,17610.0,2025-04-08
2025040803009658,GUFL,45,3,50.0,586.0,29300.0,2025-04-08
2025040803009657,GUFL,45,57,50.0,585.0,29250.0,2025-04-08
2025040803009656,GUFL,45,94,22.0,585.0,12870.0,2025-04-08
2025040803009655,GUFL,45,32,17.0,584.9,9943.3,2025-04-08
2025040803009654,GUFL,45,32,50.0,583.0,29150.0,2025-04-08
2025040803009653,GUFL,45,34,10.0,583.0,5830.0,2025-04-08
2025040805014562,HDL,6,45,57.0,1192.0,67944.0,2025-04-08
2025040803009652,SLBSL,40,45,25.0,1800.0,45000.0,2025-04-08
2025040801014559,GMLI,55,45,500.0,2568.0,1284000.0,2025-04-08
2025040804014498,CHL,40,13,40.0,457.0,18280.0,2025-04-08
2025040804014497,CHL,21,13,180.0,457.0,82260.0,2025-04-08
2025040801014558,GMLI,55,26,50.0,2568.0,128400.0,2025-04-08
2025040805014561,NRN,65,81,25.0,1678.0,41950.0,2025-04-08
2025040801014557,GMLI,55,41,10.0,2568.0,25680.0,2025-04-08
2025040803009651,HLI,96,48,150.0,433.9,65085.0,2025-04-08
2025040803009650,HLI,96,45,50.0,433.0,21650.0,2025-04-08
2025040803009649,HLI,96,51,100.0,428.0,42800.0,2025-04-08
2025040801014556,SARBTM,1,75,53.0,795.0,42135.0,2025-04-08
2025040801014555,SARBTM,1,37,50.0,795.0,39750.0,2025-04-08
2025040801014554,SARBTM,1,48,50.0,795.0,39750.0,2025-04-08
2025040801014553,SARBTM,1,38,11.0,794.9,8743.9,2025-04-08
2025040804014496,JOSHI,44,21,11.0,372.0,4092.0,2025-04-08
2025040804014495,SPIL,44,41,62.0,830.0,51460.0,2025-04-08
2025040804014494,SPIL,44,71,11.0,830.0,9130.0,2025-04-08
2025040804014493,SPIL,44,11,113.0,830.0,93790.0,2025-04-08
2025040803009648,ALICL,44,56,10.0,747.0,7470.0,2025-04-08
2025040801014552,GMLI,55,38,50.0,2568.0,128400.0,2025-04-08
2025040805014560,HIDCL,92,66,10.0,270.0,2700.0,2025-04-08
2025040801014551,GMLI,55,34,10.0,2568.0,25680.0,2025-04-08
2025040804014492,AHPC,33,34,800.0,251.4,201120.0,2025-04-08
2025040805014559,CIT,34,51,10.0,1950.0,19500.0,2025-04-08
2025040801014550,ULHC,72,33,10.0,514.8,5148.0,2025-04-08
2025040801014549,ULHC,72,34,10.0,514.0,5140.0,2025-04-08
2025040801014548,ULHC,72,40,50.0,514.0,25700.0,2025-04-08
2025040801014547,ULHC,72,41,30.0,513.5,15405.0,2025-04-08
2025040801014546,ULHC,72,38,10.0,513.4,5134.0,2025-04-08
2025040801014545,CKHL,59,36,100.0,699.0,69900.0,2025-04-08
2025040804014491,KKHC,13,58,500.0,339.0,169500.0,2025-04-08
2025040804014490,KKHC,22,58,20.0,339.0,6780.0,2025-04-08
2025040804014489,KKHC,55,58,425.0,339.1,144117.5,2025-04-08
2025040804014488,KKHC,56,58,30.0,339.5,10185.0,2025-04-08
2025040804014487,KKHC,48,58,181.0,339.5,61449.5,2025-04-08
2025040801014544,NABIL,62,17,1100.0,485.4,533940.0,2025-04-08
2025040801014543,NABIL,62,16,219.0,485.2,106258.8,2025-04-08
2025040801014542,NABIL,62,56,70.0,485.1,33957.0,2025-04-08
2025040801014541,NABIL,62,32,200.0,485.0,97000.0,2025-04-08
2025040801014540,NABIL,62,33,149.0,485.0,72265.0,2025-04-08
2025040805014558,PHCL,14,35,100.0,587.9,58790.0,2025-04-08
2025040805014557,SHIVM,58,41,50.0,528.0,26400.0,2025-04-08
2025040804014486,BARUN,58,57,660.0,511.4,337524.0,2025-04-08
2025040804014485,BARUN,58,29,100.0,511.3,51130.0,2025-04-08
2025040801014539,HEIP,4,26,190.0,370.0,70300.0,2025-04-08
2025040801014538,HEIP,4,61,10.0,369.9,3699.0,2025-04-08
2025040804014484,UAIL,53,42,10.0,636.9,6369.0,2025-04-08
2025040805014556,HRL,32,34,131.0,1038.0,135978.0,2025-04-08
2025040801014537,GMLI,55,57,40.0,2568.0,102720.0,2025-04-08
2025040805014555,HATHY,57,64,524.0,1348.8,706771.2,2025-04-08
2025040805014554,HATHY,57,45,150.0,1346.0,201900.0,2025-04-08
2025040805014553,HATHY,57,3,16.0,1345.0,21520.0,2025-04-08
2025040805014552,HATHY,57,91,100.0,1345.0,134500.0,2025-04-08
2025040805014551,HATHY,57,49,100.0,1344.0,134400.0,2025-04-08
2025040805014550,HATHY,57,35,10.0,1344.0,13440.0,2025-04-08
2025040803009647,MLBBL,19,57,100.0,1480.0,148000.0,2025-04-08
2025040801014536,MSHL,88,57,10.0,899.0,8990.0,2025-04-08
2025040801014535,MSHL,88,38,10.0,887.0,8870.0,2025-04-08
2025040804014483,GLH,88,75,350.0,236.5,82775.0,2025-04-08
2025040804014482,GLH,76,75,490.0,236.5,115885.0,2025-04-08
2025040804014481,GLH,22,75,154.0,236.6,36436.4,2025-04-08
2025040804014480,SHEL,58,39,20.0,246.3,4926.0,2025-04-08
2025040804014479,SHEL,50,39,280.0,246.3,68964.0,2025-04-08
2025040804014478,SHEL,42,39,200.0,246.4,49280.0,2025-04-08
2025040804014477,SHEL,41,39,100.0,246.4,24640.0,2025-04-08
2025040803009646,SMPDA,48,40,16.0,922.4,14758.4,2025-04-08
2025040803009645,GBBL,48,39,10.0,390.0,3900.0,2025-04-08
2025040801014534,NBL,54,17,25.0,246.3,6157.5,2025-04-08
2025040801014533,SNLI,51,35,12.0,634.0,7608.0,2025-04-08
2025040801014532,GMLI,55,35,10.0,2568.0,25680.0,2025-04-08
2025040801014531,BEDC,8,55,10.0,776.0,7760.0,2025-04-08
2025040805014549,NRIC,36,55,124.0,1332.1,165180.4,2025-04-08
2025040805014548,NRIC,36,55,350.0,1332.1,466235.0,2025-04-08
2025040805014547,NRIC,36,55,350.0,1332.1,466235.0,2025-04-08
2025040805014546,NRIC,36,55,176.0,1332.1,234449.6,2025-04-08
2025040801014530,GMLI,55,55,10.0,2568.0,25680.0,2025-04-08
2025040801014529,GMLI,55,8,100.0,2568.0,256800.0,2025-04-08
2025040804014476,BARUN,89,42,100.0,511.2,51120.0,2025-04-08
2025040803009644,SLBSL,40,14,75.0,1800.0,135000.0,2025-04-08
2025040803009643,SLBSL,40,14,20.0,1800.0,36000.0,2025-04-08
2025040805014545,CHDC,45,49,50.0,2368.0,118400.0,2025-04-08
2025040803009642,JBBL,49,45,150.0,335.5,50325.0,2025-04-08
2025040804014475,CHCL,48,45,25.0,472.5,11812.5,2025-04-08
2025040804014474,CHCL,49,45,81.0,472.6,38280.6,2025-04-08
2025040804014473,NHDL,13,33,600.0,795.0,477000.0,2025-04-08
2025040801014528,KBSH,51,58,20.0,2200.0,44000.0,2025-04-08
2025040801014527,MBL,42,85,200.0,228.3,45660.0,2025-04-08
2025040803009641,DDBL,85,42,74.0,786.0,58164.0,2025-04-08
2025040803009640,DDBL,85,45,10.0,785.0,7850.0,2025-04-08
2025040803009639,DDBL,85,57,16.0,784.0,12544.0,2025-04-08
2025040801014526,MEHL,5,67,50.0,532.0,26600.0,2025-04-08
2025040804014472,AHPC,33,7,50.0,251.4,12570.0,2025-04-08
2025040801014525,GMLI,55,92,385.0,2568.0,988680.0,2025-04-08
2025040805014544,HRL,3,34,220.0,1038.0,228360.0,2025-04-08
2025040803009638,MLBL,84,94,500.0,390.0,195000.0,2025-04-08
2025040803009637,NICLBSL,62,36,20.0,645.0,12900.0,2025-04-08
2025040805014543,NRN,14,81,120.0,1678.0,201360.0,2025-04-08
2025040805014542,NRN,14,62,190.0,1677.9,318801.0,2025-04-08
2025040805014541,NRN,14,55,90.0,1676.0,150840.0,2025-04-08
2025040803009636,MPFL,39,49,10.0,631.5,6315.0,2025-04-08
2025040801014524,MEHL,21,58,250.0,517.0,129250.0,2025-04-08
2025040801014523,MEHL,52,58,100.0,517.0,51700.0,2025-04-08
2025040801014522,MEHL,96,58,150.0,520.0,78000.0,2025-04-08
2025040804014471,CGH,25,58,40.0,857.2,34288.0,2025-04-08
2025040804014470,UPPER,16,49,100.0,198.6,19860.0,2025-04-08
2025040804014469,SHEL,58,45,50.0,246.9,12345.0,2025-04-08
2025040801014521,BGWT,74,58,450.0,1005.0,452250.0,2025-04-08
2025040801014520,BGWT,59,58,50.0,1005.1,50255.0,2025-04-08
2025040803009635,GUFL,22,34,50.0,583.0,29150.0,2025-04-08
2025040804014468,GHL,16,49,10.0,275.0,2750.0,2025-04-08
2025040803009634,FMDBL,65,16,200.0,757.2,151440.0,2025-04-08
2025040803009633,LICN,36,74,100.0,994.0,99400.0,2025-04-08
2025040804014467,UMHL,35,48,149.0,458.0,68242.0,2025-04-08
2025040804014466,UMHL,35,40,51.0,458.0,23358.0,2025-04-08
2025040804014465,RADHI,55,49,84.0,443.0,37212.0,2025-04-08
2025040804014464,RADHI,55,49,10.0,443.0,4430.0,2025-04-08
2025040804014463,RADHI,55,6,15.0,443.0,6645.0,2025-04-08
2025040804014462,UMRH,42,62,70.0,597.0,41790.0,2025-04-08
2025040805014540,HRL,42,34,154.0,1038.0,159852.0,2025-04-08
2025040805014539,HRL,42,41,20.0,1038.0,20760.0,2025-04-08
2025040804014461,NGPL,33,49,779.0,267.0,207993.0,2025-04-08
2025040804014460,NGPL,33,5,500.0,267.0,133500.0,2025-04-08
2025040804014459,NGPL,33,19,100.0,267.0,26700.0,2025-04-08
2025040804014458,NGPL,33,49,491.0,267.0,131097.0,2025-04-08
2025040804014457,NGPL,33,52,230.0,266.8,61364.0,2025-04-08
2025040804014456,NGPL,33,42,100.0,266.7,26670.0,2025-04-08
2025040804014455,NGPL,33,99,50.0,266.6,13330.0,2025-04-08
2025040804014454,NGPL,33,58,100.0,266.6,26660.0,2025-04-08
2025040804014453,NGPL,33,45,550.0,266.0,146300.0,2025-04-08
2025040804014452,NGPL,33,34,100.0,265.5,26550.0,2025-04-08
2025040803009632,JFL,36,67,265.0,511.0,135415.0,2025-04-08
2025040801014519,SRLI,38,36,10.0,412.3,4123.0,2025-04-08
2025040801014518,EHPL,28,45,13.0,674.0,8762.0,2025-04-08
2025040803009631,JFL,42,67,73.0,511.0,37303.0,2025-04-08
2025040803009630,JFL,52,67,100.0,512.0,51200.0,2025-04-08
2025040801014517,MKJC,98,57,10.0,560.0,5600.0,2025-04-08
2025040804014451,GHL,6,49,10.0,275.0,2750.0,2025-04-08
2025040804014450,GHL,6,63,1000.0,274.8,274800.0,2025-04-08
2025040804014449,GHL,6,39,1090.0,274.8,299532.0,2025-04-08
2025040804014448,GHL,6,39,1000.0,274.4,274400.0,2025-04-08
2025040804014447,GHL,6,35,400.0,274.0,109600.0,2025-04-08
2025040804014446,GHL,6,56,1500.0,273.5,410250.0,2025-04-08
2025040803009629,HLI,37,6,20.0,427.0,8540.0,2025-04-08
2025040803009628,HLI,33,6,50.0,427.0,21350.0,2025-04-08
2025040805014538,HIDCL,22,66,97.0,270.0,26190.0,2025-04-08
2025040803009627,NFS,42,7,15.0,697.0,10455.0,2025-04-08
2025040801014516,KBL,39,52,30.0,209.0,6270.0,2025-04-08
2025040801014515,KBL,13,52,272.0,209.0,56848.0,2025-04-08
2025040801014514,KBL,49,52,583.0,209.2,121963.6,2025-04-08
2025040805014537,HIDCL,16,92,2000.0,270.0,540000.0,2025-04-08
2025040805014536,CHDC,56,38,11.0,2367.0,26037.0,2025-04-08
2025040804014445,UMHL,3,40,500.0,458.0,229000.0,2025-04-08
2025040805014535,NRM,7,34,200.0,485.2,97040.0,2025-04-08
2025040805014534,NRM,25,34,200.0,485.2,97040.0,2025-04-08
2025040801014513,NIMBPO,34,55,10.0,157.5,1575.0,2025-04-08
2025040803009626,SFCL,25,21,13.0,535.0,6955.0,2025-04-08
2025040803009625,SFCL,47,21,307.0,535.0,164245.0,2025-04-08
2025040803009624,SFCL,67,21,80.0,535.1,42808.0,2025-04-08
2025040805014533,SAHAS,58,21,10.0,498.1,4981.0,2025-04-08
2025040804014444,UMHL,85,62,88.0,455.7,40101.6,2025-04-08
2025040804014443,UMHL,5,62,1000.0,455.9,455900.0,2025-04-08
2025040804014442,UMHL,41,62,150.0,456.0,68400.0,2025-04-08
2025040804014441,UMHL,45,62,600.0,456.0,273600.0,2025-04-08
2025040804014440,UMHL,22,62,20.0,456.0,9120.0,2025-04-08
2025040804014439,UMHL,49,62,142.0,456.1,64766.2,2025-04-08
2025040804014438,UMHL,49,14,298.0,456.1,135917.8,2025-04-08
2025040804014437,UMHL,91,14,207.0,456.9,94578.3,2025-04-08
2025040804014436,UMHL,41,14,150.0,457.0,68550.0,2025-04-08
2025040804014435,UMHL,92,14,410.0,457.0,187370.0,2025-04-08
2025040804014434,UMHL,56,14,500.0,457.1,228550.0,2025-04-08
2025040804014433,UMHL,22,14,435.0,457.1,198838.5,2025-04-08
2025040803009623,MPFL,39,32,190.0,631.5,119985.0,2025-04-08
2025040803009622,GRDBL,66,58,19.0,1274.2,24209.8,2025-04-08
2025040803009621,PROFL,6,49,11.0,545.0,5995.0,2025-04-08
2025040803009620,BFC,36,88,200.0,558.0,111600.0,2025-04-08
2025040803009619,GILB,75,11,10.0,1240.0,12400.0,2025-04-08
2025040803009618,SKBBL,58,85,100.0,792.0,79200.0,2025-04-08
2025040805014532,PHCL,58,35,10.0,587.9,5879.0,2025-04-08
2025040803009617,MSLB,39,57,10.0,1257.7,12577.0,2025-04-08
2025040801014512,SPC,91,21,10.0,525.0,5250.0,2025-04-08
2025040805014531,CHDC,99,49,13.0,2368.0,30784.0,2025-04-08
2025040803009616,JBBL,56,13,100.0,336.0,33600.0,2025-04-08
2025040803009615,ACLBSL,56,41,20.0,1059.0,21180.0,2025-04-08
2025040801014511,UHEWA,26,50,155.0,665.0,103075.0,2025-04-08
2025040801014510,UHEWA,58,50,10.0,665.0,6650.0,2025-04-08
2025040801014509,UHEWA,38,50,150.0,666.0,99900.0,2025-04-08
2025040801014508,UHEWA,58,50,75.0,666.0,49950.0,2025-04-08
2025040801014507,UHEWA,48,50,50.0,666.4,33320.0,2025-04-08
2025040801014506,UHEWA,57,50,100.0,667.0,66700.0,2025-04-08
2025040801014505,UHEWA,83,50,50.0,667.0,33350.0,2025-04-08
2025040801014504,UHEWA,58,50,30.0,667.0,20010.0,2025-04-08
2025040801014503,UHEWA,58,50,50.0,667.1,33355.0,2025-04-08
2025040801014502,UHEWA,53,50,10.0,667.1,6671.0,2025-04-08
2025040804014432,RBCL,50,17,20.0,14955.0,299100.0,2025-04-08
2025040804014431,CHCL,49,35,13.0,472.6,6143.8,2025-04-08
2025040801014501,HHL,35,57,50.0,490.5,24525.0,2025-04-08
2025040805014530,NRN,70,55,25.0,1677.0,41925.0,2025-04-08
2025040801014500,SNLI,51,35,12.0,634.0,7608.0,2025-04-08
2025040801014499,UHEWA,8,33,25.0,670.0,16750.0,2025-04-08
2025040805014529,CHDC,22,42,20.0,2366.3,47326.0,2025-04-08
2025040805014528,CHDC,36,42,10.0,2366.4,23664.0,2025-04-08
2025040804014430,HURJA,48,42,1000.0,234.0,234000.0,2025-04-08
2025040805014527,NIFRA,39,33,350.0,267.7,93695.0,2025-04-08
2025040805014526,NIFRA,36,33,100.0,268.0,26800.0,2025-04-08
2025040805014525,NIFRA,13,33,25.0,268.0,6700.0,2025-04-08
2025040805014524,NIFRA,56,33,92.0,268.0,24656.0,2025-04-08
2025040805014523,NIFRA,53,33,200.0,268.0,53600.0,2025-04-08
2025040805014522,NIFRA,42,33,200.0,268.0,53600.0,2025-04-08
2025040805014521,NIFRA,48,33,74.0,268.1,19839.4,2025-04-08
2025040805014520,NIFRA,14,33,100.0,268.8,26880.0,2025-04-08
2025040805014519,NIFRA,33,33,30.0,268.8,8064.0,2025-04-08
2025040805014518,NIFRA,58,33,35.0,269.0,9415.0,2025-04-08
2025040805014517,NIFRA,36,33,100.0,269.0,26900.0,2025-04-08
2025040805014516,NIFRA,59,33,124.0,269.9,33467.6,2025-04-08
2025040805014515,NIFRA,26,33,50.0,270.0,13500.0,2025-04-08
2025040804014429,RURU,40,7,20.0,717.0,14340.0,2025-04-08
2025040805014514,SHIVM,45,10,124.0,527.0,65348.0,2025-04-08
2025040805014513,SHIVM,45,14,300.0,527.0,158100.0,2025-04-08
2025040805014512,SHIVM,45,57,63.0,526.1,33144.3,2025-04-08
2025040805014511,NIFRA,45,51,86.0,271.0,23306.0,2025-04-08
2025040805014510,NIFRA,45,47,225.0,271.0,60975.0,2025-04-08
2025040805014509,NIFRA,45,81,304.0,271.0,82384.0,2025-04-08
2025040805014508,NIFRA,45,7,30.0,271.0,8130.0,2025-04-08
2025040801014498,GMLI,55,45,200.0,2568.0,513600.0,2025-04-08
2025040805014507,NIFRA,45,45,54.0,271.0,14634.0,2025-04-08
2025040805014506,NIFRA,45,32,200.0,270.9,54180.0,2025-04-08
2025040805014505,NIFRA,45,49,54.0,270.4,14601.6,2025-04-08
2025040805014504,NIFRA,45,35,47.0,270.3,12704.1,2025-04-08
2025040805014503,NIFRA,42,13,300.0,270.0,81000.0,2025-04-08
2025040803009614,CBBL,51,6,282.0,841.0,237162.0,2025-04-08
2025040803009613,JSLBB,1,14,25.0,1470.0,36750.0,2025-04-08
2025040803009612,JSLBB,1,13,10.0,1469.0,14690.0,2025-04-08
2025040803009611,JSLBB,1,62,10.0,1468.0,14680.0,2025-04-08
2025040803009610,JSLBB,1,32,55.0,1450.0,79750.0,2025-04-08
2025040805014502,HDL,13,84,118.0,1190.0,140420.0,2025-04-08
2025040804014428,BARUN,89,44,50.0,511.2,25560.0,2025-04-08
2025040805014501,SHIVM,38,57,50.0,526.1,26305.0,2025-04-08
2025040804014427,NICL,49,38,150.0,806.0,120900.0,2025-04-08
2025040804014426,JOSHI,36,38,79.0,371.2,29324.8,2025-04-08
2025040803009609,SINDU,34,72,10.0,1100.0,11000.0,2025-04-08
2025040803009608,SINDU,4,72,10.0,1100.0,11000.0,2025-04-08
2025040803009607,SINDU,53,72,500.0,1100.0,550000.0,2025-04-08
2025040803009606,SINDU,14,72,10.0,1100.0,11000.0,2025-04-08
2025040803009605,SINDU,7,72,15.0,1100.0,16500.0,2025-04-08
2025040803009604,SINDU,42,72,30.0,1100.0,33000.0,2025-04-08
2025040803009603,SINDU,42,72,300.0,1100.0,330000.0,2025-04-08
2025040803009602,SINDU,35,72,25.0,1100.0,27500.0,2025-04-08
2025040803009601,SINDU,42,72,250.0,1100.2,275050.0,2025-04-08
2025040803009600,SINDU,42,72,163.0,1101.0,179463.0,2025-04-08
2025040803009599,SINDU,35,72,10.0,1101.0,11010.0,2025-04-08
2025040803009598,SINDU,35,72,15.0,1102.0,16530.0,2025-04-08
2025040803009597,SINDU,42,72,250.0,1102.0,275500.0,2025-04-08
2025040803009596,SINDU,26,72,1000.0,1103.2,1103200.0,2025-04-08
2025040803009595,SINDU,58,72,10.0,1105.0,11050.0,2025-04-08
2025040803009594,SINDU,42,72,500.0,1105.0,552500.0,2025-04-08
2025040803009593,SINDU,5,72,50.0,1106.0,55300.0,2025-04-08
2025040803009592,SINDU,22,72,50.0,1106.0,55300.0,2025-04-08
2025040803009591,GUFL,22,38,50.0,579.0,28950.0,2025-04-08
2025040804014425,HDHPC,42,34,190.0,197.1,37449.0,2025-04-08
2025040804014424,GHL,7,34,50.0,272.0,13600.0,2025-04-08
2025040804014423,GHL,33,34,50.0,273.0,13650.0,2025-04-08
2025040801014497,GMLI,55,34,10.0,2568.0,25680.0,2025-04-08
2025040804014422,CHL,21,70,120.0,457.0,54840.0,2025-04-08
2025040804014421,AKPL,14,59,108.0,227.0,24516.0,2025-04-08
2025040804014420,AKPL,58,59,153.0,227.0,34731.0,2025-04-08
2025040804014419,AKPL,35,59,239.0,227.0,54253.0,2025-04-08
2025040804014418,DHPL,74,59,1000.0,382.1,382100.0,2025-04-08
2025040804014417,RADHI,60,6,985.0,443.0,436355.0,2025-04-08
2025040804014416,RADHI,60,17,700.0,443.0,310100.0,2025-04-08
2025040804014415,RADHI,60,45,315.0,443.0,139545.0,2025-04-08
2025040801014496,HHL,32,57,10.0,490.5,4905.0,2025-04-08
2025040801014495,GBIME,75,45,90.0,219.5,19755.0,2025-04-08
2025040801014494,KBL,49,36,237.0,209.2,49580.4,2025-04-08
2025040801014493,KBL,49,25,180.0,209.1,37638.0,2025-04-08
2025040805014500,SHIVM,36,57,77.0,526.1,40509.7,2025-04-08
2025040805014499,SHIVM,76,57,100.0,526.1,52610.0,2025-04-08
2025040805014498,SHIVM,58,57,10.0,526.8,5268.0,2025-04-08
2025040804014414,TRH,58,70,20.0,1020.0,20400.0,2025-04-08
2025040805014497,STC,14,58,50.0,5202.0,260100.0,2025-04-08
2025040803009590,PFL,58,47,30.0,428.0,12840.0,2025-04-08
2025040804014413,NLG,20,10,33.0,910.0,30030.0,2025-04-08
2025040804014412,NLG,20,44,50.0,910.0,45500.0,2025-04-08
2025040804014411,NLG,20,61,510.0,909.9,464049.0,2025-04-08
2025040804014410,NLG,20,37,100.0,909.0,90900.0,2025-04-08
2025040804014409,NLG,20,28,967.0,909.0,879003.0,2025-04-08
2025040804014408,NLG,20,58,50.0,908.9,45445.0,2025-04-08
2025040804014407,NLG,20,47,100.0,908.9,90890.0,2025-04-08
2025040804014406,NLG,20,58,150.0,908.0,136200.0,2025-04-08
2025040804014405,NLG,20,11,40.0,907.9,36316.0,2025-04-08
2025040805014496,CLI,34,48,10.0,500.0,5000.0,2025-04-08
2025040804014404,UMHL,97,40,50.0,458.0,22900.0,2025-04-08
2025040804014403,NGPL,17,34,20.0,265.0,5300.0,2025-04-08
2025040805014495,SMJC,35,65,10.0,574.0,5740.0,2025-04-08
2025040805014494,SMJC,35,16,50.0,572.9,28645.0,2025-04-08
2025040804014402,SSHL,28,42,192.0,228.0,43776.0,2025-04-08
2025040804014401,SSHL,26,42,13.0,228.0,2964.0,2025-04-08
2025040804014400,SSHL,42,42,50.0,228.5,11425.0,2025-04-08
2025040804014399,SSHL,17,42,10.0,228.6,2286.0,2025-04-08
2025040804014398,API,21,33,162.0,269.2,43610.4,2025-04-08
2025040801014492,TSHL,49,45,25.0,782.1,19552.5,2025-04-08
2025040804014397,HURJA,45,6,26.0,234.7,6102.2,2025-04-08
2025040803009589,USLB,58,41,35.0,1655.0,57925.0,2025-04-08
2025040803009588,USLB,51,41,40.0,1655.1,66204.0,2025-04-08
2025040803009587,USLB,21,41,10.0,1657.0,16570.0,2025-04-08
2025040803009586,USLB,42,41,100.0,1660.0,166000.0,2025-04-08
2025040803009585,USLB,81,41,65.0,1660.0,107900.0,2025-04-08
2025040803009584,USLB,62,41,20.0,1660.1,33202.0,2025-04-08
2025040803009583,USLB,46,41,30.0,1661.0,49830.0,2025-04-08
2025040805014493,HRL,40,81,53.0,1037.1,54966.3,2025-04-08
2025040805014492,HRL,39,81,90.0,1037.1,93339.0,2025-04-08
2025040803009582,LICN,28,5,100.0,992.0,99200.0,2025-04-08
2025040805014491,HRL,59,81,857.0,1038.0,889566.0,2025-04-08
2025040801014491,MEHL,5,67,20.0,532.0,10640.0,2025-04-08
2025040803009581,MERO,85,86,83.0,715.0,59345.0,2025-04-08
2025040801014490,KBL,42,25,20.0,209.1,4182.0,2025-04-08
2025040801014489,SMHL,7,65,61.0,915.0,55815.0,2025-04-08
2025040801014488,SMHL,7,18,45.0,914.9,41170.5,2025-04-08
2025040804014396,DHPL,74,52,300.0,382.1,114630.0,2025-04-08
2025040804014395,NGPL,58,34,30.0,265.0,7950.0,2025-04-08
2025040804014394,HPPL,56,34,100.0,620.0,62000.0,2025-04-08
2025040803009580,EDBL,21,49,10.0,620.0,6200.0,2025-04-08
2025040801014487,PCBL,14,21,2000.0,250.3,500600.0,2025-04-08
2025040801014486,MEHL,21,67,200.0,532.0,106400.0,2025-04-08
2025040803009579,SAPDBL,21,72,10.0,1070.0,10700.0,2025-04-08
2025040803009578,CFCL,48,21,50.0,605.1,30255.0,2025-04-08
2025040805014490,HATHY,19,35,30.0,1344.0,40320.0,2025-04-08
2025040805014489,HATHY,19,45,20.0,1344.0,26880.0,2025-04-08
2025040805014488,HATHY,19,51,50.0,1344.0,67200.0,2025-04-08
2025040803009577,MLBL,84,59,183.0,390.0,71370.0,2025-04-08
2025040801014485,GMLI,55,14,10.0,2568.0,25680.0,2025-04-08
2025040805014487,HRL,59,49,243.0,1038.0,252234.0,2025-04-08
2025040801014484,SMH,32,45,50.0,932.0,46600.0,2025-04-08
2025040805014486,HRL,57,49,12.0,1038.0,12456.0,2025-04-08
2025040804014393,GLH,32,36,50.0,237.0,11850.0,2025-04-08
2025040804014392,AKJCL,39,57,350.0,203.2,71120.0,2025-04-08
2025040804014391,AKJCL,39,52,15.0,203.2,3048.0,2025-04-08
2025040804014390,AKJCL,39,99,100.0,203.1,20310.0,2025-04-08
2025040804014389,AKJCL,39,26,200.0,203.0,40600.0,2025-04-08
2025040804014388,AKJCL,39,39,100.0,203.0,20300.0,2025-04-08
2025040804014387,AKJCL,39,57,200.0,203.0,40600.0,2025-04-08
2025040804014386,AKJCL,39,29,300.0,203.0,60900.0,2025-04-08
2025040804014385,AKJCL,39,57,1500.0,203.0,304500.0,2025-04-08
2025040804014384,AKJCL,39,35,50.0,203.0,10150.0,2025-04-08
2025040804014383,AKJCL,39,22,100.0,203.0,20300.0,2025-04-08
2025040804014382,AKJCL,39,42,185.0,203.0,37555.0,2025-04-08
2025040804014381,AKJCL,39,62,760.0,202.9,154204.0,2025-04-08
2025040804014380,AKJCL,39,57,940.0,202.8,190632.0,2025-04-08
2025040804014379,RADHI,39,45,500.0,443.0,221500.0,2025-04-08
2025040801014483,MEHL,16,67,90.0,532.0,47880.0,2025-04-08
2025040801014482,MEHL,16,58,10.0,530.2,5302.0,2025-04-08
2025040804014378,JOSHI,36,58,13.0,371.2,4825.6,2025-04-08
2025040805014485,NRIC,36,91,174.0,1332.1,231785.4,2025-04-08
2025040805014484,NRIC,36,91,76.0,1332.1,101239.6,2025-04-08
2025040803009576,SHINE,91,59,10.0,409.0,4090.0,2025-04-08
2025040801014481,GBIME,48,45,100.0,219.5,21950.0,2025-04-08
2025040805014483,SHIVM,76,58,400.0,526.1,210440.0,2025-04-08
2025040805014482,SONA,13,43,10.0,469.0,4690.0,2025-04-08
2025040801014480,ANLB,37,49,30.0,5090.0,152700.0,2025-04-08
2025040804014377,KKHC,17,45,100.0,340.0,34000.0,2025-04-08
2025040804014376,SICL,56,4,220.0,779.0,171380.0,2025-04-08
2025040804014375,SICL,56,16,100.0,778.9,77890.0,2025-04-08
2025040804014374,SICL,56,66,280.0,778.9,218092.0,2025-04-08
2025040805014481,CLI,56,37,30.0,501.0,15030.0,2025-04-08
2025040801014479,GMLI,55,57,10.0,2568.0,25680.0,2025-04-08
2025040801014478,GMLI,55,58,10.0,2568.0,25680.0,2025-04-08
2025040801014477,GMLI,55,49,10.0,2568.0,25680.0,2025-04-08
2025040801014476,GMLI,55,58,10.0,2568.0,25680.0,2025-04-08
2025040801014475,GMLI,55,58,10.0,2568.0,25680.0,2025-04-08
2025040801014474,GMLI,55,58,20.0,2568.0,51360.0,2025-04-08
2025040801014473,MEHL,42,58,10.0,530.2,5302.0,2025-04-08
2025040804014373,RIDI,29,38,10.0,219.5,2195.0,2025-04-08
2025040804014372,RIDI,29,41,50.0,219.0,10950.0,2025-04-08
2025040803009575,SINDU,38,36,100.0,1107.0,110700.0,2025-04-08
2025040804014371,HEI,63,45,17.0,590.3,10035.1,2025-04-08
2025040801014472,ULBSL,57,45,40.0,3166.0,126640.0,2025-04-08
2025040801014471,ULBSL,58,45,50.0,3166.0,158300.0,2025-04-08
2025040801014470,ULBSL,56,45,30.0,3166.1,94983.0,2025-04-08
2025040801014469,ULBSL,58,45,10.0,3170.0,31700.0,2025-04-08
2025040801014468,ULBSL,49,45,10.0,3185.0,31850.0,2025-04-08
2025040801014467,ULBSL,57,45,10.0,3185.1,31851.0,2025-04-08
2025040801014466,GMLI,55,45,290.0,2567.0,744430.0,2025-04-08
2025040804014370,PMHPL,65,50,350.0,290.0,101500.0,2025-04-08
2025040804014369,PMHPL,65,6,150.0,290.0,43500.0,2025-04-08
2025040801014465,MKHL,26,86,10.0,671.0,6710.0,2025-04-08
2025040801014464,MEHL,6,58,130.0,530.2,68926.0,2025-04-08
2025040801014463,MEHL,6,82,200.0,530.0,106000.0,2025-04-08
2025040801014462,MEHL,6,82,170.0,530.0,90100.0,2025-04-08
2025040801014461,NYADI,41,34,25.0,631.0,15775.0,2025-04-08
2025040801014460,NYADI,41,58,1000.0,631.0,631000.0,2025-04-08
2025040801014459,NYADI,41,6,200.0,631.0,126200.0,2025-04-08
2025040801014458,NYADI,41,3,10.0,620.0,6200.0,2025-04-08
2025040801014457,NYADI,41,58,265.0,620.0,164300.0,2025-04-08
2025040803009574,SADBL,57,7,101.0,402.0,40602.0,2025-04-08
2025040805014480,RNLI,44,43,38.0,533.0,20254.0,2025-04-08
2025040805014479,RNLI,44,35,51.0,532.0,27132.0,2025-04-08
2025040805014478,RNLI,44,25,11.0,530.0,5830.0,2025-04-08
2025040805014477,MEL,91,44,10.0,312.0,3120.0,2025-04-08
2025040804014368,HPPL,98,26,500.0,624.0,312000.0,2025-04-08
2025040804014367,HPPL,98,3,300.0,624.0,187200.0,2025-04-08
2025040801014456,JBLB,34,72,28.0,1317.0,36876.0,2025-04-08
2025040803009573,SKBBL,34,85,21.0,792.0,16632.0,2025-04-08
2025040803009572,SKBBL,34,54,10.0,792.0,7920.0,2025-04-08
2025040803009571,SKBBL,34,51,19.0,792.0,15048.0,2025-04-08
2025040801014455,MEHL,96,34,350.0,520.0,182000.0,2025-04-08
2025040801014454,MEHL,49,34,50.0,520.0,26000.0,2025-04-08
2025040805014476,HRL,56,87,108.0,1039.0,112212.0,2025-04-08
2025040804014366,BARUN,45,60,10.0,511.0,5110.0,2025-04-08
2025040801014453,SCB,65,64,25.0,635.1,15877.5,2025-04-08
2025040804014365,SPDL,64,22,44.0,324.0,14256.0,2025-04-08
2025040804014364,SPDL,64,58,456.0,324.0,147744.0,2025-04-08
2025040801014452,NABIL,62,33,351.0,485.0,170235.0,2025-04-08
2025040801014451,NABIL,62,47,151.0,485.0,73235.0,2025-04-08
2025040801014450,NABIL,62,25,791.0,485.0,383635.0,2025-04-08
2025040801014449,NABIL,62,52,17.0,485.0,8245.0,2025-04-08
2025040801014448,NABIL,62,34,197.0,485.0,95545.0,2025-04-08
2025040801014447,NABIL,62,14,55.0,485.0,26675.0,2025-04-08
2025040801014446,NABIL,62,39,100.0,485.0,48500.0,2025-04-08
2025040801014445,NABIL,62,72,338.0,484.9,163896.2,2025-04-08
2025040803009570,SLBSL,49,14,13.0,1800.0,23400.0,2025-04-08
2025040805014475,HRL,28,44,100.0,1039.9,103990.0,2025-04-08
2025040803009569,SFCL,67,32,20.0,535.1,10702.0,2025-04-08
2025040804014363,SHEL,49,39,500.0,247.0,123500.0,2025-04-08
2025040804014362,RURU,19,57,33.0,711.0,23463.0,2025-04-08
2025040804014361,RURU,14,57,200.0,711.0,142200.0,2025-04-08
2025040804014360,RURU,40,57,200.0,711.0,142200.0,2025-04-08
2025040804014359,RURU,58,57,150.0,713.0,106950.0,2025-04-08
2025040804014358,RURU,8,57,300.0,714.0,214200.0,2025-04-08
2025040804014357,RURU,40,57,50.0,716.0,35800.0,2025-04-08
2025040804014356,RURU,57,57,52.0,717.0,37284.0,2025-04-08
2025040804014355,LEC,4,22,685.0,207.3,142000.5,2025-04-08
2025040804014354,LEC,17,22,200.0,207.4,41480.0,2025-04-08
2025040804014353,LEC,32,22,115.0,207.4,23851.0,2025-04-08
2025040804014352,UAIL,32,38,320.0,628.0,200960.0,2025-04-08
2025040804014351,UMHL,39,40,20.0,458.0,9160.0,2025-04-08
2025040805014474,SAHAS,58,48,500.0,498.1,249050.0,2025-04-08
2025040804014350,HPPL,56,11,100.0,620.0,62000.0,2025-04-08
2025040803009568,MDB,58,49,100.0,620.0,62000.0,2025-04-08
2025040805014473,HRL,56,58,10.0,1039.0,10390.0,2025-04-08
2025040804014349,RADHI,8,58,500.0,442.1,221050.0,2025-04-08
2025040804014348,MHNL,37,43,381.0,259.6,98907.6,2025-04-08
2025040804014347,MHNL,37,42,20.0,259.5,5190.0,2025-04-08
2025040804014346,MHNL,37,53,50.0,257.9,12895.0,2025-04-08
2025040804014345,KPCL,54,37,260.0,517.0,134420.0,2025-04-08
2025040804014344,KPCL,55,37,36.0,517.5,18630.0,2025-04-08
2025040805014472,HRL,56,45,10.0,1039.0,10390.0,2025-04-08
2025040805014471,HRL,56,1,100.0,1039.0,103900.0,2025-04-08
2025040805014470,HRL,56,36,31.0,1039.0,32209.0,2025-04-08
2025040805014469,HRL,56,40,41.0,1038.5,42578.5,2025-04-08
2025040805014468,NRIC,36,55,274.0,1332.1,364995.4,2025-04-08
2025040805014467,NRIC,4,55,100.0,1332.1,133210.0,2025-04-08
2025040805014466,NRIC,66,55,166.0,1333.0,221278.0,2025-04-08
2025040805014465,NRIC,66,55,200.0,1333.0,266600.0,2025-04-08
2025040805014464,NRIC,66,55,180.0,1333.0,239940.0,2025-04-08
2025040805014463,NRIC,57,55,80.0,1333.0,106640.0,2025-04-08
2025040803009567,SFCL,35,10,100.0,537.4,53740.0,2025-04-08
2025040803009566,MNBBL,56,35,112.0,360.0,40320.0,2025-04-08
2025040803009565,MNBBL,26,35,20.0,360.0,7200.0,2025-04-08
2025040805014462,HDL,51,33,26.0,1190.0,30940.0,2025-04-08
2025040805014461,HDL,86,33,100.0,1190.1,119010.0,2025-04-08
2025040805014460,HDL,38,33,50.0,1190.2,59510.0,2025-04-08
2025040805014459,NRIC,57,33,20.0,1333.0,26660.0,2025-04-08
2025040805014458,NRIC,56,33,10.0,1333.0,13330.0,2025-04-08
2025040805014457,NRIC,45,33,10.0,1333.0,13330.0,2025-04-08
2025040801014444,GMLI,55,42,10.0,2567.0,25670.0,2025-04-08
2025040805014456,BBC,42,49,10.0,6149.0,61490.0,2025-04-08
2025040801014443,GMLI,55,42,10.0,2567.0,25670.0,2025-04-08
2025040805014455,NIFRA,42,62,50.0,270.0,13500.0,2025-04-08
2025040805014454,NIFRA,42,41,45.0,270.0,12150.0,2025-04-08
2025040804014343,UMHL,13,40,379.0,458.0,173582.0,2025-04-08
2025040801014442,MEHL,67,82,30.0,530.0,15900.0,2025-04-08
2025040801014441,MEHL,67,57,70.0,530.0,37100.0,2025-04-08
2025040805014453,HRL,57,29,33.0,1038.0,34254.0,2025-04-08
2025040805014452,HRL,14,29,67.0,1038.0,69546.0,2025-04-08
2025040801014440,CZBIL,45,58,214.0,212.9,45560.6,2025-04-08
2025040801014439,CZBIL,45,43,50.0,212.7,10635.0,2025-04-08
2025040801014438,CZBIL,45,25,300.0,212.6,63780.0,2025-04-08
2025040801014437,CZBIL,45,58,1000.0,212.5,212500.0,2025-04-08
2025040801014436,CZBIL,45,45,936.0,212.5,198900.0,2025-04-08
2025040803009564,DDBL,85,21,469.0,776.0,363944.0,2025-04-08
2025040805014451,PHCL,65,65,500.0,585.0,292500.0,2025-04-08
2025040804014342,CHCL,49,74,406.0,472.6,191875.6,2025-04-08
2025040804014341,CHCL,22,74,50.0,472.7,23635.0,2025-04-08
2025040804014340,CHCL,34,74,25.0,472.7,11817.5,2025-04-08
2025040805014450,NTC,6,33,90.0,897.9,80811.0,2025-04-08
2025040804014339,JOSHI,36,41,10.0,371.2,3712.0,2025-04-08
2025040803009563,MLBL,84,94,1720.0,390.9,672348.0,2025-04-08
2025040803009562,MLBL,84,59,200.0,390.8,78160.0,2025-04-08
2025040803009561,MLBL,84,33,80.0,390.8,31264.0,2025-04-08
2025040801014435,GMLI,55,25,10.0,2567.0,25670.0,2025-04-08
2025040804014338,UPCL,67,72,850.0,297.0,252450.0,2025-04-08
2025040801014434,BHL,25,34,100.0,293.1,29310.0,2025-04-08
2025040805014449,SHIVM,38,6,10.0,526.9,5269.0,2025-04-08
2025040804014337,GHL,7,59,370.0,272.0,100640.0,2025-04-08
2025040804014336,GHL,34,59,50.0,272.0,13600.0,2025-04-08
2025040804014335,GHL,57,59,50.0,272.0,13600.0,2025-04-08
2025040804014334,GHL,44,59,30.0,273.0,8190.0,2025-04-08
2025040804014333,UPCL,67,60,250.0,297.0,74250.0,2025-04-08
2025040803009560,PFL,88,47,10.0,428.0,4280.0,2025-04-08
2025040805014448,NRN,88,62,10.0,1677.9,16779.0,2025-04-08
2025040803009559,JFL,53,40,60.0,513.0,30780.0,2025-04-08
2025040803009558,JFL,53,26,100.0,513.0,51300.0,2025-04-08
2025040803009557,JFL,53,16,20.0,512.2,10244.0,2025-04-08
2025040803009556,JFL,53,16,20.0,512.2,10244.0,2025-04-08
2025040804014332,BARUN,45,57,100.0,511.0,51100.0,2025-04-08
2025040801014433,KBL,13,39,228.0,209.0,47652.0,2025-04-08
2025040801014432,KBL,42,39,72.0,209.0,15048.0,2025-04-08
2025040801014431,KBL,55,39,200.0,209.1,41820.0,2025-04-08
2025040804014331,AKPL,35,39,243.0,227.0,55161.0,2025-04-08
2025040803009555,MLBBL,28,57,50.0,1480.1,74005.0,2025-04-08
2025040804014330,AKJCL,57,57,180.0,202.8,36504.0,2025-04-08
2025040804014329,AKJCL,57,32,300.0,202.5,60750.0,2025-04-08
2025040804014328,AKJCL,57,38,20.0,202.5,4050.0,2025-04-08
2025040801014430,SBI,44,91,753.0,416.0,313248.0,2025-04-08
2025040801014429,SBI,14,91,43.0,416.0,17888.0,2025-04-08
2025040805014447,NRIC,48,50,100.0,1334.0,133400.0,2025-04-08
2025040805014446,RMF1,57,43,1000.0,9.0,9000.0,2025-04-08
2025040801014428,NABIL,58,72,20.0,484.9,9698.0,2025-04-08
2025040801014427,DOLTI,58,33,20.0,679.0,13580.0,2025-04-08
2025040804014327,NGPL,58,22,20.0,265.0,5300.0,2025-04-08
2025040801014426,MANDU,58,60,14.0,873.0,12222.0,2025-04-08
2025040801014425,RFPL,8,58,50.0,691.0,34550.0,2025-04-08
2025040801014424,RFPL,38,58,100.0,691.0,69100.0,2025-04-08
2025040801014423,MKHC,56,4,82.0,507.0,41574.0,2025-04-08
2025040801014422,MKHC,56,57,100.0,500.2,50020.0,2025-04-08
2025040801014421,MKHC,56,57,108.0,500.0,54000.0,2025-04-08
2025040801014420,MKHC,56,22,10.0,500.0,5000.0,2025-04-08
2025040805014445,MEL,36,55,10.0,311.5,3115.0,2025-04-08
2025040801014419,GVL,66,8,71.0,490.0,34790.0,2025-04-08
2025040801014418,GVL,6,8,200.0,490.1,98020.0,2025-04-08
2025040801014417,GVL,6,8,60.0,490.2,29412.0,2025-04-08
2025040801014416,GVL,48,8,519.0,491.0,254829.0,2025-04-08
2025040801014415,GVL,6,8,150.0,491.0,73650.0,2025-04-08
2025040801014414,BNHC,47,33,250.0,497.5,124375.0,2025-04-08
2025040801014413,BNHC,47,33,250.0,498.7,124675.0,2025-04-08
2025040801014412,MHL,42,20,920.0,690.0,634800.0,2025-04-08
2025040803009554,SMPDA,38,40,20.0,922.4,18448.0,2025-04-08
2025040803009553,SMPDA,47,40,35.0,923.0,32305.0,2025-04-08
2025040804014326,UMHL,13,36,621.0,458.0,284418.0,2025-04-08
2025040803009552,JBBL,42,13,750.0,336.0,252000.0,2025-04-08
2025040803009551,JBBL,34,13,117.0,336.0,39312.0,2025-04-08
2025040805014444,CIT,45,48,35.0,1949.5,68232.5,2025-04-08
2025040804014325,RADHI,51,45,300.0,443.0,132900.0,2025-04-08
2025040803009550,HLI,17,51,100.0,428.0,42800.0,2025-04-08
2025040803009549,HLI,84,51,300.0,428.1,128430.0,2025-04-08
2025040804014324,SALICO,95,46,10.0,721.0,7210.0,2025-04-08
2025040803009548,NABBC,25,70,17.0,1805.1,30686.7,2025-04-08
2025040805014443,NRN,70,39,75.0,1677.0,125775.0,2025-04-08
2025040804014323,CGH,17,74,50.0,857.1,42855.0,2025-04-08
2025040804014322,UMHL,66,36,300.0,458.0,137400.0,2025-04-08
2025040801014411,MEHL,5,57,50.0,530.0,26500.0,2025-04-08
2025040801014410,TVCL,3,17,9.0,506.0,4554.0,2025-04-08
2025040801014409,TVCL,3,21,61.0,506.0,30866.0,2025-04-08
2025040801014408,TVCL,47,21,10.0,506.1,5061.0,2025-04-08
2025040801014407,TVCL,74,21,398.0,506.6,201626.8,2025-04-08
2025040801014406,TVCL,47,21,10.0,506.6,5066.0,2025-04-08
2025040801014405,TVCL,41,21,21.0,506.8,10642.8,2025-04-08
2025040801014404,H8020,38,4,3411.0,10.5,35815.5,2025-04-08
2025040804014321,BPCL,59,58,48.0,418.0,20064.0,2025-04-08
2025040801014403,H8020,64,4,2800.0,10.5,29400.0,2025-04-08
2025040801014402,MEHL,14,57,150.0,530.0,79500.0,2025-04-08
2025040801014401,MEHL,14,82,200.0,530.0,106000.0,2025-04-08
2025040801014400,MEHL,14,39,15.0,530.0,7950.0,2025-04-08
2025040801014399,MEHL,14,42,10.0,530.0,5300.0,2025-04-08
2025040801014398,MEHL,14,48,125.0,529.9,66237.5,2025-04-08
2025040801014397,BEDC,28,49,90.0,778.0,70020.0,2025-04-08
2025040801014396,BEDC,28,89,90.0,777.9,70011.0,2025-04-08
2025040803009547,SLBSL,49,75,37.0,1800.0,66600.0,2025-04-08
2025040803009546,SLBSL,38,75,100.0,1800.0,180000.0,2025-04-08
2025040803009545,SLBSL,54,75,10.0,1800.0,18000.0,2025-04-08
2025040803009544,SLBSL,38,75,50.0,1800.0,90000.0,2025-04-08
2025040803009543,SLBSL,1,75,28.0,1800.0,50400.0,2025-04-08
2025040803009542,SLBSL,34,75,25.0,1800.1,45002.5,2025-04-08
2025040804014320,RADHI,39,45,500.0,443.0,221500.0,2025-04-08
2025040801014395,NABIL,66,39,15.0,484.0,7260.0,2025-04-08
2025040804014319,HPPL,56,91,814.0,620.0,504680.0,2025-04-08
2025040805014442,SHIVM,32,6,15.0,526.9,7903.5,2025-04-08
2025040803009541,GFCL,45,48,250.0,662.2,165550.0,2025-04-08
2025040804014318,SHPC,57,58,10.0,470.0,4700.0,2025-04-08
2025040804014317,SPDL,21,57,300.0,321.0,96300.0,2025-04-08
2025040804014316,BPCL,59,58,27.0,418.0,11286.0,2025-04-08
2025040801014394,SMHL,58,18,40.0,914.9,36596.0,2025-04-08
2025040801014393,GMLI,55,58,50.0,2567.0,128350.0,2025-04-08
2025040805014441,HRL,14,58,40.0,1038.0,41520.0,2025-04-08
2025040805014440,HIDCL,17,49,2455.0,272.6,669233.0,2025-04-08
2025040805014439,HIDCL,17,53,1545.0,272.0,420240.0,2025-04-08
2025040804014315,HPPL,56,50,200.0,620.0,124000.0,2025-04-08
2025040804014314,API,54,58,50.0,270.0,13500.0,2025-04-08
2025040804014313,NGPL,54,22,250.0,265.0,66250.0,2025-04-08
2025040804014312,HDHPC,68,50,795.0,196.7,156376.5,2025-04-08
2025040804014311,HDHPC,58,50,50.0,197.0,9850.0,2025-04-08
2025040804014310,HDHPC,34,50,30.0,197.0,5910.0,2025-04-08
2025040804014309,HDHPC,11,50,425.0,197.0,83725.0,2025-04-08
2025040804014308,HDHPC,38,50,200.0,197.0,39400.0,2025-04-08
2025040805014438,NRIC,66,50,20.0,1334.0,26680.0,2025-04-08
2025040805014437,NRIC,45,50,40.0,1334.6,53384.0,2025-04-08
2025040801014392,JBLB,42,72,10.0,1317.0,13170.0,2025-04-08
2025040801014391,SNLI,42,71,10.0,635.0,6350.0,2025-04-08
2025040801014390,GMLI,55,13,100.0,2567.0,256700.0,2025-04-08
2025040805014436,HRL,45,36,19.0,1039.0,19741.0,2025-04-08
2025040805014435,HRL,45,53,50.0,1039.0,51950.0,2025-04-08
2025040805014434,HRL,45,81,21.0,1039.0,21819.0,2025-04-08
2025040803009540,WNLB,64,45,20.0,2998.9,59978.0,2025-04-08
2025040803009539,SFCL,47,51,50.0,535.0,26750.0,2025-04-08
2025040805014433,NRN,74,81,60.0,1675.0,100500.0,2025-04-08
2025040805014432,HDL,17,6,200.0,1191.0,238200.0,2025-04-08
2025040801014389,NABIL,1,72,70.0,484.9,33943.0,2025-04-08
2025040804014307,AKPL,35,1,100.0,227.0,22700.0,2025-04-08
2025040805014431,NRN,21,81,200.0,1675.0,335000.0,2025-04-08
2025040805014430,NRN,49,81,40.0,1675.0,67000.0,2025-04-08
2025040805014429,NRIC,5,41,100.0,1334.9,133490.0,2025-04-08
2025040805014428,NIFRA,59,5,300.0,269.9,80970.0,2025-04-08
2025040805014427,SMJC,34,36,10.0,571.2,5712.0,2025-04-08
2025040803009538,SINDU,17,72,36.0,1110.0,39960.0,2025-04-08
2025040803009537,SINDU,7,72,98.0,1110.0,108780.0,2025-04-08
2025040803009536,SINDU,42,72,300.0,1110.0,333000.0,2025-04-08
2025040803009535,SINDU,22,72,12.0,1110.2,13322.4,2025-04-08
2025040803009534,SINDU,58,72,10.0,1111.0,11110.0,2025-04-08
2025040803009533,SINDU,45,72,440.0,1112.0,489280.0,2025-04-08
2025040803009532,SINDU,36,72,300.0,1112.0,333600.0,2025-04-08
2025040803009531,SINDU,41,72,10.0,1112.1,11121.0,2025-04-08
2025040801014388,TAMOR,42,19,40.0,512.0,20480.0,2025-04-08
2025040804014306,CHCL,34,52,30.0,472.8,14184.0,2025-04-08
2025040804014305,RADHI,55,38,50.0,442.0,22100.0,2025-04-08
2025040801014387,NICA,58,38,63.0,373.0,23499.0,2025-04-08
2025040805014426,NIFRA,60,41,10.0,270.0,2700.0,2025-04-08
2025040801014386,GMLI,55,62,332.0,2567.0,852244.0,2025-04-08
2025040803009530,SIFC,56,4,20.0,528.0,10560.0,2025-04-08
2025040804014304,HURJA,47,6,50.0,234.7,11735.0,2025-04-08
2025040804014303,NGPL,34,22,330.0,265.0,87450.0,2025-04-08
2025040801014385,TSHL,57,22,110.0,782.0,86020.0,2025-04-08
2025040805014425,HRL,14,49,10.0,1038.0,10380.0,2025-04-08
2025040801014384,MEHL,16,48,75.0,529.9,39742.5,2025-04-08
2025040801014383,MEHL,16,21,10.0,529.7,5297.0,2025-04-08
2025040801014382,MEHL,16,11,15.0,529.7,7945.5,2025-04-08
2025040803009529,NLIC,16,49,542.0,775.0,420050.0,2025-04-08
2025040803009528,MLBL,84,91,317.0,390.0,123630.0,2025-04-08
2025040803009527,MLBL,44,91,183.0,390.0,71370.0,2025-04-08
2025040804014302,NLG,97,32,95.0,901.0,85595.0,2025-04-08
2025040804014301,CHCL,32,52,100.0,472.8,47280.0,2025-04-08
2025040803009526,KSBBL,66,43,948.0,434.0,411432.0,2025-04-08
2025040801014381,GVL,48,4,80.0,491.9,39352.0,2025-04-08
2025040803009525,JFL,42,48,30.0,511.0,15330.0,2025-04-08
2025040803009524,JFL,11,48,20.0,511.1,10222.0,2025-04-08
2025040801014380,NYADI,58,58,10.0,620.0,6200.0,2025-04-08
2025040804014300,SSHL,58,34,180.0,229.0,41220.0,2025-04-08
2025040804014299,SHPC,43,58,150.0,470.0,70500.0,2025-04-08
2025040804014298,HDHPC,68,49,61.0,198.0,12078.0,2025-04-08
2025040804014297,HDHPC,68,32,272.0,198.0,53856.0,2025-04-08
2025040804014296,AKPL,35,56,200.0,227.0,45400.0,2025-04-08
2025040804014295,MEN,34,35,19.0,578.4,10989.6,2025-04-08
2025040804014294,MEN,57,35,159.0,580.0,92220.0,2025-04-08
2025040804014293,MEN,59,35,600.0,580.0,348000.0,2025-04-08
2025040804014292,MEN,47,35,27.0,580.0,15660.0,2025-04-08
2025040804014291,MEN,17,35,389.0,580.1,225658.9,2025-04-08
2025040803009523,SFCL,47,55,100.0,535.0,53500.0,2025-04-08
2025040805014424,VLUCL,67,48,140.0,658.0,92120.0,2025-04-08
2025040805014423,VLUCL,67,58,10.0,657.0,6570.0,2025-04-08
2025040804014290,RIDI,29,41,10.0,219.0,2190.0,2025-04-08
2025040801014379,SCB,16,42,17.0,635.2,10798.4,2025-04-08
2025040803009522,NFS,42,59,250.0,697.0,174250.0,2025-04-08
2025040803009521,NFS,42,6,10.0,697.0,6970.0,2025-04-08
2025040803009520,PROFL,6,13,200.0,545.0,109000.0,2025-04-08
2025040803009519,PFL,42,47,10.0,428.0,4280.0,2025-04-08
2025040801014378,MEHL,42,11,40.0,529.7,21188.0,2025-04-08
2025040805014422,HRL,14,42,50.0,1038.0,51900.0,2025-04-08
2025040803009518,SFCL,47,42,43.0,535.0,23005.0,2025-04-08
2025040803009517,SFCL,58,42,20.0,535.0,10700.0,2025-04-08
2025040804014289,HPPL,56,58,506.0,620.0,313720.0,2025-04-08
2025040804014288,HPPL,56,58,4000.0,620.0,2480000.0,2025-04-08
2025040804014287,HPPL,56,58,4000.0,620.0,2480000.0,2025-04-08
2025040804014286,HPPL,56,58,4000.0,620.0,2480000.0,2025-04-08
2025040804014285,HPPL,56,58,4032.0,620.0,2499840.0,2025-04-08
2025040804014284,HPPL,56,58,3032.0,620.0,1879840.0,2025-04-08
2025040804014283,HPPL,56,58,4000.0,620.0,2480000.0,2025-04-08
2025040804014282,HPPL,56,58,4000.0,620.0,2480000.0,2025-04-08
2025040804014281,HPPL,56,58,2430.0,620.0,1506600.0,2025-04-08
2025040801014377,TPC,45,14,50.0,519.5,25975.0,2025-04-08
2025040805014421,HRL,14,45,10.0,1038.0,10380.0,2025-04-08
2025040801014376,CITY,14,51,140.0,835.0,116900.0,2025-04-08
2025040801014375,CITY,44,51,100.0,835.0,83500.0,2025-04-08
2025040804014280,IGI,65,45,88.0,563.3,49570.4,2025-04-08
2025040804014279,IGI,41,45,200.0,563.5,112700.0,2025-04-08
2025040804014278,IGI,19,45,102.0,563.6,57487.2,2025-04-08
2025040804014277,UMHL,13,36,400.0,458.0,183200.0,2025-04-08
2025040804014276,UMHL,52,36,20.0,458.0,9160.0,2025-04-08
2025040804014275,UMHL,19,36,500.0,458.0,229000.0,2025-04-08
2025040804014274,UMHL,92,36,159.0,458.0,72822.0,2025-04-08
2025040804014273,UMHL,92,26,20.0,458.0,9160.0,2025-04-08
2025040804014272,TRH,55,70,10.0,1020.0,10200.0,2025-04-08
2025040804014271,TRH,48,70,50.0,1020.0,51000.0,2025-04-08
2025040804014270,TRH,22,70,10.0,1020.0,10200.0,2025-04-08
2025040804014269,TRH,48,70,50.0,1020.0,51000.0,2025-04-08
2025040804014268,HURJA,6,6,50.0,234.7,11735.0,2025-04-08
2025040801014374,GMLI,55,84,10.0,2567.0,25670.0,2025-04-08
2025040803009516,SINDU,34,41,80.0,1113.0,89040.0,2025-04-08
2025040801014373,PRVU,7,14,200.0,211.4,42280.0,2025-04-08
2025040805014420,PHCL,65,92,1300.0,585.0,760500.0,2025-04-08
2025040805014419,PHCL,56,92,200.0,586.0,117200.0,2025-04-08
2025040805014418,HIDCL,92,53,10.0,272.0,2720.0,2025-04-08
2025040805014417,HRL,19,81,479.0,1039.0,497681.0,2025-04-08
2025040805014416,HRL,19,52,10.0,1039.0,10390.0,2025-04-08
2025040805014415,HRL,19,53,300.0,1039.0,311700.0,2025-04-08
2025040805014414,HRL,19,57,100.0,1039.0,103900.0,2025-04-08
2025040805014413,HRL,19,75,41.0,1039.0,42599.0,2025-04-08
2025040805014412,HRL,19,46,70.0,1039.0,72730.0,2025-04-08
2025040803009515,GFCL,34,45,13.0,665.9,8656.7,2025-04-08
2025040801014372,GMLI,55,34,10.0,2567.0,25670.0,2025-04-08
2025040805014411,NRIC,59,29,100.0,1335.0,133500.0,2025-04-08
2025040805014410,HRL,14,62,100.0,1038.0,103800.0,2025-04-08
2025040801014371,GMLI,55,62,618.0,2567.0,1586406.0,2025-04-08
2025040803009514,LICN,28,41,30.0,992.0,29760.0,2025-04-08
2025040805014409,GCIL,61,53,100.0,538.0,53800.0,2025-04-08
2025040805014408,GCIL,8,53,500.0,538.0,269000.0,2025-04-08
2025040805014407,GCIL,11,53,50.0,539.0,26950.0,2025-04-08
2025040804014267,NGPL,34,22,300.0,265.0,79500.0,2025-04-08
2025040803009513,MDB,53,49,11.0,620.0,6820.0,2025-04-08
2025040803009512,GILB,41,16,40.0,1231.1,49244.0,2025-04-08
2025040801014370,ANLB,58,49,50.0,5090.0,254500.0,2025-04-08
2025040801014369,ANLB,72,49,10.0,5091.0,50910.0,2025-04-08
2025040801014368,BHDC,47,49,11.0,570.0,6270.0,2025-04-08
2025040804014266,UPPER,16,66,100.0,199.0,19900.0,2025-04-08
2025040803009511,MNBBL,26,11,30.0,360.0,10800.0,2025-04-08
2025040803009510,NUBL,45,32,171.0,669.0,114399.0,2025-04-08
2025040803009509,NUBL,41,32,50.0,669.0,33450.0,2025-04-08
2025040803009508,NUBL,55,32,15.0,670.0,10050.0,2025-04-08
2025040803009507,NUBL,51,32,30.0,670.0,20100.0,2025-04-08
2025040803009506,NUBL,90,32,200.0,670.0,134000.0,2025-04-08
2025040803009505,NUBL,41,32,15.0,670.0,10050.0,2025-04-08
2025040803009504,NUBL,4,32,64.0,670.0,42880.0,2025-04-08
2025040803009503,NUBL,14,32,75.0,671.0,50325.0,2025-04-08
2025040803009502,NUBL,90,32,30.0,671.1,20133.0,2025-04-08
2025040803009501,NUBL,22,32,30.0,672.0,20160.0,2025-04-08
2025040803009500,NUBL,14,32,80.0,672.1,53768.0,2025-04-08
2025040803009499,NUBL,14,32,40.0,672.1,26884.0,2025-04-08
2025040803009498,NUBL,22,32,30.0,673.0,20190.0,2025-04-08
2025040803009497,MATRI,45,48,50.0,1198.0,59900.0,2025-04-08
2025040805014406,SAHAS,58,48,100.0,498.1,49810.0,2025-04-08
2025040805014405,HATHY,57,57,33.0,1340.0,44220.0,2025-04-08
2025040805014404,HATHY,42,57,17.0,1340.0,22780.0,2025-04-08
2025040805014403,PSF,57,58,100.0,10.15,1015.0,2025-04-08
2025040805014402,PSF,57,34,100.0,10.14,1014.0,2025-04-08
2025040805014401,NIFRA,59,83,54.0,269.9,14574.6,2025-04-08
2025040805014400,NRN,49,58,10.0,1675.0,16750.0,2025-04-08
2025040805014399,NRN,58,58,35.0,1675.0,58625.0,2025-04-08
2025040805014398,PHCL,56,94,10.0,588.0,5880.0,2025-04-08
2025040804014265,NGPL,33,45,450.0,266.0,119700.0,2025-04-08
2025040804014264,NGPL,33,25,350.0,266.0,93100.0,2025-04-08
2025040801014367,GMLI,55,70,1000.0,2567.0,2567000.0,2025-04-08
2025040804014263,SHEL,90,39,200.0,247.0,49400.0,2025-04-08
2025040801014366,MEHL,5,11,245.0,529.7,129776.5,2025-04-08
2025040801014365,MEHL,5,6,355.0,529.0,187795.0,2025-04-08
2025040803009496,DDBL,41,21,50.0,776.0,38800.0,2025-04-08
2025040804014262,RIDI,50,41,550.0,218.7,120285.0,2025-04-08
2025040801014364,GMLI,55,7,280.0,2567.0,718760.0,2025-04-08
2025040801014363,GWFD83,7,46,2.0,1190.9,2381.8,2025-04-08
2025040805014397,SHIVM,25,6,50.0,526.9,26345.0,2025-04-08
2025040805014396,ILI,57,44,12.0,463.0,5556.0,2025-04-08
2025040804014261,HDHPC,38,25,120.0,197.0,23640.0,2025-04-08
2025040801014362,PRSF,41,25,2000.0,10.25,20500.0,2025-04-08
2025040801014361,PRSF,7,25,100.0,10.26,1026.0,2025-04-08
2025040803009495,BFC,52,66,120.0,559.0,67080.0,2025-04-08
2025040804014260,OHL,21,45,24.0,874.5,20988.0,2025-04-08
2025040804014259,SPIL,38,11,50.0,830.0,41500.0,2025-04-08
2025040804014258,SPIL,38,80,50.0,829.9,41495.0,2025-04-08
2025040803009494,SJLIC,47,38,65.0,441.0,28665.0,2025-04-08
2025040803009493,SJLIC,4,38,50.0,441.0,22050.0,2025-04-08
2025040803009492,SJLIC,51,38,150.0,441.3,66195.0,2025-04-08
2025040803009491,SJLIC,43,38,440.0,441.3,194172.0,2025-04-08
2025040803009490,SJLIC,43,38,525.0,441.5,231787.5,2025-04-08
2025040803009489,SJLIC,25,38,120.0,441.6,52992.0,2025-04-08
2025040803009488,SJLIC,41,38,400.0,442.0,176800.0,2025-04-08
2025040801014360,MEHL,38,6,145.0,529.0,76705.0,2025-04-08
2025040801014359,MEHL,38,41,100.0,529.0,52900.0,2025-04-08
2025040801014358,MEHL,38,42,255.0,529.0,134895.0,2025-04-08
2025040805014395,NTC,34,33,10.0,897.9,8979.0,2025-04-08
2025040805014394,NTC,34,41,50.0,897.7,44885.0,2025-04-08
2025040804014257,SPDL,64,58,44.0,324.0,14256.0,2025-04-08
2025040804014256,SPDL,64,75,200.0,323.9,64780.0,2025-04-08
2025040804014255,SPDL,64,48,55.0,323.5,17792.5,2025-04-08
2025040804014254,SPDL,64,29,201.0,323.5,65023.5,2025-04-08
2025040804014253,UMHL,92,14,121.0,458.0,55418.0,2025-04-08
2025040804014252,UMHL,3,14,279.0,458.0,127782.0,2025-04-08
2025040801014357,MAKAR,28,22,10.0,705.0,7050.0,2025-04-08
2025040805014393,NRN,88,81,10.0,1678.0,16780.0,2025-04-08
2025040803009487,MDB,53,33,20.0,620.0,12400.0,2025-04-08
2025040803009486,MDB,53,49,369.0,620.0,228780.0,2025-04-08
2025040804014251,CHCL,22,52,200.0,472.8,94560.0,2025-04-08
2025040801014356,MEHL,16,42,45.0,529.0,23805.0,2025-04-08
2025040801014355,MEHL,16,44,120.0,528.8,63456.0,2025-04-08
2025040801014354,MEHL,16,22,10.0,528.3,5283.0,2025-04-08
2025040801014353,MEHL,16,42,10.0,528.0,5280.0,2025-04-08
2025040801014352,MEHL,16,82,200.0,528.0,105600.0,2025-04-08
2025040801014351,MEHL,16,48,115.0,528.0,60720.0,2025-04-08
2025040803009485,SINDU,49,99,10.0,1113.5,11135.0,2025-04-08
2025040805014392,HATHY,17,51,30.0,1344.0,40320.0,2025-04-08
2025040804014250,UAIL,17,38,50.0,628.0,31400.0,2025-04-08
2025040804014249,CHL,94,58,225.0,456.3,102667.5,2025-04-08
2025040801014350,GMLI,55,58,441.0,2567.0,1132047.0,2025-04-08
2025040803009484,RLFL,35,42,30.0,533.0,15990.0,2025-04-08
2025040803009483,PMLI,13,35,657.0,550.2,361481.4,2025-04-08
2025040803009482,RLFL,48,42,305.0,533.0,162565.0,2025-04-08
2025040803009481,RLFL,62,42,20.0,533.1,10662.0,2025-04-08
2025040804014248,BARUN,45,44,221.0,511.0,112931.0,2025-04-08
2025040804014247,BARUN,45,10,100.0,511.0,51100.0,2025-04-08
2025040804014246,BARUN,45,6,800.0,511.0,408800.0,2025-04-08
2025040804014245,BARUN,45,64,111.0,510.9,56709.9,2025-04-08
2025040804014244,BARUN,45,35,168.0,510.8,85814.4,2025-04-08
2025040804014243,BARUN,45,39,100.0,510.0,51000.0,2025-04-08
2025040805014391,ENL,56,45,40.0,1183.1,47324.0,2025-04-08
2025040805014390,ENL,59,45,50.0,1183.2,59160.0,2025-04-08
2025040805014389,ENL,28,45,20.0,1183.3,23666.0,2025-04-08
2025040805014388,ENL,3,45,40.0,1183.4,47336.0,2025-04-08
2025040805014387,ENL,69,45,200.0,1183.5,236700.0,2025-04-08
2025040805014386,ENL,59,45,16.0,1183.6,18937.6,2025-04-08
2025040805014385,ENL,57,45,30.0,1185.0,35550.0,2025-04-08
2025040805014384,ENL,39,45,10.0,1185.5,11855.0,2025-04-08
2025040805014383,ENL,60,45,10.0,1190.0,11900.0,2025-04-08
2025040805014382,ENL,54,45,10.0,1200.0,12000.0,2025-04-08
2025040805014381,ENL,57,45,24.0,1200.0,28800.0,2025-04-08
2025040805014380,ENL,34,45,50.0,1200.1,60005.0,2025-04-08
2025040801014349,SPC,36,26,19.0,521.0,9899.0,2025-04-08
2025040804014242,UPPER,41,66,50.0,199.0,9950.0,2025-04-08
2025040803009480,JBBL,34,44,33.0,336.0,11088.0,2025-04-08
2025040801014348,PCBL,49,25,200.0,250.5,50100.0,2025-04-08
2025040801014347,BHL,25,34,25.0,293.1,7327.5,2025-04-08
2025040803009479,SFCL,58,80,110.0,535.0,58850.0,2025-04-08
2025040805014379,HATHY,34,51,10.0,1344.0,13440.0,2025-04-08
2025040805014378,NIFRA,59,62,64.0,269.9,17273.6,2025-04-08
2025040804014241,UMRH,76,58,10.0,598.0,5980.0,2025-04-08
2025040805014377,HIDCL,22,47,1330.0,269.2,358036.0,2025-04-08
2025040805014376,HIDCL,68,47,3170.0,269.3,853681.0,2025-04-08
2025040805014375,NRIC,71,29,300.0,1335.0,400500.0,2025-04-08
2025040805014374,HRL,39,46,50.0,1039.0,51950.0,2025-04-08
2025040804014240,DHPL,74,22,23.0,382.1,8788.3,2025-04-08
2025040801014346,DORDI,22,17,10.0,370.0,3700.0,2025-04-08
2025040805014373,NRN,36,81,190.0,1678.0,318820.0,2025-04-08
2025040805014372,NRN,36,58,450.0,1678.0,755100.0,2025-04-08
2025040805014371,NRN,36,45,20.0,1678.0,33560.0,2025-04-08
2025040805014370,NRN,36,58,40.0,1678.0,67120.0,2025-04-08
2025040805014369,NRN,36,19,150.0,1678.0,251700.0,2025-04-08
2025040805014368,NRN,36,58,150.0,1678.0,251700.0,2025-04-08
2025040801014345,KBL,49,36,12.0,209.2,2510.4,2025-04-08
2025040805014367,HRL,14,16,20.0,1038.0,20760.0,2025-04-08
2025040804014239,UPPER,54,32,40.0,198.3,7932.0,2025-04-08
2025040801014344,ANLB,72,32,10.0,5091.0,50910.0,2025-04-08
2025040804014238,SHEL,32,39,100.0,247.0,24700.0,2025-04-08
2025040801014343,MKJC,6,48,10.0,552.8,5528.0,2025-04-08
2025040804014237,API,48,58,50.0,270.0,13500.0,2025-04-08
2025040804014236,NGPL,34,48,85.0,265.0,22525.0,2025-04-08
2025040804014235,NGPL,34,57,20.0,265.0,5300.0,2025-04-08
2025040804014234,NGPL,57,25,50.0,266.0,13300.0,2025-04-08
2025040804014233,HPPL,56,99,139.0,620.0,86180.0,2025-04-08
2025040804014232,HPPL,82,99,861.0,622.0,535542.0,2025-04-08
2025040804014231,HURJA,45,99,400.0,234.0,93600.0,2025-04-08
2025040804014230,HURJA,5,99,100.0,234.5,23450.0,2025-04-08
2025040804014229,UMHL,3,17,200.0,458.0,91600.0,2025-04-08
2025040804014228,KPCL,35,37,20.0,518.0,10360.0,2025-04-08
2025040803009478,LICN,22,56,450.0,990.2,445590.0,2025-04-08
2025040803009477,LICN,22,56,10.0,990.2,9902.0,2025-04-08
2025040803009476,LICN,32,56,60.0,990.3,59418.0,2025-04-08
2025040801014342,NYADI,59,58,10.0,597.0,5970.0,2025-04-08
2025040801014341,NYADI,58,58,10.0,620.0,6200.0,2025-04-08
2025040804014227,PMHPL,58,1,10.0,289.0,2890.0,2025-04-08
2025040804014226,UPPER,58,66,240.0,199.0,47760.0,2025-04-08
2025040804014225,UPPER,58,11,260.0,199.0,51740.0,2025-04-08
2025040803009475,SMB,46,35,40.0,2451.0,98040.0,2025-04-08
2025040801014340,NMB,35,43,23.0,252.8,5814.4,2025-04-08
2025040804014224,RADHI,55,40,56.0,442.0,24752.0,2025-04-08
2025040801014339,MEHL,42,48,85.0,528.0,44880.0,2025-04-08
2025040801014338,MEHL,42,38,265.0,528.0,139920.0,2025-04-08
2025040803009474,MFIL,42,52,25.0,603.0,15075.0,2025-04-08
2025040801014337,UHEWA,42,33,22.0,670.0,14740.0,2025-04-08
2025040803009473,LICN,42,7,90.0,992.0,89280.0,2025-04-08
2025040801014336,MEHL,51,38,35.0,528.0,18480.0,2025-04-08
2025040801014335,MEHL,51,48,65.0,527.0,34255.0,2025-04-08
2025040805014366,NRIC,45,29,50.0,1335.0,66750.0,2025-04-08
2025040803009472,EDBL,59,45,50.0,617.1,30855.0,2025-04-08
2025040805014365,CHDC,99,82,30.0,2367.0,71010.0,2025-04-08
2025040801014334,GMLI,5,22,10.0,2568.0,25680.0,2025-04-08
2025040801014333,GMLI,5,69,40.0,2568.0,102720.0,2025-04-08
2025040803009471,GMFBS,61,47,14.0,1629.9,22818.6,2025-04-08
2025040805014364,MBJC,41,35,10.0,318.0,3180.0,2025-04-08
2025040803009470,SKBBL,45,25,27.0,790.0,21330.0,2025-04-08
2025040803009469,SWMF,25,56,21.0,728.0,15288.0,2025-04-08
2025040801014332,MBL,42,59,500.0,228.3,114150.0,2025-04-08
2025040805014363,HRL,34,46,300.0,1039.0,311700.0,2025-04-08
2025040805014362,HRL,28,46,10.0,1039.0,10390.0,2025-04-08
2025040804014223,MEN,17,53,111.0,580.1,64391.1,2025-04-08
2025040804014222,MEN,16,53,89.0,581.0,51709.0,2025-04-08
2025040801014331,SANIMA,11,46,1091.0,299.0,326209.0,2025-04-08
2025040801014330,SANIMA,4,46,1000.0,299.1,299100.0,2025-04-08
2025040801014329,SANIMA,34,46,280.0,299.3,83804.0,2025-04-08
2025040801014328,SANIMA,14,46,100.0,299.5,29950.0,2025-04-08
2025040801014327,SANIMA,52,46,20.0,300.0,6000.0,2025-04-08
2025040801014326,SANIMA,42,46,65.0,300.0,19500.0,2025-04-08
2025040804014221,UMHL,39,82,200.0,459.0,91800.0,2025-04-08
2025040803009468,SLBSL,49,91,20.0,1825.0,36500.0,2025-04-08
2025040804014220,TRH,38,16,10.0,1020.1,10201.0,2025-04-08
2025040804014219,TRH,44,16,100.0,1021.0,102100.0,2025-04-08
2025040804014218,SICL,17,48,50.0,778.4,38920.0,2025-04-08
2025040804014217,KKHC,57,45,50.0,340.0,17000.0,2025-04-08
2025040801014325,MEHL,57,48,135.0,527.0,71145.0,2025-04-08
2025040801014324,MEHL,57,82,100.0,527.0,52700.0,2025-04-08
2025040801014323,MEHL,57,39,10.0,527.0,5270.0,2025-04-08
2025040801014322,MEHL,57,41,100.0,527.0,52700.0,2025-04-08
2025040801014321,MEHL,57,56,10.0,526.3,5263.0,2025-04-08
2025040801014320,MEHL,57,90,100.0,526.0,52600.0,2025-04-08
2025040801014319,MEHL,57,53,10.0,526.0,5260.0,2025-04-08
2025040801014318,MEHL,57,82,35.0,525.0,18375.0,2025-04-08
2025040801014317,PCBL,57,45,82.0,251.0,20582.0,2025-04-08
2025040801014316,PCBL,57,6,200.0,251.0,50200.0,2025-04-08
2025040801014315,PCBL,57,34,52.0,251.0,13052.0,2025-04-08
2025040801014314,PCBL,57,50,106.0,251.0,26606.0,2025-04-08
2025040801014313,PCBL,57,43,60.0,250.9,15054.0,2025-04-08
2025040801014312,SMHL,58,65,10.0,915.0,9150.0,2025-04-08
2025040803009467,LICN,26,58,10.0,991.0,9910.0,2025-04-08
2025040804014216,CGH,64,58,40.0,857.5,34300.0,2025-04-08
2025040803009466,SINDU,55,48,20.0,1114.0,22280.0,2025-04-08
2025040803009465,BFC,36,55,560.0,558.0,312480.0,2025-04-08
2025040803009464,NFS,40,16,200.0,697.8,139560.0,2025-04-08
2025040801014311,MEHL,29,82,15.0,525.0,7875.0,2025-04-08
2025040801014310,MEHL,29,43,50.0,525.0,26250.0,2025-04-08
2025040801014309,MEHL,29,58,10.0,525.0,5250.0,2025-04-08
2025040801014308,MEHL,29,54,425.0,525.0,223125.0,2025-04-08
2025040804014215,SHEL,50,45,120.0,246.3,29556.0,2025-04-08
2025040804014214,SHEL,11,45,30.0,246.4,7392.0,2025-04-08
2025040801014307,MEHL,6,54,75.0,525.0,39375.0,2025-04-08
2025040801014306,MEHL,6,16,80.0,525.0,42000.0,2025-04-08
2025040801014305,MEHL,6,41,100.0,525.0,52500.0,2025-04-08
2025040801014304,MEHL,6,39,10.0,524.0,5240.0,2025-04-08
2025040801014303,MEHL,6,51,10.0,523.0,5230.0,2025-04-08
2025040801014302,MEHL,6,45,10.0,523.0,5230.0,2025-04-08
2025040801014301,MEHL,6,57,30.0,520.9,15627.0,2025-04-08
2025040801014300,MEHL,6,82,65.0,520.0,33800.0,2025-04-08
2025040801014299,MEHL,6,46,120.0,520.0,62400.0,2025-04-08
2025040804014213,UAIL,1,38,100.0,628.0,62800.0,2025-04-08
2025040803009463,MFIL,38,52,50.0,603.0,30150.0,2025-04-08
2025040804014212,HDHPC,38,94,170.0,197.0,33490.0,2025-04-08
2025040804014211,HDHPC,57,94,100.0,197.0,19700.0,2025-04-08
2025040804014210,HDHPC,38,94,500.0,197.1,98550.0,2025-04-08
2025040804014209,HDHPC,88,94,500.0,197.1,98550.0,2025-04-08
2025040804014208,HDHPC,34,94,20.0,197.1,3942.0,2025-04-08
2025040804014207,HDHPC,88,94,300.0,197.2,59160.0,2025-04-08
2025040804014206,HDHPC,13,94,30.0,197.4,5922.0,2025-04-08
2025040804014205,HDHPC,42,94,980.0,197.5,193550.0,2025-04-08
2025040804014204,HDHPC,58,94,100.0,197.6,19760.0,2025-04-08
2025040804014203,UNHPL,34,45,100.0,308.0,30800.0,2025-04-08
2025040804014202,RADHI,39,45,500.0,442.0,221000.0,2025-04-08
2025040801014298,BEDC,11,49,150.0,778.0,116700.0,2025-04-08
2025040804014201,CHCL,43,52,100.0,472.8,47280.0,2025-04-08
2025040804014200,BARUN,48,32,845.0,509.0,430105.0,2025-04-08
2025040804014199,BARUN,89,32,485.0,510.0,247350.0,2025-04-08
2025040804014198,BARUN,58,32,100.0,510.1,51010.0,2025-04-08
2025040803009462,SINDU,38,48,50.0,1114.0,55700.0,2025-04-08
2025040803009461,SINDU,7,48,15.0,1114.0,16710.0,2025-04-08
2025040803009460,SINDU,4,48,100.0,1114.0,111400.0,2025-04-08
2025040803009459,RLFL,62,57,100.0,533.1,53310.0,2025-04-08
2025040801014297,LSL,58,35,104.0,221.0,22984.0,2025-04-08
2025040801014296,LSL,58,44,10.0,221.0,2210.0,2025-04-08
2025040801014295,LSL,58,29,500.0,221.0,110500.0,2025-04-08
2025040801014294,LSL,58,42,239.0,221.0,52819.0,2025-04-08
2025040801014293,LSL,58,52,300.0,220.0,66000.0,2025-04-08
2025040801014292,LSL,58,17,72.0,220.0,15840.0,2025-04-08
2025040801014291,LSL,58,7,50.0,220.0,11000.0,2025-04-08
2025040801014290,LSL,58,34,50.0,220.0,11000.0,2025-04-08
2025040801014289,LSL,58,29,500.0,220.0,110000.0,2025-04-08
2025040801014288,LSL,58,48,175.0,220.0,38500.0,2025-04-08
2025040804014197,GHL,50,39,410.0,274.8,112668.0,2025-04-08
2025040804014196,GHL,50,8,90.0,274.8,24732.0,2025-04-08
2025040804014195,GHL,50,41,400.0,274.0,109600.0,2025-04-08
2025040801014287,NIMB,56,48,100.0,216.0,21600.0,2025-04-08
2025040801014286,MEHL,56,46,500.0,520.0,260000.0,2025-04-08
2025040804014194,HURJA,45,56,425.0,234.0,99450.0,2025-04-08
2025040804014193,HURJA,6,56,25.0,234.0,5850.0,2025-04-08
2025040805014361,MBJC,50,77,400.0,314.1,125640.0,2025-04-08
2025040805014360,MBJC,40,77,100.0,314.1,31410.0,2025-04-08
2025040805014359,MBJC,7,77,110.0,314.2,34562.0,2025-04-08
2025040805014358,MBJC,5,77,90.0,314.5,28305.0,2025-04-08
2025040805014357,MBJC,48,77,100.0,314.6,31460.0,2025-04-08
2025040805014356,MBJC,25,77,10.0,314.6,3146.0,2025-04-08
2025040805014355,MBJC,32,77,190.0,315.0,59850.0,2025-04-08
2025040803009458,LICN,58,7,35.0,992.0,34720.0,2025-04-08
2025040805014354,HRL,14,35,256.0,1038.0,265728.0,2025-04-08
2025040804014192,NGPL,33,25,600.0,266.0,159600.0,2025-04-08
2025040804014191,NGPL,33,50,1400.0,266.0,372400.0,2025-04-08
2025040801014285,JBLB,36,29,21.0,1316.7,27650.7,2025-04-08
2025040803009457,LICN,42,7,100.0,992.0,99200.0,2025-04-08
2025040805014353,HIDCL,68,42,1830.0,269.3,492819.0,2025-04-08
2025040801014284,CKHL,42,36,100.0,699.0,69900.0,2025-04-08
2025040804014190,UMRH,25,10,83.0,594.0,49302.0,2025-04-08
2025040804014189,UMRH,14,10,50.0,594.0,29700.0,2025-04-08
2025040804014188,UMRH,21,10,10.0,594.0,5940.0,2025-04-08
2025040804014187,UMRH,45,10,50.0,595.0,29750.0,2025-04-08
2025040804014186,UMRH,21,10,57.0,595.0,33915.0,2025-04-08
2025040804014185,UMRH,38,10,10.0,595.1,5951.0,2025-04-08
2025040804014184,UMRH,42,10,100.0,595.1,59510.0,2025-04-08
2025040804014183,UMRH,51,10,30.0,596.0,17880.0,2025-04-08
2025040804014182,UMRH,21,10,10.0,596.1,5961.0,2025-04-08
2025040804014181,UMRH,5,10,100.0,597.0,59700.0,2025-04-08
2025040804014180,UMRH,52,10,100.0,597.0,59700.0,2025-04-08
2025040804014179,HPPL,82,91,1000.0,622.0,622000.0,2025-04-08
2025040804014178,HPPL,82,14,139.0,622.0,86458.0,2025-04-08
2025040803009456,SHINE,29,66,279.0,407.5,113692.5,2025-04-08
2025040803009455,SHINE,14,66,110.0,408.0,44880.0,2025-04-08
2025040803009454,SHINE,42,66,510.0,408.0,208080.0,2025-04-08
2025040803009453,SHINE,59,66,50.0,409.0,20450.0,2025-04-08
2025040803009452,SHINE,44,66,51.0,409.0,20859.0,2025-04-08
2025040804014177,CHCL,1,52,50.0,472.8,23640.0,2025-04-08
2025040805014352,HDL,6,6,2.0,1190.0,2380.0,2025-04-08
2025040805014351,HDL,6,1,28.0,1190.0,33320.0,2025-04-08
2025040805014350,HDL,13,1,10.0,1190.0,11900.0,2025-04-08
2025040805014349,HDL,11,1,162.0,1190.0,192780.0,2025-04-08
2025040803009451,MDB,41,49,100.0,620.0,62000.0,2025-04-08
2025040804014176,UMHL,3,6,21.0,458.0,9618.0,2025-04-08
2025040804014175,LEC,59,18,10.0,208.9,2089.0,2025-04-08
2025040805014348,CIT,52,38,50.0,1949.0,97450.0,2025-04-08
2025040801014283,MKCL,34,56,10.0,1619.0,16190.0,2025-04-08
2025040801014282,MKCL,34,57,10.0,1618.0,16180.0,2025-04-08
2025040801014281,MKCL,34,11,50.0,1617.0,80850.0,2025-04-08
2025040801014280,MKCL,34,34,10.0,1616.0,16160.0,2025-04-08
2025040805014347,MEL,36,34,260.0,311.5,80990.0,2025-04-08
2025040805014346,MEL,44,34,100.0,311.6,31160.0,2025-04-08
2025040805014345,MEL,52,34,40.0,313.0,12520.0,2025-04-08
2025040803009450,SIFC,56,18,100.0,528.0,52800.0,2025-04-08
2025040805014344,NRIC,71,29,300.0,1335.0,400500.0,2025-04-08
2025040805014343,HRL,14,91,107.0,1038.0,111066.0,2025-04-08
2025040805014342,NRN,58,22,100.0,1675.0,167500.0,2025-04-08
2025040804014174,API,16,58,190.0,270.0,51300.0,2025-04-08
2025040801014279,TSHL,57,49,100.0,782.0,78200.0,2025-04-08
2025040805014341,ILI,57,43,30.0,463.0,13890.0,2025-04-08
2025040801014278,GMLI,55,48,10.0,2567.0,25670.0,2025-04-08
2025040803009449,SINDU,48,72,85.0,1115.0,94775.0,2025-04-08
2025040805014340,SMJC,47,77,25.0,570.0,14250.0,2025-04-08
2025040805014339,SMJC,34,77,85.0,570.5,48492.5,2025-04-08
2025040805014338,SMJC,38,77,440.0,571.1,251284.0,2025-04-08
2025040805014337,NRN,58,56,315.0,1675.0,527625.0,2025-04-08
2025040801014277,SMHL,43,65,24.0,915.0,21960.0,2025-04-08
2025040805014336,BBC,45,42,34.0,6072.0,206448.0,2025-04-08
2025040805014335,NRIC,51,29,100.0,1335.0,133500.0,2025-04-08
2025040804014173,CHL,58,70,150.0,457.0,68550.0,2025-04-08
2025040804014172,CHL,38,70,220.0,457.0,100540.0,2025-04-08
2025040804014171,CHL,42,70,10.0,458.0,4580.0,2025-04-08
2025040801014276,GMLI,71,69,10.0,2568.0,25680.0,2025-04-08
2025040805014334,CHDC,99,81,35.0,2367.0,82845.0,2025-04-08
2025040805014333,HDL,56,84,110.0,1192.0,131120.0,2025-04-08
2025040805014332,HDL,49,84,72.0,1192.0,85824.0,2025-04-08
2025040804014170,UMHL,25,6,79.0,458.0,36182.0,2025-04-08
2025040804014169,UMHL,25,45,250.0,458.0,114500.0,2025-04-08
2025040804014168,UMHL,25,32,71.0,458.0,32518.0,2025-04-08
2025040805014331,HDL,94,26,40.0,1193.8,47752.0,2025-04-08
2025040805014330,NIFRA,59,5,458.0,269.9,123614.2,2025-04-08
2025040805014329,NIFRA,59,34,100.0,269.5,26950.0,2025-04-08
2025040801014275,RFPL,41,60,250.0,690.4,172600.0,2025-04-08
2025040801014274,RFPL,47,60,50.0,690.4,34520.0,2025-04-08
2025040804014167,UMRH,76,58,10.0,598.0,5980.0,2025-04-08
2025040805014328,NRN,14,56,60.0,1675.0,100500.0,2025-04-08
2025040805014327,CHDC,4,19,45.0,2370.0,106650.0,2025-04-08
2025040801014273,GMLI,71,39,10.0,2568.0,25680.0,2025-04-08
2025040804014166,GHL,16,8,10.0,274.8,2748.0,2025-04-08
2025040801014272,NABIL,16,32,50.0,484.2,24210.0,2025-04-08
2025040801014271,GBIME,49,45,75.0,219.5,16462.5,2025-04-08
2025040803009448,KSBBL,66,32,52.0,434.0,22568.0,2025-04-08
2025040803009447,KSBBL,66,32,198.0,434.0,85932.0,2025-04-08
2025040805014326,NRN,20,48,50.0,1673.0,83650.0,2025-04-08
2025040805014325,NRN,28,48,250.0,1674.0,418500.0,2025-04-08
2025040801014270,GMLI,71,68,200.0,2568.0,513600.0,2025-04-08
2025040804014165,HPPL,56,58,1431.0,620.0,887220.0,2025-04-08
2025040804014164,HPPL,56,58,3169.0,620.0,1964780.0,2025-04-08
2025040804014163,HPPL,74,58,400.0,620.1,248040.0,2025-04-08
2025040801014269,SCB,16,13,61.0,635.2,38747.2,2025-04-08
2025040801014268,SCB,51,13,50.0,635.2,31760.0,2025-04-08
2025040803009446,EDBL,13,34,100.0,620.9,62090.0,2025-04-08
2025040805014324,NRIC,80,29,146.0,1335.0,194910.0,2025-04-08
2025040805014323,PHCL,65,65,1000.0,585.0,585000.0,2025-04-08
2025040801014267,SARBTM,26,58,10.0,794.0,7940.0,2025-04-08
2025040803009445,SAPDBL,41,26,12.0,1067.0,12804.0,2025-04-08
2025040803009444,SAPDBL,45,26,10.0,1068.0,10680.0,2025-04-08
2025040803009443,SAPDBL,49,26,30.0,1069.0,32070.0,2025-04-08
2025040803009442,SAPDBL,78,26,18.0,1069.0,19242.0,2025-04-08
2025040804014162,HURJA,25,70,35.0,234.5,8207.5,2025-04-08
2025040804014161,NICL,49,45,46.0,806.0,37076.0,2025-04-08
2025040804014160,UAIL,1,38,100.0,628.0,62800.0,2025-04-08
2025040804014159,AHPC,41,36,100.0,251.5,25150.0,2025-04-08
2025040803009441,ICFC,41,44,10.0,601.0,6010.0,2025-04-08
2025040801014266,SPL,57,7,45.0,885.0,39825.0,2025-04-08
2025040803009440,SAPDBL,98,72,10.0,1070.0,10700.0,2025-04-08
2025040803009439,SAPDBL,7,72,20.0,1070.0,21400.0,2025-04-08
2025040804014158,SPDL,21,29,10.0,323.5,3235.0,2025-04-08
2025040805014322,NRIC,80,38,100.0,1335.0,133500.0,2025-04-08
2025040803009438,SHINE,44,59,200.0,409.0,81800.0,2025-04-08
2025040805014321,RNLI,52,5,1.0,520.0,520.0,2025-04-08
2025040801014265,IHL,60,43,10.0,667.9,6679.0,2025-04-08
2025040804014157,JOSHI,48,38,31.0,372.0,11532.0,2025-04-08
2025040804014156,SSHL,38,42,100.0,229.0,22900.0,2025-04-08
2025040801014264,BGWT,74,38,50.0,1005.0,50250.0,2025-04-08
2025040803009437,SINDU,36,72,50.0,1115.0,55750.0,2025-04-08
2025040805014320,HRL,14,58,340.0,1038.0,352920.0,2025-04-08
2025040801014263,KBL,55,14,300.0,209.1,62730.0,2025-04-08
2025040801014262,MAKAR,60,4,20.0,695.0,13900.0,2025-04-08
2025040801014261,MEHL,11,46,380.0,520.0,197600.0,2025-04-08
2025040801014260,MEHL,11,14,20.0,519.8,10396.0,2025-04-08
2025040805014319,RNLI,16,57,11.0,527.5,5802.5,2025-04-08
2025040804014155,UAIL,32,38,100.0,628.0,62800.0,2025-04-08
2025040801014259,GMLI,71,57,10.0,2568.0,25680.0,2025-04-08
2025040801014258,MKHC,77,57,370.0,499.0,184630.0,2025-04-08
2025040804014154,GLH,57,36,44.0,237.0,10428.0,2025-04-08
2025040804014153,UMHL,57,32,29.0,458.0,13282.0,2025-04-08
2025040804014152,UMHL,57,38,47.0,458.0,21526.0,2025-04-08
2025040804014151,UMHL,57,38,924.0,458.0,423192.0,2025-04-08
2025040805014318,SHIVM,58,6,50.0,526.9,26345.0,2025-04-08
2025040805014317,SMJC,38,13,50.0,571.1,28555.0,2025-04-08
2025040801014257,SMHL,43,65,301.0,915.0,275415.0,2025-04-08
2025040801014256,SMHL,32,65,79.0,915.1,72292.9,2025-04-08
2025040801014255,TAMOR,65,65,710.0,510.2,362242.0,2025-04-08
2025040801014254,TAMOR,45,65,290.0,510.3,147987.0,2025-04-08
2025040801014253,SNLI,42,39,20.0,634.9,12698.0,2025-04-08
2025040804014150,SSHL,49,42,500.0,229.0,114500.0,2025-04-08
2025040801014252,KBSH,51,19,11.0,2199.9,24198.9,2025-04-08
2025040801014251,KBSH,51,59,10.0,2199.9,21999.0,2025-04-08
2025040801014250,KBSH,51,4,29.0,2199.8,63794.2,2025-04-08
2025040803009436,RLFL,62,45,240.0,533.1,127944.0,2025-04-08
2025040804014149,JOSHI,48,45,100.0,372.0,37200.0,2025-04-08
2025040805014316,NRN,45,56,25.0,1675.0,41875.0,2025-04-08
2025040805014315,NRN,45,54,25.0,1675.0,41875.0,2025-04-08
2025040803009435,BFC,36,45,200.0,558.0,111600.0,2025-04-08
2025040803009434,JFL,6,7,399.0,512.0,204288.0,2025-04-08
2025040803009433,JFL,6,45,30.0,512.0,15360.0,2025-04-08
2025040803009432,JFL,6,42,71.0,512.0,36352.0,2025-04-08
2025040803009431,GRDBL,72,72,600.0,1275.0,765000.0,2025-04-08
2025040801014249,BHL,41,62,175.0,293.1,51292.5,2025-04-08
2025040805014314,HRL,39,14,10.0,1037.1,10371.0,2025-04-08
2025040804014148,RADHI,39,45,500.0,443.0,221500.0,2025-04-08
2025040804014147,BARUN,89,22,15.0,510.0,7650.0,2025-04-08
2025040803009430,KSBBL,66,49,66.0,434.0,28644.0,2025-04-08
2025040804014146,SPDL,68,32,17.0,320.7,5451.9,2025-04-08
2025040801014248,DOLTI,26,49,50.0,677.0,33850.0,2025-04-08
2025040804014145,SPDL,68,17,500.0,320.7,160350.0,2025-04-08
2025040801014247,HBL,56,10,10.0,239.0,2390.0,2025-04-08
2025040801014246,NABIL,66,13,25.0,484.0,12100.0,2025-04-08
2025040801014245,NABIL,45,13,55.0,484.0,26620.0,2025-04-08
2025040804014144,BPCL,13,36,11.0,418.5,4603.5,2025-04-08
2025040805014313,ILI,57,45,50.0,463.0,23150.0,2025-04-08
2025040804014143,AHPC,42,36,200.0,251.5,50300.0,2025-04-08
2025040805014312,HIDCL,66,53,945.0,272.0,257040.0,2025-04-08
2025040805014311,HIDCL,66,58,10.0,272.0,2720.0,2025-04-08
2025040805014310,HIDCL,66,62,30.0,271.9,8157.0,2025-04-08
2025040805014309,HIDCL,66,36,2500.0,271.0,677500.0,2025-04-08
2025040805014308,HIDCL,66,25,15.0,270.0,4050.0,2025-04-08
2025040805014307,CHDC,98,19,250.0,2370.0,592500.0,2025-04-08
2025040803009429,MLBL,44,33,117.0,390.0,45630.0,2025-04-08
2025040803009428,CBBL,21,6,10.0,841.0,8410.0,2025-04-08
2025040801014244,SANIMA,94,18,139.0,301.0,41839.0,2025-04-08
2025040804014142,BARUN,62,64,10.0,510.9,5109.0,2025-04-08
2025040804014141,NGPL,34,22,65.0,265.0,17225.0,2025-04-08
2025040801014243,EBL,45,52,31.0,608.0,18848.0,2025-04-08
2025040805014306,NICFC,13,28,2700.0,8.98,24246.0,2025-04-08
2025040805014305,NICFC,59,28,2900.0,8.99,26071.0,2025-04-08
2025040801014242,BEDC,28,89,410.0,778.5,319185.0,2025-04-08
2025040803009427,NLIC,100,49,138.0,775.0,106950.0,2025-04-08
2025040804014140,NLG,97,32,75.0,901.0,67575.0,2025-04-08
2025040804014139,NLG,62,32,50.0,901.2,45060.0,2025-04-08
2025040804014138,NLG,38,32,49.0,902.0,44198.0,2025-04-08
2025040804014137,NLG,57,32,25.0,903.0,22575.0,2025-04-08
2025040801014241,HBL,48,10,100.0,239.0,23900.0,2025-04-08
2025040804014136,DHPL,51,99,250.0,382.2,95550.0,2025-04-08
2025040804014135,DHPL,38,99,20.0,382.3,7646.0,2025-04-08
2025040804014134,DHPL,8,99,80.0,382.3,30584.0,2025-04-08
2025040804014133,DHPL,42,99,50.0,382.5,19125.0,2025-04-08
2025040803009426,SFCL,58,33,50.0,535.0,26750.0,2025-04-08
2025040803009425,SFCL,42,33,140.0,535.0,74900.0,2025-04-08
2025040803009424,SFCL,53,33,10.0,537.0,5370.0,2025-04-08
2025040803009423,LICN,55,7,50.0,992.0,49600.0,2025-04-08
2025040803009422,LICN,55,91,200.0,991.9,198380.0,2025-04-08
2025040804014132,GLH,58,36,200.0,237.0,47400.0,2025-04-08
2025040801014240,MHCL,65,58,50.0,500.0,25000.0,2025-04-08
2025040801014239,MHCL,65,29,10.0,500.0,5000.0,2025-04-08
2025040801014238,MHCL,65,28,200.0,500.0,100000.0,2025-04-08
2025040801014237,MHCL,65,4,30.0,500.0,15000.0,2025-04-08
2025040801014236,MHCL,65,48,10.0,500.0,5000.0,2025-04-08
2025040801014235,MHCL,65,58,10.0,500.0,5000.0,2025-04-08
2025040801014234,MHCL,65,29,10.0,499.9,4999.0,2025-04-08
2025040801014233,MHCL,65,56,20.0,499.9,9998.0,2025-04-08
2025040801014232,MHCL,65,42,10.0,499.9,4999.0,2025-04-08
2025040801014231,MHCL,65,10,40.0,499.9,19996.0,2025-04-08
2025040801014230,MHCL,65,19,200.0,496.9,99380.0,2025-04-08
2025040801014229,MHCL,65,21,400.0,496.8,198720.0,2025-04-08
2025040801014228,MHCL,65,29,10.0,496.8,4968.0,2025-04-08
2025040804014131,UPCL,67,84,1000.0,297.0,297000.0,2025-04-08
2025040805014304,NRIC,6,38,200.0,1335.0,267000.0,2025-04-08
2025040804014130,RADHI,58,6,100.0,440.2,44020.0,2025-04-08
2025040804014129,RADHI,50,6,100.0,440.3,44030.0,2025-04-08
2025040801014227,MEHL,52,6,200.0,517.0,103400.0,2025-04-08
2025040805014303,HDL,41,26,20.0,1193.8,23876.0,2025-04-08
2025040803009421,FMDBL,7,39,10.0,760.0,7600.0,2025-04-08
2025040804014128,SPDL,21,55,180.0,321.0,57780.0,2025-04-08
2025040803009420,GFCL,34,19,297.0,662.2,196673.4,2025-04-08
2025040804014127,UMHL,59,38,476.0,458.0,218008.0,2025-04-08
2025040804014126,UMHL,59,54,424.0,458.0,194192.0,2025-04-08
2025040804014125,UMHL,59,16,100.0,457.5,45750.0,2025-04-08
2025040805014302,HATHY,42,64,10.0,1340.0,13400.0,2025-04-08
2025040805014301,HATHY,34,51,10.0,1344.0,13440.0,2025-04-08
2025040805014300,HATHY,34,55,50.0,1342.0,67100.0,2025-04-08
2025040805014299,HATHY,34,50,10.0,1341.0,13410.0,2025-04-08
2025040801014226,JBLB,34,38,22.0,1316.7,28967.4,2025-04-08
2025040804014124,CHCL,54,52,13.0,472.8,6146.4,2025-04-08
2025040804014123,NGPL,52,22,135.0,265.0,35775.0,2025-04-08
2025040804014122,NGPL,52,22,365.0,265.0,96725.0,2025-04-08
2025040805014298,HRL,28,58,10.0,1038.0,10380.0,2025-04-08
2025040803009419,NMLBBL,36,13,50.0,669.0,33450.0,2025-04-08
2025040805014297,CHDC,39,19,11.0,2370.0,26070.0,2025-04-08
2025040801014225,EBL,45,39,10.0,608.0,6080.0,2025-04-08
2025040801014224,UHEWA,22,33,1000.0,670.0,670000.0,2025-04-08
2025040803009418,MDB,14,49,31.0,620.0,19220.0,2025-04-08
2025040803009417,GUFL,57,34,30.0,583.0,17490.0,2025-04-08
2025040803009416,SHINE,44,50,549.0,409.0,224541.0,2025-04-08
2025040804014121,RIDI,17,36,20.0,219.0,4380.0,2025-04-08
2025040804014120,UPCL,67,50,100.0,297.0,29700.0,2025-04-08
2025040804014119,UPCL,67,47,800.0,297.0,237600.0,2025-04-08
2025040801014223,MEHL,40,14,480.0,519.8,249504.0,2025-04-08
2025040801014222,MEHL,40,38,10.0,519.0,5190.0,2025-04-08
2025040801014221,MEHL,40,41,10.0,518.0,5180.0,2025-04-08
2025040803009415,FMDBL,65,58,12.0,757.2,9086.4,2025-04-08
2025040801014220,KBL,45,36,1356.0,209.2,283675.2,2025-04-08
2025040804014118,SHPC,42,46,10.0,470.5,4705.0,2025-04-08
2025040803009414,MFIL,42,57,50.0,604.0,30200.0,2025-04-08
2025040803009413,NLIC,100,1,54.0,775.0,41850.0,2025-04-08
2025040803009412,NLIC,57,1,170.0,775.0,131750.0,2025-04-08
2025040803009411,NLIC,13,1,76.0,776.0,58976.0,2025-04-08
2025040803009410,SLBSL,6,91,10.0,1825.0,18250.0,2025-04-08
2025040801014219,NBL,7,42,1030.0,246.9,254307.0,2025-04-08
2025040803009409,MFIL,36,62,10.0,603.9,6039.0,2025-04-08
2025040803009408,MFIL,36,42,50.0,603.9,30195.0,2025-04-08
2025040805014296,CHDC,34,52,12.0,2368.0,28416.0,2025-04-08
2025040803009407,PFL,6,34,30.0,426.0,12780.0,2025-04-08
2025040801014218,UHEWA,58,4,20.0,667.0,13340.0,2025-04-08
2025040801014217,SANIMA,47,18,50.0,301.0,15050.0,2025-04-08
2025040804014117,NIL,48,46,160.0,741.0,118560.0,2025-04-08
2025040804014116,NIL,53,46,30.0,741.1,22233.0,2025-04-08
2025040803009406,NFS,49,16,19.0,697.8,13258.2,2025-04-08
2025040803009405,PMLI,49,35,10.0,551.0,5510.0,2025-04-08
2025040804014115,JOSHI,48,49,69.0,372.0,25668.0,2025-04-08
2025040804014114,NGPL,58,22,50.0,265.0,13250.0,2025-04-08
2025040805014295,MEL,52,58,10.0,313.0,3130.0,2025-04-08
2025040804014113,UMHL,92,45,40.0,457.0,18280.0,2025-04-08
2025040805014294,HIDCL,42,25,10.0,270.0,2700.0,2025-04-08
2025040805014293,HIDCL,42,8,490.0,270.0,132300.0,2025-04-08
2025040803009404,PFL,42,47,10.0,428.0,4280.0,2025-04-08
2025040803009403,PFL,42,45,10.0,427.3,4273.0,2025-04-08
2025040804014112,UAIL,1,38,90.0,628.0,56520.0,2025-04-08
2025040803009402,MATRI,5,41,10.0,1200.0,12000.0,2025-04-08
2025040804014111,MHNL,3,53,200.0,258.0,51600.0,2025-04-08
2025040804014110,MHNL,3,53,110.0,258.0,28380.0,2025-04-08
2025040801014216,NYADI,41,94,10.0,619.6,6196.0,2025-04-08
2025040801014215,NYADI,41,58,280.0,619.6,173488.0,2025-04-08
2025040801014214,NYADI,41,57,2000.0,619.6,1239200.0,2025-04-08
2025040801014213,NYADI,41,29,10.0,619.6,6196.0,2025-04-08
2025040801014212,NYADI,41,75,10.0,619.0,6190.0,2025-04-08
2025040801014211,NYADI,41,45,150.0,619.0,92850.0,2025-04-08
2025040801014210,NYADI,41,34,700.0,619.0,433300.0,2025-04-08
2025040801014209,NYADI,41,41,500.0,619.0,309500.0,2025-04-08
2025040801014208,NYADI,41,41,500.0,618.0,309000.0,2025-04-08
2025040801014207,NYADI,41,1,200.0,616.6,123320.0,2025-04-08
2025040801014206,NYADI,41,91,500.0,616.6,308300.0,2025-04-08
2025040801014205,NYADI,41,37,25.0,616.0,15400.0,2025-04-08
2025040801014204,NYADI,41,55,200.0,616.0,123200.0,2025-04-08
2025040801014203,NYADI,41,82,400.0,615.0,246000.0,2025-04-08
2025040801014202,NYADI,41,45,100.0,615.0,61500.0,2025-04-08
2025040801014201,NYADI,41,91,500.0,615.0,307500.0,2025-04-08
2025040801014200,NYADI,41,1,100.0,615.0,61500.0,2025-04-08
2025040801014199,NYADI,41,62,1000.0,615.0,615000.0,2025-04-08
2025040801014198,NYADI,41,70,100.0,614.0,61400.0,2025-04-08
2025040801014197,NYADI,41,29,200.0,612.0,122400.0,2025-04-08
2025040801014196,NYADI,41,6,300.0,612.0,183600.0,2025-04-08
2025040801014195,NYADI,41,48,500.0,612.0,306000.0,2025-04-08
2025040801014194,NYADI,41,57,330.0,611.8,201894.0,2025-04-08
2025040801014193,NYADI,41,69,550.0,611.0,336050.0,2025-04-08
2025040801014192,NYADI,41,7,20.0,610.8,12216.0,2025-04-08
2025040801014191,NYADI,41,34,10.0,610.0,6100.0,2025-04-08
2025040801014190,NYADI,41,1,30.0,609.0,18270.0,2025-04-08
2025040801014189,NYADI,41,71,1000.0,608.9,608900.0,2025-04-08
2025040801014188,NYADI,41,57,10.0,608.3,6083.0,2025-04-08
2025040801014187,NYADI,41,58,10.0,607.9,6079.0,2025-04-08
2025040801014186,NYADI,41,17,10.0,607.0,6070.0,2025-04-08
2025040801014185,NYADI,41,36,20.0,607.0,12140.0,2025-04-08
2025040801014184,NYADI,41,58,155.0,607.0,94085.0,2025-04-08
2025040801014183,NYADI,41,20,10.0,607.0,6070.0,2025-04-08
2025040801014182,NYADI,41,6,10.0,605.0,6050.0,2025-04-08
2025040801014181,NYADI,41,74,100.0,605.0,60500.0,2025-04-08
2025040801014180,NYADI,41,7,100.0,605.0,60500.0,2025-04-08
2025040801014179,NYADI,41,41,50.0,605.0,30250.0,2025-04-08
2025040801014178,NYADI,41,71,390.0,604.6,235794.0,2025-04-08
2025040801014177,NYADI,41,16,240.0,604.0,144960.0,2025-04-08
2025040801014176,NYADI,41,45,490.0,603.9,295911.0,2025-04-08
2025040801014175,NYADI,41,22,110.0,603.0,66330.0,2025-04-08
2025040801014174,NYADI,41,56,300.0,603.0,180900.0,2025-04-08
2025040801014173,NYADI,41,35,100.0,600.0,60000.0,2025-04-08
2025040801014172,NYADI,41,49,1000.0,600.0,600000.0,2025-04-08
2025040801014171,MEHL,52,64,200.0,517.0,103400.0,2025-04-08
2025040803009401,JBBL,14,43,250.0,336.9,84225.0,2025-04-08
2025040801014170,LSL,58,48,222.0,220.0,48840.0,2025-04-08
2025040801014169,LSL,58,16,500.0,219.9,109950.0,2025-04-08
2025040801014168,LSL,58,11,180.0,219.8,39564.0,2025-04-08
2025040801014167,LSL,58,56,333.0,219.8,73193.4,2025-04-08
2025040801014166,LSL,58,19,150.0,219.0,32850.0,2025-04-08
2025040801014165,LSL,58,21,615.0,219.0,134685.0,2025-04-08
2025040804014109,BARUN,89,44,500.0,510.0,255000.0,2025-04-08
2025040804014108,UPCL,84,48,50.0,296.5,14825.0,2025-04-08
2025040804014107,UPCL,16,48,450.0,296.5,133425.0,2025-04-08
2025040805014292,HRL,6,57,50.0,1037.0,51850.0,2025-04-08
2025040803009400,CORBL,39,57,10.0,1772.0,17720.0,2025-04-08
2025040801014164,MLBS,48,35,30.0,1730.0,51900.0,2025-04-08
2025040801014163,SMHL,32,58,10.0,915.1,9151.0,2025-04-08
2025040805014291,NICSF,47,58,100.0,8.91,891.0,2025-04-08
2025040804014106,RADHI,47,45,200.0,443.0,88600.0,2025-04-08
2025040805014290,HRL,45,46,10.0,1039.0,10390.0,2025-04-08
2025040805014289,NRIC,45,38,200.0,1335.0,267000.0,2025-04-08
2025040805014288,NRIC,45,6,500.0,1335.0,667500.0,2025-04-08
2025040805014287,CLI,55,1,46.0,500.0,23000.0,2025-04-08
2025040805014286,CLI,38,1,54.0,500.0,27000.0,2025-04-08
2025040801014162,TSHL,57,6,90.0,782.0,70380.0,2025-04-08
2025040805014285,HIDCL,41,8,50.0,270.0,13500.0,2025-04-08
2025040803009399,SAPDBL,45,72,425.0,1070.0,454750.0,2025-04-08
2025040803009398,SAPDBL,39,72,100.0,1070.1,107010.0,2025-04-08
2025040803009397,SAPDBL,49,72,100.0,1070.2,107020.0,2025-04-08
2025040803009396,SAPDBL,53,72,175.0,1070.3,187302.5,2025-04-08
2025040801014161,GMLI,71,19,10.0,2568.0,25680.0,2025-04-08
2025040805014284,NRN,19,54,175.0,1675.0,293125.0,2025-04-08
2025040805014283,HRL,6,64,50.0,1037.0,51850.0,2025-04-08
2025040801014160,BHPL,89,60,10.0,1037.9,10379.0,2025-04-08
2025040801014159,BHPL,5,60,50.0,1038.8,51940.0,2025-04-08
2025040801014158,BHPL,4,60,10.0,1039.0,10390.0,2025-04-08
2025040803009395,NFS,53,16,172.0,697.8,120021.6,2025-04-08
2025040803009394,NFS,53,36,28.0,696.0,19488.0,2025-04-08
2025040804014105,NGPL,53,22,85.0,265.0,22525.0,2025-04-08
2025040801014157,BEDC,28,43,60.0,778.5,46710.0,2025-04-08
2025040804014104,AKJCL,32,57,850.0,202.8,172380.0,2025-04-08
2025040804014103,AKPL,35,48,145.0,227.0,32915.0,2025-04-08
2025040805014282,SAHAS,21,48,150.0,498.0,74700.0,2025-04-08
2025040801014156,GVL,97,57,80.0,495.0,39600.0,2025-04-08
2025040801014155,GVL,97,51,10.0,495.0,4950.0,2025-04-08
2025040801014154,GVL,97,8,50.0,495.0,24750.0,2025-04-08
2025040801014153,GVL,97,49,110.0,494.7,54417.0,2025-04-08
2025040801014152,GVL,97,19,50.0,492.0,24600.0,2025-04-08
2025040803009393,NUBL,33,32,30.0,675.0,20250.0,2025-04-08
2025040804014102,NLG,57,35,75.0,903.0,67725.0,2025-04-08
2025040804014101,NLG,66,35,100.0,903.0,90300.0,2025-04-08
2025040801014151,KBL,58,36,81.0,209.2,16945.2,2025-04-08
2025040803009392,SMFBS,58,13,100.0,1840.0,184000.0,2025-04-08
2025040803009391,SMFBS,58,39,10.0,1832.4,18324.0,2025-04-08
2025040803009390,SMFBS,58,52,10.0,1829.0,18290.0,2025-04-08
2025040803009389,SMFBS,58,17,10.0,1828.0,18280.0,2025-04-08
2025040803009388,JBBL,34,45,100.0,336.0,33600.0,2025-04-08
2025040803009387,JBBL,55,45,50.0,336.0,16800.0,2025-04-08
2025040801014150,MANDU,42,60,171.0,873.0,149283.0,2025-04-08
2025040801014149,MANDU,42,14,60.0,873.0,52380.0,2025-04-08
2025040803009386,SLBBL,62,86,210.0,956.1,200781.0,2025-04-08
2025040804014100,UMHL,92,10,50.0,457.0,22850.0,2025-04-08
2025040801014148,HHL,55,25,39.0,488.0,19032.0,2025-04-08
2025040801014147,HHL,1,25,291.0,488.1,142037.1,2025-04-08
2025040801014146,HHL,25,25,20.0,488.2,9764.0,2025-04-08
2025040801014145,HHL,25,25,30.0,488.2,14646.0,2025-04-08
2025040801014144,HHL,32,25,10.0,490.0,4900.0,2025-04-08
2025040801014143,HHL,32,25,10.0,490.1,4901.0,2025-04-08
2025040803009385,MNBBL,41,7,20.0,360.9,7218.0,2025-04-08
2025040805014281,HRL,6,21,10.0,1037.0,10370.0,2025-04-08
2025040801014142,KBL,42,36,814.0,209.2,170288.8,2025-04-08
2025040805014280,HIDCL,18,8,100.0,270.0,27000.0,2025-04-08
2025040804014099,NGPL,52,52,150.0,266.8,40020.0,2025-04-08
2025040804014098,NGPL,52,44,50.0,266.0,13300.0,2025-04-08
2025040805014279,HRL,28,46,10.0,1039.0,10390.0,2025-04-08
2025040804014097,API,35,47,129.0,269.0,34701.0,2025-04-08
2025040804014096,UPPER,47,85,300.0,199.0,59700.0,2025-04-08
2025040805014278,GCIL,29,53,119.0,540.0,64260.0,2025-04-08
2025040805014277,GCIL,57,53,38.0,541.0,20558.0,2025-04-08
2025040804014095,BARUN,89,64,300.0,510.9,153270.0,2025-04-08
2025040804014094,BARUN,89,57,200.0,510.8,102160.0,2025-04-08
2025040804014093,GLH,22,36,300.0,237.0,71100.0,2025-04-08
2025040804014092,AKJCL,43,57,230.0,202.8,46644.0,2025-04-08
2025040801014141,TAMOR,45,48,10.0,510.3,5103.0,2025-04-08
2025040801014140,NESDO,48,38,10.0,1781.1,17811.0,2025-04-08
2025040801014139,NICA,57,22,47.0,374.0,17578.0,2025-04-08
2025040801014138,NICA,57,45,41.0,374.0,15334.0,2025-04-08
2025040801014137,NICA,57,51,12.0,374.0,4488.0,2025-04-08
2025040805014276,HATHY,50,50,490.0,1341.0,657090.0,2025-04-08
2025040804014091,HPPL,8,14,61.0,622.0,37942.0,2025-04-08
2025040801014136,NWCL,77,44,180.0,955.7,172026.0,2025-04-08
2025040801014135,NWCL,77,41,500.0,955.1,477550.0,2025-04-08
2025040801014134,NWCL,77,90,10.0,955.0,9550.0,2025-04-08
2025040801014133,NWCL,77,25,100.0,955.0,95500.0,2025-04-08
2025040801014132,NWCL,77,53,10.0,955.0,9550.0,2025-04-08
2025040801014131,NWCL,77,60,200.0,954.9,190980.0,2025-04-08
2025040804014090,LEC,4,67,1500.0,207.3,310950.0,2025-04-08
2025040804014089,LEC,36,67,1000.0,207.4,207400.0,2025-04-08
2025040803009384,SINDU,55,72,20.0,1115.0,22300.0,2025-04-08
2025040804014088,NHPC,35,22,11.0,207.0,2277.0,2025-04-08
2025040805014275,NIFRA,38,95,100.0,269.0,26900.0,2025-04-08
2025040804014087,UMHL,92,10,150.0,457.0,68550.0,2025-04-08
2025040805014274,HRL,6,58,50.0,1037.0,51850.0,2025-04-08
2025040804014086,RHPL,58,3,30.0,378.0,11340.0,2025-04-08
2025040805014273,HATHY,50,26,10.0,1341.0,13410.0,2025-04-08
2025040803009383,CBBL,51,42,100.0,840.0,84000.0,2025-04-08
2025040803009382,PMLI,84,35,82.0,551.0,45182.0,2025-04-08
2025040804014085,UMHL,92,1,250.0,457.0,114250.0,2025-04-08
2025040801014130,TAMOR,45,19,200.0,510.3,102060.0,2025-04-08
2025040805014272,GCIL,66,19,1.0,530.9,530.9,2025-04-08
2025040803009381,SHINE,44,59,200.0,409.0,81800.0,2025-04-08
2025040801014129,RFPL,36,60,100.0,691.0,69100.0,2025-04-08
2025040801014128,RFPL,54,60,10.0,692.0,6920.0,2025-04-08
2025040801014127,RFPL,54,60,50.0,692.0,34600.0,2025-04-08
2025040801014126,RFPL,58,60,40.0,692.1,27684.0,2025-04-08
2025040801014125,ULBSL,62,57,11.0,3218.0,35398.0,2025-04-08
2025040803009380,SINDU,38,72,45.0,1115.0,50175.0,2025-04-08
2025040803009379,MSLB,58,34,10.0,1250.0,12500.0,2025-04-08
2025040803009378,FOWAD,85,14,577.0,1162.2,670589.4,2025-04-08
2025040803009377,FOWAD,11,14,200.0,1162.3,232460.0,2025-04-08
2025040803009376,FOWAD,22,14,23.0,1163.0,26749.0,2025-04-08
2025040804014084,CHCL,4,28,100.0,473.0,47300.0,2025-04-08
2025040803009375,NLIC,13,32,33.0,776.0,25608.0,2025-04-08
2025040804014083,HDHPC,42,68,20.0,197.5,3950.0,2025-04-08
2025040804014082,UMHL,13,54,100.0,458.0,45800.0,2025-04-08
2025040801014124,PRVU,35,45,500.0,211.0,105500.0,2025-04-08
2025040801014123,PRVU,35,7,69.0,211.0,14559.0,2025-04-08
2025040801014122,PRVU,35,58,134.0,211.0,28274.0,2025-04-08
2025040801014121,PRVU,35,17,49.0,210.0,10290.0,2025-04-08
2025040804014081,API,35,33,279.0,269.0,75051.0,2025-04-08
2025040804014080,API,36,33,311.0,269.0,83659.0,2025-04-08
2025040804014079,API,4,33,185.0,269.1,49783.5,2025-04-08
2025040804014078,API,39,33,200.0,269.2,53840.0,2025-04-08
2025040804014077,API,48,33,25.0,269.9,6747.5,2025-04-08
2025040801014120,BHL,70,25,60.0,293.4,17604.0,2025-04-08
2025040805014271,NIFRA,58,7,4.0,263.7,1054.8,2025-04-08
2025040805014270,NRIC,42,6,300.0,1335.0,400500.0,2025-04-08
2025040803009374,NLICL,69,16,10.0,627.9,6279.0,2025-04-08
2025040805014269,NRN,22,81,10.0,1675.0,16750.0,2025-04-08
2025040805014268,NRN,22,81,189.0,1675.0,316575.0,2025-04-08
2025040805014267,NTC,38,81,10.0,895.4,8954.0,2025-04-08
2025040803009373,NFS,7,32,50.0,695.0,34750.0,2025-04-08
2025040803009372,SAPDBL,53,72,25.0,1070.3,26757.5,2025-04-08
2025040803009371,SAPDBL,42,72,20.0,1071.0,21420.0,2025-04-08
2025040803009370,SAPDBL,39,72,20.0,1071.2,21424.0,2025-04-08
2025040803009369,SAPDBL,59,72,35.0,1071.3,37495.5,2025-04-08
2025040803009368,SAPDBL,60,72,200.0,1072.0,214400.0,2025-04-08
2025040801014119,GMLI,62,7,10.0,2568.0,25680.0,2025-04-08
2025040801014118,GMLI,62,72,10.0,2568.0,25680.0,2025-04-08
2025040801014117,GMLI,62,14,10.0,2568.0,25680.0,2025-04-08
2025040801014116,GMLI,55,62,150.0,2567.0,385050.0,2025-04-08
2025040801014115,ULHC,72,14,30.0,513.0,15390.0,2025-04-08
2025040801014114,GMLI,55,34,10.0,2567.0,25670.0,2025-04-08
2025040803009367,USLB,88,11,76.0,1665.0,126540.0,2025-04-08
2025040801014113,AHL,88,11,10.0,735.0,7350.0,2025-04-08
2025040801014112,MBLD2085,77,46,3.0,1171.1,3513.3,2025-04-08
2025040805014266,NRN,22,83,11.0,1675.0,18425.0,2025-04-08
2025040801014111,MKJC,68,33,11.0,564.0,6204.0,2025-04-08
2025040805014265,SLCF,49,34,1000.0,9.71,9710.0,2025-04-08
2025040801014110,NABIL,45,49,20.0,484.0,9680.0,2025-04-08
2025040805014264,NRIC,57,6,30.0,1335.0,40050.0,2025-04-08
2025040803009366,MDB,14,57,14.0,620.0,8680.0,2025-04-08
2025040801014109,MBL,56,26,10.0,229.0,2290.0,2025-04-08
2025040804014076,SPDL,68,26,200.0,320.7,64140.0,2025-04-08
2025040801014108,DLBS,58,45,99.0,1570.7,155499.3,2025-04-08
2025040803009365,SINDU,58,72,20.0,1115.0,22300.0,2025-04-08
2025040803009364,PROFL,6,80,342.0,545.0,186390.0,2025-04-08
2025040805014263,NRM,34,60,155.0,485.1,75190.5,2025-04-08
2025040803009363,MFIL,4,42,50.0,603.0,30150.0,2025-04-08
2025040801014107,MKJC,52,33,480.0,564.0,270720.0,2025-04-08
2025040801014106,MKJC,52,34,20.0,560.0,11200.0,2025-04-08
2025040805014262,HRL,43,46,50.0,1039.0,51950.0,2025-04-08
2025040805014261,CHDC,26,16,1000.0,2368.0,2368000.0,2025-04-08
2025040805014260,CHDC,56,16,100.0,2368.0,236800.0,2025-04-08
2025040803009362,SMPDA,48,99,17.0,922.2,15677.4,2025-04-08
2025040804014075,RIDI,17,6,30.0,219.0,6570.0,2025-04-08
2025040804014074,RIDI,17,41,45.0,219.0,9855.0,2025-04-08
2025040804014073,NGPL,53,32,15.0,265.0,3975.0,2025-04-08
2025040801014105,SPL,57,17,60.0,885.0,53100.0,2025-04-08
2025040801014104,SPL,57,52,100.0,885.0,88500.0,2025-04-08
2025040801014103,SPL,57,5,10.0,885.0,8850.0,2025-04-08
2025040801014102,SPL,57,34,85.0,884.9,75216.5,2025-04-08
2025040804014072,MEN,39,57,200.0,581.0,116200.0,2025-04-08
2025040804014071,GHL,13,56,100.0,273.0,27300.0,2025-04-08
2025040804014070,UPCL,16,95,150.0,296.5,44475.0,2025-04-08
2025040804014069,GHL,34,56,50.0,273.0,13650.0,2025-04-08
2025040804014068,GHL,64,56,200.0,273.0,54600.0,2025-04-08
2025040804014067,GHL,3,56,375.0,273.0,102375.0,2025-04-08
2025040804014066,GHL,57,56,200.0,273.0,54600.0,2025-04-08
2025040804014065,GHL,5,56,50.0,273.1,13655.0,2025-04-08
2025040804014064,GHL,6,56,1487.0,273.2,406248.4,2025-04-08
2025040804014063,GHL,54,56,350.0,273.4,95690.0,2025-04-08
2025040804014062,GHL,19,56,588.0,273.4,160759.2,2025-04-08
2025040804014061,GHL,71,56,77.0,273.5,21059.5,2025-04-08
2025040803009361,SMB,46,58,10.0,2451.0,24510.0,2025-04-08
2025040801014101,NABIL,58,72,135.0,484.9,65461.5,2025-04-08
2025040803009360,KSBBL,66,49,400.0,434.0,173600.0,2025-04-08
2025040803009359,KSBBL,66,32,250.0,434.0,108500.0,2025-04-08
2025040803009358,KSBBL,66,16,86.0,434.0,37324.0,2025-04-08
2025040801014100,GMLI,55,58,10.0,2567.0,25670.0,2025-04-08
2025040801014099,GMLI,55,69,100.0,2567.0,256700.0,2025-04-08
2025040805014259,RNLI,49,44,2476.0,527.0,1304852.0,2025-04-08
2025040805014258,RNLI,33,44,19.0,527.0,10013.0,2025-04-08
2025040805014257,RNLI,58,44,100.0,527.1,52710.0,2025-04-08
