transaction,symbol,buyer,seller,quantity,rate,amount,date
2024121201023989,SARBTM,58,29,90.0,780.0,70200.0,2024-12-12
2024121201023988,SARBTM,41,29,10.0,780.2,7802.0,2024-12-12
2024121201023987,SARBTM,42,29,100.0,781.0,78100.0,2024-12-12
2024121203014898,NUBL,16,48,10.0,704.0,7040.0,2024-12-12
2024121203014897,NABBC,56,38,1200.0,1355.0,1626000.0,2024-12-12
2024121201023986,USHL,58,29,400.0,760.0,304000.0,2024-12-12
2024121203014896,NABBC,25,69,10.0,1356.0,13560.0,2024-12-12
2024121204015612,PRIN,4,17,21.0,975.0,20475.0,2024-12-12
2024121204015611,RHPL,4,54,104.0,454.1,47226.4,2024-12-12
2024121204015610,RHPL,26,54,896.0,454.1,406873.6,2024-12-12
2024121203014895,NABBC,69,69,10.0,1356.0,13560.0,2024-12-12
2024121203014894,NABBC,62,69,20.0,1356.0,27120.0,2024-12-12
2024121201023985,ANLB,62,43,11.0,5095.9,56054.9,2024-12-12
2024121201023984,ANLB,62,45,17.0,5095.9,86630.3,2024-12-12
2024121203014893,SMB,35,3,15.0,2617.0,39255.0,2024-12-12
2024121203014892,SMB,70,3,60.0,2626.0,157560.0,2024-12-12
2024121203014891,MNBBL,42,98,10.0,394.8,3948.0,2024-12-12
2024121201023983,IHL,33,40,10.0,682.1,6821.0,2024-12-12
2024121204015609,SHEL,39,42,200.0,251.0,50200.0,2024-12-12
2024121201023982,EHPL,42,37,50.0,736.0,36800.0,2024-12-12
2024121203014890,MFIL,6,34,120.0,707.0,84840.0,2024-12-12
2024121204015608,RHPL,26,32,11.0,454.1,4995.1,2024-12-12
2024121203014889,KRBL,71,4,90.0,812.0,73080.0,2024-12-12
2024121204015607,HPPL,49,49,200.0,408.0,81600.0,2024-12-12
2024121201023981,RHGCL,52,61,30.0,519.9,15597.0,2024-12-12
2024121201023980,RHGCL,52,22,10.0,519.0,5190.0,2024-12-12
2024121201023979,RHGCL,52,50,80.0,518.0,41440.0,2024-12-12
2024121203014888,NABBC,56,66,30.0,1355.0,40650.0,2024-12-12
2024121203014887,NABBC,17,66,70.0,1355.0,94850.0,2024-12-12
2024121201023978,DORDI,44,22,1265.0,543.0,686895.0,2024-12-12
2024121201023977,DORDI,58,22,2000.0,543.0,1086000.0,2024-12-12
2024121201023976,DORDI,55,22,200.0,545.0,109000.0,2024-12-12
2024121201023975,DORDI,55,22,535.0,545.0,291575.0,2024-12-12
2024121201023974,BEDC,87,16,10.0,637.0,6370.0,2024-12-12
2024121203014886,NABBC,21,69,10.0,1356.0,13560.0,2024-12-12
2024121204015606,OHL,55,39,10.0,938.0,9380.0,2024-12-12
2024121205012629,NRN,21,39,10.0,1030.0,10300.0,2024-12-12
2024121204015605,JOSHI,44,65,100.0,414.0,41400.0,2024-12-12
2024121201023973,TVCL,65,38,30.0,560.0,16800.0,2024-12-12
2024121201023972,KBL,48,6,100.0,219.9,21990.0,2024-12-12
2024121203014885,JSLBB,48,57,10.0,1590.0,15900.0,2024-12-12
2024121203014884,KSBBL,58,74,10.0,456.0,4560.0,2024-12-12
2024121203014883,KSBBL,58,19,40.0,456.0,18240.0,2024-12-12
2024121201023971,CYCL,62,6,20.0,1658.0,33160.0,2024-12-12
2024121201023970,SPC,58,37,10.0,544.0,5440.0,2024-12-12
2024121201023969,KBSH,29,6,150.0,3000.0,450000.0,2024-12-12
2024121204015604,SPDL,58,39,100.0,334.9,33490.0,2024-12-12
2024121204015603,UPCL,58,58,200.0,288.5,57700.0,2024-12-12
2024121201023968,SGHC,45,13,10.0,481.8,4818.0,2024-12-12
2024121204015602,SHEL,39,45,450.0,251.0,112950.0,2024-12-12
2024121203014882,SMFBS,45,64,10.0,2123.0,21230.0,2024-12-12
2024121205012628,MEL,1,28,10.0,319.5,3195.0,2024-12-12
2024121203014881,NABBC,17,56,30.0,1355.0,40650.0,2024-12-12
2024121201023967,BEDC,56,16,50.0,637.0,31850.0,2024-12-12
2024121204015601,DHPL,14,41,10.0,312.0,3120.0,2024-12-12
2024121203014880,NFS,13,14,180.0,1087.0,195660.0,2024-12-12
2024121203014879,NFS,86,14,40.0,1087.0,43480.0,2024-12-12
2024121203014878,NFS,41,14,10.0,1087.1,10871.0,2024-12-12
2024121203014877,NFS,37,14,100.0,1087.1,108710.0,2024-12-12
2024121203014876,NFS,13,14,10.0,1088.2,10882.0,2024-12-12
2024121203014875,NABBC,56,69,10.0,1356.0,13560.0,2024-12-12
2024121201023966,DOLTI,44,17,350.0,669.0,234150.0,2024-12-12
2024121203014874,MDB,44,36,11.0,745.0,8195.0,2024-12-12
2024121201023965,RAWA,57,53,10.0,808.0,8080.0,2024-12-12
2024121201023964,RAWA,57,58,10.0,800.0,8000.0,2024-12-12
2024121203014873,SLBSL,44,57,12.0,1700.0,20400.0,2024-12-12
2024121204015600,NLG,55,50,1000.0,940.0,940000.0,2024-12-12
2024121204015599,HPPL,49,50,188.0,408.0,76704.0,2024-12-12
2024121204015598,AKPL,50,80,100.0,245.5,24550.0,2024-12-12
2024121201023963,SBL,50,44,40.0,310.1,12404.0,2024-12-12
2024121201023962,UHEWA,50,49,140.0,736.0,103040.0,2024-12-12
2024121205012627,SONA,50,48,20.0,467.0,9340.0,2024-12-12
2024121204015597,NHPC,11,50,648.0,223.5,144828.0,2024-12-12
2024121204015596,NHPC,45,50,48.0,223.6,10732.8,2024-12-12
2024121204015595,NHPC,94,50,100.0,223.6,22360.0,2024-12-12
2024121204015594,NHPC,32,50,20.0,223.7,4474.0,2024-12-12
2024121204015593,NHPC,58,50,184.0,224.0,41216.0,2024-12-12
2024121205012626,MEL,70,71,50.0,319.0,15950.0,2024-12-12
2024121203014872,NABBC,71,69,10.0,1356.0,13560.0,2024-12-12
2024121201023961,ANLB,39,45,83.0,5095.9,422959.7,2024-12-12
2024121201023960,ANLB,39,53,27.0,5095.0,137565.0,2024-12-12
2024121201023959,HBL,39,8,22.0,247.0,5434.0,2024-12-12
2024121201023958,HBL,39,37,60.0,246.0,14760.0,2024-12-12
2024121201023957,HBL,39,7,123.0,246.0,30258.0,2024-12-12
2024121201023956,HBL,39,34,198.0,245.0,48510.0,2024-12-12
2024121201023955,HBL,39,34,100.0,245.0,24500.0,2024-12-12
2024121201023954,HBL,39,48,485.0,245.0,118825.0,2024-12-12
2024121201023953,HBL,39,64,232.0,245.0,56840.0,2024-12-12
2024121201023952,HBL,39,58,109.0,243.3,26519.7,2024-12-12
2024121201023951,HBL,39,35,700.0,243.0,170100.0,2024-12-12
2024121201023950,HBL,39,54,100.0,242.0,24200.0,2024-12-12
2024121201023949,HBL,39,57,21.0,242.0,5082.0,2024-12-12
2024121203014871,CORBL,60,47,20.0,1685.0,33700.0,2024-12-12
2024121203014870,NABBC,28,69,400.0,1356.0,542400.0,2024-12-12
2024121203014869,GRDBL,60,4,30.0,1000.0,30000.0,2024-12-12
2024121204015592,SHPC,60,38,10.0,538.5,5385.0,2024-12-12
2024121201023948,MLBS,49,28,10.0,2081.0,20810.0,2024-12-12
2024121201023947,RHGCL,16,50,10.0,518.0,5180.0,2024-12-12
2024121201023946,MHCL,33,82,1000.0,574.3,574300.0,2024-12-12
2024121201023945,IHL,33,82,784.0,682.1,534766.4,2024-12-12
2024121201023944,IHL,19,82,200.0,682.1,136420.0,2024-12-12
2024121201023943,IHL,57,82,250.0,682.2,170550.0,2024-12-12
2024121201023942,IHL,91,82,86.0,682.2,58669.2,2024-12-12
2024121201023941,IHL,95,82,100.0,682.3,68230.0,2024-12-12
2024121201023940,IHL,25,82,100.0,682.3,68230.0,2024-12-12
2024121201023939,IHL,17,82,200.0,683.0,136600.0,2024-12-12
2024121201023938,IHL,63,82,200.0,683.1,136620.0,2024-12-12
2024121201023937,IHL,42,82,30.0,687.0,20610.0,2024-12-12
2024121201023936,IHL,45,82,50.0,690.0,34500.0,2024-12-12
2024121203014868,KRBL,71,16,10.0,812.0,8120.0,2024-12-12
2024121201023935,TVCL,74,38,326.0,560.0,182560.0,2024-12-12
2024121201023934,TVCL,74,52,20.0,560.0,11200.0,2024-12-12
2024121201023933,TVCL,74,48,14.0,560.0,7840.0,2024-12-12
2024121201023932,TVCL,74,39,10.0,558.0,5580.0,2024-12-12
2024121201023931,TVCL,74,8,50.0,558.0,27900.0,2024-12-12
2024121201023930,TVCL,74,45,80.0,557.9,44632.0,2024-12-12
2024121204015591,NHDL,29,51,10.0,754.8,7548.0,2024-12-12
2024121203014867,NABBC,17,69,10.0,1356.0,13560.0,2024-12-12
2024121203014866,SAPDBL,29,6,10.0,1080.1,10801.0,2024-12-12
2024121201023929,KBSH,29,67,40.0,3000.0,120000.0,2024-12-12
2024121204015590,SGIC,58,61,50.0,687.0,34350.0,2024-12-12
2024121204015589,SGIC,32,61,15.0,687.0,10305.0,2024-12-12
2024121203014865,GFCL,53,57,10.0,842.0,8420.0,2024-12-12
2024121201023928,KDL,42,45,20.0,1170.0,23400.0,2024-12-12
2024121201023927,KDL,42,74,10.0,1170.0,11700.0,2024-12-12
2024121201023926,SPHL,63,22,100.0,785.0,78500.0,2024-12-12
2024121201023925,SPHL,63,34,50.0,784.9,39245.0,2024-12-12
2024121201023924,GBIME,39,35,155.0,226.0,35030.0,2024-12-12
2024121201023923,GBIME,26,35,145.0,226.0,32770.0,2024-12-12
2024121205012625,HATHY,45,35,50.0,1382.6,69130.0,2024-12-12
2024121204015588,NLG,55,35,116.0,940.0,109040.0,2024-12-12
2024121204015587,NHDL,29,33,13.0,750.1,9751.3,2024-12-12
2024121204015586,NLG,55,34,250.0,940.0,235000.0,2024-12-12
2024121205012624,NRM,34,54,10.0,450.0,4500.0,2024-12-12
2024121201023922,CYCL,62,21,20.0,1659.0,33180.0,2024-12-12
2024121203014864,NABBC,58,13,10.0,1242.0,12420.0,2024-12-12
2024121201023921,MKHC,13,49,10.0,554.0,5540.0,2024-12-12
2024121201023920,MKHC,13,26,22.0,553.0,12166.0,2024-12-12
2024121201023919,UNLB,38,32,10.0,2548.9,25489.0,2024-12-12
2024121201023918,UNLB,38,57,30.0,2548.0,76440.0,2024-12-12
2024121201023917,UNLB,38,46,40.0,2540.0,101600.0,2024-12-12
2024121201023916,UNLB,38,56,200.0,2540.0,508000.0,2024-12-12
2024121201023915,UNLB,38,46,40.0,2534.0,101360.0,2024-12-12
2024121201023914,UNLB,38,14,100.0,2530.0,253000.0,2024-12-12
2024121201023913,UNLB,38,56,13.0,2529.0,32877.0,2024-12-12
2024121201023912,UNLB,38,8,10.0,2529.0,25290.0,2024-12-12
2024121201023911,UNLB,38,46,30.0,2520.0,75600.0,2024-12-12
2024121201023910,UNLB,38,6,50.0,2520.0,126000.0,2024-12-12
2024121201023909,UNLB,38,81,100.0,2519.0,251900.0,2024-12-12
2024121201023908,UNLB,38,51,10.0,2519.0,25190.0,2024-12-12
2024121201023907,UNLB,38,16,50.0,2518.0,125900.0,2024-12-12
2024121201023906,UNLB,38,81,100.0,2518.0,251800.0,2024-12-12
2024121201023905,UNLB,38,51,10.0,2518.0,25180.0,2024-12-12
2024121201023904,MLBS,34,65,10.0,2100.0,21000.0,2024-12-12
2024121201023903,MKJC,38,33,133.0,560.0,74480.0,2024-12-12
2024121201023902,MKJC,38,63,17.0,560.0,9520.0,2024-12-12
2024121204015585,MEN,62,26,300.0,706.0,211800.0,2024-12-12
2024121204015584,MEN,10,26,50.0,706.0,35300.0,2024-12-12
2024121204015583,MEN,45,26,20.0,706.0,14120.0,2024-12-12
2024121203014863,KRBL,38,80,98.0,815.0,79870.0,2024-12-12
2024121201023901,EBL,81,48,72.0,596.0,42912.0,2024-12-12
2024121201023900,EBL,81,49,28.0,596.0,16688.0,2024-12-12
2024121201023899,EBL,81,17,13.0,596.0,7748.0,2024-12-12
2024121201023898,EBL,81,55,200.0,595.0,119000.0,2024-12-12
2024121201023897,EBL,81,51,57.0,595.0,33915.0,2024-12-12
2024121201023896,EBL,81,7,10.0,593.8,5938.0,2024-12-12
2024121201023895,EBL,81,34,80.0,592.0,47360.0,2024-12-12
2024121201023894,EBL,81,42,30.0,591.5,17745.0,2024-12-12
2024121201023893,EBL,81,7,10.0,591.5,5915.0,2024-12-12
2024121203014862,MLBL,52,26,325.0,405.0,131625.0,2024-12-12
2024121203014861,MLBL,52,34,300.0,404.5,121350.0,2024-12-12
2024121203014860,MLBL,52,26,125.0,404.0,50500.0,2024-12-12
2024121203014859,MLBL,52,32,250.0,403.9,100975.0,2024-12-12
2024121201023892,NICA,16,52,331.0,403.0,133393.0,2024-12-12
2024121201023891,NICA,32,52,58.0,403.0,23374.0,2024-12-12
2024121201023890,NICA,17,52,100.0,403.0,40300.0,2024-12-12
2024121201023889,NICA,6,52,50.0,403.0,20150.0,2024-12-12
2024121201023888,NICA,16,52,200.0,403.0,80600.0,2024-12-12
2024121201023887,NICA,59,52,100.0,403.0,40300.0,2024-12-12
2024121201023886,NICA,49,52,30.0,403.0,12090.0,2024-12-12
2024121201023885,NICA,42,52,50.0,403.0,20150.0,2024-12-12
2024121201023884,NICA,48,52,49.0,403.0,19747.0,2024-12-12
2024121201023883,NICA,1,52,200.0,403.0,80600.0,2024-12-12
2024121201023882,NICA,26,52,100.0,403.0,40300.0,2024-12-12
2024121201023881,NICA,42,52,180.0,403.0,72540.0,2024-12-12
2024121201023880,NICA,25,52,20.0,403.1,8062.0,2024-12-12
2024121201023879,NICA,43,52,100.0,403.5,40350.0,2024-12-12
2024121201023878,NICA,14,52,50.0,403.5,20175.0,2024-12-12
2024121201023877,NICA,57,52,20.0,403.9,8078.0,2024-12-12
2024121201023876,NICA,25,52,100.0,404.0,40400.0,2024-12-12
2024121201023875,NICA,49,52,238.0,404.0,96152.0,2024-12-12
2024121201023874,NICA,59,52,24.0,404.0,9696.0,2024-12-12
2024121205012623,GCIL,49,57,219.0,488.0,106872.0,2024-12-12
2024121205012622,GCIL,49,58,10.0,488.0,4880.0,2024-12-12
2024121205012621,GCIL,49,21,11.0,488.0,5368.0,2024-12-12
2024121205012620,GCIL,49,35,200.0,488.0,97600.0,2024-12-12
2024121205012619,GCIL,49,52,60.0,488.0,29280.0,2024-12-12
2024121201023873,MCHL,49,55,70.0,579.0,40530.0,2024-12-12
2024121203014858,SWMF,49,13,10.0,783.0,7830.0,2024-12-12
2024121204015582,UNHPL,49,38,20.0,298.0,5960.0,2024-12-12
2024121201023872,USHEC,66,57,20.0,610.0,12200.0,2024-12-12
2024121201023871,USHEC,66,58,10.0,606.0,6060.0,2024-12-12
2024121201023870,USHEC,66,58,80.0,605.5,48440.0,2024-12-12
2024121201023869,TVCL,34,45,10.0,557.9,5579.0,2024-12-12
2024121203014857,SMFBS,70,64,64.0,2122.0,135808.0,2024-12-12
2024121203014856,SMFBS,70,40,23.0,2120.0,48760.0,2024-12-12
2024121203014855,SMFBS,70,56,13.0,2120.0,27560.0,2024-12-12
2024121204015581,NGPL,70,54,15.0,278.9,4183.5,2024-12-12
2024121201023868,RFPL,36,14,10.0,1050.6,10506.0,2024-12-12
2024121201023867,RFPL,36,6,10.0,1050.6,10506.0,2024-12-12
2024121204015580,API,54,36,200.0,273.5,54700.0,2024-12-12
2024121205012618,CLI,42,55,121.0,687.0,83127.0,2024-12-12
2024121203014854,SWBBL,65,7,179.0,894.0,160026.0,2024-12-12
2024121203014853,SWBBL,65,39,550.0,893.9,491645.0,2024-12-12
2024121203014852,SWBBL,65,4,72.0,893.8,64353.6,2024-12-12
2024121203014851,SWBBL,65,4,60.0,893.8,53628.0,2024-12-12
2024121203014850,SWBBL,65,48,19.0,893.0,16967.0,2024-12-12
2024121203014849,SWBBL,65,41,10.0,893.0,8930.0,2024-12-12
2024121203014848,SWBBL,65,62,100.0,892.0,89200.0,2024-12-12
2024121203014847,SWBBL,65,42,10.0,892.0,8920.0,2024-12-12
2024121204015579,NLG,55,48,50.0,940.0,47000.0,2024-12-12
2024121203014846,EDBL,4,48,30.0,659.0,19770.0,2024-12-12
2024121205012617,SHIVM,58,42,172.0,573.0,98556.0,2024-12-12
2024121203014845,NADEP,58,41,20.0,989.0,19780.0,2024-12-12
2024121205012616,ILI,58,32,11.0,479.0,5269.0,2024-12-12
2024121205012615,HDL,32,45,88.0,1350.0,118800.0,2024-12-12
2024121205012614,HDL,5,45,10.0,1350.0,13500.0,2024-12-12
2024121205012613,HDL,38,45,102.0,1350.0,137700.0,2024-12-12
2024121205012612,HDL,11,45,30.0,1350.0,40500.0,2024-12-12
2024121205012611,HDL,59,45,100.0,1350.0,135000.0,2024-12-12
2024121203014844,SINDU,88,34,10.0,955.0,9550.0,2024-12-12
2024121205012610,HDL,13,45,60.0,1350.0,81000.0,2024-12-12
2024121205012609,HDL,14,45,40.0,1350.0,54000.0,2024-12-12
2024121205012608,HDL,1,45,20.0,1350.0,27000.0,2024-12-12
2024121205012607,HDL,43,45,100.0,1350.0,135000.0,2024-12-12
2024121205012606,HDL,34,45,10.0,1350.0,13500.0,2024-12-12
2024121205012605,HDL,45,45,140.0,1350.0,189000.0,2024-12-12
2024121205012604,HDL,50,45,100.0,1350.0,135000.0,2024-12-12
2024121205012603,HDL,38,45,200.0,1351.7,270340.0,2024-12-12
2024121203014843,SADBL,33,64,811.0,441.0,357651.0,2024-12-12
2024121203014842,SADBL,50,64,300.0,441.5,132450.0,2024-12-12
2024121201023866,KBSH,64,29,100.0,3040.0,304000.0,2024-12-12
2024121201023865,KBSH,64,64,60.0,2983.0,178980.0,2024-12-12
2024121201023864,KBSH,64,19,50.0,2756.0,137800.0,2024-12-12
2024121201023863,KBSH,64,55,10.0,2756.0,27560.0,2024-12-12
2024121201023862,KBSH,64,6,10.0,2755.0,27550.0,2024-12-12
2024121201023861,KBSH,64,1,200.0,2755.0,551000.0,2024-12-12
2024121201023860,KBSH,64,28,105.0,2755.0,289275.0,2024-12-12
2024121201023859,KBSH,64,4,50.0,2754.0,137700.0,2024-12-12
2024121201023858,KBSH,64,19,60.0,2754.0,165240.0,2024-12-12
2024121201023857,KBSH,64,39,40.0,2754.0,110160.0,2024-12-12
2024121201023856,KBSH,64,56,20.0,2750.0,55000.0,2024-12-12
2024121201023855,KBSH,64,45,50.0,2750.0,137500.0,2024-12-12
2024121201023854,KBSH,64,38,10.0,2750.0,27500.0,2024-12-12
2024121201023853,KBSH,64,32,30.0,2750.0,82500.0,2024-12-12
2024121201023852,KBSH,64,52,30.0,2749.7,82491.0,2024-12-12
2024121201023851,KBSH,64,52,30.0,2749.5,82485.0,2024-12-12
2024121201023850,KBSH,64,52,20.0,2749.0,54980.0,2024-12-12
2024121201023849,MHL,90,25,10.0,882.0,8820.0,2024-12-12
2024121203014841,SAPDBL,47,6,50.0,1080.1,54005.0,2024-12-12
2024121201023848,CKHL,70,14,10.0,692.1,6921.0,2024-12-12
2024121204015578,PPCL,14,42,20.0,291.3,5826.0,2024-12-12
2024121203014840,NFS,44,8,33.0,1090.0,35970.0,2024-12-12
2024121203014839,NFS,44,33,31.0,1090.0,33790.0,2024-12-12
2024121203014838,NFS,44,14,11.0,1089.0,11979.0,2024-12-12
2024121201023847,SBI,17,56,10.0,458.0,4580.0,2024-12-12
2024121201023846,NYADI,44,83,70.0,380.3,26621.0,2024-12-12
2024121201023845,NYADI,33,83,125.0,381.0,47625.0,2024-12-12
2024121201023844,NYADI,58,83,50.0,382.0,19100.0,2024-12-12
2024121201023843,NMB,50,38,1000.0,247.0,247000.0,2024-12-12
2024121204015577,UMRH,94,45,10.0,650.0,6500.0,2024-12-12
2024121203014837,USLB,44,39,50.0,1536.1,76805.0,2024-12-12
2024121203014836,USLB,42,39,50.0,1536.2,76810.0,2024-12-12
2024121203014835,USLB,55,39,90.0,1537.0,138330.0,2024-12-12
2024121203014834,SAPDBL,28,14,70.0,1094.0,76580.0,2024-12-12
2024121203014833,SAPDBL,28,43,130.0,1089.0,141570.0,2024-12-12
2024121201023842,BHL,70,45,30.0,363.0,10890.0,2024-12-12
2024121205012602,ILI,28,32,10.0,479.0,4790.0,2024-12-12
2024121201023841,KBSH,28,34,10.0,2748.0,27480.0,2024-12-12
2024121201023840,NWCL,45,16,20.0,1015.0,20300.0,2024-12-12
2024121201023839,NWCL,45,34,30.0,996.0,29880.0,2024-12-12
2024121203014832,NABBC,28,69,25.0,1356.0,33900.0,2024-12-12
2024121203014831,NABBC,28,43,100.0,1275.0,127500.0,2024-12-12
2024121203014830,NABBC,28,34,500.0,1275.0,637500.0,2024-12-12
2024121203014829,NABBC,28,38,40.0,1275.0,51000.0,2024-12-12
2024121203014828,NABBC,28,56,200.0,1275.0,255000.0,2024-12-12
2024121203014827,NABBC,28,75,30.0,1273.9,38217.0,2024-12-12
2024121203014826,NABBC,28,69,100.0,1272.0,127200.0,2024-12-12
2024121203014825,NABBC,28,69,100.0,1272.0,127200.0,2024-12-12
2024121203014824,NABBC,28,43,150.0,1272.0,190800.0,2024-12-12
2024121203014823,NABBC,28,38,100.0,1269.1,126910.0,2024-12-12
2024121203014822,NABBC,28,56,100.0,1269.0,126900.0,2024-12-12
2024121203014821,NABBC,28,33,50.0,1269.0,63450.0,2024-12-12
2024121203014820,NABBC,28,6,110.0,1268.0,139480.0,2024-12-12
2024121203014819,NABBC,28,67,100.0,1268.0,126800.0,2024-12-12
2024121203014818,NABBC,28,45,100.0,1268.0,126800.0,2024-12-12
2024121203014817,NABBC,28,47,50.0,1266.8,63340.0,2024-12-12
2024121203014816,NABBC,28,49,50.0,1266.0,63300.0,2024-12-12
2024121203014815,NABBC,28,56,800.0,1266.0,1012800.0,2024-12-12
2024121203014814,NABBC,28,13,10.0,1266.0,12660.0,2024-12-12
2024121203014813,NABBC,28,41,200.0,1266.0,253200.0,2024-12-12
2024121203014812,NABBC,28,7,15.0,1266.0,18990.0,2024-12-12
2024121203014811,NABBC,28,18,250.0,1265.5,316375.0,2024-12-12
2024121203014810,NABBC,28,41,10.0,1264.8,12648.0,2024-12-12
2024121203014809,NABBC,28,14,50.0,1262.7,63135.0,2024-12-12
2024121203014808,NABBC,28,33,30.0,1256.0,37680.0,2024-12-12
2024121203014807,NABBC,28,34,300.0,1255.6,376680.0,2024-12-12
2024121203014806,NABBC,28,38,20.0,1254.9,25098.0,2024-12-12
2024121203014805,NABBC,28,41,10.0,1252.5,12525.0,2024-12-12
2024121203014804,NABBC,28,14,50.0,1250.6,62530.0,2024-12-12
2024121203014803,NABBC,28,38,300.0,1250.0,375000.0,2024-12-12
2024121203014802,NABBC,28,6,40.0,1250.0,50000.0,2024-12-12
2024121203014801,NABBC,28,45,100.0,1249.8,124980.0,2024-12-12
2024121203014800,NABBC,28,58,60.0,1245.0,74700.0,2024-12-12
2024121203014799,NABBC,28,42,150.0,1242.3,186345.0,2024-12-12
2024121203014798,NABBC,28,42,300.0,1242.2,372660.0,2024-12-12
2024121201023838,MEHL,42,45,46.0,472.0,21712.0,2024-12-12
2024121201023837,MEHL,57,45,40.0,472.1,18884.0,2024-12-12
2024121201023836,MEHL,5,45,64.0,473.0,30272.0,2024-12-12
2024121201023835,MHCL,33,28,500.0,574.3,287150.0,2024-12-12
2024121205012601,MBJC,57,49,10.0,352.0,3520.0,2024-12-12
2024121204015576,DHPL,16,41,10.0,312.0,3120.0,2024-12-12
2024121203014797,SAPDBL,71,43,10.0,1089.0,10890.0,2024-12-12
2024121205012600,NTC,49,45,20.0,950.0,19000.0,2024-12-12
2024121205012599,NTC,57,45,200.0,950.0,190000.0,2024-12-12
2024121205012598,NTC,1,45,100.0,950.0,95000.0,2024-12-12
2024121205012597,NTC,49,45,100.0,950.0,95000.0,2024-12-12
2024121205012596,NTC,58,45,105.0,950.1,99760.5,2024-12-12
2024121205012595,NTC,13,45,230.0,950.1,218523.0,2024-12-12
2024121205012594,NTC,17,45,500.0,950.6,475300.0,2024-12-12
2024121205012593,NTC,50,45,50.0,950.6,47530.0,2024-12-12
2024121205012592,NTC,42,45,160.0,950.7,152112.0,2024-12-12
2024121205012591,NTC,42,45,500.0,950.8,475400.0,2024-12-12
2024121205012590,NTC,42,45,47.0,951.0,44697.0,2024-12-12
2024121205012589,NTC,57,45,185.0,951.0,175935.0,2024-12-12
2024121205012588,NTC,6,45,100.0,951.0,95100.0,2024-12-12
2024121205012587,NTC,58,45,36.0,951.0,34236.0,2024-12-12
2024121205012586,NTC,40,45,200.0,951.1,190220.0,2024-12-12
2024121205012585,NTC,4,45,50.0,951.2,47560.0,2024-12-12
2024121205012584,NTC,35,45,80.0,952.0,76160.0,2024-12-12
2024121205012583,NTC,57,45,22.0,952.0,20944.0,2024-12-12
2024121205012582,NTC,19,45,47.0,952.0,44744.0,2024-12-12
2024121203014796,BFC,65,61,200.0,776.0,155200.0,2024-12-12
2024121203014795,ICFC,91,26,10.0,717.9,7179.0,2024-12-12
2024121201023834,TAMOR,95,86,30.0,532.0,15960.0,2024-12-12
2024121201023833,SPC,60,37,10.0,544.0,5440.0,2024-12-12
2024121201023832,MMKJL,82,60,500.0,747.0,373500.0,2024-12-12
2024121201023831,KBSH,60,34,10.0,2748.0,27480.0,2024-12-12
2024121201023830,NICA,42,71,170.0,404.5,68765.0,2024-12-12
2024121203014794,NFS,63,14,10.0,1089.0,10890.0,2024-12-12
2024121204015575,HURJA,33,26,75.0,241.3,18097.5,2024-12-12
2024121204015574,HURJA,33,42,25.0,241.2,6030.0,2024-12-12
2024121204015573,HURJA,33,14,300.0,241.0,72300.0,2024-12-12
2024121204015572,HURJA,33,7,200.0,240.0,48000.0,2024-12-12
2024121204015571,HURJA,33,17,900.0,240.0,216000.0,2024-12-12
2024121204015570,HURJA,33,17,500.0,240.0,120000.0,2024-12-12
2024121201023829,ANLB,62,53,28.0,5095.0,142660.0,2024-12-12
2024121201023828,ANLB,62,58,11.0,5095.0,56045.0,2024-12-12
2024121201023827,ANLB,62,41,11.0,5095.0,56045.0,2024-12-12
2024121201023826,CZBIL,32,34,100.0,220.0,22000.0,2024-12-12
2024121201023825,RFPL,62,89,100.0,1050.6,105060.0,2024-12-12
2024121201023824,RFPL,62,28,48.0,1050.6,50428.8,2024-12-12
2024121201023823,RFPL,62,26,100.0,1050.6,105060.0,2024-12-12
2024121201023822,RFPL,62,51,250.0,1050.1,262525.0,2024-12-12
2024121201023821,ADBL,84,42,30.0,333.0,9990.0,2024-12-12
2024121201023820,RFPL,62,7,30.0,1050.0,31500.0,2024-12-12
2024121201023819,UHEWA,49,49,150.0,736.0,110400.0,2024-12-12
2024121201023818,UHEWA,55,49,20.0,736.0,14720.0,2024-12-12
2024121201023817,UHEWA,50,49,190.0,736.0,139840.0,2024-12-12
2024121201023816,PPL,41,86,10.0,528.1,5281.0,2024-12-12
2024121201023815,PCBL,34,4,10.0,264.9,2649.0,2024-12-12
2024121204015569,CGH,34,44,10.0,919.0,9190.0,2024-12-12
2024121204015568,CGH,34,13,10.0,918.0,9180.0,2024-12-12
2024121203014793,SIFC,55,57,20.0,629.8,12596.0,2024-12-12
2024121203014792,SIFC,55,14,30.0,625.1,18753.0,2024-12-12
2024121205012581,ENL,55,77,300.0,1281.0,384300.0,2024-12-12
2024121205012580,ENL,95,77,500.0,1281.1,640550.0,2024-12-12
2024121205012579,ENL,48,77,10.0,1283.0,12830.0,2024-12-12
2024121205012578,ENL,19,77,50.0,1284.0,64200.0,2024-12-12
2024121205012577,ENL,48,77,10.0,1290.0,12900.0,2024-12-12
2024121201023814,BEDC,94,88,200.0,632.0,126400.0,2024-12-12
2024121201023813,MEHL,5,22,36.0,473.0,17028.0,2024-12-12
2024121201023812,NICA,59,14,76.0,404.0,30704.0,2024-12-12
2024121201023811,NICA,58,14,100.0,404.1,40410.0,2024-12-12
2024121201023810,NICA,47,14,24.0,404.1,9698.4,2024-12-12
2024121204015567,MEN,45,35,30.0,706.0,21180.0,2024-12-12
2024121205012576,GCIL,17,14,250.0,487.1,121775.0,2024-12-12
2024121204015566,JOSHI,44,6,200.0,414.0,82800.0,2024-12-12
2024121203014791,MSLB,44,77,10.0,1611.0,16110.0,2024-12-12
2024121203014790,MSLB,44,36,50.0,1600.0,80000.0,2024-12-12
2024121203014789,MSLB,44,57,40.0,1599.9,63996.0,2024-12-12
2024121205012575,NTC,50,38,20.0,954.9,19098.0,2024-12-12
2024121204015565,SJCL,43,45,10.0,368.0,3680.0,2024-12-12
2024121204015564,JOSHI,44,47,10.0,414.0,4140.0,2024-12-12
2024121201023809,MKHC,47,26,278.0,553.0,153734.0,2024-12-12
2024121201023808,MKHC,47,58,10.0,553.0,5530.0,2024-12-12
2024121201023807,MKHC,47,56,10.0,553.0,5530.0,2024-12-12
2024121201023806,MKHC,47,55,500.0,553.0,276500.0,2024-12-12
2024121201023805,MKHC,47,57,10.0,553.0,5530.0,2024-12-12
2024121201023804,MKHC,47,44,500.0,552.8,276400.0,2024-12-12
2024121201023803,MKHC,47,59,10.0,552.0,5520.0,2024-12-12
2024121201023802,MKHC,47,35,100.0,552.0,55200.0,2024-12-12
2024121201023801,MKHC,47,58,10.0,552.0,5520.0,2024-12-12
2024121201023800,MKHC,47,49,10.0,552.0,5520.0,2024-12-12
2024121201023799,MKHC,47,43,10.0,552.0,5520.0,2024-12-12
2024121201023798,MKHC,47,43,10.0,552.0,5520.0,2024-12-12
2024121201023797,MKHC,47,52,103.0,550.0,56650.0,2024-12-12
2024121201023796,MKHC,47,4,10.0,550.0,5500.0,2024-12-12
2024121201023795,MKHC,47,21,10.0,550.0,5500.0,2024-12-12
2024121201023794,MKHC,47,41,10.0,550.0,5500.0,2024-12-12
2024121201023793,MKHC,47,38,10.0,550.0,5500.0,2024-12-12
2024121201023792,MKHC,47,49,10.0,550.0,5500.0,2024-12-12
2024121201023791,MKHC,47,54,100.0,550.0,55000.0,2024-12-12
2024121201023790,MKHC,47,6,100.0,550.0,55000.0,2024-12-12
2024121201023789,MKHC,47,4,500.0,550.0,275000.0,2024-12-12
2024121201023788,MKHC,47,41,10.0,550.0,5500.0,2024-12-12
2024121201023787,MKHC,47,35,90.0,549.0,49410.0,2024-12-12
2024121201023786,MKHC,47,32,200.0,548.9,109780.0,2024-12-12
2024121201023785,MKHC,47,81,396.0,547.9,216968.4,2024-12-12
2024121201023784,MKHC,47,42,2062.0,545.0,1123790.0,2024-12-12
2024121201023783,MKHC,47,34,21.0,545.0,11445.0,2024-12-12
2024121201023782,MKHC,47,54,10.0,545.0,5450.0,2024-12-12
2024121201023781,MKHC,47,41,10.0,545.0,5450.0,2024-12-12
2024121201023780,MKHC,47,43,350.0,545.0,190750.0,2024-12-12
2024121201023779,MKHC,47,19,500.0,545.0,272500.0,2024-12-12
2024121201023778,MKHC,47,17,50.0,545.0,27250.0,2024-12-12
2024121201023777,MKHC,47,26,100.0,544.9,54490.0,2024-12-12
2024121201023776,MKHC,47,14,10.0,544.0,5440.0,2024-12-12
2024121201023775,MKHC,47,17,30.0,544.0,16320.0,2024-12-12
2024121201023774,MKHC,47,11,100.0,543.9,54390.0,2024-12-12
2024121201023773,MKHC,47,41,10.0,543.0,5430.0,2024-12-12
2024121201023772,MKHC,47,49,1000.0,542.9,542900.0,2024-12-12
2024121201023771,MKHC,47,53,200.0,540.0,108000.0,2024-12-12
2024121201023770,MKHC,47,38,20.0,540.0,10800.0,2024-12-12
2024121201023769,MKHC,47,53,170.0,540.0,91800.0,2024-12-12
2024121201023768,MKHC,47,46,350.0,539.0,188650.0,2024-12-12
2024121203014788,SMFBS,74,56,27.0,2120.0,57240.0,2024-12-12
2024121203014787,SMFBS,74,7,10.0,2115.0,21150.0,2024-12-12
2024121203014786,SMFBS,74,53,10.0,2115.0,21150.0,2024-12-12
2024121203014785,SMFBS,74,57,10.0,2102.0,21020.0,2024-12-12
2024121203014784,SMFBS,74,49,20.0,2102.0,42040.0,2024-12-12
2024121203014783,SMFBS,74,17,23.0,2099.0,48277.0,2024-12-12
2024121201023767,TVCL,57,45,10.0,557.9,5579.0,2024-12-12
2024121203014782,LLBS,44,58,76.0,1162.0,88312.0,2024-12-12
2024121201023766,DOLTI,50,1,40.0,666.1,26644.0,2024-12-12
2024121201023765,DOLTI,47,1,100.0,666.1,66610.0,2024-12-12
2024121201023764,DOLTI,40,1,60.0,666.1,39966.0,2024-12-12
2024121201023763,NESDO,1,48,10.0,2228.0,22280.0,2024-12-12
2024121201023762,NESDO,1,58,10.0,2205.0,22050.0,2024-12-12
2024121201023761,NESDO,1,58,10.0,2199.0,21990.0,2024-12-12
2024121205012574,SHIVM,95,42,300.0,573.0,171900.0,2024-12-12
2024121205012573,NTC,40,29,200.0,953.0,190600.0,2024-12-12
2024121205012572,SHIVM,8,42,89.0,571.0,50819.0,2024-12-12
2024121205012571,SHIVM,42,42,100.0,571.0,57100.0,2024-12-12
2024121205012570,SHIVM,35,42,11.0,572.0,6292.0,2024-12-12
2024121201023760,MKHL,58,62,150.0,655.0,98250.0,2024-12-12
2024121201023759,MKHL,10,62,270.0,655.1,176877.0,2024-12-12
2024121204015563,HDHPC,32,49,16.0,207.5,3320.0,2024-12-12
2024121204015562,HDHPC,32,40,84.0,207.5,17430.0,2024-12-12
2024121203014781,NMBMF,52,32,100.0,708.0,70800.0,2024-12-12
2024121204015561,RURU,32,52,79.0,718.1,56729.9,2024-12-12
2024121204015560,RURU,85,52,41.0,720.0,29520.0,2024-12-12
2024121204015559,RURU,39,52,100.0,722.0,72200.0,2024-12-12
2024121204015558,RURU,22,52,100.0,722.1,72210.0,2024-12-12
2024121204015557,RURU,45,52,80.0,726.9,58152.0,2024-12-12
2024121204015556,SHPC,91,38,158.0,538.5,85083.0,2024-12-12
2024121203014780,PROFL,38,45,80.0,676.0,54080.0,2024-12-12
2024121201023758,TPC,38,6,100.0,563.2,56320.0,2024-12-12
2024121201023757,TPC,38,45,10.0,563.0,5630.0,2024-12-12
2024121201023756,TPC,38,56,180.0,562.4,101232.0,2024-12-12
2024121201023755,TPC,38,49,10.0,560.0,5600.0,2024-12-12
2024121201023754,TPC,38,22,100.0,560.0,56000.0,2024-12-12
2024121201023753,TPC,38,45,500.0,560.0,280000.0,2024-12-12
2024121203014779,CFCL,14,49,604.0,641.0,387164.0,2024-12-12
2024121203014778,CFCL,33,49,50.0,641.0,32050.0,2024-12-12
2024121203014777,CFCL,1,49,300.0,641.0,192300.0,2024-12-12
2024121203014776,CFCL,14,49,46.0,641.0,29486.0,2024-12-12
2024121204015555,UMRH,63,45,300.0,650.0,195000.0,2024-12-12
2024121204015554,UMRH,36,45,100.0,650.0,65000.0,2024-12-12
2024121204015553,UMRH,77,45,332.0,650.0,215800.0,2024-12-12
2024121201023752,HIDCLP,34,57,159.0,170.0,27030.0,2024-12-12
2024121201023751,HIDCLP,34,16,100.0,170.0,17000.0,2024-12-12
2024121201023750,HIDCLP,34,34,671.0,170.0,114070.0,2024-12-12
2024121201023749,HIDCLP,34,57,70.0,169.3,11851.0,2024-12-12
2024121201023748,DLBS,34,5,10.0,1600.0,16000.0,2024-12-12
2024121201023747,SGHC,34,13,45.0,481.8,21681.0,2024-12-12
2024121201023746,SGHC,34,42,10.0,481.1,4811.0,2024-12-12
2024121201023745,SGHC,34,14,45.0,481.0,21645.0,2024-12-12
2024121201023744,BHDC,57,65,70.0,647.3,45311.0,2024-12-12
2024121203014775,NFS,55,14,50.0,1089.0,54450.0,2024-12-12
2024121204015552,AKJCL,47,48,200.0,209.5,41900.0,2024-12-12
2024121205012569,ENL,48,51,10.0,1295.0,12950.0,2024-12-12
2024121205012568,NRN,21,21,10.0,1017.3,10173.0,2024-12-12
2024121203014774,NABBC,58,59,70.0,1242.0,86940.0,2024-12-12
2024121204015551,BPCL,41,74,10.0,411.9,4119.0,2024-12-12
2024121204015550,HURJA,45,57,250.0,239.9,59975.0,2024-12-12
2024121201023743,BHPL,90,41,10.0,787.0,7870.0,2024-12-12
2024121203014773,ICFC,45,26,10.0,717.9,7179.0,2024-12-12
2024121204015549,JOSHI,72,74,101.0,447.7,45217.7,2024-12-12
2024121203014772,SAPDBL,44,43,50.0,1089.0,54450.0,2024-12-12
2024121205012567,NRIC,58,8,330.0,767.0,253110.0,2024-12-12
2024121205012566,NRIC,40,8,10.0,767.1,7671.0,2024-12-12
2024121203014771,SAPDBL,47,43,50.0,1080.1,54005.0,2024-12-12
2024121203014770,SAPDBL,58,43,50.0,1080.1,54005.0,2024-12-12
2024121203014769,SAPDBL,58,43,100.0,1081.0,108100.0,2024-12-12
2024121201023742,RFPL,62,8,10.0,1050.0,10500.0,2024-12-12
2024121201023741,MKHC,43,46,550.0,539.0,296450.0,2024-12-12
2024121201023740,MKHC,43,21,10.0,539.0,5390.0,2024-12-12
2024121201023739,MKHC,43,17,40.0,539.0,21560.0,2024-12-12
2024121203014768,GUFL,45,57,69.0,720.0,49680.0,2024-12-12
2024121203014767,GUFL,32,57,80.0,720.0,57600.0,2024-12-12
2024121203014766,GUFL,45,57,100.0,720.0,72000.0,2024-12-12
2024121203014765,GUFL,49,57,20.0,720.0,14400.0,2024-12-12
2024121203014764,GUFL,58,57,100.0,720.0,72000.0,2024-12-12
2024121203014763,GUFL,45,57,281.0,720.0,202320.0,2024-12-12
2024121201023738,USHEC,25,58,10.0,605.5,6055.0,2024-12-12
2024121204015548,NHPC,58,45,365.0,223.9,81723.5,2024-12-12
2024121203014762,MLBBL,58,58,10.0,1660.0,16600.0,2024-12-12
2024121205012565,SHIVM,35,3,159.0,572.0,90948.0,2024-12-12
2024121205012564,SHIVM,49,3,41.0,572.0,23452.0,2024-12-12
2024121204015547,IGI,42,29,500.0,599.0,299500.0,2024-12-12
2024121204015546,IGI,42,1,135.0,598.4,80784.0,2024-12-12
2024121204015545,IGI,42,38,10.0,598.2,5982.0,2024-12-12
2024121201023737,MAKAR,42,34,40.0,638.0,25520.0,2024-12-12
2024121201023736,MAKAR,42,51,10.0,637.0,6370.0,2024-12-12
2024121201023735,MAKAR,42,36,150.0,634.1,95115.0,2024-12-12
2024121201023734,EHPL,14,32,35.0,730.0,25550.0,2024-12-12
2024121201023733,EHPL,52,32,25.0,730.1,18252.5,2024-12-12
2024121201023732,EHPL,43,32,200.0,733.0,146600.0,2024-12-12
2024121201023731,EHPL,38,32,20.0,733.0,14660.0,2024-12-12
2024121203014761,GUFL,45,13,30.0,720.0,21600.0,2024-12-12
2024121203014760,GUFL,38,13,500.0,720.0,360000.0,2024-12-12
2024121203014759,GUFL,58,13,100.0,720.1,72010.0,2024-12-12
2024121203014758,GUFL,40,13,20.0,720.1,14402.0,2024-12-12
2024121203014757,GUFL,6,13,150.0,721.0,108150.0,2024-12-12
2024121201023730,RFPL,62,89,440.0,1050.0,462000.0,2024-12-12
2024121201023729,RFPL,62,62,200.0,1050.0,210000.0,2024-12-12
2024121201023728,RFPL,62,19,10.0,1050.0,10500.0,2024-12-12
2024121201023727,RFPL,62,37,30.0,1050.0,31500.0,2024-12-12
2024121201023726,RFPL,62,42,200.0,1050.0,210000.0,2024-12-12
2024121201023725,RFPL,62,8,250.0,1050.0,262500.0,2024-12-12
2024121201023724,RFPL,62,89,50.0,1050.0,52500.0,2024-12-12
2024121201023723,RFPL,62,58,10.0,1050.0,10500.0,2024-12-12
2024121201023722,RFPL,62,26,195.0,1050.0,204750.0,2024-12-12
2024121201023721,RFPL,62,89,100.0,1050.0,105000.0,2024-12-12
2024121201023720,RFPL,62,84,100.0,1050.0,105000.0,2024-12-12
2024121201023719,RFPL,62,61,40.0,1050.0,42000.0,2024-12-12
2024121201023718,RFPL,62,45,10.0,1050.0,10500.0,2024-12-12
2024121201023717,RFPL,62,36,10.0,1050.0,10500.0,2024-12-12
2024121201023716,RFPL,62,45,20.0,1050.0,21000.0,2024-12-12
2024121201023715,RFPL,62,57,400.0,1050.0,420000.0,2024-12-12
2024121201023714,RFPL,62,45,50.0,1050.0,52500.0,2024-12-12
2024121201023713,RFPL,62,45,10.0,1050.0,10500.0,2024-12-12
2024121201023712,RFPL,62,45,10.0,1050.0,10500.0,2024-12-12
2024121201023711,RFPL,62,45,50.0,1050.0,52500.0,2024-12-12
2024121201023710,RFPL,62,49,10.0,1050.0,10500.0,2024-12-12
2024121201023709,RFPL,62,17,100.0,1049.5,104950.0,2024-12-12
2024121201023708,RFPL,62,84,100.0,1049.5,104950.0,2024-12-12
2024121201023707,RFPL,62,47,200.0,1049.5,209900.0,2024-12-12
2024121201023706,RFPL,62,62,750.0,1049.5,787125.0,2024-12-12
2024121201023705,RFPL,62,58,50.0,1049.5,52475.0,2024-12-12
2024121201023704,RFPL,62,89,50.0,1049.5,52475.0,2024-12-12
2024121201023703,RFPL,62,45,50.0,1049.5,52475.0,2024-12-12
2024121201023702,RFPL,62,48,10.0,1049.5,10495.0,2024-12-12
2024121201023701,RFPL,62,17,50.0,1049.0,52450.0,2024-12-12
2024121201023700,RFPL,62,57,100.0,1049.0,104900.0,2024-12-12
2024121201023699,RFPL,62,29,10.0,1049.0,10490.0,2024-12-12
2024121201023698,RFPL,62,57,200.0,1049.0,209800.0,2024-12-12
2024121201023697,RFPL,62,58,520.0,1049.0,545480.0,2024-12-12
2024121201023696,RFPL,62,26,100.0,1049.0,104900.0,2024-12-12
2024121201023695,RFPL,62,57,250.0,1049.0,262250.0,2024-12-12
2024121201023694,RFPL,62,58,10.0,1049.0,10490.0,2024-12-12
2024121201023693,RFPL,62,45,10.0,1049.0,10490.0,2024-12-12
2024121201023692,RFPL,62,45,10.0,1048.7,10487.0,2024-12-12
2024121201023691,RFPL,62,45,20.0,1048.6,20972.0,2024-12-12
2024121201023690,RFPL,62,46,10.0,1048.1,10481.0,2024-12-12
2024121201023689,RFPL,62,45,100.0,1048.0,104800.0,2024-12-12
2024121201023688,RFPL,62,62,200.0,1048.0,209600.0,2024-12-12
2024121201023687,RFPL,62,28,10.0,1048.0,10480.0,2024-12-12
2024121201023686,RFPL,62,41,10.0,1048.0,10480.0,2024-12-12
2024121201023685,RFPL,62,84,50.0,1048.0,52400.0,2024-12-12
2024121201023684,RFPL,62,17,50.0,1047.0,52350.0,2024-12-12
2024121201023683,RFPL,62,34,10.0,1046.0,10460.0,2024-12-12
2024121201023682,RFPL,62,17,50.0,1045.0,52250.0,2024-12-12
2024121201023681,RFPL,62,45,10.0,1045.0,10450.0,2024-12-12
2024121201023680,RFPL,62,45,10.0,1045.0,10450.0,2024-12-12
2024121201023679,RFPL,62,45,120.0,1045.0,125400.0,2024-12-12
2024121201023678,RFPL,62,42,10.0,1045.0,10450.0,2024-12-12
2024121201023677,RFPL,62,55,10.0,1045.0,10450.0,2024-12-12
2024121201023676,RFPL,62,38,171.0,1040.0,177840.0,2024-12-12
2024121201023675,RFPL,62,83,10.0,1040.0,10400.0,2024-12-12
2024121201023674,RFPL,62,4,10.0,1040.0,10400.0,2024-12-12
2024121201023673,RFPL,62,25,10.0,1040.0,10400.0,2024-12-12
2024121201023672,RFPL,62,40,10.0,1040.0,10400.0,2024-12-12
2024121201023671,RFPL,62,17,50.0,1039.0,51950.0,2024-12-12
2024121201023670,RFPL,62,34,10.0,1038.0,10380.0,2024-12-12
2024121201023669,RFPL,62,11,10.0,1038.0,10380.0,2024-12-12
2024121201023668,RFPL,62,48,10.0,1035.0,10350.0,2024-12-12
2024121201023667,RFPL,62,29,50.0,1035.0,51750.0,2024-12-12
2024121201023666,RFPL,62,54,10.0,1035.0,10350.0,2024-12-12
2024121201023665,RFPL,62,16,10.0,1031.5,10315.0,2024-12-12
2024121201023664,RFPL,62,25,10.0,1030.5,10305.0,2024-12-12
2024121201023663,RFPL,62,58,10.0,1030.5,10305.0,2024-12-12
2024121201023662,ANLB,62,44,11.0,5090.0,55990.0,2024-12-12
2024121201023661,ANLB,62,54,15.0,5089.7,76345.5,2024-12-12
2024121201023660,ANLB,62,34,10.0,5087.9,50879.0,2024-12-12
2024121201023659,ANLB,62,37,10.0,5080.0,50800.0,2024-12-12
2024121201023658,BEDC,81,16,10.0,637.0,6370.0,2024-12-12
2024121201023657,MHL,66,25,10.0,882.0,8820.0,2024-12-12
2024121205012563,GCIL,17,49,123.0,487.1,59913.3,2024-12-12
2024121204015544,UNHPL,49,39,500.0,297.0,148500.0,2024-12-12
2024121204015543,SSHL,34,59,10.0,241.0,2410.0,2024-12-12
2024121205012562,HATHY,96,74,100.0,1385.0,138500.0,2024-12-12
2024121205012561,STC,33,38,20.0,5770.0,115400.0,2024-12-12
2024121205012560,HIDCL,21,38,700.0,249.9,174930.0,2024-12-12
2024121201023656,KBL,34,77,45.0,220.9,9940.5,2024-12-12
2024121201023655,KBL,34,52,100.0,220.4,22040.0,2024-12-12
2024121201023654,KBL,34,19,500.0,220.0,110000.0,2024-12-12
2024121201023653,KBL,34,32,500.0,220.0,110000.0,2024-12-12
2024121201023652,KBL,34,34,750.0,220.0,165000.0,2024-12-12
2024121201023651,KBL,34,49,100.0,220.0,22000.0,2024-12-12
2024121201023650,KBL,34,58,78.0,220.0,17160.0,2024-12-12
2024121201023649,KBL,34,72,427.0,220.0,93940.0,2024-12-12
2024121205012559,SONA,38,48,120.0,467.0,56040.0,2024-12-12
2024121203014756,JFL,88,26,10.0,885.9,8859.0,2024-12-12
2024121201023648,CYCL,62,45,30.0,1658.0,49740.0,2024-12-12
2024121201023647,AHL,3,21,100.0,734.0,73400.0,2024-12-12
2024121204015542,PRIN,4,45,300.0,975.0,292500.0,2024-12-12
2024121203014755,NMFBS,13,14,10.0,1281.1,12811.0,2024-12-12
2024121203014754,NMFBS,34,14,10.0,1281.1,12811.0,2024-12-12
2024121203014753,NMFBS,42,14,10.0,1282.0,12820.0,2024-12-12
2024121203014752,NMFBS,53,14,20.0,1282.1,25642.0,2024-12-12
2024121201023646,ADBL,46,42,20.0,333.0,6660.0,2024-12-12
2024121203014751,SINDU,14,34,10.0,955.0,9550.0,2024-12-12
2024121204015541,GLH,35,38,200.0,249.0,49800.0,2024-12-12
2024121203014750,SMFBS,38,49,23.0,2091.0,48093.0,2024-12-12
2024121203014749,SMFBS,38,39,40.0,2091.0,83640.0,2024-12-12
2024121203014748,SMFBS,38,65,79.0,2086.0,164794.0,2024-12-12
2024121203014747,SMFBS,38,26,50.0,2085.9,104295.0,2024-12-12
2024121203014746,NFS,38,49,50.0,1089.0,54450.0,2024-12-12
2024121201023645,SANIMA,44,60,10.0,310.9,3109.0,2024-12-12
2024121203014745,PFL,57,8,80.0,657.0,52560.0,2024-12-12
2024121203014744,PFL,42,8,50.0,657.0,32850.0,2024-12-12
2024121203014743,KMCDB,47,25,145.0,1124.8,163096.0,2024-12-12
2024121203014742,KMCDB,47,34,10.0,1123.0,11230.0,2024-12-12
2024121203014741,KMCDB,47,45,50.0,1122.0,56100.0,2024-12-12
2024121203014740,KMCDB,47,42,20.0,1121.0,22420.0,2024-12-12
2024121203014739,KMCDB,47,13,69.0,1120.0,77280.0,2024-12-12
2024121205012558,HIDCL,21,47,10.0,249.9,2499.0,2024-12-12
2024121203014738,FOWAD,54,34,40.0,1255.0,50200.0,2024-12-12
2024121201023644,USHL,58,57,25.0,760.0,19000.0,2024-12-12
2024121204015540,NLG,55,35,12.0,940.0,11280.0,2024-12-12
2024121201023643,RHGCL,35,50,10.0,518.0,5180.0,2024-12-12
2024121204015539,UPPER,42,58,54.0,210.5,11367.0,2024-12-12
2024121204015538,UPPER,47,58,96.0,210.5,20208.0,2024-12-12
2024121205012557,NRN,58,39,155.0,1030.0,159650.0,2024-12-12
2024121205012556,NRN,58,48,50.0,1029.0,51450.0,2024-12-12
2024121205012555,NRN,58,75,100.0,1029.0,102900.0,2024-12-12
2024121205012554,NRN,58,58,400.0,1029.0,411600.0,2024-12-12
2024121205012553,NRN,58,57,10.0,1029.0,10290.0,2024-12-12
2024121205012552,NRN,58,58,2285.0,1020.0,2330700.0,2024-12-12
2024121203014737,PFL,42,42,200.0,657.0,131400.0,2024-12-12
2024121204015537,API,42,95,35.0,273.9,9586.5,2024-12-12
2024121201023642,SANIMA,33,42,40.0,310.1,12404.0,2024-12-12
2024121201023641,ANLB,62,37,10.0,5080.0,50800.0,2024-12-12
2024121201023640,MEHL,38,22,52.0,473.0,24596.0,2024-12-12
2024121203014736,SMB,45,49,50.0,2627.0,131350.0,2024-12-12
2024121203014735,BFC,65,59,25.0,776.0,19400.0,2024-12-12
2024121203014734,EDBL,41,62,10.0,659.1,6591.0,2024-12-12
2024121203014733,JFL,22,88,200.0,861.2,172240.0,2024-12-12
2024121203014732,JFL,55,88,30.0,861.2,25836.0,2024-12-12
2024121203014731,JFL,39,88,100.0,861.2,86120.0,2024-12-12
2024121203014730,JFL,43,88,50.0,861.2,43060.0,2024-12-12
2024121203014729,JFL,59,88,25.0,861.2,21530.0,2024-12-12
2024121203014728,JFL,57,88,100.0,861.2,86120.0,2024-12-12
2024121203014727,JFL,13,88,10.0,861.2,8612.0,2024-12-12
2024121203014726,JFL,8,88,18.0,861.2,15501.6,2024-12-12
2024121203014725,JFL,53,88,20.0,861.2,17224.0,2024-12-12
2024121203014724,JFL,40,88,555.0,861.2,477966.0,2024-12-12
2024121203014723,JFL,10,88,100.0,861.2,86120.0,2024-12-12
2024121203014722,JFL,6,88,100.0,861.2,86120.0,2024-12-12
2024121203014721,JFL,6,88,100.0,861.2,86120.0,2024-12-12
2024121203014720,JFL,44,88,100.0,861.2,86120.0,2024-12-12
2024121203014719,JFL,28,88,10.0,861.2,8612.0,2024-12-12
2024121203014718,JFL,49,88,50.0,861.2,43060.0,2024-12-12
2024121203014717,JFL,80,88,10.0,861.2,8612.0,2024-12-12
2024121203014716,JFL,53,88,40.0,861.2,34448.0,2024-12-12
2024121203014715,JFL,57,88,100.0,861.2,86120.0,2024-12-12
2024121203014714,JFL,13,88,500.0,861.2,430600.0,2024-12-12
2024121203014713,JFL,71,88,100.0,861.2,86120.0,2024-12-12
2024121203014712,JFL,34,88,50.0,861.2,43060.0,2024-12-12
2024121203014711,JFL,4,88,30.0,861.2,25836.0,2024-12-12
2024121203014710,JFL,43,88,60.0,861.2,51672.0,2024-12-12
2024121203014709,JFL,38,88,200.0,861.2,172240.0,2024-12-12
2024121203014708,JFL,42,88,100.0,861.2,86120.0,2024-12-12
2024121203014707,JFL,39,88,30.0,861.2,25836.0,2024-12-12
2024121203014706,JFL,44,88,30.0,861.2,25836.0,2024-12-12
2024121203014705,JFL,34,88,50.0,861.2,43060.0,2024-12-12
2024121203014704,JFL,59,88,50.0,861.2,43060.0,2024-12-12
2024121203014703,JFL,41,88,35.0,861.2,30142.0,2024-12-12
2024121203014702,JFL,42,88,230.0,861.3,198099.0,2024-12-12
2024121203014701,JFL,6,88,30.0,861.3,25839.0,2024-12-12
2024121203014700,JFL,71,88,50.0,861.5,43075.0,2024-12-12
2024121203014699,JFL,45,88,50.0,861.5,43075.0,2024-12-12
2024121203014698,JFL,57,88,10.0,862.0,8620.0,2024-12-12
2024121203014697,JFL,42,88,250.0,862.0,215500.0,2024-12-12
2024121203014696,JFL,58,88,100.0,862.0,86200.0,2024-12-12
2024121203014695,JFL,6,88,30.0,862.0,25860.0,2024-12-12
2024121203014694,JFL,38,88,100.0,862.0,86200.0,2024-12-12
2024121203014693,JFL,56,88,100.0,862.0,86200.0,2024-12-12
2024121203014692,JFL,6,88,10.0,862.0,8620.0,2024-12-12
2024121203014691,JFL,37,88,50.0,862.0,43100.0,2024-12-12
2024121203014690,JFL,62,88,80.0,862.0,68960.0,2024-12-12
2024121203014689,JFL,39,88,100.0,862.0,86200.0,2024-12-12
2024121203014688,JFL,38,88,90.0,862.0,77580.0,2024-12-12
2024121203014687,JFL,55,88,50.0,862.0,43100.0,2024-12-12
2024121203014686,JFL,38,88,30.0,862.0,25860.0,2024-12-12
2024121203014685,JFL,57,88,10.0,862.0,8620.0,2024-12-12
2024121203014684,JFL,71,88,100.0,862.0,86200.0,2024-12-12
2024121203014683,JFL,26,88,200.0,862.0,172400.0,2024-12-12
2024121203014682,JFL,34,88,200.0,862.0,172400.0,2024-12-12
2024121203014681,JFL,39,88,50.0,862.0,43100.0,2024-12-12
2024121203014680,JFL,49,88,200.0,862.0,172400.0,2024-12-12
2024121203014679,JFL,19,88,100.0,862.0,86200.0,2024-12-12
2024121203014678,JFL,52,88,500.0,862.0,431000.0,2024-12-12
2024121203014677,JFL,50,88,100.0,862.0,86200.0,2024-12-12
2024121203014676,JFL,80,88,100.0,862.0,86200.0,2024-12-12
2024121203014675,JFL,62,88,500.0,862.0,431000.0,2024-12-12
2024121203014674,JFL,7,88,10.0,862.0,8620.0,2024-12-12
2024121203014673,JFL,45,88,100.0,862.2,86220.0,2024-12-12
2024121203014672,JFL,34,88,50.0,862.4,43120.0,2024-12-12
2024121203014671,JFL,13,88,800.0,862.4,689920.0,2024-12-12
2024121203014670,JFL,34,88,100.0,862.4,86240.0,2024-12-12
2024121203014669,JFL,42,88,579.0,862.4,499329.6,2024-12-12
2024121203014668,JFL,13,88,100.0,862.4,86240.0,2024-12-12
2024121203014667,JFL,39,88,110.0,862.4,94864.0,2024-12-12
2024121203014666,JFL,51,88,100.0,862.4,86240.0,2024-12-12
2024121203014665,JFL,7,88,100.0,862.4,86240.0,2024-12-12
2024121203014664,JFL,19,88,25.0,862.4,21560.0,2024-12-12
2024121203014663,JFL,62,88,10.0,862.4,8624.0,2024-12-12
2024121203014662,JFL,61,88,200.0,862.5,172500.0,2024-12-12
2024121203014661,JFL,45,88,50.0,863.0,43150.0,2024-12-12
2024121203014660,JFL,16,88,100.0,863.0,86300.0,2024-12-12
2024121203014659,JFL,16,88,10.0,863.0,8630.0,2024-12-12
2024121203014658,JFL,5,88,50.0,863.0,43150.0,2024-12-12
2024121203014657,JFL,4,88,115.0,863.0,99245.0,2024-12-12
2024121203014656,JFL,54,88,25.0,863.3,21582.5,2024-12-12
2024121203014655,JFL,29,88,50.0,865.0,43250.0,2024-12-12
2024121203014654,JFL,58,88,10.0,865.0,8650.0,2024-12-12
2024121203014653,JFL,45,88,10.0,865.0,8650.0,2024-12-12
2024121203014652,JFL,34,88,10.0,865.0,8650.0,2024-12-12
2024121203014651,JFL,22,88,200.0,865.0,173000.0,2024-12-12
2024121203014650,JFL,6,88,500.0,865.0,432500.0,2024-12-12
2024121203014649,JFL,58,88,100.0,865.0,86500.0,2024-12-12
2024121203014648,JFL,16,88,100.0,865.0,86500.0,2024-12-12
2024121203014647,JFL,32,88,250.0,865.0,216250.0,2024-12-12
2024121203014646,JFL,34,88,90.0,865.0,77850.0,2024-12-12
2024121203014645,JFL,58,88,500.0,867.0,433500.0,2024-12-12
2024121203014644,JFL,35,88,500.0,867.0,433500.0,2024-12-12
2024121203014643,JFL,44,88,10.0,868.0,8680.0,2024-12-12
2024121203014642,JFL,58,88,50.0,869.0,43450.0,2024-12-12
2024121203014641,JFL,11,88,50.0,870.0,43500.0,2024-12-12
2024121203014640,JFL,43,88,150.0,870.0,130500.0,2024-12-12
2024121203014639,JFL,19,88,100.0,870.0,87000.0,2024-12-12
2024121203014638,JFL,34,88,138.0,870.0,120060.0,2024-12-12
2024121203014637,JFL,45,88,150.0,870.0,130500.0,2024-12-12
2024121203014636,JFL,7,88,60.0,870.0,52200.0,2024-12-12
2024121203014635,JFL,39,88,50.0,870.0,43500.0,2024-12-12
2024121203014634,JFL,42,88,100.0,870.0,87000.0,2024-12-12
2024121203014633,JFL,33,88,1000.0,870.0,870000.0,2024-12-12
2024121203014632,JFL,8,88,40.0,870.0,34800.0,2024-12-12
2024121203014631,JFL,80,88,550.0,871.0,479050.0,2024-12-12
2024121203014630,JFL,50,88,10.0,871.0,8710.0,2024-12-12
2024121203014629,JFL,6,88,300.0,872.0,261600.0,2024-12-12
2024121203014628,JFL,45,88,50.0,872.0,43600.0,2024-12-12
2024121203014627,JFL,44,88,200.0,872.0,174400.0,2024-12-12
2024121203014626,JFL,49,88,10.0,873.0,8730.0,2024-12-12
2024121203014625,JFL,45,88,200.0,873.0,174600.0,2024-12-12
2024121203014624,JFL,22,88,500.0,873.0,436500.0,2024-12-12
2024121203014623,JFL,52,88,57.0,873.1,49766.7,2024-12-12
2024121203014622,JFL,56,88,100.0,874.0,87400.0,2024-12-12
2024121203014621,JFL,14,88,50.0,874.0,43700.0,2024-12-12
2024121203014620,JFL,58,88,50.0,875.0,43750.0,2024-12-12
2024121203014619,JFL,47,88,20.0,875.0,17500.0,2024-12-12
2024121203014618,JFL,60,88,6600.0,875.0,5775000.0,2024-12-12
2024121203014617,JFL,54,88,80.0,875.0,70000.0,2024-12-12
2024121203014616,JFL,57,88,200.0,875.1,175020.0,2024-12-12
2024121203014615,JFL,21,88,100.0,880.0,88000.0,2024-12-12
2024121203014614,JFL,39,88,10.0,883.0,8830.0,2024-12-12
2024121204015536,SPIL,62,5,30.0,805.0,24150.0,2024-12-12
2024121204015535,SPIL,48,5,20.0,805.0,16100.0,2024-12-12
2024121204015534,SPIL,44,5,250.0,805.0,201250.0,2024-12-12
2024121204015533,SPIL,38,5,50.0,806.0,40300.0,2024-12-12
2024121204015532,SPIL,42,5,50.0,806.0,40300.0,2024-12-12
2024121204015531,SPIL,44,5,100.0,806.0,80600.0,2024-12-12
2024121204015530,IGI,38,38,200.0,598.2,119640.0,2024-12-12
2024121204015529,SHEL,39,56,1120.0,251.0,281120.0,2024-12-12
2024121205012551,MBJC,44,49,10.0,352.0,3520.0,2024-12-12
2024121203014613,CORBL,8,47,20.0,1685.0,33700.0,2024-12-12
2024121203014612,MFIL,6,1,180.0,707.0,127260.0,2024-12-12
2024121203014611,MFIL,62,1,500.0,707.0,353500.0,2024-12-12
2024121203014610,MFIL,11,1,20.0,707.0,14140.0,2024-12-12
2024121204015528,UPCL,35,25,150.0,288.0,43200.0,2024-12-12
2024121203014609,RLFL,95,45,12.0,627.0,7524.0,2024-12-12
2024121203014608,GFCL,22,45,25.0,840.0,21000.0,2024-12-12
2024121203014607,PROFL,57,45,20.0,676.0,13520.0,2024-12-12
2024121203014606,GMFIL,3,58,107.0,617.0,66019.0,2024-12-12
2024121203014605,SINDU,4,34,50.0,955.0,47750.0,2024-12-12
2024121201023639,TAMOR,81,52,40.0,525.2,21008.0,2024-12-12
2024121204015527,UPCL,35,58,20.0,288.5,5770.0,2024-12-12
2024121203014604,SJLIC,34,28,10.0,462.0,4620.0,2024-12-12
2024121205012550,NRN,34,58,20.0,1020.0,20400.0,2024-12-12
2024121201023638,MEHL,38,41,20.0,473.0,9460.0,2024-12-12
2024121201023637,ADBL,98,42,10.0,333.0,3330.0,2024-12-12
2024121201023636,ADBL,98,44,10.0,332.0,3320.0,2024-12-12
2024121203014603,SHINE,35,14,100.0,458.0,45800.0,2024-12-12
2024121203014602,SIFC,22,14,163.0,625.0,101875.0,2024-12-12
2024121203014601,SIFC,3,14,137.0,625.0,85625.0,2024-12-12
2024121201023635,NBL,51,48,20.0,268.5,5370.0,2024-12-12
2024121201023634,MMKJL,82,52,100.0,747.0,74700.0,2024-12-12
2024121201023633,MMKJL,82,42,10.0,747.0,7470.0,2024-12-12
2024121203014600,MLBBL,14,47,47.0,1651.0,77597.0,2024-12-12
2024121203014599,MLBBL,36,47,103.0,1651.0,170053.0,2024-12-12
2024121201023632,MHCL,33,47,500.0,574.3,287150.0,2024-12-12
2024121205012549,HRL,53,45,100.0,820.0,82000.0,2024-12-12
2024121201023631,SBI,17,45,100.0,458.0,45800.0,2024-12-12
2024121201023630,TVCL,17,45,30.0,555.0,16650.0,2024-12-12
2024121203014598,PROFL,13,25,530.0,679.9,360347.0,2024-12-12
2024121203014597,PROFL,13,34,200.0,679.5,135900.0,2024-12-12
2024121203014596,PROFL,13,34,100.0,679.0,67900.0,2024-12-12
2024121203014595,PROFL,13,60,40.0,678.0,27120.0,2024-12-12
2024121203014594,PROFL,13,34,100.0,677.0,67700.0,2024-12-12
2024121203014593,PROFL,13,99,30.0,677.0,20310.0,2024-12-12
2024121203014592,KRBL,42,80,63.0,815.0,51345.0,2024-12-12
2024121201023629,ANLB,62,37,50.0,5080.0,254000.0,2024-12-12
2024121204015526,HDHPC,34,40,200.0,207.5,41500.0,2024-12-12
2024121204015525,HDHPC,45,40,16.0,207.5,3320.0,2024-12-12
2024121201023628,SARBTM,58,44,100.0,780.0,78000.0,2024-12-12
2024121201023627,SARBTM,25,44,100.0,781.0,78100.0,2024-12-12
2024121203014591,HLBSL,1,32,40.0,971.1,38844.0,2024-12-12
2024121203014590,HLBSL,62,32,10.0,972.0,9720.0,2024-12-12
2024121203014589,HLBSL,58,32,50.0,972.0,48600.0,2024-12-12
2024121203014588,EDBL,8,66,1655.0,656.8,1087004.0,2024-12-12
2024121203014587,EDBL,36,66,200.0,657.0,131400.0,2024-12-12
2024121203014586,EDBL,42,66,125.0,659.0,82375.0,2024-12-12
2024121204015524,GLH,35,20,400.0,249.0,99600.0,2024-12-12
2024121201023626,SPL,7,48,13.0,983.0,12779.0,2024-12-12
2024121201023625,SPL,7,57,247.0,965.0,238355.0,2024-12-12
2024121201023624,BGWT,77,35,20.0,984.0,19680.0,2024-12-12
2024121201023623,BGWT,77,58,280.0,980.0,274400.0,2024-12-12
2024121203014585,CFCL,55,49,771.0,642.0,494982.0,2024-12-12
2024121203014584,NFS,68,49,50.0,1089.0,54450.0,2024-12-12
2024121204015523,AKPL,41,41,16.0,245.0,3920.0,2024-12-12
2024121204015522,AKPL,50,41,112.0,245.0,27440.0,2024-12-12
2024121204015521,SPDL,38,58,90.0,334.0,30060.0,2024-12-12
2024121204015520,UMRH,94,94,10.0,656.0,6560.0,2024-12-12
2024121203014583,SKBBL,50,42,25.0,923.0,23075.0,2024-12-12
2024121205012548,HIDCL,21,56,100.0,249.9,24990.0,2024-12-12
2024121205012547,HIDCL,1,56,100.0,249.9,24990.0,2024-12-12
2024121205012546,NIBSF2,38,26,2000.0,8.65,17300.0,2024-12-12
2024121204015519,AKJCL,47,6,300.0,209.5,62850.0,2024-12-12
2024121203014582,SMPDA,43,47,17.0,957.0,16269.0,2024-12-12
2024121204015518,SSHL,36,17,50.0,240.6,12030.0,2024-12-12
2024121201023622,PRVU,6,57,100.0,225.0,22500.0,2024-12-12
2024121201023621,PRVU,57,57,200.0,225.0,45000.0,2024-12-12
2024121204015517,NLG,55,57,500.0,940.0,470000.0,2024-12-12
2024121205012545,ILI,57,32,41.0,479.0,19639.0,2024-12-12
2024121203014581,PFL,42,95,50.0,657.0,32850.0,2024-12-12
2024121203014580,NFS,6,58,91.0,1089.0,99099.0,2024-12-12
2024121203014579,BFC,45,43,430.0,779.0,334970.0,2024-12-12
2024121203014578,BFC,45,28,360.0,778.0,280080.0,2024-12-12
2024121203014577,BFC,45,58,10.0,777.5,7775.0,2024-12-12
2024121203014576,BFC,45,25,100.0,777.5,77750.0,2024-12-12
2024121203014575,BFC,45,16,100.0,777.0,77700.0,2024-12-12
2024121205012544,ENL,58,51,10.0,1295.0,12950.0,2024-12-12
2024121203014574,NFS,37,58,50.0,1089.0,54450.0,2024-12-12
2024121201023620,NYADI,33,50,40.0,385.0,15400.0,2024-12-12
2024121201023619,NYADI,33,57,10.0,385.0,3850.0,2024-12-12
2024121201023618,UHEWA,50,33,810.0,736.0,596160.0,2024-12-12
2024121201023617,UHEWA,69,33,3000.0,736.1,2208300.0,2024-12-12
2024121201023616,UHEWA,56,33,190.0,736.2,139878.0,2024-12-12
2024121203014573,ALBSL,52,57,10.0,842.0,8420.0,2024-12-12
2024121203014572,NABBC,58,34,10.0,1242.0,12420.0,2024-12-12
2024121203014571,SFCL,48,21,72.0,719.0,51768.0,2024-12-12
2024121204015516,UMRH,77,94,50.0,656.0,32800.0,2024-12-12
2024121204015515,UMRH,77,1,50.0,652.0,32600.0,2024-12-12
2024121205012543,PHCL,21,64,680.0,553.2,376176.0,2024-12-12
2024121201023615,SGHC,33,98,270.0,480.1,129627.0,2024-12-12
2024121201023614,SGHC,13,98,82.0,480.3,39384.6,2024-12-12
2024121201023613,SGHC,1,98,423.0,480.4,203209.2,2024-12-12
2024121203014570,PFL,41,72,25.0,658.0,16450.0,2024-12-12
2024121201023612,PRVU,57,21,300.0,225.0,67500.0,2024-12-12
2024121201023611,PRVU,38,21,10.0,225.0,2250.0,2024-12-12
2024121201023610,PRVU,11,21,100.0,225.0,22500.0,2024-12-12
2024121201023609,PRVU,59,21,90.0,225.0,20250.0,2024-12-12
2024121201023608,SBL,21,44,10.0,310.1,3101.0,2024-12-12
2024121201023607,GBIME,7,6,78.0,227.0,17706.0,2024-12-12
2024121201023606,MKCL,29,7,25.0,1550.0,38750.0,2024-12-12
2024121201023605,MKCL,45,7,15.0,1550.0,23250.0,2024-12-12
2024121203014569,SKBBL,51,42,13.0,923.0,11999.0,2024-12-12
2024121203014568,MLBSL,5,7,10.0,2303.0,23030.0,2024-12-12
2024121205012542,NRM,13,16,798.0,448.9,358222.2,2024-12-12
2024121205012541,NRM,25,16,200.0,449.0,89800.0,2024-12-12
2024121205012540,NRM,11,16,10.0,449.0,4490.0,2024-12-12
2024121205012539,NRM,42,16,100.0,449.0,44900.0,2024-12-12
2024121204015514,UMRH,28,1,10.0,652.0,6520.0,2024-12-12
2024121203014567,RLFL,69,28,500.0,626.0,313000.0,2024-12-12
2024121203014566,NFS,18,58,10.0,1089.0,10890.0,2024-12-12
2024121204015513,UPCL,35,38,34.0,288.0,9792.0,2024-12-12
2024121201023604,MKJC,29,63,10.0,560.0,5600.0,2024-12-12
2024121203014565,FMDBL,11,49,36.0,770.1,27723.6,2024-12-12
2024121203014564,FMDBL,45,49,14.0,771.0,10794.0,2024-12-12
2024121203014563,FMDBL,36,49,50.0,771.2,38560.0,2024-12-12
2024121203014562,NICLBSL,63,19,10.0,690.0,6900.0,2024-12-12
2024121203014561,NICLBSL,63,14,60.0,689.0,41340.0,2024-12-12
2024121201023603,SPC,63,25,10.0,546.0,5460.0,2024-12-12
2024121204015512,RIDI,8,57,450.0,234.7,105615.0,2024-12-12
2024121204015511,RIDI,35,57,50.0,234.8,11740.0,2024-12-12
2024121201023602,SBI,17,57,200.0,458.0,91600.0,2024-12-12
2024121203014560,SKBBL,57,42,30.0,923.0,27690.0,2024-12-12
2024121204015510,HURJA,22,58,310.0,239.1,74121.0,2024-12-12
2024121203014559,PROFL,58,99,64.0,677.0,43328.0,2024-12-12
2024121201023601,EHPL,37,37,200.0,736.0,147200.0,2024-12-12
2024121201023600,EHPL,53,37,25.0,737.0,18425.0,2024-12-12
2024121201023599,SARBTM,25,13,150.0,781.0,117150.0,2024-12-12
2024121201023598,ANLB,62,37,10.0,5080.0,50800.0,2024-12-12
2024121201023597,CYCL,62,21,200.0,1659.0,331800.0,2024-12-12
2024121201023596,ULHC,42,62,400.0,517.0,206800.0,2024-12-12
2024121205012538,SONA,38,62,10.0,467.0,4670.0,2024-12-12
2024121204015509,DHPL,8,44,43.0,309.0,13287.0,2024-12-12
2024121204015508,DHPL,34,44,100.0,309.1,30910.0,2024-12-12
2024121204015507,DHPL,39,44,250.0,310.0,77500.0,2024-12-12
2024121204015506,DHPL,59,44,400.0,310.0,124000.0,2024-12-12
2024121204015505,DHPL,52,44,198.0,310.0,61380.0,2024-12-12
2024121201023595,ULHC,42,51,11.0,517.0,5687.0,2024-12-12
2024121203014558,NFS,16,6,50.0,1089.0,54450.0,2024-12-12
2024121203014557,NFS,17,6,20.0,1089.0,21780.0,2024-12-12
2024121203014556,NFS,55,6,10.0,1089.0,10890.0,2024-12-12
2024121203014555,NFS,16,6,20.0,1089.0,21780.0,2024-12-12
2024121203014554,RLFL,69,6,36.0,626.0,22536.0,2024-12-12
2024121204015504,SPIL,47,36,15.0,809.9,12148.5,2024-12-12
2024121204015503,JOSHI,45,55,10.0,448.0,4480.0,2024-12-12
2024121204015502,AKPL,50,65,150.0,245.0,36750.0,2024-12-12
2024121201023594,NMB,34,38,50.0,247.0,12350.0,2024-12-12
2024121201023593,NMB,34,83,100.0,247.0,24700.0,2024-12-12
2024121201023592,NMB,34,50,200.0,247.0,49400.0,2024-12-12
2024121201023591,NMB,34,48,500.0,246.9,123450.0,2024-12-12
2024121201023590,NMB,34,57,200.0,246.0,49200.0,2024-12-12
2024121201023589,NMB,34,25,500.0,245.0,122500.0,2024-12-12
2024121201023588,NMB,34,50,50.0,245.0,12250.0,2024-12-12
2024121201023587,NMB,34,34,100.0,244.0,24400.0,2024-12-12
2024121201023586,NMB,34,13,300.0,243.9,73170.0,2024-12-12
2024121204015501,GHL,35,85,100.0,218.2,21820.0,2024-12-12
2024121204015500,GHL,8,85,400.0,218.5,87400.0,2024-12-12
2024121201023585,MKJC,32,55,200.0,559.0,111800.0,2024-12-12
2024121203014553,NFS,3,46,30.0,1089.0,32670.0,2024-12-12
2024121203014552,NFS,14,46,20.0,1089.0,21780.0,2024-12-12
2024121205012537,SMJC,38,38,25.0,549.0,13725.0,2024-12-12
2024121203014551,ALBSL,34,60,38.0,835.0,31730.0,2024-12-12
2024121203014550,ALBSL,57,60,100.0,835.0,83500.0,2024-12-12
2024121203014549,ALBSL,56,60,14.0,835.0,11690.0,2024-12-12
2024121203014548,ALBSL,85,60,120.0,835.0,100200.0,2024-12-12
2024121203014547,ALBSL,38,60,20.0,835.0,16700.0,2024-12-12
2024121203014546,ALBSL,21,60,50.0,835.1,41755.0,2024-12-12
2024121203014545,ALBSL,29,60,50.0,835.2,41760.0,2024-12-12
2024121203014544,ALBSL,7,60,10.0,836.0,8360.0,2024-12-12
2024121203014543,ALBSL,53,60,10.0,839.8,8398.0,2024-12-12
2024121203014542,ALBSL,58,60,20.0,840.0,16800.0,2024-12-12
2024121203014541,ALBSL,68,60,20.0,840.0,16800.0,2024-12-12
2024121203014540,ALBSL,5,60,50.0,840.0,42000.0,2024-12-12
2024121203014539,ALBSL,55,60,498.0,840.0,418320.0,2024-12-12
2024121203014538,LICN,34,43,65.0,1229.0,79885.0,2024-12-12
2024121203014537,LICN,16,43,25.0,1229.0,30725.0,2024-12-12
2024121203014536,LICN,7,43,110.0,1229.0,135190.0,2024-12-12
2024121203014535,LICN,17,43,100.0,1230.0,123000.0,2024-12-12
2024121201023584,SPHL,63,3,200.0,783.0,156600.0,2024-12-12
2024121205012536,SHIVM,49,58,46.0,572.0,26312.0,2024-12-12
2024121205012535,SHIVM,40,58,50.0,572.0,28600.0,2024-12-12
2024121205012534,SHIVM,57,58,219.0,572.0,125268.0,2024-12-12
2024121205012533,SHIVM,22,58,585.0,572.1,334678.5,2024-12-12
2024121205012532,SHIVM,48,58,100.0,572.2,57220.0,2024-12-12
2024121201023583,ANLB,62,13,10.0,5008.0,50080.0,2024-12-12
2024121205012531,SMATA,17,58,10.0,850.1,8501.0,2024-12-12
2024121203014534,MNBBL,22,14,10.0,394.0,3940.0,2024-12-12
2024121201023582,TAMOR,89,21,520.0,524.1,272532.0,2024-12-12
2024121201023581,NIMB,55,52,200.0,221.1,44220.0,2024-12-12
2024121204015499,HPPL,47,57,50.0,409.0,20450.0,2024-12-12
2024121205012530,SONA,38,1,50.0,467.0,23350.0,2024-12-12
2024121204015498,AKPL,50,41,238.0,245.0,58310.0,2024-12-12
2024121204015497,AKPL,53,41,62.0,245.0,15190.0,2024-12-12
2024121205012529,HDL,37,29,3.0,1350.0,4050.0,2024-12-12
2024121205012528,HDL,37,14,17.0,1350.0,22950.0,2024-12-12
2024121205012527,HDL,48,14,50.0,1350.0,67500.0,2024-12-12
2024121205012526,HDL,45,14,20.0,1350.0,27000.0,2024-12-12
2024121205012525,HDL,49,14,10.0,1350.0,13500.0,2024-12-12
2024121205012524,HDL,34,14,100.0,1350.0,135000.0,2024-12-12
2024121205012523,HDL,17,14,10.0,1350.0,13500.0,2024-12-12
2024121205012522,HDL,42,14,100.0,1350.0,135000.0,2024-12-12
2024121205012521,HDL,6,14,100.0,1350.0,135000.0,2024-12-12
2024121205012520,HDL,25,14,20.0,1350.0,27000.0,2024-12-12
2024121205012519,HDL,47,14,10.0,1350.0,13500.0,2024-12-12
2024121205012518,HDL,59,14,23.0,1350.0,31050.0,2024-12-12
2024121204015496,AKJCL,84,41,635.0,209.0,132715.0,2024-12-12
2024121205012517,HDL,10,14,400.0,1350.0,540000.0,2024-12-12
2024121204015495,AKJCL,17,41,105.0,209.1,21955.5,2024-12-12
2024121205012516,HDL,48,14,50.0,1350.0,67500.0,2024-12-12
2024121204015494,AKJCL,33,41,200.0,209.3,41860.0,2024-12-12
2024121205012515,HDL,36,14,30.0,1350.0,40500.0,2024-12-12
2024121204015493,AKJCL,45,41,60.0,209.3,12558.0,2024-12-12
2024121205012514,HDL,17,14,60.0,1350.1,81006.0,2024-12-12
2024121201023580,TVCL,74,48,186.0,560.0,104160.0,2024-12-12
2024121201023579,TVCL,74,45,20.0,560.0,11200.0,2024-12-12
2024121201023578,TVCL,74,59,30.0,559.8,16794.0,2024-12-12
2024121201023577,TVCL,74,94,100.0,559.0,55900.0,2024-12-12
2024121201023576,TVCL,74,34,20.0,558.0,11160.0,2024-12-12
2024121201023575,TVCL,74,52,100.0,558.0,55800.0,2024-12-12
2024121201023574,TVCL,74,53,30.0,558.0,16740.0,2024-12-12
2024121201023573,TVCL,74,7,14.0,558.0,7812.0,2024-12-12
2024121203014533,JFL,61,26,40.0,885.9,35436.0,2024-12-12
2024121203014532,JFL,61,34,20.0,883.0,17660.0,2024-12-12
2024121203014531,JFL,61,34,40.0,883.0,35320.0,2024-12-12
2024121205012513,HIDCL,38,41,100.0,250.0,25000.0,2024-12-12
2024121204015492,API,54,49,410.0,273.5,112135.0,2024-12-12
2024121204015491,API,8,49,300.0,273.6,82080.0,2024-12-12
2024121204015490,API,48,49,50.0,273.6,13680.0,2024-12-12
2024121204015489,NGPL,32,49,120.0,278.0,33360.0,2024-12-12
2024121201023572,TPC,29,66,127.0,559.0,70993.0,2024-12-12
2024121203014530,ICFC,59,49,432.0,710.0,306720.0,2024-12-12
2024121203014529,ICFC,14,49,200.0,710.0,142000.0,2024-12-12
2024121203014528,ICFC,62,49,88.0,710.0,62480.0,2024-12-12
2024121201023571,SIKLES,58,29,50.0,796.0,39800.0,2024-12-12
2024121204015488,RADHI,46,60,81.0,394.0,31914.0,2024-12-12
2024121204015487,RADHI,57,60,300.0,394.0,118200.0,2024-12-12
2024121204015486,RADHI,40,60,380.0,394.0,149720.0,2024-12-12
2024121204015485,RADHI,46,60,50.0,394.0,19700.0,2024-12-12
2024121204015484,RADHI,46,60,10.0,394.1,3941.0,2024-12-12
2024121204015483,RADHI,57,60,189.0,394.2,74503.8,2024-12-12
2024121203014527,CORBL,71,47,70.0,1685.0,117950.0,2024-12-12
2024121203014526,CORBL,71,22,20.0,1680.0,33600.0,2024-12-12
2024121203014525,CORBL,71,13,85.0,1680.0,142800.0,2024-12-12
2024121203014524,CORBL,71,71,70.0,1679.9,117593.0,2024-12-12
2024121203014523,CORBL,71,1,94.0,1620.0,152280.0,2024-12-12
2024121203014522,CORBL,71,13,50.0,1600.0,80000.0,2024-12-12
2024121203014521,CORBL,71,22,15.0,1600.0,24000.0,2024-12-12
2024121203014520,CORBL,71,50,96.0,1600.0,153600.0,2024-12-12
2024121203014519,GUFL,57,57,40.0,722.0,28880.0,2024-12-12
2024121204015482,CGH,85,13,50.0,918.0,45900.0,2024-12-12
2024121204015481,CGH,5,13,15.0,918.0,13770.0,2024-12-12
2024121201023570,PRVU,59,78,60.0,225.0,13500.0,2024-12-12
2024121201023569,PRVU,4,78,600.0,225.0,135000.0,2024-12-12
2024121201023568,PRVU,14,78,50.0,225.0,11250.0,2024-12-12
2024121201023567,PRVU,42,78,10.0,225.0,2250.0,2024-12-12
2024121201023566,PRVU,17,78,500.0,225.0,112500.0,2024-12-12
2024121201023565,PRVU,7,78,100.0,225.0,22500.0,2024-12-12
2024121201023564,PRVU,70,78,8680.0,225.0,1953000.0,2024-12-12
2024121203014518,FMDBL,33,67,10.0,773.0,7730.0,2024-12-12
2024121201023563,BEDC,81,35,10.0,635.0,6350.0,2024-12-12
2024121204015480,KPCL,60,58,207.0,537.2,111200.4,2024-12-12
2024121204015479,KPCL,60,58,346.0,537.2,185871.2,2024-12-12
2024121201023562,TSHL,6,57,100.0,875.0,87500.0,2024-12-12
2024121201023561,MKJC,32,63,16.0,560.0,8960.0,2024-12-12
2024121205012512,NRN,92,58,100.0,1020.0,102000.0,2024-12-12
2024121203014517,GFCL,42,57,20.0,842.0,16840.0,2024-12-12
2024121204015478,AKPL,53,32,38.0,245.0,9310.0,2024-12-12
2024121204015477,AKPL,32,32,262.0,245.0,64190.0,2024-12-12
2024121204015476,AKPL,41,32,200.0,245.1,49020.0,2024-12-12
2024121201023560,HHL,28,95,80.0,512.0,40960.0,2024-12-12
2024121201023559,HHL,56,95,170.0,512.0,87040.0,2024-12-12
2024121204015475,CGH,36,45,50.0,919.0,45950.0,2024-12-12
2024121204015474,AKJCL,45,13,140.0,209.3,29302.0,2024-12-12
2024121205012511,GCIL,17,45,100.0,487.1,48710.0,2024-12-12
2024121203014516,NLIC,87,6,17.0,787.0,13379.0,2024-12-12
2024121203014515,MLBSL,54,42,124.0,2280.0,282720.0,2024-12-12
2024121203014514,MDB,75,34,454.0,740.6,336232.4,2024-12-12
2024121203014513,MDB,54,34,20.0,741.0,14820.0,2024-12-12
2024121201023558,DOLTI,34,17,100.0,669.0,66900.0,2024-12-12
2024121203014512,CBBL,59,7,105.0,930.6,97713.0,2024-12-12
2024121205012510,HATHY,38,36,10.0,1382.5,13825.0,2024-12-12
2024121204015473,SPDL,44,48,620.0,333.6,206832.0,2024-12-12
2024121201023557,TAMOR,48,86,10.0,532.0,5320.0,2024-12-12
2024121201023556,TAMOR,48,6,10.0,530.0,5300.0,2024-12-12
2024121201023555,TAMOR,48,6,10.0,525.0,5250.0,2024-12-12
2024121203014511,MPFL,50,5,90.0,740.0,66600.0,2024-12-12
2024121203014510,MPFL,50,46,310.0,737.0,228470.0,2024-12-12
2024121201023554,HIDCLP,32,41,705.0,169.2,119286.0,2024-12-12
2024121201023553,HIDCLP,42,41,10.0,169.2,1692.0,2024-12-12
2024121201023552,HIDCLP,45,41,100.0,169.3,16930.0,2024-12-12
2024121201023551,HIDCLP,57,41,100.0,169.3,16930.0,2024-12-12
2024121201023550,HIDCLP,58,41,75.0,169.5,12712.5,2024-12-12
2024121201023549,HIDCLP,42,41,10.0,169.8,1698.0,2024-12-12
2024121204015472,CHL,5,49,15.0,427.0,6405.0,2024-12-12
2024121204015471,CHL,5,35,50.0,427.0,21350.0,2024-12-12
2024121204015470,CHL,5,41,30.0,427.0,12810.0,2024-12-12
2024121204015469,CHL,5,26,100.0,427.0,42700.0,2024-12-12
2024121204015468,CHL,5,6,185.0,427.0,78995.0,2024-12-12
2024121204015467,AKJCL,16,13,10.0,209.3,2093.0,2024-12-12
2024121204015466,SHEL,39,54,350.0,251.0,87850.0,2024-12-12
2024121203014509,MPFL,29,60,100.0,736.2,73620.0,2024-12-12
2024121203014508,CORBL,71,50,10.0,1600.0,16000.0,2024-12-12
2024121203014507,ALICL,45,37,10.0,728.5,7285.0,2024-12-12
2024121201023548,HHL,49,54,190.0,515.0,97850.0,2024-12-12
2024121201023547,HHL,49,57,400.0,514.6,205840.0,2024-12-12
2024121201023546,HHL,49,94,240.0,514.0,123360.0,2024-12-12
2024121201023545,HHL,49,57,20.0,513.0,10260.0,2024-12-12
2024121201023544,HHL,49,49,150.0,513.0,76950.0,2024-12-12
2024121201023543,GBIME,58,6,248.0,227.0,56296.0,2024-12-12
2024121203014506,MLBBL,58,80,40.0,1657.0,66280.0,2024-12-12
2024121205012509,SMJC,38,25,475.0,549.0,260775.0,2024-12-12
2024121205012508,SMJC,4,25,25.0,549.0,13725.0,2024-12-12
2024121203014505,JFL,45,34,100.0,883.0,88300.0,2024-12-12
2024121204015465,SHEL,39,45,100.0,251.0,25100.0,2024-12-12
2024121201023542,SMHL,52,48,10.0,1046.0,10460.0,2024-12-12
2024121204015464,NLG,55,45,1000.0,940.0,940000.0,2024-12-12
2024121204015463,RURU,45,65,70.0,726.9,50883.0,2024-12-12
2024121204015462,KKHC,52,57,147.0,400.0,58800.0,2024-12-12
2024121204015461,KKHC,52,45,353.0,400.0,141200.0,2024-12-12
2024121204015460,KKHC,72,45,47.0,400.0,18800.0,2024-12-12
2024121204015459,KKHC,72,69,283.0,400.0,113200.0,2024-12-12
2024121204015458,UPCL,35,46,3000.0,288.0,864000.0,2024-12-12
2024121204015457,SHEL,39,36,136.0,251.0,34136.0,2024-12-12
2024121204015456,UMRH,28,1,10.0,652.0,6520.0,2024-12-12
2024121204015455,OHL,76,39,10.0,926.0,9260.0,2024-12-12
2024121201023541,MKHC,11,17,10.0,539.0,5390.0,2024-12-12
2024121201023540,MKHC,11,14,40.0,539.0,21560.0,2024-12-12
2024121204015454,SHEL,39,57,20.0,251.0,5020.0,2024-12-12
2024121201023539,SCB,14,33,100.0,674.0,67400.0,2024-12-12
2024121204015453,UPPER,4,55,200.0,210.8,42160.0,2024-12-12
2024121203014504,SLBBL,58,35,50.0,939.9,46995.0,2024-12-12
2024121201023538,NYADI,33,6,375.0,381.0,142875.0,2024-12-12
2024121201023537,NYADI,53,6,100.0,381.0,38100.0,2024-12-12
2024121201023536,NYADI,52,6,400.0,381.1,152440.0,2024-12-12
2024121201023535,NYADI,94,6,75.0,382.0,28650.0,2024-12-12
2024121201023534,NYADI,49,6,50.0,383.0,19150.0,2024-12-12
2024121205012507,ILI,48,32,150.0,479.0,71850.0,2024-12-12
2024121205012506,ILI,21,32,78.0,479.0,37362.0,2024-12-12
2024121203014503,GBLBS,36,22,698.0,781.0,545138.0,2024-12-12
2024121201023533,SARBTM,25,26,135.0,782.0,105570.0,2024-12-12
2024121201023532,SARBTM,25,45,100.0,781.0,78100.0,2024-12-12
2024121201023531,SARBTM,25,29,120.0,781.0,93720.0,2024-12-12
2024121201023530,SARBTM,25,32,145.0,781.0,113245.0,2024-12-12
2024121205012505,ILI,21,36,10.0,479.0,4790.0,2024-12-12
2024121204015452,UMRH,77,77,168.0,650.0,109200.0,2024-12-12
2024121204015451,UMRH,8,77,200.0,650.0,130000.0,2024-12-12
2024121204015450,UMRH,69,77,100.0,650.0,65000.0,2024-12-12
2024121204015449,UMRH,58,77,32.0,650.0,20800.0,2024-12-12
2024121204015448,HURJA,40,40,150.0,239.0,35850.0,2024-12-12
2024121201023529,TSHL,28,34,345.0,872.2,300909.0,2024-12-12
2024121201023528,TSHL,66,34,65.0,872.3,56699.5,2024-12-12
2024121201023527,TSHL,41,34,40.0,873.0,34920.0,2024-12-12
2024121201023526,NWCL,51,34,10.0,996.0,9960.0,2024-12-12
2024121201023525,NWCL,48,34,60.0,997.0,59820.0,2024-12-12
2024121203014502,SIFC,3,45,63.0,625.0,39375.0,2024-12-12
2024121203014501,SIFC,36,45,37.0,625.0,23125.0,2024-12-12
2024121201023524,UHEWA,56,34,10.0,736.2,7362.0,2024-12-12
2024121205012504,NRIC,4,34,90.0,769.0,69210.0,2024-12-12
2024121201023523,TAMOR,89,55,370.0,524.1,193917.0,2024-12-12
2024121201023522,PCBL,6,1,100.0,264.8,26480.0,2024-12-12
2024121204015447,UMRH,94,94,10.0,656.0,6560.0,2024-12-12
2024121201023521,CKHL,70,5,50.0,692.1,34605.0,2024-12-12
2024121201023520,CKHL,44,5,50.0,695.0,34750.0,2024-12-12
2024121204015446,UMRH,28,94,10.0,656.0,6560.0,2024-12-12
2024121201023519,TVCL,74,7,16.0,558.0,8928.0,2024-12-12
2024121201023518,TVCL,74,6,50.0,558.0,27900.0,2024-12-12
2024121201023517,TVCL,74,52,29.0,558.0,16182.0,2024-12-12
2024121201023516,TVCL,74,58,405.0,558.0,225990.0,2024-12-12
2024121204015445,SHL,5,17,100.0,485.0,48500.0,2024-12-12
2024121204015444,SHL,16,17,100.0,485.0,48500.0,2024-12-12
2024121204015443,SHL,25,17,100.0,485.1,48510.0,2024-12-12
2024121204015442,SHL,49,17,100.0,485.1,48510.0,2024-12-12
2024121204015441,SHL,44,17,200.0,485.2,97040.0,2024-12-12
2024121204015440,SHL,4,17,100.0,486.0,48600.0,2024-12-12
2024121204015439,SHL,46,17,100.0,486.0,48600.0,2024-12-12
2024121204015438,SHL,96,17,135.0,487.0,65745.0,2024-12-12
2024121203014500,NABBC,58,39,25.0,1242.0,31050.0,2024-12-12
2024121204015437,IGI,55,39,100.0,598.3,59830.0,2024-12-12
2024121201023515,SPC,60,25,20.0,546.0,10920.0,2024-12-12
2024121204015436,SALICO,44,60,492.0,702.0,345384.0,2024-12-12
2024121204015435,SALICO,34,60,100.0,702.0,70200.0,2024-12-12
2024121204015434,SALICO,33,60,500.0,702.0,351000.0,2024-12-12
2024121204015433,SALICO,4,60,330.0,702.0,231660.0,2024-12-12
2024121204015432,SALICO,43,60,100.0,702.0,70200.0,2024-12-12
2024121204015431,SALICO,34,60,676.0,702.0,474552.0,2024-12-12
2024121204015430,SALICO,5,60,50.0,702.1,35105.0,2024-12-12
2024121204015429,SALICO,4,60,39.0,702.5,27397.5,2024-12-12
2024121204015428,SALICO,51,60,425.0,703.0,298775.0,2024-12-12
2024121204015427,SALICO,44,60,88.0,703.0,61864.0,2024-12-12
2024121204015426,SALICO,63,60,100.0,704.0,70400.0,2024-12-12
2024121204015425,SALICO,46,60,100.0,704.1,70410.0,2024-12-12
2024121201023514,GVL,14,42,10.0,547.0,5470.0,2024-12-12
2024121204015424,NHPC,28,42,1000.0,223.7,223700.0,2024-12-12
2024121204015423,API,6,11,42.0,273.6,11491.2,2024-12-12
2024121204015422,API,44,11,20.0,273.6,5472.0,2024-12-12
2024121201023513,MKJC,32,62,200.0,559.0,111800.0,2024-12-12
2024121201023512,CYCL,62,51,50.0,1658.0,82900.0,2024-12-12
2024121203014499,JFL,35,34,10.0,883.0,8830.0,2024-12-12
2024121205012503,SMJC,4,4,92.0,549.0,50508.0,2024-12-12
2024121201023511,MEHL,38,34,28.0,473.0,13244.0,2024-12-12
2024121203014498,DDBL,28,44,100.0,875.1,87510.0,2024-12-12
2024121201023510,HHL,56,4,80.0,512.0,40960.0,2024-12-12
2024121201023509,SGHC,1,58,100.0,480.4,48040.0,2024-12-12
2024121205012502,HATHY,22,74,10.0,1385.0,13850.0,2024-12-12
2024121205012501,BBC,45,21,10.0,6440.1,64401.0,2024-12-12
2024121205012500,HRL,49,45,122.0,820.0,100040.0,2024-12-12
2024121203014497,MPFL,6,46,50.0,737.0,36850.0,2024-12-12
2024121203014496,MLBBL,36,19,20.0,1651.0,33020.0,2024-12-12
2024121204015421,CHL,52,6,200.0,426.0,85200.0,2024-12-12
2024121204015420,CHL,52,42,90.0,426.0,38340.0,2024-12-12
2024121205012499,HRL,40,45,31.0,820.0,25420.0,2024-12-12
2024121203014495,SFCL,51,34,120.0,717.2,86064.0,2024-12-12
2024121203014494,SFCL,33,34,230.0,717.3,164979.0,2024-12-12
2024121203014493,SFCL,58,34,50.0,717.4,35870.0,2024-12-12
2024121203014492,SFCL,1,34,100.0,717.5,71750.0,2024-12-12
2024121201023508,MEHL,51,34,72.0,473.0,34056.0,2024-12-12
2024121201023507,MEHL,51,48,10.0,473.0,4730.0,2024-12-12
2024121205012498,NIFRA,46,41,58.0,255.3,14807.4,2024-12-12
2024121205012497,NIFRA,46,34,204.0,255.3,52081.2,2024-12-12
2024121203014491,USLB,55,41,10.0,1537.0,15370.0,2024-12-12
2024121201023506,MKJC,32,41,150.0,559.0,83850.0,2024-12-12
2024121203014490,MLBBL,36,54,27.0,1651.0,44577.0,2024-12-12
2024121205012496,NRM,61,54,10.0,450.0,4500.0,2024-12-12
2024121205012495,NRM,6,54,20.0,450.0,9000.0,2024-12-12
2024121205012494,NRM,58,54,10.0,450.0,4500.0,2024-12-12
2024121205012493,NRM,56,54,258.0,450.0,116100.0,2024-12-12
2024121203014489,SFCL,60,21,10.0,719.0,7190.0,2024-12-12
2024121204015419,LEC,42,34,35.0,213.9,7486.5,2024-12-12
2024121204015418,LEC,42,58,315.0,213.5,67252.5,2024-12-12
2024121201023505,SBL,56,13,553.0,310.0,171430.0,2024-12-12
2024121204015417,UPCL,35,13,78.0,288.0,22464.0,2024-12-12
2024121205012492,VLUCL,39,35,10.0,703.7,7037.0,2024-12-12
2024121201023504,NABIL,11,17,60.0,520.0,31200.0,2024-12-12
2024121201023503,NABIL,11,6,52.0,520.0,27040.0,2024-12-12
2024121201023502,NABIL,11,13,290.0,520.0,150800.0,2024-12-12
2024121201023501,NABIL,11,13,297.0,520.0,154440.0,2024-12-12
2024121201023500,NABIL,11,45,100.0,520.0,52000.0,2024-12-12
2024121201023499,NABIL,11,34,37.0,520.0,19240.0,2024-12-12
2024121201023498,TAMOR,37,25,200.0,524.5,104900.0,2024-12-12
2024121205012491,MBJC,6,19,134.0,351.0,47034.0,2024-12-12
2024121205012490,MBJC,35,19,10.0,351.0,3510.0,2024-12-12
2024121205012489,MBJC,48,19,100.0,351.0,35100.0,2024-12-12
2024121205012488,MBJC,16,19,500.0,351.0,175500.0,2024-12-12
2024121205012487,MBJC,1,19,100.0,351.1,35110.0,2024-12-12
2024121205012486,MBJC,59,19,100.0,351.1,35110.0,2024-12-12
2024121203014488,SIFC,64,14,10.0,625.1,6251.0,2024-12-12
2024121201023497,KBL,34,72,93.0,220.0,20460.0,2024-12-12
2024121201023496,KBL,34,71,1907.0,219.9,419349.3,2024-12-12
2024121204015416,BARUN,77,48,100.0,429.0,42900.0,2024-12-12
2024121203014487,GFCL,22,34,30.0,840.0,25200.0,2024-12-12
2024121204015415,JOSHI,72,56,10.0,455.0,4550.0,2024-12-12
2024121203014486,NUBL,34,58,10.0,704.0,7040.0,2024-12-12
2024121203014485,NUBL,34,45,30.0,700.0,21000.0,2024-12-12
2024121201023495,MHCL,33,34,1000.0,574.3,574300.0,2024-12-12
2024121201023494,MHCL,14,34,500.0,574.4,287200.0,2024-12-12
2024121204015414,HURJA,40,14,1000.0,239.0,239000.0,2024-12-12
2024121203014484,GFCL,22,54,36.0,840.0,30240.0,2024-12-12
2024121203014483,GFCL,25,54,40.0,840.0,33600.0,2024-12-12
2024121203014482,GFCL,16,54,45.0,840.0,37800.0,2024-12-12
2024121203014481,GFCL,35,54,65.0,840.0,54600.0,2024-12-12
2024121203014480,BFC,65,36,500.0,776.0,388000.0,2024-12-12
2024121205012485,HRL,40,43,69.0,820.0,56580.0,2024-12-12
2024121205012484,HRL,49,43,20.0,820.0,16400.0,2024-12-12
2024121205012483,HRL,90,43,31.0,820.2,25426.2,2024-12-12
2024121203014479,SFCL,42,21,18.0,719.0,12942.0,2024-12-12
2024121204015413,HURJA,54,57,100.0,239.9,23990.0,2024-12-12
2024121204015412,NHDL,29,57,100.0,750.1,75010.0,2024-12-12
2024121204015411,SHPC,91,66,342.0,538.5,184167.0,2024-12-12
2024121203014478,GFCL,35,58,20.0,840.0,16800.0,2024-12-12
2024121203014477,KRBL,21,80,360.0,815.0,293400.0,2024-12-12
2024121201023493,SARBTM,58,36,252.0,780.0,196560.0,2024-12-12
2024121201023492,SARBTM,43,36,258.0,780.0,201240.0,2024-12-12
2024121204015410,SGIC,32,46,35.0,687.0,24045.0,2024-12-12
2024121204015409,SGIC,57,46,50.0,687.0,34350.0,2024-12-12
2024121204015408,SGIC,58,46,35.0,687.0,24045.0,2024-12-12
2024121204015407,SGIC,38,46,10.0,687.0,6870.0,2024-12-12
2024121204015406,UPPER,47,7,315.0,210.5,66307.5,2024-12-12
2024121203014476,RLFL,69,29,51.0,626.0,31926.0,2024-12-12
2024121203014475,RLFL,69,57,625.0,626.0,391250.0,2024-12-12
2024121203014474,RLFL,69,58,250.0,626.0,156500.0,2024-12-12
2024121204015405,TRH,42,74,465.0,1098.0,510570.0,2024-12-12
2024121201023491,MHCL,14,29,500.0,574.4,287200.0,2024-12-12
2024121204015404,PPCL,14,25,100.0,286.2,28620.0,2024-12-12
2024121204015403,RHPL,42,58,20.0,455.0,9100.0,2024-12-12
2024121201023490,MSHL,54,19,10.0,1039.0,10390.0,2024-12-12
2024121201023489,BEDC,94,26,300.0,632.0,189600.0,2024-12-12
2024121203014473,GRDBL,57,4,90.0,1000.0,90000.0,2024-12-12
2024121204015402,RHPL,26,43,74.0,454.1,33603.4,2024-12-12
2024121205012482,NRN,92,58,400.0,1020.0,408000.0,2024-12-12
2024121203014472,GMFIL,57,58,300.0,617.0,185100.0,2024-12-12
2024121203014471,EDBL,42,58,75.0,659.0,49425.0,2024-12-12
2024121204015401,UPPER,47,67,89.0,210.5,18734.5,2024-12-12
2024121203014470,NLICL,65,44,70.0,593.0,41510.0,2024-12-12
2024121203014469,NLICL,65,57,180.0,593.0,106740.0,2024-12-12
2024121204015400,AKPL,32,40,20.0,245.0,4900.0,2024-12-12
2024121201023488,TVCL,101,58,500.0,558.0,279000.0,2024-12-12
2024121204015399,API,45,95,100.0,273.9,27390.0,2024-12-12
2024121201023487,DORDI,45,58,10.0,549.0,5490.0,2024-12-12
2024121203014468,FOWAD,46,58,10.0,1255.0,12550.0,2024-12-12
2024121201023486,CYCL,77,7,10.0,1645.0,16450.0,2024-12-12
2024121204015398,NLG,55,7,25.0,940.0,23500.0,2024-12-12
2024121203014467,NICLBSL,32,50,10.0,688.0,6880.0,2024-12-12
2024121205012481,VLUCL,39,1,100.0,703.7,70370.0,2024-12-12
2024121204015397,HEI,29,49,500.0,642.0,321000.0,2024-12-12
2024121205012480,HATHY,29,74,10.0,1385.0,13850.0,2024-12-12
2024121205012479,CMF2,14,22,1000.0,9.59,9590.0,2024-12-12
2024121203014466,JFL,14,34,50.0,883.0,44150.0,2024-12-12
2024121201023485,MEHL,51,54,60.0,473.0,28380.0,2024-12-12
2024121203014465,ALICL,45,37,400.0,728.5,291400.0,2024-12-12
2024121203014464,BFC,42,40,200.0,777.0,155400.0,2024-12-12
2024121201023484,SBI,17,42,290.0,458.0,132820.0,2024-12-12
2024121203014463,NMBMF,52,13,50.0,708.0,35400.0,2024-12-12
2024121203014462,NMBMF,26,13,50.0,708.0,35400.0,2024-12-12
2024121201023483,BHPL,34,13,31.0,786.0,24366.0,2024-12-12
2024121201023482,BHPL,34,13,10.0,787.0,7870.0,2024-12-12
2024121204015396,UMRH,58,81,400.0,650.0,260000.0,2024-12-12
2024121201023481,SGHC,34,14,55.0,481.0,26455.0,2024-12-12
2024121201023480,SGHC,34,17,20.0,481.0,9620.0,2024-12-12
2024121204015395,UMRH,40,81,1000.0,650.1,650100.0,2024-12-12
2024121204015394,UMRH,81,81,350.0,650.1,227535.0,2024-12-12
2024121201023479,SGHC,34,90,25.0,481.0,12025.0,2024-12-12
2024121204015393,UMRH,57,81,50.0,651.0,32550.0,2024-12-12
2024121205012478,CLI,77,35,34.0,688.0,23392.0,2024-12-12
2024121205012477,CLI,28,35,30.0,688.0,20640.0,2024-12-12
2024121205012476,CLI,55,35,831.0,688.0,571728.0,2024-12-12
2024121203014461,NFS,57,40,500.0,1089.9,544950.0,2024-12-12
2024121203014460,GUFL,6,58,50.0,721.0,36050.0,2024-12-12
2024121203014459,GUFL,32,58,50.0,721.2,36060.0,2024-12-12
2024121204015392,UMRH,6,94,70.0,656.0,45920.0,2024-12-12
2024121204015391,UMRH,6,94,430.0,656.0,282080.0,2024-12-12
2024121203014458,NMFBS,36,41,60.0,1298.4,77904.0,2024-12-12
2024121203014457,BFC,38,4,12.0,776.2,9314.4,2024-12-12
2024121204015390,NHPC,52,45,135.0,224.0,30240.0,2024-12-12
2024121204015389,AKJCL,36,48,200.0,209.2,41840.0,2024-12-12
2024121204015388,UMRH,94,94,10.0,656.0,6560.0,2024-12-12
2024121204015387,UPPER,56,67,168.0,210.5,35364.0,2024-12-12
2024121201023478,MEHL,41,54,40.0,473.0,18920.0,2024-12-12
2024121201023477,MEHL,41,42,10.0,473.0,4730.0,2024-12-12
2024121203014456,LBBL,53,17,370.0,494.0,182780.0,2024-12-12
2024121203014455,LBBL,44,17,30.0,494.1,14823.0,2024-12-12
2024121203014454,LBBL,54,17,100.0,494.2,49420.0,2024-12-12
2024121205012475,SMATA,49,67,10.0,850.0,8500.0,2024-12-12
2024121201023476,ULHC,35,51,39.0,517.0,20163.0,2024-12-12
2024121201023475,MHL,66,32,10.0,881.0,8810.0,2024-12-12
2024121203014453,ACLBSL,49,35,13.0,1030.0,13390.0,2024-12-12
2024121201023474,MMKJL,82,44,500.0,744.1,372050.0,2024-12-12
2024121201023473,MMKJL,57,44,100.0,744.2,74420.0,2024-12-12
2024121201023472,MEHL,48,42,160.0,473.0,75680.0,2024-12-12
2024121203014452,EDBL,42,48,218.0,659.0,143662.0,2024-12-12
2024121203014451,HLBSL,58,8,100.0,972.0,97200.0,2024-12-12
2024121204015386,SHEL,39,49,5000.0,251.0,1255000.0,2024-12-12
2024121201023471,DORDI,55,49,80.0,545.0,43600.0,2024-12-12
2024121201023470,DORDI,7,49,50.0,545.1,27255.0,2024-12-12
2024121201023469,DORDI,75,49,70.0,545.2,38164.0,2024-12-12
2024121204015385,SJCL,40,16,30.0,366.2,10986.0,2024-12-12
2024121204015384,SJCL,40,58,25.0,366.1,9152.5,2024-12-12
2024121204015383,SHEL,39,52,200.0,251.0,50200.0,2024-12-12
2024121204015382,SHEL,51,52,300.0,251.0,75300.0,2024-12-12
2024121204015381,NHPC,52,50,511.0,224.0,114464.0,2024-12-12
2024121204015380,NHPC,52,91,354.0,223.8,79225.2,2024-12-12
2024121203014450,GBBL,49,59,100.0,439.0,43900.0,2024-12-12
2024121204015379,CGH,36,32,130.0,919.0,119470.0,2024-12-12
2024121204015378,UMHL,58,41,100.0,340.0,34000.0,2024-12-12
2024121201023468,MKJC,29,63,10.0,560.0,5600.0,2024-12-12
2024121201023467,NICA,47,29,76.0,404.1,30711.6,2024-12-12
2024121201023466,NICA,56,29,700.0,404.2,282940.0,2024-12-12
2024121201023465,NICA,58,29,24.0,404.5,9708.0,2024-12-12
2024121203014449,NFS,14,49,30.0,1089.0,32670.0,2024-12-12
2024121205012474,ILI,21,62,12.0,479.0,5748.0,2024-12-12
2024121205012473,RNLI,35,26,50.0,513.1,25655.0,2024-12-12
2024121205012472,RNLI,4,26,250.0,513.2,128300.0,2024-12-12
2024121203014448,LBBL,44,26,100.0,494.1,49410.0,2024-12-12
2024121203014447,SLBSL,66,57,10.0,1700.0,17000.0,2024-12-12
2024121203014446,GBBL,35,74,297.0,441.0,130977.0,2024-12-12
2024121203014445,GBBL,35,58,300.0,441.0,132300.0,2024-12-12
2024121203014444,GBBL,35,1,470.0,441.0,207270.0,2024-12-12
2024121203014443,GBBL,35,66,500.0,440.0,220000.0,2024-12-12
2024121203014442,GBBL,35,42,1360.0,440.0,598400.0,2024-12-12
2024121203014441,GBBL,35,58,298.0,440.0,131120.0,2024-12-12
2024121203014440,GBBL,35,1,500.0,439.9,219950.0,2024-12-12
2024121201023464,GBIME,57,6,500.0,227.0,113500.0,2024-12-12
2024121203014439,NLIC,57,49,20.0,788.0,15760.0,2024-12-12
2024121201023463,BGWT,25,58,10.0,980.0,9800.0,2024-12-12
2024121203014438,MLBBL,36,6,50.0,1651.0,82550.0,2024-12-12
2024121203014437,MFIL,11,19,30.0,707.0,21210.0,2024-12-12
2024121201023462,SNLI,17,45,50.0,649.0,32450.0,2024-12-12
2024121203014436,SAPDBL,28,43,10.0,1089.0,10890.0,2024-12-12
2024121204015377,CGH,56,32,50.0,919.0,45950.0,2024-12-12
2024121205012471,STC,33,56,20.0,5770.0,115400.0,2024-12-12
2024121204015376,AKJCL,50,6,100.0,209.5,20950.0,2024-12-12
2024121204015375,AKJCL,7,6,100.0,209.5,20950.0,2024-12-12
2024121205012470,SMJC,17,38,100.0,549.1,54910.0,2024-12-12
2024121203014435,SWMF,21,13,25.0,783.0,19575.0,2024-12-12
2024121201023461,SPC,13,38,400.0,547.0,218800.0,2024-12-12
2024121201023460,SPC,13,41,100.0,545.0,54500.0,2024-12-12
2024121201023459,RFPL,62,38,10.0,1030.0,10300.0,2024-12-12
2024121201023458,RFPL,62,62,25.0,1030.0,25750.0,2024-12-12
2024121204015374,JOSHI,8,34,150.0,412.1,61815.0,2024-12-12
2024121204015373,JOSHI,18,34,50.0,413.0,20650.0,2024-12-12
2024121201023457,CZBIL,34,55,169.0,220.0,37180.0,2024-12-12
2024121204015372,SHL,96,34,100.0,487.0,48700.0,2024-12-12
2024121201023456,ULHC,32,57,200.0,518.0,103600.0,2024-12-12
2024121203014434,EDBL,32,48,100.0,659.0,65900.0,2024-12-12
2024121201023455,GBIME,26,57,55.0,226.0,12430.0,2024-12-12
2024121201023454,GBIME,14,57,20.0,226.0,4520.0,2024-12-12
2024121201023453,GBIME,57,57,50.0,226.0,11300.0,2024-12-12
2024121201023452,GBIME,14,57,20.0,226.0,4520.0,2024-12-12
2024121201023451,GBIME,14,57,20.0,226.0,4520.0,2024-12-12
2024121201023450,GBIME,49,57,100.0,226.0,22600.0,2024-12-12
2024121201023449,GBIME,20,57,250.0,226.0,56500.0,2024-12-12
2024121201023448,GBIME,43,57,200.0,226.0,45200.0,2024-12-12
2024121201023447,GBIME,45,57,20.0,226.1,4522.0,2024-12-12
2024121201023446,GBIME,44,57,100.0,226.1,22610.0,2024-12-12
2024121201023445,GBIME,32,57,200.0,226.1,45220.0,2024-12-12
2024121201023444,GBIME,46,57,15.0,226.4,3396.0,2024-12-12
2024121201023443,GBIME,13,57,500.0,226.4,113200.0,2024-12-12
2024121201023442,GBIME,37,57,50.0,226.5,11325.0,2024-12-12
2024121201023441,GBIME,14,57,40.0,226.5,9060.0,2024-12-12
2024121201023440,GBIME,14,57,20.0,226.5,4530.0,2024-12-12
2024121201023439,GBIME,14,57,20.0,226.5,4530.0,2024-12-12
2024121201023438,GBIME,14,57,20.0,226.5,4530.0,2024-12-12
2024121201023437,GBIME,82,57,100.0,226.9,22690.0,2024-12-12
2024121201023436,LSL,6,42,15.0,238.0,3570.0,2024-12-12
2024121201023435,LSL,6,26,1517.0,237.9,360894.3,2024-12-12
2024121205012469,SONA,38,6,30.0,467.7,14031.0,2024-12-12
2024121205012468,SHIVM,4,42,50.0,573.0,28650.0,2024-12-12
2024121201023434,SBI,17,58,702.0,458.0,321516.0,2024-12-12
2024121203014433,SFCL,45,42,100.0,717.5,71750.0,2024-12-12
2024121205012467,SHIVM,63,42,100.0,573.0,57300.0,2024-12-12
2024121205012466,SHIVM,95,42,410.0,573.0,234930.0,2024-12-12
2024121203014432,NFS,13,42,100.0,1088.2,108820.0,2024-12-12
2024121201023433,TPC,48,21,100.0,557.3,55730.0,2024-12-12
2024121204015371,AHPC,35,85,720.0,265.1,190872.0,2024-12-12
2024121204015370,AHPC,42,85,500.0,265.1,132550.0,2024-12-12
2024121204015369,AHPC,35,85,182.0,265.1,48248.2,2024-12-12
2024121204015368,AHPC,36,85,500.0,265.2,132600.0,2024-12-12
2024121204015367,AHPC,46,85,98.0,265.6,26028.8,2024-12-12
2024121205012465,HRL,90,49,69.0,820.0,56580.0,2024-12-12
2024121204015366,SPDL,55,58,100.0,334.0,33400.0,2024-12-12
2024121201023432,SGHC,1,45,100.0,480.4,48040.0,2024-12-12
2024121204015365,UPPER,45,67,100.0,210.5,21050.0,2024-12-12
2024121203014431,MPFL,56,94,250.0,736.0,184000.0,2024-12-12
2024121203014430,MPFL,43,94,50.0,736.1,36805.0,2024-12-12
2024121203014429,LBBL,44,38,380.0,494.1,187758.0,2024-12-12
2024121201023431,MHCL,1,49,20.0,575.0,11500.0,2024-12-12
2024121201023430,MEHL,48,14,40.0,473.0,18920.0,2024-12-12
2024121201023429,MEHL,42,14,150.0,473.0,70950.0,2024-12-12
2024121205012464,NRM,56,14,242.0,450.0,108900.0,2024-12-12
2024121205012463,NRM,49,14,10.0,450.2,4502.0,2024-12-12
2024121205012462,NRM,58,14,10.0,450.5,4505.0,2024-12-12
2024121205012461,NRM,26,14,678.0,450.5,305439.0,2024-12-12
2024121205012460,NRM,34,14,60.0,450.6,27036.0,2024-12-12
2024121201023428,SPC,63,41,10.0,545.0,5450.0,2024-12-12
2024121201023427,LSL,26,26,430.0,237.9,102297.0,2024-12-12
2024121201023426,HBL,26,57,164.0,242.0,39688.0,2024-12-12
2024121201023425,SARBTM,43,11,20.0,780.0,15600.0,2024-12-12
2024121201023424,SARBTM,16,11,80.0,780.2,62416.0,2024-12-12
2024121204015364,NLG,55,25,500.0,940.0,470000.0,2024-12-12
2024121205012459,HRL,38,6,200.0,819.0,163800.0,2024-12-12
2024121204015363,RHPL,26,6,378.0,454.1,171649.8,2024-12-12
2024121204015362,RHPL,45,6,123.0,454.2,55866.6,2024-12-12
2024121204015361,NGPL,32,34,280.0,278.0,77840.0,2024-12-12
2024121203014428,RLFL,58,58,30.0,626.0,18780.0,2024-12-12
2024121205012458,HATHY,58,74,300.0,1385.0,415500.0,2024-12-12
2024121203014427,MFIL,47,4,27.0,709.0,19143.0,2024-12-12
2024121203014426,MFIL,47,14,50.0,709.0,35450.0,2024-12-12
2024121201023423,BHL,70,33,225.0,363.0,81675.0,2024-12-12
2024121201023422,NWCL,51,55,40.0,996.0,39840.0,2024-12-12
2024121204015360,HDHPC,45,57,14.0,207.5,2905.0,2024-12-12
2024121203014425,NLIC,38,36,30.0,787.0,23610.0,2024-12-12
2024121204015359,AKJCL,84,61,100.0,209.0,20900.0,2024-12-12
2024121204015358,UPCL,35,41,100.0,288.0,28800.0,2024-12-12
2024121203014424,JFL,61,57,100.0,883.0,88300.0,2024-12-12
2024121201023421,SRLI,16,16,35.0,425.0,14875.0,2024-12-12
2024121201023420,SRLI,58,16,120.0,425.0,51000.0,2024-12-12
2024121201023419,SRLI,59,16,100.0,425.1,42510.0,2024-12-12
2024121201023418,SRLI,28,16,120.0,425.1,51012.0,2024-12-12
2024121201023417,SRLI,33,16,100.0,425.4,42540.0,2024-12-12
2024121201023416,SRLI,87,16,100.0,425.4,42540.0,2024-12-12
2024121201023415,SRLI,64,16,1000.0,425.4,425400.0,2024-12-12
2024121201023414,MHCL,56,49,100.0,575.0,57500.0,2024-12-12
2024121201023413,PRVU,70,78,1320.0,225.0,297000.0,2024-12-12
2024121201023412,PRVU,38,78,65.0,225.0,14625.0,2024-12-12
2024121201023411,PRVU,45,78,10.0,225.1,2251.0,2024-12-12
2024121201023410,PRVU,58,78,20.0,225.1,4502.0,2024-12-12
2024121201023409,PRVU,49,78,500.0,225.4,112700.0,2024-12-12
2024121201023408,PRVU,42,78,500.0,225.4,112700.0,2024-12-12
2024121201023407,PRVU,44,78,721.0,225.4,162513.4,2024-12-12
2024121201023406,PRVU,50,78,200.0,225.4,45080.0,2024-12-12
2024121201023405,PRVU,57,78,1000.0,225.4,225400.0,2024-12-12
2024121201023404,PRVU,44,78,500.0,225.5,112750.0,2024-12-12
2024121201023403,PRVU,58,78,10.0,225.5,2255.0,2024-12-12
2024121201023402,PRVU,21,78,30.0,225.5,6765.0,2024-12-12
2024121201023401,PRVU,58,78,10.0,225.5,2255.0,2024-12-12
2024121201023400,PRVU,48,78,100.0,226.0,22600.0,2024-12-12
2024121201023399,PRVU,58,78,100.0,226.0,22600.0,2024-12-12
2024121201023398,PRVU,42,78,200.0,226.0,45200.0,2024-12-12
2024121201023397,PRVU,34,78,10.0,226.0,2260.0,2024-12-12
2024121201023396,PRVU,38,78,100.0,226.0,22600.0,2024-12-12
2024121201023395,PRVU,35,78,25.0,226.0,5650.0,2024-12-12
2024121201023394,PRVU,57,78,150.0,226.0,33900.0,2024-12-12
2024121201023393,PRVU,75,78,10.0,226.0,2260.0,2024-12-12
2024121201023392,PRVU,45,78,1005.0,226.0,227130.0,2024-12-12
2024121201023391,PRVU,38,78,1000.0,226.0,226000.0,2024-12-12
2024121201023390,PRVU,21,78,71.0,226.0,16046.0,2024-12-12
2024121201023389,PRVU,77,78,428.0,226.1,96770.8,2024-12-12
2024121201023388,PRVU,1,78,500.0,226.1,113050.0,2024-12-12
2024121201023387,PRVU,50,78,25.0,226.1,5652.5,2024-12-12
2024121201023386,PRVU,45,78,1260.0,226.1,284886.0,2024-12-12
2024121201023385,PRVU,32,78,30.0,226.2,6786.0,2024-12-12
2024121201023384,PRVU,48,78,100.0,226.4,22640.0,2024-12-12
2024121205012457,SMJC,17,38,10.0,549.1,5491.0,2024-12-12
2024121201023383,LSL,65,26,54.0,237.1,12803.4,2024-12-12
2024121201023382,LSL,34,26,646.0,237.3,153295.8,2024-12-12
2024121205012456,BBC,92,58,10.0,6450.0,64500.0,2024-12-12
2024121203014423,PMLI,33,32,20.0,554.4,11088.0,2024-12-12
2024121204015357,AKJCL,84,58,900.0,209.0,188100.0,2024-12-12
2024121205012455,NRN,55,58,250.0,1020.0,255000.0,2024-12-12
2024121205012454,NRN,1,58,10.0,1020.0,10200.0,2024-12-12
2024121205012453,NRN,48,58,500.0,1020.0,510000.0,2024-12-12
2024121205012452,NRN,1,58,10.0,1020.0,10200.0,2024-12-12
2024121205012451,NRN,57,58,50.0,1020.0,51000.0,2024-12-12
2024121205012450,NRN,33,58,100.0,1020.0,102000.0,2024-12-12
2024121205012449,NRN,33,58,100.0,1020.0,102000.0,2024-12-12
2024121205012448,NRN,13,58,50.0,1020.0,51000.0,2024-12-12
2024121205012447,NRN,25,58,1000.0,1020.0,1020000.0,2024-12-12
2024121205012446,NRN,18,58,1000.0,1020.0,1020000.0,2024-12-12
2024121205012445,NRN,1,58,400.0,1020.5,408200.0,2024-12-12
2024121205012444,NRN,28,58,100.0,1020.5,102050.0,2024-12-12
2024121205012443,NRN,58,58,500.0,1021.0,510500.0,2024-12-12
2024121205012442,NRN,45,58,50.0,1021.0,51050.0,2024-12-12
2024121205012441,NRN,48,58,500.0,1021.1,510550.0,2024-12-12
2024121205012440,NRN,56,58,30.0,1021.1,30633.0,2024-12-12
2024121205012439,NRN,45,58,50.0,1021.2,51060.0,2024-12-12
2024121205012438,NRN,50,58,80.0,1022.0,81760.0,2024-12-12
2024121205012437,NRN,58,58,25.0,1023.0,25575.0,2024-12-12
2024121205012436,NRN,17,58,40.0,1023.0,40920.0,2024-12-12
2024121205012435,NRN,57,58,50.0,1023.1,51155.0,2024-12-12
2024121205012434,NRN,92,58,400.0,1024.0,409600.0,2024-12-12
2024121205012433,NRN,94,58,500.0,1025.0,512500.0,2024-12-12
2024121205012432,NRN,88,58,400.0,1025.0,410000.0,2024-12-12
2024121204015356,KKHC,45,47,50.0,399.0,19950.0,2024-12-12
2024121204015355,CHL,52,35,100.0,425.5,42550.0,2024-12-12
2024121201023381,GBIME,42,6,100.0,227.0,22700.0,2024-12-12
2024121201023380,MCHL,46,55,20.0,579.0,11580.0,2024-12-12
2024121203014422,CFCL,80,49,144.0,642.0,92448.0,2024-12-12
2024121201023379,DORDI,75,48,30.0,545.2,16356.0,2024-12-12
2024121201023378,DORDI,71,48,50.0,545.2,27260.0,2024-12-12
2024121204015354,UPPER,49,67,218.0,210.5,45889.0,2024-12-12
2024121205012431,HIDCL,49,41,250.0,250.0,62500.0,2024-12-12
2024121201023377,GBIME,56,6,489.0,227.0,111003.0,2024-12-12
2024121201023376,GBIME,56,53,511.0,227.0,115997.0,2024-12-12
2024121204015353,CGH,5,49,150.0,918.0,137700.0,2024-12-12
2024121205012430,HDL,36,53,20.0,1350.0,27000.0,2024-12-12
2024121205012429,HDL,4,53,30.0,1350.0,40500.0,2024-12-12
2024121205012428,HDL,42,53,10.0,1350.1,13501.0,2024-12-12
2024121205012427,HDL,68,53,10.0,1350.1,13501.0,2024-12-12
2024121205012426,HDL,22,53,20.0,1351.5,27030.0,2024-12-12
2024121203014421,HLI,58,44,10.0,463.4,4634.0,2024-12-12
2024121203014420,MLBL,57,44,90.0,403.1,36279.0,2024-12-12
2024121203014419,MLBL,10,44,50.0,403.2,20160.0,2024-12-12
2024121204015352,SPDL,34,58,10.0,334.0,3340.0,2024-12-12
2024121204015351,HEI,21,34,156.0,641.0,99996.0,2024-12-12
2024121204015350,HEI,42,34,125.0,641.0,80125.0,2024-12-12
2024121204015349,HEI,42,34,10.0,641.2,6412.0,2024-12-12
2024121204015348,KKHC,45,57,16.0,399.0,6384.0,2024-12-12
2024121204015347,AKJCL,84,70,280.0,209.0,58520.0,2024-12-12
2024121204015346,AKJCL,89,70,1000.0,209.0,209000.0,2024-12-12
2024121204015345,AKJCL,85,70,75.0,209.0,15675.0,2024-12-12
2024121204015344,AKJCL,35,70,500.0,209.1,104550.0,2024-12-12
2024121204015343,AKJCL,7,70,757.0,209.1,158288.7,2024-12-12
2024121204015342,AKJCL,77,70,185.0,209.3,38720.5,2024-12-12
2024121204015341,SALICO,49,48,20.0,705.0,14100.0,2024-12-12
2024121204015340,SALICO,19,48,390.0,705.0,274950.0,2024-12-12
2024121204015339,SALICO,52,48,10.0,705.5,7055.0,2024-12-12
2024121203014418,SMFBS,5,74,20.0,2034.0,40680.0,2024-12-12
2024121201023375,SBI,17,18,505.0,458.0,231290.0,2024-12-12
2024121203014417,KSBBL,61,19,30.0,456.0,13680.0,2024-12-12
2024121201023374,NMB,32,16,81.0,242.5,19642.5,2024-12-12
2024121201023373,NMB,22,16,59.0,243.0,14337.0,2024-12-12
2024121201023372,MSHL,62,45,350.0,1034.0,361900.0,2024-12-12
2024121205012425,CLI,55,45,169.0,688.0,116272.0,2024-12-12
2024121205012424,CLI,45,45,25.0,688.0,17200.0,2024-12-12
2024121205012423,CLI,13,45,100.0,688.0,68800.0,2024-12-12
2024121204015338,UPPER,19,67,100.0,210.5,21050.0,2024-12-12
2024121205012422,CLI,55,53,491.0,688.0,337808.0,2024-12-12
2024121203014416,SMFBS,16,54,50.0,2074.0,103700.0,2024-12-12
2024121201023371,MSHL,62,81,100.0,1034.0,103400.0,2024-12-12
2024121204015337,UMHL,58,26,5000.0,340.0,1700000.0,2024-12-12
2024121204015336,SPDL,44,1,491.0,334.0,163994.0,2024-12-12
2024121204015335,RADHI,38,43,20.0,394.8,7896.0,2024-12-12
2024121204015334,RADHI,22,43,50.0,394.8,19740.0,2024-12-12
2024121203014415,DDBL,28,6,121.0,875.1,105887.1,2024-12-12
2024121201023370,MHCL,41,49,200.0,575.0,115000.0,2024-12-12
2024121204015333,LEC,4,58,100.0,213.5,21350.0,2024-12-12
2024121201023369,HHL,56,49,250.0,513.0,128250.0,2024-12-12
2024121205012421,HDL,49,40,10.0,1352.0,13520.0,2024-12-12
2024121203014414,MLBL,10,58,50.0,403.2,20160.0,2024-12-12
2024121203014413,SMFBS,16,70,20.0,2074.0,41480.0,2024-12-12
2024121201023368,SBL,21,44,10.0,310.1,3101.0,2024-12-12
2024121201023367,MEHL,42,46,200.0,473.0,94600.0,2024-12-12
2024121204015332,HURJA,40,17,100.0,239.0,23900.0,2024-12-12
2024121201023366,NBL,16,48,491.0,268.5,131833.5,2024-12-12
2024121203014412,RSDC,45,75,10.0,733.5,7335.0,2024-12-12
2024121201023365,MANDU,36,39,50.0,901.1,45055.0,2024-12-12
2024121204015331,JOSHI,39,47,100.0,464.1,46410.0,2024-12-12
2024121204015330,JOSHI,39,96,200.0,464.1,92820.0,2024-12-12
2024121204015329,JOSHI,39,22,50.0,464.1,23205.0,2024-12-12
2024121204015328,JOSHI,39,87,320.0,464.1,148512.0,2024-12-12
2024121204015327,JOSHI,39,26,300.0,464.1,139230.0,2024-12-12
2024121204015326,JOSHI,39,43,50.0,464.1,23205.0,2024-12-12
2024121204015325,JOSHI,39,29,100.0,464.0,46400.0,2024-12-12
2024121204015324,JOSHI,39,62,30.0,464.0,13920.0,2024-12-12
2024121204015323,JOSHI,39,3,500.0,464.0,232000.0,2024-12-12
2024121204015322,JOSHI,39,38,1000.0,464.0,464000.0,2024-12-12
2024121204015321,JOSHI,39,49,42.0,464.0,19488.0,2024-12-12
2024121204015320,JOSHI,39,34,100.0,464.0,46400.0,2024-12-12
2024121204015319,JOSHI,39,55,250.0,464.0,116000.0,2024-12-12
2024121204015318,JOSHI,39,25,2415.0,464.0,1120560.0,2024-12-12
2024121204015317,JOSHI,39,4,190.0,464.0,88160.0,2024-12-12
2024121204015316,JOSHI,39,47,1000.0,464.0,464000.0,2024-12-12
2024121204015315,JOSHI,39,49,1900.0,464.0,881600.0,2024-12-12
2024121204015314,JOSHI,39,34,200.0,464.0,92800.0,2024-12-12
2024121204015313,JOSHI,39,25,125.0,464.0,58000.0,2024-12-12
2024121204015312,JOSHI,39,47,1000.0,464.0,464000.0,2024-12-12
2024121204015311,JOSHI,39,26,500.0,464.0,232000.0,2024-12-12
2024121204015310,JOSHI,39,57,50.0,460.0,23000.0,2024-12-12
2024121204015309,JOSHI,39,8,575.0,459.0,263925.0,2024-12-12
2024121204015308,JOSHI,39,14,1500.0,459.0,688500.0,2024-12-12
2024121204015307,JOSHI,39,58,10.0,458.0,4580.0,2024-12-12
2024121204015306,JOSHI,39,45,187.0,455.0,85085.0,2024-12-12
2024121204015305,JOSHI,39,58,400.0,455.0,182000.0,2024-12-12
2024121204015304,JOSHI,39,41,300.0,455.0,136500.0,2024-12-12
2024121204015303,JOSHI,39,6,100.0,455.0,45500.0,2024-12-12
2024121204015302,JOSHI,39,16,1000.0,455.0,455000.0,2024-12-12
2024121204015301,JOSHI,39,16,100.0,455.0,45500.0,2024-12-12
2024121204015300,JOSHI,39,59,2000.0,455.0,910000.0,2024-12-12
2024121204015299,JOSHI,39,21,500.0,455.0,227500.0,2024-12-12
2024121204015298,JOSHI,39,19,300.0,455.0,136500.0,2024-12-12
2024121204015297,JOSHI,39,50,100.0,455.0,45500.0,2024-12-12
2024121204015296,JOSHI,39,34,30.0,455.0,13650.0,2024-12-12
2024121204015295,JOSHI,39,7,700.0,455.0,318500.0,2024-12-12
2024121204015294,JOSHI,39,33,4000.0,455.0,1820000.0,2024-12-12
2024121204015293,JOSHI,39,86,500.0,455.0,227500.0,2024-12-12
2024121204015292,JOSHI,39,8,1000.0,455.0,455000.0,2024-12-12
2024121204015291,JOSHI,39,25,4781.0,455.0,2175355.0,2024-12-12
2024121204015290,JOSHI,39,8,1000.0,454.5,454500.0,2024-12-12
2024121204015289,JOSHI,39,59,100.0,454.0,45400.0,2024-12-12
2024121204015288,JOSHI,39,52,20.0,454.0,9080.0,2024-12-12
2024121204015287,JOSHI,39,81,500.0,454.0,227000.0,2024-12-12
2024121204015286,JOSHI,39,56,1500.0,454.0,681000.0,2024-12-12
2024121204015285,JOSHI,39,95,500.0,453.9,226950.0,2024-12-12
2024121204015284,JOSHI,39,14,300.0,453.0,135900.0,2024-12-12
2024121204015283,JOSHI,39,40,65.0,453.0,29445.0,2024-12-12
2024121204015282,JOSHI,39,17,600.0,453.0,271800.0,2024-12-12
2024121204015281,JOSHI,39,83,500.0,452.0,226000.0,2024-12-12
2024121204015280,JOSHI,39,44,79.0,452.0,35708.0,2024-12-12
2024121204015279,JOSHI,39,44,150.0,451.0,67650.0,2024-12-12
2024121204015278,JOSHI,39,58,563.0,450.0,253350.0,2024-12-12
2024121204015277,JOSHI,39,57,500.0,450.0,225000.0,2024-12-12
2024121204015276,JOSHI,39,38,10.0,450.0,4500.0,2024-12-12
2024121204015275,JOSHI,39,19,100.0,450.0,45000.0,2024-12-12
2024121204015274,JOSHI,39,71,50.0,450.0,22500.0,2024-12-12
2024121204015273,JOSHI,39,41,50.0,450.0,22500.0,2024-12-12
2024121204015272,JOSHI,39,58,800.0,450.0,360000.0,2024-12-12
2024121204015271,JOSHI,39,22,4000.0,450.0,1800000.0,2024-12-12
2024121204015270,JOSHI,39,28,1100.0,450.0,495000.0,2024-12-12
2024121204015269,JOSHI,39,25,21.0,450.0,9450.0,2024-12-12
2024121204015268,JOSHI,39,7,1000.0,450.0,450000.0,2024-12-12
2024121204015267,JOSHI,39,53,50.0,450.0,22500.0,2024-12-12
2024121204015266,JOSHI,39,3,50.0,450.0,22500.0,2024-12-12
2024121204015265,JOSHI,39,80,900.0,450.0,405000.0,2024-12-12
2024121204015264,JOSHI,39,44,1000.0,450.0,450000.0,2024-12-12
2024121204015263,JOSHI,39,40,2000.0,450.0,900000.0,2024-12-12
2024121204015262,JOSHI,39,71,290.0,450.0,130500.0,2024-12-12
2024121204015261,JOSHI,39,58,50.0,449.0,22450.0,2024-12-12
2024121204015260,JOSHI,39,38,400.0,449.0,179600.0,2024-12-12
2024121204015259,JOSHI,39,58,185.0,449.0,83065.0,2024-12-12
2024121204015258,JOSHI,39,58,100.0,448.8,44880.0,2024-12-12
2024121204015257,JOSHI,39,34,160.0,448.0,71680.0,2024-12-12
2024121204015256,JOSHI,39,22,200.0,448.0,89600.0,2024-12-12
2024121204015255,JOSHI,39,22,2099.0,448.0,940352.0,2024-12-12
2024121204015254,JOSHI,39,44,120.0,448.0,53760.0,2024-12-12
2024121204015253,JOSHI,39,47,300.0,448.0,134400.0,2024-12-12
2024121204015252,JOSHI,39,69,100.0,448.0,44800.0,2024-12-12
2024121204015251,JOSHI,39,74,700.0,447.0,312900.0,2024-12-12
2024121204015250,JOSHI,39,46,500.0,447.0,223500.0,2024-12-12
2024121204015249,JOSHI,39,1,500.0,445.0,222500.0,2024-12-12
2024121204015248,JOSHI,39,35,50.0,445.0,22250.0,2024-12-12
2024121204015247,JOSHI,39,67,200.0,445.0,89000.0,2024-12-12
2024121204015246,JOSHI,39,34,400.0,445.0,178000.0,2024-12-12
2024121204015245,JOSHI,39,19,15.0,445.0,6675.0,2024-12-12
2024121204015244,JOSHI,39,36,180.0,444.0,79920.0,2024-12-12
2024121204015243,JOSHI,39,22,50.0,444.0,22200.0,2024-12-12
2024121204015242,JOSHI,39,94,50.0,443.9,22195.0,2024-12-12
2024121204015241,JOSHI,39,21,490.0,443.0,217070.0,2024-12-12
2024121204015240,JOSHI,39,57,400.0,442.0,176800.0,2024-12-12
2024121204015239,JOSHI,39,39,650.0,441.0,286650.0,2024-12-12
2024121204015238,JOSHI,39,13,100.0,440.0,44000.0,2024-12-12
2024121204015237,JOSHI,39,47,570.0,440.0,250800.0,2024-12-12
2024121204015236,JOSHI,39,32,17.0,440.0,7480.0,2024-12-12
2024121204015235,JOSHI,39,4,600.0,440.0,264000.0,2024-12-12
2024121204015234,JOSHI,39,53,200.0,440.0,88000.0,2024-12-12
