transaction,symbol,buyer,seller,quantity,rate,amount,date
2024122305009881,MEL,63,80,50.0,316.9,15845.0,2024-12-23
2024122305009880,MEL,63,35,50.0,316.0,15800.0,2024-12-23
2024122301022067,RFPL,62,41,10.0,1000.0,10000.0,2024-12-23
2024122301022066,RFPL,65,41,50.0,1001.0,50050.0,2024-12-23
2024122301022065,RFPL,83,41,40.0,1003.0,40120.0,2024-12-23
2024122301022064,SARBTM,41,48,335.0,782.0,261970.0,2024-12-23
2024122301022063,SARBTM,41,35,10.0,781.0,7810.0,2024-12-23
2024122301022062,SARBTM,41,57,155.0,781.0,121055.0,2024-12-23
2024122303011931,NADEP,34,45,10.0,927.0,9270.0,2024-12-23
2024122303011930,ICFC,53,34,285.0,671.1,191263.5,2024-12-23
2024122303011929,ICFC,43,34,55.0,671.5,36932.5,2024-12-23
2024122303011928,ICFC,52,34,100.0,672.0,67200.0,2024-12-23
2024122303011927,ICFC,29,34,20.0,675.0,13500.0,2024-12-23
2024122303011926,ICFC,29,34,20.0,675.0,13500.0,2024-12-23
2024122303011925,ICFC,44,34,10.0,675.0,6750.0,2024-12-23
2024122303011924,ICFC,88,34,10.0,675.0,6750.0,2024-12-23
2024122303011923,ICFC,38,34,50.0,676.0,33800.0,2024-12-23
2024122303011922,ICFC,19,34,50.0,677.0,33850.0,2024-12-23
2024122304012059,HEI,50,49,10.0,624.0,6240.0,2024-12-23
2024122304012058,UMRH,50,58,20.0,639.0,12780.0,2024-12-23
2024122303011921,NABBC,21,8,10.0,1339.0,13390.0,2024-12-23
2024122303011920,NLIC,39,49,10.0,763.0,7630.0,2024-12-23
2024122301022061,MAKAR,45,18,430.0,637.0,273910.0,2024-12-23
2024122301022060,MAKAR,45,22,100.0,635.9,63590.0,2024-12-23
2024122301022059,MAKAR,45,63,100.0,635.0,63500.0,2024-12-23
2024122301022058,MAKAR,45,21,257.0,630.1,161935.7,2024-12-23
2024122301022057,MAKAR,45,6,13.0,630.0,8190.0,2024-12-23
2024122301022056,USHEC,57,50,50.0,629.0,31450.0,2024-12-23
2024122301022055,USHEC,57,68,50.0,628.0,31400.0,2024-12-23
2024122301022054,KBL,57,1,200.0,211.9,42380.0,2024-12-23
2024122301022053,ULBSL,62,57,171.0,3900.0,666900.0,2024-12-23
2024122305009879,HDL,36,57,10.0,1344.1,13441.0,2024-12-23
2024122301022052,MHCL,42,94,92.0,571.0,52532.0,2024-12-23
2024122301022051,MHCL,60,94,35.0,571.1,19988.5,2024-12-23
2024122301022050,MHCL,65,94,20.0,575.0,11500.0,2024-12-23
2024122301022049,ULHC,29,49,10.0,500.0,5000.0,2024-12-23
2024122303011919,NABBC,69,8,100.0,1339.0,133900.0,2024-12-23
2024122303011918,NABBC,69,8,10.0,1339.0,13390.0,2024-12-23
2024122303011917,NABBC,69,8,10.0,1339.0,13390.0,2024-12-23
2024122303011916,SLBSL,67,66,10.0,1868.0,18680.0,2024-12-23
2024122305009878,SMJC,6,77,20.0,529.0,10580.0,2024-12-23
2024122305009877,HATHY,65,43,145.0,1330.0,192850.0,2024-12-23
2024122305009876,HATHY,65,41,20.0,1330.0,26600.0,2024-12-23
2024122301022048,IHL,82,21,200.0,705.0,141000.0,2024-12-23
2024122301022047,IHL,82,43,500.0,705.0,352500.0,2024-12-23
2024122301022046,IHL,82,33,10.0,705.0,7050.0,2024-12-23
2024122301022045,IHL,82,91,290.0,705.0,204450.0,2024-12-23
2024122303011915,SAPDBL,47,58,40.0,995.0,39800.0,2024-12-23
2024122303011914,SMPDA,42,1,10.0,949.5,9495.0,2024-12-23
2024122304012057,HDHPC,58,53,50.0,204.0,10200.0,2024-12-23
2024122303011913,SAPDBL,58,21,40.0,1004.9,40196.0,2024-12-23
2024122303011912,SAPDBL,58,5,10.0,1004.9,10049.0,2024-12-23
2024122303011911,SAPDBL,58,34,50.0,1000.0,50000.0,2024-12-23
2024122303011910,GRDBL,58,43,10.0,989.3,9893.0,2024-12-23
2024122301022044,MHCL,58,45,493.0,580.0,285940.0,2024-12-23
2024122301022043,MHCL,58,21,10.0,580.0,5800.0,2024-12-23
2024122301022042,MHCL,58,19,10.0,580.0,5800.0,2024-12-23
2024122301022041,MHCL,58,41,10.0,579.5,5795.0,2024-12-23
2024122301022040,MHCL,58,47,10.0,579.3,5793.0,2024-12-23
2024122301022039,MHCL,58,35,500.0,579.0,289500.0,2024-12-23
2024122301022038,MHCL,58,58,50.0,579.0,28950.0,2024-12-23
2024122301022037,MHCL,58,32,10.0,579.0,5790.0,2024-12-23
2024122301022036,MHCL,58,34,10.0,579.0,5790.0,2024-12-23
2024122301022035,MHCL,58,21,50.0,579.0,28950.0,2024-12-23
2024122301022034,MHCL,58,32,200.0,578.0,115600.0,2024-12-23
2024122301022033,MHCL,58,44,100.0,578.0,57800.0,2024-12-23
2024122301022032,MHCL,58,51,100.0,578.0,57800.0,2024-12-23
2024122301022031,MHCL,58,6,50.0,577.0,28850.0,2024-12-23
2024122301022030,MHCL,58,57,567.0,577.0,327159.0,2024-12-23
2024122301022029,MHCL,58,26,50.0,576.0,28800.0,2024-12-23
2024122301022028,MHCL,58,43,500.0,575.9,287950.0,2024-12-23
2024122301022027,MHCL,58,58,500.0,575.0,287500.0,2024-12-23
2024122301022026,MHCL,58,5,245.0,574.9,140850.5,2024-12-23
2024122301022025,MHCL,58,50,35.0,574.0,20090.0,2024-12-23
2024122304012056,JOSHI,58,94,10.0,482.5,4825.0,2024-12-23
2024122305009875,HIDCL,42,34,100.0,237.4,23740.0,2024-12-23
2024122305009874,CHDC,48,47,10.0,1573.5,15735.0,2024-12-23
2024122304012055,NICL,84,57,200.0,949.9,189980.0,2024-12-23
2024122305009873,MBJC,32,1,64.0,349.0,22336.0,2024-12-23
2024122305009872,MBJC,32,7,30.0,349.0,10470.0,2024-12-23
2024122305009871,MBJC,32,55,500.0,349.0,174500.0,2024-12-23
2024122305009870,MBJC,32,43,200.0,348.9,69780.0,2024-12-23
2024122305009869,MBJC,32,90,60.0,345.0,20700.0,2024-12-23
2024122305009868,MBJC,32,32,90.0,344.3,30987.0,2024-12-23
2024122305009867,MBJC,32,6,50.0,344.3,17215.0,2024-12-23
2024122305009866,MBJC,32,58,100.0,344.3,34430.0,2024-12-23
2024122305009865,MBJC,32,43,2000.0,344.0,688000.0,2024-12-23
2024122305009864,MBJC,32,6,50.0,343.6,17180.0,2024-12-23
2024122305009863,MBJC,32,57,10.0,343.3,3433.0,2024-12-23
2024122305009862,MBJC,32,45,90.0,343.0,30870.0,2024-12-23
2024122305009861,MBJC,32,22,90.0,343.0,30870.0,2024-12-23
2024122305009860,MBJC,32,58,500.0,343.0,171500.0,2024-12-23
2024122305009859,MBJC,32,25,90.0,343.0,30870.0,2024-12-23
2024122305009858,MBJC,32,43,90.0,342.8,30852.0,2024-12-23
2024122305009857,MBJC,32,47,10.0,342.7,3427.0,2024-12-23
2024122305009856,MBJC,32,41,2200.0,342.7,753940.0,2024-12-23
2024122305009855,MBJC,32,1,680.0,342.7,233036.0,2024-12-23
2024122305009854,MBJC,32,6,50.0,342.7,17135.0,2024-12-23
2024122305009853,MBJC,32,47,100.0,342.7,34270.0,2024-12-23
2024122305009852,MBJC,32,52,700.0,342.7,239890.0,2024-12-23
2024122305009851,MBJC,32,25,70.0,342.0,23940.0,2024-12-23
2024122305009850,MBJC,32,44,90.0,342.0,30780.0,2024-12-23
2024122305009849,MBJC,32,34,90.0,341.9,30771.0,2024-12-23
2024122305009848,MBJC,32,6,50.0,341.9,17095.0,2024-12-23
2024122305009847,MBJC,32,6,50.0,341.8,17090.0,2024-12-23
2024122305009846,MBJC,32,38,10.0,341.7,3417.0,2024-12-23
2024122305009845,MBJC,32,44,90.0,341.7,30753.0,2024-12-23
2024122305009844,MBJC,32,32,500.0,341.7,170850.0,2024-12-23
2024122305009843,MBJC,32,19,100.0,341.6,34160.0,2024-12-23
2024122305009842,MBJC,32,34,150.0,341.6,51240.0,2024-12-23
2024122305009841,MBJC,32,97,200.0,341.3,68260.0,2024-12-23
2024122305009840,MBJC,32,32,90.0,341.0,30690.0,2024-12-23
2024122305009839,MBJC,32,16,50.0,341.0,17050.0,2024-12-23
2024122305009838,MBJC,32,45,10.0,341.0,3410.0,2024-12-23
2024122305009837,MBJC,32,96,40.0,341.0,13640.0,2024-12-23
2024122305009836,MBJC,32,1,94.0,340.6,32016.4,2024-12-23
2024122305009835,MBJC,32,29,30.0,340.6,10218.0,2024-12-23
2024122305009834,MBJC,32,36,50.0,340.0,17000.0,2024-12-23
2024122305009833,MBJC,32,41,90.0,340.0,30600.0,2024-12-23
2024122305009832,MBJC,32,34,10.0,340.0,3400.0,2024-12-23
2024122305009831,MBJC,32,47,10.0,340.0,3400.0,2024-12-23
2024122305009830,MBJC,32,41,90.0,340.0,30600.0,2024-12-23
2024122305009829,MBJC,32,19,90.0,340.0,30600.0,2024-12-23
2024122305009828,MBJC,32,16,20.0,340.0,6800.0,2024-12-23
2024122305009827,MBJC,32,34,10.0,340.0,3400.0,2024-12-23
2024122305009826,MBJC,32,56,40.0,340.0,13600.0,2024-12-23
2024122305009825,MBJC,32,16,198.0,340.0,67320.0,2024-12-23
2024122305009824,MBJC,32,58,10.0,340.0,3400.0,2024-12-23
2024122305009823,MBJC,32,1,200.0,340.0,68000.0,2024-12-23
2024122305009822,MBJC,32,42,90.0,340.0,30600.0,2024-12-23
2024122305009821,MBJC,32,69,60.0,340.0,20400.0,2024-12-23
2024122305009820,MBJC,32,57,10.0,340.0,3400.0,2024-12-23
2024122305009819,MBJC,32,45,10.0,339.7,3397.0,2024-12-23
2024122305009818,MBJC,32,6,10.0,339.6,3396.0,2024-12-23
2024122305009817,MBJC,32,51,10.0,339.6,3396.0,2024-12-23
2024122305009816,MBJC,32,54,90.0,339.2,30528.0,2024-12-23
2024122305009815,MBJC,32,38,10.0,339.0,3390.0,2024-12-23
2024122305009814,MBJC,32,58,250.0,339.0,84750.0,2024-12-23
2024122305009813,MBJC,32,38,90.0,339.0,30510.0,2024-12-23
2024122305009812,MBJC,32,4,10.0,339.0,3390.0,2024-12-23
2024122305009811,MBJC,32,28,90.0,339.0,30510.0,2024-12-23
2024122305009810,MBJC,32,38,90.0,339.0,30510.0,2024-12-23
2024122305009809,MBJC,32,58,10.0,338.8,3388.0,2024-12-23
2024122305009808,MBJC,32,19,20.0,338.6,6772.0,2024-12-23
2024122305009807,MBJC,32,45,90.0,338.6,30474.0,2024-12-23
2024122305009806,MBJC,32,50,2300.0,338.0,777400.0,2024-12-23
2024122305009805,MBJC,32,35,50.0,338.0,16900.0,2024-12-23
2024122305009804,MBJC,32,4,10.0,338.0,3380.0,2024-12-23
2024122305009803,MBJC,32,51,90.0,338.0,30420.0,2024-12-23
2024122305009802,MBJC,32,19,20.0,338.0,6760.0,2024-12-23
2024122305009801,MBJC,32,19,20.0,338.0,6760.0,2024-12-23
2024122305009800,MBJC,32,25,90.0,338.0,30420.0,2024-12-23
2024122305009799,MBJC,32,28,10.0,338.0,3380.0,2024-12-23
2024122305009798,MBJC,32,58,50.0,338.0,16900.0,2024-12-23
2024122305009797,MBJC,32,34,50.0,338.0,16900.0,2024-12-23
2024122305009796,MBJC,32,20,500.0,337.9,168950.0,2024-12-23
2024122305009795,MBJC,32,58,10.0,337.0,3370.0,2024-12-23
2024122305009794,MBJC,32,41,10.0,337.0,3370.0,2024-12-23
2024122305009793,MBJC,32,21,90.0,336.0,30240.0,2024-12-23
2024122305009792,MBJC,32,53,34.0,336.0,11424.0,2024-12-23
2024122305009791,MBJC,32,8,40.0,335.0,13400.0,2024-12-23
2024122305009790,MBJC,32,49,200.0,334.0,66800.0,2024-12-23
2024122305009789,MBJC,32,57,90.0,334.0,30060.0,2024-12-23
2024122305009788,MBJC,32,32,100.0,334.0,33400.0,2024-12-23
2024122305009787,MBJC,32,25,10.0,333.9,3339.0,2024-12-23
2024122304012054,MHNL,32,35,10.0,272.5,2725.0,2024-12-23
2024122304012053,CHCL,1,19,25.0,564.0,14100.0,2024-12-23
2024122305009786,MEL,53,35,50.0,316.0,15800.0,2024-12-23
2024122305009785,MEL,53,46,10.0,316.0,3160.0,2024-12-23
2024122305009784,MEL,53,42,100.0,316.0,31600.0,2024-12-23
2024122305009783,MEL,53,65,330.0,315.9,104247.0,2024-12-23
2024122305009782,MEL,53,33,10.0,315.5,3155.0,2024-12-23
2024122303011909,BFC,57,1,15.0,704.0,10560.0,2024-12-23
2024122303011908,BFC,49,1,12.0,705.0,8460.0,2024-12-23
2024122303011907,BFC,29,1,10.0,705.0,7050.0,2024-12-23
2024122301022024,SNLI,33,49,12.0,633.0,7596.0,2024-12-23
2024122301022023,SNLI,33,58,12.0,633.0,7596.0,2024-12-23
2024122301022022,SNLI,33,41,12.0,633.0,7596.0,2024-12-23
2024122301022021,SNLI,33,58,12.0,633.0,7596.0,2024-12-23
2024122301022020,SNLI,33,14,12.0,633.0,7596.0,2024-12-23
2024122301022019,SNLI,33,57,12.0,633.0,7596.0,2024-12-23
2024122301022018,SNLI,33,58,12.0,633.0,7596.0,2024-12-23
2024122301022017,SNLI,33,66,30.0,633.0,18990.0,2024-12-23
2024122301022016,SNLI,33,39,12.0,632.0,7584.0,2024-12-23
2024122301022015,SNLI,33,55,12.0,632.0,7584.0,2024-12-23
2024122301022014,SNLI,33,55,12.0,632.0,7584.0,2024-12-23
2024122301022013,SNLI,33,77,12.0,632.0,7584.0,2024-12-23
2024122301022012,SNLI,33,58,12.0,632.0,7584.0,2024-12-23
2024122301022011,SNLI,33,49,12.0,632.0,7584.0,2024-12-23
2024122301022010,SNLI,33,34,12.0,632.0,7584.0,2024-12-23
2024122303011906,NFS,33,42,100.0,1040.0,104000.0,2024-12-23
2024122303011905,KRBL,88,71,100.0,776.8,77680.0,2024-12-23
2024122301022009,MHCL,71,50,10.0,574.0,5740.0,2024-12-23
2024122303011904,NABBC,71,8,10.0,1339.0,13390.0,2024-12-23
2024122301022008,EHPL,95,44,127.0,775.0,98425.0,2024-12-23
2024122301022007,USHEC,25,68,10.0,628.0,6280.0,2024-12-23
2024122303011903,NABBC,28,8,860.0,1339.0,1151540.0,2024-12-23
2024122303011902,NABBC,28,69,1000.0,1335.0,1335000.0,2024-12-23
2024122303011901,NABBC,28,62,1000.0,1330.0,1330000.0,2024-12-23
2024122303011900,NABBC,28,4,200.0,1270.0,254000.0,2024-12-23
2024122303011899,NABBC,28,67,250.0,1263.7,315925.0,2024-12-23
2024122303011898,NABBC,28,56,1290.0,1263.7,1630173.0,2024-12-23
2024122304012052,CHL,38,28,11.0,420.0,4620.0,2024-12-23
2024122303011897,NABBC,28,56,210.0,1263.7,265377.0,2024-12-23
2024122303011896,NABBC,28,4,190.0,1263.7,240103.0,2024-12-23
2024122301022006,TVCL,37,70,500.0,548.0,274000.0,2024-12-23
2024122304012051,KKHC,96,66,431.0,390.0,168090.0,2024-12-23
2024122304012050,KKHC,96,70,110.0,390.0,42900.0,2024-12-23
2024122304012049,KKHC,96,50,1000.0,389.9,389900.0,2024-12-23
2024122304012048,KKHC,96,22,150.0,389.0,58350.0,2024-12-23
2024122304012047,KKHC,96,61,100.0,389.0,38900.0,2024-12-23
2024122304012046,KKHC,96,71,100.0,388.0,38800.0,2024-12-23
2024122304012045,KKHC,96,58,505.0,386.0,194930.0,2024-12-23
2024122304012044,KKHC,96,5,10.0,386.0,3860.0,2024-12-23
2024122304012043,KKHC,96,61,45.0,386.0,17370.0,2024-12-23
2024122304012042,KKHC,96,4,160.0,385.0,61600.0,2024-12-23
2024122304012041,KKHC,96,52,200.0,385.0,77000.0,2024-12-23
2024122304012040,KKHC,96,57,54.0,385.0,20790.0,2024-12-23
2024122304012039,KKHC,96,36,500.0,385.0,192500.0,2024-12-23
2024122304012038,KKHC,96,41,16.0,385.0,6160.0,2024-12-23
2024122304012037,KKHC,96,58,13.0,384.5,4998.5,2024-12-23
2024122304012036,KKHC,96,1,500.0,384.2,192100.0,2024-12-23
2024122304012035,KKHC,96,38,200.0,384.0,76800.0,2024-12-23
2024122304012034,KKHC,96,34,28.0,384.0,10752.0,2024-12-23
2024122304012033,KKHC,96,8,860.0,382.9,329294.0,2024-12-23
2024122304012032,KKHC,96,11,18.0,382.0,6876.0,2024-12-23
2024122301022005,DORDI,88,56,91.0,553.3,50350.3,2024-12-23
2024122301022004,DORDI,85,56,20.0,555.0,11100.0,2024-12-23
2024122301022003,DORDI,32,56,100.0,556.0,55600.0,2024-12-23
2024122301022002,DORDI,56,56,10.0,556.1,5561.0,2024-12-23
2024122301022001,DORDI,85,56,24.0,556.1,13346.4,2024-12-23
2024122301022000,DORDI,56,56,10.0,556.2,5562.0,2024-12-23
2024122301021999,DORDI,56,56,10.0,556.3,5563.0,2024-12-23
2024122301021998,DORDI,56,56,10.0,556.3,5563.0,2024-12-23
2024122301021997,DORDI,56,56,25.0,556.4,13910.0,2024-12-23
2024122301021996,DORDI,52,56,200.0,556.4,111280.0,2024-12-23
2024122301021995,DORDI,63,56,500.0,556.4,278200.0,2024-12-23
2024122301021994,DORDI,86,56,700.0,556.6,389620.0,2024-12-23
2024122304012031,SPDL,25,41,10.0,325.9,3259.0,2024-12-23
2024122304012030,SGIC,34,56,10.0,665.0,6650.0,2024-12-23
2024122305009781,NRM,34,57,10.0,444.8,4448.0,2024-12-23
2024122301021993,RFPL,83,34,10.0,1003.0,10030.0,2024-12-23
2024122303011895,NLIC,34,49,10.0,763.0,7630.0,2024-12-23
2024122301021992,TVCL,34,17,30.0,552.5,16575.0,2024-12-23
2024122301021991,TVCL,34,49,70.0,551.0,38570.0,2024-12-23
2024122304012029,AKPL,50,55,90.0,237.5,21375.0,2024-12-23
2024122304012028,KPCL,85,42,100.0,528.0,52800.0,2024-12-23
2024122301021990,IHL,26,91,10.0,705.0,7050.0,2024-12-23
2024122304012027,SHPC,45,26,50.0,537.0,26850.0,2024-12-23
2024122305009780,HRL,46,94,10.0,795.8,7958.0,2024-12-23
2024122301021989,SGHC,45,37,20.0,469.0,9380.0,2024-12-23
2024122303011894,NABBC,43,4,10.0,1263.7,12637.0,2024-12-23
2024122303011893,KSBBL,36,57,78.0,442.1,34483.8,2024-12-23
2024122304012026,SPDL,57,6,20.0,327.0,6540.0,2024-12-23
2024122304012025,SHPC,45,57,65.0,537.0,34905.0,2024-12-23
2024122301021988,ULHC,66,49,398.0,500.0,199000.0,2024-12-23
2024122301021987,ULHC,66,34,102.0,500.0,51000.0,2024-12-23
2024122304012024,SPIL,44,29,10.0,790.0,7900.0,2024-12-23
2024122304012023,SPIL,44,61,160.0,786.0,125760.0,2024-12-23
2024122301021986,MKHC,44,53,10.0,533.9,5339.0,2024-12-23
2024122304012022,HURJA,57,62,500.0,231.0,115500.0,2024-12-23
2024122301021985,KDL,22,6,10.0,1177.9,11779.0,2024-12-23
2024122301021984,MKHC,13,53,50.0,533.9,26695.0,2024-12-23
2024122301021983,MMKJL,13,34,10.0,699.0,6990.0,2024-12-23
2024122303011892,CORBL,60,77,20.0,1470.0,29400.0,2024-12-23
2024122303011891,SLBSL,35,66,10.0,1868.0,18680.0,2024-12-23
2024122301021982,ULBSL,62,16,74.0,3928.0,290672.0,2024-12-23
2024122301021981,ULBSL,62,33,10.0,3926.0,39260.0,2024-12-23
2024122301021980,ULBSL,62,58,16.0,3920.0,62720.0,2024-12-23
2024122303011890,KRBL,62,71,100.0,776.8,77680.0,2024-12-23
2024122304012021,UMRH,69,58,10.0,639.0,6390.0,2024-12-23
2024122303011889,KSBBL,1,69,234.0,445.0,104130.0,2024-12-23
2024122303011888,KSBBL,18,69,200.0,445.1,89020.0,2024-12-23
2024122301021979,MHCL,77,50,235.0,574.0,134890.0,2024-12-23
2024122301021978,NIMB,59,3,10.0,214.7,2147.0,2024-12-23
2024122301021977,NIMB,57,3,490.0,215.0,105350.0,2024-12-23
2024122305009779,VLUCL,65,44,96.0,674.0,64704.0,2024-12-23
2024122305009778,VLUCL,65,7,10.0,673.2,6732.0,2024-12-23
2024122305009777,VLUCL,65,47,10.0,673.0,6730.0,2024-12-23
2024122305009776,VLUCL,65,42,10.0,672.1,6721.0,2024-12-23
2024122305009775,VLUCL,65,49,874.0,672.0,587328.0,2024-12-23
2024122301021976,SARBTM,33,52,60.0,780.0,46800.0,2024-12-23
2024122303011887,ACLBSL,52,49,10.0,1000.0,10000.0,2024-12-23
2024122304012020,MHNL,55,35,10.0,272.5,2725.0,2024-12-23
2024122303011886,SFCL,55,41,85.0,667.0,56695.0,2024-12-23
2024122303011885,SFCL,55,48,15.0,666.0,9990.0,2024-12-23
2024122301021975,RHGCL,52,95,10.0,504.8,5048.0,2024-12-23
2024122301021974,HEIP,58,8,10.0,468.8,4688.0,2024-12-23
2024122303011884,KMCDB,77,74,11.0,1090.1,11991.1,2024-12-23
2024122301021973,MHL,90,16,10.0,882.0,8820.0,2024-12-23
2024122303011883,ACLBSL,58,6,10.0,1000.0,10000.0,2024-12-23
2024122301021972,UNLB,7,14,10.0,2500.0,25000.0,2024-12-23
2024122304012019,AKPL,57,58,50.0,237.4,11870.0,2024-12-23
2024122303011882,LBBL,58,16,32.0,484.0,15488.0,2024-12-23
2024122303011881,GRDBL,84,43,10.0,989.3,9893.0,2024-12-23
2024122305009774,ILI,48,47,400.0,469.0,187600.0,2024-12-23
2024122301021971,MCHL,32,34,10.0,615.0,6150.0,2024-12-23
2024122301021970,SARBTM,32,57,100.0,781.0,78100.0,2024-12-23
2024122303011880,SHINE,17,42,50.0,436.6,21830.0,2024-12-23
2024122303011879,SHINE,32,42,135.0,436.6,58941.0,2024-12-23
2024122304012018,RHPL,58,1,10.0,435.3,4353.0,2024-12-23
2024122301021969,CZBIL,1,55,10.0,217.9,2179.0,2024-12-23
2024122304012017,KKHC,3,92,700.0,381.0,266700.0,2024-12-23
2024122304012016,KKHC,45,92,300.0,381.5,114450.0,2024-12-23
2024122301021968,SNLI,17,45,10.0,631.0,6310.0,2024-12-23
2024122304012015,AKPL,17,55,20.0,237.5,4750.0,2024-12-23
2024122304012014,HURJA,33,62,100.0,231.0,23100.0,2024-12-23
2024122303011878,NABBC,69,4,50.0,1216.0,60800.0,2024-12-23
2024122304012013,AKJCL,10,40,100.0,200.5,20050.0,2024-12-23
2024122303011877,GBBL,32,38,865.0,400.0,346000.0,2024-12-23
2024122303011876,GBBL,17,38,135.0,400.0,54000.0,2024-12-23
2024122303011875,CORBL,71,57,10.0,1470.0,14700.0,2024-12-23
2024122301021967,TVCL,72,34,10.0,551.0,5510.0,2024-12-23
2024122305009773,HDL,36,36,100.0,1344.1,134410.0,2024-12-23
2024122305009772,HDL,36,58,55.0,1344.1,73925.5,2024-12-23
2024122305009771,NTC,49,42,10.0,942.2,9422.0,2024-12-23
2024122303011874,SMB,56,1,10.0,4026.2,40262.0,2024-12-23
2024122303011873,SMB,56,28,30.0,4020.0,120600.0,2024-12-23
2024122303011872,SMB,56,55,17.0,3360.9,57135.3,2024-12-23
2024122303011871,SMB,56,35,74.0,3360.0,248640.0,2024-12-23
2024122303011870,SMB,56,57,10.0,3360.0,33600.0,2024-12-23
2024122303011869,SMB,56,25,17.0,3360.0,57120.0,2024-12-23
2024122303011868,SMB,56,42,17.0,3360.0,57120.0,2024-12-23
2024122303011867,SMB,56,53,40.0,3360.0,134400.0,2024-12-23
2024122303011866,SMB,56,52,63.0,3360.0,211680.0,2024-12-23
2024122303011865,SMB,56,28,10.0,3360.0,33600.0,2024-12-23
2024122303011864,SMB,56,52,20.0,3305.0,66100.0,2024-12-23
2024122303011863,SMB,56,45,30.0,3300.0,99000.0,2024-12-23
2024122303011862,SMB,56,49,30.0,3295.0,98850.0,2024-12-23
2024122303011861,SMB,56,43,10.0,3295.0,32950.0,2024-12-23
2024122303011860,SMB,56,43,17.0,3294.2,56001.4,2024-12-23
2024122303011859,SMB,56,70,487.0,3294.2,1604275.4,2024-12-23
2024122301021966,PPL,44,99,380.0,562.7,213826.0,2024-12-23
2024122301021965,PPL,28,99,10.0,563.6,5636.0,2024-12-23
2024122301021964,PPL,28,99,10.0,563.8,5638.0,2024-12-23
2024122303011858,HLBSL,34,45,100.0,930.0,93000.0,2024-12-23
2024122303011857,HLBSL,34,45,108.0,926.0,100008.0,2024-12-23
2024122301021963,EBL,81,14,30.0,583.0,17490.0,2024-12-23
2024122303011856,SIFC,34,17,45.0,600.0,27000.0,2024-12-23
2024122303011855,SIFC,34,38,60.0,600.0,36000.0,2024-12-23
2024122303011854,SIFC,34,91,210.0,599.9,125979.0,2024-12-23
2024122303011853,SIFC,34,11,245.0,599.0,146755.0,2024-12-23
2024122301021962,HHL,39,65,60.0,538.7,32322.0,2024-12-23
2024122301021961,HHL,39,65,90.0,538.7,48483.0,2024-12-23
2024122301021960,HHL,39,34,10.0,538.0,5380.0,2024-12-23
2024122303011852,LBBL,10,45,500.0,482.0,241000.0,2024-12-23
2024122301021959,MEHL,57,56,100.0,465.0,46500.0,2024-12-23
2024122303011851,HLI,57,49,10.0,449.0,4490.0,2024-12-23
2024122303011850,HLI,57,64,100.0,449.0,44900.0,2024-12-23
2024122303011849,HLI,57,64,100.0,449.0,44900.0,2024-12-23
2024122303011848,HLI,57,54,174.0,449.0,78126.0,2024-12-23
2024122301021958,ULBSL,62,43,10.0,3900.0,39000.0,2024-12-23
2024122304012012,JOSHI,22,32,1000.0,492.3,492300.0,2024-12-23
2024122304012011,JOSHI,22,56,1310.0,487.0,637970.0,2024-12-23
2024122304012010,JOSHI,22,34,2000.0,459.2,918400.0,2024-12-23
2024122304012009,JOSHI,22,74,70.0,459.2,32144.0,2024-12-23
2024122304012008,JOSHI,22,53,10.0,459.0,4590.0,2024-12-23
2024122304012007,JOSHI,22,21,300.0,459.0,137700.0,2024-12-23
2024122304012006,JOSHI,22,38,1619.0,459.0,743121.0,2024-12-23
2024122304012005,JOSHI,22,57,800.0,459.0,367200.0,2024-12-23
2024122304012004,JOSHI,22,1,250.0,459.0,114750.0,2024-12-23
2024122304012003,JOSHI,22,58,50.0,459.0,22950.0,2024-12-23
2024122304012002,JOSHI,22,34,25.0,459.0,11475.0,2024-12-23
2024122304012001,JOSHI,22,58,80.0,459.0,36720.0,2024-12-23
2024122304012000,JOSHI,22,74,700.0,459.0,321300.0,2024-12-23
2024122304011999,JOSHI,22,42,10.0,459.0,4590.0,2024-12-23
2024122304011998,JOSHI,22,57,20.0,459.0,9180.0,2024-12-23
2024122304011997,JOSHI,22,49,500.0,459.0,229500.0,2024-12-23
2024122304011996,JOSHI,22,69,2500.0,459.0,1147500.0,2024-12-23
2024122304011995,JOSHI,22,19,500.0,459.0,229500.0,2024-12-23
2024122304011994,JOSHI,22,49,50.0,459.0,22950.0,2024-12-23
2024122304011993,JOSHI,22,44,500.0,459.0,229500.0,2024-12-23
2024122304011992,JOSHI,22,57,1000.0,459.0,459000.0,2024-12-23
2024122304011991,JOSHI,22,61,300.0,459.0,137700.0,2024-12-23
2024122304011990,JOSHI,22,49,60.0,459.0,27540.0,2024-12-23
2024122304011989,JOSHI,22,47,100.0,459.0,45900.0,2024-12-23
2024122304011988,JOSHI,22,43,100.0,459.0,45900.0,2024-12-23
2024122304011987,JOSHI,22,40,1000.0,459.0,459000.0,2024-12-23
2024122304011986,JOSHI,22,34,500.0,459.0,229500.0,2024-12-23
2024122304011985,JOSHI,22,8,20.0,459.0,9180.0,2024-12-23
2024122304011984,JOSHI,22,7,110.0,459.0,50490.0,2024-12-23
2024122304011983,JOSHI,22,59,50.0,459.0,22950.0,2024-12-23
2024122304011982,JOSHI,22,6,200.0,459.0,91800.0,2024-12-23
2024122304011981,JOSHI,22,42,200.0,459.0,91800.0,2024-12-23
2024122304011980,JOSHI,22,58,50.0,459.0,22950.0,2024-12-23
2024122304011979,JOSHI,22,1,300.0,459.0,137700.0,2024-12-23
2024122304011978,JOSHI,22,13,500.0,459.0,229500.0,2024-12-23
2024122304011977,JOSHI,22,39,500.0,459.0,229500.0,2024-12-23
2024122304011976,JOSHI,22,34,500.0,459.0,229500.0,2024-12-23
2024122304011975,JOSHI,22,19,70.0,459.0,32130.0,2024-12-23
2024122304011974,JOSHI,22,17,200.0,459.0,91800.0,2024-12-23
2024122304011973,JOSHI,22,33,673.0,459.0,308907.0,2024-12-23
2024122304011972,JOSHI,22,58,20.0,459.0,9180.0,2024-12-23
2024122304011971,JOSHI,22,51,500.0,459.0,229500.0,2024-12-23
2024122304011970,JOSHI,22,3,20.0,459.0,9180.0,2024-12-23
2024122304011969,JOSHI,22,45,130.0,459.0,59670.0,2024-12-23
2024122304011968,JOSHI,22,40,20.0,459.0,9180.0,2024-12-23
2024122304011967,JOSHI,22,45,100.0,459.0,45900.0,2024-12-23
2024122304011966,JOSHI,22,6,100.0,458.7,45870.0,2024-12-23
2024122304011965,JOSHI,22,47,10.0,458.7,4587.0,2024-12-23
2024122304011964,JOSHI,22,74,140.0,458.7,64218.0,2024-12-23
2024122304011963,JOSHI,22,40,1000.0,458.5,458500.0,2024-12-23
2024122304011962,JOSHI,22,57,150.0,458.5,68775.0,2024-12-23
2024122304011961,JOSHI,22,8,150.0,458.0,68700.0,2024-12-23
2024122304011960,JOSHI,22,28,100.0,458.0,45800.0,2024-12-23
2024122304011959,JOSHI,22,64,15.0,458.0,6870.0,2024-12-23
2024122304011958,JOSHI,22,59,300.0,458.0,137400.0,2024-12-23
2024122304011957,JOSHI,22,61,200.0,458.0,91600.0,2024-12-23
2024122304011956,JOSHI,22,1,1000.0,458.0,458000.0,2024-12-23
2024122304011955,JOSHI,22,48,20.0,458.0,9160.0,2024-12-23
2024122304011954,JOSHI,22,51,350.0,458.0,160300.0,2024-12-23
2024122304011953,JOSHI,22,45,350.0,457.9,160265.0,2024-12-23
2024122304011952,JOSHI,22,52,250.0,457.9,114475.0,2024-12-23
2024122304011951,JOSHI,22,67,200.0,457.9,91580.0,2024-12-23
2024122304011950,JOSHI,22,58,20.0,457.9,9158.0,2024-12-23
2024122304011949,JOSHI,22,74,70.0,457.7,32039.0,2024-12-23
2024122304011948,JOSHI,22,65,300.0,457.0,137100.0,2024-12-23
2024122304011947,JOSHI,22,28,20.0,457.0,9140.0,2024-12-23
2024122304011946,JOSHI,22,34,20.0,457.0,9140.0,2024-12-23
2024122304011945,JOSHI,22,38,220.0,455.0,100100.0,2024-12-23
2024122304011944,JOSHI,22,8,155.0,455.0,70525.0,2024-12-23
2024122304011943,JOSHI,22,17,500.0,455.0,227500.0,2024-12-23
2024122304011942,JOSHI,22,51,361.0,455.0,164255.0,2024-12-23
2024122304011941,JOSHI,22,40,300.0,454.0,136200.0,2024-12-23
2024122304011940,JOSHI,22,28,230.0,454.0,104420.0,2024-12-23
2024122304011939,JOSHI,22,41,90.0,452.0,40680.0,2024-12-23
2024122304011938,JOSHI,22,33,100.0,452.0,45200.0,2024-12-23
2024122304011937,JOSHI,22,41,20.0,451.0,9020.0,2024-12-23
2024122304011936,JOSHI,22,57,100.0,450.0,45000.0,2024-12-23
2024122304011935,JOSHI,22,26,500.0,450.0,225000.0,2024-12-23
2024122304011934,JOSHI,22,72,1000.0,450.0,450000.0,2024-12-23
2024122304011933,JOSHI,22,72,429.0,450.0,193050.0,2024-12-23
2024122304011932,JOSHI,22,25,200.0,449.0,89800.0,2024-12-23
2024122304011931,UPCL,35,32,20.0,274.0,5480.0,2024-12-23
2024122301021957,BHPL,62,29,50.0,913.5,45675.0,2024-12-23
2024122301021956,BHPL,62,34,28.0,913.5,25578.0,2024-12-23
2024122301021955,KBSH,4,35,42.0,2600.0,109200.0,2024-12-23
2024122301021954,KBSH,4,35,68.0,2600.0,176800.0,2024-12-23
2024122301021953,KBSH,34,35,10.0,2600.1,26001.0,2024-12-23
2024122301021952,KBSH,51,35,10.0,2600.1,26001.0,2024-12-23
2024122301021951,KBSH,34,35,10.0,2600.2,26002.0,2024-12-23
2024122301021950,KBSH,34,35,10.0,2600.3,26003.0,2024-12-23
2024122303011847,SMB,35,70,13.0,3294.2,42824.6,2024-12-23
2024122303011846,SMB,35,70,87.0,3294.2,286595.4,2024-12-23
2024122301021949,DOLTI,65,75,500.0,698.0,349000.0,2024-12-23
2024122301021948,DOLTI,6,75,10.0,698.0,6980.0,2024-12-23
2024122301021947,DOLTI,42,75,30.0,699.0,20970.0,2024-12-23
2024122301021946,DOLTI,21,75,101.0,699.0,70599.0,2024-12-23
2024122301021945,DOLTI,8,75,45.0,699.0,31455.0,2024-12-23
2024122301021944,DOLTI,57,75,300.0,699.0,209700.0,2024-12-23
2024122301021943,DOLTI,4,75,45.0,699.0,31455.0,2024-12-23
2024122305009770,HIDCL,48,45,20.0,237.3,4746.0,2024-12-23
2024122301021942,SMHL,65,48,100.0,1157.7,115770.0,2024-12-23
2024122301021941,CZBIL,48,55,50.0,217.9,10895.0,2024-12-23
2024122301021940,RAWA,55,36,200.0,797.0,159400.0,2024-12-23
2024122301021939,MEHL,55,56,10.0,465.0,4650.0,2024-12-23
2024122301021938,MSHL,64,33,10.0,985.0,9850.0,2024-12-23
2024122301021937,MSHL,64,41,10.0,982.0,9820.0,2024-12-23
2024122305009769,RNLI,62,74,500.0,500.5,250250.0,2024-12-23
2024122305009768,RNLI,34,74,200.0,500.6,100120.0,2024-12-23
2024122305009767,RNLI,59,74,300.0,500.6,150180.0,2024-12-23
2024122301021936,BEDC,74,94,10.0,715.0,7150.0,2024-12-23
2024122301021935,GBIME,58,34,402.0,229.5,92259.0,2024-12-23
2024122301021934,GBIME,58,43,500.0,229.5,114750.0,2024-12-23
2024122301021933,GBIME,58,41,100.0,229.5,22950.0,2024-12-23
2024122301021932,GBIME,58,57,50.0,229.4,11470.0,2024-12-23
2024122301021931,GBIME,58,21,500.0,229.4,114700.0,2024-12-23
2024122301021930,GBIME,58,38,100.0,229.4,22940.0,2024-12-23
2024122301021929,GBIME,58,34,100.0,229.0,22900.0,2024-12-23
2024122301021928,GBIME,58,42,400.0,229.0,91600.0,2024-12-23
2024122301021927,GBIME,58,22,500.0,228.0,114000.0,2024-12-23
2024122301021926,GBIME,58,49,500.0,228.0,114000.0,2024-12-23
2024122301021925,GBIME,58,22,1000.0,228.0,228000.0,2024-12-23
2024122301021924,GBIME,58,13,150.0,226.9,34035.0,2024-12-23
2024122301021923,GBIME,58,57,394.0,226.0,89044.0,2024-12-23
2024122301021922,GBIME,58,42,1100.0,226.0,248600.0,2024-12-23
2024122301021921,GBIME,58,74,400.0,225.4,90160.0,2024-12-23
2024122301021920,GBIME,58,47,16.0,225.0,3600.0,2024-12-23
2024122301021919,GBIME,58,58,114.0,225.0,25650.0,2024-12-23
2024122301021918,GBIME,58,19,100.0,225.0,22500.0,2024-12-23
2024122301021917,GBIME,58,42,500.0,225.0,112500.0,2024-12-23
2024122301021916,GBIME,58,35,274.0,225.0,61650.0,2024-12-23
2024122301021915,GBIME,58,36,1200.0,225.0,270000.0,2024-12-23
2024122301021914,GBIME,58,49,1250.0,224.9,281125.0,2024-12-23
2024122301021913,GBIME,58,34,50.0,224.9,11245.0,2024-12-23
2024122301021912,GBIME,58,35,50.0,224.0,11200.0,2024-12-23
2024122301021911,GBIME,58,45,250.0,224.0,56000.0,2024-12-23
2024122301021910,MKJC,54,42,80.0,525.0,42000.0,2024-12-23
2024122301021909,MKHC,47,53,80.0,533.9,42712.0,2024-12-23
2024122301021908,MKHC,47,42,10.0,530.0,5300.0,2024-12-23
2024122301021907,MKHC,47,4,10.0,530.0,5300.0,2024-12-23
2024122305009766,NRM,36,57,60.0,444.8,26688.0,2024-12-23
2024122305009765,NRM,36,38,10.0,443.5,4435.0,2024-12-23
2024122305009764,NRM,36,13,30.0,442.0,13260.0,2024-12-23
2024122304011930,HPPL,53,56,10.0,409.0,4090.0,2024-12-23
2024122303011845,WNLB,32,34,10.0,2595.9,25959.0,2024-12-23
2024122304011929,AHPC,42,29,10.0,247.8,2478.0,2024-12-23
2024122304011928,SHPC,51,36,50.0,538.0,26900.0,2024-12-23
2024122301021906,SMH,40,25,10.0,1032.9,10329.0,2024-12-23
2024122301021905,MHCL,14,50,20.0,574.0,11480.0,2024-12-23
2024122301021904,UNLB,14,51,10.0,2500.0,25000.0,2024-12-23
2024122301021903,UNLB,14,42,10.0,2488.0,24880.0,2024-12-23
2024122301021902,UNLB,14,38,10.0,2487.0,24870.0,2024-12-23
2024122301021901,CKHL,14,63,93.0,799.0,74307.0,2024-12-23
2024122303011844,MDB,95,37,20.0,711.0,14220.0,2024-12-23
2024122303011843,NFS,72,42,245.0,1040.0,254800.0,2024-12-23
2024122303011842,NFS,72,57,190.0,1040.0,197600.0,2024-12-23
2024122303011841,NFS,72,7,65.0,1038.5,67502.5,2024-12-23
2024122301021900,TVCL,37,70,230.0,548.0,126040.0,2024-12-23
2024122301021899,TVCL,25,70,145.0,548.0,79460.0,2024-12-23
2024122301021898,TVCL,34,70,125.0,548.1,68512.5,2024-12-23
2024122301021897,BNHC,49,14,200.0,494.0,98800.0,2024-12-23
2024122304011927,GHL,49,32,200.0,207.8,41560.0,2024-12-23
2024122304011926,UMRH,96,7,471.0,641.4,302099.4,2024-12-23
2024122304011925,UMRH,96,71,69.0,641.3,44249.7,2024-12-23
2024122304011924,UMRH,96,26,100.0,640.0,64000.0,2024-12-23
2024122304011923,UMRH,96,42,90.0,639.0,57510.0,2024-12-23
2024122304011922,UMRH,96,48,270.0,639.0,172530.0,2024-12-23
2024122303011840,JFL,41,57,1241.0,987.0,1224867.0,2024-12-23
2024122303011839,JFL,41,57,2400.0,985.0,2364000.0,2024-12-23
2024122303011838,JFL,41,98,340.0,980.0,333200.0,2024-12-23
2024122303011837,JFL,41,62,340.0,950.0,323000.0,2024-12-23
2024122303011836,JFL,41,21,40.0,918.2,36728.0,2024-12-23
2024122303011835,JFL,41,57,10.0,918.2,9182.0,2024-12-23
2024122303011834,JFL,41,45,100.0,918.0,91800.0,2024-12-23
2024122303011833,JFL,41,57,500.0,918.0,459000.0,2024-12-23
2024122303011832,JFL,41,42,200.0,918.0,183600.0,2024-12-23
2024122303011831,JFL,41,6,25.0,918.0,22950.0,2024-12-23
2024122303011830,JFL,41,66,200.0,918.0,183600.0,2024-12-23
2024122303011829,JFL,41,19,100.0,918.0,91800.0,2024-12-23
2024122303011828,JFL,41,17,10.0,918.0,9180.0,2024-12-23
2024122303011827,JFL,41,51,90.0,918.0,82620.0,2024-12-23
2024122303011826,JFL,41,74,50.0,918.0,45900.0,2024-12-23
2024122303011825,JFL,41,42,31.0,918.0,28458.0,2024-12-23
2024122303011824,JFL,41,42,1293.0,918.0,1186974.0,2024-12-23
2024122303011823,JFL,41,32,500.0,918.0,459000.0,2024-12-23
2024122303011822,JFL,41,6,200.0,918.0,183600.0,2024-12-23
2024122303011821,JFL,41,41,30.0,918.0,27540.0,2024-12-23
2024122303011820,JFL,41,54,100.0,918.0,91800.0,2024-12-23
2024122303011819,JFL,41,58,119.0,918.0,109242.0,2024-12-23
2024122303011818,JFL,41,19,200.0,918.0,183600.0,2024-12-23
2024122303011817,JFL,41,47,450.0,918.0,413100.0,2024-12-23
2024122303011816,JFL,41,57,100.0,918.0,91800.0,2024-12-23
2024122303011815,JFL,41,32,10.0,918.0,9180.0,2024-12-23
2024122303011814,JFL,41,72,100.0,918.0,91800.0,2024-12-23
2024122303011813,JFL,41,57,210.0,918.0,192780.0,2024-12-23
2024122303011812,JFL,41,101,60.0,918.0,55080.0,2024-12-23
2024122303011811,JFL,41,58,540.0,918.0,495720.0,2024-12-23
2024122303011810,JFL,41,43,10.0,918.0,9180.0,2024-12-23
2024122303011809,JFL,41,58,100.0,918.0,91800.0,2024-12-23
2024122303011808,JFL,41,49,200.0,918.0,183600.0,2024-12-23
2024122303011807,JFL,41,17,500.0,918.0,459000.0,2024-12-23
2024122303011806,JFL,41,58,100.0,918.0,91800.0,2024-12-23
2024122303011805,JFL,41,57,500.0,918.0,459000.0,2024-12-23
2024122303011804,JFL,41,80,200.0,918.0,183600.0,2024-12-23
2024122303011803,JFL,41,62,400.0,918.0,367200.0,2024-12-23
2024122303011802,JFL,41,56,500.0,918.0,459000.0,2024-12-23
2024122303011801,JFL,41,6,100.0,918.0,91800.0,2024-12-23
2024122303011800,JFL,41,35,115.0,918.0,105570.0,2024-12-23
2024122303011799,JFL,41,34,200.0,918.0,183600.0,2024-12-23
2024122303011798,JFL,41,57,125.0,918.0,114750.0,2024-12-23
2024122303011797,JFL,41,58,500.0,918.0,459000.0,2024-12-23
2024122303011796,JFL,41,41,58.0,918.0,53244.0,2024-12-23
2024122303011795,JFL,41,38,500.0,918.0,459000.0,2024-12-23
2024122303011794,JFL,41,32,100.0,918.0,91800.0,2024-12-23
2024122303011793,JFL,41,28,300.0,918.0,275400.0,2024-12-23
2024122303011792,JFL,41,93,10.0,918.0,9180.0,2024-12-23
2024122303011791,JFL,41,38,500.0,918.0,459000.0,2024-12-23
2024122303011790,JFL,41,89,56.0,918.0,51408.0,2024-12-23
2024122303011789,JFL,41,64,1000.0,918.0,918000.0,2024-12-23
2024122303011788,JFL,41,46,30.0,918.0,27540.0,2024-12-23
2024122303011787,JFL,41,43,10.0,918.0,9180.0,2024-12-23
2024122303011786,JFL,41,43,20.0,918.0,18360.0,2024-12-23
2024122303011785,JFL,41,5,200.0,918.0,183600.0,2024-12-23
2024122303011784,JFL,41,7,30.0,918.0,27540.0,2024-12-23
2024122303011783,JFL,41,60,500.0,918.0,459000.0,2024-12-23
2024122303011782,JFL,41,80,100.0,918.0,91800.0,2024-12-23
2024122303011781,JFL,41,62,320.0,918.0,293760.0,2024-12-23
2024122303011780,JFL,41,53,50.0,918.0,45900.0,2024-12-23
2024122303011779,JFL,41,80,210.0,918.0,192780.0,2024-12-23
2024122303011778,JFL,41,19,100.0,918.0,91800.0,2024-12-23
2024122303011777,JFL,41,46,26.0,918.0,23868.0,2024-12-23
2024122303011776,JFL,41,42,500.0,918.0,459000.0,2024-12-23
2024122303011775,JFL,41,34,10.0,918.0,9180.0,2024-12-23
2024122303011774,JFL,41,17,105.0,918.0,96390.0,2024-12-23
2024122303011773,JFL,41,50,1000.0,918.0,918000.0,2024-12-23
2024122303011772,JFL,41,74,55.0,918.0,50490.0,2024-12-23
2024122303011771,JFL,41,39,100.0,918.0,91800.0,2024-12-23
2024122303011770,JFL,41,45,90.0,918.0,82620.0,2024-12-23
2024122303011769,JFL,41,59,200.0,918.0,183600.0,2024-12-23
2024122303011768,JFL,41,35,1000.0,918.0,918000.0,2024-12-23
2024122303011767,JFL,41,14,10.0,918.0,9180.0,2024-12-23
2024122303011766,JFL,41,13,10.0,918.0,9180.0,2024-12-23
2024122303011765,JFL,41,42,100.0,918.0,91800.0,2024-12-23
2024122303011764,JFL,41,26,50.0,918.0,45900.0,2024-12-23
2024122303011763,JFL,41,62,50.0,918.0,45900.0,2024-12-23
2024122303011762,JFL,41,22,350.0,918.0,321300.0,2024-12-23
2024122303011761,JFL,41,17,100.0,918.0,91800.0,2024-12-23
2024122303011760,JFL,41,11,30.0,918.0,27540.0,2024-12-23
2024122303011759,JFL,41,41,200.0,918.0,183600.0,2024-12-23
2024122303011758,JFL,41,47,50.0,918.0,45900.0,2024-12-23
2024122303011757,JFL,41,13,30.0,918.0,27540.0,2024-12-23
2024122303011756,JFL,41,17,10.0,918.0,9180.0,2024-12-23
2024122303011755,JFL,41,49,755.0,918.0,693090.0,2024-12-23
2024122303011754,JFL,41,17,200.0,918.0,183600.0,2024-12-23
2024122303011753,JFL,41,16,50.0,917.8,45890.0,2024-12-23
2024122303011752,JFL,41,58,20.0,917.8,18356.0,2024-12-23
2024122303011751,JFL,41,42,500.0,917.8,458900.0,2024-12-23
2024122303011750,JFL,41,6,215.0,917.8,197327.0,2024-12-23
2024122303011749,JFL,41,16,50.0,917.5,45875.0,2024-12-23
2024122303011748,JFL,41,47,500.0,917.5,458750.0,2024-12-23
2024122303011747,JFL,41,49,50.0,917.4,45870.0,2024-12-23
2024122303011746,JFL,41,58,6000.0,917.4,5504400.0,2024-12-23
2024122303011745,JFL,41,42,5000.0,917.4,4587000.0,2024-12-23
2024122303011744,JFL,41,56,60.0,917.4,55044.0,2024-12-23
2024122303011743,JFL,41,17,300.0,917.4,275220.0,2024-12-23
2024122303011742,JFL,41,19,73.0,917.4,66970.2,2024-12-23
2024122303011741,JFL,41,72,300.0,917.3,275190.0,2024-12-23
2024122303011740,JFL,41,80,110.0,917.0,100870.0,2024-12-23
2024122303011739,JFL,41,4,200.0,917.0,183400.0,2024-12-23
2024122303011738,JFL,41,65,20.0,917.0,18340.0,2024-12-23
2024122303011737,JFL,41,21,19.0,917.0,17423.0,2024-12-23
2024122303011736,JFL,41,32,90.0,917.0,82530.0,2024-12-23
2024122303011735,JFL,41,74,200.0,917.0,183400.0,2024-12-23
2024122303011734,JFL,41,39,77.0,917.0,70609.0,2024-12-23
2024122303011733,JFL,41,8,100.0,917.0,91700.0,2024-12-23
2024122303011732,JFL,41,58,180.0,917.0,165060.0,2024-12-23
2024122303011731,JFL,41,49,100.0,917.0,91700.0,2024-12-23
2024122303011730,JFL,41,25,50.0,916.9,45845.0,2024-12-23
2024122303011729,JFL,41,7,20.0,916.9,18338.0,2024-12-23
2024122303011728,JFL,41,42,200.0,916.9,183380.0,2024-12-23
2024122303011727,JFL,41,58,100.0,916.9,91690.0,2024-12-23
2024122303011726,JFL,41,22,20.0,916.9,18338.0,2024-12-23
2024122303011725,JFL,41,41,250.0,916.9,229225.0,2024-12-23
2024122303011724,JFL,41,43,20.0,916.8,18336.0,2024-12-23
2024122303011723,JFL,41,45,200.0,916.0,183200.0,2024-12-23
2024122303011722,JFL,41,56,100.0,916.0,91600.0,2024-12-23
2024122303011721,JFL,41,72,300.0,916.0,274800.0,2024-12-23
2024122303011720,JFL,41,11,200.0,915.9,183180.0,2024-12-23
2024122303011719,JFL,41,56,10.0,915.0,9150.0,2024-12-23
2024122303011718,JFL,41,8,100.0,915.0,91500.0,2024-12-23
2024122303011717,JFL,41,80,100.0,915.0,91500.0,2024-12-23
2024122303011716,JFL,41,80,100.0,915.0,91500.0,2024-12-23
2024122303011715,JFL,41,56,50.0,915.0,45750.0,2024-12-23
2024122303011714,JFL,41,6,50.0,914.0,45700.0,2024-12-23
2024122303011713,JFL,41,58,141.0,914.0,128874.0,2024-12-23
2024122303011712,JFL,41,22,30.0,914.0,27420.0,2024-12-23
2024122303011711,JFL,41,47,200.0,913.9,182780.0,2024-12-23
2024122303011710,JFL,41,72,300.0,913.9,274170.0,2024-12-23
2024122303011709,JFL,41,52,500.0,913.2,456600.0,2024-12-23
2024122303011708,JFL,41,62,50.0,913.0,45650.0,2024-12-23
2024122303011707,JFL,41,57,50.0,913.0,45650.0,2024-12-23
2024122303011706,JFL,41,6,50.0,913.0,45650.0,2024-12-23
2024122303011705,JFL,41,45,100.0,913.0,91300.0,2024-12-23
2024122303011704,JFL,41,57,498.0,912.9,454624.2,2024-12-23
2024122303011703,JFL,41,80,60.0,912.0,54720.0,2024-12-23
2024122303011702,JFL,41,56,50.0,911.8,45590.0,2024-12-23
2024122303011701,JFL,41,13,700.0,910.0,637000.0,2024-12-23
2024122303011700,JFL,41,58,10.0,910.0,9100.0,2024-12-23
2024122303011699,JFL,41,47,100.0,910.0,91000.0,2024-12-23
2024122303011698,JFL,41,57,200.0,908.3,181660.0,2024-12-23
2024122303011697,JFL,41,52,50.0,908.3,45415.0,2024-12-23
2024122303011696,JFL,41,50,1000.0,908.3,908300.0,2024-12-23
2024122303011695,JFL,41,11,10.0,908.3,9083.0,2024-12-23
2024122303011694,JFL,41,42,2000.0,908.3,1816600.0,2024-12-23
2024122303011693,JFL,41,57,20.0,908.3,18166.0,2024-12-23
2024122303011692,JFL,41,58,100.0,908.3,90830.0,2024-12-23
2024122303011691,JFL,41,57,40.0,908.3,36332.0,2024-12-23
2024122303011690,JFL,41,7,50.0,908.0,45400.0,2024-12-23
2024122303011689,JFL,41,45,10.0,908.0,9080.0,2024-12-23
2024122303011688,JFL,41,7,1000.0,908.0,908000.0,2024-12-23
2024122303011687,JFL,41,57,300.0,908.0,272400.0,2024-12-23
2024122303011686,JFL,41,57,50.0,908.0,45400.0,2024-12-23
2024122303011685,JFL,41,8,130.0,908.0,118040.0,2024-12-23
2024122303011684,JFL,41,54,50.0,908.0,45400.0,2024-12-23
2024122303011683,JFL,41,6,15.0,908.0,13620.0,2024-12-23
2024122303011682,JFL,41,58,100.0,908.0,90800.0,2024-12-23
2024122303011681,JFL,41,58,1000.0,907.9,907900.0,2024-12-23
2024122303011680,JFL,41,19,20.0,907.8,18156.0,2024-12-23
2024122303011679,JFL,41,48,25.0,907.8,22695.0,2024-12-23
2024122303011678,JFL,41,51,500.0,907.8,453900.0,2024-12-23
2024122303011677,JFL,41,55,30.0,907.8,27234.0,2024-12-23
2024122303011676,JFL,41,51,100.0,907.8,90780.0,2024-12-23
2024122303011675,JFL,41,45,100.0,907.8,90780.0,2024-12-23
2024122303011674,JFL,41,47,100.0,907.8,90780.0,2024-12-23
2024122303011673,JFL,41,26,50.0,907.8,45390.0,2024-12-23
2024122303011672,JFL,41,4,257.0,907.8,233304.6,2024-12-23
2024122303011671,JFL,41,38,200.0,907.8,181560.0,2024-12-23
2024122303011670,JFL,41,28,65.0,907.8,59007.0,2024-12-23
2024122303011669,JFL,41,34,200.0,907.8,181560.0,2024-12-23
2024122303011668,JFL,41,16,100.0,907.8,90780.0,2024-12-23
2024122303011667,JFL,41,48,445.0,907.8,403971.0,2024-12-23
2024122303011666,JFL,41,14,200.0,907.5,181500.0,2024-12-23
2024122303011665,JFL,41,32,100.0,907.0,90700.0,2024-12-23
2024122303011664,JFL,41,38,100.0,907.0,90700.0,2024-12-23
2024122303011663,JFL,41,16,200.0,907.0,181400.0,2024-12-23
2024122303011662,JFL,41,74,100.0,907.0,90700.0,2024-12-23
2024122303011661,JFL,41,34,100.0,907.0,90700.0,2024-12-23
2024122303011660,JFL,41,95,500.0,907.0,453500.0,2024-12-23
2024122303011659,JFL,41,65,200.0,907.0,181400.0,2024-12-23
2024122303011658,JFL,41,16,51.0,907.0,46257.0,2024-12-23
2024122303011657,JFL,41,20,1000.0,907.0,907000.0,2024-12-23
2024122303011656,JFL,41,32,100.0,907.0,90700.0,2024-12-23
2024122303011655,JFL,41,11,100.0,906.0,90600.0,2024-12-23
2024122303011654,JFL,41,21,500.0,906.0,453000.0,2024-12-23
2024122303011653,JFL,41,16,100.0,906.0,90600.0,2024-12-23
2024122303011652,JFL,41,34,200.0,906.0,181200.0,2024-12-23
2024122303011651,JFL,41,56,20.0,905.0,18100.0,2024-12-23
2024122303011650,JFL,41,35,200.0,900.0,180000.0,2024-12-23
2024122303011649,JFL,41,38,260.0,899.9,233974.0,2024-12-23
2024122303011648,JFL,41,32,10.0,899.0,8990.0,2024-12-23
2024122303011647,JFL,41,35,100.0,890.0,89000.0,2024-12-23
2024122303011646,JFL,41,55,1610.0,890.0,1432900.0,2024-12-23
2024122304011921,SSHL,26,18,20.0,235.9,4718.0,2024-12-23
2024122303011645,SJLIC,34,26,10.0,450.0,4500.0,2024-12-23
2024122305009763,SAHAS,34,42,70.0,476.0,33320.0,2024-12-23
2024122303011644,SFCL,35,39,10.0,665.0,6650.0,2024-12-23
2024122304011920,SHPC,45,66,282.0,540.0,152280.0,2024-12-23
2024122304011919,SHPC,45,33,218.0,540.0,117720.0,2024-12-23
2024122301021896,MMKJL,45,34,10.0,699.0,6990.0,2024-12-23
2024122303011643,RLFL,35,43,100.0,591.0,59100.0,2024-12-23
2024122301021895,MKJC,29,42,10.0,525.0,5250.0,2024-12-23
2024122304011918,UPCL,22,32,10.0,274.0,2740.0,2024-12-23
2024122304011917,JOSHI,74,22,300.0,433.2,129960.0,2024-12-23
2024122304011916,JOSHI,26,22,500.0,433.2,216600.0,2024-12-23
2024122304011915,JOSHI,5,22,1000.0,433.2,433200.0,2024-12-23
2024122304011914,JOSHI,51,22,6000.0,433.4,2600400.0,2024-12-23
2024122304011913,JOSHI,34,22,20.0,433.4,8668.0,2024-12-23
2024122304011912,JOSHI,17,22,1000.0,433.5,433500.0,2024-12-23
2024122304011911,JOSHI,51,22,1000.0,433.6,433600.0,2024-12-23
2024122304011910,JOSHI,68,22,500.0,433.6,216800.0,2024-12-23
2024122304011909,JOSHI,49,22,3000.0,433.6,1300800.0,2024-12-23
2024122304011908,JOSHI,43,22,30.0,433.6,13008.0,2024-12-23
2024122304011907,JOSHI,25,22,1000.0,434.0,434000.0,2024-12-23
2024122304011906,JOSHI,86,22,1000.0,434.3,434300.0,2024-12-23
2024122304011905,JOSHI,35,22,300.0,435.0,130500.0,2024-12-23
2024122304011904,JOSHI,57,22,500.0,435.0,217500.0,2024-12-23
2024122304011903,JOSHI,62,22,2000.0,436.2,872400.0,2024-12-23
2024122304011902,JOSHI,7,22,50.0,436.2,21810.0,2024-12-23
2024122304011901,JOSHI,14,22,100.0,436.2,43620.0,2024-12-23
2024122304011900,JOSHI,57,22,1008.0,436.2,439689.6,2024-12-23
2024122304011899,JOSHI,40,22,2255.0,436.3,983856.5,2024-12-23
2024122304011898,JOSHI,13,22,1000.0,436.3,436300.0,2024-12-23
2024122304011897,JOSHI,74,22,475.0,436.3,207242.5,2024-12-23
2024122304011896,JOSHI,40,22,5600.0,436.3,2443280.0,2024-12-23
2024122304011895,JOSHI,74,22,1100.0,436.3,479930.0,2024-12-23
2024122304011894,JOSHI,33,22,100.0,437.0,43700.0,2024-12-23
2024122304011893,JOSHI,77,22,200.0,437.0,87400.0,2024-12-23
2024122304011892,JOSHI,77,22,687.0,437.0,300219.0,2024-12-23
2024122304011891,JOSHI,38,22,250.0,437.0,109250.0,2024-12-23
2024122304011890,JOSHI,14,22,500.0,437.0,218500.0,2024-12-23
2024122304011889,JOSHI,3,22,500.0,437.0,218500.0,2024-12-23
2024122304011888,JOSHI,58,22,20.0,440.1,8802.0,2024-12-23
2024122304011887,JOSHI,58,22,100.0,440.1,44010.0,2024-12-23
2024122304011886,JOSHI,34,22,300.0,440.1,132030.0,2024-12-23
2024122304011885,JOSHI,61,22,200.0,440.1,88020.0,2024-12-23
2024122304011884,JOSHI,74,22,21.0,440.3,9246.3,2024-12-23
2024122304011883,JOSHI,7,22,115.0,440.3,50634.5,2024-12-23
2024122304011882,JOSHI,71,22,400.0,440.3,176120.0,2024-12-23
2024122304011881,JOSHI,10,22,100.0,440.3,44030.0,2024-12-23
2024122304011880,JOSHI,74,22,12.0,440.5,5286.0,2024-12-23
2024122304011879,JOSHI,1,22,100.0,440.6,44060.0,2024-12-23
2024122304011878,JOSHI,5,22,100.0,440.6,44060.0,2024-12-23
2024122304011877,JOSHI,5,22,100.0,440.6,44060.0,2024-12-23
2024122304011876,JOSHI,49,22,50.0,440.8,22040.0,2024-12-23
2024122304011875,JOSHI,17,22,5000.0,441.0,2205000.0,2024-12-23
2024122304011874,JOSHI,34,22,30.0,441.0,13230.0,2024-12-23
2024122304011873,JOSHI,49,22,300.0,441.0,132300.0,2024-12-23
2024122304011872,JOSHI,33,22,2000.0,441.0,882000.0,2024-12-23
2024122304011871,JOSHI,44,22,200.0,441.0,88200.0,2024-12-23
2024122304011870,JOSHI,52,22,500.0,441.0,220500.0,2024-12-23
2024122304011869,JOSHI,34,22,20.0,441.0,8820.0,2024-12-23
2024122304011868,JOSHI,48,22,50.0,441.0,22050.0,2024-12-23
2024122304011867,JOSHI,5,22,100.0,441.0,44100.0,2024-12-23
2024122304011866,JOSHI,5,22,100.0,441.0,44100.0,2024-12-23
2024122304011865,JOSHI,33,22,1000.0,441.0,441000.0,2024-12-23
2024122304011864,JOSHI,38,22,200.0,441.0,88200.0,2024-12-23
2024122304011863,JOSHI,5,22,100.0,441.0,44100.0,2024-12-23
2024122304011862,JOSHI,49,22,1000.0,441.0,441000.0,2024-12-23
2024122304011861,JOSHI,42,22,50.0,441.0,22050.0,2024-12-23
2024122304011860,JOSHI,34,22,500.0,441.0,220500.0,2024-12-23
2024122304011859,JOSHI,51,22,25.0,441.0,11025.0,2024-12-23
2024122304011858,JOSHI,22,22,50.0,441.0,22050.0,2024-12-23
2024122304011857,JOSHI,32,22,100.0,441.0,44100.0,2024-12-23
2024122304011856,JOSHI,52,22,500.0,441.1,220550.0,2024-12-23
2024122304011855,JOSHI,5,22,100.0,442.0,44200.0,2024-12-23
2024122304011854,JOSHI,34,22,280.0,442.0,123760.0,2024-12-23
2024122304011853,JOSHI,47,22,200.0,442.0,88400.0,2024-12-23
2024122304011852,JOSHI,7,22,500.0,442.0,221000.0,2024-12-23
2024122304011851,JOSHI,96,22,500.0,442.0,221000.0,2024-12-23
2024122304011850,JOSHI,34,22,300.0,442.0,132600.0,2024-12-23
2024122304011849,JOSHI,42,22,200.0,442.0,88400.0,2024-12-23
2024122304011848,JOSHI,32,22,500.0,442.0,221000.0,2024-12-23
2024122304011847,JOSHI,1,22,50.0,442.0,22100.0,2024-12-23
2024122304011846,JOSHI,47,22,190.0,442.0,83980.0,2024-12-23
2024122304011845,JOSHI,41,22,10.0,442.2,4422.0,2024-12-23
2024122304011844,JOSHI,19,22,500.0,442.3,221150.0,2024-12-23
2024122304011843,JOSHI,48,22,100.0,443.0,44300.0,2024-12-23
2024122304011842,JOSHI,87,22,500.0,444.0,222000.0,2024-12-23
2024122304011841,JOSHI,77,22,100.0,445.0,44500.0,2024-12-23
2024122304011840,JOSHI,3,22,150.0,445.0,66750.0,2024-12-23
2024122304011839,JOSHI,22,22,100.0,445.0,44500.0,2024-12-23
2024122304011838,JOSHI,38,22,285.0,445.1,126853.5,2024-12-23
2024122301021894,CYCL,62,5,10.0,1590.0,15900.0,2024-12-23
2024122301021893,NYADI,35,52,10.0,407.0,4070.0,2024-12-23
2024122301021892,NBL,55,45,100.0,262.2,26220.0,2024-12-23
2024122305009762,VLUCL,65,49,10.0,672.0,6720.0,2024-12-23
2024122301021891,ULHC,90,34,10.0,500.0,5000.0,2024-12-23
2024122303011642,KSBBL,58,57,30.0,446.0,13380.0,2024-12-23
2024122305009761,SONA,58,42,10.0,475.9,4759.0,2024-12-23
2024122304011837,NIL,47,50,10.0,915.1,9151.0,2024-12-23
2024122305009760,SMATA,58,60,10.0,813.0,8130.0,2024-12-23
2024122305009759,SMATA,58,32,10.0,812.0,8120.0,2024-12-23
2024122301021890,NBL,19,45,70.0,262.2,18354.0,2024-12-23
2024122304011836,MHNL,42,35,10.0,272.5,2725.0,2024-12-23
2024122301021889,TVCL,34,32,60.0,548.1,32886.0,2024-12-23
2024122304011835,RHPL,6,62,50.0,438.0,21900.0,2024-12-23
2024122303011641,MSLB,44,4,1542.0,1466.0,2260572.0,2024-12-23
2024122303011640,MSLB,57,4,200.0,1466.0,293200.0,2024-12-23
2024122303011639,MSLB,34,4,10.0,1466.0,14660.0,2024-12-23
2024122303011638,MSLB,48,4,100.0,1466.0,146600.0,2024-12-23
2024122303011637,MSLB,17,4,105.0,1481.9,155599.5,2024-12-23
2024122303011636,MSLB,48,4,43.0,1482.0,63726.0,2024-12-23
2024122301021888,KDL,45,25,40.0,1170.0,46800.0,2024-12-23
2024122301021887,KDL,33,25,10.0,1170.2,11702.0,2024-12-23
2024122301021886,KDL,35,25,50.0,1170.3,58515.0,2024-12-23
2024122303011635,PMLI,49,91,100.0,518.0,51800.0,2024-12-23
2024122303011634,PMLI,49,48,200.0,517.9,103580.0,2024-12-23
2024122304011834,SHEL,45,16,500.0,240.3,120150.0,2024-12-23
2024122301021885,EHPL,16,44,23.0,775.0,17825.0,2024-12-23
2024122301021884,EHPL,16,38,12.0,775.0,9300.0,2024-12-23
2024122304011833,SALICO,39,58,10.0,702.0,7020.0,2024-12-23
2024122301021883,MAKAR,48,34,100.0,628.2,62820.0,2024-12-23
2024122303011633,FOWAD,22,39,50.0,1252.0,62600.0,2024-12-23
2024122303011632,FOWAD,55,39,45.0,1252.0,56340.0,2024-12-23
2024122303011631,FOWAD,41,39,15.0,1252.0,18780.0,2024-12-23
2024122303011630,FOWAD,34,39,37.0,1252.0,46324.0,2024-12-23
2024122303011629,FOWAD,49,39,19.0,1255.0,23845.0,2024-12-23
2024122301021882,CKHL,83,63,50.0,799.0,39950.0,2024-12-23
2024122303011628,GUFL,45,28,50.0,677.0,33850.0,2024-12-23
2024122303011627,MPFL,34,45,50.0,697.1,34855.0,2024-12-23
2024122304011832,API,11,60,150.0,257.5,38625.0,2024-12-23
2024122303011626,LICN,47,43,10.0,1162.0,11620.0,2024-12-23
2024122303011625,LICN,51,43,10.0,1162.0,11620.0,2024-12-23
2024122303011624,LICN,14,43,30.0,1163.0,34890.0,2024-12-23
2024122303011623,NABBC,69,6,70.0,1263.0,88410.0,2024-12-23
2024122303011622,NABBC,69,20,300.0,1263.0,378900.0,2024-12-23
2024122303011621,NABBC,69,51,100.0,1263.0,126300.0,2024-12-23
2024122303011620,NABBC,69,34,500.0,1263.0,631500.0,2024-12-23
2024122303011619,NABBC,69,51,100.0,1263.0,126300.0,2024-12-23
2024122303011618,NABBC,69,20,300.0,1263.0,378900.0,2024-12-23
2024122303011617,NABBC,69,55,157.0,1260.0,197820.0,2024-12-23
2024122303011616,NABBC,69,43,500.0,1259.0,629500.0,2024-12-23
2024122303011615,NABBC,69,4,100.0,1247.4,124740.0,2024-12-23
2024122303011614,NABBC,69,35,13.0,1247.0,16211.0,2024-12-23
2024122303011613,NABBC,69,48,60.0,1247.0,74820.0,2024-12-23
2024122305009758,SMATA,35,35,10.0,811.0,8110.0,2024-12-23
2024122305009757,HRL,32,48,50.0,795.2,39760.0,2024-12-23
2024122304011831,UPCL,48,32,50.0,274.0,13700.0,2024-12-23
2024122301021881,SPL,7,44,20.0,999.0,19980.0,2024-12-23
2024122305009756,MEL,16,58,140.0,315.0,44100.0,2024-12-23
2024122303011612,PROFL,86,48,10.0,640.0,6400.0,2024-12-23
2024122301021880,MBL,42,5,10.0,234.9,2349.0,2024-12-23
2024122301021879,MBL,42,40,500.0,234.9,117450.0,2024-12-23
2024122301021878,MBL,42,59,60.0,234.8,14088.0,2024-12-23
2024122301021877,MBL,42,49,100.0,234.0,23400.0,2024-12-23
2024122301021876,MBL,42,48,30.0,234.0,7020.0,2024-12-23
2024122301021875,MBL,42,14,300.0,234.0,70200.0,2024-12-23
2024122304011830,UPCL,47,42,126.0,273.0,34398.0,2024-12-23
2024122304011829,UPCL,5,42,476.0,273.1,129995.6,2024-12-23
2024122301021874,SGHC,53,6,10.0,468.9,4689.0,2024-12-23
2024122305009755,NIFRA,42,4,4.0,247.9,991.6,2024-12-23
2024122304011828,SICL,49,57,100.0,797.9,79790.0,2024-12-23
2024122303011611,JFL,34,41,300.0,864.4,259320.0,2024-12-23
2024122303011610,JFL,14,41,30.0,864.4,25932.0,2024-12-23
2024122303011609,JFL,13,41,20.0,864.4,17288.0,2024-12-23
2024122303011608,JFL,56,41,10.0,864.4,8644.0,2024-12-23
2024122303011607,JFL,62,41,200.0,864.4,172880.0,2024-12-23
2024122303011606,JFL,5,41,150.0,864.4,129660.0,2024-12-23
2024122303011605,JFL,5,41,100.0,864.4,86440.0,2024-12-23
2024122303011604,JFL,11,41,30.0,864.4,25932.0,2024-12-23
2024122303011603,JFL,5,41,50.0,864.4,43220.0,2024-12-23
2024122303011602,JFL,34,41,10.0,864.4,8644.0,2024-12-23
2024122303011601,JFL,5,41,100.0,864.4,86440.0,2024-12-23
2024122303011600,JFL,34,41,10.0,865.0,8650.0,2024-12-23
2024122303011599,JFL,58,41,50.0,865.0,43250.0,2024-12-23
2024122303011598,JFL,34,41,10.0,865.0,8650.0,2024-12-23
2024122303011597,JFL,56,41,1000.0,865.0,865000.0,2024-12-23
2024122303011596,JFL,58,41,200.0,865.7,173140.0,2024-12-23
2024122303011595,JFL,48,41,200.0,865.7,173140.0,2024-12-23
2024122303011594,JFL,58,41,40.0,866.1,34644.0,2024-12-23
2024122303011593,JFL,17,41,100.0,866.8,86680.0,2024-12-23
2024122303011592,JFL,26,41,100.0,867.3,86730.0,2024-12-23
2024122303011591,JFL,57,41,270.0,867.3,234171.0,2024-12-23
2024122303011590,JFL,34,41,100.0,867.3,86730.0,2024-12-23
2024122303011589,JFL,38,41,50.0,867.8,43390.0,2024-12-23
2024122303011588,JFL,58,41,50.0,867.9,43395.0,2024-12-23
2024122303011587,JFL,59,41,100.0,868.0,86800.0,2024-12-23
2024122303011586,JFL,81,41,500.0,868.0,434000.0,2024-12-23
2024122303011585,JFL,13,41,15.0,870.0,13050.0,2024-12-23
2024122303011584,JFL,45,41,100.0,872.2,87220.0,2024-12-23
2024122303011583,JFL,8,41,400.0,872.2,348880.0,2024-12-23
2024122303011582,JFL,34,41,500.0,872.2,436100.0,2024-12-23
2024122303011581,JFL,49,41,500.0,872.2,436100.0,2024-12-23
2024122303011580,JFL,38,41,1000.0,872.2,872200.0,2024-12-23
2024122303011579,JFL,67,41,300.0,872.2,261660.0,2024-12-23
2024122303011578,JFL,58,41,30.0,872.2,26166.0,2024-12-23
2024122303011577,JFL,58,41,920.0,872.2,802424.0,2024-12-23
2024122303011576,JFL,13,41,20.0,872.2,17444.0,2024-12-23
2024122303011575,JFL,35,41,400.0,872.2,348880.0,2024-12-23
2024122303011574,JFL,50,41,30.0,872.2,26166.0,2024-12-23
2024122303011573,JFL,20,41,500.0,872.2,436100.0,2024-12-23
2024122303011572,JFL,51,41,30.0,872.2,26166.0,2024-12-23
2024122303011571,JFL,57,41,200.0,872.2,174440.0,2024-12-23
2024122303011570,JFL,1,41,50.0,872.2,43610.0,2024-12-23
2024122303011569,JFL,13,41,50.0,872.2,43610.0,2024-12-23
2024122303011568,JFL,42,41,1000.0,872.2,872200.0,2024-12-23
2024122303011567,JFL,57,41,50.0,872.2,43610.0,2024-12-23
2024122303011566,JFL,47,41,10.0,872.2,8722.0,2024-12-23
2024122303011565,JFL,59,41,50.0,872.2,43610.0,2024-12-23
2024122303011564,JFL,6,41,20.0,872.2,17444.0,2024-12-23
2024122303011563,JFL,34,41,200.0,872.2,174440.0,2024-12-23
2024122303011562,JFL,58,41,500.0,872.2,436100.0,2024-12-23
2024122303011561,JFL,6,41,10.0,872.2,8722.0,2024-12-23
2024122303011560,JFL,17,41,105.0,872.2,91581.0,2024-12-23
2024122303011559,JFL,29,41,55.0,872.2,47971.0,2024-12-23
2024122303011558,JFL,40,41,50.0,872.2,43610.0,2024-12-23
2024122303011557,JFL,14,41,100.0,872.2,87220.0,2024-12-23
2024122303011556,JFL,36,41,90.0,872.2,78498.0,2024-12-23
2024122303011555,JFL,77,41,100.0,872.2,87220.0,2024-12-23
2024122303011554,JFL,57,41,1000.0,872.2,872200.0,2024-12-23
2024122303011553,JFL,59,41,25.0,872.2,21805.0,2024-12-23
2024122303011552,JFL,7,41,20.0,872.2,17444.0,2024-12-23
2024122303011551,JFL,74,41,20.0,872.2,17444.0,2024-12-23
2024122303011550,JFL,42,41,20.0,872.2,17444.0,2024-12-23
2024122303011549,JFL,58,41,3334.0,872.2,2907914.8,2024-12-23
2024122303011548,JFL,38,41,5000.0,872.2,4361000.0,2024-12-23
2024122303011547,JFL,17,41,30.0,872.2,26166.0,2024-12-23
2024122303011546,JFL,41,41,200.0,872.2,174440.0,2024-12-23
2024122303011545,JFL,47,41,500.0,872.2,436100.0,2024-12-23
2024122303011544,JFL,61,41,500.0,872.2,436100.0,2024-12-23
2024122303011543,JFL,44,41,100.0,872.2,87220.0,2024-12-23
2024122303011542,JFL,41,41,20.0,872.2,17444.0,2024-12-23
2024122303011541,JFL,47,41,100.0,872.3,87230.0,2024-12-23
2024122303011540,JFL,71,41,500.0,872.3,436150.0,2024-12-23
2024122303011539,JFL,58,41,480.0,872.3,418704.0,2024-12-23
2024122303011538,JFL,13,41,100.0,872.3,87230.0,2024-12-23
2024122303011537,JFL,95,41,100.0,872.3,87230.0,2024-12-23
2024122303011536,JFL,57,41,200.0,872.3,174460.0,2024-12-23
2024122303011535,JFL,6,41,25.0,872.4,21810.0,2024-12-23
2024122303011534,JFL,45,41,100.0,872.4,87240.0,2024-12-23
2024122303011533,JFL,14,41,100.0,872.4,87240.0,2024-12-23
2024122303011532,JFL,14,41,200.0,872.4,174480.0,2024-12-23
2024122303011531,JFL,84,41,300.0,872.4,261720.0,2024-12-23
2024122303011530,JFL,60,41,400.0,872.4,348960.0,2024-12-23
2024122303011529,JFL,14,41,200.0,872.4,174480.0,2024-12-23
2024122303011528,JFL,57,41,400.0,872.4,348960.0,2024-12-23
2024122303011527,JFL,57,41,1000.0,872.4,872400.0,2024-12-23
2024122303011526,JFL,57,41,800.0,872.4,697920.0,2024-12-23
2024122303011525,JFL,41,41,100.0,872.4,87240.0,2024-12-23
2024122303011524,JFL,71,41,200.0,872.4,174480.0,2024-12-23
2024122303011523,JFL,14,41,50.0,872.4,43620.0,2024-12-23
2024122303011522,JFL,62,41,100.0,872.4,87240.0,2024-12-23
2024122303011521,JFL,57,41,40.0,872.5,34900.0,2024-12-23
2024122303011520,JFL,44,41,170.0,872.5,148325.0,2024-12-23
2024122303011519,JFL,58,41,100.0,872.6,87260.0,2024-12-23
2024122303011518,JFL,34,41,100.0,872.6,87260.0,2024-12-23
2024122303011517,JFL,7,41,100.0,872.7,87270.0,2024-12-23
2024122303011516,JFL,58,41,50.0,872.7,43635.0,2024-12-23
2024122303011515,JFL,54,41,100.0,872.7,87270.0,2024-12-23
2024122303011514,JFL,58,41,100.0,872.7,87270.0,2024-12-23
2024122303011513,JFL,38,41,200.0,872.7,174540.0,2024-12-23
2024122303011512,JFL,80,41,292.0,872.8,254857.6,2024-12-23
2024122303011511,JFL,71,41,400.0,872.9,349160.0,2024-12-23
2024122303011510,JFL,45,41,200.0,873.0,174600.0,2024-12-23
2024122303011509,JFL,58,41,17.0,873.0,14841.0,2024-12-23
2024122303011508,JFL,13,41,20.0,873.0,17460.0,2024-12-23
2024122303011507,JFL,58,41,70.0,873.0,61110.0,2024-12-23
2024122303011506,JFL,38,41,100.0,873.0,87300.0,2024-12-23
2024122303011505,JFL,49,41,100.0,873.0,87300.0,2024-12-23
2024122303011504,JFL,25,41,32.0,873.0,27936.0,2024-12-23
2024122303011503,JFL,33,41,15.0,873.0,13095.0,2024-12-23
2024122303011502,JFL,48,41,50.0,873.0,43650.0,2024-12-23
2024122303011501,JFL,49,41,100.0,873.0,87300.0,2024-12-23
2024122303011500,JFL,80,41,90.0,873.0,78570.0,2024-12-23
2024122303011499,JFL,5,41,100.0,873.0,87300.0,2024-12-23
2024122303011498,JFL,41,41,10.0,873.0,8730.0,2024-12-23
2024122303011497,JFL,49,41,200.0,873.0,174600.0,2024-12-23
2024122303011496,JFL,49,41,200.0,873.0,174600.0,2024-12-23
2024122303011495,JFL,13,41,10.0,873.0,8730.0,2024-12-23
2024122303011494,JFL,25,41,500.0,873.0,436500.0,2024-12-23
2024122303011493,JFL,32,41,100.0,873.0,87300.0,2024-12-23
2024122303011492,JFL,38,41,150.0,873.0,130950.0,2024-12-23
2024122303011491,JFL,51,41,50.0,873.0,43650.0,2024-12-23
2024122303011490,JFL,3,41,300.0,873.0,261900.0,2024-12-23
2024122303011489,JFL,71,41,500.0,873.0,436500.0,2024-12-23
2024122303011488,JFL,45,41,100.0,873.0,87300.0,2024-12-23
2024122303011487,JFL,39,41,50.0,873.0,43650.0,2024-12-23
2024122303011486,JFL,35,41,50.0,873.0,43650.0,2024-12-23
2024122303011485,JFL,41,41,25.0,873.0,21825.0,2024-12-23
2024122303011484,JFL,49,41,12.0,873.0,10476.0,2024-12-23
2024122303011483,JFL,51,41,100.0,873.0,87300.0,2024-12-23
2024122303011482,JFL,45,41,200.0,873.0,174600.0,2024-12-23
2024122303011481,JFL,16,41,100.0,873.0,87300.0,2024-12-23
2024122303011480,JFL,34,41,200.0,873.0,174600.0,2024-12-23
2024122303011479,JFL,1,41,300.0,873.1,261930.0,2024-12-23
2024122303011478,JFL,22,41,50.0,873.1,43655.0,2024-12-23
2024122303011477,JFL,58,41,226.0,873.6,197433.6,2024-12-23
2024122303011476,JFL,42,41,100.0,874.2,87420.0,2024-12-23
2024122303011475,JFL,41,41,300.0,874.2,262260.0,2024-12-23
2024122303011474,JFL,18,41,10.0,874.2,8742.0,2024-12-23
2024122303011473,JFL,33,41,20.0,874.2,17484.0,2024-12-23
2024122303011472,JFL,17,41,130.0,874.3,113659.0,2024-12-23
2024122303011471,JFL,21,41,10.0,875.0,8750.0,2024-12-23
2024122303011470,JFL,38,41,200.0,875.0,175000.0,2024-12-23
2024122303011469,JFL,5,41,50.0,875.0,43750.0,2024-12-23
2024122303011468,JFL,48,41,200.0,875.0,175000.0,2024-12-23
2024122303011467,JFL,44,41,1000.0,875.0,875000.0,2024-12-23
2024122303011466,JFL,56,41,500.0,875.0,437500.0,2024-12-23
2024122303011465,JFL,58,41,20.0,875.0,17500.0,2024-12-23
2024122303011464,JFL,41,41,10.0,876.0,8760.0,2024-12-23
2024122303011463,JFL,43,41,20.0,876.2,17524.0,2024-12-23
2024122303011462,JFL,36,41,45.0,877.1,39469.5,2024-12-23
2024122303011461,JFL,38,41,100.0,877.1,87710.0,2024-12-23
2024122303011460,JFL,1,41,500.0,877.1,438550.0,2024-12-23
2024122303011459,JFL,28,41,250.0,877.1,219275.0,2024-12-23
2024122303011458,JFL,13,41,500.0,877.1,438550.0,2024-12-23
2024122303011457,JFL,1,41,200.0,877.2,175440.0,2024-12-23
2024122303011456,JFL,11,41,100.0,878.1,87810.0,2024-12-23
2024122303011455,JFL,14,41,700.0,878.1,614670.0,2024-12-23
2024122303011454,JFL,49,41,100.0,878.1,87810.0,2024-12-23
2024122303011453,JFL,41,41,10.0,879.0,8790.0,2024-12-23
2024122303011452,JFL,4,41,500.0,879.0,439500.0,2024-12-23
2024122303011451,JFL,19,41,10.0,879.1,8791.0,2024-12-23
2024122303011450,JFL,36,41,71.0,879.5,62444.5,2024-12-23
2024122303011449,JFL,58,41,600.0,880.0,528000.0,2024-12-23
2024122303011448,JFL,21,41,200.0,880.0,176000.0,2024-12-23
2024122303011447,JFL,42,41,10.0,880.0,8800.0,2024-12-23
2024122303011446,JFL,56,41,13.0,880.0,11440.0,2024-12-23
2024122303011445,JFL,36,41,100.0,880.0,88000.0,2024-12-23
2024122303011444,JFL,58,41,30.0,880.1,26403.0,2024-12-23
2024122303011443,JFL,62,41,30.0,882.0,26460.0,2024-12-23
2024122303011442,JFL,4,41,20.0,882.0,17640.0,2024-12-23
2024122303011441,JFL,6,41,200.0,882.0,176400.0,2024-12-23
2024122303011440,JFL,34,41,1000.0,882.0,882000.0,2024-12-23
2024122303011439,JFL,41,41,90.0,882.0,79380.0,2024-12-23
2024122303011438,JFL,45,41,100.0,883.0,88300.0,2024-12-23
2024122303011437,JFL,14,41,200.0,883.0,176600.0,2024-12-23
2024122303011436,JFL,80,41,500.0,883.0,441500.0,2024-12-23
2024122303011435,JFL,45,41,50.0,885.0,44250.0,2024-12-23
2024122303011434,JFL,21,41,40.0,885.0,35400.0,2024-12-23
2024122303011433,JFL,28,41,670.0,885.0,592950.0,2024-12-23
2024122303011432,JFL,57,41,560.0,885.0,495600.0,2024-12-23
2024122303011431,JFL,58,41,10.0,885.0,8850.0,2024-12-23
2024122303011430,JFL,38,41,100.0,885.0,88500.0,2024-12-23
2024122303011429,JFL,1,41,50.0,885.0,44250.0,2024-12-23
2024122303011428,JFL,17,41,50.0,885.0,44250.0,2024-12-23
2024122303011427,JFL,6,41,500.0,885.0,442500.0,2024-12-23
2024122303011426,JFL,7,41,42.0,885.0,37170.0,2024-12-23
2024122303011425,JFL,35,41,200.0,885.0,177000.0,2024-12-23
2024122303011424,JFL,56,41,490.0,885.0,433650.0,2024-12-23
2024122303011423,JFL,55,41,26.0,885.1,23012.6,2024-12-23
2024122303011422,JFL,79,41,22.0,885.1,19472.2,2024-12-23
2024122303011421,JFL,54,41,40.0,886.0,35440.0,2024-12-23
2024122303011420,JFL,19,41,20.0,887.0,17740.0,2024-12-23
2024122303011419,JFL,28,41,110.0,888.0,97680.0,2024-12-23
2024122303011418,JFL,46,41,169.0,888.0,150072.0,2024-12-23
2024122303011417,JFL,45,41,50.0,888.0,44400.0,2024-12-23
2024122303011416,JFL,77,41,20.0,888.0,17760.0,2024-12-23
2024122303011415,JFL,38,41,100.0,888.0,88800.0,2024-12-23
2024122303011414,JFL,48,41,50.0,888.0,44400.0,2024-12-23
2024122303011413,JFL,8,41,35.0,889.0,31115.0,2024-12-23
2024122304011827,NIL,45,50,40.0,915.1,36604.0,2024-12-23
2024122304011826,NIL,59,50,10.0,915.1,9151.0,2024-12-23
2024122301021873,NICA,21,6,50.0,388.8,19440.0,2024-12-23
2024122301021872,HHL,39,65,40.0,538.7,21548.0,2024-12-23
2024122301021871,HHL,39,42,50.0,538.0,26900.0,2024-12-23
2024122301021870,NIMB,57,44,10.0,215.0,2150.0,2024-12-23
2024122301021869,NIMB,41,44,290.0,215.0,62350.0,2024-12-23
2024122303011412,GLBSL,48,13,20.0,2160.0,43200.0,2024-12-23
2024122304011825,RADHI,17,60,50.0,354.0,17700.0,2024-12-23
2024122303011411,SMB,29,70,100.0,3294.2,329420.0,2024-12-23
2024122304011824,RURU,45,48,110.0,692.0,76120.0,2024-12-23
2024122304011823,RURU,45,49,12.0,692.0,8304.0,2024-12-23
2024122304011822,KPCL,45,42,300.0,528.0,158400.0,2024-12-23
2024122301021868,KDL,36,6,10.0,1177.9,11779.0,2024-12-23
2024122301021867,MHCL,55,5,255.0,574.9,146599.5,2024-12-23
2024122301021866,MHCL,55,58,545.0,574.9,313320.5,2024-12-23
2024122301021865,RHGCL,90,95,10.0,504.8,5048.0,2024-12-23
2024122303011410,KRBL,7,71,10.0,776.9,7769.0,2024-12-23
2024122303011409,GRDBL,32,43,10.0,989.3,9893.0,2024-12-23
2024122304011821,NGPL,42,45,10.0,262.0,2620.0,2024-12-23
2024122303011408,KRBL,21,25,10.0,775.0,7750.0,2024-12-23
2024122303011407,SKBBL,28,36,10.0,924.0,9240.0,2024-12-23
2024122301021864,ULHC,58,34,10.0,499.9,4999.0,2024-12-23
2024122301021863,MKHL,58,58,10.0,634.0,6340.0,2024-12-23
2024122301021862,SMHL,65,51,30.0,1157.7,34731.0,2024-12-23
2024122303011406,NABBC,56,48,190.0,1247.0,236930.0,2024-12-23
2024122303011405,NABBC,56,28,200.0,1245.4,249080.0,2024-12-23
2024122303011404,NABBC,56,71,200.0,1245.0,249000.0,2024-12-23
2024122303011403,NABBC,56,43,100.0,1244.9,124490.0,2024-12-23
2024122303011402,NABBC,56,17,10.0,1244.4,12444.0,2024-12-23
2024122303011401,NABBC,56,32,50.0,1244.0,62200.0,2024-12-23
2024122303011400,NABBC,56,20,52.0,1242.3,64599.6,2024-12-23
2024122303011399,NABBC,56,49,150.0,1241.5,186225.0,2024-12-23
2024122303011398,NABBC,56,20,48.0,1241.0,59568.0,2024-12-23
2024122303011397,NABBC,56,4,400.0,1241.0,496400.0,2024-12-23
2024122303011396,NABBC,56,60,30.0,1240.0,37200.0,2024-12-23
2024122303011395,NABBC,56,59,70.0,1240.0,86800.0,2024-12-23
2024122301021861,BEDC,88,36,15.0,701.0,10515.0,2024-12-23
2024122301021860,BEDC,14,36,235.0,701.2,164782.0,2024-12-23
2024122304011820,NHDL,50,52,90.0,754.8,67932.0,2024-12-23
2024122304011819,NHDL,50,85,10.0,754.0,7540.0,2024-12-23
2024122305009754,SMATA,16,43,10.0,810.0,8100.0,2024-12-23
2024122301021859,PPL,22,13,64.0,564.0,36096.0,2024-12-23
2024122301021858,GVL,45,99,40.0,550.0,22000.0,2024-12-23
2024122301021857,GVL,45,42,10.0,550.0,5500.0,2024-12-23
2024122301021856,GVL,45,39,50.0,550.0,27500.0,2024-12-23
2024122301021855,GVL,45,39,10.0,550.0,5500.0,2024-12-23
2024122301021854,GVL,45,42,10.0,550.0,5500.0,2024-12-23
2024122301021853,GVL,45,58,10.0,550.0,5500.0,2024-12-23
2024122301021852,GVL,45,61,10.0,550.0,5500.0,2024-12-23
2024122301021851,GVL,45,51,100.0,549.9,54990.0,2024-12-23
2024122304011818,RHPL,75,62,10.0,438.0,4380.0,2024-12-23
2024122304011817,SHPC,5,33,10.0,540.0,5400.0,2024-12-23
2024122303011394,GBBL,17,59,60.0,400.0,24000.0,2024-12-23
2024122303011393,GBBL,48,59,100.0,401.5,40150.0,2024-12-23
2024122303011392,JBBL,84,42,100.0,365.0,36500.0,2024-12-23
2024122303011391,JBBL,84,28,16.0,365.0,5840.0,2024-12-23
2024122304011816,SHEL,45,1,400.0,240.3,96120.0,2024-12-23
2024122304011815,SHEL,38,1,600.0,240.3,144180.0,2024-12-23
2024122303011390,SJLIC,38,26,100.0,450.0,45000.0,2024-12-23
2024122304011814,SPDL,70,6,13.0,327.0,4251.0,2024-12-23
2024122304011813,UNHPL,49,17,10.0,287.6,2876.0,2024-12-23
2024122301021850,ULHC,49,34,108.0,500.0,54000.0,2024-12-23
2024122303011389,MNBBL,41,44,490.0,374.9,183701.0,2024-12-23
2024122301021849,HHL,36,42,50.0,538.0,26900.0,2024-12-23
2024122301021848,SBI,66,74,40.0,427.8,17112.0,2024-12-23
2024122301021847,SMH,39,25,10.0,1032.9,10329.0,2024-12-23
2024122301021846,GBIME,26,44,23.0,222.1,5108.3,2024-12-23
2024122301021845,SBI,34,74,200.0,427.8,85560.0,2024-12-23
2024122301021844,SBI,34,72,100.0,427.8,42780.0,2024-12-23
2024122303011388,SLBSL,62,66,33.0,1868.0,61644.0,2024-12-23
2024122303011387,SLBSL,62,22,30.0,1868.0,56040.0,2024-12-23
2024122303011386,SLBSL,62,55,25.0,1865.0,46625.0,2024-12-23
2024122303011385,SLBSL,62,21,10.0,1861.5,18615.0,2024-12-23
2024122303011384,SLBSL,62,55,35.0,1861.0,65135.0,2024-12-23
2024122303011383,SLBSL,62,55,80.0,1860.0,148800.0,2024-12-23
2024122303011382,SLBSL,62,7,20.0,1860.0,37200.0,2024-12-23
2024122303011381,SLBSL,62,55,40.0,1860.0,74400.0,2024-12-23
2024122303011380,SLBSL,62,28,20.0,1860.0,37200.0,2024-12-23
2024122303011379,SLBSL,62,55,30.0,1859.0,55770.0,2024-12-23
2024122303011378,SLBSL,62,57,50.0,1856.4,92820.0,2024-12-23
2024122303011377,SLBSL,62,42,177.0,1856.4,328582.8,2024-12-23
2024122303011376,SLBSL,62,4,85.0,1856.4,157794.0,2024-12-23
2024122303011375,SLBSL,62,3,40.0,1856.0,74240.0,2024-12-23
2024122303011374,SLBSL,62,39,14.0,1856.0,25984.0,2024-12-23
2024122303011373,SLBSL,62,26,100.0,1856.0,185600.0,2024-12-23
2024122303011372,SLBSL,62,1,40.0,1856.0,74240.0,2024-12-23
2024122303011371,SLBSL,62,58,50.0,1855.3,92765.0,2024-12-23
2024122303011370,SLBSL,62,58,10.0,1846.3,18463.0,2024-12-23
2024122303011369,SLBSL,62,45,94.0,1846.2,173542.8,2024-12-23
2024122303011368,SLBSL,62,57,10.0,1846.0,18460.0,2024-12-23
2024122303011367,SLBSL,62,29,200.0,1844.0,368800.0,2024-12-23
2024122303011366,SLBSL,62,38,17.0,1844.0,31348.0,2024-12-23
2024122303011365,SLBSL,62,58,14.0,1841.0,25774.0,2024-12-23
2024122303011364,SLBSL,62,41,30.0,1840.0,55200.0,2024-12-23
2024122303011363,SLBSL,62,14,10.0,1840.0,18400.0,2024-12-23
2024122303011362,SLBSL,62,42,100.0,1835.0,183500.0,2024-12-23
2024122303011361,SLBSL,62,22,10.0,1829.0,18290.0,2024-12-23
2024122303011360,SLBSL,62,29,16.0,1826.0,29216.0,2024-12-23
2024122303011359,SLBSL,62,22,10.0,1825.0,18250.0,2024-12-23
2024122301021843,CYCL,62,5,10.0,1590.0,15900.0,2024-12-23
2024122304011812,NGPL,38,45,24.0,262.0,6288.0,2024-12-23
2024122304011811,NGPL,22,45,462.0,262.0,121044.0,2024-12-23
2024122304011810,MEN,14,52,11.0,718.2,7900.2,2024-12-23
2024122304011809,RHPL,54,14,10.0,437.0,4370.0,2024-12-23
2024122304011808,UNHPL,42,19,52.0,287.0,14924.0,2024-12-23
2024122305009753,KEF,42,33,500.0,9.25,4625.0,2024-12-23
2024122301021842,MKCL,38,56,57.0,1487.0,84759.0,2024-12-23
2024122304011807,SJCL,59,38,55.0,352.1,19365.5,2024-12-23
2024122304011806,SJCL,6,38,150.0,352.2,52830.0,2024-12-23
2024122304011805,SJCL,6,38,30.0,352.2,10566.0,2024-12-23
2024122304011804,SJCL,6,38,20.0,352.3,7046.0,2024-12-23
2024122304011803,SJCL,6,38,15.0,352.4,5286.0,2024-12-23
2024122304011802,SJCL,6,38,12.0,352.5,4230.0,2024-12-23
2024122304011801,SJCL,6,38,18.0,352.6,6346.8,2024-12-23
2024122301021841,MLBS,58,29,25.0,2065.6,51640.0,2024-12-23
2024122301021840,SPC,85,5,60.0,528.0,31680.0,2024-12-23
2024122301021839,SPC,85,46,90.0,528.0,47520.0,2024-12-23
2024122301021838,TVCL,34,38,315.0,548.1,172651.5,2024-12-23
2024122303011358,SAPDBL,35,45,10.0,1000.0,10000.0,2024-12-23
2024122303011357,MSLB,48,34,57.0,1482.0,84474.0,2024-12-23
2024122305009752,SHIVM,41,82,64.0,573.0,36672.0,2024-12-23
2024122305009751,SHIVM,41,82,50.0,573.0,28650.0,2024-12-23
2024122305009750,SHIVM,38,82,80.0,573.0,45840.0,2024-12-23
2024122303011356,NLIC,7,49,10.0,763.0,7630.0,2024-12-23
2024122303011355,NMLBBL,84,40,82.0,671.0,55022.0,2024-12-23
2024122301021837,IHL,26,19,166.0,700.1,116216.6,2024-12-23
2024122301021836,IHL,81,19,180.0,701.0,126180.0,2024-12-23
2024122301021835,IHL,33,19,103.0,701.1,72213.3,2024-12-23
2024122303011354,NFS,53,57,10.0,1040.0,10400.0,2024-12-23
2024122301021834,JBLB,42,42,20.0,1520.1,30402.0,2024-12-23
2024122303011353,KRBL,21,42,460.0,775.0,356500.0,2024-12-23
2024122305009749,NRM,38,38,127.0,441.3,56045.1,2024-12-23
2024122305009748,NRM,42,38,60.0,442.0,26520.0,2024-12-23
2024122301021833,PRVU,38,40,10.0,219.0,2190.0,2024-12-23
2024122305009747,NIFRA,38,25,200.0,247.0,49400.0,2024-12-23
2024122301021832,SIKLES,49,34,10.0,882.0,8820.0,2024-12-23
2024122301021831,ULHC,49,34,180.0,500.0,90000.0,2024-12-23
2024122304011800,AHPC,58,49,83.0,246.5,20459.5,2024-12-23
2024122301021830,PRVU,58,40,50.0,219.0,10950.0,2024-12-23
2024122303011352,MLBL,85,16,150.0,393.0,58950.0,2024-12-23
2024122303011351,MLBL,85,45,100.0,393.0,39300.0,2024-12-23
2024122303011350,MLBL,85,28,18.0,393.0,7074.0,2024-12-23
2024122301021829,SPL,80,44,90.0,999.0,89910.0,2024-12-23
2024122301021828,SPL,80,57,10.0,996.0,9960.0,2024-12-23
2024122303011349,FOWAD,46,42,18.0,1263.0,22734.0,2024-12-23
2024122303011348,KSBBL,81,57,78.0,446.0,34788.0,2024-12-23
2024122304011799,NGPL,45,42,100.0,262.1,26210.0,2024-12-23
2024122303011347,ALBSL,52,38,10.0,802.9,8029.0,2024-12-23
2024122305009746,SHIVM,38,7,30.0,573.0,17190.0,2024-12-23
2024122304011798,JOSHI,94,86,100.0,445.2,44520.0,2024-12-23
2024122305009745,NIFRA,21,92,4100.0,246.3,1009830.0,2024-12-23
2024122305009744,NIFRA,17,92,900.0,246.4,221760.0,2024-12-23
2024122305009743,MEL,16,6,10.0,315.0,3150.0,2024-12-23
2024122303011346,GMFIL,51,1,95.0,584.0,55480.0,2024-12-23
2024122303011345,GMFIL,51,35,40.0,583.0,23320.0,2024-12-23
2024122304011797,SHPC,45,49,466.0,537.0,250242.0,2024-12-23
2024122304011796,SHPC,49,49,600.0,537.1,322260.0,2024-12-23
2024122304011795,SHPC,26,49,34.0,538.0,18292.0,2024-12-23
2024122304011794,KKHC,58,11,300.0,382.0,114600.0,2024-12-23
2024122304011793,HPPL,5,56,1077.0,409.0,440493.0,2024-12-23
2024122304011792,HPPL,70,56,10.0,409.0,4090.0,2024-12-23
2024122304011791,HPPL,10,56,75.0,409.1,30682.5,2024-12-23
2024122301021827,SBI,34,26,50.0,425.1,21255.0,2024-12-23
2024122301021826,SBI,63,26,50.0,425.2,21260.0,2024-12-23
2024122303011344,SJLIC,11,26,50.0,450.0,22500.0,2024-12-23
2024122303011343,SJLIC,39,26,100.0,450.0,45000.0,2024-12-23
2024122303011342,SJLIC,42,26,340.0,450.0,153000.0,2024-12-23
2024122303011341,SJLIC,77,26,10.0,452.0,4520.0,2024-12-23
2024122303011340,NFS,72,39,590.0,1038.2,612538.0,2024-12-23
2024122303011339,NFS,65,39,50.0,1038.3,51915.0,2024-12-23
2024122303011338,NFS,57,39,10.0,1038.3,10383.0,2024-12-23
2024122303011337,NFS,45,39,10.0,1038.5,10385.0,2024-12-23
2024122303011336,NFS,53,39,300.0,1038.5,311550.0,2024-12-23
2024122303011335,NFS,52,39,10.0,1039.0,10390.0,2024-12-23
2024122303011334,NFS,50,39,30.0,1039.0,31170.0,2024-12-23
2024122301021825,RFPL,83,62,50.0,1003.0,50150.0,2024-12-23
2024122304011790,NGPL,57,42,1000.0,262.1,262100.0,2024-12-23
2024122304011789,KKHC,45,29,200.0,381.5,76300.0,2024-12-23
2024122304011788,SHPC,45,33,272.0,540.0,146880.0,2024-12-23
2024122304011787,SHPC,45,1,250.0,539.9,134975.0,2024-12-23
2024122304011786,SHPC,45,35,100.0,539.9,53990.0,2024-12-23
2024122304011785,SHPC,45,51,300.0,539.9,161970.0,2024-12-23
2024122304011784,SHPC,45,67,78.0,539.0,42042.0,2024-12-23
2024122304011783,AKJCL,45,57,120.0,200.9,24108.0,2024-12-23
2024122301021824,NYADI,72,45,125.0,407.9,50987.5,2024-12-23
2024122301021823,NYADI,69,45,15.0,407.9,6118.5,2024-12-23
2024122304011782,NHPC,49,19,216.0,217.6,47001.6,2024-12-23
2024122304011781,NHPC,49,19,100.0,217.8,21780.0,2024-12-23
2024122301021822,SBI,36,72,200.0,427.8,85560.0,2024-12-23
2024122301021821,DOLTI,4,6,10.0,699.0,6990.0,2024-12-23
2024122305009742,NTC,38,94,20.0,945.9,18918.0,2024-12-23
2024122305009741,NTC,38,22,80.0,944.0,75520.0,2024-12-23
2024122303011333,SINDU,49,71,50.0,892.9,44645.0,2024-12-23
2024122304011780,CGH,21,7,55.0,910.0,50050.0,2024-12-23
2024122301021820,EBL,41,44,11.0,583.0,6413.0,2024-12-23
2024122301021819,NMB,58,16,236.0,239.0,56404.0,2024-12-23
2024122301021818,NMB,45,16,14.0,239.0,3346.0,2024-12-23
2024122303011332,BFC,16,1,40.0,709.0,28360.0,2024-12-23
2024122303011331,BFC,16,91,160.0,709.0,113440.0,2024-12-23
2024122301021817,RHGCL,60,95,88.0,504.8,44422.4,2024-12-23
2024122301021816,RHGCL,60,63,22.0,504.0,11088.0,2024-12-23
2024122301021815,RHGCL,60,13,90.0,504.0,45360.0,2024-12-23
2024122303011330,HLI,57,37,50.0,448.0,22400.0,2024-12-23
2024122304011779,UMRH,69,48,220.0,639.0,140580.0,2024-12-23
2024122304011778,UMRH,69,64,1380.0,635.0,876300.0,2024-12-23
2024122301021814,BHL,57,45,249.0,382.0,95118.0,2024-12-23
2024122301021813,BHL,57,63,47.0,382.0,17954.0,2024-12-23
2024122301021812,BHL,57,28,204.0,380.0,77520.0,2024-12-23
2024122301021811,TAMOR,77,4,20.0,522.9,10458.0,2024-12-23
2024122301021810,TAMOR,77,22,70.0,522.2,36554.0,2024-12-23
2024122301021809,TAMOR,77,63,100.0,522.0,52200.0,2024-12-23
2024122301021808,TAMOR,77,42,10.0,522.0,5220.0,2024-12-23
2024122301021807,TAMOR,77,45,30.0,522.0,15660.0,2024-12-23
2024122301021806,TAMOR,77,49,10.0,521.0,5210.0,2024-12-23
2024122301021805,TAMOR,77,41,100.0,521.0,52100.0,2024-12-23
2024122301021804,TAMOR,77,63,100.0,520.9,52090.0,2024-12-23
2024122301021803,TAMOR,77,25,50.0,520.9,26045.0,2024-12-23
2024122301021802,TAMOR,77,56,10.0,520.0,5200.0,2024-12-23
2024122304011777,HPPL,44,8,217.0,412.0,89404.0,2024-12-23
2024122304011776,HPPL,44,49,268.0,410.0,109880.0,2024-12-23
2024122305009740,GCIL,45,35,100.0,511.0,51100.0,2024-12-23
2024122301021801,MSHL,48,49,10.0,982.0,9820.0,2024-12-23
2024122301021800,MSHL,48,70,90.0,980.0,88200.0,2024-12-23
2024122303011329,GFCL,43,21,166.0,793.5,131721.0,2024-12-23
2024122303011328,GFCL,43,21,500.0,792.0,396000.0,2024-12-23
2024122303011327,GFCL,43,45,100.0,790.9,79090.0,2024-12-23
2024122303011326,GFCL,43,91,200.0,790.8,158160.0,2024-12-23
2024122303011325,GFCL,43,34,20.0,790.0,15800.0,2024-12-23
2024122303011324,GFCL,43,8,14.0,790.0,11060.0,2024-12-23
2024122303011323,NMLBBL,56,7,200.0,669.0,133800.0,2024-12-23
2024122303011322,NMLBBL,57,7,100.0,669.1,66910.0,2024-12-23
2024122303011321,PROFL,33,48,77.0,640.0,49280.0,2024-12-23
2024122303011320,PROFL,33,43,103.0,640.0,65920.0,2024-12-23
2024122303011319,PROFL,33,57,200.0,640.0,128000.0,2024-12-23
2024122303011318,PROFL,33,32,500.0,640.0,320000.0,2024-12-23
2024122303011317,PROFL,33,36,10.0,640.0,6400.0,2024-12-23
2024122303011316,PROFL,33,5,100.0,640.0,64000.0,2024-12-23
2024122303011315,PROFL,33,59,10.0,640.0,6400.0,2024-12-23
2024122304011775,NGPL,22,33,113.0,262.0,29606.0,2024-12-23
2024122304011774,SPDL,13,6,33.0,327.0,10791.0,2024-12-23
2024122305009739,NRN,49,56,600.0,948.9,569340.0,2024-12-23
2024122303011314,SMB,56,70,10.0,3294.2,32942.0,2024-12-23
2024122301021799,SARBTM,41,38,500.0,781.0,390500.0,2024-12-23
2024122303011313,NMLBBL,10,66,50.0,671.0,33550.0,2024-12-23
2024122303011312,NMLBBL,10,46,15.0,671.0,10065.0,2024-12-23
2024122301021798,PPL,45,13,200.0,564.0,112800.0,2024-12-23
2024122301021797,PPL,4,13,290.0,564.0,163560.0,2024-12-23
2024122303011311,SFCL,36,48,10.0,666.0,6660.0,2024-12-23
2024122301021796,MKJC,29,42,10.0,525.0,5250.0,2024-12-23
2024122304011773,AHPC,35,49,25.0,246.5,6162.5,2024-12-23
2024122301021795,TVCL,25,48,330.0,548.0,180840.0,2024-12-23
2024122303011310,SFCL,32,48,75.0,666.0,49950.0,2024-12-23
2024122305009738,HRL,55,26,9.0,796.0,7164.0,2024-12-23
2024122305009737,HRL,55,49,10.0,796.0,7960.0,2024-12-23
2024122305009736,HRL,55,58,10.0,796.0,7960.0,2024-12-23
2024122305009735,HRL,55,34,61.0,796.0,48556.0,2024-12-23
2024122305009734,HRL,55,49,10.0,795.9,7959.0,2024-12-23
2024122305009733,GCIL,45,49,100.0,511.0,51100.0,2024-12-23
2024122301021794,MKCL,5,56,10.0,1487.0,14870.0,2024-12-23
2024122304011772,AKJCL,1,57,150.0,200.9,30135.0,2024-12-23
2024122303011309,SAPDBL,32,45,10.0,1000.0,10000.0,2024-12-23
2024122305009732,MEL,63,6,20.0,315.5,6310.0,2024-12-23
2024122304011771,UNHPL,25,19,348.0,287.0,99876.0,2024-12-23
2024122304011770,HPPL,50,49,500.0,410.0,205000.0,2024-12-23
2024122304011769,HPPL,51,49,200.0,410.0,82000.0,2024-12-23
2024122304011768,HPPL,34,49,12.0,410.0,4920.0,2024-12-23
2024122304011767,HPPL,38,49,20.0,411.0,8220.0,2024-12-23
2024122301021793,MHCL,58,58,90.0,574.9,51741.0,2024-12-23
2024122304011766,UPPER,47,58,10.0,206.9,2069.0,2024-12-23
2024122305009731,CHDC,50,66,100.0,1579.0,157900.0,2024-12-23
2024122305009730,CHDC,50,77,42.0,1574.0,66108.0,2024-12-23
2024122304011765,NHPC,21,5,500.0,217.9,108950.0,2024-12-23
2024122303011308,MPFL,16,18,30.0,697.9,20937.0,2024-12-23
2024122304011764,SHPC,26,59,466.0,538.0,250708.0,2024-12-23
2024122304011763,RHPL,58,75,543.0,435.3,236367.9,2024-12-23
2024122304011762,RHPL,58,75,170.0,435.3,74001.0,2024-12-23
2024122304011761,RHPL,14,75,260.0,435.4,113204.0,2024-12-23
2024122304011760,RHPL,33,75,27.0,436.0,11772.0,2024-12-23
2024122301021792,MKHL,48,20,200.0,628.0,125600.0,2024-12-23
2024122305009729,HRL,38,19,10.0,795.1,7951.0,2024-12-23
2024122305009728,STC,54,22,10.0,5700.0,57000.0,2024-12-23
2024122305009727,STC,54,42,15.0,5685.0,85275.0,2024-12-23
2024122303011307,CFCL,14,91,10.0,613.0,6130.0,2024-12-23
2024122303011306,CFCL,14,57,50.0,612.0,30600.0,2024-12-23
2024122303011305,CFCL,14,10,10.0,610.0,6100.0,2024-12-23
2024122303011304,CFCL,14,42,10.0,610.0,6100.0,2024-12-23
2024122303011303,CFCL,14,32,100.0,610.0,61000.0,2024-12-23
2024122303011302,CFCL,14,5,100.0,610.0,61000.0,2024-12-23
2024122303011301,CFCL,14,16,20.0,609.3,12186.0,2024-12-23
2024122303011300,LICN,57,38,30.0,1164.0,34920.0,2024-12-23
2024122303011299,GMFBS,49,39,10.0,1693.0,16930.0,2024-12-23
2024122301021791,SIKLES,6,56,100.0,878.5,87850.0,2024-12-23
2024122301021790,SIKLES,36,56,100.0,878.6,87860.0,2024-12-23
2024122304011759,RHPL,33,56,153.0,436.0,66708.0,2024-12-23
2024122303011298,NMBMF,16,49,100.0,694.5,69450.0,2024-12-23
2024122305009726,MEL,16,45,10.0,314.9,3149.0,2024-12-23
2024122301021789,HHL,32,66,34.0,536.2,18230.8,2024-12-23
2024122301021788,HHL,81,66,166.0,536.5,89059.0,2024-12-23
2024122304011758,HEI,25,39,90.0,620.4,55836.0,2024-12-23
2024122304011757,HEI,51,39,50.0,620.5,31025.0,2024-12-23
2024122304011756,HEI,54,39,100.0,620.5,62050.0,2024-12-23
2024122304011755,HEI,5,39,50.0,621.0,31050.0,2024-12-23
2024122305009725,HATHY,57,35,22.0,1330.0,29260.0,2024-12-23
2024122305009724,HATHY,57,37,50.0,1329.9,66495.0,2024-12-23
2024122305009723,HATHY,57,8,12.0,1329.0,15948.0,2024-12-23
2024122305009722,NIFRA,62,25,30.0,247.0,7410.0,2024-12-23
2024122301021787,NABIL,52,53,400.0,501.0,200400.0,2024-12-23
2024122305009721,SMATA,56,55,10.0,808.0,8080.0,2024-12-23
2024122305009720,NRN,45,82,500.0,946.1,473050.0,2024-12-23
2024122303011297,RLFL,45,16,200.0,591.0,118200.0,2024-12-23
2024122303011296,RLFL,45,49,100.0,591.0,59100.0,2024-12-23
2024122303011295,RLFL,45,14,50.0,591.0,29550.0,2024-12-23
2024122304011754,MEN,45,34,10.0,719.0,7190.0,2024-12-23
2024122303011294,SFCL,32,1,45.0,666.0,29970.0,2024-12-23
2024122304011753,KKHC,32,11,32.0,382.0,12224.0,2024-12-23
2024122304011752,KKHC,32,45,218.0,381.0,83058.0,2024-12-23
2024122303011293,SFCL,32,41,14.0,667.0,9338.0,2024-12-23
2024122303011292,SFCL,32,51,186.0,667.0,124062.0,2024-12-23
2024122304011751,SGIC,36,14,10.0,658.0,6580.0,2024-12-23
2024122303011291,NFS,49,57,10.0,1040.0,10400.0,2024-12-23
2024122304011750,JOSHI,58,72,10.0,450.0,4500.0,2024-12-23
2024122301021786,KBL,42,50,366.0,210.5,77043.0,2024-12-23
2024122301021785,KBL,14,50,200.0,210.6,42120.0,2024-12-23
2024122301021784,KBL,58,50,30.0,210.6,6318.0,2024-12-23
2024122301021783,KBL,43,50,500.0,210.6,105300.0,2024-12-23
2024122301021782,KBL,55,50,50.0,210.6,10530.0,2024-12-23
2024122301021781,KBL,35,50,200.0,210.8,42160.0,2024-12-23
2024122301021780,KBL,42,50,100.0,211.0,21100.0,2024-12-23
2024122301021779,KBL,55,50,50.0,211.0,10550.0,2024-12-23
2024122301021778,KBL,42,50,243.0,211.0,51273.0,2024-12-23
2024122301021777,KBL,86,50,261.0,211.5,55201.5,2024-12-23
2024122304011749,UPPER,47,21,325.0,206.9,67242.5,2024-12-23
2024122304011748,HDHPC,21,29,50.0,203.0,10150.0,2024-12-23
2024122304011747,HDHPC,21,36,50.0,203.0,10150.0,2024-12-23
2024122304011746,SHEL,58,32,200.0,240.4,48080.0,2024-12-23
2024122304011745,RIDI,41,36,580.0,226.0,131080.0,2024-12-23
2024122304011744,RIDI,41,11,100.0,226.0,22600.0,2024-12-23
2024122304011743,RIDI,41,49,100.0,225.9,22590.0,2024-12-23
2024122304011742,RIDI,41,42,120.0,225.9,27108.0,2024-12-23
2024122304011741,RIDI,41,13,100.0,225.3,22530.0,2024-12-23
2024122301021776,MSHL,38,67,35.0,971.5,34002.5,2024-12-23
2024122301021775,MSHL,70,67,80.0,972.1,77768.0,2024-12-23
2024122301021774,MSHL,49,67,100.0,973.0,97300.0,2024-12-23
2024122301021773,HIDCLP,77,13,100.0,167.0,16700.0,2024-12-23
2024122301021772,HBL,57,32,65.0,234.0,15210.0,2024-12-23
2024122304011740,SPDL,44,16,170.0,329.0,55930.0,2024-12-23
2024122304011739,SPDL,44,80,200.0,329.0,65800.0,2024-12-23
2024122304011738,SPDL,44,56,500.0,328.9,164450.0,2024-12-23
2024122304011737,SPDL,44,85,130.0,328.9,42757.0,2024-12-23
2024122304011736,SHPC,49,35,400.0,537.1,214840.0,2024-12-23
2024122305009719,SONA,55,57,100.0,476.0,47600.0,2024-12-23
2024122301021771,SNLI,17,34,12.0,626.1,7513.2,2024-12-23
2024122304011735,UPPER,47,5,34.0,206.9,7034.6,2024-12-23
2024122304011734,UPPER,47,45,1000.0,206.9,206900.0,2024-12-23
2024122304011733,UPPER,47,25,50.0,206.9,10345.0,2024-12-23
2024122304011732,UPPER,47,29,500.0,206.9,103450.0,2024-12-23
2024122304011731,UPPER,47,56,280.0,206.9,57932.0,2024-12-23
2024122304011730,UPPER,47,41,160.0,206.8,33088.0,2024-12-23
2024122304011729,UPPER,47,29,500.0,206.5,103250.0,2024-12-23
2024122304011728,UPPER,47,50,2000.0,206.5,413000.0,2024-12-23
2024122304011727,UPPER,47,58,243.0,206.5,50179.5,2024-12-23
2024122304011726,UPPER,47,58,50.0,206.4,10320.0,2024-12-23
2024122304011725,UPPER,47,38,499.0,206.0,102794.0,2024-12-23
2024122301021770,NABIL,42,53,20.0,501.0,10020.0,2024-12-23
2024122304011724,NGPL,22,17,45.0,262.0,11790.0,2024-12-23
2024122303011290,SJLIC,32,18,10.0,454.9,4549.0,2024-12-23
2024122304011723,MHNL,6,32,42.0,267.2,11222.4,2024-12-23
2024122304011722,MHNL,34,32,63.0,267.2,16833.6,2024-12-23
2024122304011721,MHNL,43,32,100.0,267.3,26730.0,2024-12-23
2024122304011720,MHNL,41,32,35.0,267.5,9362.5,2024-12-23
2024122304011719,MHNL,49,32,60.0,267.6,16056.0,2024-12-23
2024122303011289,SMPDA,42,42,10.0,949.0,9490.0,2024-12-23
2024122301021769,SMHL,65,42,30.0,1157.7,34731.0,2024-12-23
2024122305009718,NRM,42,48,40.0,442.0,17680.0,2024-12-23
2024122301021768,CKHL,19,63,200.0,799.0,159800.0,2024-12-23
2024122301021767,CKHL,14,63,677.0,799.0,540923.0,2024-12-23
2024122303011288,CORBL,96,57,10.0,1470.0,14700.0,2024-12-23
2024122303011287,CORBL,96,32,10.0,1455.0,14550.0,2024-12-23
2024122304011718,API,50,28,505.0,258.0,130290.0,2024-12-23
2024122301021766,PCBL,51,28,46.0,256.9,11817.4,2024-12-23
2024122301021765,PCBL,51,42,100.0,256.5,25650.0,2024-12-23
2024122301021764,PCBL,51,34,99.0,256.5,25393.5,2024-12-23
2024122301021763,PCBL,51,5,500.0,256.0,128000.0,2024-12-23
2024122301021762,PCBL,51,81,50.0,255.0,12750.0,2024-12-23
2024122301021761,PCBL,51,74,41.0,255.0,10455.0,2024-12-23
2024122301021760,PCBL,51,28,100.0,255.0,25500.0,2024-12-23
2024122301021759,PCBL,51,14,500.0,254.6,127300.0,2024-12-23
2024122301021758,PCBL,51,19,100.0,254.0,25400.0,2024-12-23
2024122301021757,PCBL,51,1,60.0,254.0,15240.0,2024-12-23
2024122301021756,PCBL,51,21,18.0,254.0,4572.0,2024-12-23
2024122301021755,PCBL,51,52,52.0,253.0,13156.0,2024-12-23
2024122304011717,AHPC,6,49,73.0,247.7,18082.1,2024-12-23
2024122304011716,AHPC,42,49,46.0,247.7,11394.2,2024-12-23
2024122301021754,BGWT,45,49,16.0,991.1,15857.6,2024-12-23
2024122303011286,JFL,49,55,55.0,890.0,48950.0,2024-12-23
2024122305009717,SMJC,6,80,70.0,529.0,37030.0,2024-12-23
2024122305009716,SMJC,63,80,30.0,529.0,15870.0,2024-12-23
2024122301021753,ADBL,46,42,10.0,325.0,3250.0,2024-12-23
2024122301021752,SANIMA,13,50,50.0,302.9,15145.0,2024-12-23
2024122301021751,CYCL,62,36,10.0,1590.0,15900.0,2024-12-23
2024122305009715,SHIVM,38,57,200.0,573.0,114600.0,2024-12-23
2024122303011285,SADBL,57,58,16.0,413.0,6608.0,2024-12-23
2024122304011715,AHPC,64,29,1000.0,247.8,247800.0,2024-12-23
2024122305009714,SAHAS,55,22,30.0,475.0,14250.0,2024-12-23
2024122305009713,SAHAS,55,35,300.0,475.0,142500.0,2024-12-23
2024122305009712,SAHAS,55,37,36.0,475.0,17100.0,2024-12-23
2024122305009711,SAHAS,55,32,10.0,474.0,4740.0,2024-12-23
2024122305009710,SAHAS,55,45,50.0,474.0,23700.0,2024-12-23
2024122305009709,SAHAS,55,42,204.0,474.0,96696.0,2024-12-23
2024122303011284,GLBSL,45,63,50.0,2170.0,108500.0,2024-12-23
2024122303011283,NADEP,42,45,140.0,927.0,129780.0,2024-12-23
2024122303011282,NADEP,42,34,160.0,925.0,148000.0,2024-12-23
2024122304011714,PPCL,35,14,478.0,293.0,140054.0,2024-12-23
2024122304011713,PPCL,42,14,22.0,293.7,6461.4,2024-12-23
2024122303011281,JBBL,14,28,50.0,365.0,18250.0,2024-12-23
2024122301021750,EHPL,40,38,10.0,775.0,7750.0,2024-12-23
2024122304011712,SICL,49,36,100.0,798.0,79800.0,2024-12-23
2024122304011711,LEC,58,38,23.0,201.5,4634.5,2024-12-23
2024122304011710,DHPL,49,57,450.0,319.4,143730.0,2024-12-23
2024122301021749,AHL,7,21,259.0,734.0,190106.0,2024-12-23
2024122301021748,AHL,7,38,20.0,732.0,14640.0,2024-12-23
2024122301021747,AHL,7,45,221.0,730.0,161330.0,2024-12-23
2024122301021746,KBL,86,36,292.0,211.5,61758.0,2024-12-23
2024122301021745,BHPL,92,34,172.0,913.5,157122.0,2024-12-23
2024122301021744,BHPL,92,22,300.0,913.5,274050.0,2024-12-23
2024122301021743,BHPL,92,45,10.0,913.5,9135.0,2024-12-23
2024122301021742,BHPL,92,42,1500.0,913.5,1370250.0,2024-12-23
2024122301021741,BHPL,92,58,50.0,913.5,45675.0,2024-12-23
2024122301021740,BHPL,92,28,40.0,913.5,36540.0,2024-12-23
2024122301021739,BHPL,92,57,70.0,913.4,63938.0,2024-12-23
2024122301021738,BHPL,92,19,50.0,913.0,45650.0,2024-12-23
2024122301021737,BHPL,92,49,20.0,913.0,18260.0,2024-12-23
2024122301021736,BHPL,92,45,23.0,913.0,20999.0,2024-12-23
2024122301021735,BHPL,92,7,100.0,913.0,91300.0,2024-12-23
2024122301021734,BHPL,92,42,130.0,913.0,118690.0,2024-12-23
2024122301021733,BHPL,92,54,25.0,913.0,22825.0,2024-12-23
2024122301021732,BHPL,92,42,20.0,913.0,18260.0,2024-12-23
2024122301021731,BHPL,92,59,50.0,913.0,45650.0,2024-12-23
2024122301021730,BHPL,92,36,100.0,913.0,91300.0,2024-12-23
2024122301021729,BHPL,92,14,40.0,913.0,36520.0,2024-12-23
2024122304011709,UMRH,88,64,150.0,635.0,95250.0,2024-12-23
2024122305009708,CLI,14,68,40.0,671.0,26840.0,2024-12-23
2024122304011708,API,50,28,262.0,258.0,67596.0,2024-12-23
2024122304011707,SHPC,51,59,60.0,538.0,32280.0,2024-12-23
2024122301021728,BHL,56,28,100.0,380.0,38000.0,2024-12-23
2024122305009707,PHCL,38,29,10.0,540.0,5400.0,2024-12-23
2024122301021727,KBSH,77,55,10.0,2613.5,26135.0,2024-12-23
2024122304011706,API,35,42,10.0,258.9,2589.0,2024-12-23
2024122303011280,PROFL,45,59,490.0,640.0,313600.0,2024-12-23
2024122303011279,PROFL,45,14,150.0,640.0,96000.0,2024-12-23
2024122303011278,PROFL,45,19,60.0,639.9,38394.0,2024-12-23
2024122303011277,PROFL,45,54,50.0,639.0,31950.0,2024-12-23
2024122304011705,KKHC,48,45,500.0,381.0,190500.0,2024-12-23
2024122304011704,KKHC,56,45,10.0,381.5,3815.0,2024-12-23
2024122304011703,KKHC,56,45,10.0,381.5,3815.0,2024-12-23
2024122304011702,KKHC,35,45,45.0,381.5,17167.5,2024-12-23
2024122304011701,KKHC,35,47,435.0,381.5,165952.5,2024-12-23
2024122304011700,KKHC,55,47,100.0,381.6,38160.0,2024-12-23
2024122301021726,KBSH,34,55,10.0,2613.5,26135.0,2024-12-23
2024122305009706,MBJC,3,32,500.0,334.0,167000.0,2024-12-23
2024122303011276,MATRI,11,18,24.0,1240.0,29760.0,2024-12-23
2024122303011275,MATRI,46,18,76.0,1240.0,94240.0,2024-12-23
2024122304011699,KKHC,58,11,500.0,382.0,191000.0,2024-12-23
2024122303011274,SKBBL,17,36,253.0,924.0,233772.0,2024-12-23
2024122303011273,SKBBL,52,36,50.0,924.0,46200.0,2024-12-23
2024122305009705,NTC,69,49,313.0,942.0,294846.0,2024-12-23
2024122305009704,NTC,57,49,20.0,942.0,18840.0,2024-12-23
2024122304011698,NHPC,57,5,500.0,217.9,108950.0,2024-12-23
2024122301021725,MCHL,38,57,112.0,611.0,68432.0,2024-12-23
2024122301021724,MCHL,41,57,80.0,611.2,48896.0,2024-12-23
2024122301021723,MCHL,70,57,308.0,611.3,188280.4,2024-12-23
2024122301021722,MANDU,59,36,150.0,916.0,137400.0,2024-12-23
2024122301021721,MLBS,45,29,50.0,2065.6,103280.0,2024-12-23
2024122301021720,MBL,22,45,700.0,233.3,163310.0,2024-12-23
2024122301021719,MBL,45,45,100.0,233.4,23340.0,2024-12-23
2024122301021718,MBL,45,45,100.0,233.4,23340.0,2024-12-23
2024122304011697,SHPC,45,59,200.0,538.0,107600.0,2024-12-23
2024122305009703,NIFRA,34,25,50.0,247.0,12350.0,2024-12-23
2024122301021717,EHPL,3,54,25.0,774.9,19372.5,2024-12-23
2024122304011696,SHEL,21,32,10.0,240.4,2404.0,2024-12-23
2024122304011695,HPPL,14,8,425.0,412.0,175100.0,2024-12-23
2024122304011694,HPPL,14,8,75.0,411.0,30825.0,2024-12-23
2024122304011693,NLG,55,3,82.0,927.0,76014.0,2024-12-23
2024122304011692,HPPL,85,8,600.0,411.0,246600.0,2024-12-23
2024122304011691,NHDL,50,85,10.0,740.0,7400.0,2024-12-23
2024122304011690,SHPC,45,26,2000.0,537.3,1074600.0,2024-12-23
2024122304011689,HPPL,36,8,10.0,411.0,4110.0,2024-12-23
2024122304011688,HPPL,36,47,40.0,411.0,16440.0,2024-12-23
2024122301021716,NBL,13,45,200.0,262.2,52440.0,2024-12-23
2024122304011687,UPCL,47,58,65.0,273.0,17745.0,2024-12-23
2024122304011686,UMRH,94,64,10.0,635.0,6350.0,2024-12-23
2024122301021715,ULBSL,62,58,16.0,3900.0,62400.0,2024-12-23
2024122305009702,HRL,38,41,200.0,795.1,159020.0,2024-12-23
2024122303011272,SLBSL,95,62,498.0,1760.0,876480.0,2024-12-23
2024122303011271,SLBSL,60,62,201.0,1760.0,353760.0,2024-12-23
2024122303011270,SLBSL,66,62,10.0,1762.6,17626.0,2024-12-23
2024122303011269,SLBSL,57,62,10.0,1766.0,17660.0,2024-12-23
2024122303011268,SLBSL,66,62,50.0,1766.0,88300.0,2024-12-23
2024122303011267,SLBSL,58,62,20.0,1766.0,35320.0,2024-12-23
2024122303011266,SLBSL,43,62,40.0,1766.1,70644.0,2024-12-23
2024122303011265,SLBSL,58,62,100.0,1771.0,177100.0,2024-12-23
2024122303011264,SLBSL,66,62,20.0,1771.9,35438.0,2024-12-23
2024122303011263,SLBSL,45,62,51.0,1771.9,90366.9,2024-12-23
2024122301021714,CYCL,62,14,171.0,1588.0,271548.0,2024-12-23
2024122301021713,TVCL,25,44,25.0,548.0,13700.0,2024-12-23
2024122301021712,TVCL,22,44,10.0,548.0,5480.0,2024-12-23
2024122301021711,TVCL,22,44,200.0,548.0,109600.0,2024-12-23
2024122301021710,TVCL,8,44,300.0,548.1,164430.0,2024-12-23
2024122301021709,TVCL,8,44,15.0,548.1,8221.5,2024-12-23
2024122301021708,TVCL,74,44,350.0,548.2,191870.0,2024-12-23
2024122303011262,NLIC,22,49,20.0,763.0,15260.0,2024-12-23
2024122301021707,GVL,45,56,500.0,549.8,274900.0,2024-12-23
2024122301021706,GVL,45,56,210.0,549.7,115437.0,2024-12-23
2024122301021705,GVL,45,38,50.0,549.6,27480.0,2024-12-23
2024122305009701,NRIC,7,14,10.0,733.9,7339.0,2024-12-23
2024122301021704,IHL,81,43,500.0,701.0,350500.0,2024-12-23
2024122304011685,HDHPC,57,36,50.0,203.0,10150.0,2024-12-23
2024122304011684,HDHPC,42,36,100.0,203.0,20300.0,2024-12-23
2024122304011683,HDHPC,66,36,200.0,203.0,40600.0,2024-12-23
2024122304011682,HEI,91,49,10.0,624.0,6240.0,2024-12-23
2024122303011261,NUBL,34,56,10.0,681.0,6810.0,2024-12-23
2024122303011260,NLIC,34,49,500.0,763.0,381500.0,2024-12-23
2024122301021703,RAWA,34,6,200.0,799.0,159800.0,2024-12-23
2024122301021702,RAWA,34,60,665.0,798.0,530670.0,2024-12-23
2024122301021701,RAWA,34,34,131.0,797.9,104524.9,2024-12-23
2024122303011259,FMDBL,33,45,10.0,767.7,7677.0,2024-12-23
2024122301021700,NABIL,42,35,364.0,501.8,182655.2,2024-12-23
2024122301021699,MAKAR,36,6,117.0,630.0,73710.0,2024-12-23
2024122303011258,PROFL,57,56,81.0,635.0,51435.0,2024-12-23
2024122303011257,PROFL,56,56,751.0,635.0,476885.0,2024-12-23
2024122303011256,PROFL,50,56,200.0,635.1,127020.0,2024-12-23
2024122303011255,PROFL,16,56,200.0,635.1,127020.0,2024-12-23
2024122303011254,PROFL,34,56,100.0,635.2,63520.0,2024-12-23
2024122303011253,PROFL,35,56,40.0,635.2,25408.0,2024-12-23
2024122304011681,HURJA,16,62,500.0,231.0,115500.0,2024-12-23
2024122301021698,ULBSL,62,26,16.0,3900.0,62400.0,2024-12-23
2024122301021697,BEDC,14,13,265.0,701.2,185818.0,2024-12-23
2024122301021696,BEDC,70,13,100.0,706.0,70600.0,2024-12-23
2024122301021695,BEDC,70,13,17.0,706.0,12002.0,2024-12-23
2024122301021694,BEDC,74,13,118.0,707.1,83437.8,2024-12-23
2024122305009700,MBJC,29,32,50.0,334.0,16700.0,2024-12-23
2024122304011680,CGH,58,7,49.0,910.0,44590.0,2024-12-23
2024122303011252,NMFBS,58,32,34.0,1255.0,42670.0,2024-12-23
2024122304011679,NGPL,22,62,500.0,262.0,131000.0,2024-12-23
2024122303011251,HLI,57,64,100.0,448.0,44800.0,2024-12-23
2024122303011250,HLI,57,41,10.0,448.0,4480.0,2024-12-23
2024122303011249,HLI,57,54,10.0,448.0,4480.0,2024-12-23
2024122303011248,HLI,57,54,300.0,448.0,134400.0,2024-12-23
2024122303011247,HLI,57,37,50.0,447.9,22395.0,2024-12-23
2024122303011246,HLI,57,14,100.0,447.8,44780.0,2024-12-23
2024122301021693,BEDC,74,88,10.0,742.0,7420.0,2024-12-23
2024122303011245,GFCL,21,49,150.0,778.0,116700.0,2024-12-23
2024122303011244,GFCL,34,49,50.0,778.0,38900.0,2024-12-23
2024122303011243,GFCL,35,49,100.0,778.0,77800.0,2024-12-23
2024122303011242,GFCL,26,49,50.0,779.0,38950.0,2024-12-23
2024122303011241,GFCL,80,49,170.0,780.0,132600.0,2024-12-23
2024122303011240,GFCL,58,49,50.0,781.0,39050.0,2024-12-23
2024122303011239,GFCL,56,49,10.0,789.9,7899.0,2024-12-23
2024122304011678,SPDL,8,85,10.0,328.9,3289.0,2024-12-23
2024122304011677,AKJCL,49,35,40.0,201.0,8040.0,2024-12-23
2024122301021692,CITY,5,32,100.0,872.0,87200.0,2024-12-23
2024122303011238,BFC,57,91,340.0,709.0,241060.0,2024-12-23
2024122304011676,DHPL,49,43,500.0,319.4,159700.0,2024-12-23
2024122303011237,BFC,57,1,50.0,709.0,35450.0,2024-12-23
2024122303011236,WNLB,33,49,10.0,2560.1,25601.0,2024-12-23
2024122304011675,SHEL,21,14,790.0,240.4,189916.0,2024-12-23
2024122304011674,SHEL,85,14,210.0,240.5,50505.0,2024-12-23
2024122304011673,SSHL,25,18,30.0,235.9,7077.0,2024-12-23
2024122301021691,PRVU,38,63,3000.0,219.0,657000.0,2024-12-23
2024122304011672,API,50,75,233.0,258.0,60114.0,2024-12-23
2024122303011235,SLBSL,45,66,149.0,1771.9,264013.1,2024-12-23
2024122303011234,SLBSL,45,66,200.0,1772.0,354400.0,2024-12-23
2024122303011233,SLBSL,77,66,20.0,1773.8,35476.0,2024-12-23
2024122303011232,SLBSL,66,66,20.0,1775.0,35500.0,2024-12-23
2024122303011231,SLBSL,57,66,10.0,1780.0,17800.0,2024-12-23
2024122303011230,SLBSL,26,66,10.0,1780.0,17800.0,2024-12-23
2024122303011229,SLBSL,48,66,20.0,1789.0,35780.0,2024-12-23
2024122303011228,SLBSL,66,66,20.0,1790.0,35800.0,2024-12-23
2024122303011227,SLBSL,66,66,20.0,1790.0,35800.0,2024-12-23
2024122303011226,SLBSL,58,66,90.0,1793.1,161379.0,2024-12-23
2024122303011225,SLBSL,5,66,90.0,1794.0,161460.0,2024-12-23
2024122303011224,SLBSL,63,66,100.0,1797.0,179700.0,2024-12-23
2024122303011223,SLBSL,45,66,50.0,1801.0,90050.0,2024-12-23
2024122303011222,SLBSL,17,66,50.0,1802.1,90105.0,2024-12-23
2024122303011221,SLBSL,17,66,50.0,1806.1,90305.0,2024-12-23
2024122303011220,SLBSL,63,66,20.0,1807.0,36140.0,2024-12-23
2024122303011219,SLBSL,49,66,50.0,1808.0,90400.0,2024-12-23
2024122303011218,SLBSL,8,66,15.0,1810.0,27150.0,2024-12-23
2024122303011217,SLBSL,22,66,16.0,1811.0,28976.0,2024-12-23
2024122301021690,PPL,4,58,50.0,564.0,28200.0,2024-12-23
2024122301021689,PPL,4,1,10.0,564.0,5640.0,2024-12-23
2024122304011671,API,41,75,700.0,258.0,180600.0,2024-12-23
2024122304011670,API,36,75,500.0,258.0,129000.0,2024-12-23
2024122304011669,API,45,75,350.0,258.0,90300.0,2024-12-23
2024122304011668,API,22,75,100.0,258.0,25800.0,2024-12-23
2024122304011667,API,45,75,10.0,258.0,2580.0,2024-12-23
2024122304011666,API,35,75,10.0,258.0,2580.0,2024-12-23
2024122304011665,API,41,75,400.0,258.0,103200.0,2024-12-23
2024122304011664,API,72,75,483.0,258.0,124614.0,2024-12-23
2024122304011663,API,42,75,25.0,258.5,6462.5,2024-12-23
2024122301021688,KDL,45,58,60.0,1170.0,70200.0,2024-12-23
2024122301021687,KDL,48,58,10.0,1170.0,11700.0,2024-12-23
2024122301021686,KDL,85,58,50.0,1170.0,58500.0,2024-12-23
2024122301021685,KDL,57,58,50.0,1170.0,58500.0,2024-12-23
2024122301021684,KDL,38,58,100.0,1170.0,117000.0,2024-12-23
2024122301021683,KDL,57,58,10.0,1170.1,11701.0,2024-12-23
2024122301021682,KDL,77,58,550.0,1170.1,643555.0,2024-12-23
2024122301021681,KDL,17,58,10.0,1170.1,11701.0,2024-12-23
2024122301021680,KDL,53,58,50.0,1170.2,58510.0,2024-12-23
2024122301021679,KDL,16,58,100.0,1171.0,117100.0,2024-12-23
2024122301021678,KDL,54,58,10.0,1171.1,11711.0,2024-12-23
2024122301021677,NYADI,69,58,100.0,407.9,40790.0,2024-12-23
2024122304011662,AKJCL,10,41,600.0,200.5,120300.0,2024-12-23
2024122301021676,CKHL,14,41,50.0,799.0,39950.0,2024-12-23
2024122303011216,PMLI,49,91,228.0,518.0,118104.0,2024-12-23
2024122303011215,PMLI,49,91,472.0,518.0,244496.0,2024-12-23
2024122303011214,MPFL,45,18,150.0,697.9,104685.0,2024-12-23
2024122304011661,AKPL,34,62,622.0,237.4,147662.8,2024-12-23
2024122301021675,CZBIL,1,55,10.0,217.9,2179.0,2024-12-23
2024122301021674,SBI,34,26,100.0,427.7,42770.0,2024-12-23
2024122301021673,SBI,34,74,500.0,427.7,213850.0,2024-12-23
2024122303011213,RSDC,34,14,30.0,720.0,21600.0,2024-12-23
2024122301021672,USHEC,25,57,95.0,629.9,59840.5,2024-12-23
2024122304011660,UMHL,38,48,200.0,332.0,66400.0,2024-12-23
2024122304011659,AKJCL,10,11,70.0,200.5,14035.0,2024-12-23
2024122301021671,SMH,39,39,10.0,1022.0,10220.0,2024-12-23
2024122301021670,SMH,39,45,20.0,1014.3,20286.0,2024-12-23
2024122301021669,SMH,39,45,70.0,1014.0,70980.0,2024-12-23
2024122301021668,SMH,39,38,40.0,1014.0,40560.0,2024-12-23
2024122301021667,SMH,39,57,10.0,1012.0,10120.0,2024-12-23
2024122301021666,SMH,39,40,30.0,1010.0,30300.0,2024-12-23
2024122301021665,RHGCL,60,13,10.0,504.0,5040.0,2024-12-23
