transaction,symbol,buyer,seller,quantity,rate,amount,date
2024110601015688,GVL,56,20,10.0,550.0,5500.0,2024-11-06
2024110603015294,KRBL,14,6,10.0,688.8,6888.0,2024-11-06
2024110604013394,UPPER,14,64,100.0,215.9,21590.0,2024-11-06
2024110605010862,NRN,7,57,67.0,905.0,60635.0,2024-11-06
2024110605010861,NRN,7,66,152.0,905.0,137560.0,2024-11-06
2024110605010860,NRN,7,6,500.0,905.0,452500.0,2024-11-06
2024110605010859,NRN,7,1,10.0,905.0,9050.0,2024-11-06
2024110605010858,NRN,7,41,10.0,905.0,9050.0,2024-11-06
2024110605010857,NRN,7,51,200.0,904.9,180980.0,2024-11-06
2024110605010856,NRN,7,32,15.0,904.0,13560.0,2024-11-06
2024110605010855,NRN,7,14,46.0,904.0,41584.0,2024-11-06
2024110604013393,SALICO,33,64,10.0,773.7,7737.0,2024-11-06
2024110605010854,PHCL,74,45,10.0,608.0,6080.0,2024-11-06
2024110601015687,MKHC,49,4,10.0,390.0,3900.0,2024-11-06
2024110601015686,RHGCL,70,49,155.0,442.0,68510.0,2024-11-06
2024110604013392,CHL,26,47,10.0,357.4,3574.0,2024-11-06
2024110601015685,BHDC,5,58,10.0,636.0,6360.0,2024-11-06
2024110601015684,BHDC,5,42,50.0,635.0,31750.0,2024-11-06
2024110601015683,BHDC,5,97,10.0,635.0,6350.0,2024-11-06
2024110601015682,BHDC,5,42,10.0,635.0,6350.0,2024-11-06
2024110601015681,BHDC,5,51,10.0,635.0,6350.0,2024-11-06
2024110601015680,BHDC,5,26,10.0,634.9,6349.0,2024-11-06
2024110601015679,BHDC,5,42,10.0,633.5,6335.0,2024-11-06
2024110601015678,BHDC,5,26,50.0,633.4,31670.0,2024-11-06
2024110601015677,BHDC,5,1,10.0,633.4,6334.0,2024-11-06
2024110601015676,IHL,26,91,10.0,537.9,5379.0,2024-11-06
2024110601015675,DOLTI,62,62,10.0,624.0,6240.0,2024-11-06
2024110601015674,SBL,50,54,18.0,336.0,6048.0,2024-11-06
2024110601015673,SBL,50,17,52.0,336.0,17472.0,2024-11-06
2024110604013391,CHCL,50,48,11.0,589.8,6487.8,2024-11-06
2024110605010853,RNLI,88,34,90.0,517.0,46530.0,2024-11-06
2024110604013390,RADHI,60,45,10.0,402.0,4020.0,2024-11-06
2024110605010852,ILI,38,21,184.0,500.0,92000.0,2024-11-06
2024110605010851,ILI,26,21,16.0,500.1,8001.6,2024-11-06
2024110603015293,NMLBBL,56,98,10.0,778.0,7780.0,2024-11-06
2024110603015292,NFS,41,3,10.0,1421.9,14219.0,2024-11-06
2024110601015672,MKJC,34,41,60.0,485.0,29100.0,2024-11-06
2024110603015291,NFS,41,34,200.0,1421.9,284380.0,2024-11-06
2024110603015290,NFS,41,3,1250.0,1421.9,1777375.0,2024-11-06
2024110604013389,PPCL,34,65,10.0,264.5,2645.0,2024-11-06
2024110605010850,CIT,47,58,5.0,2177.0,10885.0,2024-11-06
2024110605010849,CIT,56,58,30.0,2178.0,65340.0,2024-11-06
2024110605010848,CIT,17,58,10.0,2178.0,21780.0,2024-11-06
2024110605010847,CIT,35,58,20.0,2178.0,43560.0,2024-11-06
2024110601015671,HHL,58,66,10.0,460.0,4600.0,2024-11-06
2024110601015670,RFPL,58,8,10.0,734.0,7340.0,2024-11-06
2024110605010846,HRL,58,48,200.0,870.0,174000.0,2024-11-06
2024110601015669,DORDI,58,53,10.0,466.0,4660.0,2024-11-06
2024110605010845,SMJC,58,36,10.0,593.5,5935.0,2024-11-06
2024110601015668,CITY,77,29,10.0,877.0,8770.0,2024-11-06
2024110601015667,CITY,77,45,10.0,877.0,8770.0,2024-11-06
2024110601015666,CITY,77,38,100.0,876.0,87600.0,2024-11-06
2024110601015665,CITY,77,51,150.0,875.0,131250.0,2024-11-06
2024110601015664,CITY,77,58,10.0,875.0,8750.0,2024-11-06
2024110601015663,CITY,77,38,200.0,875.0,175000.0,2024-11-06
2024110601015662,CITY,77,49,10.0,873.0,8730.0,2024-11-06
2024110601015661,CITY,77,58,10.0,873.0,8730.0,2024-11-06
2024110605010844,SMJC,10,36,50.0,593.5,29675.0,2024-11-06
2024110603015289,NFS,41,17,10.0,1421.9,14219.0,2024-11-06
2024110603015288,MPFL,43,38,100.0,755.0,75500.0,2024-11-06
2024110601015660,PRVU,62,17,719.0,242.2,174141.8,2024-11-06
2024110601015659,PRVU,57,17,100.0,242.2,24220.0,2024-11-06
2024110601015658,PRVU,32,17,500.0,242.5,121250.0,2024-11-06
2024110601015657,PRVU,45,17,50.0,242.5,12125.0,2024-11-06
2024110601015656,PRVU,45,17,300.0,242.5,72750.0,2024-11-06
2024110601015655,PRVU,22,17,20.0,242.5,4850.0,2024-11-06
2024110601015654,PRVU,63,17,1000.0,243.0,243000.0,2024-11-06
2024110601015653,PRVU,1,17,100.0,243.0,24300.0,2024-11-06
2024110601015652,PRVU,38,17,250.0,243.0,60750.0,2024-11-06
2024110601015651,PRVU,8,17,80.0,243.0,19440.0,2024-11-06
2024110601015650,PRVU,5,17,270.0,243.0,65610.0,2024-11-06
2024110601015649,PRVU,38,17,15.0,243.2,3648.0,2024-11-06
2024110603015287,KRBL,71,6,10.0,688.8,6888.0,2024-11-06
2024110605010843,PHCL,71,45,10.0,608.0,6080.0,2024-11-06
2024110604013388,UMHL,95,7,1000.0,357.0,357000.0,2024-11-06
2024110603015286,NFS,72,87,10.0,1425.0,14250.0,2024-11-06
2024110603015285,NFS,11,87,10.0,1425.0,14250.0,2024-11-06
2024110601015648,KBSH,8,41,11.0,2710.0,29810.0,2024-11-06
2024110604013387,SPDL,41,57,10.0,334.0,3340.0,2024-11-06
2024110604013386,BARUN,70,17,10.0,392.0,3920.0,2024-11-06
2024110604013385,HURJA,52,58,10.0,214.6,2146.0,2024-11-06
2024110603015284,BFC,58,45,30.0,653.0,19590.0,2024-11-06
2024110603015283,BFC,34,45,299.0,653.0,195247.0,2024-11-06
2024110604013384,GLH,45,33,81.0,251.3,20355.3,2024-11-06
2024110603015282,MATRI,45,25,10.0,1405.0,14050.0,2024-11-06
2024110601015647,MBL,39,38,10.0,251.7,2517.0,2024-11-06
2024110605010842,HIDCL,1,56,912.0,273.0,248976.0,2024-11-06
2024110605010841,CLI,42,86,111.0,681.3,75624.3,2024-11-06
2024110605010840,CLI,42,35,100.0,681.2,68120.0,2024-11-06
2024110605010839,CLI,42,14,1575.0,681.2,1072890.0,2024-11-06
2024110605010838,CLI,42,41,100.0,681.2,68120.0,2024-11-06
2024110605010837,CLI,42,10,10.0,681.2,6812.0,2024-11-06
2024110605010836,CLI,42,58,10.0,681.0,6810.0,2024-11-06
2024110605010835,CLI,42,49,10.0,681.0,6810.0,2024-11-06
2024110605010834,CLI,42,57,10.0,681.0,6810.0,2024-11-06
2024110605010833,CLI,42,32,10.0,681.0,6810.0,2024-11-06
2024110605010832,CLI,42,14,107.0,681.0,72867.0,2024-11-06
2024110605010831,CLI,42,20,10.0,680.5,6805.0,2024-11-06
2024110605010830,CLI,42,58,10.0,680.4,6804.0,2024-11-06
2024110605010829,CLI,42,58,10.0,680.4,6804.0,2024-11-06
2024110605010828,CLI,42,51,10.0,680.4,6804.0,2024-11-06
2024110605010827,CLI,42,13,20.0,680.4,13608.0,2024-11-06
2024110605010826,CLI,42,32,10.0,680.3,6803.0,2024-11-06
2024110605010825,CLI,42,17,500.0,680.3,340150.0,2024-11-06
2024110605010824,CLI,42,22,377.0,680.0,256360.0,2024-11-06
2024110605010823,CLI,42,58,10.0,675.0,6750.0,2024-11-06
2024110604013383,UAIL,34,4,10.0,687.1,6871.0,2024-11-06
2024110601015646,USHEC,25,48,10.0,571.0,5710.0,2024-11-06
2024110603015281,GMFIL,14,25,20.0,648.9,12978.0,2024-11-06
2024110604013382,API,57,14,1045.0,289.7,302736.5,2024-11-06
2024110604013381,API,41,14,100.0,289.8,28980.0,2024-11-06
2024110604013380,API,50,14,2000.0,289.8,579600.0,2024-11-06
2024110604013379,API,41,14,20.0,289.8,5796.0,2024-11-06
2024110604013378,API,75,14,150.0,289.8,43470.0,2024-11-06
2024110604013377,API,49,14,1000.0,289.8,289800.0,2024-11-06
2024110604013376,API,58,14,185.0,289.9,53631.5,2024-11-06
2024110601015645,HIDCLP,42,14,242.0,182.4,44140.8,2024-11-06
2024110601015644,HIDCLP,52,14,100.0,182.4,18240.0,2024-11-06
2024110601015643,HIDCLP,43,14,1180.0,182.5,215350.0,2024-11-06
2024110603015280,SINDU,14,49,30.0,729.0,21870.0,2024-11-06
2024110603015279,SINDU,14,19,20.0,726.0,14520.0,2024-11-06
2024110601015642,MAKAR,65,49,350.0,596.2,208670.0,2024-11-06
2024110604013375,SSHL,49,22,50.0,222.8,11140.0,2024-11-06
2024110604013374,HDHPC,49,38,50.0,213.0,10650.0,2024-11-06
2024110604013373,HDHPC,49,35,751.0,213.0,159963.0,2024-11-06
2024110604013372,HDHPC,49,48,50.0,212.9,10645.0,2024-11-06
2024110603015278,NFS,41,99,50.0,1421.9,71095.0,2024-11-06
2024110603015277,SLBBL,36,77,10.0,976.9,9769.0,2024-11-06
2024110604013371,SSHL,26,22,10.0,222.8,2228.0,2024-11-06
2024110604013370,UMHL,62,49,900.0,359.9,323910.0,2024-11-06
2024110604013369,UMHL,62,63,500.0,359.8,179900.0,2024-11-06
2024110604013368,UMHL,62,21,600.0,359.0,215400.0,2024-11-06
2024110601015641,RAWA,57,62,350.0,788.1,275835.0,2024-11-06
2024110603015276,SLBSL,4,62,10.0,1366.0,13660.0,2024-11-06
2024110603015275,HLBSL,62,40,30.0,968.0,29040.0,2024-11-06
2024110601015640,RFPL,62,39,100.0,747.0,74700.0,2024-11-06
2024110603015274,MLBBL,36,50,80.0,1805.0,144400.0,2024-11-06
2024110603015273,ICFC,53,32,100.0,793.0,79300.0,2024-11-06
2024110603015272,NFS,41,87,250.0,1421.9,355475.0,2024-11-06
2024110601015639,DOLTI,91,62,10.0,624.0,6240.0,2024-11-06
2024110605010822,NRIC,34,56,10.0,794.0,7940.0,2024-11-06
2024110601015638,MEHL,56,7,10.0,411.9,4119.0,2024-11-06
2024110601015637,HBL,56,14,10.0,251.0,2510.0,2024-11-06
2024110605010821,HATHY,69,49,22.0,1329.0,29238.0,2024-11-06
2024110605010820,HATHY,69,50,50.0,1329.0,66450.0,2024-11-06
2024110605010819,HATHY,69,98,68.0,1327.0,90236.0,2024-11-06
2024110605010818,HATHY,69,11,10.0,1326.0,13260.0,2024-11-06
2024110605010817,HATHY,69,16,100.0,1325.0,132500.0,2024-11-06
2024110605010816,HATHY,69,38,50.0,1322.0,66100.0,2024-11-06
2024110601015636,MKJC,34,41,10.0,485.0,4850.0,2024-11-06
2024110601015635,MKJC,34,38,40.0,484.9,19396.0,2024-11-06
2024110601015634,KBSH,40,35,29.0,2671.0,77459.0,2024-11-06
2024110601015633,KBSH,81,35,21.0,2700.0,56700.0,2024-11-06
2024110601015632,RAWA,35,57,10.0,788.5,7885.0,2024-11-06
2024110601015631,NYADI,58,95,10.0,317.0,3170.0,2024-11-06
2024110604013367,NHDL,85,55,20.0,605.0,12100.0,2024-11-06
2024110605010815,HIDCL,57,56,100.0,273.0,27300.0,2024-11-06
2024110605010814,SAHAS,57,49,90.0,537.0,48330.0,2024-11-06
2024110605010813,SAHAS,57,43,10.0,536.8,5368.0,2024-11-06
2024110603015271,JSLBB,57,57,10.0,1505.0,15050.0,2024-11-06
2024110603015270,JSLBB,50,57,15.0,1505.1,22576.5,2024-11-06
2024110603015269,JSLBB,48,57,100.0,1506.0,150600.0,2024-11-06
2024110603015268,JSLBB,59,57,26.0,1506.0,39156.0,2024-11-06
2024110603015267,JSLBB,29,57,128.0,1506.1,192780.8,2024-11-06
2024110603015266,JSLBB,57,57,50.0,1506.2,75310.0,2024-11-06
2024110605010812,PHCL,65,58,5659.0,612.0,3463308.0,2024-11-06
2024110605010811,PHCL,65,65,500.0,610.0,305000.0,2024-11-06
2024110605010810,PHCL,65,44,1975.0,610.0,1204750.0,2024-11-06
2024110605010809,PHCL,65,65,1866.0,600.0,1119600.0,2024-11-06
2024110603015265,VLBS,43,34,50.0,883.0,44150.0,2024-11-06
2024110603015264,ICFC,70,13,70.0,789.1,55237.0,2024-11-06
2024110603015263,ICFC,98,13,150.0,789.2,118380.0,2024-11-06
2024110603015262,ICFC,16,13,500.0,790.0,395000.0,2024-11-06
2024110603015261,ICFC,43,13,140.0,790.0,110600.0,2024-11-06
2024110603015260,ICFC,38,13,50.0,790.0,39500.0,2024-11-06
2024110603015259,ICFC,57,13,10.0,790.0,7900.0,2024-11-06
2024110603015258,ICFC,45,13,100.0,790.1,79010.0,2024-11-06
2024110603015257,ICFC,65,13,100.0,790.1,79010.0,2024-11-06
2024110603015256,ICFC,18,13,100.0,790.2,79020.0,2024-11-06
2024110603015255,ICFC,34,13,10.0,790.2,7902.0,2024-11-06
2024110603015254,ICFC,58,13,100.0,791.0,79100.0,2024-11-06
2024110603015253,ICFC,41,13,20.0,791.0,15820.0,2024-11-06
2024110603015252,ICFC,67,13,50.0,791.1,39555.0,2024-11-06
2024110603015251,ICFC,16,13,100.0,791.5,79150.0,2024-11-06
2024110603015250,SLBSL,50,72,10.0,1366.1,13661.0,2024-11-06
2024110601015630,BGWT,52,47,60.0,935.0,56100.0,2024-11-06
2024110601015629,BGWT,3,47,100.0,936.0,93600.0,2024-11-06
2024110601015628,BGWT,47,47,90.0,937.0,84330.0,2024-11-06
2024110601015627,BGWT,58,47,100.0,937.0,93700.0,2024-11-06
2024110601015626,BGWT,34,47,100.0,938.0,93800.0,2024-11-06
2024110604013366,UMRH,29,34,10.0,492.9,4929.0,2024-11-06
2024110604013365,UMRH,29,41,24.0,490.0,11760.0,2024-11-06
2024110605010808,SONA,8,42,10.0,478.5,4785.0,2024-11-06
2024110604013364,KPCL,41,55,300.0,500.0,150000.0,2024-11-06
2024110601015625,DOLTI,63,62,10.0,624.0,6240.0,2024-11-06
2024110605010807,MEL,16,26,500.0,299.0,149500.0,2024-11-06
2024110601015624,LSL,47,52,480.0,243.1,116688.0,2024-11-06
2024110601015623,LSL,38,52,520.0,243.2,126464.0,2024-11-06
2024110603015249,NFS,41,39,200.0,1421.9,284380.0,2024-11-06
2024110603015248,EDBL,45,14,10.0,679.0,6790.0,2024-11-06
2024110604013363,UPCL,22,36,10.0,270.9,2709.0,2024-11-06
2024110601015622,HHL,56,22,50.0,458.1,22905.0,2024-11-06
2024110603015247,NFS,22,45,80.0,1425.0,114000.0,2024-11-06
2024110603015246,NFS,22,41,50.0,1424.0,71200.0,2024-11-06
2024110603015245,NFS,22,39,50.0,1423.0,71150.0,2024-11-06
2024110603015244,NFS,22,66,100.0,1423.0,142300.0,2024-11-06
2024110603015243,NFS,22,43,15.0,1422.9,21343.5,2024-11-06
2024110603015242,NFS,22,6,100.0,1422.0,142200.0,2024-11-06
2024110603015241,NFS,22,54,200.0,1422.0,284400.0,2024-11-06
2024110603015240,NFS,22,28,900.0,1422.0,1279800.0,2024-11-06
2024110605010806,MEL,1,26,50.0,299.0,14950.0,2024-11-06
2024110604013362,TRH,42,17,10.0,1138.9,11389.0,2024-11-06
2024110604013361,TRH,42,34,15.0,1130.0,16950.0,2024-11-06
2024110604013360,TRH,42,38,25.0,1130.0,28250.0,2024-11-06
2024110601015621,TAMOR,58,64,110.0,525.0,57750.0,2024-11-06
2024110604013359,SHEL,37,4,90.0,246.0,22140.0,2024-11-06
2024110604013358,SHEL,21,4,800.0,247.0,197600.0,2024-11-06
2024110604013357,SHEL,42,4,160.0,248.0,39680.0,2024-11-06
2024110604013356,SHEL,52,4,100.0,248.0,24800.0,2024-11-06
2024110603015239,WNLB,32,38,10.0,2525.0,25250.0,2024-11-06
2024110603015238,SHINE,7,4,10.0,485.0,4850.0,2024-11-06
2024110604013355,SPDL,33,57,10.0,334.0,3340.0,2024-11-06
2024110603015237,NFS,41,49,100.0,1421.9,142190.0,2024-11-06
2024110604013354,KKHC,49,34,100.0,296.0,29600.0,2024-11-06
2024110601015620,SPC,49,55,10.0,498.0,4980.0,2024-11-06
2024110605010805,SMATA,38,26,40.0,890.0,35600.0,2024-11-06
2024110605010804,SMATA,54,26,10.0,890.1,8901.0,2024-11-06
2024110601015619,KBL,35,49,1900.0,226.6,430540.0,2024-11-06
2024110601015618,KBL,16,49,100.0,226.9,22690.0,2024-11-06
2024110601015617,TVCL,46,81,14.0,490.0,6860.0,2024-11-06
2024110603015236,MDB,62,3,100.0,649.0,64900.0,2024-11-06
2024110604013353,SGIC,62,4,10.0,756.0,7560.0,2024-11-06
2024110604013352,KKHC,62,34,200.0,295.5,59100.0,2024-11-06
2024110601015616,SPL,88,5,10.0,860.0,8600.0,2024-11-06
2024110601015615,SPL,88,58,10.0,859.9,8599.0,2024-11-06
2024110601015614,SPL,88,34,10.0,857.0,8570.0,2024-11-06
2024110603015235,MDB,62,3,10.0,649.0,6490.0,2024-11-06
2024110601015613,RFPL,62,39,164.0,747.0,122508.0,2024-11-06
2024110601015612,RFPL,62,42,1000.0,688.3,688300.0,2024-11-06
2024110601015611,RFPL,62,57,430.0,688.0,295840.0,2024-11-06
2024110601015610,RFPL,62,34,10.0,686.4,6864.0,2024-11-06
2024110601015609,RFPL,62,36,110.0,686.0,75460.0,2024-11-06
2024110601015608,RFPL,62,22,300.0,683.4,205020.0,2024-11-06
2024110601015607,RFPL,62,48,50.0,683.4,34170.0,2024-11-06
2024110601015606,RFPL,62,94,40.0,683.4,27336.0,2024-11-06
2024110601015605,RFPL,62,41,50.0,682.4,34120.0,2024-11-06
2024110601015604,RFPL,62,8,148.0,681.3,100832.4,2024-11-06
2024110601015603,RFPL,62,35,200.0,681.3,136260.0,2024-11-06
2024110601015602,RFPL,62,44,100.0,681.3,68130.0,2024-11-06
2024110601015601,RFPL,62,8,300.0,681.2,204360.0,2024-11-06
2024110601015600,RFPL,62,52,50.0,681.0,34050.0,2024-11-06
2024110601015599,RFPL,62,35,10.0,681.0,6810.0,2024-11-06
2024110601015598,RFPL,62,69,500.0,681.0,340500.0,2024-11-06
2024110601015597,RFPL,62,11,280.0,680.3,190484.0,2024-11-06
2024110601015596,RFPL,62,51,20.0,680.2,13604.0,2024-11-06
2024110601015595,RFPL,62,16,60.0,680.2,40812.0,2024-11-06
2024110601015594,RFPL,62,58,10.0,680.0,6800.0,2024-11-06
2024110601015593,RFPL,62,38,588.0,680.0,399840.0,2024-11-06
2024110601015592,RFPL,62,58,680.0,680.0,462400.0,2024-11-06
2024110601015591,RFPL,62,58,10.0,680.0,6800.0,2024-11-06
2024110601015590,RFPL,62,44,10.0,680.0,6800.0,2024-11-06
2024110601015589,RFPL,62,49,10.0,680.0,6800.0,2024-11-06
2024110601015588,RFPL,62,58,10.0,680.0,6800.0,2024-11-06
2024110601015587,RFPL,62,42,40.0,680.0,27200.0,2024-11-06
2024110601015586,RFPL,62,64,100.0,679.9,67990.0,2024-11-06
2024110601015585,RFPL,62,57,10.0,679.0,6790.0,2024-11-06
2024110601015584,RFPL,62,34,10.0,679.0,6790.0,2024-11-06
2024110601015583,RFPL,62,40,10.0,675.0,6750.0,2024-11-06
2024110601015582,RFPL,62,21,10.0,675.0,6750.0,2024-11-06
2024110601015581,RFPL,62,21,20.0,675.0,13500.0,2024-11-06
2024110601015580,RFPL,62,53,10.0,674.0,6740.0,2024-11-06
2024110601015579,RFPL,62,38,10.0,672.0,6720.0,2024-11-06
2024110601015578,RFPL,62,58,10.0,670.0,6700.0,2024-11-06
2024110601015577,RFPL,62,48,10.0,670.0,6700.0,2024-11-06
2024110601015576,RFPL,62,42,120.0,667.0,80040.0,2024-11-06
2024110603015234,ALICL,62,33,10.0,763.0,7630.0,2024-11-06
2024110601015575,SMH,60,35,10.0,1203.8,12038.0,2024-11-06
2024110601015574,SMH,60,45,40.0,1200.0,48000.0,2024-11-06
2024110603015233,JFL,48,18,150.0,790.4,118560.0,2024-11-06
2024110603015232,CFCL,91,60,10.0,689.0,6890.0,2024-11-06
2024110605010803,GCIL,21,91,10.0,498.5,4985.0,2024-11-06
2024110604013351,UMHL,75,69,614.0,356.2,218706.8,2024-11-06
2024110604013350,UMHL,48,69,500.0,356.2,178100.0,2024-11-06
2024110604013349,UMHL,36,69,65.0,356.3,23159.5,2024-11-06
2024110604013348,UMHL,26,69,50.0,356.5,17825.0,2024-11-06
2024110604013347,UMHL,16,69,30.0,357.0,10710.0,2024-11-06
2024110604013346,UMHL,25,69,100.0,357.0,35700.0,2024-11-06
2024110604013345,UMHL,36,69,560.0,357.0,199920.0,2024-11-06
2024110604013344,UMHL,58,69,374.0,357.0,133518.0,2024-11-06
2024110604013343,UMHL,75,69,990.0,357.2,353628.0,2024-11-06
2024110604013342,UMHL,42,69,55.0,358.0,19690.0,2024-11-06
2024110604013341,UPPER,75,1,200.0,216.0,43200.0,2024-11-06
2024110603015231,NUBL,34,45,10.0,725.0,7250.0,2024-11-06
2024110603015230,ALICL,50,34,208.0,756.5,157352.0,2024-11-06
2024110603015229,ALICL,3,34,132.0,756.5,99858.0,2024-11-06
2024110603015228,ALICL,45,34,1500.0,757.0,1135500.0,2024-11-06
2024110601015573,SPHL,34,57,10.0,673.8,6738.0,2024-11-06
2024110603015227,NFS,41,55,100.0,1421.9,142190.0,2024-11-06
2024110601015572,PCBL,58,85,50.0,279.5,13975.0,2024-11-06
2024110605010802,NMB50,7,58,5000.0,10.34,51700.0,2024-11-06
2024110601015571,RAWA,40,57,10.0,788.5,7885.0,2024-11-06
2024110605010801,NRM,36,49,10.0,447.0,4470.0,2024-11-06
2024110605010800,NRM,36,11,10.0,446.0,4460.0,2024-11-06
2024110605010799,NRM,36,42,20.0,445.2,8904.0,2024-11-06
2024110601015570,AVYAN,17,35,30.0,915.0,27450.0,2024-11-06
2024110601015569,AVYAN,17,38,30.0,914.9,27447.0,2024-11-06
2024110601015568,AVYAN,17,49,10.0,913.0,9130.0,2024-11-06
2024110601015567,AVYAN,17,42,50.0,913.0,45650.0,2024-11-06
2024110601015566,AVYAN,17,37,10.0,911.0,9110.0,2024-11-06
2024110601015565,RAWA,57,57,120.0,788.5,94620.0,2024-11-06
2024110601015564,RHGCL,70,57,242.0,442.0,106964.0,2024-11-06
2024110604013340,HDHPC,46,57,200.0,212.0,42400.0,2024-11-06
2024110604013339,CHCL,69,65,300.0,584.6,175380.0,2024-11-06
2024110604013338,CHCL,6,65,200.0,585.0,117000.0,2024-11-06
2024110604013337,CHCL,6,65,200.0,585.0,117000.0,2024-11-06
2024110604013336,CHCL,34,65,100.0,585.0,58500.0,2024-11-06
2024110604013335,RURU,6,29,20.0,757.0,15140.0,2024-11-06
2024110604013334,RURU,6,57,95.0,754.0,71630.0,2024-11-06
2024110601015563,ULHC,90,41,10.0,427.9,4279.0,2024-11-06
2024110605010798,HATHY,57,11,10.0,1320.2,13202.0,2024-11-06
2024110603015226,SHINE,1,29,465.0,481.4,223851.0,2024-11-06
2024110603015225,SHINE,34,29,10.0,481.4,4814.0,2024-11-06
2024110603015224,SHINE,7,29,110.0,481.5,52965.0,2024-11-06
2024110603015223,SHINE,46,29,200.0,481.5,96300.0,2024-11-06
2024110603015222,SHINE,18,29,70.0,482.0,33740.0,2024-11-06
2024110603015221,SHINE,57,29,45.0,482.1,21694.5,2024-11-06
2024110604013333,NHPC,8,57,100.0,224.2,22420.0,2024-11-06
2024110604013332,SGIC,41,92,378.0,755.9,285730.2,2024-11-06
2024110601015562,PPL,86,46,10.0,485.0,4850.0,2024-11-06
2024110601015561,DOLTI,70,21,10.0,624.0,6240.0,2024-11-06
2024110601015560,NABIL,52,29,20.0,564.6,11292.0,2024-11-06
2024110604013331,SGIC,41,76,100.0,755.0,75500.0,2024-11-06
2024110605010797,PHCL,67,65,2134.0,600.0,1280400.0,2024-11-06
2024110605010796,PHCL,67,10,10.0,590.5,5905.0,2024-11-06
2024110605010795,PHCL,67,42,10.0,589.5,5895.0,2024-11-06
2024110605010794,PHCL,67,7,500.0,589.5,294750.0,2024-11-06
2024110605010793,PHCL,67,49,100.0,589.5,58950.0,2024-11-06
2024110605010792,PHCL,67,47,2000.0,589.5,1179000.0,2024-11-06
2024110605010791,PHCL,67,34,50.0,589.5,29475.0,2024-11-06
2024110605010790,PHCL,67,16,1050.0,589.5,618975.0,2024-11-06
2024110605010789,PHCL,67,14,200.0,589.5,117900.0,2024-11-06
2024110605010788,PHCL,67,47,1500.0,589.5,884250.0,2024-11-06
2024110605010787,PHCL,67,4,10.0,589.5,5895.0,2024-11-06
2024110605010786,PHCL,67,58,100.0,589.5,58950.0,2024-11-06
2024110605010785,PHCL,67,36,100.0,589.5,58950.0,2024-11-06
2024110605010784,PHCL,67,41,100.0,589.5,58950.0,2024-11-06
2024110605010783,PHCL,67,38,100.0,589.5,58950.0,2024-11-06
2024110605010782,PHCL,67,34,300.0,589.5,176850.0,2024-11-06
2024110605010781,PHCL,67,68,100.0,589.5,58950.0,2024-11-06
2024110605010780,PHCL,67,57,100.0,589.5,58950.0,2024-11-06
2024110605010779,PHCL,67,58,500.0,589.0,294500.0,2024-11-06
2024110605010778,PHCL,67,6,10.0,589.0,5890.0,2024-11-06
2024110605010777,PHCL,67,7,100.0,588.7,58870.0,2024-11-06
2024110605010776,PHCL,67,13,150.0,588.7,88305.0,2024-11-06
2024110605010775,PHCL,67,49,50.0,588.6,29430.0,2024-11-06
2024110605010774,PHCL,67,58,476.0,588.6,280173.6,2024-11-06
2024110605010773,PHCL,67,45,900.0,588.6,529740.0,2024-11-06
2024110605010772,PHCL,67,41,325.0,588.6,191295.0,2024-11-06
2024110605010771,PHCL,67,39,145.0,588.6,85347.0,2024-11-06
2024110605010770,PHCL,67,36,1000.0,588.6,588600.0,2024-11-06
2024110605010769,PHCL,67,41,10.0,588.6,5886.0,2024-11-06
2024110605010768,PHCL,67,42,500.0,588.0,294000.0,2024-11-06
2024110605010767,PHCL,67,58,50.0,588.0,29400.0,2024-11-06
2024110605010766,PHCL,67,58,110.0,588.0,64680.0,2024-11-06
2024110605010765,PHCL,67,5,10.0,588.0,5880.0,2024-11-06
2024110605010764,PHCL,67,19,100.0,588.0,58800.0,2024-11-06
2024110605010763,PHCL,67,17,50.0,588.0,29400.0,2024-11-06
2024110605010762,PHCL,67,8,10.0,588.0,5880.0,2024-11-06
2024110605010761,PHCL,67,58,100.0,587.9,58790.0,2024-11-06
2024110605010760,PHCL,67,38,1000.0,587.5,587500.0,2024-11-06
2024110605010759,PHCL,67,14,900.0,587.0,528300.0,2024-11-06
2024110605010758,PHCL,67,51,200.0,587.0,117400.0,2024-11-06
2024110605010757,PHCL,67,95,100.0,587.0,58700.0,2024-11-06
2024110605010756,PHCL,67,34,50.0,587.0,29350.0,2024-11-06
2024110605010755,PHCL,67,70,40.0,587.0,23480.0,2024-11-06
2024110605010754,PHCL,67,14,450.0,587.0,264150.0,2024-11-06
2024110605010753,PHCL,67,58,100.0,587.0,58700.0,2024-11-06
2024110605010752,PHCL,67,14,100.0,587.0,58700.0,2024-11-06
2024110605010751,PHCL,67,14,1000.0,587.0,587000.0,2024-11-06
2024110605010750,PHCL,67,1,1125.0,587.0,660375.0,2024-11-06
2024110605010749,PHCL,67,49,15.0,587.0,8805.0,2024-11-06
2024110605010748,PHCL,67,53,100.0,587.0,58700.0,2024-11-06
2024110605010747,PHCL,67,45,500.0,586.0,293000.0,2024-11-06
2024110605010746,PHCL,67,58,20.0,585.0,11700.0,2024-11-06
2024110605010745,PHCL,67,38,10.0,585.0,5850.0,2024-11-06
2024110605010744,PHCL,67,49,10.0,585.0,5850.0,2024-11-06
2024110605010743,PHCL,67,8,10.0,585.0,5850.0,2024-11-06
2024110605010742,PHCL,67,41,50.0,585.0,29250.0,2024-11-06
2024110605010741,PHCL,67,42,20.0,585.0,11700.0,2024-11-06
2024110605010740,PHCL,67,95,100.0,580.0,58000.0,2024-11-06
2024110605010739,PHCL,67,50,500.0,580.0,290000.0,2024-11-06
2024110605010738,PHCL,67,5,10.0,580.0,5800.0,2024-11-06
2024110605010737,PHCL,67,35,250.0,580.0,145000.0,2024-11-06
2024110605010736,PHCL,67,45,50.0,580.0,29000.0,2024-11-06
2024110605010735,PHCL,67,42,10.0,580.0,5800.0,2024-11-06
2024110605010734,PHCL,67,59,10.0,580.0,5800.0,2024-11-06
2024110605010733,PHCL,67,45,10.0,580.0,5800.0,2024-11-06
2024110605010732,PHCL,67,4,10.0,580.0,5800.0,2024-11-06
2024110605010731,PHCL,67,7,10.0,578.0,5780.0,2024-11-06
2024110605010730,PHCL,67,49,180.0,578.0,104040.0,2024-11-06
2024110601015559,RHGCL,45,35,111.0,443.0,49173.0,2024-11-06
2024110601015558,TVCL,45,81,10.0,490.0,4900.0,2024-11-06
2024110604013330,DHPL,28,42,940.0,261.0,245340.0,2024-11-06
2024110604013329,DHPL,62,42,50.0,261.1,13055.0,2024-11-06
2024110604013328,DHPL,43,42,10.0,262.0,2620.0,2024-11-06
2024110603015220,RLFL,42,32,403.0,670.0,270010.0,2024-11-06
2024110603015219,RLFL,45,32,200.0,670.0,134000.0,2024-11-06
2024110603015218,RLFL,43,32,193.0,670.0,129310.0,2024-11-06
2024110603015217,RLFL,35,32,700.0,670.1,469070.0,2024-11-06
2024110601015557,MANDU,14,57,20.0,900.0,18000.0,2024-11-06
2024110601015556,MANDU,14,57,10.0,900.0,9000.0,2024-11-06
2024110601015555,MANDU,14,13,20.0,899.0,17980.0,2024-11-06
2024110601015554,MANDU,14,13,50.0,898.0,44900.0,2024-11-06
2024110603015216,JBBL,33,52,100.0,362.0,36200.0,2024-11-06
2024110601015553,BHPL,13,48,10.0,684.1,6841.0,2024-11-06
2024110603015215,SFCL,74,48,81.0,848.9,68760.9,2024-11-06
2024110603015214,SLBBL,1,91,104.0,973.0,101192.0,2024-11-06
2024110603015213,SLBBL,1,91,10.0,973.3,9733.0,2024-11-06
2024110603015212,SLBBL,100,91,873.0,973.5,849865.5,2024-11-06
2024110603015211,SLBBL,62,91,200.0,973.6,194720.0,2024-11-06
2024110603015210,SLBBL,57,91,75.0,974.0,73050.0,2024-11-06
2024110604013327,OHL,21,62,20.0,948.0,18960.0,2024-11-06
2024110605010729,MBJC,17,34,90.0,337.0,30330.0,2024-11-06
2024110601015552,MEHL,55,7,40.0,411.9,16476.0,2024-11-06
2024110601015551,MEHL,55,57,60.0,411.0,24660.0,2024-11-06
2024110603015209,NFS,41,58,170.0,1421.9,241723.0,2024-11-06
2024110601015550,MSHL,28,40,30.0,932.0,27960.0,2024-11-06
2024110601015549,MEHL,58,57,240.0,411.0,98640.0,2024-11-06
2024110601015548,MEHL,58,34,260.0,411.0,106860.0,2024-11-06
2024110603015208,SFCL,74,36,30.0,848.9,25467.0,2024-11-06
2024110603015207,GFCL,43,38,40.0,1020.0,40800.0,2024-11-06
2024110603015206,GFCL,81,38,34.0,1020.0,34680.0,2024-11-06
2024110601015547,RAWA,14,57,10.0,788.5,7885.0,2024-11-06
2024110603015205,CFCL,57,60,10.0,689.0,6890.0,2024-11-06
2024110601015546,USHL,58,11,200.0,778.0,155600.0,2024-11-06
2024110603015204,NFS,41,72,10.0,1421.9,14219.0,2024-11-06
2024110603015203,NFS,41,49,100.0,1420.0,142000.0,2024-11-06
2024110601015545,SRLI,38,16,258.0,451.0,116358.0,2024-11-06
2024110601015544,SRLI,38,16,20.0,451.0,9020.0,2024-11-06
2024110603015202,NFS,41,58,40.0,1420.0,56800.0,2024-11-06
2024110601015543,SRLI,4,16,50.0,451.0,22550.0,2024-11-06
2024110601015542,SRLI,33,16,50.0,451.0,22550.0,2024-11-06
2024110603015201,NFS,41,54,50.0,1420.0,71000.0,2024-11-06
2024110601015541,SRLI,10,16,50.0,451.1,22555.0,2024-11-06
2024110601015540,SRLI,38,16,352.0,451.2,158822.4,2024-11-06
2024110603015200,NFS,41,28,415.0,1411.0,585565.0,2024-11-06
2024110601015539,SRLI,54,16,300.0,452.0,135600.0,2024-11-06
2024110601015538,SRLI,34,16,300.0,452.0,135600.0,2024-11-06
2024110603015199,NFS,41,43,350.0,1410.0,493500.0,2024-11-06
2024110601015537,SRLI,34,16,490.0,452.5,221725.0,2024-11-06
2024110603015198,NFS,41,43,350.0,1410.0,493500.0,2024-11-06
2024110601015536,SRLI,25,16,130.0,452.6,58838.0,2024-11-06
2024110603015197,NFS,41,43,350.0,1410.0,493500.0,2024-11-06
2024110603015196,NFS,41,43,350.0,1410.0,493500.0,2024-11-06
2024110603015195,NFS,41,25,70.0,1408.5,98595.0,2024-11-06
2024110603015194,NFS,41,74,500.0,1407.0,703500.0,2024-11-06
2024110603015193,NFS,41,28,1000.0,1406.0,1406000.0,2024-11-06
2024110603015192,NFS,41,19,37.0,1405.0,51985.0,2024-11-06
2024110603015191,NFS,41,28,877.0,1400.0,1227800.0,2024-11-06
2024110604013326,SHL,39,62,100.0,568.0,56800.0,2024-11-06
2024110601015535,NABIL,42,45,180.0,564.0,101520.0,2024-11-06
2024110601015534,NABIL,11,45,136.0,564.1,76717.6,2024-11-06
2024110601015533,NABIL,51,45,20.0,564.2,11284.0,2024-11-06
2024110603015190,BFC,34,22,130.0,653.0,84890.0,2024-11-06
2024110603015189,BFC,25,22,50.0,653.1,32655.0,2024-11-06
2024110601015532,KBL,16,1,400.0,226.9,90760.0,2024-11-06
2024110601015531,EHPL,42,64,10.0,826.5,8265.0,2024-11-06
2024110601015530,EHPL,42,41,10.0,819.0,8190.0,2024-11-06
2024110601015529,EHPL,42,45,10.0,819.0,8190.0,2024-11-06
2024110605010728,VLUCL,39,42,20.0,608.4,12168.0,2024-11-06
2024110605010727,VLUCL,58,42,50.0,608.4,30420.0,2024-11-06
2024110605010726,VLUCL,6,42,10.0,608.5,6085.0,2024-11-06
2024110605010725,VLUCL,21,42,10.0,608.5,6085.0,2024-11-06
2024110605010724,VLUCL,58,42,50.0,609.0,30450.0,2024-11-06
2024110605010723,VLUCL,58,42,10.0,609.2,6092.0,2024-11-06
2024110605010722,VLUCL,39,42,20.0,610.0,12200.0,2024-11-06
2024110605010721,VLUCL,88,42,25.0,610.0,15250.0,2024-11-06
2024110604013325,DHPL,42,38,50.0,262.9,13145.0,2024-11-06
2024110603015188,NFS,25,28,100.0,1400.0,140000.0,2024-11-06
2024110603015187,NFS,25,3,100.0,1399.0,139900.0,2024-11-06
2024110601015528,SBI,38,14,82.0,477.0,39114.0,2024-11-06
2024110601015527,SBI,32,14,50.0,477.0,23850.0,2024-11-06
2024110601015526,SBI,6,14,100.0,477.0,47700.0,2024-11-06
2024110601015525,SBI,74,14,25.0,477.0,11925.0,2024-11-06
2024110601015524,SBI,21,14,10.0,477.1,4771.0,2024-11-06
2024110601015523,SBI,4,14,733.0,477.1,349714.3,2024-11-06
2024110603015186,JFL,7,45,310.0,794.9,246419.0,2024-11-06
2024110603015185,JFL,7,34,100.0,794.0,79400.0,2024-11-06
2024110603015184,JFL,7,49,90.0,790.5,71145.0,2024-11-06
2024110603015183,NABBC,14,34,50.0,741.7,37085.0,2024-11-06
2024110603015182,NABBC,14,35,67.0,741.7,49693.9,2024-11-06
2024110603015181,NABBC,14,36,70.0,741.6,51912.0,2024-11-06
2024110605010720,NIFRA,26,62,10.0,274.9,2749.0,2024-11-06
2024110601015522,SBL,46,17,12.0,336.0,4032.0,2024-11-06
2024110605010719,CIT,35,26,10.0,2178.0,21780.0,2024-11-06
2024110605010718,CIT,58,26,10.0,2178.0,21780.0,2024-11-06
2024110604013324,LEC,50,14,100.0,232.1,23210.0,2024-11-06
2024110604013323,AKPL,28,50,300.0,255.3,76590.0,2024-11-06
2024110603015180,SINDU,88,19,10.0,726.0,7260.0,2024-11-06
2024110601015521,HBL,80,22,10.0,252.0,2520.0,2024-11-06
2024110601015520,GVL,56,35,100.0,550.0,55000.0,2024-11-06
2024110601015519,GVL,56,34,150.0,550.0,82500.0,2024-11-06
2024110601015518,GVL,56,49,10.0,550.0,5500.0,2024-11-06
2024110601015517,GVL,56,5,50.0,549.8,27490.0,2024-11-06
2024110601015516,GVL,56,57,500.0,549.7,274850.0,2024-11-06
2024110601015515,GVL,56,57,270.0,549.7,148419.0,2024-11-06
2024110603015179,GLBSL,56,13,50.0,1900.0,95000.0,2024-11-06
2024110604013322,CGH,34,94,10.0,925.0,9250.0,2024-11-06
2024110601015514,UHEWA,34,65,10.0,527.0,5270.0,2024-11-06
2024110604013321,SICL,34,44,19.0,858.0,16302.0,2024-11-06
2024110604013320,SICL,34,44,31.0,855.3,26514.3,2024-11-06
2024110604013319,UPCL,59,85,408.0,270.0,110160.0,2024-11-06
2024110604013318,UPCL,19,85,92.0,270.1,24849.2,2024-11-06
2024110603015178,PFL,91,55,15.0,655.0,9825.0,2024-11-06
2024110604013317,NGPL,58,22,50.0,474.0,23700.0,2024-11-06
2024110604013316,NGPL,58,65,100.0,472.0,47200.0,2024-11-06
2024110604013315,NGPL,58,58,250.0,472.0,118000.0,2024-11-06
2024110603015177,EDBL,71,58,340.0,675.4,229636.0,2024-11-06
2024110605010717,GCIL,40,38,11.0,498.0,5478.0,2024-11-06
2024110603015176,HLI,38,47,10.0,480.0,4800.0,2024-11-06
2024110603015175,HLI,38,52,10.0,478.0,4780.0,2024-11-06
2024110603015174,GFCL,81,57,350.0,1020.0,357000.0,2024-11-06
2024110603015173,GFCL,60,57,50.0,1020.1,51005.0,2024-11-06
2024110603015172,CBBL,69,28,68.0,961.2,65361.6,2024-11-06
2024110603015171,CBBL,39,28,32.0,961.3,30761.6,2024-11-06
2024110603015170,GFCL,63,45,10.0,1023.0,10230.0,2024-11-06
2024110605010716,HIDCL,41,56,100.0,273.0,27300.0,2024-11-06
2024110603015169,GUFL,39,45,145.0,760.0,110200.0,2024-11-06
2024110603015168,GUFL,39,22,85.0,760.0,64600.0,2024-11-06
2024110603015167,GUFL,39,57,270.0,760.0,205200.0,2024-11-06
2024110604013314,HDHPC,46,59,41.0,212.0,8692.0,2024-11-06
2024110605010715,HATHY,37,7,10.0,1320.0,13200.0,2024-11-06
2024110603015166,GUFL,6,36,265.0,756.0,200340.0,2024-11-06
2024110603015165,GUFL,56,36,100.0,756.0,75600.0,2024-11-06
2024110603015164,GUFL,58,36,83.0,756.0,62748.0,2024-11-06
2024110603015163,GUFL,96,36,10.0,756.1,7561.0,2024-11-06
2024110603015162,SKBBL,49,42,10.0,933.0,9330.0,2024-11-06
2024110601015513,RHGCL,70,50,100.0,442.0,44200.0,2024-11-06
2024110605010714,CIT,21,57,27.0,2179.0,58833.0,2024-11-06
2024110604013313,GHL,21,3,200.0,223.6,44720.0,2024-11-06
2024110603015161,RLFL,21,58,58.0,671.0,38918.0,2024-11-06
2024110603015160,RLFL,21,7,192.0,671.0,128832.0,2024-11-06
2024110603015159,RLFL,21,72,500.0,670.9,335450.0,2024-11-06
2024110603015158,RLFL,21,29,100.0,670.9,67090.0,2024-11-06
2024110603015157,RLFL,21,40,100.0,670.8,67080.0,2024-11-06
2024110603015156,RLFL,21,64,50.0,670.8,33540.0,2024-11-06
2024110603015155,HLI,86,34,487.0,477.5,232542.5,2024-11-06
2024110603015154,HLI,44,34,251.0,477.6,119877.6,2024-11-06
2024110603015153,HLI,82,34,162.0,477.7,77387.4,2024-11-06
2024110601015512,TSHL,49,77,20.0,868.0,17360.0,2024-11-06
2024110603015152,CFCL,77,60,50.0,689.0,34450.0,2024-11-06
2024110603015151,SFCL,74,58,200.0,848.9,169780.0,2024-11-06
2024110605010713,NIFRA,58,62,20.0,274.9,5498.0,2024-11-06
2024110601015511,RHGCL,58,35,40.0,443.0,17720.0,2024-11-06
2024110601015510,KBL,17,49,100.0,227.0,22700.0,2024-11-06
2024110604013312,SHEL,17,55,363.0,250.0,90750.0,2024-11-06
2024110604013311,SHEL,17,82,150.0,250.0,37500.0,2024-11-06
2024110604013310,SHEL,17,14,240.0,249.9,59976.0,2024-11-06
2024110604013309,SHEL,17,45,600.0,249.9,149940.0,2024-11-06
2024110604013308,SHEL,17,44,125.0,249.9,31237.5,2024-11-06
2024110604013307,SHEL,17,35,80.0,249.5,19960.0,2024-11-06
2024110604013306,SHEL,17,17,500.0,249.5,124750.0,2024-11-06
2024110604013305,SHEL,17,11,500.0,249.4,124700.0,2024-11-06
2024110604013304,SHEL,17,4,200.0,249.0,49800.0,2024-11-06
2024110604013303,SHEL,17,57,557.0,249.0,138693.0,2024-11-06
2024110604013302,SHEL,17,48,1000.0,249.0,249000.0,2024-11-06
2024110604013301,SHEL,17,21,290.0,249.0,72210.0,2024-11-06
2024110604013300,SHEL,17,20,1655.0,248.9,411929.5,2024-11-06
2024110604013299,SHEL,17,44,2720.0,248.7,676464.0,2024-11-06
2024110604013298,SHEL,17,65,1000.0,248.6,248600.0,2024-11-06
2024110604013297,SHEL,17,58,20.0,248.6,4972.0,2024-11-06
2024110605010712,NSIF2,38,7,100.0,10.7,1070.0,2024-11-06
2024110605010711,NSIF2,38,7,100.0,10.7,1070.0,2024-11-06
2024110605010710,NSIF2,38,46,100.0,10.55,1055.0,2024-11-06
2024110604013296,UMHL,38,21,50.0,359.0,17950.0,2024-11-06
2024110604013295,UMHL,38,20,150.0,359.0,53850.0,2024-11-06
2024110601015509,MHCL,57,51,10.0,435.1,4351.0,2024-11-06
2024110604013294,CGH,34,57,197.0,924.0,182028.0,2024-11-06
2024110604013293,CGH,26,57,20.0,924.0,18480.0,2024-11-06
2024110604013292,CGH,58,57,13.0,924.0,12012.0,2024-11-06
2024110604013291,BARUN,7,57,300.0,387.1,116130.0,2024-11-06
2024110601015508,TPC,63,43,50.0,499.0,24950.0,2024-11-06
2024110605010709,PHCL,11,49,10.0,578.0,5780.0,2024-11-06
2024110605010708,PHCL,63,49,10.0,578.0,5780.0,2024-11-06
2024110605010707,CLI,94,1,1190.0,673.0,800870.0,2024-11-06
2024110603015150,CBBL,39,28,57.0,961.3,54794.1,2024-11-06
2024110605010706,ILI,22,58,390.0,500.9,195351.0,2024-11-06
2024110605010705,ILI,22,35,10.0,500.5,5005.0,2024-11-06
2024110605010704,GCIL,40,45,10.0,498.0,4980.0,2024-11-06
2024110605010703,GCIL,38,45,100.0,498.1,49810.0,2024-11-06
2024110601015507,SARBTM,6,42,60.0,768.3,46098.0,2024-11-06
2024110603015149,SFCL,74,62,10.0,848.9,8489.0,2024-11-06
2024110603015148,SFCL,74,45,25.0,848.6,21215.0,2024-11-06
2024110603015147,SFCL,74,58,10.0,846.0,8460.0,2024-11-06
2024110603015146,SFCL,74,13,100.0,846.0,84600.0,2024-11-06
2024110603015145,SFCL,74,26,200.0,846.0,169200.0,2024-11-06
2024110603015144,SFCL,74,38,100.0,846.0,84600.0,2024-11-06
2024110603015143,SFCL,74,21,25.0,845.0,21125.0,2024-11-06
2024110603015142,SFCL,74,58,270.0,845.0,228150.0,2024-11-06
2024110603015141,SFCL,74,71,300.0,845.0,253500.0,2024-11-06
2024110603015140,SFCL,74,57,100.0,845.0,84500.0,2024-11-06
2024110603015139,SFCL,74,38,300.0,845.0,253500.0,2024-11-06
2024110603015138,SFCL,74,1,66.0,845.0,55770.0,2024-11-06
2024110603015137,ALICL,62,33,10.0,763.0,7630.0,2024-11-06
2024110601015506,NABIL,51,21,30.0,564.2,16926.0,2024-11-06
2024110603015136,MNBBL,21,8,50.0,396.0,19800.0,2024-11-06
2024110601015505,MHCL,16,51,40.0,435.1,17404.0,2024-11-06
2024110603015135,MLBBL,36,98,80.0,1805.0,144400.0,2024-11-06
2024110603015134,MLBBL,56,98,10.0,1805.0,18050.0,2024-11-06
2024110603015133,MLBBL,51,98,10.0,1806.0,18060.0,2024-11-06
2024110603015132,MLBBL,39,98,10.0,1806.0,18060.0,2024-11-06
2024110603015131,MLBBL,98,98,40.0,1806.1,72244.0,2024-11-06
2024110604013290,UPPER,11,58,100.0,215.5,21550.0,2024-11-06
2024110601015504,KBSH,81,13,29.0,2700.0,78300.0,2024-11-06
2024110605010702,HIDCL,38,56,100.0,273.0,27300.0,2024-11-06
2024110601015503,SNLI,11,96,339.0,609.0,206451.0,2024-11-06
2024110601015502,SNLI,48,96,52.0,610.0,31720.0,2024-11-06
2024110604013289,HDHPC,86,35,10.0,213.0,2130.0,2024-11-06
2024110604013288,SPDL,70,22,15.0,333.9,5008.5,2024-11-06
2024110603015130,ALBSL,22,41,100.0,1069.0,106900.0,2024-11-06
2024110603015129,FOWAD,44,6,10.0,1491.0,14910.0,2024-11-06
2024110603015128,PFL,39,45,100.0,657.9,65790.0,2024-11-06
2024110604013287,NLG,59,22,120.0,1330.0,159600.0,2024-11-06
2024110604013286,NLG,34,22,20.0,1330.0,26600.0,2024-11-06
2024110604013285,NLG,29,22,50.0,1330.1,66505.0,2024-11-06
2024110601015501,GBIME,45,22,30.0,256.8,7704.0,2024-11-06
2024110601015500,GBIME,45,59,20.0,256.4,5128.0,2024-11-06
2024110601015499,GBIME,45,48,451.0,256.2,115546.2,2024-11-06
2024110601015498,GBIME,45,57,890.0,256.0,227840.0,2024-11-06
2024110601015497,GBIME,45,26,144.0,256.0,36864.0,2024-11-06
2024110601015496,GBIME,45,22,460.0,255.9,117714.0,2024-11-06
2024110601015495,MEHL,1,45,28.0,410.0,11480.0,2024-11-06
2024110601015494,AHL,42,36,10.0,684.0,6840.0,2024-11-06
2024110603015127,KSBBL,14,34,12.0,455.0,5460.0,2024-11-06
2024110603015126,KSBBL,14,42,43.0,453.5,19500.5,2024-11-06
2024110604013284,DHPL,62,38,60.0,262.9,15774.0,2024-11-06
2024110605010701,PHCL,65,34,500.0,577.1,288550.0,2024-11-06
2024110601015493,NBL,59,58,50.0,283.1,14155.0,2024-11-06
2024110604013283,JOSHI,58,58,200.0,310.0,62000.0,2024-11-06
2024110604013282,NGPL,17,65,250.0,470.6,117650.0,2024-11-06
2024110604013281,NGPL,3,65,200.0,470.9,94180.0,2024-11-06
2024110604013280,NGPL,32,65,50.0,471.0,23550.0,2024-11-06
2024110604013279,NGPL,52,65,200.0,471.0,94200.0,2024-11-06
2024110604013278,NGPL,90,65,500.0,471.1,235550.0,2024-11-06
2024110603015125,SJLIC,6,40,92.0,489.9,45070.8,2024-11-06
2024110603015124,SJLIC,6,6,49.0,488.0,23912.0,2024-11-06
2024110603015123,SJLIC,6,42,47.0,487.9,22931.3,2024-11-06
2024110601015492,RHGCL,70,43,20.0,442.0,8840.0,2024-11-06
2024110603015122,GBBL,29,22,900.0,450.0,405000.0,2024-11-06
2024110601015491,RAWA,92,42,10.0,798.0,7980.0,2024-11-06
2024110601015490,RAWA,92,35,20.0,797.9,15958.0,2024-11-06
2024110601015489,RAWA,92,45,20.0,797.8,15956.0,2024-11-06
2024110601015488,RAWA,92,45,50.0,797.0,39850.0,2024-11-06
2024110603015121,NFS,48,37,15.0,1396.0,20940.0,2024-11-06
2024110603015120,NFS,34,37,10.0,1397.0,13970.0,2024-11-06
2024110603015119,MNBBL,44,26,146.0,395.1,57684.6,2024-11-06
2024110603015118,MNBBL,32,26,200.0,395.1,79020.0,2024-11-06
2024110603015117,MNBBL,49,26,200.0,395.2,79040.0,2024-11-06
2024110603015116,MNBBL,57,26,154.0,395.3,60876.2,2024-11-06
2024110604013277,MHNL,50,35,10.0,269.1,2691.0,2024-11-06
2024110604013276,MHNL,50,37,10.0,268.0,2680.0,2024-11-06
2024110603015115,SIFC,60,42,30.0,655.7,19671.0,2024-11-06
2024110603015114,JFL,60,49,10.0,790.5,7905.0,2024-11-06
2024110601015487,HHL,48,34,175.0,457.0,79975.0,2024-11-06
2024110601015486,HHL,25,34,25.0,458.1,11452.5,2024-11-06
2024110603015113,SHINE,34,4,100.0,485.0,48500.0,2024-11-06
2024110601015485,NWCL,40,22,14.0,1000.0,14000.0,2024-11-06
2024110601015484,NWCL,40,45,25.0,998.0,24950.0,2024-11-06
2024110604013275,SGIC,36,58,10.0,754.0,7540.0,2024-11-06
2024110604013274,UPPER,58,1,156.0,216.0,33696.0,2024-11-06
2024110604013273,UPPER,58,57,200.0,215.6,43120.0,2024-11-06
2024110601015483,HIDCLP,43,57,760.0,182.5,138700.0,2024-11-06
2024110601015482,NBL,59,8,355.0,283.1,100500.5,2024-11-06
2024110604013272,NICL,86,57,21.0,1028.7,21602.7,2024-11-06
2024110603015112,MFIL,70,1,620.0,762.5,472750.0,2024-11-06
2024110603015111,MFIL,57,1,30.0,763.0,22890.0,2024-11-06
2024110605010700,MBJC,17,45,62.0,337.0,20894.0,2024-11-06
2024110605010699,MBJC,11,45,190.0,337.0,64030.0,2024-11-06
2024110605010698,MBJC,45,45,30.0,337.1,10113.0,2024-11-06
2024110605010697,NRIC,34,42,77.0,794.0,61138.0,2024-11-06
2024110605010696,NRIC,32,42,100.0,794.0,79400.0,2024-11-06
2024110605010695,NRIC,45,42,23.0,794.0,18262.0,2024-11-06
2024110601015481,ADBL,55,21,489.0,366.1,179022.9,2024-11-06
2024110604013271,NIL,51,51,35.0,940.0,32900.0,2024-11-06
2024110601015480,NMB,58,36,73.0,259.5,18943.5,2024-11-06
2024110601015479,MKJC,34,38,460.0,484.9,223054.0,2024-11-06
2024110601015478,MKJC,34,42,20.0,484.2,9684.0,2024-11-06
2024110601015477,MKJC,34,51,10.0,482.0,4820.0,2024-11-06
2024110601015476,MKJC,34,21,125.0,482.0,60250.0,2024-11-06
2024110601015475,MKJC,34,38,60.0,482.0,28920.0,2024-11-06
2024110601015474,MKJC,34,1,20.0,480.0,9600.0,2024-11-06
2024110601015473,MKJC,34,41,100.0,479.9,47990.0,2024-11-06
2024110601015472,MKJC,34,45,60.0,478.0,28680.0,2024-11-06
2024110601015471,MKJC,34,65,100.0,477.9,47790.0,2024-11-06
2024110601015470,MKJC,34,38,10.0,477.8,4778.0,2024-11-06
2024110601015469,MKJC,34,41,35.0,477.8,16723.0,2024-11-06
2024110601015468,SHLB,34,42,10.0,1937.0,19370.0,2024-11-06
2024110604013270,UPPER,11,19,300.0,215.5,64650.0,2024-11-06
2024110601015467,IHL,19,3,215.0,533.0,114595.0,2024-11-06
2024110605010694,CHDC,42,58,14.0,1669.0,23366.0,2024-11-06
2024110605010693,CHDC,63,58,20.0,1669.6,33392.0,2024-11-06
2024110605010692,CHDC,63,58,20.0,1669.7,33394.0,2024-11-06
2024110605010691,CHDC,52,58,10.0,1669.8,16698.0,2024-11-06
2024110603015110,MFIL,57,58,150.0,763.0,114450.0,2024-11-06
2024110603015109,LICN,26,58,10.0,1182.0,11820.0,2024-11-06
2024110603015108,NFS,57,28,10.0,1400.0,14000.0,2024-11-06
2024110601015466,CCBD88,6,45,50.0,1190.0,59500.0,2024-11-06
2024110603015107,PROFL,6,47,35.0,714.0,24990.0,2024-11-06
2024110603015106,ALBSL,43,33,10.0,1069.9,10699.0,2024-11-06
2024110603015105,NFS,48,38,10.0,1396.0,13960.0,2024-11-06
2024110601015465,MEHL,1,29,500.0,410.0,205000.0,2024-11-06
2024110604013269,AKPL,28,39,80.0,255.3,20424.0,2024-11-06
2024110603015104,LICN,45,39,50.0,1194.0,59700.0,2024-11-06
2024110601015464,NWCL,55,45,10.0,998.0,9980.0,2024-11-06
2024110601015463,NWCL,34,45,30.0,998.0,29940.0,2024-11-06
2024110601015462,NWCL,39,45,10.0,998.0,9980.0,2024-11-06
2024110601015461,NWCL,49,45,25.0,998.1,24952.5,2024-11-06
2024110603015103,NFS,7,28,13.0,1400.0,18200.0,2024-11-06
2024110603015102,NFS,7,57,17.0,1400.0,23800.0,2024-11-06
2024110603015101,NMLBBL,7,17,10.0,778.0,7780.0,2024-11-06
2024110601015460,UHEWA,32,65,12.0,527.0,6324.0,2024-11-06
2024110601015459,UHEWA,32,22,10.0,527.0,5270.0,2024-11-06
2024110601015458,UHEWA,32,57,10.0,527.0,5270.0,2024-11-06
2024110601015457,UHEWA,32,49,10.0,526.0,5260.0,2024-11-06
2024110601015456,UHEWA,32,58,20.0,526.0,10520.0,2024-11-06
2024110601015455,UHEWA,32,34,10.0,526.0,5260.0,2024-11-06
2024110601015454,UHEWA,32,58,10.0,526.0,5260.0,2024-11-06
2024110601015453,UHEWA,32,42,50.0,525.0,26250.0,2024-11-06
2024110601015452,UHEWA,32,51,10.0,525.0,5250.0,2024-11-06
2024110601015451,UHEWA,32,21,38.0,525.0,19950.0,2024-11-06
2024110601015450,UHEWA,32,58,50.0,525.0,26250.0,2024-11-06
2024110601015449,UHEWA,32,19,10.0,525.0,5250.0,2024-11-06
2024110601015448,UHEWA,32,46,10.0,525.0,5250.0,2024-11-06
2024110601015447,UHEWA,32,19,100.0,525.0,52500.0,2024-11-06
2024110603015100,SFCL,41,32,943.0,844.9,796740.7,2024-11-06
2024110603015099,RLFL,43,49,10.0,670.0,6700.0,2024-11-06
2024110604013268,SJCL,49,63,10.0,358.9,3589.0,2024-11-06
2024110603015098,NLIC,57,51,100.0,829.0,82900.0,2024-11-06
2024110601015446,SBI,93,63,10.0,477.2,4772.0,2024-11-06
2024110601015445,PCBL,84,81,1000.0,279.2,279200.0,2024-11-06
2024110605010690,SHIVM,48,19,50.0,597.7,29885.0,2024-11-06
2024110605010689,SHIVM,55,19,50.0,598.0,29900.0,2024-11-06
2024110604013267,API,58,65,90.0,289.9,26091.0,2024-11-06
2024110603015097,NLIC,6,51,50.0,830.0,41500.0,2024-11-06
2024110604013266,AKPL,7,28,160.0,255.4,40864.0,2024-11-06
2024110601015444,PRVU,5,38,30.0,243.0,7290.0,2024-11-06
2024110601015443,PRVU,45,38,100.0,243.0,24300.0,2024-11-06
2024110601015442,PRVU,6,38,370.0,243.0,89910.0,2024-11-06
2024110605010688,HRL,36,58,20.0,871.0,17420.0,2024-11-06
2024110603015096,ICFC,1,32,100.0,793.0,79300.0,2024-11-06
2024110601015441,SBI,4,33,540.0,477.1,257634.0,2024-11-06
2024110603015095,CBBL,14,28,32.0,961.3,30761.6,2024-11-06
2024110603015094,ICFC,44,32,590.0,793.0,467870.0,2024-11-06
2024110603015093,ICFC,35,32,200.0,793.1,158620.0,2024-11-06
2024110603015092,JBBL,62,52,50.0,362.0,18100.0,2024-11-06
2024110604013265,KPCL,35,55,100.0,500.0,50000.0,2024-11-06
2024110601015440,PPL,48,40,860.0,481.0,413660.0,2024-11-06
2024110601015439,PPL,45,40,300.0,481.1,144330.0,2024-11-06
2024110601015438,PPL,41,40,150.0,481.2,72180.0,2024-11-06
2024110601015437,MAKAR,66,59,50.0,597.0,29850.0,2024-11-06
2024110604013264,AKPL,7,58,200.0,255.4,51080.0,2024-11-06
2024110601015436,HIDCLP,57,50,900.0,182.9,164610.0,2024-11-06
2024110601015435,HIDCLP,57,66,100.0,182.8,18280.0,2024-11-06
2024110601015434,NIMB,13,35,13.0,233.4,3034.2,2024-11-06
2024110604013263,AHPC,44,38,100.0,274.1,27410.0,2024-11-06
2024110603015091,ALICL,94,33,570.0,763.0,434910.0,2024-11-06
2024110603015090,ALICL,94,59,100.0,762.0,76200.0,2024-11-06
2024110603015089,ALICL,94,1,50.0,762.0,38100.0,2024-11-06
2024110603015088,ALICL,94,17,80.0,762.0,60960.0,2024-11-06
2024110603015087,ALICL,94,58,100.0,761.0,76100.0,2024-11-06
2024110603015086,ALICL,94,21,100.0,760.0,76000.0,2024-11-06
2024110605010687,HDL,52,16,47.0,1367.0,64249.0,2024-11-06
2024110605010686,HDL,52,75,50.0,1366.9,68345.0,2024-11-06
2024110605010685,HDL,52,48,10.0,1366.7,13667.0,2024-11-06
2024110605010684,HDL,52,49,254.0,1366.0,346964.0,2024-11-06
2024110605010683,HDL,52,45,19.0,1365.9,25952.1,2024-11-06
2024110605010682,HDL,52,50,120.0,1365.0,163800.0,2024-11-06
2024110604013262,NIL,16,51,65.0,940.0,61100.0,2024-11-06
2024110603015085,SINDU,36,45,20.0,722.01,14440.2,2024-11-06
2024110603015084,SINDU,58,45,100.0,725.0,72500.0,2024-11-06
2024110603015083,SINDU,44,45,10.0,725.0,7250.0,2024-11-06
2024110603015082,SINDU,98,45,360.0,726.1,261396.0,2024-11-06
2024110603015081,PROFL,14,47,385.0,714.0,274890.0,2024-11-06
2024110603015080,PROFL,14,57,100.0,714.0,71400.0,2024-11-06
2024110603015079,PROFL,14,17,75.0,714.0,53550.0,2024-11-06
2024110603015078,PROFL,14,67,380.0,714.0,271320.0,2024-11-06
2024110603015077,PROFL,14,6,50.0,713.9,35695.0,2024-11-06
2024110603015076,PROFL,14,14,10.0,713.9,7139.0,2024-11-06
2024110601015433,PRVU,62,34,200.0,243.5,48700.0,2024-11-06
2024110604013261,UAIL,53,35,10.0,690.0,6900.0,2024-11-06
2024110601015432,NBL,49,35,50.0,283.5,14175.0,2024-11-06
2024110601015431,MKJC,21,41,10.0,477.8,4778.0,2024-11-06
2024110603015075,MLBL,22,35,52.0,403.2,20966.4,2024-11-06
2024110603015074,MLBL,22,35,96.0,403.5,38736.0,2024-11-06
2024110601015430,MEHL,55,34,10.0,411.0,4110.0,2024-11-06
2024110603015073,CFCL,16,57,14.0,685.0,9590.0,2024-11-06
2024110603015072,CFCL,5,57,286.0,685.0,195910.0,2024-11-06
2024110604013260,RHPL,6,91,565.0,403.0,227695.0,2024-11-06
2024110604013259,RHPL,6,26,435.0,403.0,175305.0,2024-11-06
2024110604013258,HURJA,72,58,183.0,214.6,39271.8,2024-11-06
2024110603015071,SFCL,41,36,430.0,844.9,363307.0,2024-11-06
2024110605010681,RNLI,60,52,11.0,516.8,5684.8,2024-11-06
2024110603015070,ICFC,44,45,10.0,793.0,7930.0,2024-11-06
2024110603015069,GFCL,42,45,30.0,1023.0,30690.0,2024-11-06
2024110605010680,CMF1,14,78,2000.0,10.81,21620.0,2024-11-06
2024110605010679,HRL,43,33,276.0,869.6,240009.6,2024-11-06
2024110605010678,HRL,43,33,100.0,869.6,86960.0,2024-11-06
2024110605010677,HRL,42,33,30.0,870.0,26100.0,2024-11-06
2024110605010676,HRL,64,33,94.0,870.0,81780.0,2024-11-06
2024110604013257,SHPC,50,81,540.0,546.0,294840.0,2024-11-06
2024110604013256,UMHL,75,52,10.0,357.2,3572.0,2024-11-06
2024110603015068,SFCL,56,1,45.0,845.0,38025.0,2024-11-06
2024110603015067,SFCL,56,53,100.0,845.0,84500.0,2024-11-06
2024110603015066,SFCL,56,16,55.0,845.0,46475.0,2024-11-06
2024110601015429,NBL,59,35,82.0,283.1,23214.2,2024-11-06
2024110601015428,NBL,47,35,18.0,283.1,5095.8,2024-11-06
2024110603015065,CFCL,77,60,150.0,689.0,103350.0,2024-11-06
2024110603015064,CFCL,77,38,1000.0,688.9,688900.0,2024-11-06
2024110603015063,CFCL,77,26,100.0,688.8,68880.0,2024-11-06
2024110603015062,CFCL,77,43,250.0,688.8,172200.0,2024-11-06
2024110601015427,RHGCL,70,55,49.0,442.0,21658.0,2024-11-06
2024110604013255,NLG,55,48,120.0,1335.0,160200.0,2024-11-06
2024110604013254,NLG,55,40,74.0,1335.0,98790.0,2024-11-06
2024110605010675,RNLI,18,34,929.0,517.0,480293.0,2024-11-06
2024110605010674,RNLI,45,34,16.0,517.0,8272.0,2024-11-06
2024110604013253,RURU,14,57,51.0,754.1,38459.1,2024-11-06
2024110604013252,BPCL,3,72,255.0,450.0,114750.0,2024-11-06
2024110604013251,BPCL,57,72,100.0,450.0,45000.0,2024-11-06
2024110604013250,BPCL,8,72,400.0,450.0,180000.0,2024-11-06
2024110604013249,BPCL,75,72,70.0,450.0,31500.0,2024-11-06
2024110604013248,BPCL,50,72,200.0,450.0,90000.0,2024-11-06
2024110604013247,BPCL,47,72,50.0,450.0,22500.0,2024-11-06
2024110604013246,BPCL,11,72,50.0,450.0,22500.0,2024-11-06
2024110604013245,BPCL,58,72,50.0,450.0,22500.0,2024-11-06
2024110604013244,BPCL,50,72,500.0,450.1,225050.0,2024-11-06
2024110604013243,BPCL,16,72,170.0,452.0,76840.0,2024-11-06
2024110603015061,GBBL,29,22,422.0,450.0,189900.0,2024-11-06
2024110603015060,GBBL,29,36,500.0,449.9,224950.0,2024-11-06
2024110603015059,GBBL,29,3,32.0,449.0,14368.0,2024-11-06
2024110604013242,BARUN,3,39,400.0,387.1,154840.0,2024-11-06
2024110601015426,KBL,39,49,300.0,227.0,68100.0,2024-11-06
2024110604013241,IGI,82,88,572.0,659.8,377405.6,2024-11-06
2024110604013240,IGI,82,41,300.0,659.5,197850.0,2024-11-06
2024110604013239,IGI,82,41,100.0,659.5,65950.0,2024-11-06
2024110604013238,IGI,82,56,500.0,659.0,329500.0,2024-11-06
2024110604013237,IGI,82,45,300.0,659.0,197700.0,2024-11-06
2024110604013236,IGI,82,42,28.0,659.0,18452.0,2024-11-06
2024110603015058,JFL,48,59,440.0,790.4,347776.0,2024-11-06
2024110603015057,JFL,6,59,50.0,790.5,39525.0,2024-11-06
2024110603015056,JFL,34,59,10.0,790.5,7905.0,2024-11-06
2024110604013235,GLH,43,33,398.0,251.3,100017.4,2024-11-06
2024110604013234,GLH,40,33,21.0,251.8,5287.8,2024-11-06
2024110601015425,IHL,49,3,10.0,533.0,5330.0,2024-11-06
2024110603015055,HLI,82,49,38.0,477.7,18152.6,2024-11-06
2024110605010673,SAHAS,94,49,50.0,537.0,26850.0,2024-11-06
2024110601015424,MKHC,49,4,10.0,390.0,3900.0,2024-11-06
2024110604013233,UPCL,35,36,20.0,270.9,5418.0,2024-11-06
2024110604013232,HURJA,65,58,500.0,214.6,107300.0,2024-11-06
2024110604013231,LEC,6,14,798.0,232.1,185215.8,2024-11-06
2024110604013230,LEC,6,19,202.0,232.0,46864.0,2024-11-06
2024110601015423,HIDCLP,43,58,10.0,182.5,1825.0,2024-11-06
2024110601015422,HIDCLP,43,26,50.0,182.5,9125.0,2024-11-06
2024110605010672,GCIL,40,57,23.0,498.0,11454.0,2024-11-06
2024110603015054,MPFL,61,57,22.0,750.8,16517.6,2024-11-06
2024110603015053,MPFL,34,57,100.0,751.5,75150.0,2024-11-06
2024110603015052,MPFL,21,57,50.0,752.0,37600.0,2024-11-06
2024110603015051,MPFL,37,57,20.0,752.0,15040.0,2024-11-06
2024110603015050,MPFL,49,57,160.0,752.0,120320.0,2024-11-06
2024110603015049,MPFL,58,57,38.0,752.8,28606.4,2024-11-06
2024110603015048,MPFL,34,57,500.0,755.0,377500.0,2024-11-06
2024110603015047,MPFL,35,57,50.0,756.0,37800.0,2024-11-06
2024110603015046,MPFL,45,57,50.0,757.0,37850.0,2024-11-06
2024110603015045,MPFL,49,57,10.0,758.0,7580.0,2024-11-06
2024110603015044,CORBL,10,13,70.0,967.0,67690.0,2024-11-06
2024110601015421,DORDI,58,53,10.0,466.0,4660.0,2024-11-06
2024110601015420,UNLB,62,58,10.0,2664.0,26640.0,2024-11-06
2024110601015419,MHCL,16,38,10.0,435.1,4351.0,2024-11-06
2024110603015043,LICN,34,39,97.0,1182.0,114654.0,2024-11-06
2024110605010671,CLI,18,1,10.0,673.0,6730.0,2024-11-06
2024110605010670,CLI,43,1,100.0,673.0,67300.0,2024-11-06
2024110605010669,GCIL,40,22,11.0,498.0,5478.0,2024-11-06
2024110603015042,RSDC,4,59,11.0,738.0,8118.0,2024-11-06
2024110604013229,NICL,58,45,10.0,1021.1,10211.0,2024-11-06
2024110603015041,SIFC,42,42,27.0,655.7,17703.9,2024-11-06
2024110605010668,PHCL,65,5,10.0,577.1,5771.0,2024-11-06
2024110601015418,SARBTM,32,38,200.0,770.0,154000.0,2024-11-06
2024110604013228,RHPL,41,25,70.0,402.7,28189.0,2024-11-06
2024110605010667,RNLI,45,46,11.0,517.0,5687.0,2024-11-06
2024110601015417,RFPL,62,53,10.0,666.9,6669.0,2024-11-06
2024110603015040,GFCL,81,48,710.0,1020.0,724200.0,2024-11-06
2024110603015039,GFCL,49,48,100.0,1022.0,102200.0,2024-11-06
2024110603015038,GFCL,32,48,190.0,1023.0,194370.0,2024-11-06
2024110604013227,SHL,21,62,100.0,568.0,56800.0,2024-11-06
2024110604013226,HDHPC,46,21,20.0,212.0,4240.0,2024-11-06
2024110601015416,ULHC,77,41,59.0,427.9,25246.1,2024-11-06
2024110601015415,ULHC,77,41,500.0,427.6,213800.0,2024-11-06
2024110601015414,ULHC,77,13,661.0,427.5,282577.5,2024-11-06
2024110601015413,ULHC,77,65,50.0,427.0,21350.0,2024-11-06
2024110601015412,ULHC,77,53,200.0,427.0,85400.0,2024-11-06
2024110601015411,ULHC,77,36,500.0,425.0,212500.0,2024-11-06
2024110601015410,ULHC,77,11,10.0,425.0,4250.0,2024-11-06
2024110601015409,ULHC,77,87,10.0,425.0,4250.0,2024-11-06
2024110601015408,ULHC,77,5,10.0,425.0,4250.0,2024-11-06
2024110603015037,LICN,55,13,10.0,1185.0,11850.0,2024-11-06
2024110603015036,MNBBL,58,8,51.0,396.0,20196.0,2024-11-06
2024110603015035,MNBBL,58,34,20.0,396.0,7920.0,2024-11-06
2024110603015034,MNBBL,58,21,179.0,396.0,70884.0,2024-11-06
2024110604013225,RHPL,41,8,20.0,402.7,8054.0,2024-11-06
2024110604013224,UMHL,38,52,30.0,357.2,10716.0,2024-11-06
2024110604013223,SPDL,5,41,350.0,333.0,116550.0,2024-11-06
2024110601015407,ADBL,59,78,60.0,367.7,22062.0,2024-11-06
2024110601015406,ADBL,59,14,30.0,367.2,11016.0,2024-11-06
2024110601015405,NICA,32,45,75.0,440.0,33000.0,2024-11-06
2024110601015404,SPC,42,55,10.0,498.0,4980.0,2024-11-06
2024110603015033,MFIL,70,42,200.0,762.5,152500.0,2024-11-06
2024110604013222,PPCL,14,65,10.0,264.5,2645.0,2024-11-06
2024110604013221,PPCL,14,34,20.0,264.0,5280.0,2024-11-06
2024110604013220,SJCL,25,63,10.0,358.9,3589.0,2024-11-06
2024110603015032,USLB,49,81,20.0,1469.9,29398.0,2024-11-06
2024110601015403,SPC,5,40,20.0,496.0,9920.0,2024-11-06
2024110603015031,KRBL,71,57,200.0,687.0,137400.0,2024-11-06
2024110603015030,CFCL,77,34,75.0,687.1,51532.5,2024-11-06
2024110601015402,KDL,28,42,19.0,1085.0,20615.0,2024-11-06
2024110604013219,SGIC,36,35,200.0,754.0,150800.0,2024-11-06
2024110601015401,ANLB,58,51,13.0,4800.0,62400.0,2024-11-06
2024110604013218,CGH,58,58,10.0,924.0,9240.0,2024-11-06
2024110601015400,NABIL,58,29,10.0,564.6,5646.0,2024-11-06
2024110601015399,SAMAJ,49,86,50.0,3805.0,190250.0,2024-11-06
2024110604013217,HDHPC,86,35,10.0,213.0,2130.0,2024-11-06
2024110601015398,SBI,58,63,300.0,477.2,143160.0,2024-11-06
2024110601015397,TAMOR,58,67,50.0,525.0,26250.0,2024-11-06
2024110601015396,RHGCL,41,35,180.0,443.0,79740.0,2024-11-06
2024110601015395,RHGCL,41,38,10.0,443.0,4430.0,2024-11-06
2024110601015394,RHGCL,41,42,10.0,443.0,4430.0,2024-11-06
2024110604013216,MEN,4,22,75.0,695.0,52125.0,2024-11-06
2024110603015029,NFS,20,57,130.0,1400.0,182000.0,2024-11-06
2024110603015028,NFS,20,54,20.0,1397.0,27940.0,2024-11-06
2024110604013215,NHPC,25,32,100.0,224.1,22410.0,2024-11-06
2024110604013214,RURU,14,32,19.0,754.1,14327.9,2024-11-06
2024110604013213,SHPC,60,81,460.0,546.0,251160.0,2024-11-06
2024110604013212,SHPC,60,74,490.0,546.0,267540.0,2024-11-06
2024110604013211,SHPC,60,19,50.0,545.9,27295.0,2024-11-06
2024110603015027,NFS,6,54,10.0,1399.0,13990.0,2024-11-06
2024110603015026,SFCL,41,50,500.0,844.9,422450.0,2024-11-06
2024110603015025,RLFL,43,50,100.0,670.0,67000.0,2024-11-06
2024110605010666,HIDCL,56,56,500.0,273.0,136500.0,2024-11-06
2024110605010665,HIDCL,32,56,30.0,273.0,8190.0,2024-11-06
2024110605010664,HIDCL,26,56,500.0,273.0,136500.0,2024-11-06
2024110605010663,HIDCL,58,56,60.0,273.0,16380.0,2024-11-06
2024110605010662,HIDCL,1,56,198.0,273.0,54054.0,2024-11-06
2024110603015024,MFIL,17,41,200.0,763.0,152600.0,2024-11-06
2024110603015023,SKBBL,13,42,90.0,933.0,83970.0,2024-11-06
2024110604013210,HPPL,17,57,555.0,335.0,185925.0,2024-11-06
2024110604013209,HPPL,8,57,200.0,335.0,67000.0,2024-11-06
2024110604013208,HPPL,80,57,100.0,335.1,33510.0,2024-11-06
2024110604013207,HPPL,38,57,20.0,335.1,6702.0,2024-11-06
2024110604013206,HPPL,32,57,1125.0,335.3,377212.5,2024-11-06
2024110601015393,RHGCL,70,29,50.0,442.0,22100.0,2024-11-06
2024110601015392,NICA,42,70,300.0,439.5,131850.0,2024-11-06
2024110601015391,NICA,18,70,460.0,439.5,202170.0,2024-11-06
2024110601015390,NICA,46,70,10.0,439.6,4396.0,2024-11-06
2024110601015389,NICA,41,70,105.0,440.0,46200.0,2024-11-06
2024110601015388,NICA,11,70,100.0,440.0,44000.0,2024-11-06
2024110601015387,NICA,14,70,50.0,440.0,22000.0,2024-11-06
2024110601015386,NICA,43,70,70.0,440.0,30800.0,2024-11-06
2024110601015385,NICA,53,70,30.0,440.0,13200.0,2024-11-06
2024110601015384,NICA,37,70,50.0,440.0,22000.0,2024-11-06
2024110601015383,NICA,45,70,100.0,440.0,44000.0,2024-11-06
2024110601015382,NICA,28,70,120.0,440.0,52800.0,2024-11-06
2024110601015381,NICA,33,70,10.0,440.0,4400.0,2024-11-06
2024110601015380,NICA,32,70,104.0,440.0,45760.0,2024-11-06
2024110601015379,NICA,42,70,400.0,440.1,176040.0,2024-11-06
2024110601015378,NICA,29,70,160.0,440.2,70432.0,2024-11-06
2024110601015377,KDL,10,42,10.0,1085.0,10850.0,2024-11-06
2024110603015022,MLBBL,36,42,20.0,1809.1,36182.0,2024-11-06
2024110603015021,HLBSL,62,21,40.0,963.0,38520.0,2024-11-06
2024110605010661,SAEF,7,26,8650.0,11.04,95496.0,2024-11-06
2024110605010660,SAEF,32,26,100.0,11.05,1105.0,2024-11-06
2024110605010659,SAEF,57,26,1000.0,11.06,11060.0,2024-11-06
2024110605010658,SAEF,58,26,250.0,11.06,2765.0,2024-11-06
2024110601015376,CITY,77,52,50.0,870.0,43500.0,2024-11-06
2024110601015375,CITY,77,45,120.0,870.0,104400.0,2024-11-06
2024110601015374,CITY,77,35,70.0,869.9,60893.0,2024-11-06
2024110601015373,CITY,77,34,50.0,867.0,43350.0,2024-11-06
2024110601015372,CITY,77,38,10.0,867.0,8670.0,2024-11-06
2024110601015371,CITY,77,35,10.0,866.0,8660.0,2024-11-06
2024110601015370,CITY,77,42,10.0,865.0,8650.0,2024-11-06
2024110601015369,CITY,77,91,110.0,865.0,95150.0,2024-11-06
2024110601015368,UHEWA,34,49,40.0,524.9,20996.0,2024-11-06
2024110601015367,UHEWA,34,35,10.0,524.8,5248.0,2024-11-06
2024110601015366,UHEWA,34,34,10.0,524.7,5247.0,2024-11-06
2024110601015365,SARBTM,68,38,20.0,770.0,15400.0,2024-11-06
2024110601015364,SARBTM,68,45,30.0,770.0,23100.0,2024-11-06
2024110601015363,NIMB,13,34,50.0,233.0,11650.0,2024-11-06
2024110603015020,KMCDB,77,47,12.0,1044.9,12538.8,2024-11-06
2024110604013205,API,57,28,10.0,289.8,2898.0,2024-11-06
2024110605010657,HRL,64,13,31.0,870.0,26970.0,2024-11-06
2024110605010656,HATHY,37,57,125.0,1320.0,165000.0,2024-11-06
2024110605010655,HATHY,47,57,375.0,1320.1,495037.5,2024-11-06
2024110601015362,MKHC,67,57,70.0,384.2,26894.0,2024-11-06
2024110601015361,MKHC,38,57,140.0,384.3,53802.0,2024-11-06
2024110601015360,MKHC,57,57,190.0,384.4,73036.0,2024-11-06
2024110601015359,MKHC,49,57,100.0,389.0,38900.0,2024-11-06
2024110601015358,ADBL,55,52,270.0,366.1,98847.0,2024-11-06
2024110601015357,ADBL,53,52,160.0,366.2,58592.0,2024-11-06
2024110601015356,ADBL,54,52,200.0,366.2,73240.0,2024-11-06
2024110601015355,ADBL,34,52,300.0,366.2,109860.0,2024-11-06
2024110601015354,ADBL,43,52,70.0,366.5,25655.0,2024-11-06
2024110603015019,SFCL,1,16,45.0,845.0,38025.0,2024-11-06
2024110603015018,SFCL,1,6,55.0,845.0,46475.0,2024-11-06
2024110601015353,SRLI,22,58,10.0,452.9,4529.0,2024-11-06
2024110603015017,GBLBS,49,42,30.0,780.0,23400.0,2024-11-06
2024110604013204,IGI,82,42,22.0,659.0,14498.0,2024-11-06
2024110603015016,NICLBSL,36,62,95.0,727.0,69065.0,2024-11-06
2024110604013203,NIL,26,53,50.0,939.1,46955.0,2024-11-06
2024110604013202,TRH,32,26,10.0,1125.1,11251.0,2024-11-06
2024110605010654,CLI,89,22,132.0,680.0,89760.0,2024-11-06
2024110605010653,CLI,89,28,10.0,680.0,6800.0,2024-11-06
2024110605010652,CLI,89,43,63.0,680.0,42840.0,2024-11-06
2024110605010651,CLI,89,4,50.0,680.0,34000.0,2024-11-06
2024110605010650,CLI,89,4,1000.0,680.0,680000.0,2024-11-06
2024110605010649,CLI,89,49,300.0,680.0,204000.0,2024-11-06
2024110605010648,CLI,89,38,10.0,680.0,6800.0,2024-11-06
2024110605010647,CLI,89,57,10.0,680.0,6800.0,2024-11-06
2024110605010646,CLI,89,42,10.0,680.0,6800.0,2024-11-06
2024110605010645,CLI,89,11,10.0,680.0,6800.0,2024-11-06
2024110605010644,CLI,89,41,50.0,680.0,34000.0,2024-11-06
2024110605010643,CLI,89,14,10.0,680.0,6800.0,2024-11-06
2024110605010642,CLI,89,29,10.0,680.0,6800.0,2024-11-06
2024110605010641,CLI,89,7,10.0,680.0,6800.0,2024-11-06
2024110605010640,CLI,89,22,10.0,680.0,6800.0,2024-11-06
2024110605010639,CLI,89,34,10.0,680.0,6800.0,2024-11-06
2024110605010638,CLI,89,42,20.0,680.0,13600.0,2024-11-06
2024110605010637,CLI,89,57,10.0,680.0,6800.0,2024-11-06
2024110605010636,CLI,89,58,10.0,680.0,6800.0,2024-11-06
2024110605010635,CLI,89,45,10.0,680.0,6800.0,2024-11-06
2024110605010634,CLI,89,22,10.0,680.0,6800.0,2024-11-06
2024110605010633,CLI,89,35,10.0,680.0,6800.0,2024-11-06
2024110605010632,CLI,89,58,52.0,680.0,35360.0,2024-11-06
2024110605010631,CLI,89,38,10.0,680.0,6800.0,2024-11-06
2024110605010630,CLI,89,47,120.0,680.0,81600.0,2024-11-06
2024110605010629,CLI,89,11,700.0,680.0,476000.0,2024-11-06
2024110605010628,CLI,89,50,500.0,680.0,340000.0,2024-11-06
2024110605010627,CLI,89,44,10.0,680.0,6800.0,2024-11-06
2024110605010626,CLI,89,34,50.0,680.0,34000.0,2024-11-06
2024110605010625,CLI,89,55,100.0,680.0,68000.0,2024-11-06
2024110605010624,CLI,89,38,50.0,680.0,34000.0,2024-11-06
2024110605010623,CLI,89,58,10.0,680.0,6800.0,2024-11-06
2024110605010622,CLI,89,62,530.0,680.0,360400.0,2024-11-06
2024110605010621,CLI,89,1,10.0,680.0,6800.0,2024-11-06
2024110605010620,CLI,89,42,50.0,679.9,33995.0,2024-11-06
2024110605010619,CLI,89,34,1000.0,679.4,679400.0,2024-11-06
2024110605010618,CLI,89,29,33.0,679.3,22416.9,2024-11-06
2024110605010617,CLI,89,49,10.0,675.0,6750.0,2024-11-06
2024110603015015,GFCL,49,82,100.0,1024.0,102400.0,2024-11-06
2024110603015014,GFCL,34,82,40.0,1024.0,40960.0,2024-11-06
2024110603015013,GFCL,34,13,10.0,1023.9,10239.0,2024-11-06
2024110603015012,SINDU,34,49,10.0,729.0,7290.0,2024-11-06
2024110605010616,HRL,64,34,120.0,870.0,104400.0,2024-11-06
2024110605010615,HRL,3,34,100.0,870.0,87000.0,2024-11-06
2024110605010614,HRL,4,34,100.0,870.0,87000.0,2024-11-06
2024110605010613,HRL,16,34,180.0,870.0,156600.0,2024-11-06
2024110601015352,GBIME,58,22,40.0,255.9,10236.0,2024-11-06
2024110601015351,PPL,41,6,60.0,481.2,28872.0,2024-11-06
2024110604013201,UPCL,58,36,100.0,270.9,27090.0,2024-11-06
2024110604013200,RIDI,5,18,20.0,241.7,4834.0,2024-11-06
2024110601015350,TSHL,58,52,10.0,872.0,8720.0,2024-11-06
2024110601015349,SPC,5,64,20.0,496.0,9920.0,2024-11-06
2024110601015348,MEHL,1,22,50.0,410.0,20500.0,2024-11-06
2024110601015347,MEHL,1,11,170.0,410.0,69700.0,2024-11-06
2024110601015346,CKHL,62,74,185.0,659.0,121915.0,2024-11-06
2024110604013199,NHPC,25,33,176.0,224.1,39441.6,2024-11-06
2024110604013198,NHPC,58,33,124.0,224.1,27788.4,2024-11-06
2024110604013197,LEC,42,19,10.0,232.0,2320.0,2024-11-06
2024110603015011,MDB,42,69,45.0,648.0,29160.0,2024-11-06
2024110605010612,RNLI,48,56,100.0,518.8,51880.0,2024-11-06
2024110605010611,RNLI,48,91,100.0,518.5,51850.0,2024-11-06
2024110601015345,DOLTI,42,55,224.0,614.5,137648.0,2024-11-06
2024110601015344,DOLTI,55,55,200.0,614.6,122920.0,2024-11-06
2024110601015343,DOLTI,56,55,10.0,615.0,6150.0,2024-11-06
2024110601015342,DOLTI,17,55,10.0,615.0,6150.0,2024-11-06
2024110601015341,DOLTI,45,55,100.0,615.0,61500.0,2024-11-06
2024110601015340,DOLTI,53,55,13.0,615.0,7995.0,2024-11-06
2024110603015010,SJLIC,56,13,100.0,487.0,48700.0,2024-11-06
2024110603015009,CBBL,25,28,11.0,961.3,10574.3,2024-11-06
2024110603015008,HLI,6,34,48.0,478.0,22944.0,2024-11-06
2024110601015339,DORDI,58,61,100.0,463.0,46300.0,2024-11-06
2024110601015338,IHL,22,3,10.0,533.0,5330.0,2024-11-06
2024110601015337,RFPL,16,42,40.0,667.0,26680.0,2024-11-06
2024110603015007,JFL,60,45,10.0,794.9,7949.0,2024-11-06
2024110604013196,SHL,48,62,111.0,568.0,63048.0,2024-11-06
2024110601015336,NICA,32,54,70.0,440.2,30814.0,2024-11-06
2024110603015006,MPFL,26,55,187.0,761.0,142307.0,2024-11-06
2024110603015005,MPFL,26,34,245.0,761.0,186445.0,2024-11-06
2024110603015004,MPFL,26,48,68.0,759.0,51612.0,2024-11-06
2024110605010610,MEL,17,48,173.0,301.0,52073.0,2024-11-06
2024110605010609,MEL,17,48,10.0,301.0,3010.0,2024-11-06
2024110605010608,MEL,17,38,10.0,301.0,3010.0,2024-11-06
2024110605010607,MEL,17,38,1000.0,301.0,301000.0,2024-11-06
2024110605010606,MEL,17,42,20.0,301.0,6020.0,2024-11-06
2024110605010605,MEL,17,43,10.0,301.0,3010.0,2024-11-06
2024110605010604,MEL,17,86,490.0,301.0,147490.0,2024-11-06
2024110605010603,MEL,17,35,10.0,301.0,3010.0,2024-11-06
2024110605010602,MEL,17,58,10.0,301.0,3010.0,2024-11-06
2024110605010601,MEL,17,34,30.0,301.0,9030.0,2024-11-06
2024110605010600,MEL,17,57,10.0,301.0,3010.0,2024-11-06
2024110605010599,MEL,17,21,10.0,301.0,3010.0,2024-11-06
2024110605010598,MEL,17,33,30.0,300.0,9000.0,2024-11-06
2024110605010597,MEL,17,45,10.0,300.0,3000.0,2024-11-06
2024110605010596,MEL,17,6,177.0,300.0,53100.0,2024-11-06
2024110604013195,LEC,1,19,288.0,232.0,66816.0,2024-11-06
2024110601015335,USHEC,63,48,20.0,571.0,11420.0,2024-11-06
2024110604013194,AHPC,44,44,100.0,274.1,27410.0,2024-11-06
2024110601015334,SRLI,25,52,10.0,452.6,4526.0,2024-11-06
2024110604013193,CGH,64,94,30.0,925.0,27750.0,2024-11-06
2024110603015003,SADBL,45,26,10.0,423.0,4230.0,2024-11-06
2024110604013192,NICL,47,45,20.0,1021.2,20424.0,2024-11-06
2024110601015333,MMKJL,25,38,10.0,544.0,5440.0,2024-11-06
2024110601015332,MMKJL,25,33,210.0,544.0,114240.0,2024-11-06
2024110604013191,HDHPC,46,54,590.0,212.0,125080.0,2024-11-06
2024110604013190,HDHPC,57,54,100.0,212.0,21200.0,2024-11-06
2024110604013189,API,26,58,150.0,289.8,43470.0,2024-11-06
2024110604013188,SGIC,37,40,40.0,750.0,30000.0,2024-11-06
2024110601015331,KBSH,40,17,10.0,2671.0,26710.0,2024-11-06
2024110601015330,JBLB,34,19,168.0,1578.1,265120.8,2024-11-06
2024110601015329,JBLB,34,19,22.0,1580.0,34760.0,2024-11-06
2024110603015002,GMFIL,36,59,126.0,648.0,81648.0,2024-11-06
2024110601015328,SRLI,59,16,377.0,452.9,170743.3,2024-11-06
2024110603015001,MLBBL,36,45,180.0,1809.1,325638.0,2024-11-06
2024110601015327,NIMB,45,32,500.0,233.5,116750.0,2024-11-06
2024110603015000,SFCL,41,42,400.0,844.9,337960.0,2024-11-06
2024110603014999,HLBSL,62,26,30.0,960.0,28800.0,2024-11-06
2024110601015326,CZBIL,41,25,150.0,232.0,34800.0,2024-11-06
2024110601015325,IHL,25,3,20.0,533.0,10660.0,2024-11-06
2024110604013187,UMHL,21,20,420.0,359.0,150780.0,2024-11-06
2024110604013186,UMHL,21,32,150.0,357.5,53625.0,2024-11-06
2024110601015324,TVCL,42,21,100.0,488.0,48800.0,2024-11-06
2024110604013185,NGPL,77,58,500.0,472.0,236000.0,2024-11-06
2024110601015323,BGWT,43,55,10.0,944.0,9440.0,2024-11-06
2024110604013184,LEC,1,8,1000.0,232.0,232000.0,2024-11-06
2024110604013183,RBCL,22,29,10.0,17000.0,170000.0,2024-11-06
2024110604013182,RBCL,34,29,10.0,17000.0,170000.0,2024-11-06
2024110604013181,RBCL,34,29,10.0,17000.0,170000.0,2024-11-06
2024110601015322,ADBL,41,67,40.0,366.5,14660.0,2024-11-06
2024110601015321,ADBL,6,67,55.0,366.6,20163.0,2024-11-06
2024110601015320,SANIMA,44,57,618.0,328.0,202704.0,2024-11-06
2024110601015319,SANIMA,44,48,243.0,327.9,79679.7,2024-11-06
2024110601015318,SANIMA,44,32,50.0,327.8,16390.0,2024-11-06
2024110601015317,SANIMA,44,37,100.0,327.5,32750.0,2024-11-06
2024110601015316,SANIMA,44,44,20.0,327.1,6542.0,2024-11-06
2024110601015315,SANIMA,44,54,478.0,327.0,156306.0,2024-11-06
2024110601015314,SANIMA,44,45,435.0,327.0,142245.0,2024-11-06
2024110601015313,SANIMA,44,34,56.0,324.6,18177.6,2024-11-06
2024110605010595,ILI,22,58,388.0,501.0,194388.0,2024-11-06
2024110605010594,ILI,22,41,12.0,501.0,6012.0,2024-11-06
2024110603014998,JFL,34,20,190.0,790.5,150195.0,2024-11-06
2024110603014997,JFL,56,20,300.0,790.6,237180.0,2024-11-06
2024110603014996,JFL,45,20,10.0,792.0,7920.0,2024-11-06
2024110601015312,SCB,32,29,25.0,741.0,18525.0,2024-11-06
2024110605010593,NIFRA,54,32,200.0,274.0,54800.0,2024-11-06
2024110604013180,SPIL,21,45,65.0,870.0,56550.0,2024-11-06
2024110604013179,SPIL,56,45,20.0,870.0,17400.0,2024-11-06
2024110605010592,SHIVM,53,45,200.0,598.0,119600.0,2024-11-06
2024110604013178,SHPC,50,21,625.0,545.0,340625.0,2024-11-06
2024110605010591,CHDC,57,50,100.0,1670.0,167000.0,2024-11-06
2024110605010590,CHDC,25,50,50.0,1670.0,83500.0,2024-11-06
2024110605010589,CHDC,39,50,20.0,1670.0,33400.0,2024-11-06
2024110605010588,CHDC,44,50,100.0,1670.0,167000.0,2024-11-06
2024110605010587,CHDC,16,50,10.0,1670.0,16700.0,2024-11-06
2024110605010586,CHDC,50,50,34.0,1670.0,56780.0,2024-11-06
2024110601015311,DLBS,89,6,21.0,1401.0,29421.0,2024-11-06
2024110601015310,KBL,16,49,500.0,227.0,113500.0,2024-11-06
2024110601015309,KBL,48,49,545.0,227.1,123769.5,2024-11-06
2024110601015308,KBL,34,49,50.0,227.2,11360.0,2024-11-06
2024110603014995,MDB,100,56,57.0,640.0,36480.0,2024-11-06
2024110603014994,MDB,44,56,100.0,640.0,64000.0,2024-11-06
2024110603014993,MDB,44,56,100.0,640.2,64020.0,2024-11-06
2024110603014992,MDB,75,56,50.0,641.0,32050.0,2024-11-06
2024110603014991,MDB,58,56,500.0,642.0,321000.0,2024-11-06
2024110603014990,MDB,48,56,20.0,643.0,12860.0,2024-11-06
2024110603014989,MDB,3,56,100.0,643.0,64300.0,2024-11-06
2024110603014988,MDB,63,56,500.0,643.0,321500.0,2024-11-06
2024110603014987,MDB,53,56,10.0,643.0,6430.0,2024-11-06
2024110603014986,MDB,63,56,500.0,643.2,321600.0,2024-11-06
2024110603014985,MDB,20,56,50.0,643.3,32165.0,2024-11-06
2024110603014984,MDB,26,56,713.0,644.0,459172.0,2024-11-06
2024110603014983,MDB,8,56,500.0,644.5,322250.0,2024-11-06
2024110603014982,MDB,32,56,200.0,644.6,128920.0,2024-11-06
2024110603014981,MDB,45,56,100.0,645.0,64500.0,2024-11-06
2024110603014980,SIFC,34,42,128.0,655.7,83929.6,2024-11-06
2024110603014979,SIFC,34,42,22.0,655.6,14423.2,2024-11-06
2024110601015307,NBL,47,8,350.0,283.1,99085.0,2024-11-06
2024110601015306,NBL,6,8,100.0,283.2,28320.0,2024-11-06
2024110601015305,NBL,22,8,50.0,283.2,14160.0,2024-11-06
2024110605010585,SONA,8,42,20.0,478.5,9570.0,2024-11-06
2024110605010584,SAHAS,94,57,30.0,537.0,16110.0,2024-11-06
2024110605010583,SAHAS,94,38,500.0,537.0,268500.0,2024-11-06
2024110605010582,SAHAS,94,36,100.0,537.0,53700.0,2024-11-06
2024110605010581,SAHAS,94,43,200.0,537.0,107400.0,2024-11-06
2024110605010580,SAHAS,94,14,1100.0,537.0,590700.0,2024-11-06
2024110605010579,SAHAS,94,51,20.0,536.9,10738.0,2024-11-06
2024110605010578,SMJC,14,57,59.0,595.0,35105.0,2024-11-06
2024110601015304,KBSH,14,6,10.0,2695.0,26950.0,2024-11-06
2024110603014978,GUFL,58,36,120.0,758.0,90960.0,2024-11-06
2024110604013177,SPDL,52,57,1000.0,334.0,334000.0,2024-11-06
2024110601015303,MCHL,58,58,10.0,532.0,5320.0,2024-11-06
2024110605010577,ILI,58,57,106.0,501.0,53106.0,2024-11-06
2024110605010576,ILI,58,42,94.0,500.2,47018.8,2024-11-06
2024110601015302,MAKAR,65,59,240.0,597.2,143328.0,2024-11-06
2024110603014977,SFCL,41,1,15.0,844.9,12673.5,2024-11-06
2024110601015301,RAWA,25,41,15.0,788.5,11827.5,2024-11-06
2024110601015300,RAWA,58,41,40.0,790.0,31600.0,2024-11-06
2024110603014976,NFS,56,38,43.0,1396.0,60028.0,2024-11-06
2024110603014975,NFS,72,38,17.0,1397.0,23749.0,2024-11-06
2024110603014974,EDBL,71,74,1300.0,675.4,878020.0,2024-11-06
2024110605010575,NTC,53,51,500.0,989.0,494500.0,2024-11-06
2024110603014973,JFL,48,21,160.0,795.0,127200.0,2024-11-06
2024110603014972,JFL,48,58,20.0,794.0,15880.0,2024-11-06
2024110601015299,NYADI,8,25,200.0,314.0,62800.0,2024-11-06
2024110603014971,RLFL,7,35,100.0,670.5,67050.0,2024-11-06
2024110605010574,SHIVM,58,36,100.0,598.0,59800.0,2024-11-06
2024110601015298,UHEWA,59,34,500.0,520.0,260000.0,2024-11-06
2024110605010573,VLUCL,88,11,10.0,610.0,6100.0,2024-11-06
2024110603014970,ALBSL,13,33,77.0,1069.9,82382.3,2024-11-06
2024110603014969,ALBSL,13,58,38.0,1069.9,40656.2,2024-11-06
2024110603014968,ALBSL,13,41,85.0,1069.0,90865.0,2024-11-06
2024110601015297,TPC,63,22,205.0,500.0,102500.0,2024-11-06
2024110604013176,LEC,1,19,500.0,232.0,116000.0,2024-11-06
2024110603014967,RLFL,43,57,380.0,670.0,254600.0,2024-11-06
2024110604013175,API,58,58,50.0,289.8,14490.0,2024-11-06
2024110604013174,GLH,43,1,102.0,251.3,25632.6,2024-11-06
2024110604013173,GLH,88,1,288.0,251.4,72403.2,2024-11-06
2024110604013172,GLH,32,1,10.0,251.8,2518.0,2024-11-06
2024110604013171,CGH,41,94,175.0,925.0,161875.0,2024-11-06
2024110604013170,CGH,41,32,25.0,925.0,23125.0,2024-11-06
2024110601015296,MBL,43,22,1735.0,250.1,433923.5,2024-11-06
2024110601015295,MBL,38,22,272.0,250.1,68027.2,2024-11-06
2024110601015294,MBL,44,22,500.0,250.2,125100.0,2024-11-06
2024110601015293,MBL,37,22,10.0,250.4,2504.0,2024-11-06
2024110601015292,MBL,13,22,115.0,250.4,28796.0,2024-11-06
2024110601015291,MBL,49,22,200.0,250.5,50100.0,2024-11-06
2024110601015290,MBL,45,22,68.0,251.0,17068.0,2024-11-06
2024110601015289,GBIME,34,38,485.0,254.5,123432.5,2024-11-06
2024110605010572,CIT,58,46,10.0,2178.0,21780.0,2024-11-06
2024110605010571,CIT,19,46,20.0,2178.0,43560.0,2024-11-06
2024110605010570,CIT,58,46,10.0,2178.0,21780.0,2024-11-06
2024110605010569,SAHAS,94,62,200.0,536.0,107200.0,2024-11-06
2024110604013169,AKPL,54,91,100.0,255.9,25590.0,2024-11-06
2024110604013168,AKPL,54,62,100.0,255.8,25580.0,2024-11-06
2024110604013167,RIDI,21,39,670.0,241.0,161470.0,2024-11-06
2024110604013166,SGIC,85,42,10.0,754.0,7540.0,2024-11-06
2024110604013165,SPDL,17,57,100.0,334.0,33400.0,2024-11-06
2024110601015288,HHL,25,19,25.0,458.6,11465.0,2024-11-06
2024110601015287,HHL,25,19,25.0,458.8,11470.0,2024-11-06
2024110603014966,PFL,39,45,100.0,657.0,65700.0,2024-11-06
2024110601015286,MEHL,44,11,30.0,410.0,12300.0,2024-11-06
2024110605010568,SMJC,14,59,11.0,595.0,6545.0,2024-11-06
2024110605010567,MBJC,45,41,10.0,337.1,3371.0,2024-11-06
2024110603014965,NUBL,46,34,12.0,720.0,8640.0,2024-11-06
2024110603014964,NUBL,46,46,174.0,720.0,125280.0,2024-11-06
2024110603014963,SIFC,42,42,49.0,655.0,32095.0,2024-11-06
2024110603014962,SIFC,34,42,80.0,655.0,52400.0,2024-11-06
2024110603014961,SIFC,45,42,164.0,655.0,107420.0,2024-11-06
2024110603014960,SIFC,42,42,27.0,655.5,17698.5,2024-11-06
2024110601015285,PRVU,25,34,17.0,243.5,4139.5,2024-11-06
2024110601015284,SPC,49,55,10.0,498.0,4980.0,2024-11-06
2024110604013164,UPPER,35,1,185.0,216.0,39960.0,2024-11-06
2024110604013163,NHPC,62,57,10.0,224.2,2242.0,2024-11-06
2024110604013162,NHPC,11,57,262.0,224.2,58740.4,2024-11-06
2024110604013161,SHL,39,62,100.0,568.0,56800.0,2024-11-06
2024110605010566,PHCL,65,44,10.0,577.1,5771.0,2024-11-06
2024110605010565,PHCL,6,44,10.0,577.2,5772.0,2024-11-06
2024110603014959,NFS,38,44,100.0,1398.0,139800.0,2024-11-06
2024110603014958,RLFL,14,35,10.0,670.5,6705.0,2024-11-06
2024110604013160,SHL,35,62,200.0,568.0,113600.0,2024-11-06
2024110604013159,SHL,7,62,150.0,568.0,85200.0,2024-11-06
2024110604013158,SHL,7,62,100.0,568.0,56800.0,2024-11-06
2024110604013157,SHL,67,62,100.0,568.0,56800.0,2024-11-06
2024110604013156,SHL,47,62,100.0,568.0,56800.0,2024-11-06
2024110604013155,SHL,22,62,100.0,568.0,56800.0,2024-11-06
2024110604013154,SHL,38,62,510.0,568.0,289680.0,2024-11-06
2024110604013153,SHL,59,62,280.0,568.0,159040.0,2024-11-06
2024110604013152,SHL,45,62,300.0,568.0,170400.0,2024-11-06
2024110604013151,SHL,29,62,500.0,568.0,284000.0,2024-11-06
2024110603014957,MPFL,62,48,32.0,759.0,24288.0,2024-11-06
2024110603014956,SJLIC,68,48,50.0,487.0,24350.0,2024-11-06
2024110603014955,SJLIC,58,48,50.0,487.0,24350.0,2024-11-06
2024110603014954,RLFL,43,25,85.0,670.0,56950.0,2024-11-06
2024110605010564,HDL,22,50,10.0,1365.0,13650.0,2024-11-06
2024110604013150,BPCL,16,56,30.0,452.0,13560.0,2024-11-06
2024110604013149,BPCL,34,56,70.0,452.0,31640.0,2024-11-06
2024110604013148,BPCL,49,56,50.0,452.0,22600.0,2024-11-06
2024110604013147,BPCL,49,56,100.0,452.5,45250.0,2024-11-06
2024110604013146,BPCL,39,56,50.0,452.6,22630.0,2024-11-06
2024110601015283,BNT,32,47,10.0,14400.0,144000.0,2024-11-06
2024110603014953,BFC,34,35,71.0,653.0,46363.0,2024-11-06
2024110603014952,SHINE,34,4,164.0,485.0,79540.0,2024-11-06
2024110603014951,SHINE,34,57,1000.0,484.9,484900.0,2024-11-06
2024110603014950,SHINE,34,10,500.0,484.0,242000.0,2024-11-06
2024110603014949,SHINE,34,36,336.0,484.0,162624.0,2024-11-06
2024110604013145,BARUN,34,22,10.0,387.0,3870.0,2024-11-06
2024110601015282,MCHL,55,39,21.0,523.4,10991.4,2024-11-06
2024110603014948,SFCL,44,6,20.0,845.0,16900.0,2024-11-06
2024110603014947,SFCL,44,20,10.0,845.0,8450.0,2024-11-06
2024110603014946,SFCL,44,52,10.0,845.0,8450.0,2024-11-06
2024110604013144,HURJA,35,58,12.0,214.6,2575.2,2024-11-06
2024110604013143,HURJA,57,58,297.0,214.6,63736.2,2024-11-06
2024110604013142,SSHL,19,58,87.0,222.0,19314.0,2024-11-06
2024110604013141,SSHL,16,58,98.0,222.0,21756.0,2024-11-06
2024110604013140,SSHL,35,58,300.0,222.0,66600.0,2024-11-06
2024110604013139,SSHL,36,58,81.0,222.0,17982.0,2024-11-06
2024110604013138,SSHL,7,58,100.0,222.1,22210.0,2024-11-06
2024110603014945,RLFL,43,41,399.0,670.0,267330.0,2024-11-06
2024110603014944,GMFIL,44,22,222.0,645.0,143190.0,2024-11-06
2024110603014943,GMFIL,49,22,100.0,645.0,64500.0,2024-11-06
2024110603014942,GMFIL,48,22,50.0,645.2,32260.0,2024-11-06
2024110603014941,GMFIL,19,22,274.0,645.3,176812.2,2024-11-06
2024110603014940,GMFIL,57,22,500.0,645.5,322750.0,2024-11-06
2024110603014939,GMFIL,35,22,50.0,645.6,32280.0,2024-11-06
2024110603014938,GMFIL,42,22,154.0,646.0,99484.0,2024-11-06
2024110603014937,GMFIL,48,22,50.0,646.0,32300.0,2024-11-06
2024110604013137,RHPL,22,26,200.0,403.0,80600.0,2024-11-06
2024110601015281,TPC,34,22,320.0,500.0,160000.0,2024-11-06
2024110601015280,HIDCLP,38,26,50.0,182.5,9125.0,2024-11-06
2024110603014936,GFCL,32,35,10.0,1022.9,10229.0,2024-11-06
2024110601015279,DOLTI,62,84,85.0,616.0,52360.0,2024-11-06
2024110603014935,PFL,91,54,11.0,655.0,7205.0,2024-11-06
2024110603014934,PFL,51,54,54.0,655.0,35370.0,2024-11-06
2024110603014933,PFL,43,54,10.0,655.1,6551.0,2024-11-06
2024110601015278,USHEC,25,45,51.0,571.0,29121.0,2024-11-06
2024110604013136,UPPER,42,1,267.0,216.0,57672.0,2024-11-06
2024110601015277,TPC,34,45,270.0,500.0,135000.0,2024-11-06
2024110603014932,GLBSL,56,56,30.0,1900.0,57000.0,2024-11-06
2024110605010563,PHCL,65,49,300.0,578.0,173400.0,2024-11-06
2024110603014931,NABBC,17,34,41.0,741.1,30385.1,2024-11-06
2024110603014930,PROFL,34,67,50.0,714.0,35700.0,2024-11-06
2024110604013135,HDHPC,57,11,10.0,212.0,2120.0,2024-11-06
2024110603014929,ACLBSL,57,39,17.0,1056.0,17952.0,2024-11-06
2024110603014928,ACLBSL,57,19,13.0,1052.9,13687.7,2024-11-06
2024110603014927,ACLBSL,57,21,60.0,1051.0,63060.0,2024-11-06
2024110603014926,ACLBSL,57,29,10.0,1045.0,10450.0,2024-11-06
2024110601015276,MKJC,57,65,100.0,477.7,47770.0,2024-11-06
2024110603014925,CBBL,39,28,35.0,961.4,33649.0,2024-11-06
2024110604013134,LEC,1,7,22.0,232.0,5104.0,2024-11-06
2024110604013133,LEC,1,7,1190.0,231.8,275842.0,2024-11-06
2024110605010562,CHDC,50,58,290.0,1670.0,484300.0,2024-11-06
2024110605010561,CHDC,63,58,10.0,1670.1,16701.0,2024-11-06
2024110601015275,NABIL,42,41,50.0,564.0,28200.0,2024-11-06
2024110601015274,MEHL,36,11,100.0,410.0,41000.0,2024-11-06
2024110604013132,KKHC,14,42,119.0,295.0,35105.0,2024-11-06
2024110605010560,MBJC,45,43,90.0,337.1,30339.0,2024-11-06
2024110604013131,UMHL,38,34,850.0,357.2,303620.0,2024-11-06
2024110604013130,UMHL,22,34,50.0,357.3,17865.0,2024-11-06
2024110604013129,UMHL,42,34,100.0,358.5,35850.0,2024-11-06
2024110601015273,GVL,56,13,1197.0,545.2,652604.4,2024-11-06
2024110601015272,GVL,50,13,363.0,545.2,197907.6,2024-11-06
2024110601015271,GVL,38,13,80.0,545.3,43624.0,2024-11-06
2024110601015270,MKCL,56,5,10.0,1535.0,15350.0,2024-11-06
2024110603014924,SWBBL,6,33,20.0,903.9,18078.0,2024-11-06
2024110605010559,HRL,16,58,20.0,870.0,17400.0,2024-11-06
2024110605010558,HRL,16,77,10.0,870.0,8700.0,2024-11-06
2024110603014923,SFCL,44,52,40.0,845.0,33800.0,2024-11-06
2024110605010557,HRL,16,81,98.0,870.0,85260.0,2024-11-06
2024110603014922,SFCL,44,49,10.0,845.0,8450.0,2024-11-06
2024110603014921,SFCL,44,58,50.0,845.0,42250.0,2024-11-06
2024110604013128,SICL,1,44,19.0,855.3,16250.7,2024-11-06
2024110604013127,LEC,45,1,200.0,231.0,46200.0,2024-11-06
2024110603014920,GBBL,10,3,49.0,449.0,22001.0,2024-11-06
2024110603014919,GBBL,10,41,31.0,449.0,13919.0,2024-11-06
2024110603014918,GBBL,10,59,20.0,448.9,8978.0,2024-11-06
2024110603014917,MNBBL,57,41,346.0,395.3,136773.8,2024-11-06
2024110603014916,MNBBL,52,41,20.0,395.4,7908.0,2024-11-06
2024110603014915,ALBSL,56,41,15.0,1069.0,16035.0,2024-11-06
2024110604013126,DHPL,38,38,80.0,262.9,21032.0,2024-11-06
2024110604013125,DHPL,38,14,350.0,262.8,91980.0,2024-11-06
2024110604013124,DHPL,38,6,70.0,262.0,18340.0,2024-11-06
2024110603014914,SMFBS,14,22,10.0,1549.0,15490.0,2024-11-06
2024110605010556,SAHAS,94,62,280.0,536.0,150080.0,2024-11-06
2024110601015269,PRVU,25,34,100.0,243.5,24350.0,2024-11-06
2024110603014913,SKBBL,26,42,100.0,933.0,93300.0,2024-11-06
2024110601015268,CITY,77,91,50.0,865.0,43250.0,2024-11-06
2024110601015267,CITY,77,1,30.0,865.0,25950.0,2024-11-06
2024110601015266,CITY,77,22,50.0,865.0,43250.0,2024-11-06
2024110601015265,CITY,77,48,200.0,864.9,172980.0,2024-11-06
2024110601015264,CITY,77,57,500.0,864.0,432000.0,2024-11-06
2024110601015263,CITY,77,35,10.0,864.0,8640.0,2024-11-06
2024110601015262,CITY,77,39,100.0,863.0,86300.0,2024-11-06
2024110601015261,CITY,77,58,10.0,863.0,8630.0,2024-11-06
2024110601015260,CITY,77,35,10.0,863.0,8630.0,2024-11-06
2024110601015259,CITY,77,22,40.0,862.9,34516.0,2024-11-06
2024110605010555,NRN,7,14,54.0,904.0,48816.0,2024-11-06
2024110605010554,NRN,7,60,666.0,904.0,602064.0,2024-11-06
2024110605010553,NRN,7,49,10.0,904.0,9040.0,2024-11-06
2024110605010552,NRN,7,42,50.0,904.0,45200.0,2024-11-06
2024110605010551,NRN,7,56,10.0,902.0,9020.0,2024-11-06
2024110605010550,NRN,7,17,200.0,900.0,180000.0,2024-11-06
2024110605010549,NRN,7,49,1000.0,900.0,900000.0,2024-11-06
2024110605010548,NRN,7,39,100.0,900.0,90000.0,2024-11-06
2024110605010547,NRN,7,32,110.0,900.0,99000.0,2024-11-06
2024110605010546,NRN,7,98,500.0,899.9,449950.0,2024-11-06
2024110605010545,NRN,7,95,500.0,899.9,449950.0,2024-11-06
2024110605010544,NRN,7,60,500.0,899.8,449900.0,2024-11-06
2024110605010543,NRN,7,45,290.0,899.0,260710.0,2024-11-06
2024110605010542,NRN,7,49,10.0,899.0,8990.0,2024-11-06
2024110601015258,TPC,34,7,100.0,500.0,50000.0,2024-11-06
2024110604013123,SSHL,56,25,80.0,222.9,17832.0,2024-11-06
2024110604013122,SSHL,56,29,100.0,222.7,22270.0,2024-11-06
2024110604013121,SSHL,56,51,100.0,222.7,22270.0,2024-11-06
2024110604013120,SSHL,56,42,300.0,222.6,66780.0,2024-11-06
2024110604013119,SSHL,56,22,420.0,222.5,93450.0,2024-11-06
2024110601015257,PCBL,33,55,390.0,279.1,108849.0,2024-11-06
2024110605010541,CLI,35,29,967.0,679.3,656883.1,2024-11-06
2024110605010540,CLI,35,49,10.0,679.0,6790.0,2024-11-06
2024110605010539,CLI,35,58,10.0,679.0,6790.0,2024-11-06
2024110605010538,CLI,35,44,200.0,678.9,135780.0,2024-11-06
2024110605010537,CLI,35,44,10.0,678.9,6789.0,2024-11-06
2024110605010536,CLI,35,58,50.0,678.9,33945.0,2024-11-06
2024110605010535,CLI,35,35,10.0,678.5,6785.0,2024-11-06
2024110605010534,CLI,35,34,1000.0,678.0,678000.0,2024-11-06
2024110605010533,CLI,35,26,100.0,678.0,67800.0,2024-11-06
2024110605010532,CLI,35,42,100.0,678.0,67800.0,2024-11-06
2024110605010531,CLI,35,53,10.0,678.0,6780.0,2024-11-06
2024110605010530,CLI,35,96,10.0,678.0,6780.0,2024-11-06
2024110605010529,CLI,35,97,10.0,678.0,6780.0,2024-11-06
2024110605010528,CLI,35,7,40.0,678.0,27120.0,2024-11-06
2024110605010527,CLI,35,96,10.0,678.0,6780.0,2024-11-06
2024110605010526,CLI,35,55,200.0,677.3,135460.0,2024-11-06
2024110605010525,CLI,35,57,10.0,677.0,6770.0,2024-11-06
2024110605010524,CLI,35,41,10.0,677.0,6770.0,2024-11-06
2024110605010523,CLI,35,4,10.0,677.0,6770.0,2024-11-06
2024110605010522,CLI,35,58,30.0,677.0,20310.0,2024-11-06
2024110605010521,CLI,35,4,160.0,677.0,108320.0,2024-11-06
2024110605010520,CLI,35,49,10.0,677.0,6770.0,2024-11-06
2024110605010519,CLI,35,38,50.0,677.0,33850.0,2024-11-06
2024110605010518,CLI,35,67,500.0,676.0,338000.0,2024-11-06
2024110605010517,CLI,35,42,10.0,676.0,6760.0,2024-11-06
2024110605010516,CLI,35,59,10.0,676.0,6760.0,2024-11-06
2024110605010515,CLI,35,58,120.0,676.0,81120.0,2024-11-06
2024110605010514,CLI,35,55,50.0,676.0,33800.0,2024-11-06
2024110605010513,CLI,35,58,200.0,676.0,135200.0,2024-11-06
2024110605010512,CLI,35,13,500.0,676.0,338000.0,2024-11-06
2024110605010511,CLI,35,57,50.0,676.0,33800.0,2024-11-06
2024110605010510,CLI,35,56,10.0,676.0,6760.0,2024-11-06
2024110605010509,CLI,35,59,10.0,676.0,6760.0,2024-11-06
2024110605010508,CLI,35,42,10.0,675.4,6754.0,2024-11-06
2024110605010507,CLI,35,45,30.0,675.2,20256.0,2024-11-06
2024110605010506,CLI,35,35,10.0,675.1,6751.0,2024-11-06
2024110605010505,CLI,35,81,200.0,675.0,135000.0,2024-11-06
2024110605010504,CLI,35,38,20.0,675.0,13500.0,2024-11-06
2024110605010503,CLI,35,28,53.0,675.0,35775.0,2024-11-06
2024110605010502,CLI,35,41,200.0,673.0,134600.0,2024-11-06
2024110604013118,SICL,34,44,35.0,858.0,30030.0,2024-11-06
2024110604013117,SICL,34,91,65.0,857.9,55763.5,2024-11-06
2024110603014912,GBLBS,49,13,160.0,780.0,124800.0,2024-11-06
2024110603014911,GBLBS,41,13,40.0,780.1,31204.0,2024-11-06
2024110601015256,IHL,34,3,50.0,533.0,26650.0,2024-11-06
2024110601015255,IHL,22,3,40.0,533.4,21336.0,2024-11-06
2024110601015254,IHL,14,3,655.0,533.4,349377.0,2024-11-06
2024110601015253,IHL,49,3,900.0,533.6,480240.0,2024-11-06
2024110605010501,NRIC,34,59,300.0,794.0,238200.0,2024-11-06
2024110603014910,GRDBL,20,25,10.0,795.0,7950.0,2024-11-06
2024110603014909,GFCL,81,58,25.0,1020.0,25500.0,2024-11-06
2024110603014908,ICFC,44,58,400.0,793.0,317200.0,2024-11-06
2024110603014907,ICFC,11,58,50.0,793.0,39650.0,2024-11-06
2024110603014906,ICFC,52,58,50.0,793.0,39650.0,2024-11-06
2024110601015252,RAWA,58,3,10.0,790.0,7900.0,2024-11-06
2024110604013116,HURJA,14,45,200.0,214.8,42960.0,2024-11-06
2024110601015251,NIMB,13,62,200.0,233.0,46600.0,2024-11-06
2024110603014905,MPFL,62,32,100.0,759.0,75900.0,2024-11-06
2024110605010500,MEL,86,51,10.0,297.1,2971.0,2024-11-06
2024110603014904,SFCL,41,26,50.0,844.9,42245.0,2024-11-06
2024110604013115,UPCL,35,36,30.0,270.9,8127.0,2024-11-06
2024110605010499,HRL,47,81,200.0,870.0,174000.0,2024-11-06
2024110605010498,MBJC,45,34,40.0,337.1,13484.0,2024-11-06
2024110604013114,API,57,11,50.0,289.7,14485.0,2024-11-06
2024110601015250,NESDO,37,51,10.0,2270.0,22700.0,2024-11-06
2024110601015249,SANIMA,44,45,65.0,327.0,21255.0,2024-11-06
2024110601015248,SANIMA,44,14,150.0,327.0,49050.0,2024-11-06
2024110601015247,SANIMA,44,37,200.0,327.0,65400.0,2024-11-06
2024110601015246,SANIMA,44,17,503.0,326.8,164380.4,2024-11-06
2024110601015245,SANIMA,44,32,100.0,326.0,32600.0,2024-11-06
2024110601015244,SANIMA,44,38,10.0,326.0,3260.0,2024-11-06
2024110601015243,SANIMA,44,52,61.0,326.0,19886.0,2024-11-06
2024110601015242,SANIMA,44,48,32.0,326.0,10432.0,2024-11-06
2024110601015241,SANIMA,44,34,19.0,326.0,6194.0,2024-11-06
2024110601015240,SANIMA,44,34,280.0,325.0,91000.0,2024-11-06
2024110601015239,SANIMA,44,33,75.0,325.0,24375.0,2024-11-06
2024110601015238,SANIMA,44,37,500.0,325.0,162500.0,2024-11-06
2024110601015237,SANIMA,44,39,27.0,325.0,8775.0,2024-11-06
2024110601015236,SANIMA,44,25,10.0,325.0,3250.0,2024-11-06
2024110601015235,SANIMA,44,13,39.0,325.0,12675.0,2024-11-06
2024110601015234,SANIMA,44,78,500.0,324.9,162450.0,2024-11-06
2024110601015233,SANIMA,44,50,1269.0,324.8,412171.2,2024-11-06
2024110601015232,SANIMA,44,51,220.0,324.7,71434.0,2024-11-06
2024110601015231,SANIMA,44,50,940.0,324.5,305030.0,2024-11-06
2024110601015230,PCBL,33,52,1000.0,279.1,279100.0,2024-11-06
2024110603014903,KSBBL,35,22,134.0,453.0,60702.0,2024-11-06
2024110603014902,KSBBL,54,22,60.0,453.5,27210.0,2024-11-06
2024110604013113,UPPER,58,1,1000.0,216.0,216000.0,2024-11-06
2024110603014901,GBBL,29,58,146.0,448.0,65408.0,2024-11-06
2024110603014900,GBBL,42,58,11.0,448.0,4928.0,2024-11-06
2024110603014899,GBBL,50,58,130.0,448.3,58279.0,2024-11-06
2024110604013112,SHPC,17,58,200.0,544.5,108900.0,2024-11-06
2024110604013111,RHPL,26,58,100.0,402.6,40260.0,2024-11-06
2024110605010497,NIFRA,60,42,10.0,275.0,2750.0,2024-11-06
2024110603014898,MDB,62,69,15.0,648.0,9720.0,2024-11-06
2024110605010496,HDL,56,48,19.0,1363.1,25898.9,2024-11-06
2024110605010495,HDL,34,48,20.0,1363.1,27262.0,2024-11-06
2024110603014897,SMB,42,55,10.0,1843.0,18430.0,2024-11-06
2024110603014896,RLFL,43,42,153.0,670.0,102510.0,2024-11-06
2024110603014895,EDBL,71,98,430.0,675.4,290422.0,2024-11-06
2024110603014894,EDBL,28,98,100.0,675.4,67540.0,2024-11-06
2024110603014893,EDBL,57,98,200.0,676.0,135200.0,2024-11-06
2024110603014892,EDBL,64,98,100.0,676.1,67610.0,2024-11-06
2024110603014891,EDBL,10,98,20.0,676.2,13524.0,2024-11-06
2024110603014890,EDBL,28,98,100.0,676.3,67630.0,2024-11-06
2024110603014889,EDBL,44,98,50.0,676.4,33820.0,2024-11-06
2024110601015229,ADBL,6,45,45.0,366.6,16497.0,2024-11-06
2024110601015228,TAMOR,58,81,253.0,525.0,132825.0,2024-11-06
2024110601015227,SANIMA,8,50,1000.0,324.5,324500.0,2024-11-06
2024110601015226,DLBS,28,6,19.0,1401.0,26619.0,2024-11-06
2024110601015225,DLBS,28,45,10.0,1400.0,14000.0,2024-11-06
2024110601015224,DLBS,28,62,21.0,1400.0,29400.0,2024-11-06
2024110605010494,SAHAS,94,44,500.0,536.0,268000.0,2024-11-06
2024110605010493,SAHAS,94,47,99.0,536.0,53064.0,2024-11-06
2024110601015223,SNLI,13,57,94.0,610.7,57405.8,2024-11-06
2024110601015222,SNLI,13,46,10.0,610.7,6107.0,2024-11-06
2024110601015221,SNLI,13,34,74.0,610.5,45177.0,2024-11-06
2024110601015220,SNLI,13,45,12.0,610.5,7326.0,2024-11-06
2024110601015219,MANDU,13,5,80.0,892.0,71360.0,2024-11-06
2024110604013110,SGIC,74,52,10.0,750.0,7500.0,2024-11-06
2024110604013109,API,57,41,1200.0,289.7,347640.0,2024-11-06
2024110604013108,API,45,41,500.0,289.8,144900.0,2024-11-06
2024110604013107,NGPL,32,58,50.0,472.0,23600.0,2024-11-06
2024110604013106,NGPL,60,58,2000.0,472.0,944000.0,2024-11-06
2024110604013105,NGPL,72,58,200.0,472.2,94440.0,2024-11-06
2024110604013104,NGPL,7,58,2000.0,472.3,944600.0,2024-11-06
2024110603014888,GFCL,81,58,20.0,1020.0,20400.0,2024-11-06
2024110603014887,BFC,60,35,329.0,653.0,214837.0,2024-11-06
2024110603014886,BFC,60,80,71.0,653.0,46363.0,2024-11-06
2024110601015218,SCB,48,29,105.0,741.0,77805.0,2024-11-06
2024110601015217,SCB,48,38,50.0,741.0,37050.0,2024-11-06
2024110601015216,SCB,48,54,25.0,740.9,18522.5,2024-11-06
2024110601015215,SCB,48,42,20.0,740.0,14800.0,2024-11-06
2024110601015214,SMH,42,45,10.0,1200.0,12000.0,2024-11-06
2024110604013103,SGIC,74,72,1990.0,750.0,1492500.0,2024-11-06
2024110604013102,SGIC,6,72,10.0,750.1,7501.0,2024-11-06
2024110603014885,NFS,72,37,13.0,1397.0,18161.0,2024-11-06
2024110603014884,NFS,55,37,37.0,1397.0,51689.0,2024-11-06
2024110603014883,SINDU,19,49,10.0,729.0,7290.0,2024-11-06
2024110604013101,RBCL,7,29,10.0,17001.0,170010.0,2024-11-06
2024110601015213,NIMB,41,32,179.0,233.5,41796.5,2024-11-06
2024110601015212,NIMB,41,38,21.0,233.4,4901.4,2024-11-06
2024110604013100,LEC,60,7,478.0,232.0,110896.0,2024-11-06
2024110604013099,LEC,60,22,92.0,232.0,21344.0,2024-11-06
2024110604013098,LEC,60,14,1430.0,231.9,331617.0,2024-11-06
2024110603014882,MFIL,91,41,300.0,763.0,228900.0,2024-11-06
2024110603014881,SFCL,41,91,100.0,844.9,84490.0,2024-11-06
2024110605010492,HDL,34,53,60.0,1363.1,81786.0,2024-11-06
2024110605010491,HDL,16,53,40.0,1363.2,54528.0,2024-11-06
2024110601015211,SANIMA,41,50,60.0,324.5,19470.0,2024-11-06
2024110601015210,USHEC,25,51,500.0,570.0,285000.0,2024-11-06
2024110601015209,USHEC,25,52,10.0,570.0,5700.0,2024-11-06
2024110601015208,USHEC,25,45,10.0,570.0,5700.0,2024-11-06
2024110601015207,USHEC,25,57,230.0,570.0,131100.0,2024-11-06
2024110603014880,MATRI,14,45,95.0,1394.0,132430.0,2024-11-06
2024110603014879,MATRI,58,45,100.0,1395.0,139500.0,2024-11-06
2024110603014878,MATRI,42,45,10.0,1395.0,13950.0,2024-11-06
2024110603014877,MATRI,32,45,100.0,1395.0,139500.0,2024-11-06
2024110603014876,MATRI,14,45,25.0,1395.0,34875.0,2024-11-06
2024110603014875,MATRI,25,45,25.0,1395.0,34875.0,2024-11-06
2024110603014874,MATRI,39,45,10.0,1396.0,13960.0,2024-11-06
2024110603014873,MATRI,58,45,15.0,1396.0,20940.0,2024-11-06
2024110603014872,MATRI,58,45,20.0,1403.0,28060.0,2024-11-06
2024110601015206,MKHC,49,4,90.0,390.0,35100.0,2024-11-06
2024110601015205,MKHC,49,58,20.0,390.0,7800.0,2024-11-06
2024110601015204,MKHC,49,52,50.0,389.8,19490.0,2024-11-06
2024110601015203,MKHC,49,4,10.0,387.5,3875.0,2024-11-06
2024110601015202,MKHC,49,52,40.0,387.5,15500.0,2024-11-06
2024110601015201,MKHC,49,52,30.0,387.0,11610.0,2024-11-06
2024110601015200,MKHC,49,45,10.0,387.0,3870.0,2024-11-06
2024110601015199,MKHC,49,54,100.0,387.0,38700.0,2024-11-06
2024110603014871,MFIL,70,57,27.0,762.5,20587.5,2024-11-06
2024110603014870,MFIL,50,57,473.0,762.6,360709.8,2024-11-06
2024110603014869,GUFL,57,36,100.0,758.0,75800.0,2024-11-06
2024110603014868,RLFL,43,57,59.0,670.0,39530.0,2024-11-06
2024110605010490,HIDCL,1,59,585.0,273.0,159705.0,2024-11-06
2024110605010489,HIDCL,45,59,55.0,273.1,15020.5,2024-11-06
2024110605010488,PHCL,65,1,1258.0,577.1,725991.8,2024-11-06
2024110605010487,SAHAS,52,1,115.0,535.0,61525.0,2024-11-06
2024110605010486,SAHAS,4,1,500.0,535.0,267500.0,2024-11-06
2024110605010485,SAHAS,22,1,100.0,535.0,53500.0,2024-11-06
2024110605010484,SAHAS,32,1,35.0,535.1,18728.5,2024-11-06
2024110603014867,LBBL,22,42,25.0,482.0,12050.0,2024-11-06
2024110605010483,CIT,4,99,10.0,2178.0,21780.0,2024-11-06
2024110603014866,MFIL,41,41,100.0,763.0,76300.0,2024-11-06
2024110601015198,LSL,38,91,480.0,243.2,116736.0,2024-11-06
2024110601015197,LSL,38,91,20.0,243.3,4866.0,2024-11-06
2024110601015196,HBL,11,48,10.0,250.0,2500.0,2024-11-06
2024110601015195,HBL,40,48,10.0,250.0,2500.0,2024-11-06
2024110601015194,HBL,59,48,90.0,250.0,22500.0,2024-11-06
2024110605010482,RNLI,48,56,165.0,518.8,85602.0,2024-11-06
2024110605010481,RNLI,48,3,35.0,518.7,18154.5,2024-11-06
2024110604013097,NLG,34,48,80.0,1330.0,106400.0,2024-11-06
2024110604013096,NLG,26,48,30.0,1330.0,39900.0,2024-11-06
2024110604013095,NLG,4,48,200.0,1330.0,266000.0,2024-11-06
2024110604013094,NLG,35,48,200.0,1330.0,266000.0,2024-11-06
2024110604013093,NLG,4,48,50.0,1330.1,66505.0,2024-11-06
2024110604013092,NLG,29,48,200.0,1330.1,266020.0,2024-11-06
2024110604013091,NLG,7,48,50.0,1330.1,66505.0,2024-11-06
2024110604013090,NLG,43,48,10.0,1330.1,13301.0,2024-11-06
2024110604013089,NLG,14,48,30.0,1330.2,39906.0,2024-11-06
2024110604013088,NLG,45,48,500.0,1331.0,665500.0,2024-11-06
2024110604013087,NLG,45,48,11.0,1331.0,14641.0,2024-11-06
2024110604013086,NLG,19,48,50.0,1331.0,66550.0,2024-11-06
2024110604013085,NLG,74,48,372.0,1331.0,495132.0,2024-11-06
2024110604013084,NLG,49,48,15.0,1332.0,19980.0,2024-11-06
2024110604013083,NLG,95,48,200.0,1333.0,266600.0,2024-11-06
2024110604013082,NLG,26,48,100.0,1333.1,133310.0,2024-11-06
2024110604013081,NLG,26,48,342.0,1334.2,456296.4,2024-11-06
2024110604013080,NLG,51,48,200.0,1335.0,267000.0,2024-11-06
2024110604013079,NLG,28,48,100.0,1335.0,133500.0,2024-11-06
2024110604013078,NLG,60,48,580.0,1336.0,774880.0,2024-11-06
2024110605010480,NTC,34,51,1000.0,989.0,989000.0,2024-11-06
2024110605010479,NTC,42,51,10.0,989.0,9890.0,2024-11-06
2024110605010478,NTC,58,51,125.0,990.0,123750.0,2024-11-06
2024110604013077,SICL,1,42,31.0,855.3,26514.3,2024-11-06
2024110605010477,NIFRA,41,42,10.0,275.0,2750.0,2024-11-06
2024110605010476,NIFRA,41,42,50.0,275.0,13750.0,2024-11-06
2024110605010475,NIFRA,17,42,10.0,275.0,2750.0,2024-11-06
2024110605010474,NIFRA,40,42,84.0,275.0,23100.0,2024-11-06
2024110605010473,CLI,71,7,52.0,671.1,34897.2,2024-11-06
2024110603014865,GLBSL,56,42,10.0,1900.0,19000.0,2024-11-06
2024110603014864,GLBSL,56,46,25.0,1900.0,47500.0,2024-11-06
2024110603014863,GLBSL,56,57,148.0,1900.0,281200.0,2024-11-06
2024110603014862,GLBSL,56,45,12.0,1900.0,22800.0,2024-11-06
2024110603014861,GLBSL,56,42,100.0,1900.0,190000.0,2024-11-06
2024110603014860,GLBSL,56,72,10.0,1900.0,19000.0,2024-11-06
2024110603014859,GLBSL,56,38,25.0,1897.0,47425.0,2024-11-06
2024110603014858,GLBSL,56,34,40.0,1896.0,75840.0,2024-11-06
2024110603014857,SFCL,56,58,50.0,845.0,42250.0,2024-11-06
2024110603014856,SFCL,56,50,50.0,845.0,42250.0,2024-11-06
2024110605010472,RMF1,4,26,100.0,9.44,944.0,2024-11-06
2024110603014855,CFCL,77,17,75.0,687.1,51532.5,2024-11-06
2024110601015193,RHGCL,70,8,20.0,442.0,8840.0,2024-11-06
2024110601015192,UNLB,34,49,10.0,2664.0,26640.0,2024-11-06
2024110605010471,HDL,16,57,60.0,1363.2,81792.0,2024-11-06
2024110603014854,MLBL,22,1,50.0,404.0,20200.0,2024-11-06
2024110604013076,UMRH,46,41,277.0,490.0,135730.0,2024-11-06
2024110601015191,SRLI,34,58,10.0,452.5,4525.0,2024-11-06
2024110605010470,VLUCL,88,62,65.0,610.0,39650.0,2024-11-06
2024110605010469,VLUCL,3,62,45.0,610.0,27450.0,2024-11-06
2024110605010468,VLUCL,58,62,90.0,610.0,54900.0,2024-11-06
2024110603014853,GFCL,81,32,500.0,1020.0,510000.0,2024-11-06
2024110603014852,GFCL,45,32,500.0,1022.0,511000.0,2024-11-06
2024110605010467,HDL,42,49,36.0,1366.0,49176.0,2024-11-06
2024110604013075,TRH,38,42,115.0,1120.0,128800.0,2024-11-06
2024110604013074,TRH,38,42,25.0,1125.0,28125.0,2024-11-06
2024110605010466,SAHAS,32,77,100.0,535.1,53510.0,2024-11-06
2024110603014851,DDBL,45,4,25.0,922.0,23050.0,2024-11-06
2024110603014850,KRBL,71,20,10.0,690.0,6900.0,2024-11-06
2024110603014849,KRBL,71,49,100.0,690.0,69000.0,2024-11-06
2024110603014848,KRBL,71,42,200.0,690.0,138000.0,2024-11-06
2024110603014847,KRBL,71,1,140.0,690.0,96600.0,2024-11-06
2024110603014846,KRBL,71,45,150.0,689.7,103455.0,2024-11-06
2024110603014845,KRBL,71,5,200.0,688.9,137780.0,2024-11-06
2024110604013073,HDHPC,48,35,229.0,213.0,48777.0,2024-11-06
2024110604013072,HDHPC,86,54,10.0,214.0,2140.0,2024-11-06
2024110601015190,BGWT,43,44,30.0,943.0,28290.0,2024-11-06
2024110601015189,SCB,4,19,375.0,738.5,276937.5,2024-11-06
2024110601015188,SCB,49,19,50.0,738.6,36930.0,2024-11-06
2024110601015187,SCB,39,19,75.0,739.0,55425.0,2024-11-06
2024110601015186,SMHL,49,6,42.0,675.0,28350.0,2024-11-06
2024110604013071,HDHPC,6,54,300.0,214.0,64200.0,2024-11-06
2024110604013070,SPDL,5,16,157.0,333.0,52281.0,2024-11-06
2024110604013069,SPDL,18,16,293.0,333.0,97569.0,2024-11-06
2024110604013068,AKJCL,57,4,10.0,212.0,2120.0,2024-11-06
2024110604013067,SALICO,14,44,441.0,754.2,332602.2,2024-11-06
2024110604013066,SALICO,10,44,400.0,754.3,301720.0,2024-11-06
2024110604013065,SALICO,17,44,100.0,755.1,75510.0,2024-11-06
2024110604013064,SALICO,29,44,250.0,756.0,189000.0,2024-11-06
2024110604013063,SALICO,56,44,400.0,756.1,302440.0,2024-11-06
2024110604013062,SALICO,42,44,50.0,757.0,37850.0,2024-11-06
2024110604013061,SALICO,58,44,20.0,760.0,15200.0,2024-11-06
2024110604013060,SALICO,57,44,239.0,760.0,181640.0,2024-11-06
2024110604013059,SALICO,59,44,100.0,760.2,76020.0,2024-11-06
2024110604013058,SPDL,18,44,800.0,333.0,266400.0,2024-11-06
2024110604013057,SPDL,84,44,200.0,333.5,66700.0,2024-11-06
2024110605010465,MBJC,45,16,90.0,337.1,30339.0,2024-11-06
2024110604013056,RADHI,60,6,20.0,403.0,8060.0,2024-11-06
2024110604013055,RADHI,60,50,500.0,402.0,201000.0,2024-11-06
2024110603014844,MNBBL,42,43,100.0,395.8,39580.0,2024-11-06
2024110604013054,MHNL,96,40,69.0,268.0,18492.0,2024-11-06
2024110601015185,USHEC,72,57,10.0,570.0,5700.0,2024-11-06
2024110605010464,SONA,74,11,30.0,476.8,14304.0,2024-11-06
2024110603014843,SAPDBL,4,29,100.0,648.0,64800.0,2024-11-06
2024110603014842,SAPDBL,86,29,30.0,648.1,19443.0,2024-11-06
2024110601015184,MAKAR,39,59,10.0,602.0,6020.0,2024-11-06
2024110601015183,MAKAR,39,58,40.0,601.0,24040.0,2024-11-06
2024110604013053,RURU,14,44,30.0,754.1,22623.0,2024-11-06
2024110604013052,SHL,40,14,609.0,568.0,345912.0,2024-11-06
2024110604013051,SHL,44,14,200.0,568.2,113640.0,2024-11-06
2024110604013050,SHL,52,14,100.0,568.5,56850.0,2024-11-06
2024110604013049,NLG,60,40,40.0,1336.0,53440.0,2024-11-06
2024110604013048,NLG,60,13,80.0,1336.0,106880.0,2024-11-06
2024110603014841,ICFC,60,58,10.0,799.9,7999.0,2024-11-06
2024110601015182,KBL,48,32,255.0,227.0,57885.0,2024-11-06
2024110601015181,RHGCL,70,50,100.0,442.0,44200.0,2024-11-06
2024110603014840,LICN,25,57,20.0,1193.0,23860.0,2024-11-06
