transaction,symbol,buyer,seller,quantity,rate,amount,date
2024042101024731,PCBL,52,55,20.0,191.8,3836.0,2024-04-21
2024042103009640,NFS,43,52,50.0,445.0,22250.0,2024-04-21
2024042103009639,SFCL,45,37,74.0,325.0,24050.0,2024-04-21
2024042103009638,SFCL,45,35,26.0,325.0,8450.0,2024-04-21
2024042101024730,SMHL,59,84,10.0,441.6,4416.0,2024-04-21
2024042104008857,NGPL,45,17,10.0,318.5,3185.0,2024-04-21
2024042104008856,NGPL,45,19,100.0,318.0,31800.0,2024-04-21
2024042101024729,PPL,16,26,20.0,608.0,12160.0,2024-04-21
2024042101024728,MHCL,71,72,10.0,400.0,4000.0,2024-04-21
2024042101024727,CYCL,71,42,10.0,1645.0,16450.0,2024-04-21
2024042101024726,RNLI,60,45,11.0,430.0,4730.0,2024-04-21
2024042101024725,RNLI,60,70,23.0,430.0,9890.0,2024-04-21
2024042101024724,RNLI,60,49,61.0,429.0,26169.0,2024-04-21
2024042104008855,JOSHI,41,32,26.0,355.0,9230.0,2024-04-21
2024042104008854,JOSHI,41,44,40.0,355.0,14200.0,2024-04-21
2024042104008853,JOSHI,41,14,34.0,355.0,12070.0,2024-04-21
2024042104008852,CHL,56,6,13.0,316.0,4108.0,2024-04-21
2024042101024723,CZBIL,37,33,10.0,156.8,1568.0,2024-04-21
2024042101024722,PPL,58,35,30.0,620.0,18600.0,2024-04-21
2024042101024721,PPL,58,35,50.0,620.0,31000.0,2024-04-21
2024042101024720,PPL,65,35,50.0,620.0,31000.0,2024-04-21
2024042101024719,EBL,39,54,10.0,506.0,5060.0,2024-04-21
2024042101024718,PCBL,57,55,10.0,191.8,1918.0,2024-04-21
2024042101024717,BGWT,25,54,10.0,591.0,5910.0,2024-04-21
2024042101024716,CITY,68,39,80.0,591.0,47280.0,2024-04-21
2024042101024715,CITY,68,74,10.0,590.0,5900.0,2024-04-21
2024042101024714,CITY,68,17,10.0,582.0,5820.0,2024-04-21
2024042101024713,PPL,25,35,10.0,620.0,6200.0,2024-04-21
2024042101024712,DOLTI,28,25,1000.0,487.0,487000.0,2024-04-21
2024042101024711,SMJC,57,55,90.0,372.0,33480.0,2024-04-21
2024042101024710,PPL,88,35,14.0,620.0,8680.0,2024-04-21
2024042101024709,PPL,7,35,12.0,620.0,7440.0,2024-04-21
2024042103009637,MDB,51,34,10.0,424.7,4247.0,2024-04-21
2024042101024708,MHCL,38,6,40.0,398.0,15920.0,2024-04-21
2024042101024707,TVCL,34,34,100.0,474.9,47490.0,2024-04-21
2024042101024706,DOLTI,28,28,500.0,487.0,243500.0,2024-04-21
2024042101024705,GBIME,28,41,50.0,174.0,8700.0,2024-04-21
2024042101024704,DOLTI,28,45,500.0,486.9,243450.0,2024-04-21
2024042104008851,PRIN,44,32,100.0,780.3,78030.0,2024-04-21
2024042104008850,PRIN,44,4,100.0,780.3,78030.0,2024-04-21
2024042104008849,PRIN,44,7,30.0,780.3,23409.0,2024-04-21
2024042104008848,PRIN,44,26,200.0,780.0,156000.0,2024-04-21
2024042104008847,PRIN,44,19,150.0,780.0,117000.0,2024-04-21
2024042104008846,PRIN,44,91,300.0,780.0,234000.0,2024-04-21
2024042104008845,PRIN,44,32,166.0,780.0,129480.0,2024-04-21
2024042104008844,PRIN,44,7,70.0,780.0,54600.0,2024-04-21
2024042104008843,PRIN,44,58,500.0,780.0,390000.0,2024-04-21
2024042104008842,PRIN,44,28,436.0,780.0,340080.0,2024-04-21
2024042104008841,PRIN,44,91,500.0,779.0,389500.0,2024-04-21
2024042104008840,PRIN,44,45,500.0,773.0,386500.0,2024-04-21
2024042104008839,PRIN,44,42,10.0,770.1,7701.0,2024-04-21
2024042103009636,SHINE,45,53,100.0,363.0,36300.0,2024-04-21
2024042101024703,PPL,62,35,40.0,620.0,24800.0,2024-04-21
2024042101024702,LSL,22,59,10.0,150.0,1500.0,2024-04-21
2024042103009635,NFS,13,52,100.0,445.0,44500.0,2024-04-21
2024042101024701,TVCL,45,34,10.0,474.9,4749.0,2024-04-21
2024042101024700,KDL,45,29,50.0,772.9,38645.0,2024-04-21
2024042101024699,NBL,41,25,20.0,201.8,4036.0,2024-04-21
2024042101024698,PCBL,56,55,10.0,191.8,1918.0,2024-04-21
2024042101024697,PPL,69,35,25.0,620.0,15500.0,2024-04-21
2024042101024696,PPL,20,35,25.0,620.0,15500.0,2024-04-21
2024042103009634,NFS,50,52,10.0,445.0,4450.0,2024-04-21
2024042101024695,JBLB,81,50,29.0,1290.0,37410.0,2024-04-21
2024042103009633,NFS,58,25,10.0,445.0,4450.0,2024-04-21
2024042101024694,PPL,58,35,30.0,620.0,18600.0,2024-04-21
2024042101024693,RNLI,58,49,89.0,429.0,38181.0,2024-04-21
2024042101024692,RNLI,58,17,11.0,429.0,4719.0,2024-04-21
2024042101024691,GCIL,58,43,15.0,502.9,7543.5,2024-04-21
2024042103009632,NFS,39,25,30.0,445.0,13350.0,2024-04-21
2024042104008838,LEC,94,5,295.0,187.6,55342.0,2024-04-21
2024042104008837,LEC,94,49,20.0,187.0,3740.0,2024-04-21
2024042104008836,LEC,94,40,100.0,187.0,18700.0,2024-04-21
2024042104008835,LEC,94,42,250.0,187.0,46750.0,2024-04-21
2024042104008834,LEC,94,52,160.0,187.0,29920.0,2024-04-21
2024042104008833,LEC,94,57,1000.0,186.8,186800.0,2024-04-21
2024042104008832,LEC,94,86,190.0,186.6,35454.0,2024-04-21
2024042104008831,LEC,94,29,100.0,186.5,18650.0,2024-04-21
2024042104008830,LEC,94,21,20.0,186.3,3726.0,2024-04-21
2024042104008829,LEC,94,45,200.0,185.9,37180.0,2024-04-21
2024042104008828,LEC,94,29,1000.0,185.0,185000.0,2024-04-21
2024042104008827,LEC,94,56,175.0,185.0,32375.0,2024-04-21
2024042104008826,LEC,94,42,490.0,185.0,90650.0,2024-04-21
2024042103009631,EDBL,42,56,10.0,353.0,3530.0,2024-04-21
2024042104008825,TRH,55,42,10.0,726.0,7260.0,2024-04-21
2024042101024690,DORDI,14,71,20.0,422.0,8440.0,2024-04-21
2024042103009630,NICLBSL,38,52,678.0,700.7,475074.6,2024-04-21
2024042103009629,NICLBSL,38,35,10.0,700.0,7000.0,2024-04-21
2024042103009628,NICLBSL,38,45,13.0,687.4,8936.2,2024-04-21
2024042103009627,NICLBSL,38,52,50.0,687.0,34350.0,2024-04-21
2024042103009626,NICLBSL,38,62,500.0,687.0,343500.0,2024-04-21
2024042103009625,NICLBSL,38,45,50.0,687.0,34350.0,2024-04-21
2024042103009624,NICLBSL,38,45,200.0,672.0,134400.0,2024-04-21
2024042103009623,NICLBSL,38,37,1000.0,672.0,672000.0,2024-04-21
2024042103009622,NICLBSL,38,41,100.0,672.0,67200.0,2024-04-21
2024042103009621,NICLBSL,38,34,100.0,672.0,67200.0,2024-04-21
2024042103009620,NICLBSL,38,59,200.0,672.0,134400.0,2024-04-21
2024042103009619,NICLBSL,38,14,50.0,672.0,33600.0,2024-04-21
2024042103009618,NICLBSL,38,51,10.0,672.0,6720.0,2024-04-21
2024042103009617,NICLBSL,38,74,100.0,672.0,67200.0,2024-04-21
2024042103009616,NICLBSL,38,29,10.0,672.0,6720.0,2024-04-21
2024042103009615,NICLBSL,38,35,50.0,672.0,33600.0,2024-04-21
2024042103009614,NICLBSL,38,54,20.0,672.0,13440.0,2024-04-21
2024042103009613,NICLBSL,38,19,71.0,672.0,47712.0,2024-04-21
2024042103009612,NICLBSL,38,6,25.0,672.0,16800.0,2024-04-21
2024042103009611,NICLBSL,38,62,300.0,671.0,201300.0,2024-04-21
2024042103009610,NICLBSL,38,34,200.0,671.0,134200.0,2024-04-21
2024042103009609,NICLBSL,38,14,400.0,671.0,268400.0,2024-04-21
2024042103009608,NICLBSL,38,44,500.0,671.0,335500.0,2024-04-21
2024042103009607,NICLBSL,38,38,30.0,670.9,20127.0,2024-04-21
2024042103009606,NICLBSL,38,40,333.0,670.1,223143.3,2024-04-21
2024042101024689,BEDC,34,38,123.0,372.9,45866.7,2024-04-21
2024042101024688,BEDC,34,52,377.0,370.0,139490.0,2024-04-21
2024042101024687,NESDO,34,49,10.0,1670.0,16700.0,2024-04-21
2024042103009605,SFCL,28,36,100.0,324.0,32400.0,2024-04-21
2024042104008824,SSHL,8,51,100.0,160.0,16000.0,2024-04-21
2024042104008823,SSHL,22,51,305.0,160.0,48800.0,2024-04-21
2024042104008822,SSHL,38,51,40.0,160.1,6404.0,2024-04-21
2024042103009604,KSBBL,44,51,20.0,352.9,7058.0,2024-04-21
2024042101024686,MKHL,70,58,10.0,503.0,5030.0,2024-04-21
2024042101024685,MHCL,53,72,20.0,400.0,8000.0,2024-04-21
2024042103009603,GILB,62,35,10.0,993.0,9930.0,2024-04-21
2024042103009602,GILB,62,13,50.0,991.1,49555.0,2024-04-21
2024042103009601,GILB,62,13,20.0,989.9,19798.0,2024-04-21
2024042103009600,GILB,62,13,20.0,988.9,19778.0,2024-04-21
2024042103009599,GUFL,62,42,10.0,787.1,7871.0,2024-04-21
2024042103009598,ACLBSL,62,1,10.0,768.9,7689.0,2024-04-21
2024042101024684,SBI,5,49,25.0,273.9,6847.5,2024-04-21
2024042101024683,SNLI,42,49,10.0,590.0,5900.0,2024-04-21
2024042103009597,MLBBL,49,6,10.0,1060.0,10600.0,2024-04-21
2024042104008821,UPCL,22,43,10.0,196.0,1960.0,2024-04-21
2024042101024682,SHIVM,49,8,100.0,512.0,51200.0,2024-04-21
2024042105003889,NRN,52,47,50.0,507.0,25350.0,2024-04-21
2024042101024681,ANLB,17,57,10.0,1965.2,19652.0,2024-04-21
2024042104008820,KPCL,36,17,20.0,397.0,7940.0,2024-04-21
2024042103009596,GRDBL,84,7,42.0,404.0,16968.0,2024-04-21
2024042103009595,GRDBL,84,1,100.0,400.0,40000.0,2024-04-21
2024042103009594,GRDBL,84,34,200.0,400.0,80000.0,2024-04-21
2024042103009593,GRDBL,84,57,278.0,400.0,111200.0,2024-04-21
2024042103009592,GRDBL,84,25,100.0,399.0,39900.0,2024-04-21
2024042103009591,GRDBL,84,72,280.0,399.0,111720.0,2024-04-21
2024042101024680,SONA,17,43,50.0,458.1,22905.0,2024-04-21
2024042104008819,UMRH,43,1,10.0,343.0,3430.0,2024-04-21
2024042101024679,MLBS,71,43,10.0,1219.9,12199.0,2024-04-21
2024042101024678,SMJC,71,55,30.0,372.0,11160.0,2024-04-21
2024042103009590,MLBBL,21,6,10.0,1060.0,10600.0,2024-04-21
2024042101024677,NICA,42,56,49.0,373.0,18277.0,2024-04-21
2024042103009589,ALBSL,57,29,10.0,712.1,7121.0,2024-04-21
2024042101024676,HHL,32,48,297.0,356.2,105791.4,2024-04-21
2024042101024675,PPL,69,35,12.0,620.0,7440.0,2024-04-21
2024042101024674,PPL,50,35,20.0,620.0,12400.0,2024-04-21
2024042101024673,SBL,50,64,119.0,222.0,26418.0,2024-04-21
2024042101024672,SBL,50,41,154.0,221.5,34111.0,2024-04-21
2024042101024671,SBL,50,41,100.0,221.0,22100.0,2024-04-21
2024042101024670,SBL,50,13,998.0,221.0,220558.0,2024-04-21
2024042101024669,SBL,50,37,500.0,220.9,110450.0,2024-04-21
2024042101024668,SBL,50,42,327.0,220.1,71972.7,2024-04-21
2024042101024667,UHEWA,32,42,50.0,420.0,21000.0,2024-04-21
2024042101024666,PPL,58,35,30.0,620.0,18600.0,2024-04-21
2024042104008818,JOSHI,48,58,429.0,354.0,151866.0,2024-04-21
2024042104008817,JOSHI,7,58,21.0,354.1,7436.1,2024-04-21
2024042101024665,MMKJL,57,50,10.0,416.0,4160.0,2024-04-21
2024042103009588,JBBL,57,49,50.0,285.0,14250.0,2024-04-21
2024042104008816,UPPER,57,18,10.0,167.1,1671.0,2024-04-21
2024042104008815,RIDI,42,17,10.0,171.9,1719.0,2024-04-21
2024042101024664,SGHC,8,44,10.0,320.0,3200.0,2024-04-21
2024042101024663,TSHL,72,42,500.0,540.0,270000.0,2024-04-21
2024042101024662,MHCL,38,45,88.0,398.0,35024.0,2024-04-21
2024042103009587,NFS,6,25,10.0,445.0,4450.0,2024-04-21
2024042101024661,DOLTI,28,28,100.0,487.0,48700.0,2024-04-21
2024042101024660,DOLTI,28,62,365.0,484.0,176660.0,2024-04-21
2024042101024659,DOLTI,28,40,1430.0,470.3,672529.0,2024-04-21
2024042101024658,DOLTI,28,26,100.0,470.0,47000.0,2024-04-21
2024042101024657,DOLTI,28,59,100.0,470.0,47000.0,2024-04-21
2024042101024656,DOLTI,28,77,200.0,470.0,94000.0,2024-04-21
2024042101024655,DOLTI,28,42,92.0,470.0,43240.0,2024-04-21
2024042101024654,DOLTI,28,49,500.0,470.0,235000.0,2024-04-21
2024042101024653,DOLTI,28,6,450.0,469.3,211185.0,2024-04-21
2024042101024652,DOLTI,28,43,300.0,469.3,140790.0,2024-04-21
2024042101024651,DOLTI,28,34,10.0,469.3,4693.0,2024-04-21
2024042101024650,DOLTI,28,66,150.0,469.2,70380.0,2024-04-21
2024042101024649,DOLTI,28,48,10.0,469.2,4692.0,2024-04-21
2024042101024648,DOLTI,28,35,10.0,469.2,4692.0,2024-04-21
2024042101024647,DOLTI,28,57,10.0,469.0,4690.0,2024-04-21
2024042101024646,DOLTI,28,6,100.0,468.6,46860.0,2024-04-21
2024042101024645,DOLTI,28,88,50.0,468.6,23430.0,2024-04-21
2024042101024644,DOLTI,28,59,500.0,468.6,234300.0,2024-04-21
2024042101024643,DOLTI,28,34,3500.0,468.1,1638350.0,2024-04-21
2024042101024642,DOLTI,28,71,1000.0,468.1,468100.0,2024-04-21
2024042101024641,DOLTI,28,21,150.0,468.0,70200.0,2024-04-21
2024042101024640,DOLTI,28,28,940.0,468.0,439920.0,2024-04-21
2024042101024639,DOLTI,28,41,140.0,467.1,65394.0,2024-04-21
2024042101024638,DOLTI,28,42,10.0,467.0,4670.0,2024-04-21
2024042101024637,DOLTI,28,40,675.0,465.9,314482.5,2024-04-21
2024042101024636,DOLTI,28,44,10.0,465.0,4650.0,2024-04-21
2024042101024635,DOLTI,28,38,10.0,465.0,4650.0,2024-04-21
2024042101024634,DOLTI,28,28,180.0,462.0,83160.0,2024-04-21
2024042104008814,AKPL,34,45,498.0,166.9,83116.2,2024-04-21
2024042104008813,AKPL,34,62,52.0,166.5,8658.0,2024-04-21
2024042103009586,KRBL,28,52,80.0,405.0,32400.0,2024-04-21
2024042103009585,MDB,62,34,10.0,424.7,4247.0,2024-04-21
2024042101024633,MMKJL,5,50,200.0,416.0,83200.0,2024-04-21
2024042104008812,NGPL,58,53,10.0,317.0,3170.0,2024-04-21
2024042101024632,SARBTM,52,35,10.0,818.0,8180.0,2024-04-21
2024042101024631,SARBTM,46,35,10.0,818.8,8188.0,2024-04-21
2024042104008811,AKJCL,52,22,10.0,212.0,2120.0,2024-04-21
2024042103009584,NADEP,17,44,61.0,688.0,41968.0,2024-04-21
2024042103009583,NADEP,17,35,76.0,685.0,52060.0,2024-04-21
2024042103009582,NADEP,17,61,48.0,685.0,32880.0,2024-04-21
2024042103009581,NADEP,17,16,15.0,684.3,10264.5,2024-04-21
2024042103009580,NADEP,17,56,50.0,684.0,34200.0,2024-04-21
2024042103009579,NADEP,17,16,200.0,684.0,136800.0,2024-04-21
2024042103009578,NADEP,17,49,50.0,683.9,34195.0,2024-04-21
2024042101024630,KDL,59,29,10.0,772.9,7729.0,2024-04-21
2024042101024629,MEL,42,45,100.0,236.0,23600.0,2024-04-21
2024042105003888,NRIC,45,58,10.0,713.0,7130.0,2024-04-21
2024042101024628,MMKJL,66,45,10.0,415.0,4150.0,2024-04-21
2024042103009577,MDB,60,34,10.0,424.7,4247.0,2024-04-21
2024042101024627,SARBTM,52,41,50.0,818.0,40900.0,2024-04-21
2024042101024626,MMKJL,29,50,10.0,416.0,4160.0,2024-04-21
2024042101024625,RHGCL,69,65,440.0,344.9,151756.0,2024-04-21
2024042101024624,RHGCL,69,17,60.0,344.0,20640.0,2024-04-21
2024042104008810,HURJA,1,41,20.0,290.0,5800.0,2024-04-21
2024042101024623,NICA,26,32,295.0,373.0,110035.0,2024-04-21
2024042101024622,NICA,94,55,10.0,373.9,3739.0,2024-04-21
2024042101024621,UHEWA,57,42,10.0,420.0,4200.0,2024-04-21
2024042103009576,ACLBSL,42,62,10.0,768.0,7680.0,2024-04-21
2024042101024620,CYCL,25,16,61.0,1650.0,100650.0,2024-04-21
2024042101024619,CYCL,25,25,119.0,1650.0,196350.0,2024-04-21
2024042101024618,CYCL,25,41,120.0,1649.0,197880.0,2024-04-21
2024042104008809,GHL,85,28,266.0,154.0,40964.0,2024-04-21
2024042104008808,GHL,85,45,500.0,154.0,77000.0,2024-04-21
2024042104008807,GHL,85,39,100.0,153.8,15380.0,2024-04-21
2024042104008806,GHL,85,14,100.0,153.0,15300.0,2024-04-21
2024042104008805,GHL,85,21,100.0,153.0,15300.0,2024-04-21
2024042104008804,GHL,85,45,200.0,153.0,30600.0,2024-04-21
2024042104008803,GHL,85,48,1000.0,152.0,152000.0,2024-04-21
2024042104008802,GHL,85,52,10.0,152.0,1520.0,2024-04-21
2024042104008801,GHL,85,53,1100.0,152.0,167200.0,2024-04-21
2024042104008800,GHL,85,45,100.0,151.9,15190.0,2024-04-21
2024042104008799,GHL,85,25,300.0,151.9,45570.0,2024-04-21
2024042104008798,GHL,85,39,99.0,151.9,15038.1,2024-04-21
2024042104008797,GHL,85,22,400.0,151.9,60760.0,2024-04-21
2024042104008796,GHL,85,55,300.0,151.9,45570.0,2024-04-21
2024042104008795,GHL,85,57,355.0,151.8,53889.0,2024-04-21
2024042104008794,GHL,85,58,50.0,151.7,7585.0,2024-04-21
2024042104008793,GHL,85,42,20.0,151.7,3034.0,2024-04-21
2024042101024617,KBSH,72,28,258.0,1076.8,277814.4,2024-04-21
2024042101024616,KBSH,72,43,50.0,1076.7,53835.0,2024-04-21
2024042101024615,KBSH,72,22,20.0,1076.7,21534.0,2024-04-21
2024042101024614,KBSH,72,22,100.0,1076.0,107600.0,2024-04-21
2024042101024613,KBSH,72,42,10.0,1076.0,10760.0,2024-04-21
2024042101024612,KBSH,72,46,200.0,1076.0,215200.0,2024-04-21
2024042101024611,KBSH,72,57,50.0,1075.0,53750.0,2024-04-21
2024042101024610,KBSH,72,42,245.0,1070.0,262150.0,2024-04-21
2024042101024609,KBSH,72,34,20.0,1070.0,21400.0,2024-04-21
2024042101024608,KBSH,72,34,10.0,1060.0,10600.0,2024-04-21
2024042101024607,KBSH,72,41,27.0,1060.0,28620.0,2024-04-21
2024042101024606,KBSH,72,34,10.0,1060.0,10600.0,2024-04-21
2024042101024605,SARBTM,38,41,10.0,818.9,8189.0,2024-04-21
2024042101024604,NABIL,38,64,30.0,428.0,12840.0,2024-04-21
2024042101024603,SHIVM,28,8,186.0,512.0,95232.0,2024-04-21
2024042104008792,SJCL,44,89,50.0,285.0,14250.0,2024-04-21
2024042104008791,SJCL,44,52,100.0,284.2,28420.0,2024-04-21
2024042104008790,SJCL,44,40,100.0,284.0,28400.0,2024-04-21
2024042104008789,SJCL,44,58,50.0,284.0,14200.0,2024-04-21
2024042101024602,PPL,62,35,3979.0,620.0,2466980.0,2024-04-21
2024042101024601,PPL,62,46,10.0,619.1,6191.0,2024-04-21
2024042101024600,PPL,62,58,300.0,619.1,185730.0,2024-04-21
2024042101024599,PPL,62,33,100.0,619.1,61910.0,2024-04-21
2024042101024598,PPL,62,37,10.0,619.1,6191.0,2024-04-21
2024042101024597,PPL,62,49,10.0,619.0,6190.0,2024-04-21
2024042101024596,PPL,62,64,100.0,619.0,61900.0,2024-04-21
2024042101024595,PPL,62,33,90.0,618.1,55629.0,2024-04-21
2024042101024594,PPL,62,16,100.0,618.1,61810.0,2024-04-21
2024042101024593,PPL,62,62,200.0,618.1,123620.0,2024-04-21
2024042101024592,PPL,62,5,50.0,618.0,30900.0,2024-04-21
2024042101024591,PPL,62,52,10.0,616.1,6161.0,2024-04-21
2024042101024590,PPL,62,32,10.0,616.1,6161.0,2024-04-21
2024042101024589,PPL,62,17,1000.0,616.0,616000.0,2024-04-21
2024042101024588,PPL,62,58,10.0,616.0,6160.0,2024-04-21
2024042101024587,PPL,62,88,300.0,616.0,184800.0,2024-04-21
2024042101024586,PPL,62,62,200.0,616.0,123200.0,2024-04-21
2024042101024585,PPL,62,17,10.0,615.4,6154.0,2024-04-21
2024042101024584,PPL,62,62,200.0,615.3,123060.0,2024-04-21
2024042101024583,PPL,62,1,500.0,615.0,307500.0,2024-04-21
2024042101024582,PPL,62,16,10.0,615.0,6150.0,2024-04-21
2024042101024581,PPL,62,25,50.0,615.0,30750.0,2024-04-21
2024042101024580,PPL,62,34,10.0,615.0,6150.0,2024-04-21
2024042101024579,PPL,62,34,10.0,615.0,6150.0,2024-04-21
2024042101024578,PPL,62,4,10.0,615.0,6150.0,2024-04-21
2024042101024577,PPL,62,19,10.0,615.0,6150.0,2024-04-21
2024042101024576,PPL,62,25,110.0,614.0,67540.0,2024-04-21
2024042101024575,PPL,62,62,200.0,614.0,122800.0,2024-04-21
2024042101024574,PPL,62,28,500.0,614.0,307000.0,2024-04-21
2024042101024573,PPL,62,52,10.0,614.0,6140.0,2024-04-21
2024042101024572,PPL,62,28,10.0,610.5,6105.0,2024-04-21
2024042101024571,PPL,62,47,10.0,610.0,6100.0,2024-04-21
2024042101024570,PPL,62,4,10.0,610.0,6100.0,2024-04-21
2024042101024569,PPL,62,21,10.0,610.0,6100.0,2024-04-21
2024042101024568,PPL,62,28,100.0,610.0,61000.0,2024-04-21
2024042101024567,PPL,62,49,41.0,610.0,25010.0,2024-04-21
2024042101024566,PPL,62,4,10.0,610.0,6100.0,2024-04-21
2024042101024565,SHIVM,35,8,500.0,512.0,256000.0,2024-04-21
2024042103009575,NICLBSL,45,40,167.0,670.1,111906.7,2024-04-21
2024042103009574,NICLBSL,45,26,100.0,670.1,67010.0,2024-04-21
2024042103009573,NICLBSL,45,17,100.0,670.1,67010.0,2024-04-21
2024042103009572,NICLBSL,45,8,20.0,670.0,13400.0,2024-04-21
2024042103009571,NICLBSL,45,54,10.0,670.0,6700.0,2024-04-21
2024042103009570,NICLBSL,45,26,100.0,670.0,67000.0,2024-04-21
2024042103009569,NICLBSL,45,34,10.0,669.1,6691.0,2024-04-21
2024042103009568,NICLBSL,45,5,50.0,669.1,33455.0,2024-04-21
2024042103009567,NICLBSL,45,8,1000.0,669.1,669100.0,2024-04-21
2024042103009566,NICLBSL,45,45,200.0,669.0,133800.0,2024-04-21
2024042103009565,NICLBSL,45,34,22.0,669.0,14718.0,2024-04-21
2024042103009564,NICLBSL,45,42,20.0,668.0,13360.0,2024-04-21
2024042103009563,NICLBSL,45,39,20.0,665.1,13302.0,2024-04-21
2024042103009562,NICLBSL,45,50,49.0,665.0,32585.0,2024-04-21
2024042103009561,NICLBSL,45,6,75.0,665.0,49875.0,2024-04-21
2024042103009560,NICLBSL,45,45,10.0,665.0,6650.0,2024-04-21
2024042103009559,NICLBSL,45,38,10.0,665.0,6650.0,2024-04-21
2024042103009558,NICLBSL,45,62,30.0,665.0,19950.0,2024-04-21
2024042103009557,NICLBSL,45,42,10.0,664.1,6641.0,2024-04-21
2024042103009556,NICLBSL,45,42,500.0,664.0,332000.0,2024-04-21
2024042103009555,NICLBSL,45,43,20.0,664.0,13280.0,2024-04-21
2024042103009554,NICLBSL,45,42,10.0,664.0,6640.0,2024-04-21
2024042103009553,NICLBSL,45,67,50.0,663.0,33150.0,2024-04-21
2024042103009552,NICLBSL,45,26,50.0,663.0,33150.0,2024-04-21
2024042103009551,NICLBSL,45,42,240.0,660.4,158496.0,2024-04-21
2024042103009550,NICLBSL,45,13,50.0,660.4,33020.0,2024-04-21
2024042103009549,NICLBSL,45,52,11.0,660.0,7260.0,2024-04-21
2024042103009548,NICLBSL,45,64,10.0,660.0,6600.0,2024-04-21
2024042103009547,NICLBSL,45,4,500.0,660.0,330000.0,2024-04-21
2024042103009546,NICLBSL,45,34,10.0,660.0,6600.0,2024-04-21
2024042103009545,NICLBSL,45,49,10.0,660.0,6600.0,2024-04-21
2024042103009544,NICLBSL,45,59,40.0,660.0,26400.0,2024-04-21
2024042103009543,NICLBSL,45,65,150.0,660.0,99000.0,2024-04-21
2024042103009542,NICLBSL,45,38,10.0,660.0,6600.0,2024-04-21
2024042103009541,NICLBSL,45,35,36.0,660.0,23760.0,2024-04-21
2024042103009540,NICLBSL,45,17,150.0,659.9,98985.0,2024-04-21
2024042103009539,NICLBSL,45,87,130.0,659.0,85670.0,2024-04-21
2024042103009538,NICLBSL,45,40,20.0,653.0,13060.0,2024-04-21
2024042104008788,RBCL,21,4,10.0,13000.0,130000.0,2024-04-21
2024042101024564,SAMAJ,58,11,10.0,1840.0,18400.0,2024-04-21
2024042105003887,CIT,50,17,11.0,2098.0,23078.0,2024-04-21
2024042101024563,MEL,42,32,405.0,236.0,95580.0,2024-04-21
2024042101024562,MEL,29,32,500.0,236.1,118050.0,2024-04-21
2024042101024561,MEL,45,32,25.0,237.0,5925.0,2024-04-21
2024042101024560,MEL,58,32,770.0,237.0,182490.0,2024-04-21
2024042105003886,SMATA,19,58,10.0,719.0,7190.0,2024-04-21
2024042101024559,SARBTM,52,58,20.0,818.0,16360.0,2024-04-21
2024042101024558,GCIL,21,58,11.0,500.0,5500.0,2024-04-21
2024042104008787,SGIC,82,33,1000.0,520.0,520000.0,2024-04-21
2024042104008786,SGIC,62,33,200.0,520.3,104060.0,2024-04-21
2024042104008785,SGIC,20,33,100.0,521.1,52110.0,2024-04-21
2024042104008784,SGIC,20,33,100.0,521.2,52120.0,2024-04-21
2024042104008783,SGIC,35,33,100.0,522.0,52200.0,2024-04-21
2024042101024557,SRLI,38,1,20.0,437.9,8758.0,2024-04-21
2024042101024556,SBI,6,49,34.0,273.9,9312.6,2024-04-21
2024042101024555,KDL,49,47,85.0,765.0,65025.0,2024-04-21
2024042101024554,KDL,21,47,30.0,765.0,22950.0,2024-04-21
2024042101024553,KDL,11,47,150.0,765.1,114765.0,2024-04-21
2024042101024552,KDL,26,47,100.0,765.2,76520.0,2024-04-21
2024042101024551,KDL,26,47,270.0,766.0,206820.0,2024-04-21
2024042101024550,KDL,26,47,50.0,766.5,38325.0,2024-04-21
2024042101024549,KDL,32,47,15.0,766.5,11497.5,2024-04-21
2024042101024548,MBJC,47,49,81.0,305.0,24705.0,2024-04-21
2024042101024547,MBJC,47,34,500.0,304.0,152000.0,2024-04-21
2024042101024546,MBJC,47,33,10.0,302.0,3020.0,2024-04-21
2024042101024545,MBJC,47,21,10.0,302.0,3020.0,2024-04-21
2024042101024544,MBJC,47,41,10.0,301.0,3010.0,2024-04-21
2024042101024543,MBJC,47,34,389.0,301.0,117089.0,2024-04-21
2024042101024542,KDL,34,29,10.0,772.9,7729.0,2024-04-21
2024042103009537,WNLB,35,11,10.0,1295.0,12950.0,2024-04-21
2024042103009536,WNLB,35,52,50.0,1291.3,64565.0,2024-04-21
2024042103009535,WNLB,35,14,100.0,1290.0,129000.0,2024-04-21
2024042103009534,WNLB,35,11,50.0,1289.0,64450.0,2024-04-21
2024042103009533,WNLB,35,22,80.0,1288.0,103040.0,2024-04-21
2024042103009532,WNLB,35,49,10.0,1265.0,12650.0,2024-04-21
2024042104008782,UPCL,49,43,30.0,196.0,5880.0,2024-04-21
2024042101024541,PPL,16,49,10.0,608.0,6080.0,2024-04-21
2024042104008781,CGH,45,14,50.0,781.0,39050.0,2024-04-21
2024042104008780,CGH,45,44,10.0,781.0,7810.0,2024-04-21
2024042101024540,NICA,21,55,25.0,373.9,9347.5,2024-04-21
2024042101024539,NICA,21,11,90.0,373.9,33651.0,2024-04-21
2024042101024538,NICA,21,77,25.0,373.5,9337.5,2024-04-21
2024042101024537,DOLTI,48,28,20.0,462.0,9240.0,2024-04-21
2024042101024536,CLI,51,48,50.0,439.0,21950.0,2024-04-21
2024042101024535,CLI,50,48,30.0,439.0,13170.0,2024-04-21
2024042101024534,CLI,52,48,14.0,439.0,6146.0,2024-04-21
2024042101024533,PHCL,50,88,100.0,299.0,29900.0,2024-04-21
2024042103009531,NABBC,56,58,40.0,414.6,16584.0,2024-04-21
2024042105003885,CHDC,88,55,50.0,798.0,39900.0,2024-04-21
2024042101024532,JALPA,29,55,49.0,1209.4,59260.6,2024-04-21
2024042101024531,JALPA,22,55,61.0,1249.0,76189.0,2024-04-21
2024042104008779,API,66,70,966.0,174.7,168760.2,2024-04-21
2024042104008778,API,66,55,100.0,173.6,17360.0,2024-04-21
2024042104008777,API,66,58,500.0,173.4,86700.0,2024-04-21
2024042104008776,API,66,1,600.0,173.4,104040.0,2024-04-21
2024042104008775,API,66,5,50.0,173.3,8665.0,2024-04-21
2024042104008774,API,66,19,58.0,173.1,10039.8,2024-04-21
2024042104008773,API,66,57,100.0,173.0,17300.0,2024-04-21
2024042104008772,API,66,38,10.0,173.0,1730.0,2024-04-21
2024042104008771,API,66,34,500.0,173.0,86500.0,2024-04-21
2024042104008770,API,66,43,50.0,172.2,8610.0,2024-04-21
2024042104008769,API,66,58,10.0,172.0,1720.0,2024-04-21
2024042104008768,API,66,7,100.0,172.0,17200.0,2024-04-21
2024042104008767,API,66,11,100.0,172.0,17200.0,2024-04-21
2024042104008766,API,66,42,100.0,172.0,17200.0,2024-04-21
2024042104008765,API,66,17,60.0,172.0,10320.0,2024-04-21
2024042104008764,API,66,35,210.0,171.9,36099.0,2024-04-21
2024042104008763,API,66,35,73.0,171.7,12534.1,2024-04-21
2024042104008762,API,66,41,500.0,171.5,85750.0,2024-04-21
2024042104008761,API,66,35,200.0,171.5,34300.0,2024-04-21
2024042104008760,API,66,35,555.0,171.3,95071.5,2024-04-21
2024042104008759,API,66,58,60.0,171.2,10272.0,2024-04-21
2024042104008758,API,66,35,100.0,171.2,17120.0,2024-04-21
2024042104008757,UPPER,26,34,600.0,167.0,100200.0,2024-04-21
2024042103009530,ILBS,44,1,10.0,956.9,9569.0,2024-04-21
2024042103009529,GILB,62,66,93.0,988.0,91884.0,2024-04-21
2024042101024530,SONA,35,49,200.0,459.0,91800.0,2024-04-21
2024042103009528,WNLB,10,49,30.0,1265.2,37956.0,2024-04-21
2024042103009527,WNLB,34,49,10.0,1266.0,12660.0,2024-04-21
2024042101024529,USHL,26,57,10.0,479.0,4790.0,2024-04-21
2024042101024528,NICAD8283,38,45,100.0,1123.0,112300.0,2024-04-21
2024042101024527,SARBTM,52,56,40.0,818.0,32720.0,2024-04-21
2024042104008756,DHPL,3,37,10.0,202.0,2020.0,2024-04-21
2024042103009526,SJLIC,14,32,30.0,435.0,13050.0,2024-04-21
2024042103009525,SJLIC,17,32,10.0,435.0,4350.0,2024-04-21
2024042101024526,NABIL,8,64,15.0,428.0,6420.0,2024-04-21
2024042101024525,NABIL,52,64,10.0,428.0,4280.0,2024-04-21
2024042101024524,NABIL,59,64,20.0,428.0,8560.0,2024-04-21
2024042101024523,NABIL,41,64,25.0,428.0,10700.0,2024-04-21
2024042101024522,NABIL,22,64,450.0,428.0,192600.0,2024-04-21
2024042101024521,NABIL,17,64,60.0,428.0,25680.0,2024-04-21
2024042101024520,NABIL,49,64,100.0,429.0,42900.0,2024-04-21
2024042101024519,SARBTM,52,57,90.0,818.0,73620.0,2024-04-21
2024042101024518,SARBTM,11,57,10.0,818.0,8180.0,2024-04-21
2024042103009524,CORBL,58,58,30.0,430.0,12900.0,2024-04-21
2024042103009523,PMLI,7,58,10.0,509.0,5090.0,2024-04-21
2024042103009522,PMLI,7,29,54.0,509.0,27486.0,2024-04-21
2024042103009521,PMLI,7,34,10.0,508.9,5089.0,2024-04-21
2024042103009520,PMLI,7,55,10.0,508.9,5089.0,2024-04-21
2024042103009519,PMLI,7,57,10.0,505.2,5052.0,2024-04-21
2024042101024517,MMKJL,66,50,20.0,416.0,8320.0,2024-04-21
2024042103009518,GUFL,62,33,53.0,780.0,41340.0,2024-04-21
2024042103009517,GUFL,51,33,20.0,780.0,15600.0,2024-04-21
2024042103009516,GUFL,52,33,165.0,784.0,129360.0,2024-04-21
2024042103009515,GUFL,72,33,62.0,787.1,48800.2,2024-04-21
2024042103009514,GUFL,1,33,200.0,789.0,157800.0,2024-04-21
2024042103009513,MERO,38,14,10.0,618.0,6180.0,2024-04-21
2024042103009512,MERO,38,43,10.0,615.0,6150.0,2024-04-21
2024042103009511,GILB,62,66,100.0,988.0,98800.0,2024-04-21
2024042103009510,GMFIL,22,29,18.0,359.0,6462.0,2024-04-21
2024042103009509,SLBBL,1,91,200.0,655.5,131100.0,2024-04-21
2024042104008755,UPPER,26,70,178.0,167.0,29726.0,2024-04-21
2024042101024516,SARBTM,21,19,50.0,818.8,40940.0,2024-04-21
2024042104008754,UMHL,52,57,15.0,240.2,3603.0,2024-04-21
2024042104008753,UMHL,61,57,235.0,240.2,56447.0,2024-04-21
2024042104008752,UMHL,26,57,250.0,240.3,60075.0,2024-04-21
2024042104008751,UPCL,72,22,26.0,197.0,5122.0,2024-04-21
2024042104008750,UPCL,72,43,74.0,197.0,14578.0,2024-04-21
2024042104008749,AKPL,62,62,38.0,166.5,6327.0,2024-04-21
2024042101024515,MBL,22,13,10.0,167.6,1676.0,2024-04-21
2024042103009508,GLBSL,58,35,10.0,1750.1,17501.0,2024-04-21
2024042101024514,TVCL,5,26,10.0,468.0,4680.0,2024-04-21
2024042101024513,TVCL,52,26,100.0,468.0,46800.0,2024-04-21
2024042101024512,TVCL,63,26,290.0,468.0,135720.0,2024-04-21
2024042101024511,TVCL,34,26,200.0,468.1,93620.0,2024-04-21
2024042105003884,CHDC,49,22,20.0,798.6,15972.0,2024-04-21
2024042101024510,USHL,35,65,10.0,471.0,4710.0,2024-04-21
2024042101024509,IHL,3,19,350.0,386.0,135100.0,2024-04-21
2024042101024508,IHL,50,19,50.0,386.1,19305.0,2024-04-21
2024042101024507,MLBS,7,43,10.0,1219.9,12199.0,2024-04-21
2024042101024506,MMKJL,66,50,100.0,416.0,41600.0,2024-04-21
2024042104008748,HEI,66,36,10.0,579.3,5793.0,2024-04-21
2024042103009507,GUFL,54,33,50.0,790.0,39500.0,2024-04-21
2024042101024505,NRM,53,70,20.0,367.4,7348.0,2024-04-21
2024042103009506,GUFL,35,33,10.0,790.0,7900.0,2024-04-21
2024042101024504,SARBTM,26,41,40.0,818.9,32756.0,2024-04-21
2024042101024503,SARBTM,26,25,10.0,818.8,8188.0,2024-04-21
2024042104008747,GHL,21,14,30.0,151.0,4530.0,2024-04-21
2024042105003883,HRL,43,21,60.0,601.0,36060.0,2024-04-21
2024042101024502,SONA,34,49,30.0,459.0,13770.0,2024-04-21
2024042101024501,SONA,10,49,230.0,459.0,105570.0,2024-04-21
2024042101024500,RFPL,32,58,90.0,383.0,34470.0,2024-04-21
2024042101024499,RFPL,32,34,10.0,381.0,3810.0,2024-04-21
2024042101024498,SONA,36,17,290.0,460.0,133400.0,2024-04-21
2024042101024497,SONA,36,47,10.0,460.0,4600.0,2024-04-21
2024042101024496,VLUCL,57,33,13.0,483.0,6279.0,2024-04-21
2024042103009505,PFL,26,57,219.0,518.0,113442.0,2024-04-21
2024042103009504,PFL,20,57,81.0,518.0,41958.0,2024-04-21
2024042101024495,VLUCL,57,33,50.0,483.0,24150.0,2024-04-21
2024042101024494,MKHL,58,58,448.0,503.8,225702.4,2024-04-21
2024042101024493,MKHL,58,5,100.0,503.0,50300.0,2024-04-21
2024042101024492,MKHL,58,95,500.0,503.0,251500.0,2024-04-21
2024042101024491,MKHL,58,16,33.0,503.0,16599.0,2024-04-21
2024042101024490,MKHL,58,58,10.0,503.0,5030.0,2024-04-21
2024042101024489,MKHL,58,21,400.0,503.0,201200.0,2024-04-21
2024042101024488,MKHL,58,92,200.0,503.0,100600.0,2024-04-21
2024042101024487,MKHL,58,5,500.0,503.0,251500.0,2024-04-21
2024042101024486,MKHL,58,13,50.0,501.8,25090.0,2024-04-21
2024042101024485,MKHL,58,13,200.0,501.8,100360.0,2024-04-21
2024042101024484,MKHL,58,58,40.0,500.0,20000.0,2024-04-21
2024042101024483,MKHL,58,38,10.0,500.0,5000.0,2024-04-21
2024042101024482,MKHL,58,21,499.0,499.0,249001.0,2024-04-21
2024042101024481,MKHL,58,1,10.0,499.0,4990.0,2024-04-21
2024042104008746,AKPL,62,8,50.0,166.5,8325.0,2024-04-21
2024042104008745,HDHPC,7,6,50.0,130.5,6525.0,2024-04-21
2024042101024480,SMJC,54,55,90.0,372.0,33480.0,2024-04-21
2024042101024479,SMJC,54,34,10.0,370.0,3700.0,2024-04-21
2024042101024478,BHDC,36,4,10.0,466.4,4664.0,2024-04-21
2024042104008744,SPDL,17,51,11.0,236.8,2604.8,2024-04-21
2024042101024477,SANIMA,45,13,20.0,233.0,4660.0,2024-04-21
2024042101024476,SANIMA,57,13,100.0,233.0,23300.0,2024-04-21
2024042101024475,SANIMA,57,13,30.0,233.0,6990.0,2024-04-21
2024042101024474,SANIMA,43,13,15.0,233.0,3495.0,2024-04-21
2024042104008743,NHDL,42,59,10.0,415.0,4150.0,2024-04-21
2024042101024473,ULHC,45,39,50.0,339.9,16995.0,2024-04-21
2024042104008742,PPCL,45,7,30.0,247.0,7410.0,2024-04-21
2024042104008741,PPCL,45,41,20.0,246.0,4920.0,2024-04-21
2024042104008740,DHPL,34,37,849.0,202.0,171498.0,2024-04-21
2024042103009503,GUFL,3,33,20.0,790.0,15800.0,2024-04-21
2024042103009502,GUFL,3,33,80.0,790.0,63200.0,2024-04-21
2024042101024472,BHL,65,52,10.0,340.0,3400.0,2024-04-21
2024042101024471,HHL,32,1,900.0,356.2,320580.0,2024-04-21
2024042101024470,EHPL,42,19,10.0,445.0,4450.0,2024-04-21
2024042104008739,CHL,36,62,10.0,317.0,3170.0,2024-04-21
2024042104008738,UMHL,61,64,765.0,240.2,183753.0,2024-04-21
2024042104008737,UMHL,45,64,200.0,240.3,48060.0,2024-04-21
2024042101024469,CLI,52,64,34.0,439.0,14926.0,2024-04-21
2024042101024468,ULHC,57,58,10.0,336.0,3360.0,2024-04-21
2024042105003882,ENL,51,7,20.0,803.6,16072.0,2024-04-21
2024042105003881,ENL,8,7,200.0,804.0,160800.0,2024-04-21
2024042105003880,ENL,77,7,30.0,805.0,24150.0,2024-04-21
2024042105003879,ENL,57,7,50.0,805.1,40255.0,2024-04-21
2024042101024467,TSHL,72,42,23.0,540.0,12420.0,2024-04-21
2024042101024466,TSHL,72,21,10.0,540.0,5400.0,2024-04-21
2024042101024465,TSHL,72,58,20.0,539.9,10798.0,2024-04-21
2024042101024464,TSHL,72,22,27.0,539.9,14577.3,2024-04-21
2024042101024463,TSHL,72,42,60.0,539.9,32394.0,2024-04-21
2024042101024462,TSHL,72,38,360.0,539.0,194040.0,2024-04-21
2024042101024461,VLUCL,35,33,30.0,483.0,14490.0,2024-04-21
2024042101024460,NRM,38,19,10.0,368.0,3680.0,2024-04-21
2024042103009501,NLIC,6,38,10.0,589.0,5890.0,2024-04-21
2024042101024459,SONA,34,52,500.0,460.0,230000.0,2024-04-21
2024042103009500,GILB,62,66,37.0,988.0,36556.0,2024-04-21
2024042103009499,GILB,62,17,13.0,984.0,12792.0,2024-04-21
2024042103009498,PFL,22,67,150.0,524.0,78600.0,2024-04-21
2024042103009497,PFL,22,94,500.0,523.0,261500.0,2024-04-21
2024042103009496,PFL,22,52,50.0,522.0,26100.0,2024-04-21
2024042103009495,PFL,22,59,50.0,522.0,26100.0,2024-04-21
2024042103009494,PFL,22,16,150.0,522.0,78300.0,2024-04-21
2024042103009493,PFL,22,21,100.0,521.0,52100.0,2024-04-21
2024042104008736,JOSHI,7,35,19.0,354.1,6727.9,2024-04-21
2024042101024458,SHIVM,26,8,100.0,512.0,51200.0,2024-04-21
2024042104008735,SHL,72,50,139.0,430.0,59770.0,2024-04-21
2024042104008734,SHL,34,50,500.0,430.1,215050.0,2024-04-21
2024042101024457,GBIME,19,50,10.0,173.0,1730.0,2024-04-21
2024042103009492,GBBL,57,29,100.0,361.9,36190.0,2024-04-21
2024042103009491,PROFL,42,42,10.0,318.0,3180.0,2024-04-21
2024042103009490,BFC,38,42,500.0,353.9,176950.0,2024-04-21
2024042103009489,NFS,33,4,460.0,437.4,201204.0,2024-04-21
2024042103009488,NFS,54,4,40.0,440.0,17600.0,2024-04-21
2024042101024456,BEDC,4,52,20.0,370.0,7400.0,2024-04-21
2024042101024455,BEDC,4,59,10.0,370.0,3700.0,2024-04-21
2024042101024454,BEDC,4,44,50.0,370.0,18500.0,2024-04-21
2024042101024453,BEDC,4,4,10.0,370.0,3700.0,2024-04-21
2024042101024452,JALPA,22,57,10.0,1248.0,12480.0,2024-04-21
2024042101024451,JALPA,22,25,11.0,1245.0,13695.0,2024-04-21
2024042101024450,JALPA,22,25,10.0,1225.0,12250.0,2024-04-21
2024042101024449,MKJC,35,35,15.0,453.0,6795.0,2024-04-21
2024042103009487,RLFL,45,35,25.0,365.0,9125.0,2024-04-21
2024042103009486,RLFL,45,49,25.0,364.8,9120.0,2024-04-21
2024042103009485,RLFL,45,59,50.0,364.7,18235.0,2024-04-21
2024042103009484,RLFL,45,59,100.0,364.5,36450.0,2024-04-21
2024042104008733,GHL,64,45,138.0,150.7,20796.6,2024-04-21
2024042104008732,GHL,43,45,212.0,150.7,31948.4,2024-04-21
2024042105003878,CHDC,88,36,90.0,798.0,71820.0,2024-04-21
2024042105003877,CHDC,67,36,10.0,798.0,7980.0,2024-04-21
2024042101024448,NABIL,17,57,40.0,428.0,17120.0,2024-04-21
2024042101024447,NABIL,52,57,100.0,428.1,42810.0,2024-04-21
2024042101024446,NABIL,63,57,300.0,428.5,128550.0,2024-04-21
2024042101024445,NABIL,17,57,10.0,429.0,4290.0,2024-04-21
2024042101024444,NABIL,51,57,50.0,429.0,21450.0,2024-04-21
2024042103009483,ICFC,42,16,10.0,504.6,5046.0,2024-04-21
2024042103009482,LBBL,41,8,136.0,369.0,50184.0,2024-04-21
2024042104008731,RURU,58,50,44.0,546.0,24024.0,2024-04-21
2024042104008730,RURU,58,34,24.0,546.0,13104.0,2024-04-21
2024042104008729,RURU,58,11,265.0,546.0,144690.0,2024-04-21
2024042105003876,HIDCL,16,58,40.0,163.1,6524.0,2024-04-21
2024042103009481,USLB,75,58,10.0,1875.0,18750.0,2024-04-21
2024042101024443,SARBTM,11,38,50.0,818.0,40900.0,2024-04-21
2024042104008728,JOSHI,41,6,90.0,353.9,31851.0,2024-04-21
2024042101024442,MEL,58,39,100.0,237.0,23700.0,2024-04-21
2024042103009480,GBBL,4,1,1333.0,361.5,481879.5,2024-04-21
2024042101024441,SONA,10,84,270.0,459.0,123930.0,2024-04-21
2024042101024440,SONA,49,84,10.0,459.0,4590.0,2024-04-21
2024042101024439,SONA,41,84,220.0,459.0,100980.0,2024-04-21
2024042101024438,HHL,52,1,20.0,361.0,7220.0,2024-04-21
2024042101024437,JBLB,50,6,10.0,1292.0,12920.0,2024-04-21
2024042101024436,MANDU,66,36,10.0,747.0,7470.0,2024-04-21
2024042104008727,LEC,57,42,200.0,185.0,37000.0,2024-04-21
2024042101024435,SRLI,55,45,10.0,437.0,4370.0,2024-04-21
2024042101024434,CYCL,25,25,198.0,1650.0,326700.0,2024-04-21
2024042101024433,CYCL,25,22,180.0,1650.0,297000.0,2024-04-21
2024042101024432,CYCL,25,19,272.0,1649.0,448528.0,2024-04-21
2024042103009479,MNBBL,48,42,25.0,339.5,8487.5,2024-04-21
2024042103009478,MNBBL,35,42,347.0,339.5,117806.5,2024-04-21
2024042101024431,NWCL,5,38,10.0,730.0,7300.0,2024-04-21
2024042104008726,CGH,10,44,20.0,781.0,15620.0,2024-04-21
2024042104008725,CGH,5,44,30.0,781.0,23430.0,2024-04-21
2024042101024430,SONA,41,39,280.0,459.0,128520.0,2024-04-21
2024042101024429,SONA,32,39,20.0,459.0,9180.0,2024-04-21
2024042101024428,MBJC,32,34,40.0,301.0,12040.0,2024-04-21
2024042101024427,MBJC,62,34,1500.0,301.0,451500.0,2024-04-21
2024042101024426,MBJC,29,34,71.0,301.0,21371.0,2024-04-21
2024042101024425,JBLB,58,34,20.0,1291.0,25820.0,2024-04-21
2024042103009477,LBBL,62,58,20.0,370.0,7400.0,2024-04-21
2024042101024424,CLI,52,62,42.0,439.0,18438.0,2024-04-21
2024042104008724,RURU,16,11,120.0,546.0,65520.0,2024-04-21
2024042105003875,HRL,43,16,20.0,601.0,12020.0,2024-04-21
2024042103009476,NABBC,52,58,500.0,418.5,209250.0,2024-04-21
2024042101024423,USHEC,77,6,610.0,374.1,228201.0,2024-04-21
2024042104008723,API,32,35,200.0,171.2,34240.0,2024-04-21
2024042103009475,GILB,41,65,12.0,981.0,11772.0,2024-04-21
2024042101024422,SNLI,42,56,38.0,590.0,22420.0,2024-04-21
2024042101024421,SNLI,42,56,837.0,590.0,493830.0,2024-04-21
2024042101024420,SNLI,43,56,25.0,590.1,14752.5,2024-04-21
2024042103009474,SWMF,49,47,62.0,729.0,45198.0,2024-04-21
2024042104008722,RBCL,49,4,10.0,13000.0,130000.0,2024-04-21
2024042105003874,NIFRA,14,43,100.0,201.5,20150.0,2024-04-21
2024042104008721,RURU,58,11,20.0,546.0,10920.0,2024-04-21
2024042103009473,LBBL,38,8,500.0,369.9,184950.0,2024-04-21
2024042103009472,ILBS,39,6,20.0,956.5,19130.0,2024-04-21
2024042104008720,JOSHI,41,39,500.0,353.9,176950.0,2024-04-21
2024042104008719,JOSHI,41,5,500.0,353.9,176950.0,2024-04-21
2024042103009471,NUBL,53,32,100.0,630.0,63000.0,2024-04-21
2024042104008718,JOSHI,41,35,800.0,353.9,283120.0,2024-04-21
2024042103009470,SIFC,45,59,111.0,373.8,41491.8,2024-04-21
2024042103009469,ILBS,60,62,84.0,956.0,80304.0,2024-04-21
2024042103009468,ILBS,60,28,20.0,955.9,19118.0,2024-04-21
2024042103009467,ILBS,60,7,50.0,952.0,47600.0,2024-04-21
2024042104008717,UPCL,49,43,10.0,197.0,1970.0,2024-04-21
2024042101024419,NRM,44,49,80.0,366.0,29280.0,2024-04-21
2024042103009466,SWMF,40,88,40.0,728.0,29120.0,2024-04-21
2024042101024418,SRLI,38,45,10.0,437.0,4370.0,2024-04-21
2024042101024417,SRLI,38,57,10.0,435.0,4350.0,2024-04-21
2024042104008716,UPPER,38,70,822.0,167.0,137274.0,2024-04-21
2024042104008715,UPPER,38,49,178.0,167.0,29726.0,2024-04-21
2024042101024416,SONA,32,58,10.0,459.0,4590.0,2024-04-21
2024042103009465,NFS,54,58,10.0,440.0,4400.0,2024-04-21
2024042101024415,SGHC,29,70,400.0,319.0,127600.0,2024-04-21
2024042104008714,SHL,72,22,500.0,430.0,215000.0,2024-04-21
2024042104008713,SSHL,17,55,10.0,162.8,1628.0,2024-04-21
2024042101024414,PRVU,55,45,10.0,137.1,1371.0,2024-04-21
2024042101024413,MKHC,45,32,310.0,330.0,102300.0,2024-04-21
2024042101024412,MKHC,45,13,30.0,330.0,9900.0,2024-04-21
2024042101024411,PRVU,55,45,100.0,137.1,13710.0,2024-04-21
2024042103009464,SMFBS,28,25,10.0,1133.1,11331.0,2024-04-21
2024042101024410,SARBTM,56,33,95.0,817.2,77634.0,2024-04-21
2024042101024409,SARBTM,74,33,10.0,817.3,8173.0,2024-04-21
2024042101024408,SARBTM,58,33,10.0,817.3,8173.0,2024-04-21
2024042101024407,SARBTM,41,33,25.0,817.3,20432.5,2024-04-21
2024042101024406,SARBTM,58,33,30.0,817.4,24522.0,2024-04-21
2024042101024405,SARBTM,53,33,50.0,817.4,40870.0,2024-04-21
2024042101024404,SARBTM,75,33,50.0,817.4,40870.0,2024-04-21
2024042101024403,SARBTM,38,33,100.0,817.9,81790.0,2024-04-21
2024042101024402,SARBTM,56,33,30.0,817.9,24537.0,2024-04-21
2024042104008712,RIDI,29,33,300.0,171.0,51300.0,2024-04-21
2024042101024401,KBL,33,46,100.0,133.5,13350.0,2024-04-21
2024042101024400,NRM,38,19,10.0,368.0,3680.0,2024-04-21
2024042101024399,NRM,38,52,30.0,367.9,11037.0,2024-04-21
2024042101024398,NRM,38,19,40.0,367.5,14700.0,2024-04-21
2024042101024397,DOLTI,48,58,100.0,461.1,46110.0,2024-04-21
2024042103009463,ALICL,14,39,18.0,553.0,9954.0,2024-04-21
2024042105003873,NRN,5,47,100.0,507.0,50700.0,2024-04-21
2024042101024396,SNLI,43,51,15.0,590.1,8851.5,2024-04-21
2024042101024395,SNLI,3,51,35.0,591.0,20685.0,2024-04-21
2024042103009462,GUFL,42,43,45.0,788.0,35460.0,2024-04-21
2024042103009461,GUFL,42,43,75.0,788.2,59115.0,2024-04-21
2024042101024394,PCBL,58,35,67.0,191.0,12797.0,2024-04-21
2024042101024393,PCBL,62,35,100.0,191.0,19100.0,2024-04-21
2024042101024392,PCBL,58,35,62.0,191.0,11842.0,2024-04-21
2024042101024391,PCBL,13,35,40.0,191.0,7640.0,2024-04-21
2024042101024390,PCBL,10,35,231.0,191.0,44121.0,2024-04-21
2024042103009460,JBBL,35,13,30.0,284.0,8520.0,2024-04-21
2024042103009459,JBBL,45,13,70.0,284.5,19915.0,2024-04-21
2024042104008711,NGPL,58,45,200.0,317.0,63400.0,2024-04-21
2024042101024389,MEHL,37,21,10.0,323.0,3230.0,2024-04-21
2024042101024388,MEHL,37,29,10.0,323.0,3230.0,2024-04-21
2024042101024387,MEHL,37,66,200.0,323.0,64600.0,2024-04-21
2024042104008710,NGPL,64,35,50.0,318.0,15900.0,2024-04-21
2024042101024386,NICA,47,7,50.0,373.0,18650.0,2024-04-21
2024042101024385,NICA,58,7,10.0,373.0,3730.0,2024-04-21
2024042101024384,MEL,58,58,10.0,237.0,2370.0,2024-04-21
2024042101024383,MEL,58,25,1000.0,237.0,237000.0,2024-04-21
2024042101024382,MEL,58,52,100.0,236.9,23690.0,2024-04-21
2024042101024381,MEL,58,58,10.0,236.4,2364.0,2024-04-21
2024042101024380,MEL,58,58,10.0,236.3,2363.0,2024-04-21
2024042103009458,NICLBSL,34,34,50.0,655.0,32750.0,2024-04-21
2024042103009457,NICLBSL,34,33,10.0,655.0,6550.0,2024-04-21
2024042103009456,NICLBSL,34,42,10.0,654.9,6549.0,2024-04-21
2024042103009455,NICLBSL,34,1,11.0,653.0,7183.0,2024-04-21
2024042103009454,NICLBSL,34,44,10.0,653.0,6530.0,2024-04-21
2024042104008709,SSHL,5,55,10.0,162.8,1628.0,2024-04-21
2024042101024379,PPL,16,28,140.0,608.0,85120.0,2024-04-21
2024042101024378,BNHC,22,11,80.0,467.8,37424.0,2024-04-21
2024042101024377,BNHC,22,32,10.0,467.8,4678.0,2024-04-21
2024042101024376,BNHC,22,34,130.0,467.7,60801.0,2024-04-21
2024042101024375,BNHC,22,32,10.0,467.7,4677.0,2024-04-21
2024042101024374,BNHC,22,32,10.0,467.6,4676.0,2024-04-21
2024042101024373,BNHC,22,32,10.0,467.4,4674.0,2024-04-21
2024042103009453,GBLBS,35,13,21.0,625.9,13143.9,2024-04-21
2024042103009452,GBLBS,35,22,50.0,625.0,31250.0,2024-04-21
2024042103009451,GBLBS,35,22,39.0,624.9,24371.1,2024-04-21
2024042101024372,MBL,21,62,290.0,167.0,48430.0,2024-04-21
2024042103009450,PROFL,41,42,100.0,318.0,31800.0,2024-04-21
2024042103009449,PROFL,41,42,100.0,318.0,31800.0,2024-04-21
2024042101024371,RHGCL,69,17,65.0,344.0,22360.0,2024-04-21
2024042101024370,RHGCL,69,34,10.0,344.0,3440.0,2024-04-21
2024042101024369,RHGCL,69,10,200.0,343.7,68740.0,2024-04-21
2024042101024368,RHGCL,69,42,10.0,343.7,3437.0,2024-04-21
2024042101024367,RHGCL,69,17,70.0,343.0,24010.0,2024-04-21
2024042101024366,RHGCL,69,3,10.0,343.0,3430.0,2024-04-21
2024042101024365,RHGCL,69,26,500.0,343.0,171500.0,2024-04-21
2024042101024364,RHGCL,69,16,135.0,342.9,46291.5,2024-04-21
2024042101024363,SARBTM,56,41,20.0,817.9,16358.0,2024-04-21
2024042103009448,PMLI,56,3,10.0,505.0,5050.0,2024-04-21
2024042103009447,PMLI,56,59,32.0,505.0,16160.0,2024-04-21
2024042101024362,DOLTI,48,55,100.0,461.0,46100.0,2024-04-21
2024042101024361,DOLTI,48,38,10.0,460.0,4600.0,2024-04-21
2024042104008708,JOSHI,41,63,1000.0,353.9,353900.0,2024-04-21
2024042104008707,AHPC,45,66,102.0,166.5,16983.0,2024-04-21
2024042101024360,MHCL,49,42,44.0,397.0,17468.0,2024-04-21
2024042104008706,GHL,28,14,70.0,151.0,10570.0,2024-04-21
2024042101024359,SHIVM,42,33,198.0,511.5,101277.0,2024-04-21
2024042105003872,NRIC,6,33,50.0,713.0,35650.0,2024-04-21
2024042103009446,NFS,7,58,140.0,443.0,62020.0,2024-04-21
2024042103009445,NFS,43,58,350.0,444.0,155400.0,2024-04-21
2024042101024358,MKHC,51,58,10.0,328.5,3285.0,2024-04-21
2024042101024357,PPL,41,58,10.0,604.0,6040.0,2024-04-21
2024042101024356,RNLI,58,41,10.0,428.8,4288.0,2024-04-21
2024042103009444,SADBL,62,46,10.0,295.5,2955.0,2024-04-21
2024042101024355,MBL,29,62,200.0,167.0,33400.0,2024-04-21
2024042101024354,SONA,32,53,10.0,459.0,4590.0,2024-04-21
2024042104008705,AKJCL,1,52,27.0,210.0,5670.0,2024-04-21
2024042103009443,SJLIC,59,46,12.0,436.0,5232.0,2024-04-21
2024042103009442,SJLIC,55,46,163.0,436.0,71068.0,2024-04-21
2024042103009441,PMLI,55,7,10.0,505.0,5050.0,2024-04-21
2024042104008704,CHL,56,62,13.0,317.0,4121.0,2024-04-21
2024042101024353,HHL,32,1,100.0,356.2,35620.0,2024-04-21
2024042101024352,HDL,58,49,25.0,1469.0,36725.0,2024-04-21
2024042101024351,HDL,42,49,10.0,1469.0,14690.0,2024-04-21
2024042101024350,PBLD84,11,42,30.0,1025.0,30750.0,2024-04-21
2024042103009440,GFCL,10,81,300.0,448.0,134400.0,2024-04-21
2024042101024349,SARBTM,7,42,50.0,818.0,40900.0,2024-04-21
2024042101024348,SARBTM,7,4,50.0,818.0,40900.0,2024-04-21
2024042101024347,GCIL,56,58,500.0,500.0,250000.0,2024-04-21
2024042103009439,NABBC,22,58,180.0,418.5,75330.0,2024-04-21
2024042103009438,JBBL,34,49,30.0,285.0,8550.0,2024-04-21
2024042103009437,GILB,62,65,50.0,981.0,49050.0,2024-04-21
2024042101024346,MEL,42,74,100.0,236.0,23600.0,2024-04-21
2024042101024345,MEHL,38,51,10.0,322.9,3229.0,2024-04-21
2024042101024344,NIMB,26,41,150.0,153.0,22950.0,2024-04-21
2024042101024343,GBIME,55,50,163.0,173.0,28199.0,2024-04-21
2024042101024342,GBIME,55,21,50.0,173.0,8650.0,2024-04-21
2024042101024341,GBIME,55,14,37.0,173.0,6401.0,2024-04-21
2024042101024340,DOLTI,45,57,10.0,458.0,4580.0,2024-04-21
2024042103009436,GUFL,48,33,50.0,790.0,39500.0,2024-04-21
2024042103009435,GUFL,48,22,50.0,789.0,39450.0,2024-04-21
2024042103009434,LBBL,41,41,300.0,369.0,110700.0,2024-04-21
2024042103009433,SWBBL,25,29,30.0,731.0,21930.0,2024-04-21
2024042101024339,SBL,42,64,121.0,219.0,26499.0,2024-04-21
2024042101024338,SBL,42,64,44.0,219.0,9636.0,2024-04-21
2024042101024337,SBL,48,64,100.0,219.0,21900.0,2024-04-21
2024042101024336,SBL,17,64,272.0,219.0,59568.0,2024-04-21
2024042101024335,SBL,6,64,100.0,219.1,21910.0,2024-04-21
2024042101024334,SBL,58,64,63.0,219.1,13803.3,2024-04-21
2024042101024333,UHEWA,57,42,10.0,420.0,4200.0,2024-04-21
2024042101024332,CYCL,25,19,228.0,1649.0,375972.0,2024-04-21
2024042101024331,CYCL,25,34,139.0,1648.0,229072.0,2024-04-21
2024042101024330,CYCL,25,57,100.0,1581.0,158100.0,2024-04-21
2024042101024329,CYCL,25,58,33.0,1581.0,52173.0,2024-04-21
2024042103009432,GILB,58,66,250.0,973.0,243250.0,2024-04-21
2024042104008703,CGH,5,32,20.0,781.0,15620.0,2024-04-21
2024042104008702,HEI,66,36,10.0,579.3,5793.0,2024-04-21
2024042104008701,GLH,42,48,426.0,208.5,88821.0,2024-04-21
2024042104008700,GLH,42,33,74.0,207.9,15384.6,2024-04-21
2024042101024328,RFPL,80,42,15.0,380.0,5700.0,2024-04-21
2024042101024327,RFPL,32,42,70.0,381.0,26670.0,2024-04-21
2024042101024326,RFPL,72,42,145.0,382.0,55390.0,2024-04-21
2024042104008699,UPPER,54,49,333.0,167.0,55611.0,2024-04-21
2024042104008698,UPPER,54,49,67.0,166.9,11182.3,2024-04-21
2024042101024325,MAKAR,58,18,80.0,399.9,31992.0,2024-04-21
2024042101024324,MAKAR,58,62,200.0,399.8,79960.0,2024-04-21
2024042104008697,KPCL,4,25,14.0,398.0,5572.0,2024-04-21
2024042104008696,BPCL,55,4,30.0,294.0,8820.0,2024-04-21
2024042103009431,EDBL,34,56,10.0,353.0,3530.0,2024-04-21
2024042101024323,VLUCL,17,34,320.0,484.0,154880.0,2024-04-21
2024042104008695,AHPC,35,42,10.0,167.0,1670.0,2024-04-21
2024042105003871,NRIC,45,32,50.0,715.0,35750.0,2024-04-21
2024042103009430,SLBBL,1,48,50.0,655.5,32775.0,2024-04-21
2024042101024322,HDL,41,10,50.0,1470.0,73500.0,2024-04-21
2024042104008694,RURU,1,11,500.0,546.0,273000.0,2024-04-21
2024042103009429,ALBSL,57,57,80.0,712.1,56968.0,2024-04-21
2024042103009428,ALBSL,38,57,10.0,712.2,7122.0,2024-04-21
2024042103009427,ALICL,14,32,300.0,553.0,165900.0,2024-04-21
2024042101024321,RFPL,72,95,1000.0,382.0,382000.0,2024-04-21
2024042101024320,ANLB,8,7,235.0,1936.0,454960.0,2024-04-21
2024042104008693,UPPER,14,49,100.0,166.9,16690.0,2024-04-21
2024042103009426,KSBBL,22,38,186.0,351.0,65286.0,2024-04-21
2024042103009425,KSBBL,44,38,14.0,351.0,4914.0,2024-04-21
2024042101024319,IHL,39,19,10.0,391.0,3910.0,2024-04-21
2024042101024318,GBIME,22,14,10.0,173.0,1730.0,2024-04-21
2024042103009424,NLICL,52,70,170.0,551.0,93670.0,2024-04-21
2024042103009423,MNBBL,35,26,50.0,339.5,16975.0,2024-04-21
2024042101024317,TSHL,45,38,140.0,539.0,75460.0,2024-04-21
2024042101024316,TSHL,45,29,60.0,539.0,32340.0,2024-04-21
2024042101024315,GBIME,45,50,100.0,172.1,17210.0,2024-04-21
2024042101024314,GBIME,7,50,100.0,172.7,17270.0,2024-04-21
2024042104008692,UPPER,58,49,18.0,166.9,3004.2,2024-04-21
2024042104008691,UPPER,28,49,15.0,166.9,2503.5,2024-04-21
2024042101024313,BHPL,57,8,50.0,489.1,24455.0,2024-04-21
2024042101024312,H8020,51,42,100.0,8.67,867.0,2024-04-21
2024042101024311,PCBL,45,47,200.0,191.5,38300.0,2024-04-21
2024042105003870,HRL,43,58,20.0,601.0,12020.0,2024-04-21
2024042101024310,NBL,33,59,227.0,201.0,45627.0,2024-04-21
2024042101024309,NBL,49,59,40.0,201.5,8060.0,2024-04-21
2024042101024308,CZBIL,37,33,10.0,156.8,1568.0,2024-04-21
2024042101024307,NYADI,38,45,10.0,291.4,2914.0,2024-04-21
2024042105003869,HRL,1,19,50.0,600.3,30015.0,2024-04-21
2024042103009422,NFS,14,25,100.0,445.0,44500.0,2024-04-21
2024042103009421,RLFL,45,44,180.0,362.0,65160.0,2024-04-21
2024042101024306,SAMAJ,38,42,10.0,1869.0,18690.0,2024-04-21
2024042104008690,NICL,84,46,220.0,811.9,178618.0,2024-04-21
2024042103009420,NFS,43,38,650.0,444.0,288600.0,2024-04-21
2024042103009419,GFCL,34,81,50.0,448.0,22400.0,2024-04-21
2024042103009418,GFCL,42,81,50.0,448.0,22400.0,2024-04-21
2024042104008689,UNHPL,45,55,18.0,228.0,4104.0,2024-04-21
2024042104008688,UNHPL,45,45,350.0,228.0,79800.0,2024-04-21
2024042101024305,PPL,41,49,10.0,607.0,6070.0,2024-04-21
2024042101024304,EBL,44,54,20.0,506.0,10120.0,2024-04-21
2024042104008687,HEI,60,38,72.0,572.1,41191.2,2024-04-21
2024042104008686,HEI,42,38,136.0,573.0,77928.0,2024-04-21
2024042104008685,HEI,29,38,73.0,574.0,41902.0,2024-04-21
2024042103009417,SIFC,45,58,110.0,373.8,41118.0,2024-04-21
2024042101024303,SHIVM,58,8,10.0,512.0,5120.0,2024-04-21
2024042101024302,SHIVM,51,8,230.0,512.0,117760.0,2024-04-21
2024042101024301,SAHAS,1,43,30.0,507.0,15210.0,2024-04-21
2024042103009416,SLBBL,59,29,100.0,660.0,66000.0,2024-04-21
2024042103009415,GBBL,46,1,520.0,361.5,187980.0,2024-04-21
2024042103009414,SINDU,46,44,12.0,361.0,4332.0,2024-04-21
2024042101024300,SONA,32,56,50.0,459.0,22950.0,2024-04-21
2024042104008684,NGPL,58,45,110.0,317.0,34870.0,2024-04-21
2024042104008683,NGPL,25,45,40.0,317.0,12680.0,2024-04-21
2024042103009413,SADBL,85,46,50.0,295.5,14775.0,2024-04-21
2024042104008682,RURU,57,11,50.0,546.0,27300.0,2024-04-21
2024042104008681,RURU,57,48,10.0,545.8,5458.0,2024-04-21
2024042104008680,MEN,42,95,10.0,509.0,5090.0,2024-04-21
2024042104008679,JOSHI,41,42,100.0,353.9,35390.0,2024-04-21
2024042104008678,PRIN,44,7,30.0,770.0,23100.0,2024-04-21
2024042104008677,PRIN,44,47,100.0,770.0,77000.0,2024-04-21
2024042104008676,PRIN,44,84,500.0,768.0,384000.0,2024-04-21
2024042104008675,PRIN,44,17,118.0,768.0,90624.0,2024-04-21
2024042104008674,PRIN,44,25,20.0,768.0,15360.0,2024-04-21
2024042104008673,PRIN,44,7,136.0,767.9,104434.4,2024-04-21
2024042104008672,PRIN,44,13,49.0,765.1,37489.9,2024-04-21
2024042104008671,PRIN,44,67,50.0,764.0,38200.0,2024-04-21
2024042104008670,PRIN,44,84,300.0,764.0,229200.0,2024-04-21
2024042101024299,MHCL,49,17,50.0,397.0,19850.0,2024-04-21
2024042104008669,UPPER,55,49,100.0,167.0,16700.0,2024-04-21
2024042101024298,HDL,45,10,10.0,1470.0,14700.0,2024-04-21
2024042101024297,CLI,41,64,100.0,439.1,43910.0,2024-04-21
2024042101024296,UHEWA,49,42,10.0,420.0,4200.0,2024-04-21
2024042103009412,GUFL,42,74,125.0,788.0,98500.0,2024-04-21
2024042101024295,KDL,38,13,40.0,773.0,30920.0,2024-04-21
2024042101024294,KDL,38,34,10.0,773.0,7730.0,2024-04-21
2024042101024293,KDL,38,50,10.0,772.9,7729.0,2024-04-21
2024042103009411,ACLBSL,62,6,10.0,765.0,7650.0,2024-04-21
2024042104008668,UPCL,41,43,385.0,194.8,74998.0,2024-04-21
2024042104008667,UPCL,18,43,115.0,195.0,22425.0,2024-04-21
2024042101024292,SAMAJ,58,11,10.0,1840.0,18400.0,2024-04-21
2024042101024291,SAMAJ,40,11,10.0,1842.0,18420.0,2024-04-21
2024042101024290,SHLB,45,58,10.0,1295.0,12950.0,2024-04-21
2024042101024289,SHLB,45,25,20.0,1280.0,25600.0,2024-04-21
2024042101024288,EBLD86,49,57,40.0,981.0,39240.0,2024-04-21
2024042103009410,GUFL,72,34,88.0,785.0,69080.0,2024-04-21
2024042101024287,NABIL,42,43,82.0,430.0,35260.0,2024-04-21
2024042101024286,NABIL,42,35,18.0,430.0,7740.0,2024-04-21
2024042101024285,KBL,57,38,30.0,133.0,3990.0,2024-04-21
2024042101024284,RNLI,65,16,33.0,428.1,14127.3,2024-04-21
2024042101024283,RNLI,57,16,167.0,428.5,71559.5,2024-04-21
2024042103009409,GUFL,54,34,50.0,785.0,39250.0,2024-04-21
2024042103009408,GUFL,42,34,25.0,785.0,19625.0,2024-04-21
2024042103009407,GUFL,45,34,10.0,785.0,7850.0,2024-04-21
2024042103009406,GUFL,20,34,100.0,785.0,78500.0,2024-04-21
2024042103009405,GUFL,42,34,127.0,787.0,99949.0,2024-04-21
2024042103009404,GUFL,34,74,17.0,788.0,13396.0,2024-04-21
2024042101024282,NABIL,22,35,46.0,430.0,19780.0,2024-04-21
2024042101024281,NABIL,22,8,31.0,430.0,13330.0,2024-04-21
2024042101024280,NABIL,22,42,23.0,430.0,9890.0,2024-04-21
2024042103009403,SJLIC,55,51,50.0,436.0,21800.0,2024-04-21
2024042101024279,TAMOR,55,16,55.0,380.1,20905.5,2024-04-21
2024042101024278,HHL,45,1,50.0,361.0,18050.0,2024-04-21
2024042101024277,HHL,17,1,50.0,361.0,18050.0,2024-04-21
2024042101024276,HHL,85,1,25.0,361.1,9027.5,2024-04-21
2024042101024275,HHL,57,1,25.0,361.3,9032.5,2024-04-21
2024042101024274,HHL,47,1,30.0,362.0,10860.0,2024-04-21
2024042104008666,CHL,36,62,10.0,317.0,3170.0,2024-04-21
2024042104008665,TRH,45,57,10.0,722.0,7220.0,2024-04-21
2024042101024273,UHEWA,57,8,10.0,420.1,4201.0,2024-04-21
2024042103009402,MLBBL,39,42,200.0,1010.0,202000.0,2024-04-21
2024042103009401,GBLBS,22,22,11.0,624.9,6873.9,2024-04-21
2024042104008664,SPDL,17,29,10.0,236.8,2368.0,2024-04-21
2024042101024272,SHIVM,51,8,200.0,512.0,102400.0,2024-04-21
2024042104008663,NHPC,58,5,444.0,148.0,65712.0,2024-04-21
2024042104008662,NHPC,58,92,100.0,148.0,14800.0,2024-04-21
2024042104008661,NHPC,58,42,236.0,147.9,34904.4,2024-04-21
2024042104008660,NHPC,58,51,69.0,147.9,10205.1,2024-04-21
2024042104008659,NHPC,58,14,60.0,147.6,8856.0,2024-04-21
2024042104008658,NHPC,58,17,91.0,147.5,13422.5,2024-04-21
2024042103009400,SKBBL,8,59,1.0,800.0,800.0,2024-04-21
2024042103009399,SKBBL,8,59,99.0,800.0,79200.0,2024-04-21
2024042103009398,SKBBL,57,59,40.0,800.0,32000.0,2024-04-21
2024042103009397,SKBBL,26,59,50.0,800.0,40000.0,2024-04-21
2024042104008657,NHPC,50,6,150.0,147.0,22050.0,2024-04-21
2024042101024271,SARBTM,21,4,150.0,818.0,122700.0,2024-04-21
2024042101024270,SARBTM,21,50,40.0,818.0,32720.0,2024-04-21
2024042101024269,SARBTM,21,59,50.0,818.0,40900.0,2024-04-21
2024042101024268,SARBTM,21,4,30.0,817.9,24537.0,2024-04-21
2024042101024267,SARBTM,21,38,30.0,817.5,24525.0,2024-04-21
2024042103009396,NFS,7,69,30.0,443.0,13290.0,2024-04-21
2024042101024266,RHGCL,69,16,65.0,342.9,22288.5,2024-04-21
2024042101024265,RHGCL,69,16,200.0,342.8,68560.0,2024-04-21
2024042101024264,RHGCL,69,20,500.0,342.5,171250.0,2024-04-21
2024042101024263,RHGCL,69,56,150.0,342.0,51300.0,2024-04-21
2024042101024262,RHGCL,69,11,500.0,342.0,171000.0,2024-04-21
2024042101024261,RHGCL,69,16,200.0,341.9,68380.0,2024-04-21
2024042101024260,RHGCL,69,16,385.0,341.5,131477.5,2024-04-21
2024042101024259,SIKLES,67,48,100.0,511.0,51100.0,2024-04-21
2024042103009395,PFL,43,57,100.0,519.0,51900.0,2024-04-21
2024042101024258,SARBTM,41,43,25.0,817.3,20432.5,2024-04-21
2024042103009394,GUFL,58,74,100.0,788.0,78800.0,2024-04-21
2024042101024257,TAMOR,44,21,10.0,380.0,3800.0,2024-04-21
2024042101024256,DOLTI,60,55,20.0,456.8,9136.0,2024-04-21
2024042101024255,DOLTI,71,55,80.0,457.0,36560.0,2024-04-21
2024042101024254,MANDU,65,65,20.0,755.0,15100.0,2024-04-21
2024042101024253,SGHC,29,54,10.0,319.0,3190.0,2024-04-21
2024042103009393,NLIC,49,38,10.0,589.0,5890.0,2024-04-21
2024042101024252,CYCL,25,29,100.0,1582.0,158200.0,2024-04-21
2024042101024251,CYCL,25,49,50.0,1581.0,79050.0,2024-04-21
2024042101024250,CYCL,25,56,300.0,1581.0,474300.0,2024-04-21
2024042101024249,CYCL,25,38,44.0,1581.0,69564.0,2024-04-21
2024042104008656,UPCL,72,43,416.0,197.0,81952.0,2024-04-21
2024042104008655,UPCL,72,58,74.0,195.0,14430.0,2024-04-21
2024042104008654,UPCL,72,46,10.0,194.9,1949.0,2024-04-21
2024042101024248,SRLI,28,57,40.0,435.0,17400.0,2024-04-21
2024042104008653,JOSHI,87,44,10.0,354.0,3540.0,2024-04-21
2024042104008652,KKHC,49,34,500.0,230.0,115000.0,2024-04-21
2024042104008651,KKHC,16,34,250.0,230.3,57575.0,2024-04-21
2024042104008650,KKHC,48,34,16.0,230.3,3684.8,2024-04-21
2024042104008649,KKHC,58,34,50.0,230.3,11515.0,2024-04-21
2024042104008648,KKHC,13,34,1000.0,230.5,230500.0,2024-04-21
2024042104008647,KKHC,38,34,20.0,231.0,4620.0,2024-04-21
2024042104008646,KKHC,34,34,300.0,231.0,69300.0,2024-04-21
2024042104008645,KKHC,14,34,50.0,231.0,11550.0,2024-04-21
2024042104008644,KKHC,13,34,50.0,232.1,11605.0,2024-04-21
2024042105003868,HRL,1,58,20.0,600.3,12006.0,2024-04-21
2024042101024247,HDL,58,10,25.0,1470.0,36750.0,2024-04-21
2024042103009392,WNLB,11,56,10.0,1270.0,12700.0,2024-04-21
2024042101024246,HIDCLP,57,42,10.0,100.0,1000.0,2024-04-21
2024042104008643,API,32,25,300.0,171.1,51330.0,2024-04-21
2024042104008642,SHEL,46,8,10.0,166.0,1660.0,2024-04-21
2024042101024245,HDL,42,10,60.0,1470.0,88200.0,2024-04-21
2024042101024244,HDL,59,10,50.0,1470.0,73500.0,2024-04-21
2024042101024243,HDL,45,10,20.0,1470.0,29400.0,2024-04-21
2024042101024242,HDL,49,10,23.0,1472.0,33856.0,2024-04-21
2024042104008641,SHL,72,33,361.0,430.0,155230.0,2024-04-21
2024042104008640,SHL,34,33,500.0,430.1,215050.0,2024-04-21
2024042104008639,SHL,34,33,100.0,430.1,43010.0,2024-04-21
2024042104008638,SHL,13,33,250.0,431.0,107750.0,2024-04-21
2024042104008637,SHL,34,33,485.0,432.0,209520.0,2024-04-21
2024042104008636,SHL,34,33,100.0,432.1,43210.0,2024-04-21
2024042101024241,NRM,44,38,200.0,366.0,73200.0,2024-04-21
2024042101024240,NRM,44,4,30.0,365.0,10950.0,2024-04-21
2024042101024239,NRM,44,45,100.0,365.0,36500.0,2024-04-21
2024042101024238,NRM,44,65,100.0,365.0,36500.0,2024-04-21
2024042101024237,NRM,44,19,30.0,365.0,10950.0,2024-04-21
2024042101024236,NRM,44,50,90.0,364.9,32841.0,2024-04-21
2024042101024235,BGWT,14,54,500.0,591.0,295500.0,2024-04-21
2024042101024234,BGWT,38,54,10.0,591.2,5912.0,2024-04-21
2024042101024233,BGWT,62,54,300.0,591.5,177450.0,2024-04-21
2024042101024232,BGWT,13,54,10.0,591.6,5916.0,2024-04-21
2024042101024231,SHIVM,58,8,357.0,512.0,182784.0,2024-04-21
2024042101024230,SHIVM,58,8,168.0,512.0,86016.0,2024-04-21
2024042101024229,SNLI,43,3,50.0,590.1,29505.0,2024-04-21
2024042101024228,BGWT,56,48,96.0,591.7,56803.2,2024-04-21
2024042101024227,BNHC,49,38,10.0,467.0,4670.0,2024-04-21
2024042101024226,BNHC,49,42,10.0,467.0,4670.0,2024-04-21
2024042101024225,TSHL,72,4,10.0,535.0,5350.0,2024-04-21
2024042101024224,SONA,32,42,50.0,459.0,22950.0,2024-04-21
2024042104008635,OHL,42,48,90.0,727.0,65430.0,2024-04-21
2024042104008634,JOSHI,21,14,1000.0,355.0,355000.0,2024-04-21
2024042101024223,UHEWA,33,41,10.0,420.0,4200.0,2024-04-21
2024042104008633,RADHI,32,16,20.0,230.0,4600.0,2024-04-21
2024042104008632,RADHI,32,57,80.0,230.0,18400.0,2024-04-21
2024042101024222,NIMB,33,25,4000.0,153.3,613200.0,2024-04-21
2024042104008631,NGPL,25,7,40.0,317.0,12680.0,2024-04-21
2024042101024221,CZBIL,22,33,10.0,156.8,1568.0,2024-04-21
2024042103009391,SAPDBL,34,34,10.0,299.8,2998.0,2024-04-21
2024042103009390,SAPDBL,34,71,390.0,294.0,114660.0,2024-04-21
2024042101024220,SHIVM,26,8,20.0,512.0,10240.0,2024-04-21
2024042101024219,ILI,72,11,100.0,549.0,54900.0,2024-04-21
2024042104008630,PPCL,48,5,10.0,245.8,2458.0,2024-04-21
2024042103009389,BFC,41,42,300.0,353.9,106170.0,2024-04-21
2024042101024218,PPL,41,62,10.0,607.0,6070.0,2024-04-21
2024042101024217,RHGCL,25,16,115.0,341.5,39272.5,2024-04-21
2024042101024216,RHGCL,25,32,185.0,340.9,63066.5,2024-04-21
2024042101024215,RHGCL,25,69,87.0,340.5,29623.5,2024-04-21
2024042101024214,RHGCL,25,32,45.0,340.4,15318.0,2024-04-21
2024042101024213,RHGCL,25,44,50.0,340.0,17000.0,2024-04-21
2024042101024212,RHGCL,25,65,100.0,340.0,34000.0,2024-04-21
2024042101024211,RHGCL,25,6,200.0,339.9,67980.0,2024-04-21
2024042101024210,RHGCL,25,45,178.0,339.6,60448.8,2024-04-21
2024042101024209,RHGCL,25,49,10.0,339.5,3395.0,2024-04-21
2024042101024208,RHGCL,25,49,30.0,338.0,10140.0,2024-04-21
2024042101024207,SBL,58,32,17.0,219.1,3724.7,2024-04-21
2024042103009388,GMFBS,57,4,15.0,1085.3,16279.5,2024-04-21
2024042103009387,SFCL,16,45,100.0,322.0,32200.0,2024-04-21
2024042103009386,SFCL,16,29,57.0,322.0,18354.0,2024-04-21
2024042104008629,JOSHI,71,14,156.0,355.0,55380.0,2024-04-21
2024042104008628,JOSHI,71,67,200.0,354.0,70800.0,2024-04-21
2024042104008627,JOSHI,71,38,544.0,354.0,192576.0,2024-04-21
2024042104008626,JOSHI,71,13,100.0,354.0,35400.0,2024-04-21
2024042105003867,CHDC,46,22,10.0,798.6,7986.0,2024-04-21
2024042101024206,SARBTM,41,46,30.0,817.3,24519.0,2024-04-21
2024042101024205,MEL,42,45,200.0,236.0,47200.0,2024-04-21
2024042103009385,MPFL,14,19,52.0,372.3,19359.6,2024-04-21
2024042104008625,JOSHI,41,42,2982.0,353.9,1055329.8,2024-04-21
2024042104008624,RURU,42,11,100.0,546.0,54600.0,2024-04-21
2024042104008623,NHPC,49,17,19.0,147.5,2802.5,2024-04-21
2024042101024204,SNLI,53,29,10.0,591.5,5915.0,2024-04-21
2024042101024203,SNLI,53,49,10.0,591.0,5910.0,2024-04-21
2024042101024202,SNLI,53,55,10.0,591.0,5910.0,2024-04-21
2024042101024201,SNLI,53,21,10.0,591.0,5910.0,2024-04-21
2024042101024200,SNLI,53,57,10.0,590.5,5905.0,2024-04-21
2024042101024199,SIKLES,33,48,500.0,505.0,252500.0,2024-04-21
2024042101024198,PHCL,42,88,555.0,299.0,165945.0,2024-04-21
2024042101024197,PHCL,32,88,468.0,299.0,139932.0,2024-04-21
2024042101024196,PHCL,34,88,47.0,300.0,14100.0,2024-04-21
2024042101024195,PHCL,44,88,50.0,300.0,15000.0,2024-04-21
2024042101024194,CYCL,25,38,156.0,1581.0,246636.0,2024-04-21
2024042101024193,CYCL,25,34,119.0,1581.0,188139.0,2024-04-21
2024042101024192,CYCL,25,29,191.0,1581.0,301971.0,2024-04-21
2024042101024191,CYCL,25,84,400.0,1581.0,632400.0,2024-04-21
2024042101024190,CYCL,25,42,73.0,1581.0,115413.0,2024-04-21
2024042101024189,CYCL,25,29,100.0,1581.0,158100.0,2024-04-21
2024042101024188,CYCL,25,35,60.0,1580.0,94800.0,2024-04-21
2024042101024187,CYCL,25,46,60.0,1580.0,94800.0,2024-04-21
2024042101024186,CYCL,25,58,25.0,1580.0,39500.0,2024-04-21
2024042101024185,CYCL,25,3,100.0,1580.0,158000.0,2024-04-21
2024042101024184,CYCL,25,52,10.0,1580.0,15800.0,2024-04-21
2024042101024183,CYCL,25,44,300.0,1580.0,474000.0,2024-04-21
2024042101024182,CYCL,25,49,10.0,1579.8,15798.0,2024-04-21
2024042101024181,CYCL,25,55,10.0,1578.0,15780.0,2024-04-21
2024042101024180,CYCL,25,41,43.0,1570.0,67510.0,2024-04-21
2024042101024179,CYCL,25,52,13.0,1570.0,20410.0,2024-04-21
2024042101024178,CYCL,25,35,500.0,1566.0,783000.0,2024-04-21
2024042101024177,CYCL,25,59,20.0,1565.0,31300.0,2024-04-21
2024042101024176,CYCL,25,59,30.0,1563.5,46905.0,2024-04-21
2024042101024175,CYCL,25,62,100.0,1556.7,155670.0,2024-04-21
2024042101024174,CYCL,25,58,10.0,1555.0,15550.0,2024-04-21
2024042101024173,CYCL,25,44,53.0,1555.0,82415.0,2024-04-21
2024042101024172,CYCL,25,45,25.0,1550.3,38757.5,2024-04-21
2024042101024171,CYCL,25,42,19.0,1550.0,29450.0,2024-04-21
2024042101024170,CYCL,25,21,73.0,1550.0,113150.0,2024-04-21
2024042101024169,SONA,32,16,360.0,459.0,165240.0,2024-04-21
2024042104008622,DHPL,34,53,10.0,202.0,2020.0,2024-04-21
2024042104008621,BARUN,35,16,180.0,239.8,43164.0,2024-04-21
2024042104008620,BARUN,35,22,100.0,239.7,23970.0,2024-04-21
2024042104008619,BARUN,35,16,500.0,239.6,119800.0,2024-04-21
2024042104008618,BARUN,35,42,220.0,239.5,52690.0,2024-04-21
2024042103009384,JBBL,45,43,100.0,284.5,28450.0,2024-04-21
2024042103009383,JBBL,14,43,500.0,284.5,142250.0,2024-04-21
2024042101024168,BGWT,56,21,10.0,591.7,5917.0,2024-04-21
2024042105003866,HIDCL,58,58,10.0,163.0,1630.0,2024-04-21
2024042105003865,NTC,41,47,10.0,828.9,8289.0,2024-04-21
2024042103009382,LBBL,41,55,100.0,369.0,36900.0,2024-04-21
2024042103009381,LBBL,41,39,100.0,368.9,36890.0,2024-04-21
2024042103009380,LBBL,41,49,20.0,368.9,7378.0,2024-04-21
2024042103009379,LBBL,41,17,179.0,368.8,66015.2,2024-04-21
2024042104008617,SGIC,41,33,20.0,525.0,10500.0,2024-04-21
2024042104008616,AHPC,45,13,505.0,166.5,84082.5,2024-04-21
2024042101024167,SNLI,43,45,10.0,590.1,5901.0,2024-04-21
2024042101024166,GCIL,25,57,10.0,503.8,5038.0,2024-04-21
2024042104008615,UNHPL,57,45,200.0,228.0,45600.0,2024-04-21
2024042103009378,GRDBL,42,72,10.0,399.0,3990.0,2024-04-21
2024042104008614,AHPC,42,13,30.0,166.5,4995.0,2024-04-21
2024042101024165,USHEC,77,58,150.0,374.0,56100.0,2024-04-21
2024042101024164,USHEC,77,42,10.0,374.0,3740.0,2024-04-21
2024042101024163,USHEC,77,48,10.0,371.5,3715.0,2024-04-21
2024042101024162,USHEC,77,36,10.0,371.0,3710.0,2024-04-21
2024042101024161,USHEC,77,45,10.0,370.0,3700.0,2024-04-21
2024042101024160,USHEC,77,39,10.0,370.0,3700.0,2024-04-21
2024042101024159,USHEC,77,58,130.0,370.0,48100.0,2024-04-21
2024042101024158,USHEC,77,58,10.0,369.0,3690.0,2024-04-21
2024042101024157,USHEC,77,49,10.0,368.0,3680.0,2024-04-21
2024042101024156,USHEC,77,58,10.0,368.0,3680.0,2024-04-21
2024042101024155,USHEC,77,32,10.0,368.0,3680.0,2024-04-21
2024042101024154,USHEC,77,51,10.0,368.0,3680.0,2024-04-21
2024042101024153,USHEC,77,57,10.0,368.0,3680.0,2024-04-21
2024042101024152,ILI,4,40,305.0,550.0,167750.0,2024-04-21
2024042101024151,ILI,4,28,10.0,550.0,5500.0,2024-04-21
2024042101024150,ILI,4,21,10.0,550.0,5500.0,2024-04-21
2024042101024149,ILI,4,34,10.0,550.0,5500.0,2024-04-21
2024042101024148,ILI,4,7,10.0,550.0,5500.0,2024-04-21
2024042101024147,ILI,4,57,10.0,550.0,5500.0,2024-04-21
2024042101024146,ILI,4,57,10.0,550.0,5500.0,2024-04-21
2024042101024145,ILI,4,34,10.0,550.0,5500.0,2024-04-21
2024042101024144,ILI,4,43,10.0,550.0,5500.0,2024-04-21
2024042101024143,ILI,4,59,200.0,550.0,110000.0,2024-04-21
2024042101024142,ILI,4,39,390.0,550.0,214500.0,2024-04-21
2024042101024141,ILI,4,11,10.0,550.0,5500.0,2024-04-21
2024042101024140,ILI,4,58,20.0,550.0,11000.0,2024-04-21
2024042101024139,ILI,4,58,10.0,550.0,5500.0,2024-04-21
2024042101024138,ILI,4,57,10.0,550.0,5500.0,2024-04-21
2024042101024137,ILI,4,58,10.0,550.0,5500.0,2024-04-21
2024042101024136,ILI,4,47,10.0,550.0,5500.0,2024-04-21
2024042101024135,ILI,4,3,10.0,550.0,5500.0,2024-04-21
2024042101024134,ILI,4,14,10.0,550.0,5500.0,2024-04-21
2024042101024133,ILI,4,29,25.0,550.0,13750.0,2024-04-21
2024042101024132,ILI,4,45,10.0,550.0,5500.0,2024-04-21
2024042101024131,ILI,4,34,10.0,550.0,5500.0,2024-04-21
2024042101024130,ILI,4,50,250.0,549.9,137475.0,2024-04-21
2024042101024129,ILI,4,44,200.0,549.8,109960.0,2024-04-21
2024042101024128,ILI,4,38,100.0,549.7,54970.0,2024-04-21
2024042101024127,ILI,4,58,290.0,549.6,159384.0,2024-04-21
2024042101024126,ILI,4,49,50.0,549.5,27475.0,2024-04-21
2024042101024125,PPL,41,62,355.0,604.0,214420.0,2024-04-21
2024042101024124,PPL,14,62,10.0,604.0,6040.0,2024-04-21
2024042101024123,PPL,58,62,35.0,605.0,21175.0,2024-04-21
2024042101024122,TVCL,16,34,10.0,474.9,4749.0,2024-04-21
2024042101024121,TVCL,16,19,20.0,473.3,9466.0,2024-04-21
2024042101024120,TVCL,16,28,20.0,471.0,9420.0,2024-04-21
2024042103009377,GMFBS,57,34,20.0,1085.3,21706.0,2024-04-21
2024042101024119,VLUCL,21,34,30.0,484.0,14520.0,2024-04-21
2024042104008613,RBCL,21,69,10.0,12990.0,129900.0,2024-04-21
2024042103009376,LBBL,21,17,10.0,368.8,3688.0,2024-04-21
2024042101024118,SMHL,58,84,20.0,441.6,8832.0,2024-04-21
2024042101024117,SANIMA,43,58,30.0,233.0,6990.0,2024-04-21
2024042104008612,GLH,1,33,10.0,207.9,2079.0,2024-04-21
2024042103009375,MLBL,45,34,71.0,319.0,22649.0,2024-04-21
2024042103009374,MLBL,45,48,19.0,318.9,6059.1,2024-04-21
2024042101024116,MKHC,32,13,10.0,330.0,3300.0,2024-04-21
2024042101024115,RFPL,32,56,210.0,381.0,80010.0,2024-04-21
2024042101024114,RFPL,32,21,10.0,380.5,3805.0,2024-04-21
2024042101024113,RFPL,32,58,10.0,380.1,3801.0,2024-04-21
2024042101024112,MKHC,4,13,40.0,330.0,13200.0,2024-04-21
2024042101024111,MKHC,4,34,10.0,330.0,3300.0,2024-04-21
2024042101024110,MKHC,4,20,900.0,330.0,297000.0,2024-04-21
2024042101024109,MMKJL,86,44,10.0,415.0,4150.0,2024-04-21
2024042101024108,MMKJL,86,13,10.0,415.0,4150.0,2024-04-21
2024042101024107,SARBTM,41,58,20.0,817.3,16346.0,2024-04-21
2024042104008611,RURU,40,11,10.0,546.0,5460.0,2024-04-21
2024042101024106,GBIME,41,14,40.0,173.0,6920.0,2024-04-21
2024042101024105,SAHAS,1,49,10.0,507.0,5070.0,2024-04-21
2024042101024104,SHIVM,36,8,312.0,512.0,159744.0,2024-04-21
2024042101024103,SONA,36,36,21.0,458.0,9618.0,2024-04-21
2024042101024102,SONA,56,36,79.0,458.0,36182.0,2024-04-21
2024042104008610,SHEL,38,36,10.0,166.0,1660.0,2024-04-21
2024042103009373,SJLIC,42,21,100.0,436.9,43690.0,2024-04-21
2024042103009372,GUFL,38,74,108.0,788.0,85104.0,2024-04-21
2024042105003864,HRL,1,21,20.0,600.3,12006.0,2024-04-21
2024042104008609,JOSHI,41,55,300.0,353.9,106170.0,2024-04-21
2024042104008608,LEC,48,42,700.0,185.0,129500.0,2024-04-21
2024042104008607,UAIL,56,42,32.0,528.0,16896.0,2024-04-21
2024042104008606,UAIL,56,83,168.0,527.9,88687.2,2024-04-21
2024042101024101,SARBTM,41,16,100.0,817.3,81730.0,2024-04-21
2024042104008605,UPCL,49,58,10.0,195.0,1950.0,2024-04-21
2024042104008604,SJCL,44,58,100.0,284.0,28400.0,2024-04-21
2024042104008603,RURU,38,11,800.0,546.0,436800.0,2024-04-21
2024042103009371,ICFC,38,38,10.0,502.0,5020.0,2024-04-21
2024042101024100,SARBTM,17,16,50.0,817.3,40865.0,2024-04-21
2024042101024099,CKHL,49,26,30.0,534.0,16020.0,2024-04-21
2024042101024098,NYADI,38,56,11.0,291.4,3205.4,2024-04-21
2024042101024097,NYADI,94,56,100.0,291.7,29170.0,2024-04-21
2024042101024096,NYADI,58,56,40.0,292.0,11680.0,2024-04-21
2024042101024095,BNT,58,17,10.0,12490.0,124900.0,2024-04-21
2024042101024094,PHCL,44,57,260.0,300.0,78000.0,2024-04-21
2024042101024093,PHCL,33,57,40.0,300.0,12000.0,2024-04-21
2024042104008602,NICL,13,62,57.0,805.3,45902.1,2024-04-21
2024042104008601,NICL,13,62,100.0,805.5,80550.0,2024-04-21
2024042104008600,NICL,14,62,40.0,810.0,32400.0,2024-04-21
2024042104008599,NICL,35,62,13.0,810.0,10530.0,2024-04-21
2024042101024092,CLI,22,64,28.0,440.0,12320.0,2024-04-21
2024042105003863,GIBF1,34,42,335.0,8.3,2780.5,2024-04-21
2024042104008598,RHPL,64,51,980.0,269.9,264502.0,2024-04-21
2024042104008597,RHPL,64,42,10.0,269.0,2690.0,2024-04-21
2024042104008596,RHPL,64,42,10.0,269.0,2690.0,2024-04-21
2024042104008595,AKJCL,1,45,10.0,210.0,2100.0,2024-04-21
2024042103009370,MFIL,32,42,10.0,506.5,5065.0,2024-04-21
2024042103009369,NFS,7,58,1680.0,443.0,744240.0,2024-04-21
2024042103009368,NFS,7,33,50.0,442.9,22145.0,2024-04-21
2024042103009367,NFS,7,40,100.0,442.0,44200.0,2024-04-21
2024042103009366,PMLI,49,39,10.0,502.0,5020.0,2024-04-21
2024042101024091,SRLI,38,4,10.0,431.0,4310.0,2024-04-21
2024042101024090,KBL,22,46,100.0,133.5,13350.0,2024-04-21
2024042101024089,LSL,46,59,100.0,150.0,15000.0,2024-04-21
2024042101024088,CZBIL,37,41,100.0,156.0,15600.0,2024-04-21
2024042101024087,SARBTM,56,3,15.0,817.2,12258.0,2024-04-21
2024042103009365,SJLIC,29,21,10.0,436.9,4369.0,2024-04-21
2024042101024086,SONA,19,16,100.0,459.0,45900.0,2024-04-21
2024042103009364,GUFL,38,45,92.0,788.0,72496.0,2024-04-21
2024042103009363,GUFL,28,45,78.0,788.1,61471.8,2024-04-21
2024042101024085,NIMB,45,25,35.0,153.3,5365.5,2024-04-21
2024042101024084,SHIVM,36,45,20.0,512.0,10240.0,2024-04-21
2024042104008594,HEI,29,14,27.0,574.0,15498.0,2024-04-21
2024042104008593,HEI,49,14,103.0,574.0,59122.0,2024-04-21
2024042103009362,NICLBSL,22,57,40.0,652.1,26084.0,2024-04-21
2024042105003862,NRIC,22,33,30.0,711.5,21345.0,2024-04-21
2024042103009361,GLBSL,53,62,130.0,1740.0,226200.0,2024-04-21
2024042103009360,GLBSL,22,62,39.0,1740.9,67895.1,2024-04-21
2024042103009359,GLBSL,50,62,50.0,1741.0,87050.0,2024-04-21
2024042103009358,GLBSL,41,62,25.0,1741.3,43532.5,2024-04-21
2024042103009357,GLBSL,52,62,100.0,1742.1,174210.0,2024-04-21
2024042103009356,GLBSL,58,62,50.0,1742.1,87105.0,2024-04-21
2024042103009355,SJLIC,53,21,100.0,436.9,43690.0,2024-04-21
2024042103009354,SAPDBL,57,71,100.0,294.0,29400.0,2024-04-21
2024042103009353,SAPDBL,35,71,200.0,294.1,58820.0,2024-04-21
2024042103009352,SAPDBL,41,71,500.0,294.2,147100.0,2024-04-21
2024042103009351,SAPDBL,34,71,100.0,294.2,29420.0,2024-04-21
2024042101024083,JBLB,58,6,16.0,1292.0,20672.0,2024-04-21
2024042101024082,RFPL,72,6,1000.0,380.0,380000.0,2024-04-21
2024042105003861,NRIC,22,26,41.0,711.5,29171.5,2024-04-21
2024042104008592,UMRH,34,1,10.0,343.0,3430.0,2024-04-21
2024042103009350,CFCL,21,88,80.0,368.5,29480.0,2024-04-21
2024042101024081,SBID83,49,29,25.0,1036.0,25900.0,2024-04-21
2024042104008591,JOSHI,41,45,195.0,353.9,69010.5,2024-04-21
2024042101024080,CYCL,35,25,1000.0,1459.0,1459000.0,2024-04-21
2024042101024079,CYCL,37,25,10.0,1459.0,14590.0,2024-04-21
2024042101024078,CYCL,85,25,100.0,1459.0,145900.0,2024-04-21
2024042101024077,CYCL,14,25,10.0,1460.0,14600.0,2024-04-21
2024042101024076,CYCL,13,25,100.0,1460.0,146000.0,2024-04-21
2024042101024075,CYCL,42,25,15.0,1460.0,21900.0,2024-04-21
2024042101024074,CYCL,29,25,109.0,1460.1,159150.9,2024-04-21
2024042101024073,CYCL,35,25,200.0,1470.1,294020.0,2024-04-21
2024042101024072,CYCL,49,25,50.0,1471.0,73550.0,2024-04-21
2024042101024071,CYCL,14,25,20.0,1471.0,29420.0,2024-04-21
2024042101024070,CYCL,85,25,90.0,1488.0,133920.0,2024-04-21
2024042101024069,CYCL,42,25,10.0,1488.7,14887.0,2024-04-21
2024042101024068,CYCL,39,25,10.0,1489.6,14896.0,2024-04-21
2024042101024067,CYCL,3,25,50.0,1489.6,74480.0,2024-04-21
2024042101024066,CYCL,25,25,50.0,1490.0,74500.0,2024-04-21
2024042101024065,CYCL,17,25,10.0,1490.0,14900.0,2024-04-21
2024042101024064,CYCL,34,25,10.0,1490.0,14900.0,2024-04-21
2024042101024063,CYCL,62,25,20.0,1490.6,29812.0,2024-04-21
2024042101024062,CYCL,14,25,20.0,1490.6,29812.0,2024-04-21
2024042101024061,CYCL,38,25,10.0,1491.0,14910.0,2024-04-21
2024042101024060,CYCL,38,25,50.0,1491.0,74550.0,2024-04-21
2024042101024059,CYCL,57,25,50.0,1491.0,74550.0,2024-04-21
2024042101024058,CYCL,43,25,10.0,1491.0,14910.0,2024-04-21
2024042101024057,CYCL,48,25,30.0,1491.8,44754.0,2024-04-21
2024042101024056,CYCL,43,25,50.0,1492.0,74600.0,2024-04-21
2024042101024055,CYCL,34,25,50.0,1492.1,74605.0,2024-04-21
2024042101024054,CYCL,85,25,20.0,1492.1,29842.0,2024-04-21
2024042101024053,CYCL,45,25,30.0,1493.0,44790.0,2024-04-21
2024042101024052,CYCL,45,25,50.0,1493.0,74650.0,2024-04-21
2024042101024051,CYCL,55,25,30.0,1494.0,44820.0,2024-04-21
2024042101024050,CYCL,45,25,10.0,1495.0,14950.0,2024-04-21
2024042101024049,CYCL,43,25,10.0,1495.0,14950.0,2024-04-21
2024042101024048,CYCL,29,25,100.0,1496.0,149600.0,2024-04-21
2024042101024047,CYCL,21,25,10.0,1500.0,15000.0,2024-04-21
2024042101024046,CYCL,58,25,60.0,1500.0,90000.0,2024-04-21
2024042101024045,CYCL,54,25,300.0,1500.0,450000.0,2024-04-21
2024042101024044,CYCL,34,25,54.0,1500.0,81000.0,2024-04-21
2024042101024043,CYCL,36,25,50.0,1501.0,75050.0,2024-04-21
2024042101024042,CYCL,59,25,10.0,1520.0,15200.0,2024-04-21
2024042101024041,CYCL,49,25,30.0,1520.0,45600.0,2024-04-21
2024042101024040,CYCL,34,25,10.0,1520.1,15201.0,2024-04-21
2024042101024039,MEL,42,8,10.0,236.0,2360.0,2024-04-21
2024042104008590,NHPC,14,14,100.0,147.6,14760.0,2024-04-21
2024042101024038,SARBTM,44,16,10.0,817.3,8173.0,2024-04-21
2024042103009349,KSBBL,44,51,10.0,352.9,3529.0,2024-04-21
2024042101024037,HATHY,72,5,214.0,860.0,184040.0,2024-04-21
2024042104008589,JOSHI,41,22,795.0,353.9,281350.5,2024-04-21
2024042101024036,RNLI,57,17,80.0,428.5,34280.0,2024-04-21
2024042104008588,SGIC,17,33,150.0,525.0,78750.0,2024-04-21
2024042103009348,GUFL,59,34,100.0,788.1,78810.0,2024-04-21
2024042103009347,SJLIC,55,48,98.0,436.0,42728.0,2024-04-21
2024042104008587,AKPL,49,45,550.0,167.0,91850.0,2024-04-21
2024042104008586,TRH,57,57,20.0,725.0,14500.0,2024-04-21
2024042105003860,NRN,16,47,1000.0,507.0,507000.0,2024-04-21
2024042105003859,NRN,42,47,10.0,508.0,5080.0,2024-04-21
2024042101024035,RNLI,57,7,11.0,428.5,4713.5,2024-04-21
2024042103009346,LICN,74,7,100.0,1325.0,132500.0,2024-04-21
2024042101024034,MEHL,38,42,10.0,322.9,3229.0,2024-04-21
2024042101024033,TAMOR,44,38,10.0,380.0,3800.0,2024-04-21
2024042101024032,SHIVM,36,17,168.0,512.0,86016.0,2024-04-21
2024042101024031,SHIVM,16,17,32.0,512.0,16384.0,2024-04-21
2024042101024030,NMB,46,43,10.0,173.7,1737.0,2024-04-21
2024042101024029,JBLB,58,38,10.0,1292.0,12920.0,2024-04-21
2024042103009345,MLBBL,39,42,290.0,1010.0,292900.0,2024-04-21
2024042101024028,GCIL,34,38,11.0,497.0,5467.0,2024-04-21
2024042101024027,EBL,13,42,15.0,505.0,7575.0,2024-04-21
2024042101024026,EBL,13,56,419.0,505.0,211595.0,2024-04-21
2024042101024025,ILI,59,49,10.0,549.5,5495.0,2024-04-21
2024042101024024,ILI,59,38,10.0,549.5,5495.0,2024-04-21
2024042104008585,SPDL,42,37,200.0,233.0,46600.0,2024-04-21
2024042101024023,SMHL,50,58,10.0,432.0,4320.0,2024-04-21
2024042101024022,SHIVM,16,64,18.0,512.0,9216.0,2024-04-21
2024042101024021,SHIVM,49,64,42.0,512.0,21504.0,2024-04-21
2024042104008584,AKPL,49,35,50.0,167.0,8350.0,2024-04-21
2024042101024020,RHGCL,42,49,50.0,338.0,16900.0,2024-04-21
2024042103009344,JBBL,38,49,655.0,285.0,186675.0,2024-04-21
2024042101024019,AVYAN,32,88,714.0,701.0,500514.0,2024-04-21
2024042103009343,SHINE,57,35,20.0,363.5,7270.0,2024-04-21
2024042101024018,BEDC,4,39,10.0,368.5,3685.0,2024-04-21
2024042104008583,RIDI,29,42,28.0,171.0,4788.0,2024-04-21
2024042101024017,SARBTM,56,54,15.0,817.2,12258.0,2024-04-21
2024042101024016,HATHY,72,38,22.0,860.0,18920.0,2024-04-21
2024042101024015,ILI,72,38,10.0,549.0,5490.0,2024-04-21
2024042103009342,PROFL,17,42,50.0,318.0,15900.0,2024-04-21
2024042103009341,BFC,34,42,10.0,353.9,3539.0,2024-04-21
2024042105003858,CHDC,67,84,10.0,798.5,7985.0,2024-04-21
2024042105003857,CHDC,67,14,10.0,798.0,7980.0,2024-04-21
2024042105003856,CHDC,67,35,10.0,795.0,7950.0,2024-04-21
2024042104008582,CHL,56,22,93.0,315.0,29295.0,2024-04-21
2024042104008581,CHL,56,7,24.0,315.0,7560.0,2024-04-21
2024042104008580,CHL,56,62,10.0,315.0,3150.0,2024-04-21
2024042104008579,AHPC,88,13,300.0,166.5,49950.0,2024-04-21
2024042101024014,SAHAS,1,51,100.0,507.0,50700.0,2024-04-21
2024042101024013,SAHAS,1,28,10.0,507.0,5070.0,2024-04-21
2024042101024012,SAHAS,1,51,100.0,505.0,50500.0,2024-04-21
2024042103009340,NLICL,52,19,30.0,550.0,16500.0,2024-04-21
2024042104008578,HDHPC,49,45,1140.0,130.9,149226.0,2024-04-21
2024042104008577,HDHPC,49,42,860.0,130.8,112488.0,2024-04-21
2024042103009339,SJLIC,55,32,10.0,436.0,4360.0,2024-04-21
2024042104008576,AKPL,62,11,87.0,167.0,14529.0,2024-04-21
2024042104008575,AKPL,62,94,500.0,167.0,83500.0,2024-04-21
2024042104008574,AKPL,62,34,65.0,167.0,10855.0,2024-04-21
2024042101024011,UHEWA,34,41,10.0,420.0,4200.0,2024-04-21
2024042103009338,GBBL,57,50,30.0,361.0,10830.0,2024-04-21
2024042103009337,GBBL,39,50,20.0,361.0,7220.0,2024-04-21
2024042104008573,HDHPC,41,42,40.0,130.8,5232.0,2024-04-21
2024042101024010,RFPL,72,6,355.0,380.0,134900.0,2024-04-21
2024042104008572,GHL,43,58,288.0,150.7,43401.6,2024-04-21
2024042104008571,GHL,49,58,360.0,150.8,54288.0,2024-04-21
2024042104008570,GHL,45,58,450.0,150.9,67905.0,2024-04-21
2024042104008569,GHL,25,58,902.0,151.0,136202.0,2024-04-21
2024042101024009,GCIL,25,57,39.0,503.8,19648.2,2024-04-21
2024042101024008,GCIL,25,34,100.0,503.0,50300.0,2024-04-21
2024042101024007,GCIL,25,29,500.0,502.0,251000.0,2024-04-21
2024042101024006,GCIL,25,6,11.0,502.0,5522.0,2024-04-21
2024042101024005,GCIL,25,48,100.0,502.0,50200.0,2024-04-21
2024042101024004,GCIL,25,71,50.0,501.0,25050.0,2024-04-21
2024042101024003,GCIL,25,45,13.0,500.0,6500.0,2024-04-21
2024042101024002,GCIL,25,58,11.0,500.0,5500.0,2024-04-21
2024042101024001,GCIL,25,49,11.0,500.0,5500.0,2024-04-21
2024042101024000,GCIL,25,26,100.0,500.0,50000.0,2024-04-21
2024042101023999,GCIL,25,39,34.0,500.0,17000.0,2024-04-21
2024042101023998,GCIL,25,13,30.0,500.0,15000.0,2024-04-21
2024042101023997,GCIL,25,52,59.0,500.0,29500.0,2024-04-21
2024042101023996,GCIL,25,13,11.0,500.0,5500.0,2024-04-21
2024042101023995,GCIL,25,38,50.0,500.0,25000.0,2024-04-21
2024042101023994,GCIL,25,49,20.0,500.0,10000.0,2024-04-21
2024042101023993,GCIL,25,50,50.0,500.0,25000.0,2024-04-21
2024042101023992,GCIL,25,25,11.0,500.0,5500.0,2024-04-21
2024042101023991,GCIL,25,19,100.0,499.9,49990.0,2024-04-21
2024042101023990,GCIL,25,51,500.0,499.9,249950.0,2024-04-21
2024042101023989,LSL,8,57,981.0,148.4,145580.4,2024-04-21
2024042101023988,LSL,55,57,1000.0,148.5,148500.0,2024-04-21
2024042101023987,LSL,17,57,1019.0,148.6,151423.4,2024-04-21
2024042101023986,ULHC,45,39,50.0,339.9,16995.0,2024-04-21
2024042104008568,JOSHI,41,54,170.0,353.9,60163.0,2024-04-21
2024042101023985,DLBS,18,26,10.0,1147.0,11470.0,2024-04-21
2024042101023984,DLBS,18,49,70.0,1108.0,77560.0,2024-04-21
2024042104008567,RADHI,42,1,100.0,229.2,22920.0,2024-04-21
2024042101023983,KBL,49,41,100.0,133.1,13310.0,2024-04-21
2024042104008566,UPPER,45,49,100.0,167.0,16700.0,2024-04-21
2024042104008565,RURU,42,11,300.0,546.0,163800.0,2024-04-21
2024042104008564,RURU,4,11,80.0,546.0,43680.0,2024-04-21
2024042101023982,NRM,38,50,10.0,364.9,3649.0,2024-04-21
2024042104008563,SHL,38,33,383.0,433.0,165839.0,2024-04-21
2024042104008562,SHL,38,34,117.0,432.9,50649.3,2024-04-21
2024042103009336,GUFL,55,52,20.0,788.2,15764.0,2024-04-21
2024042101023981,PHCL,33,6,50.0,300.0,15000.0,2024-04-21
2024042101023980,PHCL,55,6,20.0,300.0,6000.0,2024-04-21
2024042101023979,PHCL,42,6,50.0,300.0,15000.0,2024-04-21
2024042101023978,PHCL,1,6,50.0,300.0,15000.0,2024-04-21
2024042104008561,KKHC,36,34,500.0,233.1,116550.0,2024-04-21
2024042104008560,KKHC,67,34,200.0,233.2,46640.0,2024-04-21
2024042104008559,KKHC,44,34,100.0,233.3,23330.0,2024-04-21
2024042104008558,KKHC,55,34,100.0,234.0,23400.0,2024-04-21
2024042104008557,KKHC,42,34,70.0,234.0,16380.0,2024-04-21
2024042104008556,KKHC,75,34,90.0,234.5,21105.0,2024-04-21
2024042101023977,MEL,42,39,230.0,236.0,54280.0,2024-04-21
2024042101023976,MEL,42,56,10.0,236.0,2360.0,2024-04-21
2024042101023975,MEL,42,57,10.0,236.0,2360.0,2024-04-21
2024042101023974,TAMOR,44,4,40.0,380.0,15200.0,2024-04-21
2024042101023973,NABIL,28,42,20.0,430.0,8600.0,2024-04-21
2024042101023972,SHLB,14,6,10.0,1272.6,12726.0,2024-04-21
2024042104008555,UPPER,18,49,10.0,167.0,1670.0,2024-04-21
2024042101023971,NBL,41,25,30.0,201.8,6054.0,2024-04-21
2024042101023970,MANDU,66,39,20.0,747.0,14940.0,2024-04-21
2024042101023969,MANDU,26,39,30.0,748.0,22440.0,2024-04-21
2024042103009335,WNLB,11,17,35.0,1270.0,44450.0,2024-04-21
2024042103009334,WNLB,58,17,15.0,1280.0,19200.0,2024-04-21
2024042101023968,BHL,58,19,10.0,334.1,3341.0,2024-04-21
2024042104008554,RIDI,29,57,148.0,171.0,25308.0,2024-04-21
2024042104008553,RIDI,42,57,200.0,171.0,34200.0,2024-04-21
2024042104008552,RIDI,58,57,50.0,171.0,8550.0,2024-04-21
2024042104008551,RIDI,58,57,360.0,171.0,61560.0,2024-04-21
2024042103009333,KSBBL,44,58,90.0,352.0,31680.0,2024-04-21
2024042101023967,SAHAS,49,7,900.0,498.0,448200.0,2024-04-21
2024042101023966,SAHAS,53,7,500.0,498.1,249050.0,2024-04-21
2024042101023965,MHCL,49,7,50.0,397.0,19850.0,2024-04-21
2024042101023964,MHCL,58,7,200.0,397.0,79400.0,2024-04-21
2024042101023963,MHCL,58,7,50.0,397.0,19850.0,2024-04-21
2024042101023962,NABIL,14,4,39.0,428.0,16692.0,2024-04-21
2024042101023961,NABIL,38,4,230.0,428.0,98440.0,2024-04-21
2024042101023960,NABIL,42,4,30.0,428.0,12840.0,2024-04-21
2024042101023959,NABIL,42,4,35.0,428.0,14980.0,2024-04-21
2024042101023958,NABIL,4,4,20.0,428.0,8560.0,2024-04-21
2024042101023957,NABIL,58,4,100.0,428.0,42800.0,2024-04-21
2024042101023956,NABIL,5,4,10.0,428.0,4280.0,2024-04-21
2024042101023955,NABIL,42,4,200.0,428.0,85600.0,2024-04-21
2024042101023954,NABIL,43,4,10.0,428.0,4280.0,2024-04-21
2024042101023953,NABIL,55,4,25.0,428.5,10712.5,2024-04-21
2024042101023952,NABIL,51,4,100.0,429.0,42900.0,2024-04-21
2024042101023951,NABIL,32,4,50.0,429.0,21450.0,2024-04-21
2024042101023950,NABIL,46,4,60.0,429.0,25740.0,2024-04-21
2024042101023949,NABIL,35,4,20.0,429.0,8580.0,2024-04-21
2024042101023948,NABIL,6,4,10.0,429.2,4292.0,2024-04-21
2024042101023947,NABIL,42,4,52.0,429.5,22334.0,2024-04-21
2024042105003855,HRL,17,33,157.0,600.0,94200.0,2024-04-21
2024042105003854,HRL,65,33,10.0,600.1,6001.0,2024-04-21
2024042105003853,HRL,37,33,60.0,600.1,36006.0,2024-04-21
2024042105003852,HRL,18,33,180.0,600.2,108036.0,2024-04-21
2024042105003851,HRL,45,33,93.0,601.0,55893.0,2024-04-21
2024042105003850,HRL,58,33,50.0,601.0,30050.0,2024-04-21
2024042105003849,HRL,57,33,200.0,601.0,120200.0,2024-04-21
2024042104008550,JOSHI,26,14,100.0,355.0,35500.0,2024-04-21
2024042104008549,AHPC,55,13,380.0,166.5,63270.0,2024-04-21
2024042104008548,AHPC,55,48,120.0,166.4,19968.0,2024-04-21
2024042101023946,UHEWA,49,41,100.0,420.0,42000.0,2024-04-21
2024042101023945,ULHC,45,39,50.0,339.9,16995.0,2024-04-21
2024042101023944,UHEWA,57,41,20.0,420.0,8400.0,2024-04-21
2024042104008547,JOSHI,7,14,860.0,355.0,305300.0,2024-04-21
2024042104008546,JOSHI,7,46,30.0,355.0,10650.0,2024-04-21
2024042104008545,JOSHI,7,6,30.0,355.0,10650.0,2024-04-21
2024042104008544,JOSHI,7,1,40.0,355.0,14200.0,2024-04-21
2024042104008543,JOSHI,7,45,90.0,355.0,31950.0,2024-04-21
2024042104008542,JOSHI,7,21,50.0,355.0,17750.0,2024-04-21
2024042104008541,JOSHI,7,50,200.0,355.0,71000.0,2024-04-21
2024042104008540,JOSHI,7,53,200.0,355.0,71000.0,2024-04-21
2024042104008539,JOSHI,7,26,100.0,355.0,35500.0,2024-04-21
2024042104008538,JOSHI,7,6,100.0,354.9,35490.0,2024-04-21
2024042104008537,JOSHI,7,49,100.0,354.1,35410.0,2024-04-21
2024042104008536,JOSHI,7,53,200.0,354.0,70800.0,2024-04-21
2024042104008535,SHL,62,33,137.0,433.0,59321.0,2024-04-21
2024042101023943,HATHY,72,28,20.0,860.0,17200.0,2024-04-21
2024042101023942,HATHY,72,41,244.0,858.0,209352.0,2024-04-21
2024042103009332,SADBL,26,25,200.0,291.0,58200.0,2024-04-21
2024042101023941,MEHL,57,58,10.0,320.5,3205.0,2024-04-21
2024042101023940,ILI,72,44,500.0,549.0,274500.0,2024-04-21
2024042104008534,HDHPC,49,42,100.0,130.8,13080.0,2024-04-21
2024042101023939,PRVU,22,17,10.0,138.9,1389.0,2024-04-21
2024042101023938,SONA,52,16,30.0,459.0,13770.0,2024-04-21
2024042104008533,HPPL,35,18,1200.0,255.0,306000.0,2024-04-21
2024042101023937,SHLB,53,34,10.0,1273.0,12730.0,2024-04-21
2024042103009331,FMDBL,34,42,10.0,614.0,6140.0,2024-04-21
2024042101023936,CLI,17,64,25.0,440.0,11000.0,2024-04-21
2024042101023935,CLI,58,64,12.0,440.0,5280.0,2024-04-21
2024042101023934,CLI,38,64,100.0,440.0,44000.0,2024-04-21
2024042101023933,CLI,19,64,100.0,440.0,44000.0,2024-04-21
2024042101023932,CLI,44,64,48.0,440.0,21120.0,2024-04-21
2024042101023931,CLI,7,64,40.0,440.0,17600.0,2024-04-21
2024042101023930,CLI,49,64,13.0,441.0,5733.0,2024-04-21
2024042103009330,SJLIC,55,66,80.0,436.0,34880.0,2024-04-21
2024042103009329,SJLIC,43,66,20.0,436.1,8722.0,2024-04-21
2024042101023929,ULHC,44,39,50.0,339.9,16995.0,2024-04-21
2024042101023928,UHEWA,33,41,70.0,420.0,29400.0,2024-04-21
2024042101023927,NICA,33,16,700.0,374.0,261800.0,2024-04-21
2024042101023926,NICA,33,52,200.0,373.9,74780.0,2024-04-21
2024042104008532,UMRH,25,62,50.0,340.0,17000.0,2024-04-21
2024042104008531,UAIL,57,38,10.0,525.0,5250.0,2024-04-21
2024042104008530,API,17,35,500.0,171.0,85500.0,2024-04-21
2024042101023925,SNLI,43,34,80.0,590.1,47208.0,2024-04-21
2024042101023924,MLBS,34,38,65.0,1200.0,78000.0,2024-04-21
2024042101023923,SIKLES,33,55,10.0,505.0,5050.0,2024-04-21
2024042101023922,NMB,58,41,93.0,171.5,15949.5,2024-04-21
2024042103009328,MPFL,45,32,150.0,372.0,55800.0,2024-04-21
2024042101023921,ILI,72,45,100.0,549.0,54900.0,2024-04-21
2024042101023920,ILI,72,8,10.0,549.0,5490.0,2024-04-21
2024042101023919,NIMB,57,16,20.0,153.0,3060.0,2024-04-21
2024042104008529,RURU,59,11,341.0,546.0,186186.0,2024-04-21
2024042104008528,RURU,59,38,24.0,545.8,13099.2,2024-04-21
2024042101023918,SPHL,34,1,10.0,469.0,4690.0,2024-04-21
2024042103009327,NABBC,22,47,320.0,418.5,133920.0,2024-04-21
2024042103009326,NABBC,38,47,10.0,418.5,4185.0,2024-04-21
2024042101023917,CLI,49,4,12.0,441.0,5292.0,2024-04-21
2024042101023916,MCHL,53,41,15.0,405.0,6075.0,2024-04-21
2024042101023915,BGWT,56,58,100.0,591.7,59170.0,2024-04-21
2024042104008527,NGPL,57,38,100.0,317.9,31790.0,2024-04-21
2024042101023914,SONA,56,33,10.0,458.0,4580.0,2024-04-21
2024042104008526,DHPL,48,48,550.0,202.1,111155.0,2024-04-21
2024042104008525,DHPL,60,48,100.0,202.2,20220.0,2024-04-21
2024042104008524,DHPL,21,48,100.0,202.3,20230.0,2024-04-21
2024042104008523,DHPL,51,48,248.0,202.5,50220.0,2024-04-21
2024042104008522,NHDL,6,56,43.0,416.0,17888.0,2024-04-21
2024042101023913,NMB,37,45,10.0,172.0,1720.0,2024-04-21
2024042101023912,HBL,57,55,43.0,176.0,7568.0,2024-04-21
2024042101023911,HBL,57,39,66.0,176.0,11616.0,2024-04-21
2024042101023910,HBL,57,32,57.0,176.0,10032.0,2024-04-21
2024042101023909,HBL,57,42,50.0,175.8,8790.0,2024-04-21
2024042101023908,NICA,52,7,10.0,373.0,3730.0,2024-04-21
2024042101023907,HBL,58,42,100.0,175.8,17580.0,2024-04-21
2024042101023906,SNLI,53,34,100.0,590.1,59010.0,2024-04-21
2024042104008521,BARUN,35,22,100.0,239.7,23970.0,2024-04-21
2024042104008520,BARUN,35,16,500.0,237.8,118900.0,2024-04-21
2024042104008519,BARUN,35,13,200.0,237.7,47540.0,2024-04-21
2024042103009325,SAPDBL,17,71,100.0,295.1,29510.0,2024-04-21
2024042103009324,SAPDBL,40,71,100.0,295.1,29510.0,2024-04-21
2024042103009323,SAPDBL,51,71,500.0,296.0,148000.0,2024-04-21
2024042103009322,SAPDBL,6,71,10.0,299.7,2997.0,2024-04-21
2024042104008518,KKHC,75,21,10.0,234.5,2345.0,2024-04-21
2024042101023905,SARBTM,39,16,25.0,817.3,20432.5,2024-04-21
2024042104008517,SJCL,44,58,50.0,284.0,14200.0,2024-04-21
2024042104008516,SJCL,44,49,10.0,284.0,2840.0,2024-04-21
2024042104008515,SJCL,44,59,40.0,283.0,11320.0,2024-04-21
2024042104008514,UPPER,42,58,50.0,166.5,8325.0,2024-04-21
2024042104008513,UPPER,6,58,50.0,166.5,8325.0,2024-04-21
2024042104008512,UPPER,59,58,190.0,166.9,31711.0,2024-04-21
2024042101023904,MCHL,11,42,70.0,403.3,28231.0,2024-04-21
2024042103009321,RSDC,42,19,93.0,607.9,56534.7,2024-04-21
2024042104008511,UNHPL,22,45,50.0,228.0,11400.0,2024-04-21
2024042101023903,HHL,51,21,10.0,367.9,3679.0,2024-04-21
2024042101023902,JBLB,36,21,10.0,1292.0,12920.0,2024-04-21
2024042101023901,NRM,10,49,100.0,360.7,36070.0,2024-04-21
2024042101023900,MEL,17,42,583.0,235.2,137121.6,2024-04-21
2024042101023899,MEL,62,42,1046.0,235.2,246019.2,2024-04-21
2024042105003848,CHDC,33,55,58.0,794.0,46052.0,2024-04-21
2024042101023898,BNHC,32,34,10.0,465.0,4650.0,2024-04-21
2024042104008510,UPPER,19,49,279.0,167.0,46593.0,2024-04-21
2024042104008509,UPPER,19,4,10.0,167.0,1670.0,2024-04-21
2024042104008508,UPPER,19,59,131.0,167.0,21877.0,2024-04-21
2024042103009320,KSBBL,44,49,50.0,351.0,17550.0,2024-04-21
2024042101023897,DLBS,4,49,49.0,1108.0,54292.0,2024-04-21
2024042101023896,SGHC,36,54,150.0,319.0,47850.0,2024-04-21
2024042101023895,SGHC,29,54,40.0,319.0,12760.0,2024-04-21
2024042103009319,ICFC,72,5,100.0,503.0,50300.0,2024-04-21
2024042105003847,HRL,8,58,15.0,601.0,9015.0,2024-04-21
2024042103009318,GILB,62,41,50.0,980.5,49025.0,2024-04-21
2024042101023894,NRM,38,19,10.0,365.0,3650.0,2024-04-21
2024042103009317,NLIC,84,43,112.0,585.2,65542.4,2024-04-21
2024042103009316,NLIC,35,43,328.0,585.3,191978.4,2024-04-21
2024042103009315,NLIC,26,43,100.0,585.4,58540.0,2024-04-21
2024042103009314,NLIC,45,43,60.0,585.4,35124.0,2024-04-21
2024042104008507,JOSHI,41,3,290.0,353.9,102631.0,2024-04-21
2024042101023893,SARBTM,18,16,100.0,817.3,81730.0,2024-04-21
2024042101023892,DLBS,4,34,70.0,1108.0,77560.0,2024-04-21
2024042101023891,DLBS,10,34,30.0,1108.2,33246.0,2024-04-21
2024042103009313,SABSL,14,38,47.0,774.0,36378.0,2024-04-21
2024042103009312,SABSL,14,42,13.0,770.0,10010.0,2024-04-21
2024042104008506,HURJA,58,42,320.0,286.0,91520.0,2024-04-21
2024042104008505,HURJA,58,34,40.0,286.0,11440.0,2024-04-21
2024042101023890,MKHC,58,20,100.0,330.0,33000.0,2024-04-21
2024042101023889,MEL,58,52,100.0,235.3,23530.0,2024-04-21
2024042104008504,UPPER,48,59,220.0,167.0,36740.0,2024-04-21
2024042104008503,UPPER,48,13,280.0,166.9,46732.0,2024-04-21
2024042101023888,ILI,72,47,10.0,549.0,5490.0,2024-04-21
2024042101023887,ILI,72,55,10.0,549.0,5490.0,2024-04-21
2024042101023886,ILI,72,52,40.0,549.0,21960.0,2024-04-21
2024042101023885,ILI,72,40,108.0,549.0,59292.0,2024-04-21
2024042103009311,DDBL,50,32,22.0,689.0,15158.0,2024-04-21
2024042104008502,RURU,49,11,20.0,546.0,10920.0,2024-04-21
2024042104008501,JOSHI,41,7,100.0,353.9,35390.0,2024-04-21
2024042105003846,CHDC,33,50,100.0,794.0,79400.0,2024-04-21
2024042105003845,CHDC,33,17,10.0,790.0,7900.0,2024-04-21
2024042105003844,CHDC,33,17,10.0,790.0,7900.0,2024-04-21
2024042105003843,CHDC,33,59,190.0,790.0,150100.0,2024-04-21
2024042105003842,CHDC,33,6,10.0,789.0,7890.0,2024-04-21
2024042103009310,WNLB,11,17,50.0,1270.0,63500.0,2024-04-21
2024042104008500,JOSHI,41,58,40.0,353.9,14156.0,2024-04-21
2024042101023884,SARBTM,56,49,50.0,817.2,40860.0,2024-04-21
2024042103009309,GUFL,45,33,100.0,790.0,79000.0,2024-04-21
2024042104008499,BPCL,62,4,100.0,294.0,29400.0,2024-04-21
2024042104008498,BPCL,42,4,100.0,294.0,29400.0,2024-04-21
2024042101023883,USHEC,38,88,1170.0,366.8,429156.0,2024-04-21
2024042101023882,MAKAR,58,18,290.0,399.9,115971.0,2024-04-21
2024042101023881,MAKAR,58,26,200.0,399.0,79800.0,2024-04-21
2024042101023880,MAKAR,58,57,10.0,398.0,3980.0,2024-04-21
2024042101023879,CYCL,66,21,10.0,1550.0,15500.0,2024-04-21
2024042101023878,CLI,49,49,10.0,441.0,4410.0,2024-04-21
2024042103009308,GFCL,8,21,10.0,449.0,4490.0,2024-04-21
2024042104008497,RIDI,58,49,140.0,171.0,23940.0,2024-04-21
2024042104008496,RIDI,56,49,83.0,171.0,14193.0,2024-04-21
2024042104008495,RHPL,29,45,80.0,268.0,21440.0,2024-04-21
2024042101023877,MKHL,70,58,280.0,494.0,138320.0,2024-04-21
2024042101023876,MKHL,70,50,20.0,493.0,9860.0,2024-04-21
2024042101023875,SAHAS,49,7,20.0,498.2,9964.0,2024-04-21
2024042101023874,SAHAS,47,7,200.0,500.0,100000.0,2024-04-21
2024042101023873,SAHAS,58,7,30.0,500.0,15000.0,2024-04-21
2024042101023872,SAHAS,55,7,200.0,500.0,100000.0,2024-04-21
2024042101023871,SAHAS,38,7,25.0,501.0,12525.0,2024-04-21
2024042101023870,SAHAS,37,7,90.0,504.2,45378.0,2024-04-21
2024042101023869,SAHAS,3,7,70.0,505.0,35350.0,2024-04-21
2024042101023868,SAHAS,1,7,10.0,505.0,5050.0,2024-04-21
2024042101023867,SAHAS,41,7,50.0,505.5,25275.0,2024-04-21
2024042104008494,CGH,14,56,15.0,781.0,11715.0,2024-04-21
2024042103009307,LBBL,41,59,165.0,368.0,60720.0,2024-04-21
2024042101023866,HHL,44,7,10.0,362.1,3621.0,2024-04-21
2024042104008493,HPPL,19,18,500.0,255.0,127500.0,2024-04-21
2024042104008492,HPPL,52,18,100.0,255.0,25500.0,2024-04-21
2024042104008491,HPPL,52,18,100.0,256.0,25600.0,2024-04-21
2024042104008490,HPPL,13,18,50.0,256.3,12815.0,2024-04-21
2024042104008489,HPPL,13,18,50.0,257.1,12855.0,2024-04-21
2024042103009306,GBBL,41,1,60.0,361.5,21690.0,2024-04-21
2024042101023865,SARBTM,49,16,10.0,817.3,8173.0,2024-04-21
2024042103009305,NICLBSL,40,36,280.0,652.1,182588.0,2024-04-21
2024042103009304,NICLBSL,52,36,320.0,653.0,208960.0,2024-04-21
2024042101023864,ADBL,68,7,110.0,233.0,25630.0,2024-04-21
2024042103009303,GUFL,62,33,50.0,790.0,39500.0,2024-04-21
2024042101023863,NRM,38,42,10.0,364.0,3640.0,2024-04-21
2024042101023862,NRM,38,38,10.0,361.5,3615.0,2024-04-21
2024042101023861,NRM,38,33,10.0,361.0,3610.0,2024-04-21
2024042104008488,GLH,52,81,147.0,205.0,30135.0,2024-04-21
2024042104008487,GLH,1,81,20.0,205.0,4100.0,2024-04-21
2024042104008486,GLH,45,81,150.0,205.0,30750.0,2024-04-21
2024042104008485,GLH,49,81,90.0,205.0,18450.0,2024-04-21
2024042104008484,GLH,59,81,84.0,205.1,17228.4,2024-04-21
2024042104008483,GLH,35,81,100.0,205.1,20510.0,2024-04-21
2024042104008482,GLH,62,81,155.0,205.2,31806.0,2024-04-21
2024042104008481,GLH,58,81,16.0,205.2,3283.2,2024-04-21
2024042104008480,GLH,13,81,50.0,205.5,10275.0,2024-04-21
2024042104008479,GLH,41,81,10.0,206.0,2060.0,2024-04-21
2024042104008478,GLH,34,81,25.0,206.0,5150.0,2024-04-21
2024042104008477,GLH,45,81,100.0,206.0,20600.0,2024-04-21
2024042104008476,GLH,34,81,50.0,206.0,10300.0,2024-04-21
2024042104008475,GLH,58,81,41.0,206.1,8450.1,2024-04-21
2024042104008474,GLH,58,81,12.0,206.1,2473.2,2024-04-21
2024042101023860,SIKLES,33,58,10.0,505.0,5050.0,2024-04-21
2024042101023859,CZBIL,37,41,10.0,156.0,1560.0,2024-04-21
2024042101023858,MLBS,41,38,10.0,1200.0,12000.0,2024-04-21
2024042104008473,JOSHI,41,29,1000.0,353.9,353900.0,2024-04-21
2024042101023857,KBL,59,57,294.0,132.9,39072.6,2024-04-21
2024042101023856,KBL,58,57,100.0,133.0,13300.0,2024-04-21
2024042101023855,KBL,46,57,100.0,133.0,13300.0,2024-04-21
2024042101023854,KBL,29,57,200.0,133.0,26600.0,2024-04-21
2024042101023853,KBL,54,57,100.0,133.0,13300.0,2024-04-21
2024042101023852,KBL,58,57,100.0,133.1,13310.0,2024-04-21
2024042101023851,KBL,42,57,606.0,133.5,80901.0,2024-04-21
2024042101023850,DOLTI,5,28,50.0,456.7,22835.0,2024-04-21
2024042101023849,DOLTI,56,28,10.0,458.0,4580.0,2024-04-21
2024042101023848,DOLTI,56,28,330.0,458.0,151140.0,2024-04-21
2024042101023847,DOLTI,60,28,30.0,458.1,13743.0,2024-04-21
2024042101023846,DOLTI,35,28,80.0,459.0,36720.0,2024-04-21
2024042103009302,PROFL,17,42,50.0,318.0,15900.0,2024-04-21
2024042104008472,CHL,56,52,157.0,314.0,49298.0,2024-04-21
2024042101023845,SHIVM,49,39,58.0,512.0,29696.0,2024-04-21
2024042103009301,USLB,75,32,10.0,1875.0,18750.0,2024-04-21
2024042101023844,MSHL,45,58,10.0,621.5,6215.0,2024-04-21
2024042104008471,JOSHI,41,40,465.0,353.9,164563.5,2024-04-21
2024042104008470,JOSHI,35,40,28.0,354.0,9912.0,2024-04-21
2024042105003841,HRL,21,36,30.0,601.5,18045.0,2024-04-21
2024042105003840,HRL,21,58,20.0,601.5,12030.0,2024-04-21
2024042105003839,HRL,21,38,30.0,601.5,18045.0,2024-04-21
2024042101023843,KBL,49,25,25.0,133.9,3347.5,2024-04-21
2024042101023842,USHEC,6,38,10.0,364.3,3643.0,2024-04-21
2024042101023841,BEDC,52,4,50.0,370.0,18500.0,2024-04-21
2024042101023840,ILI,72,11,10.0,548.0,5480.0,2024-04-21
2024042101023839,MANDU,26,54,10.0,748.0,7480.0,2024-04-21
2024042101023838,SAHAS,41,58,10.0,505.5,5055.0,2024-04-21
2024042104008469,UPPER,18,13,10.0,166.9,1669.0,2024-04-21
2024042101023837,NABIL,54,42,400.0,430.0,172000.0,2024-04-21
2024042101023836,ADBL,68,42,10.0,233.0,2330.0,2024-04-21
2024042101023835,KBL,28,25,100.0,133.9,13390.0,2024-04-21
2024042101023834,RHGCL,69,16,100.0,339.9,33990.0,2024-04-21
2024042101023833,SARBTM,58,6,10.0,817.5,8175.0,2024-04-21
2024042104008468,UMRH,25,85,390.0,340.0,132600.0,2024-04-21
2024042104008467,UMRH,51,85,80.0,340.1,27208.0,2024-04-21
2024042104008466,UMRH,42,85,30.0,341.0,10230.0,2024-04-21
2024042103009300,SABSL,38,7,36.0,769.0,27684.0,2024-04-21
2024042101023832,RNLI,57,57,10.0,428.5,4285.0,2024-04-21
2024042101023831,SARBTM,67,37,150.0,817.1,122565.0,2024-04-21
2024042101023830,SARBTM,91,37,50.0,817.3,40865.0,2024-04-21
2024042105003838,HIDCL,58,34,400.0,163.0,65200.0,2024-04-21
2024042105003837,HIDCL,65,34,1000.0,163.0,163000.0,2024-04-21
2024042105003836,HIDCL,22,34,200.0,163.0,32600.0,2024-04-21
2024042105003835,HIDCL,40,34,400.0,163.1,65240.0,2024-04-21
2024042104008465,RADHI,42,7,25.0,229.2,5730.0,2024-04-21
2024042105003834,HRL,8,16,155.0,601.0,93155.0,2024-04-21
2024042103009299,GBBL,39,37,500.0,361.0,180500.0,2024-04-21
2024042101023829,CLI,51,64,32.0,440.0,14080.0,2024-04-21
2024042101023828,CLI,60,64,100.0,440.1,44010.0,2024-04-21
2024042101023827,CLI,56,64,70.0,440.1,30807.0,2024-04-21
2024042101023826,CLI,38,64,90.0,440.2,39618.0,2024-04-21
2024042101023825,CLI,70,64,150.0,440.3,66045.0,2024-04-21
2024042101023824,CLI,38,64,50.0,441.0,22050.0,2024-04-21
2024042101023823,RFPL,49,6,95.0,380.0,36100.0,2024-04-21
2024042101023822,UHEWA,33,58,1529.0,420.2,642485.8,2024-04-21
2024042101023821,UHEWA,33,38,10.0,420.0,4200.0,2024-04-21
2024042101023820,UHEWA,33,43,10.0,420.0,4200.0,2024-04-21
2024042101023819,UHEWA,33,49,10.0,420.0,4200.0,2024-04-21
2024042101023818,UHEWA,33,17,20.0,420.0,8400.0,2024-04-21
2024042101023817,UHEWA,33,3,171.0,420.0,71820.0,2024-04-21
2024042101023816,UHEWA,33,35,10.0,420.0,4200.0,2024-04-21
2024042101023815,UHEWA,33,52,50.0,420.0,21000.0,2024-04-21
2024042101023814,UHEWA,33,7,190.0,420.0,79800.0,2024-04-21
2024042101023813,ILI,42,40,20.0,549.0,10980.0,2024-04-21
2024042101023812,ILI,42,33,10.0,549.0,5490.0,2024-04-21
