transaction,symbol,buyer,seller,quantity,rate,amount,date
2024101504008075,RURU,49,35,40.0,879.0,35160.0,2024-10-15
2024101501010850,MBL,17,49,410.0,258.2,105862.0,2024-10-15
2024101504008074,MHNL,49,4,10.0,277.0,2770.0,2024-10-15
2024101505007723,SMATA,49,52,10.0,870.0,8700.0,2024-10-15
2024101504008073,RHPL,22,58,1000.0,388.0,388000.0,2024-10-15
2024101501010849,USHEC,7,42,10.0,490.0,4900.0,2024-10-15
2024101503009000,EDBL,44,1,10.0,656.0,6560.0,2024-10-15
2024101503008999,RLFL,17,51,20.0,643.0,12860.0,2024-10-15
2024101503008998,SIFC,51,92,10.0,638.1,6381.0,2024-10-15
2024101501010848,CZBIL,48,43,100.0,250.0,25000.0,2024-10-15
2024101501010847,KBL,32,59,500.0,231.5,115750.0,2024-10-15
2024101501010846,NICA,1,60,30.0,486.8,14604.0,2024-10-15
2024101501010845,SANIMA,1,48,10.0,345.2,3452.0,2024-10-15
2024101503008997,ICFC,41,14,527.0,772.0,406844.0,2024-10-15
2024101503008996,ICFC,36,14,500.0,773.9,386950.0,2024-10-15
2024101503008995,GRDBL,20,59,10.0,727.0,7270.0,2024-10-15
2024101501010844,SIKLES,34,36,10.0,714.1,7141.0,2024-10-15
2024101501010843,KDL,34,59,10.0,1081.0,10810.0,2024-10-15
2024101503008994,JFL,58,34,23.0,677.6,15584.8,2024-10-15
2024101503008993,JFL,58,34,77.0,677.6,52175.2,2024-10-15
2024101503008992,LICN,89,50,390.0,2101.0,819390.0,2024-10-15
2024101503008991,RLFL,50,32,60.0,646.0,38760.0,2024-10-15
2024101503008990,RLFL,50,45,400.0,646.0,258400.0,2024-10-15
2024101503008989,RLFL,50,52,40.0,645.9,25836.0,2024-10-15
2024101501010842,CITY,44,63,381.0,855.0,325755.0,2024-10-15
2024101501010841,CITY,49,63,100.0,855.0,85500.0,2024-10-15
2024101501010840,CITY,70,63,19.0,855.0,16245.0,2024-10-15
2024101504008072,JOSHI,17,32,10.0,321.0,3210.0,2024-10-15
2024101503008988,MPFL,17,32,10.0,759.8,7598.0,2024-10-15
2024101501010839,JBLB,46,57,11.0,1585.0,17435.0,2024-10-15
2024101505007722,MBJC,58,62,18.0,339.0,6102.0,2024-10-15
2024101505007721,ENL,62,34,10.0,1190.0,11900.0,2024-10-15
2024101503008987,EDBL,56,1,10.0,656.0,6560.0,2024-10-15
2024101504008071,BPCL,42,92,501.0,472.0,236472.0,2024-10-15
2024101501010838,RFPL,84,42,20.0,530.0,10600.0,2024-10-15
2024101501010837,RFPL,84,26,50.0,529.0,26450.0,2024-10-15
2024101501010836,RFPL,84,56,130.0,529.0,68770.0,2024-10-15
2024101504008070,UPCL,35,28,206.0,272.5,56135.0,2024-10-15
2024101504008069,UPCL,35,34,34.0,271.5,9231.0,2024-10-15
2024101504008068,UPCL,35,62,70.0,271.1,18977.0,2024-10-15
2024101501010835,SIKLES,35,36,410.0,714.1,292781.0,2024-10-15
2024101501010834,SIKLES,35,57,10.0,714.0,7140.0,2024-10-15
2024101501010833,SIKLES,35,57,50.0,713.0,35650.0,2024-10-15
2024101501010832,SIKLES,35,34,10.0,713.0,7130.0,2024-10-15
2024101501010831,SIKLES,35,47,100.0,713.0,71300.0,2024-10-15
2024101501010830,SIKLES,35,48,100.0,712.0,71200.0,2024-10-15
2024101501010829,SIKLES,35,57,10.0,711.9,7119.0,2024-10-15
2024101501010828,SIKLES,35,36,561.0,711.9,399375.9,2024-10-15
2024101501010827,SIKLES,35,21,116.0,710.0,82360.0,2024-10-15
2024101501010826,SIKLES,35,22,96.0,710.0,68160.0,2024-10-15
2024101501010825,SIKLES,35,13,414.0,710.0,293940.0,2024-10-15
2024101501010824,SIKLES,35,56,10.0,710.0,7100.0,2024-10-15
2024101501010823,SIKLES,35,36,50.0,710.0,35500.0,2024-10-15
2024101501010822,SIKLES,35,35,63.0,710.0,44730.0,2024-10-15
2024101503008986,NFS,13,17,10.0,1450.0,14500.0,2024-10-15
2024101503008985,NFS,74,17,10.0,1450.0,14500.0,2024-10-15
2024101504008067,UMRH,13,29,10.0,465.1,4651.0,2024-10-15
2024101505007720,RNLI,55,44,10.0,507.8,5078.0,2024-10-15
2024101501010821,MHL,74,26,10.0,780.3,7803.0,2024-10-15
2024101503008984,MDB,74,20,20.0,653.1,13062.0,2024-10-15
2024101501010820,SGHC,52,8,10.0,394.0,3940.0,2024-10-15
2024101501010819,SARBTM,22,55,10.0,788.0,7880.0,2024-10-15
2024101501010818,SARBTM,22,22,80.0,787.7,63016.0,2024-10-15
2024101501010817,MMKJL,32,34,190.0,498.0,94620.0,2024-10-15
2024101501010816,MMKJL,32,45,10.0,498.0,4980.0,2024-10-15
2024101501010815,MMKJL,32,45,40.0,497.9,19916.0,2024-10-15
2024101501010814,MMKJL,32,34,50.0,497.5,24875.0,2024-10-15
2024101501010813,MMKJL,32,58,10.0,497.0,4970.0,2024-10-15
2024101501010812,MMKJL,32,13,150.0,497.0,74550.0,2024-10-15
2024101501010811,MMKJL,32,1,100.0,496.9,49690.0,2024-10-15
2024101501010810,MMKJL,32,37,450.0,495.0,222750.0,2024-10-15
2024101501010809,ANLB,42,38,10.0,4365.0,43650.0,2024-10-15
2024101504008066,UPCL,3,62,200.0,271.1,54220.0,2024-10-15
2024101501010808,MHL,3,25,30.0,780.0,23400.0,2024-10-15
2024101501010807,MHL,3,34,30.0,780.0,23400.0,2024-10-15
2024101501010806,MHL,3,42,10.0,780.0,7800.0,2024-10-15
2024101501010805,MHL,3,14,30.0,780.0,23400.0,2024-10-15
2024101503008983,MDB,77,20,10.0,653.1,6531.0,2024-10-15
2024101505007719,SHIVM,33,7,100.0,603.1,60310.0,2024-10-15
2024101505007718,NRIC,48,13,10.0,823.0,8230.0,2024-10-15
2024101504008065,GHL,42,17,10.0,223.8,2238.0,2024-10-15
2024101504008064,GHL,42,45,90.0,223.5,20115.0,2024-10-15
2024101505007717,NIFRA,34,33,50.0,292.0,14600.0,2024-10-15
2024101501010804,BNHC,34,22,10.0,467.0,4670.0,2024-10-15
2024101503008982,SLBBL,34,35,10.0,999.0,9990.0,2024-10-15
2024101505007716,ENL,45,34,10.0,1190.0,11900.0,2024-10-15
2024101505007715,VLUCL,50,41,10.0,598.0,5980.0,2024-10-15
2024101501010803,HHL,58,10,130.0,440.0,57200.0,2024-10-15
2024101501010802,HHL,21,10,80.0,440.0,35200.0,2024-10-15
2024101501010801,HHL,39,10,40.0,440.0,17600.0,2024-10-15
2024101501010800,HHL,68,10,50.0,440.2,22010.0,2024-10-15
2024101503008981,MATRI,62,45,10.0,1450.0,14500.0,2024-10-15
2024101501010799,NWCL,62,16,10.0,1038.0,10380.0,2024-10-15
2024101503008980,ALICL,62,58,10.0,720.0,7200.0,2024-10-15
2024101505007714,MBJC,62,34,10.0,340.7,3407.0,2024-10-15
2024101503008979,GFCL,72,25,10.0,1077.0,10770.0,2024-10-15
2024101501010798,MKCL,11,4,10.0,1536.0,15360.0,2024-10-15
2024101504008063,UMRH,4,29,10.0,465.1,4651.0,2024-10-15
2024101504008062,HDHPC,65,25,200.0,216.8,43360.0,2024-10-15
2024101505007713,SAHAS,71,48,10.0,484.0,4840.0,2024-10-15
2024101501010797,BNHC,84,22,10.0,467.0,4670.0,2024-10-15
2024101503008978,CORBL,95,25,10.0,869.0,8690.0,2024-10-15
2024101503008977,CORBL,95,43,10.0,868.9,8689.0,2024-10-15
2024101503008976,CORBL,95,82,10.0,868.0,8680.0,2024-10-15
2024101503008975,CORBL,95,42,10.0,865.0,8650.0,2024-10-15
2024101503008974,CORBL,95,39,10.0,864.7,8647.0,2024-10-15
2024101501010796,TAMOR,95,11,50.0,478.0,23900.0,2024-10-15
2024101501010795,TAMOR,95,45,10.0,478.0,4780.0,2024-10-15
2024101501010794,TAMOR,95,14,50.0,477.5,23875.0,2024-10-15
2024101501010793,TAMOR,95,45,40.0,477.0,19080.0,2024-10-15
2024101501010792,TAMOR,95,21,30.0,477.0,14310.0,2024-10-15
2024101501010791,TAMOR,95,42,10.0,477.0,4770.0,2024-10-15
2024101501010790,TAMOR,95,58,10.0,477.0,4770.0,2024-10-15
2024101501010789,SARBTM,57,22,10.0,787.7,7877.0,2024-10-15
2024101503008973,GFCL,21,49,500.0,1075.0,537500.0,2024-10-15
2024101503008972,GRDBL,20,49,10.0,724.0,7240.0,2024-10-15
2024101503008971,GRDBL,20,49,10.0,724.0,7240.0,2024-10-15
2024101504008061,NHPC,52,58,200.0,225.0,45000.0,2024-10-15
2024101504008060,NHPC,52,75,600.0,225.0,135000.0,2024-10-15
2024101504008059,NHPC,52,57,200.0,224.9,44980.0,2024-10-15
2024101504008058,KKHC,22,38,50.0,264.0,13200.0,2024-10-15
2024101504008057,RURU,49,32,94.0,879.0,82626.0,2024-10-15
2024101504008056,RURU,45,32,50.0,879.0,43950.0,2024-10-15
2024101501010788,ADBL,38,58,1.0,387.9,387.9,2024-10-15
2024101501010787,ADBL,38,32,109.0,387.5,42237.5,2024-10-15
2024101504008055,PPCL,41,44,100.0,265.0,26500.0,2024-10-15
2024101505007712,MEL,53,56,300.0,296.0,88800.0,2024-10-15
2024101503008970,NADEP,64,50,15.0,1069.9,16048.5,2024-10-15
2024101503008969,NADEP,64,35,48.0,1067.8,51254.4,2024-10-15
2024101503008968,NADEP,64,35,200.0,1065.0,213000.0,2024-10-15
2024101503008967,NADEP,64,77,30.0,1065.0,31950.0,2024-10-15
2024101503008966,NADEP,64,42,10.0,1065.0,10650.0,2024-10-15
2024101503008965,NADEP,64,11,10.0,1064.9,10649.0,2024-10-15
2024101503008964,NADEP,64,22,10.0,1064.0,10640.0,2024-10-15
2024101503008963,NADEP,64,49,62.0,1060.0,65720.0,2024-10-15
2024101503008962,NADEP,64,19,30.0,1059.0,31770.0,2024-10-15
2024101503008961,NADEP,64,52,10.0,1059.0,10590.0,2024-10-15
2024101503008960,NADEP,64,57,25.0,1058.0,26450.0,2024-10-15
2024101503008959,NADEP,64,7,30.0,1045.0,31350.0,2024-10-15
2024101503008958,NADEP,64,16,20.0,1045.0,20900.0,2024-10-15
2024101501010786,NICA,42,60,10.0,486.8,4868.0,2024-10-15
2024101503008957,PMLI,42,42,176.0,567.7,99915.2,2024-10-15
2024101504008054,AKJCL,1,22,100.0,215.0,21500.0,2024-10-15
2024101504008053,SHEL,42,20,625.0,250.0,156250.0,2024-10-15
2024101504008052,SHEL,42,22,20.0,250.0,5000.0,2024-10-15
2024101504008051,SHEL,42,32,20.0,250.0,5000.0,2024-10-15
2024101504008050,SHEL,42,35,500.0,250.0,125000.0,2024-10-15
2024101504008049,SHEL,42,55,20.0,249.9,4998.0,2024-10-15
2024101504008048,SHEL,42,28,815.0,249.9,203668.5,2024-10-15
2024101505007711,SHIVM,33,42,400.0,603.1,241240.0,2024-10-15
2024101503008956,HLBSL,14,45,54.0,915.0,49410.0,2024-10-15
2024101503008955,HLBSL,14,51,26.0,914.0,23764.0,2024-10-15
2024101503008954,HLBSL,14,14,50.0,914.0,45700.0,2024-10-15
2024101503008953,HLBSL,14,48,30.0,912.5,27375.0,2024-10-15
2024101501010785,SMHL,14,49,20.0,592.7,11854.0,2024-10-15
2024101504008047,SPDL,7,34,10.0,306.2,3062.0,2024-10-15
2024101505007710,NRM,58,42,50.0,457.9,22895.0,2024-10-15
2024101505007709,NRM,58,49,10.0,457.9,4579.0,2024-10-15
2024101503008952,NADEP,19,16,10.0,1045.0,10450.0,2024-10-15
2024101505007708,HRL,36,33,34.0,896.1,30467.4,2024-10-15
2024101505007707,HRL,33,33,136.0,896.2,121883.2,2024-10-15
2024101505007706,HRL,50,33,10.0,896.4,8964.0,2024-10-15
2024101501010784,EBL,33,72,10.0,615.0,6150.0,2024-10-15
2024101503008951,MDB,62,20,10.0,653.1,6531.0,2024-10-15
2024101501010783,NESDO,19,62,10.0,2263.0,22630.0,2024-10-15
2024101503008950,ILBS,62,50,20.0,1024.9,20498.0,2024-10-15
2024101503008949,SLBSL,45,26,100.0,1410.0,141000.0,2024-10-15
2024101503008948,SLBSL,45,26,10.0,1410.0,14100.0,2024-10-15
2024101503008947,SLBSL,54,26,10.0,1410.0,14100.0,2024-10-15
2024101501010782,SPHL,16,58,10.0,674.9,6749.0,2024-10-15
2024101501010781,SPHL,16,48,10.0,670.0,6700.0,2024-10-15
2024101505007705,NRM,47,49,10.0,457.9,4579.0,2024-10-15
2024101505007704,NRM,47,48,10.0,457.7,4577.0,2024-10-15
2024101505007703,NRM,47,1,30.0,457.0,13710.0,2024-10-15
2024101505007702,NRM,47,42,10.0,457.0,4570.0,2024-10-15
2024101505007701,NRM,47,42,10.0,457.0,4570.0,2024-10-15
2024101504008046,IGI,13,45,100.0,615.0,61500.0,2024-10-15
2024101501010780,SNLI,49,38,10.0,608.0,6080.0,2024-10-15
2024101501010779,KBL,32,6,3000.0,231.5,694500.0,2024-10-15
2024101501010778,KBL,32,58,500.0,231.5,115750.0,2024-10-15
2024101501010777,KBL,32,50,10.0,231.5,2315.0,2024-10-15
2024101501010776,KBL,32,48,231.0,231.5,53476.5,2024-10-15
2024101501010775,KBL,32,19,100.0,231.5,23150.0,2024-10-15
2024101501010774,KBL,32,57,760.0,231.5,175940.0,2024-10-15
2024101501010773,KBL,32,4,80.0,231.5,18520.0,2024-10-15
2024101501010772,KBL,32,58,40.0,231.4,9256.0,2024-10-15
2024101501010771,KBL,32,45,240.0,231.4,55536.0,2024-10-15
2024101501010770,KBL,32,22,300.0,231.4,69420.0,2024-10-15
2024101501010769,KBL,32,3,200.0,231.4,46280.0,2024-10-15
2024101501010768,KBL,32,40,300.0,231.4,69420.0,2024-10-15
2024101501010767,KBL,32,49,307.0,231.4,71039.8,2024-10-15
2024101501010766,KBL,32,55,201.0,231.3,46491.3,2024-10-15
2024101501010765,KBL,32,41,150.0,231.3,34695.0,2024-10-15
2024101504008045,RADHI,32,22,100.0,402.0,40200.0,2024-10-15
2024101501010764,KBL,32,16,200.0,231.3,46260.0,2024-10-15
2024101504008044,RADHI,32,42,55.0,400.0,22000.0,2024-10-15
2024101503008946,GLBSL,11,38,10.0,1650.0,16500.0,2024-10-15
2024101501010763,SRLI,8,38,20.0,463.0,9260.0,2024-10-15
2024101501010762,SRLI,46,38,80.0,463.0,37040.0,2024-10-15
2024101503008945,PFL,6,38,90.0,643.0,57870.0,2024-10-15
2024101501010761,KBL,42,41,200.0,231.0,46200.0,2024-10-15
2024101501010760,KBL,58,41,100.0,231.0,23100.0,2024-10-15
2024101505007700,CHDC,77,1,10.0,1799.9,17999.0,2024-10-15
2024101501010759,CYCL,77,81,12.0,1540.9,18490.8,2024-10-15
2024101501010758,CYCL,77,38,13.0,1540.0,20020.0,2024-10-15
2024101501010757,CYCL,77,1,25.0,1539.0,38475.0,2024-10-15
2024101504008043,BPCL,48,42,20.0,478.0,9560.0,2024-10-15
2024101501010756,NABIL,17,4,150.0,600.0,90000.0,2024-10-15
2024101501010755,EBL,62,17,294.0,614.2,180574.8,2024-10-15
2024101501010754,EBL,45,17,100.0,614.3,61430.0,2024-10-15
2024101501010753,EBL,52,17,200.0,614.4,122880.0,2024-10-15
2024101501010752,EBL,34,17,46.0,614.5,28267.0,2024-10-15
2024101501010751,EBL,63,17,50.0,615.0,30750.0,2024-10-15
2024101501010750,EBL,35,17,10.0,615.0,6150.0,2024-10-15
2024101503008944,GBLBS,36,5,10.0,765.0,7650.0,2024-10-15
2024101505007699,ILI,45,58,12.0,507.3,6087.6,2024-10-15
2024101505007698,NIFRA,21,19,198.0,290.0,57420.0,2024-10-15
2024101505007697,NIFRA,40,19,170.0,290.0,49300.0,2024-10-15
2024101505007696,NIFRA,25,19,110.0,290.1,31911.0,2024-10-15
2024101505007695,NIFRA,34,19,100.0,290.2,29020.0,2024-10-15
2024101505007694,NIFRA,39,19,246.0,290.4,71438.4,2024-10-15
2024101505007693,NIFRA,43,19,176.0,290.5,51128.0,2024-10-15
2024101505007692,NIFRA,41,19,1000.0,290.8,290800.0,2024-10-15
2024101505007691,NRM,47,36,100.0,456.0,45600.0,2024-10-15
2024101501010749,MKCL,56,1,10.0,1541.0,15410.0,2024-10-15
2024101505007690,MEL,62,56,353.0,296.0,104488.0,2024-10-15
2024101501010748,MEHL,21,16,220.0,375.0,82500.0,2024-10-15
2024101501010747,MEHL,19,16,40.0,375.0,15000.0,2024-10-15
2024101501010746,MEHL,32,16,500.0,375.1,187550.0,2024-10-15
2024101501010745,MEHL,49,16,100.0,375.2,37520.0,2024-10-15
2024101501010744,MEHL,57,16,40.0,375.2,15008.0,2024-10-15
2024101501010743,MEHL,77,16,30.0,375.4,11262.0,2024-10-15
2024101501010742,MEHL,57,16,20.0,382.0,7640.0,2024-10-15
2024101504008042,SPDL,70,50,11.0,310.0,3410.0,2024-10-15
2024101503008943,ICFC,22,34,10.0,775.0,7750.0,2024-10-15
2024101504008041,LEC,34,32,160.0,284.1,45456.0,2024-10-15
2024101504008040,LEC,45,32,100.0,284.5,28450.0,2024-10-15
2024101503008942,GFCL,32,25,10.0,1077.0,10770.0,2024-10-15
2024101501010741,NYADI,13,11,60.0,324.0,19440.0,2024-10-15
2024101501010740,TSHL,8,6,10.0,901.0,9010.0,2024-10-15
2024101503008941,NFS,74,3,500.0,1449.9,724950.0,2024-10-15
2024101501010739,USHEC,7,42,10.0,490.0,4900.0,2024-10-15
2024101503008940,SINDU,44,45,460.0,660.0,303600.0,2024-10-15
2024101504008039,NLG,44,53,10.0,1288.0,12880.0,2024-10-15
2024101501010738,EHPL,60,64,10.0,865.1,8651.0,2024-10-15
2024101503008939,NFS,74,59,1150.0,1449.9,1667385.0,2024-10-15
2024101504008038,RURU,16,1,40.0,879.0,35160.0,2024-10-15
2024101503008938,RSDC,45,41,90.0,725.0,65250.0,2024-10-15
2024101503008937,RSDC,45,52,10.0,725.0,7250.0,2024-10-15
2024101503008936,JSLBB,29,66,10.0,1567.0,15670.0,2024-10-15
2024101501010737,NIMB,58,17,300.0,246.7,74010.0,2024-10-15
2024101501010736,NIMB,6,17,200.0,246.7,49340.0,2024-10-15
2024101504008037,SICL,58,34,50.0,855.0,42750.0,2024-10-15
2024101504008036,RIDI,21,49,20.0,240.0,4800.0,2024-10-15
2024101504008035,API,13,49,30.0,298.9,8967.0,2024-10-15
2024101504008034,API,13,38,10.0,298.9,2989.0,2024-10-15
2024101504008033,API,13,48,60.0,298.9,17934.0,2024-10-15
2024101503008935,NFS,74,22,10.0,1449.9,14499.0,2024-10-15
2024101503008934,NFS,74,20,97.0,1449.7,140620.9,2024-10-15
2024101503008933,NFS,74,25,300.0,1445.0,433500.0,2024-10-15
2024101503008932,NFS,74,44,70.0,1442.0,100940.0,2024-10-15
2024101503008931,NFS,74,19,10.0,1438.2,14382.0,2024-10-15
2024101503008930,NFS,74,25,500.0,1438.2,719100.0,2024-10-15
2024101503008929,NFS,74,6,30.0,1438.0,43140.0,2024-10-15
2024101503008928,NFS,74,7,50.0,1438.0,71900.0,2024-10-15
2024101503008927,NFS,74,32,75.0,1438.0,107850.0,2024-10-15
2024101503008926,GFCL,61,25,10.0,1077.0,10770.0,2024-10-15
2024101503008925,GFCL,61,38,10.0,1076.0,10760.0,2024-10-15
2024101501010735,IHL,22,45,10.0,495.9,4959.0,2024-10-15
2024101504008032,AHPC,34,32,300.0,275.9,82770.0,2024-10-15
2024101501010734,SBL,43,4,1300.0,355.7,462410.0,2024-10-15
2024101501010733,ULBSL,38,39,10.0,3245.0,32450.0,2024-10-15
2024101501010732,SPC,26,44,11.0,534.0,5874.0,2024-10-15
2024101501010731,MKHL,42,13,10.0,500.0,5000.0,2024-10-15
2024101503008924,GMFBS,34,19,10.0,1571.0,15710.0,2024-10-15
2024101501010730,BHL,34,47,42.0,448.8,18849.6,2024-10-15
2024101501010729,BHL,34,6,50.0,448.5,22425.0,2024-10-15
2024101501010728,BHL,34,49,10.0,448.0,4480.0,2024-10-15
2024101501010727,BHL,34,58,150.0,448.0,67200.0,2024-10-15
2024101501010726,BHL,34,68,10.0,448.0,4480.0,2024-10-15
2024101501010725,BHL,34,22,10.0,448.0,4480.0,2024-10-15
2024101501010724,BHL,34,7,120.0,448.0,53760.0,2024-10-15
2024101501010723,BHL,34,55,200.0,447.7,89540.0,2024-10-15
2024101501010722,BHL,34,32,58.0,447.2,25937.6,2024-10-15
2024101501010721,BHL,34,38,180.0,447.0,80460.0,2024-10-15
2024101501010720,MBL,45,21,400.0,260.0,104000.0,2024-10-15
2024101501010719,MBL,45,8,500.0,260.0,130000.0,2024-10-15
2024101501010718,MBL,45,59,100.0,260.0,26000.0,2024-10-15
2024101501010717,GBIME,26,16,200.0,258.4,51680.0,2024-10-15
2024101505007689,NRIC,35,13,30.0,823.0,24690.0,2024-10-15
2024101501010716,NBL,35,18,25.0,289.6,7240.0,2024-10-15
2024101501010715,RHGCL,32,37,10.0,413.0,4130.0,2024-10-15
2024101505007688,HATHY,1,56,47.0,1444.0,67868.0,2024-10-15
2024101501010714,MEHL,49,42,10.0,382.9,3829.0,2024-10-15
2024101503008923,FMDBL,42,42,10.0,799.0,7990.0,2024-10-15
2024101503008922,FMDBL,42,14,50.0,798.9,39945.0,2024-10-15
2024101503008921,FMDBL,42,38,40.0,798.0,31920.0,2024-10-15
2024101504008031,RBCL,42,59,10.0,17499.0,174990.0,2024-10-15
2024101504008030,LEC,45,42,939.0,285.0,267615.0,2024-10-15
2024101504008029,LEC,45,14,971.0,285.0,276735.0,2024-10-15
2024101504008028,LEC,45,40,90.0,284.9,25641.0,2024-10-15
2024101504008027,RURU,16,75,40.0,879.0,35160.0,2024-10-15
2024101504008026,RURU,14,75,300.0,879.3,263790.0,2024-10-15
2024101504008025,RURU,11,75,160.0,879.9,140784.0,2024-10-15
2024101501010713,SRLI,93,35,114.0,465.0,53010.0,2024-10-15
2024101501010712,ULHC,49,58,20.0,387.3,7746.0,2024-10-15
2024101501010711,ULHC,49,58,80.0,387.4,30992.0,2024-10-15
2024101503008920,USLB,33,58,40.0,1530.0,61200.0,2024-10-15
2024101503008919,USLB,33,7,50.0,1530.0,76500.0,2024-10-15
2024101503008918,JSLBB,62,66,10.0,1567.0,15670.0,2024-10-15
2024101503008917,JSLBB,62,29,50.0,1559.0,77950.0,2024-10-15
2024101503008916,JSLBB,62,58,200.0,1557.8,311560.0,2024-10-15
2024101503008915,JSLBB,62,53,30.0,1557.0,46710.0,2024-10-15
2024101501010710,MKHC,35,48,30.0,347.6,10428.0,2024-10-15
2024101505007687,ENL,45,55,10.0,1173.0,11730.0,2024-10-15
2024101504008024,AKJCL,32,22,13.0,215.0,2795.0,2024-10-15
2024101503008914,NLIC,28,38,50.0,851.0,42550.0,2024-10-15
2024101503008913,NLIC,28,59,16.0,850.0,13600.0,2024-10-15
2024101501010709,EHPL,60,1,456.0,865.1,394485.6,2024-10-15
2024101501010708,EHPL,77,1,49.0,865.2,42394.8,2024-10-15
2024101504008023,BPCL,42,42,305.0,478.0,145790.0,2024-10-15
2024101504008022,BPCL,42,1,150.0,477.9,71685.0,2024-10-15
2024101504008021,BPCL,42,43,30.0,477.0,14310.0,2024-10-15
2024101504008020,BPCL,42,1,15.0,475.9,7138.5,2024-10-15
2024101504008019,DHPL,42,48,10.0,254.5,2545.0,2024-10-15
2024101504008018,HDHPC,14,34,100.0,216.5,21650.0,2024-10-15
2024101503008912,ICFC,17,34,79.0,775.0,61225.0,2024-10-15
2024101503008911,ICFC,17,52,200.0,774.0,154800.0,2024-10-15
2024101503008910,ICFC,17,66,100.0,774.0,77400.0,2024-10-15
2024101503008909,ICFC,17,21,296.0,774.0,229104.0,2024-10-15
2024101503008908,ICFC,17,89,30.0,774.0,23220.0,2024-10-15
2024101503008907,ICFC,17,41,250.0,773.0,193250.0,2024-10-15
2024101503008906,ICFC,17,34,45.0,773.0,34785.0,2024-10-15
2024101504008017,RURU,17,20,100.0,880.0,88000.0,2024-10-15
2024101503008905,RLFL,17,53,39.0,642.3,25049.7,2024-10-15
2024101503008904,RLFL,17,39,12.0,642.2,7706.4,2024-10-15
2024101503008903,RLFL,17,42,200.0,642.0,128400.0,2024-10-15
2024101503008902,MPFL,45,32,160.0,759.8,121568.0,2024-10-15
2024101503008901,MPFL,45,58,40.0,759.0,30360.0,2024-10-15
2024101503008900,MPFL,45,14,50.0,759.0,37950.0,2024-10-15
2024101503008899,MPFL,45,41,500.0,759.0,379500.0,2024-10-15
2024101503008898,MPFL,45,4,50.0,759.0,37950.0,2024-10-15
2024101503008897,MPFL,45,33,200.0,758.9,151780.0,2024-10-15
2024101504008016,AHPC,41,58,31.0,276.0,8556.0,2024-10-15
2024101504008015,RURU,11,56,100.0,879.9,87990.0,2024-10-15
2024101504008014,SPIL,52,26,50.0,865.0,43250.0,2024-10-15
2024101503008896,BFC,4,32,10.0,630.0,6300.0,2024-10-15
2024101501010707,NWCL,35,58,39.0,1040.0,40560.0,2024-10-15
2024101501010706,GBIME,25,6,130.0,258.9,33657.0,2024-10-15
2024101501010705,GBIME,25,22,50.0,258.8,12940.0,2024-10-15
2024101504008013,AKJCL,38,22,200.0,215.0,43000.0,2024-10-15
2024101504008012,RURU,11,34,150.0,879.9,131985.0,2024-10-15
2024101505007686,NRIC,22,34,100.0,820.0,82000.0,2024-10-15
2024101505007685,SAHAS,58,66,260.0,482.0,125320.0,2024-10-15
2024101503008895,MLBBL,58,58,100.0,1738.0,173800.0,2024-10-15
2024101503008894,MLBBL,58,14,11.0,1632.0,17952.0,2024-10-15
2024101503008893,MLBBL,58,47,30.0,1632.0,48960.0,2024-10-15
2024101503008892,MLBBL,58,5,190.0,1631.0,309890.0,2024-10-15
2024101503008891,MLBBL,58,53,50.0,1618.7,80935.0,2024-10-15
2024101503008890,MLBBL,58,6,10.0,1616.7,16167.0,2024-10-15
2024101503008889,MLBBL,58,56,100.0,1612.1,161210.0,2024-10-15
2024101503008888,MLBBL,58,48,50.0,1612.0,80600.0,2024-10-15
2024101503008887,MLBBL,58,49,241.0,1612.0,388492.0,2024-10-15
2024101503008886,MLBBL,58,39,20.0,1611.0,32220.0,2024-10-15
2024101503008885,MLBBL,58,56,50.0,1610.9,80545.0,2024-10-15
2024101503008884,MLBBL,58,56,50.0,1610.9,80545.0,2024-10-15
2024101503008883,MLBBL,58,21,20.0,1610.0,32200.0,2024-10-15
2024101503008882,MLBBL,58,46,50.0,1610.0,80500.0,2024-10-15
2024101503008881,MLBBL,58,47,30.0,1609.0,48270.0,2024-10-15
2024101503008880,MLBBL,58,52,20.0,1608.0,32160.0,2024-10-15
2024101503008879,MLBBL,58,26,34.0,1605.0,54570.0,2024-10-15
2024101503008878,MLBBL,58,25,30.0,1600.0,48000.0,2024-10-15
2024101503008877,MLBBL,58,45,10.0,1600.0,16000.0,2024-10-15
2024101503008876,MLBBL,58,25,22.0,1600.0,35200.0,2024-10-15
2024101503008875,MLBBL,58,36,50.0,1600.0,80000.0,2024-10-15
2024101503008874,MLBBL,58,56,100.0,1599.8,159980.0,2024-10-15
2024101503008873,MLBBL,58,17,100.0,1599.8,159980.0,2024-10-15
2024101503008872,MLBBL,58,45,200.0,1599.7,319940.0,2024-10-15
2024101503008871,MLBBL,58,43,20.0,1587.0,31740.0,2024-10-15
2024101503008870,SIFC,42,92,450.0,638.1,287145.0,2024-10-15
2024101505007684,GCIL,13,38,125.0,506.0,63250.0,2024-10-15
2024101504008011,RURU,11,39,90.0,879.9,79191.0,2024-10-15
2024101504008010,LEC,45,48,50.0,284.5,14225.0,2024-10-15
2024101501010704,NABIL,38,4,50.0,600.0,30000.0,2024-10-15
2024101501010703,NABIL,38,45,50.0,599.9,29995.0,2024-10-15
2024101505007683,SAHAS,42,66,40.0,482.0,19280.0,2024-10-15
2024101505007682,SAHAS,42,51,50.0,481.9,24095.0,2024-10-15
2024101504008009,SALICO,42,4,19.0,770.0,14630.0,2024-10-15
2024101503008869,JSLBB,34,53,10.0,1557.0,15570.0,2024-10-15
2024101501010702,NBL,34,17,50.0,289.5,14475.0,2024-10-15
2024101503008868,MNBBL,10,58,300.0,400.0,120000.0,2024-10-15
2024101503008867,EDBL,8,65,200.0,652.2,130440.0,2024-10-15
2024101501010701,BGWT,57,7,200.0,960.0,192000.0,2024-10-15
2024101503008866,PROFL,74,94,405.0,656.0,265680.0,2024-10-15
2024101503008865,PROFL,74,58,95.0,656.0,62320.0,2024-10-15
2024101505007681,HIDCL,38,40,150.0,278.6,41790.0,2024-10-15
2024101503008864,MDB,22,20,10.0,653.1,6531.0,2024-10-15
2024101504008008,GLH,41,19,615.0,256.0,157440.0,2024-10-15
2024101504008007,GLH,41,58,10.0,256.0,2560.0,2024-10-15
2024101503008863,MPFL,22,49,10.0,758.8,7588.0,2024-10-15
2024101504008006,RIDI,5,49,10.0,240.0,2400.0,2024-10-15
2024101504008005,RIDI,5,55,10.0,239.9,2399.0,2024-10-15
2024101504008004,UMHL,1,28,1000.0,321.0,321000.0,2024-10-15
2024101503008862,MNBBL,10,14,474.0,400.0,189600.0,2024-10-15
2024101503008861,MNBBL,19,14,26.0,400.0,10400.0,2024-10-15
2024101504008003,HDHPC,14,39,40.0,216.5,8660.0,2024-10-15
2024101503008860,SLBBL,65,38,100.0,994.2,99420.0,2024-10-15
2024101501010700,ULHC,34,75,10.0,390.0,3900.0,2024-10-15
2024101505007680,HIDCL,45,49,50.0,278.7,13935.0,2024-10-15
2024101501010699,TSHL,3,45,30.0,895.3,26859.0,2024-10-15
2024101504008002,MHNL,62,4,10.0,277.0,2770.0,2024-10-15
2024101503008859,SHINE,16,74,302.0,496.8,150033.6,2024-10-15
2024101503008858,SHINE,34,74,500.0,497.6,248800.0,2024-10-15
2024101503008857,SHINE,8,74,20.0,498.0,9960.0,2024-10-15
2024101501010698,MKJC,52,25,20.0,475.0,9500.0,2024-10-15
2024101503008856,GFCL,41,3,130.0,1074.9,139737.0,2024-10-15
2024101503008855,GFCL,41,3,150.0,1075.0,161250.0,2024-10-15
2024101501010697,LSL,3,48,1111.0,257.5,286082.5,2024-10-15
2024101504008001,SHEL,3,28,225.0,249.9,56227.5,2024-10-15
2024101504008000,SHEL,3,58,775.0,249.8,193595.0,2024-10-15
2024101501010696,CZBIL,3,43,357.0,250.0,89250.0,2024-10-15
2024101505007679,MEL,62,38,10.0,296.0,2960.0,2024-10-15
2024101501010695,SGHC,50,8,10.0,394.0,3940.0,2024-10-15
2024101505007678,HRL,50,34,28.0,896.4,25099.2,2024-10-15
2024101505007677,HRL,48,34,72.0,896.6,64555.2,2024-10-15
2024101503008854,BFC,38,62,400.0,628.2,251280.0,2024-10-15
2024101503008853,BFC,25,62,100.0,628.5,62850.0,2024-10-15
2024101501010694,HHL,28,62,30.0,441.0,13230.0,2024-10-15
2024101501010693,HHL,45,62,50.0,442.0,22100.0,2024-10-15
2024101503008852,RLFL,74,96,565.0,641.1,362221.5,2024-10-15
2024101504007999,HPPL,57,6,10.0,334.9,3349.0,2024-10-15
2024101503008851,NFS,74,33,30.0,1428.0,42840.0,2024-10-15
2024101503008850,NFS,74,52,49.0,1428.0,69972.0,2024-10-15
2024101503008849,NFS,74,58,1000.0,1428.0,1428000.0,2024-10-15
2024101503008848,NFS,74,59,100.0,1428.0,142800.0,2024-10-15
2024101503008847,NFS,74,57,100.0,1428.0,142800.0,2024-10-15
2024101503008846,NFS,74,49,50.0,1428.0,71400.0,2024-10-15
2024101503008845,NFS,74,7,90.0,1428.0,128520.0,2024-10-15
2024101503008844,NFS,74,22,20.0,1427.0,28540.0,2024-10-15
2024101503008843,MPFL,22,80,60.0,758.8,45528.0,2024-10-15
2024101501010692,GVL,46,43,185.0,555.1,102693.5,2024-10-15
2024101501010691,GVL,25,43,115.0,555.4,63871.0,2024-10-15
2024101505007676,CHDC,77,1,10.0,1799.9,17999.0,2024-10-15
2024101503008842,NLIC,51,59,24.0,850.0,20400.0,2024-10-15
2024101501010690,SANIMA,21,50,30.0,346.0,10380.0,2024-10-15
2024101503008841,GUFL,58,47,100.0,778.0,77800.0,2024-10-15
2024101504007998,HDHPC,52,58,50.0,216.3,10815.0,2024-10-15
2024101501010689,GBIME,56,22,100.0,258.8,25880.0,2024-10-15
2024101501010688,GBIME,56,41,100.0,258.8,25880.0,2024-10-15
2024101501010687,SPC,26,56,100.0,534.0,53400.0,2024-10-15
2024101503008840,NLIC,51,16,20.0,850.0,17000.0,2024-10-15
2024101504007997,MEN,4,57,20.0,651.0,13020.0,2024-10-15
2024101505007675,SAHAS,34,35,35.0,481.2,16842.0,2024-10-15
2024101503008839,NFS,40,45,10.0,1427.0,14270.0,2024-10-15
2024101503008838,NLICL,25,57,205.0,619.9,127079.5,2024-10-15
2024101503008837,CFCL,32,44,45.0,652.0,29340.0,2024-10-15
2024101501010686,MKCL,32,1,100.0,1541.0,154100.0,2024-10-15
2024101504007996,RURU,16,36,15.0,879.0,13185.0,2024-10-15
2024101504007995,RURU,49,36,65.0,879.0,57135.0,2024-10-15
2024101504007994,RURU,53,36,20.0,879.1,17582.0,2024-10-15
2024101505007674,NIFRA,5,33,10.0,292.0,2920.0,2024-10-15
2024101505007673,NIFRA,5,14,190.0,290.8,55252.0,2024-10-15
2024101501010685,MANDU,42,43,10.0,972.0,9720.0,2024-10-15
2024101501010684,HIDCLP,42,34,10.0,176.0,1760.0,2024-10-15
2024101503008836,NFS,38,45,10.0,1400.0,14000.0,2024-10-15
2024101503008835,MLBSL,16,58,40.0,2038.1,81524.0,2024-10-15
2024101503008834,MLBSL,34,58,104.0,2038.2,211972.8,2024-10-15
2024101505007672,ILI,58,58,10.0,507.9,5079.0,2024-10-15
2024101504007993,NLG,58,47,18.0,1280.0,23040.0,2024-10-15
2024101501010683,USHL,58,34,14.0,961.0,13454.0,2024-10-15
2024101501010682,USHL,58,58,20.0,961.0,19220.0,2024-10-15
2024101501010681,USHL,58,38,80.0,943.5,75480.0,2024-10-15
2024101501010680,USHL,58,39,100.0,846.6,84660.0,2024-10-15
2024101501010679,USHL,58,7,150.0,846.6,126990.0,2024-10-15
2024101501010678,USHL,58,26,290.0,846.6,245514.0,2024-10-15
2024101501010677,USHL,58,32,10.0,846.6,8466.0,2024-10-15
2024101501010676,USHL,58,44,20.0,846.6,16932.0,2024-10-15
2024101501010675,USHL,58,11,200.0,846.0,169200.0,2024-10-15
2024101501010674,USHL,58,58,1000.0,846.0,846000.0,2024-10-15
2024101501010673,USHL,58,48,125.0,846.0,105750.0,2024-10-15
2024101501010672,USHL,58,62,10.0,846.0,8460.0,2024-10-15
2024101501010671,USHL,58,59,750.0,845.6,634200.0,2024-10-15
2024101501010670,USHL,58,59,900.0,845.6,761040.0,2024-10-15
2024101501010669,USHL,58,43,10.0,845.0,8450.0,2024-10-15
2024101501010668,USHL,58,25,12.0,844.0,10128.0,2024-10-15
2024101501010667,USHL,58,42,250.0,840.0,210000.0,2024-10-15
2024101501010666,USHL,58,6,25.0,840.0,21000.0,2024-10-15
2024101501010665,USHL,58,58,10.0,840.0,8400.0,2024-10-15
2024101501010664,USHL,58,1,10.0,835.0,8350.0,2024-10-15
2024101501010663,USHL,58,6,14.0,830.0,11620.0,2024-10-15
2024101501010662,NWCL,45,7,25.0,1038.0,25950.0,2024-10-15
2024101501010661,SIKLES,43,35,10.0,710.0,7100.0,2024-10-15
2024101503008833,GFCL,26,49,400.0,1075.0,430000.0,2024-10-15
2024101501010660,KBL,39,28,1000.0,231.0,231000.0,2024-10-15
2024101504007992,CHL,38,61,10.0,352.9,3529.0,2024-10-15
2024101504007991,UMHL,57,39,700.0,320.2,224140.0,2024-10-15
2024101504007990,UMHL,50,39,300.0,320.3,96090.0,2024-10-15
2024101501010659,KDL,56,55,70.0,1064.0,74480.0,2024-10-15
2024101503008832,GUFL,1,47,379.0,778.0,294862.0,2024-10-15
2024101503008831,GUFL,40,20,100.0,778.1,77810.0,2024-10-15
2024101501010658,SRLI,46,52,20.0,463.0,9260.0,2024-10-15
2024101505007671,SMATA,57,41,50.0,868.2,43410.0,2024-10-15
2024101504007989,AHPC,41,13,200.0,276.0,55200.0,2024-10-15
2024101504007988,AHPC,41,22,200.0,276.0,55200.0,2024-10-15
2024101504007987,AHPC,41,57,569.0,276.0,157044.0,2024-10-15
2024101501010657,EHPL,77,64,10.0,865.2,8652.0,2024-10-15
2024101501010656,SIKLES,63,35,10.0,710.0,7100.0,2024-10-15
2024101504007986,DHPL,42,48,11.0,254.5,2799.5,2024-10-15
2024101501010655,NWCL,45,42,65.0,1038.0,67470.0,2024-10-15
2024101503008830,FMDBL,17,38,10.0,798.0,7980.0,2024-10-15
2024101501010654,KDL,38,55,10.0,1064.0,10640.0,2024-10-15
2024101505007670,PHCL,65,26,40.0,410.7,16428.0,2024-10-15
2024101501010653,DOLTI,57,49,10.0,535.0,5350.0,2024-10-15
2024101501010652,DOLTI,57,57,10.0,534.0,5340.0,2024-10-15
2024101501010651,GBIME,22,25,1000.0,258.3,258300.0,2024-10-15
2024101503008829,MLBL,38,11,200.0,415.0,83000.0,2024-10-15
2024101501010650,USHEC,37,42,10.0,490.0,4900.0,2024-10-15
2024101504007985,UMRH,57,6,10.0,460.0,4600.0,2024-10-15
2024101505007669,SONA,41,1,359.0,483.3,173504.7,2024-10-15
2024101503008828,RLFL,50,42,500.0,642.1,321050.0,2024-10-15
2024101503008827,RLFL,6,42,350.0,642.1,224735.0,2024-10-15
2024101503008826,SAPDBL,74,75,150.0,570.2,85530.0,2024-10-15
2024101504007984,HPPL,21,6,10.0,334.9,3349.0,2024-10-15
2024101501010649,LSL,58,44,22.0,257.0,5654.0,2024-10-15
2024101501010648,MAKAR,32,72,10.0,479.7,4797.0,2024-10-15
2024101501010647,RHGCL,32,39,10.0,414.0,4140.0,2024-10-15
2024101501010646,RHGCL,32,19,50.0,413.1,20655.0,2024-10-15
2024101501010645,RHGCL,32,26,50.0,412.7,20635.0,2024-10-15
2024101501010644,RHGCL,32,1,10.0,412.0,4120.0,2024-10-15
2024101501010643,RHGCL,32,43,380.0,411.3,156294.0,2024-10-15
2024101501010642,RHGCL,32,6,500.0,411.0,205500.0,2024-10-15
2024101501010641,MCHL,8,39,10.0,498.0,4980.0,2024-10-15
2024101504007983,UPPER,49,41,35.0,219.0,7665.0,2024-10-15
2024101503008825,KMCDB,77,53,11.0,1023.1,11254.1,2024-10-15
2024101503008824,KMCDB,77,53,12.0,1024.9,12298.8,2024-10-15
2024101504007982,NGPL,46,29,100.0,441.9,44190.0,2024-10-15
2024101501010640,NICA,42,17,500.0,485.1,242550.0,2024-10-15
2024101503008823,HLI,33,34,100.0,482.5,48250.0,2024-10-15
2024101501010639,CZBIL,34,43,322.0,250.0,80500.0,2024-10-15
2024101501010638,CZBIL,34,26,100.0,249.9,24990.0,2024-10-15
2024101501010637,CZBIL,34,43,228.0,249.9,56977.2,2024-10-15
2024101501010636,CZBIL,34,26,350.0,249.9,87465.0,2024-10-15
2024101501010635,MKHL,57,45,130.0,496.0,64480.0,2024-10-15
2024101501010634,MKHL,53,45,170.0,496.0,84320.0,2024-10-15
2024101501010633,RBCLPO,19,39,10.0,12612.0,126120.0,2024-10-15
2024101504007981,UPCL,58,62,30.0,271.1,8133.0,2024-10-15
2024101503008822,CFCL,47,44,150.0,652.0,97800.0,2024-10-15
2024101503008821,PROFL,74,53,95.0,656.0,62320.0,2024-10-15
2024101503008820,PROFL,74,26,530.0,656.0,347680.0,2024-10-15
2024101503008819,PROFL,74,45,100.0,655.9,65590.0,2024-10-15
2024101503008818,PROFL,74,26,245.0,655.0,160475.0,2024-10-15
2024101503008817,PROFL,74,20,30.0,655.0,19650.0,2024-10-15
2024101501010632,SNLI,35,11,50.0,608.8,30440.0,2024-10-15
2024101501010631,MBL,35,59,50.0,260.0,13000.0,2024-10-15
2024101505007668,SAHAS,34,32,10.0,481.2,4812.0,2024-10-15
2024101501010630,HIDCLP,34,49,671.0,175.5,117760.5,2024-10-15
2024101501010629,HIDCLP,43,49,1000.0,175.6,175600.0,2024-10-15
2024101501010628,HIDCLP,8,49,300.0,175.6,52680.0,2024-10-15
2024101501010627,HIDCLP,13,49,29.0,175.7,5095.3,2024-10-15
2024101504007980,DHPL,42,48,10.0,254.5,2545.0,2024-10-15
2024101503008816,CFCL,48,14,57.0,651.0,37107.0,2024-10-15
2024101503008815,CFCL,45,14,43.0,651.0,27993.0,2024-10-15
2024101503008814,ICFC,75,34,10.0,773.0,7730.0,2024-10-15
2024101504007979,BPCL,42,1,135.0,475.9,64246.5,2024-10-15
2024101504007978,BPCL,42,38,50.0,475.0,23750.0,2024-10-15
2024101504007977,BPCL,42,51,10.0,475.0,4750.0,2024-10-15
2024101504007976,BPCL,42,26,250.0,475.0,118750.0,2024-10-15
2024101504007975,BPCL,42,21,170.0,475.0,80750.0,2024-10-15
2024101504007974,BPCL,42,41,60.0,475.0,28500.0,2024-10-15
2024101504007973,BPCL,42,57,25.0,474.9,11872.5,2024-10-15
2024101504007972,BPCL,42,45,300.0,474.0,142200.0,2024-10-15
2024101501010626,SBI,42,39,10.0,464.0,4640.0,2024-10-15
2024101504007971,NLG,38,47,500.0,1280.0,640000.0,2024-10-15
2024101504007970,NLG,34,47,200.0,1280.0,256000.0,2024-10-15
2024101501010625,AVYAN,34,58,50.0,914.0,45700.0,2024-10-15
2024101501010624,NWCL,45,34,10.0,1038.0,10380.0,2024-10-15
2024101503008813,GUFL,1,39,121.0,778.0,94138.0,2024-10-15
2024101503008812,GUFL,6,39,45.0,778.0,35010.0,2024-10-15
2024101501010623,SARBTM,62,58,10.0,787.0,7870.0,2024-10-15
2024101501010622,PCBL,65,13,50.0,295.1,14755.0,2024-10-15
2024101504007969,SHPC,1,60,238.0,553.0,131614.0,2024-10-15
2024101504007968,SHPC,95,60,59.0,553.1,32632.9,2024-10-15
2024101504007967,SHPC,66,60,70.0,553.1,38717.0,2024-10-15
2024101504007966,SHPC,41,60,133.0,553.9,73668.7,2024-10-15
2024101501010621,MEHL,77,42,10.0,382.9,3829.0,2024-10-15
2024101505007667,NRN,49,17,10.0,935.0,9350.0,2024-10-15
2024101505007666,NRN,49,38,15.0,935.0,14025.0,2024-10-15
2024101505007665,NRN,49,50,21.0,935.0,19635.0,2024-10-15
2024101505007664,NRN,49,13,50.0,934.0,46700.0,2024-10-15
2024101505007663,NRN,49,35,35.0,934.0,32690.0,2024-10-15
2024101505007662,NRN,49,56,256.0,933.0,238848.0,2024-10-15
2024101505007661,NRN,49,48,200.0,932.0,186400.0,2024-10-15
2024101503008811,BFC,44,32,30.0,630.0,18900.0,2024-10-15
2024101504007965,HDHPC,53,39,10.0,216.5,2165.0,2024-10-15
2024101504007964,BPCL,42,42,55.0,472.0,25960.0,2024-10-15
2024101505007660,SHIVM,42,94,250.0,605.0,151250.0,2024-10-15
2024101501010620,EHPL,38,56,60.0,872.0,52320.0,2024-10-15
2024101501010619,EHPL,38,38,40.0,870.0,34800.0,2024-10-15
2024101504007963,SHL,34,44,100.0,532.9,53290.0,2024-10-15
2024101504007962,RHPL,33,58,6622.0,388.0,2569336.0,2024-10-15
2024101504007961,RHPL,33,70,500.0,388.0,194000.0,2024-10-15
2024101504007960,RHPL,33,28,300.0,387.9,116370.0,2024-10-15
2024101504007959,RHPL,33,28,400.0,387.9,155160.0,2024-10-15
2024101504007958,RHPL,33,38,990.0,387.5,383625.0,2024-10-15
2024101504007957,RHPL,33,58,1188.0,387.5,460350.0,2024-10-15
2024101505007659,SMJC,34,65,55.0,537.0,29535.0,2024-10-15
2024101505007658,SMJC,52,65,155.0,537.1,83250.5,2024-10-15
2024101501010618,SMHL,64,58,10.0,583.1,5831.0,2024-10-15
2024101501010617,USHL,58,58,200.0,817.2,163440.0,2024-10-15
2024101501010616,USHL,34,58,610.0,817.2,498492.0,2024-10-15
2024101501010615,USHL,16,58,100.0,817.2,81720.0,2024-10-15
2024101501010614,USHL,35,58,200.0,817.2,163440.0,2024-10-15
2024101501010613,USHL,49,58,11.0,817.2,8989.2,2024-10-15
2024101501010612,USHL,45,58,100.0,817.2,81720.0,2024-10-15
2024101501010611,USHL,57,58,50.0,817.2,40860.0,2024-10-15
2024101501010610,USHL,41,58,500.0,817.3,408650.0,2024-10-15
2024101501010609,USHL,50,58,500.0,817.8,408900.0,2024-10-15
2024101501010608,USHL,34,58,30.0,818.0,24540.0,2024-10-15
2024101501010607,USHL,45,58,10.0,818.0,8180.0,2024-10-15
2024101501010606,USHL,45,58,100.0,818.0,81800.0,2024-10-15
2024101501010605,USHL,22,58,100.0,818.0,81800.0,2024-10-15
2024101501010604,USHL,33,58,100.0,820.0,82000.0,2024-10-15
2024101501010603,USHL,57,58,100.0,821.0,82100.0,2024-10-15
2024101501010602,USHL,22,58,100.0,825.3,82530.0,2024-10-15
2024101501010601,USHL,45,58,10.0,826.0,8260.0,2024-10-15
2024101501010600,USHL,22,58,100.0,826.3,82630.0,2024-10-15
2024101501010599,USHL,14,58,100.0,827.2,82720.0,2024-10-15
2024101501010598,USHL,52,58,457.0,827.5,378167.5,2024-10-15
2024101501010597,USHL,35,58,100.0,828.0,82800.0,2024-10-15
2024101505007657,NTC,57,32,10.0,993.5,9935.0,2024-10-15
2024101505007656,NTC,57,41,40.0,993.4,39736.0,2024-10-15
2024101505007655,ENL,52,57,10.0,1173.0,11730.0,2024-10-15
2024101503008810,MFIL,35,4,310.0,756.0,234360.0,2024-10-15
2024101504007956,LEC,28,40,10.0,284.9,2849.0,2024-10-15
2024101501010596,NIMB,55,49,40.0,248.5,9940.0,2024-10-15
2024101501010595,NMB,45,48,302.0,275.4,83170.8,2024-10-15
2024101501010594,NMB,37,48,400.0,275.5,110200.0,2024-10-15
2024101501010593,NMB,5,48,63.0,275.5,17356.5,2024-10-15
2024101501010592,MAKAR,51,72,10.0,479.7,4797.0,2024-10-15
2024101503008809,MATRI,5,38,10.0,1449.9,14499.0,2024-10-15
2024101504007955,HDHPC,58,53,80.0,216.2,17296.0,2024-10-15
2024101504007954,AHPC,34,1,1000.0,275.9,275900.0,2024-10-15
2024101504007953,SPDL,50,50,350.0,310.0,108500.0,2024-10-15
2024101504007952,RURU,17,39,10.0,879.9,8799.0,2024-10-15
2024101504007951,RURU,17,58,10.0,879.9,8799.0,2024-10-15
2024101504007950,DHPL,42,41,11.0,255.0,2805.0,2024-10-15
2024101501010591,MKJC,34,25,10.0,475.0,4750.0,2024-10-15
2024101503008808,MFIL,42,45,50.0,755.0,37750.0,2024-10-15
2024101504007949,SICL,34,34,50.0,855.0,42750.0,2024-10-15
2024101505007654,MEL,80,56,550.0,297.0,163350.0,2024-10-15
2024101505007653,MEL,80,59,10.0,297.0,2970.0,2024-10-15
2024101505007652,MEL,80,29,10.0,296.2,2962.0,2024-10-15
2024101505007651,MEL,80,6,200.0,296.1,59220.0,2024-10-15
2024101505007650,HATHY,56,56,10.0,1444.0,14440.0,2024-10-15
2024101501010590,SANIMA,47,33,105.0,345.2,36246.0,2024-10-15
2024101504007948,UPPER,58,55,48.0,219.5,10536.0,2024-10-15
2024101501010589,SBL,74,4,200.0,355.7,71140.0,2024-10-15
2024101503008807,BFC,17,32,100.0,630.0,63000.0,2024-10-15
2024101503008806,BFC,86,32,1100.0,630.0,693000.0,2024-10-15
2024101503008805,BFC,17,32,25.0,630.0,15750.0,2024-10-15
2024101503008804,BFC,48,32,100.0,630.0,63000.0,2024-10-15
2024101503008803,BFC,28,32,100.0,630.1,63010.0,2024-10-15
2024101503008802,BFC,49,32,20.0,633.0,12660.0,2024-10-15
2024101503008801,BFC,56,32,20.0,635.0,12700.0,2024-10-15
2024101503008800,BFC,13,32,50.0,635.0,31750.0,2024-10-15
2024101503008799,BFC,56,32,20.0,635.0,12700.0,2024-10-15
2024101503008798,BFC,91,32,354.0,636.0,225144.0,2024-10-15
2024101501010588,NYADI,44,13,300.0,326.0,97800.0,2024-10-15
2024101505007649,HDL,59,17,10.0,1361.5,13615.0,2024-10-15
2024101503008797,MATRI,52,21,82.0,1435.0,117670.0,2024-10-15
2024101503008796,MATRI,45,21,50.0,1435.0,71750.0,2024-10-15
2024101503008795,MATRI,47,21,18.0,1436.0,25848.0,2024-10-15
2024101504007947,AHPC,94,57,841.0,276.0,232116.0,2024-10-15
2024101504007946,AHPC,94,101,659.0,276.0,181884.0,2024-10-15
2024101501010587,SANIMA,45,33,150.0,345.2,51780.0,2024-10-15
2024101501010586,ADBL,4,32,291.0,387.5,112762.5,2024-10-15
2024101501010585,ADBL,4,45,30.0,387.5,11625.0,2024-10-15
2024101504007945,GHL,10,13,88.0,223.0,19624.0,2024-10-15
2024101504007944,GHL,4,13,10.0,223.0,2230.0,2024-10-15
2024101504007943,GHL,58,13,52.0,223.0,11596.0,2024-10-15
2024101504007942,GHL,45,13,100.0,223.0,22300.0,2024-10-15
2024101504007941,SGIC,50,32,20.0,656.7,13134.0,2024-10-15
2024101505007648,SHIVM,33,49,238.0,603.1,143537.8,2024-10-15
2024101505007647,SHIVM,49,49,180.0,604.0,108720.0,2024-10-15
2024101505007646,SHIVM,6,49,82.0,604.0,49528.0,2024-10-15
2024101505007645,CHDC,14,1,10.0,1799.9,17999.0,2024-10-15
2024101501010584,ULBSL,38,59,10.0,3240.0,32400.0,2024-10-15
2024101505007644,NTC,14,34,80.0,992.0,79360.0,2024-10-15
2024101505007643,NTC,14,34,70.0,992.0,69440.0,2024-10-15
2024101505007642,SMJC,34,70,100.0,537.5,53750.0,2024-10-15
2024101505007641,NRM,47,52,10.0,455.0,4550.0,2024-10-15
2024101505007640,NRM,47,41,375.0,455.0,170625.0,2024-10-15
2024101505007639,NRM,47,48,10.0,455.0,4550.0,2024-10-15
2024101505007638,NRM,47,26,200.0,454.0,90800.0,2024-10-15
2024101505007637,NRM,47,22,10.0,453.6,4536.0,2024-10-15
2024101505007636,NRM,47,1,50.0,453.5,22675.0,2024-10-15
2024101505007635,NRM,47,25,10.0,453.0,4530.0,2024-10-15
2024101505007634,NRM,47,42,10.0,453.0,4530.0,2024-10-15
2024101505007633,NRM,47,36,10.0,453.0,4530.0,2024-10-15
2024101505007632,NRM,47,22,100.0,451.5,45150.0,2024-10-15
2024101505007631,NRM,47,46,10.0,451.0,4510.0,2024-10-15
2024101503008794,SIFC,42,58,10.0,638.1,6381.0,2024-10-15
2024101501010583,LSL,58,44,10.0,257.0,2570.0,2024-10-15
2024101504007940,RURU,49,57,10.0,879.0,8790.0,2024-10-15
2024101505007630,NIFRA,5,14,10.0,290.8,2908.0,2024-10-15
2024101501010582,NBL,62,18,24.0,289.6,6950.4,2024-10-15
2024101501010581,NBL,57,18,150.0,289.6,43440.0,2024-10-15
2024101503008793,PFL,28,69,100.0,643.1,64310.0,2024-10-15
2024101503008792,LICN,50,50,10.0,2115.0,21150.0,2024-10-15
2024101503008791,MPFL,26,17,100.0,758.0,75800.0,2024-10-15
2024101501010580,USHL,38,6,12.0,830.0,9960.0,2024-10-15
2024101504007939,UPPER,42,55,50.0,219.5,10975.0,2024-10-15
2024101505007629,PHCL,56,4,650.0,410.4,266760.0,2024-10-15
2024101504007938,CGH,42,16,400.0,937.1,374840.0,2024-10-15
2024101504007937,BARUN,39,58,100.0,356.7,35670.0,2024-10-15
2024101501010579,NIMB,55,62,40.0,248.6,9944.0,2024-10-15
2024101505007628,ILI,58,60,12.0,507.9,6094.8,2024-10-15
2024101501010578,HBL,35,67,303.0,274.0,83022.0,2024-10-15
2024101501010577,HBL,35,6,231.0,274.0,63294.0,2024-10-15
2024101501010576,HBL,35,38,30.0,274.0,8220.0,2024-10-15
2024101501010575,HBL,35,22,20.0,273.8,5476.0,2024-10-15
2024101501010574,HBL,35,26,204.0,273.8,55855.2,2024-10-15
2024101501010573,HBL,35,57,10.0,273.7,2737.0,2024-10-15
2024101501010572,HBL,35,6,1000.0,273.0,273000.0,2024-10-15
2024101501010571,HBL,35,41,500.0,273.0,136500.0,2024-10-15
2024101501010570,HBL,35,55,2000.0,273.0,546000.0,2024-10-15
2024101501010569,HBL,35,38,100.0,273.0,27300.0,2024-10-15
2024101501010568,HBL,35,57,20.0,273.0,5460.0,2024-10-15
2024101501010567,HBL,35,19,10.0,273.0,2730.0,2024-10-15
2024101501010566,HBL,35,64,200.0,273.0,54600.0,2024-10-15
2024101501010565,HBL,35,55,200.0,273.0,54600.0,2024-10-15
2024101501010564,HBL,35,45,300.0,273.0,81900.0,2024-10-15
2024101501010563,HBL,35,21,50.0,273.0,13650.0,2024-10-15
2024101501010562,HBL,35,43,31.0,273.0,8463.0,2024-10-15
2024101501010561,HBL,35,22,50.0,272.9,13645.0,2024-10-15
2024101501010560,HBL,35,3,200.0,272.9,54580.0,2024-10-15
2024101501010559,HBL,35,32,500.0,272.9,136450.0,2024-10-15
2024101501010558,HBL,35,35,2000.0,272.8,545600.0,2024-10-15
2024101501010557,HBL,35,43,100.0,272.5,27250.0,2024-10-15
2024101501010556,HBL,35,41,50.0,272.3,13615.0,2024-10-15
2024101501010555,HBL,35,13,100.0,272.0,27200.0,2024-10-15
2024101501010554,HBL,35,38,310.0,272.0,84320.0,2024-10-15
2024101501010553,HBL,35,49,20.0,272.0,5440.0,2024-10-15
2024101501010552,HBL,35,58,30.0,272.0,8160.0,2024-10-15
2024101501010551,HBL,35,35,200.0,272.0,54400.0,2024-10-15
2024101501010550,HBL,35,29,1230.0,272.0,334560.0,2024-10-15
2024101505007627,HRL,48,71,500.0,896.5,448250.0,2024-10-15
2024101505007626,HRL,48,42,428.0,896.4,383659.2,2024-10-15
2024101505007625,NRM,55,41,10.0,450.0,4500.0,2024-10-15
2024101503008790,SKBBL,13,41,100.0,955.0,95500.0,2024-10-15
2024101505007624,HRL,33,14,57.0,896.2,51083.4,2024-10-15
2024101501010549,HBL,45,29,770.0,272.0,209440.0,2024-10-15
2024101501010548,HBL,45,19,100.0,272.0,27200.0,2024-10-15
2024101501010547,HBL,45,48,17.0,272.0,4624.0,2024-10-15
2024101501010546,HBL,45,66,20.0,271.9,5438.0,2024-10-15
2024101501010545,HBL,45,57,73.0,271.9,19848.7,2024-10-15
2024101501010544,HBL,45,42,20.0,271.5,5430.0,2024-10-15
2024101503008789,GMFIL,38,3,78.0,628.7,49038.6,2024-10-15
2024101503008788,GMFIL,38,22,51.0,628.0,32028.0,2024-10-15
2024101503008787,GMFIL,38,63,231.0,628.0,145068.0,2024-10-15
2024101505007623,HIDCL,34,49,10.0,278.7,2787.0,2024-10-15
2024101503008786,SHINE,34,59,300.0,498.3,149490.0,2024-10-15
2024101501010543,HIDCLP,13,72,171.0,175.7,30044.7,2024-10-15
2024101501010542,HIDCLP,57,72,300.0,175.7,52710.0,2024-10-15
2024101501010541,HIDCLP,10,72,800.0,175.9,140720.0,2024-10-15
2024101501010540,SRLI,42,35,36.0,465.0,16740.0,2024-10-15
2024101501010539,SRLI,70,35,100.0,465.0,46500.0,2024-10-15
2024101501010538,SRLI,33,35,200.0,465.0,93000.0,2024-10-15
2024101501010537,SRLI,57,35,100.0,468.0,46800.0,2024-10-15
2024101501010536,GVL,52,14,88.0,557.9,49095.2,2024-10-15
2024101501010535,GVL,52,42,10.0,556.0,5560.0,2024-10-15
2024101504007936,GHL,57,17,95.0,223.0,21185.0,2024-10-15
2024101504007935,RADHI,34,42,10.0,402.0,4020.0,2024-10-15
2024101504007934,DHPL,42,41,11.0,255.0,2805.0,2024-10-15
2024101504007933,CGH,42,99,430.0,940.0,404200.0,2024-10-15
2024101504007932,CGH,42,57,500.0,939.9,469950.0,2024-10-15
2024101504007931,CGH,42,91,30.0,939.9,28197.0,2024-10-15
2024101504007930,CGH,42,93,40.0,938.0,37520.0,2024-10-15
2024101503008785,RLFL,6,56,150.0,642.1,96315.0,2024-10-15
2024101503008784,RLFL,6,56,350.0,642.1,224735.0,2024-10-15
2024101503008783,RLFL,50,56,500.0,642.2,321100.0,2024-10-15
2024101503008782,MPFL,26,49,400.0,758.0,303200.0,2024-10-15
2024101503008781,MPFL,26,48,200.0,758.0,151600.0,2024-10-15
2024101503008780,MPFL,26,61,200.0,758.0,151600.0,2024-10-15
2024101503008779,MPFL,26,53,30.0,758.0,22740.0,2024-10-15
2024101505007622,SONA,58,22,55.0,483.4,26587.0,2024-10-15
2024101504007929,NLG,62,6,10.0,1278.9,12789.0,2024-10-15
2024101503008778,GUFL,6,89,100.0,778.0,77800.0,2024-10-15
2024101503008777,SIFC,45,34,150.0,639.0,95850.0,2024-10-15
2024101503008776,SIFC,45,41,50.0,639.0,31950.0,2024-10-15
2024101501010534,HIDCLP,10,35,200.0,175.9,35180.0,2024-10-15
2024101503008775,RSDC,45,49,98.0,724.9,71040.2,2024-10-15
2024101503008774,RSDC,45,28,21.0,723.0,15183.0,2024-10-15
2024101503008773,GUFL,6,42,300.0,778.0,233400.0,2024-10-15
2024101503008772,MPFL,74,62,500.0,755.0,377500.0,2024-10-15
2024101501010533,BHDC,38,58,10.0,595.0,5950.0,2024-10-15
2024101503008771,PROFL,39,26,300.0,653.9,196170.0,2024-10-15
2024101501010532,PRVU,62,58,89.0,253.1,22525.9,2024-10-15
2024101504007928,UPCL,58,35,470.0,271.1,127417.0,2024-10-15
2024101503008770,KSBBL,43,57,100.0,470.0,47000.0,2024-10-15
2024101505007621,NIFRA,39,28,200.0,290.4,58080.0,2024-10-15
2024101505007620,NIBSF2,45,1,1200.0,8.87,10644.0,2024-10-15
2024101505007619,NIBSF2,45,52,1000.0,8.86,8860.0,2024-10-15
2024101503008769,GFCL,26,34,100.0,1075.0,107500.0,2024-10-15
2024101504007927,AKPL,38,26,200.0,257.9,51580.0,2024-10-15
2024101501010531,BHDC,36,65,510.0,587.0,299370.0,2024-10-15
2024101501010530,BHDC,55,65,20.0,588.0,11760.0,2024-10-15
2024101501010529,ULBSL,38,39,10.0,3240.0,32400.0,2024-10-15
2024101504007926,SPDL,70,50,14.0,310.0,4340.0,2024-10-15
2024101503008768,GFCL,26,55,117.0,1075.0,125775.0,2024-10-15
2024101504007925,UMHL,57,28,357.0,321.0,114597.0,2024-10-15
2024101501010528,MKJC,52,25,36.0,475.0,17100.0,2024-10-15
2024101501010527,MKJC,52,33,50.0,474.0,23700.0,2024-10-15
2024101501010526,MKJC,52,49,300.0,473.0,141900.0,2024-10-15
2024101501010525,MKJC,52,58,90.0,473.0,42570.0,2024-10-15
2024101501010524,MKJC,52,38,24.0,472.0,11328.0,2024-10-15
2024101504007924,UMHL,49,28,20.0,321.0,6420.0,2024-10-15
2024101504007923,HURJA,57,14,200.0,222.0,44400.0,2024-10-15
2024101503008767,GMFBS,13,46,14.0,1557.0,21798.0,2024-10-15
2024101501010523,SNLI,29,38,12.0,608.0,7296.0,2024-10-15
2024101501010522,SNLI,29,58,123.0,608.0,74784.0,2024-10-15
2024101501010521,SNLI,29,55,12.0,608.0,7296.0,2024-10-15
2024101501010520,SMHL,45,41,18.0,592.6,10666.8,2024-10-15
2024101501010519,PRVU,34,16,49.0,254.0,12446.0,2024-10-15
2024101501010518,PRVU,34,19,51.0,254.0,12954.0,2024-10-15
2024101503008766,ICFC,41,38,500.0,772.0,386000.0,2024-10-15
2024101503008765,ICFC,61,38,100.0,772.1,77210.0,2024-10-15
2024101503008764,GFCL,26,55,283.0,1075.0,304225.0,2024-10-15
2024101503008763,GFCL,26,41,50.0,1075.0,53750.0,2024-10-15
2024101504007922,RHPL,57,58,35.0,387.5,13562.5,2024-10-15
2024101504007921,HEI,50,74,18.0,657.1,11827.8,2024-10-15
2024101504007920,HEI,35,74,50.0,660.0,33000.0,2024-10-15
2024101504007919,HEI,44,74,132.0,672.0,88704.0,2024-10-15
2024101505007618,CHDC,77,1,10.0,1799.9,17999.0,2024-10-15
2024101503008762,GILB,58,35,10.0,1278.3,12783.0,2024-10-15
2024101503008761,MPFL,36,53,70.0,758.0,53060.0,2024-10-15
2024101503008760,MPFL,36,85,430.0,758.0,325940.0,2024-10-15
2024101505007617,NIFRA,46,33,588.0,292.0,171696.0,2024-10-15
2024101505007616,NIFRA,46,22,100.0,292.0,29200.0,2024-10-15
2024101505007615,NIFRA,46,34,64.0,292.0,18688.0,2024-10-15
2024101505007614,NIFRA,46,35,300.0,292.0,87600.0,2024-10-15
2024101505007613,NIFRA,46,18,480.0,292.0,140160.0,2024-10-15
2024101505007612,NIFRA,46,49,14.0,292.0,4088.0,2024-10-15
2024101505007611,NIFRA,46,8,164.0,292.0,47888.0,2024-10-15
2024101505007610,NIFRA,46,56,290.0,291.0,84390.0,2024-10-15
2024101504007918,DHPL,42,41,11.0,255.0,2805.0,2024-10-15
2024101504007917,RURU,88,34,105.0,878.0,92190.0,2024-10-15
2024101504007916,RURU,17,34,20.0,878.0,17560.0,2024-10-15
2024101504007915,RURU,58,34,64.0,878.0,56192.0,2024-10-15
2024101504007914,RURU,58,34,67.0,878.1,58832.7,2024-10-15
2024101504007913,RURU,57,34,44.0,878.1,38636.4,2024-10-15
2024101505007609,SAHAS,4,3,100.0,482.0,48200.0,2024-10-15
2024101503008759,NFS,47,74,100.0,1400.0,140000.0,2024-10-15
2024101501010517,SPHL,16,22,136.0,668.0,90848.0,2024-10-15
2024101503008758,PROFL,21,16,180.0,653.0,117540.0,2024-10-15
2024101503008757,PROFL,58,16,320.0,654.0,209280.0,2024-10-15
2024101504007912,BPCL,42,19,1000.0,472.0,472000.0,2024-10-15
2024101505007608,SHIVM,34,94,519.0,605.0,313995.0,2024-10-15
2024101505007607,SHIVM,34,42,157.0,605.0,94985.0,2024-10-15
2024101505007606,SHIVM,34,35,100.0,605.0,60500.0,2024-10-15
2024101505007605,SHIVM,34,47,283.0,605.0,171215.0,2024-10-15
2024101505007604,SHIVM,34,32,441.0,605.0,266805.0,2024-10-15
2024101501010516,DOLTI,57,42,10.0,534.0,5340.0,2024-10-15
2024101503008756,GFCL,41,13,100.0,1074.9,107490.0,2024-10-15
2024101505007603,NRIC,35,13,20.0,823.0,16460.0,2024-10-15
2024101505007602,NRIC,35,57,100.0,822.0,82200.0,2024-10-15
2024101501010515,CITY,70,37,32.0,855.0,27360.0,2024-10-15
2024101501010514,CITY,6,37,53.0,856.0,45368.0,2024-10-15
2024101501010513,CITY,42,37,15.0,856.0,12840.0,2024-10-15
2024101501010512,CITY,13,37,50.0,856.1,42805.0,2024-10-15
2024101501010511,TSHL,8,6,10.0,901.0,9010.0,2024-10-15
2024101505007601,NIFRA,32,56,10.0,291.0,2910.0,2024-10-15
2024101503008755,PROFL,58,54,100.0,654.0,65400.0,2024-10-15
2024101503008754,PROFL,58,41,380.0,654.0,248520.0,2024-10-15
2024101503008753,GUFL,6,19,100.0,778.0,77800.0,2024-10-15
2024101503008752,GUFL,6,58,100.0,778.0,77800.0,2024-10-15
2024101503008751,GUFL,6,35,55.0,778.0,42790.0,2024-10-15
2024101504007911,AKPL,38,41,75.0,257.1,19282.5,2024-10-15
2024101504007910,AKPL,56,41,25.0,257.1,6427.5,2024-10-15
2024101503008750,SAPDBL,74,75,350.0,571.0,199850.0,2024-10-15
2024101505007600,HDL,45,26,10.0,1366.0,13660.0,2024-10-15
2024101503008749,NICLBSL,34,14,10.0,739.9,7399.0,2024-10-15
2024101503008748,PMLI,42,34,24.0,567.4,13617.6,2024-10-15
2024101503008747,SFCL,87,42,105.0,672.0,70560.0,2024-10-15
2024101503008746,SFCL,87,25,20.0,671.0,13420.0,2024-10-15
2024101503008745,MNBBL,19,25,214.0,400.0,85600.0,2024-10-15
2024101503008744,MNBBL,22,25,786.0,400.1,314478.6,2024-10-15
2024101503008743,NLICL,22,7,30.0,617.0,18510.0,2024-10-15
2024101501010510,ULHC,49,58,20.0,387.4,7748.0,2024-10-15
2024101501010509,ULHC,11,58,10.0,387.5,3875.0,2024-10-15
2024101501010508,ULHC,33,58,50.0,388.0,19400.0,2024-10-15
2024101501010507,ULHC,54,58,30.0,388.0,11640.0,2024-10-15
2024101501010506,ULHC,57,58,40.0,388.0,15520.0,2024-10-15
2024101501010505,ULHC,13,58,150.0,388.1,58215.0,2024-10-15
2024101503008742,ICFC,58,34,10.0,773.0,7730.0,2024-10-15
2024101504007909,UMRH,58,33,10.0,465.0,4650.0,2024-10-15
2024101505007599,SONA,41,1,50.0,484.0,24200.0,2024-10-15
2024101504007908,SHEL,29,58,225.0,249.8,56205.0,2024-10-15
2024101504007907,SHEL,29,28,1775.0,249.5,442862.5,2024-10-15
2024101504007906,RURU,17,54,80.0,879.0,70320.0,2024-10-15
2024101501010504,SARBTM,54,22,300.0,787.7,236310.0,2024-10-15
2024101505007598,HIDCL,45,34,300.0,279.0,83700.0,2024-10-15
2024101505007597,HATHY,58,19,15.0,1435.1,21526.5,2024-10-15
2024101505007596,PHCL,56,42,10.0,410.4,4104.0,2024-10-15
2024101503008741,MFIL,86,4,10.0,756.0,7560.0,2024-10-15
2024101504007905,SSHL,40,52,880.0,220.0,193600.0,2024-10-15
2024101503008740,PROFL,21,48,50.0,653.0,32650.0,2024-10-15
2024101503008739,SJLIC,6,49,10.0,492.0,4920.0,2024-10-15
2024101501010503,DOLTI,62,58,443.0,524.6,232397.8,2024-10-15
2024101501010502,DOLTI,56,58,20.0,525.0,10500.0,2024-10-15
2024101501010501,DOLTI,48,58,37.0,525.0,19425.0,2024-10-15
2024101503008738,MNBBL,3,58,470.0,400.3,188141.0,2024-10-15
2024101501010500,UNLB,34,45,30.0,2473.0,74190.0,2024-10-15
2024101505007595,HRL,33,19,300.0,896.2,268860.0,2024-10-15
2024101504007904,SHL,34,58,105.0,532.0,55860.0,2024-10-15
2024101504007903,SHL,34,40,410.0,531.0,217710.0,2024-10-15
2024101505007594,GCIL,56,65,290.0,505.0,146450.0,2024-10-15
2024101504007902,SHPC,47,59,629.0,554.9,349032.1,2024-10-15
2024101504007901,SHPC,47,45,60.0,554.0,33240.0,2024-10-15
2024101504007900,SHPC,47,45,200.0,554.0,110800.0,2024-10-15
2024101504007899,SHPC,47,42,111.0,554.0,61494.0,2024-10-15
2024101504007898,API,13,48,40.0,298.9,11956.0,2024-10-15
2024101501010499,MBL,48,59,100.0,260.0,26000.0,2024-10-15
2024101501010498,MANDU,11,6,161.0,963.2,155075.2,2024-10-15
2024101501010497,MANDU,58,6,19.0,963.3,18302.7,2024-10-15
2024101501010496,MANDU,41,6,20.0,963.4,19268.0,2024-10-15
2024101505007593,NTC,14,49,10.0,992.0,9920.0,2024-10-15
2024101505007592,NTC,55,49,10.0,993.0,9930.0,2024-10-15
2024101505007591,SONA,58,1,90.0,484.0,43560.0,2024-10-15
2024101504007897,RURU,57,54,14.0,879.0,12306.0,2024-10-15
2024101505007590,NBF3,45,59,3000.0,8.77,26310.0,2024-10-15
2024101504007896,AHPC,94,101,1341.0,276.0,370116.0,2024-10-15
2024101504007895,AHPC,94,58,159.0,276.0,43884.0,2024-10-15
2024101504007894,HDHPC,42,74,40.0,216.9,8676.0,2024-10-15
2024101503008737,SWMF,42,1,10.0,850.0,8500.0,2024-10-15
2024101504007893,DHPL,42,41,11.0,255.0,2805.0,2024-10-15
2024101501010495,EHPL,77,56,229.0,865.2,198130.8,2024-10-15
2024101501010494,SBL,4,4,45.0,355.7,16006.5,2024-10-15
2024101501010493,SBL,16,4,10.0,355.7,3557.0,2024-10-15
2024101505007589,SFMF,94,55,10000.0,10.1,101000.0,2024-10-15
2024101505007588,SMATA,17,52,15.0,870.0,13050.0,2024-10-15
2024101505007587,SMATA,42,52,10.0,870.1,8701.0,2024-10-15
2024101504007892,HEI,44,49,400.0,673.2,269280.0,2024-10-15
2024101501010492,KDL,53,55,50.0,1064.0,53200.0,2024-10-15
2024101503008736,MNBBL,58,38,29.0,401.0,11629.0,2024-10-15
2024101503008735,MNBBL,58,42,20.0,401.0,8020.0,2024-10-15
2024101503008734,SWBBL,50,28,99.0,1045.0,103455.0,2024-10-15
2024101503008733,SWBBL,50,44,50.0,1045.0,52250.0,2024-10-15
2024101503008732,SWBBL,50,44,100.0,1045.0,104500.0,2024-10-15
2024101503008731,SWBBL,50,44,100.0,1043.0,104300.0,2024-10-15
2024101503008730,SWBBL,50,6,50.0,1042.0,52100.0,2024-10-15
2024101503008729,SWBBL,50,49,100.0,1042.0,104200.0,2024-10-15
2024101503008728,SWBBL,50,38,107.0,1041.4,111429.8,2024-10-15
2024101503008727,SWBBL,50,44,100.0,1041.0,104100.0,2024-10-15
2024101503008726,SWBBL,50,11,14.0,1040.0,14560.0,2024-10-15
2024101503008725,SWBBL,50,55,20.0,1040.0,20800.0,2024-10-15
2024101503008724,SWBBL,50,29,180.0,1040.0,187200.0,2024-10-15
2024101503008723,SWBBL,50,50,80.0,1040.0,83200.0,2024-10-15
2024101501010491,NMB,5,17,37.0,275.5,10193.5,2024-10-15
2024101501010490,NMB,43,17,63.0,275.5,17356.5,2024-10-15
2024101505007586,HIDCL,42,48,275.0,278.7,76642.5,2024-10-15
2024101504007891,SHEL,32,28,500.0,249.5,124750.0,2024-10-15
2024101503008722,PROFL,21,32,95.0,653.0,62035.0,2024-10-15
2024101504007890,RURU,5,20,16.0,880.0,14080.0,2024-10-15
2024101504007889,RURU,19,35,50.0,879.9,43995.0,2024-10-15
2024101504007888,RURU,19,38,10.0,879.9,8799.0,2024-10-15
2024101501010489,NMB,4,16,250.0,275.6,68900.0,2024-10-15
2024101501010488,GBIME,13,41,385.0,258.8,99638.0,2024-10-15
2024101503008721,NUBL,53,60,450.0,728.4,327780.0,2024-10-15
2024101503008720,NUBL,58,60,20.0,728.5,14570.0,2024-10-15
2024101503008719,NUBL,22,60,20.0,728.5,14570.0,2024-10-15
2024101503008718,NUBL,45,60,10.0,729.0,7290.0,2024-10-15
2024101501010487,CZBIL,86,26,650.0,249.9,162435.0,2024-10-15
2024101501010486,CZBIL,86,11,100.0,249.9,24990.0,2024-10-15
2024101501010485,CZBIL,86,49,50.0,249.9,12495.0,2024-10-15
2024101501010484,CZBIL,86,54,200.0,249.8,49960.0,2024-10-15
2024101501010483,CZBIL,45,37,25.0,249.2,6230.0,2024-10-15
2024101501010482,MCHL,8,35,10.0,497.8,4978.0,2024-10-15
2024101503008717,MLBSL,43,81,10.0,2040.0,20400.0,2024-10-15
2024101505007585,SAHAS,45,49,150.0,481.1,72165.0,2024-10-15
2024101503008716,ICFC,49,34,15.0,773.0,11595.0,2024-10-15
2024101504007887,NLG,29,47,10.0,1280.0,12800.0,2024-10-15
2024101501010481,USHL,29,58,100.0,830.0,83000.0,2024-10-15
2024101503008715,NICLBSL,39,16,10.0,738.0,7380.0,2024-10-15
2024101504007886,SGIC,65,47,10.0,659.9,6599.0,2024-10-15
2024101501010480,SIKLES,35,42,150.0,672.3,100845.0,2024-10-15
2024101501010479,SIKLES,59,42,100.0,672.3,67230.0,2024-10-15
2024101501010478,SIKLES,80,42,210.0,672.3,141183.0,2024-10-15
2024101501010477,SIKLES,6,42,55.0,672.5,36987.5,2024-10-15
2024101501010476,SIKLES,58,42,100.0,672.6,67260.0,2024-10-15
2024101501010475,SIKLES,26,42,30.0,672.6,20178.0,2024-10-15
2024101501010474,SIKLES,1,42,100.0,672.6,67260.0,2024-10-15
2024101501010473,SIKLES,35,42,100.0,673.0,67300.0,2024-10-15
2024101501010472,SIKLES,52,42,10.0,673.0,6730.0,2024-10-15
2024101501010471,SIKLES,42,42,40.0,675.0,27000.0,2024-10-15
2024101501010470,SIKLES,59,42,10.0,676.2,6762.0,2024-10-15
2024101501010469,SIKLES,63,42,200.0,676.3,135260.0,2024-10-15
2024101501010468,SIKLES,92,42,500.0,677.0,338500.0,2024-10-15
2024101501010467,SIKLES,6,42,200.0,680.0,136000.0,2024-10-15
2024101501010466,SIKLES,6,42,20.0,680.0,13600.0,2024-10-15
2024101501010465,SIKLES,57,42,30.0,681.1,20433.0,2024-10-15
2024101501010464,SIKLES,38,42,200.0,684.1,136820.0,2024-10-15
2024101501010463,SIKLES,7,42,10.0,686.3,6863.0,2024-10-15
2024101501010462,SIKLES,80,42,90.0,686.3,61767.0,2024-10-15
2024101501010461,SIKLES,95,42,300.0,686.5,205950.0,2024-10-15
2024101501010460,SIKLES,41,42,100.0,688.0,68800.0,2024-10-15
2024101501010459,SIKLES,7,42,10.0,690.0,6900.0,2024-10-15
2024101501010458,SIKLES,55,42,100.0,690.0,69000.0,2024-10-15
2024101501010457,SIKLES,92,42,60.0,695.0,41700.0,2024-10-15
2024101505007584,HRL,39,42,199.0,896.4,178383.6,2024-10-15
2024101503008714,MPFL,74,47,350.0,755.0,264250.0,2024-10-15
2024101503008713,MPFL,17,47,50.0,756.0,37800.0,2024-10-15
2024101501010456,TAMOR,42,55,10.0,469.1,4691.0,2024-10-15
2024101501010455,ADBL,22,22,10.0,387.1,3871.0,2024-10-15
2024101503008712,SAPDBL,74,22,100.0,571.0,57100.0,2024-10-15
2024101503008711,SAPDBL,74,22,50.0,571.0,28550.0,2024-10-15
2024101505007583,SAHAS,43,49,100.0,482.0,48200.0,2024-10-15
2024101505007582,SAHAS,43,1,192.0,482.0,92544.0,2024-10-15
2024101501010454,NMB,43,48,100.0,275.5,27550.0,2024-10-15
2024101501010453,LSL,53,48,500.0,257.5,128750.0,2024-10-15
2024101501010452,MHL,58,41,60.0,768.0,46080.0,2024-10-15
2024101501010451,MHL,21,41,20.0,768.0,15360.0,2024-10-15
2024101503008710,GFCL,41,36,523.0,1071.3,560289.9,2024-10-15
2024101503008709,NFS,38,74,100.0,1400.0,140000.0,2024-10-15
2024101504007885,NHPC,17,75,400.0,225.0,90000.0,2024-10-15
2024101504007884,NHPC,17,80,500.0,225.0,112500.0,2024-10-15
2024101504007883,NHPC,17,44,100.0,224.9,22490.0,2024-10-15
2024101501010450,SGHC,58,45,160.0,390.1,62416.0,2024-10-15
2024101501010449,LSL,72,48,500.0,257.5,128750.0,2024-10-15
2024101504007882,RIDI,72,58,10.0,239.0,2390.0,2024-10-15
2024101504007881,RIDI,72,81,435.0,239.0,103965.0,2024-10-15
2024101504007880,BPCL,42,19,1000.0,472.0,472000.0,2024-10-15
2024101503008708,MFIL,34,4,50.0,756.0,37800.0,2024-10-15
2024101503008707,ICFC,41,48,439.0,772.0,338908.0,2024-10-15
2024101503008706,ICFC,4,48,61.0,772.0,47092.0,2024-10-15
2024101504007879,RURU,26,48,20.0,879.0,17580.0,2024-10-15
2024101504007878,RURU,34,48,20.0,879.0,17580.0,2024-10-15
2024101504007877,RURU,26,48,20.0,879.0,17580.0,2024-10-15
2024101501010448,SCB,57,6,10.0,702.0,7020.0,2024-10-15
2024101503008705,GFCL,61,36,10.0,1072.0,10720.0,2024-10-15
2024101503008704,GFCL,80,36,417.0,1075.0,448275.0,2024-10-15
2024101501010447,GBIME,86,38,95.0,258.5,24557.5,2024-10-15
2024101504007876,AKJCL,42,38,12.0,214.5,2574.0,2024-10-15
2024101505007581,HIDCL,38,39,700.0,278.6,195020.0,2024-10-15
2024101505007580,HIDCL,26,39,300.0,278.6,83580.0,2024-10-15
2024101504007875,NLG,52,47,270.0,1280.0,345600.0,2024-10-15
2024101504007874,RHPL,26,58,10.0,387.5,3875.0,2024-10-15
2024101501010446,JBLB,57,47,10.0,1590.0,15900.0,2024-10-15
2024101505007579,HATHY,57,11,100.0,1435.1,143510.0,2024-10-15
2024101503008703,MLBL,38,35,100.0,415.0,41500.0,2024-10-15
2024101503008702,ICFC,7,34,20.0,773.0,15460.0,2024-10-15
2024101503008701,FMDBL,81,41,500.0,792.0,396000.0,2024-10-15
2024101503008700,SLBBL,14,45,90.0,995.0,89550.0,2024-10-15
2024101503008699,MPFL,74,17,27.0,755.0,20385.0,2024-10-15
2024101503008698,MPFL,22,17,223.0,755.0,168365.0,2024-10-15
2024101504007873,RURU,58,38,10.0,879.9,8799.0,2024-10-15
2024101503008697,LICN,89,56,50.0,2101.0,105050.0,2024-10-15
2024101503008696,MLBSL,47,58,10.0,2047.2,20472.0,2024-10-15
2024101505007578,SMJC,52,60,1200.0,537.1,644520.0,2024-10-15
2024101504007872,SSHL,34,52,120.0,220.0,26400.0,2024-10-15
2024101503008695,RLFL,49,53,11.0,642.3,7065.3,2024-10-15
2024101501010445,SNLI,4,34,12.0,607.0,7284.0,2024-10-15
2024101505007577,SAHAS,34,1,20.0,482.0,9640.0,2024-10-15
2024101501010444,JBLB,94,47,10.0,1590.0,15900.0,2024-10-15
2024101501010443,TVCL,22,22,10.0,460.0,4600.0,2024-10-15
2024101501010442,GBIME,86,48,300.0,258.5,77550.0,2024-10-15
2024101503008694,FOWAD,63,34,13.0,1485.2,19307.6,2024-10-15
2024101501010441,PRVU,34,58,15.0,253.0,3795.0,2024-10-15
2024101501010440,PRVU,49,58,1000.0,253.0,253000.0,2024-10-15
2024101501010439,PRVU,13,58,20.0,253.0,5060.0,2024-10-15
2024101501010438,PRVU,34,58,200.0,253.0,50600.0,2024-10-15
2024101501010437,PRVU,22,58,30.0,253.0,7590.0,2024-10-15
2024101501010436,PRVU,58,58,171.0,253.0,43263.0,2024-10-15
2024101501010435,TPC,38,7,227.0,469.9,106667.3,2024-10-15
2024101501010434,TPC,38,34,73.0,469.0,34237.0,2024-10-15
2024101501010433,ULHC,13,62,20.0,388.1,7762.0,2024-10-15
2024101504007871,NLG,52,71,30.0,1280.0,38400.0,2024-10-15
2024101504007870,NLG,8,71,20.0,1280.0,25600.0,2024-10-15
2024101504007869,NLG,29,71,50.0,1280.0,64000.0,2024-10-15
2024101504007868,NLG,55,71,100.0,1280.1,128010.0,2024-10-15
2024101504007867,NLG,40,71,100.0,1280.1,128010.0,2024-10-15
2024101504007866,DHPL,42,41,11.0,255.0,2805.0,2024-10-15
2024101503008693,RLFL,57,52,10.0,645.9,6459.0,2024-10-15
2024101501010432,KBL,43,49,72.0,231.4,16660.8,2024-10-15
2024101501010431,KBL,43,34,45.0,231.3,10408.5,2024-10-15
2024101501010430,KBL,43,17,273.0,231.3,63144.9,2024-10-15
2024101501010429,RFPL,38,49,10.0,528.0,5280.0,2024-10-15
2024101501010428,TAMOR,42,33,10.0,469.1,4691.0,2024-10-15
2024101503008692,MSLB,38,42,10.0,1497.0,14970.0,2024-10-15
2024101505007576,HRL,39,57,31.0,896.4,27788.4,2024-10-15
2024101504007865,SHPC,55,42,10.0,554.0,5540.0,2024-10-15
2024101505007575,ILI,58,11,10.0,507.9,5079.0,2024-10-15
2024101504007864,UMHL,35,28,1000.0,321.0,321000.0,2024-10-15
2024101504007863,UMHL,28,28,500.0,321.0,160500.0,2024-10-15
2024101504007862,UMHL,34,28,200.0,321.0,64200.0,2024-10-15
2024101504007861,UMHL,34,28,50.0,321.0,16050.0,2024-10-15
2024101504007860,UMHL,58,28,500.0,321.1,160550.0,2024-10-15
2024101504007859,UMHL,34,28,500.0,321.1,160550.0,2024-10-15
2024101504007858,UMHL,42,28,100.0,321.1,32110.0,2024-10-15
2024101504007857,UMHL,28,28,470.0,321.2,150964.0,2024-10-15
2024101504007856,UMHL,34,28,100.0,321.5,32150.0,2024-10-15
2024101504007855,UMHL,18,28,320.0,322.5,103200.0,2024-10-15
2024101504007854,UMHL,36,28,10.0,323.0,3230.0,2024-10-15
2024101504007853,UMHL,35,28,1359.0,324.0,440316.0,2024-10-15
2024101503008691,NMLBBL,6,64,12.0,806.0,9672.0,2024-10-15
2024101504007852,AKJCL,6,22,100.0,215.0,21500.0,2024-10-15
2024101501010427,NABIL,58,4,50.0,600.0,30000.0,2024-10-15
2024101501010426,NBL,45,58,34.0,290.0,9860.0,2024-10-15
2024101504007851,HURJA,57,45,200.0,222.0,44400.0,2024-10-15
2024101504007850,HURJA,57,53,100.0,222.0,22200.0,2024-10-15
2024101504007849,HURJA,57,32,75.0,222.0,16650.0,2024-10-15
2024101505007574,CHDC,77,8,10.0,1798.0,17980.0,2024-10-15
2024101504007848,UPPER,49,77,65.0,219.0,14235.0,2024-10-15
2024101504007847,UPPER,57,77,200.0,219.0,43800.0,2024-10-15
2024101504007846,UPPER,42,77,240.0,219.4,52656.0,2024-10-15
2024101504007845,UPPER,22,77,495.0,219.4,108603.0,2024-10-15
2024101504007844,LEC,11,14,29.0,285.0,8265.0,2024-10-15
2024101504007843,LEC,11,57,321.0,285.0,91485.0,2024-10-15
2024101503008690,GBLBS,36,5,10.0,765.0,7650.0,2024-10-15
2024101501010425,NICA,6,60,62.0,486.8,30181.6,2024-10-15
2024101501010424,NICA,6,22,100.0,486.0,48600.0,2024-10-15
2024101501010423,NICA,6,40,38.0,485.4,18445.2,2024-10-15
2024101504007842,HDHPC,53,48,10.0,217.0,2170.0,2024-10-15
2024101504007841,RIDI,38,81,10.0,239.0,2390.0,2024-10-15
2024101504007840,BPCL,42,19,898.0,472.0,423856.0,2024-10-15
2024101501010422,NMBD89/90,56,22,25.0,1166.2,29155.0,2024-10-15
2024101501010421,SBI,25,47,315.0,459.0,144585.0,2024-10-15
2024101501010420,SBI,60,47,1000.0,459.1,459100.0,2024-10-15
2024101501010419,SBI,42,47,200.0,460.0,92000.0,2024-10-15
2024101501010418,SBI,72,47,500.0,460.0,230000.0,2024-10-15
2024101501010417,SBI,58,47,85.0,460.0,39100.0,2024-10-15
2024101501010416,SBI,81,47,1000.0,460.5,460500.0,2024-10-15
2024101501010415,SBI,34,47,100.0,461.0,46100.0,2024-10-15
2024101503008689,NFS,26,74,40.0,1400.0,56000.0,2024-10-15
2024101504007839,SHEL,91,28,400.0,249.5,99800.0,2024-10-15
2024101503008688,NABBC,64,72,10.0,627.9,6279.0,2024-10-15
2024101504007838,RIDI,6,81,2328.0,238.2,554529.6,2024-10-15
2024101504007837,RIDI,58,81,72.0,238.3,17157.6,2024-10-15
2024101504007836,RIDI,6,81,50.0,238.4,11920.0,2024-10-15
2024101504007835,RIDI,6,81,50.0,238.5,11925.0,2024-10-15
2024101501010414,SIKLES,63,35,17.0,710.0,12070.0,2024-10-15
2024101501010413,SIKLES,63,80,160.0,710.0,113600.0,2024-10-15
2024101501010412,SIKLES,63,6,55.0,709.5,39022.5,2024-10-15
2024101501010411,SIKLES,63,17,100.0,709.0,70900.0,2024-10-15
2024101501010410,SIKLES,63,63,100.0,708.6,70860.0,2024-10-15
2024101501010409,SIKLES,63,91,49.0,708.0,34692.0,2024-10-15
2024101501010408,SIKLES,63,35,100.0,708.0,70800.0,2024-10-15
2024101501010407,SIKLES,63,42,251.0,708.0,177708.0,2024-10-15
2024101501010406,SIKLES,63,14,147.0,707.5,104002.5,2024-10-15
2024101501010405,SIKLES,63,38,10.0,705.0,7050.0,2024-10-15
2024101501010404,SIKLES,63,55,10.0,704.0,7040.0,2024-10-15
2024101504007834,API,6,46,250.0,298.7,74675.0,2024-10-15
2024101504007833,API,5,46,200.0,298.7,59740.0,2024-10-15
2024101504007832,API,63,46,50.0,298.7,14935.0,2024-10-15
2024101501010403,SBL,49,4,50.0,355.7,17785.0,2024-10-15
2024101505007573,NSIF2,47,58,1500.0,10.08,15120.0,2024-10-15
2024101505007572,NSIF2,7,58,100.0,10.1,1010.0,2024-10-15
2024101504007831,RADHI,45,94,450.0,396.8,178560.0,2024-10-15
2024101503008687,NFS,45,74,15.0,1400.0,21000.0,2024-10-15
2024101505007571,NRN,25,34,70.0,932.0,65240.0,2024-10-15
2024101505007570,HDL,42,42,79.0,1362.0,107598.0,2024-10-15
2024101505007569,HATHY,42,11,100.0,1435.1,143510.0,2024-10-15
2024101504007830,UPCL,26,34,50.0,271.5,13575.0,2024-10-15
2024101501010402,SBI,34,26,500.0,461.0,230500.0,2024-10-15
2024101503008686,HLI,33,16,10.0,482.5,4825.0,2024-10-15
2024101501010401,SARBTM,29,22,100.0,786.0,78600.0,2024-10-15
2024101505007568,HIDCL,11,48,25.0,278.7,6967.5,2024-10-15
2024101505007567,HIDCL,58,48,400.0,278.7,111480.0,2024-10-15
2024101503008685,PROFL,6,34,50.0,653.9,32695.0,2024-10-15
2024101504007829,NLG,29,6,40.0,1280.0,51200.0,2024-10-15
2024101501010400,USHL,41,58,200.0,830.0,166000.0,2024-10-15
2024101501010399,RAWA,49,19,20.0,715.0,14300.0,2024-10-15
2024101505007566,SAHAS,49,1,30.0,482.0,14460.0,2024-10-15
2024101505007565,MBJC,58,14,500.0,339.0,169500.0,2024-10-15
2024101504007828,SPDL,50,34,150.0,307.0,46050.0,2024-10-15
2024101504007827,AHPC,94,58,1431.0,276.0,394956.0,2024-10-15
2024101504007826,AHPC,94,38,69.0,275.9,19037.1,2024-10-15
2024101505007564,STC,45,50,10.0,5865.0,58650.0,2024-10-15
2024101503008684,BFC,42,5,100.0,637.0,63700.0,2024-10-15
2024101503008683,BFC,42,13,100.0,637.0,63700.0,2024-10-15
2024101504007825,RURU,42,38,70.0,879.9,61593.0,2024-10-15
2024101505007563,PHCL,41,26,60.0,410.7,24642.0,2024-10-15
2024101504007824,HURJA,4,4,95.0,221.1,21004.5,2024-10-15
2024101503008682,NFS,3,74,500.0,1400.0,700000.0,2024-10-15
2024101504007823,RURU,17,38,10.0,879.9,8799.0,2024-10-15
2024101503008681,SMFBS,34,44,10.0,1497.0,14970.0,2024-10-15
2024101505007562,ILI,58,55,26.0,507.9,13205.4,2024-10-15
2024101504007822,JOSHI,47,81,250.0,319.1,79775.0,2024-10-15
2024101503008680,WNLB,48,51,10.0,2625.0,26250.0,2024-10-15
2024101504007821,AHPC,29,38,2000.0,275.9,551800.0,2024-10-15
2024101501010398,MCHL,58,80,10.0,495.5,4955.0,2024-10-15
2024101501010397,BNHC,35,58,13.0,462.0,6006.0,2024-10-15
2024101501010396,BNHC,42,58,20.0,462.0,9240.0,2024-10-15
2024101501010395,BNHC,4,58,75.0,465.0,34875.0,2024-10-15
2024101504007820,SALICO,35,21,164.0,764.0,125296.0,2024-10-15
2024101504007819,SALICO,45,21,105.0,764.0,80220.0,2024-10-15
2024101504007818,SALICO,88,21,46.0,764.0,35144.0,2024-10-15
2024101504007817,UPPER,22,58,400.0,219.4,87760.0,2024-10-15
2024101505007561,SMJC,52,58,85.0,537.1,45653.5,2024-10-15
2024101505007560,SAHAS,45,66,200.0,481.1,96220.0,2024-10-15
2024101505007559,RNLI,52,74,589.0,507.8,299094.2,2024-10-15
2024101505007558,RNLI,22,74,20.0,508.0,10160.0,2024-10-15
2024101503008679,MLBSL,43,81,11.0,2040.0,22440.0,2024-10-15
2024101503008678,MLBSL,48,81,19.0,2040.0,38760.0,2024-10-15
2024101503008677,MLBSL,16,81,20.0,2040.2,40804.0,2024-10-15
2024101504007816,MEN,42,32,500.0,650.0,325000.0,2024-10-15
2024101504007815,AHPC,75,38,96.0,275.9,26486.4,2024-10-15
2024101503008676,NFS,54,74,40.0,1400.0,56000.0,2024-10-15
2024101501010394,NBL,45,58,50.0,290.0,14500.0,2024-10-15
2024101503008675,NFS,58,74,20.0,1400.0,28000.0,2024-10-15
2024101503008674,CORBL,95,39,40.0,864.7,34588.0,2024-10-15
2024101503008673,CORBL,95,44,50.0,864.0,43200.0,2024-10-15
2024101503008672,CORBL,95,56,20.0,864.0,17280.0,2024-10-15
2024101503008671,CORBL,95,56,20.0,862.0,17240.0,2024-10-15
2024101503008670,CORBL,95,56,20.0,861.0,17220.0,2024-10-15
2024101501010393,IHL,66,26,367.0,488.5,179279.5,2024-10-15
2024101501010392,IHL,42,26,90.0,490.1,44109.0,2024-10-15
2024101501010391,IHL,10,26,20.0,491.0,9820.0,2024-10-15
2024101501010390,IHL,45,26,200.0,492.0,98400.0,2024-10-15
2024101501010389,IHL,50,26,100.0,492.0,49200.0,2024-10-15
2024101501010388,IHL,58,26,50.0,492.1,24605.0,2024-10-15
2024101501010387,IHL,72,26,10.0,492.1,4921.0,2024-10-15
2024101501010386,IHL,48,26,31.0,492.5,15267.5,2024-10-15
2024101501010385,IHL,17,26,200.0,494.2,98840.0,2024-10-15
2024101501010384,SPHL,66,22,100.0,668.0,66800.0,2024-10-15
2024101505007557,ILI,58,42,40.0,507.9,20316.0,2024-10-15
2024101503008669,NLICL,22,16,11.0,617.0,6787.0,2024-10-15
2024101503008668,NLICL,13,16,379.0,617.0,233843.0,2024-10-15
2024101503008667,NLICL,58,16,100.0,619.0,61900.0,2024-10-15
2024101504007814,AKPL,56,13,475.0,257.1,122122.5,2024-10-15
2024101504007813,AKPL,56,13,25.0,257.2,6430.0,2024-10-15
2024101503008666,CFCL,22,44,10.0,652.0,6520.0,2024-10-15
2024101503008665,NABBC,53,72,10.0,627.9,6279.0,2024-10-15
2024101501010383,SIKLES,92,63,420.0,695.0,291900.0,2024-10-15
2024101501010382,SIKLES,80,63,30.0,698.0,20940.0,2024-10-15
2024101501010381,SIKLES,34,63,300.0,701.1,210330.0,2024-10-15
2024101501010380,SIKLES,65,63,250.0,702.0,175500.0,2024-10-15
2024101505007556,RNLI,22,58,19.0,508.0,9652.0,2024-10-15
2024101503008664,NFS,33,74,80.0,1400.0,112000.0,2024-10-15
2024101501010379,LSL,45,28,500.0,257.4,128700.0,2024-10-15
2024101505007555,MEL,62,48,300.0,296.0,88800.0,2024-10-15
2024101503008663,MPFL,17,52,41.0,757.9,31073.9,2024-10-15
2024101505007554,NTC,38,41,50.0,993.4,49670.0,2024-10-15
2024101505007553,PHCL,41,38,100.0,410.7,41070.0,2024-10-15
2024101504007812,NLG,29,39,250.0,1280.0,320000.0,2024-10-15
2024101504007811,BPCL,42,19,1000.0,472.0,472000.0,2024-10-15
2024101503008662,JSLBB,19,36,20.0,1550.0,31000.0,2024-10-15
2024101504007810,UPCL,42,34,16.0,271.5,4344.0,2024-10-15
2024101504007809,AKPL,42,59,160.0,259.0,41440.0,2024-10-15
2024101504007808,AKPL,42,35,200.0,259.0,51800.0,2024-10-15
2024101504007807,AKPL,42,14,5000.0,258.9,1294500.0,2024-10-15
2024101504007806,AKPL,42,8,165.0,258.4,42636.0,2024-10-15
2024101504007805,AKPL,42,55,49.0,258.3,12656.7,2024-10-15
2024101504007804,AKPL,42,34,426.0,258.1,109950.6,2024-10-15
2024101505007552,SAHAS,42,1,350.0,482.0,168700.0,2024-10-15
2024101501010378,KDL,48,55,20.0,1064.0,21280.0,2024-10-15
2024101501010377,KDL,42,55,50.0,1070.0,53500.0,2024-10-15
2024101503008661,SAPDBL,43,45,100.0,572.0,57200.0,2024-10-15
2024101504007803,API,42,33,30.0,299.0,8970.0,2024-10-15
2024101504007802,RHPL,22,13,990.0,385.7,381843.0,2024-10-15
2024101504007801,RHPL,58,13,10.0,385.8,3858.0,2024-10-15
2024101501010376,CZBIL,45,55,100.0,249.2,24920.0,2024-10-15
2024101503008660,SFCL,17,25,30.0,671.4,20142.0,2024-10-15
2024101504007800,UMHL,35,49,591.0,323.9,191424.9,2024-10-15
2024101504007799,UMHL,35,62,50.0,323.8,16190.0,2024-10-15
2024101504007798,UPPER,22,29,700.0,219.4,153580.0,2024-10-15
2024101504007797,UPPER,22,38,500.0,219.4,109700.0,2024-10-15
2024101504007796,UPPER,22,52,20.0,219.2,4384.0,2024-10-15
2024101504007795,UPPER,22,38,85.0,219.2,18632.0,2024-10-15
2024101503008659,NFS,49,74,250.0,1400.0,350000.0,2024-10-15
2024101503008658,MNBBL,21,57,40.0,401.0,16040.0,2024-10-15
2024101504007794,SPDL,29,34,350.0,307.0,107450.0,2024-10-15
2024101505007551,HRL,39,16,20.0,896.4,17928.0,2024-10-15
2024101505007550,ENL,6,57,10.0,1150.0,11500.0,2024-10-15
2024101503008657,MLBSL,25,81,30.0,2040.2,61206.0,2024-10-15
2024101503008656,MLBSL,34,81,50.0,2040.3,102015.0,2024-10-15
2024101503008655,MLBSL,49,81,10.0,2042.0,20420.0,2024-10-15
2024101503008654,MLBSL,11,81,10.0,2047.2,20472.0,2024-10-15
2024101505007549,SHIVM,32,32,10.0,605.0,6050.0,2024-10-15
2024101504007793,NIL,39,8,80.0,920.0,73600.0,2024-10-15
2024101504007792,SHPC,41,6,10.0,553.9,5539.0,2024-10-15
2024101505007548,SAHAS,49,1,20.0,482.0,9640.0,2024-10-15
2024101504007791,UMHL,48,39,1000.0,322.0,322000.0,2024-10-15
2024101504007790,API,33,33,100.0,299.0,29900.0,2024-10-15
2024101501010375,BGWT,29,47,10.0,955.0,9550.0,2024-10-15
2024101505007547,HRL,39,42,53.0,897.0,47541.0,2024-10-15
2024101504007789,SSHL,34,28,80.0,220.0,17600.0,2024-10-15
2024101504007788,SSHL,45,28,110.0,220.0,24200.0,2024-10-15
2024101504007787,SSHL,58,28,10.0,220.1,2201.0,2024-10-15
2024101505007546,HRL,39,41,10.0,897.0,8970.0,2024-10-15
2024101501010374,NIMB,51,17,30.0,246.5,7395.0,2024-10-15
2024101501010373,KBL,10,49,100.0,231.4,23140.0,2024-10-15
2024101504007786,DHPL,42,58,10.0,254.9,2549.0,2024-10-15
2024101501010372,MMKJL,3,34,10.0,490.2,4902.0,2024-10-15
2024101503008653,GLBSL,34,58,10.0,1683.0,16830.0,2024-10-15
2024101503008652,MNBBL,3,6,30.0,400.3,12009.0,2024-10-15
2024101505007545,HRL,39,85,150.0,897.0,134550.0,2024-10-15
2024101505007544,HRL,39,14,50.0,897.0,44850.0,2024-10-15
2024101505007543,HRL,39,4,237.0,897.0,212589.0,2024-10-15
2024101501010371,NBL,45,13,72.0,290.0,20880.0,2024-10-15
2024101503008651,JBBL,55,84,100.0,361.0,36100.0,2024-10-15
2024101505007542,RNLI,22,58,11.0,508.0,5588.0,2024-10-15
2024101505007541,RNLI,22,42,50.0,508.0,25400.0,2024-10-15
2024101503008650,BFC,51,13,100.0,637.0,63700.0,2024-10-15
2024101503008649,SAPDBL,43,75,300.0,572.0,171600.0,2024-10-15
2024101504007785,JOSHI,47,45,10.0,319.1,3191.0,2024-10-15
2024101505007540,HIDCL,58,16,100.0,278.7,27870.0,2024-10-15
2024101501010370,MBL,17,13,90.0,258.2,23238.0,2024-10-15
2024101501010369,MBL,58,13,10.0,258.2,2582.0,2024-10-15
2024101501010368,MBL,41,13,200.0,258.2,51640.0,2024-10-15
2024101501010367,MBL,36,13,100.0,258.3,25830.0,2024-10-15
2024101505007539,CHDC,28,35,50.0,1798.0,89900.0,2024-10-15
2024101501010366,BHDC,36,6,10.0,587.0,5870.0,2024-10-15
2024101503008648,MPFL,17,58,10.0,757.0,7570.0,2024-10-15
2024101504007784,RURU,98,20,270.0,880.0,237600.0,2024-10-15
2024101504007783,RURU,98,59,50.0,879.9,43995.0,2024-10-15
2024101504007782,RURU,98,34,180.0,879.9,158382.0,2024-10-15
2024101501010365,SANIMA,94,57,73.0,346.8,25316.4,2024-10-15
2024101503008647,NFS,38,74,20.0,1400.0,28000.0,2024-10-15
2024101501010364,MSHL,58,64,30.0,1026.9,30807.0,2024-10-15
2024101504007781,LEC,11,16,150.0,284.5,42675.0,2024-10-15
2024101504007780,NLG,29,28,160.0,1280.0,204800.0,2024-10-15
2024101504007779,NLG,52,28,100.0,1280.0,128000.0,2024-10-15
2024101504007778,NLG,34,28,990.0,1280.0,1267200.0,2024-10-15
2024101504007777,BPCL,42,48,438.0,472.0,206736.0,2024-10-15
2024101504007776,BPCL,11,48,500.0,472.0,236000.0,2024-10-15
2024101504007775,BPCL,35,48,39.0,472.0,18408.0,2024-10-15
2024101501010363,NABIL,48,4,90.0,600.0,54000.0,2024-10-15
2024101501010362,NABIL,48,45,10.0,599.9,5999.0,2024-10-15
2024101501010361,MKHC,58,48,20.0,347.7,6954.0,2024-10-15
2024101501010360,MKHC,6,48,180.0,348.0,62640.0,2024-10-15
2024101501010359,MKHC,17,48,20.0,348.1,6962.0,2024-10-15
2024101503008646,CFCL,45,38,57.0,651.0,37107.0,2024-10-15
2024101503008645,CFCL,41,38,43.0,651.0,27993.0,2024-10-15
2024101505007538,SONA,58,33,10.0,483.4,4834.0,2024-10-15
2024101501010358,EHPL,60,70,10.0,865.1,8651.0,2024-10-15
2024101504007774,RHPL,58,72,50.0,386.0,19300.0,2024-10-15
2024101504007773,RHPL,58,48,150.0,385.8,57870.0,2024-10-15
2024101501010357,EHPL,56,42,148.0,883.3,130728.4,2024-10-15
2024101501010356,EHPL,56,57,10.0,883.3,8833.0,2024-10-15
2024101501010355,EHPL,56,42,10.0,883.0,8830.0,2024-10-15
2024101501010354,EHPL,56,37,32.0,883.0,28256.0,2024-10-15
2024101504007772,NLG,34,55,10.0,1280.0,12800.0,2024-10-15
2024101504007771,NLG,38,55,100.0,1280.1,128010.0,2024-10-15
2024101501010353,EHPL,60,64,10.0,865.1,8651.0,2024-10-15
2024101501010352,EHPL,60,28,10.0,865.1,8651.0,2024-10-15
2024101503008644,ACLBSL,1,32,10.0,1052.9,10529.0,2024-10-15
2024101501010351,DOLTI,48,58,163.0,525.0,85575.0,2024-10-15
2024101501010350,DOLTI,58,58,50.0,525.0,26250.0,2024-10-15
2024101501010349,DOLTI,6,58,190.0,525.0,99750.0,2024-10-15
2024101501010348,DOLTI,51,58,97.0,525.5,50973.5,2024-10-15
2024101504007770,NGPL,34,33,315.0,444.0,139860.0,2024-10-15
2024101504007769,NGPL,34,1,160.0,444.0,71040.0,2024-10-15
2024101504007768,NGPL,34,39,150.0,444.0,66600.0,2024-10-15
2024101504007767,NGPL,34,57,100.0,444.0,44400.0,2024-10-15
2024101504007766,NGPL,34,58,150.0,444.0,66600.0,2024-10-15
2024101504007765,NGPL,34,91,1000.0,443.2,443200.0,2024-10-15
2024101504007764,NGPL,34,44,1000.0,443.0,443000.0,2024-10-15
2024101504007763,NGPL,34,45,50.0,442.9,22145.0,2024-10-15
2024101504007762,NGPL,34,46,1000.0,442.8,442800.0,2024-10-15
2024101504007761,NGPL,34,42,790.0,442.0,349180.0,2024-10-15
2024101504007760,NGPL,34,58,285.0,441.8,125913.0,2024-10-15
2024101501010347,JBLB,94,57,22.0,1591.0,35002.0,2024-10-15
2024101503008643,MFIL,35,64,190.0,756.0,143640.0,2024-10-15
2024101501010346,NBL,45,46,20.0,290.0,5800.0,2024-10-15
2024101501010345,SNLI,4,29,12.0,607.0,7284.0,2024-10-15
2024101503008642,ICFC,4,58,65.0,772.0,50180.0,2024-10-15
2024101503008641,SAPDBL,43,45,100.0,572.0,57200.0,2024-10-15
2024101503008640,GUFL,45,35,155.0,778.0,120590.0,2024-10-15
2024101503008639,GUFL,45,5,100.0,778.0,77800.0,2024-10-15
2024101503008638,GUFL,45,38,25.0,778.0,19450.0,2024-10-15
2024101503008637,GUFL,45,41,90.0,777.9,70011.0,2024-10-15
2024101503008636,GUFL,45,41,50.0,777.9,38895.0,2024-10-15
2024101503008635,GUFL,45,80,40.0,777.8,31112.0,2024-10-15
2024101503008634,GUFL,45,34,40.0,777.8,31112.0,2024-10-15
2024101504007759,RBCL,7,28,10.0,17400.0,174000.0,2024-10-15
2024101504007758,NIL,39,8,20.0,920.0,18400.0,2024-10-15
2024101504007757,CGH,46,93,100.0,938.0,93800.0,2024-10-15
2024101503008633,GUFL,46,48,51.0,775.0,39525.0,2024-10-15
2024101501010344,BGWT,17,19,10.0,974.0,9740.0,2024-10-15
2024101504007756,GHL,57,99,700.0,223.0,156100.0,2024-10-15
2024101505007537,HRL,39,14,250.0,896.4,224100.0,2024-10-15
2024101505007536,HRL,26,14,80.0,896.4,71712.0,2024-10-15
2024101505007535,HRL,42,14,100.0,896.5,89650.0,2024-10-15
2024101505007534,HRL,55,14,50.0,896.5,44825.0,2024-10-15
2024101505007533,HRL,58,14,290.0,896.5,259985.0,2024-10-15
2024101505007532,HRL,58,14,130.0,896.6,116558.0,2024-10-15
2024101503008632,SJLIC,34,57,275.0,492.9,135547.5,2024-10-15
2024101503008631,SJLIC,34,44,20.0,492.9,9858.0,2024-10-15
2024101503008630,SJLIC,34,43,305.0,492.8,150304.0,2024-10-15
2024101501010343,RHGCL,13,43,110.0,411.3,45243.0,2024-10-15
2024101501010342,RHGCL,13,13,140.0,411.1,57554.0,2024-10-15
2024101501010341,RHGCL,13,14,200.0,411.0,82200.0,2024-10-15
2024101501010340,RHGCL,13,50,100.0,411.0,41100.0,2024-10-15
2024101501010339,RHGCL,13,32,300.0,409.0,122700.0,2024-10-15
2024101501010338,RHGCL,13,50,100.0,408.7,40870.0,2024-10-15
2024101501010337,RHGCL,13,58,50.0,407.0,20350.0,2024-10-15
2024101501010336,HBL,45,57,327.0,271.0,88617.0,2024-10-15
2024101501010335,HIDCLP,19,35,300.0,175.9,52770.0,2024-10-15
2024101503008629,SHINE,14,94,25.0,498.5,12462.5,2024-10-15
2024101505007531,MEL,62,34,10.0,296.0,2960.0,2024-10-15
2024101505007530,RNLI,52,45,11.0,507.8,5585.8,2024-10-15
2024101504007755,AKPL,42,34,574.0,258.1,148149.4,2024-10-15
2024101504007754,AKPL,42,45,1000.0,258.0,258000.0,2024-10-15
2024101504007753,AKPL,42,41,2500.0,258.0,645000.0,2024-10-15
2024101504007752,AKPL,42,57,600.0,258.0,154800.0,2024-10-15
2024101504007751,AKPL,42,38,100.0,258.0,25800.0,2024-10-15
2024101504007750,AKPL,42,49,336.0,258.0,86688.0,2024-10-15
2024101504007749,AKPL,42,5,500.0,258.0,129000.0,2024-10-15
2024101504007748,AKPL,42,38,200.0,258.0,51600.0,2024-10-15
2024101504007747,AKPL,42,46,100.0,258.0,25800.0,2024-10-15
2024101504007746,AKPL,42,33,1000.0,257.9,257900.0,2024-10-15
2024101504007745,AKPL,42,55,1000.0,257.9,257900.0,2024-10-15
2024101504007744,AKPL,42,26,2000.0,257.8,515600.0,2024-10-15
2024101504007743,AKPL,42,63,90.0,257.8,23202.0,2024-10-15
2024101504007742,GHL,57,11,2000.0,223.0,446000.0,2024-10-15
2024101503008628,MFIL,45,49,10.0,754.0,7540.0,2024-10-15
2024101503008627,PROFL,70,34,950.0,653.9,621205.0,2024-10-15
2024101503008626,PROFL,70,62,50.0,652.0,32600.0,2024-10-15
2024101501010334,NIMB,58,49,500.0,248.5,124250.0,2024-10-15
2024101503008625,SKBBL,34,50,10.0,959.9,9599.0,2024-10-15
2024101503008624,FOWAD,57,48,85.0,1485.0,126225.0,2024-10-15
2024101503008623,FOWAD,5,48,10.0,1485.1,14851.0,2024-10-15
2024101504007741,AKJCL,42,38,50.0,214.5,10725.0,2024-10-15
2024101504007740,BPCL,57,19,12.0,473.0,5676.0,2024-10-15
2024101505007529,HIDCL,55,34,50.0,279.0,13950.0,2024-10-15
2024101501010333,SRLI,32,32,53.0,470.0,24910.0,2024-10-15
2024101501010332,SRLI,32,45,200.0,470.0,94000.0,2024-10-15
2024101501010331,SRLI,32,22,10.0,470.0,4700.0,2024-10-15
2024101501010330,SRLI,32,45,10.0,470.0,4700.0,2024-10-15
2024101501010329,SRLI,32,57,50.0,470.0,23500.0,2024-10-15
2024101501010328,SRLI,32,57,50.0,469.0,23450.0,2024-10-15
2024101501010327,SRLI,32,49,10.0,469.0,4690.0,2024-10-15
2024101501010326,SRLI,32,44,10.0,469.0,4690.0,2024-10-15
2024101501010325,SRLI,32,77,50.0,469.0,23450.0,2024-10-15
2024101501010324,SRLI,32,44,457.0,468.0,213876.0,2024-10-15
2024101501010323,SRLI,32,44,100.0,467.9,46790.0,2024-10-15
2024101504007739,RURU,17,45,23.0,879.0,20217.0,2024-10-15
2024101504007738,AHPC,56,14,439.0,275.5,120944.5,2024-10-15
2024101504007737,AHPC,48,14,100.0,275.5,27550.0,2024-10-15
2024101504007736,AHPC,26,14,61.0,275.5,16805.5,2024-10-15
2024101501010322,NICA,19,34,210.0,485.0,101850.0,2024-10-15
2024101501010321,LSL,58,43,1000.0,257.0,257000.0,2024-10-15
2024101505007528,SMJC,52,55,10.0,537.1,5371.0,2024-10-15
2024101504007735,NICL,11,45,100.0,1016.0,101600.0,2024-10-15
2024101501010320,SANIMA,49,22,30.0,345.1,10353.0,2024-10-15
2024101501010319,PCBL,65,94,164.0,295.1,48396.4,2024-10-15
2024101501010318,PCBL,58,94,100.0,295.2,29520.0,2024-10-15
2024101501010317,PCBL,62,94,336.0,295.5,99288.0,2024-10-15
2024101501010316,SARBTM,36,58,50.0,787.0,39350.0,2024-10-15
2024101504007734,HPPL,78,38,230.0,331.4,76222.0,2024-10-15
2024101504007733,CGH,42,26,100.0,937.1,93710.0,2024-10-15
2024101505007527,MEL,62,58,10.0,296.0,2960.0,2024-10-15
2024101501010315,CZBIL,25,54,50.0,249.8,12490.0,2024-10-15
2024101501010314,CZBIL,25,18,100.0,249.8,24980.0,2024-10-15
2024101504007732,PPCL,57,44,13.0,265.0,3445.0,2024-10-15
2024101504007731,PPCL,57,39,100.0,265.0,26500.0,2024-10-15
2024101504007730,PPCL,57,14,200.0,264.0,52800.0,2024-10-15
2024101504007729,PPCL,57,1,100.0,264.0,26400.0,2024-10-15
2024101504007728,PPCL,57,58,10.0,264.0,2640.0,2024-10-15
2024101504007727,PPCL,57,44,61.0,264.0,16104.0,2024-10-15
2024101504007726,PPCL,57,90,20.0,263.0,5260.0,2024-10-15
2024101501010313,SBL,43,4,1126.0,355.7,400518.2,2024-10-15
2024101501010312,SBL,43,42,800.0,355.6,284480.0,2024-10-15
2024101501010311,SBL,43,6,400.0,355.5,142200.0,2024-10-15
2024101501010310,SBL,43,14,235.0,355.5,83542.5,2024-10-15
2024101501010309,SBL,43,71,189.0,355.4,67170.6,2024-10-15
2024101501010308,SBL,43,45,50.0,355.3,17765.0,2024-10-15
2024101504007725,NLG,29,53,20.0,1288.0,25760.0,2024-10-15
2024101504007724,NLG,58,53,10.0,1288.0,12880.0,2024-10-15
2024101501010307,LSL,58,26,50.0,256.7,12835.0,2024-10-15
2024101503008622,NABBC,64,57,50.0,623.0,31150.0,2024-10-15
2024101503008621,NABBC,26,57,50.0,623.5,31175.0,2024-10-15
2024101504007723,HEI,44,26,200.0,673.0,134600.0,2024-10-15
2024101503008620,SJLIC,57,42,90.0,491.0,44190.0,2024-10-15
2024101505007526,NIFRA,43,58,64.0,290.3,18579.2,2024-10-15
2024101503008619,SLBBL,65,48,175.0,994.2,173985.0,2024-10-15
2024101505007525,ILI,77,44,299.0,507.4,151712.6,2024-10-15
2024101501010306,GBIME,86,14,190.0,258.5,49115.0,2024-10-15
2024101501010305,GBIME,86,42,230.0,258.4,59432.0,2024-10-15
2024101501010304,GBIME,86,57,185.0,258.4,47804.0,2024-10-15
2024101503008618,SAPDBL,45,44,200.0,573.0,114600.0,2024-10-15
2024101505007524,ILI,77,34,12.0,507.4,6088.8,2024-10-15
2024101504007722,SPDL,29,52,50.0,307.0,15350.0,2024-10-15
2024101501010303,BEDC,32,44,15.0,472.8,7092.0,2024-10-15
2024101505007523,GCIL,56,44,100.0,505.0,50500.0,2024-10-15
2024101504007721,RIDI,54,81,200.0,239.0,47800.0,2024-10-15
2024101505007522,MBJC,62,50,645.0,339.0,218655.0,2024-10-15
2024101505007521,CHDC,10,95,90.0,1787.1,160839.0,2024-10-15
2024101505007520,CHDC,49,95,10.0,1791.0,17910.0,2024-10-15
2024101504007720,IGI,19,74,200.0,614.0,122800.0,2024-10-15
2024101504007719,IGI,19,22,100.0,614.0,61400.0,2024-10-15
2024101504007718,IGI,19,91,190.0,614.0,116660.0,2024-10-15
2024101504007717,IGI,19,38,40.0,613.9,24556.0,2024-10-15
2024101504007716,OHL,91,50,10.0,999.0,9990.0,2024-10-15
2024101504007715,SHEL,25,20,1000.0,249.0,249000.0,2024-10-15
2024101505007519,ILI,77,57,40.0,507.4,20296.0,2024-10-15
2024101505007518,ILI,58,57,20.0,507.5,10150.0,2024-10-15
2024101501010302,BHDC,36,37,180.0,587.0,105660.0,2024-10-15
2024101501010301,PPL,46,34,40.0,480.0,19200.0,2024-10-15
2024101501010300,PPL,46,38,10.0,480.0,4800.0,2024-10-15
2024101504007714,SHPC,41,39,357.0,553.9,197742.3,2024-10-15
2024101505007517,SHIVM,59,38,43.0,603.0,25929.0,2024-10-15
2024101505007516,SHIVM,59,38,157.0,603.0,94671.0,2024-10-15
2024101504007713,API,14,33,271.0,299.0,81029.0,2024-10-15
2024101504007712,API,14,51,50.0,298.9,14945.0,2024-10-15
2024101504007711,API,14,56,29.0,298.9,8668.1,2024-10-15
2024101501010299,NBL,45,18,324.0,290.0,93960.0,2024-10-15
2024101501010298,MHL,42,49,35.0,770.0,26950.0,2024-10-15
2024101501010297,MHL,42,53,10.0,768.0,7680.0,2024-10-15
2024101504007710,SHEL,22,22,100.0,248.5,24850.0,2024-10-15
2024101504007709,SHEL,32,22,100.0,248.5,24850.0,2024-10-15
2024101501010296,EHPL,60,28,10.0,865.1,8651.0,2024-10-15
2024101504007708,HDHPC,26,48,600.0,216.9,130140.0,2024-10-15
2024101505007515,ENL,47,57,10.0,1155.0,11550.0,2024-10-15
2024101505007514,RNLI,74,52,165.0,507.7,83770.5,2024-10-15
2024101503008617,JSLBB,39,36,50.0,1550.0,77500.0,2024-10-15
2024101501010295,HBL,34,48,483.0,272.0,131376.0,2024-10-15
2024101501010294,HBL,34,75,200.0,272.0,54400.0,2024-10-15
2024101501010293,HBL,34,34,100.0,272.0,27200.0,2024-10-15
2024101501010292,HBL,34,29,17.0,272.0,4624.0,2024-10-15
2024101503008616,ILBS,62,47,20.0,1020.0,20400.0,2024-10-15
2024101503008615,SIFC,42,21,90.0,637.1,57339.0,2024-10-15
2024101501010291,EHPL,60,70,10.0,865.1,8651.0,2024-10-15
2024101505007513,RNLI,74,33,11.0,507.7,5584.7,2024-10-15
2024101501010290,MHCL,47,42,10.0,405.0,4050.0,2024-10-15
2024101505007512,NRN,57,56,100.0,933.0,93300.0,2024-10-15
2024101505007511,NRN,32,56,144.0,933.0,134352.0,2024-10-15
2024101501010289,EHPL,56,37,118.0,883.0,104194.0,2024-10-15
2024101501010288,EHPL,56,46,40.0,883.0,35320.0,2024-10-15
2024101501010287,EHPL,56,60,232.0,882.2,204670.4,2024-10-15
2024101501010286,EHPL,56,70,200.0,882.0,176400.0,2024-10-15
2024101501010285,EHPL,56,25,10.0,882.0,8820.0,2024-10-15
2024101501010284,SANIMA,49,45,606.0,345.1,209130.6,2024-10-15
2024101505007510,HDL,42,6,61.0,1361.5,83051.5,2024-10-15
2024101501010283,BGWT,17,7,100.0,960.0,96000.0,2024-10-15
2024101501010282,EHPL,60,64,10.0,865.1,8651.0,2024-10-15
2024101503008614,SADBL,58,53,10.0,426.9,4269.0,2024-10-15
2024101501010281,RFPL,77,56,10.0,529.0,5290.0,2024-10-15
2024101501010280,RFPL,42,56,10.0,529.0,5290.0,2024-10-15
2024101504007707,SICL,25,34,70.0,855.0,59850.0,2024-10-15
2024101501010279,SNLI,53,55,12.0,607.1,7285.2,2024-10-15
2024101501010278,PRVU,58,48,29.0,253.0,7337.0,2024-10-15
2024101501010277,PRVU,34,48,61.0,253.0,15433.0,2024-10-15
2024101501010276,PRVU,11,48,32.0,253.1,8099.2,2024-10-15
2024101501010275,PRVU,57,48,181.0,253.3,45847.3,2024-10-15
2024101501010274,PRVU,5,48,21.0,253.4,5321.4,2024-10-15
2024101501010273,PRVU,58,48,10.0,254.0,2540.0,2024-10-15
2024101501010272,PRVU,59,48,166.0,254.0,42164.0,2024-10-15
2024101503008613,SWMF,47,46,10.0,845.0,8450.0,2024-10-15
2024101504007706,UMHL,28,14,530.0,321.2,170236.0,2024-10-15
2024101504007705,UMHL,39,14,100.0,321.3,32130.0,2024-10-15
2024101504007704,UMHL,49,14,120.0,321.5,38580.0,2024-10-15
2024101504007703,OHL,91,42,10.0,985.0,9850.0,2024-10-15
2024101505007509,HDL,59,26,10.0,1366.0,13660.0,2024-10-15
2024101505007508,HDL,59,54,10.0,1364.0,13640.0,2024-10-15
2024101505007507,HRL,58,35,50.0,896.6,44830.0,2024-10-15
2024101501010271,NABIL,58,45,40.0,599.9,23996.0,2024-10-15
2024101503008612,GMFBS,21,44,140.0,1558.0,218120.0,2024-10-15
2024101503008611,GMFBS,92,44,20.0,1558.1,31162.0,2024-10-15
2024101503008610,GMFBS,58,44,17.0,1558.1,26487.7,2024-10-15
2024101503008609,GMFBS,17,44,14.0,1565.0,21910.0,2024-10-15
2024101504007702,RADHI,86,42,10.0,402.0,4020.0,2024-10-15
2024101505007506,SAHAS,45,42,100.0,480.1,48010.0,2024-10-15
2024101501010270,BHL,34,32,12.0,447.5,5370.0,2024-10-15
2024101503008608,MDB,51,22,110.0,652.9,71819.0,2024-10-15
2024101503008607,MPFL,6,58,100.0,757.0,75700.0,2024-10-15
2024101505007505,MEL,62,62,307.0,296.0,90872.0,2024-10-15
2024101501010269,PRVU,13,42,900.0,254.9,229410.0,2024-10-15
2024101501010268,PRVU,13,56,100.0,254.6,25460.0,2024-10-15
2024101505007504,SAHAS,43,1,88.0,482.0,42416.0,2024-10-15
2024101505007503,SAHAS,43,34,412.0,481.0,198172.0,2024-10-15
2024101504007701,UPPER,42,58,10.0,219.0,2190.0,2024-10-15
2024101501010267,RFPL,42,6,10.0,529.0,5290.0,2024-10-15
2024101503008606,ALBSL,40,61,100.0,1070.0,107000.0,2024-10-15
2024101504007700,HURJA,13,57,100.0,221.0,22100.0,2024-10-15
2024101503008605,SFCL,70,58,100.0,670.1,67010.0,2024-10-15
2024101503008604,KMCDB,77,53,11.0,1027.1,11298.1,2024-10-15
2024101504007699,BPCL,35,49,11.0,472.0,5192.0,2024-10-15
2024101504007698,AHPC,39,38,35.0,275.9,9656.5,2024-10-15
2024101503008603,EDBL,28,33,450.0,652.1,293445.0,2024-10-15
2024101504007697,CHCL,25,42,19.0,584.0,11096.0,2024-10-15
2024101504007696,CHCL,42,42,45.0,584.0,26280.0,2024-10-15
2024101504007695,CHCL,46,42,30.0,584.0,17520.0,2024-10-15
2024101504007694,CHCL,1,42,72.0,584.0,42048.0,2024-10-15
2024101501010266,AVYAN,34,59,10.0,915.0,9150.0,2024-10-15
2024101503008602,MPFL,22,58,100.0,755.0,75500.0,2024-10-15
2024101504007693,HEI,44,100,1000.0,672.6,672600.0,2024-10-15
2024101504007692,HEI,44,58,100.0,672.6,67260.0,2024-10-15
2024101504007691,HEI,44,71,300.0,672.6,201780.0,2024-10-15
2024101504007690,UMRH,57,6,10.0,459.0,4590.0,2024-10-15
2024101504007689,RURU,17,34,20.0,879.9,17598.0,2024-10-15
2024101504007688,UAIL,59,44,14.0,657.0,9198.0,2024-10-15
2024101504007687,UAIL,59,18,100.0,656.0,65600.0,2024-10-15
2024101504007686,UAIL,59,56,140.0,656.0,91840.0,2024-10-15
2024101504007685,UAIL,59,5,146.0,656.0,95776.0,2024-10-15
2024101504007684,UAIL,59,6,100.0,655.9,65590.0,2024-10-15
2024101503008601,GMFIL,28,63,100.0,628.0,62800.0,2024-10-15
2024101501010265,SMHL,64,58,10.0,583.1,5831.0,2024-10-15
2024101501010264,SMHL,86,58,90.0,583.2,52488.0,2024-10-15
2024101501010263,SMHL,55,58,10.0,583.5,5835.0,2024-10-15
2024101504007683,DHPL,42,58,10.0,254.5,2545.0,2024-10-15
2024101503008600,NFS,53,74,200.0,1400.0,280000.0,2024-10-15
2024101501010262,HBL,10,29,100.0,272.0,27200.0,2024-10-15
2024101503008599,ICFC,34,89,30.0,774.0,23220.0,2024-10-15
2024101503008598,ICFC,34,54,20.0,773.9,15478.0,2024-10-15
2024101501010261,MCHL,58,34,15.0,495.5,7432.5,2024-10-15
2024101501010260,HBL,55,29,15.0,272.0,4080.0,2024-10-15
2024101501010259,NBL,34,18,200.0,290.0,58000.0,2024-10-15
2024101504007682,RHPL,91,48,850.0,385.8,327930.0,2024-10-15
2024101504007681,API,63,58,50.0,298.7,14935.0,2024-10-15
2024101501010258,GBIME,22,17,400.0,258.3,103320.0,2024-10-15
2024101505007502,SONA,51,1,60.0,484.0,29040.0,2024-10-15
2024101504007680,GHL,57,38,60.0,223.0,13380.0,2024-10-15
2024101501010257,USHL,42,58,20.0,830.0,16600.0,2024-10-15
2024101501010256,GBIME,34,57,100.0,258.4,25840.0,2024-10-15
2024101505007501,GCIL,56,44,100.0,505.0,50500.0,2024-10-15
2024101501010255,GBIME,50,57,300.0,258.4,77520.0,2024-10-15
2024101504007679,SHL,41,40,1000.0,531.0,531000.0,2024-10-15
2024101505007500,CHDC,39,29,58.0,1800.0,104400.0,2024-10-15
2024101505007499,CHDC,39,14,50.0,1800.0,90000.0,2024-10-15
2024101505007498,CHDC,39,8,169.0,1799.0,304031.0,2024-10-15
2024101505007497,HRL,58,53,20.0,896.6,17932.0,2024-10-15
2024101501010254,NICA,19,49,41.0,485.0,19885.0,2024-10-15
2024101501010253,NICA,21,49,10.0,485.0,4850.0,2024-10-15
2024101501010252,NICA,47,49,49.0,485.0,23765.0,2024-10-15
2024101503008597,MLBL,38,26,87.0,415.0,36105.0,2024-10-15
2024101503008596,MLBL,38,21,16.0,415.0,6640.0,2024-10-15
2024101503008595,MLBL,38,28,250.0,414.8,103700.0,2024-10-15
2024101503008594,MLBL,38,28,200.0,414.7,82940.0,2024-10-15
2024101503008593,MLBL,38,38,10.0,414.6,4146.0,2024-10-15
2024101503008592,MLBL,38,38,10.0,414.6,4146.0,2024-10-15
2024101503008591,MLBL,38,41,100.0,413.0,41300.0,2024-10-15
2024101503008590,MLBL,38,49,10.0,413.0,4130.0,2024-10-15
2024101503008589,MLBL,38,59,12.0,413.0,4956.0,2024-10-15
2024101504007678,NLG,48,47,100.0,1290.0,129000.0,2024-10-15
2024101504007677,NLG,52,47,50.0,1290.0,64500.0,2024-10-15
2024101504007676,NLG,57,47,15.0,1290.0,19350.0,2024-10-15
2024101504007675,CGH,42,25,100.0,937.1,93710.0,2024-10-15
2024101503008588,NFS,45,74,10.0,1400.0,14000.0,2024-10-15
2024101505007496,GCIL,22,59,56.0,505.0,28280.0,2024-10-15
2024101505007495,GCIL,22,59,50.0,505.1,25255.0,2024-10-15
2024101505007494,GCIL,55,59,89.0,505.1,44953.9,2024-10-15
2024101501010251,NBL,49,48,500.0,290.0,145000.0,2024-10-15
2024101505007493,HIDCL,32,34,200.0,279.0,55800.0,2024-10-15
2024101503008587,BFC,44,39,200.0,637.0,127400.0,2024-10-15
2024101501010250,NMB,43,6,37.0,275.5,10193.5,2024-10-15
2024101501010249,NMB,49,6,13.0,275.5,3581.5,2024-10-15
2024101501010248,DOLTI,51,41,30.0,525.5,15765.0,2024-10-15
2024101501010247,NYADI,13,41,100.0,324.0,32400.0,2024-10-15
2024101501010246,CITY,51,38,19.0,856.0,16264.0,2024-10-15
2024101504007674,OHL,91,58,10.0,984.9,9849.0,2024-10-15
2024101505007492,HATHY,25,56,200.0,1435.1,287020.0,2024-10-15
2024101505007491,HATHY,53,56,200.0,1435.2,287040.0,2024-10-15
2024101505007490,HATHY,45,56,10.0,1435.3,14353.0,2024-10-15
2024101505007489,HATHY,32,56,10.0,1437.0,14370.0,2024-10-15
2024101505007488,HATHY,38,56,100.0,1440.0,144000.0,2024-10-15
2024101503008586,NFS,58,74,10.0,1400.0,14000.0,2024-10-15
2024101504007673,API,38,56,40.0,298.9,11956.0,2024-10-15
2024101504007672,HPPL,78,38,110.0,331.4,36454.0,2024-10-15
2024101504007671,HPPL,62,38,300.0,331.5,99450.0,2024-10-15
2024101504007670,HPPL,78,38,1500.0,331.5,497250.0,2024-10-15
2024101504007669,HPPL,59,38,90.0,331.6,29844.0,2024-10-15
2024101503008585,WNLB,32,87,10.0,2620.1,26201.0,2024-10-15
2024101504007668,NGPL,40,42,210.0,442.0,92820.0,2024-10-15
2024101504007667,NGPL,40,59,100.0,441.9,44190.0,2024-10-15
2024101503008584,SAPDBL,74,74,500.0,573.0,286500.0,2024-10-15
2024101501010245,GBIME,57,57,15.0,258.4,3876.0,2024-10-15
2024101504007666,HEI,44,39,400.0,672.0,268800.0,2024-10-15
2024101504007665,HEI,44,58,650.0,672.0,436800.0,2024-10-15
2024101504007664,HEI,44,38,50.0,671.1,33555.0,2024-10-15
2024101504007663,HEI,44,35,28.0,671.0,18788.0,2024-10-15
2024101504007662,HEI,44,58,10.0,670.0,6700.0,2024-10-15
2024101504007661,HEI,44,35,50.0,670.0,33500.0,2024-10-15
2024101504007660,HEI,44,58,20.0,670.0,13400.0,2024-10-15
2024101504007659,HEI,44,50,110.0,668.0,73480.0,2024-10-15
2024101504007658,HEI,44,44,50.0,667.0,33350.0,2024-10-15
2024101505007487,CLI,6,45,25.0,655.0,16375.0,2024-10-15
2024101503008583,SLBBL,65,50,77.0,994.2,76553.4,2024-10-15
2024101503008582,SLBBL,35,50,173.0,995.0,172135.0,2024-10-15
2024101505007486,SHIVM,49,19,1.0,603.0,603.0,2024-10-15
2024101505007485,SHIVM,49,49,199.0,603.0,119997.0,2024-10-15
2024101505007484,SHIVM,59,49,200.0,603.0,120600.0,2024-10-15
2024101505007483,SHIVM,46,49,10.0,603.0,6030.0,2024-10-15
2024101505007482,SHIVM,49,49,193.0,603.0,116379.0,2024-10-15
2024101505007481,SHIVM,10,49,200.0,603.1,120620.0,2024-10-15
2024101505007480,SHIVM,5,49,198.0,604.0,119592.0,2024-10-15
2024101503008581,SFCL,25,19,30.0,670.0,20100.0,2024-10-15
2024101503008580,SFCL,56,19,100.0,671.4,67140.0,2024-10-15
2024101503008579,SFCL,57,19,10.0,671.4,6714.0,2024-10-15
2024101503008578,SFCL,57,19,10.0,672.0,6720.0,2024-10-15
2024101503008577,GMFIL,51,63,200.0,628.0,125600.0,2024-10-15
2024101504007657,GHL,57,21,423.0,223.0,94329.0,2024-10-15
2024101505007479,KEF,55,35,500.0,8.9,4450.0,2024-10-15
2024101505007478,KEF,55,33,380.0,8.9,3382.0,2024-10-15
2024101503008576,VLBS,74,52,20.0,856.1,17122.0,2024-10-15
2024101505007477,LUK,34,42,200.0,9.0,1800.0,2024-10-15
2024101504007656,AKJCL,58,22,25.0,215.0,5375.0,2024-10-15
2024101504007655,RHPL,91,17,150.0,385.8,57870.0,2024-10-15
2024101503008575,PROFL,22,62,50.0,652.0,32600.0,2024-10-15
2024101504007654,CGH,42,41,35.0,937.1,32798.5,2024-10-15
2024101501010244,NMB,5,16,110.0,275.6,30316.0,2024-10-15
2024101501010243,EBL,35,38,10.0,615.0,6150.0,2024-10-15
2024101503008574,NUBL,57,29,500.0,733.9,366950.0,2024-10-15
2024101503008573,CFCL,34,44,10.0,652.0,6520.0,2024-10-15
2024101501010242,BHL,34,32,10.0,447.5,4475.0,2024-10-15
