transaction,symbol,buyer,seller,quantity,rate,amount,date
2024020701037678,SGHC,56,48,377.0,307.0,115739.0,2024-02-07
2024020701037677,SGHC,57,48,28.0,308.0,8624.0,2024-02-07
2024020701037676,SGHC,85,48,595.0,310.0,184450.0,2024-02-07
2024020701037675,MHCL,69,42,50.0,530.0,26500.0,2024-02-07
2024020705010139,CHDC,8,71,92.0,979.0,90068.0,2024-02-07
2024020703006380,BFC,4,35,10.0,330.0,3300.0,2024-02-07
2024020701037674,NICA,6,34,96.0,479.0,45984.0,2024-02-07
2024020701037673,RHGCL,16,55,392.0,296.5,116228.0,2024-02-07
2024020701037672,RHGCL,26,55,18.0,299.0,5382.0,2024-02-07
2024020704011266,UMHL,6,14,500.0,291.0,145500.0,2024-02-07
2024020705010138,NRIC,65,6,10.0,801.0,8010.0,2024-02-07
2024020705010137,NRIC,5,6,600.0,801.0,480600.0,2024-02-07
2024020705010136,NRIC,61,6,290.0,801.0,232290.0,2024-02-07
2024020705010135,NRIC,71,6,100.0,801.1,80110.0,2024-02-07
2024020701037671,JALPA,46,38,10.0,1155.0,11550.0,2024-02-07
2024020704011265,SHPC,5,77,10.0,360.4,3604.0,2024-02-07
2024020704011264,RADHI,67,17,100.0,275.9,27590.0,2024-02-07
2024020704011263,RADHI,67,41,50.0,275.9,13795.0,2024-02-07
2024020704011262,RADHI,67,32,247.0,275.9,68147.3,2024-02-07
2024020701037670,KDL,45,59,10.0,824.0,8240.0,2024-02-07
2024020705010134,NRN,61,56,26.0,592.0,15392.0,2024-02-07
2024020704011261,UMHL,45,14,50.0,291.0,14550.0,2024-02-07
2024020704011260,MHNL,40,58,10.0,279.0,2790.0,2024-02-07
2024020701037669,MMKJL,43,34,20.0,430.0,8600.0,2024-02-07
2024020703006379,ALICL,62,33,100.0,684.0,68400.0,2024-02-07
2024020701037668,RFPL,62,26,267.0,314.1,83864.7,2024-02-07
2024020701037667,RFPL,62,58,10.0,314.0,3140.0,2024-02-07
2024020701037666,RFPL,62,36,120.0,314.0,37680.0,2024-02-07
2024020701037665,RFPL,62,11,10.0,314.0,3140.0,2024-02-07
2024020701037664,RFPL,62,35,10.0,314.0,3140.0,2024-02-07
2024020701037663,RFPL,62,55,10.0,314.0,3140.0,2024-02-07
2024020701037662,RFPL,62,14,10.0,314.0,3140.0,2024-02-07
2024020701037661,RFPL,62,45,500.0,314.0,157000.0,2024-02-07
2024020701037660,RFPL,62,48,500.0,313.9,156950.0,2024-02-07
2024020701037659,RFPL,62,58,10.0,313.2,3132.0,2024-02-07
2024020701037658,RFPL,62,34,10.0,313.1,3131.0,2024-02-07
2024020701037657,RFPL,62,57,10.0,313.1,3131.0,2024-02-07
2024020701037656,RFPL,62,36,10.0,313.0,3130.0,2024-02-07
2024020701037655,RFPL,62,38,60.0,312.9,18774.0,2024-02-07
2024020701037654,RFPL,62,17,187.0,312.6,58456.2,2024-02-07
2024020701037653,RFPL,62,19,10.0,312.0,3120.0,2024-02-07
2024020701037652,RFPL,62,19,50.0,312.0,15600.0,2024-02-07
2024020701037651,RFPL,62,34,1216.0,312.0,379392.0,2024-02-07
2024020701037650,MHCL,35,42,20.0,530.0,10600.0,2024-02-07
2024020701037649,MHCL,35,42,100.0,530.0,53000.0,2024-02-07
2024020701037648,SHLB,18,58,10.0,952.0,9520.0,2024-02-07
2024020703006378,SAPDBL,7,22,296.0,257.0,76072.0,2024-02-07
2024020703006377,SAPDBL,7,38,500.0,257.0,128500.0,2024-02-07
2024020703006376,PMLI,7,58,10.0,529.9,5299.0,2024-02-07
2024020703006375,PMLI,7,58,10.0,529.9,5299.0,2024-02-07
2024020703006374,PMLI,7,38,10.0,529.8,5298.0,2024-02-07
2024020703006373,PMLI,7,43,10.0,529.0,5290.0,2024-02-07
2024020703006372,PMLI,7,46,10.0,529.0,5290.0,2024-02-07
2024020703006371,PMLI,7,57,10.0,528.0,5280.0,2024-02-07
2024020703006370,PMLI,7,58,10.0,527.0,5270.0,2024-02-07
2024020703006369,PMLI,7,77,10.0,526.0,5260.0,2024-02-07
2024020703006368,PMLI,7,57,10.0,526.0,5260.0,2024-02-07
2024020703006367,PMLI,7,49,10.0,526.0,5260.0,2024-02-07
2024020703006366,PMLI,7,42,70.0,526.0,36820.0,2024-02-07
2024020703006365,PMLI,7,33,10.0,525.9,5259.0,2024-02-07
2024020701037647,BHPL,49,21,20.0,494.0,9880.0,2024-02-07
2024020701037646,BHPL,49,58,10.0,494.0,4940.0,2024-02-07
2024020701037645,BHPL,49,49,10.0,494.0,4940.0,2024-02-07
2024020701037644,BHPL,49,5,60.0,492.0,29520.0,2024-02-07
2024020703006364,NUBL,45,49,115.0,647.0,74405.0,2024-02-07
2024020703006363,NUBL,48,49,50.0,647.0,32350.0,2024-02-07
2024020703006362,NUBL,34,49,25.0,647.0,16175.0,2024-02-07
2024020703006361,NUBL,21,49,35.0,647.0,22645.0,2024-02-07
2024020703006360,NUBL,48,49,90.0,647.1,58239.0,2024-02-07
2024020703006359,NUBL,21,49,50.0,647.5,32375.0,2024-02-07
2024020705010133,HRL,62,58,10.0,696.1,6961.0,2024-02-07
2024020704011259,CHL,29,41,157.0,303.0,47571.0,2024-02-07
2024020704011258,CHL,29,34,147.0,303.0,44541.0,2024-02-07
2024020704011257,CHL,29,11,200.0,302.9,60580.0,2024-02-07
2024020704011256,CHL,29,38,30.0,302.9,9087.0,2024-02-07
2024020704011255,CHL,29,55,140.0,302.8,42392.0,2024-02-07
2024020704011254,CHL,29,45,100.0,302.8,30280.0,2024-02-07
2024020704011253,CHL,29,17,1000.0,302.0,302000.0,2024-02-07
2024020704011252,CHL,29,57,30.0,302.0,9060.0,2024-02-07
2024020704011251,CHL,29,40,20.0,302.0,6040.0,2024-02-07
2024020704011250,CHL,29,45,100.0,300.0,30000.0,2024-02-07
2024020704011249,CHL,29,41,76.0,300.0,22800.0,2024-02-07
2024020705010132,HRL,39,7,30.0,696.4,20892.0,2024-02-07
2024020701037643,SMH,29,33,20.0,615.0,12300.0,2024-02-07
2024020701037642,SMH,29,58,10.0,612.0,6120.0,2024-02-07
2024020701037641,BHPL,71,5,20.0,492.0,9840.0,2024-02-07
2024020701037640,BHPL,71,56,50.0,492.0,24600.0,2024-02-07
2024020701037639,BHPL,71,21,30.0,492.0,14760.0,2024-02-07
2024020701037638,MHCL,88,42,20.0,530.0,10600.0,2024-02-07
2024020704011248,NHPC,42,45,230.0,168.9,38847.0,2024-02-07
2024020704011247,AKJCL,1,26,20.0,230.6,4612.0,2024-02-07
2024020701037637,NABIL,11,38,85.0,475.1,40383.5,2024-02-07
2024020701037636,NABIL,55,38,10.0,475.2,4752.0,2024-02-07
2024020701037635,NABIL,51,38,105.0,476.0,49980.0,2024-02-07
2024020704011246,SHPC,44,64,1278.0,358.8,458546.4,2024-02-07
2024020704011245,SHPC,41,64,100.0,359.0,35900.0,2024-02-07
2024020704011244,SHPC,45,64,270.0,359.0,96930.0,2024-02-07
2024020704011243,SHPC,36,64,200.0,359.0,71800.0,2024-02-07
2024020704011242,SHPC,44,64,52.0,359.1,18673.2,2024-02-07
2024020704011241,SHPC,38,64,100.0,360.0,36000.0,2024-02-07
2024020704011240,CGH,26,45,10.0,926.0,9260.0,2024-02-07
2024020701037634,MHCL,6,42,20.0,530.0,10600.0,2024-02-07
2024020704011239,JOSHI,46,45,10.0,269.9,2699.0,2024-02-07
2024020701037633,MAKAR,72,49,10.0,446.0,4460.0,2024-02-07
2024020701037632,MAKAR,72,22,10.0,446.0,4460.0,2024-02-07
2024020701037631,MAKAR,72,54,10.0,445.0,4450.0,2024-02-07
2024020701037630,MAKAR,72,21,10.0,445.0,4450.0,2024-02-07
2024020701037629,MAKAR,72,45,10.0,445.0,4450.0,2024-02-07
2024020701037628,MAKAR,72,49,10.0,445.0,4450.0,2024-02-07
2024020701037627,MAKAR,72,57,200.0,445.0,89000.0,2024-02-07
2024020701037626,MAKAR,72,20,10.0,444.0,4440.0,2024-02-07
2024020701037625,MAKAR,72,14,10.0,444.0,4440.0,2024-02-07
2024020701037624,MAKAR,72,36,10.0,444.0,4440.0,2024-02-07
2024020701037623,MAKAR,72,70,470.0,444.0,208680.0,2024-02-07
2024020701037622,MAKAR,72,7,340.0,442.0,150280.0,2024-02-07
2024020701037621,SHIVM,45,14,140.0,504.0,70560.0,2024-02-07
2024020701037620,SHIVM,45,11,100.0,504.0,50400.0,2024-02-07
2024020701037619,SHIVM,45,13,225.0,503.0,113175.0,2024-02-07
2024020701037618,TSHL,77,7,110.0,558.0,61380.0,2024-02-07
2024020701037617,TSHL,77,48,10.0,557.0,5570.0,2024-02-07
2024020701037616,TSHL,77,81,200.0,557.0,111400.0,2024-02-07
2024020701037615,TSHL,77,42,10.0,557.0,5570.0,2024-02-07
2024020705010131,HRL,62,41,20.0,696.0,13920.0,2024-02-07
2024020705010130,HRL,62,16,20.0,696.0,13920.0,2024-02-07
2024020701037614,PCBL,44,42,150.0,203.0,30450.0,2024-02-07
2024020701037613,PCBL,44,54,80.0,202.8,16224.0,2024-02-07
2024020701037612,PCBL,44,58,70.0,202.0,14140.0,2024-02-07
2024020704011238,CGH,21,45,10.0,926.0,9260.0,2024-02-07
2024020704011237,PRIN,56,14,11.0,820.0,9020.0,2024-02-07
2024020704011236,PRIN,56,70,18.0,819.9,14758.2,2024-02-07
2024020703006358,NLIC,42,57,10.0,625.0,6250.0,2024-02-07
2024020703006357,NLIC,40,57,10.0,625.0,6250.0,2024-02-07
2024020703006356,NLIC,62,57,20.0,625.1,12502.0,2024-02-07
2024020703006355,NLIC,45,57,40.0,625.1,25004.0,2024-02-07
2024020703006354,SINDU,57,34,10.0,310.5,3105.0,2024-02-07
2024020701037611,MHCL,35,42,325.0,530.0,172250.0,2024-02-07
2024020701037610,MHCL,35,17,10.0,530.0,5300.0,2024-02-07
2024020701037609,MHCL,35,34,95.0,530.0,50350.0,2024-02-07
2024020701037608,MHCL,35,86,10.0,530.0,5300.0,2024-02-07
2024020701037607,MHCL,35,26,100.0,530.0,53000.0,2024-02-07
2024020701037606,MHCL,35,48,10.0,530.0,5300.0,2024-02-07
2024020701037605,MHCL,35,19,460.0,530.0,243800.0,2024-02-07
2024020701037604,MHCL,35,55,200.0,530.0,106000.0,2024-02-07
2024020701037603,MHCL,35,38,10.0,530.0,5300.0,2024-02-07
2024020701037602,MHCL,35,4,500.0,530.0,265000.0,2024-02-07
2024020701037601,MHCL,35,22,15.0,530.0,7950.0,2024-02-07
2024020701037600,MHCL,35,7,10.0,530.0,5300.0,2024-02-07
2024020701037599,MHCL,35,44,50.0,530.0,26500.0,2024-02-07
2024020701037598,MHCL,35,58,10.0,530.0,5300.0,2024-02-07
2024020701037597,MHCL,35,39,200.0,530.0,106000.0,2024-02-07
2024020701037596,MHCL,35,71,50.0,530.0,26500.0,2024-02-07
2024020701037595,MHCL,35,38,10.0,530.0,5300.0,2024-02-07
2024020701037594,MHCL,35,55,100.0,529.9,52990.0,2024-02-07
2024020701037593,MHCL,35,17,130.0,529.6,68848.0,2024-02-07
2024020701037592,MHCL,35,17,200.0,529.4,105880.0,2024-02-07
2024020701037591,MHCL,35,6,1500.0,529.0,793500.0,2024-02-07
2024020701037590,MHCL,35,45,500.0,529.0,264500.0,2024-02-07
2024020701037589,MHCL,35,14,500.0,529.0,264500.0,2024-02-07
2024020701037588,MHCL,35,43,200.0,529.0,105800.0,2024-02-07
2024020701037587,MHCL,35,48,10.0,529.0,5290.0,2024-02-07
2024020701037586,MHCL,35,40,500.0,529.0,264500.0,2024-02-07
2024020701037585,MHCL,35,32,10.0,529.0,5290.0,2024-02-07
2024020701037584,MHCL,35,28,10.0,529.0,5290.0,2024-02-07
2024020701037583,MHCL,35,57,200.0,528.3,105660.0,2024-02-07
2024020701037582,MHCL,35,84,10.0,528.0,5280.0,2024-02-07
2024020701037581,MHCL,35,21,10.0,528.0,5280.0,2024-02-07
2024020701037580,MHCL,35,22,10.0,528.0,5280.0,2024-02-07
2024020701037579,MHCL,35,19,10.0,528.0,5280.0,2024-02-07
2024020701037578,MHCL,35,32,50.0,527.0,26350.0,2024-02-07
2024020701037577,MHCL,35,58,10.0,526.4,5264.0,2024-02-07
2024020701037576,MHCL,35,58,20.0,526.0,10520.0,2024-02-07
2024020701037575,MHCL,35,45,10.0,526.0,5260.0,2024-02-07
2024020701037574,MHCL,35,35,100.0,526.0,52600.0,2024-02-07
2024020701037573,MHCL,35,1,10.0,526.0,5260.0,2024-02-07
2024020701037572,MHCL,35,58,10.0,526.0,5260.0,2024-02-07
2024020701037571,MHCL,35,16,10.0,525.4,5254.0,2024-02-07
2024020701037570,MHCL,35,42,10.0,525.3,5253.0,2024-02-07
2024020701037569,MHCL,35,34,10.0,525.3,5253.0,2024-02-07
2024020701037568,MHCL,35,57,10.0,525.3,5253.0,2024-02-07
2024020701037567,MHCL,35,3,10.0,525.3,5253.0,2024-02-07
2024020701037566,MHCL,35,58,70.0,525.0,36750.0,2024-02-07
2024020701037565,MHCL,35,1,705.0,525.0,370125.0,2024-02-07
2024020701037564,HIDCLP,43,35,1000.0,102.2,102200.0,2024-02-07
2024020701037563,GCIL,49,6,10.0,514.0,5140.0,2024-02-07
2024020703006353,GMFIL,49,51,10.0,355.9,3559.0,2024-02-07
2024020701037562,MMKJL,36,34,30.0,430.0,12900.0,2024-02-07
2024020703006352,SDLBSL,49,22,10.0,615.0,6150.0,2024-02-07
2024020701037561,HATHY,58,57,61.0,988.7,60310.7,2024-02-07
2024020701037560,HATHY,58,45,20.0,988.0,19760.0,2024-02-07
2024020701037559,HATHY,58,25,10.0,987.9,9879.0,2024-02-07
2024020701037558,HATHY,58,71,50.0,987.0,49350.0,2024-02-07
2024020701037557,HATHY,58,21,20.0,987.0,19740.0,2024-02-07
2024020701037556,HATHY,58,45,20.0,986.0,19720.0,2024-02-07
2024020701037555,HATHY,58,58,15.0,985.0,14775.0,2024-02-07
2024020701037554,HATHY,58,46,100.0,985.0,98500.0,2024-02-07
2024020701037553,HATHY,58,58,20.0,985.0,19700.0,2024-02-07
2024020701037552,HATHY,58,35,20.0,985.0,19700.0,2024-02-07
2024020701037551,HATHY,58,49,400.0,985.0,394000.0,2024-02-07
2024020701037550,HATHY,58,34,100.0,985.0,98500.0,2024-02-07
2024020701037549,HATHY,58,36,100.0,985.0,98500.0,2024-02-07
2024020701037548,HATHY,58,42,30.0,985.0,29550.0,2024-02-07
2024020701037547,HATHY,58,38,59.0,984.7,58097.3,2024-02-07
2024020701037546,HATHY,58,35,10.0,983.0,9830.0,2024-02-07
2024020701037545,HATHY,58,42,50.0,982.7,49135.0,2024-02-07
2024020701037544,HATHY,58,1,180.0,981.0,176580.0,2024-02-07
2024020701037543,HATHY,58,22,10.0,981.0,9810.0,2024-02-07
2024020701037542,HATHY,58,4,60.0,981.0,58860.0,2024-02-07
2024020701037541,HATHY,58,33,20.0,980.0,19600.0,2024-02-07
2024020701037540,HATHY,58,52,10.0,980.0,9800.0,2024-02-07
2024020701037539,HATHY,58,22,50.0,980.0,49000.0,2024-02-07
2024020701037538,HATHY,58,25,10.0,980.0,9800.0,2024-02-07
2024020701037537,HATHY,58,34,20.0,980.0,19600.0,2024-02-07
2024020701037536,HATHY,58,42,10.0,980.0,9800.0,2024-02-07
2024020701037535,HATHY,58,49,20.0,980.0,19600.0,2024-02-07
2024020701037534,HATHY,58,38,50.0,980.0,49000.0,2024-02-07
2024020701037533,HATHY,58,32,340.0,980.0,333200.0,2024-02-07
2024020701037532,HATHY,58,58,135.0,975.0,131625.0,2024-02-07
2024020701037531,PCBL,51,49,588.0,201.2,118305.6,2024-02-07
2024020701037530,PCBL,56,49,12.0,201.3,2415.6,2024-02-07
2024020701037529,SGHC,85,29,10.0,310.0,3100.0,2024-02-07
2024020701037528,NWCL,58,58,10.0,772.8,7728.0,2024-02-07
2024020701037527,NWCL,58,46,90.0,768.0,69120.0,2024-02-07
2024020704011235,CGH,39,45,50.0,926.0,46300.0,2024-02-07
2024020704011234,CGH,39,36,20.0,926.0,18520.0,2024-02-07
2024020704011233,CGH,39,45,12.0,926.0,11112.0,2024-02-07
2024020704011232,GHL,4,39,80.0,183.3,14664.0,2024-02-07
2024020701037526,ULHC,56,34,1910.0,314.1,599931.0,2024-02-07
2024020701037525,ULHC,35,34,90.0,314.2,28278.0,2024-02-07
2024020701037524,RFPL,34,34,10.0,312.0,3120.0,2024-02-07
2024020704011231,UNHPL,71,59,10.0,247.0,2470.0,2024-02-07
2024020701037523,CKHL,14,17,10.0,517.0,5170.0,2024-02-07
2024020703006351,KRBL,38,58,10.0,369.0,3690.0,2024-02-07
2024020703006350,KRBL,38,17,10.0,368.0,3680.0,2024-02-07
2024020703006349,KRBL,38,44,140.0,365.0,51100.0,2024-02-07
2024020703006348,KRBL,38,36,360.0,364.0,131040.0,2024-02-07
2024020701037522,SHIVM,32,13,20.0,503.0,10060.0,2024-02-07
2024020701037521,MEHL,32,13,110.0,300.0,33000.0,2024-02-07
2024020701037520,MEHL,32,42,10.0,300.0,3000.0,2024-02-07
2024020701037519,MEHL,32,39,10.0,300.0,3000.0,2024-02-07
2024020701037518,MEHL,32,35,70.0,300.0,21000.0,2024-02-07
2024020701037517,MEHL,32,29,500.0,299.9,149950.0,2024-02-07
2024020701037516,HATHY,32,58,10.0,975.0,9750.0,2024-02-07
2024020701037515,KDL,47,19,20.0,824.0,16480.0,2024-02-07
2024020704011230,NHPC,47,45,20.0,168.9,3378.0,2024-02-07
2024020701037514,KBL,48,25,400.0,149.8,59920.0,2024-02-07
2024020704011229,BARUN,48,26,10.0,277.0,2770.0,2024-02-07
2024020704011228,SPDL,44,8,10.0,279.0,2790.0,2024-02-07
2024020704011227,SPDL,13,8,52.0,279.0,14508.0,2024-02-07
2024020705010129,NTC,45,26,20.0,890.0,17800.0,2024-02-07
2024020704011226,JOSHI,72,45,486.0,269.9,131171.4,2024-02-07
2024020704011225,JOSHI,72,37,100.0,269.5,26950.0,2024-02-07
2024020704011224,JOSHI,72,11,20.0,269.0,5380.0,2024-02-07
2024020704011223,JOSHI,72,46,216.0,269.0,58104.0,2024-02-07
2024020704011222,JOSHI,72,45,100.0,269.0,26900.0,2024-02-07
2024020704011221,JOSHI,72,57,578.0,269.0,155482.0,2024-02-07
2024020701037513,RNLI,46,44,10.0,472.0,4720.0,2024-02-07
2024020704011220,RADHI,67,42,55.0,275.0,15125.0,2024-02-07
2024020704011219,RADHI,67,13,35.0,274.9,9621.5,2024-02-07
2024020704011218,RADHI,67,58,60.0,274.1,16446.0,2024-02-07
2024020701037512,ILI,50,62,10.0,563.0,5630.0,2024-02-07
2024020701037511,NRM,45,44,100.0,388.0,38800.0,2024-02-07
2024020701037510,BGWT,65,37,100.0,632.0,63200.0,2024-02-07
2024020701037509,MSHL,39,74,250.0,689.0,172250.0,2024-02-07
2024020703006347,GLBSL,62,38,100.0,1075.8,107580.0,2024-02-07
2024020703006346,GLBSL,62,49,100.0,1075.0,107500.0,2024-02-07
2024020703006345,GLBSL,62,33,37.0,1062.0,39294.0,2024-02-07
2024020703006344,GLBSL,62,36,10.0,966.9,9669.0,2024-02-07
2024020703006343,GLBSL,62,35,55.0,961.0,52855.0,2024-02-07
2024020703006342,GLBSL,62,48,10.0,961.0,9610.0,2024-02-07
2024020703006341,GLBSL,62,38,10.0,960.0,9600.0,2024-02-07
2024020703006340,GLBSL,62,41,30.0,955.0,28650.0,2024-02-07
2024020703006339,GLBSL,62,34,54.0,948.0,51192.0,2024-02-07
2024020703006338,GLBSL,62,41,13.0,948.0,12324.0,2024-02-07
2024020703006337,GLBSL,62,38,190.0,948.0,180120.0,2024-02-07
2024020703006336,GLBSL,62,55,13.0,947.5,12317.5,2024-02-07
2024020703006335,GLBSL,62,4,200.0,946.0,189200.0,2024-02-07
2024020703006334,GLBSL,62,45,32.0,944.1,30211.2,2024-02-07
2024020704011217,AKPL,44,38,20.0,195.2,3904.0,2024-02-07
2024020701037508,MAKAR,11,7,50.0,442.0,22100.0,2024-02-07
2024020701037507,SMHL,33,52,50.0,467.0,23350.0,2024-02-07
2024020701037506,SMHL,33,29,10.0,466.9,4669.0,2024-02-07
2024020701037505,SMHL,33,75,10.0,465.0,4650.0,2024-02-07
2024020701037504,SMHL,33,36,10.0,465.0,4650.0,2024-02-07
2024020701037503,SMHL,33,34,10.0,465.0,4650.0,2024-02-07
2024020701037502,SMHL,33,58,10.0,465.0,4650.0,2024-02-07
2024020701037501,MHL,4,25,290.0,438.1,127049.0,2024-02-07
2024020701037500,MHL,58,25,100.0,439.0,43900.0,2024-02-07
2024020701037499,MHL,58,25,10.0,442.0,4420.0,2024-02-07
2024020705010128,NIFRA,53,45,10.0,225.4,2254.0,2024-02-07
2024020704011216,CGH,18,45,50.0,926.0,46300.0,2024-02-07
2024020701037498,ULHC,7,11,150.0,315.0,47250.0,2024-02-07
2024020701037497,SNLI,34,49,100.0,595.2,59520.0,2024-02-07
2024020701037496,VLUCL,25,49,10.0,520.2,5202.0,2024-02-07
2024020705010127,HRL,34,7,200.0,696.4,139280.0,2024-02-07
2024020701037495,MHL,58,38,10.0,443.0,4430.0,2024-02-07
2024020701037494,MKJC,88,57,10.0,466.0,4660.0,2024-02-07
2024020701037493,MKJC,88,49,10.0,465.0,4650.0,2024-02-07
2024020701037492,MKJC,88,57,10.0,465.0,4650.0,2024-02-07
2024020704011215,RIDI,42,44,10.0,219.0,2190.0,2024-02-07
2024020701037491,CITY,1,45,10.0,654.0,6540.0,2024-02-07
2024020701037490,CITY,1,29,195.0,654.0,127530.0,2024-02-07
2024020701037489,RAWA,48,72,440.0,524.0,230560.0,2024-02-07
2024020701037488,RAWA,48,13,30.0,524.0,15720.0,2024-02-07
2024020704011214,UPCL,22,35,10.0,235.9,2359.0,2024-02-07
2024020701037487,PPL,22,74,10.0,382.7,3827.0,2024-02-07
2024020704011213,BARUN,10,26,10.0,277.0,2770.0,2024-02-07
2024020701037486,MCHL,94,16,50.0,345.0,17250.0,2024-02-07
2024020701037485,MEL,63,56,10.0,229.8,2298.0,2024-02-07
2024020703006333,FMDBL,62,45,14.0,630.0,8820.0,2024-02-07
2024020703006332,FMDBL,62,1,60.0,629.9,37794.0,2024-02-07
2024020703006331,FMDBL,62,1,80.0,629.7,50376.0,2024-02-07
2024020703006330,FMDBL,62,59,10.0,629.4,6294.0,2024-02-07
2024020703006329,FMDBL,62,34,15.0,629.0,9435.0,2024-02-07
2024020703006328,FMDBL,62,39,41.0,627.0,25707.0,2024-02-07
2024020703006327,FMDBL,62,42,30.0,625.0,18750.0,2024-02-07
2024020703006326,FMDBL,62,5,250.0,625.0,156250.0,2024-02-07
2024020701037484,MHCL,62,1,50.0,525.0,26250.0,2024-02-07
2024020704011212,HDHPC,56,22,600.0,148.9,89340.0,2024-02-07
2024020704011211,HPPL,54,57,400.0,279.1,111640.0,2024-02-07
2024020704011210,HPPL,19,57,100.0,279.2,27920.0,2024-02-07
2024020704011209,PPCL,33,71,10.0,262.7,2627.0,2024-02-07
2024020701037483,IHL,4,25,10.0,349.3,3493.0,2024-02-07
2024020704011208,CHL,42,19,50.0,299.0,14950.0,2024-02-07
2024020704011207,GLH,58,34,12.0,251.5,3018.0,2024-02-07
2024020704011206,UNHPL,48,59,200.0,247.0,49400.0,2024-02-07
2024020704011205,UNHPL,26,59,200.0,247.0,49400.0,2024-02-07
2024020704011204,UNHPL,45,59,15.0,247.0,3705.0,2024-02-07
2024020704011203,UNHPL,14,59,200.0,247.1,49420.0,2024-02-07
2024020701037482,PPL,3,34,10.0,382.0,3820.0,2024-02-07
2024020703006325,EDBL,14,26,29.0,360.0,10440.0,2024-02-07
2024020703006324,EDBL,14,43,50.0,358.9,17945.0,2024-02-07
2024020703006323,EDBL,14,38,10.0,358.0,3580.0,2024-02-07
2024020703006322,EDBL,14,6,21.0,356.0,7476.0,2024-02-07
2024020703006321,EDBL,14,32,40.0,355.9,14236.0,2024-02-07
2024020703006320,GUFL,42,95,244.0,566.0,138104.0,2024-02-07
2024020701037481,RNLI,42,44,430.0,472.0,202960.0,2024-02-07
2024020701037480,RNLI,42,21,10.0,472.0,4720.0,2024-02-07
2024020701037479,RNLI,42,49,10.0,471.8,4718.0,2024-02-07
2024020701037478,RNLI,42,29,30.0,471.1,14133.0,2024-02-07
2024020701037477,RNLI,42,45,20.0,471.0,9420.0,2024-02-07
2024020704011202,HURJA,58,49,10.0,309.9,3099.0,2024-02-07
2024020704011201,HURJA,58,7,190.0,309.0,58710.0,2024-02-07
2024020701037476,SGHC,85,58,60.0,310.0,18600.0,2024-02-07
2024020701037475,BHPL,1,21,10.0,492.0,4920.0,2024-02-07
2024020701037474,NABIL,4,36,10.0,476.0,4760.0,2024-02-07
2024020701037473,NABIL,4,17,19.0,476.0,9044.0,2024-02-07
2024020701037472,NABIL,4,42,362.0,476.0,172312.0,2024-02-07
2024020701037471,MMKJL,6,34,10.0,430.0,4300.0,2024-02-07
2024020701037470,MMKJL,6,49,10.0,429.9,4299.0,2024-02-07
2024020701037469,MMKJL,6,58,10.0,429.0,4290.0,2024-02-07
2024020705010126,NRN,6,55,100.0,590.2,59020.0,2024-02-07
2024020701037468,GBIME,22,42,10.0,194.5,1945.0,2024-02-07
2024020704011200,DHPL,45,4,105.0,210.0,22050.0,2024-02-07
2024020704011199,DHPL,45,19,21.0,209.9,4407.9,2024-02-07
2024020704011198,BPCL,72,74,90.0,315.1,28359.0,2024-02-07
2024020704011197,CHCL,44,42,10.0,493.0,4930.0,2024-02-07
2024020703006319,ALICL,44,33,10.0,684.0,6840.0,2024-02-07
2024020701037467,KBL,44,25,390.0,149.8,58422.0,2024-02-07
2024020701037466,KBL,44,21,110.0,149.5,16445.0,2024-02-07
2024020703006318,HLI,57,16,10.0,410.5,4105.0,2024-02-07
2024020703006317,ALICL,57,33,300.0,684.0,205200.0,2024-02-07
2024020701037465,MKCL,45,57,10.0,941.0,9410.0,2024-02-07
2024020701037464,RFPL,17,39,500.0,308.0,154000.0,2024-02-07
2024020701037463,SIKLES,71,62,80.0,520.0,41600.0,2024-02-07
2024020701037462,SIKLES,71,34,10.0,520.0,5200.0,2024-02-07
2024020701037461,SIKLES,71,39,10.0,520.0,5200.0,2024-02-07
2024020701037460,USHL,38,56,100.0,530.0,53000.0,2024-02-07
2024020705010125,HRL,81,41,169.0,695.5,117539.5,2024-02-07
2024020705010124,HRL,34,41,541.0,695.5,376265.5,2024-02-07
2024020705010123,HRL,11,41,1000.0,695.7,695700.0,2024-02-07
2024020705010122,HRL,36,41,200.0,695.8,139160.0,2024-02-07
2024020705010121,HRL,42,41,200.0,696.0,139200.0,2024-02-07
2024020701037459,SMJC,47,58,10.0,366.5,3665.0,2024-02-07
2024020705010120,HRL,49,41,20.0,696.0,13920.0,2024-02-07
2024020701037458,MHCL,88,52,10.0,520.0,5200.0,2024-02-07
2024020701037457,NABIL,52,42,20.0,476.0,9520.0,2024-02-07
2024020705010119,HRL,35,41,30.0,696.0,20880.0,2024-02-07
2024020705010118,HRL,34,41,200.0,696.0,139200.0,2024-02-07
2024020705010117,HRL,29,41,280.0,696.0,194880.0,2024-02-07
2024020705010116,HRL,41,41,10.0,696.1,6961.0,2024-02-07
2024020705010115,HRL,84,41,350.0,696.1,243635.0,2024-02-07
2024020701037456,TSHL,77,48,10.0,552.0,5520.0,2024-02-07
2024020704011196,IGI,48,13,500.0,561.1,280550.0,2024-02-07
2024020705010114,CHDC,77,71,100.0,979.0,97900.0,2024-02-07
2024020703006316,GMFBS,65,18,10.0,896.0,8960.0,2024-02-07
2024020701037455,MHCL,88,65,1280.0,520.0,665600.0,2024-02-07
2024020701037454,MHCL,38,65,10.0,520.1,5201.0,2024-02-07
2024020701037453,MHCL,94,65,710.0,520.1,369271.0,2024-02-07
2024020701037452,SBL,45,42,16.0,233.0,3728.0,2024-02-07
2024020701037451,SBL,45,46,20.0,233.0,4660.0,2024-02-07
2024020701037450,SBL,45,33,64.0,233.0,14912.0,2024-02-07
2024020703006315,NUBL,62,54,10.0,657.0,6570.0,2024-02-07
2024020701037449,PPL,62,74,2000.0,382.7,765400.0,2024-02-07
2024020701037448,SPL,57,34,10.0,694.4,6944.0,2024-02-07
2024020704011195,API,83,6,155.0,203.4,31527.0,2024-02-07
2024020704011194,NICL,34,7,200.0,895.0,179000.0,2024-02-07
2024020701037447,SBI,49,45,10.0,293.0,2930.0,2024-02-07
2024020703006314,EDBL,71,20,500.0,353.6,176800.0,2024-02-07
2024020704011193,PRIN,71,70,20.0,819.9,16398.0,2024-02-07
2024020704011192,NGPL,71,39,10.0,338.0,3380.0,2024-02-07
2024020704011191,NGPL,71,46,11.0,337.9,3716.9,2024-02-07
2024020703006313,NICLBSL,57,14,68.0,595.0,40460.0,2024-02-07
2024020703006312,NICLBSL,42,14,32.0,595.0,19040.0,2024-02-07
2024020701037446,MHCL,88,1,1945.0,525.0,1021125.0,2024-02-07
2024020701037445,MHCL,88,26,100.0,525.0,52500.0,2024-02-07
2024020701037444,MHCL,88,38,10.0,525.0,5250.0,2024-02-07
2024020701037443,MHCL,88,58,10.0,525.0,5250.0,2024-02-07
2024020701037442,MHCL,88,19,10.0,525.0,5250.0,2024-02-07
2024020701037441,MHCL,88,34,10.0,525.0,5250.0,2024-02-07
2024020701037440,MHCL,88,51,10.0,525.0,5250.0,2024-02-07
2024020701037439,MHCL,88,56,520.0,525.0,273000.0,2024-02-07
2024020701037438,MHCL,88,19,10.0,525.0,5250.0,2024-02-07
2024020701037437,MHCL,88,41,10.0,525.0,5250.0,2024-02-07
2024020701037436,MHCL,88,41,10.0,525.0,5250.0,2024-02-07
2024020701037435,MHCL,88,35,10.0,525.0,5250.0,2024-02-07
2024020701037434,MHCL,88,5,10.0,525.0,5250.0,2024-02-07
2024020701037433,MHCL,88,59,10.0,525.0,5250.0,2024-02-07
2024020701037432,MHCL,88,42,10.0,525.0,5250.0,2024-02-07
2024020701037431,MHCL,88,46,10.0,525.0,5250.0,2024-02-07
2024020701037430,MHCL,88,57,10.0,525.0,5250.0,2024-02-07
2024020701037429,MHCL,88,4,10.0,525.0,5250.0,2024-02-07
2024020701037428,MHCL,88,42,10.0,525.0,5250.0,2024-02-07
2024020701037427,MHCL,88,56,1455.0,524.9,763729.5,2024-02-07
2024020701037426,MHCL,88,6,50.0,524.5,26225.0,2024-02-07
2024020701037425,MHCL,88,49,50.0,524.1,26205.0,2024-02-07
2024020701037424,MHCL,88,38,60.0,524.0,31440.0,2024-02-07
2024020701037423,MHCL,88,35,10.0,524.0,5240.0,2024-02-07
2024020701037422,MHCL,88,42,10.0,524.0,5240.0,2024-02-07
2024020701037421,MHCL,88,58,10.0,524.0,5240.0,2024-02-07
2024020701037420,MHCL,88,59,30.0,524.0,15720.0,2024-02-07
2024020701037419,MHCL,88,7,150.0,524.0,78600.0,2024-02-07
2024020701037418,MHCL,88,6,440.0,524.0,230560.0,2024-02-07
2024020701037417,MHCL,88,57,10.0,523.0,5230.0,2024-02-07
2024020704011190,AKJCL,38,38,800.0,230.5,184400.0,2024-02-07
2024020701037416,ILI,59,42,10.0,560.1,5601.0,2024-02-07
2024020701037415,CZBIL,52,42,64.0,168.4,10777.6,2024-02-07
2024020701037414,CZBIL,52,25,20.0,168.0,3360.0,2024-02-07
2024020701037413,CZBIL,52,19,100.0,168.0,16800.0,2024-02-07
2024020701037412,CZBIL,52,1,100.0,168.0,16800.0,2024-02-07
2024020701037411,CZBIL,52,50,100.0,168.0,16800.0,2024-02-07
2024020701037410,CZBIL,52,55,13.0,168.0,2184.0,2024-02-07
2024020701037409,CZBIL,52,57,56.0,168.0,9408.0,2024-02-07
2024020701037408,CZBIL,52,49,47.0,167.9,7891.3,2024-02-07
2024020705010113,HRL,84,58,10.0,696.1,6961.0,2024-02-07
2024020704011189,UNHPL,58,21,1400.0,249.4,349160.0,2024-02-07
2024020704011188,UNHPL,58,71,2000.0,249.3,498600.0,2024-02-07
2024020704011187,UNHPL,58,47,100.0,249.0,24900.0,2024-02-07
2024020703006311,NMBMF,29,51,33.0,529.2,17463.6,2024-02-07
2024020701037407,MBL,50,6,389.0,185.0,71965.0,2024-02-07
2024020701037406,PPL,3,67,10.0,382.0,3820.0,2024-02-07
2024020701037405,SNLI,34,22,457.0,595.2,272006.4,2024-02-07
2024020701037404,AHL,58,46,10.0,466.7,4667.0,2024-02-07
2024020701037403,TSHL,77,38,152.0,552.0,83904.0,2024-02-07
2024020701037402,VLUCL,65,44,80.0,525.0,42000.0,2024-02-07
2024020701037401,VLUCL,65,58,150.0,524.0,78600.0,2024-02-07
2024020701037400,VLUCL,65,35,50.0,524.0,26200.0,2024-02-07
2024020701037399,VLUCL,65,46,10.0,524.0,5240.0,2024-02-07
2024020701037398,VLUCL,65,47,100.0,523.0,52300.0,2024-02-07
2024020701037397,VLUCL,65,45,10.0,523.0,5230.0,2024-02-07
2024020701037396,VLUCL,65,58,10.0,523.0,5230.0,2024-02-07
2024020701037395,VLUCL,65,58,40.0,522.0,20880.0,2024-02-07
2024020701037394,VLUCL,65,42,10.0,522.0,5220.0,2024-02-07
2024020701037393,VLUCL,65,58,10.0,520.4,5204.0,2024-02-07
2024020701037392,VLUCL,65,41,10.0,520.4,5204.0,2024-02-07
2024020701037391,VLUCL,65,6,20.0,520.3,10406.0,2024-02-07
2024020704011186,SSHL,43,41,50.0,180.0,9000.0,2024-02-07
2024020704011185,SSHL,43,22,60.0,180.0,10800.0,2024-02-07
2024020704011184,SSHL,43,4,671.0,180.0,120780.0,2024-02-07
2024020704011183,JOSHI,56,57,100.0,269.0,26900.0,2024-02-07
2024020704011182,SGIC,57,58,30.0,529.0,15870.0,2024-02-07
2024020701037390,CLI,49,74,880.0,468.0,411840.0,2024-02-07
2024020701037389,CLI,49,21,10.0,468.0,4680.0,2024-02-07
2024020701037388,CLI,49,58,10.0,468.0,4680.0,2024-02-07
2024020701037387,CLI,49,41,100.0,468.0,46800.0,2024-02-07
2024020701037386,RNLI,1,39,10.0,470.1,4701.0,2024-02-07
2024020701037385,CLI,20,55,10.0,468.0,4680.0,2024-02-07
2024020704011181,NICL,34,58,206.0,895.0,184370.0,2024-02-07
2024020704011180,NICL,34,32,200.0,894.9,178980.0,2024-02-07
2024020704011179,NICL,34,32,170.0,892.0,151640.0,2024-02-07
2024020704011178,NICL,34,58,20.0,891.0,17820.0,2024-02-07
2024020701037384,MBL,45,14,100.0,186.0,18600.0,2024-02-07
2024020701037383,SMHL,88,26,1000.0,464.5,464500.0,2024-02-07
2024020704011177,RIDI,54,44,1000.0,219.0,219000.0,2024-02-07
2024020701037382,SONA,38,18,10.0,478.0,4780.0,2024-02-07
2024020703006310,SJLIC,17,42,160.0,521.3,83408.0,2024-02-07
2024020703006309,NADEP,32,6,10.0,556.0,5560.0,2024-02-07
2024020703006308,GLBSL,42,32,10.0,942.2,9422.0,2024-02-07
2024020701037381,PHCL,42,58,10.0,324.3,3243.0,2024-02-07
2024020705010112,NIFRA,29,72,300.0,225.0,67500.0,2024-02-07
2024020705010111,CHDC,46,34,10.0,982.0,9820.0,2024-02-07
2024020703006307,GBBL,62,13,38.0,381.0,14478.0,2024-02-07
2024020703006306,SADBL,44,57,50.0,310.0,15500.0,2024-02-07
2024020703006305,SADBL,44,42,100.0,310.0,31000.0,2024-02-07
2024020703006304,SADBL,44,51,70.0,309.0,21630.0,2024-02-07
2024020703006303,SADBL,44,48,500.0,309.0,154500.0,2024-02-07
2024020703006302,SADBL,44,45,1000.0,308.0,308000.0,2024-02-07
2024020703006301,SADBL,44,43,200.0,307.9,61580.0,2024-02-07
2024020704011176,NGPL,81,85,485.0,337.0,163445.0,2024-02-07
2024020704011175,NGPL,16,85,180.0,337.0,60660.0,2024-02-07
2024020704011174,NGPL,44,85,200.0,337.0,67400.0,2024-02-07
2024020704011173,NGPL,25,85,100.0,337.1,33710.0,2024-02-07
2024020701037380,USHEC,7,43,60.0,361.2,21672.0,2024-02-07
2024020701037379,TSHL,53,38,48.0,552.0,26496.0,2024-02-07
2024020701037378,TSHL,53,32,10.0,552.0,5520.0,2024-02-07
2024020705010110,NRN,35,56,10.0,592.0,5920.0,2024-02-07
2024020704011172,RBCL,17,7,16.0,14025.0,224400.0,2024-02-07
2024020704011171,RBCL,71,7,10.0,14025.1,140251.0,2024-02-07
2024020701037377,UNLB,16,26,10.0,1230.0,12300.0,2024-02-07
2024020701037376,UNLB,16,57,10.0,1229.9,12299.0,2024-02-07
2024020701037375,PCBL,49,58,20.0,202.0,4040.0,2024-02-07
2024020704011170,HDHPC,39,22,1000.0,148.9,148900.0,2024-02-07
2024020701037374,EBL,19,41,100.0,533.9,53390.0,2024-02-07
2024020704011169,NHDL,50,42,316.0,436.0,137776.0,2024-02-07
2024020704011168,NHDL,14,42,100.0,436.1,43610.0,2024-02-07
2024020704011167,NHDL,50,42,64.0,436.2,27916.8,2024-02-07
2024020704011166,NHDL,45,42,20.0,438.9,8778.0,2024-02-07
2024020705010109,NICFC,58,47,200.0,8.69,1738.0,2024-02-07
2024020705010108,HRL,58,7,20.0,696.4,13928.0,2024-02-07
2024020703006300,USLB,33,62,10.0,959.6,9596.0,2024-02-07
2024020703006299,NLIC,45,11,10.0,625.1,6251.0,2024-02-07
2024020701037373,BHDC,43,55,25.0,484.0,12100.0,2024-02-07
2024020701037372,BHDC,43,58,10.0,484.0,4840.0,2024-02-07
2024020701037371,BHDC,43,49,10.0,482.0,4820.0,2024-02-07
2024020701037370,BHDC,43,58,10.0,482.0,4820.0,2024-02-07
2024020701037369,BHDC,43,57,10.0,481.0,4810.0,2024-02-07
2024020701037368,BHDC,43,8,10.0,480.0,4800.0,2024-02-07
2024020701037367,BHDC,43,54,300.0,480.0,144000.0,2024-02-07
2024020701037366,BHDC,43,49,50.0,480.0,24000.0,2024-02-07
2024020701037365,BHDC,43,57,10.0,480.0,4800.0,2024-02-07
2024020701037364,BHDC,43,46,10.0,479.0,4790.0,2024-02-07
2024020701037363,BHDC,43,42,10.0,479.0,4790.0,2024-02-07
2024020701037362,BHDC,43,38,10.0,478.0,4780.0,2024-02-07
2024020705010107,HRL,84,16,100.0,696.1,69610.0,2024-02-07
2024020701037361,CLI,13,25,20.0,467.6,9352.0,2024-02-07
2024020701037360,CLI,52,25,80.0,467.9,37432.0,2024-02-07
2024020701037359,MHL,58,25,10.0,442.0,4420.0,2024-02-07
2024020701037358,MHL,57,25,10.0,442.0,4420.0,2024-02-07
2024020704011165,JOSHI,46,36,130.0,268.0,34840.0,2024-02-07
2024020704011164,JOSHI,7,36,370.0,268.1,99197.0,2024-02-07
2024020704011163,JOSHI,41,36,500.0,268.2,134100.0,2024-02-07
2024020705010106,HIDCL,22,49,40.0,185.3,7412.0,2024-02-07
2024020703006298,NICLBSL,42,14,50.0,596.0,29800.0,2024-02-07
2024020701037357,SHIVM,34,32,225.0,502.0,112950.0,2024-02-07
2024020701037356,SHIVM,26,32,20.0,502.8,10056.0,2024-02-07
2024020704011162,SICL,47,1,15.0,729.6,10944.0,2024-02-07
2024020705010105,HRL,84,58,20.0,696.1,13922.0,2024-02-07
2024020701037355,DORDI,42,6,16.0,427.1,6833.6,2024-02-07
2024020703006297,MLBBL,5,55,10.0,789.9,7899.0,2024-02-07
2024020705010104,CHDC,32,3,65.0,977.1,63511.5,2024-02-07
2024020703006296,NABBC,58,57,67.0,404.0,27068.0,2024-02-07
2024020704011161,OHL,57,39,10.0,789.9,7899.0,2024-02-07
2024020705010103,NIFRA,29,57,64.0,225.0,14400.0,2024-02-07
2024020703006295,ALICL,86,33,360.0,684.0,246240.0,2024-02-07
2024020701037354,MBJC,42,34,280.0,324.5,90860.0,2024-02-07
2024020701037353,MBJC,34,34,10.0,325.0,3250.0,2024-02-07
2024020703006294,NICLBSL,34,14,10.0,596.0,5960.0,2024-02-07
2024020703006293,NUBL,50,59,50.0,647.2,32360.0,2024-02-07
2024020703006292,NUBL,62,59,46.0,647.4,29780.4,2024-02-07
2024020705010102,NTC,42,43,10.0,890.5,8905.0,2024-02-07
2024020701037352,MBJC,42,55,191.0,324.5,61979.5,2024-02-07
2024020705010101,NRN,6,56,364.0,592.0,215488.0,2024-02-07
2024020705010100,NRN,6,34,439.0,592.0,259888.0,2024-02-07
2024020705010099,NRN,6,26,36.0,591.9,21308.4,2024-02-07
2024020701037351,GCIL,58,6,10.0,514.0,5140.0,2024-02-07
2024020705010098,NTC,41,22,50.0,890.0,44500.0,2024-02-07
2024020701037350,DORDI,77,45,10.0,430.0,4300.0,2024-02-07
2024020701037349,DORDI,77,57,138.0,430.0,59340.0,2024-02-07
2024020701037348,BGWT,65,37,100.0,632.0,63200.0,2024-02-07
2024020701037347,PPL,3,58,10.0,382.0,3820.0,2024-02-07
2024020701037346,PPL,3,57,10.0,382.0,3820.0,2024-02-07
2024020701037345,PPL,3,53,10.0,382.0,3820.0,2024-02-07
2024020701037344,PPL,3,58,10.0,382.0,3820.0,2024-02-07
2024020701037343,PPL,3,37,10.0,382.0,3820.0,2024-02-07
2024020701037342,PPL,3,35,10.0,382.0,3820.0,2024-02-07
2024020701037341,PPL,3,35,10.0,381.0,3810.0,2024-02-07
2024020701037340,PPL,3,46,10.0,381.0,3810.0,2024-02-07
2024020701037339,PPL,3,26,500.0,380.0,190000.0,2024-02-07
2024020701037338,PPL,3,5,100.0,380.0,38000.0,2024-02-07
2024020701037337,PPL,3,41,10.0,380.0,3800.0,2024-02-07
2024020701037336,PPL,3,45,10.0,380.0,3800.0,2024-02-07
2024020701037335,PPL,3,22,10.0,380.0,3800.0,2024-02-07
2024020701037334,PPL,3,49,10.0,380.0,3800.0,2024-02-07
2024020701037333,PPL,3,34,500.0,380.0,190000.0,2024-02-07
2024020701037332,PPL,3,57,10.0,380.0,3800.0,2024-02-07
2024020701037331,PPL,3,45,10.0,380.0,3800.0,2024-02-07
2024020701037330,PPL,3,45,10.0,380.0,3800.0,2024-02-07
2024020701037329,PPL,3,49,10.0,380.0,3800.0,2024-02-07
2024020701037328,PPL,3,38,10.0,380.0,3800.0,2024-02-07
2024020701037327,PPL,3,35,10.0,380.0,3800.0,2024-02-07
2024020701037326,PPL,3,49,10.0,380.0,3800.0,2024-02-07
2024020701037325,PPL,3,16,10.0,380.0,3800.0,2024-02-07
2024020701037324,PPL,3,39,10.0,380.0,3800.0,2024-02-07
2024020701037323,PPL,3,43,10.0,380.0,3800.0,2024-02-07
2024020701037322,PPL,3,38,10.0,380.0,3800.0,2024-02-07
2024020701037321,PPL,3,3,400.0,380.0,152000.0,2024-02-07
2024020701037320,PPL,3,57,500.0,379.9,189950.0,2024-02-07
2024020701037319,PPL,3,57,200.0,379.8,75960.0,2024-02-07
2024020701037318,PPL,3,44,10.0,379.0,3790.0,2024-02-07
2024020701037317,PPL,3,34,10.0,379.0,3790.0,2024-02-07
2024020701037316,PPL,3,42,10.0,379.0,3790.0,2024-02-07
2024020701037315,PPL,3,34,10.0,379.0,3790.0,2024-02-07
2024020701037314,PPL,3,39,10.0,378.0,3780.0,2024-02-07
2024020701037313,PPL,3,26,368.0,378.0,139104.0,2024-02-07
2024020705010097,HRL,84,45,20.0,696.1,13922.0,2024-02-07
2024020704011160,RADHI,26,21,50.0,274.0,13700.0,2024-02-07
2024020704011159,RADHI,57,21,1950.0,274.0,534300.0,2024-02-07
2024020705010096,NRIC,61,35,210.0,801.0,168210.0,2024-02-07
2024020705010095,NRIC,85,35,90.0,801.0,72090.0,2024-02-07
2024020701037312,KBL,42,21,200.0,149.5,29900.0,2024-02-07
2024020701037311,SMH,32,38,10.0,615.0,6150.0,2024-02-07
2024020703006291,CORBL,6,49,50.0,410.0,20500.0,2024-02-07
2024020701037310,SONA,49,58,221.0,477.2,105461.2,2024-02-07
2024020701037309,SONA,60,58,279.0,477.3,133166.7,2024-02-07
2024020703006290,SWMF,45,41,46.0,709.0,32614.0,2024-02-07
2024020704011158,UMRH,52,43,540.0,392.2,211788.0,2024-02-07
2024020701037308,PCBL,56,3,80.0,201.3,16104.0,2024-02-07
2024020701037307,NABIL,57,42,20.0,476.0,9520.0,2024-02-07
2024020704011157,API,26,36,310.0,203.0,62930.0,2024-02-07
2024020701037306,PCBL,51,25,12.0,201.2,2414.4,2024-02-07
2024020701037305,DORDI,42,49,10.0,427.1,4271.0,2024-02-07
2024020701037304,MKHL,42,55,10.0,366.0,3660.0,2024-02-07
2024020703006289,ALICL,17,32,50.0,682.0,34100.0,2024-02-07
2024020703006288,MDB,41,36,20.0,420.0,8400.0,2024-02-07
2024020703006287,MDB,41,45,37.0,419.0,15503.0,2024-02-07
2024020703006286,MDB,41,16,234.0,419.0,98046.0,2024-02-07
2024020703006285,MDB,41,45,50.0,419.0,20950.0,2024-02-07
2024020703006284,MDB,41,14,54.0,417.0,22518.0,2024-02-07
2024020703006283,MDB,41,51,99.0,412.0,40788.0,2024-02-07
2024020703006282,HLI,35,55,10.0,410.0,4100.0,2024-02-07
2024020704011156,AKPL,42,58,345.0,195.1,67309.5,2024-02-07
2024020704011155,AKPL,45,58,67.0,195.1,13071.7,2024-02-07
2024020704011154,AKPL,58,58,25.0,195.2,4880.0,2024-02-07
2024020704011153,AKPL,8,58,500.0,195.2,97600.0,2024-02-07
2024020704011152,AKPL,56,58,1063.0,195.2,207497.6,2024-02-07
2024020701037303,BEDC,16,51,523.0,340.2,177924.6,2024-02-07
2024020701037302,BEDC,39,51,30.0,340.5,10215.0,2024-02-07
2024020701037301,BEDC,34,51,150.0,341.0,51150.0,2024-02-07
2024020701037300,BEDC,34,51,50.0,341.0,17050.0,2024-02-07
2024020705010094,HRL,29,58,10.0,696.0,6960.0,2024-02-07
2024020701037299,SBL,58,33,63.0,233.0,14679.0,2024-02-07
2024020703006281,FOWAD,50,55,10.0,1099.9,10999.0,2024-02-07
2024020703006280,FOWAD,50,32,26.0,1094.0,28444.0,2024-02-07
2024020701037298,MEL,63,56,10.0,229.8,2298.0,2024-02-07
2024020705010093,HRL,29,57,20.0,696.0,13920.0,2024-02-07
2024020705010092,HRL,29,49,190.0,696.0,132240.0,2024-02-07
2024020701037297,CLI,25,58,10.0,468.0,4680.0,2024-02-07
2024020703006279,FMDBL,36,39,20.0,617.5,12350.0,2024-02-07
2024020701037296,CLI,25,52,10.0,468.0,4680.0,2024-02-07
2024020705010091,HRL,33,49,100.0,696.0,69600.0,2024-02-07
2024020705010090,HRL,14,49,210.0,696.0,146160.0,2024-02-07
2024020704011151,AHPC,32,45,200.0,207.6,41520.0,2024-02-07
2024020701037295,HHL,48,58,10.0,324.0,3240.0,2024-02-07
2024020701037294,HHL,48,3,123.0,324.0,39852.0,2024-02-07
2024020705010089,NRIC,85,41,102.0,801.0,81702.0,2024-02-07
2024020704011150,UPCL,5,35,10.0,235.9,2359.0,2024-02-07
2024020701037293,AVYAN,62,34,10.0,605.0,6050.0,2024-02-07
2024020701037292,AVYAN,62,74,59.0,605.0,35695.0,2024-02-07
2024020701037291,RNLI,55,45,30.0,471.2,14136.0,2024-02-07
2024020704011149,NLG,48,37,200.0,825.0,165000.0,2024-02-07
2024020704011148,API,26,57,40.0,203.0,8120.0,2024-02-07
2024020703006278,KSBBL,58,35,115.0,356.0,40940.0,2024-02-07
2024020701037290,SMHL,36,58,10.0,464.0,4640.0,2024-02-07
2024020701037289,SMHL,36,19,10.0,463.0,4630.0,2024-02-07
2024020701037288,ILI,42,62,380.0,563.0,213940.0,2024-02-07
2024020701037287,ILI,42,39,120.0,561.0,67320.0,2024-02-07
2024020701037286,ILI,42,39,20.0,561.0,11220.0,2024-02-07
2024020704011147,SSHL,32,4,20.0,180.0,3600.0,2024-02-07
2024020704011146,IGI,48,34,400.0,561.1,224440.0,2024-02-07
2024020704011145,BARUN,34,58,120.0,276.3,33156.0,2024-02-07
2024020704011144,BARUN,19,58,70.0,276.3,19341.0,2024-02-07
2024020704011143,BARUN,21,58,110.0,276.3,30393.0,2024-02-07
2024020704011142,NLG,56,50,37.0,826.0,30562.0,2024-02-07
2024020704011141,HURJA,58,7,10.0,309.0,3090.0,2024-02-07
2024020704011140,MHNL,42,58,10.0,276.4,2764.0,2024-02-07
2024020704011139,MHNL,54,58,490.0,277.0,135730.0,2024-02-07
2024020703006277,FMDBL,62,52,95.0,624.9,59365.5,2024-02-07
2024020704011138,CHCL,28,43,70.0,490.2,34314.0,2024-02-07
2024020701037285,HATHY,42,37,30.0,970.0,29100.0,2024-02-07
2024020701037284,HATHY,40,37,70.0,970.0,67900.0,2024-02-07
2024020701037283,HATHY,22,37,10.0,970.1,9701.0,2024-02-07
2024020701037282,HATHY,40,37,100.0,972.0,97200.0,2024-02-07
2024020701037281,HATHY,28,37,315.0,979.0,308385.0,2024-02-07
2024020701037280,SONA,60,37,321.0,477.3,153213.3,2024-02-07
2024020701037279,SONA,52,37,102.0,477.4,48694.8,2024-02-07
2024020701037278,SONA,42,37,42.0,477.4,20050.8,2024-02-07
2024020701037277,SONA,43,37,10.0,477.6,4776.0,2024-02-07
2024020701037276,SONA,49,37,25.0,477.7,11942.5,2024-02-07
2024020705010088,NIFRA,29,7,34.0,225.0,7650.0,2024-02-07
2024020701037275,MBL,16,29,200.0,186.7,37340.0,2024-02-07
2024020703006276,NMFBS,14,32,18.0,1130.0,20340.0,2024-02-07
2024020701037274,MAKAR,56,52,10.0,441.0,4410.0,2024-02-07
2024020704011137,RADHI,52,13,10.0,274.9,2749.0,2024-02-07
2024020701037273,RNLI,42,49,400.0,471.8,188720.0,2024-02-07
2024020701037272,DORDI,42,13,74.0,427.1,31605.4,2024-02-07
2024020703006275,SHINE,34,8,29.0,389.0,11281.0,2024-02-07
2024020704011136,GHL,4,34,200.0,183.3,36660.0,2024-02-07
2024020701037271,DORDI,77,13,126.0,427.1,53814.6,2024-02-07
2024020704011135,MEN,49,58,22.0,644.0,14168.0,2024-02-07
2024020701037270,EHPL,8,58,10.0,470.8,4708.0,2024-02-07
2024020701037269,HATHY,58,32,660.0,980.0,646800.0,2024-02-07
2024020701037268,HATHY,58,49,20.0,980.0,19600.0,2024-02-07
2024020701037267,HATHY,58,57,50.0,980.0,49000.0,2024-02-07
2024020701037266,HATHY,58,13,20.0,980.0,19600.0,2024-02-07
2024020701037265,HATHY,58,26,250.0,979.6,244900.0,2024-02-07
2024020704011134,NHPC,36,75,200.0,168.2,33640.0,2024-02-07
2024020704011133,NHPC,22,75,500.0,168.2,84100.0,2024-02-07
2024020704011132,NHPC,48,75,300.0,168.5,50550.0,2024-02-07
2024020703006274,SJLIC,49,61,20.0,522.0,10440.0,2024-02-07
2024020701037264,CLI,52,22,10.0,467.9,4679.0,2024-02-07
2024020701037263,CLI,52,56,10.0,467.9,4679.0,2024-02-07
2024020705010087,HRL,14,81,290.0,696.0,201840.0,2024-02-07
2024020705010086,HRL,59,81,300.0,696.0,208800.0,2024-02-07
2024020705010085,HRL,46,81,100.0,696.0,69600.0,2024-02-07
2024020705010084,HRL,45,81,60.0,696.0,41760.0,2024-02-07
2024020705010083,HRL,45,81,50.0,696.1,34805.0,2024-02-07
2024020704011131,SICL,45,55,300.0,729.0,218700.0,2024-02-07
2024020701037262,SMHL,34,58,10.0,464.0,4640.0,2024-02-07
2024020701037261,HATHY,28,38,50.0,979.0,48950.0,2024-02-07
2024020701037260,HATHY,28,65,200.0,979.0,195800.0,2024-02-07
2024020701037259,HATHY,28,26,20.0,975.0,19500.0,2024-02-07
2024020701037258,HATHY,28,37,90.0,975.0,87750.0,2024-02-07
2024020701037257,HATHY,28,4,10.0,975.0,9750.0,2024-02-07
2024020701037256,HATHY,28,62,450.0,975.0,438750.0,2024-02-07
2024020701037255,HATHY,28,21,365.0,974.0,355510.0,2024-02-07
2024020701037254,CLI,13,28,10.0,467.6,4676.0,2024-02-07
2024020703006273,FMDBL,62,52,100.0,624.9,62490.0,2024-02-07
2024020701037253,CLI,13,75,10.0,467.6,4676.0,2024-02-07
2024020704011130,AHPC,58,45,10.0,207.6,2076.0,2024-02-07
2024020703006272,HLI,44,16,621.0,410.5,254920.5,2024-02-07
2024020703006271,HLI,44,6,120.0,410.0,49200.0,2024-02-07
2024020703006270,HLI,44,35,259.0,410.0,106190.0,2024-02-07
2024020704011129,SHPC,44,77,20.0,360.4,7208.0,2024-02-07
2024020703006269,SHINE,7,34,10.0,388.1,3881.0,2024-02-07
2024020705010082,HRL,45,57,20.0,696.0,13920.0,2024-02-07
2024020701037252,RHGCL,26,35,10.0,299.0,2990.0,2024-02-07
2024020701037251,MHL,57,34,250.0,442.0,110500.0,2024-02-07
2024020701037250,MHL,57,51,10.0,442.0,4420.0,2024-02-07
2024020701037249,MHL,57,58,10.0,442.0,4420.0,2024-02-07
2024020701037248,MHL,57,55,10.0,441.0,4410.0,2024-02-07
2024020705010081,HRL,45,42,10.0,696.0,6960.0,2024-02-07
2024020701037247,LSL,19,47,199.0,165.8,32994.2,2024-02-07
2024020701037246,LSL,36,47,36.0,165.9,5972.4,2024-02-07
2024020701037245,LSL,22,47,65.0,166.0,10790.0,2024-02-07
2024020705010080,NRIC,85,47,38.0,801.0,30438.0,2024-02-07
2024020704011128,UAIL,42,38,71.0,566.0,40186.0,2024-02-07
2024020701037244,HATHY,38,21,50.0,974.0,48700.0,2024-02-07
2024020701037243,NWCL,38,46,10.0,768.0,7680.0,2024-02-07
2024020701037242,SBI,6,45,100.0,292.0,29200.0,2024-02-07
2024020703006268,ICFC,45,7,10.0,487.0,4870.0,2024-02-07
2024020703006267,ICFC,45,32,16.0,486.0,7776.0,2024-02-07
2024020704011127,AKJCL,43,54,360.0,231.0,83160.0,2024-02-07
2024020704011126,AKJCL,43,16,40.0,231.0,9240.0,2024-02-07
2024020704011125,AKJCL,43,17,100.0,231.0,23100.0,2024-02-07
2024020704011124,SGIC,19,58,39.0,529.8,20662.2,2024-02-07
2024020704011123,RIDI,58,44,106.0,219.0,23214.0,2024-02-07
2024020704011122,GLH,58,21,10.0,251.5,2515.0,2024-02-07
2024020701037241,DLBS,57,35,10.0,800.0,8000.0,2024-02-07
2024020703006266,SHINE,45,57,70.0,388.0,27160.0,2024-02-07
2024020701037240,KDL,77,36,10.0,813.0,8130.0,2024-02-07
2024020705010079,HRL,45,19,10.0,696.0,6960.0,2024-02-07
2024020705010078,HRL,45,41,10.0,696.0,6960.0,2024-02-07
2024020701037239,MKHL,35,55,110.0,366.0,40260.0,2024-02-07
2024020701037238,MKHL,58,55,270.0,366.0,98820.0,2024-02-07
2024020704011121,AHPC,28,45,143.0,207.6,29686.8,2024-02-07
2024020701037237,DORDI,77,58,10.0,427.1,4271.0,2024-02-07
2024020703006265,CBBL,58,1,80.0,856.0,68480.0,2024-02-07
2024020704011120,NHPC,68,45,100.0,168.9,16890.0,2024-02-07
2024020704011119,NHPC,68,41,400.0,168.9,67560.0,2024-02-07
2024020705010077,HRL,45,58,10.0,696.0,6960.0,2024-02-07
2024020703006264,MLBBL,41,35,25.0,774.0,19350.0,2024-02-07
2024020703006263,MLBBL,41,35,50.0,774.0,38700.0,2024-02-07
2024020705010076,HRL,45,16,30.0,696.0,20880.0,2024-02-07
2024020705010075,HRL,45,57,10.0,696.0,6960.0,2024-02-07
2024020704011118,API,26,19,150.0,203.0,30450.0,2024-02-07
2024020704011117,API,26,38,100.0,203.0,20300.0,2024-02-07
2024020704011116,API,26,25,374.0,203.0,75922.0,2024-02-07
2024020704011115,API,26,57,1032.0,203.0,209496.0,2024-02-07
2024020701037236,ADBL,42,34,47.0,241.0,11327.0,2024-02-07
2024020705010074,HRL,45,34,460.0,696.0,320160.0,2024-02-07
2024020705010073,HRL,45,34,10.0,696.0,6960.0,2024-02-07
2024020701037235,DORDI,77,57,862.0,430.0,370660.0,2024-02-07
2024020701037234,DORDI,77,45,100.0,430.0,43000.0,2024-02-07
2024020701037233,DORDI,77,58,410.0,430.0,176300.0,2024-02-07
2024020701037232,DORDI,77,59,100.0,429.9,42990.0,2024-02-07
2024020701037231,DORDI,77,34,500.0,429.8,214900.0,2024-02-07
2024020701037230,DORDI,77,51,10.0,429.8,4298.0,2024-02-07
2024020701037229,DORDI,77,35,20.0,429.8,8596.0,2024-02-07
2024020701037228,DORDI,77,65,100.0,429.8,42980.0,2024-02-07
2024020701037227,DORDI,77,45,10.0,429.6,4296.0,2024-02-07
2024020701037226,DORDI,77,35,10.0,429.4,4294.0,2024-02-07
2024020701037225,DORDI,77,22,10.0,429.4,4294.0,2024-02-07
2024020701037224,DORDI,77,58,10.0,429.0,4290.0,2024-02-07
2024020701037223,DORDI,77,21,100.0,429.0,42900.0,2024-02-07
2024020701037222,DORDI,77,55,10.0,429.0,4290.0,2024-02-07
2024020701037221,DORDI,77,58,112.0,429.0,48048.0,2024-02-07
2024020701037220,DORDI,77,13,100.0,429.0,42900.0,2024-02-07
2024020701037219,DORDI,77,58,136.0,429.0,58344.0,2024-02-07
2024020701037218,DORDI,77,41,110.0,429.0,47190.0,2024-02-07
2024020701037217,DORDI,77,57,1500.0,428.8,643200.0,2024-02-07
2024020701037216,DORDI,77,35,100.0,428.4,42840.0,2024-02-07
2024020701037215,DORDI,77,57,50.0,428.4,21420.0,2024-02-07
2024020701037214,DORDI,77,16,100.0,428.4,42840.0,2024-02-07
2024020701037213,DORDI,77,29,10.0,428.0,4280.0,2024-02-07
2024020701037212,DORDI,77,49,10.0,428.0,4280.0,2024-02-07
2024020701037211,DORDI,77,43,200.0,428.0,85600.0,2024-02-07
2024020701037210,DORDI,77,29,10.0,428.0,4280.0,2024-02-07
2024020701037209,DORDI,77,58,20.0,428.0,8560.0,2024-02-07
2024020701037208,DORDI,77,46,10.0,428.0,4280.0,2024-02-07
2024020701037207,DORDI,77,45,10.0,428.0,4280.0,2024-02-07
2024020701037206,DORDI,77,59,100.0,428.0,42800.0,2024-02-07
2024020701037205,DORDI,77,53,10.0,428.0,4280.0,2024-02-07
2024020701037204,DORDI,77,50,50.0,428.0,21400.0,2024-02-07
2024020701037203,DORDI,77,60,50.0,428.0,21400.0,2024-02-07
2024020701037202,DORDI,77,33,1000.0,427.3,427300.0,2024-02-07
2024020701037201,DORDI,77,16,50.0,427.2,21360.0,2024-02-07
2024020701037200,DORDI,77,51,10.0,427.2,4272.0,2024-02-07
2024020705010072,HRL,45,77,10.0,696.0,6960.0,2024-02-07
2024020704011114,UPPER,38,11,23.0,210.7,4846.1,2024-02-07
2024020703006262,SFCL,58,43,500.0,308.0,154000.0,2024-02-07
2024020704011113,SHEL,58,43,105.0,251.0,26355.0,2024-02-07
2024020704011112,SHEL,17,43,100.0,251.0,25100.0,2024-02-07
2024020704011111,SHEL,55,43,100.0,251.0,25100.0,2024-02-07
2024020704011110,SHEL,35,43,100.0,251.0,25100.0,2024-02-07
2024020704011109,SHEL,20,43,230.0,251.1,57753.0,2024-02-07
2024020704011108,SHEL,45,43,85.0,251.2,21352.0,2024-02-07
2024020704011107,SHEL,56,43,30.0,251.6,7548.0,2024-02-07
2024020701037199,NRM,49,44,20.0,388.0,7760.0,2024-02-07
2024020701037198,NRM,6,44,40.0,388.0,15520.0,2024-02-07
2024020703006261,HLI,21,35,40.0,410.0,16400.0,2024-02-07
2024020704011106,MHNL,58,58,10.0,279.0,2790.0,2024-02-07
2024020703006260,MFIL,41,57,100.0,515.1,51510.0,2024-02-07
2024020704011105,UPCL,58,14,100.0,235.9,23590.0,2024-02-07
2024020701037197,RNLI,55,58,20.0,471.2,9424.0,2024-02-07
2024020703006259,LBBL,53,25,90.0,400.1,36009.0,2024-02-07
2024020701037196,NESDO,36,6,10.0,1697.0,16970.0,2024-02-07
2024020701037195,NESDO,36,94,10.0,1690.0,16900.0,2024-02-07
2024020703006258,ACLBSL,62,39,10.0,625.1,6251.0,2024-02-07
2024020703006257,JSLBB,33,45,10.0,870.0,8700.0,2024-02-07
2024020701037194,CITY,11,29,50.0,651.0,32550.0,2024-02-07
2024020703006256,NLIC,49,57,22.0,626.0,13772.0,2024-02-07
2024020701037193,NICA,49,34,30.0,479.0,14370.0,2024-02-07
2024020705010071,GIBF1,17,19,100.0,8.42,842.0,2024-02-07
2024020701037192,TSHL,77,55,38.0,550.4,20915.2,2024-02-07
2024020705010070,HIDCL,55,57,140.0,185.5,25970.0,2024-02-07
2024020701037191,RHGCL,26,42,62.0,299.0,18538.0,2024-02-07
2024020701037190,RHGCL,26,54,10.0,298.0,2980.0,2024-02-07
2024020701037189,JALPA,59,34,10.0,1136.4,11364.0,2024-02-07
2024020703006255,ALICL,34,33,10.0,684.0,6840.0,2024-02-07
2024020701037188,MKCL,45,34,10.0,941.0,9410.0,2024-02-07
2024020701037187,GVL,45,34,10.0,451.0,4510.0,2024-02-07
2024020703006254,MLBL,84,62,103.0,334.5,34453.5,2024-02-07
2024020703006253,MLBL,42,62,597.0,334.6,199756.2,2024-02-07
2024020705010069,HRL,34,43,10.0,696.0,6960.0,2024-02-07
2024020703006252,LBBL,40,17,10.0,401.0,4010.0,2024-02-07
2024020703006251,CORBL,25,57,50.0,407.1,20355.0,2024-02-07
2024020701037186,ULHC,35,58,10.0,314.2,3142.0,2024-02-07
2024020704011104,HURJA,58,49,10.0,309.9,3099.0,2024-02-07
2024020704011103,HURJA,58,25,100.0,309.0,30900.0,2024-02-07
2024020701037185,SMJC,69,88,270.0,367.1,99117.0,2024-02-07
2024020701037184,SMJC,45,88,590.0,367.3,216707.0,2024-02-07
2024020701037183,ILI,59,38,60.0,560.1,33606.0,2024-02-07
2024020701037182,RNLI,55,16,10.0,471.0,4710.0,2024-02-07
2024020703006250,NABBC,51,14,10.0,406.9,4069.0,2024-02-07
2024020705010068,NRIC,46,35,10.0,801.2,8012.0,2024-02-07
2024020701037181,SNLI,41,22,10.0,595.3,5953.0,2024-02-07
2024020701037180,SNLI,55,22,43.0,595.3,25597.9,2024-02-07
2024020705010067,HRL,44,38,260.0,696.5,181090.0,2024-02-07
2024020705010066,HRL,44,40,20.0,696.5,13930.0,2024-02-07
2024020705010065,HRL,44,35,10.0,696.5,6965.0,2024-02-07
2024020705010064,HRL,44,54,490.0,696.5,341285.0,2024-02-07
2024020705010063,HRL,44,1,20.0,696.2,13924.0,2024-02-07
2024020705010062,HRL,44,4,20.0,696.2,13924.0,2024-02-07
2024020705010061,HRL,44,20,10.0,696.2,6962.0,2024-02-07
2024020705010060,HRL,44,58,20.0,696.2,13924.0,2024-02-07
2024020705010059,HRL,44,37,130.0,696.2,90506.0,2024-02-07
2024020705010058,HRL,44,42,20.0,696.1,13922.0,2024-02-07
2024020701037179,CYCL,54,21,57.0,1111.0,63327.0,2024-02-07
2024020705010057,HRL,34,57,30.0,696.0,20880.0,2024-02-07
2024020701037178,SAHAS,65,58,10.0,565.0,5650.0,2024-02-07
2024020701037177,SHIVM,36,13,15.0,503.0,7545.0,2024-02-07
2024020703006249,GUFL,42,95,260.0,566.0,147160.0,2024-02-07
2024020701037176,IHL,47,58,90.0,350.3,31527.0,2024-02-07
2024020703006248,GBLBS,28,42,10.0,560.0,5600.0,2024-02-07
2024020703006247,GBLBS,28,56,25.0,559.0,13975.0,2024-02-07
2024020701037175,MEHL,49,28,120.0,298.1,35772.0,2024-02-07
2024020701037174,MEHL,41,28,10.0,299.0,2990.0,2024-02-07
2024020701037173,MEHL,38,28,14.0,299.0,4186.0,2024-02-07
2024020701037172,RAWA,55,13,100.0,524.0,52400.0,2024-02-07
2024020705010056,STC,26,70,10.0,5241.5,52415.0,2024-02-07
2024020705010055,STC,26,70,10.0,5243.0,52430.0,2024-02-07
2024020705010054,STC,19,70,25.0,5251.0,131275.0,2024-02-07
2024020701037171,SMH,13,45,105.0,610.0,64050.0,2024-02-07
2024020701037170,SMH,21,45,195.0,611.0,119145.0,2024-02-07
2024020701037169,MAKAR,21,7,110.0,442.0,48620.0,2024-02-07
2024020705010053,HRL,34,57,10.0,696.0,6960.0,2024-02-07
2024020704011102,PRIN,29,71,500.0,815.8,407900.0,2024-02-07
2024020705010052,HRL,34,58,10.0,696.0,6960.0,2024-02-07
2024020701037168,TPC,36,38,190.0,569.9,108281.0,2024-02-07
2024020701037167,TPC,36,38,10.0,565.0,5650.0,2024-02-07
2024020705010051,NIFRA,29,41,200.0,225.0,45000.0,2024-02-07
2024020705010050,NIFRA,29,58,21.0,225.0,4725.0,2024-02-07
2024020705010049,NIFRA,29,35,470.0,224.9,105703.0,2024-02-07
2024020701037166,ILI,59,49,10.0,560.1,5601.0,2024-02-07
2024020701037165,ILI,42,62,90.0,563.0,50670.0,2024-02-07
2024020701037164,ILI,42,49,10.0,563.0,5630.0,2024-02-07
2024020701037163,PRVU,59,42,144.0,154.4,22233.6,2024-02-07
2024020704011101,RIDI,32,44,500.0,219.0,109500.0,2024-02-07
2024020704011100,UAIL,42,32,14.0,566.0,7924.0,2024-02-07
2024020701037162,MEHL,38,35,10.0,300.0,3000.0,2024-02-07
2024020704011099,SALICO,41,51,40.0,685.0,27400.0,2024-02-07
2024020703006246,SLBBL,62,26,10.0,657.0,6570.0,2024-02-07
2024020705010048,HRL,34,62,50.0,696.0,34800.0,2024-02-07
2024020701037161,SONA,45,18,100.0,478.0,47800.0,2024-02-07
2024020701037160,SONA,45,39,200.0,478.0,95600.0,2024-02-07
2024020701037159,GCIL,52,45,11.0,512.2,5634.2,2024-02-07
2024020701037158,TVCL,14,56,99.0,546.9,54143.1,2024-02-07
2024020701037157,TVCL,57,56,10.0,547.0,5470.0,2024-02-07
2024020701037156,TVCL,49,56,20.0,547.0,10940.0,2024-02-07
2024020701037155,IHL,21,58,200.0,350.3,70060.0,2024-02-07
2024020701037154,IHL,21,66,100.0,350.0,35000.0,2024-02-07
2024020704011098,UPPER,7,47,27.0,210.9,5694.3,2024-02-07
2024020703006245,GBBL,39,13,93.0,381.0,35433.0,2024-02-07
2024020703006244,GBBL,39,33,160.0,380.9,60944.0,2024-02-07
2024020703006243,GBBL,39,49,47.0,380.5,17883.5,2024-02-07
2024020705010047,NIFRA,29,39,64.0,224.8,14387.2,2024-02-07
2024020701037153,MSHL,25,54,10.0,698.0,6980.0,2024-02-07
2024020704011097,AKJCL,38,42,154.0,230.5,35497.0,2024-02-07
2024020704011096,AKJCL,4,42,170.0,230.6,39202.0,2024-02-07
2024020701037152,MEHL,38,14,436.0,299.0,130364.0,2024-02-07
2024020701037151,MEHL,58,14,64.0,299.5,19168.0,2024-02-07
2024020701037150,MANDU,14,22,10.0,692.0,6920.0,2024-02-07
2024020701037149,MANDU,14,3,10.0,691.0,6910.0,2024-02-07
2024020701037148,TPC,48,38,10.0,565.0,5650.0,2024-02-07
2024020701037147,SRLI,38,59,100.0,461.9,46190.0,2024-02-07
2024020701037146,SRLI,38,42,10.0,461.5,4615.0,2024-02-07
2024020701037145,SRLI,38,58,30.0,461.5,13845.0,2024-02-07
2024020701037144,SRLI,38,59,10.0,461.5,4615.0,2024-02-07
2024020703006242,RLFL,50,34,200.0,366.0,73200.0,2024-02-07
2024020701037143,IHL,16,66,105.0,350.0,36750.0,2024-02-07
2024020701037142,IHL,32,66,295.0,350.2,103309.0,2024-02-07
2024020701037141,NBL,47,21,20.0,231.5,4630.0,2024-02-07
2024020701037140,MEHL,58,35,10.0,299.5,2995.0,2024-02-07
2024020701037139,SGHC,85,35,10.0,310.0,3100.0,2024-02-07
2024020701037138,SMJC,45,39,100.0,367.3,36730.0,2024-02-07
2024020704011095,UPPER,38,84,77.0,210.7,16223.9,2024-02-07
2024020701037137,MEHL,39,22,10.0,300.0,3000.0,2024-02-07
2024020701037136,MEHL,39,58,10.0,300.0,3000.0,2024-02-07
2024020701037135,MEHL,39,6,10.0,300.0,3000.0,2024-02-07
2024020705010046,HRL,34,41,30.0,696.0,20880.0,2024-02-07
2024020704011094,KPCL,62,49,100.0,435.0,43500.0,2024-02-07
2024020704011093,NLG,56,39,18.0,826.0,14868.0,2024-02-07
2024020704011092,NLG,56,51,45.0,826.0,37170.0,2024-02-07
2024020701037134,HDL,29,53,29.0,1608.1,46634.9,2024-02-07
2024020701037133,HDL,51,53,10.0,1610.0,16100.0,2024-02-07
2024020705010045,HRL,34,39,30.0,696.0,20880.0,2024-02-07
2024020701037132,BHL,65,32,10.0,308.0,3080.0,2024-02-07
2024020704011091,RADHI,67,32,453.0,275.9,124982.7,2024-02-07
2024020704011090,RADHI,67,42,20.0,275.9,5518.0,2024-02-07
2024020704011089,RADHI,67,43,500.0,275.2,137600.0,2024-02-07
2024020704011088,RADHI,67,34,180.0,275.0,49500.0,2024-02-07
2024020704011087,RADHI,67,39,50.0,275.0,13750.0,2024-02-07
2024020704011086,RADHI,67,43,43.0,275.0,11825.0,2024-02-07
2024020704011085,RADHI,67,45,254.0,275.0,69850.0,2024-02-07
2024020701037131,HATHY,55,21,285.0,974.0,277590.0,2024-02-07
2024020701037130,HATHY,55,19,165.0,973.9,160693.5,2024-02-07
2024020701037129,HATHY,55,5,50.0,972.2,48610.0,2024-02-07
2024020701037128,MEL,63,41,272.0,229.9,62532.8,2024-02-07
2024020701037127,MEL,63,72,100.0,229.9,22990.0,2024-02-07
2024020701037126,MEL,63,35,1000.0,229.8,229800.0,2024-02-07
2024020701037125,MEL,63,42,260.0,229.8,59748.0,2024-02-07
2024020701037124,MEL,63,42,205.0,229.0,46945.0,2024-02-07
2024020701037123,MEL,63,13,20.0,229.0,4580.0,2024-02-07
2024020701037122,MEL,63,38,50.0,229.0,11450.0,2024-02-07
2024020701037121,MEL,63,94,93.0,229.0,21297.0,2024-02-07
2024020701037120,SONA,74,17,40.0,478.0,19120.0,2024-02-07
2024020701037119,HBL,34,32,280.0,200.0,56000.0,2024-02-07
2024020701037118,NRM,6,56,50.0,388.0,19400.0,2024-02-07
2024020704011084,AKPL,56,16,60.0,195.2,11712.0,2024-02-07
2024020704011083,AKPL,1,16,50.0,195.4,9770.0,2024-02-07
2024020704011082,UPCL,58,35,90.0,233.7,21033.0,2024-02-07
2024020704011081,UPCL,38,35,10.0,234.0,2340.0,2024-02-07
2024020704011080,AHPC,58,19,120.0,207.5,24900.0,2024-02-07
2024020704011079,AHPC,58,19,760.0,207.5,157700.0,2024-02-07
2024020704011078,UPCL,58,6,100.0,236.0,23600.0,2024-02-07
2024020701037117,VLUCL,58,33,10.0,520.1,5201.0,2024-02-07
2024020704011077,NICL,48,1,155.0,890.1,137965.5,2024-02-07
2024020704011076,NICL,69,1,95.0,890.2,84569.0,2024-02-07
2024020704011075,NICL,14,1,50.0,890.5,44525.0,2024-02-07
2024020704011074,NICL,34,1,50.0,890.5,44525.0,2024-02-07
2024020704011073,NICL,87,1,150.0,890.6,133590.0,2024-02-07
2024020701037116,DORDI,77,29,10.0,427.1,4271.0,2024-02-07
2024020703006241,BFC,29,35,140.0,330.0,46200.0,2024-02-07
2024020703006240,BFC,29,55,10.0,330.0,3300.0,2024-02-07
2024020703006239,GBBL,48,49,24.0,380.5,9132.0,2024-02-07
2024020701037115,MHCL,94,28,60.0,520.1,31206.0,2024-02-07
2024020701037114,MHCL,62,28,440.0,520.1,228844.0,2024-02-07
2024020705010044,HRL,38,37,10.0,696.2,6962.0,2024-02-07
2024020703006238,ACLBSL,62,55,13.0,625.1,8126.3,2024-02-07
2024020704011072,BARUN,10,36,10.0,277.8,2778.0,2024-02-07
2024020704011071,RIDI,17,44,100.0,219.0,21900.0,2024-02-07
2024020704011070,RIDI,6,44,200.0,219.0,43800.0,2024-02-07
2024020704011069,RIDI,56,44,200.0,219.0,43800.0,2024-02-07
2024020704011068,RIDI,56,44,500.0,219.0,109500.0,2024-02-07
2024020704011067,RIDI,57,44,50.0,219.0,10950.0,2024-02-07
2024020704011066,RIDI,38,44,145.0,219.0,31755.0,2024-02-07
2024020703006237,NICLBSL,42,37,10.0,595.0,5950.0,2024-02-07
2024020701037113,MAKAR,58,7,500.0,442.0,221000.0,2024-02-07
2024020701037112,SIKLES,71,39,90.0,520.0,46800.0,2024-02-07
2024020701037111,SIKLES,71,33,10.0,520.0,5200.0,2024-02-07
2024020704011065,BPCL,57,25,57.0,315.0,17955.0,2024-02-07
2024020704011064,UNHPL,58,21,100.0,249.4,24940.0,2024-02-07
2024020701037110,ULHC,58,11,10.0,315.0,3150.0,2024-02-07
2024020701037109,SNLI,55,52,124.0,595.3,73817.2,2024-02-07
2024020704011063,LEC,89,39,10.0,214.0,2140.0,2024-02-07
2024020704011062,API,42,57,495.0,203.0,100485.0,2024-02-07
2024020701037108,LSL,36,47,64.0,165.9,10617.6,2024-02-07
2024020701037107,LSL,21,47,55.0,165.9,9124.5,2024-02-07
2024020701037106,LSL,8,47,155.0,165.9,25714.5,2024-02-07
2024020701037105,LSL,36,47,26.0,166.0,4316.0,2024-02-07
2024020701037104,MSHL,39,4,10.0,689.0,6890.0,2024-02-07
2024020701037103,CKHL,32,65,60.0,515.0,30900.0,2024-02-07
2024020701037102,CKHL,49,65,20.0,516.0,10320.0,2024-02-07
2024020703006236,MLBL,34,56,512.0,335.0,171520.0,2024-02-07
2024020703006235,MLBL,34,11,74.0,334.9,24782.6,2024-02-07
2024020703006234,MLBL,34,17,100.0,334.9,33490.0,2024-02-07
2024020703006233,MLBL,34,35,314.0,334.9,105158.6,2024-02-07
2024020705010043,NIFRA,42,35,20.0,224.9,4498.0,2024-02-07
2024020705010042,NIFRA,75,35,4936.0,224.9,1110106.4,2024-02-07
2024020705010041,NIFRA,26,35,124.0,225.0,27900.0,2024-02-07
2024020703006232,DDBL,33,39,754.0,781.1,588949.4,2024-02-07
2024020703006231,DDBL,7,39,10.0,781.5,7815.0,2024-02-07
2024020703006230,DDBL,44,39,10.0,781.5,7815.0,2024-02-07
2024020703006229,DDBL,58,39,10.0,781.5,7815.0,2024-02-07
2024020703006228,DDBL,44,39,216.0,782.0,168912.0,2024-02-07
2024020701037101,NBLD87,4,39,100.0,899.0,89900.0,2024-02-07
2024020705010040,CIT,33,47,30.0,2110.0,63300.0,2024-02-07
2024020705010039,CIT,33,55,50.0,2110.0,105500.0,2024-02-07
2024020705010038,CIT,33,3,20.0,2110.0,42200.0,2024-02-07
2024020705010037,CIT,33,13,15.0,2110.0,31650.0,2024-02-07
2024020705010036,CIT,33,43,10.0,2109.9,21099.0,2024-02-07
2024020705010035,CIT,33,67,10.0,2108.0,21080.0,2024-02-07
2024020705010034,CIT,33,37,30.0,2108.0,63240.0,2024-02-07
2024020705010033,CIT,33,45,10.0,2105.0,21050.0,2024-02-07
2024020705010032,CIT,33,55,25.0,2105.0,52625.0,2024-02-07
2024020704011061,PPCL,33,71,10.0,264.8,2648.0,2024-02-07
2024020703006227,KLBSL,37,58,11.0,836.0,9196.0,2024-02-07
2024020704011060,SHL,1,7,200.0,468.0,93600.0,2024-02-07
2024020704011059,AKPL,56,32,67.0,195.2,13078.4,2024-02-07
2024020704011058,AKPL,56,32,253.0,195.3,49410.9,2024-02-07
2024020701037100,BNHC,38,29,508.0,435.6,221284.8,2024-02-07
2024020701037099,PPL,6,26,132.0,378.0,49896.0,2024-02-07
2024020701037098,PPL,6,42,10.0,376.0,3760.0,2024-02-07
2024020701037097,PPL,6,43,44.0,376.0,16544.0,2024-02-07
2024020701037096,PPL,6,34,10.0,376.0,3760.0,2024-02-07
2024020701037095,PPL,6,45,54.0,376.0,20304.0,2024-02-07
2024020701037094,SCB,58,38,20.0,536.0,10720.0,2024-02-07
2024020701037093,SCB,21,38,10.0,536.5,5365.0,2024-02-07
2024020701037092,KDL,77,19,64.0,824.0,52736.0,2024-02-07
2024020701037091,KDL,77,50,96.0,817.0,78432.0,2024-02-07
2024020701037090,KDL,77,81,10.0,816.0,8160.0,2024-02-07
2024020701037089,KDL,77,6,20.0,815.0,16300.0,2024-02-07
2024020701037088,KDL,77,36,10.0,815.0,8150.0,2024-02-07
2024020701037087,PPL,5,49,10.0,375.5,3755.0,2024-02-07
2024020701037086,SANIMA,49,34,20.0,246.0,4920.0,2024-02-07
2024020701037085,USHEC,57,43,200.0,362.0,72400.0,2024-02-07
2024020701037084,ILI,59,80,200.0,560.1,112020.0,2024-02-07
2024020701037083,SHIVM,45,13,20.0,503.0,10060.0,2024-02-07
2024020703006226,CBBL,43,16,25.0,855.1,21377.5,2024-02-07
2024020703006225,HLBSL,35,16,10.0,604.0,6040.0,2024-02-07
2024020704011057,RBCL,57,38,10.0,14026.0,140260.0,2024-02-07
2024020701037082,DOLTI,57,43,10.0,357.0,3570.0,2024-02-07
2024020703006224,LLBS,49,21,10.0,783.9,7839.0,2024-02-07
2024020701037081,SMJC,45,49,10.0,367.3,3673.0,2024-02-07
2024020703006223,ALICL,17,49,90.0,682.0,61380.0,2024-02-07
2024020703006222,ALICL,19,49,10.0,682.1,6821.0,2024-02-07
2024020705010031,HRL,34,8,10.0,696.0,6960.0,2024-02-07
2024020701037080,MSHL,39,28,10.0,689.0,6890.0,2024-02-07
2024020705010030,PSF,38,28,100.0,8.56,856.0,2024-02-07
2024020701037079,BHDC,42,4,10.0,477.0,4770.0,2024-02-07
2024020703006221,GFCL,53,4,50.0,441.6,22080.0,2024-02-07
2024020701037078,BGWT,65,37,375.0,632.0,237000.0,2024-02-07
2024020701037077,BGWT,65,28,400.0,632.0,252800.0,2024-02-07
2024020701037076,BGWT,65,34,100.0,632.0,63200.0,2024-02-07
2024020701037075,BGWT,65,42,10.0,632.0,6320.0,2024-02-07
2024020701037074,BGWT,65,42,10.0,632.0,6320.0,2024-02-07
2024020701037073,BGWT,65,32,25.0,630.0,15750.0,2024-02-07
2024020701037072,BGWT,65,28,40.0,629.0,25160.0,2024-02-07
2024020701037071,BGWT,65,49,10.0,625.0,6250.0,2024-02-07
2024020701037070,BGWT,65,58,20.0,625.0,12500.0,2024-02-07
2024020701037069,BGWT,65,32,10.0,624.0,6240.0,2024-02-07
2024020704011056,UMRH,4,43,1000.0,392.3,392300.0,2024-02-07
2024020701037068,RNLI,1,56,10.0,470.1,4701.0,2024-02-07
2024020703006220,KSBBL,45,36,200.0,357.0,71400.0,2024-02-07
2024020704011055,SHPC,36,45,200.0,360.0,72000.0,2024-02-07
2024020704011054,SHPC,36,41,100.0,360.0,36000.0,2024-02-07
2024020705010029,CHDC,32,33,170.0,977.1,166107.0,2024-02-07
2024020705010028,NMB50,33,29,100.0,9.29,929.0,2024-02-07
2024020703006219,MFIL,54,1,60.0,515.0,30900.0,2024-02-07
2024020704011053,NGPL,52,46,489.0,337.9,165233.1,2024-02-07
2024020704011052,NGPL,52,43,500.0,337.9,168950.0,2024-02-07
2024020703006218,SAPDBL,58,29,10.0,257.0,2570.0,2024-02-07
2024020704011051,RADHI,58,48,32.0,274.9,8796.8,2024-02-07
2024020703006217,RLFL,49,34,13.0,366.0,4758.0,2024-02-07
2024020703006216,RLFL,49,32,487.0,366.0,178242.0,2024-02-07
2024020701037067,VLUCL,58,42,10.0,520.1,5201.0,2024-02-07
2024020701037066,SMHL,49,42,10.0,458.4,4584.0,2024-02-07
2024020705010027,CIT,14,55,15.0,2105.0,31575.0,2024-02-07
2024020705010026,NIFRA,26,32,54.0,225.0,12150.0,2024-02-07
2024020705010025,NIFRA,26,48,54.0,225.0,12150.0,2024-02-07
2024020705010024,NIFRA,26,45,64.0,225.0,14400.0,2024-02-07
2024020705010023,NIFRA,26,13,304.0,225.0,68400.0,2024-02-07
2024020701037065,CLI,13,54,40.0,467.6,18704.0,2024-02-07
2024020704011050,API,74,57,473.0,203.0,96019.0,2024-02-07
2024020704011049,API,74,45,4000.0,203.0,812000.0,2024-02-07
2024020704011048,API,74,17,10.0,203.0,2030.0,2024-02-07
2024020704011047,API,74,6,258.0,202.9,52348.2,2024-02-07
2024020704011046,API,74,47,20.0,202.9,4058.0,2024-02-07
2024020704011045,API,74,42,239.0,202.9,48493.1,2024-02-07
2024020704011044,SALICO,62,33,10.0,687.9,6879.0,2024-02-07
2024020701037064,ILI,59,43,30.0,560.1,16803.0,2024-02-07
2024020704011043,DHPL,57,19,100.0,209.9,20990.0,2024-02-07
2024020703006215,MERO,1,5,100.0,558.9,55890.0,2024-02-07
2024020704011042,UNHPL,42,21,500.0,249.4,124700.0,2024-02-07
2024020701037063,SHLB,14,18,10.0,967.4,9674.0,2024-02-07
2024020701037062,SHLB,14,34,10.0,958.7,9587.0,2024-02-07
2024020701037061,SHLB,14,58,10.0,953.7,9537.0,2024-02-07
2024020701037060,MKHL,58,4,10.0,366.0,3660.0,2024-02-07
2024020701037059,MKHL,58,34,10.0,366.0,3660.0,2024-02-07
2024020701037058,MKHL,58,21,10.0,366.0,3660.0,2024-02-07
2024020701037057,MKHL,58,38,200.0,366.0,73200.0,2024-02-07
2024020701037056,DORDI,77,26,400.0,427.0,170800.0,2024-02-07
2024020701037055,DORDI,77,42,10.0,427.0,4270.0,2024-02-07
2024020701037054,DORDI,77,53,10.0,427.0,4270.0,2024-02-07
2024020701037053,DORDI,77,45,10.0,427.0,4270.0,2024-02-07
2024020701037052,DORDI,77,45,40.0,427.0,17080.0,2024-02-07
2024020701037051,DORDI,77,57,10.0,427.0,4270.0,2024-02-07
2024020701037050,DORDI,77,19,10.0,427.0,4270.0,2024-02-07
2024020701037049,DORDI,77,6,20.0,426.0,8520.0,2024-02-07
2024020701037048,DORDI,77,59,60.0,426.0,25560.0,2024-02-07
2024020701037047,DORDI,77,51,10.0,426.0,4260.0,2024-02-07
2024020701037046,DORDI,77,45,10.0,425.9,4259.0,2024-02-07
2024020701037045,DORDI,77,50,50.0,425.4,21270.0,2024-02-07
2024020701037044,DORDI,77,51,100.0,425.0,42500.0,2024-02-07
2024020701037043,DORDI,77,34,1000.0,425.0,425000.0,2024-02-07
2024020701037042,DORDI,77,4,700.0,425.0,297500.0,2024-02-07
2024020701037041,DORDI,77,59,10.0,425.0,4250.0,2024-02-07
2024020701037040,DORDI,77,58,10.0,425.0,4250.0,2024-02-07
2024020701037039,DORDI,77,26,1000.0,425.0,425000.0,2024-02-07
2024020701037038,DORDI,77,47,10.0,425.0,4250.0,2024-02-07
2024020701037037,DORDI,77,34,91.0,425.0,38675.0,2024-02-07
2024020701037036,DORDI,77,52,10.0,425.0,4250.0,2024-02-07
2024020701037035,DORDI,77,49,10.0,425.0,4250.0,2024-02-07
2024020701037034,DORDI,77,57,10.0,425.0,4250.0,2024-02-07
2024020701037033,DORDI,77,52,473.0,425.0,201025.0,2024-02-07
2024020701037032,DORDI,77,58,10.0,425.0,4250.0,2024-02-07
2024020701037031,DORDI,77,42,10.0,425.0,4250.0,2024-02-07
2024020701037030,DORDI,77,45,60.0,425.0,25500.0,2024-02-07
2024020701037029,DORDI,77,17,250.0,425.0,106250.0,2024-02-07
2024020701037028,DORDI,77,42,10.0,425.0,4250.0,2024-02-07
2024020701037027,DORDI,77,17,10.0,425.0,4250.0,2024-02-07
2024020701037026,DORDI,77,38,100.0,425.0,42500.0,2024-02-07
2024020701037025,DORDI,77,42,100.0,425.0,42500.0,2024-02-07
2024020701037024,DORDI,77,49,10.0,425.0,4250.0,2024-02-07
2024020701037023,DORDI,77,42,200.0,425.0,85000.0,2024-02-07
2024020701037022,DORDI,77,36,10.0,425.0,4250.0,2024-02-07
2024020701037021,DORDI,77,58,10.0,425.0,4250.0,2024-02-07
2024020701037020,DORDI,77,50,1000.0,425.0,425000.0,2024-02-07
2024020701037019,DORDI,77,57,10.0,425.0,4250.0,2024-02-07
2024020701037018,PRVU,44,43,10.0,154.3,1543.0,2024-02-07
2024020701037017,SPHL,45,55,200.0,480.0,96000.0,2024-02-07
2024020705010022,HRL,34,57,20.0,696.0,13920.0,2024-02-07
2024020701037016,AVYAN,26,74,141.0,605.0,85305.0,2024-02-07
2024020701037015,AVYAN,26,57,59.0,605.0,35695.0,2024-02-07
2024020704011041,RADHI,57,65,16.0,274.0,4384.0,2024-02-07
2024020704011040,RADHI,58,65,284.0,274.1,77844.4,2024-02-07
2024020704011039,AKPL,5,38,10.0,195.9,1959.0,2024-02-07
2024020703006214,HLI,50,62,400.0,409.6,163840.0,2024-02-07
2024020704011038,RURU,49,51,12.0,716.0,8592.0,2024-02-07
2024020703006213,MPFL,55,44,43.0,348.0,14964.0,2024-02-07
2024020703006212,MPFL,25,44,10.0,348.0,3480.0,2024-02-07
2024020701037014,VLUCL,58,21,10.0,520.1,5201.0,2024-02-07
2024020701037013,CLI,13,21,10.0,467.6,4676.0,2024-02-07
2024020705010021,HRL,35,20,20.0,696.0,13920.0,2024-02-07
2024020704011037,NGPL,8,17,50.0,336.5,16825.0,2024-02-07
2024020701037012,BHPL,49,21,10.0,492.0,4920.0,2024-02-07
2024020704011036,MEN,49,21,50.0,644.0,32200.0,2024-02-07
2024020704011035,MEN,49,58,428.0,644.0,275632.0,2024-02-07
2024020703006211,SWBBL,41,8,10.0,735.2,7352.0,2024-02-07
2024020704011034,DHPL,58,4,10.0,210.0,2100.0,2024-02-07
2024020701037011,MBJC,42,58,10.0,324.5,3245.0,2024-02-07
2024020705010020,NRN,66,34,30.0,592.0,17760.0,2024-02-07
2024020704011033,AHPC,58,56,500.0,207.5,103750.0,2024-02-07
2024020701037010,SMHL,16,58,10.0,464.0,4640.0,2024-02-07
2024020701037009,SMHL,16,44,10.0,462.0,4620.0,2024-02-07
2024020701037008,SMHL,16,38,10.0,462.0,4620.0,2024-02-07
2024020701037007,SMHL,16,77,10.0,460.0,4600.0,2024-02-07
2024020701037006,NIBD2082,42,39,20.0,1020.0,20400.0,2024-02-07
2024020701037005,MKHC,35,25,10.0,283.9,2839.0,2024-02-07
2024020705010019,HRL,35,35,10.0,696.0,6960.0,2024-02-07
2024020701037004,IHL,32,59,10.0,350.2,3502.0,2024-02-07
2024020705010018,CIT,49,55,10.0,2105.0,21050.0,2024-02-07
2024020704011032,SALICO,47,33,114.0,687.9,78420.6,2024-02-07
2024020704011031,SALICO,47,44,100.0,687.9,68790.0,2024-02-07
2024020704011030,UPCL,56,42,150.0,233.5,35025.0,2024-02-07
2024020704011029,UPCL,6,42,50.0,233.6,11680.0,2024-02-07
2024020704011028,SPIL,42,34,1255.0,705.0,884775.0,2024-02-07
2024020704011027,SPIL,42,34,22.0,701.1,15424.2,2024-02-07
2024020701037003,NRM,6,38,10.0,388.0,3880.0,2024-02-07
2024020701037002,PHCL,42,58,10.0,324.3,3243.0,2024-02-07
2024020703006210,MMFDB,48,34,10.0,570.0,5700.0,2024-02-07
2024020705010017,NTC,43,43,10.0,890.0,8900.0,2024-02-07
2024020705010016,NTC,43,1,130.0,890.0,115700.0,2024-02-07
2024020701037001,SAHAS,43,58,20.0,567.9,11358.0,2024-02-07
2024020701037000,SAHAS,43,59,10.0,566.0,5660.0,2024-02-07
2024020701036999,PCBL,7,3,12.0,201.3,2415.6,2024-02-07
2024020704011026,CHL,45,41,100.0,300.0,30000.0,2024-02-07
2024020704011025,CGH,35,45,310.0,920.1,285231.0,2024-02-07
2024020704011024,CGH,49,45,50.0,921.3,46065.0,2024-02-07
2024020704011023,CGH,38,45,10.0,921.3,9213.0,2024-02-07
2024020704011022,CGH,56,45,30.0,921.4,27642.0,2024-02-07
2024020704011021,CGH,10,45,100.0,922.0,92200.0,2024-02-07
2024020704011020,GHL,28,39,200.0,183.2,36640.0,2024-02-07
2024020701036998,KBL,25,25,295.0,149.1,43984.5,2024-02-07
2024020701036997,KBL,56,25,112.0,149.1,16699.2,2024-02-07
2024020701036996,KBL,32,25,325.0,149.2,48490.0,2024-02-07
2024020701036995,KBL,40,25,2000.0,149.2,298400.0,2024-02-07
2024020701036994,KBL,40,25,200.0,149.2,29840.0,2024-02-07
2024020701036993,KBL,45,25,3000.0,149.3,447900.0,2024-02-07
2024020701036992,KBL,36,25,1000.0,149.4,149400.0,2024-02-07
2024020701036991,KBL,81,25,568.0,149.5,84916.0,2024-02-07
2024020701036990,PHCL,42,33,25.0,324.3,8107.5,2024-02-07
2024020701036989,PHCL,59,33,25.0,324.3,8107.5,2024-02-07
2024020705010015,NIFRA,75,59,64.0,224.9,14393.6,2024-02-07
2024020701036988,MMKJL,1,48,10.0,422.8,4228.0,2024-02-07
2024020705010014,NRN,49,34,31.0,592.0,18352.0,2024-02-07
2024020701036987,MAKAR,72,70,10.0,444.0,4440.0,2024-02-07
2024020701036986,DORDI,77,22,126.0,424.9,53537.4,2024-02-07
2024020701036985,IHL,5,58,40.0,350.3,14012.0,2024-02-07
2024020703006209,FMDBL,62,52,297.0,624.9,185595.3,2024-02-07
2024020703006208,FMDBL,62,41,50.0,624.5,31225.0,2024-02-07
2024020703006207,FMDBL,62,56,30.0,623.0,18690.0,2024-02-07
2024020703006206,FMDBL,62,10,73.0,622.0,45406.0,2024-02-07
2024020703006205,FMDBL,62,43,25.0,622.0,15550.0,2024-02-07
2024020703006204,FMDBL,62,87,35.0,620.0,21700.0,2024-02-07
2024020703006203,SWMF,33,16,80.0,705.0,56400.0,2024-02-07
2024020704011019,API,36,42,261.0,202.9,52956.9,2024-02-07
2024020704011018,API,36,10,239.0,202.8,48469.2,2024-02-07
2024020704011017,NHPC,48,45,300.0,168.5,50550.0,2024-02-07
2024020701036984,MBJC,45,55,209.0,325.0,67925.0,2024-02-07
2024020701036983,MBJC,45,57,10.0,325.0,3250.0,2024-02-07
2024020701036982,NYADI,64,66,10.0,280.1,2801.0,2024-02-07
2024020701036981,NYADI,64,38,10.0,280.0,2800.0,2024-02-07
2024020701036980,NYADI,64,39,10.0,280.0,2800.0,2024-02-07
2024020701036979,NYADI,64,39,10.0,280.0,2800.0,2024-02-07
2024020701036978,NYADI,64,35,50.0,280.0,14000.0,2024-02-07
2024020701036977,NYADI,64,1,10.0,279.8,2798.0,2024-02-07
2024020701036976,SONA,43,17,10.0,478.0,4780.0,2024-02-07
2024020701036975,SONA,45,17,200.0,478.0,95600.0,2024-02-07
2024020701036974,SONA,47,17,50.0,478.0,23900.0,2024-02-07
2024020704011016,AKJCL,38,48,435.0,230.5,100267.5,2024-02-07
2024020704011015,AKJCL,21,48,65.0,230.5,14982.5,2024-02-07
2024020701036973,NIMB,49,29,18.0,171.7,3090.6,2024-02-07
2024020703006202,ALICL,32,33,10.0,684.0,6840.0,2024-02-07
2024020701036972,ILI,42,1,10.0,563.0,5630.0,2024-02-07
2024020701036971,ILI,42,46,10.0,563.0,5630.0,2024-02-07
2024020704011014,UPCL,46,6,318.0,236.0,75048.0,2024-02-07
2024020704011013,UPCL,46,36,182.0,236.0,42952.0,2024-02-07
2024020701036970,SONA,38,7,10.0,479.0,4790.0,2024-02-07
2024020701036969,SONA,38,58,10.0,478.1,4781.0,2024-02-07
2024020701036968,SONA,38,49,10.0,478.1,4781.0,2024-02-07
2024020701036967,SONA,38,34,10.0,478.1,4781.0,2024-02-07
2024020701036966,CLI,13,38,10.0,467.6,4676.0,2024-02-07
2024020705010013,HRL,35,29,10.0,696.0,6960.0,2024-02-07
2024020703006201,ICFC,42,50,90.0,484.0,43560.0,2024-02-07
2024020703006200,ICFC,21,50,20.0,484.0,9680.0,2024-02-07
2024020703006199,ICFC,45,50,30.0,484.0,14520.0,2024-02-07
2024020704011012,UPCL,58,36,118.0,236.0,27848.0,2024-02-07
2024020704011011,UPCL,58,3,553.0,235.5,130231.5,2024-02-07
2024020704011010,UPCL,58,64,30.0,235.0,7050.0,2024-02-07
2024020704011009,UPCL,58,6,200.0,235.0,47000.0,2024-02-07
2024020704011008,UPCL,58,57,50.0,235.0,11750.0,2024-02-07
2024020704011007,UPCL,58,54,100.0,235.0,23500.0,2024-02-07
2024020704011006,UPCL,58,34,550.0,235.0,129250.0,2024-02-07
2024020704011005,UPCL,58,54,400.0,234.7,93880.0,2024-02-07
2024020704011004,UPCL,58,21,700.0,234.0,163800.0,2024-02-07
2024020704011003,UPCL,58,13,2299.0,234.0,537966.0,2024-02-07
2024020701036965,CKHL,32,5,20.0,515.0,10300.0,2024-02-07
2024020703006198,NADEP,33,41,151.0,550.0,83050.0,2024-02-07
2024020703006197,NADEP,6,41,50.0,550.0,27500.0,2024-02-07
2024020703006196,NADEP,6,41,219.0,551.0,120669.0,2024-02-07
2024020701036964,IHL,5,40,480.0,350.3,168144.0,2024-02-07
2024020701036963,IHL,7,40,20.0,350.4,7008.0,2024-02-07
2024020703006195,GMFIL,49,21,200.0,355.0,71000.0,2024-02-07
2024020703006194,GMFIL,38,21,300.0,355.1,106530.0,2024-02-07
2024020701036962,CLI,20,47,10.0,467.9,4679.0,2024-02-07
2024020704011002,AHPC,58,45,240.0,207.5,49800.0,2024-02-07
2024020704011001,AHPC,58,45,60.0,207.5,12450.0,2024-02-07
2024020703006193,SDLBSL,42,57,65.0,612.0,39780.0,2024-02-07
2024020703006192,SDLBSL,32,57,35.0,612.6,21441.0,2024-02-07
2024020703006191,HLI,57,35,930.0,410.0,381300.0,2024-02-07
2024020703006190,HLI,57,55,70.0,410.0,28700.0,2024-02-07
2024020704011000,JOSHI,5,57,680.0,269.0,182920.0,2024-02-07
2024020704010999,AKPL,45,57,433.0,195.1,84478.3,2024-02-07
2024020704010998,AKPL,5,57,67.0,195.1,13071.7,2024-02-07
2024020701036961,MEL,72,57,10.0,228.5,2285.0,2024-02-07
2024020701036960,SONA,47,70,200.0,478.0,95600.0,2024-02-07
2024020701036959,SONA,45,70,300.0,478.0,143400.0,2024-02-07
2024020704010997,API,21,6,200.0,202.7,40540.0,2024-02-07
2024020705010012,NRIC,85,6,270.0,801.0,216270.0,2024-02-07
2024020705010011,NRIC,58,6,100.0,801.0,80100.0,2024-02-07
2024020705010010,NRIC,34,6,30.0,801.1,24033.0,2024-02-07
2024020705010009,NRIC,65,6,100.0,801.2,80120.0,2024-02-07
2024020705010008,HRL,53,32,10.0,696.1,6961.0,2024-02-07
2024020701036958,RNLI,42,49,90.0,471.8,42462.0,2024-02-07
2024020701036957,RNLI,42,7,10.0,471.5,4715.0,2024-02-07
2024020701036956,RNLI,42,58,10.0,471.5,4715.0,2024-02-07
2024020701036955,RNLI,42,21,10.0,471.1,4711.0,2024-02-07
2024020701036954,RNLI,42,38,380.0,471.0,178980.0,2024-02-07
2024020704010996,SHPC,42,41,100.0,360.0,36000.0,2024-02-07
2024020703006189,JFL,59,13,200.0,368.0,73600.0,2024-02-07
2024020701036953,IHL,74,41,326.0,352.0,114752.0,2024-02-07
2024020701036952,IHL,74,54,10.0,352.0,3520.0,2024-02-07
2024020701036951,IHL,74,6,573.0,352.0,201696.0,2024-02-07
2024020701036950,IHL,74,95,11.0,351.9,3870.9,2024-02-07
2024020701036949,IHL,74,58,70.0,351.9,24633.0,2024-02-07
2024020701036948,IHL,74,51,10.0,351.0,3510.0,2024-02-07
2024020705010007,CIT,41,55,10.0,2105.0,21050.0,2024-02-07
2024020701036947,VLUCL,58,58,10.0,520.1,5201.0,2024-02-07
2024020701036946,MHCL,62,6,50.0,524.0,26200.0,2024-02-07
2024020703006188,NLIC,22,11,10.0,625.0,6250.0,2024-02-07
2024020703006187,NLIC,45,11,10.0,625.0,6250.0,2024-02-07
2024020703006186,NLIC,25,11,31.0,625.0,19375.0,2024-02-07
2024020701036945,BEDC,58,51,250.0,342.0,85500.0,2024-02-07
2024020703006185,SHINE,45,21,59.0,388.0,22892.0,2024-02-07
2024020703006184,SHINE,4,21,91.0,388.0,35308.0,2024-02-07
2024020701036944,NWCL,49,19,10.0,765.0,7650.0,2024-02-07
2024020701036943,RHGCL,57,42,138.0,299.0,41262.0,2024-02-07
2024020701036942,RHGCL,57,42,10.0,299.0,2990.0,2024-02-07
2024020701036941,RHGCL,57,53,10.0,299.0,2990.0,2024-02-07
2024020701036940,RHGCL,57,52,142.0,299.0,42458.0,2024-02-07
2024020701036939,RHGCL,57,8,100.0,298.0,29800.0,2024-02-07
2024020701036938,RHGCL,57,49,10.0,298.0,2980.0,2024-02-07
2024020701036937,RHGCL,57,58,10.0,298.0,2980.0,2024-02-07
2024020701036936,RHGCL,57,58,80.0,298.0,23840.0,2024-02-07
2024020704010995,GHL,26,52,50.0,184.0,9200.0,2024-02-07
2024020701036935,HATHY,55,19,110.0,973.9,107129.0,2024-02-07
2024020701036934,HATHY,55,62,390.0,973.0,379470.0,2024-02-07
2024020705010006,NIFRA,55,13,150.0,225.0,33750.0,2024-02-07
2024020701036933,CLI,13,3,10.0,467.6,4676.0,2024-02-07
2024020701036932,VLUCL,58,34,10.0,520.1,5201.0,2024-02-07
2024020701036931,TPC,7,26,10.0,569.8,5698.0,2024-02-07
2024020701036930,SNLI,55,21,170.0,595.3,101201.0,2024-02-07
2024020701036929,SNLI,34,21,70.0,595.4,41678.0,2024-02-07
2024020701036928,CYCL,54,39,13.0,1111.0,14443.0,2024-02-07
2024020701036927,ILI,69,46,120.0,563.0,67560.0,2024-02-07
2024020701036926,ILI,69,62,80.0,563.0,45040.0,2024-02-07
2024020701036925,MEHL,32,6,90.0,300.0,27000.0,2024-02-07
2024020701036924,MEHL,32,45,10.0,300.0,3000.0,2024-02-07
2024020701036923,MEHL,32,58,50.0,300.0,15000.0,2024-02-07
2024020701036922,MEHL,32,21,10.0,300.0,3000.0,2024-02-07
2024020701036921,MEHL,32,1,10.0,300.0,3000.0,2024-02-07
2024020701036920,MEHL,32,49,10.0,300.0,3000.0,2024-02-07
2024020701036919,MEHL,32,69,310.0,300.0,93000.0,2024-02-07
2024020701036918,MEHL,32,58,10.0,299.9,2999.0,2024-02-07
2024020701036917,MEHL,32,28,100.0,299.9,29990.0,2024-02-07
2024020701036916,BEDC,42,56,10.0,345.2,3452.0,2024-02-07
2024020701036915,BEDC,42,7,10.0,345.0,3450.0,2024-02-07
2024020701036914,BEDC,42,4,10.0,343.0,3430.0,2024-02-07
2024020701036913,HATHY,42,62,100.0,973.0,97300.0,2024-02-07
2024020704010994,LEC,55,42,112.0,212.1,23755.2,2024-02-07
2024020704010993,LEC,54,42,150.0,212.5,31875.0,2024-02-07
2024020704010992,LEC,46,42,1000.0,213.0,213000.0,2024-02-07
2024020704010991,LEC,33,42,70.0,213.0,14910.0,2024-02-07
2024020704010990,LEC,56,42,100.0,213.0,21300.0,2024-02-07
2024020704010989,LEC,57,42,568.0,213.0,120984.0,2024-02-07
2024020704010988,RIDI,38,55,580.0,219.0,127020.0,2024-02-07
2024020704010987,RIDI,5,55,420.0,219.1,92022.0,2024-02-07
2024020701036912,NICA,47,34,20.0,479.0,9580.0,2024-02-07
2024020701036911,TAMOR,49,77,10.0,397.0,3970.0,2024-02-07
2024020701036910,NICA,13,29,20.0,478.7,9574.0,2024-02-07
2024020701036909,NICA,22,29,100.0,478.7,47870.0,2024-02-07
2024020701036908,NICA,35,29,50.0,478.8,23940.0,2024-02-07
2024020701036907,NICA,21,29,45.0,478.8,21546.0,2024-02-07
2024020701036906,SGHC,85,41,325.0,310.0,100750.0,2024-02-07
2024020701036905,SGHC,52,41,165.0,310.0,51150.0,2024-02-07
2024020701036904,SGHC,22,41,10.0,310.0,3100.0,2024-02-07
2024020701036903,BEDC,58,58,30.0,342.0,10260.0,2024-02-07
2024020704010986,MEN,34,56,40.0,643.0,25720.0,2024-02-07
2024020704010985,NLG,53,10,20.0,826.0,16520.0,2024-02-07
2024020704010984,SSHL,35,4,129.0,180.0,23220.0,2024-02-07
2024020701036902,IHL,5,45,150.0,350.3,52545.0,2024-02-07
2024020701036901,AHL,58,35,10.0,466.7,4667.0,2024-02-07
2024020701036900,SONA,45,57,10.0,478.0,4780.0,2024-02-07
2024020701036899,MEHL,38,17,330.0,299.0,98670.0,2024-02-07
2024020701036898,EHPL,8,17,30.0,470.8,14124.0,2024-02-07
2024020703006183,ALICL,81,33,59.0,684.0,40356.0,2024-02-07
2024020703006182,ALICL,81,65,41.0,684.0,28044.0,2024-02-07
2024020703006181,GMFIL,49,51,10.0,355.9,3559.0,2024-02-07
2024020701036897,VLUCL,58,38,10.0,520.1,5201.0,2024-02-07
2024020701036896,NICA,62,34,50.0,479.0,23950.0,2024-02-07
2024020701036895,MEL,62,41,100.0,228.4,22840.0,2024-02-07
2024020701036894,SMJC,45,3,100.0,367.3,36730.0,2024-02-07
2024020701036893,MBL,58,29,71.0,186.7,13255.7,2024-02-07
2024020703006180,SINDU,51,34,600.0,308.2,184920.0,2024-02-07
2024020704010983,GLH,22,34,150.0,250.1,37515.0,2024-02-07
2024020701036892,MHCL,62,39,10.0,520.1,5201.0,2024-02-07
2024020703006179,SADBL,19,43,100.0,307.9,30790.0,2024-02-07
2024020704010982,IGI,58,35,300.0,561.3,168390.0,2024-02-07
2024020704010981,PPCL,49,45,140.0,262.5,36750.0,2024-02-07
2024020704010980,PPCL,58,45,160.0,264.0,42240.0,2024-02-07
2024020704010979,SPIL,58,45,27.0,701.0,18927.0,2024-02-07
2024020704010978,LEC,57,61,10.0,213.0,2130.0,2024-02-07
2024020701036891,PCBL,51,47,60.0,201.2,12072.0,2024-02-07
2024020701036890,MKJC,42,38,10.0,463.0,4630.0,2024-02-07
2024020701036889,GVL,45,4,10.0,451.0,4510.0,2024-02-07
2024020701036888,RNLI,1,58,90.0,470.1,42309.0,2024-02-07
2024020701036887,RNLI,6,58,10.0,470.1,4701.0,2024-02-07
2024020704010977,NICL,37,32,30.0,892.0,26760.0,2024-02-07
2024020703006178,HLI,50,45,68.0,409.6,27852.8,2024-02-07
2024020701036886,SCB,58,25,23.0,536.0,12328.0,2024-02-07
2024020704010976,SGIC,19,33,161.0,529.0,85169.0,2024-02-07
2024020704010975,SGIC,29,33,39.0,529.0,20631.0,2024-02-07
2024020704010974,HEI,34,33,100.0,587.5,58750.0,2024-02-07
2024020704010973,HEI,53,33,300.0,587.6,176280.0,2024-02-07
2024020704010972,HEI,17,33,100.0,587.7,58770.0,2024-02-07
2024020703006177,JSLBB,33,18,10.0,867.2,8672.0,2024-02-07
2024020704010971,LEC,57,17,15.0,213.0,3195.0,2024-02-07
2024020701036885,RHGCL,26,58,200.0,298.0,59600.0,2024-02-07
2024020701036884,SPC,22,14,50.0,609.0,30450.0,2024-02-07
2024020701036883,SPC,62,14,20.0,609.0,12180.0,2024-02-07
2024020701036882,NABIL,42,42,98.0,476.0,46648.0,2024-02-07
2024020701036881,NABIL,42,36,100.0,476.0,47600.0,2024-02-07
2024020701036880,NABIL,42,19,84.0,476.0,39984.0,2024-02-07
2024020701036879,NABIL,42,28,118.0,475.9,56156.2,2024-02-07
2024020705010005,HRL,35,46,10.0,696.0,6960.0,2024-02-07
2024020704010970,UPCL,38,13,10.0,234.0,2340.0,2024-02-07
2024020705010004,SIGS2,4,43,5000.0,8.11,40550.0,2024-02-07
2024020704010969,PPCL,58,7,500.0,264.0,132000.0,2024-02-07
2024020704010968,PPCL,58,34,100.0,264.0,26400.0,2024-02-07
2024020704010967,PPCL,58,55,170.0,264.0,44880.0,2024-02-07
2024020704010966,PPCL,58,52,50.0,264.0,13200.0,2024-02-07
2024020704010965,PPCL,58,39,20.0,264.0,5280.0,2024-02-07
2024020701036878,RFPL,44,34,480.0,312.0,149760.0,2024-02-07
2024020701036877,RFPL,44,38,10.0,312.0,3120.0,2024-02-07
2024020701036876,RFPL,44,28,10.0,312.0,3120.0,2024-02-07
2024020701036875,MCHL,35,16,50.0,345.0,17250.0,2024-02-07
2024020705010003,HRL,35,16,10.0,696.0,6960.0,2024-02-07
2024020705010002,HIDCL,84,57,200.0,185.5,37100.0,2024-02-07
2024020701036874,SPHL,36,55,40.0,480.0,19200.0,2024-02-07
2024020704010964,KKHC,34,38,10.0,241.0,2410.0,2024-02-07
2024020704010963,SHL,33,7,100.0,468.0,46800.0,2024-02-07
2024020704010962,SHL,33,46,100.0,467.9,46790.0,2024-02-07
2024020705010001,NRIC,49,35,50.0,801.4,40070.0,2024-02-07
2024020705010000,NRIC,49,21,44.0,801.3,35257.2,2024-02-07
2024020703006176,JBBL,29,49,39.0,301.0,11739.0,2024-02-07
2024020701036873,MANDU,41,42,10.0,690.1,6901.0,2024-02-07
2024020703006175,HLI,50,47,150.0,409.6,61440.0,2024-02-07
2024020703006174,HLI,50,47,350.0,409.8,143430.0,2024-02-07
2024020704010961,HDHPC,13,22,400.0,148.9,59560.0,2024-02-07
2024020703006173,NABBC,29,41,50.0,403.0,20150.0,2024-02-07
2024020703006172,ICFC,11,32,20.0,486.0,9720.0,2024-02-07
2024020703006171,SAPDBL,28,43,100.0,256.0,25600.0,2024-02-07
2024020705009999,HIDCL,17,57,100.0,185.5,18550.0,2024-02-07
2024020705009998,HIDCL,26,57,200.0,185.5,37100.0,2024-02-07
2024020705009997,HIDCL,45,57,720.0,185.5,133560.0,2024-02-07
2024020704010960,NHDL,45,50,10.0,439.0,4390.0,2024-02-07
2024020704010959,NHDL,45,34,35.0,437.0,15295.0,2024-02-07
2024020701036872,CLI,13,52,10.0,467.6,4676.0,2024-02-07
2024020701036871,NWCL,49,8,10.0,765.0,7650.0,2024-02-07
2024020701036870,KBL,81,39,350.0,149.5,52325.0,2024-02-07
2024020705009996,NIFRA,49,13,46.0,225.0,10350.0,2024-02-07
2024020705009995,NIFRA,49,49,54.0,225.0,12150.0,2024-02-07
2024020701036869,HDL,34,42,10.0,1610.0,16100.0,2024-02-07
2024020703006170,NUBL,62,65,40.0,647.4,25896.0,2024-02-07
2024020704010958,CHCL,50,43,10.0,492.9,4929.0,2024-02-07
2024020704010957,SALICO,47,19,20.0,687.8,13756.0,2024-02-07
2024020704010956,AHPC,58,45,14.0,207.6,2906.4,2024-02-07
2024020704010955,CHL,1,34,40.0,300.0,12000.0,2024-02-07
2024020704010954,DHPL,57,4,85.0,210.0,17850.0,2024-02-07
2024020704010953,DHPL,57,56,315.0,210.0,66150.0,2024-02-07
2024020704010952,LEC,57,48,350.0,213.0,74550.0,2024-02-07
2024020703006169,SABSL,49,56,10.0,627.0,6270.0,2024-02-07
2024020704010951,AHPC,49,52,200.0,207.6,41520.0,2024-02-07
2024020701036868,MMKJL,6,34,40.0,430.0,17200.0,2024-02-07
2024020701036867,MMKJL,6,7,10.0,430.0,4300.0,2024-02-07
2024020701036866,MMKJL,6,35,10.0,430.0,4300.0,2024-02-07
2024020701036865,MMKJL,6,38,10.0,430.0,4300.0,2024-02-07
2024020701036864,MMKJL,6,25,10.0,430.0,4300.0,2024-02-07
2024020701036863,MMKJL,6,58,10.0,430.0,4300.0,2024-02-07
2024020701036862,MMKJL,6,14,10.0,430.0,4300.0,2024-02-07
2024020701036861,MMKJL,6,17,10.0,430.0,4300.0,2024-02-07
2024020701036860,MMKJL,6,42,10.0,430.0,4300.0,2024-02-07
2024020701036859,MMKJL,6,62,10.0,430.0,4300.0,2024-02-07
2024020701036858,MMKJL,6,32,10.0,430.0,4300.0,2024-02-07
2024020701036857,MMKJL,6,45,100.0,430.0,43000.0,2024-02-07
2024020701036856,MMKJL,6,90,40.0,429.9,17196.0,2024-02-07
2024020701036855,MMKJL,6,90,40.0,429.8,17192.0,2024-02-07
2024020701036854,MMKJL,6,58,10.0,429.7,4297.0,2024-02-07
2024020701036853,MMKJL,6,90,40.0,429.7,17188.0,2024-02-07
2024020701036852,MMKJL,6,58,10.0,429.5,4295.0,2024-02-07
2024020701036851,MMKJL,6,90,10.0,429.5,4295.0,2024-02-07
2024020701036850,MMKJL,6,58,10.0,429.0,4290.0,2024-02-07
2024020701036849,MEHL,38,38,10.0,299.0,2990.0,2024-02-07
2024020704010950,RBCL,49,38,10.0,14026.0,140260.0,2024-02-07
2024020701036848,RAWA,58,13,100.0,524.0,52400.0,2024-02-07
2024020701036847,RAWA,58,36,350.0,523.9,183365.0,2024-02-07
2024020701036846,RAWA,58,5,50.0,523.9,26195.0,2024-02-07
2024020701036845,EHPL,8,58,10.0,470.8,4708.0,2024-02-07
2024020705009994,HRL,57,54,30.0,696.5,20895.0,2024-02-07
2024020705009993,HRL,57,28,10.0,696.2,6962.0,2024-02-07
2024020705009992,HRL,57,34,10.0,696.2,6962.0,2024-02-07
2024020701036844,MEL,62,57,10.0,228.4,2284.0,2024-02-07
2024020701036843,MEHL,59,28,100.0,299.9,29990.0,2024-02-07
2024020701036842,MEHL,59,47,90.0,299.9,26991.0,2024-02-07
2024020703006168,MNBBL,51,8,37.0,370.0,13690.0,2024-02-07
2024020703006167,MNBBL,51,8,100.0,370.0,37000.0,2024-02-07
2024020703006166,MNBBL,48,8,248.0,370.0,91760.0,2024-02-07
2024020703006165,MNBBL,4,8,10.0,370.2,3702.0,2024-02-07
2024020703006164,MNBBL,35,8,105.0,370.5,38902.5,2024-02-07
2024020701036841,SNLI,34,49,10.0,595.4,5954.0,2024-02-07
2024020705009991,HIDCL,49,45,157.0,185.6,29139.2,2024-02-07
2024020705009990,HIDCL,49,57,343.0,185.6,63660.8,2024-02-07
2024020701036840,SANIMA,32,42,50.0,247.0,12350.0,2024-02-07
2024020701036839,JBLB,32,22,12.0,1320.0,15840.0,2024-02-07
2024020704010949,HURJA,26,22,245.0,307.4,75313.0,2024-02-07
2024020704010948,UAIL,29,38,11.0,567.0,6237.0,2024-02-07
2024020704010947,SSHL,64,4,150.0,180.0,27000.0,2024-02-07
2024020704010946,SSHL,38,4,30.0,180.0,5400.0,2024-02-07
2024020704010945,NGPL,8,58,50.0,336.5,16825.0,2024-02-07
2024020701036838,RFPL,19,35,10.0,311.0,3110.0,2024-02-07
2024020701036837,CKHL,32,35,10.0,515.0,5150.0,2024-02-07
2024020701036836,NICA,52,34,54.0,479.0,25866.0,2024-02-07
2024020704010944,HPPL,14,49,200.0,280.0,56000.0,2024-02-07
2024020704010943,HPPL,64,49,120.0,280.0,33600.0,2024-02-07
2024020704010942,HPPL,64,49,90.0,280.0,25200.0,2024-02-07
2024020704010941,HPPL,64,49,80.0,280.0,22400.0,2024-02-07
2024020704010940,HPPL,64,49,170.0,280.0,47600.0,2024-02-07
2024020704010939,HPPL,38,49,75.0,280.0,21000.0,2024-02-07
2024020704010938,HPPL,57,49,100.0,280.1,28010.0,2024-02-07
2024020701036835,DORDI,77,50,50.0,424.3,21215.0,2024-02-07
2024020701036834,DORDI,77,57,10.0,424.3,4243.0,2024-02-07
2024020701036833,DORDI,77,38,10.0,424.3,4243.0,2024-02-07
2024020701036832,DORDI,77,49,10.0,424.3,4243.0,2024-02-07
2024020701036831,DORDI,77,58,10.0,424.1,4241.0,2024-02-07
2024020701036830,DORDI,77,25,300.0,424.0,127200.0,2024-02-07
2024020701036829,DORDI,77,8,407.0,424.0,172568.0,2024-02-07
2024020701036828,DORDI,77,45,10.0,424.0,4240.0,2024-02-07
2024020701036827,DORDI,77,58,10.0,424.0,4240.0,2024-02-07
2024020701036826,DORDI,77,6,10.0,424.0,4240.0,2024-02-07
2024020701036825,DORDI,77,58,10.0,424.0,4240.0,2024-02-07
2024020701036824,DORDI,77,58,10.0,424.0,4240.0,2024-02-07
2024020701036823,DORDI,77,59,100.0,424.0,42400.0,2024-02-07
2024020701036822,DORDI,77,36,10.0,424.0,4240.0,2024-02-07
2024020701036821,DORDI,77,55,10.0,424.0,4240.0,2024-02-07
2024020701036820,DORDI,77,38,100.0,424.0,42400.0,2024-02-07
2024020701036819,DORDI,77,7,10.0,424.0,4240.0,2024-02-07
2024020701036818,DORDI,77,38,700.0,424.0,296800.0,2024-02-07
2024020701036817,DORDI,77,58,10.0,424.0,4240.0,2024-02-07
2024020701036816,DORDI,77,45,10.0,424.0,4240.0,2024-02-07
2024020701036815,DORDI,77,48,10.0,423.9,4239.0,2024-02-07
2024020701036814,DORDI,77,58,96.0,423.9,40694.4,2024-02-07
2024020701036813,DORDI,77,28,110.0,423.9,46629.0,2024-02-07
2024020701036812,DORDI,77,22,10.0,423.0,4230.0,2024-02-07
2024020701036811,KDL,77,42,150.0,813.0,121950.0,2024-02-07
2024020704010937,MHNL,42,42,50.0,276.4,13820.0,2024-02-07
2024020703006163,SWMF,33,75,71.0,705.0,50055.0,2024-02-07
2024020703006162,SWMF,55,75,152.0,705.0,107160.0,2024-02-07
2024020703006161,SWMF,6,75,100.0,705.1,70510.0,2024-02-07
2024020703006160,SWMF,17,75,10.0,706.0,7060.0,2024-02-07
2024020701036810,SNLI,34,11,10.0,595.4,5954.0,2024-02-07
2024020703006159,GBBL,14,56,59.0,380.0,22420.0,2024-02-07
2024020703006158,GBBL,38,56,41.0,380.0,15580.0,2024-02-07
2024020705009989,HRL,34,45,249.0,695.5,173179.5,2024-02-07
2024020705009988,HRL,25,45,2000.0,695.6,1391200.0,2024-02-07
2024020705009987,HRL,49,45,10.0,695.6,6956.0,2024-02-07
2024020705009986,HRL,38,45,100.0,695.7,69570.0,2024-02-07
2024020705009985,HRL,26,45,30.0,696.0,20880.0,2024-02-07
2024020705009984,HRL,42,45,50.0,696.0,34800.0,2024-02-07
2024020705009983,HRL,42,45,25.0,696.0,17400.0,2024-02-07
2024020705009982,HRL,4,45,10.0,696.0,6960.0,2024-02-07
2024020705009981,HRL,81,45,100.0,696.0,69600.0,2024-02-07
2024020705009980,HRL,34,45,50.0,696.0,34800.0,2024-02-07
2024020705009979,HRL,51,45,70.0,696.0,48720.0,2024-02-07
2024020705009978,HRL,29,45,251.0,696.0,174696.0,2024-02-07
2024020705009977,HRL,25,45,55.0,696.3,38296.5,2024-02-07
2024020705009976,HRL,25,25,15.0,696.3,10444.5,2024-02-07
2024020705009975,HRL,25,57,10.0,696.2,6962.0,2024-02-07
2024020701036809,NYADI,42,1,206.0,279.8,57638.8,2024-02-07
2024020701036808,NYADI,42,55,10.0,279.0,2790.0,2024-02-07
2024020703006157,VLBS,3,49,10.0,639.9,6399.0,2024-02-07
2024020705009974,CHDC,21,58,10.0,979.1,9791.0,2024-02-07
2024020705009973,HIDCL,45,72,30.0,185.5,5565.0,2024-02-07
2024020705009972,HIDCL,42,72,70.0,185.5,12985.0,2024-02-07
2024020701036807,SHIVM,57,13,720.0,503.0,362160.0,2024-02-07
2024020701036806,SHIVM,57,42,280.0,503.0,140840.0,2024-02-07
2024020705009971,NRIC,29,6,10.0,801.3,8013.0,2024-02-07
2024020701036805,SRLI,49,21,10.0,461.0,4610.0,2024-02-07
2024020701036804,HDL,54,94,3.0,1600.0,4800.0,2024-02-07
2024020701036803,PCBL,42,3,108.0,201.3,21740.4,2024-02-07
2024020703006156,HLI,50,43,90.0,409.8,36882.0,2024-02-07
2024020701036802,IHL,5,43,100.0,350.3,35030.0,2024-02-07
2024020701036801,MKHC,35,58,10.0,280.0,2800.0,2024-02-07
2024020704010936,HDHPC,56,58,10.0,148.8,1488.0,2024-02-07
2024020703006155,NICLBSL,42,51,10.0,595.0,5950.0,2024-02-07
2024020705009970,HRL,29,34,249.0,696.0,173304.0,2024-02-07
2024020705009969,HRL,44,34,21.0,696.0,14616.0,2024-02-07
2024020705009968,HRL,19,34,200.0,696.1,139220.0,2024-02-07
2024020705009967,HRL,22,34,30.0,696.2,20886.0,2024-02-07
2024020701036800,MBL,45,29,20.0,186.7,3734.0,2024-02-07
2024020703006154,NICLBSL,57,55,100.0,597.0,59700.0,2024-02-07
2024020705009966,NRIC,49,35,50.0,801.4,40070.0,2024-02-07
2024020701036799,ULHC,14,11,50.0,315.0,15750.0,2024-02-07
2024020705009965,KEF,49,14,2000.0,8.23,16460.0,2024-02-07
2024020701036798,ADBL,42,45,350.0,241.0,84350.0,2024-02-07
2024020701036797,CLI,13,4,10.0,467.6,4676.0,2024-02-07
2024020701036796,GVL,45,58,10.0,451.0,4510.0,2024-02-07
2024020704010935,UNHPL,17,21,21.0,249.4,5237.4,2024-02-07
2024020704010934,UNHPL,17,28,499.0,249.0,124251.0,2024-02-07
2024020704010933,UNHPL,17,33,480.0,248.0,119040.0,2024-02-07
2024020704010932,RADHI,58,48,200.0,274.1,54820.0,2024-02-07
2024020704010931,SHEL,45,59,160.0,252.0,40320.0,2024-02-07
2024020704010930,SHEL,45,58,10.0,252.0,2520.0,2024-02-07
2024020704010929,SHEL,45,54,30.0,252.0,7560.0,2024-02-07
2024020705009964,HRL,22,45,20.0,696.2,13924.0,2024-02-07
2024020704010928,SSHL,38,25,120.0,180.0,21600.0,2024-02-07
2024020704010927,SSHL,54,25,80.0,180.0,14400.0,2024-02-07
2024020701036795,BGWT,34,49,10.0,615.0,6150.0,2024-02-07
2024020701036794,MEL,63,94,907.0,229.0,207703.0,2024-02-07
2024020701036793,MEL,63,21,10.0,229.0,2290.0,2024-02-07
2024020701036792,MEL,63,34,170.0,229.0,38930.0,2024-02-07
2024020701036791,NWCL,49,36,10.0,765.0,7650.0,2024-02-07
2024020701036790,SAHAS,65,49,10.0,565.0,5650.0,2024-02-07
2024020705009963,HRL,22,40,15.0,696.3,10444.5,2024-02-07
2024020705009962,HRL,22,45,10.0,696.3,6963.0,2024-02-07
2024020705009961,HRL,22,25,10.0,696.3,6963.0,2024-02-07
2024020704010926,UPCL,38,13,10.0,234.0,2340.0,2024-02-07
2024020701036789,ILI,35,62,10.0,563.0,5630.0,2024-02-07
2024020705009960,NIFRA,29,21,10.0,224.8,2248.0,2024-02-07
2024020701036788,PCBL,42,20,92.0,201.3,18519.6,2024-02-07
2024020701036787,PCBL,36,20,498.0,201.3,100247.4,2024-02-07
2024020701036786,USHL,18,56,10.0,530.0,5300.0,2024-02-07
2024020701036785,USHL,18,7,10.0,529.8,5298.0,2024-02-07
2024020701036784,LSL,36,54,10.0,166.0,1660.0,2024-02-07
2024020703006153,LBBL,34,48,954.0,400.0,381600.0,2024-02-07
2024020705009959,HRL,22,8,10.0,696.2,6962.0,2024-02-07
2024020701036783,MHCL,62,26,150.0,520.1,78015.0,2024-02-07
2024020701036782,HBL,38,32,220.0,200.0,44000.0,2024-02-07
2024020701036781,HBL,38,25,80.0,200.0,16000.0,2024-02-07
2024020701036780,MEL,62,4,10.0,228.4,2284.0,2024-02-07
2024020705009958,CHDC,77,71,10.0,979.0,9790.0,2024-02-07
2024020701036779,HATHY,19,19,25.0,973.9,24347.5,2024-02-07
2024020701036778,MANDU,65,19,10.0,690.0,6900.0,2024-02-07
2024020705009957,HIDCL,22,57,157.0,185.6,29139.2,2024-02-07
2024020704010925,AHPC,58,45,100.0,207.5,20750.0,2024-02-07
2024020705009956,CIT,56,55,30.0,2105.0,63150.0,2024-02-07
2024020705009955,CIT,32,55,10.0,2105.0,21050.0,2024-02-07
2024020704010924,MEN,83,58,1000.0,644.0,644000.0,2024-02-07
2024020704010923,UPPER,7,1,212.0,210.7,44668.4,2024-02-07
2024020701036777,SANIMA,35,42,17.0,247.0,4199.0,2024-02-07
2024020701036776,SNLI,34,39,10.0,595.4,5954.0,2024-02-07
2024020704010922,SHPC,39,45,30.0,360.0,10800.0,2024-02-07
2024020704010921,SHPC,39,48,100.0,360.0,36000.0,2024-02-07
2024020703006152,SHINE,4,25,50.0,388.0,19400.0,2024-02-07
2024020705009954,BBC,58,14,10.0,3694.0,36940.0,2024-02-07
2024020704010920,HDHPC,22,53,14.0,149.0,2086.0,2024-02-07
2024020704010919,HDHPC,22,7,10.0,149.0,1490.0,2024-02-07
2024020704010918,HDHPC,22,58,90.0,149.0,13410.0,2024-02-07
2024020704010917,HDHPC,22,32,350.0,149.0,52150.0,2024-02-07
2024020704010916,HDHPC,22,57,500.0,149.0,74500.0,2024-02-07
2024020704010915,HDHPC,22,1,322.0,149.0,47978.0,2024-02-07
2024020704010914,HDHPC,22,49,14.0,148.8,2083.2,2024-02-07
2024020704010913,SHPC,5,48,10.0,360.0,3600.0,2024-02-07
2024020704010912,SSHL,54,38,20.0,180.0,3600.0,2024-02-07
2024020704010911,AKPL,5,37,33.0,195.1,6438.3,2024-02-07
2024020704010910,AKPL,21,37,167.0,195.1,32581.7,2024-02-07
2024020701036775,CYCL,6,40,166.0,1112.0,184592.0,2024-02-07
2024020701036774,CYCL,6,40,91.0,1114.0,101374.0,2024-02-07
2024020703006151,HLI,21,55,100.0,410.0,41000.0,2024-02-07
2024020703006150,NLICL,34,51,84.0,588.2,49408.8,2024-02-07
2024020703006149,NLICL,41,51,10.0,588.2,5882.0,2024-02-07
2024020704010909,API,36,42,500.0,202.9,101450.0,2024-02-07
2024020701036773,ADBL,35,45,40.0,241.0,9640.0,2024-02-07
2024020704010908,RIDI,38,45,275.0,219.0,60225.0,2024-02-07
2024020704010907,RIDI,57,45,50.0,219.0,10950.0,2024-02-07
2024020704010906,RIDI,22,45,250.0,219.0,54750.0,2024-02-07
2024020704010905,RIDI,45,45,25.0,219.0,5475.0,2024-02-07
2024020701036772,SONA,45,46,110.0,478.0,52580.0,2024-02-07
2024020701036771,SONA,32,46,90.0,478.1,43029.0,2024-02-07
2024020704010904,SHPC,44,50,10.0,359.1,3591.0,2024-02-07
2024020703006148,JBBL,29,42,10.0,301.0,3010.0,2024-02-07
2024020705009953,HRL,22,38,20.0,696.2,13924.0,2024-02-07
2024020704010903,NHDL,16,34,15.0,437.0,6555.0,2024-02-07
2024020701036770,BGWT,34,17,20.0,615.0,12300.0,2024-02-07
2024020701036769,MMKJL,45,57,10.0,425.0,4250.0,2024-02-07
2024020701036768,MMKJL,45,45,10.0,423.0,4230.0,2024-02-07
2024020703006147,PROFL,45,26,60.0,319.0,19140.0,2024-02-07
2024020704010902,CGH,49,45,10.0,926.0,9260.0,2024-02-07
2024020701036767,DORDI,77,42,33.0,421.1,13896.3,2024-02-07
2024020701036766,DORDI,45,42,20.0,421.2,8424.0,2024-02-07
2024020701036765,DORDI,77,42,947.0,423.6,401149.2,2024-02-07
2024020701036764,ILI,35,4,100.0,563.0,56300.0,2024-02-07
2024020705009952,HRL,22,34,10.0,696.2,6962.0,2024-02-07
2024020704010901,LEC,57,61,57.0,213.0,12141.0,2024-02-07
2024020704010900,LEC,62,61,238.0,213.1,50717.8,2024-02-07
2024020704010899,LEC,14,61,50.0,213.2,10660.0,2024-02-07
2024020704010898,LEC,16,61,645.0,213.2,137514.0,2024-02-07
2024020703006146,PMLI,25,42,50.0,526.0,26300.0,2024-02-07
2024020705009951,NRIC,39,62,100.0,801.4,80140.0,2024-02-07
2024020701036763,MMKJL,57,41,10.0,423.5,4235.0,2024-02-07
2024020701036762,ILI,35,56,100.0,563.0,56300.0,2024-02-07
2024020701036761,NYADI,35,64,45.0,278.0,12510.0,2024-02-07
2024020705009950,NRIC,19,45,64.0,802.0,51328.0,2024-02-07
2024020701036760,MAKAR,72,70,10.0,444.0,4440.0,2024-02-07
2024020701036759,IHL,34,34,50.0,351.0,17550.0,2024-02-07
2024020701036758,HHL,48,55,300.0,323.0,96900.0,2024-02-07
2024020701036757,HHL,48,56,90.0,323.0,29070.0,2024-02-07
2024020701036756,MSHL,39,57,10.0,689.0,6890.0,2024-02-07
2024020703006145,SJLIC,42,45,10.0,522.5,5225.0,2024-02-07
2024020701036755,VLUCL,58,58,10.0,520.1,5201.0,2024-02-07
2024020701036754,GBIME,36,42,13.0,194.5,2528.5,2024-02-07
2024020701036753,GBIME,36,80,87.0,194.5,16921.5,2024-02-07
