transaction,symbol,buyer,seller,quantity,rate,amount,date
2024061001036731,UHEWA,50,58,10.0,434.9,4349.0,2024-06-10
2024061003014721,ILBS,70,48,140.0,1294.0,181160.0,2024-06-10
2024061003014720,ILBS,70,32,10.0,1290.9,12909.0,2024-06-10
2024061003014719,MSLB,74,37,10.0,1365.0,13650.0,2024-06-10
2024061003014718,MFIL,35,33,102.0,503.3,51336.6,2024-06-10
2024061003014717,MFIL,35,25,10.0,502.0,5020.0,2024-06-10
2024061003014716,MFIL,35,13,388.0,502.0,194776.0,2024-06-10
2024061003014715,HLBSL,70,35,899.0,1340.0,1204660.0,2024-06-10
2024061001036730,MKHC,5,38,10.0,331.6,3316.0,2024-06-10
2024061005006154,NRN,65,21,150.0,661.0,99150.0,2024-06-10
2024061005006153,NRN,41,21,50.0,661.0,33050.0,2024-06-10
2024061005006152,NRN,50,21,50.0,661.0,33050.0,2024-06-10
2024061005006151,NRN,49,21,70.0,662.0,46340.0,2024-06-10
2024061005006150,NRN,22,21,10.0,662.0,6620.0,2024-06-10
2024061005006149,NRN,22,21,10.0,663.0,6630.0,2024-06-10
2024061005006148,NRN,21,21,60.0,663.0,39780.0,2024-06-10
2024061005006147,NRN,60,21,100.0,663.0,66300.0,2024-06-10
2024061003014714,NFS,45,71,10.0,585.1,5851.0,2024-06-10
2024061004014342,HPPL,51,52,57.0,260.0,14820.0,2024-06-10
2024061004014341,HPPL,51,44,200.0,260.0,52000.0,2024-06-10
2024061004014340,HPPL,51,74,243.0,260.0,63180.0,2024-06-10
2024061003014713,NMBMF,17,41,100.0,715.5,71550.0,2024-06-10
2024061001036729,BHDC,17,4,10.0,605.0,6050.0,2024-06-10
2024061003014712,HLBSL,49,10,249.0,1349.4,336000.6,2024-06-10
2024061003014711,HLBSL,49,45,100.0,1349.0,134900.0,2024-06-10
2024061003014710,HLBSL,49,13,28.0,1349.0,37772.0,2024-06-10
2024061003014709,HLBSL,49,17,11.0,1347.9,14826.9,2024-06-10
2024061003014708,HLBSL,49,45,100.0,1347.0,134700.0,2024-06-10
2024061003014707,HLBSL,49,35,12.0,1347.0,16164.0,2024-06-10
2024061003014706,SWMF,29,14,10.0,885.0,8850.0,2024-06-10
2024061004014339,RURU,18,17,10.0,665.0,6650.0,2024-06-10
2024061004014338,NHDL,25,50,25.0,534.0,13350.0,2024-06-10
2024061004014337,NHDL,25,17,150.0,533.9,80085.0,2024-06-10
2024061004014336,NHDL,25,35,13.0,533.8,6939.4,2024-06-10
2024061004014335,NHDL,25,42,12.0,531.0,6372.0,2024-06-10
2024061003014705,LICN,41,16,10.0,1341.0,13410.0,2024-06-10
2024061003014704,HLBSL,70,61,200.0,1340.0,268000.0,2024-06-10
2024061001036728,CITY,72,37,298.0,699.0,208302.0,2024-06-10
2024061003014703,PFL,72,35,10.0,604.7,6047.0,2024-06-10
2024061003014702,MERO,82,84,120.0,706.0,84720.0,2024-06-10
2024061001036727,CKHL,34,44,24.0,594.4,14265.6,2024-06-10
2024061001036726,CKHL,34,38,10.0,594.0,5940.0,2024-06-10
2024061001036725,CKHL,34,52,10.0,594.0,5940.0,2024-06-10
2024061001036724,CKHL,34,45,441.0,594.0,261954.0,2024-06-10
2024061001036723,CKHL,34,44,100.0,594.0,59400.0,2024-06-10
2024061001036722,CKHL,34,40,45.0,594.0,26730.0,2024-06-10
2024061001036721,CKHL,34,58,30.0,591.8,17754.0,2024-06-10
2024061001036720,MKJC,34,44,10.0,528.0,5280.0,2024-06-10
2024061003014701,VLBS,45,7,10.0,1077.0,10770.0,2024-06-10
2024061001036719,EHPL,65,17,38.0,580.0,22040.0,2024-06-10
2024061001036718,EHPL,65,34,10.0,580.0,5800.0,2024-06-10
2024061001036717,EHPL,65,36,10.0,580.0,5800.0,2024-06-10
2024061001036716,EHPL,65,33,10.0,580.0,5800.0,2024-06-10
2024061001036715,EHPL,65,49,10.0,579.0,5790.0,2024-06-10
2024061001036714,EHPL,65,38,75.0,577.3,43297.5,2024-06-10
2024061001036713,EHPL,65,51,47.0,577.0,27119.0,2024-06-10
2024061003014700,HLBSL,45,35,288.0,1347.0,387936.0,2024-06-10
2024061003014699,HLBSL,45,14,12.0,1346.0,16152.0,2024-06-10
2024061004014334,PRIN,66,11,500.0,765.1,382550.0,2024-06-10
2024061003014698,JBBL,56,55,10.0,285.8,2858.0,2024-06-10
2024061003014697,GILB,58,17,100.0,1705.4,170540.0,2024-06-10
2024061003014696,GILB,58,45,100.0,1705.0,170500.0,2024-06-10
2024061003014695,GILB,58,62,20.0,1705.0,34100.0,2024-06-10
2024061003014694,GILB,58,69,100.0,1705.0,170500.0,2024-06-10
2024061003014693,GILB,58,88,1000.0,1705.0,1705000.0,2024-06-10
2024061003014692,GILB,58,69,100.0,1704.0,170400.0,2024-06-10
2024061003014691,NADEP,14,49,10.0,854.0,8540.0,2024-06-10
2024061004014333,HPPL,19,74,10.0,260.0,2600.0,2024-06-10
2024061003014690,RLFL,4,26,10.0,402.9,4029.0,2024-06-10
2024061001036712,SIKLES,14,14,10.0,609.0,6090.0,2024-06-10
2024061001036711,DORDI,14,17,20.0,439.0,8780.0,2024-06-10
2024061004014332,UPCL,22,45,10.0,190.8,1908.0,2024-06-10
2024061003014689,NADEP,38,49,10.0,854.0,8540.0,2024-06-10
2024061001036710,MEHL,38,62,180.0,377.0,67860.0,2024-06-10
2024061001036709,MEHL,38,14,100.0,376.9,37690.0,2024-06-10
2024061001036708,MEHL,38,16,20.0,376.0,7520.0,2024-06-10
2024061003014688,GILB,69,69,100.0,1703.0,170300.0,2024-06-10
2024061003014687,GILB,69,61,80.0,1672.0,133760.0,2024-06-10
2024061004014331,IGI,53,58,10.0,528.0,5280.0,2024-06-10
2024061003014686,PFL,44,35,10.0,604.7,6047.0,2024-06-10
2024061003014685,HLBSL,70,14,88.0,1346.0,118448.0,2024-06-10
2024061003014684,HLBSL,70,14,286.0,1346.0,384956.0,2024-06-10
2024061003014683,HLBSL,70,96,10.0,1345.0,13450.0,2024-06-10
2024061003014682,HLBSL,70,11,16.0,1345.0,21520.0,2024-06-10
2024061003014681,HLBSL,70,55,50.0,1345.0,67250.0,2024-06-10
2024061003014680,HLBSL,70,61,200.0,1344.9,268980.0,2024-06-10
2024061003014679,HLBSL,70,35,300.0,1344.0,403200.0,2024-06-10
2024061003014678,HLBSL,70,71,50.0,1344.0,67200.0,2024-06-10
2024061005006146,HRL,1,22,14.0,572.7,8017.8,2024-06-10
2024061001036707,SBL,50,14,11.0,249.9,2748.9,2024-06-10
2024061003014677,ILBS,70,48,20.0,1294.0,25880.0,2024-06-10
2024061001036706,SONA,42,36,100.0,442.7,44270.0,2024-06-10
2024061001036705,SONA,10,36,500.0,442.7,221350.0,2024-06-10
2024061004014330,MEN,35,21,20.0,596.0,11920.0,2024-06-10
2024061001036704,RNLI,36,45,10.0,424.5,4245.0,2024-06-10
2024061001036703,MEHL,21,16,10.0,376.0,3760.0,2024-06-10
2024061005006145,HRL,55,17,260.0,572.6,148876.0,2024-06-10
2024061001036702,NBL,52,17,91.0,204.3,18591.3,2024-06-10
2024061004014329,SPDL,17,37,12.0,243.5,2922.0,2024-06-10
2024061001036701,USHEC,49,47,369.0,430.0,158670.0,2024-06-10
2024061001036700,USHEC,49,34,10.0,430.0,4300.0,2024-06-10
2024061001036699,USHEC,49,64,10.0,430.0,4300.0,2024-06-10
2024061001036698,USHEC,49,54,10.0,430.0,4300.0,2024-06-10
2024061001036697,USHEC,49,35,10.0,430.0,4300.0,2024-06-10
2024061001036696,USHEC,49,16,10.0,430.0,4300.0,2024-06-10
2024061001036695,USHEC,49,38,71.0,429.5,30494.5,2024-06-10
2024061001036694,BEDC,49,17,50.0,429.0,21450.0,2024-06-10
2024061001036693,BEDC,49,20,50.0,428.9,21445.0,2024-06-10
2024061001036692,HHL,49,65,100.0,379.5,37950.0,2024-06-10
2024061003014676,NFS,29,69,10.0,587.0,5870.0,2024-06-10
2024061001036691,HATHY,46,14,11.0,938.0,10318.0,2024-06-10
2024061001036690,CKHL,71,58,20.0,591.8,11836.0,2024-06-10
2024061004014328,SGIC,71,45,20.0,529.0,10580.0,2024-06-10
2024061001036689,SMHL,71,66,70.0,630.0,44100.0,2024-06-10
2024061001036688,SMHL,71,49,10.0,629.5,6295.0,2024-06-10
2024061001036687,SMHL,71,38,10.0,627.0,6270.0,2024-06-10
2024061001036686,SMHL,71,29,110.0,627.0,68970.0,2024-06-10
2024061001036685,CYCL,95,26,53.0,1546.0,81938.0,2024-06-10
2024061001036684,CYCL,95,48,10.0,1545.0,15450.0,2024-06-10
2024061001036683,CYCL,95,22,13.0,1544.0,20072.0,2024-06-10
2024061001036682,CYCL,95,6,100.0,1544.0,154400.0,2024-06-10
2024061001036681,CYCL,95,22,10.0,1544.0,15440.0,2024-06-10
2024061001036680,CYCL,95,32,50.0,1543.9,77195.0,2024-06-10
2024061001036679,CYCL,95,34,14.0,1543.8,21613.2,2024-06-10
2024061001036678,MEHL,8,16,20.0,376.0,7520.0,2024-06-10
2024061003014675,SLBSL,16,55,50.0,1179.0,58950.0,2024-06-10
2024061004014327,UMRH,91,60,266.0,404.9,107703.4,2024-06-10
2024061004014326,UMRH,91,45,15.0,404.8,6072.0,2024-06-10
2024061004014325,UMRH,91,52,50.0,404.0,20200.0,2024-06-10
2024061004014324,UMRH,91,5,341.0,404.0,137764.0,2024-06-10
2024061004014323,UMRH,91,32,328.0,403.9,132479.2,2024-06-10
2024061003014674,MPFL,62,68,90.0,477.2,42948.0,2024-06-10
2024061005006144,STC,58,59,10.0,4730.0,47300.0,2024-06-10
2024061001036677,TSHL,84,39,10.0,535.0,5350.0,2024-06-10
2024061001036676,NWCL,40,39,30.0,838.0,25140.0,2024-06-10
2024061001036675,NWCL,45,39,20.0,838.0,16760.0,2024-06-10
2024061003014673,MSLB,34,48,10.0,1343.0,13430.0,2024-06-10
2024061001036674,KBL,48,34,605.0,138.9,84034.5,2024-06-10
2024061001036673,KBL,48,57,100.0,138.9,13890.0,2024-06-10
2024061001036672,KBL,48,18,100.0,138.5,13850.0,2024-06-10
2024061001036671,KBL,48,4,30.0,138.0,4140.0,2024-06-10
2024061001036670,KBL,48,19,500.0,138.0,69000.0,2024-06-10
2024061001036669,KBL,48,58,200.0,138.0,27600.0,2024-06-10
2024061001036668,KBL,48,58,25.0,138.0,3450.0,2024-06-10
2024061001036667,KBL,48,39,200.0,138.0,27600.0,2024-06-10
2024061001036666,KBL,48,7,1380.0,137.8,190164.0,2024-06-10
2024061001036665,KBL,48,59,460.0,137.7,63342.0,2024-06-10
2024061001036664,KBL,48,49,200.0,137.6,27520.0,2024-06-10
2024061003014672,KMCDB,77,96,100.0,1098.0,109800.0,2024-06-10
2024061001036663,UHEWA,32,58,20.0,434.9,8698.0,2024-06-10
2024061001036662,HHL,32,65,100.0,379.5,37950.0,2024-06-10
2024061001036661,NRM,65,46,20.0,409.0,8180.0,2024-06-10
2024061005006143,ENL,45,38,10.0,1019.0,10190.0,2024-06-10
2024061005006142,ENL,45,59,15.0,1015.0,15225.0,2024-06-10
2024061005006141,PSF,43,45,1000.0,9.3,9300.0,2024-06-10
2024061001036660,AVYAN,62,84,10.0,934.0,9340.0,2024-06-10
2024061001036659,RFPL,34,49,500.0,377.4,188700.0,2024-06-10
2024061004014322,HDHPC,56,20,250.0,130.4,32600.0,2024-06-10
2024061004014321,HDHPC,56,36,500.0,130.4,65200.0,2024-06-10
2024061004014320,HDHPC,56,57,200.0,130.4,26080.0,2024-06-10
2024061004014319,HDHPC,56,11,50.0,130.4,6520.0,2024-06-10
2024061003014671,HLBSL,34,71,50.0,1344.0,67200.0,2024-06-10
2024061001036658,GBIME,28,21,993.0,180.0,178740.0,2024-06-10
2024061001036657,GBIME,28,21,149.0,180.0,26820.0,2024-06-10
2024061001036656,GBIME,28,25,50.0,180.0,9000.0,2024-06-10
2024061001036655,GBIME,28,67,50.0,180.0,9000.0,2024-06-10
2024061001036654,GBIME,28,18,500.0,180.0,90000.0,2024-06-10
2024061001036653,GBIME,28,4,14.0,180.0,2520.0,2024-06-10
2024061001036652,GBIME,28,58,20.0,180.0,3600.0,2024-06-10
2024061001036651,GBIME,28,35,62.0,180.0,11160.0,2024-06-10
2024061001036650,GBIME,28,28,1000.0,179.9,179900.0,2024-06-10
2024061001036649,GBIME,28,51,1000.0,179.8,179800.0,2024-06-10
2024061001036648,GBIME,28,14,123.0,179.8,22115.4,2024-06-10
2024061001036647,GBIME,28,25,25.0,179.5,4487.5,2024-06-10
2024061001036646,GBIME,28,38,200.0,179.0,35800.0,2024-06-10
2024061001036645,GBIME,28,25,233.0,179.0,41707.0,2024-06-10
2024061001036644,GBIME,28,22,11.0,179.0,1969.0,2024-06-10
2024061001036643,GBIME,28,38,570.0,178.9,101973.0,2024-06-10
2024061001036642,NYADI,43,4,23.0,303.0,6969.0,2024-06-10
2024061001036641,NYADI,43,42,300.0,303.0,90900.0,2024-06-10
2024061001036640,NYADI,43,17,100.0,303.0,30300.0,2024-06-10
2024061001036639,NYADI,43,46,10.0,303.0,3030.0,2024-06-10
2024061001036638,NYADI,43,42,20.0,303.0,6060.0,2024-06-10
2024061001036637,NYADI,43,71,200.0,302.9,60580.0,2024-06-10
2024061001036636,GCIL,60,58,10.0,483.5,4835.0,2024-06-10
2024061001036635,IHL,35,58,40.0,423.9,16956.0,2024-06-10
2024061003014670,GUFL,57,4,50.0,692.0,34600.0,2024-06-10
2024061001036634,TSHL,42,44,10.0,538.0,5380.0,2024-06-10
2024061004014318,SHEL,14,16,200.0,154.8,30960.0,2024-06-10
2024061003014669,NICLBSL,22,48,10.0,657.6,6576.0,2024-06-10
2024061003014668,JFL,62,34,195.0,563.5,109882.5,2024-06-10
2024061004014317,JOSHI,38,53,100.0,305.0,30500.0,2024-06-10
2024061003014667,SABSL,38,95,10.0,1044.9,10449.0,2024-06-10
2024061003014666,NFS,45,34,59.0,585.1,34520.9,2024-06-10
2024061004014316,PMHPL,64,69,100.0,233.8,23380.0,2024-06-10
2024061004014315,PMHPL,64,52,130.0,233.0,30290.0,2024-06-10
2024061001036633,PCBL,44,8,20.0,197.8,3956.0,2024-06-10
2024061001036632,NWCL,45,10,80.0,838.0,67040.0,2024-06-10
2024061001036631,NWCL,48,10,100.0,839.1,83910.0,2024-06-10
2024061001036630,NWCL,48,10,200.0,840.0,168000.0,2024-06-10
2024061003014665,MPFL,60,34,20.0,479.0,9580.0,2024-06-10
2024061001036629,AVYAN,91,60,10.0,920.0,9200.0,2024-06-10
2024061004014314,SHPC,49,56,50.0,329.0,16450.0,2024-06-10
2024061001036628,NICA,59,29,50.0,401.1,20055.0,2024-06-10
2024061004014313,AKJCL,29,40,989.0,202.0,199778.0,2024-06-10
2024061004014312,AKJCL,29,47,311.0,202.0,62822.0,2024-06-10
2024061003014664,USLB,17,33,10.0,1920.0,19200.0,2024-06-10
2024061004014311,SALICO,18,42,10.0,696.8,6968.0,2024-06-10
2024061003014663,LICN,41,58,10.0,1351.0,13510.0,2024-06-10
2024061003014662,NMFBS,33,57,20.0,1370.0,27400.0,2024-06-10
2024061001036627,BHDC,88,4,10.0,605.0,6050.0,2024-06-10
2024061004014310,HEI,57,48,220.0,593.2,130504.0,2024-06-10
2024061004014309,HEI,49,48,130.0,595.9,77467.0,2024-06-10
2024061001036626,NRM,32,21,10.0,410.0,4100.0,2024-06-10
2024061004014308,SGIC,34,32,10.0,527.1,5271.0,2024-06-10
2024061004014307,RADHI,62,26,100.0,239.9,23990.0,2024-06-10
2024061003014661,GILB,62,61,10.0,1672.0,16720.0,2024-06-10
2024061001036625,ULHC,62,57,178.0,399.9,71182.2,2024-06-10
2024061001036624,ULHC,62,35,25.0,399.0,9975.0,2024-06-10
2024061001036623,ULHC,62,35,642.0,399.0,256158.0,2024-06-10
2024061001036622,ULHC,62,29,155.0,398.9,61829.5,2024-06-10
2024061003014660,HLBSL,70,57,200.0,1340.0,268000.0,2024-06-10
2024061001036621,UHEWA,57,58,10.0,434.9,4349.0,2024-06-10
2024061001036620,NICA,28,70,500.0,402.0,201000.0,2024-06-10
2024061004014306,LEC,37,17,10.0,178.2,1782.0,2024-06-10
2024061003014659,ILBS,44,48,21.0,1294.0,27174.0,2024-06-10
2024061003014658,ILBS,44,49,19.0,1294.0,24586.0,2024-06-10
2024061003014657,ILBS,44,51,10.0,1291.0,12910.0,2024-06-10
2024061003014656,RLFL,50,26,10.0,402.9,4029.0,2024-06-10
2024061003014655,ICFC,34,45,20.0,512.0,10240.0,2024-06-10
2024061003014654,PFL,22,50,112.0,604.5,67704.0,2024-06-10
2024061001036619,MAKAR,56,5,45.0,400.0,18000.0,2024-06-10
2024061003014653,KLBSL,34,84,10.0,981.9,9819.0,2024-06-10
2024061001036618,BHPL,35,44,130.0,625.0,81250.0,2024-06-10
2024061001036617,BHPL,35,22,100.0,621.0,62100.0,2024-06-10
2024061001036616,AVYAN,53,29,40.0,920.1,36804.0,2024-06-10
2024061001036615,ULHC,49,29,35.0,398.9,13961.5,2024-06-10
2024061004014305,PMHPL,59,49,77.0,230.1,17717.7,2024-06-10
2024061004014304,PMHPL,33,49,23.0,230.1,5292.3,2024-06-10
2024061003014652,GILB,17,61,10.0,1672.0,16720.0,2024-06-10
2024061003014651,GILB,17,19,10.0,1671.7,16717.0,2024-06-10
2024061003014650,GILB,17,62,180.0,1652.0,297360.0,2024-06-10
2024061003014649,HLBSL,70,17,100.0,1340.0,134000.0,2024-06-10
2024061003014648,GUFL,57,55,10.0,692.0,6920.0,2024-06-10
2024061003014647,GUFL,49,55,190.0,692.0,131480.0,2024-06-10
2024061003014646,GMFIL,16,47,40.0,393.0,15720.0,2024-06-10
2024061003014645,GBLBS,33,18,100.0,784.7,78470.0,2024-06-10
2024061003014644,GBLBS,33,89,100.0,782.0,78200.0,2024-06-10
2024061004014303,IGI,39,58,38.0,528.0,20064.0,2024-06-10
2024061004014302,IGI,39,58,52.0,526.0,27352.0,2024-06-10
2024061003014643,GILB,39,62,420.0,1652.0,693840.0,2024-06-10
2024061003014642,GILB,39,45,100.0,1650.0,165000.0,2024-06-10
2024061003014641,GILB,39,62,200.0,1642.0,328400.0,2024-06-10
2024061003014640,GILB,39,34,10.0,1640.0,16400.0,2024-06-10
2024061003014639,GILB,39,45,1000.0,1640.0,1640000.0,2024-06-10
2024061003014638,GILB,39,66,100.0,1640.0,164000.0,2024-06-10
2024061003014637,GILB,39,62,30.0,1639.1,49173.0,2024-06-10
2024061003014636,GILB,39,32,50.0,1639.1,81955.0,2024-06-10
2024061003014635,GILB,39,59,13.0,1639.0,21307.0,2024-06-10
2024061003014634,GILB,39,21,30.0,1639.0,49170.0,2024-06-10
2024061003014633,GILB,39,34,47.0,1638.1,76990.7,2024-06-10
2024061004014301,NHPC,48,16,500.0,143.5,71750.0,2024-06-10
2024061005006140,NRN,58,32,20000.0,715.0,14300000.0,2024-06-10
2024061005006139,NRN,58,32,3300.0,715.0,2359500.0,2024-06-10
2024061001036614,BGWT,65,65,65.0,1145.0,74425.0,2024-06-10
2024061001036613,BGWT,65,49,10.0,1145.0,11450.0,2024-06-10
2024061001036612,BGWT,65,57,10.0,1145.0,11450.0,2024-06-10
2024061001036611,BGWT,65,22,50.0,1143.0,57150.0,2024-06-10
2024061001036610,BGWT,65,10,10.0,1142.0,11420.0,2024-06-10
2024061001036609,BGWT,65,58,10.0,1140.0,11400.0,2024-06-10
2024061001036608,BGWT,65,7,10.0,1140.0,11400.0,2024-06-10
2024061001036607,BGWT,65,42,10.0,1140.0,11400.0,2024-06-10
2024061001036606,BGWT,65,38,10.0,1140.0,11400.0,2024-06-10
2024061001036605,BGWT,65,42,40.0,1135.0,45400.0,2024-06-10
2024061001036604,BGWT,65,58,50.0,1133.8,56690.0,2024-06-10
2024061001036603,BGWT,65,49,10.0,1122.0,11220.0,2024-06-10
2024061001036602,BGWT,65,56,25.0,1122.0,28050.0,2024-06-10
2024061001036601,BGWT,65,53,10.0,1122.0,11220.0,2024-06-10
2024061001036600,BGWT,65,6,200.0,1122.0,224400.0,2024-06-10
2024061001036599,BGWT,65,26,10.0,1122.0,11220.0,2024-06-10
2024061001036598,BGWT,65,14,40.0,1120.0,44800.0,2024-06-10
2024061001036597,BGWT,65,42,10.0,1111.0,11110.0,2024-06-10
2024061001036596,BGWT,65,50,10.0,1104.0,11040.0,2024-06-10
2024061001036595,BGWT,65,58,10.0,1102.0,11020.0,2024-06-10
2024061003014632,JFL,62,41,10.0,563.5,5635.0,2024-06-10
2024061003014631,JFL,62,43,80.0,563.0,45040.0,2024-06-10
2024061003014630,JFL,62,56,260.0,560.0,145600.0,2024-06-10
2024061005006138,NRN,58,45,100.0,715.0,71500.0,2024-06-10
2024061001036594,NYADI,57,22,10.0,302.5,3025.0,2024-06-10
2024061003014629,RLFL,42,57,510.0,401.1,204561.0,2024-06-10
2024061003014628,RLFL,59,57,490.0,401.2,196588.0,2024-06-10
2024061001036593,MEL,58,41,10.0,226.0,2260.0,2024-06-10
2024061004014300,UNHPL,22,42,500.0,231.0,115500.0,2024-06-10
2024061003014627,PFL,22,41,10.0,604.5,6045.0,2024-06-10
2024061003014626,PFL,22,58,30.0,604.0,18120.0,2024-06-10
2024061003014625,PFL,22,10,20.0,604.0,12080.0,2024-06-10
2024061003014624,PFL,22,8,40.0,601.0,24040.0,2024-06-10
2024061003014623,PFL,22,58,90.0,600.0,54000.0,2024-06-10
2024061003014622,PFL,22,32,305.0,600.0,183000.0,2024-06-10
2024061003014621,PFL,22,20,600.0,600.0,360000.0,2024-06-10
2024061003014620,PFL,22,48,14.0,599.0,8386.0,2024-06-10
2024061003014619,PFL,22,20,350.0,598.0,209300.0,2024-06-10
2024061005006137,NRN,58,69,200.0,715.0,143000.0,2024-06-10
2024061004014299,AHPC,26,40,20.0,155.0,3100.0,2024-06-10
2024061004014298,SHPC,44,56,740.0,329.0,243460.0,2024-06-10
2024061004014297,SHPC,44,45,50.0,329.0,16450.0,2024-06-10
2024061004014296,SHPC,44,45,1000.0,328.9,328900.0,2024-06-10
2024061004014295,SHPC,44,62,100.0,328.9,32890.0,2024-06-10
2024061004014294,SHPC,44,45,500.0,328.8,164400.0,2024-06-10
2024061004014293,SHPC,44,25,150.0,328.8,49320.0,2024-06-10
2024061004014292,SHPC,44,47,1000.0,328.0,328000.0,2024-06-10
2024061004014291,SHPC,44,52,30.0,328.0,9840.0,2024-06-10
2024061004014290,SHPC,44,44,930.0,328.0,305040.0,2024-06-10
2024061003014618,GLBSL,58,45,10.0,1887.0,18870.0,2024-06-10
2024061001036592,RNLI,4,1,47.0,424.0,19928.0,2024-06-10
2024061001036591,RNLI,41,1,50.0,424.0,21200.0,2024-06-10
2024061001036590,RNLI,48,1,50.0,424.0,21200.0,2024-06-10
2024061001036589,RNLI,49,1,50.0,424.0,21200.0,2024-06-10
2024061001036588,RNLI,8,1,200.0,424.0,84800.0,2024-06-10
2024061001036587,RNLI,41,1,1000.0,424.0,424000.0,2024-06-10
2024061001036586,RNLI,45,1,200.0,424.0,84800.0,2024-06-10
2024061001036585,RNLI,57,1,85.0,424.0,36040.0,2024-06-10
2024061001036584,RNLI,40,1,120.0,424.1,50892.0,2024-06-10
2024061001036583,RNLI,21,1,120.0,424.1,50892.0,2024-06-10
2024061001036582,RNLI,57,1,32.0,424.3,13577.6,2024-06-10
2024061001036581,RNLI,54,1,145.0,424.5,61552.5,2024-06-10
2024061001036580,MHCL,21,57,55.0,427.0,23485.0,2024-06-10
2024061001036579,CKHL,34,40,30.0,594.0,17820.0,2024-06-10
2024061001036578,CKHL,34,41,10.0,594.0,5940.0,2024-06-10
2024061001036577,CKHL,34,59,10.0,593.8,5938.0,2024-06-10
2024061001036576,CKHL,34,16,10.0,593.7,5937.0,2024-06-10
2024061001036575,CKHL,34,28,10.0,593.0,5930.0,2024-06-10
2024061001036574,CKHL,34,58,10.0,593.0,5930.0,2024-06-10
2024061001036573,CKHL,34,57,10.0,593.0,5930.0,2024-06-10
2024061001036572,CKHL,34,6,10.0,593.0,5930.0,2024-06-10
2024061001036571,CKHL,34,16,100.0,592.9,59290.0,2024-06-10
2024061001036570,CKHL,34,58,10.0,592.0,5920.0,2024-06-10
2024061001036569,CKHL,34,33,10.0,592.0,5920.0,2024-06-10
2024061001036568,CKHL,34,55,380.0,592.0,224960.0,2024-06-10
2024061001036567,CKHL,34,16,200.0,591.9,118380.0,2024-06-10
2024061003014617,SDLBSL,51,25,30.0,996.0,29880.0,2024-06-10
2024061003014616,SFCL,35,21,10.0,354.0,3540.0,2024-06-10
2024061001036566,UHEWA,34,8,10.0,435.0,4350.0,2024-06-10
2024061003014615,HLBSL,70,35,1000.0,1340.0,1340000.0,2024-06-10
2024061001036565,MHCL,51,57,90.0,427.0,38430.0,2024-06-10
2024061001036564,MHCL,51,35,60.0,427.0,25620.0,2024-06-10
2024061001036563,DORDI,34,17,10.0,439.0,4390.0,2024-06-10
2024061001036562,MKJC,29,44,10.0,528.0,5280.0,2024-06-10
2024061001036561,NESDO,46,82,20.0,2095.0,41900.0,2024-06-10
2024061001036560,NICA,6,70,45.0,402.0,18090.0,2024-06-10
2024061005006136,NRN,58,25,1400.0,715.0,1001000.0,2024-06-10
2024061003014614,DDBL,70,59,512.0,805.0,412160.0,2024-06-10
2024061003014613,PFL,58,72,113.0,596.0,67348.0,2024-06-10
2024061003014612,PFL,41,72,50.0,596.1,29805.0,2024-06-10
2024061003014611,PFL,45,72,142.0,596.1,84646.2,2024-06-10
2024061003014610,PFL,35,72,100.0,596.2,59620.0,2024-06-10
2024061003014609,PFL,58,72,45.0,596.3,26833.5,2024-06-10
2024061003014608,PFL,43,72,50.0,596.4,29820.0,2024-06-10
2024061004014289,NICL,84,58,11.0,834.0,9174.0,2024-06-10
2024061001036559,CLI,59,32,130.0,471.6,61308.0,2024-06-10
2024061001036558,CLI,57,32,20.0,471.6,9432.0,2024-06-10
2024061001036557,CLI,32,32,50.0,472.0,23600.0,2024-06-10
2024061003014607,NLIC,51,11,10.0,600.3,6003.0,2024-06-10
2024061003014606,BFC,41,45,10.0,422.5,4225.0,2024-06-10
2024061003014605,ILBS,6,37,81.0,1278.2,103534.2,2024-06-10
2024061003014604,ILBS,40,37,23.0,1280.0,29440.0,2024-06-10
2024061003014603,ILBS,62,37,10.0,1280.0,12800.0,2024-06-10
2024061003014602,ILBS,69,37,20.0,1280.0,25600.0,2024-06-10
2024061003014601,ILBS,55,37,56.0,1280.0,71680.0,2024-06-10
2024061003014600,ILBS,62,37,100.0,1280.1,128010.0,2024-06-10
2024061003014599,ILBS,62,37,100.0,1280.1,128010.0,2024-06-10
2024061003014598,ILBS,45,37,10.0,1280.2,12802.0,2024-06-10
2024061005006135,CHDC,69,81,10.0,995.0,9950.0,2024-06-10
2024061001036556,HBL,38,14,50.0,182.3,9115.0,2024-06-10
2024061003014597,ILBS,44,65,10.0,1290.0,12900.0,2024-06-10
2024061001036555,MBJC,58,58,10.0,304.0,3040.0,2024-06-10
2024061004014288,PRIN,46,32,10.0,768.5,7685.0,2024-06-10
2024061004014287,LEC,49,17,110.0,178.2,19602.0,2024-06-10
2024061004014286,PPCL,16,34,150.0,229.0,34350.0,2024-06-10
2024061004014285,PPCL,16,22,150.0,229.0,34350.0,2024-06-10
2024061004014284,PPCL,16,39,200.0,228.0,45600.0,2024-06-10
2024061001036554,SIKLES,16,14,10.0,609.0,6090.0,2024-06-10
2024061001036553,MKLB,58,33,483.0,1300.0,627900.0,2024-06-10
2024061001036552,ILI,49,59,10.0,429.1,4291.0,2024-06-10
2024061003014596,HLBSL,70,39,50.0,1340.0,67000.0,2024-06-10
2024061001036551,MEL,32,41,20.0,226.0,4520.0,2024-06-10
2024061003014595,GILB,62,34,953.0,1638.1,1561109.3,2024-06-10
2024061003014594,GILB,62,69,250.0,1638.1,409525.0,2024-06-10
2024061003014593,GILB,62,35,50.0,1638.1,81905.0,2024-06-10
2024061003014592,GILB,62,62,89.0,1638.0,145782.0,2024-06-10
2024061003014591,GILB,62,58,11.0,1634.5,17979.5,2024-06-10
2024061003014590,GILB,62,14,10.0,1634.5,16345.0,2024-06-10
2024061003014589,GILB,62,45,56.0,1634.4,91526.4,2024-06-10
2024061003014588,GILB,62,62,30.0,1634.3,49029.0,2024-06-10
2024061003014587,GILB,62,34,50.0,1634.3,81715.0,2024-06-10
2024061003014586,GILB,62,17,18.0,1634.3,29417.4,2024-06-10
2024061003014585,GILB,62,34,35.0,1634.3,57200.5,2024-06-10
2024061003014584,GILB,62,62,20.0,1634.2,32684.0,2024-06-10
2024061003014583,GILB,62,42,50.0,1634.0,81700.0,2024-06-10
2024061003014582,GILB,62,94,50.0,1634.0,81700.0,2024-06-10
2024061003014581,GILB,62,8,75.0,1634.0,122550.0,2024-06-10
2024061003014580,GILB,62,25,10.0,1634.0,16340.0,2024-06-10
2024061003014579,GILB,62,59,50.0,1634.0,81700.0,2024-06-10
2024061003014578,GILB,62,59,34.0,1634.0,55556.0,2024-06-10
2024061003014577,GILB,62,51,83.0,1634.0,135622.0,2024-06-10
2024061003014576,GILB,62,62,76.0,1634.0,124184.0,2024-06-10
2024061003014575,SADBL,56,72,10.0,310.0,3100.0,2024-06-10
2024061004014283,SICL,67,38,10.0,693.0,6930.0,2024-06-10
2024061004014282,SICL,67,41,100.0,692.0,69200.0,2024-06-10
2024061001036550,GVL,66,16,50.0,533.0,26650.0,2024-06-10
2024061001036549,GVL,66,42,10.0,533.0,5330.0,2024-06-10
2024061001036548,GVL,66,40,95.0,533.0,50635.0,2024-06-10
2024061001036547,GVL,66,57,10.0,533.0,5330.0,2024-06-10
2024061001036546,GVL,66,49,700.0,533.0,373100.0,2024-06-10
2024061001036545,GVL,66,74,40.0,533.0,21320.0,2024-06-10
2024061001036544,GVL,66,21,10.0,530.0,5300.0,2024-06-10
2024061001036543,GVL,66,17,10.0,530.0,5300.0,2024-06-10
2024061001036542,GVL,66,39,72.0,529.0,38088.0,2024-06-10
2024061004014281,NICL,44,14,222.0,833.0,184926.0,2024-06-10
2024061005006134,HRL,55,22,700.0,572.6,400820.0,2024-06-10
2024061001036541,UNL,38,19,10.0,44900.0,449000.0,2024-06-10
2024061001036540,MKHC,34,53,101.0,329.0,33229.0,2024-06-10
2024061001036539,MKHC,13,53,1000.0,329.0,329000.0,2024-06-10
2024061001036538,MKHC,72,53,70.0,329.0,23030.0,2024-06-10
2024061001036537,MKHC,36,53,999.0,329.1,328770.9,2024-06-10
2024061001036536,MKHC,54,53,100.0,329.2,32920.0,2024-06-10
2024061001036535,MKHC,34,53,900.0,329.3,296370.0,2024-06-10
2024061001036534,MKHC,39,53,100.0,329.4,32940.0,2024-06-10
2024061001036533,MKHC,45,53,100.0,330.0,33000.0,2024-06-10
2024061001036532,MKHC,38,53,10.0,331.0,3310.0,2024-06-10
2024061003014574,KSBBL,36,19,70.0,372.9,26103.0,2024-06-10
2024061003014573,KSBBL,36,39,32.0,372.0,11904.0,2024-06-10
2024061005006133,CHDC,58,72,800.0,994.0,795200.0,2024-06-10
2024061001036531,SMHL,29,29,90.0,627.0,56430.0,2024-06-10
2024061001036530,SMHL,29,28,20.0,626.0,12520.0,2024-06-10
2024061001036529,SMHL,29,19,150.0,626.0,93900.0,2024-06-10
2024061001036528,SMHL,29,41,200.0,625.0,125000.0,2024-06-10
2024061001036527,SMHL,29,11,10.0,625.0,6250.0,2024-06-10
2024061001036526,SMHL,29,51,10.0,625.0,6250.0,2024-06-10
2024061001036525,SMHL,29,25,10.0,625.0,6250.0,2024-06-10
2024061001036524,SMHL,29,21,10.0,623.0,6230.0,2024-06-10
2024061003014572,SIFC,17,4,10.0,425.0,4250.0,2024-06-10
2024061004014280,SSHL,17,50,10.0,162.8,1628.0,2024-06-10
2024061004014279,HEI,49,14,120.0,595.9,71508.0,2024-06-10
2024061001036523,TAMOR,62,49,60.0,399.0,23940.0,2024-06-10
2024061001036522,TAMOR,45,49,20.0,399.1,7982.0,2024-06-10
2024061004014278,SHPC,49,44,50.0,328.0,16400.0,2024-06-10
2024061003014571,SLBBL,47,52,10.0,823.0,8230.0,2024-06-10
2024061004014277,PMHPL,41,52,10.0,233.0,2330.0,2024-06-10
2024061001036521,NESDO,65,82,30.0,2095.0,62850.0,2024-06-10
2024061001036520,NESDO,65,64,10.0,2095.0,20950.0,2024-06-10
2024061003014570,KMCDB,77,35,100.0,1097.0,109700.0,2024-06-10
2024061003014569,GILB,62,62,114.0,1634.0,186276.0,2024-06-10
2024061003014568,GILB,62,32,10.0,1634.0,16340.0,2024-06-10
2024061003014567,GILB,62,59,600.0,1634.0,980400.0,2024-06-10
2024061003014566,GILB,62,66,100.0,1634.0,163400.0,2024-06-10
2024061003014565,GILB,62,62,200.0,1634.0,326800.0,2024-06-10
2024061003014564,GILB,62,32,112.0,1633.9,182996.8,2024-06-10
2024061003014563,GILB,62,62,80.0,1633.9,130712.0,2024-06-10
2024061003014562,GILB,62,62,20.0,1633.8,32676.0,2024-06-10
2024061003014561,GILB,62,4,100.0,1633.0,163300.0,2024-06-10
2024061003014560,GILB,62,45,164.0,1633.0,267812.0,2024-06-10
2024061001036519,BNHC,56,45,20.0,624.1,12482.0,2024-06-10
2024061001036518,BNHC,55,45,80.0,624.2,49936.0,2024-06-10
2024061001036517,MKHL,42,21,100.0,454.5,45450.0,2024-06-10
2024061003014559,HLI,53,22,88.0,383.0,33704.0,2024-06-10
2024061001036516,SARBTM,56,38,85.0,812.1,69028.5,2024-06-10
2024061001036515,SARBTM,67,38,50.0,812.1,40605.0,2024-06-10
2024061001036514,SARBTM,4,38,65.0,813.0,52845.0,2024-06-10
2024061003014558,HLBSL,38,54,500.0,1343.9,671950.0,2024-06-10
2024061003014557,GBBL,4,53,318.0,361.0,114798.0,2024-06-10
2024061001036513,CLI,32,21,10.0,472.0,4720.0,2024-06-10
2024061001036512,NRM,34,58,10.0,408.0,4080.0,2024-06-10
2024061003014556,CBBL,4,51,100.0,851.0,85100.0,2024-06-10
2024061001036511,JALPA,29,45,10.0,1448.0,14480.0,2024-06-10
2024061003014555,SJLIC,34,45,10.0,409.0,4090.0,2024-06-10
2024061003014554,GILB,58,45,336.0,1633.0,548688.0,2024-06-10
2024061003014553,GILB,58,54,500.0,1630.0,815000.0,2024-06-10
2024061003014552,GILB,58,52,16.0,1629.0,26064.0,2024-06-10
2024061003014551,GILB,58,19,48.0,1628.0,78144.0,2024-06-10
2024061003014550,GILB,58,57,100.0,1606.9,160690.0,2024-06-10
2024061005006132,NRN,58,58,2000.0,715.0,1430000.0,2024-06-10
2024061005006131,NRN,58,63,200.0,678.3,135660.0,2024-06-10
2024061005006130,NRN,58,60,300.0,678.3,203490.0,2024-06-10
2024061005006129,NRN,58,34,500.0,678.3,339150.0,2024-06-10
2024061005006128,NRN,58,57,1100.0,678.3,746130.0,2024-06-10
2024061005006127,NRN,58,11,385.0,678.3,261145.5,2024-06-10
2024061005006126,NRN,58,7,10.0,678.3,6783.0,2024-06-10
2024061005006125,NRN,58,38,20.0,678.3,13566.0,2024-06-10
2024061005006124,NRN,58,42,1250.0,678.3,847875.0,2024-06-10
2024061005006123,NRN,58,32,500.0,678.3,339150.0,2024-06-10
2024061005006122,NRN,58,32,500.0,678.3,339150.0,2024-06-10
2024061005006121,NRN,58,41,400.0,678.3,271320.0,2024-06-10
2024061005006120,NRN,58,34,100.0,678.3,67830.0,2024-06-10
2024061005006119,NRN,58,54,100.0,678.3,67830.0,2024-06-10
2024061005006118,NRN,58,19,50.0,678.3,33915.0,2024-06-10
2024061005006117,NRN,58,57,1000.0,678.3,678300.0,2024-06-10
2024061005006116,NRN,58,21,2000.0,678.3,1356600.0,2024-06-10
2024061005006115,NRN,58,40,100.0,678.1,67810.0,2024-06-10
2024061005006114,NRN,58,32,300.0,678.1,203430.0,2024-06-10
2024061005006113,NRN,58,39,100.0,678.1,67810.0,2024-06-10
2024061005006112,NRN,58,36,50.0,678.0,33900.0,2024-06-10
2024061005006111,NRN,58,33,500.0,678.0,339000.0,2024-06-10
2024061005006110,NRN,58,42,100.0,678.0,67800.0,2024-06-10
2024061005006109,NRN,58,33,1000.0,678.0,678000.0,2024-06-10
2024061005006108,NRN,58,59,500.0,678.0,339000.0,2024-06-10
2024061005006107,NRN,58,35,200.0,678.0,135600.0,2024-06-10
2024061005006106,NRN,58,41,10.0,678.0,6780.0,2024-06-10
2024061005006105,NRN,58,48,100.0,678.0,67800.0,2024-06-10
2024061005006104,NRN,58,1,500.0,678.0,339000.0,2024-06-10
2024061005006103,NRN,58,50,200.0,678.0,135600.0,2024-06-10
2024061005006102,NRN,58,35,100.0,678.0,67800.0,2024-06-10
2024061005006101,NRN,58,74,15.0,678.0,10170.0,2024-06-10
2024061005006100,NRN,58,61,500.0,678.0,339000.0,2024-06-10
2024061005006099,NRN,58,33,10.0,678.0,6780.0,2024-06-10
2024061005006098,NRN,58,59,2000.0,678.0,1356000.0,2024-06-10
2024061005006097,NRN,58,8,120.0,678.0,81360.0,2024-06-10
2024061005006096,NRN,58,44,10.0,678.0,6780.0,2024-06-10
2024061005006095,NRN,58,16,500.0,678.0,339000.0,2024-06-10
2024061005006094,NRN,58,58,400.0,678.0,271200.0,2024-06-10
2024061005006093,NRN,58,56,10.0,678.0,6780.0,2024-06-10
2024061005006092,NRN,58,43,10.0,678.0,6780.0,2024-06-10
2024061005006091,NRN,58,17,100.0,677.2,67720.0,2024-06-10
2024061005006090,NRN,58,47,1000.0,677.2,677200.0,2024-06-10
2024061005006089,NRN,58,49,50.0,677.2,33860.0,2024-06-10
2024061005006088,NRN,58,43,100.0,677.0,67700.0,2024-06-10
2024061005006087,NRN,58,5,500.0,677.0,338500.0,2024-06-10
2024061005006086,NRN,58,39,100.0,677.0,67700.0,2024-06-10
2024061005006085,NRN,58,29,500.0,677.0,338500.0,2024-06-10
2024061005006084,NRN,58,57,700.0,677.0,473900.0,2024-06-10
2024061005006083,NRN,58,35,10.0,677.0,6770.0,2024-06-10
2024061005006082,NRN,58,88,500.0,677.0,338500.0,2024-06-10
2024061005006081,NRN,58,6,2000.0,676.4,1352800.0,2024-06-10
2024061005006080,NRN,58,33,2000.0,676.2,1352400.0,2024-06-10
2024061005006079,NRN,58,60,300.0,676.2,202860.0,2024-06-10
2024061005006078,NRN,58,43,74.0,676.2,50038.8,2024-06-10
2024061005006077,NRN,58,35,100.0,676.1,67610.0,2024-06-10
2024061005006076,NRN,58,34,1000.0,676.0,676000.0,2024-06-10
2024061005006075,NRN,58,55,1000.0,676.0,676000.0,2024-06-10
2024061005006074,NRN,58,58,50.0,676.0,33800.0,2024-06-10
2024061005006073,NRN,58,58,200.0,676.0,135200.0,2024-06-10
2024061005006072,NRN,58,35,350.0,676.0,236600.0,2024-06-10
2024061005006071,NRN,58,56,10.0,676.0,6760.0,2024-06-10
2024061005006070,NRN,58,43,500.0,675.0,337500.0,2024-06-10
2024061005006069,NRN,58,33,1000.0,675.0,675000.0,2024-06-10
2024061005006068,NRN,58,34,1000.0,675.0,675000.0,2024-06-10
2024061005006067,NRN,58,55,10.0,675.0,6750.0,2024-06-10
2024061005006066,NRN,58,53,10.0,675.0,6750.0,2024-06-10
2024061005006065,NRN,58,57,180.0,675.0,121500.0,2024-06-10
2024061005006064,NRN,58,13,100.0,675.0,67500.0,2024-06-10
2024061005006063,NRN,58,71,615.0,675.0,415125.0,2024-06-10
2024061005006062,NRN,58,57,492.0,674.0,331608.0,2024-06-10
2024061005006061,NRN,58,3,400.0,674.0,269600.0,2024-06-10
2024061005006060,NRN,58,49,310.0,674.0,208940.0,2024-06-10
2024061005006059,NRN,58,42,10.0,674.0,6740.0,2024-06-10
2024061005006058,NRN,58,47,10.0,674.0,6740.0,2024-06-10
2024061005006057,NRN,58,25,10.0,674.0,6740.0,2024-06-10
2024061005006056,NRN,58,33,500.0,673.0,336500.0,2024-06-10
2024061005006055,NRN,58,17,10.0,671.0,6710.0,2024-06-10
2024061005006054,NRN,58,17,10.0,671.0,6710.0,2024-06-10
2024061005006053,NRN,58,57,2000.0,670.0,1340000.0,2024-06-10
2024061005006052,NRN,58,46,50.0,670.0,33500.0,2024-06-10
2024061005006051,NRN,58,66,1288.0,670.0,862960.0,2024-06-10
2024061005006050,NRN,58,6,3000.0,669.0,2007000.0,2024-06-10
2024061005006049,NRN,58,36,50.0,668.0,33400.0,2024-06-10
2024061005006048,NRN,58,7,50.0,668.0,33400.0,2024-06-10
2024061005006047,NRN,58,21,960.0,667.9,641184.0,2024-06-10
2024061005006046,NRN,58,50,500.0,667.0,333500.0,2024-06-10
2024061005006045,NRN,58,16,1500.0,665.0,997500.0,2024-06-10
2024061005006044,NRN,58,57,5000.0,665.0,3325000.0,2024-06-10
2024061005006043,NRN,58,34,50.0,665.0,33250.0,2024-06-10
2024061005006042,NRN,58,38,400.0,665.0,266000.0,2024-06-10
2024061005006041,NRN,58,14,75.0,664.0,49800.0,2024-06-10
2024061005006040,NRN,58,58,10.0,664.0,6640.0,2024-06-10
2024061004014276,UPPER,46,68,24.0,159.9,3837.6,2024-06-10
2024061003014549,SFCL,16,21,10.0,354.0,3540.0,2024-06-10
2024061001036510,BEDC,63,45,10.0,428.4,4284.0,2024-06-10
2024061001036509,BEDC,63,58,10.0,428.4,4284.0,2024-06-10
2024061001036508,BEDC,63,34,390.0,428.4,167076.0,2024-06-10
2024061001036507,MHCL,48,35,40.0,427.0,17080.0,2024-06-10
2024061003014548,NICLBSL,45,48,30.0,657.6,19728.0,2024-06-10
2024061001036506,NRM,32,21,10.0,410.0,4100.0,2024-06-10
2024061001036505,NRM,32,25,10.0,409.0,4090.0,2024-06-10
2024061004014275,MEN,64,11,30.0,595.1,17853.0,2024-06-10
2024061004014274,KPCL,62,62,10.0,453.0,4530.0,2024-06-10
2024061003014547,KRBL,44,25,95.0,432.0,41040.0,2024-06-10
2024061003014546,KRBL,67,25,210.0,433.0,90930.0,2024-06-10
2024061001036504,MKCL,49,81,85.0,1110.0,94350.0,2024-06-10
2024061001036503,MKCL,29,81,65.0,1110.0,72150.0,2024-06-10
2024061001036502,MKCL,38,81,20.0,1110.1,22202.0,2024-06-10
2024061001036501,MKCL,22,81,10.0,1112.0,11120.0,2024-06-10
2024061001036500,MKCL,42,81,15.0,1113.0,16695.0,2024-06-10
2024061004014273,UPPER,66,13,10.0,160.0,1600.0,2024-06-10
2024061001036499,SPL,45,45,20.0,789.9,15798.0,2024-06-10
2024061001036498,MKCL,26,14,50.0,1113.1,55655.0,2024-06-10
2024061001036497,UNLB,69,70,41.0,2026.0,83066.0,2024-06-10
2024061001036496,UNLB,69,16,50.0,2019.6,100980.0,2024-06-10
2024061001036495,UNLB,69,45,10.0,2011.0,20110.0,2024-06-10
2024061005006039,NRN,38,58,10.0,664.0,6640.0,2024-06-10
2024061003014545,NMBMF,1,44,430.0,715.4,307622.0,2024-06-10
2024061003014544,NMBMF,48,44,70.0,715.5,50085.0,2024-06-10
2024061001036494,SPC,58,74,594.0,637.0,378378.0,2024-06-10
2024061003014543,JFL,36,20,395.0,555.3,219343.5,2024-06-10
2024061001036493,MKHC,42,38,20.0,331.6,6632.0,2024-06-10
2024061001036492,SMHL,88,7,10.0,621.1,6211.0,2024-06-10
2024061003014542,BFC,41,71,10.0,422.5,4225.0,2024-06-10
2024061003014541,JFL,34,20,100.0,555.3,55530.0,2024-06-10
2024061004014272,MEN,58,21,100.0,596.0,59600.0,2024-06-10
2024061003014540,MFIL,49,13,190.0,502.0,95380.0,2024-06-10
2024061001036491,DORDI,37,49,123.0,435.2,53529.6,2024-06-10
2024061001036490,DORDI,44,49,250.0,436.0,109000.0,2024-06-10
2024061001036489,DORDI,38,49,50.0,436.0,21800.0,2024-06-10
2024061001036488,DORDI,17,49,77.0,436.0,33572.0,2024-06-10
2024061001036487,CKHL,47,4,10.0,590.0,5900.0,2024-06-10
2024061001036486,CZBIL,1,39,90.0,166.0,14940.0,2024-06-10
2024061001036485,GCIL,32,17,321.0,485.0,155685.0,2024-06-10
2024061001036484,GCIL,32,18,69.0,485.0,33465.0,2024-06-10
2024061001036483,GCIL,32,36,10.0,485.0,4850.0,2024-06-10
2024061001036482,GCIL,32,49,200.0,484.0,96800.0,2024-06-10
2024061004014271,SJCL,62,38,40.0,262.5,10500.0,2024-06-10
2024061004014270,SJCL,62,34,40.0,262.2,10488.0,2024-06-10
2024061001036481,CITY,4,37,20.0,699.0,13980.0,2024-06-10
2024061003014539,DDBL,70,14,110.0,805.0,88550.0,2024-06-10
2024061001036480,UHEWA,16,74,90.0,429.0,38610.0,2024-06-10
2024061001036479,UHEWA,54,74,150.0,429.1,64365.0,2024-06-10
2024061001036478,UHEWA,35,74,200.0,429.1,85820.0,2024-06-10
2024061001036477,UHEWA,13,74,50.0,429.2,21460.0,2024-06-10
2024061001036476,UHEWA,34,74,10.0,434.0,4340.0,2024-06-10
2024061004014269,KPCL,50,67,500.0,486.0,243000.0,2024-06-10
2024061003014538,MNBBL,34,6,11.0,343.0,3773.0,2024-06-10
2024061001036475,NESDO,33,49,10.0,2071.0,20710.0,2024-06-10
2024061001036474,BGWT,58,58,10.0,1100.0,11000.0,2024-06-10
2024061003014537,KSBBL,33,39,22.0,372.0,8184.0,2024-06-10
2024061003014536,KSBBL,33,58,114.0,372.0,42408.0,2024-06-10
2024061003014535,KSBBL,33,8,23.0,371.2,8537.6,2024-06-10
2024061003014534,KSBBL,33,57,100.0,371.0,37100.0,2024-06-10
2024061003014533,KSBBL,33,42,50.0,371.0,18550.0,2024-06-10
2024061003014532,KSBBL,33,22,100.0,371.0,37100.0,2024-06-10
2024061003014531,KSBBL,33,36,91.0,370.8,33742.8,2024-06-10
2024061004014268,HEI,56,14,70.0,595.9,41713.0,2024-06-10
2024061001036473,JBLB,47,57,25.0,1335.2,33380.0,2024-06-10
2024061003014530,NMBMF,48,45,30.0,715.5,21465.0,2024-06-10
2024061003014529,HLBSL,70,45,200.0,1340.0,268000.0,2024-06-10
2024061001036472,TPC,14,48,99.0,547.0,54153.0,2024-06-10
2024061001036471,TPC,14,38,10.0,547.0,5470.0,2024-06-10
2024061001036470,TPC,14,66,91.0,547.0,49777.0,2024-06-10
2024061004014267,MEN,19,21,150.0,596.0,89400.0,2024-06-10
2024061003014528,HLBSL,38,46,36.0,1343.0,48348.0,2024-06-10
2024061001036469,PHCL,62,29,100.0,300.2,30020.0,2024-06-10
2024061001036468,PHCL,17,29,30.0,300.2,9006.0,2024-06-10
2024061003014527,RSDC,49,80,40.0,673.0,26920.0,2024-06-10
2024061003014526,RSDC,49,19,50.0,673.0,33650.0,2024-06-10
2024061001036467,SPHL,49,46,57.0,553.0,31521.0,2024-06-10
2024061001036466,SPHL,49,53,40.0,553.0,22120.0,2024-06-10
2024061001036465,BHDC,61,94,80.0,604.0,48320.0,2024-06-10
2024061004014266,SHEL,16,16,200.0,154.8,30960.0,2024-06-10
2024061004014265,SHEL,38,16,500.0,154.9,77450.0,2024-06-10
2024061001036464,DOLTI,39,11,70.0,444.0,31080.0,2024-06-10
2024061001036463,DOLTI,22,11,448.0,444.0,198912.0,2024-06-10
2024061001036462,CLI,32,39,10.0,472.0,4720.0,2024-06-10
2024061001036461,CLI,32,58,10.0,472.0,4720.0,2024-06-10
2024061003014525,GFCL,62,38,17.0,464.0,7888.0,2024-06-10
2024061001036460,DOLTI,22,43,500.0,444.0,222000.0,2024-06-10
2024061004014264,UMRH,37,5,59.0,404.0,23836.0,2024-06-10
2024061004014263,UMRH,37,49,506.0,404.0,204424.0,2024-06-10
2024061004014262,UMRH,37,34,400.0,404.0,161600.0,2024-06-10
2024061004014261,UMRH,37,52,35.0,404.0,14140.0,2024-06-10
2024061001036459,NICA,14,70,50.0,402.0,20100.0,2024-06-10
2024061001036458,GBIME,45,38,200.0,178.9,35780.0,2024-06-10
2024061001036457,PPL,52,45,27.0,477.9,12903.3,2024-06-10
2024061001036456,MMKJL,58,33,110.0,504.0,55440.0,2024-06-10
2024061001036455,MMKJL,58,45,60.0,503.0,30180.0,2024-06-10
2024061001036454,MMKJL,58,10,10.0,503.0,5030.0,2024-06-10
2024061001036453,MMKJL,58,38,10.0,503.0,5030.0,2024-06-10
2024061001036452,MMKJL,58,42,100.0,502.9,50290.0,2024-06-10
2024061001036451,MMKJL,58,42,10.0,502.0,5020.0,2024-06-10
2024061001036450,MKLB,58,34,70.0,1300.0,91000.0,2024-06-10
2024061001036449,ILI,47,58,10.0,430.0,4300.0,2024-06-10
2024061001036448,ILI,47,38,10.0,430.0,4300.0,2024-06-10
2024061001036447,ILI,47,13,960.0,430.0,412800.0,2024-06-10
2024061001036446,ILI,47,38,120.0,429.9,51588.0,2024-06-10
2024061001036445,MANDU,38,34,560.0,885.2,495712.0,2024-06-10
2024061004014260,SHPC,49,44,10.0,328.0,3280.0,2024-06-10
2024061003014524,PMLI,48,38,28.0,495.0,13860.0,2024-06-10
2024061003014523,SADBL,16,13,100.0,309.0,30900.0,2024-06-10
2024061005006038,STC,29,13,10.0,4740.0,47400.0,2024-06-10
2024061003014522,KMCDB,77,96,100.0,1098.0,109800.0,2024-06-10
2024061001036444,BEDC,32,34,100.0,428.4,42840.0,2024-06-10
2024061005006037,HRL,57,22,100.0,572.7,57270.0,2024-06-10
2024061004014259,RHPL,43,44,1490.0,267.0,397830.0,2024-06-10
2024061004014258,RHPL,43,5,480.0,266.9,128112.0,2024-06-10
2024061004014257,RHPL,43,13,30.0,266.5,7995.0,2024-06-10
2024061003014521,ICFC,42,22,100.0,511.1,51110.0,2024-06-10
2024061001036443,BHPL,35,22,400.0,621.0,248400.0,2024-06-10
2024061004014256,UPCL,58,26,280.0,190.0,53200.0,2024-06-10
2024061004014255,UPCL,35,26,20.0,190.7,3814.0,2024-06-10
2024061003014520,VLBS,45,21,11.0,1070.0,11770.0,2024-06-10
2024061003014519,VLBS,19,21,10.0,1070.1,10701.0,2024-06-10
2024061001036442,MCHL,62,21,15.0,428.0,6420.0,2024-06-10
2024061001036441,MCHL,29,21,160.0,428.0,68480.0,2024-06-10
2024061004014254,SGIC,21,45,75.0,529.0,39675.0,2024-06-10
2024061001036440,MHCL,7,35,100.0,427.0,42700.0,2024-06-10
2024061003014518,GUFL,49,42,100.0,692.0,69200.0,2024-06-10
2024061005006036,HIDCL,49,41,100.0,163.0,16300.0,2024-06-10
2024061001036439,SGHC,48,63,470.0,337.0,158390.0,2024-06-10
2024061001036438,SGHC,48,50,40.0,337.0,13480.0,2024-06-10
2024061003014517,BFC,32,56,200.0,423.0,84600.0,2024-06-10
2024061005006035,NRN,28,67,1000.0,663.0,663000.0,2024-06-10
2024061004014253,CGH,56,56,60.0,875.0,52500.0,2024-06-10
2024061001036437,SMH,56,88,80.0,839.2,67136.0,2024-06-10
2024061001036436,SMH,56,58,20.0,839.0,16780.0,2024-06-10
2024061004014252,SHL,4,52,135.0,435.0,58725.0,2024-06-10
2024061004014251,SHL,62,52,365.0,435.0,158775.0,2024-06-10
2024061003014516,GILB,58,57,300.0,1602.5,480750.0,2024-06-10
2024061001036435,MSHL,36,37,280.0,700.5,196140.0,2024-06-10
2024061004014250,GHL,45,21,393.0,144.1,56631.3,2024-06-10
2024061004014249,GHL,58,21,50.0,144.1,7205.0,2024-06-10
2024061004014248,GHL,37,21,50.0,144.2,7210.0,2024-06-10
2024061004014247,GHL,57,21,380.0,144.2,54796.0,2024-06-10
2024061004014246,GHL,42,21,82.0,144.3,11832.6,2024-06-10
2024061003014515,JFL,42,20,205.0,555.3,113836.5,2024-06-10
2024061004014245,NHPC,25,58,900.0,142.7,128430.0,2024-06-10
2024061004014244,NHPC,14,58,100.0,142.7,14270.0,2024-06-10
2024061001036434,MBJC,58,58,45.0,305.0,13725.0,2024-06-10
2024061001036433,MBJC,58,57,10.0,305.0,3050.0,2024-06-10
2024061001036432,MBJC,58,38,10.0,305.0,3050.0,2024-06-10
2024061001036431,MBJC,58,6,100.0,305.0,30500.0,2024-06-10
2024061001036430,MBJC,58,58,10.0,305.0,3050.0,2024-06-10
2024061001036429,MBJC,58,51,680.0,305.0,207400.0,2024-06-10
2024061001036428,MBJC,58,18,100.0,305.0,30500.0,2024-06-10
2024061001036427,MBJC,58,40,25.0,305.0,7625.0,2024-06-10
2024061001036426,MBJC,58,22,10.0,304.1,3041.0,2024-06-10
2024061001036425,MBJC,58,48,10.0,304.1,3041.0,2024-06-10
2024061001036424,ILI,49,42,10.0,429.1,4291.0,2024-06-10
2024061004014243,HDHPC,7,58,40.0,130.3,5212.0,2024-06-10
2024061004014242,HDHPC,7,14,60.0,130.3,7818.0,2024-06-10
2024061004014241,HDHPC,7,84,10.0,130.3,1303.0,2024-06-10
2024061004014240,HDHPC,7,5,10.0,130.3,1303.0,2024-06-10
2024061003014514,EDBL,58,74,110.0,375.9,41349.0,2024-06-10
2024061003014513,EDBL,58,58,50.0,375.0,18750.0,2024-06-10
2024061001036423,RNLI,54,58,11.0,424.5,4669.5,2024-06-10
2024061003014512,NMLBBL,42,34,76.0,712.0,54112.0,2024-06-10
2024061003014511,NMLBBL,51,34,24.0,713.0,17112.0,2024-06-10
2024061001036422,TPC,49,66,140.0,547.0,76580.0,2024-06-10
2024061001036421,TPC,49,75,10.0,546.0,5460.0,2024-06-10
2024061001036420,MEHL,58,16,794.0,376.9,299258.6,2024-06-10
2024061004014239,RADHI,39,29,20.0,239.8,4796.0,2024-06-10
2024061001036419,DORDI,39,17,10.0,439.0,4390.0,2024-06-10
2024061004014238,SPDL,11,84,356.0,242.1,86187.6,2024-06-10
2024061001036418,RFPL,56,49,70.0,377.4,26418.0,2024-06-10
2024061001036417,MBL,52,33,120.0,172.0,20640.0,2024-06-10
2024061001036416,MBL,42,33,966.0,172.0,166152.0,2024-06-10
2024061003014510,NMFBS,33,45,31.0,1360.0,42160.0,2024-06-10
2024061001036415,SCB,38,10,10.0,566.5,5665.0,2024-06-10
2024061003014509,GMFIL,38,10,10.0,395.9,3959.0,2024-06-10
2024061001036414,BHDC,61,44,420.0,604.0,253680.0,2024-06-10
2024061001036413,BHDC,44,44,500.0,604.1,302050.0,2024-06-10
2024061001036412,BHDC,25,44,10.0,605.0,6050.0,2024-06-10
2024061001036411,BHDC,37,44,70.0,605.7,42399.0,2024-06-10
2024061004014237,AHPC,47,74,780.0,154.1,120198.0,2024-06-10
2024061004014236,AHPC,29,74,100.0,154.2,15420.0,2024-06-10
2024061004014235,AHPC,49,74,120.0,154.5,18540.0,2024-06-10
2024061001036410,SAHAS,55,86,100.0,536.0,53600.0,2024-06-10
2024061001036409,SONA,1,32,20.0,444.0,8880.0,2024-06-10
2024061001036408,SONA,1,58,10.0,444.0,4440.0,2024-06-10
2024061001036407,SONA,1,22,50.0,444.0,22200.0,2024-06-10
2024061001036406,SONA,1,58,10.0,444.0,4440.0,2024-06-10
2024061001036405,SONA,1,49,10.0,443.0,4430.0,2024-06-10
2024061001036404,BGWT,65,54,10.0,1100.0,11000.0,2024-06-10
2024061001036403,BHPL,35,10,400.0,621.0,248400.0,2024-06-10
2024061001036402,BHPL,35,10,600.0,621.0,372600.0,2024-06-10
2024061001036401,GBIME,39,42,80.0,178.0,14240.0,2024-06-10
2024061001036400,GBIME,57,42,20.0,178.5,3570.0,2024-06-10
2024061001036399,MLBS,58,6,10.0,1315.0,13150.0,2024-06-10
2024061001036398,MLBS,58,35,10.0,1312.0,13120.0,2024-06-10
2024061001036397,MLBS,58,5,10.0,1310.0,13100.0,2024-06-10
2024061003014508,SFCL,36,58,10.0,353.0,3530.0,2024-06-10
2024061001036396,USHEC,18,38,319.0,429.5,137010.5,2024-06-10
2024061001036395,USHEC,18,45,71.0,426.0,30246.0,2024-06-10
2024061004014234,HEI,34,14,10.0,595.9,5959.0,2024-06-10
2024061003014507,SLBBL,47,49,304.0,810.0,246240.0,2024-06-10
2024061003014506,SLBBL,39,49,100.0,810.1,81010.0,2024-06-10
2024061003014505,SLBBL,16,49,66.0,810.6,53499.6,2024-06-10
2024061003014504,SLBBL,38,49,10.0,811.0,8110.0,2024-06-10
2024061003014503,SLBBL,45,49,10.0,811.0,8110.0,2024-06-10
2024061003014502,SLBBL,26,49,100.0,812.0,81200.0,2024-06-10
2024061003014501,SLBBL,74,49,200.0,813.0,162600.0,2024-06-10
2024061003014500,SLBBL,28,49,10.0,813.0,8130.0,2024-06-10
2024061003014499,SLBBL,50,49,100.0,813.1,81310.0,2024-06-10
2024061003014498,SLBBL,44,49,100.0,814.0,81400.0,2024-06-10
2024061001036394,SGHC,43,50,10.0,337.0,3370.0,2024-06-10
2024061003014497,MFIL,14,13,50.0,502.0,25100.0,2024-06-10
2024061001036393,SIKLES,14,51,20.0,608.0,12160.0,2024-06-10
2024061001036392,SIKLES,14,67,61.0,608.0,37088.0,2024-06-10
2024061001036391,MEHL,58,45,20.0,376.9,7538.0,2024-06-10
2024061001036390,SAHAS,64,43,110.0,538.0,59180.0,2024-06-10
2024061001036389,SAHAS,64,48,10.0,538.0,5380.0,2024-06-10
2024061001036388,SAHAS,64,59,250.0,537.9,134475.0,2024-06-10
2024061001036387,SAHAS,64,38,200.0,537.9,107580.0,2024-06-10
2024061001036386,SAHAS,64,22,100.0,537.8,53780.0,2024-06-10
2024061001036385,SAHAS,64,22,100.0,537.7,53770.0,2024-06-10
2024061001036384,SAHAS,64,6,10.0,537.5,5375.0,2024-06-10
2024061001036383,SAHAS,64,58,10.0,537.5,5375.0,2024-06-10
2024061001036382,SAHAS,64,38,10.0,537.0,5370.0,2024-06-10
2024061001036381,SAHAS,64,18,160.0,537.0,85920.0,2024-06-10
2024061001036380,SHIVM,53,8,25.0,494.0,12350.0,2024-06-10
2024061004014233,HURJA,64,5,100.0,275.0,27500.0,2024-06-10
2024061004014232,HURJA,57,5,500.0,275.0,137500.0,2024-06-10
2024061003014496,BFC,42,56,65.0,423.0,27495.0,2024-06-10
2024061003014495,BFC,42,26,35.0,423.0,14805.0,2024-06-10
2024061004014231,SPDL,17,37,12.0,243.5,2922.0,2024-06-10
2024061004014230,SPDL,17,34,20.0,243.0,4860.0,2024-06-10
2024061004014229,SPDL,17,41,18.0,243.0,4374.0,2024-06-10
2024061004014228,API,58,45,10.0,173.8,1738.0,2024-06-10
2024061004014227,BARUN,58,52,28.0,249.0,6972.0,2024-06-10
2024061004014226,BARUN,58,58,22.0,248.5,5467.0,2024-06-10
2024061003014494,SDLBSL,6,25,10.0,996.0,9960.0,2024-06-10
2024061003014493,ILBS,49,65,10.0,1290.0,12900.0,2024-06-10
2024061001036379,RFPL,57,49,20.0,377.0,7540.0,2024-06-10
2024061001036378,PCBL,39,44,241.0,197.6,47621.6,2024-06-10
2024061001036377,PCBL,39,58,20.0,197.6,3952.0,2024-06-10
2024061001036376,PCBL,39,14,10.0,197.5,1975.0,2024-06-10
2024061001036375,MCHL,56,41,95.0,432.0,41040.0,2024-06-10
2024061001036374,MCHL,56,6,10.0,431.0,4310.0,2024-06-10
2024061001036373,MCHL,56,17,55.0,431.0,23705.0,2024-06-10
2024061001036372,MCHL,56,32,270.0,430.9,116343.0,2024-06-10
2024061001036371,MCHL,56,17,70.0,429.0,30030.0,2024-06-10
2024061004014225,TRH,57,58,50.0,761.5,38075.0,2024-06-10
2024061004014224,SHPC,55,26,146.0,326.4,47654.4,2024-06-10
2024061004014223,SHPC,71,26,34.0,326.5,11101.0,2024-06-10
2024061004014222,SHPC,32,26,20.0,327.0,6540.0,2024-06-10
2024061004014221,KPCL,50,26,1000.0,478.0,478000.0,2024-06-10
2024061003014492,GFCL,53,38,10.0,464.0,4640.0,2024-06-10
2024061001036370,MKHC,5,41,10.0,331.7,3317.0,2024-06-10
2024061001036369,MEHL,58,42,10.0,376.9,3769.0,2024-06-10
2024061001036368,HHL,42,46,240.0,379.9,91176.0,2024-06-10
2024061001036367,HHL,42,50,60.0,379.8,22788.0,2024-06-10
2024061001036366,PPL,52,55,10.0,477.9,4779.0,2024-06-10
2024061005006034,HRL,55,58,10.0,572.6,5726.0,2024-06-10
2024061001036365,RNLI,54,49,11.0,424.5,4669.5,2024-06-10
2024061003014491,NLIC,49,39,83.0,601.0,49883.0,2024-06-10
2024061001036364,GVL,1,39,78.0,529.7,41316.6,2024-06-10
2024061001036363,MEHL,58,25,10.0,376.9,3769.0,2024-06-10
2024061001036362,NBL,56,22,41.0,204.4,8380.4,2024-06-10
2024061001036361,VLUCL,57,28,10.0,520.0,5200.0,2024-06-10
2024061003014490,RLFL,59,28,10.0,401.2,4012.0,2024-06-10
2024061001036360,SNLI,43,21,10.0,465.0,4650.0,2024-06-10
2024061001036359,SNLI,43,32,10.0,465.0,4650.0,2024-06-10
2024061001036358,GBIME,57,56,30.0,178.5,5355.0,2024-06-10
2024061001036357,PRVU,22,37,10.0,142.0,1420.0,2024-06-10
2024061003014489,CFCL,45,41,50.0,420.0,21000.0,2024-06-10
2024061004014220,API,57,45,250.0,173.8,43450.0,2024-06-10
2024061004014219,NHDL,26,38,12.0,530.0,6360.0,2024-06-10
2024061004014218,NHDL,26,13,200.0,530.0,106000.0,2024-06-10
2024061004014217,NHDL,26,40,56.0,530.0,29680.0,2024-06-10
2024061001036356,TAMOR,62,36,10.0,399.0,3990.0,2024-06-10
2024061004014216,AHPC,35,40,10.0,155.0,1550.0,2024-06-10
2024061004014215,UMRH,69,7,20.0,403.0,8060.0,2024-06-10
2024061001036355,NRM,34,38,500.0,408.0,204000.0,2024-06-10
2024061004014214,NIL,42,51,10.0,796.9,7969.0,2024-06-10
2024061004014213,MEN,17,21,40.0,596.0,23840.0,2024-06-10
2024061005006033,ENL,47,46,10.0,1010.0,10100.0,2024-06-10
2024061001036354,CITY,72,29,40.0,696.0,27840.0,2024-06-10
2024061001036353,CITY,45,29,40.0,698.0,27920.0,2024-06-10
2024061004014212,JOSHI,29,44,35.0,306.0,10710.0,2024-06-10
2024061004014211,JOSHI,29,21,50.0,306.0,15300.0,2024-06-10
2024061004014210,JOSHI,29,14,60.0,305.0,18300.0,2024-06-10
2024061001036352,KDL,71,96,210.0,1218.0,255780.0,2024-06-10
2024061003014488,PFL,42,88,50.0,597.0,29850.0,2024-06-10
2024061004014209,SHL,14,43,120.0,435.9,52308.0,2024-06-10
2024061004014208,DHPL,22,36,250.0,193.2,48300.0,2024-06-10
2024061001036351,RFPL,44,49,331.0,377.4,124919.4,2024-06-10
2024061003014487,ICFC,21,45,100.0,512.0,51200.0,2024-06-10
2024061004014207,NHDL,50,40,50.0,530.0,26500.0,2024-06-10
2024061003014486,RSDC,62,35,100.0,670.3,67030.0,2024-06-10
2024061004014206,KKHC,35,57,460.0,220.0,101200.0,2024-06-10
2024061001036350,NRM,34,63,70.0,408.0,28560.0,2024-06-10
2024061001036349,NRM,25,63,470.0,408.0,191760.0,2024-06-10
2024061001036348,NRM,53,63,100.0,408.1,40810.0,2024-06-10
2024061001036347,NRM,64,63,50.0,408.7,20435.0,2024-06-10
2024061001036346,NRM,42,63,10.0,409.0,4090.0,2024-06-10
2024061001036345,PHCL,6,4,970.0,302.9,293813.0,2024-06-10
2024061001036344,PHCL,6,57,500.0,301.0,150500.0,2024-06-10
2024061001036343,PHCL,6,38,10.0,301.0,3010.0,2024-06-10
2024061001036342,PHCL,6,18,10.0,301.0,3010.0,2024-06-10
2024061001036341,PHCL,6,58,10.0,300.5,3005.0,2024-06-10
2024061001036340,EHPL,65,38,55.0,577.3,31751.5,2024-06-10
2024061001036339,EHPL,65,26,600.0,577.0,346200.0,2024-06-10
2024061001036338,EHPL,65,52,10.0,576.3,5763.0,2024-06-10
2024061001036337,EHPL,65,35,105.0,576.3,60511.5,2024-06-10
2024061001036336,EHPL,65,41,10.0,575.0,5750.0,2024-06-10
2024061001036335,EHPL,65,64,120.0,575.0,69000.0,2024-06-10
2024061001036334,EHPL,65,49,100.0,571.0,57100.0,2024-06-10
2024061005006032,ENL,47,59,700.0,1001.0,700700.0,2024-06-10
2024061005006031,ENL,4,59,10.0,1002.0,10020.0,2024-06-10
2024061003014485,SJLIC,32,33,60.0,408.0,24480.0,2024-06-10
2024061001036333,SPL,85,45,107.0,789.9,84519.3,2024-06-10
2024061004014205,SHEL,1,16,170.0,155.0,26350.0,2024-06-10
2024061004014204,SSHL,17,50,10.0,162.8,1628.0,2024-06-10
2024061004014203,SSHL,17,38,40.0,162.0,6480.0,2024-06-10
2024061004014202,JOSHI,72,34,50.0,304.0,15200.0,2024-06-10
2024061004014201,UPPER,6,49,90.0,159.5,14355.0,2024-06-10
2024061004014200,UPPER,32,49,200.0,159.9,31980.0,2024-06-10
2024061003014484,SJLIC,34,48,25.0,407.7,10192.5,2024-06-10
2024061003014483,SJLIC,47,48,100.0,407.7,40770.0,2024-06-10
2024061001036332,CITY,52,42,50.0,699.9,34995.0,2024-06-10
2024061001036331,HDL,7,4,49.0,1296.0,63504.0,2024-06-10
2024061001036330,HDL,58,4,50.0,1296.0,64800.0,2024-06-10
2024061001036329,HDL,21,4,30.0,1296.0,38880.0,2024-06-10
2024061001036328,HDL,21,4,31.0,1296.0,40176.0,2024-06-10
2024061001036327,HDL,41,4,50.0,1296.5,64825.0,2024-06-10
2024061004014199,LEC,37,17,10.0,179.4,1794.0,2024-06-10
2024061001036326,ULHC,57,35,339.0,399.0,135261.0,2024-06-10
2024061001036325,ULHC,57,16,661.0,398.9,263672.9,2024-06-10
2024061001036324,MEHL,58,14,10.0,376.9,3769.0,2024-06-10
2024061001036323,MHCL,54,45,250.0,427.9,106975.0,2024-06-10
2024061003014482,GLBSL,74,45,10.0,1868.0,18680.0,2024-06-10
2024061001036322,NWCL,88,1,100.0,840.0,84000.0,2024-06-10
2024061001036321,NWCL,49,1,10.0,840.1,8401.0,2024-06-10
2024061001036320,NWCL,34,1,30.0,840.1,25203.0,2024-06-10
2024061001036319,RFPL,21,49,2000.0,377.4,754800.0,2024-06-10
2024061005006030,NTC,10,45,20.0,830.0,16600.0,2024-06-10
2024061004014198,SHEL,32,35,56.0,154.6,8657.6,2024-06-10
2024061004014197,SHEL,38,35,50.0,154.7,7735.0,2024-06-10
2024061004014196,SHEL,36,35,250.0,154.7,38675.0,2024-06-10
2024061004014195,SHEL,38,35,1000.0,154.8,154800.0,2024-06-10
2024061004014194,SHEL,37,35,304.0,154.8,47059.2,2024-06-10
2024061003014481,PFL,42,38,165.0,597.0,98505.0,2024-06-10
2024061001036318,MCHL,58,32,10.0,430.9,4309.0,2024-06-10
2024061001036317,SONA,38,58,200.0,442.7,88540.0,2024-06-10
2024061003014480,PFL,42,58,200.0,597.0,119400.0,2024-06-10
2024061004014193,NIL,48,51,11.0,796.9,8765.9,2024-06-10
2024061001036316,SPC,58,11,70.0,637.0,44590.0,2024-06-10
2024061005006029,HRL,55,25,1000.0,572.6,572600.0,2024-06-10
2024061003014479,PROFL,4,52,40.0,350.5,14020.0,2024-06-10
2024061003014478,PROFL,88,52,300.0,350.5,105150.0,2024-06-10
2024061003014477,SWMF,82,43,30.0,882.1,26463.0,2024-06-10
2024061003014476,USLB,44,33,20.0,1920.0,38400.0,2024-06-10
2024061003014475,USLB,44,33,10.0,1920.0,19200.0,2024-06-10
2024061001036315,DOLTI,22,50,52.0,444.0,23088.0,2024-06-10
2024061003014474,DDBL,70,14,20.0,805.0,16100.0,2024-06-10
2024061003014473,PFL,42,44,85.0,597.0,50745.0,2024-06-10
2024061003014472,DDBL,70,55,10.0,805.0,8050.0,2024-06-10
2024061003014471,SAPDBL,41,81,50.0,318.0,15900.0,2024-06-10
2024061003014470,JFL,42,41,500.0,555.3,277650.0,2024-06-10
2024061003014469,JFL,29,41,500.0,556.0,278000.0,2024-06-10
2024061001036314,SMHL,16,19,500.0,624.0,312000.0,2024-06-10
2024061003014468,BFC,49,26,15.0,423.0,6345.0,2024-06-10
2024061001036313,MHCL,54,62,20.0,427.9,8558.0,2024-06-10
2024061001036312,GCIL,44,57,11.0,483.4,5317.4,2024-06-10
2024061001036311,SPHL,57,53,10.0,553.0,5530.0,2024-06-10
2024061005006028,HRL,55,22,10.0,572.6,5726.0,2024-06-10
2024061001036310,USHEC,58,45,29.0,426.0,12354.0,2024-06-10
2024061001036309,NICA,59,45,50.0,401.1,20055.0,2024-06-10
2024061001036308,MCHL,29,45,340.0,428.0,145520.0,2024-06-10
2024061001036307,MCHL,1,45,150.0,428.2,64230.0,2024-06-10
2024061001036306,MCHL,47,45,10.0,429.0,4290.0,2024-06-10
2024061003014467,GUFL,49,19,20.0,692.0,13840.0,2024-06-10
2024061003014466,FMDBL,62,1,70.0,663.0,46410.0,2024-06-10
2024061003014465,FMDBL,52,1,100.0,663.0,66300.0,2024-06-10
2024061003014464,FMDBL,62,1,100.0,663.6,66360.0,2024-06-10
2024061003014463,FMDBL,32,1,10.0,663.6,6636.0,2024-06-10
2024061003014462,FMDBL,19,1,20.0,664.5,13290.0,2024-06-10
2024061003014461,FMDBL,25,1,60.0,665.0,39900.0,2024-06-10
2024061003014460,FMDBL,34,1,30.0,665.0,19950.0,2024-06-10
2024061003014459,FMDBL,49,1,110.0,665.0,73150.0,2024-06-10
2024061004014192,RHPL,17,46,40.0,266.0,10640.0,2024-06-10
2024061001036305,SAHAS,55,42,10.0,536.0,5360.0,2024-06-10
2024061001036304,MHCL,34,49,10.0,428.0,4280.0,2024-06-10
2024061001036303,BHDC,65,59,10.0,610.0,6100.0,2024-06-10
2024061003014458,KMCDB,77,96,100.0,1098.0,109800.0,2024-06-10
2024061003014457,KMCDB,77,44,78.0,1094.0,85332.0,2024-06-10
2024061003014456,KMCDB,77,35,672.0,1090.0,732480.0,2024-06-10
2024061001036302,NABIL,58,1,1.0,458.9,458.9,2024-06-10
2024061004014191,LEC,11,17,90.0,179.4,16146.0,2024-06-10
2024061004014190,LEC,11,16,10.0,178.3,1783.0,2024-06-10
2024061001036301,MANDU,49,40,74.0,883.5,65379.0,2024-06-10
2024061001036300,MANDU,45,40,426.0,885.0,377010.0,2024-06-10
2024061003014455,SWMF,82,81,80.0,882.1,70568.0,2024-06-10
2024061003014454,SWBBL,33,50,22.0,905.0,19910.0,2024-06-10
2024061003014453,SWBBL,33,1,28.0,905.0,25340.0,2024-06-10
2024061003014452,SWBBL,33,1,20.0,905.0,18100.0,2024-06-10
2024061001036299,ULHC,49,86,85.0,397.6,33796.0,2024-06-10
2024061001036298,ULHC,71,86,500.0,397.7,198850.0,2024-06-10
2024061001036297,ULHC,34,86,250.0,398.0,99500.0,2024-06-10
2024061001036296,SMH,26,36,60.0,838.0,50280.0,2024-06-10
2024061003014451,JFL,42,20,155.0,555.3,86071.5,2024-06-10
2024061003014450,JFL,49,20,645.0,555.3,358168.5,2024-06-10
2024061001036295,IHL,35,46,10.0,423.9,4239.0,2024-06-10
2024061003014449,DDBL,70,17,100.0,805.0,80500.0,2024-06-10
2024061003014448,GUFL,49,17,40.0,692.0,27680.0,2024-06-10
2024061003014447,SAPDBL,42,81,10.0,318.0,3180.0,2024-06-10
2024061001036294,PBLD86,49,28,100.0,1071.0,107100.0,2024-06-10
2024061001036293,PBLD86,49,45,10.0,1071.0,10710.0,2024-06-10
2024061003014446,SKBBL,34,6,12.0,818.0,9816.0,2024-06-10
2024061004014189,SHPC,49,44,10.0,328.0,3280.0,2024-06-10
2024061004014188,SHPC,49,57,10.0,328.0,3280.0,2024-06-10
2024061003014445,JFL,77,56,40.0,560.0,22400.0,2024-06-10
2024061005006027,NTC,42,38,78.0,829.0,64662.0,2024-06-10
2024061001036292,HATHY,57,38,21.0,935.4,19643.4,2024-06-10
2024061001036291,CYCL,95,38,30.0,1540.0,46200.0,2024-06-10
2024061001036290,HHL,58,46,580.0,379.9,220342.0,2024-06-10
2024061001036289,ILI,49,58,10.0,429.1,4291.0,2024-06-10
2024061001036288,AVYAN,62,84,190.0,934.0,177460.0,2024-06-10
2024061001036287,AVYAN,62,13,100.0,934.0,93400.0,2024-06-10
2024061001036286,AVYAN,62,57,100.0,933.9,93390.0,2024-06-10
2024061001036285,AVYAN,62,16,50.0,933.8,46690.0,2024-06-10
2024061001036284,AVYAN,62,16,380.0,933.0,354540.0,2024-06-10
2024061004014187,RURU,37,56,121.0,664.0,80344.0,2024-06-10
2024061004014186,RURU,45,56,100.0,664.0,66400.0,2024-06-10
2024061004014185,RURU,42,56,29.0,665.4,19296.6,2024-06-10
2024061001036283,MMKJL,58,4,800.0,501.0,400800.0,2024-06-10
2024061005006026,HRL,57,22,40.0,572.7,22908.0,2024-06-10
2024061005006025,HRL,57,62,10.0,572.7,5727.0,2024-06-10
2024061003014444,KRBL,67,44,10.0,433.0,4330.0,2024-06-10
2024061001036282,NYADI,43,85,150.0,302.0,45300.0,2024-06-10
2024061001036281,KBL,54,38,178.0,137.3,24439.4,2024-06-10
2024061004014184,MEN,51,21,60.0,596.0,35760.0,2024-06-10
2024061004014183,HURJA,57,41,40.0,275.0,11000.0,2024-06-10
2024061001036280,GVL,1,39,120.0,529.7,63564.0,2024-06-10
2024061001036279,GVL,43,39,80.0,529.8,42384.0,2024-06-10
2024061003014443,MERO,82,38,732.0,706.0,516792.0,2024-06-10
2024061004014182,SHEL,48,16,100.0,155.0,15500.0,2024-06-10
2024061001036278,NRM,42,59,26.0,409.0,10634.0,2024-06-10
2024061001036277,SARBTM,67,53,100.0,815.0,81500.0,2024-06-10
2024061001036276,RFPL,57,49,500.0,377.4,188700.0,2024-06-10
2024061001036275,PCBL,47,14,44.0,197.5,8690.0,2024-06-10
2024061001036274,PPL,52,45,50.0,477.9,23895.0,2024-06-10
2024061001036273,NWCL,34,21,10.0,840.1,8401.0,2024-06-10
2024061004014181,MEN,1,21,346.0,596.0,206216.0,2024-06-10
2024061004014180,MEN,42,21,403.0,596.9,240550.7,2024-06-10
2024061001036272,NWCL,34,35,10.0,840.1,8401.0,2024-06-10
2024061003014442,SAPDBL,35,81,300.0,318.0,95400.0,2024-06-10
2024061001036271,EHPL,35,64,380.0,575.0,218500.0,2024-06-10
2024061001036270,EHPL,35,34,10.0,575.0,5750.0,2024-06-10
2024061001036269,EHPL,35,71,100.0,574.9,57490.0,2024-06-10
2024061001036268,EHPL,35,34,20.0,573.0,11460.0,2024-06-10
2024061001036267,EHPL,35,34,20.0,571.0,11420.0,2024-06-10
2024061001036266,EHPL,35,39,10.0,571.0,5710.0,2024-06-10
2024061003014441,GILB,58,17,213.0,1602.5,341332.5,2024-06-10
2024061004014179,UPCL,58,42,134.0,190.0,25460.0,2024-06-10
2024061003014440,HLBSL,70,47,930.0,1340.0,1246200.0,2024-06-10
2024061004014178,AHPC,8,40,477.0,155.0,73935.0,2024-06-10
2024061004014177,AHPC,8,44,391.0,154.9,60565.9,2024-06-10
2024061004014176,AHPC,8,40,12.0,154.9,1858.8,2024-06-10
2024061004014175,AHPC,8,51,120.0,154.5,18540.0,2024-06-10
2024061003014439,LLBS,43,66,10.0,1203.0,12030.0,2024-06-10
2024061004014174,API,34,56,658.0,173.8,114360.4,2024-06-10
2024061003014438,NMLBBL,37,44,81.0,718.9,58230.9,2024-06-10
2024061003014437,NMLBBL,37,43,44.0,718.5,31614.0,2024-06-10
2024061003014436,NMLBBL,37,1,10.0,718.0,7180.0,2024-06-10
2024061003014435,NMLBBL,37,45,10.0,718.0,7180.0,2024-06-10
2024061003014434,NMLBBL,37,63,10.0,718.0,7180.0,2024-06-10
2024061003014433,NMLBBL,37,16,296.0,717.5,212380.0,2024-06-10
2024061003014432,NMLBBL,37,43,42.0,716.9,30109.8,2024-06-10
2024061003014431,NMLBBL,37,63,10.0,716.0,7160.0,2024-06-10
2024061003014430,NMLBBL,37,58,10.0,715.0,7150.0,2024-06-10
2024061003014429,NMLBBL,37,57,100.0,713.5,71350.0,2024-06-10
2024061003014428,NMLBBL,37,63,10.0,713.5,7135.0,2024-06-10
2024061003014427,NMLBBL,37,50,40.0,713.0,28520.0,2024-06-10
2024061003014426,NMLBBL,37,3,35.0,713.0,24955.0,2024-06-10
2024061003014425,NMLBBL,37,57,302.0,713.0,215326.0,2024-06-10
2024061001036265,BHPL,35,57,200.0,621.0,124200.0,2024-06-10
2024061001036264,BHPL,35,57,800.0,621.0,496800.0,2024-06-10
2024061001036263,EBL,74,6,10.0,529.3,5293.0,2024-06-10
2024061001036262,TAMOR,62,36,10.0,399.0,3990.0,2024-06-10
2024061003014424,BFC,32,71,483.0,422.4,204019.2,2024-06-10
2024061003014423,BFC,62,71,500.0,422.5,211250.0,2024-06-10
2024061003014422,BFC,22,71,500.0,422.6,211300.0,2024-06-10
2024061003014421,BFC,35,71,200.0,422.6,84520.0,2024-06-10
2024061003014420,BFC,28,71,20.0,423.0,8460.0,2024-06-10
2024061003014419,BFC,32,71,264.0,423.0,111672.0,2024-06-10
2024061003014418,BFC,50,71,30.0,423.1,12693.0,2024-06-10
2024061003014417,MPFL,4,7,50.0,477.1,23855.0,2024-06-10
2024061003014416,MPFL,36,7,120.0,477.1,57252.0,2024-06-10
2024061001036261,JALPA,7,17,74.0,1425.0,105450.0,2024-06-10
2024061001036260,JALPA,49,17,100.0,1425.0,142500.0,2024-06-10
2024061001036259,JALPA,11,17,42.0,1425.0,59850.0,2024-06-10
2024061001036258,JALPA,8,17,20.0,1426.0,28520.0,2024-06-10
2024061001036257,SMHL,65,58,10.0,621.0,6210.0,2024-06-10
2024061001036256,MBL,42,13,300.0,172.0,51600.0,2024-06-10
2024061001036255,SHIVM,42,11,300.0,493.7,148110.0,2024-06-10
2024061003014415,NICLBSL,26,48,20.0,658.0,13160.0,2024-06-10
2024061003014414,NICLBSL,65,48,20.0,658.0,13160.0,2024-06-10
2024061004014173,SHL,62,29,135.0,435.0,58725.0,2024-06-10
2024061001036254,MMKJL,58,38,10.0,501.0,5010.0,2024-06-10
2024061001036253,MMKJL,58,49,10.0,500.0,5000.0,2024-06-10
2024061001036252,MMKJL,58,40,10.0,500.0,5000.0,2024-06-10
2024061001036251,MMKJL,58,29,100.0,500.0,50000.0,2024-06-10
2024061001036250,MMKJL,58,45,10.0,500.0,5000.0,2024-06-10
2024061001036249,MMKJL,58,41,10.0,500.0,5000.0,2024-06-10
2024061001036248,MMKJL,58,42,10.0,500.0,5000.0,2024-06-10
2024061001036247,MMKJL,58,14,500.0,500.0,250000.0,2024-06-10
2024061001036246,MMKJL,58,51,10.0,500.0,5000.0,2024-06-10
2024061001036245,MMKJL,58,43,10.0,500.0,5000.0,2024-06-10
2024061001036244,MMKJL,58,17,20.0,500.0,10000.0,2024-06-10
2024061001036243,MMKJL,58,35,10.0,499.5,4995.0,2024-06-10
2024061001036242,MMKJL,58,6,67.0,499.2,33446.4,2024-06-10
2024061001036241,MMKJL,58,96,710.0,499.0,354290.0,2024-06-10
2024061004014172,BARUN,58,58,30.0,248.5,7455.0,2024-06-10
2024061004014171,BARUN,58,29,70.0,248.0,17360.0,2024-06-10
2024061003014413,DDBL,70,52,12.0,805.0,9660.0,2024-06-10
2024061003014412,GBBL,56,53,10.0,361.9,3619.0,2024-06-10
2024061001036240,CZBIL,1,50,49.0,166.0,8134.0,2024-06-10
2024061001036239,CZBIL,7,50,65.0,166.0,10790.0,2024-06-10
2024061003014411,SABSL,32,50,100.0,1030.1,103010.0,2024-06-10
2024061003014410,SAPDBL,45,81,20.0,318.0,6360.0,2024-06-10
2024061004014170,GHL,37,51,50.0,144.5,7225.0,2024-06-10
2024061001036238,ANLB,60,35,10.0,2369.0,23690.0,2024-06-10
2024061004014169,UMRH,46,52,16.0,404.0,6464.0,2024-06-10
2024061001036237,MANDU,45,17,64.0,885.0,56640.0,2024-06-10
2024061001036236,SIKLES,63,56,100.0,605.0,60500.0,2024-06-10
2024061001036235,HBL,58,34,57.0,181.7,10356.9,2024-06-10
2024061001036234,HBL,42,34,71.0,181.7,12900.7,2024-06-10
2024061004014168,UMRH,72,52,10.0,404.0,4040.0,2024-06-10
2024061001036233,SHIVM,42,41,171.0,493.7,84422.7,2024-06-10
2024061001036232,SHIVM,42,41,1000.0,493.7,493700.0,2024-06-10
2024061001036231,SHIVM,6,41,500.0,493.7,246850.0,2024-06-10
2024061001036230,SHIVM,41,41,110.0,493.8,54318.0,2024-06-10
2024061001036229,SHIVM,38,41,200.0,493.8,98760.0,2024-06-10
2024061001036228,SHIVM,50,41,19.0,493.8,9382.2,2024-06-10
2024061004014167,NHDL,29,13,11.0,528.0,5808.0,2024-06-10
2024061001036227,ILI,49,58,10.0,429.1,4291.0,2024-06-10
2024061003014409,CBBL,58,7,23.0,852.0,19596.0,2024-06-10
2024061003014408,CBBL,58,45,15.0,851.9,12778.5,2024-06-10
2024061005006024,CHDC,69,81,10.0,995.0,9950.0,2024-06-10
2024061004014166,MEN,14,33,20.0,597.0,11940.0,2024-06-10
2024061003014407,CORBL,14,1,10.0,477.0,4770.0,2024-06-10
2024061004014165,OHL,11,44,25.0,762.0,19050.0,2024-06-10
2024061004014164,OHL,39,44,25.0,762.1,19052.5,2024-06-10
2024061001036226,MCHL,47,10,90.0,429.0,38610.0,2024-06-10
2024061001036225,MCHL,49,10,60.0,429.0,25740.0,2024-06-10
2024061001036224,BHPL,35,44,300.0,625.0,187500.0,2024-06-10
2024061003014406,SFCL,35,21,10.0,354.0,3540.0,2024-06-10
2024061001036223,SMH,16,88,10.0,839.2,8392.0,2024-06-10
2024061001036222,SMH,16,51,10.0,839.0,8390.0,2024-06-10
2024061001036221,SMH,16,49,10.0,839.0,8390.0,2024-06-10
2024061001036220,CKHL,47,49,50.0,590.0,29500.0,2024-06-10
2024061001036219,CKHL,16,49,50.0,590.0,29500.0,2024-06-10
2024061003014405,GUFL,49,55,150.0,692.0,103800.0,2024-06-10
2024061001036218,MBJC,45,48,110.0,304.1,33451.0,2024-06-10
2024061003014404,PFL,11,44,115.0,597.0,68655.0,2024-06-10
2024061003014403,PFL,11,41,120.0,597.0,71640.0,2024-06-10
2024061003014402,PFL,11,49,45.0,596.3,26833.5,2024-06-10
2024061001036217,DOLTI,62,50,10.0,444.0,4440.0,2024-06-10
2024061004014163,CHCL,38,84,100.0,434.5,43450.0,2024-06-10
2024061003014401,GMFIL,38,10,10.0,395.9,3959.0,2024-06-10
2024061001036216,NICA,59,38,51.0,401.1,20456.1,2024-06-10
2024061001036215,NICA,34,38,19.0,401.1,7620.9,2024-06-10
2024061001036214,NICA,35,38,280.0,401.2,112336.0,2024-06-10
2024061001036213,NICA,14,38,200.0,401.9,80380.0,2024-06-10
2024061003014400,HLI,59,36,472.0,383.7,181106.4,2024-06-10
2024061001036212,HATHY,25,84,82.0,939.0,76998.0,2024-06-10
2024061004014162,SHEL,25,16,10.0,155.0,1550.0,2024-06-10
2024061001036211,SONA,21,58,10.0,442.6,4426.0,2024-06-10
2024061003014399,SMFBS,58,32,10.0,1399.0,13990.0,2024-06-10
2024061003014398,SMFBS,58,14,20.0,1390.0,27800.0,2024-06-10
2024061001036210,CLI,16,58,10.0,472.0,4720.0,2024-06-10
2024061001036209,VLUCL,57,64,70.0,520.0,36400.0,2024-06-10
2024061001036208,VLUCL,16,64,120.0,520.0,62400.0,2024-06-10
2024061001036207,VLUCL,52,64,10.0,520.1,5201.0,2024-06-10
2024061001036206,ULHC,57,16,120.0,398.9,47868.0,2024-06-10
2024061001036205,SAHAS,55,3,100.0,536.0,53600.0,2024-06-10
2024061001036204,BHDC,37,3,30.0,605.7,18171.0,2024-06-10
2024061001036203,BHDC,17,3,10.0,605.7,6057.0,2024-06-10
2024061001036202,BHDC,37,3,90.0,605.8,54522.0,2024-06-10
2024061001036201,BHDC,63,3,100.0,605.9,60590.0,2024-06-10
2024061001036200,BHDC,72,3,130.0,606.0,78780.0,2024-06-10
2024061001036199,BHDC,14,3,40.0,606.0,24240.0,2024-06-10
2024061003014397,MERO,45,38,268.0,706.0,189208.0,2024-06-10
2024061003014396,MERO,45,38,150.0,705.9,105885.0,2024-06-10
2024061001036198,RFPL,57,95,300.0,377.0,113100.0,2024-06-10
2024061003014395,ALICL,17,60,57.0,563.0,32091.0,2024-06-10
2024061003014394,ALICL,17,38,170.0,563.0,95710.0,2024-06-10
2024061001036197,MHCL,54,55,10.0,427.9,4279.0,2024-06-10
2024061001036196,MCHL,42,22,20.0,430.0,8600.0,2024-06-10
2024061001036195,SONA,21,49,449.0,442.6,198727.4,2024-06-10
2024061001036194,SONA,25,49,51.0,442.6,22572.6,2024-06-10
2024061003014393,SJLIC,13,33,50.0,408.0,20400.0,2024-06-10
2024061001036193,KBL,47,38,175.0,137.3,24027.5,2024-06-10
2024061001036192,KBL,35,38,647.0,137.3,88833.1,2024-06-10
2024061004014161,JOSHI,38,14,30.0,305.0,9150.0,2024-06-10
2024061004014160,UPCL,38,35,45.0,191.0,8595.0,2024-06-10
2024061004014159,UPCL,38,36,975.0,191.0,186225.0,2024-06-10
2024061004014158,UPCL,38,50,980.0,191.0,187180.0,2024-06-10
2024061004014157,UPCL,38,36,1000.0,190.9,190900.0,2024-06-10
2024061001036191,GVL,66,74,10.0,533.0,5330.0,2024-06-10
2024061001036190,GVL,66,58,10.0,533.0,5330.0,2024-06-10
2024061001036189,GVL,66,29,10.0,533.0,5330.0,2024-06-10
2024061001036188,GVL,66,17,500.0,533.0,266500.0,2024-06-10
2024061001036187,GVL,66,45,10.0,533.0,5330.0,2024-06-10
2024061001036186,GVL,66,49,10.0,533.0,5330.0,2024-06-10
2024061001036185,GVL,66,45,500.0,532.0,266000.0,2024-06-10
2024061001036184,GVL,66,63,20.0,532.0,10640.0,2024-06-10
2024061001036183,GVL,66,54,10.0,532.0,5320.0,2024-06-10
2024061001036182,GVL,66,6,10.0,532.0,5320.0,2024-06-10
2024061001036181,GVL,66,38,10.0,532.0,5320.0,2024-06-10
2024061001036180,GVL,66,34,10.0,531.0,5310.0,2024-06-10
2024061001036179,GVL,66,6,200.0,531.0,106200.0,2024-06-10
2024061001036178,GVL,66,53,10.0,531.0,5310.0,2024-06-10
2024061001036177,GVL,66,54,10.0,531.0,5310.0,2024-06-10
2024061001036176,GVL,66,25,50.0,530.5,26525.0,2024-06-10
2024061001036175,GVL,66,1,10.0,530.2,5302.0,2024-06-10
2024061001036174,GVL,66,42,10.0,530.0,5300.0,2024-06-10
2024061001036173,GVL,66,7,10.0,530.0,5300.0,2024-06-10
2024061001036172,GVL,66,45,10.0,530.0,5300.0,2024-06-10
2024061001036171,GVL,66,41,60.0,530.0,31800.0,2024-06-10
2024061001036170,GVL,66,58,10.0,530.0,5300.0,2024-06-10
2024061001036169,GVL,66,38,10.0,530.0,5300.0,2024-06-10
2024061001036168,GVL,66,39,300.0,530.0,159000.0,2024-06-10
2024061001036167,GVL,66,58,10.0,530.0,5300.0,2024-06-10
2024061001036166,GVL,66,19,10.0,530.0,5300.0,2024-06-10
2024061001036165,GVL,66,42,10.0,530.0,5300.0,2024-06-10
2024061001036164,GVL,66,5,100.0,530.0,53000.0,2024-06-10
2024061001036163,GVL,66,52,10.0,530.0,5300.0,2024-06-10
2024061001036162,GVL,66,57,10.0,530.0,5300.0,2024-06-10
2024061001036161,GVL,66,46,10.0,530.0,5300.0,2024-06-10
2024061001036160,GVL,66,42,10.0,530.0,5300.0,2024-06-10
2024061001036159,GVL,66,57,10.0,530.0,5300.0,2024-06-10
2024061001036158,GVL,66,35,10.0,530.0,5300.0,2024-06-10
2024061001036157,GVL,66,49,10.0,530.0,5300.0,2024-06-10
2024061001036156,GVL,66,38,10.0,530.0,5300.0,2024-06-10
2024061001036155,GVL,66,51,10.0,530.0,5300.0,2024-06-10
2024061001036154,GVL,66,41,200.0,530.0,106000.0,2024-06-10
2024061001036153,GVL,66,8,500.0,530.0,265000.0,2024-06-10
2024061001036152,GVL,66,11,10.0,530.0,5300.0,2024-06-10
2024061001036151,GVL,66,39,10.0,530.0,5300.0,2024-06-10
2024061001036150,GVL,66,55,10.0,530.0,5300.0,2024-06-10
2024061001036149,GVL,66,54,10.0,530.0,5300.0,2024-06-10
2024061001036148,GVL,66,41,10.0,530.0,5300.0,2024-06-10
2024061001036147,GVL,66,54,10.0,530.0,5300.0,2024-06-10
2024061001036146,GVL,66,39,220.0,530.0,116600.0,2024-06-10
2024061004014156,API,45,32,90.0,173.9,15651.0,2024-06-10
2024061001036145,NWCL,34,69,50.0,840.1,42005.0,2024-06-10
2024061003014392,ALBSL,75,19,10.0,997.0,9970.0,2024-06-10
2024061003014391,WNLB,58,45,29.0,1420.0,41180.0,2024-06-10
2024061003014390,WNLB,58,6,11.0,1420.0,15620.0,2024-06-10
2024061003014389,WNLB,58,56,40.0,1414.0,56560.0,2024-06-10
2024061001036144,RNLI,54,33,11.0,424.5,4669.5,2024-06-10
2024061003014388,HLI,22,36,10.0,383.7,3837.0,2024-06-10
2024061001036143,NICA,35,26,20.0,401.2,8024.0,2024-06-10
2024061004014155,API,45,45,10.0,173.9,1739.0,2024-06-10
2024061001036142,RAWA,19,45,80.0,565.0,45200.0,2024-06-10
2024061001036141,RAWA,19,38,10.0,564.5,5645.0,2024-06-10
2024061001036140,RAWA,19,38,10.0,563.0,5630.0,2024-06-10
2024061005006023,CHDC,85,91,210.0,993.0,208530.0,2024-06-10
2024061005006022,CHDC,66,91,100.0,994.0,99400.0,2024-06-10
2024061003014387,RLFL,4,67,1363.0,400.9,546426.7,2024-06-10
2024061003014386,RLFL,21,67,100.0,401.0,40100.0,2024-06-10
2024061003014385,RLFL,4,67,20.0,401.0,8020.0,2024-06-10
2024061003014384,RLFL,29,67,300.0,401.0,120300.0,2024-06-10
2024061003014383,RLFL,44,67,217.0,401.0,87017.0,2024-06-10
2024061003014382,NABBC,40,42,140.0,560.0,78400.0,2024-06-10
2024061003014381,NABBC,40,71,300.0,560.0,168000.0,2024-06-10
2024061003014380,NABBC,40,48,35.0,558.0,19530.0,2024-06-10
2024061003014379,NABBC,40,54,305.0,558.0,170190.0,2024-06-10
2024061003014378,NABBC,40,14,10.0,555.0,5550.0,2024-06-10
2024061003014377,NABBC,40,57,450.0,555.0,249750.0,2024-06-10
2024061003014376,NABBC,40,3,50.0,555.0,27750.0,2024-06-10
2024061001036139,NICA,14,8,21.0,402.0,8442.0,2024-06-10
2024061001036138,NICA,14,59,29.0,401.9,11655.1,2024-06-10
2024061001036137,MEHL,58,50,259.0,376.0,97384.0,2024-06-10
2024061001036136,MEHL,58,38,197.0,375.0,73875.0,2024-06-10
2024061001036135,MHCL,54,58,20.0,427.9,8558.0,2024-06-10
2024061001036134,TAMOR,62,58,10.0,399.0,3990.0,2024-06-10
2024061001036133,TAMOR,47,58,20.0,399.0,7980.0,2024-06-10
2024061001036132,BHPL,34,44,100.0,625.0,62500.0,2024-06-10
2024061001036131,BHPL,16,44,190.0,625.0,118750.0,2024-06-10
2024061004014154,KPCL,50,13,631.0,478.0,301618.0,2024-06-10
2024061004014153,KPCL,50,58,100.0,477.0,47700.0,2024-06-10
2024061004014152,KPCL,50,55,10.0,477.0,4770.0,2024-06-10
2024061004014151,KPCL,50,11,50.0,469.0,23450.0,2024-06-10
2024061001036130,SGHC,35,46,170.0,336.4,57188.0,2024-06-10
2024061001036129,SGHC,51,46,30.0,336.4,10092.0,2024-06-10
2024061001036128,SGHC,17,46,300.0,336.5,100950.0,2024-06-10
2024061001036127,SMJC,55,4,65.0,389.9,25343.5,2024-06-10
2024061001036126,SMJC,55,14,100.0,389.6,38960.0,2024-06-10
2024061001036125,SMJC,55,58,10.0,389.0,3890.0,2024-06-10
2024061003014375,NLIC,42,42,84.0,602.0,50568.0,2024-06-10
2024061003014374,RLFL,44,17,783.0,401.0,313983.0,2024-06-10
2024061003014373,RLFL,35,17,200.0,401.0,80200.0,2024-06-10
2024061003014372,RLFL,45,17,167.0,401.0,66967.0,2024-06-10
2024061004014150,CGH,56,63,50.0,875.0,43750.0,2024-06-10
2024061004014149,SHEL,57,16,67.0,155.0,10385.0,2024-06-10
2024061005006021,CHDC,39,81,150.0,995.0,149250.0,2024-06-10
2024061001036124,SIGS3,43,49,100.0,8.37,837.0,2024-06-10
2024061003014371,JBBL,38,58,234.0,285.5,66807.0,2024-06-10
2024061005006020,CHDC,66,55,20.0,994.0,19880.0,2024-06-10
2024061001036123,KBL,35,32,203.0,137.3,27871.9,2024-06-10
2024061001036122,KBL,13,32,100.0,137.3,13730.0,2024-06-10
2024061001036121,KBL,35,32,447.0,137.3,61373.1,2024-06-10
2024061004014148,MEN,64,33,100.0,597.0,59700.0,2024-06-10
2024061001036120,SPL,32,57,75.0,789.0,59175.0,2024-06-10
2024061003014370,NLIC,83,5,71.0,600.1,42607.1,2024-06-10
2024061003014369,NLIC,87,5,100.0,600.2,60020.0,2024-06-10
2024061003014368,NLIC,44,5,24.0,600.2,14404.8,2024-06-10
2024061003014367,NLIC,34,5,105.0,600.3,63031.5,2024-06-10
2024061003014366,NLIC,54,5,200.0,600.5,120100.0,2024-06-10
2024061004014147,RURU,42,57,10.0,665.5,6655.0,2024-06-10
2024061004014146,IGI,17,58,10.0,528.0,5280.0,2024-06-10
2024061005006019,NICGF,17,17,100.0,9.8,980.0,2024-06-10
2024061001036119,CLI,16,17,20.0,472.0,9440.0,2024-06-10
2024061001036118,CLI,16,49,10.0,472.0,4720.0,2024-06-10
2024061001036117,CLI,16,58,10.0,472.0,4720.0,2024-06-10
2024061001036116,CLI,16,35,50.0,472.0,23600.0,2024-06-10
2024061001036115,DLBS,49,29,152.0,1222.2,185774.4,2024-06-10
2024061004014145,SHPC,71,48,90.0,326.5,29385.0,2024-06-10
2024061004014144,SHPC,52,48,10.0,326.5,3265.0,2024-06-10
2024061001036114,SHIVM,50,41,61.0,493.8,30121.8,2024-06-10
2024061001036113,SHIVM,22,41,29.0,493.8,14320.2,2024-06-10
2024061003014365,GUFL,38,55,50.0,692.0,34600.0,2024-06-10
2024061003014364,SWBBL,34,59,10.0,902.9,9029.0,2024-06-10
2024061001036112,BGWT,65,57,10.0,1100.0,11000.0,2024-06-10
2024061001036111,SPC,58,50,10.0,637.0,6370.0,2024-06-10
2024061001036110,GCIL,44,36,504.0,483.4,243633.6,2024-06-10
2024061001036109,SBL,16,1,1350.0,248.3,335205.0,2024-06-10
2024061001036108,SAHAS,55,35,10.0,536.0,5360.0,2024-06-10
2024061001036107,RFPL,17,49,120.0,377.4,45288.0,2024-06-10
2024061001036106,RFPL,17,51,10.0,377.4,3774.0,2024-06-10
2024061001036105,RFPL,17,41,170.0,377.4,64158.0,2024-06-10
2024061001036104,BHPL,35,34,100.0,626.0,62600.0,2024-06-10
2024061001036103,BHPL,5,34,210.0,626.0,131460.0,2024-06-10
2024061001036102,NIMB,42,39,50.0,156.5,7825.0,2024-06-10
2024061001036101,MBJC,45,42,10.0,304.1,3041.0,2024-06-10
2024061005006018,HRL,55,38,20.0,572.6,11452.0,2024-06-10
2024061004014143,UNHPL,38,54,280.0,232.0,64960.0,2024-06-10
2024061004014142,UNHPL,38,34,100.0,232.0,23200.0,2024-06-10
2024061004014141,UNHPL,38,72,200.0,232.0,46400.0,2024-06-10
2024061004014140,UNHPL,38,55,500.0,232.0,116000.0,2024-06-10
2024061004014139,UNHPL,38,35,20.0,232.0,4640.0,2024-06-10
2024061004014138,UNHPL,38,5,400.0,232.0,92800.0,2024-06-10
2024061004014137,UNHPL,38,42,500.0,231.9,115950.0,2024-06-10
2024061004014136,UMHL,34,32,129.0,239.0,30831.0,2024-06-10
2024061001036100,RNLI,32,14,22.0,425.0,9350.0,2024-06-10
2024061001036099,AHL,43,49,10.0,520.0,5200.0,2024-06-10
2024061001036098,AHL,43,49,10.0,520.0,5200.0,2024-06-10
2024061001036097,AHL,43,4,10.0,520.0,5200.0,2024-06-10
2024061001036096,AHL,43,55,10.0,520.0,5200.0,2024-06-10
2024061001036095,AHL,43,52,60.0,520.0,31200.0,2024-06-10
2024061003014363,KRBL,67,50,20.0,433.0,8660.0,2024-06-10
2024061003014362,KRBL,62,50,300.0,433.1,129930.0,2024-06-10
2024061003014361,KRBL,62,50,180.0,433.1,77958.0,2024-06-10
2024061003014360,KRBL,46,50,500.0,433.2,216600.0,2024-06-10
2024061003014359,KLBSL,5,22,46.0,973.3,44771.8,2024-06-10
2024061001036094,SBL,22,14,10.0,249.9,2499.0,2024-06-10
2024061001036093,SBL,22,26,100.0,249.0,24900.0,2024-06-10
2024061001036092,USHEC,5,38,10.0,429.5,4295.0,2024-06-10
2024061001036091,MAKAR,21,18,10.0,404.1,4041.0,2024-06-10
2024061001036090,MAKAR,21,48,10.0,404.0,4040.0,2024-06-10
2024061001036089,MAKAR,21,38,10.0,404.0,4040.0,2024-06-10
2024061001036088,MAKAR,21,53,10.0,402.0,4020.0,2024-06-10
2024061001036087,MAKAR,21,19,10.0,402.0,4020.0,2024-06-10
2024061001036086,MAKAR,21,55,10.0,402.0,4020.0,2024-06-10
2024061001036085,MAKAR,21,41,200.0,401.5,80300.0,2024-06-10
2024061001036084,MAKAR,21,42,10.0,400.8,4008.0,2024-06-10
2024061001036083,MAKAR,21,43,200.0,400.0,80000.0,2024-06-10
2024061001036082,MAKAR,21,38,10.0,400.0,4000.0,2024-06-10
2024061001036081,MAKAR,21,34,10.0,400.0,4000.0,2024-06-10
2024061001036080,MAKAR,21,45,10.0,399.0,3990.0,2024-06-10
2024061005006017,HRL,55,21,10.0,572.6,5726.0,2024-06-10
2024061001036079,TPC,59,45,10.0,545.0,5450.0,2024-06-10
2024061003014358,SFCL,16,21,10.0,354.0,3540.0,2024-06-10
2024061005006016,NBF3,4,16,2000.0,7.39,14780.0,2024-06-10
2024061003014357,JFL,49,21,355.0,555.3,197131.5,2024-06-10
2024061005006015,SMATA,71,13,130.0,962.5,125125.0,2024-06-10
2024061005006014,SMATA,4,13,375.0,963.0,361125.0,2024-06-10
2024061005006013,SMATA,67,13,50.0,965.0,48250.0,2024-06-10
2024061005006012,SMATA,42,13,70.0,965.0,67550.0,2024-06-10
2024061001036078,BHPL,5,48,90.0,626.0,56340.0,2024-06-10
2024061003014356,NMBMF,1,67,50.0,715.4,35770.0,2024-06-10
2024061003014355,LBBL,41,45,21.0,379.0,7959.0,2024-06-10
2024061004014135,SGIC,42,48,90.0,529.0,47610.0,2024-06-10
2024061004014134,SGIC,42,6,105.0,528.9,55534.5,2024-06-10
2024061001036077,GVL,66,39,280.0,530.0,148400.0,2024-06-10
2024061001036076,GVL,66,53,10.0,530.0,5300.0,2024-06-10
2024061001036075,GVL,66,32,100.0,530.0,53000.0,2024-06-10
2024061001036074,GVL,66,6,10.0,530.0,5300.0,2024-06-10
2024061001036073,GVL,66,58,10.0,530.0,5300.0,2024-06-10
2024061001036072,GVL,66,45,100.0,530.0,53000.0,2024-06-10
2024061001036071,GVL,66,55,100.0,529.9,52990.0,2024-06-10
2024061001036070,GVL,66,28,100.0,529.9,52990.0,2024-06-10
2024061001036069,GVL,66,52,290.0,529.8,153642.0,2024-06-10
2024061001036068,RAWA,18,56,10.0,562.0,5620.0,2024-06-10
2024061001036067,SHIVM,57,8,40.0,494.0,19760.0,2024-06-10
2024061003014354,SWBBL,60,1,152.0,905.0,137560.0,2024-06-10
2024061003014353,SWBBL,60,4,120.0,905.0,108600.0,2024-06-10
2024061003014352,SWBBL,60,47,153.0,905.0,138465.0,2024-06-10
2024061003014351,SWBBL,60,44,45.0,904.9,40720.5,2024-06-10
2024061001036066,MHCL,54,55,100.0,427.9,42790.0,2024-06-10
2024061005006011,HRL,55,34,50.0,572.6,28630.0,2024-06-10
2024061001036065,GVL,1,34,62.0,529.7,32841.4,2024-06-10
2024061001036064,NRM,32,21,10.0,410.0,4100.0,2024-06-10
2024061001036063,NRM,32,59,10.0,410.0,4100.0,2024-06-10
2024061003014350,GFCL,42,56,40.0,462.0,18480.0,2024-06-10
2024061001036062,RFPL,57,21,10.0,377.0,3770.0,2024-06-10
2024061001036061,RFPL,57,45,190.0,377.0,71630.0,2024-06-10
2024061001036060,RFPL,57,49,10.0,377.0,3770.0,2024-06-10
2024061001036059,RFPL,57,42,10.0,377.0,3770.0,2024-06-10
2024061001036058,RFPL,57,3,100.0,377.0,37700.0,2024-06-10
2024061001036057,RFPL,57,35,10.0,377.0,3770.0,2024-06-10
2024061001036056,RFPL,57,13,1200.0,377.0,452400.0,2024-06-10
2024061001036055,RFPL,57,26,150.0,377.0,56550.0,2024-06-10
2024061001036054,PPL,52,57,40.0,477.9,19116.0,2024-06-10
2024061001036053,ILI,49,58,125.0,429.1,53637.5,2024-06-10
2024061004014133,UMHL,34,36,173.0,239.0,41347.0,2024-06-10
2024061004014132,UMHL,13,36,10.0,239.0,2390.0,2024-06-10
2024061004014131,RURU,18,21,148.0,664.0,98272.0,2024-06-10
2024061003014349,NABBC,7,3,50.0,555.0,27750.0,2024-06-10
2024061001036052,ANLB,11,55,119.0,2341.0,278579.0,2024-06-10
2024061001036051,ANLB,38,55,20.0,2352.0,47040.0,2024-06-10
2024061001036050,ANLB,49,55,11.0,2352.1,25873.1,2024-06-10
2024061001036049,GVL,1,88,200.0,529.7,105940.0,2024-06-10
2024061001036048,SPHL,49,19,83.0,547.1,45409.3,2024-06-10
2024061004014130,MEN,42,49,20.0,596.9,11938.0,2024-06-10
2024061003014348,BFC,59,71,150.0,424.0,63600.0,2024-06-10
2024061004014129,HURJA,42,41,950.0,276.0,262200.0,2024-06-10
2024061004014128,SGIC,69,42,10.0,527.0,5270.0,2024-06-10
2024061004014127,UPCL,34,42,100.0,190.0,19000.0,2024-06-10
2024061004014126,UPCL,54,42,75.0,190.0,14250.0,2024-06-10
2024061004014125,UPCL,52,42,110.0,190.0,20900.0,2024-06-10
2024061004014124,UPCL,44,42,100.0,190.0,19000.0,2024-06-10
2024061004014123,UPCL,51,42,200.0,190.1,38020.0,2024-06-10
2024061004014122,UPCL,74,42,100.0,190.1,19010.0,2024-06-10
2024061004014121,UPCL,50,42,236.0,190.1,44863.6,2024-06-10
2024061003014347,GBLBS,52,42,10.0,782.0,7820.0,2024-06-10
2024061004014120,NHDL,29,52,50.0,528.0,26400.0,2024-06-10
2024061003014346,PFL,45,29,50.0,596.1,29805.0,2024-06-10
2024061001036047,SHIVM,22,85,500.0,493.8,246900.0,2024-06-10
2024061004014119,AHPC,6,51,50.0,154.5,7725.0,2024-06-10
2024061001036046,SCB,34,13,705.0,563.0,396915.0,2024-06-10
2024061001036045,SCB,42,13,85.0,563.0,47855.0,2024-06-10
2024061001036044,SCB,43,13,100.0,563.0,56300.0,2024-06-10
2024061001036043,SCB,17,13,20.0,563.1,11262.0,2024-06-10
2024061001036042,SCB,50,13,50.0,563.1,28155.0,2024-06-10
2024061001036041,SCB,45,13,50.0,563.1,28155.0,2024-06-10
2024061003014345,HLI,49,36,131.0,383.7,50264.7,2024-06-10
2024061001036040,PRVU,42,49,100.0,141.0,14100.0,2024-06-10
2024061003014344,HLBSL,70,38,265.0,1340.0,355100.0,2024-06-10
2024061004014118,UPPER,6,52,46.0,159.0,7314.0,2024-06-10
2024061004014117,UPPER,38,52,10.0,159.1,1591.0,2024-06-10
2024061004014116,UPPER,57,52,1000.0,159.1,159100.0,2024-06-10
2024061004014115,UPPER,63,52,500.0,159.1,79550.0,2024-06-10
2024061004014114,UPPER,49,52,100.0,159.1,15910.0,2024-06-10
2024061004014113,UPPER,32,52,30.0,159.1,4773.0,2024-06-10
2024061004014112,UPPER,5,52,200.0,159.1,31820.0,2024-06-10
2024061004014111,UPPER,11,52,100.0,159.1,15910.0,2024-06-10
2024061004014110,UPPER,5,52,14.0,159.1,2227.4,2024-06-10
2024061003014343,SWBBL,33,44,455.0,904.9,411729.5,2024-06-10
2024061003014342,SWBBL,33,43,15.0,904.9,13573.5,2024-06-10
2024061003014341,SWBBL,33,48,100.0,904.7,90470.0,2024-06-10
2024061003014340,SWBBL,33,21,100.0,904.3,90430.0,2024-06-10
2024061003014339,SWBBL,33,22,40.0,904.0,36160.0,2024-06-10
2024061003014338,SWBBL,33,55,10.0,904.0,9040.0,2024-06-10
2024061003014337,SWBBL,33,26,100.0,903.4,90340.0,2024-06-10
2024061003014336,SWBBL,33,5,180.0,903.0,162540.0,2024-06-10
2024061003014335,WNLB,58,56,10.0,1414.0,14140.0,2024-06-10
2024061003014334,WNLB,58,65,20.0,1400.0,28000.0,2024-06-10
2024061001036039,TVCL,70,58,30.0,498.3,14949.0,2024-06-10
2024061004014109,UMRH,45,52,200.0,404.0,80800.0,2024-06-10
2024061003014333,GMFBS,57,7,15.0,1265.0,18975.0,2024-06-10
2024061001036038,IHL,59,46,70.0,423.9,29673.0,2024-06-10
2024061004014108,CHL,29,39,110.0,320.4,35244.0,2024-06-10
2024061004014107,CHL,29,39,590.0,320.6,189154.0,2024-06-10
2024061001036037,AHL,49,52,40.0,520.0,20800.0,2024-06-10
2024061001036036,AHL,49,58,10.0,520.0,5200.0,2024-06-10
2024061001036035,AHL,49,58,410.0,519.9,213159.0,2024-06-10
2024061001036034,AHL,49,32,40.0,519.9,20796.0,2024-06-10
2024061001036033,RFPL,14,49,110.0,375.0,41250.0,2024-06-10
2024061001036032,RAWA,58,38,200.0,563.2,112640.0,2024-06-10
2024061001036031,RAWA,57,38,20.0,563.5,11270.0,2024-06-10
2024061001036030,RAWA,41,38,150.0,564.0,84600.0,2024-06-10
2024061005006010,NRN,28,58,350.0,663.0,232050.0,2024-06-10
2024061005006009,NRN,28,17,150.0,662.9,99435.0,2024-06-10
2024061001036029,MBL,42,38,478.0,172.0,82216.0,2024-06-10
2024061001036028,MKCL,43,55,90.0,1116.0,100440.0,2024-06-10
2024061001036027,MKCL,43,57,10.0,1116.0,11160.0,2024-06-10
2024061001036026,MKHC,38,34,10.0,331.0,3310.0,2024-06-10
2024061001036025,MKCL,34,57,10.0,1115.0,11150.0,2024-06-10
2024061003014332,HLI,34,57,500.0,382.8,191400.0,2024-06-10
2024061003014331,NFS,3,25,100.0,585.0,58500.0,2024-06-10
2024061001036024,SPHL,55,19,100.0,547.1,54710.0,2024-06-10
2024061003014330,HLBSL,70,7,236.0,1340.0,316240.0,2024-06-10
2024061003014329,HLBSL,38,7,194.0,1341.0,260154.0,2024-06-10
2024061003014328,HLBSL,38,7,50.0,1341.9,67095.0,2024-06-10
2024061001036023,USHEC,58,77,10.0,426.0,4260.0,2024-06-10
2024061004014106,SJCL,62,55,20.0,262.0,5240.0,2024-06-10
2024061004014105,SJCL,62,38,20.0,262.0,5240.0,2024-06-10
2024061004014104,SJCL,62,52,30.0,261.0,7830.0,2024-06-10
2024061004014103,SJCL,62,45,20.0,261.0,5220.0,2024-06-10
2024061001036022,SIGS3,46,49,200.0,8.38,1676.0,2024-06-10
2024061004014102,MEN,42,26,241.0,596.9,143852.9,2024-06-10
2024061004014101,MEN,42,57,166.0,596.9,99085.4,2024-06-10
2024061003014327,RSDC,65,56,50.0,670.2,33510.0,2024-06-10
2024061003014326,RSDC,4,56,100.0,670.3,67030.0,2024-06-10
2024061001036021,PCBL,47,14,56.0,197.5,11060.0,2024-06-10
2024061001036020,PCBL,17,14,40.0,197.5,7900.0,2024-06-10
2024061001036019,SAHAS,55,57,10.0,536.0,5360.0,2024-06-10
2024061001036018,DOLTI,58,50,200.0,444.0,88800.0,2024-06-10
2024061003014325,PFL,45,53,500.0,596.1,298050.0,2024-06-10
2024061004014100,TRH,65,8,90.0,761.1,68499.0,2024-06-10
2024061003014324,EDBL,72,38,50.0,375.0,18750.0,2024-06-10
2024061001036017,SPC,58,37,472.0,637.0,300664.0,2024-06-10
2024061004014099,SHEL,57,69,1500.0,155.0,232500.0,2024-06-10
2024061001036016,ULHC,43,16,70.0,398.9,27923.0,2024-06-10
2024061001036015,ULHC,43,35,10.0,398.0,3980.0,2024-06-10
2024061003014323,MDB,56,16,10.0,482.0,4820.0,2024-06-10
2024061001036014,SGHC,51,56,100.0,336.4,33640.0,2024-06-10
2024061003014322,GILB,58,14,60.0,1602.5,96150.0,2024-06-10
2024061003014321,SJLIC,14,33,100.0,408.0,40800.0,2024-06-10
2024061001036013,MHCL,54,57,200.0,427.9,85580.0,2024-06-10
2024061003014320,BFC,34,71,700.0,424.0,296800.0,2024-06-10
2024061001036012,KDL,51,10,130.0,1220.0,158600.0,2024-06-10
2024061001036011,KDL,51,71,100.0,1220.0,122000.0,2024-06-10
2024061001036010,SAHAS,55,18,60.0,536.0,32160.0,2024-06-10
2024061004014098,HURJA,42,55,50.0,276.0,13800.0,2024-06-10
2024061001036009,SIKLES,63,67,139.0,608.0,84512.0,2024-06-10
2024061001036008,SIKLES,63,60,461.0,607.9,280241.9,2024-06-10
2024061001036007,SIKLES,63,45,10.0,605.0,6050.0,2024-06-10
2024061001036006,SIKLES,63,52,80.0,605.0,48400.0,2024-06-10
2024061001036005,SIKLES,63,43,200.0,605.0,121000.0,2024-06-10
2024061001036004,SIKLES,63,42,100.0,605.0,60500.0,2024-06-10
2024061001036003,SIKLES,63,39,10.0,605.0,6050.0,2024-06-10
2024061004014097,LEC,49,17,180.0,178.2,32076.0,2024-06-10
2024061004014096,LEC,37,17,110.0,179.0,19690.0,2024-06-10
2024061004014095,AHPC,6,6,150.0,154.5,23175.0,2024-06-10
2024061003014319,ALBSL,75,47,10.0,996.0,9960.0,2024-06-10
2024061004014094,PMHPL,33,64,152.0,230.1,34975.2,2024-06-10
2024061004014093,PMHPL,29,64,472.0,230.5,108796.0,2024-06-10
2024061004014092,PMHPL,7,64,21.0,230.6,4842.6,2024-06-10
2024061004014091,PMHPL,48,64,55.0,230.6,12683.0,2024-06-10
2024061001036002,ULHC,71,56,500.0,397.7,198850.0,2024-06-10
2024061001036001,RHGCL,32,74,10.0,358.8,3588.0,2024-06-10
2024061001036000,RHGCL,32,71,10.0,358.1,3581.0,2024-06-10
2024061003014318,MLBL,55,58,10.0,321.0,3210.0,2024-06-10
2024061004014090,API,58,48,10.0,174.0,1740.0,2024-06-10
2024061005006008,HRL,55,46,200.0,572.6,114520.0,2024-06-10
2024061004014089,RIDI,45,58,172.0,168.0,28896.0,2024-06-10
2024061001035999,MANDU,45,45,500.0,885.0,442500.0,2024-06-10
2024061001035998,CLI,34,35,80.0,471.4,37712.0,2024-06-10
2024061001035997,CLI,42,35,140.0,471.5,66010.0,2024-06-10
2024061001035996,SNLI,35,35,10.0,464.0,4640.0,2024-06-10
2024061001035995,PCBL,17,8,50.0,197.5,9875.0,2024-06-10
2024061001035994,DLBS,58,40,100.0,1219.0,121900.0,2024-06-10
2024061003014317,ILBS,49,65,100.0,1290.0,129000.0,2024-06-10
2024061001035993,MKCL,34,41,10.0,1115.0,11150.0,2024-06-10
2024061004014088,RBCL,57,50,1.0,13132.0,13132.0,2024-06-10
2024061005006007,CHDC,33,55,30.0,994.0,29820.0,2024-06-10
2024061005006006,CHDC,33,6,70.0,994.0,69580.0,2024-06-10
2024061001035992,CLI,51,35,30.0,472.0,14160.0,2024-06-10
2024061001035991,MANDU,45,58,10.0,885.0,8850.0,2024-06-10
2024061001035990,PRVU,58,37,19.0,142.0,2698.0,2024-06-10
2024061001035989,IHL,59,46,10.0,423.9,4239.0,2024-06-10
2024061004014087,SSHL,45,38,10.0,162.0,1620.0,2024-06-10
2024061001035988,ILI,33,45,10.0,429.0,4290.0,2024-06-10
2024061003014316,ALICL,17,94,23.0,562.0,12926.0,2024-06-10
2024061005006005,HRL,55,47,781.0,572.6,447200.6,2024-06-10
2024061001035987,NWCL,40,82,767.0,840.0,644280.0,2024-06-10
2024061001035986,NWCL,47,82,100.0,840.0,84000.0,2024-06-10
2024061001035985,NWCL,46,82,100.0,840.0,84000.0,2024-06-10
2024061001035984,NWCL,26,82,300.0,840.0,252000.0,2024-06-10
2024061001035983,NWCL,48,82,200.0,840.0,168000.0,2024-06-10
2024061001035982,NWCL,54,82,20.0,840.0,16800.0,2024-06-10
2024061001035981,NWCL,58,82,123.0,841.0,103443.0,2024-06-10
2024061001035980,NWCL,48,82,100.0,841.3,84130.0,2024-06-10
2024061001035979,NWCL,55,82,100.0,842.0,84200.0,2024-06-10
2024061001035978,NWCL,42,82,190.0,842.8,160132.0,2024-06-10
2024061003014315,JBBL,59,58,200.0,285.5,57100.0,2024-06-10
2024061004014086,LEC,37,4,10.0,179.0,1790.0,2024-06-10
2024061003014314,SWBBL,42,5,20.0,903.0,18060.0,2024-06-10
2024061004014085,RADHI,85,1,10.0,238.0,2380.0,2024-06-10
2024061004014084,RADHI,85,41,20.0,238.0,4760.0,2024-06-10
2024061004014083,RADHI,85,58,33.0,238.0,7854.0,2024-06-10
2024061004014082,RADHI,85,36,40.0,237.0,9480.0,2024-06-10
2024061001035977,MHCL,34,49,95.0,428.0,40660.0,2024-06-10
2024061001035976,SNLI,35,58,10.0,464.0,4640.0,2024-06-10
2024061004014081,UPCL,39,13,500.0,190.7,95350.0,2024-06-10
2024061004014080,UPCL,39,38,500.0,190.5,95250.0,2024-06-10
2024061003014313,SAPDBL,40,59,225.0,317.0,71325.0,2024-06-10
2024061001035975,PHCL,17,59,10.0,300.2,3002.0,2024-06-10
2024061004014079,API,49,56,100.0,173.9,17390.0,2024-06-10
2024061001035974,SMH,58,42,10.0,837.0,8370.0,2024-06-10
2024061003014312,SKBBL,22,29,90.0,817.3,73557.0,2024-06-10
2024061003014311,SKBBL,39,29,10.0,818.0,8180.0,2024-06-10
2024061003014310,NADEP,38,56,10.0,855.0,8550.0,2024-06-10
2024061001035973,SONA,25,57,20.0,442.6,8852.0,2024-06-10
2024061001035972,SONA,25,57,10.0,442.6,4426.0,2024-06-10
2024061004014078,KPCL,50,59,10.0,469.2,4692.0,2024-06-10
2024061003014309,JFL,57,21,45.0,555.3,24988.5,2024-06-10
2024061004014077,KPCL,50,49,200.0,469.2,93840.0,2024-06-10
2024061004014076,KPCL,50,8,50.0,469.0,23450.0,2024-06-10
2024061004014075,KPCL,50,57,253.0,469.0,118657.0,2024-06-10
2024061004014074,KPCL,50,7,14.0,469.0,6566.0,2024-06-10
2024061004014073,KPCL,50,46,20.0,468.3,9366.0,2024-06-10
2024061003014308,JFL,57,70,155.0,555.3,86071.5,2024-06-10
2024061004014072,KPCL,50,21,13.0,468.2,6086.6,2024-06-10
2024061004014071,KPCL,50,32,100.0,468.1,46810.0,2024-06-10
2024061004014070,KPCL,50,38,100.0,468.0,46800.0,2024-06-10
2024061004014069,KPCL,50,88,100.0,468.0,46800.0,2024-06-10
2024061004014068,KPCL,50,46,95.0,468.0,44460.0,2024-06-10
2024061004014067,KPCL,50,16,400.0,468.0,187200.0,2024-06-10
2024061004014066,KPCL,50,19,100.0,468.0,46800.0,2024-06-10
2024061004014065,KPCL,50,4,20.0,468.0,9360.0,2024-06-10
2024061004014064,KPCL,50,19,350.0,468.0,163800.0,2024-06-10
2024061004014063,KPCL,50,81,100.0,468.0,46800.0,2024-06-10
2024061004014062,KPCL,50,45,13.0,468.0,6084.0,2024-06-10
2024061004014061,KPCL,50,38,100.0,468.0,46800.0,2024-06-10
2024061004014060,KPCL,50,42,473.0,468.0,221364.0,2024-06-10
2024061003014307,GUFL,56,25,100.0,691.0,69100.0,2024-06-10
2024061003014306,GUFL,6,25,100.0,691.0,69100.0,2024-06-10
2024061001035971,MEHL,25,45,199.0,377.4,75102.6,2024-06-10
2024061001035970,MEHL,25,49,10.0,377.4,3774.0,2024-06-10
2024061001035969,MEHL,25,45,10.0,377.3,3773.0,2024-06-10
2024061001035968,MEHL,25,41,200.0,377.0,75400.0,2024-06-10
2024061001035967,MEHL,25,45,500.0,377.0,188500.0,2024-06-10
2024061001035966,MEHL,25,16,81.0,377.0,30537.0,2024-06-10
2024061001035965,MEHL,25,4,2000.0,376.9,753800.0,2024-06-10
2024061001035964,MKCL,34,45,10.0,1115.0,11150.0,2024-06-10
2024061003014305,SLBSL,55,55,10.0,1179.0,11790.0,2024-06-10
2024061001035963,SMHL,67,21,100.0,623.0,62300.0,2024-06-10
2024061001035962,SMHL,67,57,50.0,622.9,31145.0,2024-06-10
2024061003014304,MERO,45,40,50.0,705.0,35250.0,2024-06-10
2024061003014303,HLBSL,66,46,14.0,1343.0,18802.0,2024-06-10
2024061001035961,GVL,1,49,10.0,529.7,5297.0,2024-06-10
2024061001035960,MBLD2085,49,3,25.0,1065.0,26625.0,2024-06-10
2024061003014302,DDBL,70,10,100.0,805.0,80500.0,2024-06-10
2024061003014301,DDBL,70,22,90.0,805.0,72450.0,2024-06-10
2024061004014059,API,6,56,940.0,173.9,163466.0,2024-06-10
2024061004014058,IGI,4,57,140.0,525.0,73500.0,2024-06-10
2024061001035959,MBJC,45,5,10.0,304.1,3041.0,2024-06-10
2024061003014300,MLBBL,21,43,36.0,1387.7,49957.2,2024-06-10
2024061004014057,MEN,1,49,154.0,596.0,91784.0,2024-06-10
2024061001035958,RNLI,54,32,11.0,424.5,4669.5,2024-06-10
2024061001035957,MEL,29,32,120.0,224.8,26976.0,2024-06-10
2024061001035956,MEL,42,32,60.0,224.9,13494.0,2024-06-10
2024061001035955,MEL,36,32,70.0,225.0,15750.0,2024-06-10
2024061001035954,SPC,58,44,100.0,637.0,63700.0,2024-06-10
2024061001035953,SPC,58,89,235.0,637.0,149695.0,2024-06-10
2024061001035952,SPC,58,42,136.0,637.0,86632.0,2024-06-10
2024061001035951,SPC,58,28,500.0,635.0,317500.0,2024-06-10
2024061001035950,SPC,58,63,383.0,635.0,243205.0,2024-06-10
2024061004014056,RURU,18,39,151.0,664.0,100264.0,2024-06-10
2024061004014055,RURU,35,39,64.0,664.1,42502.4,2024-06-10
2024061004014054,RURU,3,39,35.0,664.2,23247.0,2024-06-10
2024061001035949,MHL,16,49,220.0,466.0,102520.0,2024-06-10
2024061003014299,MFIL,45,13,10.0,502.0,5020.0,2024-06-10
2024061003014298,MFIL,14,13,912.0,502.0,457824.0,2024-06-10
2024061003014297,MFIL,34,13,50.0,503.0,25150.0,2024-06-10
2024061003014296,NICLBSL,6,48,20.0,660.0,13200.0,2024-06-10
2024061003014295,NICLBSL,1,48,75.0,660.0,49500.0,2024-06-10
2024061001035948,BNHC,55,6,20.0,624.0,12480.0,2024-06-10
2024061004014053,HDHPC,52,32,100.0,130.0,13000.0,2024-06-10
2024061004014052,HDHPC,52,52,350.0,130.0,45500.0,2024-06-10
2024061004014051,SHPC,49,34,16.0,328.0,5248.0,2024-06-10
2024061004014050,SHPC,49,38,34.0,327.9,11148.6,2024-06-10
2024061001035947,SHIVM,52,8,329.0,494.0,162526.0,2024-06-10
2024061001035946,SHIVM,52,35,80.0,494.0,39520.0,2024-06-10
2024061001035945,SHIVM,52,47,91.0,493.9,44944.9,2024-06-10
2024061001035944,SPHL,4,19,100.0,547.2,54720.0,2024-06-10
2024061003014294,CFCL,5,41,168.0,420.0,70560.0,2024-06-10
2024061003014293,CFCL,5,84,200.0,420.0,84000.0,2024-06-10
2024061003014292,CFCL,5,41,300.0,419.9,125970.0,2024-06-10
2024061003014291,CFCL,5,38,32.0,419.9,13436.8,2024-06-10
2024061003014290,SABSL,25,95,11.0,1044.9,11493.9,2024-06-10
2024061004014049,UNHPL,22,53,100.0,231.0,23100.0,2024-06-10
2024061004014048,RIDI,32,39,2.0,168.0,336.0,2024-06-10
2024061004014047,RIDI,32,57,198.0,168.0,33264.0,2024-06-10
2024061001035943,NICA,34,7,16.0,401.1,6417.6,2024-06-10
2024061001035942,NICA,44,7,34.0,401.1,13637.4,2024-06-10
2024061003014289,JFL,17,70,30.0,555.3,16659.0,2024-06-10
2024061001035941,SHIVM,22,35,271.0,493.8,133819.8,2024-06-10
2024061001035940,SHIVM,51,35,100.0,493.8,49380.0,2024-06-10
2024061001035939,SHIVM,56,35,50.0,493.8,24690.0,2024-06-10
2024061001035938,KDL,71,16,20.0,1218.0,24360.0,2024-06-10
2024061004014046,API,62,48,100.0,174.0,17400.0,2024-06-10
2024061001035937,GVL,1,11,30.0,529.7,15891.0,2024-06-10
2024061003014288,PFL,45,40,150.0,596.1,89415.0,2024-06-10
2024061003014287,PFL,62,40,300.0,596.3,178890.0,2024-06-10
2024061003014286,JFL,66,70,100.0,555.3,55530.0,2024-06-10
2024061003014285,PMLI,49,38,10.0,495.0,4950.0,2024-06-10
2024061003014284,PMLI,49,48,10.0,495.0,4950.0,2024-06-10
2024061003014283,PMLI,49,8,10.0,495.0,4950.0,2024-06-10
2024061003014282,PMLI,49,70,10.0,495.0,4950.0,2024-06-10
2024061003014281,PMLI,49,28,10.0,495.0,4950.0,2024-06-10
2024061003014280,PMLI,49,57,19.0,495.0,9405.0,2024-06-10
2024061003014279,PMLI,49,38,10.0,494.2,4942.0,2024-06-10
2024061003014278,PMLI,49,58,10.0,494.2,4942.0,2024-06-10
2024061003014277,PMLI,49,58,10.0,494.0,4940.0,2024-06-10
2024061003014276,PMLI,49,34,10.0,494.0,4940.0,2024-06-10
2024061001035936,SHIVM,38,47,50.0,493.9,24695.0,2024-06-10
2024061001035935,RNLI,41,14,47.0,425.0,19975.0,2024-06-10
2024061001035934,HHL,50,19,80.0,380.5,30440.0,2024-06-10
2024061001035933,HHL,50,46,10.0,380.5,3805.0,2024-06-10
2024061001035932,HHL,50,49,300.0,380.0,114000.0,2024-06-10
2024061001035931,HHL,50,51,10.0,380.0,3800.0,2024-06-10
2024061001035930,HHL,50,28,10.0,380.0,3800.0,2024-06-10
2024061001035929,HHL,50,49,10.0,380.0,3800.0,2024-06-10
2024061001035928,HHL,50,19,200.0,380.0,76000.0,2024-06-10
2024061001035927,HHL,50,58,10.0,380.0,3800.0,2024-06-10
2024061001035926,HHL,50,6,300.0,380.0,114000.0,2024-06-10
2024061001035925,HHL,50,42,10.0,380.0,3800.0,2024-06-10
2024061001035924,HHL,50,58,10.0,380.0,3800.0,2024-06-10
2024061001035923,HHL,50,56,10.0,380.0,3800.0,2024-06-10
2024061001035922,HHL,50,22,10.0,380.0,3800.0,2024-06-10
2024061001035921,HHL,50,42,10.0,380.0,3800.0,2024-06-10
2024061001035920,HHL,50,41,100.0,380.0,38000.0,2024-06-10
2024061001035919,HHL,50,49,70.0,380.0,26600.0,2024-06-10
2024061001035918,HHL,50,52,20.0,379.9,7598.0,2024-06-10
2024061001035917,HHL,50,38,10.0,379.9,3799.0,2024-06-10
2024061001035916,HHL,50,58,10.0,379.8,3798.0,2024-06-10
2024061001035915,HHL,50,36,300.0,379.8,113940.0,2024-06-10
2024061001035914,HHL,50,35,10.0,379.0,3790.0,2024-06-10
2024061001035913,AVYAN,22,16,10.0,933.8,9338.0,2024-06-10
2024061001035912,AVYAN,22,18,40.0,933.7,37348.0,2024-06-10
