transaction,symbol,buyer,seller,quantity,rate,amount,date
2024030501036198,NIBD2082,19,14,60.0,1020.0,61200.0,2024-03-05
2024030501036197,SONA,41,45,10.0,493.8,4938.0,2024-03-05
2024030501036196,CKHL,70,47,10.0,611.9,6119.0,2024-03-05
2024030505006834,HRL,42,53,100.0,613.5,61350.0,2024-03-05
2024030501036195,SNLI,44,34,100.0,588.9,58890.0,2024-03-05
2024030501036194,MBL,44,34,10.0,179.5,1795.0,2024-03-05
2024030501036193,MMKJL,29,5,10.0,416.9,4169.0,2024-03-05
2024030503008554,BFC,48,8,40.0,326.0,13040.0,2024-03-05
2024030501036192,MHCL,88,49,20.0,546.0,10920.0,2024-03-05
2024030501036191,ULBSL,49,7,10.0,1109.0,11090.0,2024-03-05
2024030501036190,ULBSL,49,41,10.0,1096.5,10965.0,2024-03-05
2024030503008553,CORBL,19,32,10.0,407.0,4070.0,2024-03-05
2024030505006833,NTC,49,32,670.0,840.0,562800.0,2024-03-05
2024030505006832,NTC,22,32,20.0,840.1,16802.0,2024-03-05
2024030505006831,NTC,58,32,160.0,841.0,134560.0,2024-03-05
2024030505006830,NTC,45,32,100.0,841.0,84100.0,2024-03-05
2024030505006829,NTC,51,32,50.0,841.0,42050.0,2024-03-05
2024030501036189,SONA,71,45,20.0,493.8,9876.0,2024-03-05
2024030505006828,CHDC,71,21,10.0,955.9,9559.0,2024-03-05
2024030503008552,GUFL,71,16,10.0,618.0,6180.0,2024-03-05
2024030503008551,PFL,58,25,30.0,358.1,10743.0,2024-03-05
2024030503008550,PFL,17,25,40.0,358.3,14332.0,2024-03-05
2024030503008549,PFL,22,25,20.0,358.3,7166.0,2024-03-05
2024030503008548,PROFL,52,25,200.0,308.0,61600.0,2024-03-05
2024030503008547,PROFL,13,25,22.0,308.0,6776.0,2024-03-05
2024030501036188,AHL,18,45,140.0,432.5,60550.0,2024-03-05
2024030501036187,GCIL,45,17,660.0,526.8,347688.0,2024-03-05
2024030501036186,GCIL,45,43,200.0,526.8,105360.0,2024-03-05
2024030501036185,GCIL,45,63,140.0,526.7,73738.0,2024-03-05
2024030504017622,GHL,22,38,10.0,150.5,1505.0,2024-03-05
2024030501036184,MHCL,28,49,28.0,546.0,15288.0,2024-03-05
2024030501036183,MHCL,28,69,20.0,546.0,10920.0,2024-03-05
2024030501036182,MHCL,28,50,500.0,546.0,273000.0,2024-03-05
2024030501036181,MHCL,28,34,1000.0,538.5,538500.0,2024-03-05
2024030501036180,MHCL,28,5,250.0,538.5,134625.0,2024-03-05
2024030501036179,MHCL,28,59,490.0,538.5,263865.0,2024-03-05
2024030501036178,MHCL,28,21,10.0,538.5,5385.0,2024-03-05
2024030501036177,MHCL,28,49,10.0,538.5,5385.0,2024-03-05
2024030501036176,MHCL,28,11,1000.0,538.5,538500.0,2024-03-05
2024030501036175,MHCL,28,48,10.0,538.5,5385.0,2024-03-05
2024030501036174,MHCL,28,71,500.0,538.5,269250.0,2024-03-05
2024030501036173,MHCL,28,58,40.0,538.5,21540.0,2024-03-05
2024030501036172,MHCL,28,49,22.0,538.5,11847.0,2024-03-05
2024030501036171,MHCL,28,25,20.0,538.0,10760.0,2024-03-05
2024030501036170,MHCL,28,60,357.0,538.0,192066.0,2024-03-05
2024030501036169,MHCL,28,50,100.0,538.0,53800.0,2024-03-05
2024030501036168,MHCL,28,39,20.0,538.0,10760.0,2024-03-05
2024030501036167,MHCL,28,45,240.0,538.0,129120.0,2024-03-05
2024030501036166,MHCL,28,32,10.0,538.0,5380.0,2024-03-05
2024030501036165,MHCL,28,71,500.0,538.0,269000.0,2024-03-05
2024030501036164,MHCL,28,35,100.0,538.0,53800.0,2024-03-05
2024030501036163,MHCL,28,55,200.0,538.0,107600.0,2024-03-05
2024030501036162,MHCL,28,66,20.0,538.0,10760.0,2024-03-05
2024030501036161,MHCL,28,32,40.0,537.0,21480.0,2024-03-05
2024030501036160,MHCL,28,50,500.0,537.0,268500.0,2024-03-05
2024030501036159,MHCL,28,7,10.0,536.0,5360.0,2024-03-05
2024030501036158,MHCL,28,45,180.0,535.0,96300.0,2024-03-05
2024030501036157,MHCL,28,35,20.0,527.8,10556.0,2024-03-05
2024030501036156,MHCL,28,62,10.0,524.7,5247.0,2024-03-05
2024030501036155,MHCL,28,36,200.0,524.0,104800.0,2024-03-05
2024030501036154,MHCL,28,62,2000.0,519.0,1038000.0,2024-03-05
2024030501036153,MHCL,28,65,100.0,514.3,51430.0,2024-03-05
2024030501036152,MHCL,28,25,190.0,514.0,97660.0,2024-03-05
2024030501036151,MHCL,28,51,10.0,510.0,5100.0,2024-03-05
2024030501036150,MHCL,28,49,12.0,510.0,6120.0,2024-03-05
2024030501036149,MHCL,28,8,100.0,510.0,51000.0,2024-03-05
2024030501036148,MHCL,28,29,1000.0,509.0,509000.0,2024-03-05
2024030501036147,MHCL,28,14,500.0,502.0,251000.0,2024-03-05
2024030501036146,MHCL,28,21,200.0,501.8,100360.0,2024-03-05
2024030501036145,MHCL,28,26,1481.0,501.8,743165.8,2024-03-05
2024030501036144,EHPL,65,48,10.0,440.0,4400.0,2024-03-05
2024030501036143,EHPL,65,4,10.0,440.0,4400.0,2024-03-05
2024030501036142,EHPL,65,47,10.0,438.7,4387.0,2024-03-05
2024030501036141,EHPL,65,58,10.0,433.0,4330.0,2024-03-05
2024030501036140,EHPL,65,32,10.0,432.0,4320.0,2024-03-05
2024030501036139,EHPL,65,59,10.0,432.0,4320.0,2024-03-05
2024030501036138,EHPL,65,57,170.0,430.0,73100.0,2024-03-05
2024030501036137,HATHY,65,56,10.0,863.9,8639.0,2024-03-05
2024030501036136,NRM,38,53,10.0,364.8,3648.0,2024-03-05
2024030501036135,PPL,39,64,300.0,328.0,98400.0,2024-03-05
2024030504017621,AKPL,50,10,100.0,183.4,18340.0,2024-03-05
2024030501036134,SPC,28,50,20.0,582.2,11644.0,2024-03-05
2024030504017620,RADHI,16,21,53.0,246.0,13038.0,2024-03-05
2024030504017619,RADHI,58,21,60.0,246.1,14766.0,2024-03-05
2024030504017618,RADHI,49,21,37.0,246.2,9109.4,2024-03-05
2024030501036133,NWCL,58,58,200.0,755.0,151000.0,2024-03-05
2024030504017617,UNHPL,58,42,10.0,245.0,2450.0,2024-03-05
2024030501036132,MHCL,56,26,1236.0,501.8,620224.8,2024-03-05
2024030501036131,MHCL,56,25,490.0,501.0,245490.0,2024-03-05
2024030501036130,MHCL,56,18,505.0,501.0,253005.0,2024-03-05
2024030501036129,MHCL,56,5,769.0,500.0,384500.0,2024-03-05
2024030501036128,NESDO,57,18,30.0,1540.0,46200.0,2024-03-05
2024030501036127,PCBL,39,6,37.0,192.4,7118.8,2024-03-05
2024030501036126,PCBL,39,57,230.0,192.0,44160.0,2024-03-05
2024030501036125,PCBL,39,3,395.0,190.0,75050.0,2024-03-05
2024030501036124,PCBL,39,29,438.0,190.0,83220.0,2024-03-05
2024030501036123,SGHC,39,39,10.0,310.0,3100.0,2024-03-05
2024030501036122,MHCL,69,5,55.0,500.0,27500.0,2024-03-05
2024030501036121,MKHC,16,34,1000.0,281.2,281200.0,2024-03-05
2024030501036120,MKHC,33,34,750.0,281.7,211275.0,2024-03-05
2024030501036119,MKHC,39,34,16.0,281.8,4508.8,2024-03-05
2024030504017616,NGPL,34,74,94.0,305.0,28670.0,2024-03-05
2024030504017615,NGPL,34,16,500.0,305.0,152500.0,2024-03-05
2024030504017614,NGPL,34,42,83.0,305.0,25315.0,2024-03-05
2024030504017613,NGPL,34,67,1000.0,304.9,304900.0,2024-03-05
2024030504017612,NGPL,34,57,500.0,304.5,152250.0,2024-03-05
2024030504017611,NGPL,34,44,10.0,304.5,3045.0,2024-03-05
2024030504017610,NGPL,34,32,150.0,304.5,45675.0,2024-03-05
2024030504017609,NGPL,34,13,100.0,304.4,30440.0,2024-03-05
2024030504017608,NGPL,34,44,10.0,304.0,3040.0,2024-03-05
2024030504017607,NGPL,34,35,600.0,303.9,182340.0,2024-03-05
2024030504017606,NGPL,34,49,70.0,303.0,21210.0,2024-03-05
2024030504017605,NGPL,34,42,933.0,303.0,282699.0,2024-03-05
2024030504017604,NGPL,34,50,950.0,303.0,287850.0,2024-03-05
2024030505006827,NTC,47,80,55.0,847.0,46585.0,2024-03-05
2024030505006826,NTC,47,49,20.0,846.0,16920.0,2024-03-05
2024030505006825,NTC,47,58,25.0,845.0,21125.0,2024-03-05
2024030501036118,HIDCLP,17,32,280.0,102.6,28728.0,2024-03-05
2024030501036117,HIDCLP,17,32,200.0,102.6,20520.0,2024-03-05
2024030501036116,HIDCLP,17,62,1000.0,102.5,102500.0,2024-03-05
2024030501036115,HIDCLP,17,11,50.0,102.5,5125.0,2024-03-05
2024030501036114,HIDCLP,17,38,10.0,102.5,1025.0,2024-03-05
2024030501036113,HIDCLP,17,18,1000.0,101.9,101900.0,2024-03-05
2024030501036112,HIDCLP,17,58,210.0,101.1,21231.0,2024-03-05
2024030501036111,HIDCLP,17,81,1250.0,101.0,126250.0,2024-03-05
2024030501036110,MHCL,35,5,11.0,500.0,5500.0,2024-03-05
2024030501036109,SONA,35,45,100.0,493.8,49380.0,2024-03-05
2024030503008546,CORBL,43,25,10.0,420.0,4200.0,2024-03-05
2024030501036108,AHL,43,64,10.0,437.0,4370.0,2024-03-05
2024030501036107,MMKJL,43,5,10.0,416.9,4169.0,2024-03-05
2024030503008545,CORBL,42,25,10.0,420.0,4200.0,2024-03-05
2024030505006824,NTC,57,45,50.0,844.0,42200.0,2024-03-05
2024030504017603,RIDI,57,38,10.0,190.0,1900.0,2024-03-05
2024030501036106,NICA,10,34,500.0,416.9,208450.0,2024-03-05
2024030501036105,NBL,10,48,154.0,222.0,34188.0,2024-03-05
2024030501036104,NBL,10,49,46.0,221.0,10166.0,2024-03-05
2024030501036103,BHPL,7,51,10.0,481.0,4810.0,2024-03-05
2024030501036102,DLBS,87,29,10.0,845.0,8450.0,2024-03-05
2024030501036101,DLBS,87,34,80.0,841.0,67280.0,2024-03-05
2024030501036100,DLBS,87,58,10.0,841.0,8410.0,2024-03-05
2024030501036099,DLBS,87,59,10.0,839.0,8390.0,2024-03-05
2024030501036098,DLBS,87,45,20.0,836.6,16732.0,2024-03-05
2024030501036097,DLBS,87,36,30.0,836.0,25080.0,2024-03-05
2024030501036096,SONA,88,45,100.0,493.8,49380.0,2024-03-05
2024030501036095,BHDC,16,32,484.0,434.2,210152.8,2024-03-05
2024030501036094,BHDC,11,32,300.0,435.0,130500.0,2024-03-05
2024030501036093,BHDC,16,32,426.0,443.0,188718.0,2024-03-05
2024030501036092,BHDC,58,32,270.0,444.0,119880.0,2024-03-05
2024030501036091,BHDC,17,32,500.0,445.0,222500.0,2024-03-05
2024030501036090,BHDC,57,32,20.0,445.1,8902.0,2024-03-05
2024030501036089,SHIVM,71,28,10.0,502.0,5020.0,2024-03-05
2024030501036088,MHCL,25,5,15.0,500.0,7500.0,2024-03-05
2024030501036087,MHCL,25,34,200.0,500.0,100000.0,2024-03-05
2024030501036086,MHCL,25,48,85.0,499.8,42483.0,2024-03-05
2024030503008544,BFC,4,8,14.0,326.0,4564.0,2024-03-05
2024030503008543,BFC,4,53,36.0,323.9,11660.4,2024-03-05
2024030503008542,MSLB,36,1,20.0,814.0,16280.0,2024-03-05
2024030504017602,RIDI,6,28,1000.0,189.9,189900.0,2024-03-05
2024030501036085,USHEC,77,38,10.0,363.0,3630.0,2024-03-05
2024030505006823,BBC,38,53,10.0,3865.0,38650.0,2024-03-05
2024030503008541,PROFL,38,48,10.0,309.0,3090.0,2024-03-05
2024030501036084,SNLI,16,38,50.0,588.2,29410.0,2024-03-05
2024030501036083,SNLI,49,38,100.0,588.5,58850.0,2024-03-05
2024030501036082,IHL,50,5,10.0,347.8,3478.0,2024-03-05
2024030503008540,SFCL,58,45,20.0,303.0,6060.0,2024-03-05
2024030501036081,CKHL,58,58,10.0,610.0,6100.0,2024-03-05
2024030501036080,CKHL,58,58,200.0,610.0,122000.0,2024-03-05
2024030501036079,CKHL,58,22,10.0,610.0,6100.0,2024-03-05
2024030501036078,CKHL,58,45,10.0,610.0,6100.0,2024-03-05
2024030501036077,CKHL,58,49,10.0,610.0,6100.0,2024-03-05
2024030501036076,CKHL,58,62,20.0,608.9,12178.0,2024-03-05
2024030501036075,CKHL,58,65,10.0,606.0,6060.0,2024-03-05
2024030501036074,CKHL,58,77,500.0,605.0,302500.0,2024-03-05
2024030503008539,CORBL,19,69,10.0,407.0,4070.0,2024-03-05
2024030501036073,AHL,34,64,10.0,437.0,4370.0,2024-03-05
2024030501036072,BHPL,7,34,40.0,481.0,19240.0,2024-03-05
2024030503008538,KSBBL,34,45,10.0,345.0,3450.0,2024-03-05
2024030503008537,HLBSL,42,22,10.0,562.0,5620.0,2024-03-05
2024030503008536,EDBL,56,43,10.0,342.2,3422.0,2024-03-05
2024030504017601,NHPC,6,46,150.0,162.0,24300.0,2024-03-05
2024030504017600,PRIN,49,11,10.0,730.0,7300.0,2024-03-05
2024030503008535,LICN,41,44,10.0,1340.0,13400.0,2024-03-05
2024030503008534,CORBL,35,41,10.0,418.0,4180.0,2024-03-05
2024030503008533,EDBL,41,42,30.0,346.8,10404.0,2024-03-05
2024030505006822,NIFRA,53,29,10.0,208.0,2080.0,2024-03-05
2024030505006821,BBC,10,53,10.0,3865.0,38650.0,2024-03-05
2024030501036071,SHIVM,34,29,100.0,501.0,50100.0,2024-03-05
2024030503008532,GUFL,62,16,10.0,618.0,6180.0,2024-03-05
2024030501036070,RFPL,62,62,99.0,330.2,32689.8,2024-03-05
2024030501036069,RFPL,7,62,90.0,330.3,29727.0,2024-03-05
2024030501036068,RFPL,49,62,11.0,334.0,3674.0,2024-03-05
2024030504017599,BARUN,16,32,33.0,248.0,8184.0,2024-03-05
2024030504017598,NHDL,32,42,10.0,434.8,4348.0,2024-03-05
2024030501036067,HHL,71,17,10.0,334.0,3340.0,2024-03-05
2024030503008531,GUFL,28,16,122.0,618.0,75396.0,2024-03-05
2024030503008530,GUFL,28,52,1000.0,618.0,618000.0,2024-03-05
2024030503008529,GUFL,28,32,500.0,617.1,308550.0,2024-03-05
2024030503008528,GUFL,28,34,150.0,617.1,92565.0,2024-03-05
2024030503008527,GUFL,28,71,100.0,617.0,61700.0,2024-03-05
2024030503008526,GUFL,28,22,50.0,614.9,30745.0,2024-03-05
2024030503008525,GUFL,28,45,100.0,613.0,61300.0,2024-03-05
2024030503008524,GUFL,28,52,500.0,613.0,306500.0,2024-03-05
2024030503008523,GUFL,28,58,60.0,612.0,36720.0,2024-03-05
2024030503008522,GUFL,28,49,500.0,610.0,305000.0,2024-03-05
2024030503008521,GUFL,28,47,200.0,609.9,121980.0,2024-03-05
2024030503008520,GUFL,28,19,10.0,608.9,6089.0,2024-03-05
2024030503008519,GUFL,28,17,50.0,608.4,30420.0,2024-03-05
2024030503008518,GUFL,28,17,57.0,608.4,34678.8,2024-03-05
2024030503008517,GUFL,28,57,430.0,608.0,261440.0,2024-03-05
2024030503008516,GUFL,28,58,100.0,608.0,60800.0,2024-03-05
2024030503008515,GUFL,28,7,500.0,608.0,304000.0,2024-03-05
2024030503008514,GUFL,28,47,500.0,608.0,304000.0,2024-03-05
2024030503008513,GUFL,28,58,70.0,605.0,42350.0,2024-03-05
2024030503008512,GUFL,28,50,50.0,605.0,30250.0,2024-03-05
2024030503008511,GUFL,28,4,630.0,604.8,381024.0,2024-03-05
2024030503008510,GUFL,28,22,50.0,604.5,30225.0,2024-03-05
2024030503008509,GUFL,28,34,46.0,604.0,27784.0,2024-03-05
2024030503008508,GUFL,28,7,500.0,604.0,302000.0,2024-03-05
2024030503008507,GUFL,28,52,2000.0,603.0,1206000.0,2024-03-05
2024030503008506,GUFL,28,57,10.0,603.0,6030.0,2024-03-05
2024030503008505,GUFL,28,22,50.0,602.9,30145.0,2024-03-05
2024030503008504,GUFL,28,32,200.0,601.0,120200.0,2024-03-05
2024030503008503,GUFL,28,46,300.0,600.0,180000.0,2024-03-05
2024030503008502,GUFL,28,7,500.0,600.0,300000.0,2024-03-05
2024030503008501,GUFL,28,56,50.0,600.0,30000.0,2024-03-05
2024030503008500,GUFL,28,52,350.0,600.0,210000.0,2024-03-05
2024030503008499,GUFL,28,45,25.0,598.0,14950.0,2024-03-05
2024030503008498,GUFL,28,32,200.0,598.0,119600.0,2024-03-05
2024030503008497,GUFL,28,41,10.0,597.0,5970.0,2024-03-05
2024030503008496,GUFL,28,57,30.0,597.0,17910.0,2024-03-05
2024030504017597,LEC,38,35,390.0,191.0,74490.0,2024-03-05
2024030501036066,MSHL,64,34,10.0,596.0,5960.0,2024-03-05
2024030501036065,MSHL,64,19,10.0,590.0,5900.0,2024-03-05
2024030501036064,CKHL,64,77,40.0,605.0,24200.0,2024-03-05
2024030501036063,CKHL,64,43,60.0,604.0,36240.0,2024-03-05
2024030501036062,UHEWA,8,41,10.0,348.0,3480.0,2024-03-05
2024030504017596,BARUN,56,32,300.0,248.0,74400.0,2024-03-05
2024030501036061,MAKAR,39,28,10.0,378.0,3780.0,2024-03-05
2024030501036060,TVCL,58,57,160.0,539.8,86368.0,2024-03-05
2024030501036059,SHIVM,17,28,20.0,502.0,10040.0,2024-03-05
2024030504017595,KKHC,34,14,10.0,243.0,2430.0,2024-03-05
2024030504017594,PMHPL,34,20,10.0,249.0,2490.0,2024-03-05
2024030505006820,NRIC,34,35,15.0,743.0,11145.0,2024-03-05
2024030504017593,LEC,49,35,10.0,191.0,1910.0,2024-03-05
2024030504017592,LEC,41,35,100.0,191.0,19100.0,2024-03-05
2024030501036058,UHEWA,42,41,10.0,348.0,3480.0,2024-03-05
2024030501036057,KBSH,43,57,20.0,950.0,19000.0,2024-03-05
2024030501036056,BHPL,7,14,10.0,481.0,4810.0,2024-03-05
2024030505006819,NTC,51,14,50.0,841.0,42050.0,2024-03-05
2024030505006818,NTC,43,14,40.0,841.0,33640.0,2024-03-05
2024030505006817,NTC,57,14,10.0,842.0,8420.0,2024-03-05
2024030504017591,HURJA,41,11,10.0,294.0,2940.0,2024-03-05
2024030501036055,SMHL,21,41,10.0,445.2,4452.0,2024-03-05
2024030501036054,TPC,88,64,394.0,535.0,210790.0,2024-03-05
2024030501036053,TPC,88,54,30.0,526.0,15780.0,2024-03-05
2024030501036052,TPC,88,57,176.0,520.0,91520.0,2024-03-05
2024030503008495,FMDBL,62,62,10.0,593.0,5930.0,2024-03-05
2024030503008494,FMDBL,62,5,49.0,590.0,28910.0,2024-03-05
2024030503008493,FMDBL,62,36,87.0,585.0,50895.0,2024-03-05
2024030504017590,AKPL,62,10,29.0,183.4,5318.6,2024-03-05
2024030501036051,MLBS,16,42,40.0,713.9,28556.0,2024-03-05
2024030501036050,MLBS,16,45,60.0,702.0,42120.0,2024-03-05
2024030501036049,MLBS,16,58,10.0,701.0,7010.0,2024-03-05
2024030501036048,MLBS,16,58,10.0,698.7,6987.0,2024-03-05
2024030505006816,HRL,42,25,70.0,613.5,42945.0,2024-03-05
2024030505006815,HRL,1,25,20.0,613.5,12270.0,2024-03-05
2024030505006814,HRL,1,25,310.0,613.5,190185.0,2024-03-05
2024030501036047,MKCL,36,45,10.0,943.9,9439.0,2024-03-05
2024030504017589,UPPER,33,28,124.0,205.0,25420.0,2024-03-05
2024030504017588,UPPER,57,28,10.0,205.0,2050.0,2024-03-05
2024030504017587,UPPER,38,28,20.0,205.0,4100.0,2024-03-05
2024030504017586,UPPER,45,28,100.0,205.0,20500.0,2024-03-05
2024030504017585,UPPER,66,28,100.0,205.0,20500.0,2024-03-05
2024030504017584,UPPER,42,28,135.0,205.0,27675.0,2024-03-05
2024030504017583,UPPER,41,28,11.0,205.1,2256.1,2024-03-05
2024030501036046,SPC,64,35,338.0,596.7,201684.6,2024-03-05
2024030501036045,SPC,64,46,338.0,596.7,201684.6,2024-03-05
2024030501036044,SPC,64,4,50.0,596.7,29835.0,2024-03-05
2024030501036043,SPC,64,35,200.0,595.6,119120.0,2024-03-05
2024030501036042,SPC,64,29,10.0,595.0,5950.0,2024-03-05
2024030501036041,SPC,64,34,10.0,595.0,5950.0,2024-03-05
2024030501036040,SPC,64,34,50.0,593.9,29695.0,2024-03-05
2024030501036039,SPC,64,59,1075.0,593.0,637475.0,2024-03-05
2024030501036038,SPC,64,39,30.0,593.0,17790.0,2024-03-05
2024030501036037,SPC,64,64,190.0,593.0,112670.0,2024-03-05
2024030501036036,SPC,64,34,20.0,591.8,11836.0,2024-03-05
2024030501036035,SPC,64,34,50.0,591.7,29585.0,2024-03-05
2024030501036034,SPC,64,59,10.0,585.0,5850.0,2024-03-05
2024030501036033,SPC,64,35,44.0,585.0,25740.0,2024-03-05
2024030501036032,SPC,64,34,50.0,584.0,29200.0,2024-03-05
2024030501036031,SPC,64,58,10.0,584.0,5840.0,2024-03-05
2024030501036030,SPC,64,57,25.0,583.0,14575.0,2024-03-05
2024030501036029,BHL,55,19,95.0,336.0,31920.0,2024-03-05
2024030503008492,PMLI,7,50,10.0,507.0,5070.0,2024-03-05
2024030503008491,PMLI,7,42,10.0,507.0,5070.0,2024-03-05
2024030503008490,PMLI,7,7,10.0,506.0,5060.0,2024-03-05
2024030503008489,PMLI,7,22,10.0,505.0,5050.0,2024-03-05
2024030503008488,PMLI,7,51,10.0,503.0,5030.0,2024-03-05
2024030503008487,PMLI,7,32,10.0,503.0,5030.0,2024-03-05
2024030504017582,AKPL,7,10,50.0,183.4,9170.0,2024-03-05
2024030505006813,CIT,18,35,10.0,2099.9,20999.0,2024-03-05
2024030505006812,CHDC,17,21,50.0,955.9,47795.0,2024-03-05
2024030504017581,NHDL,58,42,10.0,434.8,4348.0,2024-03-05
2024030501036028,SHIVM,81,28,1000.0,502.0,502000.0,2024-03-05
2024030504017580,AHPC,35,28,10.0,189.6,1896.0,2024-03-05
2024030504017579,HPPL,43,14,10.0,271.9,2719.0,2024-03-05
2024030501036027,SAMAJ,42,65,10.0,1698.0,16980.0,2024-03-05
2024030501036026,SMJC,52,19,10.0,381.0,3810.0,2024-03-05
2024030503008486,GFCL,52,45,10.0,437.7,4377.0,2024-03-05
2024030501036025,HHL,5,17,75.0,334.0,25050.0,2024-03-05
2024030501036024,HHL,5,33,50.0,333.9,16695.0,2024-03-05
2024030501036023,HHL,5,58,17.0,333.0,5661.0,2024-03-05
2024030501036022,HHL,5,58,10.0,333.0,3330.0,2024-03-05
2024030501036021,SONA,60,14,40.0,493.0,19720.0,2024-03-05
2024030501036020,NESDO,57,41,10.0,1540.0,15400.0,2024-03-05
2024030504017578,JOSHI,29,32,200.0,346.0,69200.0,2024-03-05
2024030501036019,TAMOR,66,81,180.0,380.0,68400.0,2024-03-05
2024030505006811,ENL,48,46,100.0,765.7,76570.0,2024-03-05
2024030504017577,PRIN,49,33,10.0,737.0,7370.0,2024-03-05
2024030501036018,BNT,59,49,30.0,14800.0,444000.0,2024-03-05
2024030501036017,ULHC,45,34,20.0,318.9,6378.0,2024-03-05
2024030501036016,ULHC,45,45,10.0,318.5,3185.0,2024-03-05
2024030503008485,GLBSL,38,1,20.0,995.0,19900.0,2024-03-05
2024030503008484,GLBSL,38,25,15.0,951.5,14272.5,2024-03-05
2024030503008483,GLBSL,38,43,10.0,951.5,9515.0,2024-03-05
2024030501036015,USHEC,77,38,50.0,363.0,18150.0,2024-03-05
2024030501036014,USHEC,77,57,10.0,363.0,3630.0,2024-03-05
2024030501036013,USHEC,77,29,150.0,360.0,54000.0,2024-03-05
2024030501036012,USHEC,77,58,150.0,360.0,54000.0,2024-03-05
2024030501036011,USHEC,77,57,10.0,360.0,3600.0,2024-03-05
2024030501036010,USHEC,77,34,10.0,360.0,3600.0,2024-03-05
2024030501036009,USHEC,77,36,490.0,359.9,176351.0,2024-03-05
2024030501036008,MKHC,21,57,50.0,282.0,14100.0,2024-03-05
2024030501036007,VLUCL,21,59,10.0,534.0,5340.0,2024-03-05
2024030501036006,VLUCL,21,17,10.0,534.0,5340.0,2024-03-05
2024030501036005,VLUCL,21,58,101.0,534.0,53934.0,2024-03-05
2024030504017576,UPPER,21,47,10.0,206.0,2060.0,2024-03-05
2024030504017575,NHDL,32,39,50.0,427.1,21355.0,2024-03-05
2024030501036004,GCIL,13,63,100.0,526.7,52670.0,2024-03-05
2024030501036003,SONA,13,55,100.0,492.9,49290.0,2024-03-05
2024030501036002,LSL,54,47,10.0,162.9,1629.0,2024-03-05
2024030505006810,HRL,22,35,10.0,613.6,6136.0,2024-03-05
2024030501036001,MCHL,48,35,460.0,330.0,151800.0,2024-03-05
2024030501036000,MCHL,39,35,40.0,330.0,13200.0,2024-03-05
2024030501035999,MHCL,35,48,115.0,499.8,57477.0,2024-03-05
2024030501035998,MHCL,35,58,500.0,499.0,249500.0,2024-03-05
2024030501035997,MHCL,35,58,500.0,498.9,249450.0,2024-03-05
2024030501035996,MHCL,35,71,5170.0,497.0,2569490.0,2024-03-05
2024030501035995,MHCL,35,49,500.0,497.0,248500.0,2024-03-05
2024030501035994,MHCL,35,25,300.0,497.0,149100.0,2024-03-05
2024030501035993,MHCL,35,94,300.0,497.0,149100.0,2024-03-05
2024030501035992,MHCL,35,42,10.0,495.0,4950.0,2024-03-05
2024030501035991,MHCL,35,36,10.0,495.0,4950.0,2024-03-05
2024030501035990,MHCL,35,53,300.0,494.7,148410.0,2024-03-05
2024030501035989,MHCL,35,71,500.0,494.0,247000.0,2024-03-05
2024030501035988,MHCL,35,71,1000.0,494.0,494000.0,2024-03-05
2024030501035987,MHCL,35,49,500.0,494.0,247000.0,2024-03-05
2024030501035986,MHCL,35,5,280.0,494.0,138320.0,2024-03-05
2024030501035985,MHCL,35,11,10.0,492.6,4926.0,2024-03-05
2024030501035984,MHCL,35,7,10.0,492.0,4920.0,2024-03-05
2024030501035983,MHCL,35,16,50.0,492.0,24600.0,2024-03-05
2024030501035982,MHCL,35,52,10.0,490.0,4900.0,2024-03-05
2024030501035981,MHCL,35,41,10.0,490.0,4900.0,2024-03-05
2024030501035980,MHCL,35,5,200.0,489.8,97960.0,2024-03-05
2024030501035979,MHCL,35,58,500.0,488.9,244450.0,2024-03-05
2024030501035978,MHCL,35,25,200.0,488.5,97700.0,2024-03-05
2024030501035977,MHCL,35,5,10.0,488.5,4885.0,2024-03-05
2024030501035976,MHCL,35,71,75.0,488.0,36600.0,2024-03-05
2024030501035975,MHCL,35,38,500.0,485.0,242500.0,2024-03-05
2024030501035974,MHCL,35,22,10.0,483.0,4830.0,2024-03-05
2024030501035973,MHCL,35,25,100.0,480.0,48000.0,2024-03-05
2024030501035972,MHCL,35,42,1000.0,480.0,480000.0,2024-03-05
2024030501035971,MHCL,35,32,300.0,478.0,143400.0,2024-03-05
2024030501035970,MHCL,35,35,30.0,475.2,14256.0,2024-03-05
2024030505006809,HRL,11,74,130.0,614.9,79937.0,2024-03-05
2024030505006808,HRL,11,35,30.0,614.0,18420.0,2024-03-05
2024030505006807,HRL,11,45,200.0,614.0,122800.0,2024-03-05
2024030505006806,HRL,11,88,40.0,614.0,24560.0,2024-03-05
2024030501035969,RMF2,6,42,100.0,8.2,820.0,2024-03-05
2024030501035968,MKHC,57,57,100.0,282.0,28200.0,2024-03-05
2024030504017574,AKJCL,58,57,625.0,221.0,138125.0,2024-03-05
2024030504017573,AKJCL,14,57,155.0,222.0,34410.0,2024-03-05
2024030501035967,TPC,41,57,100.0,520.0,52000.0,2024-03-05
2024030503008482,NABBC,37,26,92.0,398.0,36616.0,2024-03-05
2024030503008481,NABBC,39,26,75.0,398.1,29857.5,2024-03-05
2024030503008480,NABBC,46,26,40.0,399.9,15996.0,2024-03-05
2024030503008479,NABBC,58,26,50.0,400.0,20000.0,2024-03-05
2024030504017572,NHPC,14,46,500.0,162.0,81000.0,2024-03-05
2024030504017571,NHPC,34,46,423.0,162.0,68526.0,2024-03-05
2024030504017570,NHPC,45,46,500.0,162.0,81000.0,2024-03-05
2024030504017569,NHPC,6,46,20.0,162.0,3240.0,2024-03-05
2024030504017568,NHPC,42,46,10.0,162.0,1620.0,2024-03-05
2024030504017567,NHPC,58,46,470.0,162.0,76140.0,2024-03-05
2024030504017566,NHPC,53,46,20.0,162.0,3240.0,2024-03-05
2024030504017565,NHPC,58,46,600.0,162.0,97200.0,2024-03-05
2024030504017564,NHPC,6,46,175.0,162.0,28350.0,2024-03-05
2024030504017563,NHPC,26,46,100.0,162.0,16200.0,2024-03-05
2024030504017562,NHPC,13,46,100.0,162.0,16200.0,2024-03-05
2024030504017561,NHPC,57,46,1342.0,162.0,217404.0,2024-03-05
2024030503008478,GMFBS,25,52,11.0,851.0,9361.0,2024-03-05
2024030503008477,GMFBS,25,45,119.0,847.7,100876.3,2024-03-05
2024030503008476,GMFBS,25,5,115.0,840.0,96600.0,2024-03-05
2024030503008475,GMFBS,25,1,10.0,839.9,8399.0,2024-03-05
2024030501035966,NABIL,49,3,44.0,446.0,19624.0,2024-03-05
2024030503008474,GLBSL,38,1,14.0,951.0,13314.0,2024-03-05
2024030503008473,GLBSL,38,57,22.0,951.0,20922.0,2024-03-05
2024030503008472,GLBSL,38,43,10.0,950.4,9504.0,2024-03-05
2024030503008471,GLBSL,38,26,100.0,950.0,95000.0,2024-03-05
2024030503008470,GLBSL,38,22,20.0,950.0,19000.0,2024-03-05
2024030503008469,GLBSL,38,37,200.0,950.0,190000.0,2024-03-05
2024030503008468,GLBSL,38,1,310.0,950.0,294500.0,2024-03-05
2024030503008467,GLBSL,38,38,20.0,940.0,18800.0,2024-03-05
2024030503008466,GLBSL,38,56,10.0,938.4,9384.0,2024-03-05
2024030503008465,GLBSL,38,57,20.0,938.0,18760.0,2024-03-05
2024030503008464,GLBSL,38,34,100.0,938.0,93800.0,2024-03-05
2024030503008463,GLBSL,38,21,13.0,938.0,12194.0,2024-03-05
2024030503008462,GLBSL,38,52,13.0,935.0,12155.0,2024-03-05
2024030503008461,GLBSL,38,52,10.0,934.0,9340.0,2024-03-05
2024030503008460,GLBSL,38,22,13.0,933.0,12129.0,2024-03-05
2024030503008459,GLBSL,38,14,10.0,931.9,9319.0,2024-03-05
2024030503008458,GLBSL,38,55,15.0,931.8,13977.0,2024-03-05
2024030501035965,PPL,39,53,200.0,328.0,65600.0,2024-03-05
2024030501035964,PPL,39,67,25.0,328.0,8200.0,2024-03-05
2024030501035963,SONA,58,14,200.0,493.0,98600.0,2024-03-05
2024030504017560,NHPC,58,41,20.0,162.3,3246.0,2024-03-05
2024030504017559,SHEL,34,14,10.0,216.9,2169.0,2024-03-05
2024030501035962,TPC,34,57,200.0,520.0,104000.0,2024-03-05
2024030504017558,NHPC,57,1,380.0,162.0,61560.0,2024-03-05
2024030503008457,ALBSL,6,17,11.0,644.0,7084.0,2024-03-05
2024030503008456,ALBSL,6,47,10.0,643.0,6430.0,2024-03-05
2024030501035961,USHEC,57,36,10.0,359.9,3599.0,2024-03-05
2024030503008455,GUFL,53,57,10.0,597.0,5970.0,2024-03-05
2024030503008454,SMFBS,51,58,10.0,875.0,8750.0,2024-03-05
2024030501035960,PRVU,58,29,50.0,143.9,7195.0,2024-03-05
2024030501035959,PRVU,59,29,193.0,143.9,27772.7,2024-03-05
2024030501035958,SNLI,16,10,85.0,588.5,50022.5,2024-03-05
2024030501035957,NWCL,32,58,10.0,755.0,7550.0,2024-03-05
2024030501035956,SMHL,76,56,10.0,449.9,4499.0,2024-03-05
2024030503008453,NLBBL,4,17,10.0,520.0,5200.0,2024-03-05
2024030504017557,NHPC,57,45,278.0,162.0,45036.0,2024-03-05
2024030504017556,NHPC,10,45,202.0,162.0,32724.0,2024-03-05
2024030504017555,NHPC,35,45,20.0,162.1,3242.0,2024-03-05
2024030501035955,SONA,82,14,200.0,493.0,98600.0,2024-03-05
2024030501035954,GCIL,28,38,18.0,526.0,9468.0,2024-03-05
2024030505006805,NRN,49,19,650.0,540.1,351065.0,2024-03-05
2024030505006804,NRN,49,19,250.0,540.1,135025.0,2024-03-05
2024030505006803,NRN,7,19,100.0,540.2,54020.0,2024-03-05
2024030503008452,CFCL,56,19,33.0,327.0,10791.0,2024-03-05
2024030501035953,VLUCL,58,58,10.0,533.0,5330.0,2024-03-05
2024030501035952,MMKJL,34,58,10.0,412.0,4120.0,2024-03-05
2024030501035951,IHL,3,34,230.0,344.1,79143.0,2024-03-05
2024030501035950,IHL,13,34,70.0,344.1,24087.0,2024-03-05
2024030503008451,SINDU,34,32,10.0,330.0,3300.0,2024-03-05
2024030503008450,SINDU,34,36,20.0,329.9,6598.0,2024-03-05
2024030504017554,NGPL,34,50,10.0,303.0,3030.0,2024-03-05
2024030501035949,BEDC,42,17,10.0,347.0,3470.0,2024-03-05
2024030504017553,RIDI,57,38,100.0,190.0,19000.0,2024-03-05
2024030501035948,MBL,44,57,825.0,179.2,147840.0,2024-03-05
2024030501035947,MBL,44,57,1000.0,179.3,179300.0,2024-03-05
2024030501035946,MBL,16,57,10.0,179.4,1794.0,2024-03-05
2024030503008449,JBBL,14,35,200.0,291.0,58200.0,2024-03-05
2024030504017552,RIDI,14,38,100.0,190.0,19000.0,2024-03-05
2024030501035945,MHCL,88,35,20.0,475.2,9504.0,2024-03-05
2024030501035944,BHL,29,38,10.0,340.0,3400.0,2024-03-05
2024030501035943,NWCL,62,58,90.0,755.0,67950.0,2024-03-05
2024030501035942,NWCL,62,11,10.0,755.0,7550.0,2024-03-05
2024030503008448,RLFL,26,38,158.0,353.0,55774.0,2024-03-05
2024030503008447,RLFL,26,43,156.0,352.9,55052.4,2024-03-05
2024030501035941,HBL,49,46,10.0,190.9,1909.0,2024-03-05
2024030505006802,BBC,49,58,10.0,3865.0,38650.0,2024-03-05
2024030501035940,SRLI,34,39,50.0,427.3,21365.0,2024-03-05
2024030505006801,HRL,1,17,20.0,613.5,12270.0,2024-03-05
2024030501035939,RHGCL,35,44,165.0,296.0,48840.0,2024-03-05
2024030501035938,RHGCL,35,6,10.0,295.1,2951.0,2024-03-05
2024030501035937,MLBS,34,64,100.0,690.0,69000.0,2024-03-05
2024030504017551,UPCL,56,1,294.0,212.9,62592.6,2024-03-05
2024030504017550,SSHL,44,34,50.0,169.8,8490.0,2024-03-05
2024030501035936,SONA,59,34,10.0,492.5,4925.0,2024-03-05
2024030504017549,UNHPL,58,42,10.0,245.0,2450.0,2024-03-05
2024030504017548,UNHPL,70,42,700.0,245.0,171500.0,2024-03-05
2024030501035935,LSL,41,47,70.0,162.9,11403.0,2024-03-05
2024030503008446,MDB,58,16,101.0,399.7,40369.7,2024-03-05
2024030503008445,MDB,58,51,49.0,399.0,19551.0,2024-03-05
2024030501035934,ADBL,44,28,30.0,229.5,6885.0,2024-03-05
2024030503008444,GUFL,4,71,699.0,596.0,416604.0,2024-03-05
2024030503008443,GUFL,16,71,295.0,596.3,175908.5,2024-03-05
2024030503008442,SFCL,26,45,153.0,303.0,46359.0,2024-03-05
2024030504017547,LEC,49,77,10.0,191.1,1911.0,2024-03-05
2024030503008441,NABBC,91,49,77.0,404.9,31177.3,2024-03-05
2024030504017546,BPCL,49,29,20.0,311.0,6220.0,2024-03-05
2024030504017545,UPCL,28,4,10.0,214.0,2140.0,2024-03-05
2024030504017544,GHL,8,44,500.0,150.8,75400.0,2024-03-05
2024030504017543,GHL,16,7,150.0,150.1,22515.0,2024-03-05
2024030501035933,TAMOR,81,81,64.0,379.0,24256.0,2024-03-05
2024030501035932,SONA,59,34,10.0,492.5,4925.0,2024-03-05
2024030503008440,CFCL,70,19,67.0,327.0,21909.0,2024-03-05
2024030501035931,DORDI,57,64,10.0,468.0,4680.0,2024-03-05
2024030503008439,HLI,57,58,10.0,387.3,3873.0,2024-03-05
2024030501035930,SONA,59,4,10.0,492.5,4925.0,2024-03-05
2024030501035929,SONA,59,4,10.0,492.5,4925.0,2024-03-05
2024030501035928,SRLI,45,35,50.0,427.4,21370.0,2024-03-05
2024030501035927,SMHL,21,36,10.0,445.2,4452.0,2024-03-05
2024030504017542,AKPL,22,10,10.0,183.4,1834.0,2024-03-05
2024030504017541,RADHI,49,45,100.0,246.5,24650.0,2024-03-05
2024030501035926,MHCL,49,35,100.0,475.2,47520.0,2024-03-05
2024030501035925,NICA,41,38,120.0,416.0,49920.0,2024-03-05
2024030501035924,NICA,19,38,20.0,416.1,8322.0,2024-03-05
2024030501035923,NICA,32,38,50.0,416.1,20805.0,2024-03-05
2024030501035922,NICA,58,38,50.0,416.1,20805.0,2024-03-05
2024030501035921,NICA,45,38,10.0,416.1,4161.0,2024-03-05
2024030501035920,NICA,44,38,90.0,416.1,37449.0,2024-03-05
2024030501035919,NICA,51,38,100.0,416.2,41620.0,2024-03-05
2024030501035918,NICA,25,38,60.0,416.3,24978.0,2024-03-05
2024030501035917,HATHY,54,38,215.0,860.0,184900.0,2024-03-05
2024030504017540,NHPC,42,41,100.0,162.3,16230.0,2024-03-05
2024030501035916,CLI,53,42,10.0,434.0,4340.0,2024-03-05
2024030501035915,PHCL,58,3,80.0,311.0,24880.0,2024-03-05
2024030501035914,PHCL,58,56,10.0,311.0,3110.0,2024-03-05
2024030501035913,PHCL,58,58,10.0,311.0,3110.0,2024-03-05
2024030501035912,SONA,59,58,10.0,492.5,4925.0,2024-03-05
2024030504017539,CHCL,29,16,19.0,465.0,8835.0,2024-03-05
2024030501035911,SHIVM,71,28,10.0,502.0,5020.0,2024-03-05
2024030501035910,HATHY,45,38,10.0,860.0,8600.0,2024-03-05
2024030505006800,HRL,22,88,60.0,614.0,36840.0,2024-03-05
2024030505006799,HRL,22,58,10.0,614.0,6140.0,2024-03-05
2024030504017538,UMHL,89,21,263.0,260.0,68380.0,2024-03-05
2024030504017537,UMHL,89,48,45.0,260.0,11700.0,2024-03-05
2024030504017536,UMHL,89,49,42.0,260.0,10920.0,2024-03-05
2024030501035909,VLUCL,3,58,100.0,534.0,53400.0,2024-03-05
2024030501035908,NABIL,34,43,200.0,443.0,88600.0,2024-03-05
2024030501035907,NABIL,32,43,40.0,443.0,17720.0,2024-03-05
2024030501035906,NABIL,16,43,10.0,443.0,4430.0,2024-03-05
2024030501035905,NABIL,40,43,50.0,443.0,22150.0,2024-03-05
2024030501035904,NABIL,28,43,50.0,443.0,22150.0,2024-03-05
2024030501035903,NABIL,49,43,20.0,443.1,8862.0,2024-03-05
2024030501035902,NABIL,45,43,10.0,443.1,4431.0,2024-03-05
2024030501035901,NABIL,41,43,30.0,444.0,13320.0,2024-03-05
2024030501035900,NABIL,72,43,100.0,444.0,44400.0,2024-03-05
2024030501035899,NABIL,49,43,49.0,444.0,21756.0,2024-03-05
2024030501035898,NABIL,19,43,10.0,444.0,4440.0,2024-03-05
2024030501035897,NABIL,58,43,10.0,444.0,4440.0,2024-03-05
2024030504017535,UPCL,35,58,10.0,215.0,2150.0,2024-03-05
2024030501035896,RFPL,49,35,149.0,334.0,49766.0,2024-03-05
2024030504017534,IGI,42,6,30.0,533.9,16017.0,2024-03-05
2024030504017533,IGI,42,68,200.0,530.0,106000.0,2024-03-05
2024030504017532,IGI,42,6,13.0,530.0,6890.0,2024-03-05
2024030504017531,IGI,42,49,40.0,527.0,21080.0,2024-03-05
2024030501035895,AHL,34,64,10.0,437.0,4370.0,2024-03-05
2024030501035894,SBL,46,57,188.0,219.2,41209.6,2024-03-05
2024030501035893,SBL,54,57,10.0,219.3,2193.0,2024-03-05
2024030501035892,MHL,62,44,100.0,382.1,38210.0,2024-03-05
2024030503008438,LBBL,44,51,10.0,380.0,3800.0,2024-03-05
2024030501035891,MKHC,51,57,124.0,282.0,34968.0,2024-03-05
2024030501035890,BPW,58,51,10.0,1177.3,11773.0,2024-03-05
2024030501035889,BPW,71,51,60.0,1177.3,70638.0,2024-03-05
2024030501035888,MMKJL,29,5,20.0,416.9,8338.0,2024-03-05
2024030504017530,AKPL,58,10,10.0,183.4,1834.0,2024-03-05
2024030505006798,HIDCL,91,22,63.0,174.5,10993.5,2024-03-05
2024030505006797,HIDCL,91,57,210.0,174.5,36645.0,2024-03-05
2024030503008437,GUFL,16,45,100.0,596.3,59630.0,2024-03-05
2024030505006796,HRL,1,19,620.0,613.5,380370.0,2024-03-05
2024030505006795,HRL,34,19,80.0,613.6,49088.0,2024-03-05
2024030504017529,SPDL,17,8,12.0,252.7,3032.4,2024-03-05
2024030501035887,PRVU,33,5,200.0,144.0,28800.0,2024-03-05
2024030503008436,JBBL,6,35,100.0,291.0,29100.0,2024-03-05
2024030503008435,MLBL,34,4,290.0,319.0,92510.0,2024-03-05
2024030501035886,SGHC,70,86,10.0,313.9,3139.0,2024-03-05
2024030504017528,API,41,16,50.0,185.9,9295.0,2024-03-05
2024030501035885,SBD87,47,53,60.0,902.1,54126.0,2024-03-05
2024030504017527,NGPL,45,53,230.0,302.0,69460.0,2024-03-05
2024030504017526,SPIL,36,14,10.0,730.0,7300.0,2024-03-05
2024030501035884,CYCL,77,35,118.0,1250.0,147500.0,2024-03-05
2024030501035883,CYCL,77,26,200.0,1250.0,250000.0,2024-03-05
2024030501035882,CYCL,77,22,100.0,1250.0,125000.0,2024-03-05
2024030501035881,CYCL,77,44,582.0,1250.0,727500.0,2024-03-05
2024030504017525,GHL,16,17,85.0,150.1,12758.5,2024-03-05
2024030504017524,GHL,58,17,15.0,150.2,2253.0,2024-03-05
2024030504017523,SPDL,16,52,479.0,252.0,120708.0,2024-03-05
2024030504017522,SPDL,19,52,21.0,252.0,5292.0,2024-03-05
2024030501035880,MEL,52,51,30.0,215.4,6462.0,2024-03-05
2024030503008434,NLBBL,34,17,10.0,520.0,5200.0,2024-03-05
2024030504017521,GHL,58,44,150.0,150.8,22620.0,2024-03-05
2024030501035879,SRLI,26,35,25.0,427.4,10685.0,2024-03-05
2024030501035878,MEL,56,50,100.0,215.4,21540.0,2024-03-05
2024030505006794,HRL,34,19,10.0,613.6,6136.0,2024-03-05
2024030505006793,NTC,74,14,10.0,845.0,8450.0,2024-03-05
2024030501035877,SONA,53,3,10.0,492.1,4921.0,2024-03-05
2024030501035876,PRVU,56,5,10.0,144.0,1440.0,2024-03-05
2024030501035875,PRVU,56,45,490.0,144.0,70560.0,2024-03-05
2024030504017520,BARUN,34,17,100.0,247.0,24700.0,2024-03-05
2024030504017519,GLH,21,17,90.0,213.2,19188.0,2024-03-05
2024030504017518,IGI,35,49,10.0,527.0,5270.0,2024-03-05
2024030503008433,JBBL,35,35,200.0,291.0,58200.0,2024-03-05
2024030503008432,NLIC,17,6,70.0,604.9,42343.0,2024-03-05
2024030504017517,OHL,1,72,10.0,759.9,7599.0,2024-03-05
2024030504017516,NGPL,14,50,40.0,303.0,12120.0,2024-03-05
2024030504017515,NGPL,14,44,10.0,303.0,3030.0,2024-03-05
2024030504017514,NGPL,14,67,50.0,303.0,15150.0,2024-03-05
2024030504017513,SHPC,59,42,110.0,345.0,37950.0,2024-03-05
2024030504017512,SHPC,22,42,50.0,345.3,17265.0,2024-03-05
2024030504017511,PPCL,58,57,100.0,259.2,25920.0,2024-03-05
2024030501035874,TAMOR,53,81,20.0,380.0,7600.0,2024-03-05
2024030504017510,UNHPL,70,44,100.0,245.0,24500.0,2024-03-05
2024030505006792,NTC,29,14,10.0,845.0,8450.0,2024-03-05
2024030505006791,NRN,7,26,100.0,540.2,54020.0,2024-03-05
2024030501035873,PRVU,59,58,220.0,143.9,31658.0,2024-03-05
2024030505006790,HRL,34,58,10.0,613.6,6136.0,2024-03-05
2024030503008431,MDB,45,51,320.0,399.0,127680.0,2024-03-05
2024030503008430,MDB,45,41,354.0,395.5,140007.0,2024-03-05
2024030503008429,MDB,45,41,218.0,395.0,86110.0,2024-03-05
2024030503008428,MDB,45,51,47.0,394.0,18518.0,2024-03-05
2024030503008427,MDB,45,45,46.0,393.0,18078.0,2024-03-05
2024030503008426,MDB,45,55,15.0,392.0,5880.0,2024-03-05
2024030503008425,USLB,55,48,20.0,1125.0,22500.0,2024-03-05
2024030501035872,JALPA,49,56,13.0,1023.0,13299.0,2024-03-05
2024030503008424,MPFL,39,38,50.0,349.9,17495.0,2024-03-05
2024030504017509,DHPL,54,17,10.0,199.1,1991.0,2024-03-05
2024030501035871,IHL,13,35,10.0,344.1,3441.0,2024-03-05
2024030501035870,NYADI,52,21,10.0,285.0,2850.0,2024-03-05
2024030504017508,HURJA,1,11,10.0,294.0,2940.0,2024-03-05
2024030501035869,SAMAJ,42,16,10.0,1693.4,16934.0,2024-03-05
2024030501035868,SAMAJ,42,1,10.0,1683.0,16830.0,2024-03-05
2024030501035867,SAMAJ,42,16,100.0,1683.0,168300.0,2024-03-05
2024030501035866,SAMAJ,42,22,10.0,1680.0,16800.0,2024-03-05
2024030501035865,TSHL,42,48,10.0,481.9,4819.0,2024-03-05
2024030501035864,HHL,57,57,78.0,329.0,25662.0,2024-03-05
2024030501035863,SNLI,16,10,10.0,588.5,5885.0,2024-03-05
2024030501035862,SNLI,3,10,15.0,588.5,8827.5,2024-03-05
2024030504017507,UPPER,41,41,39.0,205.1,7998.9,2024-03-05
2024030504017506,UPPER,51,41,25.0,205.2,5130.0,2024-03-05
2024030504017505,UPPER,4,41,886.0,205.2,181807.2,2024-03-05
2024030504017504,UPPER,58,41,50.0,205.9,10295.0,2024-03-05
2024030501035861,GVL,34,42,10.0,430.0,4300.0,2024-03-05
2024030504017503,SICL,41,87,10.0,695.0,6950.0,2024-03-05
2024030504017502,SICL,46,87,50.0,695.0,34750.0,2024-03-05
2024030501035860,DOLTI,71,71,711.0,365.0,259515.0,2024-03-05
2024030501035859,DOLTI,7,71,109.0,365.0,39785.0,2024-03-05
2024030501035858,DOLTI,19,71,100.0,365.1,36510.0,2024-03-05
2024030501035857,DOLTI,71,71,200.0,366.0,73200.0,2024-03-05
2024030501035856,DOLTI,71,71,300.0,367.0,110100.0,2024-03-05
2024030501035855,DOLTI,46,71,80.0,368.0,29440.0,2024-03-05
2024030504017501,HDHPC,45,6,110.0,143.5,15785.0,2024-03-05
2024030501035854,SHIVM,34,45,114.0,501.0,57114.0,2024-03-05
2024030504017500,JOSHI,45,32,150.0,346.0,51900.0,2024-03-05
2024030501035853,SPC,8,57,75.0,583.0,43725.0,2024-03-05
2024030501035852,NICA,25,39,40.0,416.3,16652.0,2024-03-05
2024030504017499,GLH,58,17,10.0,213.0,2130.0,2024-03-05
2024030501035851,HIDCLP,17,81,250.0,101.0,25250.0,2024-03-05
2024030501035850,HIDCLP,17,8,1740.0,101.0,175740.0,2024-03-05
2024030501035849,HIDCLP,17,42,2000.0,100.9,201800.0,2024-03-05
2024030501035848,HIDCLP,17,13,10.0,100.7,1007.0,2024-03-05
2024030504017498,BPCL,45,47,40.0,309.0,12360.0,2024-03-05
2024030504017497,BPCL,32,47,100.0,309.0,30900.0,2024-03-05
2024030504017496,BPCL,7,47,100.0,309.1,30910.0,2024-03-05
2024030504017495,BPCL,42,47,10.0,310.0,3100.0,2024-03-05
2024030504017494,GHL,57,42,500.0,150.9,75450.0,2024-03-05
2024030503008423,EDBL,41,42,30.0,346.8,10404.0,2024-03-05
2024030501035847,GCIL,26,63,260.0,526.7,136942.0,2024-03-05
2024030501035846,GCIL,26,43,200.0,526.6,105320.0,2024-03-05
2024030501035845,GCIL,26,51,40.0,526.5,21060.0,2024-03-05
2024030504017493,GHL,46,42,65.0,150.9,9808.5,2024-03-05
2024030505006789,NTC,49,14,17.0,845.0,14365.0,2024-03-05
2024030505006788,NTC,49,19,33.0,844.0,27852.0,2024-03-05
2024030501035844,GCIL,28,19,10.0,526.0,5260.0,2024-03-05
2024030501035843,LSL,22,7,60.0,161.9,9714.0,2024-03-05
2024030504017492,UMRH,14,38,60.0,359.0,21540.0,2024-03-05
2024030504017491,UMRH,14,38,100.0,359.0,35900.0,2024-03-05
2024030504017490,UMRH,22,38,100.0,359.0,35900.0,2024-03-05
2024030501035842,KBL,20,38,42.0,142.8,5997.6,2024-03-05
2024030503008422,ALBSL,6,58,10.0,640.0,6400.0,2024-03-05
2024030503008421,ALBSL,6,44,10.0,640.0,6400.0,2024-03-05
2024030501035841,SRLI,44,35,100.0,427.4,42740.0,2024-03-05
2024030501035840,SRLI,4,35,10.0,427.4,4274.0,2024-03-05
2024030504017489,AKPL,49,57,100.0,183.0,18300.0,2024-03-05
2024030501035839,ANLB,82,41,10.0,1888.0,18880.0,2024-03-05
2024030501035838,SAHAS,4,6,100.0,526.0,52600.0,2024-03-05
2024030504017488,RADHI,49,22,200.0,246.2,49240.0,2024-03-05
2024030504017487,API,57,58,10.0,185.9,1859.0,2024-03-05
2024030504017486,API,56,58,40.0,185.9,7436.0,2024-03-05
2024030501035837,MHCL,72,28,200.0,475.2,95040.0,2024-03-05
2024030501035836,MHCL,56,28,153.0,475.2,72705.6,2024-03-05
2024030501035835,SONA,53,50,10.0,492.1,4921.0,2024-03-05
2024030501035834,TPC,77,57,100.0,520.0,52000.0,2024-03-05
2024030504017485,RADHI,49,74,50.0,246.2,12310.0,2024-03-05
2024030504017484,PPCL,39,47,300.0,260.0,78000.0,2024-03-05
2024030501035833,GCIL,47,51,210.0,526.5,110565.0,2024-03-05
2024030501035832,GCIL,47,38,10.0,526.5,5265.0,2024-03-05
2024030501035831,GCIL,47,43,280.0,526.4,147392.0,2024-03-05
2024030504017483,HURJA,33,33,900.0,292.2,262980.0,2024-03-05
2024030504017482,HURJA,45,33,100.0,292.4,29240.0,2024-03-05
2024030501035830,TVCL,14,57,50.0,539.8,26990.0,2024-03-05
2024030501035829,TVCL,14,49,20.0,535.0,10700.0,2024-03-05
2024030501035828,TVCL,14,22,20.0,534.0,10680.0,2024-03-05
2024030501035827,TVCL,14,57,100.0,530.0,53000.0,2024-03-05
2024030501035826,TVCL,14,29,10.0,530.0,5300.0,2024-03-05
2024030503008420,GILB,42,39,30.0,810.9,24327.0,2024-03-05
2024030501035825,MEHL,42,21,10.0,294.7,2947.0,2024-03-05
2024030501035824,ADBL,57,13,34.0,229.0,7786.0,2024-03-05
2024030504017481,RADHI,49,53,213.0,246.2,52440.6,2024-03-05
2024030501035823,HDL,57,44,10.0,1520.0,15200.0,2024-03-05
2024030501035822,HDL,58,44,50.0,1520.0,76000.0,2024-03-05
2024030501035821,HDL,45,44,25.0,1520.0,38000.0,2024-03-05
2024030501035820,HDL,60,44,23.0,1520.0,34960.0,2024-03-05
2024030501035819,HDL,47,44,20.0,1520.0,30400.0,2024-03-05
2024030501035818,HDL,13,44,15.0,1520.0,22800.0,2024-03-05
2024030501035817,HDL,47,44,20.0,1520.0,30400.0,2024-03-05
2024030501035816,HDL,34,44,25.0,1520.0,38000.0,2024-03-05
2024030501035815,TSHL,1,41,520.0,477.0,248040.0,2024-03-05
2024030501035814,NMB,41,49,60.0,180.0,10800.0,2024-03-05
2024030503008419,MLBL,34,4,10.0,319.0,3190.0,2024-03-05
2024030501035813,ADBL,35,13,100.0,229.0,22900.0,2024-03-05
2024030501035812,ADBL,50,13,63.0,229.0,14427.0,2024-03-05
2024030501035811,BGWT,38,34,40.0,576.9,23076.0,2024-03-05
2024030501035810,BGWT,38,56,10.0,576.9,5769.0,2024-03-05
2024030501035809,JBLB,38,51,10.0,1245.0,12450.0,2024-03-05
2024030501035808,NICA,52,34,50.0,416.9,20845.0,2024-03-05
2024030504017480,UPCL,56,42,10.0,212.9,2129.0,2024-03-05
2024030504017479,PRIN,49,38,20.0,730.0,14600.0,2024-03-05
2024030504017478,NICL,7,41,10.0,828.0,8280.0,2024-03-05
2024030501035807,UNLB,33,54,50.0,1222.0,61100.0,2024-03-05
2024030501035806,UNLB,3,54,50.0,1222.1,61105.0,2024-03-05
2024030504017477,SSHL,54,58,150.0,169.9,25485.0,2024-03-05
2024030503008418,SJLIC,45,38,27.0,456.2,12317.4,2024-03-05
2024030503008417,SJLIC,41,38,115.0,457.0,52555.0,2024-03-05
2024030503008416,SJLIC,41,38,25.0,457.0,11425.0,2024-03-05
2024030503008415,SJLIC,34,38,33.0,458.0,15114.0,2024-03-05
2024030503008414,MFIL,38,49,10.0,497.5,4975.0,2024-03-05
2024030504017476,NHDL,32,21,130.0,427.1,55523.0,2024-03-05
2024030504017475,NHDL,22,21,100.0,427.2,42720.0,2024-03-05
2024030504017474,NHDL,22,21,50.0,427.2,21360.0,2024-03-05
2024030501035805,MBJC,45,33,280.0,307.0,85960.0,2024-03-05
2024030501035804,MBJC,3,33,200.0,307.5,61500.0,2024-03-05
2024030501035803,MBJC,45,33,150.0,307.7,46155.0,2024-03-05
2024030501035802,MBJC,39,33,500.0,307.8,153900.0,2024-03-05
2024030501035801,MBJC,3,33,160.0,308.0,49280.0,2024-03-05
2024030501035800,MBJC,20,33,250.0,308.1,77025.0,2024-03-05
2024030501035799,MBJC,49,33,50.0,309.0,15450.0,2024-03-05
2024030505006787,KDBY,22,42,100.0,8.41,841.0,2024-03-05
2024030504017473,HDHPC,57,6,15.0,143.5,2152.5,2024-03-05
2024030504017472,UPPER,53,47,50.0,206.0,10300.0,2024-03-05
2024030505006786,HIDCL,32,7,30.0,174.2,5226.0,2024-03-05
2024030501035798,MKCL,36,45,10.0,943.9,9439.0,2024-03-05
2024030501035797,SONA,45,14,160.0,493.0,78880.0,2024-03-05
2024030501035796,SONA,45,58,10.0,493.0,4930.0,2024-03-05
2024030501035795,SONA,45,59,200.0,493.0,98600.0,2024-03-05
2024030501035794,SONA,45,19,1000.0,493.0,493000.0,2024-03-05
2024030501035793,SONA,45,39,10.0,493.0,4930.0,2024-03-05
2024030501035792,SONA,45,34,10.0,493.0,4930.0,2024-03-05
2024030504017471,NGPL,45,71,54.0,302.0,16308.0,2024-03-05
2024030501035791,SONA,45,47,200.0,493.0,98600.0,2024-03-05
2024030501035790,SONA,45,28,70.0,493.0,34510.0,2024-03-05
2024030501035789,SONA,45,34,10.0,493.0,4930.0,2024-03-05
2024030501035788,SONA,45,14,20.0,492.9,9858.0,2024-03-05
2024030501035787,SONA,45,58,200.0,492.6,98520.0,2024-03-05
2024030501035786,SONA,45,62,100.0,492.5,49250.0,2024-03-05
2024030501035785,SONA,45,54,10.0,492.5,4925.0,2024-03-05
2024030504017470,BARUN,19,32,20.0,248.0,4960.0,2024-03-05
2024030501035784,NRM,36,7,10.0,363.0,3630.0,2024-03-05
2024030504017469,RIDI,36,38,509.0,190.0,96710.0,2024-03-05
2024030501035783,HATHY,56,33,45.0,859.0,38655.0,2024-03-05
2024030501035782,HATHY,4,33,10.0,859.1,8591.0,2024-03-05
2024030505006785,HRL,1,57,20.0,613.5,12270.0,2024-03-05
2024030501035781,DOLTI,56,57,10.0,368.2,3682.0,2024-03-05
2024030501035780,PRVU,42,45,10.0,144.0,1440.0,2024-03-05
2024030501035779,RAWA,70,44,91.0,450.0,40950.0,2024-03-05
2024030501035778,SHIVM,34,42,200.0,501.0,100200.0,2024-03-05
2024030501035777,SHIVM,34,34,160.0,501.0,80160.0,2024-03-05
2024030501035776,NRM,36,34,10.0,363.0,3630.0,2024-03-05
2024030504017468,LEC,45,77,10.0,191.1,1911.0,2024-03-05
2024030503008413,MPFL,45,38,10.0,349.9,3499.0,2024-03-05
2024030501035775,NWCL,58,58,10.0,752.0,7520.0,2024-03-05
2024030504017467,JOSHI,49,32,30.0,346.0,10380.0,2024-03-05
2024030501035774,JBLB,34,7,19.0,1235.0,23465.0,2024-03-05
2024030501035773,JBLB,32,7,20.0,1235.0,24700.0,2024-03-05
2024030501035772,JBLB,40,7,36.0,1235.0,44460.0,2024-03-05
2024030501035771,JBLB,32,7,25.0,1238.0,30950.0,2024-03-05
2024030505006784,HRL,1,3,20.0,613.5,12270.0,2024-03-05
2024030503008412,NADEP,47,34,10.0,518.0,5180.0,2024-03-05
2024030503008411,HLI,28,38,10.0,388.0,3880.0,2024-03-05
2024030503008410,HLI,11,38,49.0,388.5,19036.5,2024-03-05
2024030503008409,HLI,6,38,35.0,388.6,13601.0,2024-03-05
2024030504017466,MEN,16,29,20.0,613.0,12260.0,2024-03-05
2024030501035770,NWCL,32,4,10.0,755.0,7550.0,2024-03-05
2024030501035769,RHGCL,26,44,10.0,296.0,2960.0,2024-03-05
2024030503008408,ALBSL,36,33,10.0,640.0,6400.0,2024-03-05
2024030503008407,SFCL,26,45,347.0,303.0,105141.0,2024-03-05
2024030503008406,SFCL,14,45,100.0,303.0,30300.0,2024-03-05
2024030503008405,SFCL,49,45,90.0,303.0,27270.0,2024-03-05
2024030503008404,GUFL,16,64,105.0,596.3,62611.5,2024-03-05
2024030503008403,GUFL,25,64,20.0,596.5,11930.0,2024-03-05
2024030503008402,GUFL,41,64,50.0,597.0,29850.0,2024-03-05
2024030503008401,GUFL,41,64,325.0,597.0,194025.0,2024-03-05
2024030503008400,SFCL,58,45,50.0,304.0,15200.0,2024-03-05
2024030503008399,NABBC,91,7,10.0,400.0,4000.0,2024-03-05
2024030503008398,JFL,56,54,10.0,370.2,3702.0,2024-03-05
2024030501035768,MEL,62,42,150.0,216.0,32400.0,2024-03-05
2024030501035767,MEL,62,59,1050.0,215.9,226695.0,2024-03-05
2024030501035766,MBL,16,34,10.0,179.5,1795.0,2024-03-05
2024030501035765,MBL,13,34,100.0,179.5,17950.0,2024-03-05
2024030501035764,MBL,51,34,15.0,179.5,2692.5,2024-03-05
2024030503008397,FMDBL,45,48,15.0,584.0,8760.0,2024-03-05
2024030503008396,CBBL,37,25,36.0,816.0,29376.0,2024-03-05
2024030504017465,BARUN,45,32,100.0,248.0,24800.0,2024-03-05
2024030501035763,CYCL,77,44,418.0,1250.0,522500.0,2024-03-05
2024030501035762,CYCL,77,51,60.0,1233.0,73980.0,2024-03-05
2024030501035761,CYCL,77,62,22.0,1232.0,27104.0,2024-03-05
2024030501035760,IHL,58,34,50.0,347.7,17385.0,2024-03-05
2024030501035759,IHL,58,42,10.0,347.0,3470.0,2024-03-05
2024030503008395,SLBBL,33,49,20.0,575.0,11500.0,2024-03-05
2024030501035758,TAMOR,81,49,390.0,379.0,147810.0,2024-03-05
2024030501035757,MKCL,39,42,10.0,944.0,9440.0,2024-03-05
2024030503008394,GUFL,41,56,25.0,597.0,14925.0,2024-03-05
2024030501035756,GCIL,28,6,40.0,526.0,21040.0,2024-03-05
2024030501035755,SPC,8,38,10.0,582.3,5823.0,2024-03-05
2024030505006783,NIFRA,58,87,10.0,207.7,2077.0,2024-03-05
2024030505006782,NIFRA,50,87,170.0,207.7,35309.0,2024-03-05
2024030505006781,NIFRA,49,87,20.0,207.8,4156.0,2024-03-05
2024030503008393,NICLBSL,62,22,10.0,550.0,5500.0,2024-03-05
2024030503008392,NICLBSL,62,42,10.0,547.0,5470.0,2024-03-05
2024030503008391,GUFL,41,41,50.0,597.0,29850.0,2024-03-05
2024030503008390,GUFL,28,41,50.0,597.0,29850.0,2024-03-05
2024030501035754,SONA,53,32,20.0,492.1,9842.0,2024-03-05
2024030501035753,SONA,25,32,80.0,492.1,39368.0,2024-03-05
2024030503008389,NLIC,17,32,30.0,604.9,18147.0,2024-03-05
2024030503008388,NLIC,42,32,10.0,604.9,6049.0,2024-03-05
2024030504017464,KKHC,34,94,200.0,242.9,48580.0,2024-03-05
2024030504017463,UNHPL,25,45,1000.0,245.8,245800.0,2024-03-05
2024030501035752,MBL,22,25,10.0,180.0,1800.0,2024-03-05
2024030501035751,VLUCL,58,22,10.0,533.0,5330.0,2024-03-05
2024030501035750,MHCL,56,28,147.0,475.2,69854.4,2024-03-05
2024030501035749,MHCL,42,28,13.0,475.2,6177.6,2024-03-05
2024030501035748,MHCL,35,28,20.0,475.2,9504.0,2024-03-05
2024030501035747,MHCL,35,28,20.0,475.2,9504.0,2024-03-05
2024030503008387,MLBL,35,68,300.0,318.7,95610.0,2024-03-05
2024030503008386,MLBL,35,68,200.0,318.7,63740.0,2024-03-05
2024030501035746,BNT,59,49,10.0,14800.0,148000.0,2024-03-05
2024030501035745,BNT,14,49,20.0,14801.0,296020.0,2024-03-05
2024030501035744,SNLI,3,58,10.0,588.5,5885.0,2024-03-05
2024030501035743,VLUCL,58,58,90.0,533.0,47970.0,2024-03-05
2024030504017462,DHPL,54,45,100.0,200.0,20000.0,2024-03-05
2024030504017461,UPPER,13,47,100.0,206.0,20600.0,2024-03-05
2024030504017460,UPPER,16,47,240.0,206.0,49440.0,2024-03-05
2024030501035742,MBJC,21,32,100.0,310.0,31000.0,2024-03-05
2024030505006780,ENL,83,35,10.0,765.6,7656.0,2024-03-05
2024030504017459,AKPL,49,6,1587.0,183.0,290421.0,2024-03-05
2024030504017458,AKPL,1,6,10.0,183.0,1830.0,2024-03-05
2024030504017457,AKPL,45,6,20.0,183.0,3660.0,2024-03-05
2024030504017456,AKPL,38,6,150.0,183.0,27450.0,2024-03-05
2024030504017455,AKPL,21,6,100.0,183.0,18300.0,2024-03-05
2024030504017454,AKPL,19,6,500.0,183.0,91500.0,2024-03-05
2024030504017453,AKPL,28,6,50.0,183.0,9150.0,2024-03-05
2024030504017452,AKPL,8,6,30.0,183.0,5490.0,2024-03-05
2024030504017451,AKPL,4,6,200.0,183.0,36600.0,2024-03-05
2024030504017450,AKPL,45,6,50.0,183.0,9150.0,2024-03-05
2024030504017449,AKPL,54,6,100.0,183.0,18300.0,2024-03-05
2024030504017448,AKPL,21,6,10.0,183.0,1830.0,2024-03-05
2024030504017447,AKPL,57,6,100.0,183.0,18300.0,2024-03-05
2024030504017446,AKPL,57,6,43.0,183.0,7869.0,2024-03-05
2024030504017445,AKPL,14,6,50.0,183.1,9155.0,2024-03-05
2024030501035741,MKHL,26,6,10.0,368.0,3680.0,2024-03-05
2024030501035740,MKHL,26,34,10.0,365.8,3658.0,2024-03-05
2024030501035739,MBJC,49,26,50.0,309.2,15460.0,2024-03-05
2024030501035738,MBJC,87,26,200.0,309.2,61840.0,2024-03-05
2024030501035737,MBJC,32,26,20.0,309.2,6184.0,2024-03-05
2024030503008385,RSDC,51,32,100.0,528.0,52800.0,2024-03-05
2024030504017444,SHEL,34,14,10.0,216.9,2169.0,2024-03-05
2024030504017443,UMHL,89,22,150.0,259.0,38850.0,2024-03-05
2024030504017442,AHPC,25,28,500.0,188.5,94250.0,2024-03-05
2024030501035736,SONA,25,45,100.0,492.1,49210.0,2024-03-05
2024030501035735,SNLI,20,45,10.0,588.1,5881.0,2024-03-05
2024030501035734,SNLI,36,45,100.0,588.2,58820.0,2024-03-05
2024030504017441,AKPL,58,10,20.0,183.4,3668.0,2024-03-05
2024030503008384,NMFBS,40,49,10.0,1064.1,10641.0,2024-03-05
2024030501035733,NYADI,52,45,190.0,284.8,54112.0,2024-03-05
2024030504017440,MHNL,33,29,10.0,244.7,2447.0,2024-03-05
2024030504017439,UMRH,14,38,200.0,360.0,72000.0,2024-03-05
2024030501035732,MKHC,47,57,165.0,282.0,46530.0,2024-03-05
2024030504017438,NGPL,57,71,50.0,302.0,15100.0,2024-03-05
2024030501035731,NBL,66,57,500.0,220.0,110000.0,2024-03-05
2024030504017437,NHPC,45,41,337.0,162.3,54695.1,2024-03-05
2024030501035730,BGWT,49,51,50.0,569.1,28455.0,2024-03-05
2024030504017436,AKJCL,58,34,216.0,221.0,47736.0,2024-03-05
2024030504017435,AKJCL,26,34,100.0,221.1,22110.0,2024-03-05
2024030504017434,AKJCL,49,34,1600.0,221.1,353760.0,2024-03-05
2024030504017433,AKJCL,26,34,100.0,221.2,22120.0,2024-03-05
2024030504017432,AKJCL,48,34,40.0,222.0,8880.0,2024-03-05
2024030501035729,SHIVM,47,34,240.0,501.0,120240.0,2024-03-05
2024030504017431,NGPL,55,71,100.0,302.0,30200.0,2024-03-05
2024030504017430,PRIN,72,38,10.0,730.0,7300.0,2024-03-05
2024030504017429,CGH,57,35,50.0,827.0,41350.0,2024-03-05
2024030504017428,CGH,49,35,76.0,827.0,62852.0,2024-03-05
2024030501035728,NICA,6,34,20.0,416.9,8338.0,2024-03-05
2024030501035727,MMKJL,34,38,850.0,412.0,350200.0,2024-03-05
2024030501035726,MMKJL,90,38,30.0,412.1,12363.0,2024-03-05
2024030501035725,MMKJL,90,38,30.0,412.3,12369.0,2024-03-05
2024030501035724,MMKJL,29,38,90.0,413.0,37170.0,2024-03-05
2024030501035723,ILI,57,17,20.0,520.0,10400.0,2024-03-05
2024030501035722,TVCL,38,34,20.0,529.2,10584.0,2024-03-05
2024030503008383,VLBS,36,42,10.0,592.4,5924.0,2024-03-05
2024030503008382,VLBS,36,25,10.0,590.0,5900.0,2024-03-05
2024030504017427,UPCL,28,43,10.0,216.8,2168.0,2024-03-05
2024030501035721,SIKLES,36,50,135.0,471.8,63693.0,2024-03-05
2024030501035720,SIKLES,58,50,200.0,472.1,94420.0,2024-03-05
2024030501035719,SIKLES,21,50,500.0,473.0,236500.0,2024-03-05
2024030501035718,SIKLES,75,50,120.0,475.0,57000.0,2024-03-05
2024030501035717,SIKLES,49,50,45.0,475.1,21379.5,2024-03-05
2024030503008381,GLBSL,38,8,22.0,921.1,20264.2,2024-03-05
2024030501035716,PHCL,7,49,10.0,308.0,3080.0,2024-03-05
2024030503008380,SADBL,56,37,75.0,297.0,22275.0,2024-03-05
2024030503008379,SADBL,56,58,430.0,297.0,127710.0,2024-03-05
2024030501035715,GCIL,17,43,20.0,526.4,10528.0,2024-03-05
2024030503008378,SABSL,49,37,10.0,579.0,5790.0,2024-03-05
2024030501035714,SNLI,20,38,10.0,588.1,5881.0,2024-03-05
2024030503008377,FOWAD,33,38,158.0,1006.0,158948.0,2024-03-05
2024030503008376,FOWAD,55,38,33.0,1006.2,33204.6,2024-03-05
2024030503008375,FOWAD,28,38,25.0,1006.3,25157.5,2024-03-05
2024030504017426,UNHPL,70,22,200.0,245.0,49000.0,2024-03-05
2024030501035713,VLUCL,62,58,10.0,534.0,5340.0,2024-03-05
2024030501035712,VLUCL,62,56,10.0,533.2,5332.0,2024-03-05
2024030504017425,NGPL,42,71,10.0,302.0,3020.0,2024-03-05
2024030501035711,SAHAS,55,53,400.0,525.0,210000.0,2024-03-05
2024030501035710,SAHAS,14,53,100.0,525.1,52510.0,2024-03-05
2024030501035709,VLUCL,58,26,338.0,533.0,180154.0,2024-03-05
2024030501035708,NRM,34,35,500.0,364.0,182000.0,2024-03-05
2024030501035707,NRM,34,17,300.0,364.0,109200.0,2024-03-05
2024030501035706,SGHC,77,29,306.0,314.0,96084.0,2024-03-05
2024030501035705,SGHC,77,33,10.0,312.5,3125.0,2024-03-05
2024030501035704,SGHC,77,41,184.0,312.0,57408.0,2024-03-05
2024030501035703,SGHC,77,22,100.0,308.9,30890.0,2024-03-05
2024030503008374,NLIC,45,26,10.0,605.0,6050.0,2024-03-05
2024030503008373,JBBL,20,51,160.0,291.1,46576.0,2024-03-05
2024030503008372,JBBL,20,45,40.0,291.0,11640.0,2024-03-05
2024030504017424,API,56,34,1147.0,185.9,213227.3,2024-03-05
2024030504017423,API,58,34,30.0,185.9,5577.0,2024-03-05
2024030501035702,NICA,43,34,16.0,416.9,6670.4,2024-03-05
2024030501035701,RFPL,49,35,50.0,335.0,16750.0,2024-03-05
2024030504017422,UMRH,48,44,100.0,360.0,36000.0,2024-03-05
2024030504017421,SALICO,44,49,10.0,652.5,6525.0,2024-03-05
2024030501035700,NBL,41,49,50.0,221.0,11050.0,2024-03-05
2024030504017420,UPPER,16,41,250.0,206.0,51500.0,2024-03-05
2024030503008371,EDBL,41,42,15.0,346.8,5202.0,2024-03-05
2024030503008370,EDBL,41,1,15.0,345.0,5175.0,2024-03-05
2024030504017419,NGPL,16,71,200.0,302.0,60400.0,2024-03-05
2024030504017418,BARUN,63,32,2000.0,248.0,496000.0,2024-03-05
2024030504017417,BARUN,47,32,30.0,248.0,7440.0,2024-03-05
2024030503008369,JBBL,40,51,24.0,290.7,6976.8,2024-03-05
2024030504017416,JOSHI,34,32,500.0,346.0,173000.0,2024-03-05
2024030503008368,KMCDB,34,33,200.0,659.5,131900.0,2024-03-05
2024030501035699,HATHY,65,13,20.0,859.9,17198.0,2024-03-05
2024030503008367,CORBL,69,69,10.0,410.0,4100.0,2024-03-05
2024030501035698,BNL,47,54,10.0,20962.0,209620.0,2024-03-05
2024030501035697,BNL,47,32,10.0,20961.6,209616.0,2024-03-05
2024030501035696,BNL,47,57,10.0,20961.6,209616.0,2024-03-05
2024030501035695,CLI,34,58,10.0,433.2,4332.0,2024-03-05
2024030503008366,KRBL,38,7,10.0,360.0,3600.0,2024-03-05
2024030504017415,AKPL,49,10,88.0,183.5,16148.0,2024-03-05
2024030501035694,JBLB,32,57,75.0,1238.0,92850.0,2024-03-05
2024030504017414,UPCL,35,43,10.0,216.8,2168.0,2024-03-05
2024030504017413,UPCL,35,32,10.0,216.0,2160.0,2024-03-05
2024030503008365,SAPDBL,44,35,57.0,245.0,13965.0,2024-03-05
2024030503008364,SAPDBL,70,35,150.0,245.0,36750.0,2024-03-05
2024030503008363,SAPDBL,1,35,100.0,245.0,24500.0,2024-03-05
2024030503008362,SAPDBL,34,35,300.0,246.5,73950.0,2024-03-05
2024030503008361,SAPDBL,29,35,193.0,247.0,47671.0,2024-03-05
2024030503008360,SAPDBL,26,35,50.0,247.0,12350.0,2024-03-05
2024030503008359,SAPDBL,1,35,150.0,247.2,37080.0,2024-03-05
2024030501035693,NICA,16,34,10.0,416.9,4169.0,2024-03-05
2024030501035692,CLI,34,36,10.0,433.2,4332.0,2024-03-05
2024030501035691,CLI,34,56,100.0,433.2,43320.0,2024-03-05
2024030501035690,RNLI,46,34,80.0,432.0,34560.0,2024-03-05
2024030501035689,RNLI,28,34,80.0,432.0,34560.0,2024-03-05
2024030501035688,RNLI,36,34,10.0,432.0,4320.0,2024-03-05
2024030501035687,RNLI,4,34,50.0,432.0,21600.0,2024-03-05
2024030501035686,RNLI,57,34,20.0,432.0,8640.0,2024-03-05
2024030501035685,RNLI,34,34,50.0,432.0,21600.0,2024-03-05
2024030501035684,RNLI,48,34,40.0,432.0,17280.0,2024-03-05
2024030501035683,RNLI,33,34,34.0,432.0,14688.0,2024-03-05
2024030501035682,RNLI,57,34,20.0,432.0,8640.0,2024-03-05
2024030501035681,RNLI,52,34,10.0,432.0,4320.0,2024-03-05
2024030501035680,NWCL,19,25,50.0,750.1,37505.0,2024-03-05
2024030501035679,NWCL,58,25,40.0,750.2,30008.0,2024-03-05
2024030501035678,GCIL,28,45,50.0,526.0,26300.0,2024-03-05
2024030501035677,BHL,55,19,100.0,336.0,33600.0,2024-03-05
2024030501035676,SMJC,14,19,50.0,381.0,19050.0,2024-03-05
2024030501035675,DORDI,58,52,292.0,461.1,134641.2,2024-03-05
2024030501035674,DORDI,77,52,20.0,461.6,9232.0,2024-03-05
2024030501035673,DORDI,77,52,58.0,462.1,26801.8,2024-03-05
2024030501035672,DORDI,77,52,20.0,463.1,9262.0,2024-03-05
2024030501035671,DORDI,77,52,10.0,464.3,4643.0,2024-03-05
2024030505006779,BBC,17,5,10.0,3801.0,38010.0,2024-03-05
2024030504017412,LEC,6,77,100.0,191.1,19110.0,2024-03-05
2024030504017411,BPCL,49,29,20.0,311.0,6220.0,2024-03-05
2024030503008358,ALICL,49,62,50.0,549.0,27450.0,2024-03-05
2024030503008357,ALICL,38,62,40.0,549.0,21960.0,2024-03-05
2024030503008356,ALICL,72,62,61.0,550.0,33550.0,2024-03-05
2024030504017410,SGIC,57,43,150.0,506.2,75930.0,2024-03-05
2024030504017409,SGIC,57,39,50.0,506.2,25310.0,2024-03-05
2024030503008355,SWBBL,46,58,200.0,685.1,137020.0,2024-03-05
2024030503008354,SWBBL,52,58,20.0,685.1,13702.0,2024-03-05
2024030503008353,SWBBL,35,58,157.0,686.0,107702.0,2024-03-05
2024030503008352,SWBBL,33,58,2000.0,686.1,1372200.0,2024-03-05
2024030503008351,SWBBL,52,58,20.0,687.0,13740.0,2024-03-05
2024030503008350,SWBBL,54,58,100.0,699.7,69970.0,2024-03-05
2024030501035670,ILI,35,17,20.0,520.0,10400.0,2024-03-05
2024030503008349,SJLIC,34,4,50.0,459.8,22990.0,2024-03-05
2024030504017408,AKJCL,48,38,60.0,222.0,13320.0,2024-03-05
2024030501035669,NABIL,49,34,2.0,445.0,890.0,2024-03-05
2024030501035668,NABIL,51,34,20.0,445.0,8900.0,2024-03-05
2024030503008348,PROFL,13,22,28.0,308.0,8624.0,2024-03-05
2024030503008347,PROFL,1,22,72.0,308.0,22176.0,2024-03-05
2024030501035667,SONA,25,37,10.0,492.1,4921.0,2024-03-05
2024030501035666,SMH,84,5,20.0,676.9,13538.0,2024-03-05
2024030504017407,UPPER,45,11,260.0,207.9,54054.0,2024-03-05
2024030504017406,UPPER,45,17,10.0,207.9,2079.0,2024-03-05
2024030504017405,UPPER,45,52,40.0,207.5,8300.0,2024-03-05
2024030501035665,TSHL,1,18,480.0,477.0,228960.0,2024-03-05
2024030501035664,TSHL,6,18,20.0,477.5,9550.0,2024-03-05
2024030505006778,NIFRA,56,29,111.0,208.0,23088.0,2024-03-05
2024030504017404,SSHL,21,58,10.0,169.9,1699.0,2024-03-05
2024030501035663,MKCL,59,38,100.0,939.0,93900.0,2024-03-05
2024030501035662,MKCL,39,38,10.0,940.0,9400.0,2024-03-05
2024030501035661,GBIME,33,57,100.0,186.1,18610.0,2024-03-05
2024030501035660,DORDI,77,35,10.0,464.3,4643.0,2024-03-05
2024030501035659,CLI,42,32,10.0,433.1,4331.0,2024-03-05
2024030504017403,API,26,34,10.0,185.9,1859.0,2024-03-05
2024030504017402,PMHPL,29,4,100.0,246.5,24650.0,2024-03-05
2024030505006777,NRIC,53,48,187.0,742.4,138828.8,2024-03-05
2024030505006776,NRIC,52,48,20.0,742.4,14848.0,2024-03-05
2024030501035658,MEHL,13,29,337.0,290.0,97730.0,2024-03-05
2024030501035657,MEHL,32,29,250.0,290.0,72500.0,2024-03-05
2024030501035656,MEHL,17,29,413.0,290.1,119811.3,2024-03-05
2024030501035655,SONA,25,34,10.0,492.1,4921.0,2024-03-05
2024030501035654,HATHY,65,25,50.0,859.0,42950.0,2024-03-05
2024030503008346,ALICL,72,33,189.0,550.0,103950.0,2024-03-05
2024030501035653,MEL,45,42,500.0,216.0,108000.0,2024-03-05
2024030501035652,PRVU,59,44,39.0,143.9,5612.1,2024-03-05
2024030501035651,PRVU,59,41,38.0,143.5,5453.0,2024-03-05
2024030501035650,PRVU,59,46,10.0,143.4,1434.0,2024-03-05
2024030501035649,SANIMA,54,3,100.0,238.0,23800.0,2024-03-05
2024030504017401,BARUN,47,47,327.0,248.0,81096.0,2024-03-05
2024030501035648,TVCL,38,47,20.0,529.2,10584.0,2024-03-05
2024030504017400,NGPL,43,71,1000.0,302.0,302000.0,2024-03-05
2024030503008345,SFCL,49,52,10.0,303.0,3030.0,2024-03-05
2024030505006775,NIFRA,5,29,213.0,208.0,44304.0,2024-03-05
2024030505006774,NIFRA,5,55,87.0,208.0,18096.0,2024-03-05
2024030501035647,KBSH,38,57,50.0,950.0,47500.0,2024-03-05
2024030504017399,RIDI,36,57,10.0,190.0,1900.0,2024-03-05
2024030504017398,NGPL,36,71,100.0,302.0,30200.0,2024-03-05
2024030504017397,NGPL,64,71,50.0,302.0,15100.0,2024-03-05
2024030504017396,NGPL,38,71,200.0,302.0,60400.0,2024-03-05
2024030504017395,NGPL,38,71,100.0,302.0,30200.0,2024-03-05
2024030504017394,NGPL,41,71,100.0,302.0,30200.0,2024-03-05
2024030504017393,NGPL,46,71,400.0,302.0,120800.0,2024-03-05
2024030504017392,NGPL,41,71,100.0,302.0,30200.0,2024-03-05
2024030504017391,NGPL,3,71,136.0,302.0,41072.0,2024-03-05
2024030504017390,NGPL,58,71,400.0,302.2,120880.0,2024-03-05
2024030504017389,NHPC,45,46,38.0,162.3,6167.4,2024-03-05
2024030504017388,NHPC,16,46,2859.0,162.3,464015.7,2024-03-05
2024030504017387,NHPC,51,46,615.0,162.4,99876.0,2024-03-05
2024030504017386,NHPC,55,46,100.0,162.4,16240.0,2024-03-05
2024030504017385,NHPC,58,46,388.0,162.5,63050.0,2024-03-05
2024030501035646,BPW,71,51,40.0,1177.3,47092.0,2024-03-05
2024030501035645,MBJC,34,32,490.0,310.0,151900.0,2024-03-05
2024030501035644,MBJC,34,1,10.0,310.0,3100.0,2024-03-05
2024030501035643,TAMOR,82,81,1000.0,380.0,380000.0,2024-03-05
2024030501035642,TAMOR,56,81,100.0,380.1,38010.0,2024-03-05
2024030501035641,GVL,16,69,100.0,428.0,42800.0,2024-03-05
2024030501035640,GVL,14,69,10.0,428.0,4280.0,2024-03-05
2024030501035639,SRLI,4,56,10.0,427.4,4274.0,2024-03-05
2024030501035638,MEL,44,42,70.0,216.0,15120.0,2024-03-05
2024030501035637,SHIVM,47,38,170.0,501.0,85170.0,2024-03-05
2024030505006773,NRN,22,42,100.0,541.0,54100.0,2024-03-05
2024030503008344,GFCL,53,45,10.0,437.6,4376.0,2024-03-05
2024030503008343,GFCL,53,45,10.0,437.5,4375.0,2024-03-05
2024030503008342,GFCL,53,45,10.0,437.4,4374.0,2024-03-05
2024030503008341,GFCL,53,17,100.0,435.0,43500.0,2024-03-05
2024030503008340,GFCL,53,32,70.0,433.0,30310.0,2024-03-05
2024030503008339,GFCL,53,58,200.0,432.0,86400.0,2024-03-05
2024030504017384,AKJCL,58,38,50.0,222.0,11100.0,2024-03-05
2024030505006772,NRN,82,13,100.0,542.0,54200.0,2024-03-05
2024030501035636,GCIL,28,32,150.0,526.0,78900.0,2024-03-05
2024030501035635,GCIL,28,56,110.0,526.0,57860.0,2024-03-05
2024030501035634,GCIL,28,69,100.0,525.9,52590.0,2024-03-05
2024030501035633,CYCL,77,62,22.0,1232.0,27104.0,2024-03-05
2024030501035632,CYCL,77,62,50.0,1232.0,61600.0,2024-03-05
2024030501035631,CYCL,77,62,200.0,1232.0,246400.0,2024-03-05
2024030501035630,CYCL,77,51,27.0,1228.0,33156.0,2024-03-05
2024030501035629,CYCL,77,40,400.0,1228.0,491200.0,2024-03-05
2024030501035628,CYCL,77,44,50.0,1228.0,61400.0,2024-03-05
2024030501035627,CYCL,77,58,10.0,1228.0,12280.0,2024-03-05
2024030501035626,CYCL,77,42,10.0,1228.0,12280.0,2024-03-05
2024030501035625,CYCL,77,41,100.0,1228.0,122800.0,2024-03-05
2024030501035624,CYCL,77,3,100.0,1227.0,122700.0,2024-03-05
2024030501035623,CYCL,77,22,50.0,1225.0,61250.0,2024-03-05
2024030501035622,CYCL,77,38,200.0,1224.0,244800.0,2024-03-05
2024030501035621,CYCL,77,10,20.0,1224.0,24480.0,2024-03-05
2024030501035620,CYCL,77,34,200.0,1223.0,244600.0,2024-03-05
2024030501035619,CYCL,77,52,331.0,1219.0,403489.0,2024-03-05
2024030501035618,CYCL,77,6,42.0,1218.9,51193.8,2024-03-05
2024030501035617,CYCL,77,21,20.0,1217.8,24356.0,2024-03-05
2024030501035616,CYCL,77,17,10.0,1215.0,12150.0,2024-03-05
2024030501035615,CYCL,77,34,20.0,1215.0,24300.0,2024-03-05
2024030501035614,CYCL,77,52,50.0,1214.0,60700.0,2024-03-05
2024030501035613,CYCL,77,42,93.0,1212.7,112781.1,2024-03-05
2024030501035612,CYCL,77,26,13.0,1212.0,15756.0,2024-03-05
2024030501035611,CYCL,77,56,13.0,1212.0,15756.0,2024-03-05
2024030501035610,CYCL,77,45,30.0,1210.0,36300.0,2024-03-05
2024030501035609,CYCL,77,56,33.0,1210.0,39930.0,2024-03-05
2024030501035608,CYCL,77,58,10.0,1210.0,12100.0,2024-03-05
2024030501035607,CYCL,77,58,13.0,1210.0,15730.0,2024-03-05
2024030501035606,CYCL,77,53,30.0,1209.2,36276.0,2024-03-05
2024030501035605,CYCL,77,22,20.0,1209.0,24180.0,2024-03-05
2024030501035604,CYCL,77,51,10.0,1209.0,12090.0,2024-03-05
2024030501035603,CYCL,77,29,10.0,1208.9,12089.0,2024-03-05
2024030501035602,CYCL,77,59,100.0,1201.6,120160.0,2024-03-05
2024030501035601,CYCL,77,38,100.0,1201.0,120100.0,2024-03-05
2024030501035600,CYCL,77,43,13.0,1199.0,15587.0,2024-03-05
2024030503008338,ICFC,45,40,10.0,484.0,4840.0,2024-03-05
2024030501035599,TPC,3,57,100.0,520.0,52000.0,2024-03-05
2024030501035598,PCBL,43,39,20.0,189.1,3782.0,2024-03-05
2024030501035597,PCBL,22,39,200.0,189.1,37820.0,2024-03-05
2024030501035596,PCBL,7,39,80.0,189.5,15160.0,2024-03-05
2024030501035595,CZBIL,42,49,29.0,166.0,4814.0,2024-03-05
2024030505006771,NICFC,38,42,100.0,8.5,850.0,2024-03-05
2024030504017383,RIDI,36,3,150.0,190.0,28500.0,2024-03-05
2024030504017382,RIDI,36,28,1000.0,190.0,190000.0,2024-03-05
2024030504017381,RIDI,36,72,775.0,190.0,147250.0,2024-03-05
2024030504017380,RIDI,36,20,1556.0,189.9,295484.4,2024-03-05
2024030504017379,AHPC,42,28,100.0,189.8,18980.0,2024-03-05
2024030504017378,AHPC,35,28,34.0,189.8,6453.2,2024-03-05
2024030504017377,LEC,14,77,1000.0,191.1,191100.0,2024-03-05
2024030504017376,LEC,57,77,200.0,191.1,38220.0,2024-03-05
2024030504017375,GHL,34,42,80.0,150.9,12072.0,2024-03-05
2024030503008337,GILB,45,62,10.0,810.0,8100.0,2024-03-05
2024030501035594,TPC,34,57,50.0,520.0,26000.0,2024-03-05
2024030504017374,JOSHI,56,32,100.0,346.0,34600.0,2024-03-05
2024030503008336,MLBSL,5,42,10.0,1619.9,16199.0,2024-03-05
2024030503008335,CBBL,33,25,50.0,816.0,40800.0,2024-03-05
2024030505006770,SMATA,42,26,60.0,599.0,35940.0,2024-03-05
2024030505006769,SMATA,42,14,10.0,598.1,5981.0,2024-03-05
2024030505006768,SMATA,42,36,10.0,598.0,5980.0,2024-03-05
2024030501035593,CKHL,58,13,20.0,600.0,12000.0,2024-03-05
2024030501035592,SBI,26,39,100.0,286.4,28640.0,2024-03-05
2024030504017373,GHL,54,42,100.0,150.9,15090.0,2024-03-05
2024030501035591,IHL,34,62,10.0,347.0,3470.0,2024-03-05
2024030504017372,HPPL,42,17,70.0,269.2,18844.0,2024-03-05
2024030504017371,HPPL,40,17,30.0,269.3,8079.0,2024-03-05
2024030501035590,SHIVM,47,29,90.0,501.0,45090.0,2024-03-05
2024030504017370,MEN,49,43,50.0,610.5,30525.0,2024-03-05
2024030501035589,SONA,34,11,50.0,492.0,24600.0,2024-03-05
2024030504017369,RHPL,14,48,190.0,280.0,53200.0,2024-03-05
2024030504017368,RHPL,14,29,10.0,280.0,2800.0,2024-03-05
2024030504017367,MEN,49,1,11.0,610.5,6715.5,2024-03-05
2024030505006767,CMF2,43,49,103.0,7.69,792.07,2024-03-05
2024030501035588,TAMOR,46,49,50.0,382.0,19100.0,2024-03-05
2024030501035587,TAMOR,56,49,100.0,382.2,38220.0,2024-03-05
2024030501035586,TAMOR,38,49,50.0,382.2,19110.0,2024-03-05
2024030501035585,TAMOR,22,49,50.0,382.6,19130.0,2024-03-05
2024030501035584,TVCL,57,29,10.0,530.0,5300.0,2024-03-05
2024030504017366,UAIL,42,38,17.0,531.4,9033.8,2024-03-05
2024030505006766,HIDCL,91,42,727.0,174.0,126498.0,2024-03-05
2024030505006765,HIDCL,42,42,500.0,174.0,87000.0,2024-03-05
2024030505006764,HIDCL,41,42,38.0,174.0,6612.0,2024-03-05
2024030503008334,GRDBL,33,32,90.0,348.0,31320.0,2024-03-05
2024030503008333,GRDBL,14,32,20.0,348.0,6960.0,2024-03-05
2024030503008332,GRDBL,11,32,90.0,349.5,31455.0,2024-03-05
2024030503008331,GRDBL,35,32,100.0,350.0,35000.0,2024-03-05
2024030501035583,RAWA,70,25,110.0,450.0,49500.0,2024-03-05
2024030501035582,RAWA,42,25,90.0,451.0,40590.0,2024-03-05
2024030504017365,HEI,50,59,192.0,549.8,105561.6,2024-03-05
2024030504017364,HEI,57,59,320.0,550.0,176000.0,2024-03-05
2024030504017363,HEI,45,59,488.0,550.1,268448.8,2024-03-05
2024030501035581,SHIVM,8,29,100.0,501.0,50100.0,2024-03-05
2024030503008330,NUBL,34,45,10.0,614.8,6148.0,2024-03-05
2024030501035580,SONA,34,56,100.0,492.0,49200.0,2024-03-05
2024030501035579,SONA,34,21,406.0,492.0,199752.0,2024-03-05
2024030501035578,MEHL,52,21,10.0,294.7,2947.0,2024-03-05
2024030504017362,HEI,42,26,10.0,552.0,5520.0,2024-03-05
2024030504017361,GLH,57,48,1000.0,214.0,214000.0,2024-03-05
2024030504017360,UPCL,56,38,49.0,212.9,10432.1,2024-03-05
2024030504017359,UPCL,10,38,79.0,212.9,16819.1,2024-03-05
2024030504017358,RIDI,41,20,344.0,189.9,65325.6,2024-03-05
2024030503008329,GUFL,28,51,50.0,597.0,29850.0,2024-03-05
2024030501035577,NESDO,58,38,10.0,1565.0,15650.0,2024-03-05
2024030501035576,SPHL,58,49,10.0,465.3,4653.0,2024-03-05
2024030505006763,HRL,22,55,30.0,613.6,18408.0,2024-03-05
2024030504017357,UMRH,45,38,300.0,362.0,108600.0,2024-03-05
2024030504017356,JOSHI,8,32,100.0,346.0,34600.0,2024-03-05
2024030501035575,SNLI,20,34,10.0,588.1,5881.0,2024-03-05
2024030505006762,HRL,22,52,10.0,613.6,6136.0,2024-03-05
2024030503008328,NICLBSL,46,6,26.0,543.2,14123.2,2024-03-05
2024030505006761,HRL,49,58,10.0,614.0,6140.0,2024-03-05
2024030504017355,RADHI,16,57,100.0,246.0,24600.0,2024-03-05
2024030501035574,CKHL,58,45,10.0,604.0,6040.0,2024-03-05
2024030503008327,FOWAD,55,34,10.0,1013.0,10130.0,2024-03-05
2024030503008326,CORBL,69,69,10.0,410.0,4100.0,2024-03-05
2024030501035573,NABIL,57,45,10.0,445.0,4450.0,2024-03-05
2024030505006760,HRL,1,3,10.0,613.5,6135.0,2024-03-05
2024030503008325,MFIL,42,18,10.0,496.0,4960.0,2024-03-05
2024030503008324,KMCDB,34,33,500.0,659.5,329750.0,2024-03-05
2024030504017354,PPCL,34,25,10.0,262.9,2629.0,2024-03-05
2024030501035572,HATHY,71,17,31.0,859.1,26632.1,2024-03-05
2024030504017353,SHPC,5,42,10.0,346.0,3460.0,2024-03-05
2024030504017352,SHPC,5,41,20.0,345.5,6910.0,2024-03-05
2024030501035571,NIMB,43,44,58.0,164.0,9512.0,2024-03-05
2024030501035570,NIMB,43,36,300.0,164.0,49200.0,2024-03-05
2024030501035569,NIMB,43,41,142.0,164.0,23288.0,2024-03-05
2024030501035568,NIMB,43,57,500.0,163.9,81950.0,2024-03-05
2024030504017351,SPDL,19,52,204.0,252.0,51408.0,2024-03-05
2024030504017350,SPDL,35,52,196.0,252.0,49392.0,2024-03-05
2024030501035567,KBL,57,38,50.0,142.8,7140.0,2024-03-05
2024030501035566,NBL,36,49,10.0,221.0,2210.0,2024-03-05
2024030501035565,NBL,36,44,490.0,221.0,108290.0,2024-03-05
2024030501035564,NWCL,58,22,10.0,750.2,7502.0,2024-03-05
2024030501035563,UHEWA,19,64,26.0,339.5,8827.0,2024-03-05
2024030501035562,UHEWA,41,64,60.0,340.1,20406.0,2024-03-05
2024030501035561,UHEWA,41,64,100.0,340.1,34010.0,2024-03-05
2024030501035560,UHEWA,41,64,100.0,340.2,34020.0,2024-03-05
2024030501035559,UHEWA,41,64,50.0,340.3,17015.0,2024-03-05
2024030501035558,UHEWA,63,64,74.0,340.5,25197.0,2024-03-05
2024030501035557,UHEWA,34,64,10.0,341.0,3410.0,2024-03-05
2024030501035556,SAHAS,14,6,150.0,526.0,78900.0,2024-03-05
2024030501035555,MKHC,47,4,335.0,282.0,94470.0,2024-03-05
2024030501035554,MKHC,21,4,50.0,282.1,14105.0,2024-03-05
2024030503008323,KLBSL,32,37,15.0,795.0,11925.0,2024-03-05
2024030504017349,RADHI,42,45,20.0,246.5,4930.0,2024-03-05
2024030501035553,SHIVM,42,45,45.0,500.2,22509.0,2024-03-05
2024030504017348,AKPL,58,5,343.0,183.2,62837.6,2024-03-05
2024030504017347,AKPL,48,5,30.0,183.4,5502.0,2024-03-05
2024030503008322,EDBL,56,49,50.0,342.2,17110.0,2024-03-05
2024030505006759,NIFRA,50,42,54.0,207.7,11215.8,2024-03-05
2024030501035552,RHGCL,64,22,199.0,295.0,58705.0,2024-03-05
2024030505006758,NIFRA,37,55,113.0,208.0,23504.0,2024-03-05
2024030505006757,NIFRA,37,40,887.0,208.0,184496.0,2024-03-05
2024030504017346,SJCL,4,28,250.0,278.1,69525.0,2024-03-05
2024030504017345,NGPL,3,74,64.0,302.0,19328.0,2024-03-05
2024030504017344,NGPL,22,74,300.0,302.0,90600.0,2024-03-05
2024030504017343,NGPL,10,74,500.0,302.0,151000.0,2024-03-05
2024030504017342,NGPL,35,74,200.0,302.0,60400.0,2024-03-05
2024030504017341,NGPL,28,74,500.0,302.0,151000.0,2024-03-05
2024030504017340,NGPL,16,74,200.0,302.1,60420.0,2024-03-05
2024030504017339,NGPL,38,74,947.0,302.1,286088.7,2024-03-05
2024030504017338,NGPL,36,74,289.0,302.4,87393.6,2024-03-05
2024030501035551,BGWT,34,56,90.0,576.9,51921.0,2024-03-05
2024030501035550,SHIVM,5,29,300.0,501.0,150300.0,2024-03-05
2024030504017337,BARUN,47,63,200.0,248.0,49600.0,2024-03-05
2024030503008321,GBLBS,51,48,50.0,530.0,26500.0,2024-03-05
2024030504017336,AKJCL,34,42,12.0,222.0,2664.0,2024-03-05
2024030505006756,HRL,44,29,353.0,615.0,217095.0,2024-03-05
2024030505006755,HRL,44,74,500.0,614.9,307450.0,2024-03-05
2024030505006754,HRL,44,14,127.0,614.9,78092.3,2024-03-05
2024030505006753,HRL,44,35,10.0,614.3,6143.0,2024-03-05
2024030505006752,HRL,44,58,10.0,614.0,6140.0,2024-03-05
2024030501035549,SNLI,20,53,10.0,588.1,5881.0,2024-03-05
2024030505006751,HRL,53,26,315.0,613.6,193284.0,2024-03-05
2024030501035548,SONA,34,38,10.0,492.0,4920.0,2024-03-05
2024030501035547,SONA,34,49,10.0,492.0,4920.0,2024-03-05
2024030501035546,SONA,34,44,110.0,492.0,54120.0,2024-03-05
2024030501035545,SONA,34,59,74.0,492.0,36408.0,2024-03-05
2024030505006750,CHDC,10,18,100.0,955.0,95500.0,2024-03-05
2024030505006749,CHDC,10,21,50.0,954.9,47745.0,2024-03-05
2024030503008320,NUBL,18,44,50.0,610.0,30500.0,2024-03-05
2024030501035544,SPC,8,38,15.0,582.3,8734.5,2024-03-05
2024030505006748,NRIC,33,42,171.0,742.3,126933.3,2024-03-05
2024030503008319,CBBL,4,25,10.0,816.0,8160.0,2024-03-05
2024030504017335,CHCL,55,16,100.0,465.0,46500.0,2024-03-05
2024030501035543,JBLB,40,7,24.0,1235.0,29640.0,2024-03-05
2024030501035542,JBLB,35,7,16.0,1235.0,19760.0,2024-03-05
2024030501035541,JBLB,44,7,30.0,1235.1,37053.0,2024-03-05
2024030501035540,JBLB,39,7,10.0,1235.2,12352.0,2024-03-05
2024030501035539,JBLB,39,7,10.0,1235.3,12353.0,2024-03-05
2024030504017334,SGIC,34,13,20.0,504.1,10082.0,2024-03-05
2024030501035538,PHCL,58,53,30.0,310.0,9300.0,2024-03-05
2024030501035537,PHCL,58,49,10.0,310.0,3100.0,2024-03-05
2024030501035536,PHCL,58,38,10.0,310.0,3100.0,2024-03-05
2024030501035535,PHCL,58,58,10.0,309.5,3095.0,2024-03-05
2024030501035534,PHCL,58,47,20.0,309.0,6180.0,2024-03-05
2024030501035533,PHCL,58,28,70.0,308.0,21560.0,2024-03-05
2024030501035532,PCBL,19,29,150.0,190.0,28500.0,2024-03-05
2024030501035531,SANIMA,45,3,10.0,238.0,2380.0,2024-03-05
2024030504017333,NHPC,58,59,112.0,162.5,18200.0,2024-03-05
2024030504017332,GLH,14,48,200.0,214.0,42800.0,2024-03-05
2024030505006747,HRL,8,26,370.0,613.6,227032.0,2024-03-05
2024030505006746,HRL,25,26,10.0,613.7,6137.0,2024-03-05
2024030505006745,RMF1,42,5,1400.0,7.77,10878.0,2024-03-05
2024030501035530,NABIL,58,25,60.0,444.0,26640.0,2024-03-05
2024030501035529,NABIL,49,25,65.0,444.0,28860.0,2024-03-05
2024030503008318,HLI,58,55,100.0,388.7,38870.0,2024-03-05
2024030501035528,HHL,34,57,150.0,329.0,49350.0,2024-03-05
2024030501035527,ILI,52,17,17.0,520.0,8840.0,2024-03-05
2024030501035526,ILI,52,38,10.0,520.0,5200.0,2024-03-05
2024030501035525,ILI,52,54,10.0,520.0,5200.0,2024-03-05
2024030501035524,ILI,52,48,63.0,520.0,32760.0,2024-03-05
2024030504017331,GHL,33,29,1379.0,151.0,208229.0,2024-03-05
2024030504017330,GHL,33,44,1621.0,151.0,244771.0,2024-03-05
2024030504017329,GLH,38,40,80.0,213.9,17112.0,2024-03-05
2024030505006744,HRL,45,41,100.0,614.0,61400.0,2024-03-05
2024030504017328,API,57,59,10.0,185.8,1858.0,2024-03-05
2024030503008317,RSDC,50,34,20.0,524.5,10490.0,2024-03-05
2024030501035523,SONA,19,34,10.0,491.3,4913.0,2024-03-05
2024030503008316,NLBBL,49,6,25.0,516.0,12900.0,2024-03-05
2024030505006743,PSF,32,84,8000.0,8.6,68800.0,2024-03-05
2024030501035522,SGHC,56,41,16.0,312.0,4992.0,2024-03-05
2024030501035521,SGHC,56,55,34.0,309.0,10506.0,2024-03-05
2024030504017327,CGH,49,34,14.0,827.0,11578.0,2024-03-05
2024030501035520,NIMB,44,43,49.0,163.2,7996.8,2024-03-05
2024030501035519,NIMB,40,43,300.0,163.2,48960.0,2024-03-05
2024030501035518,NIMB,57,43,100.0,163.2,16320.0,2024-03-05
2024030501035517,NIMB,11,43,10.0,163.3,1633.0,2024-03-05
2024030501035516,NIMB,57,43,10.0,163.4,1634.0,2024-03-05
2024030501035515,NIMB,14,43,30.0,163.4,4902.0,2024-03-05
2024030501035514,NIMB,33,43,100.0,163.5,16350.0,2024-03-05
2024030501035513,NIMB,45,43,11.0,163.5,1798.5,2024-03-05
2024030501035512,NIMB,52,43,50.0,163.5,8175.0,2024-03-05
2024030501035511,NIMB,51,43,290.0,163.5,47415.0,2024-03-05
2024030501035510,NIMB,42,43,50.0,163.6,8180.0,2024-03-05
2024030501035509,SAHAS,14,33,350.0,526.0,184100.0,2024-03-05
2024030501035508,SAHAS,47,33,100.0,526.0,52600.0,2024-03-05
2024030501035507,SAHAS,5,33,50.0,526.1,26305.0,2024-03-05
2024030501035506,LSL,35,47,44.0,162.9,7167.6,2024-03-05
2024030504017326,JOSHI,35,32,100.0,346.0,34600.0,2024-03-05
2024030501035505,RNLI,52,57,120.0,432.0,51840.0,2024-03-05
2024030501035504,RNLI,29,57,20.0,432.0,8640.0,2024-03-05
2024030501035503,RNLI,58,57,40.0,432.1,17284.0,2024-03-05
2024030501035502,RNLI,34,57,60.0,432.3,25938.0,2024-03-05
2024030504017325,UPCL,38,43,528.0,216.8,114470.4,2024-03-05
2024030504017324,UPCL,38,16,520.0,216.0,112320.0,2024-03-05
2024030504017323,UPCL,38,46,485.0,216.0,104760.0,2024-03-05
2024030504017322,UPCL,38,41,500.0,216.0,108000.0,2024-03-05
2024030504017321,UPCL,38,28,100.0,215.5,21550.0,2024-03-05
2024030504017320,UPCL,38,44,50.0,215.5,10775.0,2024-03-05
2024030504017319,UPCL,38,28,100.0,215.0,21500.0,2024-03-05
2024030504017318,UPCL,38,36,29.0,215.0,6235.0,2024-03-05
2024030504017317,UPCL,38,41,500.0,215.0,107500.0,2024-03-05
2024030504017316,UPCL,38,28,42.0,215.0,9030.0,2024-03-05
2024030504017315,UPCL,38,17,500.0,214.9,107450.0,2024-03-05
2024030504017314,UPCL,38,57,159.0,214.4,34089.6,2024-03-05
2024030504017313,UPCL,38,58,169.0,214.0,36166.0,2024-03-05
2024030504017312,UPCL,38,58,950.0,214.0,203300.0,2024-03-05
2024030504017311,UPCL,38,25,100.0,213.9,21390.0,2024-03-05
2024030504017310,UPCL,38,72,110.0,213.4,23474.0,2024-03-05
2024030504017309,UPCL,38,17,100.0,213.0,21300.0,2024-03-05
2024030504017308,UPCL,38,21,58.0,213.0,12354.0,2024-03-05
2024030504017307,UMRH,51,38,140.0,362.0,50680.0,2024-03-05
2024030503008315,NFS,38,69,200.0,343.0,68600.0,2024-03-05
2024030501035501,UNLB,34,21,10.0,1243.5,12435.0,2024-03-05
2024030501035500,SMJC,14,42,100.0,381.0,38100.0,2024-03-05
2024030501035499,SMJC,14,6,10.0,380.0,3800.0,2024-03-05
2024030501035498,SMJC,14,58,10.0,380.0,3800.0,2024-03-05
2024030501035497,SMJC,14,42,30.0,380.0,11400.0,2024-03-05
2024030501035496,SMJC,14,51,10.0,380.0,3800.0,2024-03-05
2024030501035495,SMJC,14,45,10.0,380.0,3800.0,2024-03-05
2024030501035494,SMJC,14,71,100.0,380.0,38000.0,2024-03-05
2024030501035493,SMJC,14,45,500.0,379.9,189950.0,2024-03-05
2024030501035492,SMJC,14,37,180.0,379.0,68220.0,2024-03-05
2024030501035491,HATHY,71,44,68.0,859.1,58418.8,2024-03-05
2024030501035490,GCIL,81,56,890.0,526.0,468140.0,2024-03-05
2024030501035489,GCIL,81,19,10.0,526.0,5260.0,2024-03-05
2024030501035488,GCIL,81,49,100.0,526.0,52600.0,2024-03-05
2024030503008314,JBBL,36,45,31.0,291.0,9021.0,2024-03-05
2024030503008313,NLIC,34,26,10.0,605.0,6050.0,2024-03-05
2024030505006742,NRIC,33,35,100.0,742.3,74230.0,2024-03-05
2024030505006741,NRIC,35,35,100.0,744.0,74400.0,2024-03-05
2024030501035487,SBD87,35,53,100.0,903.0,90300.0,2024-03-05
2024030501035486,VLUCL,48,72,452.0,532.0,240464.0,2024-03-05
2024030501035485,VLUCL,45,72,10.0,532.0,5320.0,2024-03-05
2024030501035484,VLUCL,49,72,100.0,532.3,53230.0,2024-03-05
2024030501035483,VLUCL,29,72,50.0,532.5,26625.0,2024-03-05
2024030501035482,VLUCL,49,72,100.0,532.6,53260.0,2024-03-05
2024030501035481,VLUCL,21,72,150.0,532.8,79920.0,2024-03-05
2024030501035480,VLUCL,54,72,25.0,532.9,13322.5,2024-03-05
2024030501035479,VLUCL,61,72,325.0,532.9,173192.5,2024-03-05
2024030501035478,VLUCL,54,72,190.0,533.0,101270.0,2024-03-05
2024030501035477,MHCL,55,28,10.0,475.2,4752.0,2024-03-05
2024030501035476,MHCL,42,28,20.0,475.2,9504.0,2024-03-05
2024030501035475,MHCL,72,28,135.0,475.2,64152.0,2024-03-05
2024030503008312,RLFL,26,25,186.0,349.0,64914.0,2024-03-05
2024030503008311,RLFL,1,25,11.0,349.0,3839.0,2024-03-05
2024030503008310,RLFL,62,25,50.0,350.0,17500.0,2024-03-05
2024030503008309,RLFL,32,25,53.0,350.0,18550.0,2024-03-05
2024030501035474,MAKAR,5,7,10.0,375.6,3756.0,2024-03-05
2024030504017306,HDHPC,39,55,295.0,143.8,42421.0,2024-03-05
2024030504017305,HDHPC,39,58,88.0,143.8,12654.4,2024-03-05
2024030504017304,HDHPC,39,49,117.0,143.8,16824.6,2024-03-05
2024030503008308,MLBSL,45,48,50.0,1620.0,81000.0,2024-03-05
2024030505006740,HRL,88,41,296.0,614.0,181744.0,2024-03-05
2024030505006739,HRL,88,49,40.0,614.0,24560.0,2024-03-05
2024030505006738,HRL,88,4,164.0,614.0,100696.0,2024-03-05
2024030501035473,SNLI,20,4,10.0,588.1,5881.0,2024-03-05
2024030501035472,ILI,57,48,20.0,520.0,10400.0,2024-03-05
2024030501035471,SHIVM,42,42,113.0,500.2,56522.6,2024-03-05
2024030501035470,EHPL,65,49,10.0,428.0,4280.0,2024-03-05
2024030501035469,MEHL,17,29,587.0,290.1,170288.7,2024-03-05
2024030501035468,MEHL,48,29,30.0,290.5,8715.0,2024-03-05
2024030501035467,MEHL,39,29,40.0,291.1,11644.0,2024-03-05
2024030501035466,MEHL,26,29,10.0,292.0,2920.0,2024-03-05
2024030501035465,MEHL,22,29,90.0,292.1,26289.0,2024-03-05
2024030501035464,MEHL,34,29,20.0,293.0,5860.0,2024-03-05
2024030501035463,MEHL,7,29,123.0,293.0,36039.0,2024-03-05
2024030501035462,MEHL,34,29,100.0,293.1,29310.0,2024-03-05
2024030504017303,UPCL,5,21,10.0,213.0,2130.0,2024-03-05
2024030504017302,SPIL,45,58,12.0,723.0,8676.0,2024-03-05
2024030501035461,RNLI,34,6,10.0,432.3,4323.0,2024-03-05
2024030501035460,RNLI,57,6,10.0,432.3,4323.0,2024-03-05
2024030505006737,HRL,4,4,46.0,614.0,28244.0,2024-03-05
2024030505006736,HRL,4,72,104.0,614.0,63856.0,2024-03-05
2024030503008307,NFS,32,69,100.0,343.0,34300.0,2024-03-05
2024030504017301,HURJA,33,38,483.0,292.2,141132.6,2024-03-05
2024030504017300,HURJA,33,38,217.0,292.3,63429.1,2024-03-05
2024030505006735,NIFRA,22,40,475.0,208.0,98800.0,2024-03-05
2024030501035459,CZBIL,42,40,71.0,166.0,11786.0,2024-03-05
2024030504017299,AKPL,58,7,200.0,183.2,36640.0,2024-03-05
2024030504017298,AKPL,48,7,100.0,183.3,18330.0,2024-03-05
2024030501035458,HATHY,45,17,141.0,860.0,121260.0,2024-03-05
2024030503008306,SFCL,45,45,25.0,304.0,7600.0,2024-03-05
2024030503008305,SFCL,56,45,104.0,304.0,31616.0,2024-03-05
2024030503008304,SFCL,33,45,100.0,304.0,30400.0,2024-03-05
2024030503008303,MSLB,36,1,20.0,814.0,16280.0,2024-03-05
2024030503008302,ICFC,49,81,200.0,482.5,96500.0,2024-03-05
2024030504017297,SSHL,44,3,150.0,169.8,25470.0,2024-03-05
2024030505006734,HRL,8,3,50.0,613.6,30680.0,2024-03-05
2024030501035457,BHPL,59,34,10.0,485.0,4850.0,2024-03-05
2024030504017296,LEC,57,5,50.0,191.1,9555.0,2024-03-05
2024030504017295,LEC,55,5,500.0,191.2,95600.0,2024-03-05
2024030501035456,NWCL,45,19,100.0,751.0,75100.0,2024-03-05
2024030501035455,HDL,42,14,20.0,1520.0,30400.0,2024-03-05
2024030501035454,HDL,42,14,10.0,1520.0,15200.0,2024-03-05
2024030501035453,HDL,58,14,10.0,1520.0,15200.0,2024-03-05
2024030501035452,HDL,56,14,90.0,1520.0,136800.0,2024-03-05
2024030501035451,HDL,53,14,10.0,1520.0,15200.0,2024-03-05
2024030501035450,HDL,57,14,112.0,1523.0,170576.0,2024-03-05
2024030501035449,HDL,6,14,20.0,1524.0,30480.0,2024-03-05
2024030501035448,HDL,56,14,10.0,1524.0,15240.0,2024-03-05
2024030501035447,HDL,42,14,16.0,1524.0,24384.0,2024-03-05
2024030501035446,ULHC,45,57,150.0,318.0,47700.0,2024-03-05
2024030501035445,SMHL,38,45,110.0,450.0,49500.0,2024-03-05
2024030501035444,GVL,51,53,100.0,428.5,42850.0,2024-03-05
2024030501035443,GVL,62,53,20.0,428.5,8570.0,2024-03-05
2024030501035442,MEL,37,58,10.0,217.0,2170.0,2024-03-05
2024030501035441,MEL,37,42,10.0,217.0,2170.0,2024-03-05
2024030501035440,MEL,37,13,10.0,216.9,2169.0,2024-03-05
2024030501035439,MEL,37,58,265.0,215.5,57107.5,2024-03-05
2024030501035438,SNLI,3,45,40.0,588.8,23552.0,2024-03-05
2024030501035437,BEDC,13,45,10.0,343.6,3436.0,2024-03-05
2024030503008301,ALICL,21,33,811.0,550.0,446050.0,2024-03-05
2024030501035436,DORDI,77,4,10.0,465.1,4651.0,2024-03-05
2024030501035435,MCHL,39,95,1000.0,330.0,330000.0,2024-03-05
2024030501035434,MCHL,39,66,460.0,329.9,151754.0,2024-03-05
2024030505006733,CHDC,17,21,50.0,954.9,47745.0,2024-03-05
2024030503008300,PROFL,1,32,128.0,308.0,39424.0,2024-03-05
2024030501035433,GCIL,58,66,300.0,525.1,157530.0,2024-03-05
2024030501035432,GCIL,74,66,500.0,525.2,262600.0,2024-03-05
2024030501035431,GCIL,25,66,200.0,525.3,105060.0,2024-03-05
2024030501035430,PHCL,65,28,200.0,308.0,61600.0,2024-03-05
2024030504017294,HURJA,33,38,800.0,292.3,233840.0,2024-03-05
2024030503008299,ICFC,49,43,57.0,482.5,27502.5,2024-03-05
2024030504017293,JOSHI,13,32,500.0,346.0,173000.0,2024-03-05
2024030501035429,NABIL,7,56,40.0,445.0,17800.0,2024-03-05
2024030504017292,RHPL,56,29,100.0,280.0,28000.0,2024-03-05
2024030504017291,JOSHI,19,32,99.0,346.0,34254.0,2024-03-05
2024030501035428,HDL,42,14,100.0,1524.0,152400.0,2024-03-05
2024030501035427,PHCL,58,28,100.0,308.0,30800.0,2024-03-05
2024030504017290,API,57,57,300.0,185.8,55740.0,2024-03-05
2024030504017289,API,57,35,473.0,185.5,87741.5,2024-03-05
2024030501035426,NICA,57,34,10.0,416.9,4169.0,2024-03-05
2024030505006732,HRL,8,38,40.0,613.6,24544.0,2024-03-05
2024030501035425,SNLI,42,45,20.0,588.8,11776.0,2024-03-05
2024030501035424,SMJC,14,28,100.0,378.2,37820.0,2024-03-05
2024030501035423,SMJC,7,28,70.0,378.4,26488.0,2024-03-05
2024030505006731,STC,26,3,10.0,5110.0,51100.0,2024-03-05
2024030503008298,JBBL,45,51,100.0,291.1,29110.0,2024-03-05
2024030501035422,SHIVM,76,29,10.0,501.0,5010.0,2024-03-05
2024030503008297,CFCL,70,47,35.0,327.0,11445.0,2024-03-05
2024030503008296,NUBL,18,44,450.0,610.0,274500.0,2024-03-05
2024030503008295,NUBL,18,44,163.0,612.0,99756.0,2024-03-05
2024030501035421,SGHC,65,16,10.0,308.0,3080.0,2024-03-05
2024030503008294,EDBL,57,1,10.0,345.0,3450.0,2024-03-05
2024030504017288,CGH,49,53,10.0,827.0,8270.0,2024-03-05
2024030501035420,PHCL,33,28,130.0,308.0,40040.0,2024-03-05
2024030503008293,HLI,50,55,100.0,388.6,38860.0,2024-03-05
2024030501035419,MKHC,21,25,10.0,282.1,2821.0,2024-03-05
2024030501035418,MKHC,57,25,90.0,282.1,25389.0,2024-03-05
2024030501035417,MKHC,44,25,100.0,282.1,28210.0,2024-03-05
2024030503008292,PMLI,7,17,40.0,501.0,20040.0,2024-03-05
2024030503008291,PMLI,7,33,10.0,501.0,5010.0,2024-03-05
2024030501035416,SONA,45,59,676.0,492.0,332592.0,2024-03-05
2024030501035415,SONA,45,34,100.0,492.0,49200.0,2024-03-05
2024030501035414,SONA,45,6,34.0,492.0,16728.0,2024-03-05
2024030503008290,SJLIC,64,34,434.0,459.9,199596.6,2024-03-05
2024030503008289,SJLIC,64,34,16.0,459.9,7358.4,2024-03-05
2024030503008288,SJLIC,64,54,50.0,459.8,22990.0,2024-03-05
2024030503008287,CORBL,69,56,75.0,410.0,30750.0,2024-03-05
2024030504017287,GHL,37,54,2228.0,150.0,334200.0,2024-03-05
2024030504017286,GHL,1,54,500.0,150.0,75000.0,2024-03-05
2024030504017285,GHL,48,54,500.0,150.1,75050.0,2024-03-05
2024030504017284,GHL,58,54,57.0,150.2,8561.4,2024-03-05
2024030504017283,GHL,58,54,35.0,150.5,5267.5,2024-03-05
2024030504017282,GHL,32,54,50.0,150.5,7525.0,2024-03-05
2024030504017281,GHL,48,54,630.0,150.5,94815.0,2024-03-05
2024030501035413,SONA,45,19,500.0,491.2,245600.0,2024-03-05
2024030501035412,HATHY,45,33,50.0,860.0,43000.0,2024-03-05
2024030504017280,API,26,35,10.0,185.5,1855.0,2024-03-05
2024030505006730,NRN,22,32,100.0,541.0,54100.0,2024-03-05
2024030504017279,CGH,42,44,10.0,827.9,8279.0,2024-03-05
2024030503008286,MLBSL,56,19,20.0,1617.0,32340.0,2024-03-05
2024030503008285,MLBSL,56,66,10.0,1615.0,16150.0,2024-03-05
2024030503008284,MLBSL,56,57,20.0,1614.0,32280.0,2024-03-05
2024030501035411,MEL,44,53,10.0,215.4,2154.0,2024-03-05
2024030501035410,SONA,62,32,10.0,491.3,4913.0,2024-03-05
2024030501035409,SONA,53,32,90.0,491.4,44226.0,2024-03-05
2024030501035408,IHL,13,48,330.0,344.1,113553.0,2024-03-05
2024030501035407,MKLB,38,57,10.0,736.0,7360.0,2024-03-05
2024030501035406,DLBS,38,17,194.0,835.9,162164.6,2024-03-05
2024030501035405,DOLTI,49,35,110.0,375.0,41250.0,2024-03-05
2024030504017278,HURJA,45,33,10.0,294.1,2941.0,2024-03-05
2024030504017277,NGPL,36,39,200.0,302.4,60480.0,2024-03-05
2024030504017276,NGPL,36,38,11.0,302.4,3326.4,2024-03-05
2024030504017275,PRIN,32,58,742.0,728.0,540176.0,2024-03-05
2024030504017274,PRIN,14,58,10.0,730.0,7300.0,2024-03-05
2024030504017273,PRIN,89,58,100.0,730.0,73000.0,2024-03-05
2024030504017272,PRIN,35,58,400.0,730.0,292000.0,2024-03-05
2024030504017271,PRIN,7,58,70.0,730.0,51100.0,2024-03-05
2024030504017270,PRIN,22,58,1000.0,730.1,730100.0,2024-03-05
2024030504017269,PRIN,6,58,100.0,730.1,73010.0,2024-03-05
2024030504017268,PRIN,4,58,20.0,730.2,14604.0,2024-03-05
2024030504017267,PRIN,6,58,58.0,730.5,42369.0,2024-03-05
2024030505006729,NTC,49,38,114.0,840.0,95760.0,2024-03-05
2024030505006728,NTC,42,38,50.0,840.0,42000.0,2024-03-05
2024030505006727,NTC,49,38,10.0,840.1,8401.0,2024-03-05
2024030505006726,NTC,6,38,200.0,840.4,168080.0,2024-03-05
2024030505006725,NTC,16,38,50.0,841.0,42050.0,2024-03-05
2024030505006724,NTC,52,38,100.0,841.0,84100.0,2024-03-05
2024030505006723,NTC,48,38,10.0,841.0,8410.0,2024-03-05
2024030505006722,NTC,42,38,20.0,841.1,16822.0,2024-03-05
2024030505006721,NTC,44,38,300.0,841.3,252390.0,2024-03-05
2024030505006720,NTC,38,38,10.0,842.0,8420.0,2024-03-05
2024030505006719,NTC,1,38,50.0,842.0,42100.0,2024-03-05
2024030505006718,NTC,6,38,10.0,843.0,8430.0,2024-03-05
2024030505006717,NTC,39,38,10.0,843.0,8430.0,2024-03-05
2024030505006716,NTC,57,38,10.0,843.0,8430.0,2024-03-05
2024030505006715,NTC,41,38,40.0,843.0,33720.0,2024-03-05
2024030505006714,NTC,21,38,16.0,843.0,13488.0,2024-03-05
2024030501035404,HATHY,45,37,415.0,860.0,356900.0,2024-03-05
2024030503008283,CORBL,55,32,170.0,406.0,69020.0,2024-03-05
2024030503008282,CORBL,35,32,100.0,406.0,40600.0,2024-03-05
2024030503008281,CORBL,42,32,30.0,406.0,12180.0,2024-03-05
2024030503008280,SAPDBL,58,35,198.0,248.0,49104.0,2024-03-05
2024030503008279,SAPDBL,25,35,100.0,248.0,24800.0,2024-03-05
2024030503008278,SAPDBL,58,35,82.0,249.0,20418.0,2024-03-05
2024030501035403,HDL,58,26,20.0,1525.0,30500.0,2024-03-05
2024030504017266,UMHL,58,22,350.0,259.0,90650.0,2024-03-05
2024030505006713,HIDCL,42,7,100.0,174.2,17420.0,2024-03-05
2024030501035402,SONA,49,6,396.0,492.0,194832.0,2024-03-05
2024030501035401,TAMOR,7,49,10.0,383.0,3830.0,2024-03-05
2024030501035400,TAMOR,82,49,40.0,383.0,15320.0,2024-03-05
2024030501035399,TAMOR,40,49,20.0,383.1,7662.0,2024-03-05
2024030501035398,TAMOR,56,49,100.0,383.2,38320.0,2024-03-05
2024030501035397,TAMOR,57,49,30.0,383.3,11499.0,2024-03-05
2024030501035396,TAMOR,67,49,70.0,383.3,26831.0,2024-03-05
2024030501035395,TAMOR,81,49,90.0,383.5,34515.0,2024-03-05
2024030501035394,NBL,66,47,60.0,220.0,13200.0,2024-03-05
2024030504017265,UPCL,10,38,121.0,212.9,25760.9,2024-03-05
2024030501035393,MMKJL,29,34,10.0,413.0,4130.0,2024-03-05
2024030504017264,SHEL,45,42,105.0,215.0,22575.0,2024-03-05
2024030504017263,SHEL,49,42,200.0,215.0,43000.0,2024-03-05
2024030504017262,SHEL,38,42,500.0,215.6,107800.0,2024-03-05
2024030505006712,HRL,8,3,20.0,613.6,12272.0,2024-03-05
2024030501035392,PCBL,57,39,500.0,189.2,94600.0,2024-03-05
2024030501035391,PCBL,57,39,150.0,189.2,28380.0,2024-03-05
2024030501035390,PCBL,1,39,361.0,189.2,68301.2,2024-03-05
2024030504017261,API,59,59,20.0,185.0,3700.0,2024-03-05
2024030504017260,SGIC,42,45,50.0,504.0,25200.0,2024-03-05
2024030501035389,SCB,32,58,50.0,517.6,25880.0,2024-03-05
2024030501035388,SRLI,4,38,30.0,427.4,12822.0,2024-03-05
2024030504017259,UNHPL,80,22,250.0,243.0,60750.0,2024-03-05
2024030504017258,UNHPL,41,22,30.0,243.0,7290.0,2024-03-05
2024030504017257,UNHPL,28,22,120.0,243.0,29160.0,2024-03-05
2024030504017256,NGPL,38,17,53.0,302.1,16011.3,2024-03-05
2024030504017255,NGPL,57,17,17.0,302.1,5135.7,2024-03-05
2024030504017254,NGPL,22,17,500.0,302.3,151150.0,2024-03-05
2024030503008277,HLI,11,43,151.0,388.5,58663.5,2024-03-05
2024030504017253,PMHPL,29,34,20.0,246.5,4930.0,2024-03-05
2024030504017252,SSHL,44,38,100.0,170.0,17000.0,2024-03-05
2024030504017251,SSHL,44,43,1080.0,170.0,183600.0,2024-03-05
2024030504017250,SSHL,44,58,54.0,170.0,9180.0,2024-03-05
2024030504017249,API,59,41,200.0,185.0,37000.0,2024-03-05
2024030501035387,RHGCL,26,44,23.0,296.0,6808.0,2024-03-05
2024030504017248,NHPC,34,14,40.0,163.0,6520.0,2024-03-05
2024030501035386,SONA,53,34,10.0,491.4,4914.0,2024-03-05
2024030505006711,NRN,22,41,300.0,541.0,162300.0,2024-03-05
2024030501035385,KBL,56,35,40.0,142.0,5680.0,2024-03-05
2024030501035384,KBL,7,45,104.0,141.2,14684.8,2024-03-05
2024030501035383,KBL,1,45,363.0,141.2,51255.6,2024-03-05
2024030501035382,KBL,38,45,33.0,141.3,4662.9,2024-03-05
2024030504017247,API,45,35,17.0,185.5,3153.5,2024-03-05
2024030505006710,NRIC,33,32,51.0,742.3,37857.3,2024-03-05
2024030504017246,BARUN,47,42,443.0,248.0,109864.0,2024-03-05
2024030504017245,BARUN,52,42,80.0,248.1,19848.0,2024-03-05
2024030504017244,BARUN,54,42,200.0,248.1,49620.0,2024-03-05
2024030504017243,BARUN,46,42,300.0,248.2,74460.0,2024-03-05
2024030504017242,BARUN,38,42,17.0,248.3,4221.1,2024-03-05
2024030504017241,BARUN,19,42,50.0,248.4,12420.0,2024-03-05
2024030504017240,BARUN,39,42,260.0,248.4,64584.0,2024-03-05
2024030504017239,BARUN,48,42,150.0,248.5,37275.0,2024-03-05
2024030501035381,HDL,42,13,73.0,1524.0,111252.0,2024-03-05
2024030505006709,HRL,8,17,20.0,613.6,12272.0,2024-03-05
2024030501035380,NRM,36,47,10.0,363.0,3630.0,2024-03-05
2024030505006708,PSF,32,47,22000.0,8.6,189200.0,2024-03-05
2024030501035379,BPW,22,81,12.0,1178.0,14136.0,2024-03-05
2024030501035378,SHIVM,58,28,325.0,502.0,163150.0,2024-03-05
2024030501035377,SHIVM,58,13,123.0,501.9,61733.7,2024-03-05
2024030501035376,SHIVM,58,29,167.0,501.1,83683.7,2024-03-05
2024030501035375,SHIVM,58,25,100.0,501.0,50100.0,2024-03-05
2024030501035374,SHIVM,58,34,100.0,501.0,50100.0,2024-03-05
2024030504017238,RHPL,3,29,200.0,280.0,56000.0,2024-03-05
2024030501035373,MEL,57,58,10.0,215.0,2150.0,2024-03-05
2024030501035372,AHL,18,58,190.0,432.5,82175.0,2024-03-05
2024030501035371,AHL,56,58,20.0,433.0,8660.0,2024-03-05
2024030501035370,BHL,29,4,10.0,338.0,3380.0,2024-03-05
2024030504017237,SICL,21,87,34.0,695.0,23630.0,2024-03-05
2024030504017236,LEC,29,45,100.0,191.5,19150.0,2024-03-05
2024030505006707,HRL,16,72,50.0,614.0,30700.0,2024-03-05
2024030503008276,MDB,4,55,10.0,392.0,3920.0,2024-03-05
2024030501035369,GCIL,74,75,10.0,526.0,5260.0,2024-03-05
2024030501035368,GCIL,74,42,660.0,526.0,347160.0,2024-03-05
2024030501035367,GCIL,74,34,1000.0,526.0,526000.0,2024-03-05
2024030501035366,GCIL,74,29,10.0,526.0,5260.0,2024-03-05
2024030501035365,GCIL,74,49,10.0,526.0,5260.0,2024-03-05
2024030501035364,GCIL,74,42,10.0,526.0,5260.0,2024-03-05
2024030501035363,GCIL,74,72,263.0,526.0,138338.0,2024-03-05
2024030505006706,NRN,35,36,10.0,542.0,5420.0,2024-03-05
2024030501035362,NICA,7,85,82.0,417.0,34194.0,2024-03-05
2024030501035361,NICA,7,11,18.0,417.0,7506.0,2024-03-05
2024030504017235,NIL,11,58,13.0,794.6,10329.8,2024-03-05
2024030501035360,NABIL,49,29,35.0,444.0,15540.0,2024-03-05
2024030503008275,MMFDB,10,58,10.0,522.0,5220.0,2024-03-05
2024030504017234,NGPL,57,84,200.0,302.1,60420.0,2024-03-05
2024030503008274,MLBSL,45,28,20.0,1613.0,32260.0,2024-03-05
2024030504017233,GHL,48,3,370.0,150.5,55685.0,2024-03-05
2024030504017232,GHL,48,3,600.0,150.8,90480.0,2024-03-05
2024030504017231,DHPL,54,43,90.0,199.9,17991.0,2024-03-05
2024030501035359,SONA,21,6,200.0,492.0,98400.0,2024-03-05
2024030503008273,CFCL,38,47,20.0,327.0,6540.0,2024-03-05
2024030501035358,NIMB,42,6,45.0,163.6,7362.0,2024-03-05
2024030501035357,NIMB,45,6,100.0,163.6,16360.0,2024-03-05
2024030503008272,PROFL,52,32,100.0,308.0,30800.0,2024-03-05
2024030503008271,PROFL,57,32,500.0,308.0,154000.0,2024-03-05
2024030503008270,PROFL,26,32,100.0,308.0,30800.0,2024-03-05
2024030503008269,PROFL,57,32,20.0,308.1,6162.0,2024-03-05
2024030501035356,SANIMA,44,49,90.0,237.5,21375.0,2024-03-05
2024030504017230,HURJA,33,57,963.0,292.3,281484.9,2024-03-05
2024030504017229,HURJA,55,57,930.0,292.4,271932.0,2024-03-05
2024030504017228,HDHPC,39,49,1000.0,143.8,143800.0,2024-03-05
2024030501035355,SONA,58,6,180.0,492.0,88560.0,2024-03-05
2024030504017227,AKPL,62,65,145.0,183.4,26593.0,2024-03-05
2024030504017226,AKPL,62,32,50.0,183.3,9165.0,2024-03-05
2024030504017225,SPIL,36,14,10.0,730.0,7300.0,2024-03-05
2024030501035354,MKHC,51,4,160.0,284.0,45440.0,2024-03-05
2024030505006705,HRL,49,72,500.0,614.0,307000.0,2024-03-05
2024030505006704,HRL,38,72,250.0,614.0,153500.0,2024-03-05
2024030505006703,HRL,34,72,20.0,614.0,12280.0,2024-03-05
2024030505006702,HRL,55,72,10.0,614.0,6140.0,2024-03-05
2024030505006701,HRL,1,72,325.0,614.0,199550.0,2024-03-05
2024030505006700,HRL,45,72,500.0,614.0,307000.0,2024-03-05
2024030505006699,HRL,41,72,40.0,614.0,24560.0,2024-03-05
2024030505006698,HRL,34,72,200.0,614.0,122800.0,2024-03-05
2024030505006697,HRL,56,72,200.0,614.0,122800.0,2024-03-05
2024030505006696,HRL,33,72,255.0,614.0,156570.0,2024-03-05
2024030504017224,TRH,48,57,20.0,755.0,15100.0,2024-03-05
2024030505006695,HRL,26,72,56.0,614.1,34389.6,2024-03-05
2024030504017223,SJCL,6,28,50.0,280.0,14000.0,2024-03-05
2024030504017222,UAIL,19,38,100.0,531.4,53140.0,2024-03-05
2024030501035353,JBLB,49,7,10.0,1240.0,12400.0,2024-03-05
2024030501035352,SANIMA,47,49,200.0,237.5,47500.0,2024-03-05
2024030504017221,GHL,1,44,100.0,151.0,15100.0,2024-03-05
2024030503008268,KMCDB,34,33,194.0,659.5,127943.0,2024-03-05
2024030503008267,KMCDB,34,58,100.0,659.5,65950.0,2024-03-05
2024030503008266,KMCDB,34,62,80.0,659.0,52720.0,2024-03-05
2024030503008265,KMCDB,34,22,80.0,658.0,52640.0,2024-03-05
2024030503008264,KMCDB,34,34,46.0,652.8,30028.8,2024-03-05
2024030504017220,AKPL,45,32,20.0,183.3,3666.0,2024-03-05
2024030504017219,AKPL,42,32,80.0,183.3,14664.0,2024-03-05
2024030501035351,SONA,29,6,190.0,492.0,93480.0,2024-03-05
2024030503008263,GUFL,33,57,100.0,598.0,59800.0,2024-03-05
2024030503008262,ILBS,62,4,28.0,670.0,18760.0,2024-03-05
2024030504017218,AKPL,55,65,855.0,183.4,156807.0,2024-03-05
2024030501035350,SRLI,4,39,50.0,427.4,21370.0,2024-03-05
2024030501035349,GCIL,74,58,700.0,525.2,367640.0,2024-03-05
2024030501035348,SMHL,51,45,10.0,451.0,4510.0,2024-03-05
2024030501035347,CKHL,58,10,130.0,600.0,78000.0,2024-03-05
2024030501035346,CKHL,42,10,50.0,600.1,30005.0,2024-03-05
2024030501035345,CKHL,66,10,100.0,600.2,60020.0,2024-03-05
2024030501035344,MKCL,4,42,20.0,944.0,18880.0,2024-03-05
2024030504017217,TRH,48,57,151.0,755.0,114005.0,2024-03-05
2024030505006694,HRL,26,3,40.0,614.1,24564.0,2024-03-05
2024030504017216,SPDL,35,33,304.0,252.0,76608.0,2024-03-05
2024030504017215,SPDL,1,33,99.0,252.0,24948.0,2024-03-05
2024030504017214,SPDL,59,33,37.0,252.0,9324.0,2024-03-05
2024030504017213,SPDL,8,33,200.0,252.1,50420.0,2024-03-05
2024030504017212,SPDL,42,33,500.0,252.2,126100.0,2024-03-05
2024030504017211,SPDL,42,33,157.0,252.3,39611.1,2024-03-05
2024030501035343,MHCL,72,35,165.0,475.2,78408.0,2024-03-05
2024030503008261,SAPDBL,36,35,100.0,249.1,24910.0,2024-03-05
2024030503008260,SAPDBL,34,35,200.0,249.1,49820.0,2024-03-05
2024030503008259,SAPDBL,4,35,200.0,249.1,49820.0,2024-03-05
2024030503008258,SAPDBL,25,35,50.0,249.2,12460.0,2024-03-05
2024030504017210,RADHI,53,53,10.0,246.7,2467.0,2024-03-05
2024030504017209,RADHI,53,40,13.0,246.5,3204.5,2024-03-05
2024030501035342,SHIVM,52,39,64.0,500.0,32000.0,2024-03-05
2024030501035341,NICA,44,43,410.0,416.1,170601.0,2024-03-05
2024030501035340,NICA,7,43,90.0,416.1,37449.0,2024-03-05
2024030501035339,NICA,59,43,100.0,416.2,41620.0,2024-03-05
2024030504017208,SHL,37,46,160.0,438.0,70080.0,2024-03-05
2024030504017207,SHL,11,46,150.0,438.1,65715.0,2024-03-05
2024030504017206,SHL,39,46,100.0,438.2,43820.0,2024-03-05
