transaction,symbol,buyer,seller,quantity,rate,amount,date
2024041504009859,SHPC,65,4,39.0,327.2,12760.8,2024-04-15
2024041504009858,SHPC,5,4,30.0,327.2,9816.0,2024-04-15
2024041504009857,SHPC,17,4,31.0,327.5,10152.5,2024-04-15
2024041504009856,SHPC,36,4,100.0,328.0,32800.0,2024-04-15
2024041504009855,SHPC,10,4,300.0,328.0,98400.0,2024-04-15
2024041501025209,TVCL,16,14,120.0,485.0,58200.0,2024-04-15
2024041503011216,PFL,22,44,16.0,525.0,8400.0,2024-04-15
2024041503011215,PFL,22,25,50.0,525.0,26250.0,2024-04-15
2024041503011214,PFL,22,48,510.0,525.0,267750.0,2024-04-15
2024041503011213,PFL,22,16,197.0,525.0,103425.0,2024-04-15
2024041503011212,PFL,22,58,10.0,524.0,5240.0,2024-04-15
2024041503011211,PFL,22,26,100.0,524.0,52400.0,2024-04-15
2024041503011210,PFL,22,45,84.0,523.0,43932.0,2024-04-15
2024041503011209,PFL,22,1,70.0,523.0,36610.0,2024-04-15
2024041503011208,PFL,22,32,25.0,523.0,13075.0,2024-04-15
2024041503011207,PFL,22,32,50.0,523.0,26150.0,2024-04-15
2024041503011206,PFL,22,32,388.0,523.0,202924.0,2024-04-15
2024041501025208,EBL,39,57,10.0,500.0,5000.0,2024-04-15
2024041503011205,NADEP,64,72,10.0,714.5,7145.0,2024-04-15
2024041503011204,NADEP,64,10,40.0,714.5,28580.0,2024-04-15
2024041503011203,SJLIC,18,49,500.0,500.0,250000.0,2024-04-15
2024041503011202,KSBBL,42,36,1000.0,354.5,354500.0,2024-04-15
2024041503011201,KSBBL,42,42,54.0,354.0,19116.0,2024-04-15
2024041503011200,KSBBL,42,14,100.0,354.0,35400.0,2024-04-15
2024041503011199,KSBBL,42,32,90.0,353.0,31770.0,2024-04-15
2024041503011198,RLFL,40,42,40.0,356.5,14260.0,2024-04-15
2024041503011197,RLFL,59,42,10.0,356.5,3565.0,2024-04-15
2024041501025207,GBIME,28,5,41.0,180.0,7380.0,2024-04-15
2024041501025206,GBIME,28,29,100.0,180.0,18000.0,2024-04-15
2024041501025205,GBIME,28,50,113.0,180.0,20340.0,2024-04-15
2024041501025204,GBIME,28,28,13.0,180.0,2340.0,2024-04-15
2024041501025203,GBIME,28,22,446.0,179.9,80235.4,2024-04-15
2024041501025202,GBIME,28,58,400.0,179.0,71600.0,2024-04-15
2024041501025201,GBIME,28,6,140.0,178.0,24920.0,2024-04-15
2024041501025200,GBIME,28,42,14.0,178.0,2492.0,2024-04-15
2024041501025199,GBIME,28,42,850.0,178.0,151300.0,2024-04-15
2024041501025198,GBIME,28,40,450.0,178.0,80100.0,2024-04-15
2024041501025197,GBIME,28,56,500.0,178.0,89000.0,2024-04-15
2024041501025196,GBIME,28,8,10.0,178.0,1780.0,2024-04-15
2024041501025195,GBIME,28,37,103.0,178.0,18334.0,2024-04-15
2024041501025194,GBIME,28,5,1086.0,178.0,193308.0,2024-04-15
2024041501025193,GBIME,28,42,734.0,177.0,129918.0,2024-04-15
2024041503011196,MSLB,44,47,144.0,1160.0,167040.0,2024-04-15
2024041503011195,MSLB,44,4,10.0,1155.0,11550.0,2024-04-15
2024041503011194,MSLB,44,7,25.0,1155.0,28875.0,2024-04-15
2024041503011193,MSLB,44,22,48.0,1154.0,55392.0,2024-04-15
2024041503011192,MSLB,44,51,23.0,1153.0,26519.0,2024-04-15
2024041503011191,MSLB,44,14,10.0,1142.0,11420.0,2024-04-15
2024041503011190,MSLB,44,17,35.0,1140.0,39900.0,2024-04-15
2024041503011189,MSLB,44,16,105.0,1140.0,119700.0,2024-04-15
2024041501025192,TVCL,35,14,75.0,485.0,36375.0,2024-04-15
2024041501025191,TVCL,35,42,30.0,483.0,14490.0,2024-04-15
2024041501025190,TVCL,35,7,15.0,480.0,7200.0,2024-04-15
2024041501025189,TVCL,35,34,30.0,480.0,14400.0,2024-04-15
2024041501025188,PPL,35,35,10.0,632.0,6320.0,2024-04-15
2024041501025187,SMHL,43,84,29.0,438.6,12719.4,2024-04-15
2024041501025186,PPL,65,28,50.0,631.0,31550.0,2024-04-15
2024041501025185,RHGCL,34,46,200.0,340.0,68000.0,2024-04-15
2024041501025184,RHGCL,71,46,50.0,340.0,17000.0,2024-04-15
2024041501025183,RHGCL,56,46,300.0,341.0,102300.0,2024-04-15
2024041501025182,RHGCL,26,46,443.0,341.0,151063.0,2024-04-15
2024041501025181,MCHL,38,49,100.0,410.0,41000.0,2024-04-15
2024041501025180,MCHL,38,36,10.0,409.9,4099.0,2024-04-15
2024041501025179,MCHL,38,42,100.0,409.0,40900.0,2024-04-15
2024041501025178,MCHL,38,45,290.0,409.0,118610.0,2024-04-15
2024041501025177,PPL,62,45,2200.0,623.0,1370600.0,2024-04-15
2024041503011188,NICLBSL,45,25,290.0,662.0,191980.0,2024-04-15
2024041503011187,NICLBSL,45,70,110.0,662.0,72820.0,2024-04-15
2024041504009854,IGI,91,45,77.0,520.2,40055.4,2024-04-15
2024041504009853,NGPL,45,41,10.0,326.0,3260.0,2024-04-15
2024041501025176,MHCL,45,71,65.0,415.9,27033.5,2024-04-15
2024041501025175,MHCL,45,14,35.0,415.8,14553.0,2024-04-15
2024041505004240,CHDC,69,6,10.0,812.0,8120.0,2024-04-15
2024041501025174,CYCL,91,22,10.0,1800.0,18000.0,2024-04-15
2024041504009852,SGIC,48,57,20.0,525.0,10500.0,2024-04-15
2024041501025173,KBL,48,45,10.0,135.1,1351.0,2024-04-15
2024041503011186,PFL,71,32,100.0,523.0,52300.0,2024-04-15
2024041503011185,PFL,71,32,10.0,523.0,5230.0,2024-04-15
2024041501025172,CYCL,71,22,10.0,1800.0,18000.0,2024-04-15
2024041503011184,PFL,51,17,10.0,522.0,5220.0,2024-04-15
2024041505004239,HRL,17,49,20.0,606.5,12130.0,2024-04-15
2024041501025171,PRVU,34,17,69.0,138.0,9522.0,2024-04-15
2024041503011183,ILBS,34,36,121.0,985.0,119185.0,2024-04-15
2024041503011182,ILBS,34,70,169.0,984.0,166296.0,2024-04-15
2024041503011181,ILBS,34,5,10.0,977.0,9770.0,2024-04-15
2024041501025170,SONA,56,49,10.0,448.0,4480.0,2024-04-15
2024041501025169,PPL,56,28,10.0,631.0,6310.0,2024-04-15
2024041504009851,AHPC,26,11,20.0,169.5,3390.0,2024-04-15
2024041503011180,LICN,41,7,10.0,1349.0,13490.0,2024-04-15
2024041501025168,MANDU,65,81,100.0,766.0,76600.0,2024-04-15
2024041501025167,GCIL,53,52,25.0,484.1,12102.5,2024-04-15
2024041501025166,GCIL,1,52,50.0,484.1,24205.0,2024-04-15
2024041501025165,GCIL,83,52,25.0,484.2,12105.0,2024-04-15
2024041501025164,RHGCL,69,57,881.0,347.0,305707.0,2024-04-15
2024041501025163,RHGCL,69,42,100.0,347.0,34700.0,2024-04-15
2024041501025162,RHGCL,69,71,250.0,346.9,86725.0,2024-04-15
2024041501025161,RHGCL,69,13,70.0,346.0,24220.0,2024-04-15
2024041501025160,RHGCL,69,38,500.0,346.0,173000.0,2024-04-15
2024041501025159,RHGCL,69,38,10.0,346.0,3460.0,2024-04-15
2024041501025158,RHGCL,69,49,500.0,345.9,172950.0,2024-04-15
2024041501025157,RHGCL,69,71,70.0,345.9,24213.0,2024-04-15
2024041501025156,RHGCL,69,58,119.0,345.0,41055.0,2024-04-15
2024041503011179,GRDBL,75,49,10.0,388.5,3885.0,2024-04-15
2024041501025155,RHGCL,5,58,10.0,345.0,3450.0,2024-04-15
2024041503011178,GUFL,41,22,50.0,823.0,41150.0,2024-04-15
2024041503011177,KMCDB,37,41,70.0,807.0,56490.0,2024-04-15
2024041503011176,KMCDB,37,38,16.0,803.0,12848.0,2024-04-15
2024041503011175,KMCDB,37,42,13.0,802.0,10426.0,2024-04-15
2024041501025154,PPL,62,74,1000.0,623.0,623000.0,2024-04-15
2024041501025153,HHL,32,34,41.0,385.0,15785.0,2024-04-15
2024041501025152,HHL,32,11,200.0,385.0,77000.0,2024-04-15
2024041501025151,HHL,32,36,100.0,382.0,38200.0,2024-04-15
2024041501025150,HHL,32,62,400.0,382.0,152800.0,2024-04-15
2024041501025149,HHL,32,11,10.0,382.0,3820.0,2024-04-15
2024041501025148,HHL,32,39,111.0,381.4,42335.4,2024-04-15
2024041501025147,HHL,32,88,200.0,381.0,76200.0,2024-04-15
2024041501025146,HHL,32,22,300.0,380.9,114270.0,2024-04-15
2024041501025145,HHL,32,21,63.0,380.0,23940.0,2024-04-15
2024041501025144,HHL,32,51,30.0,380.0,11400.0,2024-04-15
2024041501025143,HHL,32,38,45.0,380.0,17100.0,2024-04-15
2024041504009850,UPCL,49,86,950.0,200.3,190285.0,2024-04-15
2024041503011174,GFCL,86,45,10.0,463.0,4630.0,2024-04-15
2024041501025142,TVCL,42,42,20.0,480.0,9600.0,2024-04-15
2024041501025141,TVCL,42,22,10.0,480.0,4800.0,2024-04-15
2024041503011173,VLBS,28,4,10.0,735.0,7350.0,2024-04-15
2024041503011172,VLBS,28,57,50.0,734.0,36700.0,2024-04-15
2024041501025140,GVL,44,53,10.0,427.5,4275.0,2024-04-15
2024041501025139,GVL,44,17,25.0,424.3,10607.5,2024-04-15
2024041501025138,MEHL,43,38,10.0,329.0,3290.0,2024-04-15
2024041501025137,TSHL,77,4,215.0,555.0,119325.0,2024-04-15
2024041501025136,TSHL,77,44,185.0,555.0,102675.0,2024-04-15
2024041501025135,MEL,35,45,10.0,234.0,2340.0,2024-04-15
2024041504009849,JOSHI,49,65,70.0,335.5,23485.0,2024-04-15
2024041504009848,JOSHI,45,65,840.0,337.0,283080.0,2024-04-15
2024041504009847,JOSHI,35,65,90.0,337.1,30339.0,2024-04-15
2024041503011171,NFS,88,74,30.0,453.7,13611.0,2024-04-15
2024041503011170,NFS,88,44,200.0,453.2,90640.0,2024-04-15
2024041503011169,ILBS,38,70,21.0,984.0,20664.0,2024-04-15
2024041501025134,SHIVM,66,49,421.0,512.2,215636.2,2024-04-15
2024041501025133,SHIVM,56,49,79.0,512.4,40479.6,2024-04-15
2024041503011168,MDB,38,45,10.0,423.1,4231.0,2024-04-15
2024041504009846,JOSHI,35,45,110.0,337.1,37081.0,2024-04-15
2024041501025132,SONA,42,57,100.0,447.0,44700.0,2024-04-15
2024041505004238,NTC,57,52,10.0,832.0,8320.0,2024-04-15
2024041503011167,SKBBL,22,59,19.0,819.1,15562.9,2024-04-15
2024041504009845,SSHL,17,49,10.0,164.8,1648.0,2024-04-15
2024041501025131,NESDO,34,26,10.0,1750.0,17500.0,2024-04-15
2024041501025130,NESDO,34,49,10.0,1743.0,17430.0,2024-04-15
2024041501025129,SPC,56,38,10.0,530.0,5300.0,2024-04-15
2024041501025128,PCBL,56,49,10.0,190.7,1907.0,2024-04-15
2024041504009844,CHL,56,59,11.0,318.0,3498.0,2024-04-15
2024041503011166,GUFL,72,49,10.0,824.0,8240.0,2024-04-15
2024041501025127,KBSH,72,38,10.0,1060.0,10600.0,2024-04-15
2024041501025126,KBSH,72,35,20.0,1050.0,21000.0,2024-04-15
2024041501025125,KBSH,72,54,20.0,1050.0,21000.0,2024-04-15
2024041501025124,EBL,33,57,10.0,500.0,5000.0,2024-04-15
2024041503011165,NMFBS,81,57,78.0,1180.0,92040.0,2024-04-15
2024041503011164,NMFBS,81,48,119.0,1179.9,140408.1,2024-04-15
2024041503011163,NMFBS,81,72,91.0,1179.0,107289.0,2024-04-15
2024041503011162,NMFBS,81,49,12.0,1179.0,14148.0,2024-04-15
2024041501025123,SONA,63,36,100.0,448.0,44800.0,2024-04-15
2024041501025122,AVYAN,75,41,20.0,698.2,13964.0,2024-04-15
2024041501025121,AVYAN,75,64,100.0,698.1,69810.0,2024-04-15
2024041501025120,AVYAN,75,95,96.0,698.0,67008.0,2024-04-15
2024041501025119,AVYAN,75,53,10.0,695.0,6950.0,2024-04-15
2024041501025118,AVYAN,75,64,17.0,688.0,11696.0,2024-04-15
2024041501025117,MEHL,62,33,200.0,329.0,65800.0,2024-04-15
2024041501025116,MEHL,62,45,30.0,328.0,9840.0,2024-04-15
2024041501025115,MEHL,62,64,970.0,327.9,318063.0,2024-04-15
2024041501025114,MEHL,62,70,1350.0,327.8,442530.0,2024-04-15
2024041501025113,MEHL,62,21,350.0,326.9,114415.0,2024-04-15
2024041501025112,MEHL,62,6,70.0,326.8,22876.0,2024-04-15
2024041501025111,MEHL,62,49,100.0,326.0,32600.0,2024-04-15
2024041501025110,MEHL,62,54,10.0,326.0,3260.0,2024-04-15
2024041501025109,MEHL,62,34,200.0,325.0,65000.0,2024-04-15
2024041501025108,MEHL,62,58,10.0,325.0,3250.0,2024-04-15
2024041501025107,MEHL,62,75,1000.0,324.8,324800.0,2024-04-15
2024041501025106,MEHL,62,38,500.0,324.4,162200.0,2024-04-15
2024041501025105,MEHL,62,7,30.0,324.4,9732.0,2024-04-15
2024041501025104,MEHL,62,39,100.0,323.0,32300.0,2024-04-15
2024041501025103,MEHL,62,45,10.0,323.0,3230.0,2024-04-15
2024041501025102,MEHL,62,14,68.0,323.0,21964.0,2024-04-15
2024041504009843,JOSHI,62,17,167.0,339.0,56613.0,2024-04-15
2024041504009842,JOSHI,62,81,233.0,338.9,78963.7,2024-04-15
2024041503011161,GILB,44,62,10.0,986.4,9864.0,2024-04-15
2024041504009841,UPCL,53,45,200.0,200.8,40160.0,2024-04-15
2024041501025101,MKHC,5,70,10.0,329.0,3290.0,2024-04-15
2024041501025100,SANIMA,68,17,14.0,235.0,3290.0,2024-04-15
2024041503011160,NABBC,32,35,10.0,414.0,4140.0,2024-04-15
2024041501025099,MKLB,42,38,10.0,1010.0,10100.0,2024-04-15
2024041504009840,RIDI,42,88,10.0,176.0,1760.0,2024-04-15
2024041501025098,RHGCL,26,39,57.0,341.0,19437.0,2024-04-15
2024041501025097,RHGCL,28,39,43.0,342.0,14706.0,2024-04-15
2024041501025096,MLBS,7,54,50.0,1285.0,64250.0,2024-04-15
2024041503011159,PMLI,7,47,10.0,508.0,5080.0,2024-04-15
2024041505004237,CHDC,65,52,10.0,821.0,8210.0,2024-04-15
2024041501025095,AVYAN,75,38,196.0,686.0,134456.0,2024-04-15
2024041501025094,AVYAN,56,38,20.0,686.1,13722.0,2024-04-15
2024041501025093,UHEWA,7,49,490.0,396.5,194285.0,2024-04-15
2024041501025092,UHEWA,34,49,10.0,397.0,3970.0,2024-04-15
2024041503011158,KSBBL,13,32,10.0,353.0,3530.0,2024-04-15
2024041503011157,CFCL,72,14,300.0,370.6,111180.0,2024-04-15
2024041504009839,PPCL,91,14,180.0,254.7,45846.0,2024-04-15
2024041504009838,MEN,40,45,50.0,511.0,25550.0,2024-04-15
2024041501025091,HDL,29,45,10.0,1481.0,14810.0,2024-04-15
2024041503011156,SJLIC,56,49,1000.0,500.0,500000.0,2024-04-15
2024041503011155,GILB,56,62,10.0,986.5,9865.0,2024-04-15
2024041504009837,HPPL,33,42,10.0,270.0,2700.0,2024-04-15
2024041505004236,NTC,42,52,57.0,832.0,47424.0,2024-04-15
2024041501025090,MKHL,58,21,300.0,458.0,137400.0,2024-04-15
2024041503011154,USLB,75,72,50.0,1845.0,92250.0,2024-04-15
2024041501025089,AVYAN,56,62,10.0,686.1,6861.0,2024-04-15
2024041501025088,PPL,62,28,35.0,631.0,22085.0,2024-04-15
2024041501025087,PPL,62,49,10.0,631.0,6310.0,2024-04-15
2024041501025086,PPL,62,37,480.0,630.0,302400.0,2024-04-15
2024041501025085,PPL,62,32,10.0,630.0,6300.0,2024-04-15
2024041501025084,PPL,62,41,30.0,630.0,18900.0,2024-04-15
2024041501025083,PPL,62,19,10.0,630.0,6300.0,2024-04-15
2024041501025082,PPL,62,35,60.0,630.0,37800.0,2024-04-15
2024041501025081,PPL,62,6,15.0,630.0,9450.0,2024-04-15
2024041501025080,PPL,62,26,10.0,630.0,6300.0,2024-04-15
2024041501025079,PPL,62,58,10.0,630.0,6300.0,2024-04-15
2024041501025078,PPL,62,52,10.0,630.0,6300.0,2024-04-15
2024041501025077,PPL,62,3,10.0,630.0,6300.0,2024-04-15
2024041501025076,PPL,62,55,200.0,630.0,126000.0,2024-04-15
2024041501025075,PPL,62,42,10.0,630.0,6300.0,2024-04-15
2024041501025074,PPL,62,13,10.0,630.0,6300.0,2024-04-15
2024041501025073,PPL,62,38,10.0,630.0,6300.0,2024-04-15
2024041501025072,PPL,62,51,10.0,628.0,6280.0,2024-04-15
2024041501025071,PPL,62,28,200.0,628.0,125600.0,2024-04-15
2024041501025070,PPL,62,51,10.0,627.0,6270.0,2024-04-15
2024041501025069,PPL,62,35,100.0,627.0,62700.0,2024-04-15
2024041501025068,PPL,62,4,10.0,626.4,6264.0,2024-04-15
2024041501025067,PPL,62,28,160.0,625.5,100080.0,2024-04-15
2024041501025066,PPL,62,25,10.0,625.0,6250.0,2024-04-15
2024041501025065,PPL,62,13,10.0,625.0,6250.0,2024-04-15
2024041501025064,PPL,62,44,10.0,625.0,6250.0,2024-04-15
2024041501025063,PPL,62,52,10.0,625.0,6250.0,2024-04-15
2024041501025062,PPL,62,47,50.0,624.9,31245.0,2024-04-15
2024041504009836,NICL,78,16,16.0,823.0,13168.0,2024-04-15
2024041504009835,AHPC,47,35,10.0,169.9,1699.0,2024-04-15
2024041503011153,SIFC,22,59,10.0,379.8,3798.0,2024-04-15
2024041501025061,GCIL,19,28,11.0,485.0,5335.0,2024-04-15
2024041503011152,WNLB,18,38,10.0,1369.9,13699.0,2024-04-15
2024041505004235,CIT,39,35,10.0,2110.9,21109.0,2024-04-15
2024041501025060,PPL,58,47,50.0,624.9,31245.0,2024-04-15
2024041501025059,RNLI,4,58,10.0,428.1,4281.0,2024-04-15
2024041501025058,PCBL,44,49,10.0,190.7,1907.0,2024-04-15
2024041501025057,IHL,44,38,20.0,397.0,7940.0,2024-04-15
2024041501025056,TSHL,77,44,15.0,555.0,8325.0,2024-04-15
2024041501025055,TSHL,77,57,10.0,555.0,5550.0,2024-04-15
2024041501025054,TSHL,77,4,160.0,555.0,88800.0,2024-04-15
2024041501025053,TSHL,77,51,10.0,555.0,5550.0,2024-04-15
2024041501025052,TSHL,77,55,10.0,555.0,5550.0,2024-04-15
2024041501025051,TSHL,77,58,10.0,554.9,5549.0,2024-04-15
2024041501025050,TSHL,77,58,100.0,554.9,55490.0,2024-04-15
2024041501025049,TSHL,77,66,10.0,554.8,5548.0,2024-04-15
2024041501025048,TSHL,77,21,10.0,554.0,5540.0,2024-04-15
2024041501025047,TSHL,77,3,20.0,554.0,11080.0,2024-04-15
2024041501025046,TSHL,77,58,300.0,553.0,165900.0,2024-04-15
2024041501025045,TSHL,77,49,10.0,552.0,5520.0,2024-04-15
2024041501025044,TSHL,77,48,50.0,550.0,27500.0,2024-04-15
2024041501025043,TSHL,77,48,75.0,550.0,41250.0,2024-04-15
2024041501025042,TSHL,77,48,50.0,550.0,27500.0,2024-04-15
2024041501025041,TSHL,77,58,100.0,550.0,55000.0,2024-04-15
2024041501025040,TSHL,77,34,10.0,550.0,5500.0,2024-04-15
2024041501025039,TSHL,77,38,50.0,548.0,27400.0,2024-04-15
2024041501025038,DLBS,43,35,10.0,1225.0,12250.0,2024-04-15
2024041501025037,CYCL,84,22,10.0,1800.0,18000.0,2024-04-15
2024041501025036,MEL,7,58,10.0,233.2,2332.0,2024-04-15
2024041504009834,UMRH,80,29,10.0,348.8,3488.0,2024-04-15
2024041501025035,SGHC,8,34,41.0,315.2,12923.2,2024-04-15
2024041501025034,SGHC,8,22,100.0,315.1,31510.0,2024-04-15
2024041501025033,SGHC,8,38,119.0,315.0,37485.0,2024-04-15
2024041501025032,SGHC,8,56,200.0,314.9,62980.0,2024-04-15
2024041504009833,DHPL,41,38,100.0,198.0,19800.0,2024-04-15
2024041501025031,SBL,50,66,107.0,224.0,23968.0,2024-04-15
2024041501025030,SBL,50,44,253.0,223.0,56419.0,2024-04-15
2024041504009832,HURJA,1,65,20.0,292.0,5840.0,2024-04-15
2024041504009831,UPPER,44,1,548.0,168.3,92228.4,2024-04-15
2024041504009830,UPPER,58,1,50.0,168.4,8420.0,2024-04-15
2024041504009829,UPPER,32,1,500.0,168.4,84200.0,2024-04-15
2024041504009828,UPPER,58,1,243.0,168.4,40921.2,2024-04-15
2024041504009827,UPPER,34,1,200.0,168.4,33680.0,2024-04-15
2024041504009826,UPPER,43,1,74.0,168.4,12461.6,2024-04-15
2024041504009825,UPPER,66,1,100.0,168.6,16860.0,2024-04-15
2024041501025029,NICA,34,35,30.0,391.0,11730.0,2024-04-15
2024041503011151,EDBL,34,36,50.0,365.0,18250.0,2024-04-15
2024041503011150,EDBL,34,8,28.0,365.0,10220.0,2024-04-15
2024041503011149,GUFL,41,34,1000.0,823.0,823000.0,2024-04-15
2024041504009824,GLH,66,35,10.0,210.1,2101.0,2024-04-15
2024041505004234,NRN,46,72,300.0,530.0,159000.0,2024-04-15
2024041503011148,SWMF,60,56,300.0,746.0,223800.0,2024-04-15
2024041503011147,SWMF,45,56,100.0,746.1,74610.0,2024-04-15
2024041504009823,PPCL,34,14,50.0,254.7,12735.0,2024-04-15
2024041504009822,PPCL,34,48,150.0,252.0,37800.0,2024-04-15
2024041504009821,SPIL,63,4,10.0,748.9,7489.0,2024-04-15
2024041501025028,SRLI,57,4,10.0,434.0,4340.0,2024-04-15
2024041501025027,PPL,62,53,250.0,623.0,155750.0,2024-04-15
2024041504009820,KKHC,19,34,230.0,228.0,52440.0,2024-04-15
2024041501025026,MSHL,64,38,88.0,691.5,60852.0,2024-04-15
2024041501025025,MSHL,64,8,20.0,691.5,13830.0,2024-04-15
2024041501025024,MSHL,64,32,70.0,691.5,48405.0,2024-04-15
2024041501025023,MSHL,64,58,140.0,691.5,96810.0,2024-04-15
2024041501025022,MSHL,64,29,20.0,691.5,13830.0,2024-04-15
2024041501025021,MSHL,64,43,10.0,691.5,6915.0,2024-04-15
2024041501025020,MSHL,64,43,100.0,691.5,69150.0,2024-04-15
2024041501025019,MSHL,64,5,200.0,691.5,138300.0,2024-04-15
2024041501025018,MSHL,64,47,145.0,691.5,100267.5,2024-04-15
2024041501025017,MSHL,64,50,300.0,691.0,207300.0,2024-04-15
2024041501025016,MSHL,64,43,25.0,691.0,17275.0,2024-04-15
2024041501025015,MSHL,64,28,50.0,691.0,34550.0,2024-04-15
2024041501025014,MSHL,64,52,10.0,691.0,6910.0,2024-04-15
2024041501025013,MSHL,64,21,100.0,691.0,69100.0,2024-04-15
2024041501025012,MSHL,64,19,140.0,691.0,96740.0,2024-04-15
2024041501025011,MSHL,64,16,280.0,691.0,193480.0,2024-04-15
2024041501025010,MSHL,64,58,100.0,691.0,69100.0,2024-04-15
2024041501025009,MSHL,64,58,10.0,691.0,6910.0,2024-04-15
2024041501025008,MSHL,64,44,165.0,691.0,114015.0,2024-04-15
2024041501025007,MSHL,64,58,10.0,691.0,6910.0,2024-04-15
2024041501025006,MSHL,64,42,50.0,691.0,34550.0,2024-04-15
2024041501025005,MSHL,64,58,10.0,690.0,6900.0,2024-04-15
2024041501025004,MSHL,64,34,10.0,690.0,6900.0,2024-04-15
2024041501025003,MSHL,64,6,10.0,690.0,6900.0,2024-04-15
2024041501025002,MSHL,64,71,100.0,690.0,69000.0,2024-04-15
2024041501025001,MSHL,64,64,1800.0,690.0,1242000.0,2024-04-15
2024041501025000,MSHL,64,22,10.0,690.0,6900.0,2024-04-15
2024041501024999,MSHL,64,17,100.0,690.0,69000.0,2024-04-15
2024041501024998,MSHL,64,33,20.0,688.0,13760.0,2024-04-15
2024041501024997,MSHL,64,49,10.0,685.0,6850.0,2024-04-15
2024041501024996,MSHL,64,44,10.0,680.0,6800.0,2024-04-15
2024041501024995,MSHL,64,56,70.0,678.0,47460.0,2024-04-15
2024041501024994,MSHL,64,49,10.0,678.0,6780.0,2024-04-15
2024041501024993,MSHL,64,58,10.0,678.0,6780.0,2024-04-15
2024041501024992,MSHL,64,34,10.0,678.0,6780.0,2024-04-15
2024041501024991,MSHL,64,19,10.0,678.0,6780.0,2024-04-15
2024041501024990,MSHL,64,42,25.0,678.0,16950.0,2024-04-15
2024041501024989,MSHL,64,49,300.0,677.0,203100.0,2024-04-15
2024041501024988,MSHL,64,34,200.0,675.0,135000.0,2024-04-15
2024041501024987,MSHL,64,71,20.0,675.0,13500.0,2024-04-15
2024041501024986,MSHL,64,13,100.0,665.0,66500.0,2024-04-15
2024041501024985,MSHL,64,36,10.0,665.0,6650.0,2024-04-15
2024041501024984,MSHL,64,14,10.0,665.0,6650.0,2024-04-15
2024041501024983,MSHL,64,50,10.0,664.5,6645.0,2024-04-15
2024041501024982,MSHL,64,54,10.0,664.5,6645.0,2024-04-15
2024041501024981,MSHL,64,6,10.0,664.5,6645.0,2024-04-15
2024041501024980,MSHL,64,56,10.0,664.5,6645.0,2024-04-15
2024041501024979,MSHL,64,59,121.0,664.5,80404.5,2024-04-15
2024041501024978,MSHL,64,52,80.0,664.4,53152.0,2024-04-15
2024041501024977,MSHL,64,58,20.0,663.0,13260.0,2024-04-15
2024041501024976,MSHL,64,47,10.0,660.0,6600.0,2024-04-15
2024041501024975,MSHL,64,53,10.0,660.0,6600.0,2024-04-15
2024041501024974,MSHL,64,43,10.0,657.9,6579.0,2024-04-15
2024041501024973,MSHL,64,3,20.0,657.0,13140.0,2024-04-15
2024041501024972,MSHL,64,38,30.0,656.0,19680.0,2024-04-15
2024041501024971,MSHL,64,53,10.0,655.0,6550.0,2024-04-15
2024041501024970,MSHL,64,91,30.0,651.0,19530.0,2024-04-15
2024041501024969,MSHL,64,19,10.0,650.0,6500.0,2024-04-15
2024041501024968,MSHL,64,91,10.0,650.0,6500.0,2024-04-15
2024041501024967,MSHL,64,17,100.0,649.0,64900.0,2024-04-15
2024041501024966,MSHL,64,41,10.0,649.0,6490.0,2024-04-15
2024041501024965,MSHL,64,6,10.0,649.0,6490.0,2024-04-15
2024041501024964,MSHL,64,5,10.0,648.7,6487.0,2024-04-15
2024041501024963,MSHL,64,5,400.0,648.7,259480.0,2024-04-15
2024041501024962,MSHL,64,58,90.0,648.0,58320.0,2024-04-15
2024041501024961,MSHL,64,42,10.0,648.0,6480.0,2024-04-15
2024041501024960,MSHL,64,14,20.0,646.0,12920.0,2024-04-15
2024041501024959,MSHL,64,26,61.0,645.0,39345.0,2024-04-15
2024041504009819,KPCL,32,57,10.0,407.0,4070.0,2024-04-15
2024041503011146,NLIC,82,40,10.0,595.0,5950.0,2024-04-15
2024041503011145,NLIC,82,67,30.0,594.9,17847.0,2024-04-15
2024041503011144,NLIC,82,41,20.0,594.5,11890.0,2024-04-15
2024041501024958,HHL,42,38,10.0,380.0,3800.0,2024-04-15
2024041505004233,NRN,46,54,10.0,530.0,5300.0,2024-04-15
2024041501024957,RHGCL,65,58,81.0,345.0,27945.0,2024-04-15
2024041501024956,RHGCL,65,38,500.0,345.0,172500.0,2024-04-15
2024041501024955,RHGCL,65,85,219.0,345.0,75555.0,2024-04-15
2024041501024954,RHGCL,65,32,200.0,344.0,68800.0,2024-04-15
2024041501024953,NRM,65,64,160.0,367.0,58720.0,2024-04-15
2024041501024952,NRM,65,13,500.0,366.0,183000.0,2024-04-15
2024041501024951,NRM,65,32,340.0,366.0,124440.0,2024-04-15
2024041503011143,MPFL,33,49,45.0,370.0,16650.0,2024-04-15
2024041503011142,MPFL,1,49,10.0,370.0,3700.0,2024-04-15
2024041503011141,MPFL,6,49,100.0,370.1,37010.0,2024-04-15
2024041503011140,MPFL,6,49,20.0,370.5,7410.0,2024-04-15
2024041503011139,FMDBL,17,49,75.0,616.0,46200.0,2024-04-15
2024041503011138,FMDBL,22,49,30.0,616.0,18480.0,2024-04-15
2024041503011137,FMDBL,44,49,125.0,616.0,77000.0,2024-04-15
2024041503011136,FMDBL,44,49,20.0,616.1,12322.0,2024-04-15
2024041503011135,FMDBL,57,49,50.0,616.2,30810.0,2024-04-15
2024041501024950,BHL,45,49,10.0,344.7,3447.0,2024-04-15
2024041501024949,CZBIL,52,55,116.0,156.8,18188.8,2024-04-15
2024041501024948,CZBIL,38,55,100.0,156.8,15680.0,2024-04-15
2024041503011134,ALICL,45,57,100.0,555.0,55500.0,2024-04-15
2024041503011133,GUFL,41,57,90.0,823.0,74070.0,2024-04-15
2024041501024947,SHIVM,56,49,221.0,512.4,113240.4,2024-04-15
2024041501024946,HDL,35,34,12.0,1480.1,17761.2,2024-04-15
2024041501024945,IHL,5,38,20.0,397.0,7940.0,2024-04-15
2024041501024944,HATHY,42,47,20.0,855.0,17100.0,2024-04-15
2024041501024943,HATHY,38,47,50.0,855.0,42750.0,2024-04-15
2024041501024942,HATHY,57,47,128.0,855.0,109440.0,2024-04-15
2024041501024941,MBL,22,3,50.0,171.1,8555.0,2024-04-15
2024041501024940,SONA,42,22,173.0,447.0,77331.0,2024-04-15
2024041501024939,ILI,60,53,91.0,553.0,50323.0,2024-04-15
2024041501024938,BNHC,32,60,10.0,475.0,4750.0,2024-04-15
2024041503011132,SJLIC,32,49,50.0,500.0,25000.0,2024-04-15
2024041501024937,IHL,43,38,20.0,397.0,7940.0,2024-04-15
2024041501024936,NBL,38,84,10.0,208.5,2085.0,2024-04-15
2024041503011131,PFL,13,32,180.0,523.0,94140.0,2024-04-15
2024041501024935,MEHL,45,14,10.0,323.0,3230.0,2024-04-15
2024041503011130,RLFL,25,57,570.0,358.0,204060.0,2024-04-15
2024041503011129,RLFL,25,58,90.0,357.9,32211.0,2024-04-15
2024041504009818,HDHPC,25,64,220.0,132.2,29084.0,2024-04-15
2024041503011128,PFL,51,34,58.0,522.0,30276.0,2024-04-15
2024041503011127,PFL,47,34,200.0,522.6,104520.0,2024-04-15
2024041503011126,PFL,1,34,42.0,522.7,21953.4,2024-04-15
2024041503011125,KLBSL,62,34,10.0,884.9,8849.0,2024-04-15
2024041501024934,MKHC,35,47,200.0,328.0,65600.0,2024-04-15
2024041501024933,MKHC,71,47,800.0,328.0,262400.0,2024-04-15
2024041501024932,MBJC,47,43,10.0,304.0,3040.0,2024-04-15
2024041501024931,MBJC,47,38,10.0,303.9,3039.0,2024-04-15
2024041501024930,MANDU,65,19,50.0,766.0,38300.0,2024-04-15
2024041501024929,TVCL,42,22,10.0,480.0,4800.0,2024-04-15
2024041501024928,TVCL,42,13,20.0,479.0,9580.0,2024-04-15
2024041504009817,HDHPC,54,54,360.0,132.1,47556.0,2024-04-15
2024041504009816,HDHPC,36,54,200.0,132.1,26420.0,2024-04-15
2024041504009815,HDHPC,41,54,200.0,132.1,26420.0,2024-04-15
2024041504009814,HDHPC,39,54,200.0,132.1,26420.0,2024-04-15
2024041503011124,SIFC,58,54,21.0,379.0,7959.0,2024-04-15
2024041504009813,PPCL,36,43,357.0,246.1,87857.7,2024-04-15
2024041504009812,PPCL,1,43,60.0,246.5,14790.0,2024-04-15
2024041501024927,MANDU,65,28,548.0,765.6,419548.8,2024-04-15
2024041501024926,MANDU,65,47,100.0,765.0,76500.0,2024-04-15
2024041501024925,MANDU,65,32,80.0,765.0,61200.0,2024-04-15
2024041501024924,MANDU,65,39,20.0,763.4,15268.0,2024-04-15
2024041503011123,FMDBL,6,58,100.0,617.0,61700.0,2024-04-15
2024041504009811,HPPL,38,42,110.0,270.0,29700.0,2024-04-15
2024041504009810,HPPL,38,49,100.0,269.9,26990.0,2024-04-15
2024041504009809,HPPL,38,29,290.0,269.2,78068.0,2024-04-15
2024041503011122,DDBL,50,38,20.0,708.0,14160.0,2024-04-15
2024041501024923,BHDC,50,35,10.0,479.0,4790.0,2024-04-15
2024041501024922,BHDC,50,11,10.0,479.0,4790.0,2024-04-15
2024041504009808,AHPC,34,35,10.0,169.9,1699.0,2024-04-15
2024041501024921,MBL,33,3,25.0,171.1,4277.5,2024-04-15
2024041501024920,MANDU,71,21,120.0,763.2,91584.0,2024-04-15
2024041503011121,PROFL,16,58,10.0,321.0,3210.0,2024-04-15
2024041501024919,SONA,22,36,20.0,448.0,8960.0,2024-04-15
2024041505004232,CHDC,69,42,20.0,812.0,16240.0,2024-04-15
2024041503011120,EDBL,42,8,36.0,365.0,13140.0,2024-04-15
2024041503011119,EDBL,42,20,92.0,363.2,33414.4,2024-04-15
2024041503011118,EDBL,42,50,72.0,362.3,26085.6,2024-04-15
2024041503011117,EDBL,42,39,300.0,361.0,108300.0,2024-04-15
2024041503011116,EDBL,42,36,50.0,360.0,18000.0,2024-04-15
2024041503011115,EDBL,42,21,150.0,360.0,54000.0,2024-04-15
2024041501024918,MEL,49,43,460.0,233.0,107180.0,2024-04-15
2024041501024917,MEL,58,43,40.0,233.1,9324.0,2024-04-15
2024041501024916,NICA,43,7,20.0,390.1,7802.0,2024-04-15
2024041501024915,BEDC,88,57,140.0,372.0,52080.0,2024-04-15
2024041503011114,SJLIC,77,49,72.0,500.0,36000.0,2024-04-15
2024041503011113,SJLIC,52,49,95.0,500.0,47500.0,2024-04-15
2024041503011112,SJLIC,43,49,80.0,500.0,40000.0,2024-04-15
2024041503011111,SJLIC,16,49,100.0,500.0,50000.0,2024-04-15
2024041503011110,SJLIC,42,49,10.0,500.0,5000.0,2024-04-15
2024041503011109,SJLIC,3,49,40.0,500.0,20000.0,2024-04-15
2024041503011108,SJLIC,53,49,100.0,500.0,50000.0,2024-04-15
2024041503011107,SJLIC,59,49,500.0,500.0,250000.0,2024-04-15
2024041504009807,SPDL,26,58,50.0,239.0,11950.0,2024-04-15
2024041504009806,KKHC,58,34,20.0,228.0,4560.0,2024-04-15
2024041501024914,ULHC,45,45,20.0,343.7,6874.0,2024-04-15
2024041504009805,LEC,41,59,75.0,185.0,13875.0,2024-04-15
2024041501024913,MEL,58,1,10.0,233.1,2331.0,2024-04-15
2024041501024912,HHL,57,38,10.0,380.0,3800.0,2024-04-15
2024041501024911,DLBS,26,43,20.0,1230.0,24600.0,2024-04-15
2024041501024910,DLBS,26,35,10.0,1230.0,12300.0,2024-04-15
2024041501024909,DLBS,26,49,60.0,1225.0,73500.0,2024-04-15
2024041501024908,SNLI,22,41,10.0,589.0,5890.0,2024-04-15
2024041501024907,IHL,36,6,290.0,397.9,115391.0,2024-04-15
2024041501024906,IHL,36,53,10.0,395.0,3950.0,2024-04-15
2024041504009804,SHEL,25,62,150.0,170.0,25500.0,2024-04-15
2024041503011106,ILBS,62,70,10.0,984.0,9840.0,2024-04-15
2024041503011105,GILB,62,62,10.0,986.5,9865.0,2024-04-15
2024041501024905,DLBS,5,49,20.0,1225.0,24500.0,2024-04-15
2024041503011104,MLBBL,57,53,50.0,1068.0,53400.0,2024-04-15
2024041501024904,SPHL,42,25,100.0,472.0,47200.0,2024-04-15
2024041503011103,ICFC,49,45,100.0,508.0,50800.0,2024-04-15
2024041501024903,MKHL,58,13,40.0,467.0,18680.0,2024-04-15
2024041501024902,MKHL,58,42,10.0,467.0,4670.0,2024-04-15
2024041501024901,MKHL,58,21,100.0,466.0,46600.0,2024-04-15
2024041501024900,MKHL,58,52,10.0,466.0,4660.0,2024-04-15
2024041501024899,MKHL,58,54,10.0,466.0,4660.0,2024-04-15
2024041501024898,MKHL,58,49,10.0,466.0,4660.0,2024-04-15
2024041501024897,MKHL,58,55,10.0,465.0,4650.0,2024-04-15
2024041501024896,MKHL,58,49,10.0,465.0,4650.0,2024-04-15
2024041501024895,MKHL,58,42,10.0,465.0,4650.0,2024-04-15
2024041501024894,MKHL,58,58,10.0,465.0,4650.0,2024-04-15
2024041501024893,MKHL,58,22,10.0,465.0,4650.0,2024-04-15
2024041501024892,MKHL,58,42,10.0,465.0,4650.0,2024-04-15
2024041501024891,MKHL,58,64,10.0,465.0,4650.0,2024-04-15
2024041501024890,MKHL,58,42,10.0,465.0,4650.0,2024-04-15
2024041501024889,MKHL,58,41,10.0,465.0,4650.0,2024-04-15
2024041501024888,MKHL,58,35,10.0,464.9,4649.0,2024-04-15
2024041501024887,MKHL,58,32,10.0,464.0,4640.0,2024-04-15
2024041501024886,MKHL,58,13,300.0,464.0,139200.0,2024-04-15
2024041501024885,MKHL,58,6,10.0,464.0,4640.0,2024-04-15
2024041501024884,MKHL,58,8,10.0,464.0,4640.0,2024-04-15
2024041501024883,MKHL,58,42,10.0,464.0,4640.0,2024-04-15
2024041501024882,MKHL,58,47,10.0,463.9,4639.0,2024-04-15
2024041501024881,MKHL,58,51,10.0,463.0,4630.0,2024-04-15
2024041501024880,MKHL,58,58,10.0,463.0,4630.0,2024-04-15
2024041501024879,MKHL,58,58,10.0,463.0,4630.0,2024-04-15
2024041501024878,MKHL,58,49,100.0,462.9,46290.0,2024-04-15
2024041501024877,MKHL,58,56,300.0,462.0,138600.0,2024-04-15
2024041501024876,MKHL,58,38,250.0,462.0,115500.0,2024-04-15
2024041501024875,MKHL,58,58,250.0,462.0,115500.0,2024-04-15
2024041501024874,MKHL,58,45,100.0,462.0,46200.0,2024-04-15
2024041501024873,MKHL,58,34,10.0,462.0,4620.0,2024-04-15
2024041501024872,MKHL,58,58,10.0,461.0,4610.0,2024-04-15
2024041501024871,MKHL,58,57,10.0,460.0,4600.0,2024-04-15
2024041501024870,MKHL,58,22,100.0,460.0,46000.0,2024-04-15
2024041501024869,MKHL,58,52,275.0,460.0,126500.0,2024-04-15
2024041501024868,MKHL,58,43,10.0,460.0,4600.0,2024-04-15
2024041501024867,MKHL,58,38,10.0,460.0,4600.0,2024-04-15
2024041501024866,MKHL,58,17,10.0,460.0,4600.0,2024-04-15
2024041501024865,MKHL,58,56,10.0,460.0,4600.0,2024-04-15
2024041501024864,MKHL,58,38,2895.0,459.3,1329673.5,2024-04-15
2024041501024863,MHCL,50,1,20.0,415.0,8300.0,2024-04-15
2024041501024862,ILI,60,59,172.0,553.0,95116.0,2024-04-15
2024041503011102,JBBL,17,34,12.0,289.0,3468.0,2024-04-15
2024041504009803,SSHL,36,49,300.0,164.8,49440.0,2024-04-15
2024041501024861,GCIL,38,4,30.0,484.3,14529.0,2024-04-15
2024041501024860,GCIL,38,4,300.0,484.5,145350.0,2024-04-15
2024041501024859,RNLI,4,4,110.0,428.1,47091.0,2024-04-15
2024041501024858,RNLI,25,4,10.0,428.1,4281.0,2024-04-15
2024041501024857,CYCL,62,39,500.0,1823.0,911500.0,2024-04-15
2024041501024856,CYCL,62,37,20.0,1820.0,36400.0,2024-04-15
2024041501024855,CYCL,62,84,200.0,1800.0,360000.0,2024-04-15
2024041501024854,CYCL,62,32,20.0,1745.2,34904.0,2024-04-15
2024041501024853,CYCL,62,14,10.0,1744.2,17442.0,2024-04-15
2024041501024852,CYCL,62,5,50.0,1744.0,87200.0,2024-04-15
2024041501024851,CYCL,62,46,13.0,1744.0,22672.0,2024-04-15
2024041501024850,CYCL,62,32,40.0,1743.1,69724.0,2024-04-15
2024041501024849,CYCL,62,35,20.0,1743.0,34860.0,2024-04-15
2024041501024848,CYCL,62,16,16.0,1742.0,27872.0,2024-04-15
2024041501024847,CYCL,62,58,51.0,1742.0,88842.0,2024-04-15
2024041501024846,CYCL,62,41,43.0,1741.0,74863.0,2024-04-15
2024041501024845,CYCL,62,62,100.0,1740.1,174010.0,2024-04-15
2024041501024844,CYCL,62,4,13.0,1740.0,22620.0,2024-04-15
2024041501024843,CYCL,62,37,10.0,1740.0,17400.0,2024-04-15
2024041501024842,CYCL,62,65,20.0,1740.0,34800.0,2024-04-15
2024041501024841,CYCL,62,39,50.0,1739.4,86970.0,2024-04-15
2024041501024840,CYCL,62,41,10.0,1739.0,17390.0,2024-04-15
2024041501024839,CYCL,62,21,20.0,1738.0,34760.0,2024-04-15
2024041501024838,CYCL,62,19,26.0,1736.0,45136.0,2024-04-15
2024041501024837,CYCL,62,49,13.0,1734.0,22542.0,2024-04-15
2024041501024836,CYCL,62,42,103.0,1730.0,178190.0,2024-04-15
2024041501024835,CYCL,62,42,10.0,1730.0,17300.0,2024-04-15
2024041501024834,CYCL,62,48,10.0,1729.0,17290.0,2024-04-15
2024041501024833,CYCL,62,21,10.0,1723.0,17230.0,2024-04-15
2024041501024832,CYCL,62,5,50.0,1721.0,86050.0,2024-04-15
2024041501024831,CYCL,62,34,10.0,1720.0,17200.0,2024-04-15
2024041501024830,CYCL,62,58,13.0,1720.0,22360.0,2024-04-15
2024041501024829,CYCL,62,11,30.0,1720.0,51600.0,2024-04-15
2024041501024828,CYCL,62,42,10.0,1720.0,17200.0,2024-04-15
2024041501024827,CYCL,62,38,50.0,1720.0,86000.0,2024-04-15
2024041501024826,CYCL,62,56,80.0,1720.0,137600.0,2024-04-15
2024041501024825,CYCL,62,62,80.0,1720.0,137600.0,2024-04-15
2024041501024824,CYCL,62,58,13.0,1718.7,22343.1,2024-04-15
2024041501024823,CYCL,62,41,13.0,1718.0,22334.0,2024-04-15
2024041501024822,CYCL,62,5,500.0,1717.6,858800.0,2024-04-15
2024041501024821,CYCL,62,41,100.0,1717.0,171700.0,2024-04-15
2024041501024820,CYCL,62,58,10.0,1716.6,17166.0,2024-04-15
2024041501024819,CYCL,62,45,10.0,1713.6,17136.0,2024-04-15
2024041501024818,CYCL,62,66,13.0,1713.6,22276.8,2024-04-15
2024041501024817,CYCL,62,44,180.0,1713.5,308430.0,2024-04-15
2024041501024816,CYCL,62,45,300.0,1713.0,513900.0,2024-04-15
2024041501024815,CYCL,62,37,23.0,1713.0,39399.0,2024-04-15
2024041501024814,CYCL,62,62,180.0,1712.0,308160.0,2024-04-15
2024041501024813,CYCL,62,49,13.0,1711.0,22243.0,2024-04-15
2024041501024812,CYCL,62,42,13.0,1710.0,22230.0,2024-04-15
2024041501024811,CYCL,62,39,14.0,1710.0,23940.0,2024-04-15
2024041501024810,CYCL,62,57,10.0,1710.0,17100.0,2024-04-15
2024041501024809,CYCL,62,52,100.0,1710.0,171000.0,2024-04-15
2024041501024808,CYCL,62,62,12.0,1710.0,20520.0,2024-04-15
2024041501024807,CYCL,62,55,13.0,1709.0,22217.0,2024-04-15
2024041501024806,CYCL,62,45,40.0,1708.5,68340.0,2024-04-15
2024041501024805,CYCL,62,38,200.0,1707.0,341400.0,2024-04-15
2024041501024804,CYCL,62,37,350.0,1705.0,596750.0,2024-04-15
2024041501024803,CYCL,62,48,10.0,1705.0,17050.0,2024-04-15
2024041501024802,CYCL,62,45,46.0,1704.0,78384.0,2024-04-15
2024041501024801,CYCL,62,38,13.0,1703.0,22139.0,2024-04-15
2024041501024800,CYCL,62,41,50.0,1703.0,85150.0,2024-04-15
2024041501024799,CYCL,62,43,50.0,1703.0,85150.0,2024-04-15
2024041501024798,CYCL,62,57,209.0,1702.0,355718.0,2024-04-15
2024041501024797,CYCL,62,42,10.0,1701.4,17014.0,2024-04-15
2024041501024796,CYCL,62,51,14.0,1701.3,23818.2,2024-04-15
2024041501024795,NRM,57,22,105.0,363.2,38136.0,2024-04-15
2024041501024794,NRM,35,22,15.0,363.3,5449.5,2024-04-15
2024041501024793,NRM,14,22,100.0,363.9,36390.0,2024-04-15
2024041501024792,NRM,38,22,100.0,364.0,36400.0,2024-04-15
2024041501024791,NRM,49,22,30.0,364.0,10920.0,2024-04-15
2024041501024790,BNHC,32,60,10.0,475.0,4750.0,2024-04-15
2024041503011101,USLB,75,44,190.0,1830.0,347700.0,2024-04-15
2024041503011100,USLB,7,44,50.0,1830.0,91500.0,2024-04-15
2024041503011099,USLB,34,44,10.0,1830.0,18300.0,2024-04-15
2024041503011098,USLB,66,44,10.0,1830.0,18300.0,2024-04-15
2024041503011097,USLB,66,44,10.0,1840.0,18400.0,2024-04-15
2024041503011096,SMFBS,45,84,10.0,1161.2,11612.0,2024-04-15
2024041504009802,NHPC,58,8,57.0,146.2,8333.4,2024-04-15
2024041504009801,NHPC,34,8,393.0,146.2,57456.6,2024-04-15
2024041505004231,HIDCL,40,49,19.0,165.1,3136.9,2024-04-15
2024041501024789,BEDC,45,57,10.0,372.0,3720.0,2024-04-15
2024041501024788,CYCL,58,51,56.0,1701.3,95272.8,2024-04-15
2024041501024787,CYCL,58,45,10.0,1700.4,17004.0,2024-04-15
2024041501024786,CYCL,58,34,100.0,1700.0,170000.0,2024-04-15
2024041501024785,CYCL,58,6,100.0,1700.0,170000.0,2024-04-15
2024041501024784,CYCL,58,54,43.0,1700.0,73100.0,2024-04-15
2024041501024783,CYCL,58,49,223.0,1700.0,379100.0,2024-04-15
2024041501024782,CYCL,58,49,10.0,1700.0,17000.0,2024-04-15
2024041501024781,CYCL,58,34,18.0,1700.0,30600.0,2024-04-15
2024041501024780,CYCL,58,46,10.0,1700.0,17000.0,2024-04-15
2024041501024779,CYCL,58,48,13.0,1700.0,22100.0,2024-04-15
2024041501024778,CYCL,58,42,10.0,1700.0,17000.0,2024-04-15
2024041501024777,CYCL,58,58,20.0,1700.0,34000.0,2024-04-15
2024041501024776,CYCL,58,58,13.0,1700.0,22100.0,2024-04-15
2024041501024775,CYCL,58,36,15.0,1699.0,25485.0,2024-04-15
2024041501024774,CYCL,58,34,100.0,1698.4,169840.0,2024-04-15
2024041501024773,CYCL,58,49,10.0,1698.3,16983.0,2024-04-15
2024041501024772,CYCL,58,19,13.0,1698.0,22074.0,2024-04-15
2024041501024771,CYCL,58,16,250.0,1698.0,424500.0,2024-04-15
2024041501024770,CYCL,58,43,10.0,1698.0,16980.0,2024-04-15
2024041501024769,CYCL,58,52,40.0,1698.0,67920.0,2024-04-15
2024041501024768,CYCL,58,38,100.0,1695.0,169500.0,2024-04-15
2024041501024767,CYCL,58,26,10.0,1695.0,16950.0,2024-04-15
2024041501024766,CYCL,58,25,150.0,1693.0,253950.0,2024-04-15
2024041501024765,CYCL,58,49,10.0,1691.0,16910.0,2024-04-15
2024041501024764,CYCL,58,16,20.0,1690.9,33818.0,2024-04-15
2024041501024763,CYCL,58,56,100.0,1690.8,169080.0,2024-04-15
2024041501024762,CYCL,58,43,50.0,1690.0,84500.0,2024-04-15
2024041501024761,CYCL,58,16,13.0,1690.0,21970.0,2024-04-15
2024041501024760,CYCL,58,21,10.0,1685.0,16850.0,2024-04-15
2024041501024759,CYCL,58,21,13.0,1685.0,21905.0,2024-04-15
2024041501024758,CYCL,58,16,10.0,1683.0,16830.0,2024-04-15
2024041501024757,CYCL,58,62,40.0,1683.0,67320.0,2024-04-15
2024041501024756,CYCL,58,57,50.0,1680.0,84000.0,2024-04-15
2024041501024755,CYCL,58,58,10.0,1680.0,16800.0,2024-04-15
2024041501024754,CYCL,58,65,52.0,1680.0,87360.0,2024-04-15
2024041501024753,CYCL,58,65,88.0,1680.0,147840.0,2024-04-15
2024041501024752,CYCL,58,6,100.0,1678.0,167800.0,2024-04-15
2024041501024751,CYCL,58,6,110.0,1675.8,184338.0,2024-04-15
2024041501024750,PRVU,17,26,50.0,138.0,6900.0,2024-04-15
2024041501024749,ILI,60,63,437.0,553.0,241661.0,2024-04-15
2024041504009800,LEC,41,68,125.0,185.0,23125.0,2024-04-15
2024041504009799,LEC,26,68,100.0,185.0,18500.0,2024-04-15
2024041504009798,LEC,48,68,10.0,185.0,1850.0,2024-04-15
2024041504009797,LEC,44,68,765.0,185.0,141525.0,2024-04-15
2024041503011095,GUFL,41,3,1000.0,823.0,823000.0,2024-04-15
2024041501024748,SHLB,29,19,10.0,1321.0,13210.0,2024-04-15
2024041504009796,CGH,38,32,10.0,805.0,8050.0,2024-04-15
2024041503011094,ALICL,36,28,80.0,554.0,44320.0,2024-04-15
2024041501024747,CYCL,39,6,190.0,1675.8,318402.0,2024-04-15
2024041501024746,CYCL,39,32,193.0,1675.0,323275.0,2024-04-15
2024041501024745,CYCL,39,49,532.0,1675.0,891100.0,2024-04-15
2024041501024744,CYCL,39,16,10.0,1675.0,16750.0,2024-04-15
2024041501024743,CYCL,39,49,10.0,1674.0,16740.0,2024-04-15
2024041501024742,CYCL,39,42,13.0,1670.0,21710.0,2024-04-15
2024041501024741,CYCL,39,62,185.0,1670.0,308950.0,2024-04-15
2024041501024740,CYCL,39,39,500.0,1670.0,835000.0,2024-04-15
2024041501024739,CYCL,39,81,100.0,1669.0,166900.0,2024-04-15
2024041501024738,CYCL,39,51,10.0,1669.0,16690.0,2024-04-15
2024041501024737,CYCL,39,36,10.0,1668.9,16689.0,2024-04-15
2024041501024736,CYCL,39,51,10.0,1668.0,16680.0,2024-04-15
2024041501024735,CYCL,39,38,13.0,1667.0,21671.0,2024-04-15
2024041501024734,CYCL,39,57,224.0,1667.0,373408.0,2024-04-15
2024041503011093,SJLIC,59,88,200.0,500.0,100000.0,2024-04-15
2024041505004230,KEF,22,65,7000.0,8.03,56210.0,2024-04-15
2024041504009795,UAIL,38,58,10.0,530.0,5300.0,2024-04-15
2024041504009794,BARUN,49,38,10.0,240.1,2401.0,2024-04-15
2024041505004229,HRL,45,48,10.0,606.2,6062.0,2024-04-15
2024041501024733,SONA,29,36,10.0,448.0,4480.0,2024-04-15
2024041504009793,KKHC,58,34,500.0,228.0,114000.0,2024-04-15
2024041501024732,NWCL,26,41,10.0,748.0,7480.0,2024-04-15
2024041503011092,GFCL,52,45,10.0,463.0,4630.0,2024-04-15
2024041501024731,MCHL,75,22,127.0,408.0,51816.0,2024-04-15
2024041504009792,UMHL,26,53,300.0,251.0,75300.0,2024-04-15
2024041503011091,JFL,8,19,20.0,439.8,8796.0,2024-04-15
2024041503011090,JFL,8,45,80.0,438.2,35056.0,2024-04-15
2024041505004228,HRL,45,55,10.0,606.2,6062.0,2024-04-15
2024041504009791,HDHPC,49,64,400.0,132.2,52880.0,2024-04-15
2024041501024730,NICA,49,7,20.0,391.0,7820.0,2024-04-15
2024041503011089,CFCL,71,7,100.0,374.0,37400.0,2024-04-15
2024041504009790,SSHL,17,49,110.0,164.8,18128.0,2024-04-15
2024041504009789,SSHL,17,26,190.0,162.5,30875.0,2024-04-15
2024041504009788,UPPER,58,16,10.0,168.7,1687.0,2024-04-15
2024041505004227,HRL,45,58,10.0,606.2,6062.0,2024-04-15
2024041503011088,LBBL,45,34,200.0,369.2,73840.0,2024-04-15
2024041504009787,DHPL,41,34,16.0,198.0,3168.0,2024-04-15
2024041504009786,DHPL,29,34,200.0,198.0,39600.0,2024-04-15
2024041504009785,DHPL,39,34,100.0,198.0,19800.0,2024-04-15
2024041504009784,DHPL,41,34,184.0,198.0,36432.0,2024-04-15
2024041501024729,PCBL,4,49,14.0,190.7,2669.8,2024-04-15
2024041501024728,GCIL,4,85,26.0,485.0,12610.0,2024-04-15
2024041501024727,NYADI,16,52,14.0,297.0,4158.0,2024-04-15
2024041501024726,SNLI,22,32,78.0,589.0,45942.0,2024-04-15
2024041504009783,HURJA,53,5,320.0,291.0,93120.0,2024-04-15
2024041501024725,ADBL,54,56,25.0,225.0,5625.0,2024-04-15
2024041504009782,JOSHI,42,81,17.0,338.9,5761.3,2024-04-15
2024041501024724,SARBTM,38,58,20.0,804.0,16080.0,2024-04-15
2024041501024723,HDL,91,45,100.0,1481.0,148100.0,2024-04-15
2024041501024722,PCBL,45,49,529.0,190.7,100880.3,2024-04-15
2024041503011087,GFCL,14,45,10.0,463.0,4630.0,2024-04-15
2024041505004226,NRIC,41,66,10.0,736.1,7361.0,2024-04-15
2024041501024721,RHGCL,28,58,10.0,342.0,3420.0,2024-04-15
2024041503011086,MDB,57,38,10.0,425.0,4250.0,2024-04-15
2024041504009781,BPCL,41,45,7.0,298.0,2086.0,2024-04-15
2024041504009780,BPCL,34,45,200.0,298.0,59600.0,2024-04-15
2024041501024720,MKHC,71,36,300.0,328.0,98400.0,2024-04-15
2024041503011085,ILBS,74,41,190.0,976.1,185459.0,2024-04-15
2024041503011084,ILBS,62,41,100.0,977.0,97700.0,2024-04-15
2024041503011083,ILBS,62,41,16.0,977.0,15632.0,2024-04-15
2024041504009779,UNHPL,36,59,401.0,233.5,93633.5,2024-04-15
2024041504009778,UNHPL,36,32,50.0,232.0,11600.0,2024-04-15
2024041504009777,UNHPL,36,5,549.0,232.0,127368.0,2024-04-15
2024041503011082,MLBL,21,41,112.0,318.7,35694.4,2024-04-15
2024041503011081,MLBL,55,41,28.0,318.8,8926.4,2024-04-15
2024041503011080,GMFIL,16,59,10.0,365.9,3659.0,2024-04-15
2024041501024719,SONA,3,36,10.0,448.0,4480.0,2024-04-15
2024041501024718,MBL,14,3,520.0,171.1,88972.0,2024-04-15
2024041501024717,MBL,42,3,42.0,171.6,7207.2,2024-04-15
2024041501024716,MBL,58,3,320.0,171.6,54912.0,2024-04-15
2024041504009776,NGPL,16,57,50.0,327.0,16350.0,2024-04-15
2024041501024715,PPL,62,38,500.0,623.0,311500.0,2024-04-15
2024041501024714,CYCL,19,48,49.0,1652.0,80948.0,2024-04-15
2024041505004225,ENL,37,45,10.0,796.8,7968.0,2024-04-15
2024041501024713,SMJC,71,28,100.0,382.5,38250.0,2024-04-15
2024041501024712,SMJC,71,37,150.0,382.0,57300.0,2024-04-15
2024041501024711,SMJC,71,52,100.0,382.0,38200.0,2024-04-15
2024041501024710,ADBL,38,56,70.0,225.0,15750.0,2024-04-15
2024041503011079,GFCL,36,58,40.0,458.3,18332.0,2024-04-15
2024041501024709,SAHAS,41,58,14.0,514.0,7196.0,2024-04-15
2024041501024708,SAHAS,33,58,136.0,514.0,69904.0,2024-04-15
2024041505004224,CHDC,69,55,10.0,812.0,8120.0,2024-04-15
2024041504009775,GHL,85,39,37.0,152.5,5642.5,2024-04-15
2024041504009774,GHL,45,39,65.0,152.5,9912.5,2024-04-15
2024041504009773,GHL,14,39,548.0,152.5,83570.0,2024-04-15
2024041505004223,NIFRA,61,42,54.0,201.8,10897.2,2024-04-15
2024041501024707,SIKLES,35,44,10.0,514.0,5140.0,2024-04-15
2024041503011078,RSDC,13,7,178.0,615.0,109470.0,2024-04-15
2024041503011077,RSDC,33,7,50.0,615.0,30750.0,2024-04-15
2024041503011076,RSDC,48,7,30.0,615.0,18450.0,2024-04-15
2024041504009772,SGIC,20,20,70.0,521.1,36477.0,2024-04-15
2024041504009771,SGIC,20,20,50.0,522.0,26100.0,2024-04-15
2024041504009770,SGIC,36,20,20.0,522.0,10440.0,2024-04-15
2024041504009769,SGIC,57,20,360.0,522.0,187920.0,2024-04-15
2024041503011075,SWBBL,50,26,10.0,754.9,7549.0,2024-04-15
2024041504009768,CGH,38,14,60.0,805.0,48300.0,2024-04-15
2024041503011074,SABSL,49,38,10.0,820.0,8200.0,2024-04-15
2024041503011073,GBLBS,49,58,100.0,636.0,63600.0,2024-04-15
2024041504009767,CGH,59,14,40.0,805.0,32200.0,2024-04-15
2024041504009766,CGH,59,17,10.0,805.0,8050.0,2024-04-15
2024041504009765,NLG,56,55,13.0,763.0,9919.0,2024-04-15
2024041501024706,CBLD88,42,58,50.0,1050.0,52500.0,2024-04-15
2024041504009764,SJCL,52,66,10.0,279.8,2798.0,2024-04-15
2024041503011072,SMFBS,34,45,10.0,1215.0,12150.0,2024-04-15
2024041501024705,EHPL,41,38,20.0,449.0,8980.0,2024-04-15
2024041501024704,ULHC,34,45,20.0,343.7,6874.0,2024-04-15
2024041501024703,ULHC,34,48,10.0,343.0,3430.0,2024-04-15
2024041504009763,KKHC,14,34,200.0,228.0,45600.0,2024-04-15
2024041504009762,KKHC,42,34,300.0,228.0,68400.0,2024-04-15
2024041504009761,KKHC,35,34,250.0,228.0,57000.0,2024-04-15
2024041504009760,KKHC,57,34,200.0,228.0,45600.0,2024-04-15
2024041504009759,KKHC,14,34,200.0,228.0,45600.0,2024-04-15
2024041504009758,KKHC,37,34,100.0,228.0,22800.0,2024-04-15
2024041504009757,KKHC,57,34,400.0,228.0,91200.0,2024-04-15
2024041504009756,KKHC,14,34,100.0,228.0,22800.0,2024-04-15
2024041501024702,CYCL,62,57,276.0,1667.0,460092.0,2024-04-15
2024041501024701,CYCL,62,29,24.0,1665.0,39960.0,2024-04-15
2024041505004222,STC,54,45,10.0,4500.0,45000.0,2024-04-15
2024041505004221,STC,54,55,20.0,4499.5,89990.0,2024-04-15
2024041505004220,STC,54,55,50.0,4499.5,224975.0,2024-04-15
2024041505004219,STC,54,49,30.0,4498.0,134940.0,2024-04-15
2024041504009755,JOSHI,45,44,60.0,337.0,20220.0,2024-04-15
2024041504009754,JOSHI,49,44,500.0,337.0,168500.0,2024-04-15
2024041501024700,BGWT,62,91,87.0,622.0,54114.0,2024-04-15
2024041504009753,GHL,49,54,100.0,153.0,15300.0,2024-04-15
2024041503011071,JFL,49,49,10.0,438.1,4381.0,2024-04-15
2024041505004218,NRN,58,49,100.0,529.0,52900.0,2024-04-15
2024041501024699,KBL,45,58,3.0,136.0,408.0,2024-04-15
2024041503011070,SJLIC,51,4,100.0,500.4,50040.0,2024-04-15
2024041501024698,GBIME,34,42,40.0,177.0,7080.0,2024-04-15
2024041501024697,MKHL,58,5,803.0,458.0,367774.0,2024-04-15
2024041501024696,PPL,62,28,180.0,623.0,112140.0,2024-04-15
2024041501024695,SHIVM,42,49,79.0,512.4,40479.6,2024-04-15
2024041501024694,GVL,1,8,10.0,422.5,4225.0,2024-04-15
2024041504009752,AKPL,34,8,85.0,171.1,14543.5,2024-04-15
2024041504009751,AKPL,34,8,100.0,171.5,17150.0,2024-04-15
2024041504009750,AKPL,22,8,100.0,171.5,17150.0,2024-04-15
2024041504009749,AKPL,28,8,100.0,171.5,17150.0,2024-04-15
2024041504009748,AKPL,26,8,40.0,171.5,6860.0,2024-04-15
2024041504009747,AKPL,80,8,150.0,171.5,25725.0,2024-04-15
2024041504009746,AKPL,57,8,125.0,171.7,21462.5,2024-04-15
2024041501024693,SONA,39,13,40.0,445.5,17820.0,2024-04-15
2024041501024692,SONA,4,13,100.0,445.5,44550.0,2024-04-15
2024041501024691,SONA,3,13,100.0,445.5,44550.0,2024-04-15
2024041501024690,SONA,10,13,150.0,445.5,66825.0,2024-04-15
2024041501024689,SONA,34,13,20.0,445.6,8912.0,2024-04-15
2024041501024688,SONA,92,13,90.0,445.6,40104.0,2024-04-15
2024041501024687,ILI,60,6,50.0,553.0,27650.0,2024-04-15
2024041501024686,BGWT,62,48,40.0,622.0,24880.0,2024-04-15
2024041501024685,CZBIL,58,55,866.0,156.9,135875.4,2024-04-15
2024041501024684,DORDI,49,39,10.0,431.9,4319.0,2024-04-15
2024041503011069,MLBL,49,3,62.0,319.0,19778.0,2024-04-15
2024041503011068,CBBL,45,26,10.0,833.0,8330.0,2024-04-15
2024041501024683,MLBS,45,18,96.0,1285.0,123360.0,2024-04-15
2024041504009745,HEI,66,57,10.0,578.5,5785.0,2024-04-15
2024041501024682,MKHL,58,26,1000.0,458.0,458000.0,2024-04-15
2024041501024681,GBIME,57,42,500.0,177.0,88500.0,2024-04-15
2024041501024680,SMHL,57,26,50.0,439.0,21950.0,2024-04-15
2024041501024679,MMKJL,29,34,10.0,403.0,4030.0,2024-04-15
2024041504009744,UPPER,37,16,36.0,168.7,6073.2,2024-04-15
2024041504009743,UPPER,37,55,199.0,168.6,33551.4,2024-04-15
2024041503011067,PMLI,22,42,10.0,505.6,5056.0,2024-04-15
2024041501024678,GBIME,35,42,56.0,177.0,9912.0,2024-04-15
2024041501024677,MCHL,49,45,10.0,409.0,4090.0,2024-04-15
2024041505004217,SAGF,47,1,900.0,8.75,7875.0,2024-04-15
2024041501024676,SHLB,45,38,10.0,1333.0,13330.0,2024-04-15
2024041505004216,NIFRA,11,45,46.0,202.0,9292.0,2024-04-15
2024041505004215,NIFRA,11,21,54.0,202.0,10908.0,2024-04-15
2024041504009742,UPCL,26,45,25.0,200.8,5020.0,2024-04-15
2024041503011066,FMDBL,75,28,10.0,619.0,6190.0,2024-04-15
2024041501024675,ILI,58,43,150.0,554.0,83100.0,2024-04-15
2024041501024674,ILI,58,38,1850.0,553.9,1024715.0,2024-04-15
2024041503011065,NFS,34,51,200.0,453.4,90680.0,2024-04-15
2024041503011064,NFS,58,51,25.0,453.5,11337.5,2024-04-15
2024041503011063,NFS,50,51,30.0,453.5,13605.0,2024-04-15
2024041503011062,NFS,36,51,18.0,453.7,8166.6,2024-04-15
2024041501024673,MSHL,37,26,39.0,645.0,25155.0,2024-04-15
2024041501024672,MSHL,37,59,150.0,645.0,96750.0,2024-04-15
2024041501024671,MSHL,37,3,16.0,645.0,10320.0,2024-04-15
2024041501024670,MSHL,37,7,15.0,645.0,9675.0,2024-04-15
2024041501024669,MSHL,37,81,180.0,644.0,115920.0,2024-04-15
2024041501024668,USHEC,5,42,10.0,373.0,3730.0,2024-04-15
2024041503011061,PROFL,45,34,290.0,318.0,92220.0,2024-04-15
2024041503011060,PROFL,59,34,200.0,318.2,63640.0,2024-04-15
2024041503011059,PROFL,17,34,10.0,320.5,3205.0,2024-04-15
2024041504009741,NGPL,57,64,78.0,325.5,25389.0,2024-04-15
2024041504009740,NGPL,17,64,100.0,325.5,32550.0,2024-04-15
2024041504009739,NGPL,33,64,1122.0,325.6,365323.2,2024-04-15
2024041504009738,NGPL,36,64,200.0,327.0,65400.0,2024-04-15
2024041504009737,MEN,16,45,12.0,511.0,6132.0,2024-04-15
2024041504009736,MEN,16,14,68.0,510.0,34680.0,2024-04-15
2024041501024667,SARBTM,41,53,10.0,803.0,8030.0,2024-04-15
2024041501024666,SARBTM,74,53,10.0,803.1,8031.0,2024-04-15
2024041501024665,SARBTM,58,53,30.0,803.1,24093.0,2024-04-15
2024041503011058,NICLBSL,14,70,100.0,662.0,66200.0,2024-04-15
2024041503011057,NICLBSL,39,70,100.0,662.0,66200.0,2024-04-15
2024041503011056,NICLBSL,25,70,690.0,662.0,456780.0,2024-04-15
2024041501024664,SNLI,42,32,10.0,589.0,5890.0,2024-04-15
2024041501024663,EBL,14,48,10.0,499.0,4990.0,2024-04-15
2024041501024662,MEL,45,36,10.0,233.2,2332.0,2024-04-15
2024041503011055,HLI,35,36,141.0,388.0,54708.0,2024-04-15
2024041503011054,HLI,16,36,200.0,388.6,77720.0,2024-04-15
2024041503011053,HLI,35,36,10.0,388.6,3886.0,2024-04-15
2024041503011052,HLI,7,36,20.0,389.0,7780.0,2024-04-15
2024041503011051,HLI,14,36,55.0,389.0,21395.0,2024-04-15
2024041503011050,HLI,57,36,10.0,389.0,3890.0,2024-04-15
2024041503011049,HLI,33,36,200.0,389.0,77800.0,2024-04-15
2024041503011048,HLI,42,36,10.0,389.0,3890.0,2024-04-15
2024041503011047,HLI,41,36,25.0,389.0,9725.0,2024-04-15
2024041503011046,HLI,58,36,100.0,389.0,38900.0,2024-04-15
2024041503011045,HLI,8,36,10.0,389.0,3890.0,2024-04-15
2024041503011044,HLI,3,36,50.0,389.0,19450.0,2024-04-15
2024041503011043,HLI,58,36,50.0,389.0,19450.0,2024-04-15
2024041503011042,HLI,46,36,230.0,389.0,89470.0,2024-04-15
2024041503011041,HLI,50,36,10.0,389.0,3890.0,2024-04-15
2024041503011040,HLI,43,36,200.0,389.0,77800.0,2024-04-15
2024041503011039,HLI,41,36,50.0,389.0,19450.0,2024-04-15
2024041503011038,HLI,22,36,94.0,389.1,36575.4,2024-04-15
2024041503011037,HLI,35,36,10.0,389.2,3892.0,2024-04-15
2024041503011036,HLI,25,36,500.0,389.3,194650.0,2024-04-15
2024041503011035,HLI,26,36,25.0,390.0,9750.0,2024-04-15
2024041501024661,RNLI,58,35,15.0,429.0,6435.0,2024-04-15
2024041501024660,PPL,62,58,170.0,623.0,105910.0,2024-04-15
2024041503011034,SFCL,21,38,50.0,319.5,15975.0,2024-04-15
2024041503011033,SFCL,21,41,50.0,319.5,15975.0,2024-04-15
2024041504009735,HDHPC,10,64,179.0,132.2,23663.8,2024-04-15
2024041501024659,NIMB,34,43,81.0,155.4,12587.4,2024-04-15
2024041501024658,NIMB,57,43,22.0,155.5,3421.0,2024-04-15
2024041501024657,NIMB,63,43,348.0,155.5,54114.0,2024-04-15
2024041501024656,NRM,65,32,50.0,366.0,18300.0,2024-04-15
2024041505004214,CHDC,88,20,550.0,810.1,445555.0,2024-04-15
2024041505004213,CHDC,71,20,100.0,810.2,81020.0,2024-04-15
2024041505004212,HRL,49,8,20.0,606.2,12124.0,2024-04-15
2024041505004211,NRN,58,46,1550.0,529.0,819950.0,2024-04-15
2024041501024655,BGWT,62,1,100.0,622.0,62200.0,2024-04-15
2024041505004210,NRN,58,14,500.0,529.0,264500.0,2024-04-15
2024041501024654,RHGCL,45,35,10.0,344.0,3440.0,2024-04-15
2024041501024653,HATHY,57,51,72.0,855.0,61560.0,2024-04-15
2024041501024652,HATHY,13,51,100.0,855.0,85500.0,2024-04-15
2024041501024651,HATHY,42,51,100.0,855.0,85500.0,2024-04-15
2024041501024650,HATHY,28,51,10.0,855.0,8550.0,2024-04-15
2024041501024649,HATHY,13,51,100.0,856.0,85600.0,2024-04-15
2024041501024648,HATHY,42,51,40.0,856.0,34240.0,2024-04-15
2024041501024647,HATHY,5,51,100.0,856.1,85610.0,2024-04-15
2024041501024646,HATHY,78,51,100.0,856.1,85610.0,2024-04-15
2024041501024645,HATHY,78,51,78.0,856.1,66775.8,2024-04-15
2024041501024644,HATHY,43,51,200.0,856.2,171240.0,2024-04-15
2024041501024643,HATHY,49,51,100.0,856.3,85630.0,2024-04-15
2024041501024642,GCIL,58,85,20.0,485.0,9700.0,2024-04-15
2024041503011032,SWBBL,1,22,54.0,750.0,40500.0,2024-04-15
2024041504009734,HDHPC,53,64,50.0,132.2,6610.0,2024-04-15
2024041504009733,RURU,7,16,175.0,623.0,109025.0,2024-04-15
2024041504009732,RURU,7,49,12.0,623.0,7476.0,2024-04-15
2024041504009731,RURU,7,34,10.0,622.0,6220.0,2024-04-15
2024041504009730,RURU,7,16,140.0,622.0,87080.0,2024-04-15
2024041504009729,RURU,7,42,10.0,620.0,6200.0,2024-04-15
2024041501024641,H8020,38,48,100.0,8.61,861.0,2024-04-15
2024041505004209,NRIC,41,66,42.0,736.1,30916.2,2024-04-15
2024041505004208,NRIC,4,66,50.0,736.2,36810.0,2024-04-15
2024041504009728,CHL,56,59,11.0,318.0,3498.0,2024-04-15
2024041504009727,NGPL,4,45,11.0,328.0,3608.0,2024-04-15
2024041504009726,NGPL,4,42,43.0,328.0,14104.0,2024-04-15
2024041504009725,NGPL,58,42,107.0,328.0,35096.0,2024-04-15
2024041504009724,NGPL,58,6,100.0,328.0,32800.0,2024-04-15
2024041504009723,NGPL,58,55,100.0,328.0,32800.0,2024-04-15
2024041503011031,NFS,58,56,10.0,454.0,4540.0,2024-04-15
2024041501024640,SONA,22,36,12.0,448.0,5376.0,2024-04-15
2024041504009722,UMHL,16,52,11.0,252.0,2772.0,2024-04-15
2024041503011030,ILBS,62,34,30.0,981.0,29430.0,2024-04-15
2024041503011029,GUFL,34,49,36.0,824.0,29664.0,2024-04-15
2024041501024639,USHEC,54,42,10.0,373.0,3730.0,2024-04-15
2024041504009721,CHL,56,7,50.0,317.9,15895.0,2024-04-15
2024041501024638,CITY,40,49,10.0,585.0,5850.0,2024-04-15
2024041501024637,HBL,17,38,42.0,182.0,7644.0,2024-04-15
2024041504009720,DHPL,45,39,300.0,198.9,59670.0,2024-04-15
2024041501024636,KBL,8,45,97.0,135.0,13095.0,2024-04-15
2024041501024635,KBL,5,45,10.0,135.0,1350.0,2024-04-15
2024041501024634,KBL,17,45,10.0,135.0,1350.0,2024-04-15
2024041501024633,KBL,44,45,200.0,135.0,27000.0,2024-04-15
2024041501024632,KBL,52,45,20.0,135.0,2700.0,2024-04-15
2024041501024631,KBL,19,45,50.0,135.0,6750.0,2024-04-15
2024041501024630,KBL,17,45,10.0,135.0,1350.0,2024-04-15
2024041501024629,KBL,38,45,50.0,135.0,6750.0,2024-04-15
2024041501024628,KBL,35,45,40.0,135.0,5400.0,2024-04-15
2024041501024627,KBL,17,45,40.0,135.0,5400.0,2024-04-15
2024041501024626,KBL,57,45,83.0,135.0,11205.0,2024-04-15
2024041501024625,KBL,35,45,20.0,135.1,2702.0,2024-04-15
2024041505004207,NTC,42,57,150.0,832.0,124800.0,2024-04-15
2024041505004206,NTC,58,57,50.0,832.0,41600.0,2024-04-15
2024041504009719,DHPL,41,21,106.0,198.0,20988.0,2024-04-15
2024041501024624,SPC,59,58,40.0,529.0,21160.0,2024-04-15
2024041501024623,SPC,51,58,30.0,529.0,15870.0,2024-04-15
2024041501024622,PPL,62,22,60.0,623.0,37380.0,2024-04-15
2024041503011028,SAPDBL,22,56,800.0,298.0,238400.0,2024-04-15
2024041501024621,MEL,34,45,10.0,234.0,2340.0,2024-04-15
2024041501024620,NRM,49,34,10.0,364.0,3640.0,2024-04-15
2024041503011027,JFL,49,32,100.0,438.1,43810.0,2024-04-15
2024041501024619,HHL,42,38,10.0,380.0,3800.0,2024-04-15
2024041501024618,AVYAN,75,88,200.0,686.0,137200.0,2024-04-15
2024041501024617,MAKAR,13,14,40.0,405.0,16200.0,2024-04-15
2024041501024616,MAKAR,13,17,10.0,405.0,4050.0,2024-04-15
2024041501024615,MAKAR,13,34,10.0,405.0,4050.0,2024-04-15
2024041501024614,MAKAR,13,13,40.0,404.9,16196.0,2024-04-15
2024041505004205,BBC,34,6,43.0,3721.6,160028.8,2024-04-15
2024041505004204,BBC,49,6,10.0,3725.0,37250.0,2024-04-15
2024041501024613,SARBTM,58,55,30.0,803.1,24093.0,2024-04-15
2024041504009718,UPPER,17,55,61.0,168.6,10284.6,2024-04-15
2024041504009717,NGPL,33,26,378.0,325.6,123076.8,2024-04-15
2024041504009716,NGPL,67,26,500.0,325.7,162850.0,2024-04-15
2024041504009715,NGPL,19,26,500.0,325.9,162950.0,2024-04-15
2024041504009714,NGPL,34,26,25.0,326.0,8150.0,2024-04-15
2024041504009713,NGPL,16,26,500.0,326.0,163000.0,2024-04-15
2024041504009712,NGPL,41,26,97.0,327.0,31719.0,2024-04-15
2024041503011026,JFL,21,45,20.0,438.2,8764.0,2024-04-15
2024041501024612,MEHL,62,14,122.0,323.0,39406.0,2024-04-15
2024041501024611,MEHL,62,49,10.0,322.5,3225.0,2024-04-15
2024041501024610,MEHL,62,28,10.0,322.0,3220.0,2024-04-15
2024041501024609,MEHL,62,58,20.0,320.0,6400.0,2024-04-15
2024041501024608,MEHL,62,58,290.0,319.0,92510.0,2024-04-15
2024041501024607,MEHL,62,47,1748.0,318.0,555864.0,2024-04-15
2024041501024606,BNHC,66,38,31.0,470.0,14570.0,2024-04-15
2024041501024605,BNHC,58,38,50.0,470.1,23505.0,2024-04-15
2024041501024604,BNHC,7,38,80.0,470.2,37616.0,2024-04-15
2024041501024603,BNHC,34,38,29.0,471.0,13659.0,2024-04-15
2024041501024602,BNHC,34,38,360.0,473.0,170280.0,2024-04-15
2024041503011025,GUFL,41,38,2000.0,823.0,1646000.0,2024-04-15
2024041501024601,MKCL,49,58,10.0,920.0,9200.0,2024-04-15
2024041504009711,UNHPL,53,53,1538.0,230.0,353740.0,2024-04-15
2024041504009710,UNHPL,34,53,500.0,230.0,115000.0,2024-04-15
2024041504009709,UNHPL,33,53,662.0,230.3,152458.6,2024-04-15
2024041501024600,MANDU,71,39,10.0,763.2,7632.0,2024-04-15
2024041501024599,RHGCL,28,42,47.0,342.0,16074.0,2024-04-15
2024041501024598,RHGCL,1,42,23.0,342.0,7866.0,2024-04-15
2024041503011024,RSDC,35,55,110.0,617.0,67870.0,2024-04-15
2024041504009708,NGPL,41,35,153.0,327.0,50031.0,2024-04-15
2024041504009707,NGPL,39,35,100.0,327.0,32700.0,2024-04-15
2024041504009706,NGPL,71,35,47.0,327.0,15369.0,2024-04-15
2024041505004203,HRL,6,55,10.0,606.5,6065.0,2024-04-15
2024041505004202,HRL,6,57,10.0,606.5,6065.0,2024-04-15
2024041501024597,UHEWA,49,53,10.0,402.0,4020.0,2024-04-15
2024041501024596,CYCL,66,29,10.0,1665.0,16650.0,2024-04-15
2024041501024595,SNLI,7,45,44.0,588.5,25894.0,2024-04-15
2024041504009705,TRH,45,56,68.0,727.0,49436.0,2024-04-15
2024041504009704,TRH,58,56,20.0,727.0,14540.0,2024-04-15
2024041504009703,TRH,35,56,12.0,727.0,8724.0,2024-04-15
2024041503011023,BFC,7,21,255.0,355.0,90525.0,2024-04-15
2024041503011022,BFC,42,21,113.0,355.0,40115.0,2024-04-15
2024041503011021,NFS,64,56,50.0,454.0,22700.0,2024-04-15
2024041501024594,CKHL,58,56,22.0,554.0,12188.0,2024-04-15
2024041501024593,CKHL,58,6,10.0,553.9,5539.0,2024-04-15
2024041501024592,CKHL,58,38,30.0,553.9,16617.0,2024-04-15
2024041501024591,CKHL,58,58,10.0,553.0,5530.0,2024-04-15
2024041501024590,CKHL,58,49,10.0,553.0,5530.0,2024-04-15
2024041501024589,CKHL,58,67,100.0,552.9,55290.0,2024-04-15
2024041501024588,CKHL,58,42,98.0,552.0,54096.0,2024-04-15
2024041501024587,CKHL,58,42,10.0,552.0,5520.0,2024-04-15
2024041501024586,CKHL,58,45,10.0,551.5,5515.0,2024-04-15
2024041501024585,CKHL,58,75,10.0,551.0,5510.0,2024-04-15
2024041501024584,CKHL,58,51,10.0,551.0,5510.0,2024-04-15
2024041501024583,CKHL,58,39,10.0,551.0,5510.0,2024-04-15
2024041501024582,CKHL,58,41,10.0,551.0,5510.0,2024-04-15
2024041501024581,CKHL,58,6,10.0,550.0,5500.0,2024-04-15
2024041501024580,CKHL,58,57,10.0,550.0,5500.0,2024-04-15
2024041501024579,CKHL,58,57,100.0,550.0,55000.0,2024-04-15
2024041501024578,CKHL,58,55,10.0,550.0,5500.0,2024-04-15
2024041501024577,CKHL,58,58,10.0,550.0,5500.0,2024-04-15
2024041501024576,CKHL,58,38,10.0,550.0,5500.0,2024-04-15
2024041501024575,CKHL,58,21,10.0,550.0,5500.0,2024-04-15
2024041503011020,SJLIC,32,4,11.0,500.4,5504.4,2024-04-15
2024041504009702,NGPL,39,14,200.0,328.0,65600.0,2024-04-15
2024041504009701,NGPL,39,45,93.0,328.0,30504.0,2024-04-15
2024041503011019,MSLB,44,16,43.0,1140.0,49020.0,2024-04-15
2024041503011018,MSLB,44,42,37.0,1140.0,42180.0,2024-04-15
2024041503011017,MSLB,44,14,20.0,1140.0,22800.0,2024-04-15
2024041503011016,MNBBL,42,50,100.0,340.3,34030.0,2024-04-15
2024041501024574,IHL,45,6,410.0,394.2,161622.0,2024-04-15
2024041501024573,IHL,56,6,140.0,394.2,55188.0,2024-04-15
2024041503011015,KLBSL,67,55,50.0,865.0,43250.0,2024-04-15
2024041503011014,GUFL,55,49,200.0,824.0,164800.0,2024-04-15
2024041504009700,RIDI,51,29,28.0,176.0,4928.0,2024-04-15
2024041501024572,SBI,44,38,250.0,275.0,68750.0,2024-04-15
2024041501024571,SBI,41,38,50.0,275.1,13755.0,2024-04-15
2024041501024570,DOLTI,56,28,10.0,478.8,4788.0,2024-04-15
2024041503011013,CFCL,84,7,40.0,374.0,14960.0,2024-04-15
2024041503011012,CFCL,84,21,200.0,373.9,74780.0,2024-04-15
2024041503011011,CFCL,84,17,160.0,373.9,59824.0,2024-04-15
2024041503011010,SHINE,65,53,100.0,369.8,36980.0,2024-04-15
2024041503011009,NLIC,50,53,35.0,594.4,20804.0,2024-04-15
2024041501024569,SAMAJ,6,32,10.0,1890.0,18900.0,2024-04-15
2024041501024568,SPHL,32,53,10.0,471.0,4710.0,2024-04-15
2024041504009699,CGH,59,34,80.0,804.5,64360.0,2024-04-15
2024041504009698,SGIC,48,57,10.0,525.0,5250.0,2024-04-15
2024041504009697,SGIC,48,35,15.0,523.0,7845.0,2024-04-15
2024041501024567,NIMB,63,55,57.0,155.5,8863.5,2024-04-15
2024041503011008,FMDBL,17,28,10.0,619.0,6190.0,2024-04-15
2024041501024566,HBL,59,38,26.0,182.0,4732.0,2024-04-15
2024041503011007,GFCL,14,43,34.0,460.0,15640.0,2024-04-15
2024041503011006,NADEP,57,14,49.0,710.0,34790.0,2024-04-15
2024041503011005,LBBL,45,52,40.0,369.2,14768.0,2024-04-15
2024041503011004,LBBL,84,52,32.0,369.2,11814.4,2024-04-15
2024041503011003,LBBL,36,52,100.0,369.2,36920.0,2024-04-15
2024041503011002,LBBL,45,52,200.0,369.3,73860.0,2024-04-15
2024041503011001,LBBL,35,52,25.0,369.3,9232.5,2024-04-15
2024041503011000,LBBL,38,52,10.0,369.3,3693.0,2024-04-15
2024041503010999,LBBL,29,52,30.0,369.5,11085.0,2024-04-15
2024041503010998,LBBL,4,52,23.0,369.6,8500.8,2024-04-15
2024041504009696,GHL,22,13,18.0,153.0,2754.0,2024-04-15
2024041501024565,GCIL,16,85,20.0,485.0,9700.0,2024-04-15
2024041501024564,NRM,49,58,10.0,364.0,3640.0,2024-04-15
2024041501024563,MAKAR,60,58,76.0,400.1,30407.6,2024-04-15
2024041501024562,JBLB,34,22,10.0,1322.0,13220.0,2024-04-15
2024041501024561,GBIME,42,16,273.0,177.0,48321.0,2024-04-15
2024041504009695,LEC,44,7,10.0,185.0,1850.0,2024-04-15
2024041503010997,HLBSL,42,35,100.0,742.0,74200.0,2024-04-15
2024041501024560,NABIL,45,7,1.0,435.0,435.0,2024-04-15
2024041501024559,NABIL,35,7,10.0,435.0,4350.0,2024-04-15
2024041505004201,HRL,49,35,10.0,606.2,6062.0,2024-04-15
2024041504009694,API,58,13,50.0,172.2,8610.0,2024-04-15
2024041504009693,AKJCL,36,14,148.0,211.0,31228.0,2024-04-15
2024041504009692,AKJCL,34,14,142.0,211.0,29962.0,2024-04-15
2024041501024558,MLBS,29,18,28.0,1285.0,35980.0,2024-04-15
2024041501024557,MLBS,29,36,12.0,1284.5,15414.0,2024-04-15
2024041501024556,MLBS,29,42,60.0,1284.0,77040.0,2024-04-15
2024041501024555,CYCL,62,29,215.0,1667.1,358426.5,2024-04-15
2024041501024554,TAMOR,45,44,10.0,388.5,3885.0,2024-04-15
2024041501024553,EHPL,41,38,20.0,449.0,8980.0,2024-04-15
2024041501024552,MKHC,5,70,10.0,329.0,3290.0,2024-04-15
2024041503010996,MDB,56,47,200.0,423.0,84600.0,2024-04-15
2024041501024551,SONA,92,38,10.0,445.6,4456.0,2024-04-15
2024041501024550,ILI,60,19,150.0,553.0,82950.0,2024-04-15
2024041501024549,ILI,72,19,50.0,553.5,27675.0,2024-04-15
2024041505004200,NRIC,58,1,100.0,740.0,74000.0,2024-04-15
2024041505004199,NRN,58,43,300.0,529.0,158700.0,2024-04-15
2024041501024548,BHPL,35,6,161.0,500.0,80500.0,2024-04-15
2024041501024547,BHPL,35,34,75.0,499.0,37425.0,2024-04-15
2024041501024546,BHPL,35,14,264.0,498.8,131683.2,2024-04-15
2024041501024545,MEL,8,45,20.0,234.0,4680.0,2024-04-15
2024041501024544,MEL,8,22,10.0,233.9,2339.0,2024-04-15
2024041503010995,GUFL,6,49,150.0,824.0,123600.0,2024-04-15
2024041501024543,NYADI,40,59,500.0,296.0,148000.0,2024-04-15
2024041504009691,CGH,95,17,50.0,805.0,40250.0,2024-04-15
2024041501024542,NABIL,45,7,10.0,435.0,4350.0,2024-04-15
2024041501024541,BNT,7,45,20.0,12445.0,248900.0,2024-04-15
2024041504009690,TRH,35,45,65.0,727.0,47255.0,2024-04-15
2024041504009689,PRIN,6,21,50.0,771.2,38560.0,2024-04-15
2024041504009688,PRIN,25,21,40.0,771.4,30856.0,2024-04-15
2024041501024540,GCIL,53,85,20.0,485.0,9700.0,2024-04-15
2024041501024539,SMJC,34,48,10.0,381.0,3810.0,2024-04-15
2024041501024538,SMJC,34,5,200.0,380.0,76000.0,2024-04-15
2024041501024537,SMJC,34,48,10.0,380.0,3800.0,2024-04-15
2024041501024536,SMJC,34,42,10.0,380.0,3800.0,2024-04-15
2024041501024535,SMJC,34,21,10.0,380.0,3800.0,2024-04-15
2024041501024534,SMJC,34,54,155.0,379.9,58884.5,2024-04-15
2024041501024533,SMJC,34,37,300.0,379.0,113700.0,2024-04-15
2024041501024532,SMJC,34,37,300.0,378.0,113400.0,2024-04-15
2024041503010994,HLI,26,34,10.0,390.0,3900.0,2024-04-15
2024041504009687,CHL,53,59,10.0,318.0,3180.0,2024-04-15
2024041504009686,AKPL,42,34,50.0,172.0,8600.0,2024-04-15
2024041503010993,GUFL,41,52,100.0,823.0,82300.0,2024-04-15
2024041503010992,MLBSL,5,51,10.0,1746.0,17460.0,2024-04-15
2024041504009685,RHPL,44,56,500.0,275.0,137500.0,2024-04-15
2024041501024531,AVYAN,16,64,10.0,688.0,6880.0,2024-04-15
2024041501024530,SNLI,22,44,10.0,589.0,5890.0,2024-04-15
2024041504009684,KKHC,28,34,50.0,229.0,11450.0,2024-04-15
2024041504009683,KKHC,42,34,300.0,229.0,68700.0,2024-04-15
2024041504009682,KKHC,57,34,200.0,229.0,45800.0,2024-04-15
2024041504009681,KKHC,14,34,100.0,229.0,22900.0,2024-04-15
2024041504009680,KKHC,14,34,100.0,229.0,22900.0,2024-04-15
2024041504009679,KKHC,35,34,140.0,229.1,32074.0,2024-04-15
2024041504009678,KKHC,13,34,100.0,229.1,22910.0,2024-04-15
2024041504009677,KKHC,43,34,100.0,229.2,22920.0,2024-04-15
2024041504009676,KKHC,54,34,100.0,229.3,22930.0,2024-04-15
2024041504009675,KKHC,22,34,50.0,229.4,11470.0,2024-04-15
2024041504009674,KKHC,48,34,200.0,229.5,45900.0,2024-04-15
2024041504009673,KKHC,32,34,1000.0,229.6,229600.0,2024-04-15
2024041504009672,KKHC,40,34,100.0,230.0,23000.0,2024-04-15
2024041504009671,KKHC,49,34,300.0,230.0,69000.0,2024-04-15
2024041504009670,KKHC,45,34,200.0,230.0,46000.0,2024-04-15
2024041504009669,KKHC,36,34,70.0,230.1,16107.0,2024-04-15
2024041504009668,KKHC,49,34,20.0,230.2,4604.0,2024-04-15
2024041505004198,HRL,44,58,10.0,606.2,6062.0,2024-04-15
2024041503010991,JBBL,55,21,78.0,289.1,22549.8,2024-04-15
2024041504009667,BARUN,17,25,13.0,242.0,3146.0,2024-04-15
2024041501024529,SHIVM,17,49,100.0,513.0,51300.0,2024-04-15
2024041501024528,SHIVM,43,49,100.0,513.7,51370.0,2024-04-15
2024041504009666,IGI,52,45,30.0,521.0,15630.0,2024-04-15
2024041504009665,IGI,1,45,200.0,521.0,104200.0,2024-04-15
2024041504009664,IGI,17,45,30.0,521.0,15630.0,2024-04-15
2024041501024527,MEL,45,58,10.0,233.2,2332.0,2024-04-15
2024041504009663,SPIL,49,41,10.0,738.0,7380.0,2024-04-15
2024041501024526,RHGCL,1,41,123.0,342.0,42066.0,2024-04-15
2024041501024525,RHGCL,42,41,337.0,342.0,115254.0,2024-04-15
2024041501024524,BGWT,62,65,1000.0,622.0,622000.0,2024-04-15
2024041501024523,BGWT,62,57,50.0,621.9,31095.0,2024-04-15
2024041501024522,BGWT,62,38,100.0,621.9,62190.0,2024-04-15
2024041501024521,BGWT,62,37,100.0,620.0,62000.0,2024-04-15
2024041501024520,BGWT,62,44,10.0,620.0,6200.0,2024-04-15
2024041501024519,CYCL,62,48,285.0,1665.0,474525.0,2024-04-15
2024041504009662,NGPL,71,64,153.0,327.0,50031.0,2024-04-15
2024041504009661,NGPL,42,64,100.0,327.0,32700.0,2024-04-15
2024041504009660,NGPL,34,64,200.0,327.0,65400.0,2024-04-15
2024041504009659,NGPL,35,64,47.0,327.0,15369.0,2024-04-15
2024041504009658,AHPC,19,35,200.0,169.9,33980.0,2024-04-15
2024041503010990,RLFL,39,57,10.0,358.0,3580.0,2024-04-15
2024041503010989,NMBMF,33,34,330.0,605.0,199650.0,2024-04-15
2024041503010988,NMBMF,7,34,410.0,605.0,248050.0,2024-04-15
2024041501024518,NBL,8,58,571.0,207.4,118425.4,2024-04-15
2024041501024517,NBL,57,58,50.0,207.5,10375.0,2024-04-15
2024041501024516,NBL,57,58,120.0,207.5,24900.0,2024-04-15
2024041501024515,NBL,42,58,30.0,207.5,6225.0,2024-04-15
2024041501024514,NBL,58,58,100.0,207.5,20750.0,2024-04-15
2024041501024513,NBL,32,58,50.0,207.5,10375.0,2024-04-15
2024041501024512,NBL,58,58,500.0,207.6,103800.0,2024-04-15
2024041501024511,NBL,43,58,50.0,207.6,10380.0,2024-04-15
2024041501024510,NBL,58,58,40.0,207.7,8308.0,2024-04-15
2024041501024509,NBL,34,58,400.0,207.7,83080.0,2024-04-15
2024041501024508,NBL,34,58,10.0,207.7,2077.0,2024-04-15
2024041501024507,NBL,22,58,29.0,208.0,6032.0,2024-04-15
2024041501024506,IHL,43,6,10.0,397.9,3979.0,2024-04-15
2024041504009657,RIDI,35,29,15.0,176.0,2640.0,2024-04-15
2024041503010987,NICLBSL,38,48,50.0,663.0,33150.0,2024-04-15
2024041503010986,NICLBSL,45,48,120.0,663.0,79560.0,2024-04-15
2024041501024505,HHL,42,1,10.0,379.0,3790.0,2024-04-15
2024041501024504,SONA,17,36,40.0,448.0,17920.0,2024-04-15
2024041501024503,SONA,17,58,10.0,448.0,4480.0,2024-04-15
2024041501024502,MKHL,58,45,500.0,458.0,229000.0,2024-04-15
2024041505004197,NRN,41,46,10.0,530.0,5300.0,2024-04-15
2024041501024501,PPL,62,41,50.0,623.0,31150.0,2024-04-15
2024041503010985,MFIL,14,4,23.0,502.0,11546.0,2024-04-15
2024041503010984,MFIL,34,4,151.0,502.0,75802.0,2024-04-15
2024041501024500,MAKAR,5,5,2000.0,404.8,809600.0,2024-04-15
2024041501024499,MAKAR,5,8,10.0,404.0,4040.0,2024-04-15
2024041501024498,MAKAR,5,38,10.0,404.0,4040.0,2024-04-15
2024041501024497,MAKAR,5,6,40.0,404.0,16160.0,2024-04-15
2024041501024496,MAKAR,5,58,10.0,403.0,4030.0,2024-04-15
2024041501024495,MAKAR,5,35,10.0,403.0,4030.0,2024-04-15
2024041501024494,MAKAR,5,42,10.0,403.0,4030.0,2024-04-15
2024041501024493,MAKAR,5,17,10.0,403.0,4030.0,2024-04-15
2024041501024492,MAKAR,5,38,10.0,403.0,4030.0,2024-04-15
2024041504009656,JOSHI,10,38,100.0,336.0,33600.0,2024-04-15
2024041501024491,CLI,56,19,876.0,444.0,388944.0,2024-04-15
2024041501024490,CLI,56,35,124.0,444.0,55056.0,2024-04-15
2024041504009655,UPPER,17,16,92.0,168.7,15520.4,2024-04-15
2024041501024489,EHPL,42,38,10.0,449.0,4490.0,2024-04-15
2024041501024488,EHPL,42,42,10.0,448.0,4480.0,2024-04-15
2024041503010983,KRBL,33,7,30.0,411.2,12336.0,2024-04-15
2024041505004196,HRL,44,35,30.0,606.2,18186.0,2024-04-15
2024041501024487,MHCL,50,13,100.0,415.0,41500.0,2024-04-15
2024041503010982,GFCL,36,71,85.0,458.3,38955.5,2024-04-15
2024041503010981,GFCL,10,71,15.0,458.3,6874.5,2024-04-15
2024041503010980,GMFBS,25,34,10.0,1180.0,11800.0,2024-04-15
2024041505004195,CIT,26,29,20.0,2109.0,42180.0,2024-04-15
2024041505004194,CIT,26,41,50.0,2108.0,105400.0,2024-04-15
2024041504009654,JOSHI,45,45,10.0,336.0,3360.0,2024-04-15
2024041504009653,HPPL,33,38,50.0,269.0,13450.0,2024-04-15
2024041501024486,KBL,49,45,30.0,135.2,4056.0,2024-04-15
2024041504009652,SALICO,44,41,120.0,642.1,77052.0,2024-04-15
2024041504009651,SALICO,17,41,80.0,642.1,51368.0,2024-04-15
2024041504009650,SALICO,44,41,30.0,642.2,19266.0,2024-04-15
2024041504009649,SALICO,32,41,50.0,642.2,32110.0,2024-04-15
2024041504009648,SALICO,6,41,100.0,643.0,64300.0,2024-04-15
2024041504009647,SALICO,42,41,20.0,644.0,12880.0,2024-04-15
2024041505004193,CHDC,71,21,100.0,810.2,81020.0,2024-04-15
2024041503010979,NICLBSL,51,59,150.0,663.9,99585.0,2024-04-15
2024041505004192,NIFRA,61,45,34.0,201.8,6861.2,2024-04-15
2024041501024485,UHEWA,66,53,200.0,402.0,80400.0,2024-04-15
2024041501024484,MANDU,65,28,452.0,765.6,346051.2,2024-04-15
2024041501024483,MANDU,65,6,20.0,765.0,15300.0,2024-04-15
2024041501024482,MANDU,65,28,630.0,765.0,481950.0,2024-04-15
2024041501024481,MANDU,65,7,10.0,764.5,7645.0,2024-04-15
2024041501024480,MANDU,65,81,38.0,764.5,29051.0,2024-04-15
2024041501024479,MANDU,65,39,100.0,764.3,76430.0,2024-04-15
2024041501024478,MANDU,65,57,150.0,764.3,114645.0,2024-04-15
2024041501024477,MANDU,65,4,600.0,764.0,458400.0,2024-04-15
2024041501024476,BGWT,62,87,90.0,619.8,55782.0,2024-04-15
2024041501024475,BGWT,33,87,70.0,619.8,43386.0,2024-04-15
2024041501024474,HDL,50,45,50.0,1481.0,74050.0,2024-04-15
2024041504009646,SGIC,57,55,300.0,522.0,156600.0,2024-04-15
2024041505004191,HRL,44,14,10.0,606.2,6062.0,2024-04-15
2024041501024473,SHIVM,66,26,146.0,512.2,74781.2,2024-04-15
2024041501024472,SHIVM,1,26,20.0,512.3,10246.0,2024-04-15
2024041501024471,SHIVM,84,26,31.0,512.3,15881.3,2024-04-15
2024041501024470,SHIVM,65,26,700.0,512.4,358680.0,2024-04-15
2024041501024469,SHIVM,34,26,80.0,512.5,41000.0,2024-04-15
2024041501024468,SHIVM,37,26,20.0,513.0,10260.0,2024-04-15
2024041501024467,SMHL,60,26,284.0,439.1,124704.4,2024-04-15
2024041501024466,SMHL,34,26,75.0,439.2,32940.0,2024-04-15
2024041501024465,USHEC,35,45,10.0,370.3,3703.0,2024-04-15
2024041504009645,NGPL,35,57,453.0,327.0,148131.0,2024-04-15
2024041504009644,NGPL,50,57,50.0,327.0,16350.0,2024-04-15
2024041504009643,NGPL,71,57,200.0,327.1,65420.0,2024-04-15
2024041504009642,NGPL,25,57,150.0,327.2,49080.0,2024-04-15
2024041504009641,NGPL,6,57,100.0,327.4,32740.0,2024-04-15
2024041504009640,NGPL,67,57,50.0,327.6,16380.0,2024-04-15
2024041504009639,NGPL,19,57,150.0,327.7,49155.0,2024-04-15
2024041504009638,NGPL,51,57,100.0,327.7,32770.0,2024-04-15
2024041504009637,NGPL,71,57,147.0,327.8,48186.6,2024-04-15
2024041503010978,MPFL,7,49,20.0,371.0,7420.0,2024-04-15
2024041503010977,MPFL,3,49,305.0,371.0,113155.0,2024-04-15
2024041501024464,KDL,59,47,404.0,771.0,311484.0,2024-04-15
2024041501024463,KDL,50,47,10.0,771.1,7711.0,2024-04-15
2024041501024462,KDL,34,47,176.0,775.0,136400.0,2024-04-15
2024041501024461,KDL,42,47,20.0,775.0,15500.0,2024-04-15
2024041501024460,KDL,26,47,200.0,775.0,155000.0,2024-04-15
2024041501024459,KDL,47,47,100.0,775.0,77500.0,2024-04-15
2024041501024458,KDL,7,47,300.0,775.0,232500.0,2024-04-15
2024041501024457,KDL,38,47,500.0,775.0,387500.0,2024-04-15
2024041501024456,KDL,34,47,50.0,775.1,38755.0,2024-04-15
2024041501024455,KDL,46,47,250.0,775.1,193775.0,2024-04-15
2024041501024454,KDL,49,47,20.0,777.0,15540.0,2024-04-15
2024041501024453,KDL,33,47,20.0,777.0,15540.0,2024-04-15
2024041501024452,KDL,32,47,10.0,777.4,7774.0,2024-04-15
2024041501024451,KDL,38,47,25.0,780.0,19500.0,2024-04-15
2024041501024450,GCIL,83,56,75.0,484.2,36315.0,2024-04-15
2024041501024449,GCIL,49,56,100.0,484.5,48450.0,2024-04-15
2024041503010976,CFCL,18,17,40.0,373.9,14956.0,2024-04-15
2024041503010975,CFCL,18,57,160.0,372.0,59520.0,2024-04-15
2024041504009636,SSHL,58,32,100.0,162.0,16200.0,2024-04-15
2024041501024448,MKHL,58,34,500.0,458.0,229000.0,2024-04-15
2024041503010974,GBLBS,58,58,50.0,635.0,31750.0,2024-04-15
2024041503010973,RLFL,59,58,10.0,356.5,3565.0,2024-04-15
2024041501024447,SPL,42,39,10.0,660.9,6609.0,2024-04-15
2024041503010972,GILB,44,6,60.0,986.4,59184.0,2024-04-15
2024041503010971,GILB,57,6,140.0,986.4,138096.0,2024-04-15
2024041501024446,SHIVM,1,38,100.0,514.0,51400.0,2024-04-15
2024041503010970,MLBL,25,3,17.0,319.0,5423.0,2024-04-15
2024041503010969,CFCL,72,81,150.0,370.6,55590.0,2024-04-15
2024041503010968,CFCL,45,81,500.0,370.9,185450.0,2024-04-15
2024041503010967,CFCL,56,81,200.0,371.0,74200.0,2024-04-15
2024041503010966,CFCL,57,81,500.0,371.0,185500.0,2024-04-15
2024041503010965,CFCL,34,81,500.0,371.0,185500.0,2024-04-15
2024041503010964,CFCL,54,81,100.0,371.1,37110.0,2024-04-15
2024041503010963,CFCL,21,81,950.0,371.2,352640.0,2024-04-15
2024041503010962,CFCL,33,81,100.0,371.3,37130.0,2024-04-15
2024041501024445,DORDI,45,81,128.0,429.0,54912.0,2024-04-15
2024041501024444,MCHL,29,45,100.0,409.0,40900.0,2024-04-15
2024041501024443,MCHL,40,45,100.0,409.0,40900.0,2024-04-15
2024041503010961,JFL,49,45,97.0,438.1,42495.7,2024-04-15
2024041503010960,CFCL,51,57,40.0,372.0,14880.0,2024-04-15
2024041503010959,GILB,57,47,60.0,986.4,59184.0,2024-04-15
2024041504009635,PMHPL,64,42,100.0,236.9,23690.0,2024-04-15
2024041504009634,JOSHI,38,45,100.0,336.0,33600.0,2024-04-15
2024041504009633,PPCL,1,53,440.0,246.5,108460.0,2024-04-15
2024041504009632,PPCL,1,53,210.0,250.0,52500.0,2024-04-15
2024041503010958,GRDBL,81,34,200.0,380.2,76040.0,2024-04-15
2024041503010957,GRDBL,81,34,200.0,381.3,76260.0,2024-04-15
2024041503010956,GRDBL,32,34,10.0,381.4,3814.0,2024-04-15
2024041503010955,GRDBL,53,34,20.0,381.5,7630.0,2024-04-15
2024041503010954,GRDBL,53,34,10.0,381.6,3816.0,2024-04-15
2024041503010953,GRDBL,53,34,10.0,381.7,3817.0,2024-04-15
2024041503010952,GRDBL,53,34,50.0,382.0,19100.0,2024-04-15
2024041503010951,NFS,58,56,50.0,454.0,22700.0,2024-04-15
2024041501024442,GBIME,42,57,91.0,177.0,16107.0,2024-04-15
2024041503010950,MPFL,3,66,140.0,371.0,51940.0,2024-04-15
2024041503010949,MPFL,33,66,110.0,371.2,40832.0,2024-04-15
2024041501024441,CITY,40,57,50.0,585.0,29250.0,2024-04-15
2024041501024440,CITY,51,57,50.0,585.0,29250.0,2024-04-15
2024041501024439,CITY,47,57,50.0,585.0,29250.0,2024-04-15
2024041501024438,CITY,40,57,40.0,585.0,23400.0,2024-04-15
2024041503010948,RSDC,45,42,92.0,615.0,56580.0,2024-04-15
2024041503010947,RSDC,55,42,108.0,615.0,66420.0,2024-04-15
2024041501024437,MCHL,46,36,40.0,409.9,16396.0,2024-04-15
2024041501024436,ILI,72,25,100.0,553.5,55350.0,2024-04-15
2024041501024435,RNLI,45,35,34.0,429.0,14586.0,2024-04-15
2024041504009631,UPCL,38,86,30.0,200.9,6027.0,2024-04-15
2024041504009630,SPDL,32,58,50.0,239.8,11990.0,2024-04-15
2024041504009629,SPDL,32,43,500.0,239.7,119850.0,2024-04-15
2024041504009628,SPDL,32,43,450.0,239.6,107820.0,2024-04-15
2024041501024434,MANDU,71,32,329.0,763.2,251092.8,2024-04-15
2024041501024433,MANDU,42,32,11.0,763.3,8396.3,2024-04-15
2024041501024432,MANDU,58,32,40.0,763.4,30536.0,2024-04-15
2024041501024431,MANDU,58,32,120.0,763.4,91608.0,2024-04-15
2024041503010946,NFS,58,56,10.0,454.0,4540.0,2024-04-15
2024041501024430,MHCL,50,58,10.0,415.0,4150.0,2024-04-15
2024041501024429,VLUCL,58,7,20.0,499.6,9992.0,2024-04-15
2024041501024428,SNLI,7,48,26.0,588.5,15301.0,2024-04-15
2024041501024427,HHL,17,38,100.0,380.0,38000.0,2024-04-15
2024041501024426,MBL,14,11,1480.0,171.1,253228.0,2024-04-15
2024041501024425,MBL,58,11,20.0,171.5,3430.0,2024-04-15
2024041501024424,EBL,14,57,12.0,500.0,6000.0,2024-04-15
2024041504009627,PMHPL,45,42,15.0,236.9,3553.5,2024-04-15
2024041501024423,GCIL,37,36,20.0,484.6,9692.0,2024-04-15
2024041504009626,BPCL,41,45,100.0,298.0,29800.0,2024-04-15
2024041504009625,BPCL,33,45,50.0,298.0,14900.0,2024-04-15
2024041504009624,BPCL,41,45,100.0,298.0,29800.0,2024-04-15
2024041504009623,BPCL,16,45,43.0,298.0,12814.0,2024-04-15
2024041503010945,SMB,32,29,100.0,1380.0,138000.0,2024-04-15
2024041503010944,SMB,13,29,10.0,1380.4,13804.0,2024-04-15
2024041503010943,SMB,13,29,10.0,1380.5,13805.0,2024-04-15
2024041503010942,SMB,13,29,10.0,1380.6,13806.0,2024-04-15
2024041503010941,SMB,13,29,10.0,1382.1,13821.0,2024-04-15
2024041503010940,SMB,13,29,10.0,1383.2,13832.0,2024-04-15
2024041503010939,SMB,13,29,10.0,1383.3,13833.0,2024-04-15
2024041503010938,SMB,13,29,10.0,1383.4,13834.0,2024-04-15
2024041503010937,SMB,13,29,10.0,1383.5,13835.0,2024-04-15
2024041503010936,SMB,13,29,10.0,1383.6,13836.0,2024-04-15
2024041503010935,SMB,13,29,10.0,1383.7,13837.0,2024-04-15
2024041503010934,SMB,13,29,10.0,1383.8,13838.0,2024-04-15
2024041503010933,SMB,13,29,10.0,1383.9,13839.0,2024-04-15
2024041503010932,SMB,13,29,10.0,1384.1,13841.0,2024-04-15
2024041503010931,SMB,25,29,20.0,1385.6,27712.0,2024-04-15
2024041503010930,SMB,25,29,20.0,1385.7,27714.0,2024-04-15
2024041503010929,SMB,13,29,10.0,1385.8,13858.0,2024-04-15
2024041503010928,SMB,13,29,10.0,1386.2,13862.0,2024-04-15
2024041503010927,SMB,13,29,10.0,1386.3,13863.0,2024-04-15
2024041503010926,SMB,13,29,10.0,1386.4,13864.0,2024-04-15
2024041503010925,SMB,13,29,10.0,1387.1,13871.0,2024-04-15
2024041503010924,SMB,18,29,63.0,1388.2,87456.6,2024-04-15
2024041503010923,SMB,34,29,50.0,1388.5,69425.0,2024-04-15
2024041503010922,SMB,38,29,10.0,1388.5,13885.0,2024-04-15
2024041503010921,SMB,13,29,10.0,1388.6,13886.0,2024-04-15
2024041503010920,SMB,13,29,10.0,1388.7,13887.0,2024-04-15
2024041503010919,SMB,13,29,10.0,1388.8,13888.0,2024-04-15
2024041503010918,SMB,13,29,10.0,1388.9,13889.0,2024-04-15
2024041503010917,SMB,25,29,40.0,1390.0,55600.0,2024-04-15
2024041503010916,SMB,42,29,100.0,1391.0,139100.0,2024-04-15
2024041504009622,LEC,44,68,225.0,185.0,41625.0,2024-04-15
2024041504009621,LEC,14,68,500.0,185.0,92500.0,2024-04-15
2024041504009620,LEC,32,68,90.0,185.0,16650.0,2024-04-15
2024041503010915,NFS,58,56,175.0,454.0,79450.0,2024-04-15
2024041503010914,HLBSL,42,16,50.0,742.0,37100.0,2024-04-15
2024041501024422,SANIMA,19,17,10.0,235.0,2350.0,2024-04-15
2024041505004190,NTC,25,22,100.0,831.5,83150.0,2024-04-15
2024041501024421,NBL,22,57,471.0,208.0,97968.0,2024-04-15
2024041503010913,GMFIL,74,38,230.0,361.7,83191.0,2024-04-15
2024041503010912,GMFIL,50,38,100.0,361.7,36170.0,2024-04-15
2024041503010911,GMFIL,56,38,10.0,362.0,3620.0,2024-04-15
2024041503010910,NICLBSL,45,70,60.0,663.0,39780.0,2024-04-15
2024041503010909,NICLBSL,29,70,100.0,663.1,66310.0,2024-04-15
2024041501024420,IHL,43,6,10.0,397.9,3979.0,2024-04-15
2024041503010908,NFS,58,34,325.0,454.0,147550.0,2024-04-15
2024041503010907,NFS,1,34,280.0,454.0,127120.0,2024-04-15
2024041503010906,NFS,5,34,10.0,455.0,4550.0,2024-04-15
2024041503010905,MERO,38,6,984.0,624.0,614016.0,2024-04-15
2024041503010904,MERO,34,6,16.0,624.6,9993.6,2024-04-15
2024041504009619,UPPER,17,13,108.0,168.7,18219.6,2024-04-15
2024041501024419,SMHL,34,25,125.0,439.2,54900.0,2024-04-15
2024041501024418,SMHL,38,25,85.0,439.5,37357.5,2024-04-15
2024041501024417,MEL,49,17,200.0,233.0,46600.0,2024-04-15
2024041501024416,GBIME,17,57,49.0,177.0,8673.0,2024-04-15
2024041504009618,SGIC,57,59,80.0,522.0,41760.0,2024-04-15
2024041504009617,SGIC,20,59,20.0,522.1,10442.0,2024-04-15
2024041505004189,HRL,44,21,20.0,606.2,12124.0,2024-04-15
2024041503010903,VLBS,71,4,50.0,730.0,36500.0,2024-04-15
2024041503010902,PFL,38,32,100.0,523.0,52300.0,2024-04-15
2024041503010901,PFL,1,54,58.0,522.7,30316.6,2024-04-15
2024041505004188,NIFRA,38,39,30.0,201.7,6051.0,2024-04-15
2024041505004187,HRL,66,7,20.0,606.5,12130.0,2024-04-15
2024041501024415,SARBTM,41,58,50.0,803.0,40150.0,2024-04-15
2024041501024414,SARBTM,55,58,150.0,803.1,120465.0,2024-04-15
2024041501024413,SNLI,7,58,10.0,588.5,5885.0,2024-04-15
2024041501024412,ILI,72,14,205.0,553.5,113467.5,2024-04-15
2024041501024411,MEL,49,26,71.0,233.0,16543.0,2024-04-15
2024041501024410,MEL,17,26,229.0,233.0,53357.0,2024-04-15
2024041503010900,SDLBSL,45,7,68.0,765.0,52020.0,2024-04-15
2024041503010899,SDLBSL,45,14,30.0,765.0,22950.0,2024-04-15
2024041503010898,SDLBSL,45,49,100.0,764.0,76400.0,2024-04-15
2024041503010897,JFL,49,41,15.0,438.1,6571.5,2024-04-15
2024041503010896,JFL,35,41,35.0,438.2,15337.0,2024-04-15
2024041504009616,NHPC,34,21,500.0,146.2,73100.0,2024-04-15
2024041501024409,USHEC,5,42,10.0,373.0,3730.0,2024-04-15
2024041504009615,CHL,56,37,50.0,316.0,15800.0,2024-04-15
2024041501024408,MEL,17,22,100.0,233.0,23300.0,2024-04-15
2024041501024407,NIMB,63,38,10.0,155.5,1555.0,2024-04-15
2024041501024406,DOLTI,32,28,10.0,478.8,4788.0,2024-04-15
2024041501024405,GCIL,32,85,199.0,485.0,96515.0,2024-04-15
2024041504009614,RADHI,7,34,250.0,236.5,59125.0,2024-04-15
2024041503010895,LICN,58,7,10.0,1330.0,13300.0,2024-04-15
2024041503010894,LICN,54,7,10.0,1330.0,13300.0,2024-04-15
2024041503010893,LICN,50,7,20.0,1330.0,26600.0,2024-04-15
2024041503010892,NADEP,64,35,75.0,710.0,53250.0,2024-04-15
2024041503010891,NADEP,6,35,20.0,710.0,14200.0,2024-04-15
2024041503010890,NMBMF,58,42,25.0,606.0,15150.0,2024-04-15
2024041503010889,NMBMF,58,32,50.0,605.3,30265.0,2024-04-15
2024041503010888,BFC,13,21,50.0,356.0,17800.0,2024-04-15
2024041504009613,RHPL,1,68,110.0,276.0,30360.0,2024-04-15
2024041504009612,RHPL,1,46,30.0,276.0,8280.0,2024-04-15
2024041503010887,EDBL,14,21,150.0,360.0,54000.0,2024-04-15
2024041504009611,NGPL,45,45,87.0,328.0,28536.0,2024-04-15
2024041501024404,NBL,21,57,200.0,208.0,41600.0,2024-04-15
2024041504009610,HDHPC,48,64,100.0,132.2,13220.0,2024-04-15
2024041504009609,HDHPC,25,64,690.0,132.5,91425.0,2024-04-15
2024041504009608,HDHPC,53,38,50.0,132.6,6630.0,2024-04-15
2024041501024403,MEL,17,34,30.0,233.0,6990.0,2024-04-15
2024041504009607,RIDI,39,11,100.0,175.0,17500.0,2024-04-15
2024041503010886,SABSL,62,17,36.0,800.0,28800.0,2024-04-15
2024041503010885,SABSL,51,17,20.0,800.0,16000.0,2024-04-15
2024041503010884,SABSL,58,17,50.0,800.0,40000.0,2024-04-15
2024041503010883,SABSL,17,17,20.0,810.0,16200.0,2024-04-15
2024041503010882,SABSL,58,17,50.0,810.0,40500.0,2024-04-15
2024041503010881,JFL,35,14,150.0,438.2,65730.0,2024-04-15
2024041501024402,MKHL,58,52,286.0,458.0,130988.0,2024-04-15
2024041504009606,NGPL,36,45,200.0,328.0,65600.0,2024-04-15
2024041503010880,MPFL,33,45,40.0,371.2,14848.0,2024-04-15
2024041503010879,SFCL,34,41,34.0,319.1,10849.4,2024-04-15
2024041501024401,NABIL,19,13,13.0,435.0,5655.0,2024-04-15
2024041504009605,DHPL,34,38,200.0,198.1,39620.0,2024-04-15
2024041503010878,MLBBL,44,51,10.0,1078.0,10780.0,2024-04-15
2024041503010877,MSLB,44,8,100.0,1140.0,114000.0,2024-04-15
2024041503010876,MPFL,13,83,150.0,372.0,55800.0,2024-04-15
2024041501024400,AHL,58,1,10.0,442.2,4422.0,2024-04-15
2024041505004186,HRL,66,28,10.0,606.5,6065.0,2024-04-15
2024041505004185,HRL,66,38,10.0,606.5,6065.0,2024-04-15
2024041505004184,HRL,66,41,10.0,606.5,6065.0,2024-04-15
2024041501024399,RAWA,42,81,74.0,478.1,35379.4,2024-04-15
2024041504009604,NGPL,55,45,120.0,328.0,39360.0,2024-04-15
2024041503010875,JBBL,49,16,170.0,288.5,49045.0,2024-04-15
2024041503010874,JBBL,41,16,50.0,288.6,14430.0,2024-04-15
2024041501024398,MAKAR,19,38,10.0,403.0,4030.0,2024-04-15
2024041501024397,MEHL,54,58,10.0,319.0,3190.0,2024-04-15
2024041501024396,ULHC,54,58,95.0,343.0,32585.0,2024-04-15
2024041501024395,ULHC,54,62,35.0,342.7,11994.5,2024-04-15
2024041501024394,ULHC,54,21,20.0,342.6,6852.0,2024-04-15
2024041501024393,KBL,57,28,417.0,135.0,56295.0,2024-04-15
2024041501024392,KBL,38,28,20.0,135.0,2700.0,2024-04-15
2024041501024391,KBL,85,28,163.0,135.0,22005.0,2024-04-15
2024041501024390,MCHL,25,32,100.0,409.0,40900.0,2024-04-15
2024041501024389,SONA,10,58,100.0,445.5,44550.0,2024-04-15
2024041501024388,SONA,53,58,50.0,446.0,22300.0,2024-04-15
2024041501024387,SRLI,59,39,20.0,439.9,8798.0,2024-04-15
2024041501024386,SRLI,59,52,10.0,439.0,4390.0,2024-04-15
2024041501024385,SRLI,59,56,10.0,439.0,4390.0,2024-04-15
2024041501024384,SRLI,59,35,10.0,439.0,4390.0,2024-04-15
2024041501024383,SRLI,59,13,10.0,438.0,4380.0,2024-04-15
2024041501024382,SRLI,59,41,10.0,438.0,4380.0,2024-04-15
2024041501024381,SRLI,59,94,10.0,438.0,4380.0,2024-04-15
2024041501024380,SRLI,59,62,20.0,437.0,8740.0,2024-04-15
2024041504009603,JOSHI,49,45,130.0,336.0,43680.0,2024-04-15
2024041504009602,UPCL,49,45,35.0,200.3,7010.5,2024-04-15
2024041504009601,UPCL,72,45,470.0,200.3,94141.0,2024-04-15
2024041503010873,JFL,35,3,15.0,438.2,6573.0,2024-04-15
2024041503010872,GMFIL,57,59,10.0,365.9,3659.0,2024-04-15
2024041503010871,SABSL,47,38,50.0,815.0,40750.0,2024-04-15
2024041501024379,ILI,60,32,10.0,553.9,5539.0,2024-04-15
2024041505004183,NRIC,47,53,50.0,736.1,36805.0,2024-04-15
2024041505004182,NRIC,55,53,30.0,736.2,22086.0,2024-04-15
2024041505004181,NRIC,55,53,11.0,736.2,8098.2,2024-04-15
2024041505004180,NRIC,13,53,50.0,737.0,36850.0,2024-04-15
2024041503010870,GUFL,41,65,4000.0,823.0,3292000.0,2024-04-15
2024041501024378,JBLB,44,42,19.0,1320.0,25080.0,2024-04-15
2024041504009600,MHNL,83,57,10.0,236.9,2369.0,2024-04-15
2024041501024377,MAKAR,60,42,20.0,400.1,8002.0,2024-04-15
2024041503010869,SHINE,42,53,26.0,369.9,9617.4,2024-04-15
2024041503010868,SHINE,42,72,24.0,369.8,8875.2,2024-04-15
2024041504009599,SSHL,58,6,45.0,162.0,7290.0,2024-04-15
2024041503010867,MERO,57,6,300.0,625.0,187500.0,2024-04-15
2024041503010866,MERO,44,6,60.0,625.1,37506.0,2024-04-15
2024041501024376,BEDC,48,57,250.0,372.0,93000.0,2024-04-15
2024041501024375,HDL,29,45,10.0,1481.0,14810.0,2024-04-15
2024041504009598,HURJA,41,5,50.0,291.0,14550.0,2024-04-15
2024041503010865,GUFL,41,49,10.0,824.0,8240.0,2024-04-15
2024041504009597,KPCL,65,21,93.0,403.0,37479.0,2024-04-15
2024041504009596,KPCL,57,21,90.0,403.0,36270.0,2024-04-15
2024041504009595,KPCL,58,21,100.0,403.1,40310.0,2024-04-15
2024041504009594,KPCL,19,21,50.0,404.0,20200.0,2024-04-15
2024041504009593,KPCL,58,21,17.0,405.0,6885.0,2024-04-15
2024041501024374,CKHL,22,45,10.0,549.0,5490.0,2024-04-15
2024041501024373,MHCL,70,14,10.0,415.8,4158.0,2024-04-15
2024041503010864,SHINE,83,53,250.0,368.6,92150.0,2024-04-15
2024041501024372,CLI,37,8,10.0,443.1,4431.0,2024-04-15
2024041504009592,JOSHI,49,7,230.0,336.0,77280.0,2024-04-15
2024041503010863,ICFC,7,41,20.0,510.0,10200.0,2024-04-15
2024041501024371,GVL,1,35,970.0,422.5,409825.0,2024-04-15
2024041501024370,GVL,63,35,200.0,422.6,84520.0,2024-04-15
2024041504009591,UMHL,50,17,75.0,252.4,18930.0,2024-04-15
2024041504009590,SALICO,6,25,20.0,648.9,12978.0,2024-04-15
2024041504009589,SALICO,6,41,10.0,648.9,6489.0,2024-04-15
2024041504009588,SALICO,6,41,10.0,648.9,6489.0,2024-04-15
2024041501024369,CYCL,62,48,10.0,1665.1,16651.0,2024-04-15
2024041505004179,HRL,13,68,50.0,606.5,30325.0,2024-04-15
2024041504009587,SGIC,20,47,10.0,522.1,5221.0,2024-04-15
2024041501024368,SARBTM,55,22,50.0,803.1,40155.0,2024-04-15
2024041501024367,MEL,17,49,10.0,233.0,2330.0,2024-04-15
2024041501024366,MEHL,58,32,488.0,317.2,154793.6,2024-04-15
2024041501024365,MEHL,45,32,200.0,317.3,63460.0,2024-04-15
2024041501024364,MEHL,58,32,172.0,317.5,54610.0,2024-04-15
2024041501024363,MEHL,65,32,100.0,318.0,31800.0,2024-04-15
2024041501024362,MEHL,65,32,100.0,318.0,31800.0,2024-04-15
2024041501024361,MEHL,45,32,100.0,318.0,31800.0,2024-04-15
2024041501024360,MEHL,11,32,90.0,318.1,28629.0,2024-04-15
2024041501024359,TVCL,37,7,10.0,477.0,4770.0,2024-04-15
2024041504009586,SHPC,42,42,20.0,330.0,6600.0,2024-04-15
2024041501024358,SMHL,38,58,10.0,439.5,4395.0,2024-04-15
2024041505004178,CHDC,6,66,50.0,811.7,40585.0,2024-04-15
2024041501024357,ILI,72,45,115.0,553.5,63652.5,2024-04-15
2024041503010862,BFC,42,45,27.0,355.0,9585.0,2024-04-15
2024041503010861,BFC,45,45,10.0,355.0,3550.0,2024-04-15
2024041503010860,BFC,32,45,63.0,355.0,22365.0,2024-04-15
2024041503010859,BFC,38,45,50.0,355.1,17755.0,2024-04-15
2024041503010858,BFC,13,45,100.0,355.2,35520.0,2024-04-15
2024041503010857,BFC,13,45,50.0,355.2,17760.0,2024-04-15
2024041503010856,KRBL,37,41,139.0,411.3,57170.7,2024-04-15
2024041503010855,KRBL,4,41,60.0,411.4,24684.0,2024-04-15
2024041503010854,KRBL,58,41,45.0,411.5,18517.5,2024-04-15
2024041503010853,KRBL,77,41,50.0,413.0,20650.0,2024-04-15
2024041501024356,NBL,21,57,200.0,208.0,41600.0,2024-04-15
2024041503010852,MDB,57,38,10.0,425.0,4250.0,2024-04-15
2024041504009585,HDHPC,25,38,10.0,132.5,1325.0,2024-04-15
2024041503010851,ALBSL,38,7,14.0,735.0,10290.0,2024-04-15
2024041503010850,ALBSL,38,17,10.0,734.0,7340.0,2024-04-15
2024041505004177,HRL,44,38,30.0,606.2,18186.0,2024-04-15
2024041501024355,SONA,91,58,10.0,447.0,4470.0,2024-04-15
2024041501024354,SONA,91,59,190.0,446.0,84740.0,2024-04-15
2024041504009584,UMRH,34,34,10.0,347.0,3470.0,2024-04-15
2024041504009583,AKJCL,34,14,10.0,211.1,2111.0,2024-04-15
2024041503010849,GFCL,10,71,100.0,458.3,45830.0,2024-04-15
2024041503010848,NLIC,65,25,52.0,594.3,30903.6,2024-04-15
2024041501024353,HHL,58,38,15.0,380.0,5700.0,2024-04-15
2024041505004176,HRL,51,68,20.0,606.5,12130.0,2024-04-15
2024041501024352,MANDU,58,35,240.0,763.4,183216.0,2024-04-15
2024041501024351,MANDU,32,35,60.0,764.0,45840.0,2024-04-15
2024041504009582,KKHC,22,34,100.0,233.0,23300.0,2024-04-15
2024041504009581,KKHC,34,34,10.0,234.6,2346.0,2024-04-15
2024041501024350,NYADI,17,48,10.0,295.5,2955.0,2024-04-15
2024041504009580,UPPER,17,42,39.0,168.6,6575.4,2024-04-15
2024041504009579,UPPER,41,42,12.0,168.7,2024.4,2024-04-15
2024041503010847,SJLIC,56,17,230.0,500.5,115115.0,2024-04-15
2024041503010846,SJLIC,56,49,795.0,500.0,397500.0,2024-04-15
2024041504009578,API,45,56,620.0,172.1,106702.0,2024-04-15
2024041504009577,API,29,56,50.0,172.2,8610.0,2024-04-15
2024041504009576,API,45,56,200.0,172.2,34440.0,2024-04-15
2024041504009575,API,57,56,130.0,172.2,22386.0,2024-04-15
2024041501024349,MKHC,48,70,500.0,327.3,163650.0,2024-04-15
2024041503010845,FOWAD,52,32,10.0,1140.0,11400.0,2024-04-15
2024041504009574,NGPL,55,32,30.0,328.0,9840.0,2024-04-15
2024041501024348,SMH,72,49,49.0,673.4,32996.6,2024-04-15
2024041501024347,SMH,34,49,111.0,674.0,74814.0,2024-04-15
2024041501024346,SMH,45,49,190.0,675.0,128250.0,2024-04-15
2024041501024345,SHIVM,8,13,100.0,513.0,51300.0,2024-04-15
2024041505004175,CHDC,46,20,100.0,812.0,81200.0,2024-04-15
2024041501024344,CYCL,62,48,100.0,1665.1,166510.0,2024-04-15
2024041501024343,CZBIL,58,42,10.0,156.9,1569.0,2024-04-15
2024041503010844,ICFC,58,41,10.0,510.0,5100.0,2024-04-15
2024041501024342,MLBS,58,42,10.0,1284.0,12840.0,2024-04-15
2024041501024341,MLBS,58,6,10.0,1284.0,12840.0,2024-04-15
2024041501024340,MLBS,58,21,10.0,1284.0,12840.0,2024-04-15
2024041501024339,BHDC,53,41,10.0,478.0,4780.0,2024-04-15
2024041501024338,BHDC,53,6,10.0,478.0,4780.0,2024-04-15
2024041503010843,MFIL,34,20,50.0,502.0,25100.0,2024-04-15
2024041503010842,MFIL,45,20,100.0,502.2,50220.0,2024-04-15
2024041501024337,SARBTM,41,20,50.0,803.0,40150.0,2024-04-15
2024041504009573,CHL,49,55,900.0,315.0,283500.0,2024-04-15
2024041504009572,CHL,49,55,50.0,315.0,15750.0,2024-04-15
2024041504009571,CHL,58,55,100.0,315.0,31500.0,2024-04-15
2024041504009570,CHL,45,55,50.0,315.0,15750.0,2024-04-15
2024041504009569,CHL,37,55,100.0,315.0,31500.0,2024-04-15
2024041504009568,CHL,42,55,700.0,315.0,220500.0,2024-04-15
2024041501024336,MCHL,57,17,20.0,409.0,8180.0,2024-04-15
2024041501024335,MCHL,35,17,30.0,409.0,12270.0,2024-04-15
2024041501024334,NICA,41,58,50.0,390.0,19500.0,2024-04-15
2024041504009567,UPCL,58,86,10.0,200.9,2009.0,2024-04-15
2024041505004174,HRL,17,62,99.0,606.2,60013.8,2024-04-15
2024041505004173,HRL,51,62,140.0,606.2,84868.0,2024-04-15
2024041505004172,HRL,21,62,61.0,606.2,36978.2,2024-04-15
2024041501024333,PPL,62,54,50.0,623.0,31150.0,2024-04-15
2024041501024332,SRLI,57,35,10.0,434.0,4340.0,2024-04-15
2024041501024331,NMB,46,39,10.0,176.0,1760.0,2024-04-15
2024041504009566,AKPL,22,34,10.0,172.0,1720.0,2024-04-15
2024041501024330,NRM,57,57,10.0,363.2,3632.0,2024-04-15
2024041501024329,NRM,45,57,50.0,363.3,18165.0,2024-04-15
2024041501024328,NRM,16,57,90.0,364.0,32760.0,2024-04-15
2024041504009565,UNHPL,33,57,338.0,230.3,77841.4,2024-04-15
2024041504009564,UNHPL,34,57,162.0,230.7,37373.4,2024-04-15
2024041501024327,MEL,17,49,631.0,233.0,147023.0,2024-04-15
2024041501024326,MEL,21,49,14.0,233.0,3262.0,2024-04-15
2024041501024325,MEL,42,49,32.0,233.0,7456.0,2024-04-15
2024041501024324,SARBTM,41,35,20.0,803.0,16060.0,2024-04-15
2024041503010841,SFCL,29,35,260.0,319.0,82940.0,2024-04-15
2024041504009563,AKJCL,49,14,200.0,211.1,42220.0,2024-04-15
2024041503010840,PROFL,45,59,107.0,318.0,34026.0,2024-04-15
2024041503010839,PROFL,51,59,100.0,318.1,31810.0,2024-04-15
2024041503010838,PROFL,34,59,100.0,318.2,31820.0,2024-04-15
2024041501024323,MCHL,35,58,10.0,409.0,4090.0,2024-04-15
2024041501024322,RNLI,25,58,10.0,428.1,4281.0,2024-04-15
2024041501024321,MSHL,50,41,10.0,637.2,6372.0,2024-04-15
2024041504009562,UPCL,5,86,10.0,200.9,2009.0,2024-04-15
2024041503010837,LLBS,49,64,10.0,945.0,9450.0,2024-04-15
2024041501024320,MEL,42,43,200.0,233.0,46600.0,2024-04-15
2024041501024319,ILI,72,43,123.0,554.0,68142.0,2024-04-15
2024041501024318,ILI,72,57,77.0,554.0,42658.0,2024-04-15
2024041501024317,NIMB,45,43,218.0,155.8,33964.4,2024-04-15
2024041501024316,DOLTI,56,28,10.0,478.8,4788.0,2024-04-15
2024041501024315,CBLD88,42,39,200.0,1050.0,210000.0,2024-04-15
2024041503010836,MERO,44,6,440.0,625.1,275044.0,2024-04-15
2024041503010835,MERO,44,6,500.0,625.1,312550.0,2024-04-15
2024041503010834,MERO,17,6,60.0,626.0,37560.0,2024-04-15
2024041504009561,NLG,6,53,200.0,750.5,150100.0,2024-04-15
2024041504009560,NLG,36,53,100.0,750.6,75060.0,2024-04-15
2024041504009559,NLG,18,53,100.0,750.7,75070.0,2024-04-15
2024041503010833,SWBBL,34,26,10.0,754.9,7549.0,2024-04-15
2024041503010832,JFL,49,58,30.0,438.1,13143.0,2024-04-15
2024041501024314,SANIMA,38,21,260.0,234.6,60996.0,2024-04-15
2024041501024313,SANIMA,59,21,240.0,235.0,56400.0,2024-04-15
2024041503010831,GBBL,65,14,63.0,364.0,22932.0,2024-04-15
2024041503010830,GBBL,65,55,37.0,363.0,13431.0,2024-04-15
2024041501024312,NICA,41,65,74.0,390.0,28860.0,2024-04-15
2024041501024311,NICA,58,65,100.0,390.1,39010.0,2024-04-15
2024041501024310,NICA,51,65,100.0,390.1,39010.0,2024-04-15
2024041501024309,NICA,51,65,226.0,390.1,88162.6,2024-04-15
2024041505004171,CHDC,57,20,100.0,812.0,81200.0,2024-04-15
2024041505004170,CHDC,7,20,50.0,812.0,40600.0,2024-04-15
2024041505004169,CHDC,41,20,100.0,812.0,81200.0,2024-04-15
2024041501024308,SONA,7,59,10.0,446.0,4460.0,2024-04-15
2024041505004168,HRL,6,68,10.0,606.5,6065.0,2024-04-15
2024041504009558,UNHPL,34,42,888.0,230.7,204861.6,2024-04-15
2024041504009557,UNHPL,48,42,42.0,230.8,9693.6,2024-04-15
2024041503010829,JBBL,55,57,100.0,289.0,28900.0,2024-04-15
2024041503010828,JBBL,55,35,20.0,289.0,5780.0,2024-04-15
2024041501024307,PCBL,45,25,471.0,190.6,89772.6,2024-04-15
2024041501024306,PCBL,4,25,101.0,190.6,19250.6,2024-04-15
2024041501024305,AHL,58,52,23.0,442.2,10170.6,2024-04-15
2024041501024304,AHL,28,52,50.0,443.0,22150.0,2024-04-15
2024041501024303,AHL,33,52,200.0,443.6,88720.0,2024-04-15
2024041501024302,AHL,5,52,180.0,443.7,79866.0,2024-04-15
2024041501024301,AHL,35,52,47.0,444.0,20868.0,2024-04-15
2024041503010827,NUBL,52,58,30.0,646.0,19380.0,2024-04-15
2024041504009556,NHPC,22,45,50.0,147.0,7350.0,2024-04-15
2024041504009555,RIDI,39,45,100.0,175.0,17500.0,2024-04-15
2024041501024300,SPC,56,58,20.0,530.0,10600.0,2024-04-15
2024041501024299,KBL,85,57,288.0,135.0,38880.0,2024-04-15
2024041501024298,KBL,57,57,250.0,135.1,33775.0,2024-04-15
2024041503010826,NLIC,65,20,300.0,594.3,178290.0,2024-04-15
2024041503010825,CORBL,1,34,10.0,442.0,4420.0,2024-04-15
2024041503010824,GUFL,41,59,40.0,823.0,32920.0,2024-04-15
2024041503010823,NLIC,65,45,30.0,594.3,17829.0,2024-04-15
2024041501024297,MMKJL,29,4,10.0,403.0,4030.0,2024-04-15
2024041503010822,GUFL,41,16,100.0,823.0,82300.0,2024-04-15
2024041503010821,GUFL,41,56,54.0,823.0,44442.0,2024-04-15
2024041503010820,GUFL,41,35,300.0,822.0,246600.0,2024-04-15
2024041503010819,GUFL,41,44,500.0,821.9,410950.0,2024-04-15
2024041503010818,GUFL,41,44,364.0,821.8,299135.2,2024-04-15
2024041503010817,GUFL,41,47,100.0,820.0,82000.0,2024-04-15
2024041503010816,GUFL,41,33,30.0,819.8,24594.0,2024-04-15
2024041503010815,GUFL,41,33,300.0,819.0,245700.0,2024-04-15
2024041503010814,GUFL,41,36,500.0,818.0,409000.0,2024-04-15
2024041503010813,GUFL,41,33,40.0,817.9,32716.0,2024-04-15
2024041505004167,NIFRA,38,70,100.0,201.7,20170.0,2024-04-15
2024041501024296,PPL,62,49,296.0,623.0,184408.0,2024-04-15
2024041501024295,KDL,33,72,180.0,777.0,139860.0,2024-04-15
2024041501024294,KDL,47,72,10.0,777.0,7770.0,2024-04-15
2024041501024293,KDL,55,72,40.0,777.0,31080.0,2024-04-15
2024041501024292,KDL,33,72,20.0,777.3,15546.0,2024-04-15
2024041501024291,KDL,58,72,150.0,780.0,117000.0,2024-04-15
2024041503010812,SFCL,29,48,434.0,319.0,138446.0,2024-04-15
2024041503010811,SFCL,57,48,566.0,319.0,180554.0,2024-04-15
2024041501024290,SANIMA,59,41,60.0,235.0,14100.0,2024-04-15
2024041504009554,HURJA,86,5,130.0,291.0,37830.0,2024-04-15
2024041504009553,HURJA,86,32,480.0,291.0,139680.0,2024-04-15
2024041503010810,SJLIC,41,49,117.0,500.0,58500.0,2024-04-15
2024041503010809,MDB,56,56,637.0,423.0,269451.0,2024-04-15
2024041503010808,MDB,56,56,653.0,423.0,276219.0,2024-04-15
2024041503010807,SFCL,57,49,434.0,319.0,138446.0,2024-04-15
2024041503010806,SFCL,7,49,66.0,319.1,21060.6,2024-04-15
2024041503010805,MPFL,33,50,150.0,371.2,55680.0,2024-04-15
2024041503010804,MPFL,32,50,100.0,371.3,37130.0,2024-04-15
2024041503010803,MPFL,29,50,250.0,371.5,92875.0,2024-04-15
2024041503010802,MERO,17,42,40.0,626.0,25040.0,2024-04-15
2024041501024289,MEL,42,25,68.0,233.0,15844.0,2024-04-15
