transaction,symbol,buyer,seller,quantity,rate,amount,date
2024110503009984,SFCL,13,45,60.0,780.3,46818.0,2024-11-05
2024110503009983,SFCL,80,45,50.0,781.2,39060.0,2024-11-05
2024110503009982,SFCL,94,45,95.0,781.3,74223.5,2024-11-05
2024110503009981,BFC,28,26,60.0,639.0,38340.0,2024-11-05
2024110503009980,BFC,28,38,100.0,638.0,63800.0,2024-11-05
2024110503009979,BFC,28,42,80.0,637.0,50960.0,2024-11-05
2024110501014660,RHGCL,34,17,10.0,410.0,4100.0,2024-11-05
2024110501014659,KBSH,70,28,10.0,2953.0,29530.0,2024-11-05
2024110505009558,PHCL,28,45,146.0,557.2,81351.2,2024-11-05
2024110501014658,IHL,66,14,60.0,547.0,32820.0,2024-11-05
2024110501014657,IHL,66,57,100.0,546.9,54690.0,2024-11-05
2024110501014656,IHL,66,21,270.0,546.0,147420.0,2024-11-05
2024110501014655,IHL,66,45,90.0,546.0,49140.0,2024-11-05
2024110501014654,IHL,66,41,200.0,545.0,109000.0,2024-11-05
2024110501014653,IHL,66,70,280.0,545.0,152600.0,2024-11-05
2024110504013313,RIDI,49,34,50.0,242.2,12110.0,2024-11-05
2024110504013312,RIDI,57,34,1760.0,242.2,426272.0,2024-11-05
2024110504013311,RIDI,4,34,67.0,242.4,16240.8,2024-11-05
2024110501014652,RAWA,66,35,10.0,769.0,7690.0,2024-11-05
2024110504013310,UAIL,45,77,10.0,701.8,7018.0,2024-11-05
2024110501014651,UHEWA,34,63,30.0,507.9,15237.0,2024-11-05
2024110501014650,UHEWA,34,45,30.0,507.7,15231.0,2024-11-05
2024110504013309,JOSHI,17,81,10.0,313.0,3130.0,2024-11-05
2024110504013308,RHPL,58,44,190.0,410.0,77900.0,2024-11-05
2024110504013307,RHPL,58,16,50.0,410.0,20500.0,2024-11-05
2024110504013306,RHPL,58,11,100.0,410.0,41000.0,2024-11-05
2024110504013305,RHPL,58,33,160.0,410.0,65600.0,2024-11-05
2024110504013304,RHPL,58,20,500.0,409.0,204500.0,2024-11-05
2024110504013303,OHL,42,1,10.0,955.0,9550.0,2024-11-05
2024110505009557,PSF,43,53,1000.0,10.1,10100.0,2024-11-05
2024110503009978,HLBSL,48,45,20.0,970.0,19400.0,2024-11-05
2024110505009556,MBJC,22,57,20.0,341.0,6820.0,2024-11-05
2024110501014649,BEDC,1,35,10.0,481.0,4810.0,2024-11-05
2024110501014648,BHL,64,22,90.0,513.2,46188.0,2024-11-05
2024110501014647,BHL,43,22,20.0,513.5,10270.0,2024-11-05
2024110505009555,MEL,1,14,50.0,296.0,14800.0,2024-11-05
2024110504013302,AKPL,22,81,10.0,257.0,2570.0,2024-11-05
2024110504013301,SHEL,49,42,10.0,246.8,2468.0,2024-11-05
2024110501014646,BNHC,51,86,12.0,474.0,5688.0,2024-11-05
2024110501014645,BNHC,51,71,21.0,472.0,9912.0,2024-11-05
2024110501014644,SPC,51,44,10.0,490.0,4900.0,2024-11-05
2024110503009977,MPFL,38,21,10.0,750.0,7500.0,2024-11-05
2024110503009976,GFCL,38,36,55.0,1005.0,55275.0,2024-11-05
2024110503009975,GFCL,38,49,20.0,1005.0,20100.0,2024-11-05
2024110504013300,GLH,43,41,10.0,251.0,2510.0,2024-11-05
2024110505009554,PHCL,28,38,500.0,557.2,278600.0,2024-11-05
2024110503009974,GRDBL,20,51,10.0,766.0,7660.0,2024-11-05
2024110503009973,LBBL,72,41,10.0,483.0,4830.0,2024-11-05
2024110503009972,SLBSL,62,62,10.0,1377.2,13772.0,2024-11-05
2024110501014643,MEHL,57,38,60.0,401.0,24060.0,2024-11-05
2024110501014642,MEHL,57,42,40.0,401.0,16040.0,2024-11-05
2024110501014641,USHL,77,25,10.0,794.0,7940.0,2024-11-05
2024110501014640,SGHC,52,36,46.0,414.3,19057.8,2024-11-05
2024110501014639,SGHC,52,11,15.0,414.2,6213.0,2024-11-05
2024110501014638,SGHC,52,47,50.0,414.1,20705.0,2024-11-05
2024110501014637,SGHC,52,8,10.0,414.0,4140.0,2024-11-05
2024110501014636,SGHC,52,21,10.0,414.0,4140.0,2024-11-05
2024110501014635,SGHC,52,60,19.0,413.0,7847.0,2024-11-05
2024110501014634,SGHC,52,45,10.0,412.0,4120.0,2024-11-05
2024110501014633,SGHC,52,65,10.0,412.0,4120.0,2024-11-05
2024110501014632,SGHC,52,38,10.0,412.0,4120.0,2024-11-05
2024110501014631,SGHC,52,88,10.0,412.0,4120.0,2024-11-05
2024110501014630,SGHC,52,48,10.0,411.0,4110.0,2024-11-05
2024110503009971,NMLBBL,56,25,20.0,780.0,15600.0,2024-11-05
2024110503009970,NMLBBL,56,44,100.0,779.0,77900.0,2024-11-05
2024110503009969,NMLBBL,56,49,90.0,777.0,69930.0,2024-11-05
2024110501014629,HBL,56,37,10.0,252.0,2520.0,2024-11-05
2024110501014628,USHEC,25,96,10.0,574.0,5740.0,2024-11-05
2024110504013299,HURJA,55,25,300.0,215.1,64530.0,2024-11-05
2024110501014627,BNHC,41,25,50.0,471.0,23550.0,2024-11-05
2024110503009968,MPFL,35,21,10.0,750.0,7500.0,2024-11-05
2024110504013298,UMHL,39,58,300.0,372.0,111600.0,2024-11-05
2024110504013297,UMHL,39,58,140.0,366.0,51240.0,2024-11-05
2024110504013296,UMHL,39,68,200.0,351.9,70380.0,2024-11-05
2024110504013295,UMHL,39,52,570.0,351.9,200583.0,2024-11-05
2024110504013294,UMHL,39,34,10.0,351.9,3519.0,2024-11-05
2024110504013293,UMHL,39,43,150.0,351.9,52785.0,2024-11-05
2024110504013292,UMHL,39,45,150.0,351.9,52785.0,2024-11-05
2024110504013291,UMHL,39,3,500.0,351.9,175950.0,2024-11-05
2024110504013290,UMHL,39,58,300.0,351.9,105570.0,2024-11-05
2024110504013289,UMHL,39,67,500.0,351.9,175950.0,2024-11-05
2024110504013288,UMHL,39,42,500.0,351.9,175950.0,2024-11-05
2024110504013287,UMHL,39,71,2000.0,351.9,703800.0,2024-11-05
2024110504013286,UMHL,39,33,375.0,351.9,131962.5,2024-11-05
2024110504013285,UMHL,39,6,755.0,351.9,265684.5,2024-11-05
2024110504013284,UMHL,39,46,10.0,351.9,3519.0,2024-11-05
2024110504013283,UMHL,39,16,1000.0,351.9,351900.0,2024-11-05
2024110504013282,UMHL,39,53,100.0,351.9,35190.0,2024-11-05
2024110504013281,UMHL,39,49,2000.0,351.9,703800.0,2024-11-05
2024110504013280,UMHL,39,58,200.0,351.9,70380.0,2024-11-05
2024110504013279,UMHL,39,45,500.0,351.9,175950.0,2024-11-05
2024110504013278,UMHL,39,51,300.0,351.9,105570.0,2024-11-05
2024110504013277,UMHL,39,14,32.0,351.6,11251.2,2024-11-05
2024110504013276,UMHL,39,33,1000.0,351.6,351600.0,2024-11-05
2024110504013275,UMHL,39,32,50.0,351.0,17550.0,2024-11-05
2024110504013274,UMHL,39,88,116.0,351.0,40716.0,2024-11-05
2024110504013273,UMHL,39,13,2000.0,351.0,702000.0,2024-11-05
2024110504013272,UMHL,39,59,500.0,351.0,175500.0,2024-11-05
2024110504013271,UMHL,39,13,1000.0,351.0,351000.0,2024-11-05
2024110504013270,UMHL,39,59,695.0,351.0,243945.0,2024-11-05
2024110505009553,PHCL,65,67,190.0,564.0,107160.0,2024-11-05
2024110505009552,PHCL,65,34,10.0,564.0,5640.0,2024-11-05
2024110505009551,PHCL,65,34,10.0,564.0,5640.0,2024-11-05
2024110505009550,PHCL,65,34,10.0,564.0,5640.0,2024-11-05
2024110505009549,PHCL,65,34,10.0,564.0,5640.0,2024-11-05
2024110505009548,PHCL,65,66,50.0,563.0,28150.0,2024-11-05
2024110505009547,PHCL,65,34,10.0,563.0,5630.0,2024-11-05
2024110505009546,PHCL,65,38,10.0,563.0,5630.0,2024-11-05
2024110505009545,PHCL,65,38,10.0,563.0,5630.0,2024-11-05
2024110505009544,PHCL,65,41,500.0,563.0,281500.0,2024-11-05
2024110505009543,PHCL,65,21,20.0,563.0,11260.0,2024-11-05
2024110505009542,PHCL,65,49,10.0,562.0,5620.0,2024-11-05
2024110505009541,PHCL,65,44,30.0,562.0,16860.0,2024-11-05
2024110505009540,PHCL,65,32,10.0,561.5,5615.0,2024-11-05
2024110505009539,PHCL,65,28,1000.0,560.3,560300.0,2024-11-05
2024110505009538,PHCL,65,28,1000.0,560.1,560100.0,2024-11-05
2024110505009537,PHCL,65,32,250.0,560.0,140000.0,2024-11-05
2024110505009536,PHCL,65,28,10.0,560.0,5600.0,2024-11-05
2024110505009535,PHCL,65,58,10.0,560.0,5600.0,2024-11-05
2024110505009534,PHCL,65,52,10.0,560.0,5600.0,2024-11-05
2024110505009533,PHCL,65,21,10.0,560.0,5600.0,2024-11-05
2024110505009532,PHCL,65,52,10.0,560.0,5600.0,2024-11-05
2024110505009531,PHCL,65,54,10.0,560.0,5600.0,2024-11-05
2024110505009530,PHCL,65,34,10.0,560.0,5600.0,2024-11-05
2024110505009529,PHCL,65,49,10.0,560.0,5600.0,2024-11-05
2024110505009528,PHCL,65,49,10.0,560.0,5600.0,2024-11-05
2024110505009527,PHCL,65,50,250.0,560.0,140000.0,2024-11-05
2024110505009526,PHCL,65,38,10.0,560.0,5600.0,2024-11-05
2024110505009525,PHCL,65,32,10.0,560.0,5600.0,2024-11-05
2024110505009524,PHCL,65,38,10.0,560.0,5600.0,2024-11-05
2024110505009523,PHCL,65,58,10.0,560.0,5600.0,2024-11-05
2024110505009522,PHCL,65,7,10.0,560.0,5600.0,2024-11-05
2024110505009521,PHCL,65,42,10.0,560.0,5600.0,2024-11-05
2024110505009520,PHCL,65,22,10.0,560.0,5600.0,2024-11-05
2024110505009519,PHCL,65,44,10.0,560.0,5600.0,2024-11-05
2024110505009518,PHCL,65,58,50.0,560.0,28000.0,2024-11-05
2024110505009517,PHCL,65,41,10.0,560.0,5600.0,2024-11-05
2024110505009516,PHCL,65,42,10.0,560.0,5600.0,2024-11-05
2024110505009515,PHCL,65,19,10.0,560.0,5600.0,2024-11-05
2024110505009514,PHCL,65,58,150.0,560.0,84000.0,2024-11-05
2024110505009513,PHCL,65,58,10.0,560.0,5600.0,2024-11-05
2024110505009512,PHCL,65,42,10.0,560.0,5600.0,2024-11-05
2024110505009511,PHCL,65,47,10.0,560.0,5600.0,2024-11-05
2024110505009510,PHCL,65,42,10.0,560.0,5600.0,2024-11-05
2024110505009509,PHCL,65,32,10.0,560.0,5600.0,2024-11-05
2024110505009508,PHCL,65,11,10.0,560.0,5600.0,2024-11-05
2024110505009507,PHCL,65,28,10.0,560.0,5600.0,2024-11-05
2024110505009506,PHCL,65,32,10.0,560.0,5600.0,2024-11-05
2024110505009505,PHCL,65,28,1000.0,560.0,560000.0,2024-11-05
2024110505009504,PHCL,65,57,10.0,560.0,5600.0,2024-11-05
2024110505009503,PHCL,65,34,10.0,560.0,5600.0,2024-11-05
2024110505009502,PHCL,65,28,1000.0,560.0,560000.0,2024-11-05
2024110505009501,PHCL,65,28,1000.0,559.9,559900.0,2024-11-05
2024110505009500,PHCL,65,28,1000.0,559.5,559500.0,2024-11-05
2024110505009499,PHCL,65,57,100.0,559.3,55930.0,2024-11-05
2024110505009498,PHCL,65,28,1000.0,559.2,559200.0,2024-11-05
2024110505009497,PHCL,65,21,20.0,559.0,11180.0,2024-11-05
2024110505009496,PHCL,65,42,10.0,559.0,5590.0,2024-11-05
2024110505009495,PHCL,65,49,10.0,559.0,5590.0,2024-11-05
2024110505009494,PHCL,65,35,10.0,559.0,5590.0,2024-11-05
2024110505009493,PHCL,65,52,10.0,559.0,5590.0,2024-11-05
2024110505009492,PHCL,65,28,400.0,559.0,223600.0,2024-11-05
2024110505009491,PHCL,65,58,10.0,558.5,5585.0,2024-11-05
2024110505009490,PHCL,65,38,10.0,558.5,5585.0,2024-11-05
2024110505009489,PHCL,65,43,200.0,558.4,111680.0,2024-11-05
2024110505009488,PHCL,65,35,10.0,558.2,5582.0,2024-11-05
2024110505009487,PHCL,65,58,10.0,558.0,5580.0,2024-11-05
2024110505009486,PHCL,65,47,10.0,558.0,5580.0,2024-11-05
2024110505009485,PHCL,65,32,100.0,558.0,55800.0,2024-11-05
2024110505009484,PHCL,65,4,10.0,558.0,5580.0,2024-11-05
2024110505009483,PHCL,65,35,10.0,558.0,5580.0,2024-11-05
2024110505009482,PHCL,65,21,190.0,557.9,106001.0,2024-11-05
2024110504013269,SPIL,44,41,10.0,890.0,8900.0,2024-11-05
2024110505009481,RNLI,88,58,21.0,513.9,10791.9,2024-11-05
2024110505009480,RNLI,88,42,79.0,513.8,40590.2,2024-11-05
2024110501014626,MKHL,26,49,10.0,539.0,5390.0,2024-11-05
2024110501014625,MKHL,26,55,10.0,536.0,5360.0,2024-11-05
2024110504013268,CHL,29,66,10.0,352.0,3520.0,2024-11-05
2024110501014624,EHPL,28,70,20.0,820.0,16400.0,2024-11-05
2024110501014623,BHL,43,45,180.0,513.5,92430.0,2024-11-05
2024110501014622,BHL,38,45,20.0,513.9,10278.0,2024-11-05
2024110505009479,MBJC,35,34,90.0,340.0,30600.0,2024-11-05
2024110503009967,SINDU,34,60,100.0,700.0,70000.0,2024-11-05
2024110503009966,NFS,3,34,10.0,1550.0,15500.0,2024-11-05
2024110504013267,AHPC,34,58,50.0,276.9,13845.0,2024-11-05
2024110505009478,MEL,45,14,10.0,296.0,2960.0,2024-11-05
2024110504013266,API,34,41,10.0,291.0,2910.0,2024-11-05
2024110501014621,NWCL,45,96,10.0,1014.0,10140.0,2024-11-05
2024110501014620,NWCL,45,7,10.0,1010.0,10100.0,2024-11-05
2024110501014619,NWCL,45,17,10.0,1005.0,10050.0,2024-11-05
2024110501014618,NWCL,45,55,10.0,1000.0,10000.0,2024-11-05
2024110504013265,SHL,45,57,100.0,574.5,57450.0,2024-11-05
2024110504013264,NHPC,37,58,10.0,226.9,2269.0,2024-11-05
2024110504013263,UMRH,58,49,10.0,491.5,4915.0,2024-11-05
2024110504013262,RADHI,60,6,160.0,406.0,64960.0,2024-11-05
2024110504013261,RADHI,60,18,200.0,405.9,81180.0,2024-11-05
2024110504013260,RADHI,60,34,150.0,405.0,60750.0,2024-11-05
2024110504013259,RADHI,60,32,40.0,405.0,16200.0,2024-11-05
2024110504013258,RADHI,60,14,270.0,405.0,109350.0,2024-11-05
2024110501014617,EHPL,6,70,10.0,820.0,8200.0,2024-11-05
2024110503009965,MDB,52,21,226.0,643.0,145318.0,2024-11-05
2024110503009964,MDB,28,21,24.0,644.0,15456.0,2024-11-05
2024110501014616,SANIMA,84,52,990.0,324.3,321057.0,2024-11-05
2024110505009477,HIDCL,1,94,10.0,274.9,2749.0,2024-11-05
2024110504013257,SPDL,41,17,10.0,318.0,3180.0,2024-11-05
2024110503009963,NMLBBL,99,49,10.0,777.0,7770.0,2024-11-05
2024110503009962,SIFC,4,45,193.0,649.9,125430.7,2024-11-05
2024110503009961,SIFC,4,32,10.0,649.9,6499.0,2024-11-05
2024110503009960,SIFC,4,62,217.0,649.0,140833.0,2024-11-05
2024110503009959,SHINE,46,34,10.0,485.0,4850.0,2024-11-05
2024110503009958,ALICL,62,38,10.0,754.8,7548.0,2024-11-05
2024110503009957,JSLBB,50,62,10.0,1495.1,14951.0,2024-11-05
2024110504013256,PPCL,36,52,10.0,265.1,2651.0,2024-11-05
2024110501014615,RHGCL,7,13,10.0,412.8,4128.0,2024-11-05
2024110505009476,RNLI,67,42,10.0,513.8,5138.0,2024-11-05
2024110501014614,EHPL,26,50,20.0,815.1,16302.0,2024-11-05
2024110505009475,PHCL,71,21,10.0,557.9,5579.0,2024-11-05
2024110503009956,SFCL,94,50,20.0,781.3,15626.0,2024-11-05
2024110501014613,NBL,50,16,10.0,285.5,2855.0,2024-11-05
2024110505009474,CHDC,34,35,25.0,1670.0,41750.0,2024-11-05
2024110505009473,CHDC,74,35,200.0,1670.0,334000.0,2024-11-05
2024110505009472,SAHAS,39,66,42.0,525.0,22050.0,2024-11-05
2024110505009471,SAHAS,39,10,33.0,525.0,17325.0,2024-11-05
2024110503009955,MATRI,70,17,57.0,1420.9,80991.3,2024-11-05
2024110503009954,MATRI,70,38,20.0,1420.0,28400.0,2024-11-05
2024110503009953,MATRI,70,62,11.0,1420.0,15620.0,2024-11-05
2024110503009952,MATRI,70,34,11.0,1419.0,15609.0,2024-11-05
2024110503009951,MATRI,70,42,20.0,1418.0,28360.0,2024-11-05
2024110503009950,MATRI,70,35,10.0,1415.0,14150.0,2024-11-05
2024110503009949,MATRI,70,57,11.0,1410.0,15510.0,2024-11-05
2024110503009948,MATRI,70,5,20.0,1410.0,28200.0,2024-11-05
2024110503009947,MATRI,70,11,110.0,1410.0,155100.0,2024-11-05
2024110503009946,MATRI,70,5,30.0,1409.0,42270.0,2024-11-05
2024110503009945,SFCL,94,33,50.0,781.3,39065.0,2024-11-05
2024110504013255,SHL,68,17,100.0,574.0,57400.0,2024-11-05
2024110501014612,KBL,8,34,200.0,228.9,45780.0,2024-11-05
2024110501014611,KBL,77,34,500.0,228.9,114450.0,2024-11-05
2024110501014610,KBL,25,34,100.0,228.9,22890.0,2024-11-05
2024110501014609,UHEWA,34,45,20.0,507.7,10154.0,2024-11-05
2024110501014608,UHEWA,34,49,30.0,507.0,15210.0,2024-11-05
2024110501014607,UHEWA,34,34,10.0,507.0,5070.0,2024-11-05
2024110501014606,GBIME,34,44,10.0,254.0,2540.0,2024-11-05
2024110505009470,HIDCL,34,94,500.0,274.9,137450.0,2024-11-05
2024110503009944,NUBL,34,48,10.0,730.0,7300.0,2024-11-05
2024110501014605,BHL,45,25,50.0,514.0,25700.0,2024-11-05
2024110504013254,KKHC,58,45,95.0,292.1,27749.5,2024-11-05
2024110504013253,KKHC,49,45,40.0,293.3,11732.0,2024-11-05
2024110501014604,MHCL,42,34,65.0,432.0,28080.0,2024-11-05
2024110501014603,MHCL,42,70,135.0,431.8,58293.0,2024-11-05
2024110501014602,MMKJL,75,58,40.0,540.0,21600.0,2024-11-05
2024110501014601,MMKJL,75,55,10.0,540.0,5400.0,2024-11-05
2024110501014600,MMKJL,75,41,50.0,538.0,26900.0,2024-11-05
2024110503009943,NFS,58,38,10.0,1559.8,15598.0,2024-11-05
2024110504013252,KPCL,58,54,10.0,508.0,5080.0,2024-11-05
2024110503009942,CORBL,60,14,10.0,970.0,9700.0,2024-11-05
2024110503009941,JFL,60,25,10.0,771.9,7719.0,2024-11-05
2024110503009940,NADEP,48,51,500.0,1010.0,505000.0,2024-11-05
2024110503009939,GILB,1,39,10.0,1282.0,12820.0,2024-11-05
2024110505009469,HRL,1,21,10.0,870.9,8709.0,2024-11-05
2024110503009938,NFS,74,38,81.0,1559.8,126343.8,2024-11-05
2024110503009937,NFS,74,51,100.0,1559.0,155900.0,2024-11-05
2024110503009936,NFS,74,16,50.0,1559.0,77950.0,2024-11-05
2024110503009935,NFS,74,51,481.0,1559.0,749879.0,2024-11-05
2024110503009934,NFS,74,51,100.0,1559.0,155900.0,2024-11-05
2024110503009933,NFS,74,45,470.0,1558.0,732260.0,2024-11-05
2024110503009932,NFS,74,62,10.0,1550.0,15500.0,2024-11-05
2024110503009931,NFS,74,61,450.0,1550.0,697500.0,2024-11-05
2024110503009930,NFS,74,58,600.0,1550.0,930000.0,2024-11-05
2024110503009929,NFS,74,83,500.0,1443.0,721500.0,2024-11-05
2024110503009928,NFS,74,32,100.0,1443.0,144300.0,2024-11-05
2024110503009927,NFS,74,54,20.0,1443.0,28860.0,2024-11-05
2024110503009926,NFS,74,35,5000.0,1443.0,7215000.0,2024-11-05
2024110503009925,NFS,74,42,72.0,1440.0,103680.0,2024-11-05
2024110503009924,NFS,74,21,30.0,1438.2,43146.0,2024-11-05
2024110503009923,NFS,74,39,10.0,1438.2,14382.0,2024-11-05
2024110503009922,NFS,74,21,38.0,1438.2,54651.6,2024-11-05
2024110503009921,NFS,74,96,200.0,1438.2,287640.0,2024-11-05
2024110503009920,NFS,74,41,100.0,1438.2,143820.0,2024-11-05
2024110503009919,NFS,74,32,100.0,1438.2,143820.0,2024-11-05
2024110503009918,NFS,74,13,50.0,1438.2,71910.0,2024-11-05
2024110503009917,NFS,74,11,100.0,1438.2,143820.0,2024-11-05
2024110503009916,NFS,74,54,45.0,1438.2,64719.0,2024-11-05
2024110503009915,NFS,74,49,100.0,1438.2,143820.0,2024-11-05
2024110503009914,NFS,74,21,30.0,1438.2,43146.0,2024-11-05
2024110503009913,NFS,74,58,10.0,1438.2,14382.0,2024-11-05
2024110503009912,NFS,74,6,10.0,1438.2,14382.0,2024-11-05
2024110503009911,NFS,74,64,2047.0,1438.2,2943995.4,2024-11-05
2024110503009910,NFS,74,35,500.0,1438.2,719100.0,2024-11-05
2024110503009909,NFS,74,17,15.0,1438.2,21573.0,2024-11-05
2024110503009908,NFS,74,36,10.0,1438.2,14382.0,2024-11-05
2024110503009907,NFS,74,39,500.0,1438.2,719100.0,2024-11-05
2024110503009906,NFS,74,32,300.0,1438.2,431460.0,2024-11-05
2024110503009905,NFS,74,20,72.0,1438.2,103550.4,2024-11-05
2024110503009904,NFS,74,26,100.0,1438.2,143820.0,2024-11-05
2024110503009903,NFS,74,58,50.0,1438.2,71910.0,2024-11-05
2024110503009902,NFS,74,58,131.0,1438.2,188404.2,2024-11-05
2024110503009901,NFS,74,17,15.0,1438.2,21573.0,2024-11-05
2024110503009900,NFS,74,58,294.0,1438.2,422830.8,2024-11-05
2024110503009899,NFS,74,33,100.0,1438.2,143820.0,2024-11-05
2024110503009898,NFS,74,57,150.0,1438.2,215730.0,2024-11-05
2024110503009897,NFS,74,39,150.0,1438.2,215730.0,2024-11-05
2024110503009896,NFS,74,45,100.0,1438.2,143820.0,2024-11-05
2024110503009895,NFS,74,41,10.0,1438.2,14382.0,2024-11-05
2024110503009894,NFS,74,74,70.0,1438.2,100674.0,2024-11-05
2024110503009893,NFS,74,51,100.0,1438.2,143820.0,2024-11-05
2024110503009892,NFS,74,35,5000.0,1438.2,7191000.0,2024-11-05
2024110503009891,NFS,74,17,10.0,1438.2,14382.0,2024-11-05
2024110503009890,NFS,74,29,50.0,1438.2,71910.0,2024-11-05
2024110503009889,NFS,74,44,40.0,1438.2,57528.0,2024-11-05
2024110503009888,NFS,74,19,10.0,1438.2,14382.0,2024-11-05
2024110503009887,NFS,74,81,100.0,1438.2,143820.0,2024-11-05
2024110503009886,NFS,74,26,100.0,1438.2,143820.0,2024-11-05
2024110503009885,NFS,74,22,10.0,1438.2,14382.0,2024-11-05
2024110503009884,NFS,74,8,300.0,1438.1,431430.0,2024-11-05
2024110503009883,NFS,74,32,50.0,1438.1,71905.0,2024-11-05
2024110503009882,NFS,74,38,50.0,1438.0,71900.0,2024-11-05
2024110503009881,NFS,74,26,50.0,1438.0,71900.0,2024-11-05
2024110503009880,NFS,74,42,100.0,1438.0,143800.0,2024-11-05
2024110503009879,NFS,74,61,1000.0,1438.0,1438000.0,2024-11-05
2024110503009878,NFS,74,14,100.0,1438.0,143800.0,2024-11-05
2024110503009877,NFS,74,39,100.0,1438.0,143800.0,2024-11-05
2024110503009876,NFS,74,47,50.0,1438.0,71900.0,2024-11-05
2024110503009875,NFS,74,57,10.0,1438.0,14380.0,2024-11-05
2024110503009874,NFS,74,59,185.0,1438.0,266030.0,2024-11-05
2024110503009873,NFS,74,34,20.0,1438.0,28760.0,2024-11-05
2024110503009872,NFS,74,37,200.0,1438.0,287600.0,2024-11-05
2024110503009871,NFS,74,7,100.0,1438.0,143800.0,2024-11-05
2024110503009870,NFS,74,28,200.0,1438.0,287600.0,2024-11-05
2024110503009869,NFS,74,28,100.0,1438.0,143800.0,2024-11-05
2024110503009868,NFS,74,70,100.0,1438.0,143800.0,2024-11-05
2024110503009867,NFS,74,95,500.0,1438.0,719000.0,2024-11-05
2024110503009866,NFS,74,96,500.0,1438.0,719000.0,2024-11-05
2024110503009865,NFS,74,3,100.0,1438.0,143800.0,2024-11-05
2024110503009864,NFS,74,35,40.0,1438.0,57520.0,2024-11-05
2024110503009863,NFS,74,41,50.0,1438.0,71900.0,2024-11-05
2024110503009862,NFS,74,34,20.0,1438.0,28760.0,2024-11-05
2024110503009861,NFS,74,49,10.0,1438.0,14380.0,2024-11-05
2024110503009860,NFS,74,57,100.0,1438.0,143800.0,2024-11-05
2024110503009859,NFS,74,71,500.0,1438.0,719000.0,2024-11-05
2024110503009858,NFS,74,32,100.0,1438.0,143800.0,2024-11-05
2024110503009857,NFS,74,7,100.0,1438.0,143800.0,2024-11-05
2024110503009856,NFS,74,45,70.0,1438.0,100660.0,2024-11-05
2024110503009855,NFS,74,58,50.0,1438.0,71900.0,2024-11-05
2024110503009854,NFS,74,32,50.0,1438.0,71900.0,2024-11-05
2024110503009853,NFS,74,14,20.0,1438.0,28760.0,2024-11-05
2024110503009852,NFS,74,17,70.0,1437.9,100653.0,2024-11-05
2024110503009851,NFS,74,49,20.0,1437.9,28758.0,2024-11-05
2024110503009850,NFS,74,57,300.0,1437.9,431370.0,2024-11-05
2024110503009849,NFS,74,32,50.0,1437.7,71885.0,2024-11-05
2024110503009848,NFS,74,11,11.0,1437.7,15814.7,2024-11-05
2024110503009847,NFS,74,49,1111.0,1437.7,1597284.7,2024-11-05
2024110503009846,NFS,74,44,1000.0,1437.0,1437000.0,2024-11-05
2024110503009845,NFS,74,6,150.0,1437.0,215550.0,2024-11-05
2024110503009844,NFS,74,64,100.0,1436.9,143690.0,2024-11-05
2024110503009843,NFS,74,6,10.0,1436.2,14362.0,2024-11-05
2024110503009842,NFS,74,14,25.0,1436.1,35902.5,2024-11-05
2024110503009841,NFS,74,6,20.0,1436.1,28722.0,2024-11-05
2024110503009840,NFS,74,11,2200.0,1436.1,3159420.0,2024-11-05
2024110503009839,NFS,74,39,10.0,1436.1,14361.0,2024-11-05
2024110503009838,NFS,74,3,1250.0,1436.1,1795125.0,2024-11-05
2024110503009837,NFS,74,22,10.0,1436.1,14361.0,2024-11-05
2024110503009836,NFS,74,58,260.0,1436.0,373360.0,2024-11-05
2024110503009835,NFS,74,57,20.0,1436.0,28720.0,2024-11-05
2024110503009834,NFS,74,34,50.0,1436.0,71800.0,2024-11-05
2024110503009833,NFS,74,45,50.0,1436.0,71800.0,2024-11-05
2024110503009832,NFS,74,6,150.0,1436.0,215400.0,2024-11-05
2024110503009831,NFS,74,49,500.0,1436.0,718000.0,2024-11-05
2024110503009830,NFS,74,25,100.0,1436.0,143600.0,2024-11-05
2024110503009829,NFS,74,40,100.0,1436.0,143600.0,2024-11-05
2024110503009828,NFS,74,39,50.0,1436.0,71800.0,2024-11-05
2024110503009827,NFS,74,77,11.0,1436.0,15796.0,2024-11-05
2024110503009826,NFS,74,21,10.0,1435.1,14351.0,2024-11-05
2024110503009825,NFS,74,21,50.0,1435.1,71755.0,2024-11-05
2024110503009824,NFS,74,61,300.0,1435.1,430530.0,2024-11-05
2024110503009823,NFS,74,58,200.0,1435.0,287000.0,2024-11-05
2024110503009822,NFS,74,21,100.0,1435.0,143500.0,2024-11-05
2024110503009821,NFS,74,22,10.0,1435.0,14350.0,2024-11-05
2024110503009820,NFS,74,18,282.0,1435.0,404670.0,2024-11-05
2024110503009819,NFS,74,42,300.0,1435.0,430500.0,2024-11-05
2024110503009818,NFS,74,39,50.0,1435.0,71750.0,2024-11-05
2024110503009817,NFS,74,20,200.0,1435.0,287000.0,2024-11-05
2024110503009816,NFS,74,20,300.0,1435.0,430500.0,2024-11-05
2024110503009815,NFS,74,53,20.0,1435.0,28700.0,2024-11-05
2024110503009814,NFS,74,57,200.0,1435.0,287000.0,2024-11-05
2024110503009813,NFS,74,45,15.0,1430.0,21450.0,2024-11-05
2024110503009812,NFS,74,84,50.0,1430.0,71500.0,2024-11-05
2024110503009811,NFS,74,35,10.0,1430.0,14300.0,2024-11-05
2024110503009810,NFS,74,41,10.0,1428.0,14280.0,2024-11-05
2024110503009809,NFS,74,72,1000.0,1427.9,1427900.0,2024-11-05
2024110503009808,NFS,74,66,500.0,1427.8,713900.0,2024-11-05
2024110503009807,NFS,74,70,400.0,1427.8,571120.0,2024-11-05
2024110503009806,NFS,74,29,300.0,1427.8,428340.0,2024-11-05
2024110503009805,NFS,74,72,280.0,1427.8,399784.0,2024-11-05
2024110503009804,NFS,74,72,350.0,1427.8,499730.0,2024-11-05
2024110503009803,NFS,74,42,10.0,1427.0,14270.0,2024-11-05
2024110503009802,NFS,74,3,100.0,1427.0,142700.0,2024-11-05
2024110503009801,NFS,74,7,200.0,1427.0,285400.0,2024-11-05
2024110503009800,NFS,74,62,40.0,1425.0,57000.0,2024-11-05
2024110503009799,NFS,74,58,10.0,1425.0,14250.0,2024-11-05
2024110503009798,NFS,74,58,10.0,1424.0,14240.0,2024-11-05
2024110503009797,NFS,74,47,200.0,1415.0,283000.0,2024-11-05
2024110503009796,NFS,74,49,49.0,1415.0,69335.0,2024-11-05
2024110503009795,EDBL,90,64,10.0,677.0,6770.0,2024-11-05
2024110503009794,NFS,3,49,40.0,1415.0,56600.0,2024-11-05
2024110503009793,NFS,3,21,20.0,1414.5,28290.0,2024-11-05
2024110503009792,NFS,3,59,90.0,1410.0,126900.0,2024-11-05
2024110501014599,MHCL,60,4,30.0,428.0,12840.0,2024-11-05
2024110504013251,UMHL,62,59,305.0,351.0,107055.0,2024-11-05
2024110504013250,UMHL,62,80,100.0,351.0,35100.0,2024-11-05
2024110504013249,UMHL,62,34,200.0,351.0,70200.0,2024-11-05
2024110504013248,UMHL,62,22,157.0,351.0,55107.0,2024-11-05
2024110504013247,UMHL,62,51,100.0,351.0,35100.0,2024-11-05
2024110504013246,UMHL,62,37,100.0,351.0,35100.0,2024-11-05
2024110504013245,UMHL,62,38,1000.0,351.0,351000.0,2024-11-05
2024110504013244,UMHL,62,64,30.0,351.0,10530.0,2024-11-05
2024110504013243,UMHL,62,49,10.0,351.0,3510.0,2024-11-05
2024110504013242,UMHL,62,44,500.0,350.6,175300.0,2024-11-05
2024110504013241,UMHL,62,48,300.0,350.6,105180.0,2024-11-05
2024110504013240,UMHL,62,45,50.0,350.6,17530.0,2024-11-05
2024110504013239,UMHL,62,3,714.0,350.6,250328.4,2024-11-05
2024110504013238,UMHL,62,19,300.0,350.5,105150.0,2024-11-05
2024110504013237,UMHL,62,48,225.0,350.3,78817.5,2024-11-05
2024110504013236,UMHL,62,58,1000.0,350.0,350000.0,2024-11-05
2024110504013235,UMHL,62,21,100.0,350.0,35000.0,2024-11-05
2024110504013234,UMHL,62,44,500.0,350.0,175000.0,2024-11-05
2024110504013233,UMHL,62,16,100.0,350.0,35000.0,2024-11-05
2024110504013232,UMHL,62,5,100.0,350.0,35000.0,2024-11-05
2024110504013231,UMHL,62,45,500.0,350.0,175000.0,2024-11-05
2024110504013230,UMHL,62,6,400.0,350.0,140000.0,2024-11-05
2024110504013229,UMHL,62,42,20.0,350.0,7000.0,2024-11-05
2024110504013228,UMHL,62,41,100.0,350.0,35000.0,2024-11-05
2024110504013227,UMHL,62,38,491.0,350.0,171850.0,2024-11-05
2024110504013226,UMHL,62,58,100.0,350.0,35000.0,2024-11-05
2024110504013225,UMHL,62,58,800.0,350.0,280000.0,2024-11-05
2024110504013224,UMHL,62,58,200.0,350.0,70000.0,2024-11-05
2024110504013223,UMHL,62,45,50.0,349.9,17495.0,2024-11-05
2024110504013222,UMHL,62,41,5000.0,349.8,1749000.0,2024-11-05
2024110504013221,UMHL,62,44,1000.0,349.8,349800.0,2024-11-05
2024110504013220,UMHL,62,48,500.0,349.8,174900.0,2024-11-05
2024110504013219,UMHL,62,41,400.0,349.8,139920.0,2024-11-05
2024110504013218,UMHL,62,41,100.0,349.8,34980.0,2024-11-05
2024110504013217,UMHL,62,52,400.0,349.8,139920.0,2024-11-05
2024110504013216,UMHL,62,16,500.0,349.8,174900.0,2024-11-05
2024110504013215,UMHL,62,33,900.0,349.0,314100.0,2024-11-05
2024110504013214,UMHL,62,71,2600.0,349.0,907400.0,2024-11-05
2024110504013213,UMHL,62,47,2000.0,349.0,698000.0,2024-11-05
2024110504013212,UMHL,62,58,1000.0,349.0,349000.0,2024-11-05
2024110504013211,UMHL,62,39,50.0,348.9,17445.0,2024-11-05
2024110504013210,UMHL,62,33,900.0,348.8,313920.0,2024-11-05
2024110504013209,UMHL,62,41,100.0,348.8,34880.0,2024-11-05
2024110504013208,UMHL,62,16,1000.0,348.8,348800.0,2024-11-05
2024110504013207,UMHL,62,34,169.0,348.7,58930.3,2024-11-05
2024110504013206,UMHL,62,62,100.0,348.0,34800.0,2024-11-05
2024110504013205,UMHL,62,35,100.0,348.0,34800.0,2024-11-05
2024110504013204,UMHL,62,64,100.0,348.0,34800.0,2024-11-05
2024110504013203,UMHL,62,34,30.0,347.8,10434.0,2024-11-05
2024110504013202,UMHL,62,58,70.0,347.5,24325.0,2024-11-05
2024110504013201,UMHL,62,58,656.0,347.0,227632.0,2024-11-05
2024110504013200,UMHL,62,22,250.0,346.9,86725.0,2024-11-05
2024110504013199,UMHL,62,41,500.0,345.0,172500.0,2024-11-05
2024110504013198,UMHL,62,51,25.0,345.0,8625.0,2024-11-05
2024110504013197,UMHL,62,26,1000.0,344.0,344000.0,2024-11-05
2024110504013196,UMHL,62,42,57.0,344.0,19608.0,2024-11-05
2024110504013195,UMHL,62,57,841.0,343.8,289135.8,2024-11-05
2024110504013194,UMHL,62,32,800.0,343.8,275040.0,2024-11-05
2024110504013193,UMHL,62,14,300.0,343.8,103140.0,2024-11-05
2024110503009791,MDB,62,8,225.0,647.9,145777.5,2024-11-05
2024110503009790,MDB,62,48,75.0,645.0,48375.0,2024-11-05
2024110503009789,MDB,62,48,10.0,645.0,6450.0,2024-11-05
2024110501014598,PCBL,33,54,1000.0,280.4,280400.0,2024-11-05
2024110503009788,SINDU,14,60,20.0,700.0,14000.0,2024-11-05
2024110503009787,SINDU,14,14,80.0,699.0,55920.0,2024-11-05
2024110505009468,NRM,36,48,40.0,449.0,17960.0,2024-11-05
2024110505009467,NRM,36,55,20.0,448.0,8960.0,2024-11-05
2024110505009466,VLUCL,35,35,10.0,611.0,6110.0,2024-11-05
2024110503009786,EDBL,65,64,10.0,677.0,6770.0,2024-11-05
2024110501014597,TPC,44,34,100.0,479.9,47990.0,2024-11-05
2024110501014596,TPC,44,34,100.0,479.0,47900.0,2024-11-05
2024110501014595,TPC,44,34,50.0,478.9,23945.0,2024-11-05
2024110501014594,TPC,44,19,10.0,478.0,4780.0,2024-11-05
2024110501014593,TPC,44,7,287.0,478.0,137186.0,2024-11-05
2024110501014592,TPC,44,38,25.0,478.0,11950.0,2024-11-05
2024110501014591,TSHL,41,65,200.0,875.0,175000.0,2024-11-05
2024110503009785,SFCL,88,41,1000.0,857.8,857800.0,2024-11-05
2024110503009784,SFCL,88,81,500.0,805.8,402900.0,2024-11-05
2024110503009783,SFCL,88,84,500.0,805.8,402900.0,2024-11-05
2024110503009782,SFCL,88,3,100.0,805.8,80580.0,2024-11-05
2024110503009781,SFCL,88,44,200.0,805.8,161160.0,2024-11-05
2024110503009780,SFCL,88,14,100.0,805.6,80560.0,2024-11-05
2024110503009779,SFCL,88,53,200.0,805.6,161120.0,2024-11-05
2024110503009778,SFCL,88,16,10.0,805.6,8056.0,2024-11-05
2024110503009777,SFCL,88,3,50.0,805.6,40280.0,2024-11-05
2024110503009776,SFCL,88,43,100.0,805.6,80560.0,2024-11-05
2024110503009775,SFCL,88,60,100.0,805.6,80560.0,2024-11-05
2024110503009774,SFCL,88,6,200.0,805.6,161120.0,2024-11-05
2024110503009773,SFCL,88,22,632.0,805.6,509139.2,2024-11-05
2024110503009772,SFCL,88,43,100.0,805.6,80560.0,2024-11-05
2024110503009771,SFCL,88,71,198.0,805.6,159508.8,2024-11-05
2024110503009770,SFCL,88,48,500.0,805.6,402800.0,2024-11-05
2024110503009769,SFCL,88,45,100.0,805.0,80500.0,2024-11-05
2024110503009768,SFCL,88,39,1000.0,805.0,805000.0,2024-11-05
2024110503009767,SFCL,88,45,500.0,805.0,402500.0,2024-11-05
2024110503009766,SFCL,88,57,500.0,805.0,402500.0,2024-11-05
2024110503009765,SFCL,88,67,800.0,805.0,644000.0,2024-11-05
2024110503009764,SFCL,88,22,300.0,805.0,241500.0,2024-11-05
2024110503009763,SFCL,88,34,20.0,805.0,16100.0,2024-11-05
2024110503009762,SFCL,88,43,500.0,805.0,402500.0,2024-11-05
2024110503009761,SFCL,88,57,100.0,805.0,80500.0,2024-11-05
2024110503009760,SFCL,88,52,2320.0,804.7,1866904.0,2024-11-05
2024110503009759,SFCL,88,39,50.0,804.7,40235.0,2024-11-05
2024110503009758,SFCL,88,39,20.0,804.7,16094.0,2024-11-05
2024110503009757,SFCL,88,45,100.0,804.7,80470.0,2024-11-05
2024110503009756,SFCL,88,57,15.0,804.7,12070.5,2024-11-05
2024110503009755,SFCL,88,61,100.0,804.7,80470.0,2024-11-05
2024110503009754,SFCL,88,13,300.0,804.7,241410.0,2024-11-05
2024110503009753,SFCL,88,34,800.0,804.7,643760.0,2024-11-05
2024110503009752,SFCL,88,7,70.0,804.7,56329.0,2024-11-05
2024110503009751,SFCL,88,52,1000.0,804.7,804700.0,2024-11-05
2024110503009750,SFCL,88,52,1000.0,804.6,804600.0,2024-11-05
2024110503009749,SFCL,88,62,1000.0,804.6,804600.0,2024-11-05
2024110503009748,SFCL,88,58,10.0,804.5,8045.0,2024-11-05
2024110503009747,SFCL,88,48,10.0,804.1,8041.0,2024-11-05
2024110503009746,SFCL,88,69,10.0,804.0,8040.0,2024-11-05
2024110503009745,SFCL,88,29,190.0,804.0,152760.0,2024-11-05
2024110503009744,SFCL,88,38,105.0,804.0,84420.0,2024-11-05
2024110503009743,SFCL,88,3,10.0,804.0,8040.0,2024-11-05
2024110503009742,SFCL,88,32,50.0,804.0,40200.0,2024-11-05
2024110503009741,SFCL,88,13,500.0,804.0,402000.0,2024-11-05
2024110503009740,SFCL,88,33,500.0,804.0,402000.0,2024-11-05
2024110503009739,SFCL,88,22,30.0,804.0,24120.0,2024-11-05
2024110503009738,SFCL,88,11,200.0,804.0,160800.0,2024-11-05
2024110503009737,SFCL,88,57,250.0,803.7,200925.0,2024-11-05
2024110503009736,SFCL,88,61,104.0,803.7,83584.8,2024-11-05
2024110503009735,SFCL,88,14,200.0,803.7,160740.0,2024-11-05
2024110503009734,SFCL,88,22,23.0,803.7,18485.1,2024-11-05
2024110503009733,SFCL,88,1,540.0,803.0,433620.0,2024-11-05
2024110503009732,SFCL,88,7,100.0,803.0,80300.0,2024-11-05
2024110503009731,SFCL,88,7,300.0,803.0,240900.0,2024-11-05
2024110503009730,SFCL,88,29,150.0,803.0,120450.0,2024-11-05
2024110503009729,SFCL,88,38,10.0,801.7,8017.0,2024-11-05
2024110503009728,SFCL,88,62,30.0,801.1,24033.0,2024-11-05
2024110503009727,SFCL,88,6,100.0,801.0,80100.0,2024-11-05
2024110503009726,SFCL,88,26,180.0,801.0,144180.0,2024-11-05
2024110503009725,SFCL,88,39,30.0,800.7,24021.0,2024-11-05
2024110503009724,SFCL,88,44,100.0,800.7,80070.0,2024-11-05
2024110503009723,SFCL,88,48,1000.0,800.7,800700.0,2024-11-05
2024110503009722,SFCL,88,62,50.0,800.7,40035.0,2024-11-05
2024110503009721,SFCL,88,94,100.0,800.5,80050.0,2024-11-05
2024110503009720,SFCL,88,17,30.0,800.3,24009.0,2024-11-05
2024110503009719,SFCL,88,52,500.0,800.0,400000.0,2024-11-05
2024110503009718,SFCL,88,58,10.0,800.0,8000.0,2024-11-05
2024110503009717,SFCL,88,45,100.0,800.0,80000.0,2024-11-05
2024110503009716,SFCL,88,34,460.0,800.0,368000.0,2024-11-05
2024110503009715,SFCL,88,88,200.0,800.0,160000.0,2024-11-05
2024110503009714,SFCL,88,58,395.0,800.0,316000.0,2024-11-05
2024110503009713,SFCL,88,57,50.0,800.0,40000.0,2024-11-05
2024110503009712,SFCL,88,52,10.0,800.0,8000.0,2024-11-05
2024110503009711,SFCL,88,81,100.0,800.0,80000.0,2024-11-05
2024110503009710,SFCL,88,10,200.0,799.9,159980.0,2024-11-05
2024110503009709,SFCL,88,26,80.0,799.8,63984.0,2024-11-05
2024110503009708,SFCL,88,49,150.0,799.6,119940.0,2024-11-05
2024110503009707,SFCL,88,62,20.0,799.4,15988.0,2024-11-05
2024110503009706,SFCL,88,47,350.0,799.0,279650.0,2024-11-05
2024110503009705,SFCL,88,32,50.0,799.0,39950.0,2024-11-05
2024110503009704,SFCL,88,3,20.0,799.0,15980.0,2024-11-05
2024110503009703,SFCL,88,47,50.0,799.0,39950.0,2024-11-05
2024110503009702,SFCL,88,3,20.0,799.0,15980.0,2024-11-05
2024110503009701,SFCL,88,78,50.0,798.1,39905.0,2024-11-05
2024110503009700,SFCL,88,62,10.0,798.0,7980.0,2024-11-05
2024110503009699,SFCL,88,43,45.0,798.0,35910.0,2024-11-05
2024110503009698,SFCL,88,57,50.0,798.0,39900.0,2024-11-05
2024110503009697,SFCL,88,82,100.0,797.6,79760.0,2024-11-05
2024110503009696,SFCL,88,94,50.0,797.5,39875.0,2024-11-05
2024110503009695,SFCL,88,34,150.0,797.0,119550.0,2024-11-05
2024110503009694,SFCL,88,62,10.0,796.2,7962.0,2024-11-05
2024110503009693,SFCL,88,41,100.0,796.0,79600.0,2024-11-05
2024110503009692,SFCL,88,81,100.0,795.0,79500.0,2024-11-05
2024110503009691,SFCL,88,45,25.0,795.0,19875.0,2024-11-05
2024110503009690,SFCL,88,42,200.0,794.1,158820.0,2024-11-05
2024110503009689,SFCL,88,55,10.0,794.0,7940.0,2024-11-05
2024110503009688,SFCL,88,38,30.0,793.0,23790.0,2024-11-05
2024110503009687,SFCL,88,59,20.0,790.0,15800.0,2024-11-05
2024110503009686,SFCL,88,13,200.0,790.0,158000.0,2024-11-05
2024110503009685,SFCL,88,45,14.0,789.9,11058.6,2024-11-05
2024110503009684,SFCL,88,45,25.0,789.0,19725.0,2024-11-05
2024110503009683,SFCL,88,13,500.0,789.0,394500.0,2024-11-05
2024110503009682,SFCL,88,42,195.0,789.0,153855.0,2024-11-05
2024110503009681,SFCL,88,1,170.0,789.0,134130.0,2024-11-05
2024110503009680,SFCL,88,43,500.0,788.9,394450.0,2024-11-05
2024110503009679,SFCL,88,22,200.0,788.8,157760.0,2024-11-05
2024110503009678,SFCL,88,35,147.0,788.0,115836.0,2024-11-05
2024110503009677,SFCL,88,13,500.0,788.0,394000.0,2024-11-05
2024110503009676,SFCL,88,57,269.0,788.0,211972.0,2024-11-05
2024110503009675,CFCL,91,48,100.0,659.0,65900.0,2024-11-05
2024110504013192,LEC,39,26,500.0,276.0,138000.0,2024-11-05
2024110504013191,CHL,26,47,10.0,353.9,3539.0,2024-11-05
2024110503009674,PFL,34,1,10.0,656.9,6569.0,2024-11-05
2024110503009673,PFL,34,13,10.0,655.0,6550.0,2024-11-05
2024110501014590,NIMB,34,45,15.0,233.2,3498.0,2024-11-05
2024110503009672,SIFC,45,62,10.0,649.0,6490.0,2024-11-05
2024110505009465,ENL,53,4,10.0,1155.0,11550.0,2024-11-05
2024110505009464,ENL,53,49,10.0,1145.0,11450.0,2024-11-05
2024110505009463,ENL,53,55,20.0,1144.0,22880.0,2024-11-05
2024110504013190,TRH,42,38,10.0,1161.0,11610.0,2024-11-05
2024110501014589,NYADI,58,11,10.0,317.0,3170.0,2024-11-05
2024110501014588,NYADI,58,52,40.0,313.6,12544.0,2024-11-05
2024110501014587,NYADI,58,4,40.0,313.6,12544.0,2024-11-05
2024110503009671,MPFL,58,21,10.0,750.0,7500.0,2024-11-05
2024110503009670,GMFIL,60,53,10.0,639.0,6390.0,2024-11-05
2024110504013189,RURU,6,4,10.0,768.8,7688.0,2024-11-05
2024110504013188,TRH,22,38,10.0,1161.0,11610.0,2024-11-05
2024110501014586,JBLB,49,22,10.0,1575.0,15750.0,2024-11-05
2024110501014585,SPC,38,44,500.0,490.0,245000.0,2024-11-05
2024110501014584,KBSH,8,28,10.0,2896.0,28960.0,2024-11-05
2024110501014583,BHL,5,25,75.0,514.0,38550.0,2024-11-05
2024110504013187,SGIC,57,4,20.0,761.0,15220.0,2024-11-05
2024110504013186,SGIC,74,4,500.0,765.0,382500.0,2024-11-05
2024110504013185,SGIC,58,4,110.0,767.0,84370.0,2024-11-05
2024110501014582,RFPL,62,5,975.0,682.0,664950.0,2024-11-05
2024110501014581,RFPL,62,58,160.0,682.0,109120.0,2024-11-05
2024110501014580,RFPL,62,56,300.0,649.7,194910.0,2024-11-05
2024110501014579,RFPL,62,6,527.0,649.7,342391.9,2024-11-05
2024110501014578,RFPL,62,57,500.0,641.5,320750.0,2024-11-05
2024110501014577,RFPL,62,28,70.0,640.5,44835.0,2024-11-05
2024110501014576,RFPL,62,69,500.0,640.0,320000.0,2024-11-05
2024110501014575,RFPL,62,57,600.0,640.0,384000.0,2024-11-05
2024110501014574,RFPL,62,84,300.0,638.5,191550.0,2024-11-05
2024110501014573,RFPL,62,62,50.0,638.5,31925.0,2024-11-05
2024110501014572,RFPL,62,22,300.0,638.4,191520.0,2024-11-05
2024110501014571,RFPL,62,41,10.0,638.3,6383.0,2024-11-05
2024110501014570,RFPL,62,84,20.0,638.0,12760.0,2024-11-05
2024110501014569,RFPL,62,49,10.0,638.0,6380.0,2024-11-05
2024110501014568,RFPL,62,7,10.0,638.0,6380.0,2024-11-05
2024110501014567,RFPL,62,8,740.0,637.5,471750.0,2024-11-05
2024110501014566,RFPL,62,45,10.0,637.5,6375.0,2024-11-05
2024110501014565,RFPL,62,62,50.0,637.0,31850.0,2024-11-05
2024110501014564,RFPL,62,45,10.0,637.0,6370.0,2024-11-05
2024110501014563,RFPL,62,41,10.0,637.0,6370.0,2024-11-05
2024110501014562,RFPL,62,49,10.0,637.0,6370.0,2024-11-05
2024110501014561,RFPL,62,58,400.0,637.0,254800.0,2024-11-05
2024110501014560,RFPL,62,58,10.0,636.4,6364.0,2024-11-05
2024110501014559,RFPL,62,45,10.0,636.0,6360.0,2024-11-05
2024110501014558,RFPL,62,7,60.0,635.4,38124.0,2024-11-05
2024110501014557,RFPL,62,45,10.0,635.0,6350.0,2024-11-05
2024110501014556,RFPL,62,88,10.0,635.0,6350.0,2024-11-05
2024110501014555,RFPL,62,36,500.0,632.4,316200.0,2024-11-05
2024110501014554,RFPL,62,1,250.0,632.0,158000.0,2024-11-05
2024110501014553,RFPL,62,58,10.0,632.0,6320.0,2024-11-05
2024110501014552,RFPL,62,40,100.0,631.0,63100.0,2024-11-05
2024110501014551,RFPL,62,57,100.0,630.0,63000.0,2024-11-05
2024110501014550,RFPL,62,58,10.0,630.0,6300.0,2024-11-05
2024110501014549,RFPL,62,4,10.0,630.0,6300.0,2024-11-05
2024110501014548,RFPL,62,44,200.0,630.0,126000.0,2024-11-05
2024110501014547,RFPL,62,55,10.0,630.0,6300.0,2024-11-05
2024110501014546,RFPL,62,33,10.0,630.0,6300.0,2024-11-05
2024110501014545,RFPL,62,57,10.0,630.0,6300.0,2024-11-05
2024110501014544,RFPL,62,38,10.0,630.0,6300.0,2024-11-05
2024110501014543,RFPL,62,38,400.0,630.0,252000.0,2024-11-05
2024110501014542,RFPL,62,48,10.0,630.0,6300.0,2024-11-05
2024110501014541,RFPL,62,52,10.0,630.0,6300.0,2024-11-05
2024110501014540,RFPL,62,8,10.0,630.0,6300.0,2024-11-05
2024110501014539,RFPL,62,55,10.0,630.0,6300.0,2024-11-05
2024110501014538,RFPL,62,25,10.0,630.0,6300.0,2024-11-05
2024110501014537,RFPL,62,3,10.0,630.0,6300.0,2024-11-05
2024110501014536,RFPL,62,92,300.0,629.0,188700.0,2024-11-05
2024110501014535,RFPL,62,22,200.0,628.9,125780.0,2024-11-05
2024110501014534,RFPL,62,8,238.0,628.8,149654.4,2024-11-05
2024110501014533,RFPL,62,49,10.0,628.0,6280.0,2024-11-05
2024110501014532,RFPL,62,56,200.0,627.9,125580.0,2024-11-05
2024110501014531,RFPL,62,33,490.0,626.0,306740.0,2024-11-05
2024110501014530,RFPL,62,56,500.0,624.9,312450.0,2024-11-05
2024110501014529,RFPL,62,17,190.0,624.8,118712.0,2024-11-05
2024110501014528,RFPL,62,81,30.0,624.0,18720.0,2024-11-05
2024110504013184,SHEL,57,42,10.0,246.8,2468.0,2024-11-05
2024110504013183,MHNL,56,19,50.0,269.7,13485.0,2024-11-05
2024110501014527,BGWT,54,47,80.0,946.0,75680.0,2024-11-05
2024110501014526,BGWT,19,47,100.0,948.0,94800.0,2024-11-05
2024110501014525,BGWT,21,47,50.0,948.0,47400.0,2024-11-05
2024110501014524,BGWT,54,47,100.0,951.0,95100.0,2024-11-05
2024110501014523,BGWT,58,47,10.0,951.0,9510.0,2024-11-05
2024110501014522,BGWT,42,47,100.0,952.0,95200.0,2024-11-05
2024110501014521,BGWT,5,47,10.0,953.0,9530.0,2024-11-05
2024110501014520,BGWT,21,47,100.0,955.0,95500.0,2024-11-05
2024110501014519,BGWT,5,47,130.0,955.0,124150.0,2024-11-05
2024110501014518,BGWT,57,47,200.0,957.0,191400.0,2024-11-05
2024110501014517,BGWT,58,47,90.0,957.0,86130.0,2024-11-05
2024110501014516,BGWT,44,47,30.0,958.0,28740.0,2024-11-05
2024110505009462,NIFRA,34,47,64.0,274.4,17561.6,2024-11-05
2024110501014515,HIDCLP,33,25,100.0,181.9,18190.0,2024-11-05
2024110505009461,HDL,13,59,63.0,1357.0,85491.0,2024-11-05
2024110505009460,HDL,16,59,37.0,1357.0,50209.0,2024-11-05
2024110501014514,USHEC,65,96,70.0,574.0,40180.0,2024-11-05
2024110501014513,USHEC,65,57,100.0,573.9,57390.0,2024-11-05
2024110501014512,USHEC,65,51,30.0,573.0,17190.0,2024-11-05
2024110501014511,USHEC,65,20,100.0,573.0,57300.0,2024-11-05
2024110504013182,GHL,65,51,10.0,221.0,2210.0,2024-11-05
2024110504013181,SPDL,44,17,10.0,318.0,3180.0,2024-11-05
2024110504013180,SPIL,44,41,20.0,890.0,17800.0,2024-11-05
2024110504013179,SPIL,44,38,14.0,880.0,12320.0,2024-11-05
2024110504013178,SPIL,44,57,66.0,878.0,57948.0,2024-11-05
2024110505009459,SONA,32,34,490.0,478.0,234220.0,2024-11-05
2024110505009458,SONA,32,45,10.0,477.0,4770.0,2024-11-05
2024110503009669,RLFL,91,49,150.0,652.9,97935.0,2024-11-05
2024110504013177,RIDI,4,17,100.0,242.4,24240.0,2024-11-05
2024110503009668,GUFL,64,17,80.0,756.0,60480.0,2024-11-05
2024110503009667,GUFL,64,17,500.0,756.0,378000.0,2024-11-05
2024110503009666,GUFL,64,17,500.0,756.0,378000.0,2024-11-05
2024110505009457,MBJC,35,16,10.0,340.0,3400.0,2024-11-05
2024110503009665,GUFL,22,17,235.0,757.0,177895.0,2024-11-05
2024110503009664,GUFL,29,17,136.0,757.0,102952.0,2024-11-05
2024110503009663,GUFL,49,17,99.0,759.0,75141.0,2024-11-05
2024110503009662,GUFL,58,17,100.0,759.4,75940.0,2024-11-05
2024110503009661,GUFL,56,17,350.0,759.5,265825.0,2024-11-05
2024110501014510,GBIME,17,44,100.0,254.0,25400.0,2024-11-05
2024110505009456,MEL,16,14,50.0,296.0,14800.0,2024-11-05
2024110504013176,SJCL,56,92,500.0,363.1,181550.0,2024-11-05
2024110503009660,GMFBS,42,92,10.0,1624.0,16240.0,2024-11-05
2024110504013175,AHPC,58,58,10.0,276.9,2769.0,2024-11-05
2024110503009659,SINDU,48,22,45.0,690.2,31059.0,2024-11-05
2024110503009658,SINDU,22,22,400.0,694.0,277600.0,2024-11-05
2024110503009657,SINDU,34,22,100.0,694.0,69400.0,2024-11-05
2024110503009656,SINDU,22,22,55.0,694.0,38170.0,2024-11-05
2024110503009655,SINDU,62,22,110.0,695.0,76450.0,2024-11-05
2024110503009654,NFS,32,74,300.0,1357.3,407190.0,2024-11-05
2024110503009653,NFS,32,74,100.0,1357.3,135730.0,2024-11-05
2024110503009652,NFS,44,74,150.0,1357.3,203595.0,2024-11-05
2024110503009651,NFS,44,74,10.0,1357.3,13573.0,2024-11-05
2024110503009650,NFS,5,74,2000.0,1357.3,2714600.0,2024-11-05
2024110503009649,NFS,20,74,200.0,1357.3,271460.0,2024-11-05
2024110503009648,NFS,58,74,100.0,1357.6,135760.0,2024-11-05
2024110503009647,NFS,70,74,100.0,1358.0,135800.0,2024-11-05
2024110503009646,NFS,16,74,100.0,1358.0,135800.0,2024-11-05
2024110503009645,NFS,57,74,367.0,1360.0,499120.0,2024-11-05
2024110503009644,NFS,45,74,300.0,1360.0,408000.0,2024-11-05
2024110503009643,NFS,1,74,100.0,1360.0,136000.0,2024-11-05
2024110503009642,NFS,51,74,100.0,1363.2,136320.0,2024-11-05
2024110503009641,NFS,28,74,20.0,1363.2,27264.0,2024-11-05
2024110503009640,NFS,51,74,10.0,1363.2,13632.0,2024-11-05
2024110503009639,NFS,45,74,50.0,1363.2,68160.0,2024-11-05
2024110503009638,NFS,35,74,10.0,1363.2,13632.0,2024-11-05
2024110503009637,NFS,35,74,10.0,1363.2,13632.0,2024-11-05
2024110503009636,NFS,26,74,20.0,1363.2,27264.0,2024-11-05
2024110503009635,NFS,62,74,1500.0,1363.2,2044800.0,2024-11-05
2024110503009634,NFS,32,74,10.0,1363.2,13632.0,2024-11-05
2024110503009633,NFS,35,74,14.0,1363.2,19084.8,2024-11-05
2024110503009632,NFS,57,74,148.0,1363.2,201753.6,2024-11-05
2024110503009631,NFS,20,74,1000.0,1363.2,1363200.0,2024-11-05
2024110503009630,NFS,34,74,10.0,1363.2,13632.0,2024-11-05
2024110503009629,NFS,71,74,100.0,1363.2,136320.0,2024-11-05
2024110503009628,NFS,58,74,500.0,1363.2,681600.0,2024-11-05
2024110505009455,HRL,6,1,80.0,870.0,69600.0,2024-11-05
2024110503009627,NFS,6,74,30.0,1363.3,40899.0,2024-11-05
2024110503009626,NFS,19,74,200.0,1363.3,272660.0,2024-11-05
2024110503009625,NFS,35,74,20.0,1363.5,27270.0,2024-11-05
2024110503009624,NFS,22,74,1000.0,1364.0,1364000.0,2024-11-05
2024110503009623,NFS,8,74,200.0,1364.0,272800.0,2024-11-05
2024110503009622,NFS,44,74,300.0,1364.0,409200.0,2024-11-05
2024110503009621,NFS,57,74,100.0,1364.0,136400.0,2024-11-05
2024110503009620,NFS,57,74,100.0,1364.0,136400.0,2024-11-05
2024110503009619,NFS,34,74,10.0,1364.0,13640.0,2024-11-05
2024110503009618,NFS,6,74,100.0,1365.2,136520.0,2024-11-05
2024110503009617,NFS,34,74,500.0,1365.2,682600.0,2024-11-05
2024110503009616,NFS,39,74,50.0,1365.2,68260.0,2024-11-05
2024110503009615,NFS,20,74,1000.0,1365.2,1365200.0,2024-11-05
2024110503009614,NFS,38,74,350.0,1365.2,477820.0,2024-11-05
2024110503009613,NFS,14,74,250.0,1365.2,341300.0,2024-11-05
2024110503009612,NFS,47,74,100.0,1365.2,136520.0,2024-11-05
2024110503009611,NFS,35,74,10.0,1365.2,13652.0,2024-11-05
2024110503009610,NFS,49,74,100.0,1365.2,136520.0,2024-11-05
2024110505009454,HRL,45,1,20.0,870.1,17402.0,2024-11-05
2024110503009609,NFS,38,74,350.0,1365.2,477820.0,2024-11-05
2024110503009608,NFS,35,74,10.0,1365.3,13653.0,2024-11-05
2024110503009607,NFS,74,74,500.0,1365.3,682650.0,2024-11-05
2024110503009606,NFS,32,74,100.0,1365.5,136550.0,2024-11-05
2024110503009605,NFS,35,74,20.0,1365.5,27310.0,2024-11-05
2024110503009604,NFS,45,74,20.0,1366.0,27320.0,2024-11-05
2024110503009603,NFS,44,74,200.0,1366.0,273200.0,2024-11-05
2024110503009602,NFS,48,74,170.0,1366.0,232220.0,2024-11-05
2024110503009601,NFS,20,74,300.0,1367.1,410130.0,2024-11-05
2024110503009600,NFS,35,74,10.0,1367.1,13671.0,2024-11-05
2024110503009599,NFS,22,74,30.0,1368.0,41040.0,2024-11-05
2024110503009598,NFS,39,74,20.0,1370.0,27400.0,2024-11-05
2024110503009597,NFS,44,74,300.0,1372.0,411600.0,2024-11-05
2024110503009596,NFS,11,74,100.0,1372.0,137200.0,2024-11-05
2024110503009595,NFS,49,74,950.0,1372.0,1303400.0,2024-11-05
2024110503009594,NFS,49,74,60.0,1372.0,82320.0,2024-11-05
2024110503009593,NFS,59,74,100.0,1372.0,137200.0,2024-11-05
2024110503009592,NFS,58,74,100.0,1372.0,137200.0,2024-11-05
2024110503009591,NFS,5,74,100.0,1372.0,137200.0,2024-11-05
2024110503009590,NFS,41,74,1400.0,1372.0,1920800.0,2024-11-05
2024110503009589,NFS,45,74,500.0,1372.0,686000.0,2024-11-05
2024110503009588,NFS,38,74,200.0,1372.0,274400.0,2024-11-05
2024110503009587,NFS,42,74,260.0,1372.0,356720.0,2024-11-05
2024110503009586,NFS,37,74,200.0,1372.0,274400.0,2024-11-05
2024110503009585,NFS,11,74,10.0,1372.0,13720.0,2024-11-05
2024110503009584,NFS,37,74,100.0,1372.0,137200.0,2024-11-05
2024110503009583,NFS,34,74,350.0,1372.0,480200.0,2024-11-05
2024110503009582,NFS,44,74,11.0,1372.0,15092.0,2024-11-05
2024110503009581,NFS,1,74,600.0,1372.0,823200.0,2024-11-05
2024110503009580,NFS,40,74,700.0,1372.0,960400.0,2024-11-05
2024110503009579,NFS,35,74,138.0,1372.0,189336.0,2024-11-05
2024110503009578,NFS,54,74,20.0,1372.0,27440.0,2024-11-05
2024110503009577,NFS,48,74,40.0,1372.0,54880.0,2024-11-05
2024110503009576,NFS,34,74,10.0,1372.0,13720.0,2024-11-05
2024110503009575,NFS,7,74,300.0,1372.0,411600.0,2024-11-05
2024110503009574,NFS,80,74,350.0,1372.0,480200.0,2024-11-05
2024110503009573,NFS,34,74,500.0,1372.0,686000.0,2024-11-05
2024110503009572,NFS,38,74,2200.0,1372.0,3018400.0,2024-11-05
2024110503009571,NFS,74,74,50.0,1372.0,68600.0,2024-11-05
2024110503009570,NFS,58,74,2136.0,1372.0,2930592.0,2024-11-05
2024110503009569,NFS,34,74,10.0,1372.0,13720.0,2024-11-05
2024110503009568,NFS,38,74,40.0,1372.0,54880.0,2024-11-05
2024110503009567,NFS,6,74,100.0,1372.0,137200.0,2024-11-05
2024110503009566,NFS,1,74,220.0,1372.0,301840.0,2024-11-05
2024110503009565,NFS,7,74,50.0,1372.0,68600.0,2024-11-05
2024110503009564,NFS,35,74,10.0,1372.0,13720.0,2024-11-05
2024110503009563,NFS,41,74,10.0,1372.0,13720.0,2024-11-05
2024110503009562,NFS,44,74,10.0,1372.0,13720.0,2024-11-05
2024110503009561,NFS,49,74,80.0,1372.0,109760.0,2024-11-05
2024110503009560,NFS,58,74,200.0,1372.0,274400.0,2024-11-05
2024110503009559,NFS,35,74,10.0,1372.0,13720.0,2024-11-05
2024110503009558,NFS,6,74,50.0,1372.0,68600.0,2024-11-05
2024110503009557,NFS,49,74,42.0,1372.0,57624.0,2024-11-05
2024110503009556,NFS,32,74,500.0,1379.0,689500.0,2024-11-05
2024110503009555,NFS,43,74,20.0,1380.0,27600.0,2024-11-05
2024110503009554,NFS,48,74,50.0,1380.0,69000.0,2024-11-05
2024110503009553,NFS,5,74,100.0,1387.0,138700.0,2024-11-05
2024110503009552,NFS,57,74,10.0,1390.0,13900.0,2024-11-05
2024110503009551,NFS,17,74,125.0,1390.0,173750.0,2024-11-05
2024110503009550,NFS,26,74,10.0,1400.0,14000.0,2024-11-05
2024110503009549,NFS,59,74,50.0,1401.0,70050.0,2024-11-05
2024110503009548,NFS,58,74,30.0,1406.0,42180.0,2024-11-05
2024110503009547,NFS,26,74,230.0,1408.0,323840.0,2024-11-05
2024110505009453,HIDCL,81,51,77.0,274.5,21136.5,2024-11-05
2024110505009452,HIDCL,42,51,923.0,274.6,253455.8,2024-11-05
2024110503009546,GBBL,8,45,100.0,448.0,44800.0,2024-11-05
2024110505009451,HATHY,69,57,308.0,1330.0,409640.0,2024-11-05
2024110505009450,HATHY,69,41,30.0,1329.9,39897.0,2024-11-05
2024110505009449,HATHY,69,33,70.0,1329.8,93086.0,2024-11-05
2024110505009448,HATHY,69,52,70.0,1326.0,92820.0,2024-11-05
2024110505009447,HATHY,69,55,180.0,1325.0,238500.0,2024-11-05
2024110505009446,HATHY,69,11,10.0,1324.0,13240.0,2024-11-05
2024110505009445,HATHY,69,58,22.0,1324.0,29128.0,2024-11-05
2024110505009444,HATHY,69,33,10.0,1320.0,13200.0,2024-11-05
2024110505009443,HATHY,69,34,100.0,1319.9,131990.0,2024-11-05
2024110505009442,HATHY,69,39,100.0,1315.0,131500.0,2024-11-05
2024110501014509,CKHL,4,38,50.0,650.0,32500.0,2024-11-05
2024110501014508,SNLI,81,34,81.0,608.9,49320.9,2024-11-05
2024110501014507,SNLI,81,52,19.0,608.0,11552.0,2024-11-05
2024110501014506,SAMAJ,62,34,50.0,4057.0,202850.0,2024-11-05
2024110501014505,SAMAJ,62,60,10.0,4057.0,40570.0,2024-11-05
2024110501014504,SAMAJ,62,50,50.0,3978.0,198900.0,2024-11-05
2024110501014503,SAMAJ,62,56,135.0,3978.0,537030.0,2024-11-05
2024110501014502,SAMAJ,62,51,20.0,3970.0,79400.0,2024-11-05
2024110501014501,SAMAJ,62,19,10.0,3876.0,38760.0,2024-11-05
2024110501014500,SAMAJ,62,58,20.0,3875.0,77500.0,2024-11-05
2024110501014499,SAMAJ,62,34,20.0,3875.0,77500.0,2024-11-05
2024110501014498,SAMAJ,62,51,10.0,3874.0,38740.0,2024-11-05
2024110501014497,SAMAJ,62,45,10.0,3850.0,38500.0,2024-11-05
2024110501014496,SAMAJ,62,43,16.0,3835.1,61361.6,2024-11-05
2024110501014495,SAMAJ,62,45,55.0,3830.0,210650.0,2024-11-05
2024110501014494,MHCL,57,13,120.0,429.0,51480.0,2024-11-05
2024110503009545,CFCL,57,48,10.0,659.0,6590.0,2024-11-05
2024110503009544,KMCDB,77,19,50.0,1060.0,53000.0,2024-11-05
2024110504013174,SJCL,56,52,20.0,363.1,7262.0,2024-11-05
2024110505009441,PHCL,28,94,5000.0,557.2,2786000.0,2024-11-05
2024110505009440,SMATA,64,14,10.0,895.0,8950.0,2024-11-05
2024110504013173,NHDL,50,49,13.0,604.0,7852.0,2024-11-05
2024110504013172,NHDL,50,45,10.0,603.0,6030.0,2024-11-05
2024110504013171,NHDL,50,49,27.0,600.0,16200.0,2024-11-05
2024110505009439,SONA,50,45,40.0,476.0,19040.0,2024-11-05
2024110501014493,GBIME,45,62,9.0,254.0,2286.0,2024-11-05
2024110501014492,GBIME,45,45,11.0,254.0,2794.0,2024-11-05
2024110501014491,IHL,42,70,10.0,545.0,5450.0,2024-11-05
2024110501014490,IHL,42,58,10.0,540.0,5400.0,2024-11-05
2024110503009543,NADEP,22,20,30.0,1000.0,30000.0,2024-11-05
2024110505009438,HRL,1,21,100.0,870.9,87090.0,2024-11-05
2024110505009437,HIDCL,42,1,49.0,274.6,13455.4,2024-11-05
2024110501014489,ULHC,90,19,10.0,422.0,4220.0,2024-11-05
2024110501014488,RFPL,62,51,680.0,620.0,421600.0,2024-11-05
2024110504013170,NLG,32,43,58.0,1352.4,78439.2,2024-11-05
2024110504013169,NLG,34,43,200.0,1353.0,270600.0,2024-11-05
2024110504013168,NLG,37,43,35.0,1353.0,47355.0,2024-11-05
2024110504013167,NLG,55,43,500.0,1355.0,677500.0,2024-11-05
2024110504013166,NLG,45,43,20.0,1355.0,27100.0,2024-11-05
2024110504013165,NLG,34,43,100.0,1355.1,135510.0,2024-11-05
2024110504013164,NLG,55,43,220.0,1357.0,298540.0,2024-11-05
2024110504013163,NLG,34,43,300.0,1358.0,407400.0,2024-11-05
2024110504013162,NLG,41,43,17.0,1358.0,23086.0,2024-11-05
2024110501014487,BHL,49,25,100.0,514.0,51400.0,2024-11-05
2024110503009542,NUBL,74,38,30.0,716.0,21480.0,2024-11-05
2024110503009541,NUBL,36,38,50.0,720.0,36000.0,2024-11-05
2024110503009540,NUBL,38,38,20.0,720.0,14400.0,2024-11-05
2024110504013161,KPCL,11,54,10.0,508.0,5080.0,2024-11-05
2024110503009539,ALICL,62,38,10.0,754.8,7548.0,2024-11-05
2024110505009436,PHCL,28,62,10.0,557.2,5572.0,2024-11-05
2024110501014486,SRLI,38,57,51.0,456.0,23256.0,2024-11-05
2024110503009538,MDB,28,52,176.0,644.0,113344.0,2024-11-05
2024110503009537,MDB,77,52,24.0,644.0,15456.0,2024-11-05
2024110501014485,KBSH,64,45,10.0,2840.0,28400.0,2024-11-05
2024110501014484,KBSH,64,16,130.0,2830.0,367900.0,2024-11-05
2024110501014483,KBSH,64,84,180.0,2820.0,507600.0,2024-11-05
2024110501014482,KBSH,64,58,40.0,2792.1,111684.0,2024-11-05
2024110501014481,KBSH,64,19,205.0,2700.0,553500.0,2024-11-05
2024110501014480,KBSH,64,71,80.0,2662.2,212976.0,2024-11-05
2024110501014479,KBSH,64,21,10.0,2652.0,26520.0,2024-11-05
2024110501014478,KBSH,64,41,25.0,2652.0,66300.0,2024-11-05
2024110501014477,KBSH,64,34,20.0,2651.0,53020.0,2024-11-05
2024110503009536,SINDU,14,14,10.0,699.0,6990.0,2024-11-05
2024110504013160,HEI,59,4,30.0,692.5,20775.0,2024-11-05
2024110504013159,HEI,59,29,58.0,692.5,40165.0,2024-11-05
2024110504013158,SPDL,70,26,10.0,319.9,3199.0,2024-11-05
2024110504013157,SPDL,70,11,16.0,319.0,5104.0,2024-11-05
2024110501014476,RAWA,92,35,10.0,769.0,7690.0,2024-11-05
2024110504013156,SJCL,22,26,110.0,363.8,40018.0,2024-11-05
2024110501014475,NWCL,41,1,120.0,996.0,119520.0,2024-11-05
2024110501014474,NWCL,42,1,80.0,996.0,79680.0,2024-11-05
2024110504013155,BARUN,64,41,100.0,389.0,38900.0,2024-11-05
2024110504013154,BARUN,49,41,100.0,389.5,38950.0,2024-11-05
2024110501014473,UHEWA,49,52,10.0,502.0,5020.0,2024-11-05
2024110505009435,ILI,44,49,12.0,494.1,5929.2,2024-11-05
2024110505009434,NMB50,38,41,100.0,10.54,1054.0,2024-11-05
2024110504013153,HPPL,19,41,100.0,333.0,33300.0,2024-11-05
2024110501014472,USHEC,25,20,10.0,573.0,5730.0,2024-11-05
2024110503009535,JSLBB,59,59,38.0,1508.0,57304.0,2024-11-05
2024110503009534,JSLBB,59,45,32.0,1507.0,48224.0,2024-11-05
2024110504013152,AKPL,37,45,185.0,255.0,47175.0,2024-11-05
2024110504013151,AKPL,11,45,100.0,255.0,25500.0,2024-11-05
2024110504013150,AKPL,58,45,20.0,255.2,5104.0,2024-11-05
2024110504013149,AKPL,3,45,350.0,255.2,89320.0,2024-11-05
2024110504013148,AKPL,7,45,100.0,255.8,25580.0,2024-11-05
2024110504013147,LEC,39,42,343.0,276.0,94668.0,2024-11-05
2024110504013146,LEC,28,42,37.0,276.0,10212.0,2024-11-05
2024110501014471,SAMAJ,60,45,45.0,3830.0,172350.0,2024-11-05
2024110501014470,SAMAJ,60,86,20.0,3829.0,76580.0,2024-11-05
2024110501014469,SAMAJ,60,57,30.0,3825.0,114750.0,2024-11-05
2024110501014468,SAMAJ,60,38,10.0,3825.0,38250.0,2024-11-05
2024110501014467,SAMAJ,60,38,20.0,3825.0,76500.0,2024-11-05
2024110501014466,SAMAJ,60,56,10.0,3825.0,38250.0,2024-11-05
2024110501014465,SAMAJ,60,86,20.0,3824.0,76480.0,2024-11-05
2024110501014464,SAMAJ,60,17,10.0,3800.0,38000.0,2024-11-05
2024110501014463,SAMAJ,60,86,20.0,3800.0,76000.0,2024-11-05
2024110501014462,SAMAJ,60,42,15.0,3800.0,57000.0,2024-11-05
2024110501014461,CCBD88,6,45,15.0,1185.0,17775.0,2024-11-05
2024110501014460,CCBD88,6,45,25.0,1184.0,29600.0,2024-11-05
2024110501014459,CCBD88,6,45,15.0,1174.0,17610.0,2024-11-05
2024110501014458,CCBD88,6,45,25.0,1172.0,29300.0,2024-11-05
2024110504013145,IGI,1,58,100.0,660.8,66080.0,2024-11-05
2024110501014457,NABIL,34,43,32.0,567.0,18144.0,2024-11-05
2024110501014456,NABIL,35,43,50.0,567.0,28350.0,2024-11-05
2024110501014455,NABIL,34,43,18.0,567.0,10206.0,2024-11-05
2024110504013144,NHPC,5,58,10.0,226.9,2269.0,2024-11-05
2024110504013143,SHPC,4,58,15.0,551.0,8265.0,2024-11-05
2024110503009533,SHINE,34,19,20.0,484.0,9680.0,2024-11-05
2024110505009433,SMJC,85,19,513.0,596.2,305850.6,2024-11-05
2024110505009432,SMJC,47,19,15.0,597.0,8955.0,2024-11-05
2024110503009532,SMPDA,50,46,63.0,929.0,58527.0,2024-11-05
2024110503009531,SMPDA,50,34,37.0,929.0,34373.0,2024-11-05
2024110501014454,BHL,13,25,10.0,514.0,5140.0,2024-11-05
2024110501014453,TSHL,41,66,73.0,875.0,63875.0,2024-11-05
2024110501014452,TSHL,58,66,27.0,875.1,23627.7,2024-11-05
2024110501014451,EBL,83,17,250.0,602.0,150500.0,2024-11-05
2024110504013142,RHPL,6,33,340.0,410.0,139400.0,2024-11-05
2024110504013141,RHPL,6,7,10.0,410.0,4100.0,2024-11-05
2024110504013140,RHPL,6,14,300.0,409.9,122970.0,2024-11-05
2024110504013139,RHPL,6,34,10.0,409.9,4099.0,2024-11-05
2024110504013138,RHPL,6,41,200.0,409.0,81800.0,2024-11-05
2024110504013137,RHPL,6,32,70.0,409.0,28630.0,2024-11-05
2024110504013136,RHPL,6,11,70.0,409.0,28630.0,2024-11-05
2024110503009530,ICFC,58,7,10.0,785.0,7850.0,2024-11-05
2024110501014450,AHL,49,50,10.0,680.0,6800.0,2024-11-05
2024110501014449,SANIMA,38,52,10.0,324.3,3243.0,2024-11-05
2024110503009529,GFCL,57,49,10.0,1005.0,10050.0,2024-11-05
2024110505009431,SONA,50,55,100.0,476.0,47600.0,2024-11-05
2024110501014448,BHL,40,25,100.0,514.0,51400.0,2024-11-05
2024110503009528,MATRI,57,44,20.0,1401.0,28020.0,2024-11-05
2024110504013135,HEI,26,29,67.0,692.5,46397.5,2024-11-05
2024110504013134,HEI,26,25,33.0,692.4,22849.2,2024-11-05
2024110504013133,RHPL,26,11,30.0,409.0,12270.0,2024-11-05
2024110504013132,RHPL,26,16,30.0,409.0,12270.0,2024-11-05
2024110504013131,RHPL,26,6,20.0,409.0,8180.0,2024-11-05
2024110504013130,RHPL,26,8,70.0,408.5,28595.0,2024-11-05
2024110504013129,RHPL,26,56,200.0,408.2,81640.0,2024-11-05
2024110504013128,RHPL,26,42,50.0,408.0,20400.0,2024-11-05
2024110504013127,RHPL,26,8,100.0,408.0,40800.0,2024-11-05
2024110504013126,RHPL,26,50,500.0,407.2,203600.0,2024-11-05
2024110503009527,ILBS,45,34,19.0,1009.0,19171.0,2024-11-05
2024110501014447,BHL,34,25,10.0,514.0,5140.0,2024-11-05
2024110503009526,RLFL,21,57,10.0,652.0,6520.0,2024-11-05
2024110503009525,RLFL,21,26,10.0,652.0,6520.0,2024-11-05
2024110503009524,ALBSL,45,1,25.0,1058.0,26450.0,2024-11-05
2024110501014446,KBSH,58,57,80.0,2600.0,208000.0,2024-11-05
2024110501014445,KBSH,38,57,10.0,2600.0,26000.0,2024-11-05
2024110501014444,KBSH,16,57,100.0,2602.0,260200.0,2024-11-05
2024110504013125,LEC,28,56,300.0,276.0,82800.0,2024-11-05
2024110501014443,BHL,28,25,93.0,514.0,47802.0,2024-11-05
2024110501014442,BHL,38,25,279.0,514.0,143406.0,2024-11-05
2024110503009523,KSBBL,14,38,12.0,456.0,5472.0,2024-11-05
2024110503009522,KSBBL,14,1,38.0,455.0,17290.0,2024-11-05
2024110501014441,NICA,14,54,10.0,444.0,4440.0,2024-11-05
2024110501014440,NICA,14,4,90.0,444.0,39960.0,2024-11-05
2024110501014439,RAWA,60,59,300.0,766.0,229800.0,2024-11-05
2024110501014438,RAWA,41,59,100.0,766.1,76610.0,2024-11-05
2024110501014437,RAWA,41,59,90.0,766.1,68949.0,2024-11-05
2024110504013124,UPPER,33,98,1000.0,219.0,219000.0,2024-11-05
2024110504013123,LEC,28,48,663.0,275.5,182656.5,2024-11-05
2024110505009430,SMJC,47,17,10.0,597.0,5970.0,2024-11-05
2024110504013122,SICL,25,17,33.0,870.2,28716.6,2024-11-05
2024110504013121,SICL,42,17,14.0,873.0,12222.0,2024-11-05
2024110501014436,RFPL,62,53,10.0,620.0,6200.0,2024-11-05
2024110501014435,SGHC,58,34,31.0,407.6,12635.6,2024-11-05
2024110501014434,SGHC,39,34,30.0,408.0,12240.0,2024-11-05
2024110501014433,SGHC,45,34,10.0,408.0,4080.0,2024-11-05
2024110501014432,SGHC,19,34,30.0,408.0,12240.0,2024-11-05
2024110504013120,LEC,38,48,17.0,275.5,4683.5,2024-11-05
2024110505009429,MBJC,35,58,500.0,340.0,170000.0,2024-11-05
2024110503009521,GFCL,6,57,435.0,1004.0,436740.0,2024-11-05
2024110501014431,BHL,38,57,21.0,514.0,10794.0,2024-11-05
2024110501014430,BHL,37,57,200.0,514.0,102800.0,2024-11-05
2024110501014429,BHL,57,57,200.0,514.0,102800.0,2024-11-05
2024110501014428,BHL,49,57,20.0,514.0,10280.0,2024-11-05
2024110501014427,BHL,50,57,40.0,514.0,20560.0,2024-11-05
2024110501014426,BHL,50,57,19.0,514.0,9766.0,2024-11-05
2024110504013119,HURJA,40,66,200.0,215.2,43040.0,2024-11-05
2024110505009428,CHDC,76,45,10.0,1674.9,16749.0,2024-11-05
2024110504013118,NGPL,34,50,50.0,470.0,23500.0,2024-11-05
2024110501014425,NIBLGF,32,52,100.0,8.8,880.0,2024-11-05
2024110501014424,TPC,33,38,25.0,478.0,11950.0,2024-11-05
2024110501014423,SCB,36,45,10.0,736.0,7360.0,2024-11-05
2024110505009427,CLI,53,45,100.0,664.0,66400.0,2024-11-05
2024110501014422,HIDCLP,34,14,25.0,182.0,4550.0,2024-11-05
2024110501014421,HIDCLP,34,70,75.0,182.0,13650.0,2024-11-05
2024110503009520,JFL,60,56,50.0,760.0,38000.0,2024-11-05
2024110504013117,LEC,50,8,1752.0,275.3,482325.6,2024-11-05
2024110504013116,LEC,45,8,500.0,275.3,137650.0,2024-11-05
2024110504013115,LEC,19,8,100.0,275.4,27540.0,2024-11-05
2024110504013114,LEC,58,8,100.0,275.4,27540.0,2024-11-05
2024110504013113,LEC,25,8,321.0,275.5,88435.5,2024-11-05
2024110504013112,LEC,58,8,20.0,275.6,5512.0,2024-11-05
2024110504013111,LEC,36,8,207.0,276.0,57132.0,2024-11-05
2024110501014420,MMKJL,26,38,100.0,533.0,53300.0,2024-11-05
2024110503009519,MPFL,38,21,10.0,750.0,7500.0,2024-11-05
2024110501014419,BHL,50,49,21.0,514.0,10794.0,2024-11-05
2024110501014418,BHL,58,49,79.0,514.0,40606.0,2024-11-05
2024110504013110,NLG,58,49,105.0,1360.0,142800.0,2024-11-05
2024110501014417,BHL,58,56,480.0,514.0,246720.0,2024-11-05
2024110501014416,BHL,42,56,20.0,514.7,10294.0,2024-11-05
2024110504013109,LEC,36,77,793.0,276.0,218868.0,2024-11-05
2024110503009518,NMBMF,56,25,10.0,714.9,7149.0,2024-11-05
2024110501014415,BHL,64,16,10.0,514.8,5148.0,2024-11-05
2024110503009517,ICFC,46,71,21.0,784.1,16466.1,2024-11-05
2024110503009516,ICFC,49,71,20.0,785.0,15700.0,2024-11-05
2024110503009515,ICFC,32,71,500.0,785.0,392500.0,2024-11-05
2024110503009514,ICFC,14,71,200.0,785.0,157000.0,2024-11-05
2024110503009513,ICFC,10,71,20.0,785.0,15700.0,2024-11-05
2024110503009512,ICFC,6,71,1000.0,785.0,785000.0,2024-11-05
2024110503009511,ICFC,48,71,100.0,785.0,78500.0,2024-11-05
2024110503009510,ICFC,49,71,20.0,785.0,15700.0,2024-11-05
2024110503009509,ICFC,41,71,40.0,785.0,31400.0,2024-11-05
2024110503009508,ICFC,45,71,1000.0,785.1,785100.0,2024-11-05
2024110503009507,ICFC,5,71,200.0,785.5,157100.0,2024-11-05
2024110503009506,ICFC,35,71,200.0,786.0,157200.0,2024-11-05
2024110503009505,ICFC,58,71,50.0,786.6,39330.0,2024-11-05
2024110503009504,ICFC,45,71,20.0,787.0,15740.0,2024-11-05
2024110503009503,ICFC,52,71,115.0,787.0,90505.0,2024-11-05
2024110503009502,ICFC,26,71,99.0,787.5,77962.5,2024-11-05
2024110503009501,ICFC,40,71,50.0,787.7,39385.0,2024-11-05
2024110503009500,ICFC,13,71,20.0,787.8,15756.0,2024-11-05
2024110503009499,ICFC,49,71,250.0,787.9,196975.0,2024-11-05
2024110503009498,ICFC,14,71,100.0,788.0,78800.0,2024-11-05
2024110503009497,ICFC,22,71,100.0,788.0,78800.0,2024-11-05
2024110503009496,ICFC,17,71,10.0,788.0,7880.0,2024-11-05
2024110503009495,ICFC,7,71,20.0,788.0,15760.0,2024-11-05
2024110503009494,ICFC,58,71,125.0,788.0,98500.0,2024-11-05
2024110503009493,ICFC,58,71,10.0,788.0,7880.0,2024-11-05
2024110503009492,ICFC,32,71,30.0,788.1,23643.0,2024-11-05
2024110503009491,ICFC,98,71,80.0,788.1,63048.0,2024-11-05
2024110503009490,ICFC,74,71,50.0,788.2,39410.0,2024-11-05
2024110503009489,ICFC,45,71,300.0,788.2,236460.0,2024-11-05
2024110503009488,ICFC,98,71,100.0,788.3,78830.0,2024-11-05
2024110503009487,ICFC,16,71,50.0,788.5,39425.0,2024-11-05
2024110503009486,ICFC,38,71,20.0,789.0,15780.0,2024-11-05
2024110503009485,ICFC,43,71,80.0,789.0,63120.0,2024-11-05
2024110504013108,MEN,40,71,602.0,700.2,421520.4,2024-11-05
2024110504013107,MEN,66,71,398.0,701.0,278998.0,2024-11-05
2024110501014414,BHDC,41,14,19.0,621.6,11810.4,2024-11-05
2024110501014413,BHDC,57,14,190.0,624.0,118560.0,2024-11-05
2024110501014412,BHDC,32,14,51.0,624.1,31829.1,2024-11-05
2024110501014411,BHDC,22,14,100.0,624.2,62420.0,2024-11-05
2024110501014410,BHDC,25,14,100.0,624.3,62430.0,2024-11-05
2024110501014409,BHDC,41,14,40.0,626.0,25040.0,2024-11-05
2024110501014408,NBL,69,35,76.0,285.2,21675.2,2024-11-05
2024110501014407,NBL,44,35,24.0,285.3,6847.2,2024-11-05
2024110505009426,CIT,45,32,10.0,2190.0,21900.0,2024-11-05
2024110505009425,ILI,48,42,19.0,495.0,9405.0,2024-11-05
2024110505009424,SHIVM,40,22,100.0,600.1,60010.0,2024-11-05
2024110504013106,JOSHI,58,81,10.0,313.0,3130.0,2024-11-05
2024110503009484,SHINE,46,34,10.0,485.0,4850.0,2024-11-05
2024110505009423,SAHAS,77,10,69.0,525.0,36225.0,2024-11-05
2024110505009422,SAHAS,77,53,131.0,524.0,68644.0,2024-11-05
2024110503009483,MLBBL,77,18,10.0,1850.0,18500.0,2024-11-05
2024110504013105,LEC,49,77,207.0,276.0,57132.0,2024-11-05
2024110504013104,LEC,49,45,193.0,276.0,53268.0,2024-11-05
2024110501014406,NIMB,21,57,499.0,233.0,116267.0,2024-11-05
2024110504013103,KPCL,58,47,10.0,507.9,5079.0,2024-11-05
2024110501014405,BHL,50,58,50.0,514.8,25740.0,2024-11-05
2024110503009482,MPFL,44,21,30.0,750.0,22500.0,2024-11-05
2024110501014404,MHCL,21,13,30.0,429.0,12870.0,2024-11-05
2024110501014403,MHCL,57,13,10.0,431.8,4318.0,2024-11-05
2024110504013102,SJCL,56,92,500.0,363.1,181550.0,2024-11-05
2024110501014402,NABIL,34,45,130.0,567.0,73710.0,2024-11-05
2024110501014401,MMKJL,26,48,90.0,533.0,47970.0,2024-11-05
2024110501014400,MMKJL,67,48,220.0,533.1,117282.0,2024-11-05
2024110505009421,HIDCL,42,21,28.0,274.6,7688.8,2024-11-05
2024110505009420,MEL,58,22,10.0,295.0,2950.0,2024-11-05
2024110505009419,HRL,6,43,21.0,870.0,18270.0,2024-11-05
2024110505009418,HRL,16,43,79.0,870.1,68737.9,2024-11-05
2024110504013101,LEC,25,58,179.0,275.5,49314.5,2024-11-05
2024110504013100,LEC,25,58,10.0,275.5,2755.0,2024-11-05
2024110504013099,LEC,34,58,60.0,275.5,16530.0,2024-11-05
2024110504013098,LEC,16,58,51.0,275.5,14050.5,2024-11-05
2024110503009481,BFC,38,42,100.0,637.0,63700.0,2024-11-05
2024110504013097,LEC,16,7,179.0,275.5,49314.5,2024-11-05
2024110504013096,LEC,21,7,21.0,275.7,5789.7,2024-11-05
2024110504013095,API,63,57,715.0,290.0,207350.0,2024-11-05
2024110501014399,MKCL,6,57,65.0,1540.3,100119.5,2024-11-05
2024110504013094,API,36,57,200.0,290.0,58000.0,2024-11-05
2024110504013093,API,58,57,10.0,290.0,2900.0,2024-11-05
2024110504013092,API,40,57,400.0,290.0,116000.0,2024-11-05
2024110504013091,API,13,57,100.0,290.0,29000.0,2024-11-05
2024110504013090,API,32,57,20.0,290.0,5800.0,2024-11-05
2024110504013089,API,16,57,10.0,290.0,2900.0,2024-11-05
2024110504013088,API,45,57,100.0,290.0,29000.0,2024-11-05
2024110504013087,API,17,57,20.0,290.0,5800.0,2024-11-05
2024110504013086,API,26,57,50.0,290.0,14500.0,2024-11-05
2024110504013085,API,21,57,200.0,290.0,58000.0,2024-11-05
2024110504013084,API,55,57,10.0,290.0,2900.0,2024-11-05
2024110504013083,API,47,57,200.0,290.0,58000.0,2024-11-05
2024110504013082,API,32,57,100.0,290.0,29000.0,2024-11-05
2024110504013081,API,57,57,200.0,290.0,58000.0,2024-11-05
2024110504013080,API,59,57,450.0,290.0,130500.0,2024-11-05
2024110504013079,API,55,57,200.0,290.1,58020.0,2024-11-05
2024110504013078,API,14,57,100.0,290.1,29010.0,2024-11-05
2024110504013077,API,80,57,352.0,290.1,102115.2,2024-11-05
2024110504013076,API,58,57,563.0,291.0,163833.0,2024-11-05
2024110501014398,GVL,50,14,83.0,541.2,44919.6,2024-11-05
2024110501014397,NIMB,21,33,200.0,233.0,46600.0,2024-11-05
2024110501014396,TPC,66,57,10.0,475.0,4750.0,2024-11-05
2024110501014395,TPC,66,32,414.0,475.0,196650.0,2024-11-05
2024110503009480,GFCL,6,17,290.0,1004.0,291160.0,2024-11-05
2024110504013075,JOSHI,17,81,10.0,313.0,3130.0,2024-11-05
2024110503009479,SADBL,45,57,10.0,422.9,4229.0,2024-11-05
2024110501014394,BGWT,45,44,20.0,960.0,19200.0,2024-11-05
2024110501014393,BGWT,45,91,10.0,960.0,9600.0,2024-11-05
2024110503009478,DDBL,34,53,10.0,915.0,9150.0,2024-11-05
2024110505009417,PHCL,28,48,500.0,557.2,278600.0,2024-11-05
2024110501014392,KBL,42,8,100.0,229.0,22900.0,2024-11-05
2024110504013074,HURJA,55,74,380.0,215.1,81738.0,2024-11-05
2024110504013073,HURJA,49,74,100.0,215.1,21510.0,2024-11-05
2024110504013072,UPPER,57,86,100.0,218.2,21820.0,2024-11-05
2024110504013071,IGI,22,35,20.0,660.8,13216.0,2024-11-05
2024110504013070,IGI,45,35,75.0,661.0,49575.0,2024-11-05
2024110504013069,IGI,39,35,80.0,661.0,52880.0,2024-11-05
2024110504013068,IGI,55,35,20.0,661.2,13224.0,2024-11-05
2024110504013067,SGIC,58,22,190.0,765.0,145350.0,2024-11-05
2024110503009477,MLBBL,77,41,91.0,1849.0,168259.0,2024-11-05
2024110505009416,MBJC,35,52,90.0,340.0,30600.0,2024-11-05
2024110501014391,PPL,36,52,230.0,483.2,111136.0,2024-11-05
2024110501014390,MAKAR,39,57,10.0,606.0,6060.0,2024-11-05
2024110501014389,MHCL,57,34,10.0,432.0,4320.0,2024-11-05
2024110501014388,BHL,42,57,170.0,514.7,87499.0,2024-11-05
2024110501014387,BHL,58,57,30.0,514.7,15441.0,2024-11-05
2024110504013066,GHL,14,51,465.0,221.0,102765.0,2024-11-05
2024110504013065,GHL,14,51,35.0,221.0,7735.0,2024-11-05
2024110505009415,CLI,18,14,48.0,663.1,31828.8,2024-11-05
2024110505009414,CLI,18,14,231.0,663.1,153176.1,2024-11-05
2024110505009413,CLI,18,14,207.0,663.1,137261.7,2024-11-05
2024110505009412,CLI,18,14,14.0,663.1,9283.4,2024-11-05
2024110503009476,MLBBL,56,80,50.0,1848.5,92425.0,2024-11-05
2024110503009475,HLBSL,59,45,10.0,970.0,9700.0,2024-11-05
2024110504013064,RHPL,45,50,100.0,407.2,40720.0,2024-11-05
2024110504013063,RADHI,45,14,30.0,405.0,12150.0,2024-11-05
2024110504013062,RADHI,45,91,100.0,404.0,40400.0,2024-11-05
2024110504013061,RADHI,45,34,30.0,404.0,12120.0,2024-11-05
2024110504013060,RADHI,45,1,40.0,403.9,16156.0,2024-11-05
2024110504013059,LEC,10,45,50.0,276.0,13800.0,2024-11-05
2024110503009474,GFCL,6,6,10.0,1003.1,10031.0,2024-11-05
2024110501014386,SRLI,58,33,10.0,457.0,4570.0,2024-11-05
2024110504013058,API,58,38,200.0,291.0,58200.0,2024-11-05
2024110504013057,API,58,28,100.0,291.0,29100.0,2024-11-05
2024110504013056,API,58,94,117.0,291.0,34047.0,2024-11-05
2024110504013055,API,58,5,20.0,290.6,5812.0,2024-11-05
2024110505009411,MEL,58,14,100.0,296.0,29600.0,2024-11-05
2024110503009473,ALICL,52,38,425.0,754.8,320790.0,2024-11-05
2024110503009472,ALICL,52,54,75.0,754.8,56610.0,2024-11-05
2024110501014385,KBL,25,3,62.0,228.9,14191.8,2024-11-05
2024110501014384,KBL,25,34,100.0,228.8,22880.0,2024-11-05
2024110505009410,PHCL,26,21,300.0,557.9,167370.0,2024-11-05
2024110501014383,UNLB,44,16,30.0,2613.0,78390.0,2024-11-05
2024110501014382,UNLB,91,16,20.0,2613.0,52260.0,2024-11-05
2024110501014381,GVL,34,5,100.0,542.0,54200.0,2024-11-05
2024110501014380,IHL,22,70,10.0,545.0,5450.0,2024-11-05
2024110505009409,SONA,50,22,80.0,476.0,38080.0,2024-11-05
2024110505009408,SONA,32,22,100.0,476.0,47600.0,2024-11-05
2024110505009407,SONA,42,22,20.0,476.0,9520.0,2024-11-05
2024110504013054,IGI,35,41,208.0,661.3,137550.4,2024-11-05
2024110503009471,CFCL,58,41,70.0,657.0,45990.0,2024-11-05
2024110503009470,CFCL,42,41,200.0,657.0,131400.0,2024-11-05
2024110501014379,BHL,58,58,20.0,514.7,10294.0,2024-11-05
2024110503009469,NLIC,65,45,10.0,834.9,8349.0,2024-11-05
2024110505009406,CLI,18,17,107.0,663.1,70951.7,2024-11-05
2024110505009405,CLI,18,17,13.0,663.1,8620.3,2024-11-05
2024110504013053,KKHC,17,53,238.0,294.0,69972.0,2024-11-05
2024110504013052,KKHC,17,29,500.0,294.0,147000.0,2024-11-05
2024110504013051,KKHC,17,68,335.0,294.0,98490.0,2024-11-05
2024110504013050,KKHC,17,44,30.0,293.9,8817.0,2024-11-05
2024110504013049,KKHC,17,14,1664.0,293.5,488384.0,2024-11-05
2024110504013048,KKHC,17,29,100.0,293.4,29340.0,2024-11-05
2024110504013047,KKHC,17,36,110.0,293.4,32274.0,2024-11-05
2024110504013046,KKHC,17,22,23.0,293.3,6745.9,2024-11-05
2024110504013045,LEC,48,45,757.0,276.0,208932.0,2024-11-05
2024110504013044,LEC,48,16,200.0,276.0,55200.0,2024-11-05
2024110504013043,LEC,48,37,43.0,276.0,11868.0,2024-11-05
2024110503009468,WNLB,45,42,25.0,2541.0,63525.0,2024-11-05
2024110505009404,SAHAS,4,3,80.0,523.1,41848.0,2024-11-05
2024110505009403,SAHAS,21,3,100.0,523.1,52310.0,2024-11-05
2024110505009402,SAHAS,46,3,20.0,523.5,10470.0,2024-11-05
2024110501014378,RFPL,62,8,1000.0,620.0,620000.0,2024-11-05
2024110505009401,CMF2,26,35,16150.0,9.5,153425.0,2024-11-05
2024110503009467,SIFC,77,62,273.0,649.0,177177.0,2024-11-05
2024110503009466,SIFC,77,45,50.0,649.0,32450.0,2024-11-05
2024110503009465,SIFC,77,58,127.0,649.0,82423.0,2024-11-05
2024110503009464,SIFC,77,13,100.0,648.9,64890.0,2024-11-05
2024110503009463,SIFC,77,25,100.0,648.0,64800.0,2024-11-05
2024110504013042,HURJA,49,66,100.0,215.2,21520.0,2024-11-05
2024110501014377,CITY,42,19,14.0,860.0,12040.0,2024-11-05
2024110501014376,CITY,42,19,50.0,860.0,43000.0,2024-11-05
2024110501014375,SPC,49,39,20.0,488.0,9760.0,2024-11-05
2024110505009400,VLUCL,88,51,100.0,614.0,61400.0,2024-11-05
2024110505009399,HDL,16,14,63.0,1357.0,85491.0,2024-11-05
2024110501014374,SPC,49,53,827.0,488.0,403576.0,2024-11-05
2024110501014373,SPC,62,53,70.0,488.0,34160.0,2024-11-05
2024110501014372,SPC,52,53,100.0,488.1,48810.0,2024-11-05
2024110501014371,SPC,33,53,10.0,488.5,4885.0,2024-11-05
2024110501014370,SNLI,18,58,10.0,607.0,6070.0,2024-11-05
2024110503009462,SHINE,34,34,256.0,485.0,124160.0,2024-11-05
2024110503009461,SHINE,34,64,300.0,485.0,145500.0,2024-11-05
2024110503009460,SHINE,34,10,444.0,484.9,215295.6,2024-11-05
2024110501014369,EBLD86,6,34,25.0,1027.0,25675.0,2024-11-05
2024110504013041,RURU,6,4,30.0,768.8,23064.0,2024-11-05
2024110504013040,RURU,6,52,24.0,765.0,18360.0,2024-11-05
2024110504013039,RURU,6,28,10.0,765.0,7650.0,2024-11-05
2024110504013038,RURU,6,8,12.0,765.0,9180.0,2024-11-05
2024110504013037,RURU,6,45,20.0,765.0,15300.0,2024-11-05
2024110504013036,RURU,6,58,12.0,764.0,9168.0,2024-11-05
2024110504013035,RURU,6,14,200.0,763.9,152780.0,2024-11-05
2024110504013034,RURU,6,42,12.0,760.0,9120.0,2024-11-05
2024110501014368,BEDC,51,57,10.0,480.9,4809.0,2024-11-05
2024110504013033,GHL,39,46,90.0,220.9,19881.0,2024-11-05
2024110505009398,RNLI,62,42,61.0,513.8,31341.8,2024-11-05
2024110505009397,RNLI,62,78,37.0,513.7,19006.9,2024-11-05
2024110505009396,RNLI,62,58,11.0,513.0,5643.0,2024-11-05
2024110505009395,RNLI,62,58,11.0,513.0,5643.0,2024-11-05
2024110503009459,JBBL,62,53,10.0,357.0,3570.0,2024-11-05
2024110503009458,NFS,58,59,10.0,1410.0,14100.0,2024-11-05
2024110505009394,PHCL,28,38,10.0,557.2,5572.0,2024-11-05
2024110503009457,PROFL,38,59,30.0,690.0,20700.0,2024-11-05
2024110503009456,GMFIL,57,53,10.0,639.0,6390.0,2024-11-05
2024110504013032,IGI,35,57,25.0,661.3,16532.5,2024-11-05
2024110503009455,NICLBSL,74,56,50.0,721.0,36050.0,2024-11-05
2024110501014367,EBL,83,49,190.0,602.0,114380.0,2024-11-05
2024110504013031,RHPL,43,50,400.0,407.2,162880.0,2024-11-05
2024110504013030,HDHPC,13,51,505.0,213.4,107767.0,2024-11-05
2024110504013029,GHL,28,51,75.0,221.0,16575.0,2024-11-05
2024110505009393,NIFRA,21,98,220.0,274.4,60368.0,2024-11-05
2024110505009392,HRL,16,34,10.0,870.1,8701.0,2024-11-05
2024110504013028,API,34,94,500.0,291.0,145500.0,2024-11-05
2024110501014366,DOLTI,28,1,10.0,625.1,6251.0,2024-11-05
2024110503009454,NFS,26,22,70.0,1408.0,98560.0,2024-11-05
2024110504013027,NLG,58,22,100.0,1360.0,136000.0,2024-11-05
2024110503009453,MPFL,38,7,20.0,742.0,14840.0,2024-11-05
2024110501014365,SPC,38,62,200.0,488.9,97780.0,2024-11-05
2024110501014364,NIMB,57,45,10.0,233.2,2332.0,2024-11-05
2024110501014363,MHCL,57,58,41.0,431.9,17707.9,2024-11-05
2024110504013026,SJCL,56,11,180.0,363.0,65340.0,2024-11-05
2024110501014362,HIDCLP,50,70,225.0,182.0,40950.0,2024-11-05
2024110503009452,GMFIL,48,65,342.0,635.0,217170.0,2024-11-05
2024110504013025,API,25,94,85.0,291.0,24735.0,2024-11-05
2024110504013024,API,25,47,15.0,290.2,4353.0,2024-11-05
2024110503009451,SFCL,28,57,20.0,788.0,15760.0,2024-11-05
2024110503009450,SFCL,28,34,10.0,787.0,7870.0,2024-11-05
2024110504013023,SGIC,74,85,90.0,760.0,68400.0,2024-11-05
2024110504013022,SGIC,35,85,10.0,761.0,7610.0,2024-11-05
2024110503009449,NFS,26,53,500.0,1408.0,704000.0,2024-11-05
2024110505009391,MBJC,48,57,10.0,341.0,3410.0,2024-11-05
2024110501014361,GBILD84/85,62,42,65.0,1140.0,74100.0,2024-11-05
2024110504013021,SJCL,60,11,60.0,363.0,21780.0,2024-11-05
2024110504013020,SJCL,51,11,60.0,363.0,21780.0,2024-11-05
2024110504013019,HDHPC,49,54,50.0,213.0,10650.0,2024-11-05
2024110505009390,MBJC,35,58,100.0,340.0,34000.0,2024-11-05
2024110501014360,BHL,58,59,390.0,514.7,200733.0,2024-11-05
2024110505009389,NRIC,63,49,20.0,795.0,15900.0,2024-11-05
2024110505009388,NTC,19,57,10.0,990.0,9900.0,2024-11-05
2024110505009387,MBJC,35,47,90.0,340.0,30600.0,2024-11-05
2024110505009386,PHCL,28,71,2530.0,557.2,1409716.0,2024-11-05
2024110504013018,LEC,16,50,270.0,275.5,74385.0,2024-11-05
2024110504013017,LEC,35,50,200.0,275.5,55100.0,2024-11-05
2024110503009448,GMFBS,39,50,64.0,1601.0,102464.0,2024-11-05
2024110501014359,USHEC,25,38,31.0,572.9,17759.9,2024-11-05
2024110504013016,SGIC,17,22,10.0,765.0,7650.0,2024-11-05
2024110505009385,HRL,16,1,11.0,870.1,9571.1,2024-11-05
2024110504013015,SPDL,45,44,187.0,318.0,59466.0,2024-11-05
2024110505009384,PHCL,28,42,500.0,557.2,278600.0,2024-11-05
2024110504013014,IGI,35,43,250.0,661.3,165325.0,2024-11-05
2024110503009447,ACLBSL,41,35,46.0,1034.2,47573.2,2024-11-05
2024110505009383,ILI,48,4,50.0,494.2,24710.0,2024-11-05
2024110505009382,CHDC,76,47,10.0,1673.0,16730.0,2024-11-05
2024110504013013,API,50,47,1000.0,290.7,290700.0,2024-11-05
2024110504013012,SJCL,51,14,1000.0,363.0,363000.0,2024-11-05
2024110501014358,HIDCLP,33,88,500.0,181.9,90950.0,2024-11-05
2024110503009446,BFC,91,57,50.0,637.0,31850.0,2024-11-05
2024110505009381,HATHY,33,21,50.0,1313.0,65650.0,2024-11-05
2024110505009380,PHCL,28,65,38500.0,557.2,21452200.0,2024-11-05
2024110504013011,PPCL,11,45,100.0,265.0,26500.0,2024-11-05
2024110503009445,HLBSL,59,45,100.0,955.0,95500.0,2024-11-05
2024110501014357,PRVU,21,21,688.0,246.0,169248.0,2024-11-05
2024110501014356,PRVU,21,51,60.0,246.0,14760.0,2024-11-05
2024110501014355,PRVU,21,21,13.0,246.0,3198.0,2024-11-05
2024110501014354,NABIL,42,36,10.0,567.5,5675.0,2024-11-05
2024110501014353,BHL,58,22,10.0,514.0,5140.0,2024-11-05
2024110501014352,BHL,58,4,816.0,514.0,419424.0,2024-11-05
2024110501014351,NIMB,21,35,176.0,233.0,41008.0,2024-11-05
2024110501014350,NIMB,34,35,20.0,233.0,4660.0,2024-11-05
2024110501014349,NIMB,49,35,35.0,233.0,8155.0,2024-11-05
2024110501014348,NIMB,42,35,200.0,233.0,46600.0,2024-11-05
2024110501014347,NIMB,58,35,83.0,233.0,19339.0,2024-11-05
2024110501014346,NIMB,16,35,150.0,233.1,34965.0,2024-11-05
2024110501014345,BHL,58,4,10.0,514.0,5140.0,2024-11-05
2024110503009444,KMCDB,77,38,10.0,1061.0,10610.0,2024-11-05
2024110501014344,BHL,58,40,10.0,514.0,5140.0,2024-11-05
2024110505009379,SHIVM,40,13,50.0,600.1,30005.0,2024-11-05
2024110504013010,IGI,35,57,20.0,661.3,13226.0,2024-11-05
2024110504013009,CHCL,32,48,10.0,591.7,5917.0,2024-11-05
2024110504013008,AHPC,36,26,250.0,275.0,68750.0,2024-11-05
2024110505009378,NRIC,63,17,58.0,795.0,46110.0,2024-11-05
2024110504013007,SHPC,60,58,10.0,551.0,5510.0,2024-11-05
2024110504013006,RIDI,21,61,2080.0,242.5,504400.0,2024-11-05
2024110504013005,RIDI,21,16,386.0,242.5,93605.0,2024-11-05
2024110505009377,CHDC,32,51,100.0,1670.0,167000.0,2024-11-05
2024110501014343,MHL,41,25,10.0,734.0,7340.0,2024-11-05
2024110504013004,CHCL,22,48,10.0,591.7,5917.0,2024-11-05
2024110505009376,SHIVM,54,22,170.0,600.0,102000.0,2024-11-05
2024110505009375,SHIVM,42,22,62.0,600.0,37200.0,2024-11-05
2024110504013003,JOSHI,55,38,540.0,310.0,167400.0,2024-11-05
2024110504013002,UMRH,58,67,100.0,490.0,49000.0,2024-11-05
2024110504013001,SHL,19,42,100.0,574.0,57400.0,2024-11-05
2024110504013000,HURJA,17,66,30.0,215.2,6456.0,2024-11-05
2024110504012999,HURJA,6,66,313.0,215.2,67357.6,2024-11-05
2024110504012998,SSHL,28,59,30.0,221.0,6630.0,2024-11-05
2024110503009443,ICFC,43,45,20.0,789.0,15780.0,2024-11-05
2024110503009442,NICLBSL,10,58,10.0,724.0,7240.0,2024-11-05
2024110501014342,JBLB,56,34,22.0,1575.0,34650.0,2024-11-05
2024110501014341,HIDCLP,42,70,10.0,182.0,1820.0,2024-11-05
2024110503009441,MLBSL,5,3,10.0,2039.3,20393.0,2024-11-05
2024110505009374,MBJC,35,55,40.0,340.0,13600.0,2024-11-05
2024110504012997,API,80,38,148.0,290.1,42934.8,2024-11-05
2024110504012996,API,41,38,300.0,290.1,87030.0,2024-11-05
2024110504012995,API,58,38,1000.0,290.2,290200.0,2024-11-05
2024110504012994,API,58,38,10.0,290.5,2905.0,2024-11-05
2024110504012993,API,51,38,500.0,290.5,145250.0,2024-11-05
2024110504012992,API,56,38,40.0,290.6,11624.0,2024-11-05
2024110501014340,BHL,58,49,350.0,514.0,179900.0,2024-11-05
2024110503009440,GFCL,33,71,700.0,1002.5,701750.0,2024-11-05
2024110503009439,GFCL,36,71,300.0,1003.1,300930.0,2024-11-05
2024110503009438,LICN,57,33,20.0,1200.0,24000.0,2024-11-05
2024110504012991,SHL,44,60,100.0,573.0,57300.0,2024-11-05
2024110504012990,SHL,44,60,100.0,573.1,57310.0,2024-11-05
2024110504012989,SHL,14,60,200.0,573.1,114620.0,2024-11-05
2024110504012988,SHL,16,60,500.0,573.2,286600.0,2024-11-05
2024110504012987,SHL,17,60,100.0,573.3,57330.0,2024-11-05
2024110504012986,CGH,45,45,232.0,934.0,216688.0,2024-11-05
2024110505009373,BBC,34,7,10.0,4233.0,42330.0,2024-11-05
2024110504012985,NLG,58,46,154.0,1360.0,209440.0,2024-11-05
2024110501014339,BHL,64,59,10.0,514.7,5147.0,2024-11-05
2024110501014338,CITY,60,19,29.0,865.0,25085.0,2024-11-05
2024110501014337,CITY,35,19,20.0,865.0,17300.0,2024-11-05
2024110501014336,CITY,45,19,100.0,865.1,86510.0,2024-11-05
2024110501014335,CITY,11,19,50.0,865.2,43260.0,2024-11-05
2024110501014334,CITY,57,19,55.0,866.0,47630.0,2024-11-05
2024110501014333,CITY,82,19,112.0,867.0,97104.0,2024-11-05
2024110501014332,CITY,25,19,60.0,867.1,52026.0,2024-11-05
2024110501014331,CITY,77,19,10.0,880.0,8800.0,2024-11-05
2024110505009372,NIFRA,57,98,100.0,274.4,27440.0,2024-11-05
2024110504012984,UPPER,57,98,500.0,219.0,109500.0,2024-11-05
2024110503009437,GUFL,58,26,10.0,759.8,7598.0,2024-11-05
2024110501014330,BHL,58,59,10.0,514.0,5140.0,2024-11-05
2024110504012983,SPIL,21,44,279.0,870.0,242730.0,2024-11-05
2024110504012982,SPIL,19,44,30.0,870.0,26100.0,2024-11-05
2024110504012981,SPIL,13,44,100.0,870.1,87010.0,2024-11-05
2024110504012980,SPIL,26,44,200.0,870.3,174060.0,2024-11-05
2024110504012979,SPIL,7,44,50.0,871.0,43550.0,2024-11-05
2024110504012978,SPIL,7,44,20.0,872.2,17444.0,2024-11-05
2024110504012977,SPIL,14,44,50.0,875.0,43750.0,2024-11-05
2024110504012976,SPIL,21,44,100.0,877.0,87700.0,2024-11-05
2024110504012975,SPIL,39,44,30.0,877.0,26310.0,2024-11-05
2024110504012974,SPIL,39,44,11.0,877.0,9647.0,2024-11-05
2024110504012973,SPIL,56,44,130.0,878.0,114140.0,2024-11-05
2024110504012972,UAIL,26,77,18.0,701.8,12632.4,2024-11-05
2024110504012971,UAIL,26,39,100.0,700.0,70000.0,2024-11-05
2024110504012970,UAIL,26,16,200.0,700.0,140000.0,2024-11-05
2024110504012969,UAIL,26,41,200.0,700.0,140000.0,2024-11-05
2024110504012968,UAIL,26,22,22.0,700.0,15400.0,2024-11-05
2024110504012967,UAIL,26,33,200.0,699.9,139980.0,2024-11-05
2024110504012966,UAIL,26,51,110.0,699.0,76890.0,2024-11-05
2024110504012965,UAIL,26,59,50.0,698.0,34900.0,2024-11-05
2024110504012964,UAIL,26,48,100.0,697.9,69790.0,2024-11-05
2024110501014329,TAMOR,54,95,300.0,505.0,151500.0,2024-11-05
2024110501014328,BHL,58,21,500.0,514.0,257000.0,2024-11-05
2024110503009436,ALBSL,21,3,20.0,1069.0,21380.0,2024-11-05
2024110503009435,LICN,6,33,100.0,1200.0,120000.0,2024-11-05
2024110501014327,IHL,25,41,64.0,537.0,34368.0,2024-11-05
2024110505009371,PSF,43,8,226527.0,10.1,2287922.7,2024-11-05
2024110503009434,JFL,62,55,64.0,758.2,48524.8,2024-11-05
2024110501014326,NICA,35,4,50.0,444.0,22200.0,2024-11-05
2024110501014325,MEHL,55,42,10.0,401.0,4010.0,2024-11-05
2024110504012963,NLG,58,29,15.0,1360.1,20401.5,2024-11-05
2024110501014324,HBL,32,37,120.0,252.0,30240.0,2024-11-05
2024110504012962,LEC,13,37,848.0,276.0,234048.0,2024-11-05
2024110504012961,LEC,13,48,152.0,275.5,41876.0,2024-11-05
2024110501014323,GBIME,18,45,15.0,254.0,3810.0,2024-11-05
2024110501014322,GBIME,18,59,25.0,254.0,6350.0,2024-11-05
2024110501014321,GBIME,18,26,60.0,254.0,15240.0,2024-11-05
2024110505009370,HATHY,13,21,100.0,1313.0,131300.0,2024-11-05
2024110503009433,KMCDB,34,38,10.0,1061.0,10610.0,2024-11-05
2024110504012960,LEC,34,48,50.0,275.5,13775.0,2024-11-05
2024110503009432,GMFBS,46,50,10.0,1601.0,16010.0,2024-11-05
2024110504012959,SALICO,62,44,10.0,779.5,7795.0,2024-11-05
2024110505009369,SMJC,36,19,60.0,597.9,35874.0,2024-11-05
2024110503009431,CBBL,40,49,35.0,963.0,33705.0,2024-11-05
2024110501014320,MANDU,57,11,10.0,908.0,9080.0,2024-11-05
2024110505009368,RNLI,50,28,11.0,512.0,5632.0,2024-11-05
2024110505009367,RNLI,50,38,11.0,512.0,5632.0,2024-11-05
2024110504012958,LEC,58,48,500.0,275.5,137750.0,2024-11-05
2024110504012957,GHL,39,1,100.0,220.9,22090.0,2024-11-05
2024110503009430,NLIC,33,42,157.0,831.0,130467.0,2024-11-05
2024110504012956,UMHL,62,14,100.0,343.8,34380.0,2024-11-05
2024110505009366,MBJC,35,52,50.0,340.0,17000.0,2024-11-05
2024110505009365,MBJC,35,19,10.0,340.0,3400.0,2024-11-05
2024110505009364,MBJC,35,38,90.0,340.0,30600.0,2024-11-05
2024110505009363,MBJC,35,52,90.0,340.0,30600.0,2024-11-05
2024110505009362,MBJC,35,59,500.0,340.0,170000.0,2024-11-05
2024110505009361,MBJC,35,19,10.0,340.0,3400.0,2024-11-05
2024110505009360,MBJC,35,10,90.0,340.0,30600.0,2024-11-05
2024110505009359,MBJC,35,8,20.0,340.0,6800.0,2024-11-05
2024110505009358,MBJC,35,34,40.0,339.6,13584.0,2024-11-05
2024110503009429,MPFL,38,7,180.0,742.0,133560.0,2024-11-05
2024110501014319,BHL,58,4,10.0,514.0,5140.0,2024-11-05
2024110504012955,LEC,7,50,717.0,275.2,197318.4,2024-11-05
2024110504012954,LEC,21,50,25.0,275.3,6882.5,2024-11-05
2024110504012953,LEC,32,50,25.0,275.3,6882.5,2024-11-05
2024110504012952,LEC,51,50,40.0,275.3,11012.0,2024-11-05
2024110504012951,LEC,44,50,250.0,275.3,68825.0,2024-11-05
2024110504012950,LEC,44,50,23.0,275.3,6331.9,2024-11-05
2024110504012949,LEC,33,50,100.0,275.3,27530.0,2024-11-05
2024110504012948,LEC,52,50,500.0,275.3,137650.0,2024-11-05
2024110504012947,LEC,66,50,300.0,275.4,82620.0,2024-11-05
2024110504012946,LEC,8,50,20.0,275.4,5508.0,2024-11-05
2024110501014318,TSHL,58,25,10.0,885.0,8850.0,2024-11-05
2024110501014317,USHEC,25,38,10.0,572.9,5729.0,2024-11-05
2024110501014316,USHEC,25,32,10.0,570.0,5700.0,2024-11-05
2024110501014315,USHEC,25,58,10.0,569.9,5699.0,2024-11-05
2024110505009357,ILI,33,42,155.0,495.0,76725.0,2024-11-05
2024110504012945,AKPL,37,45,500.0,256.9,128450.0,2024-11-05
2024110505009356,HRL,6,51,10.0,870.0,8700.0,2024-11-05
2024110503009428,MLBSL,5,3,10.0,2020.0,20200.0,2024-11-05
2024110503009427,BFC,3,57,150.0,637.0,95550.0,2024-11-05
2024110503009426,BFC,19,57,50.0,637.0,31850.0,2024-11-05
2024110503009425,BFC,4,57,50.0,637.0,31850.0,2024-11-05
2024110503009424,SINDU,88,14,10.0,699.0,6990.0,2024-11-05
2024110504012944,UMHL,21,14,100.0,343.8,34380.0,2024-11-05
2024110505009355,HRL,25,1,10.0,870.1,8701.0,2024-11-05
2024110501014314,TAMOR,54,22,10.0,505.0,5050.0,2024-11-05
2024110504012943,GLH,54,22,720.0,250.2,180144.0,2024-11-05
2024110504012942,SGIC,35,41,20.0,761.0,15220.0,2024-11-05
2024110504012941,KKHC,55,22,77.0,293.3,22584.1,2024-11-05
2024110504012940,HPPL,4,57,500.0,332.5,166250.0,2024-11-05
2024110503009423,NFS,16,39,20.0,1407.0,28140.0,2024-11-05
2024110505009354,MBJC,17,14,48.0,337.5,16200.0,2024-11-05
2024110505009353,MBJC,51,14,1000.0,338.0,338000.0,2024-11-05
2024110505009352,MBJC,34,14,70.0,338.0,23660.0,2024-11-05
2024110505009351,MBJC,48,14,200.0,338.0,67600.0,2024-11-05
2024110505009350,MBJC,1,14,12.0,338.0,4056.0,2024-11-05
2024110505009349,MBJC,17,14,500.0,338.3,169150.0,2024-11-05
2024110505009348,MBJC,42,14,250.0,338.5,84625.0,2024-11-05
2024110505009347,MBJC,86,14,630.0,339.1,213633.0,2024-11-05
2024110505009346,MBJC,8,14,90.0,339.5,30555.0,2024-11-05
2024110505009345,MBJC,48,14,90.0,339.5,30555.0,2024-11-05
2024110501014313,BHPL,58,49,11.0,686.9,7555.9,2024-11-05
2024110504012939,NLG,58,29,1000.0,1360.1,1360100.0,2024-11-05
2024110504012938,NHPC,34,13,500.0,226.0,113000.0,2024-11-05
2024110501014312,NIMB,57,45,124.0,233.2,28916.8,2024-11-05
2024110503009422,JFL,20,34,115.0,758.0,87170.0,2024-11-05
2024110501014311,IHL,8,55,10.0,545.0,5450.0,2024-11-05
2024110501014310,SANIMA,48,59,300.0,323.5,97050.0,2024-11-05
2024110504012937,API,58,94,1000.0,291.0,291000.0,2024-11-05
2024110504012936,NHPC,58,58,10.0,226.9,2269.0,2024-11-05
2024110501014309,MHCL,21,63,70.0,429.0,30030.0,2024-11-05
2024110501014308,NABIL,34,45,152.0,567.0,86184.0,2024-11-05
2024110501014307,NABIL,4,45,1594.0,567.0,903798.0,2024-11-05
2024110501014306,NABIL,50,45,100.0,567.1,56710.0,2024-11-05
2024110501014305,NIMB,34,34,50.0,233.9,11695.0,2024-11-05
2024110503009421,MPFL,38,34,20.0,742.0,14840.0,2024-11-05
2024110505009344,HRL,41,21,80.0,870.9,69672.0,2024-11-05
2024110505009343,HRL,41,52,20.0,870.5,17410.0,2024-11-05
2024110501014304,MLBS,41,17,60.0,1707.0,102420.0,2024-11-05
2024110504012935,HURJA,6,41,700.0,215.2,150640.0,2024-11-05
2024110501014303,SCB,42,42,50.0,736.0,36800.0,2024-11-05
2024110503009420,PFL,58,41,10.0,653.5,6535.0,2024-11-05
2024110501014302,BHL,58,41,50.0,514.0,25700.0,2024-11-05
2024110503009419,SFCL,77,57,185.0,788.0,145780.0,2024-11-05
2024110503009418,SFCL,77,33,315.0,782.0,246330.0,2024-11-05
2024110503009417,MPFL,38,47,50.0,745.0,37250.0,2024-11-05
2024110501014301,SPHL,44,38,10.0,667.0,6670.0,2024-11-05
2024110503009416,PROFL,38,54,200.0,690.0,138000.0,2024-11-05
2024110503009415,PROFL,38,36,605.0,689.9,417389.5,2024-11-05
2024110504012934,NGPL,59,21,25.0,470.1,11752.5,2024-11-05
2024110505009342,SMJC,47,48,125.0,597.0,74625.0,2024-11-05
2024110505009341,SMJC,35,48,50.0,597.0,29850.0,2024-11-05
2024110504012933,API,45,94,60.0,291.0,17460.0,2024-11-05
2024110503009414,KRBL,42,6,70.0,661.9,46333.0,2024-11-05
2024110504012932,RHPL,41,8,50.0,408.0,20400.0,2024-11-05
2024110503009413,SFCL,41,33,17.0,782.0,13294.0,2024-11-05
2024110504012931,SHEL,17,57,1000.0,246.0,246000.0,2024-11-05
2024110501014300,BHL,58,57,400.0,514.0,205600.0,2024-11-05
2024110505009340,CIT,14,57,30.0,2195.0,65850.0,2024-11-05
2024110505009339,NRM,51,58,10.0,446.0,4460.0,2024-11-05
2024110503009412,SFCL,36,33,68.0,782.0,53176.0,2024-11-05
2024110503009411,GMFIL,48,49,40.0,635.0,25400.0,2024-11-05
2024110501014299,SPL,45,47,10.0,849.0,8490.0,2024-11-05
2024110504012930,SJCL,51,16,50.0,363.0,18150.0,2024-11-05
2024110504012929,SJCL,51,58,10.0,363.0,3630.0,2024-11-05
2024110504012928,SJCL,51,38,10.0,363.0,3630.0,2024-11-05
2024110504012927,SJCL,51,56,370.0,363.0,134310.0,2024-11-05
2024110504012926,HURJA,34,66,1000.0,215.3,215300.0,2024-11-05
2024110504012925,NICL,34,29,74.0,1032.0,76368.0,2024-11-05
2024110504012924,NICL,34,25,126.0,1032.0,130032.0,2024-11-05
2024110505009338,MBJC,86,51,90.0,339.0,30510.0,2024-11-05
2024110501014298,DOLTI,42,10,50.0,627.0,31350.0,2024-11-05
2024110505009337,CHDC,76,45,10.0,1674.9,16749.0,2024-11-05
2024110504012923,JOSHI,4,38,250.0,310.0,77500.0,2024-11-05
2024110503009410,SJLIC,6,19,396.0,492.1,194871.6,2024-11-05
2024110504012922,LEC,57,48,100.0,275.5,27550.0,2024-11-05
2024110503009409,CFCL,91,48,50.0,659.0,32950.0,2024-11-05
2024110504012921,RHPL,25,50,100.0,408.0,40800.0,2024-11-05
2024110501014297,BHL,58,6,100.0,514.0,51400.0,2024-11-05
2024110501014296,BHL,58,38,20.0,514.0,10280.0,2024-11-05
2024110501014295,BHL,58,34,55.0,514.0,28270.0,2024-11-05
2024110505009336,CLI,58,58,10.0,663.2,6632.0,2024-11-05
2024110505009335,RNLI,58,51,57.0,511.5,29155.5,2024-11-05
2024110504012920,LEC,16,48,200.0,275.5,55100.0,2024-11-05
2024110503009408,FMDBL,63,71,10.0,772.9,7729.0,2024-11-05
2024110504012919,SSHL,43,59,10.0,221.0,2210.0,2024-11-05
2024110504012918,SHL,45,42,100.0,574.0,57400.0,2024-11-05
2024110504012917,SHL,45,18,100.0,574.0,57400.0,2024-11-05
2024110505009334,PHCL,65,34,200.0,557.0,111400.0,2024-11-05
2024110501014294,GBIME,34,26,15.0,254.0,3810.0,2024-11-05
2024110501014293,ADBL,57,42,60.0,366.5,21990.0,2024-11-05
2024110504012916,UNHPL,42,53,10.0,278.0,2780.0,2024-11-05
2024110501014292,HHL,38,41,50.0,449.5,22475.0,2024-11-05
2024110504012915,PPCL,35,21,15.0,266.5,3997.5,2024-11-05
2024110505009333,MBJC,45,40,255.0,339.0,86445.0,2024-11-05
2024110504012914,API,40,94,1000.0,291.0,291000.0,2024-11-05
2024110501014291,RAWA,41,56,10.0,766.1,7661.0,2024-11-05
2024110501014290,RAWA,41,56,70.0,766.1,53627.0,2024-11-05
2024110504012913,LEC,38,48,98.0,275.5,26999.0,2024-11-05
2024110504012912,LEC,38,54,102.0,275.4,28090.8,2024-11-05
2024110503009407,MFIL,14,39,59.0,760.1,44845.9,2024-11-05
2024110505009332,CLI,49,45,32.0,664.0,21248.0,2024-11-05
2024110504012911,SHEL,50,26,100.0,246.1,24610.0,2024-11-05
2024110505009331,RNLI,22,48,11.0,511.1,5622.1,2024-11-05
2024110501014289,SPC,48,62,200.0,488.9,97780.0,2024-11-05
2024110501014288,BHL,64,21,68.0,513.2,34897.6,2024-11-05
2024110501014287,BHL,49,21,195.0,513.5,100132.5,2024-11-05
2024110501014286,BHL,6,21,140.0,513.5,71890.0,2024-11-05
2024110501014285,BHL,45,21,97.0,513.8,49838.6,2024-11-05
2024110503009406,SLBSL,21,56,10.0,1385.0,13850.0,2024-11-05
2024110504012910,AKJCL,49,6,765.0,211.5,161797.5,2024-11-05
2024110504012909,AKJCL,90,6,150.0,211.8,31770.0,2024-11-05
2024110504012908,AKJCL,25,6,85.0,211.8,18003.0,2024-11-05
2024110505009330,SONA,44,45,499.0,476.0,237524.0,2024-11-05
2024110505009329,SONA,44,45,500.0,476.0,238000.0,2024-11-05
2024110505009328,SONA,57,45,500.0,476.0,238000.0,2024-11-05
2024110505009327,SONA,38,45,100.0,476.0,47600.0,2024-11-05
2024110505009326,SONA,50,45,1000.0,476.1,476100.0,2024-11-05
2024110505009325,SONA,38,45,30.0,476.1,14283.0,2024-11-05
2024110505009324,SONA,62,45,20.0,476.3,9526.0,2024-11-05
2024110505009323,SONA,6,45,155.0,476.3,73826.5,2024-11-05
2024110505009322,SONA,57,45,96.0,476.4,45734.4,2024-11-05
2024110505009321,SONA,57,45,100.0,477.0,47700.0,2024-11-05
2024110503009405,SJLIC,34,6,185.0,494.9,91556.5,2024-11-05
2024110503009404,SJLIC,34,19,300.0,494.9,148470.0,2024-11-05
2024110503009403,SJLIC,34,65,456.0,494.8,225628.8,2024-11-05
2024110503009402,SJLIC,34,65,500.0,494.6,247300.0,2024-11-05
2024110503009401,SJLIC,34,65,320.0,494.5,158240.0,2024-11-05
2024110503009400,SJLIC,34,22,10.0,494.4,4944.0,2024-11-05
2024110503009399,SJLIC,34,44,20.0,494.4,9888.0,2024-11-05
2024110503009398,SJLIC,34,62,39.0,494.3,19277.7,2024-11-05
2024110503009397,SJLIC,34,58,10.0,494.0,4940.0,2024-11-05
2024110503009396,SJLIC,34,52,10.0,494.0,4940.0,2024-11-05
2024110503009395,SJLIC,34,4,10.0,494.0,4940.0,2024-11-05
2024110503009394,SJLIC,34,14,90.0,493.0,44370.0,2024-11-05
2024110503009393,SJLIC,34,58,10.0,493.0,4930.0,2024-11-05
2024110503009392,GMFIL,53,42,16.0,632.1,10113.6,2024-11-05
2024110504012907,PPCL,11,35,300.0,265.0,79500.0,2024-11-05
2024110501014284,SRLI,38,40,60.0,456.0,27360.0,2024-11-05
2024110503009391,GUFL,56,41,50.0,759.5,37975.0,2024-11-05
2024110503009390,GUFL,56,48,100.0,759.4,75940.0,2024-11-05
2024110503009389,MFIL,34,39,41.0,760.1,31164.1,2024-11-05
2024110503009388,PMLI,38,6,10.0,575.0,5750.0,2024-11-05
2024110503009387,PMLI,38,38,10.0,574.0,5740.0,2024-11-05
2024110503009386,PMLI,38,50,10.0,573.0,5730.0,2024-11-05
2024110503009385,PMLI,38,45,10.0,572.0,5720.0,2024-11-05
2024110503009384,PMLI,38,54,10.0,572.0,5720.0,2024-11-05
2024110505009320,MBJC,33,58,586.0,339.5,198947.0,2024-11-05
2024110504012906,RHPL,58,50,200.0,408.0,81600.0,2024-11-05
2024110504012905,RHPL,28,50,390.0,408.0,159120.0,2024-11-05
2024110503009383,GFCL,58,38,50.0,1003.0,50150.0,2024-11-05
2024110501014283,NIMB,57,53,375.0,233.2,87450.0,2024-11-05
2024110503009382,SAPDBL,60,4,70.0,628.0,43960.0,2024-11-05
2024110503009381,SAPDBL,60,77,200.0,628.0,125600.0,2024-11-05
2024110503009380,SAPDBL,60,6,50.0,628.0,31400.0,2024-11-05
2024110503009379,SAPDBL,60,38,333.0,627.0,208791.0,2024-11-05
2024110503009378,SAPDBL,60,16,10.0,625.0,6250.0,2024-11-05
2024110503009377,SAPDBL,60,4,400.0,624.0,249600.0,2024-11-05
2024110503009376,SAPDBL,60,16,10.0,623.0,6230.0,2024-11-05
2024110503009375,SAPDBL,60,49,100.0,623.0,62300.0,2024-11-05
2024110503009374,SAPDBL,60,6,100.0,623.0,62300.0,2024-11-05
2024110503009373,SAPDBL,60,56,27.0,620.0,16740.0,2024-11-05
2024110501014282,PCBL,33,7,900.0,280.4,252360.0,2024-11-05
2024110504012904,LEC,6,54,40.0,275.4,11016.0,2024-11-05
2024110504012903,IGI,22,43,280.0,660.8,185024.0,2024-11-05
2024110504012902,IGI,55,43,20.0,660.9,13218.0,2024-11-05
2024110504012901,IGI,6,43,50.0,661.0,33050.0,2024-11-05
2024110504012900,IGI,39,43,50.0,661.0,33050.0,2024-11-05
2024110504012899,IGI,51,43,100.0,661.1,66110.0,2024-11-05
2024110501014281,HBL,43,37,25.0,252.0,6300.0,2024-11-05
2024110505009319,GCIL,34,34,106.0,497.1,52692.6,2024-11-05
2024110505009318,GCIL,58,34,77.0,497.1,38276.7,2024-11-05
2024110505009317,GCIL,38,34,10.0,497.2,4972.0,2024-11-05
2024110505009316,GCIL,26,34,20.0,498.0,9960.0,2024-11-05
2024110505009315,GCIL,45,34,100.0,498.0,49800.0,2024-11-05
2024110505009314,GCIL,62,34,92.0,498.0,45816.0,2024-11-05
2024110505009313,GCIL,45,34,10.0,499.0,4990.0,2024-11-05
2024110505009312,GCIL,4,34,85.0,499.0,42415.0,2024-11-05
2024110505009311,NIFRA,25,34,939.0,274.3,257567.7,2024-11-05
2024110505009310,NIFRA,42,34,11.0,274.3,3017.3,2024-11-05
2024110505009309,SAHAS,41,53,30.0,524.0,15720.0,2024-11-05
2024110503009372,MDB,77,41,39.0,644.0,25116.0,2024-11-05
2024110503009371,MDB,58,41,11.0,644.0,7084.0,2024-11-05
2024110503009370,MDB,49,41,10.0,644.1,6441.0,2024-11-05
2024110505009308,PHCL,7,65,1500.0,557.2,835800.0,2024-11-05
2024110501014280,PPL,58,57,80.0,483.1,38648.0,2024-11-05
2024110501014279,PPL,57,57,100.0,483.2,48320.0,2024-11-05
2024110501014278,PPL,22,57,20.0,484.0,9680.0,2024-11-05
2024110501014277,BNHC,57,26,20.0,470.2,9404.0,2024-11-05
2024110503009369,SIFC,60,58,10.0,649.0,6490.0,2024-11-05
2024110504012898,RIDI,1,16,200.0,242.5,48500.0,2024-11-05
2024110503009368,JBBL,62,48,140.0,356.5,49910.0,2024-11-05
2024110503009367,JBBL,62,47,100.0,356.5,35650.0,2024-11-05
2024110503009366,SLBSL,62,62,10.0,1377.3,13773.0,2024-11-05
2024110501014276,CITY,77,34,30.0,880.0,26400.0,2024-11-05
2024110501014275,RFPL,62,52,660.0,620.0,409200.0,2024-11-05
2024110501014274,RFPL,92,52,150.0,620.2,93030.0,2024-11-05
2024110501014273,MHCL,57,58,10.0,431.9,4319.0,2024-11-05
2024110504012897,HURJA,6,57,987.0,215.2,212402.4,2024-11-05
2024110504012896,HURJA,58,57,1029.0,215.3,221543.7,2024-11-05
2024110501014272,SBI,49,44,10.0,479.0,4790.0,2024-11-05
2024110501014271,SNLI,65,45,378.0,605.3,228803.4,2024-11-05
2024110501014270,RFPL,92,42,100.0,620.2,62020.0,2024-11-05
2024110501014269,RFPL,88,42,200.0,621.0,124200.0,2024-11-05
2024110504012895,LEC,11,54,50.0,275.4,13770.0,2024-11-05
2024110504012894,LEC,52,54,200.0,275.5,55100.0,2024-11-05
2024110504012893,LEC,34,54,408.0,275.5,112404.0,2024-11-05
2024110504012892,LEC,39,54,200.0,275.8,55160.0,2024-11-05
2024110503009365,GBBL,77,45,10.0,448.0,4480.0,2024-11-05
2024110505009307,NRN,7,60,253.0,906.9,229445.7,2024-11-05
2024110505009306,NRN,7,62,110.0,905.0,99550.0,2024-11-05
2024110505009305,NRN,7,56,10.0,904.0,9040.0,2024-11-05
2024110505009304,NRN,7,58,27.0,903.0,24381.0,2024-11-05
2024110505009303,NRN,7,21,500.0,902.0,451000.0,2024-11-05
2024110505009302,NRN,7,1,10.0,901.0,9010.0,2024-11-05
2024110505009301,NRN,7,42,90.0,900.0,81000.0,2024-11-05
2024110501014268,NYADI,66,39,10.0,313.6,3136.0,2024-11-05
2024110503009364,MNBBL,48,13,35.0,395.2,13832.0,2024-11-05
2024110503009363,MNBBL,44,13,200.0,395.2,79040.0,2024-11-05
2024110503009362,MNBBL,51,13,100.0,395.3,39530.0,2024-11-05
2024110503009361,MNBBL,58,13,50.0,395.3,19765.0,2024-11-05
2024110503009360,MNBBL,48,13,45.0,395.4,17793.0,2024-11-05
2024110503009359,MNBBL,58,13,40.0,395.5,15820.0,2024-11-05
2024110503009358,MNBBL,48,13,500.0,395.5,197750.0,2024-11-05
2024110503009357,MNBBL,32,13,30.0,396.0,11880.0,2024-11-05
2024110504012891,NHPC,34,58,221.0,226.0,49946.0,2024-11-05
2024110504012890,NHPC,37,58,56.0,226.5,12684.0,2024-11-05
2024110504012889,NHPC,37,6,44.0,226.5,9966.0,2024-11-05
2024110503009356,CBBL,14,49,20.0,962.0,19240.0,2024-11-05
2024110504012888,SGIC,74,34,88.0,770.0,67760.0,2024-11-05
2024110504012887,SGIC,74,41,25.0,769.0,19225.0,2024-11-05
2024110504012886,SGIC,74,42,152.0,768.0,116736.0,2024-11-05
