transaction,symbol,buyer,seller,quantity,rate,amount,date
2024062503019105,SAPDBL,57,94,10.0,378.9,3789.0,2024-06-25
2024062501027346,TSHL,57,21,10.0,561.0,5610.0,2024-06-25
2024062501027345,CKHL,14,58,10.0,640.0,6400.0,2024-06-25
2024062503019104,SAPDBL,88,94,50.0,378.9,18945.0,2024-06-25
2024062503019103,SAPDBL,88,14,50.0,377.3,18865.0,2024-06-25
2024062501027344,UNLB,74,74,10.0,2007.0,20070.0,2024-06-25
2024062501027343,USHEC,65,50,50.0,483.0,24150.0,2024-06-25
2024062501027342,SIKLES,60,47,10.0,704.0,7040.0,2024-06-25
2024062503019102,SIFC,41,22,10.0,467.6,4676.0,2024-06-25
2024062503019101,SLBSL,41,62,10.0,1254.0,12540.0,2024-06-25
2024062504009727,MEN,59,16,253.0,594.0,150282.0,2024-06-25
2024062501027341,SARBTM,39,36,10.0,790.0,7900.0,2024-06-25
2024062503019100,VLBS,18,58,10.0,1026.0,10260.0,2024-06-25
2024062503019099,NLIC,50,47,100.0,585.2,58520.0,2024-06-25
2024062501027340,VLUCL,34,45,10.0,523.0,5230.0,2024-06-25
2024062503019098,ACLBSL,34,50,10.0,1048.5,10485.0,2024-06-25
2024062501027339,CKHL,34,66,10.0,640.0,6400.0,2024-06-25
2024062501027338,DLBS,34,33,10.0,1279.0,12790.0,2024-06-25
2024062501027337,SPL,22,42,10.0,768.0,7680.0,2024-06-25
2024062504009726,AKPL,22,5,10.0,163.0,1630.0,2024-06-25
2024062501027336,MEHL,63,16,10.0,354.9,3549.0,2024-06-25
2024062501027335,MEL,16,36,60.0,226.4,13584.0,2024-06-25
2024062501027334,MEL,16,88,190.0,226.3,42997.0,2024-06-25
2024062503019097,GFCL,26,57,10.0,589.9,5899.0,2024-06-25
2024062503019096,HLBSL,26,95,77.0,1321.0,101717.0,2024-06-25
2024062503019095,HLBSL,26,26,121.0,1320.9,159828.9,2024-06-25
2024062503019094,HLBSL,26,26,182.0,1320.8,240385.6,2024-06-25
2024062503019093,HLBSL,26,18,20.0,1320.7,26414.0,2024-06-25
2024062501027333,MAKAR,4,17,10.0,471.1,4711.0,2024-06-25
2024062501027332,SBL,17,6,300.0,242.1,72630.0,2024-06-25
2024062501027331,BNHC,22,6,100.0,655.0,65500.0,2024-06-25
2024062501027330,RHGCL,29,53,10.0,354.0,3540.0,2024-06-25
2024062503019092,PFL,34,49,10.0,657.0,6570.0,2024-06-25
2024062504009725,AKJCL,49,56,10.0,208.0,2080.0,2024-06-25
2024062503019091,NFS,34,49,10.0,940.2,9402.0,2024-06-25
2024062504009724,LEC,49,37,10.0,179.0,1790.0,2024-06-25
2024062501027329,RAWA,1,57,170.0,580.0,98600.0,2024-06-25
2024062501027328,RAWA,1,35,50.0,580.0,29000.0,2024-06-25
2024062501027327,RAWA,1,1,20.0,580.0,11600.0,2024-06-25
2024062501027326,RAWA,1,55,10.0,580.0,5800.0,2024-06-25
2024062501027325,RAWA,1,45,50.0,579.9,28995.0,2024-06-25
2024062501027324,MEL,1,88,310.0,226.3,70153.0,2024-06-25
2024062501027323,MEL,1,36,50.0,226.0,11300.0,2024-06-25
2024062501027322,MEL,1,48,140.0,225.0,31500.0,2024-06-25
2024062501027321,HDL,59,1,40.0,1218.2,48728.0,2024-06-25
2024062501027320,HDL,57,1,10.0,1218.2,12182.0,2024-06-25
2024062501027319,HDL,47,1,50.0,1218.3,60915.0,2024-06-25
2024062504009723,NHDL,69,6,43.0,533.0,22919.0,2024-06-25
2024062504009722,NHDL,69,59,57.0,530.0,30210.0,2024-06-25
2024062503019090,HLBSL,38,34,200.0,1320.0,264000.0,2024-06-25
2024062503019089,HLBSL,38,49,300.0,1320.0,396000.0,2024-06-25
2024062503019088,HLBSL,38,34,289.0,1319.0,381191.0,2024-06-25
2024062503019087,JFL,6,58,50.0,577.0,28850.0,2024-06-25
2024062501027318,GVL,66,4,100.0,597.0,59700.0,2024-06-25
2024062503019086,PMLI,58,42,40.0,495.0,19800.0,2024-06-25
2024062503019085,PMLI,58,42,10.0,495.0,4950.0,2024-06-25
2024062503019084,PMLI,58,58,10.0,495.0,4950.0,2024-06-25
2024062503019083,PMLI,58,35,30.0,494.9,14847.0,2024-06-25
2024062503019082,PMLI,58,51,10.0,494.5,4945.0,2024-06-25
2024062503019081,PMLI,58,57,10.0,494.0,4940.0,2024-06-25
2024062503019080,PMLI,58,35,90.0,493.9,44451.0,2024-06-25
2024062503019079,RLFL,44,11,10.0,425.2,4252.0,2024-06-25
2024062503019078,GFCL,55,57,10.0,589.9,5899.0,2024-06-25
2024062501027317,KDL,71,42,10.0,1150.0,11500.0,2024-06-25
2024062503019077,VLBS,71,58,10.0,1026.0,10260.0,2024-06-25
2024062503019076,VLBS,71,14,122.0,1025.0,125050.0,2024-06-25
2024062503019075,GFCL,41,7,393.0,587.0,230691.0,2024-06-25
2024062503019074,GFCL,38,7,10.0,589.0,5890.0,2024-06-25
2024062503019073,HLBSL,45,34,11.0,1319.0,14509.0,2024-06-25
2024062503019072,HLBSL,45,26,300.0,1318.9,395670.0,2024-06-25
2024062503019071,HLBSL,45,50,50.0,1317.0,65850.0,2024-06-25
2024062503019070,HLBSL,45,6,10.0,1315.0,13150.0,2024-06-25
2024062503019069,HLBSL,45,49,109.0,1315.0,143335.0,2024-06-25
2024062503019068,HLBSL,45,48,160.0,1315.0,210400.0,2024-06-25
2024062503019067,HLBSL,45,45,60.0,1314.5,78870.0,2024-06-25
2024062505004638,NBF3,58,45,150.0,7.45,1117.5,2024-06-25
2024062505004637,NBF3,5,45,100.0,7.45,745.0,2024-06-25
2024062503019066,PROFL,47,50,382.0,405.0,154710.0,2024-06-25
2024062503019065,PROFL,62,50,100.0,405.0,40500.0,2024-06-25
2024062503019064,PROFL,55,50,100.0,405.0,40500.0,2024-06-25
2024062503019063,PROFL,17,50,150.0,405.0,60750.0,2024-06-25
2024062503019062,PROFL,42,50,168.0,405.0,68040.0,2024-06-25
2024062503019061,PROFL,47,50,200.0,405.1,81020.0,2024-06-25
2024062503019060,PROFL,19,50,200.0,405.6,81120.0,2024-06-25
2024062503019059,FMDBL,50,54,10.0,674.0,6740.0,2024-06-25
2024062501027316,SBL,50,43,100.0,243.4,24340.0,2024-06-25
2024062503019058,CFCL,50,32,10.0,460.0,4600.0,2024-06-25
2024062501027315,SPHL,45,66,10.0,578.0,5780.0,2024-06-25
2024062504009721,BARUN,35,72,90.0,304.4,27396.0,2024-06-25
2024062504009720,BARUN,63,72,160.0,304.5,48720.0,2024-06-25
2024062501027314,MKLB,72,58,10.0,1388.0,13880.0,2024-06-25
2024062501027313,AVYAN,62,36,10.0,960.0,9600.0,2024-06-25
2024062503019057,GUFL,72,45,10.0,744.0,7440.0,2024-06-25
2024062503019056,ILBS,62,56,29.0,1259.9,36537.1,2024-06-25
2024062501027312,SARBTM,62,16,50.0,790.0,39500.0,2024-06-25
2024062501027311,SARBTM,62,19,10.0,790.0,7900.0,2024-06-25
2024062501027310,SARBTM,62,26,10.0,790.0,7900.0,2024-06-25
2024062501027309,SARBTM,62,7,50.0,790.0,39500.0,2024-06-25
2024062501027308,SARBTM,62,91,80.0,790.0,63200.0,2024-06-25
2024062501027307,SMHL,62,49,10.0,627.0,6270.0,2024-06-25
2024062501027306,SMHL,62,38,10.0,626.0,6260.0,2024-06-25
2024062501027305,SMHL,62,33,100.0,625.0,62500.0,2024-06-25
2024062501027304,SMHL,62,58,138.0,625.0,86250.0,2024-06-25
2024062503019055,MDB,29,62,180.0,490.0,88200.0,2024-06-25
2024062503019054,MDB,22,62,10.0,490.1,4901.0,2024-06-25
2024062503019053,MDB,59,62,10.0,492.1,4921.0,2024-06-25
2024062503019052,EDBL,52,45,10.0,386.9,3869.0,2024-06-25
2024062503019051,KRBL,52,42,14.0,456.0,6384.0,2024-06-25
2024062503019050,KRBL,52,61,36.0,455.9,16412.4,2024-06-25
2024062503019049,RLFL,52,11,10.0,425.2,4252.0,2024-06-25
2024062503019048,HLBSL,47,57,50.0,1312.0,65600.0,2024-06-25
2024062503019047,PROFL,57,52,400.0,405.9,162360.0,2024-06-25
2024062501027303,SARBTM,77,91,10.0,790.0,7900.0,2024-06-25
2024062503019046,KMCDB,77,53,36.0,1084.7,39049.2,2024-06-25
2024062503019045,KMCDB,77,4,64.0,1084.6,69414.4,2024-06-25
2024062501027302,BHL,14,5,10.0,356.9,3569.0,2024-06-25
2024062503019044,ICFC,51,57,10.0,547.9,5479.0,2024-06-25
2024062501027301,BEDC,88,29,13.0,441.9,5744.7,2024-06-25
2024062501027300,BEDC,88,38,200.0,441.8,88360.0,2024-06-25
2024062501027299,BEDC,88,6,25.0,441.8,11045.0,2024-06-25
2024062501027298,BEDC,88,42,10.0,441.0,4410.0,2024-06-25
2024062501027297,BEDC,88,57,10.0,440.0,4400.0,2024-06-25
2024062501027296,BEDC,88,26,10.0,440.0,4400.0,2024-06-25
2024062501027295,BEDC,88,52,10.0,440.0,4400.0,2024-06-25
2024062501027294,BEDC,88,63,482.0,440.0,212080.0,2024-06-25
2024062501027293,BEDC,88,11,240.0,440.0,105600.0,2024-06-25
2024062504009719,CHCL,65,1,46.0,441.0,20286.0,2024-06-25
2024062504009718,CHCL,65,70,500.0,441.0,220500.0,2024-06-25
2024062504009717,CHCL,65,58,76.0,441.0,33516.0,2024-06-25
2024062504009716,CHCL,65,56,290.0,441.0,127890.0,2024-06-25
2024062504009715,CHCL,65,43,71.0,440.9,31303.9,2024-06-25
2024062504009714,CHCL,65,54,50.0,440.0,22000.0,2024-06-25
2024062504009713,CHCL,65,41,967.0,440.0,425480.0,2024-06-25
2024062501027292,NYADI,41,8,10.0,336.8,3368.0,2024-06-25
2024062501027291,NWCL,51,81,386.0,835.5,322503.0,2024-06-25
2024062501027290,NWCL,75,81,84.0,835.6,70190.4,2024-06-25
2024062501027289,NWCL,42,81,30.0,835.6,25068.0,2024-06-25
2024062501027288,KDL,61,28,10.0,1146.0,11460.0,2024-06-25
2024062503019043,NMLBBL,28,54,40.0,684.5,27380.0,2024-06-25
2024062503019042,NMLBBL,28,13,50.0,684.0,34200.0,2024-06-25
2024062503019041,NMLBBL,28,57,10.0,682.0,6820.0,2024-06-25
2024062501027287,BGWT,32,44,10.0,953.9,9539.0,2024-06-25
2024062501027286,BGWT,32,4,10.0,950.0,9500.0,2024-06-25
2024062501027285,BGWT,32,52,10.0,942.0,9420.0,2024-06-25
2024062503019040,RSDC,11,34,25.0,696.0,17400.0,2024-06-25
2024062501027284,JALPA,13,57,10.0,1294.9,12949.0,2024-06-25
2024062501027283,ULHC,22,65,10.0,399.0,3990.0,2024-06-25
2024062503019039,ACLBSL,34,50,10.0,1048.5,10485.0,2024-06-25
2024062501027282,BNHC,22,22,90.0,655.0,58950.0,2024-06-25
2024062501027281,BNHC,42,22,10.0,655.0,6550.0,2024-06-25
2024062501027280,PPL,38,34,11.0,474.0,5214.0,2024-06-25
2024062501027279,PPL,57,34,85.0,474.1,40298.5,2024-06-25
2024062501027278,PPL,38,34,240.0,474.2,113808.0,2024-06-25
2024062501027277,KBL,48,6,10.0,136.5,1365.0,2024-06-25
2024062501027276,KBL,48,46,10.0,136.4,1364.0,2024-06-25
2024062503019038,SINDU,34,34,13.0,420.0,5460.0,2024-06-25
2024062503019037,SINDU,34,49,25.0,419.9,10497.5,2024-06-25
2024062503019036,SLBSL,16,62,10.0,1254.0,12540.0,2024-06-25
2024062503019035,JFL,6,91,350.0,577.0,201950.0,2024-06-25
2024062503019034,JFL,58,91,150.0,577.0,86550.0,2024-06-25
2024062501027275,KBSH,29,58,10.0,1565.0,15650.0,2024-06-25
2024062501027274,KBSH,29,33,10.0,1564.0,15640.0,2024-06-25
2024062501027273,KBSH,29,57,90.0,1550.0,139500.0,2024-06-25
2024062504009712,SHPC,45,49,180.0,322.1,57978.0,2024-06-25
2024062504009711,SHPC,5,49,20.0,324.9,6498.0,2024-06-25
2024062503019033,FMDBL,1,54,10.0,674.0,6740.0,2024-06-25
2024062501027272,NWCL,42,38,20.0,835.6,16712.0,2024-06-25
2024062504009710,AKJCL,38,56,20.0,208.0,4160.0,2024-06-25
2024062505004636,NIFRA,1,34,70.0,193.4,13538.0,2024-06-25
2024062503019032,NFS,60,17,20.0,950.0,19000.0,2024-06-25
2024062501027271,PPL,56,48,156.0,475.0,74100.0,2024-06-25
2024062501027270,PPL,56,62,44.0,474.7,20886.8,2024-06-25
2024062503019031,CORBL,1,58,10.0,535.0,5350.0,2024-06-25
2024062504009709,HDHPC,34,19,57.0,127.9,7290.3,2024-06-25
2024062504009708,HDHPC,44,19,250.0,128.0,32000.0,2024-06-25
2024062504009707,HDHPC,25,19,693.0,128.0,88704.0,2024-06-25
2024062503019030,SINDU,58,25,30.0,419.6,12588.0,2024-06-25
2024062504009706,HURJA,58,45,293.0,298.8,87548.4,2024-06-25
2024062504009705,HURJA,58,40,700.0,298.5,208950.0,2024-06-25
2024062504009704,HURJA,58,42,959.0,298.5,286261.5,2024-06-25
2024062504009703,HURJA,58,19,500.0,298.3,149150.0,2024-06-25
2024062504009702,HURJA,58,19,500.0,298.0,149000.0,2024-06-25
2024062504009701,HURJA,58,49,100.0,297.5,29750.0,2024-06-25
2024062504009700,HURJA,58,19,500.0,297.0,148500.0,2024-06-25
2024062504009699,HURJA,58,38,150.0,297.0,44550.0,2024-06-25
2024062504009698,HURJA,58,34,1000.0,296.0,296000.0,2024-06-25
2024062504009697,HURJA,58,45,873.0,296.0,258408.0,2024-06-25
2024062504009696,HURJA,58,4,129.0,295.9,38171.1,2024-06-25
2024062504009695,HURJA,58,19,400.0,295.5,118200.0,2024-06-25
2024062504009694,HURJA,58,38,20.0,295.0,5900.0,2024-06-25
2024062504009693,HURJA,58,42,20.0,295.0,5900.0,2024-06-25
2024062504009692,HURJA,58,11,200.0,295.0,59000.0,2024-06-25
2024062504009691,HURJA,58,65,500.0,294.0,147000.0,2024-06-25
2024062504009690,HURJA,58,52,20.0,294.0,5880.0,2024-06-25
2024062504009689,HURJA,58,43,15.0,293.0,4395.0,2024-06-25
2024062504009688,HURJA,58,17,300.0,292.0,87600.0,2024-06-25
2024062504009687,HURJA,58,89,2821.0,292.0,823732.0,2024-06-25
2024062501027269,MEL,58,48,10.0,225.0,2250.0,2024-06-25
2024062504009686,SSHL,58,59,10.0,179.0,1790.0,2024-06-25
2024062504009685,HPPL,42,1,280.0,293.0,82040.0,2024-06-25
2024062504009684,HPPL,42,58,20.0,293.0,5860.0,2024-06-25
2024062503019029,SFCL,96,4,400.0,449.0,179600.0,2024-06-25
2024062503019028,SFCL,96,34,25.0,449.0,11225.0,2024-06-25
2024062503019027,SFCL,96,45,30.0,449.0,13470.0,2024-06-25
2024062503019026,SFCL,96,7,500.0,448.0,224000.0,2024-06-25
2024062503019025,SFCL,96,5,200.0,447.8,89560.0,2024-06-25
2024062503019024,SFCL,96,1,50.0,447.7,22385.0,2024-06-25
2024062503019023,SFCL,96,57,50.0,447.0,22350.0,2024-06-25
2024062503019022,SFCL,96,57,50.0,447.0,22350.0,2024-06-25
2024062503019021,SFCL,96,48,80.0,447.0,35760.0,2024-06-25
2024062503019020,SFCL,96,38,60.0,447.0,26820.0,2024-06-25
2024062503019019,SFCL,96,44,250.0,445.0,111250.0,2024-06-25
2024062503019018,SFCL,96,45,200.0,445.0,89000.0,2024-06-25
2024062503019017,SFCL,96,14,105.0,445.0,46725.0,2024-06-25
2024062501027268,MKHL,44,35,10.0,460.0,4600.0,2024-06-25
2024062501027267,MKHL,44,56,10.0,459.0,4590.0,2024-06-25
2024062501027266,MKHL,44,42,10.0,459.0,4590.0,2024-06-25
2024062504009683,HURJA,44,89,440.0,292.0,128480.0,2024-06-25
2024062504009682,HURJA,44,39,60.0,291.9,17514.0,2024-06-25
2024062504009681,SPIL,44,4,10.0,784.0,7840.0,2024-06-25
2024062504009680,SPIL,44,45,100.0,783.0,78300.0,2024-06-25
2024062503019016,PMLI,7,35,20.0,493.9,9878.0,2024-06-25
2024062504009679,RBCL,80,44,10.0,13100.0,131000.0,2024-06-25
2024062501027265,SHIVM,45,38,52.0,477.0,24804.0,2024-06-25
2024062501027264,SHIVM,45,13,49.0,477.0,23373.0,2024-06-25
2024062503019015,SFCL,50,14,385.0,445.0,171325.0,2024-06-25
2024062503019014,SFCL,50,33,15.0,444.5,6667.5,2024-06-25
2024062503019013,SFCL,50,42,100.0,444.3,44430.0,2024-06-25
2024062501027263,HBL,17,14,11.0,174.7,1921.7,2024-06-25
2024062501027262,MAKAR,4,17,8950.0,467.1,4180545.0,2024-06-25
2024062501027261,MAKAR,42,17,500.0,467.2,233600.0,2024-06-25
2024062501027260,MAKAR,4,17,4720.0,467.2,2205184.0,2024-06-25
2024062501027259,MAKAR,4,17,220.0,467.2,102784.0,2024-06-25
2024062501027258,MAKAR,4,17,500.0,467.3,233650.0,2024-06-25
2024062501027257,MAKAR,66,17,50.0,468.0,23400.0,2024-06-25
2024062501027256,MAKAR,5,17,50.0,468.1,23405.0,2024-06-25
2024062501027255,MAKAR,16,17,10.0,470.0,4700.0,2024-06-25
2024062503019012,LBBL,13,17,20.0,382.5,7650.0,2024-06-25
2024062503019011,MFIL,45,47,85.0,546.0,46410.0,2024-06-25
2024062503019010,MFIL,45,19,100.0,545.1,54510.0,2024-06-25
2024062503019009,MFIL,45,16,315.0,545.0,171675.0,2024-06-25
2024062501027254,MKHC,5,5,10.0,329.8,3298.0,2024-06-25
2024062501027253,SBI,5,38,50.0,290.0,14500.0,2024-06-25
2024062501027252,ADBL,38,46,60.0,262.5,15750.0,2024-06-25
2024062503019008,PFL,62,59,30.0,658.0,19740.0,2024-06-25
2024062504009678,DHPL,21,6,21.0,209.9,4407.9,2024-06-25
2024062501027251,UHEWA,57,38,65.0,478.9,31128.5,2024-06-25
2024062501027250,UHEWA,57,72,35.0,478.8,16758.0,2024-06-25
2024062501027249,UHEWA,57,38,150.0,478.8,71820.0,2024-06-25
2024062501027248,UHEWA,57,7,100.0,478.7,47870.0,2024-06-25
2024062501027247,UHEWA,57,38,250.0,478.6,119650.0,2024-06-25
2024062505004635,NTC,57,17,10.0,817.5,8175.0,2024-06-25
2024062501027246,HATHY,33,14,500.0,947.0,473500.0,2024-06-25
2024062503019007,JFL,63,38,100.0,579.0,57900.0,2024-06-25
2024062504009677,UAIL,45,41,52.0,560.0,29120.0,2024-06-25
2024062503019006,HLI,36,63,18.0,377.2,6789.6,2024-06-25
2024062504009676,UAIL,45,41,550.0,560.1,308055.0,2024-06-25
2024062504009675,UAIL,45,41,231.0,560.1,129383.1,2024-06-25
2024062504009674,UAIL,49,41,250.0,560.2,140050.0,2024-06-25
2024062504009673,UAIL,57,41,17.0,560.4,9526.8,2024-06-25
2024062504009672,UAIL,86,41,300.0,561.0,168300.0,2024-06-25
2024062504009671,UAIL,32,41,100.0,561.0,56100.0,2024-06-25
2024062501027245,SMH,39,26,10.0,804.0,8040.0,2024-06-25
2024062503019005,PFL,34,39,226.0,657.0,148482.0,2024-06-25
2024062505004634,CIT,39,42,10.0,2099.9,20999.0,2024-06-25
2024062501027244,ULHC,25,65,100.0,399.0,39900.0,2024-06-25
2024062504009670,RURU,18,26,111.0,628.0,69708.0,2024-06-25
2024062504009669,RURU,18,57,200.0,628.0,125600.0,2024-06-25
2024062504009668,RURU,18,34,252.0,626.9,157978.8,2024-06-25
2024062504009667,RURU,18,42,100.0,626.0,62600.0,2024-06-25
2024062504009666,RURU,18,75,95.0,625.4,59413.0,2024-06-25
2024062504009665,RURU,18,58,24.0,625.0,15000.0,2024-06-25
2024062504009664,RURU,18,21,100.0,625.0,62500.0,2024-06-25
2024062504009663,RURU,18,41,36.0,625.0,22500.0,2024-06-25
2024062504009662,RURU,18,14,82.0,624.0,51168.0,2024-06-25
2024062501027243,PRVU,13,45,660.0,140.1,92466.0,2024-06-25
2024062501027242,USHEC,18,50,10.0,483.0,4830.0,2024-06-25
2024062501027241,USHEC,18,22,50.0,482.9,24145.0,2024-06-25
2024062501027240,USHEC,18,77,470.0,482.9,226963.0,2024-06-25
2024062501027239,USHEC,18,45,70.0,475.0,33250.0,2024-06-25
2024062504009661,HPPL,16,58,10.0,293.0,2930.0,2024-06-25
2024062503019004,CFCL,34,26,100.0,458.0,45800.0,2024-06-25
2024062503019003,SINDU,56,29,20.0,418.0,8360.0,2024-06-25
2024062503019002,KRBL,38,61,50.0,455.9,22795.0,2024-06-25
2024062501027238,TAMOR,36,38,10.0,389.0,3890.0,2024-06-25
2024062503019001,ILBS,66,35,10.0,1259.0,12590.0,2024-06-25
2024062504009660,HPPL,19,58,20.0,293.0,5860.0,2024-06-25
2024062504009659,HPPL,19,14,280.0,292.9,82012.0,2024-06-25
2024062504009658,HPPL,58,14,10.0,292.9,2929.0,2024-06-25
2024062501027237,BEDC,37,25,100.0,439.9,43990.0,2024-06-25
2024062501027236,PCBL,44,98,10.0,195.0,1950.0,2024-06-25
2024062503019000,GMFIL,44,49,10.0,439.7,4397.0,2024-06-25
2024062505004633,NIFRA,46,34,10.0,193.4,1934.0,2024-06-25
2024062501027235,SARBTM,62,91,10.0,790.0,7900.0,2024-06-25
2024062501027234,SARBTM,62,3,10.0,790.0,7900.0,2024-06-25
2024062501027233,SARBTM,62,1,50.0,789.0,39450.0,2024-06-25
2024062501027232,SARBTM,62,53,130.0,789.0,102570.0,2024-06-25
2024062501027231,MEHL,21,38,10.0,356.0,3560.0,2024-06-25
2024062505004632,CIT,40,57,59.0,2096.0,123664.0,2024-06-25
2024062505004631,CIT,62,57,10.0,2096.1,20961.0,2024-06-25
2024062505004630,CIT,67,57,21.0,2096.1,44018.1,2024-06-25
2024062505004629,CIT,8,57,10.0,2096.2,20962.0,2024-06-25
2024062504009657,UPCL,35,6,50.0,189.7,9485.0,2024-06-25
2024062501027230,BHPL,35,58,275.0,679.0,186725.0,2024-06-25
2024062501027229,BHPL,35,34,20.0,675.0,13500.0,2024-06-25
2024062501027228,BHPL,35,26,135.0,673.9,90976.5,2024-06-25
2024062501027227,BHPL,35,13,170.0,670.0,113900.0,2024-06-25
2024062503018999,KMCDB,77,43,30.0,1081.1,32433.0,2024-06-25
2024062503018998,KMCDB,34,43,20.0,1083.0,21660.0,2024-06-25
2024062503018997,GMFBS,62,41,14.0,1600.0,22400.0,2024-06-25
2024062501027226,TPC,39,42,10.0,557.0,5570.0,2024-06-25
2024062501027225,TPC,39,28,90.0,557.0,50130.0,2024-06-25
2024062501027224,NRM,32,88,10.0,392.8,3928.0,2024-06-25
2024062501027223,USHL,25,25,100.0,561.0,56100.0,2024-06-25
2024062501027222,SGHC,13,53,10.0,342.9,3429.0,2024-06-25
2024062504009656,AHPC,26,32,10.0,155.0,1550.0,2024-06-25
2024062503018996,DDBL,34,7,10.0,798.0,7980.0,2024-06-25
2024062501027221,SRLI,34,34,10.0,432.3,4323.0,2024-06-25
2024062503018995,MERO,64,17,30.0,709.0,21270.0,2024-06-25
2024062503018994,MERO,64,35,20.0,709.0,14180.0,2024-06-25
2024062503018993,SAPDBL,40,49,36.0,377.0,13572.0,2024-06-25
2024062503018992,SAPDBL,45,49,50.0,377.3,18865.0,2024-06-25
2024062501027220,SPHL,49,66,170.0,578.0,98260.0,2024-06-25
2024062503018991,NADEP,19,43,10.0,834.4,8344.0,2024-06-25
2024062504009655,RURU,42,59,350.0,623.0,218050.0,2024-06-25
2024062504009654,BARUN,63,42,40.0,304.5,12180.0,2024-06-25
2024062504009653,BARUN,3,42,10.0,304.5,3045.0,2024-06-25
2024062503018990,PFL,55,37,195.0,657.0,128115.0,2024-06-25
2024062503018989,PFL,56,37,250.0,657.1,164275.0,2024-06-25
2024062503018988,PFL,42,37,55.0,657.3,36151.5,2024-06-25
2024062503018987,NABBC,17,22,11.0,559.0,6149.0,2024-06-25
2024062501027219,MBL,45,48,15.0,167.2,2508.0,2024-06-25
2024062501027218,MHCL,45,29,10.0,416.0,4160.0,2024-06-25
2024062503018986,MFIL,36,62,215.0,543.0,116745.0,2024-06-25
2024062503018985,MFIL,26,62,100.0,544.0,54400.0,2024-06-25
2024062503018984,MFIL,35,62,95.0,544.0,51680.0,2024-06-25
2024062503018983,MFIL,45,62,100.0,544.0,54400.0,2024-06-25
2024062503018982,MFIL,32,62,50.0,544.0,27200.0,2024-06-25
2024062503018981,MFIL,48,62,40.0,544.0,21760.0,2024-06-25
2024062504009652,SHEL,11,57,60.0,157.5,9450.0,2024-06-25
2024062501027217,SMH,16,26,10.0,804.0,8040.0,2024-06-25
2024062503018980,MFIL,36,16,185.0,545.0,100825.0,2024-06-25
2024062501027216,SGHC,67,53,30.0,342.9,10287.0,2024-06-25
2024062501027215,SGHC,67,17,300.0,342.8,102840.0,2024-06-25
2024062501027214,SGHC,67,39,50.0,342.5,17125.0,2024-06-25
2024062501027213,SGHC,67,45,10.0,342.5,3425.0,2024-06-25
2024062501027212,SGHC,67,13,100.0,342.0,34200.0,2024-06-25
2024062501027211,SGHC,67,34,100.0,342.0,34200.0,2024-06-25
2024062501027210,SGHC,67,35,10.0,342.0,3420.0,2024-06-25
2024062501027209,EBL,33,19,10.0,526.0,5260.0,2024-06-25
2024062501027208,EBL,33,6,50.0,525.0,26250.0,2024-06-25
2024062501027207,EBL,33,41,100.0,524.0,52400.0,2024-06-25
2024062501027206,EBL,33,49,15.0,524.0,7860.0,2024-06-25
2024062501027205,USHL,38,25,10.0,561.0,5610.0,2024-06-25
2024062501027204,USHL,38,58,10.0,560.9,5609.0,2024-06-25
2024062501027203,USHL,38,49,10.0,560.0,5600.0,2024-06-25
2024062504009651,UPPER,38,57,250.0,156.0,39000.0,2024-06-25
2024062501027202,GVL,66,4,100.0,597.0,59700.0,2024-06-25
2024062501027201,SMH,55,26,10.0,804.0,8040.0,2024-06-25
2024062501027200,HATHY,33,58,10.0,947.0,9470.0,2024-06-25
2024062504009650,JOSHI,51,58,413.0,295.4,122000.2,2024-06-25
2024062504009649,AKJCL,94,56,100.0,208.0,20800.0,2024-06-25
2024062501027199,MEL,26,58,10.0,223.1,2231.0,2024-06-25
2024062501027198,NWCL,16,17,100.0,839.0,83900.0,2024-06-25
2024062501027197,MKHC,45,5,10.0,329.8,3298.0,2024-06-25
2024062505004628,ENL,45,4,10.0,1004.0,10040.0,2024-06-25
2024062503018979,SFCL,34,45,40.0,444.1,17764.0,2024-06-25
2024062501027196,USHEC,49,45,100.0,480.0,48000.0,2024-06-25
2024062501027195,PPL,38,45,10.0,474.2,4742.0,2024-06-25
2024062501027194,MSHL,57,26,10.0,681.0,6810.0,2024-06-25
2024062501027193,PBLD84,47,57,100.0,1041.0,104100.0,2024-06-25
2024062501027192,SGHC,1,52,10.0,341.9,3419.0,2024-06-25
2024062504009648,KPCL,48,85,300.0,457.0,137100.0,2024-06-25
2024062501027191,CKHL,42,39,30.0,639.0,19170.0,2024-06-25
2024062501027190,MEHL,47,38,290.0,356.0,103240.0,2024-06-25
2024062501027189,MEHL,47,41,10.0,355.0,3550.0,2024-06-25
2024062501027188,MEHL,47,26,500.0,355.0,177500.0,2024-06-25
2024062501027187,MEHL,47,48,200.0,354.9,70980.0,2024-06-25
2024062505004627,NTC,65,26,40.0,816.0,32640.0,2024-06-25
2024062501027186,SNLI,55,3,29.0,458.2,13287.8,2024-06-25
2024062501027185,GVL,34,4,10.0,597.0,5970.0,2024-06-25
2024062503018978,SKBBL,40,4,63.0,809.0,50967.0,2024-06-25
2024062503018977,SKBBL,58,4,21.0,810.0,17010.0,2024-06-25
2024062501027184,ANLB,60,8,10.0,2395.5,23955.0,2024-06-25
2024062501027183,RFPL,62,80,80.0,369.0,29520.0,2024-06-25
2024062501027182,RFPL,34,80,200.0,369.1,73820.0,2024-06-25
2024062501027181,RFPL,55,80,40.0,369.2,14768.0,2024-06-25
2024062504009647,UMRH,68,37,100.0,414.2,41420.0,2024-06-25
2024062504009646,LEC,58,37,10.0,179.0,1790.0,2024-06-25
2024062504009645,LEC,49,37,200.0,179.0,35800.0,2024-06-25
2024062501027180,HDL,35,58,41.0,1219.0,49979.0,2024-06-25
2024062501027179,HDL,34,58,59.0,1219.0,71921.0,2024-06-25
2024062505004626,CHDC,72,33,555.0,1024.0,568320.0,2024-06-25
2024062505004625,CHDC,72,19,10.0,1022.0,10220.0,2024-06-25
2024062505004624,CHDC,72,57,45.0,1021.9,45985.5,2024-06-25
2024062505004623,CHDC,72,57,380.0,1021.9,388322.0,2024-06-25
2024062505004622,CHDC,72,51,10.0,1020.0,10200.0,2024-06-25
2024062504009644,SPDL,17,13,11.0,242.0,2662.0,2024-06-25
2024062503018976,KMCDB,46,4,86.0,1084.6,93275.6,2024-06-25
2024062503018975,KMCDB,46,13,44.0,1084.0,47696.0,2024-06-25
2024062501027178,RNLI,35,21,11.0,424.1,4665.1,2024-06-25
2024062504009643,JOSHI,51,64,300.0,295.4,88620.0,2024-06-25
2024062504009642,SGIC,34,57,55.0,530.0,29150.0,2024-06-25
2024062501027177,HHL,55,14,120.0,372.2,44664.0,2024-06-25
2024062501027176,HHL,48,14,100.0,372.3,37230.0,2024-06-25
2024062501027175,HHL,19,14,200.0,372.4,74480.0,2024-06-25
2024062504009641,JOSHI,51,48,219.0,295.4,64692.6,2024-06-25
2024062504009640,PMHPL,52,46,10.0,229.7,2297.0,2024-06-25
2024062503018974,GILB,52,45,10.0,1387.0,13870.0,2024-06-25
2024062504009639,GHL,44,85,10.0,147.2,1472.0,2024-06-25
2024062504009638,GHL,14,85,10.0,147.3,1473.0,2024-06-25
2024062503018973,SWBBL,33,3,199.0,862.0,171538.0,2024-06-25
2024062503018972,SWBBL,44,3,24.0,865.0,20760.0,2024-06-25
2024062501027174,SARBTM,29,53,10.0,789.0,7890.0,2024-06-25
2024062501027173,LSL,34,58,10.0,153.0,1530.0,2024-06-25
2024062501027172,HATHY,69,62,200.0,948.0,189600.0,2024-06-25
2024062503018971,KRBL,57,66,470.0,450.0,211500.0,2024-06-25
2024062503018970,KRBL,35,66,20.0,450.0,9000.0,2024-06-25
2024062503018969,KRBL,43,66,10.0,450.1,4501.0,2024-06-25
2024062504009637,KKHC,38,35,298.0,231.0,68838.0,2024-06-25
2024062504009636,KKHC,38,4,10.0,231.0,2310.0,2024-06-25
2024062504009635,KKHC,38,32,30.0,231.0,6930.0,2024-06-25
2024062504009634,KKHC,38,47,24.0,231.0,5544.0,2024-06-25
2024062501027171,PCBL,58,98,100.0,195.0,19500.0,2024-06-25
2024062501027170,VLUCL,44,7,10.0,523.0,5230.0,2024-06-25
2024062501027169,SHLB,62,57,185.0,1809.0,334665.0,2024-06-25
2024062501027168,SHLB,62,42,10.0,1809.0,18090.0,2024-06-25
2024062501027167,SHLB,62,41,10.0,1808.0,18080.0,2024-06-25
2024062504009633,NHDL,57,59,10.0,530.0,5300.0,2024-06-25
2024062504009632,KPCL,65,91,410.0,460.0,188600.0,2024-06-25
2024062503018968,PMLI,21,52,10.0,492.3,4923.0,2024-06-25
2024062504009631,RBCL,28,44,14.0,13100.0,183400.0,2024-06-25
2024062503018967,NFS,22,46,58.0,954.0,55332.0,2024-06-25
2024062503018966,NFS,22,35,10.0,950.0,9500.0,2024-06-25
2024062503018965,NFS,22,22,94.0,950.0,89300.0,2024-06-25
2024062503018964,NFS,22,45,100.0,950.0,95000.0,2024-06-25
2024062503018963,NFS,22,43,170.0,950.0,161500.0,2024-06-25
2024062503018962,NFS,22,46,100.0,950.0,95000.0,2024-06-25
2024062503018961,NFS,22,34,200.0,950.0,190000.0,2024-06-25
2024062503018960,NFS,22,26,50.0,950.0,47500.0,2024-06-25
2024062503018959,NFS,22,5,50.0,950.0,47500.0,2024-06-25
2024062503018958,NFS,22,71,100.0,949.9,94990.0,2024-06-25
2024062503018957,NFS,22,71,200.0,949.8,189960.0,2024-06-25
2024062503018956,NFS,22,56,300.0,946.0,283800.0,2024-06-25
2024062503018955,NFS,22,58,50.0,945.0,47250.0,2024-06-25
2024062503018954,NFS,22,20,13.0,945.0,12285.0,2024-06-25
2024062503018953,NFS,22,14,10.0,945.0,9450.0,2024-06-25
2024062503018952,NFS,22,26,50.0,945.0,47250.0,2024-06-25
2024062503018951,NFS,22,49,100.0,945.0,94500.0,2024-06-25
2024062503018950,NFS,22,55,1345.0,945.0,1271025.0,2024-06-25
2024062504009630,DHPL,3,6,10.0,209.9,2099.0,2024-06-25
2024062503018949,HLI,49,44,150.0,378.0,56700.0,2024-06-25
2024062501027166,CKHL,19,48,200.0,640.0,128000.0,2024-06-25
2024062501027165,CKHL,19,34,10.0,640.0,6400.0,2024-06-25
2024062501027164,CKHL,19,5,50.0,640.0,32000.0,2024-06-25
2024062501027163,CKHL,19,34,10.0,640.0,6400.0,2024-06-25
2024062501027162,CKHL,19,58,20.0,640.0,12800.0,2024-06-25
2024062501027161,CKHL,19,51,10.0,640.0,6400.0,2024-06-25
2024062504009629,UPPER,38,56,10.0,155.9,1559.0,2024-06-25
2024062503018948,JFL,96,38,10.0,579.0,5790.0,2024-06-25
2024062504009628,NICL,1,58,10.0,837.9,8379.0,2024-06-25
2024062503018947,GUFL,58,35,50.0,743.9,37195.0,2024-06-25
2024062501027160,MHL,72,49,100.0,561.0,56100.0,2024-06-25
2024062501027159,SHIVM,58,13,400.0,477.0,190800.0,2024-06-25
2024062505004621,NRN,21,26,81.0,682.9,55314.9,2024-06-25
2024062505004620,NRN,21,57,19.0,682.0,12958.0,2024-06-25
2024062504009627,SPDL,35,13,50.0,242.0,12100.0,2024-06-25
2024062503018946,GUFL,14,81,190.0,742.0,140980.0,2024-06-25
2024062503018945,GUFL,14,45,100.0,741.0,74100.0,2024-06-25
2024062501027158,MMKJL,14,96,80.0,489.0,39120.0,2024-06-25
2024062501027157,MMKJL,14,96,100.0,488.9,48890.0,2024-06-25
2024062501027156,MMKJL,14,96,100.0,488.8,48880.0,2024-06-25
2024062501027155,MMKJL,14,96,100.0,488.7,48870.0,2024-06-25
2024062501027154,MMKJL,14,96,100.0,488.6,48860.0,2024-06-25
2024062501027153,MMKJL,14,96,20.0,488.5,9770.0,2024-06-25
2024062501027152,SPL,49,57,15.0,763.1,11446.5,2024-06-25
2024062501027151,PRVU,48,57,988.0,139.6,137924.8,2024-06-25
2024062501027150,PRVU,22,57,100.0,139.6,13960.0,2024-06-25
2024062501027149,PRVU,59,57,100.0,139.6,13960.0,2024-06-25
2024062501027148,PRVU,51,57,60.0,139.7,8382.0,2024-06-25
2024062501027147,PRVU,56,57,200.0,140.0,28000.0,2024-06-25
2024062501027146,PRVU,58,57,100.0,140.0,14000.0,2024-06-25
2024062501027145,PRVU,58,57,50.0,140.0,7000.0,2024-06-25
2024062501027144,PRVU,49,57,100.0,140.0,14000.0,2024-06-25
2024062501027143,PRVU,57,57,100.0,140.0,14000.0,2024-06-25
2024062501027142,PRVU,57,57,163.0,140.0,22820.0,2024-06-25
2024062501027141,MKHC,50,54,150.0,329.0,49350.0,2024-06-25
2024062504009626,NGPL,41,91,200.0,307.0,61400.0,2024-06-25
2024062504009625,SALICO,43,22,46.0,684.0,31464.0,2024-06-25
2024062504009624,CGH,28,48,180.0,851.1,153198.0,2024-06-25
2024062504009623,CGH,1,48,100.0,851.1,85110.0,2024-06-25
2024062501027140,MEL,16,36,50.0,226.0,11300.0,2024-06-25
2024062501027139,MEL,16,43,10.0,226.0,2260.0,2024-06-25
2024062501027138,MEL,16,8,30.0,226.0,6780.0,2024-06-25
2024062501027137,MEL,16,22,10.0,226.0,2260.0,2024-06-25
2024062501027136,SONA,42,11,10.0,438.2,4382.0,2024-06-25
2024062504009622,HURJA,34,39,200.0,291.9,58380.0,2024-06-25
2024062504009621,SSHL,19,58,192.0,176.9,33964.8,2024-06-25
2024062504009620,SSHL,18,58,200.0,176.9,35380.0,2024-06-25
2024062504009619,SSHL,19,58,78.0,176.9,13798.2,2024-06-25
2024062504009618,SSHL,28,58,100.0,177.0,17700.0,2024-06-25
2024062504009617,SSHL,49,58,200.0,177.0,35400.0,2024-06-25
2024062504009616,SSHL,38,58,200.0,177.0,35400.0,2024-06-25
2024062504009615,SSHL,57,58,460.0,177.0,81420.0,2024-06-25
2024062504009614,SSHL,55,58,1000.0,177.1,177100.0,2024-06-25
2024062504009613,SSHL,21,58,50.0,178.0,8900.0,2024-06-25
2024062504009612,SSHL,34,58,500.0,178.0,89000.0,2024-06-25
2024062504009611,SSHL,29,58,110.0,178.0,19580.0,2024-06-25
2024062504009610,SSHL,59,58,510.0,178.1,90831.0,2024-06-25
2024062503018944,RSDC,45,26,40.0,697.0,27880.0,2024-06-25
2024062503018943,PROFL,45,52,30.0,405.9,12177.0,2024-06-25
2024062504009609,GHL,21,72,100.0,148.0,14800.0,2024-06-25
2024062503018942,ALBSL,33,45,10.0,985.0,9850.0,2024-06-25
2024062503018941,NMFBS,67,45,10.0,1309.1,13091.0,2024-06-25
2024062505004619,NRN,88,57,81.0,682.0,55242.0,2024-06-25
2024062503018940,NMLBBL,18,57,190.0,682.0,129580.0,2024-06-25
2024062503018939,KRBL,43,66,30.0,450.1,13503.0,2024-06-25
2024062503018938,JSLBB,54,42,91.0,1419.9,129210.9,2024-06-25
2024062501027135,SARBTM,62,41,328.0,785.0,257480.0,2024-06-25
2024062501027134,SARBTM,55,41,500.0,785.1,392550.0,2024-06-25
2024062501027133,SARBTM,95,41,100.0,786.0,78600.0,2024-06-25
2024062501027132,SARBTM,34,41,20.0,786.0,15720.0,2024-06-25
2024062501027131,SARBTM,90,41,40.0,786.0,31440.0,2024-06-25
2024062501027130,SARBTM,42,41,12.0,786.0,9432.0,2024-06-25
2024062501027129,NYADI,62,22,446.0,335.5,149633.0,2024-06-25
2024062501027128,NYADI,38,22,100.0,335.6,33560.0,2024-06-25
2024062501027127,NYADI,11,22,454.0,335.6,152362.4,2024-06-25
2024062501027126,HDL,34,11,50.0,1219.0,60950.0,2024-06-25
2024062501027125,SPL,49,34,10.0,763.1,7631.0,2024-06-25
2024062503018937,GBBL,34,34,44.0,360.0,15840.0,2024-06-25
2024062501027124,SIKLES,89,60,300.0,700.0,210000.0,2024-06-25
2024062503018936,BFC,6,38,250.0,475.0,118750.0,2024-06-25
2024062501027123,GVL,66,4,100.0,597.0,59700.0,2024-06-25
2024062501027122,SHIVM,42,13,10.0,477.0,4770.0,2024-06-25
2024062503018935,PROFL,17,52,20.0,405.9,8118.0,2024-06-25
2024062503018934,MERO,58,35,10.0,709.0,7090.0,2024-06-25
2024062501027121,MMKJL,58,96,80.0,488.5,39080.0,2024-06-25
2024062501027120,MMKJL,58,96,100.0,488.4,48840.0,2024-06-25
2024062501027119,MMKJL,58,96,100.0,488.3,48830.0,2024-06-25
2024062501027118,MMKJL,58,96,100.0,488.2,48820.0,2024-06-25
2024062501027117,MMKJL,58,96,100.0,488.1,48810.0,2024-06-25
2024062501027116,MMKJL,58,58,10.0,488.0,4880.0,2024-06-25
2024062501027115,MMKJL,58,52,10.0,486.5,4865.0,2024-06-25
2024062501027114,MMKJL,58,83,490.0,486.0,238140.0,2024-06-25
2024062501027113,MMKJL,58,48,10.0,485.0,4850.0,2024-06-25
2024062501027112,MCHL,58,88,10.0,445.0,4450.0,2024-06-25
2024062501027111,BHPL,35,26,211.0,673.9,142192.9,2024-06-25
2024062501027110,BHPL,35,16,100.0,673.2,67320.0,2024-06-25
2024062501027109,BHPL,35,50,50.0,670.0,33500.0,2024-06-25
2024062501027108,BHPL,35,44,10.0,670.0,6700.0,2024-06-25
2024062501027107,BHPL,35,38,10.0,670.0,6700.0,2024-06-25
2024062501027106,BHPL,35,35,219.0,667.0,146073.0,2024-06-25
2024062501027105,TSHL,57,49,25.0,560.9,14022.5,2024-06-25
2024062503018933,CORBL,95,57,15.0,533.1,7996.5,2024-06-25
2024062503018932,RSDC,33,59,100.0,695.0,69500.0,2024-06-25
2024062501027104,VLUCL,59,41,10.0,523.0,5230.0,2024-06-25
2024062501027103,MMKJL,58,85,200.0,483.2,96640.0,2024-06-25
2024062501027102,HHL,32,57,100.0,373.9,37390.0,2024-06-25
2024062501027101,AVYAN,7,32,10.0,958.0,9580.0,2024-06-25
2024062501027100,CITY,48,34,60.0,699.5,41970.0,2024-06-25
2024062504009608,BARUN,63,4,164.0,304.6,49954.4,2024-06-25
2024062501027099,SHIVM,33,13,50.0,477.0,23850.0,2024-06-25
2024062503018931,CBBL,34,57,10.0,837.0,8370.0,2024-06-25
2024062501027098,HATHY,33,34,57.0,947.0,53979.0,2024-06-25
2024062503018930,RSDC,33,49,270.0,695.0,187650.0,2024-06-25
2024062503018929,RSDC,58,49,25.0,695.0,17375.0,2024-06-25
2024062504009607,HURJA,19,56,20.0,291.0,5820.0,2024-06-25
2024062504009606,UMRH,38,40,80.0,415.0,33200.0,2024-06-25
2024062503018928,SIFC,75,48,30.0,467.0,14010.0,2024-06-25
2024062503018927,USLB,96,49,11.0,1846.0,20306.0,2024-06-25
2024062503018926,USLB,96,57,10.0,1845.0,18450.0,2024-06-25
2024062503018925,USLB,96,29,134.0,1845.0,247230.0,2024-06-25
2024062501027097,SIKLES,89,50,4900.0,700.0,3430000.0,2024-06-25
2024062503018924,NABBC,17,45,235.0,558.9,131341.5,2024-06-25
2024062504009605,GLH,1,35,25.0,214.5,5362.5,2024-06-25
2024062503018923,SIFC,43,48,10.0,467.0,4670.0,2024-06-25
2024062501027096,MKJC,28,14,300.0,615.0,184500.0,2024-06-25
2024062501027095,NYADI,41,8,50.0,336.8,16840.0,2024-06-25
2024062503018922,RLFL,33,11,40.0,425.2,17008.0,2024-06-25
2024062501027094,CKHL,34,42,10.0,640.0,6400.0,2024-06-25
2024062501027093,CKHL,34,58,10.0,640.0,6400.0,2024-06-25
2024062501027092,CKHL,34,58,10.0,640.0,6400.0,2024-06-25
2024062501027091,CKHL,34,58,10.0,640.0,6400.0,2024-06-25
2024062501027090,CKHL,34,55,10.0,640.0,6400.0,2024-06-25
2024062501027089,CKHL,34,48,10.0,640.0,6400.0,2024-06-25
2024062501027088,CKHL,34,32,10.0,640.0,6400.0,2024-06-25
2024062501027087,CKHL,34,45,130.0,640.0,83200.0,2024-06-25
2024062501027086,SPC,49,51,10.0,584.0,5840.0,2024-06-25
2024062501027085,ULHC,42,49,10.0,396.5,3965.0,2024-06-25
2024062503018921,NLIC,50,56,190.0,585.2,111188.0,2024-06-25
2024062504009604,DHPL,42,57,400.0,209.8,83920.0,2024-06-25
2024062501027084,NMB,49,50,232.0,189.8,44033.6,2024-06-25
2024062504009603,AKJCL,32,80,20.0,207.0,4140.0,2024-06-25
2024062504009602,AKJCL,56,80,50.0,207.0,10350.0,2024-06-25
2024062504009601,AKJCL,45,80,500.0,207.0,103500.0,2024-06-25
2024062504009600,AKJCL,19,80,1000.0,207.0,207000.0,2024-06-25
2024062504009599,AKJCL,49,80,100.0,207.0,20700.0,2024-06-25
2024062504009598,AKJCL,26,80,130.0,207.0,26910.0,2024-06-25
2024062504009597,HDHPC,62,51,200.0,128.5,25700.0,2024-06-25
2024062503018920,SABSL,7,62,145.0,1054.0,152830.0,2024-06-25
2024062503018919,SABSL,58,62,35.0,1055.0,36925.0,2024-06-25
2024062503018918,SABSL,72,62,20.0,1055.1,21102.0,2024-06-25
2024062501027083,JBLB,58,39,523.0,1335.0,698205.0,2024-06-25
2024062501027082,JBLB,58,42,30.0,1334.9,40047.0,2024-06-25
2024062501027081,HHL,35,57,42.0,373.9,15703.8,2024-06-25
2024062501027080,SPHL,57,43,10.0,575.0,5750.0,2024-06-25
2024062503018917,MERO,59,35,10.0,709.0,7090.0,2024-06-25
2024062505004618,CHDC,39,57,100.0,1021.9,102190.0,2024-06-25
2024062503018916,SJLIC,54,11,58.0,405.0,23490.0,2024-06-25
2024062504009596,SHL,35,36,500.0,424.5,212250.0,2024-06-25
2024062504009595,SHL,34,36,100.0,424.5,42450.0,2024-06-25
2024062504009594,SHL,6,36,200.0,424.5,84900.0,2024-06-25
2024062504009593,SHL,13,36,1300.0,424.5,551850.0,2024-06-25
2024062504009592,SHL,1,36,100.0,424.6,42460.0,2024-06-25
2024062504009591,SHL,34,36,100.0,424.6,42460.0,2024-06-25
2024062501027079,MMKJL,58,6,47.0,483.2,22710.4,2024-06-25
2024062501027078,MMKJL,67,6,963.0,483.2,465321.6,2024-06-25
2024062505004617,HRL,6,34,10.0,543.0,5430.0,2024-06-25
2024062501027077,TSHL,26,34,83.0,557.0,46231.0,2024-06-25
2024062501027076,TSHL,28,34,100.0,557.0,55700.0,2024-06-25
2024062501027075,TSHL,57,34,17.0,557.6,9479.2,2024-06-25
2024062501027074,MKCL,34,34,90.0,1123.0,101070.0,2024-06-25
2024062501027073,MKCL,1,34,10.0,1125.0,11250.0,2024-06-25
2024062503018915,SHINE,42,14,10.0,383.0,3830.0,2024-06-25
2024062504009590,SHPC,5,3,10.0,325.0,3250.0,2024-06-25
2024062503018914,ACLBSL,17,46,50.0,1050.0,52500.0,2024-06-25
2024062503018913,ACLBSL,17,38,50.0,1049.0,52450.0,2024-06-25
2024062503018912,ICFC,21,57,50.0,547.9,27395.0,2024-06-25
2024062501027072,VLUCL,49,45,10.0,518.5,5185.0,2024-06-25
2024062504009589,SHL,13,14,200.0,425.5,85100.0,2024-06-25
2024062501027071,SHIVM,54,13,20.0,477.0,9540.0,2024-06-25
2024062503018911,GMFBS,62,26,35.0,1600.0,56000.0,2024-06-25
2024062503018910,MFIL,36,59,15.0,545.0,8175.0,2024-06-25
2024062503018909,GUFL,21,4,406.0,740.0,300440.0,2024-06-25
2024062503018908,GUFL,7,4,50.0,740.0,37000.0,2024-06-25
2024062503018907,GUFL,47,4,339.0,740.0,250860.0,2024-06-25
2024062503018906,GUFL,38,4,600.0,740.1,444060.0,2024-06-25
2024062505004616,NRN,88,60,500.0,682.0,341000.0,2024-06-25
2024062501027070,GVL,66,4,65.0,597.0,38805.0,2024-06-25
2024062501027069,GVL,66,49,35.0,597.0,20895.0,2024-06-25
2024062503018905,NFS,34,38,20.0,940.2,18804.0,2024-06-25
2024062503018904,NFS,58,38,10.0,941.0,9410.0,2024-06-25
2024062503018903,NFS,59,38,10.0,942.5,9425.0,2024-06-25
2024062503018902,NFS,48,38,10.0,943.0,9430.0,2024-06-25
2024062501027068,MKHL,42,22,10.0,458.0,4580.0,2024-06-25
2024062501027067,MKHL,42,41,10.0,458.0,4580.0,2024-06-25
2024062501027066,MKHL,42,60,180.0,458.0,82440.0,2024-06-25
2024062501027065,MAKAR,5,58,10.0,471.0,4710.0,2024-06-25
2024062501027064,GVL,46,17,10.0,590.0,5900.0,2024-06-25
2024062503018901,PROFL,42,45,20.0,405.0,8100.0,2024-06-25
2024062501027063,NBL,16,58,40.0,206.5,8260.0,2024-06-25
2024062501027062,NBL,35,58,60.0,206.5,12390.0,2024-06-25
2024062503018900,SJLIC,54,14,100.0,405.0,40500.0,2024-06-25
2024062501027061,SMH,59,43,200.0,795.2,159040.0,2024-06-25
2024062503018899,HLBSL,39,48,10.0,1315.0,13150.0,2024-06-25
2024062504009588,OHL,65,41,100.0,758.6,75860.0,2024-06-25
2024062501027060,SHIVM,1,13,100.0,477.0,47700.0,2024-06-25
2024062501027059,SHIVM,51,13,45.0,477.0,21465.0,2024-06-25
2024062501027058,SHIVM,6,13,50.0,477.0,23850.0,2024-06-25
2024062501027057,SHIVM,28,13,76.0,477.0,36252.0,2024-06-25
2024062501027056,SHIVM,28,26,24.0,477.0,11448.0,2024-06-25
2024062501027055,SHIVM,35,26,200.0,477.0,95400.0,2024-06-25
2024062501027054,SHIVM,21,26,36.0,477.0,17172.0,2024-06-25
2024062503018898,NABBC,42,61,10.0,555.0,5550.0,2024-06-25
2024062501027053,PHCL,48,29,10.0,313.1,3131.0,2024-06-25
2024062503018897,CFCL,34,56,250.0,458.0,114500.0,2024-06-25
2024062501027052,PPL,38,86,50.0,476.4,23820.0,2024-06-25
2024062501027051,PPL,38,42,50.0,476.0,23800.0,2024-06-25
2024062501027050,UHEWA,17,55,10.0,474.5,4745.0,2024-06-25
2024062504009587,HPPL,42,14,10.0,292.9,2929.0,2024-06-25
2024062501027049,KDL,61,42,70.0,1146.0,80220.0,2024-06-25
2024062501027048,KDL,64,42,100.0,1146.1,114610.0,2024-06-25
2024062501027047,KDL,33,42,30.0,1150.0,34500.0,2024-06-25
2024062501027046,PPL,59,42,50.0,476.0,23800.0,2024-06-25
2024062503018896,ICFC,43,58,150.0,543.0,81450.0,2024-06-25
2024062503018895,ICFC,58,58,50.0,543.1,27155.0,2024-06-25
2024062501027045,TVCL,57,22,10.0,474.0,4740.0,2024-06-25
2024062505004615,NRN,88,43,300.0,682.0,204600.0,2024-06-25
2024062503018894,PFL,38,39,10.0,658.0,6580.0,2024-06-25
2024062503018893,PFL,88,39,200.0,658.1,131620.0,2024-06-25
2024062503018892,PFL,33,39,893.0,658.1,587683.3,2024-06-25
2024062504009586,HURJA,19,39,175.0,291.0,50925.0,2024-06-25
2024062504009585,HURJA,6,39,100.0,291.0,29100.0,2024-06-25
2024062504009584,HURJA,21,39,100.0,291.0,29100.0,2024-06-25
2024062504009583,HURJA,48,39,200.0,291.0,58200.0,2024-06-25
2024062504009582,HURJA,16,39,200.0,291.0,58200.0,2024-06-25
2024062504009581,HURJA,38,39,50.0,291.0,14550.0,2024-06-25
2024062504009580,HURJA,69,39,175.0,291.0,50925.0,2024-06-25
2024062504009579,LEC,43,54,23.0,179.0,4117.0,2024-06-25
2024062505004614,NRN,88,18,100.0,682.0,68200.0,2024-06-25
2024062501027044,DOLTI,26,45,20.0,427.2,8544.0,2024-06-25
2024062503018891,SFCL,96,14,10.0,445.0,4450.0,2024-06-25
2024062501027043,HDL,38,26,40.0,1220.0,48800.0,2024-06-25
2024062503018890,PROFL,42,34,112.0,405.0,45360.0,2024-06-25
2024062503018889,PROFL,7,34,100.0,405.0,40500.0,2024-06-25
2024062503018888,PROFL,57,34,288.0,405.0,116640.0,2024-06-25
2024062504009578,PMHPL,34,46,10.0,229.7,2297.0,2024-06-25
2024062503018887,NMBMF,42,34,20.0,711.0,14220.0,2024-06-25
2024062501027042,USHEC,17,17,130.0,474.0,61620.0,2024-06-25
2024062501027041,USHEC,38,17,170.0,475.0,80750.0,2024-06-25
2024062501027040,HATHY,33,35,256.0,947.0,242432.0,2024-06-25
2024062501027039,HATHY,6,35,500.0,947.1,473550.0,2024-06-25
2024062503018886,NUBL,57,43,75.0,673.0,50475.0,2024-06-25
2024062501027038,HDL,43,26,32.0,1220.0,39040.0,2024-06-25
2024062503018885,JFL,58,59,50.0,577.0,28850.0,2024-06-25
2024062503018884,JFL,58,59,50.0,577.1,28855.0,2024-06-25
2024062503018883,MFIL,34,59,50.0,545.0,27250.0,2024-06-25
2024062503018882,MFIL,58,59,50.0,545.0,27250.0,2024-06-25
2024062503018881,MFIL,36,59,20.0,545.0,10900.0,2024-06-25
2024062503018880,MFIL,35,59,20.0,545.0,10900.0,2024-06-25
2024062503018879,MFIL,35,59,10.0,545.0,5450.0,2024-06-25
2024062503018878,MFIL,34,59,370.0,545.0,201650.0,2024-06-25
2024062503018877,MFIL,29,59,1465.0,545.0,798425.0,2024-06-25
2024062501027037,GBIME,29,8,30.0,175.5,5265.0,2024-06-25
2024062505004613,HIDCL,32,14,56.0,163.0,9128.0,2024-06-25
2024062505004612,HIDCL,32,58,44.0,163.0,7172.0,2024-06-25
2024062504009577,PMHPL,41,46,10.0,229.7,2297.0,2024-06-25
2024062503018876,PFL,81,36,200.0,658.2,131640.0,2024-06-25
2024062503018875,GBBL,58,56,40.0,359.0,14360.0,2024-06-25
2024062503018874,SHINE,49,38,25.0,382.5,9562.5,2024-06-25
2024062504009576,KKHC,34,47,10.0,231.0,2310.0,2024-06-25
2024062503018873,HLI,44,44,100.0,378.0,37800.0,2024-06-25
2024062503018872,JBBL,29,35,10.0,289.0,2890.0,2024-06-25
2024062501027036,ULHC,53,46,10.0,399.0,3990.0,2024-06-25
2024062504009575,SHPC,21,3,10.0,325.0,3250.0,2024-06-25
2024062503018871,KLBSL,25,21,10.0,995.0,9950.0,2024-06-25
2024062503018870,RLFL,21,13,30.0,427.0,12810.0,2024-06-25
2024062503018869,RLFL,21,57,20.0,427.0,8540.0,2024-06-25
2024062504009574,BARUN,63,21,36.0,304.6,10965.6,2024-06-25
2024062504009573,SSHL,59,57,490.0,178.1,87269.0,2024-06-25
2024062504009572,SSHL,35,57,10.0,178.3,1783.0,2024-06-25
2024062503018868,PFL,33,39,35.0,658.1,23033.5,2024-06-25
2024062503018867,PFL,45,39,65.0,658.2,42783.0,2024-06-25
2024062503018866,MDB,49,39,50.0,492.0,24600.0,2024-06-25
2024062503018865,SHINE,49,41,50.0,382.5,19125.0,2024-06-25
2024062501027035,BEDC,16,17,10.0,439.0,4390.0,2024-06-25
2024062501027034,BEDC,16,17,22.0,439.0,9658.0,2024-06-25
2024062504009571,JOSHI,38,48,555.0,295.4,163947.0,2024-06-25
2024062501027033,MEHL,22,26,166.0,352.0,58432.0,2024-06-25
2024062504009570,UNHPL,66,45,98.0,237.0,23226.0,2024-06-25
2024062504009569,UNHPL,66,58,1000.0,237.0,237000.0,2024-06-25
2024062504009568,UNHPL,66,81,40.0,236.0,9440.0,2024-06-25
2024062504009567,UNHPL,66,14,850.0,236.0,200600.0,2024-06-25
2024062504009566,UNHPL,66,56,2520.0,236.0,594720.0,2024-06-25
2024062504009565,UNHPL,66,45,92.0,236.0,21712.0,2024-06-25
2024062504009564,UNHPL,66,45,400.0,235.8,94320.0,2024-06-25
2024062501027032,GVL,66,49,100.0,597.0,59700.0,2024-06-25
2024062501027031,MKHL,75,4,89.0,457.0,40673.0,2024-06-25
2024062501027030,MAKAR,4,17,100.0,471.1,47110.0,2024-06-25
2024062504009563,UPCL,51,6,300.0,188.0,56400.0,2024-06-25
2024062503018864,SKBBL,34,43,10.0,811.0,8110.0,2024-06-25
2024062503018863,PFL,38,62,150.0,658.5,98775.0,2024-06-25
2024062501027029,SMJC,42,40,76.0,401.8,30536.8,2024-06-25
2024062501027028,SMJC,42,29,175.0,401.0,70175.0,2024-06-25
2024062501027027,SMJC,42,57,10.0,400.3,4003.0,2024-06-25
2024062501027026,DLBS,57,42,10.0,1260.0,12600.0,2024-06-25
2024062501027025,BNHC,42,58,10.0,655.0,6550.0,2024-06-25
2024062501027024,BHPL,35,35,221.0,667.0,147407.0,2024-06-25
2024062501027023,BHPL,35,6,50.0,667.0,33350.0,2024-06-25
2024062501027022,BHPL,35,54,20.0,665.0,13300.0,2024-06-25
2024062501027021,BHPL,35,88,309.0,663.0,204867.0,2024-06-25
2024062504009562,DHPL,58,57,100.0,209.8,20980.0,2024-06-25
2024062503018862,GUFL,47,58,1480.0,740.0,1095200.0,2024-06-25
2024062503018861,GUFL,45,58,20.0,741.0,14820.0,2024-06-25
2024062501027020,HDL,52,26,40.0,1220.0,48800.0,2024-06-25
2024062503018860,PFL,41,62,500.0,658.5,329250.0,2024-06-25
2024062503018859,HLI,35,41,50.0,377.3,18865.0,2024-06-25
2024062503018858,MLBL,29,22,232.0,324.8,75353.6,2024-06-25
2024062503018857,SAPDBL,6,22,160.0,377.3,60368.0,2024-06-25
2024062503018856,ALBSL,33,44,1000.0,985.0,985000.0,2024-06-25
2024062503018855,ALBSL,33,49,100.0,985.0,98500.0,2024-06-25
2024062503018854,ALBSL,33,44,100.0,984.0,98400.0,2024-06-25
2024062503018853,ALBSL,33,44,100.0,984.0,98400.0,2024-06-25
2024062503018852,GBBL,58,55,79.0,359.0,28361.0,2024-06-25
2024062501027019,NYADI,34,42,160.0,336.9,53904.0,2024-06-25
2024062501027018,NYADI,34,1,40.0,336.5,13460.0,2024-06-25
2024062504009561,AHPC,38,32,565.0,155.0,87575.0,2024-06-25
2024062504009560,AHPC,38,32,500.0,155.0,77500.0,2024-06-25
2024062504009559,AHPC,38,58,390.0,155.0,60450.0,2024-06-25
2024062504009558,AHPC,38,21,263.0,155.0,40765.0,2024-06-25
2024062504009557,AHPC,38,33,1000.0,155.0,155000.0,2024-06-25
2024062504009556,AHPC,38,51,50.0,155.0,7750.0,2024-06-25
2024062504009555,AHPC,38,44,1200.0,155.0,186000.0,2024-06-25
2024062504009554,AHPC,38,44,50.0,155.0,7750.0,2024-06-25
2024062504009553,AHPC,38,8,1100.0,155.0,170500.0,2024-06-25
2024062504009552,AHPC,38,41,400.0,155.0,62000.0,2024-06-25
2024062504009551,AHPC,38,8,100.0,155.0,15500.0,2024-06-25
2024062504009550,AHPC,38,35,1005.0,155.0,155775.0,2024-06-25
2024062504009549,AHPC,38,36,500.0,155.0,77500.0,2024-06-25
2024062504009548,AHPC,38,43,100.0,154.9,15490.0,2024-06-25
2024062504009547,AHPC,38,38,500.0,154.9,77450.0,2024-06-25
2024062504009546,AHPC,38,55,400.0,154.8,61920.0,2024-06-25
2024062504009545,AHPC,38,38,500.0,154.5,77250.0,2024-06-25
2024062504009544,AHPC,38,47,100.0,154.5,15450.0,2024-06-25
2024062504009543,AHPC,38,53,426.0,154.0,65604.0,2024-06-25
2024062501027017,HDL,34,38,20.0,1219.0,24380.0,2024-06-25
2024062503018851,MLBBL,44,44,300.0,1400.0,420000.0,2024-06-25
2024062504009542,NICL,81,5,100.0,836.9,83690.0,2024-06-25
2024062501027016,SIKLES,50,47,50.0,704.0,35200.0,2024-06-25
2024062503018850,MLBSL,5,32,10.0,1920.0,19200.0,2024-06-25
2024062501027015,CLI,16,29,40.0,480.8,19232.0,2024-06-25
2024062503018849,GUFL,14,81,10.0,742.0,7420.0,2024-06-25
2024062503018848,GUFL,14,74,70.0,742.0,51940.0,2024-06-25
2024062501027014,CYCL,35,41,10.0,1504.0,15040.0,2024-06-25
2024062501027013,SNLI,55,58,10.0,458.2,4582.0,2024-06-25
2024062501027012,SMHL,65,58,200.0,625.0,125000.0,2024-06-25
2024062501027011,SONA,42,57,10.0,438.2,4382.0,2024-06-25
2024062504009541,HDHPC,25,57,213.0,128.0,27264.0,2024-06-25
2024062501027010,RFPL,57,94,20.0,370.0,7400.0,2024-06-25
2024062501027009,NYADI,11,39,366.0,335.6,122829.6,2024-06-25
2024062503018847,SIFC,26,48,100.0,464.2,46420.0,2024-06-25
2024062505004611,NRN,88,67,500.0,682.0,341000.0,2024-06-25
2024062501027008,ANLB,60,34,10.0,2385.7,23857.0,2024-06-25
2024062501027007,HDL,38,26,30.0,1220.0,36600.0,2024-06-25
2024062503018846,SABSL,44,41,10.0,1059.9,10599.0,2024-06-25
2024062504009540,SPDL,17,13,11.0,242.0,2662.0,2024-06-25
2024062501027006,SHIVM,21,84,49.0,477.0,23373.0,2024-06-25
2024062501027005,SHIVM,35,84,50.0,477.0,23850.0,2024-06-25
2024062501027004,SHIVM,34,84,20.0,477.0,9540.0,2024-06-25
2024062501027003,SHIVM,38,84,41.0,477.0,19557.0,2024-06-25
2024062501027002,SHIVM,4,84,170.0,477.0,81090.0,2024-06-25
2024062501027001,SHIVM,56,84,100.0,477.1,47710.0,2024-06-25
2024062501027000,SHIVM,42,84,100.0,477.1,47710.0,2024-06-25
2024062501026999,SHIVM,32,84,50.0,477.2,23860.0,2024-06-25
2024062501026998,SHIVM,49,84,30.0,477.3,14319.0,2024-06-25
2024062501026997,SHIVM,33,84,200.0,477.4,95480.0,2024-06-25
2024062501026996,SHIVM,26,84,100.0,478.0,47800.0,2024-06-25
2024062501026995,SHIVM,19,84,90.0,478.4,43056.0,2024-06-25
2024062503018845,GMFBS,62,58,30.0,1600.0,48000.0,2024-06-25
2024062501026994,MMKJL,67,57,10.0,483.2,4832.0,2024-06-25
2024062501026993,MMKJL,4,57,490.0,483.5,236915.0,2024-06-25
2024062501026992,SMH,59,57,140.0,795.1,111314.0,2024-06-25
2024062504009539,HPPL,4,32,160.0,290.4,46464.0,2024-06-25
2024062503018844,JFL,58,32,50.0,577.1,28855.0,2024-06-25
2024062503018843,JFL,11,32,150.0,578.0,86700.0,2024-06-25
2024062503018842,JFL,57,32,100.0,578.5,57850.0,2024-06-25
2024062501026991,SPC,35,25,20.0,578.0,11560.0,2024-06-25
2024062501026990,SPC,35,25,200.0,578.0,115600.0,2024-06-25
2024062501026989,SPC,35,25,10.0,579.0,5790.0,2024-06-25
2024062501026988,HATHY,33,61,127.0,947.0,120269.0,2024-06-25
2024062501026987,SPHL,49,66,56.0,578.0,32368.0,2024-06-25
2024062501026986,SPHL,49,35,14.0,577.9,8090.6,2024-06-25
2024062501026985,SPHL,49,63,20.0,577.9,11558.0,2024-06-25
2024062501026984,SPHL,49,45,10.0,576.0,5760.0,2024-06-25
2024062504009538,HURJA,69,1,48.0,291.0,13968.0,2024-06-25
2024062501026983,RHGCL,29,55,10.0,352.1,3521.0,2024-06-25
2024062501026982,GBIME,1,51,49.0,175.7,8609.3,2024-06-25
2024062504009537,NLG,29,38,59.0,751.0,44309.0,2024-06-25
2024062505004610,NRN,88,38,430.0,682.0,293260.0,2024-06-25
2024062504009536,SHPC,5,16,30.0,324.0,9720.0,2024-06-25
2024062503018841,PROFL,57,19,12.0,405.0,4860.0,2024-06-25
2024062503018840,PROFL,44,19,88.0,405.0,35640.0,2024-06-25
2024062501026981,BEDC,45,17,228.0,439.0,100092.0,2024-06-25
2024062501026980,BEDC,37,17,250.0,439.9,109975.0,2024-06-25
2024062501026979,AVYAN,62,36,20.0,960.0,19200.0,2024-06-25
2024062503018839,MLBL,51,35,287.0,325.0,93275.0,2024-06-25
2024062501026978,VLUCL,52,45,10.0,521.0,5210.0,2024-06-25
2024062501026977,VLUCL,52,4,10.0,520.0,5200.0,2024-06-25
2024062501026976,VLUCL,52,28,10.0,519.9,5199.0,2024-06-25
2024062501026975,VLUCL,52,62,10.0,519.0,5190.0,2024-06-25
2024062501026974,ILI,32,74,11.0,423.0,4653.0,2024-06-25
2024062501026973,KBL,8,6,10.0,136.5,1365.0,2024-06-25
2024062503018838,NLIC,29,47,10.0,585.0,5850.0,2024-06-25
2024062503018837,NLIC,58,47,50.0,585.0,29250.0,2024-06-25
2024062503018836,NLIC,48,47,530.0,585.0,310050.0,2024-06-25
2024062503018835,NLIC,6,47,10.0,585.1,5851.0,2024-06-25
2024062503018834,NLIC,47,47,20.0,585.1,11702.0,2024-06-25
2024062505004609,NRN,88,48,1000.0,682.0,682000.0,2024-06-25
2024062501026972,CITY,4,34,68.0,699.5,47566.0,2024-06-25
2024062501026971,CITY,4,45,160.0,699.4,111904.0,2024-06-25
2024062501026970,CITY,4,46,42.0,698.0,29316.0,2024-06-25
2024062501026969,CITY,4,22,30.0,697.0,20910.0,2024-06-25
2024062504009535,AKJCL,26,80,70.0,207.0,14490.0,2024-06-25
2024062504009534,AKJCL,64,80,200.0,207.0,41400.0,2024-06-25
2024062504009533,AKJCL,42,80,50.0,207.0,10350.0,2024-06-25
2024062504009532,AKJCL,35,80,1000.0,207.8,207800.0,2024-06-25
2024062504009531,AKJCL,58,80,680.0,207.8,141304.0,2024-06-25
2024062503018833,ALBSL,62,17,25.0,980.0,24500.0,2024-06-25
2024062501026968,JBLB,42,42,20.0,1334.9,26698.0,2024-06-25
2024062501026967,HATHY,33,45,178.0,947.0,168566.0,2024-06-25
2024062501026966,BHPL,35,88,191.0,663.0,126633.0,2024-06-25
2024062501026965,BHPL,35,56,10.0,663.0,6630.0,2024-06-25
2024062501026964,BHPL,35,80,50.0,661.0,33050.0,2024-06-25
2024062501026963,BHPL,35,17,10.0,660.1,6601.0,2024-06-25
2024062501026962,BHPL,35,21,10.0,660.0,6600.0,2024-06-25
2024062501026961,BHPL,35,54,20.0,660.0,13200.0,2024-06-25
2024062501026960,BHPL,35,40,50.0,659.9,32995.0,2024-06-25
2024062501026959,BHPL,35,43,210.0,655.0,137550.0,2024-06-25
2024062501026958,BHPL,35,45,49.0,653.9,32041.1,2024-06-25
2024062504009530,HURJA,21,52,20.0,291.1,5822.0,2024-06-25
2024062504009529,CHCL,65,41,705.0,440.0,310200.0,2024-06-25
2024062501026957,NICA,54,41,10.0,398.1,3981.0,2024-06-25
2024062501026956,GVL,66,72,94.0,597.0,56118.0,2024-06-25
2024062501026955,MHL,50,49,185.0,561.0,103785.0,2024-06-25
2024062501026954,MHL,72,49,100.0,561.3,56130.0,2024-06-25
2024062504009528,UAIL,4,14,40.0,562.0,22480.0,2024-06-25
2024062501026953,NRM,55,62,138.0,392.9,54220.2,2024-06-25
2024062504009527,AKPL,22,34,385.0,162.1,62408.5,2024-06-25
2024062504009526,AKPL,54,34,100.0,162.1,16210.0,2024-06-25
2024062504009525,AKPL,10,34,515.0,162.1,83481.5,2024-06-25
2024062503018832,SADBL,38,13,10.0,318.5,3185.0,2024-06-25
2024062501026952,SIKLES,89,47,10.0,704.0,7040.0,2024-06-25
2024062504009524,CHCL,20,43,19.0,440.9,8377.1,2024-06-25
2024062501026951,BHPL,45,45,106.0,653.9,69313.4,2024-06-25
2024062501026950,BHPL,45,45,77.0,651.9,50196.3,2024-06-25
2024062501026949,BHPL,45,21,17.0,650.0,11050.0,2024-06-25
2024062501026948,BHPL,45,43,200.0,650.0,130000.0,2024-06-25
2024062501026947,BHPL,45,1,100.0,650.0,65000.0,2024-06-25
2024062503018831,GLBSL,62,45,10.0,1783.1,17831.0,2024-06-25
2024062503018830,CFCL,34,45,450.0,458.0,206100.0,2024-06-25
2024062503018829,CFCL,25,45,50.0,458.1,22905.0,2024-06-25
2024062501026946,MKCL,34,35,99.0,1123.0,111177.0,2024-06-25
2024062501026945,MKCL,28,35,200.0,1123.1,224620.0,2024-06-25
2024062501026944,MKCL,41,35,100.0,1125.0,112500.0,2024-06-25
2024062501026943,MKCL,94,35,280.0,1125.0,315000.0,2024-06-25
2024062501026942,MKCL,50,35,421.0,1126.0,474046.0,2024-06-25
2024062501026941,BNHC,42,58,10.0,655.0,6550.0,2024-06-25
2024062501026940,RAWA,46,58,10.0,573.1,5731.0,2024-06-25
2024062501026939,BGWT,58,39,40.0,940.0,37600.0,2024-06-25
2024062501026938,BGWT,47,39,10.0,940.1,9401.0,2024-06-25
2024062501026937,BGWT,42,39,50.0,941.0,47050.0,2024-06-25
2024062501026936,BGWT,34,39,100.0,942.0,94200.0,2024-06-25
2024062501026935,RHGCL,32,74,100.0,355.0,35500.0,2024-06-25
2024062505004608,NTC,65,8,50.0,816.0,40800.0,2024-06-25
2024062505004607,NTC,22,8,70.0,816.1,57127.0,2024-06-25
2024062501026934,SARBTM,42,41,50.0,786.0,39300.0,2024-06-25
2024062503018828,JSLBB,54,42,40.0,1415.0,56600.0,2024-06-25
2024062503018827,JSLBB,54,13,100.0,1415.0,141500.0,2024-06-25
2024062503018826,JSLBB,54,25,30.0,1415.0,42450.0,2024-06-25
2024062503018825,GMFBS,62,22,13.0,1600.0,20800.0,2024-06-25
2024062503018824,GMFBS,62,22,17.0,1600.0,27200.0,2024-06-25
2024062504009523,TRH,17,22,50.0,757.0,37850.0,2024-06-25
2024062503018823,GUFL,14,26,250.0,742.0,185500.0,2024-06-25
2024062503018822,USLB,96,29,66.0,1845.0,121770.0,2024-06-25
2024062503018821,USLB,96,57,10.0,1840.0,18400.0,2024-06-25
2024062503018820,USLB,96,45,200.0,1840.0,368000.0,2024-06-25
2024062503018819,USLB,96,70,50.0,1836.0,91800.0,2024-06-25
2024062503018818,USLB,96,70,10.0,1836.0,18360.0,2024-06-25
2024062503018817,USLB,96,25,23.0,1836.0,42228.0,2024-06-25
2024062503018816,USLB,96,57,72.0,1835.0,132120.0,2024-06-25
2024062503018815,USLB,96,47,10.0,1830.0,18300.0,2024-06-25
2024062503018814,USLB,96,49,30.0,1830.0,54900.0,2024-06-25
2024062503018813,USLB,96,14,200.0,1830.0,366000.0,2024-06-25
2024062503018812,USLB,96,42,10.0,1830.0,18300.0,2024-06-25
2024062503018811,USLB,96,57,100.0,1826.0,182600.0,2024-06-25
2024062503018810,USLB,96,19,85.0,1825.0,155125.0,2024-06-25
2024062503018809,USLB,96,57,20.0,1825.0,36500.0,2024-06-25
2024062503018808,USLB,96,39,20.0,1824.0,36480.0,2024-06-25
2024062503018807,USLB,96,70,50.0,1823.0,91150.0,2024-06-25
2024062503018806,USLB,96,62,44.0,1820.0,80080.0,2024-06-25
2024062501026933,MANDU,45,49,10.0,1041.7,10417.0,2024-06-25
2024062501026932,CLI,16,4,10.0,480.8,4808.0,2024-06-25
2024062503018805,JBBL,58,50,115.0,287.0,33005.0,2024-06-25
2024062503018804,JBBL,48,50,385.0,287.0,110495.0,2024-06-25
2024062505004606,NIFRA,38,17,123.0,193.1,23751.3,2024-06-25
2024062503018803,GMFIL,29,49,10.0,439.7,4397.0,2024-06-25
2024062503018802,SIFC,29,48,10.0,467.0,4670.0,2024-06-25
2024062501026931,SHIVM,19,42,10.0,478.4,4784.0,2024-06-25
2024062501026930,ILI,36,45,10.0,422.2,4222.0,2024-06-25
2024062503018801,PFL,35,62,18.0,658.5,11853.0,2024-06-25
2024062503018800,SWMF,64,65,225.0,881.0,198225.0,2024-06-25
2024062501026929,MHL,50,57,15.0,561.0,8415.0,2024-06-25
2024062501026928,MHL,66,57,15.0,561.2,8418.0,2024-06-25
2024062504009522,RADHI,39,58,65.0,258.2,16783.0,2024-06-25
2024062504009521,RADHI,39,58,39.0,258.5,10081.5,2024-06-25
2024062501026927,SBL,17,28,675.0,242.1,163417.5,2024-06-25
2024062501026926,SBL,50,28,125.0,242.7,30337.5,2024-06-25
2024062501026925,NABIL,45,58,455.0,458.2,208481.0,2024-06-25
2024062501026924,NABIL,54,58,55.0,458.3,25206.5,2024-06-25
2024062501026923,TSHL,39,49,25.0,560.9,14022.5,2024-06-25
2024062501026922,TSHL,39,47,55.0,560.8,30844.0,2024-06-25
2024062505004605,NRIC,44,45,1.0,644.0,644.0,2024-06-25
2024062505004604,NRIC,44,59,50.0,644.0,32200.0,2024-06-25
2024062501026921,TAMOR,36,47,101.0,389.0,39289.0,2024-06-25
2024062501026920,TAMOR,42,47,38.0,389.0,14782.0,2024-06-25
2024062501026919,TAMOR,42,47,20.0,389.3,7786.0,2024-06-25
2024062501026918,TAMOR,59,47,831.0,389.7,323840.7,2024-06-25
2024062501026917,EBL,40,49,10.0,524.0,5240.0,2024-06-25
2024062503018799,NLIC,47,54,30.0,585.1,17553.0,2024-06-25
2024062503018798,SABSL,54,41,10.0,1059.9,10599.0,2024-06-25
2024062503018797,PROFL,44,61,107.0,405.0,43335.0,2024-06-25
2024062503018796,PROFL,7,61,10.0,405.6,4056.0,2024-06-25
2024062503018795,PROFL,58,61,183.0,405.6,74224.8,2024-06-25
2024062501026916,DORDI,60,38,10.0,433.0,4330.0,2024-06-25
2024062504009520,HURJA,49,39,200.0,291.9,58380.0,2024-06-25
2024062503018794,JBBL,53,35,10.0,289.0,2890.0,2024-06-25
2024062503018793,GUFL,14,38,130.0,742.0,96460.0,2024-06-25
2024062501026915,JBLB,34,42,30.0,1334.9,40047.0,2024-06-25
2024062504009519,NGPL,50,91,50.0,307.0,15350.0,2024-06-25
2024062504009518,NGPL,50,65,200.0,307.0,61400.0,2024-06-25
2024062505004603,NRN,88,19,10.0,682.0,6820.0,2024-06-25
2024062505004602,KDBY,44,38,100.0,9.17,917.0,2024-06-25
2024062503018792,SFCL,34,74,35.0,444.0,15540.0,2024-06-25
2024062503018791,SFCL,58,74,50.0,444.0,22200.0,2024-06-25
2024062503018790,SFCL,36,74,715.0,444.0,317460.0,2024-06-25
2024062503018789,SFCL,11,74,200.0,444.3,88860.0,2024-06-25
2024062503018788,GUFL,14,14,190.0,742.0,140980.0,2024-06-25
2024062501026914,NRM,58,57,490.0,390.0,191100.0,2024-06-25
2024062501026913,NRM,3,57,500.0,390.1,195050.0,2024-06-25
2024062501026912,NRM,32,57,10.0,392.0,3920.0,2024-06-25
2024062501026911,SMJC,57,58,10.0,400.2,4002.0,2024-06-25
2024062503018787,SFCL,58,41,50.0,444.9,22245.0,2024-06-25
2024062501026910,MAKAR,16,14,10.0,470.0,4700.0,2024-06-25
2024062503018786,JFL,26,14,100.0,580.0,58000.0,2024-06-25
2024062501026909,HBL,28,36,111.0,173.6,19269.6,2024-06-25
2024062504009517,UPCL,51,49,79.0,188.0,14852.0,2024-06-25
2024062504009516,UPCL,57,49,300.0,188.0,56400.0,2024-06-25
2024062504009515,UPCL,57,49,10.0,188.0,1880.0,2024-06-25
2024062504009514,UPCL,14,49,46.0,188.0,8648.0,2024-06-25
2024062504009513,BARUN,3,98,490.0,304.5,149205.0,2024-06-25
2024062504009512,BARUN,14,98,10.0,304.5,3045.0,2024-06-25
2024062505004601,NRN,88,38,500.0,682.0,341000.0,2024-06-25
2024062504009511,LEC,43,46,10.0,179.0,1790.0,2024-06-25
2024062501026908,MKHC,50,7,100.0,329.0,32900.0,2024-06-25
2024062501026907,MKHC,50,41,10.0,329.0,3290.0,2024-06-25
2024062501026906,MKHC,50,45,530.0,329.0,174370.0,2024-06-25
2024062503018785,JBBL,29,35,10.0,289.0,2890.0,2024-06-25
2024062504009510,LEC,43,32,236.0,179.0,42244.0,2024-06-25
2024062504009509,LEC,66,32,64.0,179.0,11456.0,2024-06-25
2024062504009508,SPDL,26,13,500.0,242.0,121000.0,2024-06-25
2024062503018784,GILB,56,41,160.0,1380.0,220800.0,2024-06-25
2024062503018783,KSBBL,41,36,40.0,373.0,14920.0,2024-06-25
2024062503018782,KSBBL,41,42,10.0,372.9,3729.0,2024-06-25
2024062503018781,NFS,58,55,12.0,945.0,11340.0,2024-06-25
2024062501026905,IHL,58,45,10.0,438.0,4380.0,2024-06-25
2024062503018780,PROFL,58,3,467.0,405.6,189415.2,2024-06-25
2024062503018779,RLFL,29,77,276.0,425.0,117300.0,2024-06-25
2024062503018778,RLFL,21,77,25.0,425.1,10627.5,2024-06-25
2024062503018777,RLFL,32,77,199.0,425.1,84594.9,2024-06-25
2024062504009507,HDHPC,38,51,200.0,128.5,25700.0,2024-06-25
2024062505004600,NIFRA,38,52,64.0,193.0,12352.0,2024-06-25
2024062501026904,DOLTI,6,45,10.0,427.0,4270.0,2024-06-25
2024062501026903,DOLTI,51,45,20.0,427.2,8544.0,2024-06-25
2024062501026902,MANDU,65,32,85.0,1056.0,89760.0,2024-06-25
2024062501026901,MANDU,65,48,10.0,1056.0,10560.0,2024-06-25
2024062501026900,MANDU,65,38,10.0,1056.0,10560.0,2024-06-25
2024062501026899,MANDU,65,7,10.0,1055.9,10559.0,2024-06-25
2024062501026898,MANDU,65,51,200.0,1055.0,211000.0,2024-06-25
2024062501026897,MANDU,65,51,120.0,1055.0,126600.0,2024-06-25
2024062501026896,MANDU,65,38,25.0,1050.0,26250.0,2024-06-25
2024062501026895,MANDU,65,35,10.0,1049.9,10499.0,2024-06-25
2024062501026894,MANDU,65,48,30.0,1049.0,31470.0,2024-06-25
2024062503018776,MNBBL,42,39,100.0,343.2,34320.0,2024-06-25
2024062503018775,GUFL,32,14,100.0,742.0,74200.0,2024-06-25
2024062504009506,SHL,13,14,400.0,425.5,170200.0,2024-06-25
2024062504009505,SHL,13,41,1000.0,425.5,425500.0,2024-06-25
2024062504009504,SHL,13,45,300.0,425.0,127500.0,2024-06-25
2024062504009503,SHL,13,16,100.0,425.0,42500.0,2024-06-25
2024062504009502,MHNL,47,41,10.0,248.9,2489.0,2024-06-25
2024062504009501,MHNL,47,45,100.0,245.5,24550.0,2024-06-25
2024062501026893,CITY,58,22,50.0,697.0,34850.0,2024-06-25
2024062505004599,HRL,58,38,12.0,543.4,6520.8,2024-06-25
2024062504009500,NHDL,50,3,300.0,526.3,157890.0,2024-06-25
2024062504009499,RIDI,48,8,300.0,166.2,49860.0,2024-06-25
2024062501026892,SPC,48,34,10.0,583.0,5830.0,2024-06-25
2024062501026891,GVL,66,72,100.0,597.0,59700.0,2024-06-25
2024062501026890,PPL,4,22,10.0,475.0,4750.0,2024-06-25
2024062504009498,CHCL,65,38,147.0,440.0,64680.0,2024-06-25
2024062501026889,MHCL,16,38,594.0,413.6,245678.4,2024-06-25
2024062501026888,MHCL,7,38,80.0,414.0,33120.0,2024-06-25
2024062501026887,MHCL,58,38,10.0,415.0,4150.0,2024-06-25
2024062504009497,AKPL,38,5,10.0,163.0,1630.0,2024-06-25
2024062504009496,PRIN,8,46,50.0,768.4,38420.0,2024-06-25
2024062503018774,GUFL,47,56,181.0,740.0,133940.0,2024-06-25
2024062503018773,GUFL,35,56,40.0,740.0,29600.0,2024-06-25
2024062503018772,GUFL,62,56,200.0,740.0,148000.0,2024-06-25
2024062503018771,GUFL,58,56,50.0,740.0,37000.0,2024-06-25
2024062503018770,GUFL,22,56,100.0,740.1,74010.0,2024-06-25
2024062503018769,GUFL,44,56,200.0,740.1,148020.0,2024-06-25
2024062503018768,GUFL,50,56,50.0,740.1,37005.0,2024-06-25
2024062503018767,GUFL,5,56,100.0,740.2,74020.0,2024-06-25
2024062503018766,GUFL,7,56,200.0,740.3,148060.0,2024-06-25
2024062503018765,GUFL,50,56,500.0,741.0,370500.0,2024-06-25
2024062503018764,GUFL,25,56,44.0,741.0,32604.0,2024-06-25
2024062503018763,PFL,33,39,200.0,658.1,131620.0,2024-06-25
2024062504009495,UMHL,36,32,90.0,237.0,21330.0,2024-06-25
2024062504009494,SSHL,32,59,212.0,179.0,37948.0,2024-06-25
2024062504009493,API,58,49,26.0,172.0,4472.0,2024-06-25
2024062504009492,TRH,17,58,30.0,757.0,22710.0,2024-06-25
2024062501026886,MHCL,58,35,10.0,415.0,4150.0,2024-06-25
2024062501026885,MHCL,58,57,10.0,415.0,4150.0,2024-06-25
2024062501026884,MHCL,58,45,220.0,415.0,91300.0,2024-06-25
2024062503018762,SWBBL,29,49,10.0,870.0,8700.0,2024-06-25
2024062501026883,CKHL,34,49,10.0,640.0,6400.0,2024-06-25
2024062501026882,CKHL,34,11,10.0,640.0,6400.0,2024-06-25
2024062501026881,CKHL,34,51,50.0,640.0,32000.0,2024-06-25
2024062501026880,CKHL,34,52,10.0,640.0,6400.0,2024-06-25
2024062501026879,CKHL,34,25,10.0,640.0,6400.0,2024-06-25
2024062501026878,CKHL,34,38,70.0,640.0,44800.0,2024-06-25
2024062501026877,CKHL,34,51,10.0,640.0,6400.0,2024-06-25
2024062501026876,CKHL,34,53,50.0,640.0,32000.0,2024-06-25
2024062501026875,CKHL,34,4,50.0,640.0,32000.0,2024-06-25
2024062501026874,CKHL,34,52,10.0,640.0,6400.0,2024-06-25
2024062501026873,CKHL,34,28,10.0,640.0,6400.0,2024-06-25
2024062501026872,CKHL,34,53,10.0,640.0,6400.0,2024-06-25
2024062501026871,CKHL,34,44,100.0,640.0,64000.0,2024-06-25
2024062501026870,CKHL,34,33,100.0,639.9,63990.0,2024-06-25
2024062501026869,HATHY,33,34,245.0,947.0,232015.0,2024-06-25
2024062503018761,SWMF,64,34,100.0,881.0,88100.0,2024-06-25
2024062503018760,CFCL,14,88,200.0,460.0,92000.0,2024-06-25
2024062503018759,CFCL,14,4,400.0,460.0,184000.0,2024-06-25
2024062503018758,FMDBL,45,26,50.0,673.0,33650.0,2024-06-25
2024062501026868,KBL,49,35,60.0,136.0,8160.0,2024-06-25
2024062504009491,UPPER,57,57,856.0,156.0,133536.0,2024-06-25
2024062501026867,SMH,45,57,100.0,795.1,79510.0,2024-06-25
2024062503018757,JFL,45,59,100.0,579.0,57900.0,2024-06-25
2024062503018756,PROFL,58,34,200.0,405.6,81120.0,2024-06-25
2024062504009490,CGH,28,48,500.0,852.0,426000.0,2024-06-25
2024062504009489,CGH,40,48,20.0,853.0,17060.0,2024-06-25
2024062504009488,CGH,74,48,200.0,853.5,170700.0,2024-06-25
2024062501026866,SPL,49,4,10.0,763.1,7631.0,2024-06-25
2024062503018755,MFIL,33,47,25.0,546.0,13650.0,2024-06-25
2024062505004598,NRN,88,1,100.0,682.0,68200.0,2024-06-25
2024062501026865,SHIVM,53,8,20.0,478.5,9570.0,2024-06-25
2024062503018754,GILB,56,29,11.0,1380.0,15180.0,2024-06-25
2024062503018753,GILB,56,29,79.0,1380.0,109020.0,2024-06-25
2024062503018752,GILB,54,29,10.0,1381.0,13810.0,2024-06-25
2024062501026864,BEDC,42,11,100.0,440.0,44000.0,2024-06-25
2024062503018751,MLBL,21,35,10.0,325.0,3250.0,2024-06-25
2024062501026863,AHL,29,21,70.0,528.0,36960.0,2024-06-25
2024062501026862,AHL,1,21,30.0,528.0,15840.0,2024-06-25
2024062504009487,UMRH,36,21,30.0,415.3,12459.0,2024-06-25
2024062503018750,GUFL,18,14,10.0,742.0,7420.0,2024-06-25
2024062504009486,NIL,71,45,71.0,794.1,56381.1,2024-06-25
2024062504009485,NIL,45,45,10.0,794.1,7941.0,2024-06-25
2024062504009484,NIL,37,45,355.0,794.2,281941.0,2024-06-25
2024062504009483,NIL,59,45,100.0,794.3,79430.0,2024-06-25
2024062504009482,NIL,47,45,211.0,794.4,167618.4,2024-06-25
2024062503018749,RLFL,32,40,35.0,425.1,14878.5,2024-06-25
2024062501026861,BHL,25,61,150.0,351.2,52680.0,2024-06-25
2024062503018748,LBBL,13,22,71.0,382.5,27157.5,2024-06-25
2024062503018747,LBBL,60,22,56.0,382.5,21420.0,2024-06-25
2024062504009481,MEN,45,48,10.0,590.0,5900.0,2024-06-25
2024062504009480,MEN,38,48,190.0,590.0,112100.0,2024-06-25
2024062501026860,USHEC,26,77,330.0,482.9,159357.0,2024-06-25
2024062501026859,USHEC,26,54,10.0,482.2,4822.0,2024-06-25
2024062501026858,USHEC,26,56,10.0,482.2,4822.0,2024-06-25
2024062501026857,USHEC,26,16,100.0,481.0,48100.0,2024-06-25
2024062501026856,USHEC,26,56,10.0,480.9,4809.0,2024-06-25
2024062501026855,USHEC,26,56,10.0,480.9,4809.0,2024-06-25
2024062501026854,USHEC,26,59,30.0,480.9,14427.0,2024-06-25
2024062501026853,USHEC,26,38,400.0,480.0,192000.0,2024-06-25
2024062501026852,USHEC,26,38,100.0,480.0,48000.0,2024-06-25
2024062505004597,NRN,88,66,700.0,682.0,477400.0,2024-06-25
2024062504009479,AKJCL,58,71,500.0,207.8,103900.0,2024-06-25
2024062501026851,IHL,45,1,139.0,437.5,60812.5,2024-06-25
2024062503018746,KSBBL,33,42,10.0,372.9,3729.0,2024-06-25
2024062505004596,HIDCL,6,33,183.0,162.6,29755.8,2024-06-25
2024062504009478,RADHI,53,44,10.0,258.9,2589.0,2024-06-25
2024062504009477,GLH,1,38,36.0,214.5,7722.0,2024-06-25
2024062504009476,GLH,40,38,664.0,215.0,142760.0,2024-06-25
2024062501026850,MKHL,75,38,84.0,457.0,38388.0,2024-06-25
2024062501026849,MKHL,4,38,307.0,457.0,140299.0,2024-06-25
2024062501026848,MKHL,40,38,59.0,457.1,26968.9,2024-06-25
2024062501026847,MKHL,50,38,50.0,457.5,22875.0,2024-06-25
2024062501026846,SMHL,62,58,10.0,625.0,6250.0,2024-06-25
2024062503018745,PFL,33,62,1330.0,658.5,875805.0,2024-06-25
2024062505004595,NRIC,42,39,10.0,647.0,6470.0,2024-06-25
2024062501026845,CKHL,34,43,10.0,639.8,6398.0,2024-06-25
2024062501026844,CKHL,34,57,30.0,639.0,19170.0,2024-06-25
2024062501026843,CKHL,34,57,10.0,639.0,6390.0,2024-06-25
2024062501026842,CKHL,34,13,10.0,639.0,6390.0,2024-06-25
2024062501026841,CKHL,34,58,10.0,639.0,6390.0,2024-06-25
2024062501026840,CKHL,34,71,10.0,639.0,6390.0,2024-06-25
2024062501026839,CKHL,34,53,10.0,638.5,6385.0,2024-06-25
2024062501026838,CKHL,34,45,85.0,638.5,54272.5,2024-06-25
2024062501026837,CKHL,34,46,300.0,638.0,191400.0,2024-06-25
2024062501026836,CKHL,34,46,10.0,638.0,6380.0,2024-06-25
2024062501026835,CKHL,34,58,50.0,638.0,31900.0,2024-06-25
2024062501026834,CKHL,34,41,10.0,637.5,6375.0,2024-06-25
2024062501026833,CKHL,34,54,200.0,637.0,127400.0,2024-06-25
2024062501026832,CKHL,34,34,100.0,636.0,63600.0,2024-06-25
2024062501026831,CKHL,34,58,10.0,636.0,6360.0,2024-06-25
2024062501026830,CKHL,34,57,10.0,635.0,6350.0,2024-06-25
2024062501026829,CKHL,34,35,130.0,635.0,82550.0,2024-06-25
2024062501026828,PHCL,48,34,20.0,313.1,6262.0,2024-06-25
2024062503018744,HLBSL,45,29,100.0,1314.0,131400.0,2024-06-25
2024062504009475,PMHPL,53,35,12.0,225.5,2706.0,2024-06-25
2024062503018743,PFL,33,13,100.0,658.5,65850.0,2024-06-25
2024062503018742,GUFL,18,58,290.0,742.0,215180.0,2024-06-25
2024062503018741,GUFL,6,58,15.0,742.0,11130.0,2024-06-25
2024062503018740,JFL,50,14,10.0,580.0,5800.0,2024-06-25
2024062501026827,HATHY,33,19,400.0,947.0,378800.0,2024-06-25
2024062503018739,MFIL,51,47,40.0,546.0,21840.0,2024-06-25
2024062503018738,PROFL,44,52,25.0,405.0,10125.0,2024-06-25
2024062501026826,RFPL,55,52,10.0,369.2,3692.0,2024-06-25
2024062503018737,SAPDBL,6,88,30.0,377.3,11319.0,2024-06-25
2024062503018736,SAPDBL,45,88,470.0,377.5,177425.0,2024-06-25
2024062503018735,MNBBL,42,32,183.0,343.2,62805.6,2024-06-25
2024062501026825,SMHL,62,47,400.0,620.2,248080.0,2024-06-25
2024062501026824,TAMOR,59,47,169.0,389.7,65859.3,2024-06-25
2024062505004594,NTC,22,41,30.0,816.1,24483.0,2024-06-25
2024062501026823,EBL,45,57,80.0,523.1,41848.0,2024-06-25
2024062501026822,ILI,57,74,45.0,423.0,19035.0,2024-06-25
2024062501026821,ILI,57,14,10.0,423.0,4230.0,2024-06-25
2024062501026820,ILI,57,18,20.0,422.9,8458.0,2024-06-25
2024062501026819,ILI,57,4,25.0,422.9,10572.5,2024-06-25
2024062501026818,TVCL,32,58,22.0,467.4,10282.8,2024-06-25
2024062501026817,SONA,91,58,10.0,438.1,4381.0,2024-06-25
2024062501026816,SGHC,29,38,10.0,339.0,3390.0,2024-06-25
2024062504009474,NHDL,50,59,33.0,530.0,17490.0,2024-06-25
2024062504009473,NHDL,50,28,61.0,530.0,32330.0,2024-06-25
2024062504009472,NHDL,50,38,75.0,530.0,39750.0,2024-06-25
2024062504009471,NHDL,50,34,200.0,529.9,105980.0,2024-06-25
2024062504009470,NHDL,50,7,200.0,529.9,105980.0,2024-06-25
2024062504009469,NHDL,50,33,131.0,526.4,68958.4,2024-06-25
2024062504009468,DHPL,42,6,236.0,209.9,49536.4,2024-06-25
2024062504009467,DHPL,42,72,244.0,209.9,51215.6,2024-06-25
2024062503018734,LBBL,60,33,50.0,382.5,19125.0,2024-06-25
2024062503018733,NFS,34,55,100.0,945.0,94500.0,2024-06-25
2024062504009466,AHPC,16,8,55.0,153.5,8442.5,2024-06-25
2024062504009465,AHPC,22,8,200.0,153.6,30720.0,2024-06-25
2024062504009464,AHPC,29,8,400.0,153.6,61440.0,2024-06-25
2024062503018732,SLBSL,39,32,25.0,1243.0,31075.0,2024-06-25
2024062501026815,SPHL,57,66,20.0,575.0,11500.0,2024-06-25
2024062501026814,MSHL,57,47,10.0,680.0,6800.0,2024-06-25
2024062503018731,RLFL,32,57,246.0,425.1,104574.6,2024-06-25
2024062503018730,RLFL,25,57,20.0,425.2,8504.0,2024-06-25
2024062503018729,SDLBSL,54,57,10.0,1297.8,12978.0,2024-06-25
2024062503018728,PROFL,36,34,100.0,405.6,40560.0,2024-06-25
2024062503018727,MPFL,74,58,50.0,524.0,26200.0,2024-06-25
2024062503018726,GFCL,41,49,1000.0,587.0,587000.0,2024-06-25
2024062503018725,GUFL,1,35,50.0,743.9,37195.0,2024-06-25
2024062503018724,GUFL,1,81,200.0,743.0,148600.0,2024-06-25
2024062505004593,GIBF1,17,42,100.0,8.53,853.0,2024-06-25
2024062503018723,NFS,43,45,193.0,943.0,181999.0,2024-06-25
2024062503018722,NFS,36,45,10.0,944.0,9440.0,2024-06-25
2024062503018721,SAPDBL,45,22,30.0,377.5,11325.0,2024-06-25
2024062501026813,HATHY,33,52,100.0,947.0,94700.0,2024-06-25
2024062503018720,NADEP,39,39,3.0,826.1,2478.3,2024-06-25
2024062504009463,DHPL,3,32,11.0,209.1,2300.1,2024-06-25
2024062504009462,UMRH,68,47,754.0,414.2,312306.8,2024-06-25
2024062504009461,UMRH,49,47,500.0,414.2,207100.0,2024-06-25
2024062504009460,UMRH,49,47,146.0,415.2,60619.2,2024-06-25
2024062501026812,TVCL,57,58,10.0,473.0,4730.0,2024-06-25
2024062501026811,LVF2,17,57,100.0,8.4,840.0,2024-06-25
2024062501026810,GVL,66,72,806.0,597.0,481182.0,2024-06-25
2024062501026809,GVL,66,14,44.0,597.0,26268.0,2024-06-25
2024062501026808,GVL,66,66,50.0,596.0,29800.0,2024-06-25
2024062501026807,GVL,66,41,100.0,596.0,59600.0,2024-06-25
2024062501026806,MND84/85,58,8,70.0,1002.9,70203.0,2024-06-25
2024062505004592,HIDCL,6,5,50.0,162.6,8130.0,2024-06-25
2024062501026805,MKCL,50,38,79.0,1126.0,88954.0,2024-06-25
2024062501026804,MKCL,50,38,21.0,1126.0,23646.0,2024-06-25
2024062501026803,KDL,62,26,10.0,1163.0,11630.0,2024-06-25
2024062504009459,HDHPC,25,50,200.0,128.0,25600.0,2024-06-25
2024062503018719,SINDU,58,29,30.0,418.1,12543.0,2024-06-25
2024062501026802,HDL,42,35,20.0,1219.5,24390.0,2024-06-25
2024062501026801,JALPA,38,42,11.0,1287.0,14157.0,2024-06-25
2024062501026800,TVCL,64,58,10.0,473.0,4730.0,2024-06-25
2024062501026799,MEHL,63,38,10.0,354.0,3540.0,2024-06-25
2024062505004591,NRN,88,34,100.0,682.0,68200.0,2024-06-25
2024062501026798,MCHL,51,52,80.0,442.0,35360.0,2024-06-25
2024062501026797,MCHL,34,52,300.0,443.0,132900.0,2024-06-25
2024062501026796,MCHL,25,52,100.0,443.1,44310.0,2024-06-25
2024062501026795,MCHL,58,52,20.0,443.1,8862.0,2024-06-25
2024062503018718,LLBS,50,28,100.0,1211.2,121120.0,2024-06-25
2024062505004590,CHDC,7,67,50.0,1020.0,51000.0,2024-06-25
2024062505004589,CHDC,56,67,100.0,1020.0,102000.0,2024-06-25
2024062505004588,CHDC,55,67,200.0,1020.0,204000.0,2024-06-25
2024062505004587,CHDC,17,67,340.0,1020.1,346834.0,2024-06-25
2024062505004586,CHDC,36,67,10.0,1020.2,10202.0,2024-06-25
2024062501026794,HATHY,33,61,500.0,947.0,473500.0,2024-06-25
2024062504009458,HDHPC,25,48,18.0,128.0,2304.0,2024-06-25
2024062504009457,HDHPC,25,84,26.0,128.0,3328.0,2024-06-25
2024062503018717,PFL,33,71,100.0,658.5,65850.0,2024-06-25
2024062501026793,SMJC,49,29,25.0,401.0,10025.0,2024-06-25
2024062503018716,MPFL,74,6,234.0,524.0,122616.0,2024-06-25
2024062503018715,MPFL,49,6,20.0,524.0,10480.0,2024-06-25
2024062503018714,MPFL,14,6,400.0,524.0,209600.0,2024-06-25
2024062503018713,MPFL,49,6,26.0,524.0,13624.0,2024-06-25
2024062503018712,MPFL,32,6,320.0,524.0,167680.0,2024-06-25
2024062503018711,MPFL,16,6,300.0,524.1,157230.0,2024-06-25
2024062504009456,UMRH,49,19,100.0,415.2,41520.0,2024-06-25
2024062501026792,MKHL,42,60,150.0,458.0,68700.0,2024-06-25
2024062503018710,GUFL,84,42,100.0,743.0,74300.0,2024-06-25
2024062501026791,MANDU,65,51,280.0,1055.0,295400.0,2024-06-25
2024062501026790,MANDU,65,33,10.0,1055.0,10550.0,2024-06-25
2024062501026789,MANDU,65,4,10.0,1055.0,10550.0,2024-06-25
2024062501026788,MANDU,65,65,1000.0,1051.0,1051000.0,2024-06-25
2024062501026787,MANDU,65,42,10.0,1050.0,10500.0,2024-06-25
2024062501026786,MANDU,65,42,10.0,1050.0,10500.0,2024-06-25
2024062501026785,MANDU,65,22,50.0,1050.0,52500.0,2024-06-25
2024062501026784,MANDU,65,45,10.0,1050.0,10500.0,2024-06-25
2024062501026783,MANDU,65,26,10.0,1050.0,10500.0,2024-06-25
2024062501026782,MANDU,65,22,60.0,1050.0,63000.0,2024-06-25
2024062501026781,MANDU,65,25,30.0,1050.0,31500.0,2024-06-25
2024062501026780,MANDU,65,55,10.0,1050.0,10500.0,2024-06-25
2024062501026779,MANDU,65,42,10.0,1050.0,10500.0,2024-06-25
2024062501026778,HDL,34,52,11.0,1219.0,13409.0,2024-06-25
2024062501026777,JBLB,11,39,58.0,1335.0,77430.0,2024-06-25
2024062504009455,HURJA,69,16,200.0,291.0,58200.0,2024-06-25
2024062503018709,MFIL,29,77,35.0,545.0,19075.0,2024-06-25
2024062503018708,MFIL,29,77,150.0,545.0,81750.0,2024-06-25
2024062504009454,UNHPL,57,29,700.0,235.0,164500.0,2024-06-25
2024062501026776,BEDC,37,19,50.0,439.9,21995.0,2024-06-25
2024062503018707,SAPDBL,6,19,102.0,377.3,38484.6,2024-06-25
2024062501026775,SARBTM,42,64,90.0,786.0,70740.0,2024-06-25
2024062501026774,SARBTM,45,64,10.0,786.1,7861.0,2024-06-25
2024062504009453,MHNL,42,45,500.0,245.5,122750.0,2024-06-25
2024062503018706,SINDU,34,25,10.0,419.6,4196.0,2024-06-25
2024062503018705,RLFL,34,57,20.0,427.0,8540.0,2024-06-25
2024062503018704,RSDC,58,43,35.0,695.0,24325.0,2024-06-25
2024062505004585,NRN,88,58,300.0,682.0,204600.0,2024-06-25
2024062505004584,NRN,88,8,50.0,682.0,34100.0,2024-06-25
2024062505004583,NRN,88,77,50.0,682.0,34100.0,2024-06-25
2024062505004582,NRN,88,10,10.0,682.0,6820.0,2024-06-25
2024062505004581,NRN,88,47,300.0,682.0,204600.0,2024-06-25
2024062505004580,NRN,88,17,500.0,682.0,341000.0,2024-06-25
2024062505004579,NRN,88,40,90.0,682.0,61380.0,2024-06-25
2024062505004578,NRN,88,59,61.0,682.0,41602.0,2024-06-25
2024062505004577,NRN,88,42,143.0,682.0,97526.0,2024-06-25
2024062505004576,NRN,88,1,50.0,680.0,34000.0,2024-06-25
2024062505004575,NRN,88,44,105.0,680.0,71400.0,2024-06-25
2024062505004574,NRN,88,57,500.0,680.0,340000.0,2024-06-25
2024062505004573,NRN,88,38,10.0,680.0,6800.0,2024-06-25
2024062505004572,NRN,88,77,200.0,680.0,136000.0,2024-06-25
2024062505004571,NRN,88,21,100.0,680.0,68000.0,2024-06-25
2024062505004570,NRN,88,8,200.0,680.0,136000.0,2024-06-25
2024062505004569,NRN,88,21,10.0,680.0,6800.0,2024-06-25
2024062505004568,NRN,88,48,10.0,680.0,6800.0,2024-06-25
2024062505004567,NRN,88,38,10.0,680.0,6800.0,2024-06-25
2024062505004566,NRN,88,32,212.0,680.0,144160.0,2024-06-25
2024062505004565,NRN,88,50,100.0,680.0,68000.0,2024-06-25
2024062505004564,NRN,88,14,20.0,680.0,13600.0,2024-06-25
2024062505004563,NRN,88,41,600.0,680.0,408000.0,2024-06-25
2024062505004562,NRN,88,28,146.0,680.0,99280.0,2024-06-25
2024062505004561,NRN,88,57,300.0,679.9,203970.0,2024-06-25
2024062505004560,NRN,88,34,100.0,679.9,67990.0,2024-06-25
2024062505004559,NRN,88,5,44.0,679.8,29911.2,2024-06-25
2024062505004558,NRN,88,74,600.0,679.8,407880.0,2024-06-25
2024062505004557,NRN,88,34,500.0,679.7,339850.0,2024-06-25
2024062505004556,NRN,88,21,10.0,679.6,6796.0,2024-06-25
2024062505004555,NRN,88,69,120.0,679.5,81540.0,2024-06-25
2024062505004554,NRN,88,8,200.0,678.0,135600.0,2024-06-25
2024062505004553,NRN,88,58,28.0,678.0,18984.0,2024-06-25
2024062501026773,SIKLES,59,50,100.0,705.0,70500.0,2024-06-25
2024062501026772,SIKLES,59,22,10.0,705.0,7050.0,2024-06-25
2024062501026771,SIKLES,59,28,10.0,705.0,7050.0,2024-06-25
2024062504009452,IGI,21,33,600.0,521.0,312600.0,2024-06-25
2024062504009451,UMHL,36,54,203.0,237.0,48111.0,2024-06-25
2024062504009450,UMHL,50,54,120.0,237.0,28440.0,2024-06-25
2024062504009449,UMHL,18,54,163.0,237.2,38663.6,2024-06-25
2024062504009448,UMHL,10,54,50.0,237.3,11865.0,2024-06-25
2024062503018703,SAPDBL,32,54,250.0,377.4,94350.0,2024-06-25
2024062503018702,PROFL,44,26,780.0,405.0,315900.0,2024-06-25
2024062503018701,PROFL,42,26,10.0,405.0,4050.0,2024-06-25
2024062503018700,PROFL,20,26,710.0,405.0,287550.0,2024-06-25
2024062503018699,GMFIL,28,62,92.0,434.1,39937.2,2024-06-25
2024062501026770,CLI,35,29,10.0,480.9,4809.0,2024-06-25
2024062501026769,CLI,56,29,30.0,480.9,14427.0,2024-06-25
2024062501026768,CLI,13,29,130.0,480.9,62517.0,2024-06-25
2024062501026767,HATHY,33,44,200.0,947.0,189400.0,2024-06-25
2024062503018698,PROFL,20,56,290.0,405.0,117450.0,2024-06-25
2024062503018697,PROFL,41,56,100.0,405.0,40500.0,2024-06-25
2024062503018696,PROFL,26,56,50.0,405.0,20250.0,2024-06-25
2024062503018695,PROFL,13,56,35.0,405.0,14175.0,2024-06-25
2024062503018694,EDBL,14,45,10.0,386.9,3869.0,2024-06-25
2024062504009447,PPCL,33,49,10.0,240.0,2400.0,2024-06-25
2024062504009446,PPCL,33,88,20.0,239.7,4794.0,2024-06-25
2024062504009445,HDHPC,34,84,10.0,128.0,1280.0,2024-06-25
2024062504009444,JOSHI,38,8,45.0,295.4,13293.0,2024-06-25
2024062501026766,PHCL,32,58,40.0,314.0,12560.0,2024-06-25
2024062503018693,PFL,42,39,94.0,658.6,61908.4,2024-06-25
2024062501026765,MEHL,22,26,500.0,352.0,176000.0,2024-06-25
2024062503018692,MFIL,29,21,500.0,545.0,272500.0,2024-06-25
2024062504009443,GHL,57,72,100.0,148.0,14800.0,2024-06-25
2024062504009442,GHL,34,72,15.0,148.0,2220.0,2024-06-25
2024062504009441,GHL,54,72,500.0,148.0,74000.0,2024-06-25
2024062504009440,GHL,16,72,100.0,148.0,14800.0,2024-06-25
2024062504009439,GHL,13,72,200.0,148.0,29600.0,2024-06-25
2024062504009438,GHL,11,72,11.0,148.0,1628.0,2024-06-25
2024062504009437,GHL,59,72,1000.0,148.0,148000.0,2024-06-25
2024062504009436,GHL,49,72,120.0,148.0,17760.0,2024-06-25
2024062504009435,GHL,48,72,100.0,148.0,14800.0,2024-06-25
2024062504009434,GHL,55,72,1500.0,148.0,222000.0,2024-06-25
2024062504009433,GHL,58,72,147.0,148.1,21770.7,2024-06-25
2024062504009432,GHL,65,72,10000.0,148.1,1481000.0,2024-06-25
2024062504009431,GHL,26,72,168.0,148.2,24897.6,2024-06-25
2024062501026764,BHL,49,61,50.0,351.2,17560.0,2024-06-25
2024062503018691,GFCL,41,49,300.0,587.0,176100.0,2024-06-25
2024062501026763,MBJC,50,19,10.0,296.0,2960.0,2024-06-25
2024062501026762,MBJC,50,38,10.0,296.0,2960.0,2024-06-25
2024062501026761,MBJC,50,38,10.0,296.0,2960.0,2024-06-25
2024062503018690,PFL,42,38,50.0,658.6,32930.0,2024-06-25
2024062503018689,PROFL,19,34,200.0,405.6,81120.0,2024-06-25
2024062505004552,NRIC,44,45,139.0,644.0,89516.0,2024-06-25
2024062503018688,GMFBS,62,34,33.0,1600.0,52800.0,2024-06-25
2024062503018687,GMFBS,65,34,11.0,1600.1,17601.1,2024-06-25
2024062501026760,SMJC,60,41,500.0,400.3,200150.0,2024-06-25
2024062503018686,PFL,33,58,755.0,658.5,497167.5,2024-06-25
2024062503018685,NFS,42,4,10.0,944.5,9445.0,2024-06-25
2024062503018684,NFS,44,4,76.0,944.5,71782.0,2024-06-25
2024062505004551,HRL,40,49,10.0,543.0,5430.0,2024-06-25
2024062505004550,HRL,34,49,10.0,543.0,5430.0,2024-06-25
2024062501026759,HBL,28,38,46.0,173.6,7985.6,2024-06-25
2024062504009430,KKHC,38,52,17.0,230.0,3910.0,2024-06-25
2024062504009429,KKHC,38,21,250.0,230.0,57500.0,2024-06-25
2024062503018683,VLBS,41,14,68.0,1020.0,69360.0,2024-06-25
2024062503018682,GLBSL,76,45,20.0,1783.5,35670.0,2024-06-25
2024062503018681,PROFL,13,52,50.0,405.0,20250.0,2024-06-25
2024062503018680,MFIL,34,47,100.0,546.0,54600.0,2024-06-25
2024062501026758,MKHC,34,45,450.0,329.0,148050.0,2024-06-25
2024062501026757,RNLI,39,33,10.0,424.0,4240.0,2024-06-25
2024062501026756,RNLI,39,49,11.0,424.0,4664.0,2024-06-25
2024062501026755,RNLI,39,34,11.0,424.0,4664.0,2024-06-25
2024062501026754,RNLI,39,49,10.0,424.0,4240.0,2024-06-25
2024062501026753,RNLI,39,56,11.0,424.0,4664.0,2024-06-25
2024062501026752,RNLI,39,58,11.0,424.0,4664.0,2024-06-25
2024062501026751,RNLI,39,55,11.0,424.0,4664.0,2024-06-25
2024062501026750,RNLI,39,87,11.0,424.0,4664.0,2024-06-25
2024062501026749,RNLI,39,38,11.0,424.0,4664.0,2024-06-25
2024062501026748,RNLI,39,4,11.0,423.9,4662.9,2024-06-25
2024062501026747,RNLI,39,35,120.0,423.6,50832.0,2024-06-25
2024062501026746,RNLI,39,3,105.0,423.5,44467.5,2024-06-25
2024062501026745,MLBS,49,13,90.0,1380.0,124200.0,2024-06-25
2024062501026744,MLBS,10,13,10.0,1380.1,13801.0,2024-06-25
2024062503018679,NICLBSL,13,8,500.0,648.0,324000.0,2024-06-25
2024062503018678,PFL,41,59,100.0,658.7,65870.0,2024-06-25
2024062501026743,BEDC,26,11,160.0,440.0,70400.0,2024-06-25
2024062501026742,BEDC,26,11,10.0,440.0,4400.0,2024-06-25
2024062501026741,BEDC,26,29,10.0,440.0,4400.0,2024-06-25
2024062501026740,BEDC,26,48,10.0,440.0,4400.0,2024-06-25
2024062501026739,BEDC,26,11,10.0,440.0,4400.0,2024-06-25
2024062501026738,DOLTI,26,54,50.0,428.0,21400.0,2024-06-25
2024062501026737,NYADI,58,42,30.0,336.9,10107.0,2024-06-25
2024062501026736,VLUCL,49,49,10.0,518.5,5185.0,2024-06-25
2024062501026735,MKCL,50,19,139.0,1126.0,156514.0,2024-06-25
2024062501026734,PCBL,13,84,10000.0,195.0,1950000.0,2024-06-25
2024062503018677,JBBL,48,33,115.0,287.0,33005.0,2024-06-25
2024062503018676,JBBL,47,33,300.0,287.1,86130.0,2024-06-25
2024062503018675,JBBL,49,33,83.0,288.1,23912.3,2024-06-25
2024062501026733,USHL,28,43,200.0,555.0,111000.0,2024-06-25
2024062501026732,USHL,38,43,25.0,555.1,13877.5,2024-06-25
2024062504009428,AKPL,10,51,485.0,162.1,78618.5,2024-06-25
2024062504009427,AKPL,43,51,10.0,162.2,1622.0,2024-06-25
2024062504009426,AKPL,44,51,70.0,162.2,11354.0,2024-06-25
2024062504009425,AKPL,49,51,500.0,162.2,81100.0,2024-06-25
2024062504009424,AKPL,56,51,84.0,162.2,13624.8,2024-06-25
2024062504009423,AKPL,54,51,180.0,162.3,29214.0,2024-06-25
2024062504009422,AKPL,1,51,29.0,162.3,4706.7,2024-06-25
2024062504009421,AKPL,4,51,942.0,162.5,153075.0,2024-06-25
2024062504009420,AKPL,42,51,200.0,162.6,32520.0,2024-06-25
2024062503018674,FOWAD,34,50,10.0,1262.0,12620.0,2024-06-25
2024062504009419,HURJA,69,91,77.0,291.0,22407.0,2024-06-25
2024062504009418,HURJA,44,91,200.0,291.0,58200.0,2024-06-25
2024062504009417,HURJA,57,91,100.0,291.0,29100.0,2024-06-25
2024062504009416,HURJA,38,91,10.0,291.0,2910.0,2024-06-25
2024062504009415,HURJA,45,91,15.0,291.0,4365.0,2024-06-25
2024062504009414,HURJA,36,91,37.0,291.0,10767.0,2024-06-25
2024062504009413,HURJA,58,91,50.0,291.1,14555.0,2024-06-25
2024062504009412,HURJA,42,91,111.0,291.1,32312.1,2024-06-25
2024062504009411,HURJA,20,91,100.0,291.1,29110.0,2024-06-25
2024062504009410,HURJA,40,91,150.0,291.2,43680.0,2024-06-25
2024062504009409,HURJA,48,91,150.0,291.5,43725.0,2024-06-25
2024062501026731,MKLB,17,4,94.0,1366.0,128404.0,2024-06-25
2024062501026730,MKLB,32,4,10.0,1366.0,13660.0,2024-06-25
2024062501026729,MKLB,45,4,10.0,1366.0,13660.0,2024-06-25
2024062501026728,MKLB,58,4,26.0,1366.1,35518.6,2024-06-25
2024062501026727,MKLB,49,4,10.0,1372.0,13720.0,2024-06-25
2024062501026726,MHL,66,49,185.0,561.2,103822.0,2024-06-25
2024062501026725,MHL,63,49,100.0,561.3,56130.0,2024-06-25
2024062501026724,MHL,49,49,100.0,561.3,56130.0,2024-06-25
2024062501026723,MHL,42,49,65.0,562.0,36530.0,2024-06-25
2024062503018673,PFL,33,53,370.0,658.5,243645.0,2024-06-25
2024062504009408,BARUN,28,52,300.0,304.6,91380.0,2024-06-25
2024062505004549,NRIC,42,39,10.0,647.0,6470.0,2024-06-25
2024062503018672,RLFL,32,43,20.0,425.1,8502.0,2024-06-25
2024062503018671,RLFL,55,43,100.0,425.2,42520.0,2024-06-25
2024062504009407,GLH,40,38,1266.0,215.0,272190.0,2024-06-25
2024062504009406,GLH,57,38,497.0,215.1,106904.7,2024-06-25
2024062504009405,GLH,1,38,130.0,215.1,27963.0,2024-06-25
2024062504009404,GLH,13,38,50.0,215.6,10780.0,2024-06-25
2024062504009403,GLH,58,38,57.0,215.8,12300.6,2024-06-25
2024062503018670,MDB,45,51,20.0,493.0,9860.0,2024-06-25
2024062505004548,ENL,45,4,10.0,1004.0,10040.0,2024-06-25
2024062501026722,PHCL,22,58,100.0,314.0,31400.0,2024-06-25
2024062501026721,SGHC,34,4,50.0,340.1,17005.0,2024-06-25
2024062503018669,PFL,33,58,150.0,658.5,98775.0,2024-06-25
2024062503018668,NFS,18,55,40.0,945.0,37800.0,2024-06-25
2024062503018667,NFS,88,55,203.0,946.0,192038.0,2024-06-25
2024062504009402,SPIL,44,50,41.0,782.9,32098.9,2024-06-25
2024062503018666,GRDBL,20,40,10.0,455.0,4550.0,2024-06-25
2024062503018665,JFL,4,14,33.0,580.0,19140.0,2024-06-25
2024062504009401,SSHL,65,59,700.0,179.0,125300.0,2024-06-25
2024062504009400,NICL,81,45,55.0,836.9,46029.5,2024-06-25
2024062501026720,HATHY,33,45,22.0,947.0,20834.0,2024-06-25
2024062503018664,ILBS,95,35,181.0,1259.0,227879.0,2024-06-25
2024062503018663,ILBS,95,7,19.0,1258.0,23902.0,2024-06-25
2024062503018662,MERO,38,35,10.0,709.0,7090.0,2024-06-25
2024062503018661,MFIL,29,32,850.0,545.0,463250.0,2024-06-25
2024062503018660,MFIL,32,32,50.0,545.0,27250.0,2024-06-25
2024062503018659,MFIL,59,32,100.0,545.1,54510.0,2024-06-25
2024062501026719,TPC,34,28,120.0,557.0,66840.0,2024-06-25
2024062504009399,PMHPL,41,46,10.0,229.7,2297.0,2024-06-25
2024062503018658,VLBS,41,66,132.0,1020.0,134640.0,2024-06-25
2024062503018657,GFCL,41,71,1000.0,587.0,587000.0,2024-06-25
2024062501026718,ULHC,77,56,53.0,400.0,21200.0,2024-06-25
2024062501026717,ULHC,77,44,10.0,400.0,4000.0,2024-06-25
2024062501026716,ULHC,77,28,10.0,400.0,4000.0,2024-06-25
2024062501026715,ULHC,77,32,10.0,400.0,4000.0,2024-06-25
2024062501026714,ULHC,77,44,27.0,399.4,10783.8,2024-06-25
2024062501026713,ULHC,77,16,10.0,399.0,3990.0,2024-06-25
2024062501026712,ULHC,77,39,20.0,398.1,7962.0,2024-06-25
2024062501026711,ULHC,77,22,100.0,398.0,39800.0,2024-06-25
2024062501026710,ULHC,77,26,250.0,397.0,99250.0,2024-06-25
2024062501026709,ULHC,77,11,10.0,397.0,3970.0,2024-06-25
2024062504009398,GLH,58,14,123.0,215.8,26543.4,2024-06-25
2024062501026708,MAKAR,5,51,10.0,471.1,4711.0,2024-06-25
2024062501026707,MAKAR,5,17,10.0,471.1,4711.0,2024-06-25
2024062501026706,MAKAR,5,29,10.0,471.1,4711.0,2024-06-25
2024062501026705,MAKAR,5,48,10.0,471.1,4711.0,2024-06-25
2024062501026704,MAKAR,5,10,1100.0,471.1,518210.0,2024-06-25
2024062501026703,MAKAR,5,36,100.0,471.0,47100.0,2024-06-25
2024062501026702,MAKAR,5,49,10.0,471.0,4710.0,2024-06-25
2024062501026701,MAKAR,5,41,10.0,471.0,4710.0,2024-06-25
2024062501026700,MAKAR,5,48,10.0,470.5,4705.0,2024-06-25
2024062501026699,MAKAR,5,49,10.0,470.3,4703.0,2024-06-25
2024062501026698,MAKAR,5,32,10.0,470.0,4700.0,2024-06-25
2024062501026697,MAKAR,5,6,18.0,470.0,8460.0,2024-06-25
2024062504009397,RURU,19,59,50.0,623.0,31150.0,2024-06-25
2024062501026696,PPL,57,28,15.0,474.1,7111.5,2024-06-25
2024062503018656,BFC,42,56,125.0,477.0,59625.0,2024-06-25
2024062503018655,KRBL,33,66,50.0,450.1,22505.0,2024-06-25
2024062503018654,GUFL,6,43,45.0,742.0,33390.0,2024-06-25
2024062503018653,GUFL,45,43,10.0,742.0,7420.0,2024-06-25
2024062503018652,GUFL,6,43,10.0,742.0,7420.0,2024-06-25
2024062503018651,GUFL,58,43,100.0,742.0,74200.0,2024-06-25
2024062503018650,GUFL,26,43,20.0,742.0,14840.0,2024-06-25
2024062503018649,GUFL,34,43,80.0,742.1,59368.0,2024-06-25
2024062501026695,JBLB,58,45,10.0,1334.0,13340.0,2024-06-25
2024062503018648,NFS,88,5,26.0,946.0,24596.0,2024-06-25
2024062503018647,NFS,88,86,21.0,946.0,19866.0,2024-06-25
2024062505004547,CIT,8,38,10.0,2096.2,20962.0,2024-06-25
2024062503018646,GUFL,34,67,120.0,742.1,89052.0,2024-06-25
2024062503018645,NFS,18,38,250.0,945.0,236250.0,2024-06-25
2024062501026694,JBLB,58,47,22.0,1334.0,29348.0,2024-06-25
2024062505004546,HRL,34,91,20.0,543.0,10860.0,2024-06-25
2024062501026693,RNLI,17,3,195.0,423.5,82582.5,2024-06-25
2024062501026692,GCIL,38,57,11.0,475.1,5226.1,2024-06-25
2024062503018644,MFIL,57,47,46.0,546.0,25116.0,2024-06-25
2024062501026691,CYCL,33,48,160.0,1500.3,240048.0,2024-06-25
2024062504009396,NIL,47,77,100.0,794.4,79440.0,2024-06-25
2024062505004545,NRN,34,58,70.0,678.0,47460.0,2024-06-25
2024062501026690,MAKAR,21,49,14.0,469.0,6566.0,2024-06-25
2024062501026689,GCIL,49,35,30.0,477.8,14334.0,2024-06-25
2024062501026688,GCIL,49,52,11.0,477.5,5252.5,2024-06-25
2024062501026687,GCIL,49,44,11.0,477.4,5251.4,2024-06-25
2024062501026686,GCIL,49,55,11.0,477.0,5247.0,2024-06-25
2024062501026685,GCIL,49,45,11.0,476.0,5236.0,2024-06-25
2024062501026684,GCIL,49,37,11.0,475.7,5232.7,2024-06-25
2024062501026683,GCIL,49,39,11.0,475.7,5232.7,2024-06-25
2024062501026682,GCIL,49,39,170.0,475.6,80852.0,2024-06-25
2024062501026681,GCIL,49,21,34.0,475.5,16167.0,2024-06-25
2024062504009395,PRIN,8,58,100.0,768.4,76840.0,2024-06-25
2024062501026680,SAMAJ,58,37,30.0,2410.3,72309.0,2024-06-25
2024062503018643,NMLBBL,18,17,10.0,682.0,6820.0,2024-06-25
2024062501026679,ULBSL,21,36,10.0,1999.9,19999.0,2024-06-25
2024062503018642,BFC,42,95,170.0,474.8,80716.0,2024-06-25
2024062503018641,WNLB,34,13,56.0,1462.0,81872.0,2024-06-25
2024062503018640,WNLB,61,13,50.0,1463.0,73150.0,2024-06-25
2024062503018639,WNLB,45,13,39.0,1465.0,57135.0,2024-06-25
2024062501026678,SMJC,60,72,430.0,400.3,172129.0,2024-06-25
2024062501026677,SONA,91,49,10.0,438.1,4381.0,2024-06-25
2024062505004544,SMATA,58,59,131.0,1026.0,134406.0,2024-06-25
2024062501026676,NRM,32,14,10.0,393.0,3930.0,2024-06-25
2024062503018638,PFL,33,39,200.0,658.5,131700.0,2024-06-25
2024062504009394,SICL,37,3,200.0,687.1,137420.0,2024-06-25
2024062504009393,HURJA,38,1,30.0,292.0,8760.0,2024-06-25
2024062504009392,GHL,26,22,32.0,148.2,4742.4,2024-06-25
2024062504009391,GHL,42,22,80.0,148.2,11856.0,2024-06-25
2024062504009390,GHL,62,22,200.0,148.5,29700.0,2024-06-25
2024062504009389,GHL,25,22,583.0,148.9,86808.7,2024-06-25
2024062504009388,GHL,43,22,25.0,149.0,3725.0,2024-06-25
2024062504009387,GHL,66,22,200.0,149.0,29800.0,2024-06-25
2024062504009386,GHL,42,22,40.0,149.1,5964.0,2024-06-25
2024062504009385,GHL,41,22,40.0,149.1,5964.0,2024-06-25
2024062501026675,SMJC,60,57,10.0,400.3,4003.0,2024-06-25
2024062503018637,CBBL,49,48,10.0,836.0,8360.0,2024-06-25
2024062501026674,DORDI,49,49,10.0,427.0,4270.0,2024-06-25
2024062501026673,SBL,35,6,41.0,243.0,9963.0,2024-06-25
2024062503018636,RSDC,1,62,20.0,697.0,13940.0,2024-06-25
2024062503018635,GUFL,17,28,125.0,743.0,92875.0,2024-06-25
2024062503018634,JBBL,49,52,500.0,288.1,144050.0,2024-06-25
2024062501026672,ILI,83,45,10.0,422.1,4221.0,2024-06-25
2024062501026671,CYCL,33,59,100.0,1500.3,150030.0,2024-06-25
2024062503018633,ALBSL,32,17,25.0,980.0,24500.0,2024-06-25
2024062504009384,NICL,81,16,60.0,836.9,50214.0,2024-06-25
2024062503018632,NADEP,61,43,440.0,834.4,367136.0,2024-06-25
2024062503018631,NADEP,61,58,500.0,834.3,417150.0,2024-06-25
2024062503018630,NADEP,61,4,30.0,834.0,25020.0,2024-06-25
2024062503018629,NADEP,61,25,30.0,833.0,24990.0,2024-06-25
2024062505004543,NRN,34,34,50.0,678.0,33900.0,2024-06-25
2024062503018628,ACLBSL,57,46,22.0,1050.0,23100.0,2024-06-25
2024062501026670,BEDC,37,57,61.0,439.9,26833.9,2024-06-25
2024062503018627,MNBBL,42,6,100.0,343.2,34320.0,2024-06-25
2024062504009383,API,28,49,1014.0,172.0,174408.0,2024-06-25
2024062504009382,API,28,51,10.0,172.0,1720.0,2024-06-25
2024062504009381,API,28,48,150.0,172.0,25800.0,2024-06-25
2024062504009380,API,28,6,54.0,172.0,9288.0,2024-06-25
2024062504009379,API,28,58,54.0,172.0,9288.0,2024-06-25
2024062504009378,API,28,22,20.0,172.0,3440.0,2024-06-25
2024062504009377,API,28,32,1000.0,172.0,172000.0,2024-06-25
2024062504009376,API,28,57,100.0,172.0,17200.0,2024-06-25
2024062504009375,API,28,33,500.0,172.0,86000.0,2024-06-25
2024062504009374,API,28,22,500.0,172.0,86000.0,2024-06-25
2024062504009373,API,28,42,150.0,172.0,25800.0,2024-06-25
2024062504009372,API,28,26,13.0,172.0,2236.0,2024-06-25
2024062504009371,API,28,59,50.0,172.0,8600.0,2024-06-25
2024062504009370,API,28,42,120.0,172.0,20640.0,2024-06-25
2024062504009369,API,28,32,189.0,171.9,32489.1,2024-06-25
2024062504009368,API,28,45,100.0,171.9,17190.0,2024-06-25
2024062504009367,API,28,16,200.0,171.9,34380.0,2024-06-25
2024062504009366,API,28,16,100.0,171.9,17190.0,2024-06-25
2024062504009365,API,28,16,50.0,171.9,8595.0,2024-06-25
2024062504009364,API,28,16,50.0,171.9,8595.0,2024-06-25
2024062504009363,API,28,50,200.0,171.8,34360.0,2024-06-25
2024062504009362,API,28,51,10.0,171.8,1718.0,2024-06-25
2024062504009361,API,28,16,814.0,171.8,139845.2,2024-06-25
2024062504009360,API,28,59,2000.0,171.7,343400.0,2024-06-25
2024062504009359,API,28,50,200.0,171.7,34340.0,2024-06-25
2024062504009358,API,28,17,40.0,171.5,6860.0,2024-06-25
2024062504009357,API,28,29,33.0,171.0,5643.0,2024-06-25
2024062504009356,API,28,14,70.0,171.0,11970.0,2024-06-25
2024062504009355,API,28,38,170.0,171.0,29070.0,2024-06-25
2024062504009354,API,28,3,100.0,170.9,17090.0,2024-06-25
2024062501026669,MANDU,65,49,10.0,1050.0,10500.0,2024-06-25
2024062501026668,MANDU,65,38,10.0,1050.0,10500.0,2024-06-25
2024062501026667,MANDU,65,33,10.0,1050.0,10500.0,2024-06-25
2024062501026666,MANDU,65,8,10.0,1050.0,10500.0,2024-06-25
2024062501026665,MANDU,65,34,10.0,1050.0,10500.0,2024-06-25
2024062501026664,MANDU,65,58,10.0,1050.0,10500.0,2024-06-25
2024062501026663,MANDU,65,52,10.0,1049.9,10499.0,2024-06-25
2024062501026662,MANDU,65,43,10.0,1049.9,10499.0,2024-06-25
2024062501026661,MANDU,65,25,200.0,1049.8,209960.0,2024-06-25
2024062501026660,MANDU,65,58,55.0,1049.0,57695.0,2024-06-25
2024062501026659,MANDU,65,10,300.0,1049.0,314700.0,2024-06-25
2024062501026658,MANDU,65,57,10.0,1045.0,10450.0,2024-06-25
2024062501026657,MANDU,65,22,39.0,1044.5,40735.5,2024-06-25
2024062501026656,MANDU,65,58,20.0,1044.0,20880.0,2024-06-25
2024062501026655,MANDU,65,43,90.0,1043.9,93951.0,2024-06-25
2024062501026654,MBL,45,48,15.0,167.2,2508.0,2024-06-25
2024062503018626,HLI,4,34,10.0,377.3,3773.0,2024-06-25
2024062505004542,NTC,22,53,75.0,817.0,61275.0,2024-06-25
2024062503018625,SFCL,11,57,300.0,444.3,133290.0,2024-06-25
2024062503018624,GFCL,41,5,21.0,587.0,12327.0,2024-06-25
2024062503018623,GFCL,41,5,100.0,588.0,58800.0,2024-06-25
2024062504009353,SSHL,29,29,390.0,178.0,69420.0,2024-06-25
2024062504009352,SSHL,33,29,500.0,178.0,89000.0,2024-06-25
2024062504009351,SSHL,57,29,100.0,178.0,17800.0,2024-06-25
2024062504009350,SSHL,35,29,10.0,178.2,1782.0,2024-06-25
2024062504009349,HEI,49,45,70.0,587.2,41104.0,2024-06-25
2024062504009348,HEI,59,45,100.0,587.3,58730.0,2024-06-25
2024062505004541,CIT,8,21,10.0,2100.0,21000.0,2024-06-25
2024062505004540,CIT,8,38,10.0,2098.1,20981.0,2024-06-25
2024062505004539,NIFRA,21,47,37.0,192.0,7104.0,2024-06-25
2024062505004538,NIFRA,7,47,30.0,192.0,5760.0,2024-06-25
2024062505004537,NIFRA,26,47,250.0,192.0,48000.0,2024-06-25
2024062505004536,NIFRA,19,47,50.0,192.0,9600.0,2024-06-25
2024062505004535,NIFRA,58,47,715.0,192.0,137280.0,2024-06-25
2024062501026653,MKHL,57,60,170.0,458.0,77860.0,2024-06-25
2024062501026652,HDL,34,41,10.0,1219.0,12190.0,2024-06-25
2024062501026651,HDL,43,41,15.0,1219.0,18285.0,2024-06-25
2024062503018622,GFCL,58,57,250.0,589.9,147475.0,2024-06-25
2024062504009347,SPDL,17,13,11.0,243.0,2673.0,2024-06-25
2024062505004534,ENL,58,35,10.0,997.0,9970.0,2024-06-25
2024062501026650,MKHC,5,59,10.0,328.9,3289.0,2024-06-25
2024062501026649,MKCL,50,34,150.0,1126.0,168900.0,2024-06-25
2024062503018621,HLBSL,80,48,300.0,1315.0,394500.0,2024-06-25
2024062503018620,HLBSL,45,48,60.0,1315.0,78900.0,2024-06-25
2024062503018619,HLBSL,44,48,30.0,1315.0,39450.0,2024-06-25
2024062501026648,SAHAS,34,36,43.0,510.1,21934.3,2024-06-25
2024062503018618,CFCL,34,6,50.0,458.0,22900.0,2024-06-25
2024062501026647,ILI,83,38,10.0,422.1,4221.0,2024-06-25
2024062501026646,SHIVM,37,8,690.0,478.5,330165.0,2024-06-25
2024062501026645,SHIVM,37,3,110.0,478.4,52624.0,2024-06-25
2024062501026644,SHIVM,37,26,200.0,478.4,95680.0,2024-06-25
2024062504009346,UMRH,49,80,70.0,415.2,29064.0,2024-06-25
2024062504009345,UMRH,49,34,184.0,415.0,76360.0,2024-06-25
2024062504009344,SHPC,16,49,200.0,322.2,64440.0,2024-06-25
2024062504009343,SHPC,49,49,500.0,322.3,161150.0,2024-06-25
2024062504009342,AHPC,13,58,500.0,153.9,76950.0,2024-06-25
2024062503018617,PFL,33,58,545.0,658.5,358882.5,2024-06-25
2024062503018616,PFL,34,58,210.0,658.7,138327.0,2024-06-25
2024062505004533,HRL,34,21,10.0,543.0,5430.0,2024-06-25
2024062504009341,HDHPC,45,84,300.0,128.0,38400.0,2024-06-25
2024062501026643,ADBL,45,6,10.0,263.5,2635.0,2024-06-25
2024062504009340,SHEL,49,8,20.0,157.3,3146.0,2024-06-25
2024062501026642,GVL,66,14,156.0,597.0,93132.0,2024-06-25
2024062501026641,GVL,66,39,73.0,595.9,43500.7,2024-06-25
2024062501026640,GVL,66,25,100.0,595.0,59500.0,2024-06-25
2024062501026639,GVL,66,67,320.0,595.0,190400.0,2024-06-25
2024062501026638,GVL,66,36,10.0,595.0,5950.0,2024-06-25
2024062501026637,GVL,66,14,10.0,595.0,5950.0,2024-06-25
2024062501026636,GVL,66,38,10.0,595.0,5950.0,2024-06-25
2024062501026635,GVL,66,25,10.0,595.0,5950.0,2024-06-25
2024062501026634,GVL,66,1,90.0,594.9,53541.0,2024-06-25
2024062501026633,GVL,66,94,151.0,594.0,89694.0,2024-06-25
2024062501026632,GVL,66,11,10.0,594.0,5940.0,2024-06-25
2024062501026631,GVL,66,54,10.0,594.0,5940.0,2024-06-25
2024062501026630,GVL,66,40,10.0,593.9,5939.0,2024-06-25
2024062501026629,GVL,66,58,10.0,593.0,5930.0,2024-06-25
2024062501026628,GVL,66,42,10.0,592.0,5920.0,2024-06-25
2024062501026627,GVL,66,14,10.0,592.0,5920.0,2024-06-25
2024062501026626,GVL,66,33,10.0,592.0,5920.0,2024-06-25
2024062504009339,SICL,37,4,280.0,687.1,192388.0,2024-06-25
2024062501026625,RNLI,17,49,11.0,423.5,4658.5,2024-06-25
2024062501026624,MMKJL,67,1,27.0,483.2,13046.4,2024-06-25
2024062501026623,MMKJL,21,1,30.0,483.2,14496.0,2024-06-25
2024062501026622,MMKJL,57,1,430.0,483.6,207948.0,2024-06-25
2024062501026621,MMKJL,41,1,31.0,484.0,15004.0,2024-06-25
