transaction,symbol,buyer,seller,quantity,rate,amount,date
2024020504011651,HPPL,77,32,200.0,277.5,55500.0,2024-02-05
2024020504011650,API,49,62,200.0,199.0,39800.0,2024-02-05
2024020505009671,ENL,64,16,50.0,826.2,41310.0,2024-02-05
2024020505009670,ENL,64,52,10.0,822.0,8220.0,2024-02-05
2024020505009669,ENL,64,18,10.0,821.1,8211.0,2024-02-05
2024020505009668,ENL,64,47,150.0,821.0,123150.0,2024-02-05
2024020505009667,ENL,64,21,10.0,821.0,8210.0,2024-02-05
2024020505009666,ENL,64,57,10.0,821.0,8210.0,2024-02-05
2024020505009665,ENL,64,57,10.0,820.0,8200.0,2024-02-05
2024020505009664,ENL,64,58,10.0,820.0,8200.0,2024-02-05
2024020505009663,ENL,64,14,50.0,820.0,41000.0,2024-02-05
2024020505009662,ENL,64,42,10.0,820.0,8200.0,2024-02-05
2024020505009661,ENL,64,14,70.0,815.0,57050.0,2024-02-05
2024020505009660,ENL,64,46,10.0,815.0,8150.0,2024-02-05
2024020505009659,ENL,64,64,100.0,810.0,81000.0,2024-02-05
2024020503006175,NUBL,65,49,10.0,644.9,6449.0,2024-02-05
2024020501029278,MHCL,35,56,20.0,499.9,9998.0,2024-02-05
2024020504011649,MHNL,44,6,139.0,268.0,37252.0,2024-02-05
2024020504011648,MHNL,44,42,30.0,267.0,8010.0,2024-02-05
2024020504011647,MHNL,44,4,106.0,267.0,28302.0,2024-02-05
2024020504011646,MHNL,44,46,240.0,267.0,64080.0,2024-02-05
2024020504011645,MHNL,44,49,775.0,266.0,206150.0,2024-02-05
2024020504011644,MHNL,44,47,210.0,265.0,55650.0,2024-02-05
2024020501029277,SPC,71,71,10.0,685.0,6850.0,2024-02-05
2024020504011643,CHL,45,22,50.0,294.9,14745.0,2024-02-05
2024020504011642,CHL,45,38,170.0,294.9,50133.0,2024-02-05
2024020505009658,NRIC,45,34,10.0,783.0,7830.0,2024-02-05
2024020501029276,SGHC,81,45,210.0,306.0,64260.0,2024-02-05
2024020501029275,SGHC,8,45,100.0,307.0,30700.0,2024-02-05
2024020501029274,SGHC,57,45,200.0,307.0,61400.0,2024-02-05
2024020501029273,TAMOR,4,16,20.0,397.0,7940.0,2024-02-05
2024020501029272,BGWT,17,14,10.0,649.9,6499.0,2024-02-05
2024020501029271,MHCL,88,56,20.0,499.9,9998.0,2024-02-05
2024020504011641,UMHL,34,47,10.0,280.0,2800.0,2024-02-05
2024020501029270,USHL,42,38,10.0,511.0,5110.0,2024-02-05
2024020501029269,NRM,14,42,10.0,376.0,3760.0,2024-02-05
2024020503006174,GFCL,42,55,10.0,441.0,4410.0,2024-02-05
2024020501029268,NWCL,7,6,390.0,767.0,299130.0,2024-02-05
2024020501029267,NWCL,34,6,10.0,767.0,7670.0,2024-02-05
2024020501029266,NWCL,57,6,30.0,767.3,23019.0,2024-02-05
2024020503006173,KLBSL,39,52,70.0,869.7,60879.0,2024-02-05
2024020503006172,KLBSL,39,26,50.0,869.0,43450.0,2024-02-05
2024020501029265,SNLI,17,50,10.0,582.0,5820.0,2024-02-05
2024020501029264,TSHL,53,21,10.0,535.0,5350.0,2024-02-05
2024020501029263,TSHL,53,19,10.0,535.0,5350.0,2024-02-05
2024020501029262,TSHL,53,49,10.0,535.0,5350.0,2024-02-05
2024020501029261,TSHL,53,49,10.0,530.0,5300.0,2024-02-05
2024020501029260,TSHL,53,34,50.0,527.0,26350.0,2024-02-05
2024020501029259,TSHL,53,38,10.0,527.0,5270.0,2024-02-05
2024020501029258,HATHY,29,4,10.0,973.0,9730.0,2024-02-05
2024020504011640,UAIL,34,29,92.0,554.0,50968.0,2024-02-05
2024020501029257,KBL,48,28,200.0,149.0,29800.0,2024-02-05
2024020503006171,SINDU,38,46,10.0,310.9,3109.0,2024-02-05
2024020505009657,STC,84,58,10.0,5285.0,52850.0,2024-02-05
2024020505009656,STC,84,34,10.0,5260.0,52600.0,2024-02-05
2024020505009655,STC,84,37,20.0,5259.0,105180.0,2024-02-05
2024020504011639,SGIC,58,22,50.0,521.0,26050.0,2024-02-05
2024020503006170,KSBBL,57,22,13.0,346.0,4498.0,2024-02-05
2024020504011638,NGPL,34,18,10.0,345.0,3450.0,2024-02-05
2024020504011637,HDHPC,57,36,300.0,146.6,43980.0,2024-02-05
2024020504011636,HDHPC,19,36,10.0,146.6,1466.0,2024-02-05
2024020504011635,HDHPC,58,36,200.0,146.6,29320.0,2024-02-05
2024020501029256,HATHY,58,4,150.0,973.0,145950.0,2024-02-05
2024020504011634,SHPC,5,14,10.0,349.9,3499.0,2024-02-05
2024020501029255,MHCL,35,56,408.0,499.9,203959.2,2024-02-05
2024020501029254,MHCL,35,32,10.0,499.9,4999.0,2024-02-05
2024020501029253,MHCL,35,7,10.0,499.9,4999.0,2024-02-05
2024020501029252,MHCL,35,55,50.0,499.9,24995.0,2024-02-05
2024020501029251,MHCL,35,32,100.0,499.9,49990.0,2024-02-05
2024020501029250,MHCL,35,45,10.0,499.8,4998.0,2024-02-05
2024020501029249,MHCL,35,56,10.0,499.8,4998.0,2024-02-05
2024020501029248,MHCL,35,34,10.0,499.8,4998.0,2024-02-05
2024020501029247,MHCL,35,42,520.0,499.8,259896.0,2024-02-05
2024020501029246,MHCL,35,52,10.0,499.0,4990.0,2024-02-05
2024020501029245,MHCL,35,56,584.0,499.0,291416.0,2024-02-05
2024020501029244,MHCL,35,11,10.0,499.0,4990.0,2024-02-05
2024020501029243,MHCL,35,38,10.0,499.0,4990.0,2024-02-05
2024020501029242,MHCL,35,51,10.0,499.0,4990.0,2024-02-05
2024020501029241,MHCL,35,6,10.0,499.0,4990.0,2024-02-05
2024020501029240,MHCL,35,28,200.0,499.0,99800.0,2024-02-05
2024020501029239,MHCL,35,59,10.0,499.0,4990.0,2024-02-05
2024020501029238,MHCL,35,88,30.0,499.0,14970.0,2024-02-05
2024020501029237,MHCL,35,56,892.0,498.9,445018.8,2024-02-05
2024020501029236,MHCL,35,37,10.0,498.7,4987.0,2024-02-05
2024020501029235,MHCL,35,38,10.0,498.7,4987.0,2024-02-05
2024020501029234,MHCL,35,40,500.0,498.5,249250.0,2024-02-05
2024020501029233,MHCL,35,56,500.0,498.0,249000.0,2024-02-05
2024020501029232,MHCL,35,54,10.0,498.0,4980.0,2024-02-05
2024020501029231,MHCL,35,17,50.0,498.0,24900.0,2024-02-05
2024020501029230,MHCL,35,28,200.0,498.0,99600.0,2024-02-05
2024020501029229,MHCL,35,22,10.0,498.0,4980.0,2024-02-05
2024020501029228,MHCL,35,7,20.0,498.0,9960.0,2024-02-05
2024020501029227,MHCL,35,58,10.0,498.0,4980.0,2024-02-05
2024020501029226,MHCL,35,6,200.0,497.6,99520.0,2024-02-05
2024020501029225,MHCL,35,32,100.0,497.6,49760.0,2024-02-05
2024020501029224,MHCL,35,17,200.0,497.3,99460.0,2024-02-05
2024020501029223,MHCL,35,56,286.0,497.3,142227.8,2024-02-05
2024020503006169,ILBS,35,56,40.0,694.0,27760.0,2024-02-05
2024020501029222,PCBL,44,11,10.0,201.0,2010.0,2024-02-05
2024020501029221,KBL,44,28,50.0,149.0,7450.0,2024-02-05
2024020504011633,PRIN,71,57,10.0,814.0,8140.0,2024-02-05
2024020501029220,EBL,33,16,10.0,528.0,5280.0,2024-02-05
2024020501029219,EBL,33,42,43.0,527.0,22661.0,2024-02-05
2024020503006168,SHINE,35,54,100.0,383.0,38300.0,2024-02-05
2024020503006167,SHINE,58,54,10.0,384.0,3840.0,2024-02-05
2024020503006166,SHINE,29,54,10.0,384.0,3840.0,2024-02-05
2024020504011632,API,42,34,305.0,199.2,60756.0,2024-02-05
2024020501029218,MKCL,72,6,15.0,923.0,13845.0,2024-02-05
2024020501029217,SONA,21,39,10.0,458.0,4580.0,2024-02-05
2024020501029216,MSHL,50,57,10.0,699.9,6999.0,2024-02-05
2024020504011631,GLH,48,41,20.0,249.5,4990.0,2024-02-05
2024020504011630,IGI,69,34,30.0,559.0,16770.0,2024-02-05
2024020504011629,IGI,69,29,60.0,558.0,33480.0,2024-02-05
2024020501029215,SONA,34,34,20.0,458.0,9160.0,2024-02-05
2024020501029214,SONA,32,34,80.0,458.2,36656.0,2024-02-05
2024020505009654,HRL,17,16,70.0,685.5,47985.0,2024-02-05
2024020505009653,HRL,54,16,30.0,685.6,20568.0,2024-02-05
2024020501029213,MKHC,58,41,100.0,270.0,27000.0,2024-02-05
2024020504011628,NIL,58,22,100.0,839.9,83990.0,2024-02-05
2024020504011627,UPCL,58,41,201.0,235.8,47395.8,2024-02-05
2024020504011626,UPCL,58,6,20.0,235.7,4714.0,2024-02-05
2024020504011625,UPCL,58,6,70.0,235.6,16492.0,2024-02-05
2024020504011624,UPCL,58,3,1000.0,235.5,235500.0,2024-02-05
2024020504011623,UPCL,58,39,50.0,235.5,11775.0,2024-02-05
2024020504011622,UPCL,58,6,35.0,235.4,8239.0,2024-02-05
2024020504011621,UPCL,58,16,200.0,235.0,47000.0,2024-02-05
2024020504011620,UPCL,58,58,700.0,235.0,164500.0,2024-02-05
2024020504011619,UPCL,58,45,300.0,235.0,70500.0,2024-02-05
2024020504011618,UPCL,58,36,200.0,234.0,46800.0,2024-02-05
2024020504011617,UPCL,58,49,140.0,234.0,32760.0,2024-02-05
2024020504011616,UPCL,58,6,40.0,234.0,9360.0,2024-02-05
2024020504011615,UPCL,58,4,1844.0,233.0,429652.0,2024-02-05
2024020504011614,UPCL,58,25,200.0,232.9,46580.0,2024-02-05
2024020501029212,SRLI,32,22,10.0,448.0,4480.0,2024-02-05
2024020501029211,JALPA,35,58,10.0,1130.0,11300.0,2024-02-05
2024020501029210,BGWT,65,14,238.0,649.9,154676.2,2024-02-05
2024020501029209,BGWT,65,4,20.0,649.7,12994.0,2024-02-05
2024020501029208,BGWT,65,21,10.0,649.7,6497.0,2024-02-05
2024020501029207,BGWT,65,49,712.0,649.7,462586.4,2024-02-05
2024020501029206,BGWT,65,22,20.0,645.0,12900.0,2024-02-05
2024020505009652,HRL,54,52,10.0,685.6,6856.0,2024-02-05
2024020505009651,NRN,52,4,10.0,589.9,5899.0,2024-02-05
2024020501029205,RNLI,49,44,10.0,447.5,4475.0,2024-02-05
2024020501029204,SHIVM,45,14,445.0,503.0,223835.0,2024-02-05
2024020501029203,SHIVM,45,58,10.0,503.0,5030.0,2024-02-05
2024020501029202,SHIVM,45,58,45.0,503.0,22635.0,2024-02-05
2024020501029201,SHIVM,45,16,350.0,503.0,176050.0,2024-02-05
2024020501029200,SHIVM,45,28,1900.0,503.0,955700.0,2024-02-05
2024020501029199,SHIVM,45,57,250.0,501.8,125450.0,2024-02-05
2024020503006165,JBBL,17,58,13.0,301.5,3919.5,2024-02-05
2024020501029198,RAWA,17,36,140.0,511.9,71666.0,2024-02-05
2024020501029197,RAWA,17,46,10.0,511.3,5113.0,2024-02-05
2024020501029196,RAWA,17,43,50.0,511.2,25560.0,2024-02-05
2024020501029195,MHCL,88,56,14.0,497.3,6962.2,2024-02-05
2024020501029194,MHCL,88,39,10.0,497.0,4970.0,2024-02-05
2024020501029193,MHCL,88,56,200.0,496.3,99260.0,2024-02-05
2024020501029192,MHCL,88,56,10.0,496.0,4960.0,2024-02-05
2024020501029191,MHCL,88,49,10.0,495.0,4950.0,2024-02-05
2024020501029190,MHCL,88,21,10.0,495.0,4950.0,2024-02-05
2024020501029189,MHCL,88,7,65.0,495.0,32175.0,2024-02-05
2024020501029188,MHCL,88,6,10.0,495.0,4950.0,2024-02-05
2024020501029187,MHCL,88,36,800.0,495.0,396000.0,2024-02-05
2024020501029186,MHCL,88,43,100.0,494.0,49400.0,2024-02-05
2024020501029185,MHCL,88,43,100.0,494.0,49400.0,2024-02-05
2024020501029184,MHCL,88,56,140.0,494.0,69160.0,2024-02-05
2024020501029183,MHCL,88,41,100.0,493.5,49350.0,2024-02-05
2024020501029182,MHCL,88,41,200.0,493.0,98600.0,2024-02-05
2024020501029181,MHCL,88,34,231.0,493.0,113883.0,2024-02-05
2024020501029180,MSHL,75,47,50.0,686.0,34300.0,2024-02-05
2024020503006164,BFC,26,53,44.0,332.0,14608.0,2024-02-05
2024020503006163,BFC,26,26,156.0,331.0,51636.0,2024-02-05
2024020504011613,AHPC,57,45,100.0,205.5,20550.0,2024-02-05
2024020503006162,JBBL,42,58,10.0,301.5,3015.0,2024-02-05
2024020501029179,SPC,28,64,1000.0,692.0,692000.0,2024-02-05
2024020501029178,SPC,28,57,50.0,691.0,34550.0,2024-02-05
2024020501029177,SPC,28,35,100.0,675.0,67500.0,2024-02-05
2024020501029176,SPC,28,45,10.0,637.5,6375.0,2024-02-05
2024020501029175,SPC,28,6,25.0,637.5,15937.5,2024-02-05
2024020501029174,SPC,28,62,10.0,637.5,6375.0,2024-02-05
2024020501029173,SPC,28,52,10.0,637.5,6375.0,2024-02-05
2024020501029172,SPC,28,44,100.0,637.5,63750.0,2024-02-05
2024020501029171,SPC,28,22,10.0,635.4,6354.0,2024-02-05
2024020501029170,SPC,28,69,100.0,634.4,63440.0,2024-02-05
2024020501029169,SPC,28,6,50.0,634.4,31720.0,2024-02-05
2024020501029168,SPC,28,8,50.0,634.4,31720.0,2024-02-05
2024020501029167,SPC,28,41,500.0,634.4,317200.0,2024-02-05
2024020501029166,SPC,28,41,355.0,634.4,225212.0,2024-02-05
2024020501029165,SPC,28,10,434.0,634.0,275156.0,2024-02-05
2024020503006161,ALICL,28,44,200.0,689.0,137800.0,2024-02-05
2024020501029164,KDL,39,38,10.0,810.0,8100.0,2024-02-05
2024020501029163,MSHL,25,57,10.0,699.9,6999.0,2024-02-05
2024020501029162,MHL,45,25,214.0,428.0,91592.0,2024-02-05
2024020501029161,MHL,13,25,200.0,429.0,85800.0,2024-02-05
2024020501029160,MHL,45,25,10.0,430.0,4300.0,2024-02-05
2024020501029159,MHL,42,25,20.0,430.0,8600.0,2024-02-05
2024020501029158,MHL,43,25,180.0,430.0,77400.0,2024-02-05
2024020501029157,MHL,74,25,50.0,430.6,21530.0,2024-02-05
2024020501029156,MHL,5,25,50.0,430.7,21535.0,2024-02-05
2024020501029155,MHL,51,25,26.0,431.0,11206.0,2024-02-05
2024020501029154,MHL,33,25,30.0,431.1,12933.0,2024-02-05
2024020501029153,MHL,39,25,20.0,431.1,8622.0,2024-02-05
2024020504011612,RADHI,13,49,200.0,269.0,53800.0,2024-02-05
2024020501029152,SONA,48,29,10.0,459.0,4590.0,2024-02-05
2024020503006160,SAPDBL,17,48,10.0,253.0,2530.0,2024-02-05
2024020501029151,HATHY,69,4,50.0,973.0,48650.0,2024-02-05
2024020501029150,HATHY,69,13,30.0,971.9,29157.0,2024-02-05
2024020501029149,HATHY,69,55,10.0,970.0,9700.0,2024-02-05
2024020501029148,HATHY,69,45,500.0,970.0,485000.0,2024-02-05
2024020501029147,HATHY,69,49,10.0,970.0,9700.0,2024-02-05
2024020503006159,ICFC,52,38,30.0,477.6,14328.0,2024-02-05
2024020504011611,CGH,18,41,100.0,903.0,90300.0,2024-02-05
2024020504011610,AKPL,34,57,300.0,195.7,58710.0,2024-02-05
2024020501029146,GVL,66,51,120.0,445.0,53400.0,2024-02-05
2024020501029145,GVL,66,87,10.0,445.0,4450.0,2024-02-05
2024020501029144,GVL,66,58,10.0,445.0,4450.0,2024-02-05
2024020501029143,GVL,66,62,10.0,445.0,4450.0,2024-02-05
2024020501029142,GVL,66,42,10.0,445.0,4450.0,2024-02-05
2024020501029141,GVL,66,58,10.0,445.0,4450.0,2024-02-05
2024020501029140,GVL,66,41,10.0,445.0,4450.0,2024-02-05
2024020501029139,GVL,66,21,100.0,444.9,44490.0,2024-02-05
2024020501029138,GVL,66,42,10.0,444.8,4448.0,2024-02-05
2024020501029137,GVL,66,43,130.0,444.8,57824.0,2024-02-05
2024020501029136,GVL,66,41,500.0,444.7,222350.0,2024-02-05
2024020501029135,GVL,66,57,10.0,444.5,4445.0,2024-02-05
2024020501029134,GVL,66,5,70.0,444.0,31080.0,2024-02-05
2024020505009650,CIT,34,38,10.0,2097.0,20970.0,2024-02-05
2024020504011609,HDHPC,49,35,50.0,146.8,7340.0,2024-02-05
2024020501029133,ULBSL,49,16,60.0,1120.0,67200.0,2024-02-05
2024020501029132,ULBSL,49,38,16.0,1120.0,17920.0,2024-02-05
2024020501029131,ULBSL,49,41,10.0,1120.0,11200.0,2024-02-05
2024020501029130,RFPL,62,7,60.0,311.0,18660.0,2024-02-05
2024020503006158,HLBSL,41,38,20.0,594.2,11884.0,2024-02-05
2024020503006157,HLBSL,41,40,10.0,590.0,5900.0,2024-02-05
2024020501029129,IHL,40,58,10.0,327.0,3270.0,2024-02-05
2024020501029128,RAWA,19,58,20.0,510.0,10200.0,2024-02-05
2024020501029127,RAWA,19,34,20.0,510.0,10200.0,2024-02-05
2024020501029126,RAWA,19,58,10.0,510.0,5100.0,2024-02-05
2024020501029125,RAWA,19,40,100.0,509.0,50900.0,2024-02-05
2024020503006156,ALICL,44,44,10.0,689.0,6890.0,2024-02-05
2024020504011608,LEC,71,34,10.0,212.0,2120.0,2024-02-05
2024020501029124,SMHL,33,20,20.0,459.0,9180.0,2024-02-05
2024020501029123,SMHL,33,47,10.0,459.0,4590.0,2024-02-05
2024020501029122,SMHL,33,1,10.0,458.0,4580.0,2024-02-05
2024020501029121,SMHL,33,17,10.0,458.0,4580.0,2024-02-05
2024020501029120,SMHL,33,36,50.0,458.0,22900.0,2024-02-05
2024020501029119,GBIME,43,11,50.0,193.6,9680.0,2024-02-05
2024020501029118,BHPL,17,36,20.0,470.0,9400.0,2024-02-05
2024020501029117,KDL,47,38,20.0,810.0,16200.0,2024-02-05
2024020505009649,HRL,39,62,300.0,686.0,205800.0,2024-02-05
2024020504011607,BARUN,94,49,21.0,279.4,5867.4,2024-02-05
2024020504011606,BARUN,94,58,59.0,279.3,16478.7,2024-02-05
2024020501029116,PPL,22,29,100.0,363.0,36300.0,2024-02-05
2024020501029115,PPL,22,70,210.0,363.0,76230.0,2024-02-05
2024020501029114,PPL,22,72,10.0,363.0,3630.0,2024-02-05
2024020501029113,PPL,22,71,100.0,357.0,35700.0,2024-02-05
2024020501029112,PPL,22,34,500.0,357.0,178500.0,2024-02-05
2024020501029111,PPL,22,70,10.0,357.0,3570.0,2024-02-05
2024020501029110,PPL,22,36,1000.0,339.6,339600.0,2024-02-05
2024020501029109,PPL,22,45,100.0,339.6,33960.0,2024-02-05
2024020501029108,PPL,22,49,30.0,339.0,10170.0,2024-02-05
2024020501029107,PPL,22,55,50.0,338.1,16905.0,2024-02-05
2024020501029106,PPL,22,40,510.0,338.0,172380.0,2024-02-05
2024020501029105,PPL,22,34,800.0,338.0,270400.0,2024-02-05
2024020501029104,PPL,22,49,250.0,338.0,84500.0,2024-02-05
2024020501029103,PPL,22,38,100.0,337.9,33790.0,2024-02-05
2024020501029102,PPL,22,55,10.0,337.6,3376.0,2024-02-05
2024020501029101,PPL,22,17,400.0,337.6,135040.0,2024-02-05
2024020501029100,PPL,22,45,10.0,337.5,3375.0,2024-02-05
2024020501029099,PPL,22,34,1500.0,336.6,504900.0,2024-02-05
2024020501029098,PPL,22,22,200.0,336.6,67320.0,2024-02-05
2024020501029097,PPL,22,45,100.0,336.6,33660.0,2024-02-05
2024020501029096,PPL,22,22,10.0,336.6,3366.0,2024-02-05
2024020501029095,PPL,22,72,1000.0,336.0,336000.0,2024-02-05
2024020501029094,PPL,22,45,1000.0,335.0,335000.0,2024-02-05
2024020501029093,PPL,22,17,10.0,335.0,3350.0,2024-02-05
2024020501029092,PPL,22,38,10.0,335.0,3350.0,2024-02-05
2024020501029091,PPL,22,21,300.0,334.9,100470.0,2024-02-05
2024020501029090,PPL,22,18,200.0,334.7,66940.0,2024-02-05
2024020501029089,PPL,22,14,10.0,334.0,3340.0,2024-02-05
2024020501029088,PPL,22,34,10.0,334.0,3340.0,2024-02-05
2024020501029087,PPL,22,16,500.0,333.5,166750.0,2024-02-05
2024020501029086,PPL,22,58,100.0,333.0,33300.0,2024-02-05
2024020501029085,PPL,22,47,500.0,333.0,166500.0,2024-02-05
2024020501029084,PPL,22,58,13.0,333.0,4329.0,2024-02-05
2024020501029083,NYADI,6,16,160.0,270.2,43232.0,2024-02-05
2024020504011605,API,49,16,123.0,199.0,24477.0,2024-02-05
2024020503006155,NABBC,32,55,10.0,405.8,4058.0,2024-02-05
2024020501029082,SPC,64,10,556.0,634.0,352504.0,2024-02-05
2024020501029081,SPC,64,25,10.0,634.0,6340.0,2024-02-05
2024020501029080,SPC,64,52,40.0,633.4,25336.0,2024-02-05
2024020501029079,SPC,64,54,100.0,633.4,63340.0,2024-02-05
2024020501029078,SPC,64,43,100.0,632.9,63290.0,2024-02-05
2024020501029077,SPC,64,45,30.0,631.0,18930.0,2024-02-05
2024020501029076,SPC,64,71,100.0,630.1,63010.0,2024-02-05
2024020501029075,SPC,64,59,10.0,630.0,6300.0,2024-02-05
2024020501029074,SPC,64,28,10.0,626.0,6260.0,2024-02-05
2024020501029073,SPC,64,53,10.0,625.0,6250.0,2024-02-05
2024020501029072,SPC,64,28,10.0,625.0,6250.0,2024-02-05
2024020501029071,SPC,64,16,10.0,624.0,6240.0,2024-02-05
2024020501029070,SPC,64,28,14.0,623.0,8722.0,2024-02-05
2024020504011604,HURJA,41,6,10.0,302.9,3029.0,2024-02-05
2024020501029069,MHCL,62,52,20.0,491.8,9836.0,2024-02-05
2024020501029068,MEL,35,56,10.0,222.5,2225.0,2024-02-05
2024020501029067,MKHL,58,88,100.0,347.5,34750.0,2024-02-05
2024020504011603,BPCL,58,34,10.0,313.0,3130.0,2024-02-05
2024020505009648,NTC,58,86,737.0,951.5,701255.5,2024-02-05
2024020505009647,NTC,58,58,100.0,951.5,95150.0,2024-02-05
2024020505009646,NTC,58,55,400.0,944.0,377600.0,2024-02-05
2024020505009645,NTC,58,44,2000.0,940.0,1880000.0,2024-02-05
2024020505009644,NTC,58,49,10.0,902.0,9020.0,2024-02-05
2024020505009643,NTC,58,48,116.0,902.0,104632.0,2024-02-05
2024020505009642,NTC,58,14,200.0,894.5,178900.0,2024-02-05
2024020505009641,NTC,58,33,20.0,894.5,17890.0,2024-02-05
2024020505009640,NTC,58,26,30.0,894.4,26832.0,2024-02-05
2024020505009639,NTC,58,33,10.0,894.0,8940.0,2024-02-05
2024020505009638,NTC,58,58,100.0,894.0,89400.0,2024-02-05
2024020505009637,NTC,58,58,229.0,893.7,204657.3,2024-02-05
2024020505009636,NTC,58,39,25.0,893.0,22325.0,2024-02-05
2024020505009635,NTC,58,35,10.0,892.6,8926.0,2024-02-05
2024020505009634,NTC,58,54,1000.0,892.0,892000.0,2024-02-05
2024020505009633,NTC,58,28,50.0,890.4,44520.0,2024-02-05
2024020505009632,NTC,58,44,50.0,890.0,44500.0,2024-02-05
2024020505009631,NTC,58,48,20.0,890.0,17800.0,2024-02-05
2024020505009630,NTC,58,80,20.0,890.0,17800.0,2024-02-05
2024020505009629,NTC,58,54,20.0,890.0,17800.0,2024-02-05
2024020505009628,NTC,58,25,210.0,890.0,186900.0,2024-02-05
2024020505009627,NTC,58,6,200.0,890.0,178000.0,2024-02-05
2024020505009626,NTC,58,72,274.0,889.4,243695.6,2024-02-05
2024020505009625,NTC,58,57,275.0,889.4,244585.0,2024-02-05
2024020505009624,NTC,58,48,100.0,888.4,88840.0,2024-02-05
2024020505009623,NTC,58,47,10.0,888.0,8880.0,2024-02-05
2024020505009622,NTC,58,35,20.0,888.0,17760.0,2024-02-05
2024020505009621,NTC,58,8,100.0,888.0,88800.0,2024-02-05
2024020505009620,NTC,58,4,143.0,888.0,126984.0,2024-02-05
2024020505009619,NTC,58,34,50.0,887.5,44375.0,2024-02-05
2024020505009618,NTC,58,57,100.0,887.5,88750.0,2024-02-05
2024020505009617,NTC,58,41,100.0,887.3,88730.0,2024-02-05
2024020505009616,NTC,58,11,100.0,887.0,88700.0,2024-02-05
2024020505009615,NTC,58,45,10.0,887.0,8870.0,2024-02-05
2024020505009614,NTC,58,33,100.0,886.3,88630.0,2024-02-05
2024020505009613,NTC,58,42,300.0,886.0,265800.0,2024-02-05
2024020505009612,NTC,58,7,93.0,885.3,82332.9,2024-02-05
2024020505009611,NTC,58,16,100.0,885.3,88530.0,2024-02-05
2024020505009610,NTC,58,58,10.0,885.3,8853.0,2024-02-05
2024020505009609,NTC,58,7,10.0,885.0,8850.0,2024-02-05
2024020505009608,NTC,58,57,50.0,885.0,44250.0,2024-02-05
2024020505009607,NTC,58,51,17.0,885.0,15045.0,2024-02-05
2024020505009606,NTC,58,53,65.0,885.0,57525.0,2024-02-05
2024020505009605,NTC,58,58,15.0,885.0,13275.0,2024-02-05
2024020505009604,NTC,58,3,50.0,885.0,44250.0,2024-02-05
2024020505009603,NTC,58,6,50.0,884.0,44200.0,2024-02-05
2024020505009602,NTC,58,4,50.0,883.3,44165.0,2024-02-05
2024020505009601,NTC,58,43,10.0,883.1,8831.0,2024-02-05
2024020505009600,NTC,58,34,50.0,883.0,44150.0,2024-02-05
2024020505009599,NTC,58,17,100.0,883.0,88300.0,2024-02-05
2024020505009598,NTC,58,45,20.0,882.0,17640.0,2024-02-05
2024020505009597,NTC,58,28,150.0,882.0,132300.0,2024-02-05
2024020505009596,NTC,58,58,210.0,881.0,185010.0,2024-02-05
2024020505009595,NTC,58,56,220.0,881.0,193820.0,2024-02-05
2024020505009594,NTC,58,56,500.0,881.0,440500.0,2024-02-05
2024020505009593,NTC,58,16,100.0,880.0,88000.0,2024-02-05
2024020505009592,NTC,58,42,200.0,880.0,176000.0,2024-02-05
2024020505009591,NTC,58,33,50.0,880.0,44000.0,2024-02-05
2024020505009590,NTC,58,54,20.0,879.0,17580.0,2024-02-05
2024020505009589,NTC,58,40,100.0,877.0,87700.0,2024-02-05
2024020505009588,NTC,58,5,500.0,877.0,438500.0,2024-02-05
2024020505009587,NTC,58,58,10.0,876.0,8760.0,2024-02-05
2024020505009586,NTC,58,35,315.0,876.0,275940.0,2024-02-05
2024020505009585,NTC,58,59,130.0,875.0,113750.0,2024-02-05
2024020505009584,NTC,58,74,120.0,875.0,105000.0,2024-02-05
2024020505009583,NTC,58,35,10.0,872.0,8720.0,2024-02-05
2024020505009582,NTC,58,42,140.0,872.0,122080.0,2024-02-05
2024020505009581,NTC,58,58,10.0,871.9,8719.0,2024-02-05
2024020505009580,NTC,58,4,10.0,871.9,8719.0,2024-02-05
2024020505009579,NTC,58,45,200.0,871.0,174200.0,2024-02-05
2024020505009578,NTC,58,22,50.0,871.0,43550.0,2024-02-05
2024020505009577,NTC,58,58,100.0,870.5,87050.0,2024-02-05
2024020505009576,NTC,58,22,20.0,870.0,17400.0,2024-02-05
2024020505009575,NTC,58,22,20.0,870.0,17400.0,2024-02-05
2024020505009574,NTC,58,29,50.0,870.0,43500.0,2024-02-05
2024020505009573,NTC,58,22,10.0,870.0,8700.0,2024-02-05
2024020505009572,NTC,58,70,60.0,870.0,52200.0,2024-02-05
2024020505009571,NTC,58,49,86.0,870.0,74820.0,2024-02-05
2024020505009570,NTC,58,51,140.0,869.9,121786.0,2024-02-05
2024020505009569,NTC,58,57,100.0,868.5,86850.0,2024-02-05
2024020505009568,NTC,58,51,440.0,868.4,382096.0,2024-02-05
2024020504011602,NGPL,26,18,1000.0,345.0,345000.0,2024-02-05
2024020501029066,NRM,14,57,30.0,376.0,11280.0,2024-02-05
2024020504011601,HDHPC,57,35,111.0,146.8,16294.8,2024-02-05
2024020501029065,AVYAN,22,42,20.0,596.1,11922.0,2024-02-05
2024020501029064,NRM,50,46,300.0,376.0,112800.0,2024-02-05
2024020504011600,HDHPC,58,50,400.0,146.6,58640.0,2024-02-05
2024020504011599,HDHPC,51,50,600.0,146.6,87960.0,2024-02-05
2024020501029063,NBL,42,25,100.0,229.1,22910.0,2024-02-05
2024020501029062,HDL,25,42,15.0,1610.0,24150.0,2024-02-05
2024020501029061,HDL,25,8,145.0,1610.0,233450.0,2024-02-05
2024020504011598,OHL,62,29,150.0,785.0,117750.0,2024-02-05
2024020501029060,SPC,7,28,186.0,623.0,115878.0,2024-02-05
2024020501029059,SPC,7,28,30.0,623.0,18690.0,2024-02-05
2024020501029058,SPC,7,37,14.0,622.0,8708.0,2024-02-05
2024020501029057,HDL,38,8,45.0,1610.0,72450.0,2024-02-05
2024020501029056,CKHL,41,38,10.0,495.1,4951.0,2024-02-05
2024020501029055,GVL,66,5,10.0,444.0,4440.0,2024-02-05
2024020501029054,GVL,66,6,30.0,443.0,13290.0,2024-02-05
2024020501029053,MEL,32,49,10.0,221.3,2213.0,2024-02-05
2024020503006154,FMDBL,62,26,10.0,618.0,6180.0,2024-02-05
2024020501029052,MSHL,75,64,10.0,686.0,6860.0,2024-02-05
2024020501029051,BHPL,1,36,50.0,470.0,23500.0,2024-02-05
2024020501029050,BHPL,44,36,10.0,470.0,4700.0,2024-02-05
2024020501029049,BHPL,44,19,10.0,467.0,4670.0,2024-02-05
2024020504011597,SGIC,58,40,10.0,521.0,5210.0,2024-02-05
2024020504011596,GHL,72,52,85.0,183.0,15555.0,2024-02-05
2024020504011595,GHL,72,36,10.0,182.9,1829.0,2024-02-05
2024020504011594,GHL,72,19,50.0,182.8,9140.0,2024-02-05
2024020504011593,GHL,72,34,35.0,182.5,6387.5,2024-02-05
2024020504011592,GHL,72,58,20.0,182.0,3640.0,2024-02-05
2024020501029048,UHEWA,42,45,10.0,338.2,3382.0,2024-02-05
2024020504011591,CGH,42,45,85.0,902.0,76670.0,2024-02-05
2024020503006153,MDB,42,68,10.0,417.5,4175.0,2024-02-05
2024020504011590,JOSHI,28,72,10.0,273.7,2737.0,2024-02-05
2024020504011589,JOSHI,28,50,100.0,270.3,27030.0,2024-02-05
2024020504011588,JOSHI,28,52,1000.0,264.1,264100.0,2024-02-05
2024020504011587,JOSHI,28,16,245.0,262.1,64214.5,2024-02-05
2024020504011586,JOSHI,28,38,20.0,261.5,5230.0,2024-02-05
2024020504011585,JOSHI,28,45,247.0,261.5,64590.5,2024-02-05
2024020504011584,JOSHI,28,6,200.0,261.5,52300.0,2024-02-05
2024020504011583,JOSHI,28,57,55.0,261.3,14371.5,2024-02-05
2024020504011582,JOSHI,28,58,250.0,261.1,65275.0,2024-02-05
2024020504011581,JOSHI,28,43,20.0,261.0,5220.0,2024-02-05
2024020504011580,JOSHI,28,17,400.0,261.0,104400.0,2024-02-05
2024020504011579,JOSHI,28,7,200.0,260.8,52160.0,2024-02-05
2024020504011578,JOSHI,28,50,110.0,260.5,28655.0,2024-02-05
2024020504011577,JOSHI,28,44,20.0,260.4,5208.0,2024-02-05
2024020504011576,JOSHI,28,46,10.0,260.3,2603.0,2024-02-05
2024020504011575,JOSHI,28,25,200.0,260.1,52020.0,2024-02-05
2024020504011574,JOSHI,28,42,40.0,260.0,10400.0,2024-02-05
2024020504011573,JOSHI,28,58,40.0,260.0,10400.0,2024-02-05
2024020504011572,JOSHI,28,55,15.0,260.0,3900.0,2024-02-05
2024020504011571,JOSHI,28,58,36.0,260.0,9360.0,2024-02-05
2024020504011570,JOSHI,28,38,200.0,260.0,52000.0,2024-02-05
2024020504011569,JOSHI,28,57,300.0,260.0,78000.0,2024-02-05
2024020504011568,JOSHI,28,22,50.0,260.0,13000.0,2024-02-05
2024020504011567,JOSHI,28,25,100.0,260.0,26000.0,2024-02-05
2024020504011566,JOSHI,28,45,276.0,260.0,71760.0,2024-02-05
2024020504011565,JOSHI,28,19,20.0,260.0,5200.0,2024-02-05
2024020504011564,JOSHI,28,59,500.0,260.0,130000.0,2024-02-05
2024020504011563,JOSHI,28,58,20.0,260.0,5200.0,2024-02-05
2024020504011562,JOSHI,28,22,90.0,259.2,23328.0,2024-02-05
2024020504011561,JOSHI,28,35,190.0,259.0,49210.0,2024-02-05
2024020504011560,JOSHI,28,66,960.0,259.0,248640.0,2024-02-05
2024020504011559,AKJCL,28,48,10.0,227.0,2270.0,2024-02-05
2024020501029047,VLUCL,50,67,20.0,513.0,10260.0,2024-02-05
2024020501029046,NWCL,57,77,10.0,767.3,7673.0,2024-02-05
2024020504011558,SHL,45,51,4825.0,457.0,2205025.0,2024-02-05
2024020504011557,SHL,4,51,175.0,457.1,79992.5,2024-02-05
2024020501029045,PHCL,6,38,10.0,316.0,3160.0,2024-02-05
2024020501029044,PHCL,49,38,50.0,316.0,15800.0,2024-02-05
2024020503006152,MLBSL,5,55,10.0,1698.0,16980.0,2024-02-05
2024020505009567,HRL,54,11,10.0,685.6,6856.0,2024-02-05
2024020503006151,SADBL,44,32,10.0,303.9,3039.0,2024-02-05
2024020504011556,API,8,16,540.0,199.0,107460.0,2024-02-05
2024020501029043,PPL,53,45,60.0,330.0,19800.0,2024-02-05
2024020504011555,PPCL,33,26,12.0,257.1,3085.2,2024-02-05
2024020501029042,CKHL,41,14,10.0,495.1,4951.0,2024-02-05
2024020505009566,NIFRA,56,45,1000.0,224.9,224900.0,2024-02-05
2024020505009565,HRL,42,57,10.0,685.8,6858.0,2024-02-05
2024020504011554,PMHPL,57,42,30.0,255.0,7650.0,2024-02-05
2024020504011553,PMHPL,39,42,100.0,255.0,25500.0,2024-02-05
2024020504011552,PMHPL,39,42,13.0,256.0,3328.0,2024-02-05
2024020501029041,HDL,37,54,10.0,1609.9,16099.0,2024-02-05
2024020501029040,NESDO,36,11,10.0,1687.0,16870.0,2024-02-05
2024020504011551,CGH,22,35,19.0,900.0,17100.0,2024-02-05
2024020504011550,CGH,57,35,99.0,900.0,89100.0,2024-02-05
2024020504011549,CGH,19,35,50.0,900.0,45000.0,2024-02-05
2024020504011548,CGH,52,35,20.0,900.0,18000.0,2024-02-05
2024020504011547,CGH,45,35,45.0,900.0,40500.0,2024-02-05
2024020504011546,CGH,3,35,50.0,900.0,45000.0,2024-02-05
2024020504011545,CGH,18,35,100.0,900.0,90000.0,2024-02-05
2024020504011544,CGH,49,35,30.0,900.0,27000.0,2024-02-05
2024020504011543,CGH,55,35,113.0,900.0,101700.0,2024-02-05
2024020504011542,CGH,25,35,100.0,900.1,90010.0,2024-02-05
2024020504011541,CGH,4,35,75.0,900.1,67507.5,2024-02-05
2024020504011540,CGH,34,35,100.0,900.2,90020.0,2024-02-05
2024020504011539,CGH,34,35,100.0,901.0,90100.0,2024-02-05
2024020504011538,CGH,21,35,10.0,901.0,9010.0,2024-02-05
2024020504011537,CGH,41,35,89.0,901.0,80189.0,2024-02-05
2024020501029039,SMHL,77,35,10.0,457.0,4570.0,2024-02-05
2024020505009564,HIDCL,1,4,100.0,185.3,18530.0,2024-02-05
2024020501029038,HHL,58,6,10.0,324.0,3240.0,2024-02-05
2024020501029037,HATHY,33,77,15.0,970.0,14550.0,2024-02-05
2024020503006150,KSBBL,43,4,331.0,346.1,114559.1,2024-02-05
2024020504011536,AHPC,45,6,1000.0,205.4,205400.0,2024-02-05
2024020501029036,GBIME,42,14,1304.0,193.5,252324.0,2024-02-05
2024020503006149,ALICL,75,57,582.0,685.0,398670.0,2024-02-05
2024020503006148,ALICL,8,57,500.0,685.0,342500.0,2024-02-05
2024020503006147,ALICL,38,57,50.0,685.0,34250.0,2024-02-05
2024020503006146,ALICL,48,57,10.0,685.0,6850.0,2024-02-05
2024020503006145,ALICL,19,57,10.0,685.1,6851.0,2024-02-05
2024020503006144,ALICL,19,57,20.0,685.1,13702.0,2024-02-05
2024020503006143,ALICL,56,57,44.0,685.7,30170.8,2024-02-05
2024020503006142,ALICL,91,57,334.0,686.0,229124.0,2024-02-05
2024020503006141,ALICL,26,57,100.0,686.0,68600.0,2024-02-05
2024020503006140,ALICL,18,57,200.0,687.0,137400.0,2024-02-05
2024020501029035,HHL,39,53,10.0,324.0,3240.0,2024-02-05
2024020501029034,UNLB,33,13,15.0,1230.1,18451.5,2024-02-05
2024020504011535,RIDI,56,48,90.0,221.0,19890.0,2024-02-05
2024020503006139,SIFC,63,48,10.0,355.5,3555.0,2024-02-05
2024020505009563,CIT,66,49,24.0,2090.1,50162.4,2024-02-05
2024020505009562,CIT,38,49,12.0,2091.0,25092.0,2024-02-05
2024020505009561,CIT,28,49,10.0,2091.0,20910.0,2024-02-05
2024020505009560,CIT,62,49,39.0,2091.0,81549.0,2024-02-05
2024020505009559,HRL,34,49,30.0,685.9,20577.0,2024-02-05
2024020501029033,GCIL,34,35,10.0,505.0,5050.0,2024-02-05
2024020501029032,MKHC,14,41,31.0,270.0,8370.0,2024-02-05
2024020504011534,UMHL,41,49,15.0,281.0,4215.0,2024-02-05
2024020504011533,NGPL,84,72,333.0,344.0,114552.0,2024-02-05
2024020504011532,NGPL,43,72,500.0,344.0,172000.0,2024-02-05
2024020504011531,NGPL,42,72,10.0,344.0,3440.0,2024-02-05
2024020504011530,NGPL,55,72,500.0,344.0,172000.0,2024-02-05
2024020504011529,NGPL,25,72,20.0,344.0,6880.0,2024-02-05
2024020504011528,NGPL,50,72,100.0,344.0,34400.0,2024-02-05
2024020504011527,NGPL,53,72,50.0,344.0,17200.0,2024-02-05
2024020504011526,NGPL,26,72,100.0,344.0,34400.0,2024-02-05
2024020504011525,NGPL,46,72,45.0,344.0,15480.0,2024-02-05
2024020504011524,NGPL,58,72,1836.0,344.0,631584.0,2024-02-05
2024020504011523,NGPL,49,72,50.0,344.3,17215.0,2024-02-05
2024020504011522,NGPL,45,72,500.0,344.3,172150.0,2024-02-05
2024020504011521,NGPL,35,72,100.0,344.5,34450.0,2024-02-05
2024020504011520,NGPL,42,72,183.0,344.5,63043.5,2024-02-05
2024020504011519,NGPL,62,72,200.0,344.6,68920.0,2024-02-05
2024020504011518,NGPL,62,72,250.0,344.6,86150.0,2024-02-05
2024020504011517,NGPL,56,72,221.0,344.7,76178.7,2024-02-05
2024020501029031,SNLI,58,58,170.0,581.4,98838.0,2024-02-05
2024020501029030,SNLI,20,58,10.0,581.4,5814.0,2024-02-05
2024020501029029,SNLI,58,58,20.0,581.4,11628.0,2024-02-05
2024020501029028,NRM,50,43,200.0,376.0,75200.0,2024-02-05
2024020505009558,CIT,62,55,21.0,2091.0,43911.0,2024-02-05
2024020503006138,ALBSL,6,14,10.0,682.0,6820.0,2024-02-05
2024020503006137,ALBSL,6,57,10.0,681.0,6810.0,2024-02-05
2024020503006136,ALBSL,6,48,45.0,680.0,30600.0,2024-02-05
2024020503006135,ALBSL,6,6,28.0,680.0,19040.0,2024-02-05
2024020501029027,MHL,14,19,27.0,433.5,11704.5,2024-02-05
2024020501029026,MHL,14,39,440.0,433.0,190520.0,2024-02-05
2024020505009557,HRL,34,74,50.0,685.9,34295.0,2024-02-05
2024020501029025,JBLB,43,57,20.0,1315.0,26300.0,2024-02-05
2024020503006134,NFS,45,46,670.0,339.0,227130.0,2024-02-05
2024020504011516,MHNL,58,42,77.0,261.6,20143.2,2024-02-05
2024020504011515,MHNL,58,42,50.0,262.0,13100.0,2024-02-05
2024020504011514,UMHL,34,25,100.0,280.0,28000.0,2024-02-05
2024020503006133,SLBSL,17,59,11.0,812.0,8932.0,2024-02-05
2024020504011513,NGPL,56,38,29.0,344.7,9996.3,2024-02-05
2024020504011512,NGPL,56,38,91.0,344.7,31367.7,2024-02-05
2024020504011511,NGPL,56,38,80.0,344.7,27576.0,2024-02-05
2024020504011510,NGPL,81,38,300.0,344.8,103440.0,2024-02-05
2024020503006132,FMDBL,62,26,10.0,618.0,6180.0,2024-02-05
2024020505009556,HRL,34,35,10.0,685.7,6857.0,2024-02-05
2024020501029024,SONA,32,34,200.0,458.2,91640.0,2024-02-05
2024020501029023,RHGCL,34,41,510.0,282.5,144075.0,2024-02-05
2024020501029022,RHGCL,22,41,490.0,282.6,138474.0,2024-02-05
2024020503006131,BFC,35,26,34.0,331.0,11254.0,2024-02-05
2024020503006130,BFC,35,5,86.0,328.8,28276.8,2024-02-05
2024020505009555,HIDCL,1,4,200.0,185.3,37060.0,2024-02-05
2024020504011509,NGPL,19,18,200.0,345.0,69000.0,2024-02-05
2024020504011508,MHNL,58,47,10.0,265.0,2650.0,2024-02-05
2024020504011507,MHNL,58,64,125.0,263.0,32875.0,2024-02-05
2024020504011506,MHNL,58,64,50.0,263.0,13150.0,2024-02-05
2024020505009554,HRL,17,67,365.0,685.5,250207.5,2024-02-05
2024020505009553,HRL,29,67,15.0,685.6,10284.0,2024-02-05
2024020505009552,HRL,16,67,10.0,685.7,6857.0,2024-02-05
2024020505009551,HRL,54,67,100.0,685.7,68570.0,2024-02-05
2024020505009550,HRL,55,67,10.0,685.9,6859.0,2024-02-05
2024020504011505,JOSHI,48,66,10.0,259.0,2590.0,2024-02-05
2024020501029021,CLI,52,7,10.0,449.1,4491.0,2024-02-05
2024020505009549,CHDC,62,38,54.0,950.6,51332.4,2024-02-05
2024020505009548,CHDC,46,38,10.0,951.0,9510.0,2024-02-05
2024020505009547,CHDC,55,38,200.0,951.0,190200.0,2024-02-05
2024020505009546,CHDC,59,38,50.0,951.0,47550.0,2024-02-05
2024020505009545,CHDC,32,38,30.0,951.0,28530.0,2024-02-05
2024020505009544,CHDC,25,38,20.0,951.1,19022.0,2024-02-05
2024020505009543,CHDC,62,38,36.0,951.1,34239.6,2024-02-05
2024020504011504,IGI,49,49,50.0,557.0,27850.0,2024-02-05
2024020504011503,IGI,52,49,349.0,557.0,194393.0,2024-02-05
2024020501029020,MMKJL,34,81,10.0,422.0,4220.0,2024-02-05
2024020503006129,MDB,41,68,10.0,417.5,4175.0,2024-02-05
2024020501029019,EHPL,44,55,10.0,422.0,4220.0,2024-02-05
2024020501029018,IHL,40,58,50.0,327.0,16350.0,2024-02-05
2024020504011502,NIL,58,35,20.0,829.3,16586.0,2024-02-05
2024020504011501,NIL,58,34,12.0,828.0,9936.0,2024-02-05
2024020504011500,NIL,58,38,20.0,827.9,16558.0,2024-02-05
2024020504011499,NIL,58,57,230.0,826.5,190095.0,2024-02-05
2024020504011498,NIL,58,58,126.0,826.4,104126.4,2024-02-05
2024020504011497,NIL,58,57,88.0,826.0,72688.0,2024-02-05
2024020504011496,NIL,58,29,100.0,826.0,82600.0,2024-02-05
2024020501029017,RNLI,49,58,10.0,447.5,4475.0,2024-02-05
2024020501029016,MEL,32,45,45.0,221.3,9958.5,2024-02-05
2024020503006128,NFS,57,47,40.0,340.0,13600.0,2024-02-05
2024020503006127,NFS,57,55,200.0,340.0,68000.0,2024-02-05
2024020504011495,NGPL,51,18,50.0,345.0,17250.0,2024-02-05
2024020501029015,PPL,53,51,350.0,330.0,115500.0,2024-02-05
2024020501029014,SONA,32,48,10.0,458.2,4582.0,2024-02-05
2024020504011494,API,41,16,100.0,199.0,19900.0,2024-02-05
2024020504011493,API,45,16,10.0,199.0,1990.0,2024-02-05
2024020504011492,API,38,16,227.0,199.0,45173.0,2024-02-05
2024020505009542,BBC,6,3,10.0,3672.0,36720.0,2024-02-05
2024020505009541,BBC,50,3,10.0,3672.0,36720.0,2024-02-05
2024020505009540,HRL,38,62,712.0,686.0,488432.0,2024-02-05
2024020505009539,HRL,38,54,288.0,686.0,197568.0,2024-02-05
2024020504011491,NGPL,81,49,200.0,344.8,68960.0,2024-02-05
2024020504011490,RIDI,49,48,50.0,221.5,11075.0,2024-02-05
2024020501029013,MKCL,72,35,10.0,923.0,9230.0,2024-02-05
2024020501029012,SANIMA,49,35,50.0,243.3,12165.0,2024-02-05
2024020501029011,MAKAR,72,5,70.0,429.0,30030.0,2024-02-05
2024020501029010,MAKAR,72,58,10.0,429.0,4290.0,2024-02-05
2024020501029009,MAKAR,72,59,120.0,428.0,51360.0,2024-02-05
2024020501029008,MAKAR,72,4,100.0,426.5,42650.0,2024-02-05
2024020501029007,USHEC,33,82,990.0,353.0,349470.0,2024-02-05
2024020505009538,NRN,33,34,50.0,590.0,29500.0,2024-02-05
2024020505009537,NRN,33,72,150.0,590.0,88500.0,2024-02-05
2024020504011489,CGH,33,45,30.0,902.0,27060.0,2024-02-05
2024020505009536,HRL,33,45,30.0,685.6,20568.0,2024-02-05
2024020501029006,MANDU,14,35,10.0,683.0,6830.0,2024-02-05
2024020503006126,SIFC,56,48,10.0,355.5,3555.0,2024-02-05
2024020501029005,SIKLES,49,39,181.0,500.0,90500.0,2024-02-05
2024020504011488,DHPL,42,1,170.0,210.0,35700.0,2024-02-05
2024020504011487,DHPL,42,17,50.0,210.0,10500.0,2024-02-05
2024020504011486,DHPL,42,39,300.0,210.0,63000.0,2024-02-05
2024020504011485,DHPL,42,94,180.0,210.0,37800.0,2024-02-05
2024020504011484,DHPL,42,28,300.0,209.9,62970.0,2024-02-05
2024020504011483,NGPL,84,18,500.0,345.0,172500.0,2024-02-05
2024020501029004,GCIL,34,29,230.0,502.7,115621.0,2024-02-05
2024020501029003,GCIL,34,29,50.0,502.8,25140.0,2024-02-05
2024020501029002,GCIL,45,29,90.0,503.0,45270.0,2024-02-05
2024020501029001,GCIL,49,29,30.0,503.0,15090.0,2024-02-05
2024020501029000,GCIL,28,29,100.0,503.0,50300.0,2024-02-05
2024020501028999,RFPL,29,7,1280.0,311.0,398080.0,2024-02-05
2024020501028998,RFPL,29,48,100.0,311.0,31100.0,2024-02-05
2024020501028997,RFPL,29,21,100.0,310.9,31090.0,2024-02-05
2024020501028996,RFPL,29,35,10.0,310.0,3100.0,2024-02-05
2024020501028995,RFPL,29,44,10.0,310.0,3100.0,2024-02-05
2024020501028994,MEL,16,56,10.0,222.5,2225.0,2024-02-05
2024020501028993,MEL,16,49,10.0,222.0,2220.0,2024-02-05
2024020501028992,ULHC,3,55,180.0,309.0,55620.0,2024-02-05
2024020501028991,ULHC,3,43,70.0,309.0,21630.0,2024-02-05
2024020501028990,ULHC,3,34,100.0,308.0,30800.0,2024-02-05
2024020501028989,ULHC,3,19,10.0,308.0,3080.0,2024-02-05
2024020501028988,ULHC,3,32,10.0,308.0,3080.0,2024-02-05
2024020501028987,ULHC,3,35,10.0,308.0,3080.0,2024-02-05
2024020501028986,ULHC,3,41,10.0,308.0,3080.0,2024-02-05
2024020501028985,ULHC,3,13,510.0,308.0,157080.0,2024-02-05
2024020501028984,ULHC,3,48,10.0,308.0,3080.0,2024-02-05
2024020501028983,ULHC,3,8,10.0,308.0,3080.0,2024-02-05
2024020501028982,ULHC,3,4,360.0,307.9,110844.0,2024-02-05
2024020501028981,ULHC,3,16,10.0,307.5,3075.0,2024-02-05
2024020501028980,ULHC,3,45,10.0,307.5,3075.0,2024-02-05
2024020503006125,LBBL,58,49,136.0,393.0,53448.0,2024-02-05
2024020503006124,LBBL,14,49,100.0,393.1,39310.0,2024-02-05
2024020503006123,LBBL,49,49,14.0,393.1,5503.4,2024-02-05
2024020501028979,NICA,62,29,20.0,474.9,9498.0,2024-02-05
2024020505009535,HRL,33,5,30.0,685.6,20568.0,2024-02-05
2024020504011482,CGH,32,45,20.0,902.0,18040.0,2024-02-05
2024020503006122,SKBBL,74,57,90.0,848.0,76320.0,2024-02-05
2024020501028978,TVCL,64,14,20.0,531.5,10630.0,2024-02-05
2024020505009534,HRL,25,14,10.0,685.7,6857.0,2024-02-05
2024020505009533,NIFRA,4,45,64.0,224.2,14348.8,2024-02-05
2024020505009532,NIFRA,62,45,50.0,224.2,11210.0,2024-02-05
2024020505009531,NIFRA,58,45,100.0,224.3,22430.0,2024-02-05
2024020505009530,NIFRA,14,45,100.0,224.3,22430.0,2024-02-05
2024020505009529,NIFRA,45,45,295.0,224.4,66198.0,2024-02-05
2024020505009528,NIFRA,49,45,69.0,224.4,15483.6,2024-02-05
2024020505009527,NIFRA,38,45,40.0,224.5,8980.0,2024-02-05
2024020505009526,NIFRA,58,45,182.0,224.6,40877.2,2024-02-05
2024020501028977,DORDI,53,57,10.0,388.0,3880.0,2024-02-05
2024020501028976,NWCL,57,58,10.0,767.3,7673.0,2024-02-05
2024020505009525,HRL,58,54,1490.0,686.0,1022140.0,2024-02-05
2024020501028975,BNT,58,51,10.0,12185.0,121850.0,2024-02-05
2024020501028974,BNT,58,42,10.0,12180.0,121800.0,2024-02-05
2024020505009524,HRL,58,58,10.0,685.8,6858.0,2024-02-05
2024020504011481,SSHL,71,37,250.0,176.2,44050.0,2024-02-05
2024020504011480,SSHL,1,37,290.0,176.2,51098.0,2024-02-05
2024020504011479,SSHL,58,37,400.0,176.5,70600.0,2024-02-05
2024020504011478,SSHL,6,37,50.0,176.5,8825.0,2024-02-05
2024020504011477,SSHL,28,37,500.0,176.6,88300.0,2024-02-05
2024020504011476,SSHL,59,37,1000.0,176.9,176900.0,2024-02-05
2024020504011475,SSHL,22,37,500.0,177.0,88500.0,2024-02-05
2024020504011474,SSHL,39,37,300.0,177.0,53100.0,2024-02-05
2024020504011473,SSHL,41,37,50.0,177.0,8850.0,2024-02-05
2024020504011472,SSHL,43,37,500.0,177.0,88500.0,2024-02-05
2024020504011471,SSHL,54,37,100.0,177.0,17700.0,2024-02-05
2024020504011470,SSHL,48,37,60.0,177.0,10620.0,2024-02-05
2024020504011469,HDHPC,51,50,500.0,146.6,73300.0,2024-02-05
2024020504011468,SPIL,47,39,34.0,696.0,23664.0,2024-02-05
2024020505009523,ENL,42,38,10.0,810.0,8100.0,2024-02-05
2024020504011467,GLH,34,42,10.0,248.1,2481.0,2024-02-05
2024020501028973,MEHL,16,33,40.0,283.1,11324.0,2024-02-05
2024020501028972,MANDU,33,16,230.0,676.0,155480.0,2024-02-05
2024020504011466,CHL,3,38,530.0,294.9,156297.0,2024-02-05
2024020501028971,MMKJL,69,3,10.0,417.0,4170.0,2024-02-05
2024020504011465,HDHPC,34,35,50.0,146.8,7340.0,2024-02-05
2024020504011464,API,39,1,397.0,199.0,79003.0,2024-02-05
2024020504011463,API,65,1,103.0,199.0,20497.0,2024-02-05
2024020505009522,HRL,25,47,20.0,685.7,13714.0,2024-02-05
2024020503006121,KSBBL,43,45,100.0,346.1,34610.0,2024-02-05
2024020501028970,GVL,3,58,10.0,440.1,4401.0,2024-02-05
2024020504011462,SPDL,48,51,10.0,274.9,2749.0,2024-02-05
2024020503006120,SMFBS,55,7,100.0,839.0,83900.0,2024-02-05
2024020503006119,SHINE,60,13,453.0,384.8,174314.4,2024-02-05
2024020503006118,SHINE,60,21,172.0,384.1,66065.2,2024-02-05
2024020503006117,SHINE,60,14,375.0,384.0,144000.0,2024-02-05
2024020501028969,BGWT,65,49,288.0,649.7,187113.6,2024-02-05
2024020501028968,BGWT,65,14,50.0,649.0,32450.0,2024-02-05
2024020501028967,BGWT,65,16,10.0,649.0,6490.0,2024-02-05
2024020501028966,BGWT,65,49,10.0,649.0,6490.0,2024-02-05
2024020501028965,BGWT,65,34,10.0,649.0,6490.0,2024-02-05
2024020501028964,BGWT,65,16,10.0,649.0,6490.0,2024-02-05
2024020501028963,BGWT,65,25,10.0,649.0,6490.0,2024-02-05
2024020501028962,BGWT,65,57,10.0,648.0,6480.0,2024-02-05
2024020501028961,BGWT,65,52,10.0,648.0,6480.0,2024-02-05
2024020501028960,BGWT,65,63,190.0,648.0,123120.0,2024-02-05
2024020501028959,BGWT,65,19,10.0,647.0,6470.0,2024-02-05
2024020501028958,BGWT,65,21,10.0,647.0,6470.0,2024-02-05
2024020501028957,BGWT,65,36,122.0,647.0,78934.0,2024-02-05
2024020501028956,BGWT,65,58,10.0,646.0,6460.0,2024-02-05
2024020501028955,BGWT,65,34,10.0,645.5,6455.0,2024-02-05
2024020501028954,BGWT,65,59,160.0,645.0,103200.0,2024-02-05
2024020501028953,BGWT,65,39,80.0,645.0,51600.0,2024-02-05
2024020505009521,HRL,25,52,30.0,685.7,20571.0,2024-02-05
2024020501028952,AHL,49,54,10.0,418.0,4180.0,2024-02-05
2024020501028951,AHL,49,58,10.0,417.5,4175.0,2024-02-05
2024020501028950,AHL,49,35,10.0,417.0,4170.0,2024-02-05
2024020504011461,UPPER,45,11,56.0,208.0,11648.0,2024-02-05
2024020504011460,UPPER,58,11,24.0,208.0,4992.0,2024-02-05
2024020501028949,MBL,32,32,10.0,182.1,1821.0,2024-02-05
2024020501028948,TPC,10,8,10.0,540.0,5400.0,2024-02-05
2024020501028947,RNLI,49,38,10.0,447.5,4475.0,2024-02-05
2024020501028946,UNLB,33,17,100.0,1230.1,123010.0,2024-02-05
2024020504011459,KKHC,57,88,24.0,238.0,5712.0,2024-02-05
2024020504011458,KKHC,57,88,50.0,238.0,11900.0,2024-02-05
2024020504011457,KKHC,14,88,50.0,238.0,11900.0,2024-02-05
2024020504011456,KKHC,14,88,87.0,238.0,20706.0,2024-02-05
2024020504011455,KKHC,54,88,76.0,238.1,18095.6,2024-02-05
2024020504011454,KKHC,58,88,13.0,239.1,3108.3,2024-02-05
2024020504011453,KKHC,51,88,50.0,239.2,11960.0,2024-02-05
2024020504011452,KKHC,51,88,50.0,239.3,11965.0,2024-02-05
2024020504011451,NGPL,55,18,150.0,345.0,51750.0,2024-02-05
2024020501028945,NICA,6,29,305.0,474.9,144844.5,2024-02-05
2024020501028944,NICA,6,33,50.0,474.8,23740.0,2024-02-05
2024020501028943,NICA,6,13,45.0,474.7,21361.5,2024-02-05
2024020505009520,HRL,45,54,148.0,686.0,101528.0,2024-02-05
2024020505009519,HRL,45,45,10.0,685.9,6859.0,2024-02-05
2024020501028942,GBIME,45,11,139.0,193.6,26910.4,2024-02-05
2024020503006116,SABSL,58,56,40.0,621.0,24840.0,2024-02-05
2024020505009518,HRL,45,57,342.0,685.9,234577.8,2024-02-05
2024020505009517,NIFRA,56,45,364.0,224.9,81863.6,2024-02-05
2024020505009516,NIFRA,56,74,636.0,224.9,143036.4,2024-02-05
2024020501028941,RNLI,49,58,10.0,447.5,4475.0,2024-02-05
2024020503006115,SJLIC,50,45,100.0,512.9,51290.0,2024-02-05
2024020503006114,KLBSL,39,7,10.0,869.0,8690.0,2024-02-05
2024020503006113,KLBSL,39,54,32.0,866.0,27712.0,2024-02-05
2024020501028940,SMHL,77,39,10.0,457.0,4570.0,2024-02-05
2024020505009515,HRL,25,70,200.0,685.7,137140.0,2024-02-05
2024020501028939,NICA,42,13,25.0,474.7,11867.5,2024-02-05
2024020501028938,NICA,42,33,50.0,474.6,23730.0,2024-02-05
2024020501028937,SONA,42,29,475.0,459.0,218025.0,2024-02-05
2024020501028936,SONA,42,58,10.0,459.0,4590.0,2024-02-05
2024020501028935,SONA,42,49,10.0,459.0,4590.0,2024-02-05
2024020501028934,SONA,42,11,405.0,459.0,185895.0,2024-02-05
2024020501028933,NMB,51,58,100.0,192.0,19200.0,2024-02-05
2024020503006112,SWMF,11,38,14.0,691.0,9674.0,2024-02-05
2024020501028932,MBJC,47,26,10.0,322.0,3220.0,2024-02-05
2024020501028931,MBJC,47,38,150.0,321.8,48270.0,2024-02-05
2024020501028930,MBJC,47,19,10.0,321.0,3210.0,2024-02-05
2024020501028929,MBJC,47,49,10.0,321.0,3210.0,2024-02-05
2024020501028928,MBJC,47,51,10.0,321.0,3210.0,2024-02-05
2024020503006111,CORBL,52,38,135.0,386.0,52110.0,2024-02-05
2024020501028927,VLUCL,45,67,50.0,513.0,25650.0,2024-02-05
2024020501028926,SNLI,45,34,10.0,582.0,5820.0,2024-02-05
2024020503006110,PROFL,42,49,10.0,319.7,3197.0,2024-02-05
2024020504011450,CGH,29,41,100.0,903.0,90300.0,2024-02-05
2024020501028925,NESDO,36,11,10.0,1687.0,16870.0,2024-02-05
2024020503006109,BFC,62,5,120.0,328.8,39456.0,2024-02-05
2024020501028924,HATHY,52,77,80.0,970.0,77600.0,2024-02-05
2024020501028923,HATHY,52,42,20.0,970.0,19400.0,2024-02-05
2024020501028922,HATHY,52,13,200.0,970.0,194000.0,2024-02-05
2024020504011449,UPPER,58,21,20.0,208.0,4160.0,2024-02-05
2024020504011448,AKPL,41,21,400.0,195.0,78000.0,2024-02-05
2024020501028921,MMKJL,69,4,10.0,417.0,4170.0,2024-02-05
2024020503006108,CFCL,54,47,10.0,337.0,3370.0,2024-02-05
2024020501028920,MSHL,7,47,50.0,686.1,34305.0,2024-02-05
2024020501028919,MSHL,45,47,10.0,686.1,6861.0,2024-02-05
2024020504011447,SICL,32,47,10.0,720.9,7209.0,2024-02-05
2024020501028918,TAMOR,38,16,100.0,397.0,39700.0,2024-02-05
2024020504011446,AKPL,6,21,100.0,195.0,19500.0,2024-02-05
2024020504011445,LEC,45,45,220.0,211.0,46420.0,2024-02-05
2024020501028917,NMB,58,50,20.0,192.0,3840.0,2024-02-05
2024020503006107,PROFL,63,48,90.0,316.1,28449.0,2024-02-05
2024020503006106,PROFL,4,48,10.0,316.2,3162.0,2024-02-05
2024020501028916,NBL,42,48,498.0,229.1,114091.8,2024-02-05
2024020501028915,NBL,32,48,141.0,229.2,32317.2,2024-02-05
2024020501028914,MLBS,34,45,10.0,710.0,7100.0,2024-02-05
2024020501028913,MLBS,34,68,10.0,710.0,7100.0,2024-02-05
2024020501028912,MLBS,34,47,10.0,710.0,7100.0,2024-02-05
2024020501028911,MLBS,34,41,10.0,710.0,7100.0,2024-02-05
2024020501028910,MLBS,34,55,200.0,710.0,142000.0,2024-02-05
2024020501028909,MLBS,34,38,30.0,710.0,21300.0,2024-02-05
2024020501028908,MLBS,34,34,10.0,710.0,7100.0,2024-02-05
2024020501028907,MLBS,34,45,10.0,709.0,7090.0,2024-02-05
2024020501028906,MKHL,59,35,10.0,347.0,3470.0,2024-02-05
2024020501028905,IHL,40,35,10.0,327.0,3270.0,2024-02-05
2024020504011444,SPDL,17,51,18.0,274.9,4948.2,2024-02-05
2024020504011443,SPDL,54,51,10.0,274.9,2749.0,2024-02-05
2024020505009514,NTC,74,51,10.0,868.4,8684.0,2024-02-05
2024020505009513,HRL,25,6,20.0,685.7,13714.0,2024-02-05
2024020503006105,SJLIC,50,6,9.0,502.0,4518.0,2024-02-05
2024020505009512,HIDCL,40,4,10.0,185.3,1853.0,2024-02-05
2024020501028904,BGWT,56,45,10.0,645.0,6450.0,2024-02-05
2024020501028903,JBLB,43,58,10.0,1315.0,13150.0,2024-02-05
2024020504011442,CGH,42,41,20.0,903.0,18060.0,2024-02-05
2024020501028902,MSHL,25,57,10.0,699.0,6990.0,2024-02-05
2024020501028901,IHL,21,7,20.0,327.8,6556.0,2024-02-05
2024020501028900,IHL,21,52,10.0,327.7,3277.0,2024-02-05
2024020504011441,GLH,21,41,250.0,249.5,62375.0,2024-02-05
2024020501028899,NRM,34,21,10.0,376.1,3761.0,2024-02-05
2024020505009511,HRL,25,19,20.0,685.7,13714.0,2024-02-05
2024020503006104,NUBL,33,1,49.0,641.8,31448.2,2024-02-05
2024020501028898,VLUCL,52,67,30.0,513.0,15390.0,2024-02-05
2024020501028897,VLUCL,38,67,20.0,513.0,10260.0,2024-02-05
2024020501028896,VLUCL,33,67,80.0,513.1,41048.0,2024-02-05
2024020503006103,ACLBSL,62,39,20.0,619.8,12396.0,2024-02-05
2024020501028895,IHL,40,42,10.0,327.0,3270.0,2024-02-05
2024020501028894,MKHC,42,58,10.0,271.0,2710.0,2024-02-05
2024020504011440,UPCL,51,4,40.0,233.0,9320.0,2024-02-05
2024020501028893,VLUCL,22,49,10.0,515.0,5150.0,2024-02-05
2024020501028892,RNLI,49,35,10.0,447.5,4475.0,2024-02-05
2024020501028891,SNLI,58,41,10.0,581.4,5814.0,2024-02-05
2024020504011439,AHPC,45,55,1200.0,205.4,246480.0,2024-02-05
2024020505009510,NRN,38,16,50.0,590.0,29500.0,2024-02-05
2024020504011438,RIDI,56,6,100.0,221.0,22100.0,2024-02-05
2024020505009509,HRL,33,6,10.0,685.6,6856.0,2024-02-05
2024020503006102,ALICL,33,56,10.0,690.0,6900.0,2024-02-05
2024020501028890,MEHL,4,33,18.0,283.1,5095.8,2024-02-05
2024020503006101,GUFL,57,45,300.0,560.0,168000.0,2024-02-05
2024020504011437,KPCL,42,33,13.0,432.0,5616.0,2024-02-05
2024020505009508,ENL,42,14,11.0,809.0,8899.0,2024-02-05
2024020504011436,BARUN,63,58,761.0,279.3,212547.3,2024-02-05
2024020504011435,BARUN,63,45,51.0,279.2,14239.2,2024-02-05
2024020504011434,BARUN,63,46,100.0,279.0,27900.0,2024-02-05
2024020504011433,BARUN,63,25,20.0,279.0,5580.0,2024-02-05
2024020504011432,BARUN,63,5,68.0,278.9,18965.2,2024-02-05
2024020501028889,RHGCL,22,49,10.0,282.6,2826.0,2024-02-05
2024020504011431,NHPC,46,71,900.0,168.0,151200.0,2024-02-05
2024020504011430,API,65,11,97.0,199.0,19303.0,2024-02-05
2024020504011429,API,43,11,70.0,199.0,13930.0,2024-02-05
2024020504011428,API,44,11,250.0,199.0,49750.0,2024-02-05
2024020504011427,API,42,11,103.0,199.0,20497.0,2024-02-05
2024020504011426,API,57,11,245.0,199.0,48755.0,2024-02-05
2024020504011425,API,38,11,200.0,199.0,39800.0,2024-02-05
2024020504011424,API,13,11,35.0,199.0,6965.0,2024-02-05
2024020504011423,API,14,34,250.0,199.2,49800.0,2024-02-05
2024020505009507,HRL,35,57,10.0,685.9,6859.0,2024-02-05
2024020505009506,HRL,33,1,10.0,685.6,6856.0,2024-02-05
2024020501028888,MKCL,38,7,10.0,924.0,9240.0,2024-02-05
2024020504011422,CGH,41,6,11.0,901.0,9911.0,2024-02-05
2024020504011421,CGH,44,6,100.0,901.0,90100.0,2024-02-05
2024020504011420,CGH,25,6,100.0,901.0,90100.0,2024-02-05
2024020504011419,CGH,18,6,50.0,901.1,45055.0,2024-02-05
2024020504011418,CGH,26,6,10.0,901.1,9011.0,2024-02-05
2024020504011417,CGH,52,6,50.0,901.1,45055.0,2024-02-05
2024020504011416,CGH,35,6,100.0,902.1,90210.0,2024-02-05
2024020504011415,CGH,32,6,30.0,903.0,27090.0,2024-02-05
2024020504011414,CGH,36,6,10.0,903.0,9030.0,2024-02-05
2024020504011413,CGH,17,6,20.0,903.0,18060.0,2024-02-05
2024020504011412,CGH,48,6,19.0,903.1,17158.9,2024-02-05
2024020504011411,CGH,38,69,110.0,905.0,99550.0,2024-02-05
2024020504011410,SPDL,42,20,17.0,273.2,4644.4,2024-02-05
2024020501028887,SPL,57,42,10.0,681.9,6819.0,2024-02-05
2024020501028886,LSL,39,13,10.0,167.0,1670.0,2024-02-05
2024020501028885,LSL,39,28,380.0,167.0,63460.0,2024-02-05
2024020501028884,LSL,39,21,49.0,167.0,8183.0,2024-02-05
2024020501028883,SMHL,77,40,10.0,457.0,4570.0,2024-02-05
2024020501028882,SMHL,77,45,10.0,457.0,4570.0,2024-02-05
2024020501028881,SMHL,77,45,10.0,457.0,4570.0,2024-02-05
2024020501028880,SMHL,77,49,10.0,457.0,4570.0,2024-02-05
2024020501028879,SMHL,77,58,10.0,456.9,4569.0,2024-02-05
2024020501028878,SMHL,77,38,10.0,456.0,4560.0,2024-02-05
2024020501028877,SMHL,77,26,740.0,455.0,336700.0,2024-02-05
2024020501028876,SMHL,77,58,30.0,455.0,13650.0,2024-02-05
2024020501028875,SMHL,77,34,30.0,454.0,13620.0,2024-02-05
2024020501028874,SONA,45,11,50.0,459.0,22950.0,2024-02-05
2024020501028873,MHL,58,39,10.0,433.0,4330.0,2024-02-05
2024020503006100,NICLBSL,42,19,20.0,593.6,11872.0,2024-02-05
2024020504011409,NGPL,45,18,150.0,345.0,51750.0,2024-02-05
2024020501028872,RNLI,49,48,10.0,447.5,4475.0,2024-02-05
2024020501028871,RNLI,49,57,10.0,447.5,4475.0,2024-02-05
2024020501028870,RNLI,49,58,10.0,447.5,4475.0,2024-02-05
2024020501028869,RNLI,49,64,10.0,447.5,4475.0,2024-02-05
2024020501028868,GCIL,34,35,10.0,505.0,5050.0,2024-02-05
2024020501028867,GCIL,34,25,10.0,505.0,5050.0,2024-02-05
2024020501028866,GCIL,34,59,50.0,505.0,25250.0,2024-02-05
2024020505009505,HRL,33,34,20.0,685.6,13712.0,2024-02-05
2024020505009504,HRL,13,44,10.0,685.7,6857.0,2024-02-05
2024020501028865,MBJC,51,55,10.0,320.1,3201.0,2024-02-05
2024020503006099,SHINE,60,40,15.0,382.7,5740.5,2024-02-05
2024020501028864,NBL,32,46,150.0,229.2,34380.0,2024-02-05
2024020503006098,NMFBS,57,34,30.0,1111.0,33330.0,2024-02-05
2024020505009503,HRL,13,57,40.0,685.7,27428.0,2024-02-05
2024020504011408,AHPC,42,45,510.0,205.5,104805.0,2024-02-05
2024020503006097,PFL,58,61,259.0,370.0,95830.0,2024-02-05
2024020505009502,HRL,41,29,1770.0,685.6,1213512.0,2024-02-05
2024020505009501,HRL,51,29,170.0,685.7,116569.0,2024-02-05
2024020504011407,SPIL,62,50,13.0,697.0,9061.0,2024-02-05
2024020501028863,MKCL,72,49,10.0,923.0,9230.0,2024-02-05
2024020503006096,SABSL,49,56,10.0,624.0,6240.0,2024-02-05
2024020501028862,CLI,26,49,20.0,450.0,9000.0,2024-02-05
2024020505009500,NRIC,42,32,100.0,779.0,77900.0,2024-02-05
2024020504011406,UMRH,11,81,500.0,390.0,195000.0,2024-02-05
2024020501028861,MHCL,62,8,100.0,491.8,49180.0,2024-02-05
2024020501028860,MHCL,39,8,190.0,491.8,93442.0,2024-02-05
2024020501028859,MHCL,72,8,20.0,492.0,9840.0,2024-02-05
2024020501028858,MHCL,58,8,10.0,492.0,4920.0,2024-02-05
2024020501028857,MHCL,44,8,500.0,492.1,246050.0,2024-02-05
2024020505009499,HRL,51,41,30.0,685.7,20571.0,2024-02-05
2024020501028856,NWCL,34,41,190.0,767.0,145730.0,2024-02-05
2024020501028855,NWCL,32,41,30.0,767.0,23010.0,2024-02-05
2024020501028854,NWCL,37,41,270.0,767.0,207090.0,2024-02-05
2024020501028853,NWCL,17,41,100.0,767.1,76710.0,2024-02-05
2024020501028852,NWCL,29,41,20.0,767.3,15346.0,2024-02-05
2024020503006095,MSLB,81,58,10.0,885.0,8850.0,2024-02-05
2024020501028851,MANDU,14,68,10.0,682.0,6820.0,2024-02-05
2024020501028850,MANDU,14,25,10.0,680.0,6800.0,2024-02-05
2024020503006094,MERO,6,58,32.0,550.0,17600.0,2024-02-05
2024020501028849,PHCL,58,38,40.0,316.1,12644.0,2024-02-05
2024020503006093,ICFC,17,38,50.0,478.0,23900.0,2024-02-05
2024020503006092,ICFC,59,38,50.0,478.0,23900.0,2024-02-05
2024020505009498,NIFRA,56,74,106.0,224.9,23839.4,2024-02-05
2024020505009497,NIFRA,56,33,894.0,224.8,200971.2,2024-02-05
2024020503006091,FOWAD,50,53,10.0,1101.9,11019.0,2024-02-05
2024020503006090,FOWAD,50,35,20.0,1095.0,21900.0,2024-02-05
2024020501028848,NABIL,34,57,60.0,475.0,28500.0,2024-02-05
2024020501028847,NABIL,1,57,50.0,475.0,23750.0,2024-02-05
2024020501028846,NABIL,28,57,10.0,475.0,4750.0,2024-02-05
2024020501028845,NABIL,58,57,10.0,475.0,4750.0,2024-02-05
2024020501028844,NABIL,34,57,170.0,475.0,80750.0,2024-02-05
2024020504011405,CGH,77,69,10.0,905.0,9050.0,2024-02-05
2024020501028843,HDL,58,54,11.0,1609.9,17708.9,2024-02-05
2024020504011404,UMRH,33,13,610.0,388.5,236985.0,2024-02-05
2024020504011403,UMRH,64,13,1000.0,388.6,388600.0,2024-02-05
2024020504011402,UMRH,58,13,120.0,388.7,46644.0,2024-02-05
2024020501028842,NWCL,45,52,10.0,768.0,7680.0,2024-02-05
2024020501028841,NIMB,29,34,1125.0,170.0,191250.0,2024-02-05
2024020501028840,NIMB,29,45,475.0,170.0,80750.0,2024-02-05
2024020501028839,SHIVM,49,28,1000.0,503.0,503000.0,2024-02-05
2024020501028838,NBL,34,36,15.0,229.5,3442.5,2024-02-05
2024020501028837,MKCL,72,32,10.0,923.0,9230.0,2024-02-05
2024020501028836,MCHL,35,49,270.0,330.0,89100.0,2024-02-05
2024020501028835,MCHL,35,35,10.0,330.0,3300.0,2024-02-05
2024020501028834,MCHL,35,58,10.0,330.0,3300.0,2024-02-05
2024020501028833,MCHL,35,55,10.0,330.0,3300.0,2024-02-05
2024020501028832,MCHL,35,35,110.0,330.0,36300.0,2024-02-05
2024020501028831,MCHL,35,35,60.0,329.0,19740.0,2024-02-05
2024020501028830,MCHL,35,14,160.0,329.0,52640.0,2024-02-05
2024020501028829,MCHL,35,34,370.0,328.0,121360.0,2024-02-05
2024020505009496,GIBF1,17,47,100.0,8.55,855.0,2024-02-05
2024020505009495,GIBF1,17,42,100.0,8.5,850.0,2024-02-05
2024020505009494,HRL,41,47,20.0,685.6,13712.0,2024-02-05
2024020501028828,SONA,32,14,200.0,458.2,91640.0,2024-02-05
2024020505009493,HIDCL,38,4,100.0,185.3,18530.0,2024-02-05
2024020504011401,AKPL,42,39,53.0,194.5,10308.5,2024-02-05
2024020501028827,CLI,42,76,10.0,451.0,4510.0,2024-02-05
2024020501028826,CLI,42,76,10.0,451.0,4510.0,2024-02-05
2024020501028825,CLI,42,72,10.0,451.0,4510.0,2024-02-05
2024020501028824,CLI,42,88,50.0,450.9,22545.0,2024-02-05
2024020501028823,CLI,42,41,10.0,450.5,4505.0,2024-02-05
2024020501028822,CLI,42,6,10.0,450.4,4504.0,2024-02-05
2024020501028821,VLUCL,33,58,10.0,513.1,5131.0,2024-02-05
2024020504011400,RHPL,29,36,10.0,293.0,2930.0,2024-02-05
2024020504011399,RHPL,6,36,30.0,293.0,8790.0,2024-02-05
2024020501028820,NICA,45,13,10.0,474.7,4747.0,2024-02-05
2024020505009492,NTC,38,29,28.0,866.0,24248.0,2024-02-05
2024020505009491,NTC,22,29,12.0,866.0,10392.0,2024-02-05
2024020501028819,GBIME,21,11,25.0,193.6,4840.0,2024-02-05
2024020501028818,SONA,49,11,425.0,459.0,195075.0,2024-02-05
2024020501028817,NABIL,34,32,30.0,475.0,14250.0,2024-02-05
2024020501028816,NABIL,57,32,20.0,475.1,9502.0,2024-02-05
2024020504011398,SALICO,32,19,500.0,673.0,336500.0,2024-02-05
2024020501028815,SAHAS,34,49,200.0,559.0,111800.0,2024-02-05
2024020501028814,MCHL,48,35,250.0,326.0,81500.0,2024-02-05
2024020501028813,MCHL,49,35,50.0,326.0,16300.0,2024-02-05
2024020501028812,SPC,28,55,100.0,620.3,62030.0,2024-02-05
2024020505009490,HRL,41,38,10.0,685.6,6856.0,2024-02-05
2024020504011397,RIDI,56,38,37.0,221.0,8177.0,2024-02-05
2024020504011396,RIDI,56,11,101.0,221.0,22321.0,2024-02-05
2024020505009489,NIFRA,58,28,64.0,224.6,14374.4,2024-02-05
2024020504011395,RIDI,25,11,490.0,221.0,108290.0,2024-02-05
2024020504011394,NGPL,84,58,329.0,345.8,113768.2,2024-02-05
2024020504011393,NGPL,84,40,500.0,345.8,172900.0,2024-02-05
2024020504011392,NGPL,84,41,10.0,345.8,3458.0,2024-02-05
2024020504011391,NGPL,84,58,79.0,345.8,27318.2,2024-02-05
2024020504011390,NGPL,84,88,1082.0,345.0,373290.0,2024-02-05
2024020504011389,CGH,58,69,20.0,905.0,18100.0,2024-02-05
2024020505009488,BBC,3,5,25.0,3672.0,91800.0,2024-02-05
2024020501028811,KBL,18,62,695.0,148.2,102999.0,2024-02-05
2024020501028810,KBL,53,62,87.0,148.3,12902.1,2024-02-05
2024020501028809,KBL,10,62,200.0,148.3,29660.0,2024-02-05
2024020501028808,KBL,5,62,18.0,148.6,2674.8,2024-02-05
2024020505009487,HRL,5,57,300.0,685.9,205770.0,2024-02-05
2024020501028807,MMKJL,45,81,20.0,422.0,8440.0,2024-02-05
2024020501028806,MKCL,72,21,10.0,923.0,9230.0,2024-02-05
2024020503006089,NFS,45,21,20.0,339.0,6780.0,2024-02-05
2024020503006088,NFS,45,55,50.0,339.0,16950.0,2024-02-05
2024020505009486,HRL,44,57,348.0,685.9,238693.2,2024-02-05
2024020505009485,HRL,44,32,10.0,685.8,6858.0,2024-02-05
2024020505009484,HRL,44,57,10.0,685.8,6858.0,2024-02-05
2024020505009483,HRL,44,58,20.0,685.7,13714.0,2024-02-05
2024020505009482,HRL,44,38,30.0,685.7,20571.0,2024-02-05
2024020504011388,SICL,32,45,32.0,720.9,23068.8,2024-02-05
2024020505009481,HRL,44,41,20.0,685.7,13714.0,2024-02-05
2024020504011387,HDHPC,43,34,1000.0,146.5,146500.0,2024-02-05
2024020503006087,HLI,34,25,39.0,402.0,15678.0,2024-02-05
2024020505009480,HRL,41,34,10.0,685.6,6856.0,2024-02-05
2024020504011386,UMRH,41,57,40.0,389.0,15560.0,2024-02-05
2024020505009479,HRL,41,19,10.0,685.6,6856.0,2024-02-05
2024020504011385,UPCL,41,4,116.0,233.0,27028.0,2024-02-05
2024020504011384,UPCL,41,34,84.0,233.0,19572.0,2024-02-05
2024020501028805,TVCL,63,19,13.0,533.0,6929.0,2024-02-05
2024020503006086,GFCL,16,4,65.0,435.1,28281.5,2024-02-05
2024020503006085,BFC,1,5,10.0,328.8,3288.0,2024-02-05
2024020501028804,MBJC,51,47,200.0,320.1,64020.0,2024-02-05
2024020501028803,NRM,36,43,10.0,375.0,3750.0,2024-02-05
2024020501028802,NRM,34,43,90.0,375.2,33768.0,2024-02-05
2024020501028801,NRM,42,43,200.0,375.5,75100.0,2024-02-05
2024020501028800,SBL,25,6,50.0,232.3,11615.0,2024-02-05
2024020501028799,SBL,26,6,100.0,232.3,23230.0,2024-02-05
2024020501028798,SBL,29,6,422.0,232.3,98030.6,2024-02-05
2024020501028797,SBL,21,6,100.0,232.4,23240.0,2024-02-05
2024020503006084,ILBS,55,56,40.0,694.0,27760.0,2024-02-05
2024020503006083,ILBS,55,45,90.0,693.9,62451.0,2024-02-05
2024020501028796,MEL,32,39,292.0,221.3,64619.6,2024-02-05
2024020501028795,MEL,45,39,100.0,221.9,22190.0,2024-02-05
2024020501028794,MEL,6,39,608.0,222.0,134976.0,2024-02-05
2024020501028793,MEL,6,58,10.0,222.0,2220.0,2024-02-05
2024020503006082,HLI,22,25,250.0,402.0,100500.0,2024-02-05
2024020504011383,SHPC,45,42,100.0,349.7,34970.0,2024-02-05
2024020504011382,SHPC,45,32,100.0,349.7,34970.0,2024-02-05
2024020504011381,SHPC,45,14,234.0,349.7,81829.8,2024-02-05
2024020501028792,MAKAR,72,59,370.0,428.0,158360.0,2024-02-05
2024020501028791,MAKAR,72,38,10.0,428.0,4280.0,2024-02-05
2024020501028790,MAKAR,72,58,10.0,428.0,4280.0,2024-02-05
2024020501028789,MAKAR,72,5,530.0,427.9,226787.0,2024-02-05
2024020501028788,MAKAR,72,11,10.0,427.8,4278.0,2024-02-05
2024020501028787,MAKAR,72,58,60.0,426.9,25614.0,2024-02-05
2024020501028786,MAKAR,72,42,10.0,426.0,4260.0,2024-02-05
2024020504011380,RIDI,35,11,170.0,221.0,37570.0,2024-02-05
2024020501028785,TPC,41,35,10.0,544.0,5440.0,2024-02-05
2024020504011379,UMHL,34,47,200.0,280.0,56000.0,2024-02-05
2024020504011378,UMHL,34,5,890.0,279.9,249111.0,2024-02-05
2024020505009478,HIDCL,1,4,200.0,185.1,37020.0,2024-02-05
2024020501028784,HDL,1,54,23.0,1609.9,37027.7,2024-02-05
2024020501028783,HDL,1,16,17.0,1609.9,27368.3,2024-02-05
2024020504011377,OHL,62,6,60.0,785.0,47100.0,2024-02-05
2024020501028782,MEL,6,47,1340.0,222.0,297480.0,2024-02-05
2024020501028781,MEL,6,62,42.0,222.0,9324.0,2024-02-05
2024020501028780,MBJC,51,6,10.0,320.1,3201.0,2024-02-05
2024020504011376,JOSHI,58,28,10.0,256.5,2565.0,2024-02-05
2024020504011375,HDHPC,57,35,62.0,146.8,9101.6,2024-02-05
2024020504011374,HDHPC,57,54,438.0,146.6,64210.8,2024-02-05
2024020504011373,UMRH,38,57,10.0,389.0,3890.0,2024-02-05
2024020504011372,UMRH,29,57,200.0,389.0,77800.0,2024-02-05
2024020504011371,UMRH,45,57,200.0,389.0,77800.0,2024-02-05
2024020504011370,UMRH,16,57,50.0,389.2,19460.0,2024-02-05
2024020504011369,HURJA,57,58,500.0,302.0,151000.0,2024-02-05
2024020504011368,NGPL,7,88,300.0,345.0,103500.0,2024-02-05
2024020501028779,HATHY,25,58,10.0,968.3,9683.0,2024-02-05
2024020505009477,KDBY,36,55,500.0,8.81,4405.0,2024-02-05
2024020505009476,KDBY,36,49,100.0,8.8,880.0,2024-02-05
2024020505009475,KDBY,36,55,100.0,8.8,880.0,2024-02-05
2024020505009474,KDBY,36,42,100.0,8.8,880.0,2024-02-05
2024020505009473,KDBY,36,58,100.0,8.79,879.0,2024-02-05
2024020504011367,RADHI,17,64,13.0,268.5,3490.5,2024-02-05
2024020501028778,USHEC,34,64,490.0,352.5,172725.0,2024-02-05
2024020501028777,USHEC,34,64,1000.0,353.0,353000.0,2024-02-05
2024020501028776,USHEC,77,64,440.0,353.2,155408.0,2024-02-05
2024020504011366,HDHPC,43,45,100.0,146.5,14650.0,2024-02-05
2024020501028775,SHIVM,45,28,100.0,503.0,50300.0,2024-02-05
2024020501028774,SHIVM,45,16,120.0,503.0,60360.0,2024-02-05
2024020501028773,SHIVM,45,57,250.0,502.9,125725.0,2024-02-05
2024020501028772,SHIVM,45,41,40.0,502.8,20112.0,2024-02-05
2024020501028771,SHIVM,45,28,1490.0,502.5,748725.0,2024-02-05
2024020501028770,NRM,44,49,10.0,376.0,3760.0,2024-02-05
2024020501028769,NRM,44,57,10.0,376.0,3760.0,2024-02-05
2024020501028768,NRM,44,16,10.0,376.0,3760.0,2024-02-05
2024020501028767,RAWA,18,44,200.0,505.2,101040.0,2024-02-05
2024020504011365,UNHPL,35,72,20.0,234.5,4690.0,2024-02-05
2024020504011364,UNHPL,35,36,30.0,233.9,7017.0,2024-02-05
2024020501028766,EHPL,26,47,10.0,417.3,4173.0,2024-02-05
2024020504011363,NHPC,46,58,50.0,168.0,8400.0,2024-02-05
2024020504011362,NHPC,46,21,963.0,168.0,161784.0,2024-02-05
2024020501028765,TAMOR,5,6,10.0,395.5,3955.0,2024-02-05
2024020503006081,NFS,53,39,200.0,338.4,67680.0,2024-02-05
2024020501028764,SONA,42,11,605.0,459.0,277695.0,2024-02-05
2024020501028763,NESDO,36,11,10.0,1687.0,16870.0,2024-02-05
2024020505009472,HRL,41,21,1000.0,685.6,685600.0,2024-02-05
2024020501028762,MMKJL,71,81,10.0,422.0,4220.0,2024-02-05
2024020501028761,SONA,72,11,15.0,459.0,6885.0,2024-02-05
2024020501028760,SONA,32,35,10.0,458.2,4582.0,2024-02-05
2024020503006080,KSBBL,43,41,69.0,346.1,23880.9,2024-02-05
2024020504011361,NGPL,84,88,650.0,345.0,224250.0,2024-02-05
2024020504011360,NGPL,48,88,2000.0,345.0,690000.0,2024-02-05
2024020504011359,NGPL,4,88,468.0,345.0,161460.0,2024-02-05
2024020504011358,NGPL,25,88,300.0,345.1,103530.0,2024-02-05
2024020504011357,NGPL,34,88,100.0,345.1,34510.0,2024-02-05
2024020504011356,NGPL,43,88,100.0,345.2,34520.0,2024-02-05
2024020505009471,NRIC,4,34,50.0,783.0,39150.0,2024-02-05
2024020505009470,NRIC,4,45,250.0,780.0,195000.0,2024-02-05
2024020505009469,NRIC,4,57,200.0,780.0,156000.0,2024-02-05
2024020501028759,PBD88,4,47,110.0,998.0,109780.0,2024-02-05
2024020501028758,CKHL,34,38,10.0,495.0,4950.0,2024-02-05
2024020504011355,RIDI,38,11,200.0,221.0,44200.0,2024-02-05
2024020503006079,LBBL,49,25,186.0,393.1,73116.6,2024-02-05
2024020503006078,LBBL,17,25,14.0,393.2,5504.8,2024-02-05
2024020501028757,MKHL,59,48,50.0,347.0,17350.0,2024-02-05
2024020503006077,SHINE,60,33,510.0,382.7,195177.0,2024-02-05
2024020501028756,RNLI,26,58,10.0,447.1,4471.0,2024-02-05
2024020501028755,MMKJL,36,81,10.0,422.0,4220.0,2024-02-05
2024020501028754,MMKJL,36,19,10.0,421.0,4210.0,2024-02-05
2024020501028753,SNLI,29,41,40.0,583.0,23320.0,2024-02-05
2024020501028752,SNLI,29,34,10.0,582.0,5820.0,2024-02-05
2024020503006076,JBBL,21,29,163.0,299.0,48737.0,2024-02-05
2024020503006075,JBBL,50,29,37.0,299.1,11066.7,2024-02-05
2024020501028751,PHCL,52,35,10.0,318.0,3180.0,2024-02-05
2024020501028750,PHCL,52,13,10.0,318.0,3180.0,2024-02-05
2024020501028749,PHCL,52,38,10.0,317.1,3171.0,2024-02-05
2024020501028748,PHCL,52,22,10.0,317.0,3170.0,2024-02-05
2024020501028747,PHCL,52,57,10.0,317.0,3170.0,2024-02-05
2024020504011354,KPCL,17,52,15.0,429.0,6435.0,2024-02-05
2024020503006074,NLICL,28,53,50.0,571.3,28565.0,2024-02-05
2024020501028746,PPL,53,72,370.0,330.0,122100.0,2024-02-05
2024020501028745,PPL,64,72,50.0,331.0,16550.0,2024-02-05
2024020501028744,PPL,35,72,80.0,331.0,26480.0,2024-02-05
2024020503006073,DDBL,34,49,25.0,771.0,19275.0,2024-02-05
2024020503006072,DDBL,33,49,33.0,771.0,25443.0,2024-02-05
2024020504011353,RADHI,17,45,20.0,268.5,5370.0,2024-02-05
2024020501028743,EHPL,44,52,10.0,422.0,4220.0,2024-02-05
2024020501028742,EHPL,44,26,10.0,420.0,4200.0,2024-02-05
2024020501028741,SPL,56,17,10.0,677.6,6776.0,2024-02-05
2024020501028740,MAKAR,6,34,1100.0,423.0,465300.0,2024-02-05
2024020501028739,MAKAR,57,34,50.0,423.0,21150.0,2024-02-05
2024020501028738,MAKAR,72,34,240.0,425.0,102000.0,2024-02-05
2024020501028737,MAKAR,57,34,10.0,425.0,4250.0,2024-02-05
2024020504011352,AKPL,32,34,25.0,194.1,4852.5,2024-02-05
2024020504011351,PPCL,33,26,725.0,257.1,186397.5,2024-02-05
2024020504011350,PPCL,45,26,140.0,257.2,36008.0,2024-02-05
2024020504011349,PPCL,21,26,35.0,258.0,9030.0,2024-02-05
2024020501028736,VLUCL,33,26,140.0,513.1,71834.0,2024-02-05
2024020501028735,VLUCL,45,26,500.0,514.0,257000.0,2024-02-05
2024020501028734,VLUCL,49,26,20.0,514.0,10280.0,2024-02-05
2024020501028733,VLUCL,34,26,140.0,515.0,72100.0,2024-02-05
2024020501028732,VLUCL,34,54,10.0,515.0,5150.0,2024-02-05
2024020504011348,SICL,19,55,32.0,720.0,23040.0,2024-02-05
2024020504011347,NGPL,38,58,450.0,345.8,155610.0,2024-02-05
2024020504011346,NGPL,38,14,100.0,345.7,34570.0,2024-02-05
2024020504011345,NGPL,38,7,450.0,345.5,155475.0,2024-02-05
2024020501028731,CITY,68,49,10.0,647.0,6470.0,2024-02-05
2024020504011344,CHL,57,45,59.0,294.9,17399.1,2024-02-05
2024020504011343,CHL,57,22,80.0,294.9,23592.0,2024-02-05
2024020504011342,CHL,57,57,25.0,293.8,7345.0,2024-02-05
2024020505009468,HRL,41,51,10.0,685.6,6856.0,2024-02-05
2024020501028730,SMJC,51,6,50.0,360.0,18000.0,2024-02-05
2024020501028729,BHPL,57,58,200.0,464.1,92820.0,2024-02-05
2024020501028728,DOLTI,52,1,215.0,357.0,76755.0,2024-02-05
2024020501028727,DOLTI,52,71,125.0,356.5,44562.5,2024-02-05
2024020501028726,DOLTI,52,38,10.0,356.0,3560.0,2024-02-05
2024020501028725,DOLTI,52,17,150.0,356.0,53400.0,2024-02-05
2024020501028724,BHL,22,49,10.0,303.9,3039.0,2024-02-05
2024020501028723,USHEC,45,35,40.0,355.0,14200.0,2024-02-05
2024020501028722,USHEC,45,42,10.0,355.0,3550.0,2024-02-05
2024020503006071,ALICL,44,56,63.0,690.0,43470.0,2024-02-05
2024020503006070,ALICL,44,52,330.0,690.0,227700.0,2024-02-05
2024020503006069,ALICL,44,54,90.0,689.9,62091.0,2024-02-05
2024020503006068,ALICL,44,57,17.0,686.0,11662.0,2024-02-05
2024020503006067,FMDBL,17,26,60.0,618.0,37080.0,2024-02-05
2024020503006066,FMDBL,17,49,40.0,617.5,24700.0,2024-02-05
2024020501028721,SPC,28,28,10.0,620.3,6203.0,2024-02-05
2024020505009467,HIDCL,50,57,374.0,185.0,69190.0,2024-02-05
2024020505009466,HIDCL,22,57,100.0,185.0,18500.0,2024-02-05
2024020505009465,HIDCL,6,57,100.0,185.0,18500.0,2024-02-05
2024020505009464,HIDCL,34,57,100.0,185.0,18500.0,2024-02-05
2024020505009463,HIDCL,45,57,50.0,185.0,9250.0,2024-02-05
2024020505009462,HIDCL,45,57,10.0,185.0,1850.0,2024-02-05
2024020505009461,HIDCL,32,57,120.0,185.0,22200.0,2024-02-05
2024020505009460,HIDCL,42,57,200.0,185.1,37020.0,2024-02-05
2024020505009459,HIDCL,54,57,30.0,185.1,5553.0,2024-02-05
2024020505009458,HIDCL,41,57,50.0,185.2,9260.0,2024-02-05
2024020501028720,KBL,39,28,26.0,149.0,3874.0,2024-02-05
2024020501028719,KBL,39,28,200.0,149.0,29800.0,2024-02-05
2024020501028718,KBL,39,42,150.0,149.0,22350.0,2024-02-05
2024020501028717,KBL,39,57,40.0,149.0,5960.0,2024-02-05
2024020501028716,KBL,39,14,188.0,149.0,28012.0,2024-02-05
2024020501028715,KBL,39,45,1000.0,149.0,149000.0,2024-02-05
2024020501028714,KBL,39,55,14.0,149.0,2086.0,2024-02-05
2024020501028713,KBL,39,28,500.0,148.9,74450.0,2024-02-05
2024020501028712,KBL,39,43,300.0,148.9,44670.0,2024-02-05
2024020501028711,KBL,39,43,100.0,148.9,14890.0,2024-02-05
2024020501028710,KBL,39,25,264.0,148.9,39309.6,2024-02-05
2024020501028709,KBL,39,26,500.0,148.8,74400.0,2024-02-05
2024020501028708,KBL,39,57,18.0,148.6,2674.8,2024-02-05
2024020503006065,SWMF,11,42,100.0,691.0,69100.0,2024-02-05
2024020505009457,NIFRA,58,42,200.0,224.6,44920.0,2024-02-05
2024020501028707,VLUCL,34,22,10.0,515.0,5150.0,2024-02-05
2024020501028706,NICA,49,51,15.0,474.0,7110.0,2024-02-05
2024020501028705,NICA,44,51,50.0,474.0,23700.0,2024-02-05
2024020501028704,NICA,42,51,10.0,474.0,4740.0,2024-02-05
2024020501028703,NICA,52,51,15.0,474.0,7110.0,2024-02-05
2024020505009456,HRL,41,51,20.0,685.6,13712.0,2024-02-05
2024020504011341,BARUN,63,5,435.0,278.9,121321.5,2024-02-05
2024020504011340,BARUN,63,43,53.0,278.0,14734.0,2024-02-05
2024020504011339,BARUN,63,29,12.0,278.0,3336.0,2024-02-05
2024020504011338,BARUN,63,63,500.0,276.0,138000.0,2024-02-05
2024020504011337,NGPL,43,45,100.0,345.2,34520.0,2024-02-05
2024020504011336,NGPL,43,45,100.0,345.2,34520.0,2024-02-05
2024020504011335,NGPL,84,45,500.0,345.3,172650.0,2024-02-05
2024020504011334,AHPC,45,19,34.0,205.4,6983.6,2024-02-05
2024020503006064,KRBL,46,35,483.0,353.0,170499.0,2024-02-05
2024020503006063,KRBL,28,35,17.0,353.1,6002.7,2024-02-05
2024020503006062,MDB,41,68,20.0,417.5,8350.0,2024-02-05
2024020503006061,MDB,41,74,150.0,417.0,62550.0,2024-02-05
2024020503006060,MDB,41,57,207.0,417.0,86319.0,2024-02-05
2024020503006059,MDB,41,33,40.0,416.0,16640.0,2024-02-05
2024020503006058,MDB,41,40,39.0,414.0,16146.0,2024-02-05
2024020503006057,MDB,41,34,82.0,414.0,33948.0,2024-02-05
2024020503006056,MDB,41,21,162.0,413.0,66906.0,2024-02-05
2024020501028702,SRLI,34,22,10.0,448.0,4480.0,2024-02-05
2024020501028701,SRLI,34,6,10.0,447.5,4475.0,2024-02-05
2024020501028700,HATHY,25,14,20.0,968.3,19366.0,2024-02-05
2024020501028699,MSHL,7,47,90.0,690.0,62100.0,2024-02-05
2024020501028698,MBL,56,22,11.0,183.4,2017.4,2024-02-05
2024020501028697,MBJC,51,38,10.0,320.1,3201.0,2024-02-05
2024020501028696,HDL,51,38,50.0,1609.0,80450.0,2024-02-05
2024020501028695,HHL,38,39,270.0,322.9,87183.0,2024-02-05
2024020503006055,NFS,53,42,100.0,338.4,33840.0,2024-02-05
2024020504011333,UMRH,51,13,100.0,390.0,39000.0,2024-02-05
2024020504011332,AKPL,32,51,500.0,194.1,97050.0,2024-02-05
2024020501028694,NYADI,58,21,20.0,270.3,5406.0,2024-02-05
2024020501028693,GBIME,42,11,100.0,193.6,19360.0,2024-02-05
2024020501028692,NICA,49,13,70.0,474.7,33229.0,2024-02-05
2024020504011331,AHPC,45,52,50.0,205.4,10270.0,2024-02-05
2024020501028691,NBL,32,37,209.0,229.2,47902.8,2024-02-05
2024020501028690,NBL,48,37,21.0,229.2,4813.2,2024-02-05
2024020501028689,NBL,54,37,38.0,229.2,8709.6,2024-02-05
2024020504011330,AHPC,26,39,845.0,205.3,173478.5,2024-02-05
2024020504011329,SHPC,36,39,450.0,348.0,156600.0,2024-02-05
2024020504011328,SHPC,38,39,250.0,348.0,87000.0,2024-02-05
2024020503006054,NADEP,48,16,15.0,540.0,8100.0,2024-02-05
2024020504011327,RIDI,58,11,84.0,221.0,18564.0,2024-02-05
2024020505009455,HRL,41,58,30.0,685.6,20568.0,2024-02-05
2024020503006053,HLI,56,62,50.0,401.7,20085.0,2024-02-05
2024020504011326,OHL,62,34,200.0,785.0,157000.0,2024-02-05
2024020504011325,OHL,62,51,10.0,782.0,7820.0,2024-02-05
2024020504011324,OHL,62,58,10.0,782.0,7820.0,2024-02-05
2024020504011323,OHL,62,26,10.0,782.0,7820.0,2024-02-05
2024020504011322,OHL,62,4,60.0,781.0,46860.0,2024-02-05
2024020503006052,BFC,53,5,1000.0,328.8,328800.0,2024-02-05
2024020503006051,BFC,7,5,40.0,329.0,13160.0,2024-02-05
2024020503006050,BFC,26,5,11.0,329.1,3620.1,2024-02-05
2024020503006049,BFC,62,5,13.0,329.9,4288.7,2024-02-05
2024020501028688,SCB,58,52,48.0,535.1,25684.8,2024-02-05
2024020504011321,SJCL,57,89,20.0,290.0,5800.0,2024-02-05
2024020501028687,VLUCL,34,11,10.0,515.0,5150.0,2024-02-05
2024020504011320,IGI,52,8,182.0,557.0,101374.0,2024-02-05
2024020501028686,CZBIL,32,48,50.0,165.9,8295.0,2024-02-05
2024020505009454,HRL,41,32,20.0,685.6,13712.0,2024-02-05
2024020504011319,CGH,19,69,20.0,905.0,18100.0,2024-02-05
2024020501028685,ILI,32,6,110.0,538.0,59180.0,2024-02-05
2024020503006048,FOWAD,58,6,32.0,1090.0,34880.0,2024-02-05
2024020503006047,FOWAD,34,6,20.0,1090.0,21800.0,2024-02-05
2024020503006046,FOWAD,34,6,25.0,1090.0,27250.0,2024-02-05
2024020503006045,FOWAD,57,6,25.0,1090.0,27250.0,2024-02-05
2024020501028684,SNLI,58,6,10.0,581.4,5814.0,2024-02-05
2024020501028683,MEL,68,62,330.0,222.0,73260.0,2024-02-05
2024020501028682,MEL,68,54,70.0,222.0,15540.0,2024-02-05
2024020501028681,SPC,28,28,110.0,620.3,68233.0,2024-02-05
2024020501028680,SPC,62,28,220.0,620.4,136488.0,2024-02-05
2024020501028679,SPC,7,28,70.0,620.5,43435.0,2024-02-05
2024020504011318,KKHC,58,38,250.0,239.5,59875.0,2024-02-05
2024020501028678,PPL,35,22,10.0,331.0,3310.0,2024-02-05
2024020504011317,NICL,36,17,10.0,885.0,8850.0,2024-02-05
2024020503006044,NLICL,28,65,123.0,571.3,70269.9,2024-02-05
2024020503006043,NLICL,90,65,100.0,571.4,57140.0,2024-02-05
2024020503006042,NLICL,65,65,100.0,571.5,57150.0,2024-02-05
2024020503006041,NLICL,6,65,25.0,571.6,14290.0,2024-02-05
2024020503006040,NLICL,57,65,10.0,572.0,5720.0,2024-02-05
2024020503006039,NLICL,38,65,110.0,572.0,62920.0,2024-02-05
2024020503006038,NLICL,45,65,101.0,572.0,57772.0,2024-02-05
2024020503006037,NLICL,34,65,131.0,572.0,74932.0,2024-02-05
2024020503006036,NLICL,56,65,100.0,572.2,57220.0,2024-02-05
2024020504011316,UNHPL,58,36,10.0,233.9,2339.0,2024-02-05
2024020504011315,UPPER,58,47,106.0,208.0,22048.0,2024-02-05
2024020504011314,CGH,58,69,15.0,905.0,13575.0,2024-02-05
2024020501028677,CLI,26,58,10.0,450.0,4500.0,2024-02-05
2024020503006035,CBBL,51,6,13.0,849.2,11039.6,2024-02-05
2024020503006034,FOWAD,49,35,20.0,1095.0,21900.0,2024-02-05
2024020501028676,BHDC,35,55,10.0,463.0,4630.0,2024-02-05
2024020501028675,IHL,40,55,372.0,327.0,121644.0,2024-02-05
2024020504011313,HDHPC,43,61,289.0,146.5,42338.5,2024-02-05
2024020504011312,HDHPC,11,61,100.0,146.6,14660.0,2024-02-05
2024020504011311,HDHPC,50,61,100.0,146.6,14660.0,2024-02-05
2024020504011310,HDHPC,25,61,500.0,146.6,73300.0,2024-02-05
2024020504011309,HDHPC,42,61,1000.0,146.6,146600.0,2024-02-05
2024020504011308,HDHPC,46,61,11.0,146.6,1612.6,2024-02-05
2024020504011307,AHPC,26,63,458.0,205.3,94027.4,2024-02-05
2024020504011306,AKJCL,16,48,51.0,227.0,11577.0,2024-02-05
2024020504011305,AKJCL,16,41,20.0,227.0,4540.0,2024-02-05
2024020501028674,SCB,58,57,10.0,535.5,5355.0,2024-02-05
2024020505009453,HRL,41,58,20.0,685.6,13712.0,2024-02-05
2024020503006033,CORBL,52,57,165.0,386.0,63690.0,2024-02-05
2024020504011304,RURU,44,71,48.0,722.9,34699.2,2024-02-05
2024020501028673,RNLI,26,44,30.0,447.1,13413.0,2024-02-05
2024020501028672,RNLI,52,44,30.0,447.1,13413.0,2024-02-05
2024020501028671,MANDU,33,45,251.0,676.0,169676.0,2024-02-05
2024020501028670,MANDU,58,45,30.0,676.0,20280.0,2024-02-05
2024020501028669,MANDU,13,45,149.0,676.1,100738.9,2024-02-05
2024020501028668,MANDU,14,45,120.0,676.2,81144.0,2024-02-05
2024020505009452,HRL,41,58,80.0,685.6,54848.0,2024-02-05
2024020501028667,NWCL,29,6,10.0,767.3,7673.0,2024-02-05
2024020503006032,ALICL,6,57,73.0,686.0,50078.0,2024-02-05
2024020503006031,ALICL,19,57,10.0,686.1,6861.0,2024-02-05
2024020503006030,PFL,58,13,20.0,370.0,7400.0,2024-02-05
2024020503006029,PFL,58,53,30.0,370.0,11100.0,2024-02-05
2024020503006028,PFL,58,46,50.0,370.0,18500.0,2024-02-05
2024020503006027,PFL,58,36,50.0,370.0,18500.0,2024-02-05
2024020503006026,PFL,58,59,10.0,370.0,3700.0,2024-02-05
2024020503006025,PFL,58,35,171.0,370.0,63270.0,2024-02-05
2024020503006024,PFL,58,39,10.0,369.8,3698.0,2024-02-05
2024020504011303,PPCL,21,3,60.0,258.0,15480.0,2024-02-05
2024020501028666,MKCL,72,59,10.0,923.0,9230.0,2024-02-05
2024020501028665,MEHL,4,8,482.0,283.1,136454.2,2024-02-05
2024020501028664,MEHL,38,8,50.0,283.1,14155.0,2024-02-05
2024020501028663,MEHL,38,8,50.0,283.1,14155.0,2024-02-05
2024020501028662,MEHL,47,8,90.0,283.2,25488.0,2024-02-05
2024020501028661,MEHL,38,8,50.0,283.3,14165.0,2024-02-05
2024020501028660,MEHL,18,8,90.0,283.4,25506.0,2024-02-05
2024020501028659,MEHL,58,8,180.0,284.0,51120.0,2024-02-05
2024020501028658,ULBSL,49,35,20.0,1119.0,22380.0,2024-02-05
2024020505009451,NIFRA,58,45,54.0,224.6,12128.4,2024-02-05
2024020505009450,HIDCL,58,4,40.0,185.3,7412.0,2024-02-05
2024020505009449,STC,6,34,10.0,5260.0,52600.0,2024-02-05
2024020504011302,JOSHI,48,66,10.0,259.0,2590.0,2024-02-05
2024020504011301,SSHL,49,13,310.0,178.0,55180.0,2024-02-05
2024020504011300,UPCL,11,34,116.0,233.0,27028.0,2024-02-05
2024020504011299,UPCL,11,46,384.0,233.0,89472.0,2024-02-05
2024020501028657,RAWA,50,43,100.0,507.0,50700.0,2024-02-05
2024020504011298,UPPER,57,47,100.0,208.0,20800.0,2024-02-05
2024020501028656,MSHL,25,6,10.0,698.0,6980.0,2024-02-05
2024020501028655,HDL,42,16,10.0,1609.9,16099.0,2024-02-05
2024020501028654,NESDO,36,11,10.0,1687.0,16870.0,2024-02-05
2024020501028653,SHIVM,45,28,500.0,502.5,251250.0,2024-02-05
2024020501028652,SHIVM,45,57,500.0,502.0,251000.0,2024-02-05
2024020501028651,SHIVM,45,42,500.0,501.9,250950.0,2024-02-05
2024020501028650,SHIVM,45,45,500.0,501.9,250950.0,2024-02-05
2024020503006023,BFC,1,26,10.0,331.0,3310.0,2024-02-05
2024020503006022,BFC,1,48,100.0,330.0,33000.0,2024-02-05
2024020503006021,BFC,1,53,20.0,330.0,6600.0,2024-02-05
2024020503006020,BFC,1,26,15.0,330.0,4950.0,2024-02-05
2024020501028649,NABIL,34,55,20.0,475.0,9500.0,2024-02-05
2024020501028648,NABIL,34,7,250.0,475.0,118750.0,2024-02-05
2024020501028647,NABIL,34,53,30.0,475.0,14250.0,2024-02-05
2024020501028646,NABIL,38,45,92.0,474.9,43690.8,2024-02-05
2024020504011297,AHPC,26,33,100.0,205.3,20530.0,2024-02-05
2024020501028645,NABIL,38,42,108.0,474.9,51289.2,2024-02-05
2024020505009448,HRL,17,48,97.0,685.5,66493.5,2024-02-05
2024020501028644,HDL,42,16,73.0,1609.9,117522.7,2024-02-05
2024020501028643,HDL,42,16,37.0,1609.9,59566.3,2024-02-05
2024020501028642,MBJC,51,58,10.0,320.1,3201.0,2024-02-05
2024020501028641,PHCL,58,29,10.0,316.1,3161.0,2024-02-05
2024020505009447,HIDCL,59,34,10.0,186.1,1861.0,2024-02-05
2024020505009446,HIDCL,59,36,71.0,186.0,13206.0,2024-02-05
2024020505009445,HIDCL,59,28,20.0,186.0,3720.0,2024-02-05
2024020505009444,HIDCL,59,13,200.0,185.9,37180.0,2024-02-05
2024020505009443,HIDCL,59,48,195.0,185.8,36231.0,2024-02-05
2024020504011296,HDHPC,7,45,85.0,146.6,12461.0,2024-02-05
2024020501028640,RFPL,10,16,10.0,310.0,3100.0,2024-02-05
2024020504011295,CGH,17,45,10.0,903.0,9030.0,2024-02-05
2024020504011294,CGH,34,45,60.0,903.1,54186.0,2024-02-05
2024020504011293,CGH,51,45,50.0,903.2,45160.0,2024-02-05
2024020504011292,CGH,56,45,20.0,903.2,18064.0,2024-02-05
2024020504011291,CGH,49,45,20.0,903.2,18064.0,2024-02-05
2024020504011290,CGH,48,45,40.0,904.0,36160.0,2024-02-05
2024020503006019,PROFL,38,26,189.0,316.0,59724.0,2024-02-05
2024020503006018,PROFL,62,26,100.0,316.0,31600.0,2024-02-05
2024020503006017,PROFL,6,26,172.0,316.1,54369.2,2024-02-05
2024020501028639,MLBS,34,17,10.0,705.0,7050.0,2024-02-05
2024020501028638,MLBS,34,57,10.0,705.0,7050.0,2024-02-05
2024020501028637,MLBS,34,13,10.0,705.0,7050.0,2024-02-05
2024020501028636,MLBS,34,50,50.0,705.0,35250.0,2024-02-05
2024020501028635,MLBS,34,21,10.0,700.0,7000.0,2024-02-05
2024020503006016,HLI,52,25,100.0,402.0,40200.0,2024-02-05
2024020503006015,HLI,45,25,11.0,402.0,4422.0,2024-02-05
2024020501028634,SNLI,58,42,10.0,581.4,5814.0,2024-02-05
2024020501028633,SAHAS,48,6,10.0,558.2,5582.0,2024-02-05
2024020504011289,GHL,18,34,415.0,182.5,75737.5,2024-02-05
2024020504011288,GHL,18,39,50.0,182.5,9125.0,2024-02-05
2024020504011287,GHL,18,36,510.0,182.0,92820.0,2024-02-05
2024020504011286,GHL,18,37,100.0,182.0,18200.0,2024-02-05
2024020504011285,GHL,18,46,333.0,182.0,60606.0,2024-02-05
2024020504011284,GHL,18,1,680.0,182.0,123760.0,2024-02-05
2024020504011283,GHL,18,74,412.0,182.0,74984.0,2024-02-05
2024020503006014,MLBL,5,50,100.0,336.0,33600.0,2024-02-05
2024020503006013,MLBL,29,56,10.0,336.0,3360.0,2024-02-05
2024020501028632,MCHL,32,34,10.0,328.0,3280.0,2024-02-05
2024020501028631,MKHL,59,35,10.0,347.0,3470.0,2024-02-05
2024020501028630,MMKJL,69,41,90.0,417.0,37530.0,2024-02-05
2024020501028629,MMKJL,46,41,90.0,417.1,37539.0,2024-02-05
2024020501028628,VLUCL,34,25,10.0,515.0,5150.0,2024-02-05
2024020501028627,VLUCL,34,49,10.0,515.0,5150.0,2024-02-05
2024020501028626,VLUCL,34,49,10.0,515.0,5150.0,2024-02-05
2024020503006012,GMFBS,50,48,23.0,848.0,19504.0,2024-02-05
2024020501028625,NIMB,53,39,766.0,169.6,129913.6,2024-02-05
2024020503006011,GUFL,48,45,10.0,561.0,5610.0,2024-02-05
2024020501028624,NABIL,42,42,40.0,474.9,18996.0,2024-02-05
2024020504011282,SHL,42,57,150.0,458.0,68700.0,2024-02-05
2024020503006010,HLI,45,62,250.0,402.0,100500.0,2024-02-05
2024020504011281,UPCL,5,46,10.0,233.0,2330.0,2024-02-05
2024020501028623,SPC,8,28,20.0,623.0,12460.0,2024-02-05
2024020501028622,SPC,8,28,20.0,623.0,12460.0,2024-02-05
2024020501028621,SPC,8,28,10.0,621.0,6210.0,2024-02-05
2024020501028620,ILI,32,58,10.0,538.0,5380.0,2024-02-05
2024020505009442,HRL,45,54,74.0,686.0,50764.0,2024-02-05
2024020505009441,HRL,45,36,10.0,686.0,6860.0,2024-02-05
2024020505009440,HRL,45,59,10.0,686.0,6860.0,2024-02-05
2024020505009439,HRL,45,45,20.0,686.0,13720.0,2024-02-05
2024020505009438,HRL,45,58,10.0,686.0,6860.0,2024-02-05
2024020505009437,HRL,45,34,10.0,686.0,6860.0,2024-02-05
2024020505009436,HRL,45,19,300.0,686.0,205800.0,2024-02-05
2024020503006009,ALBSL,49,56,10.0,680.0,6800.0,2024-02-05
2024020505009435,HRL,45,45,20.0,686.0,13720.0,2024-02-05
2024020505009434,HRL,45,40,30.0,686.0,20580.0,2024-02-05
2024020505009433,HRL,45,29,1000.0,686.0,686000.0,2024-02-05
2024020505009432,HRL,45,34,10.0,686.0,6860.0,2024-02-05
2024020503006008,JBBL,17,14,200.0,301.5,60300.0,2024-02-05
2024020503006007,JBBL,17,33,500.0,301.4,150700.0,2024-02-05
2024020503006006,JBBL,17,14,20.0,301.0,6020.0,2024-02-05
2024020503006005,JBBL,17,29,750.0,301.0,225750.0,2024-02-05
2024020503006004,JBBL,17,38,103.0,301.0,31003.0,2024-02-05
2024020503006003,JBBL,17,32,201.0,300.9,60480.9,2024-02-05
2024020503006002,JBBL,17,14,10.0,300.9,3009.0,2024-02-05
2024020503006001,JBBL,17,7,500.0,300.5,150250.0,2024-02-05
2024020503006000,JBBL,17,44,100.0,300.4,30040.0,2024-02-05
2024020503005999,JBBL,17,35,100.0,300.0,30000.0,2024-02-05
2024020503005998,JBBL,17,32,15.0,300.0,4500.0,2024-02-05
2024020505009431,HRL,45,11,20.0,686.0,13720.0,2024-02-05
2024020505009430,HRL,45,35,25.0,686.0,17150.0,2024-02-05
2024020505009429,HRL,45,42,20.0,686.0,13720.0,2024-02-05
2024020505009428,HRL,45,11,10.0,686.0,6860.0,2024-02-05
2024020505009427,HRL,45,52,10.0,686.0,6860.0,2024-02-05
2024020505009426,HRL,45,29,361.0,686.0,247646.0,2024-02-05
2024020505009425,HRL,45,38,10.0,685.6,6856.0,2024-02-05
2024020505009424,HRL,45,6,50.0,685.6,34280.0,2024-02-05
2024020503005997,MLBL,26,45,100.0,335.1,33510.0,2024-02-05
2024020501028619,SMJC,16,20,10.0,359.1,3591.0,2024-02-05
2024020501028618,PRVU,47,41,50.0,154.0,7700.0,2024-02-05
2024020503005996,ALBSL,20,7,20.0,678.0,13560.0,2024-02-05
2024020504011280,UPPER,33,47,304.0,208.0,63232.0,2024-02-05
2024020504011279,UPPER,33,25,70.0,208.0,14560.0,2024-02-05
2024020504011278,UPPER,33,6,126.0,207.9,26195.4,2024-02-05
2024020504011277,UNHPL,33,17,40.0,232.0,9280.0,2024-02-05
2024020505009423,HRL,18,6,70.0,685.7,47999.0,2024-02-05
2024020501028617,MHCL,47,3,10.0,492.0,4920.0,2024-02-05
2024020501028616,CLI,26,58,10.0,450.0,4500.0,2024-02-05
2024020504011276,UMRH,4,13,100.0,390.0,39000.0,2024-02-05
2024020501028615,RNLI,4,28,90.0,447.0,40230.0,2024-02-05
2024020504011275,HEI,89,56,1500.0,575.1,862650.0,2024-02-05
2024020503005995,NMBMF,7,57,57.0,524.5,29896.5,2024-02-05
2024020503005994,NMBMF,7,57,76.0,524.5,39862.0,2024-02-05
2024020501028614,KBL,38,45,78.0,148.7,11598.6,2024-02-05
2024020504011274,SPDL,11,39,250.0,273.1,68275.0,2024-02-05
2024020505009422,NIFRA,38,29,10.0,224.5,2245.0,2024-02-05
2024020501028613,MEL,16,54,30.0,222.0,6660.0,2024-02-05
2024020501028612,MEL,16,14,20.0,222.0,4440.0,2024-02-05
2024020501028611,MEL,16,42,100.0,221.9,22190.0,2024-02-05
2024020501028610,VLUCL,22,77,10.0,515.0,5150.0,2024-02-05
2024020501028609,VLUCL,22,58,35.0,515.0,18025.0,2024-02-05
2024020501028608,VLUCL,22,32,10.0,515.0,5150.0,2024-02-05
2024020501028607,VLUCL,22,44,30.0,515.0,15450.0,2024-02-05
2024020501028606,VLUCL,22,58,10.0,515.0,5150.0,2024-02-05
2024020501028605,TAMOR,64,16,50.0,397.0,19850.0,2024-02-05
2024020501028604,TAMOR,19,16,42.0,397.1,16678.2,2024-02-05
2024020501028603,NABIL,57,42,20.0,474.9,9498.0,2024-02-05
2024020501028602,NABIL,42,42,82.0,474.9,38941.8,2024-02-05
2024020504011273,NLG,52,29,300.0,818.0,245400.0,2024-02-05
2024020503005993,SJLIC,58,57,36.0,512.0,18432.0,2024-02-05
2024020504011272,UNHPL,41,17,20.0,232.0,4640.0,2024-02-05
2024020505009421,NRIC,34,45,100.0,779.1,77910.0,2024-02-05
2024020504011271,RIDI,57,45,31.0,221.0,6851.0,2024-02-05
2024020504011270,RIDI,42,45,54.0,221.0,11934.0,2024-02-05
2024020504011269,RIDI,8,45,89.0,221.0,19669.0,2024-02-05
2024020504011268,RIDI,57,45,30.0,221.0,6630.0,2024-02-05
2024020504011267,RIDI,8,45,10.0,221.0,2210.0,2024-02-05
2024020504011266,RIDI,58,45,186.0,221.1,41124.6,2024-02-05
2024020501028601,MEL,32,47,10.0,221.3,2213.0,2024-02-05
2024020503005992,SJLIC,50,50,200.0,511.0,102200.0,2024-02-05
2024020505009420,HRL,18,34,20.0,685.7,13714.0,2024-02-05
2024020504011265,NHPC,39,21,37.0,168.0,6216.0,2024-02-05
2024020504011264,NHPC,39,39,100.0,168.0,16800.0,2024-02-05
2024020504011263,NHPC,39,4,63.0,168.0,10584.0,2024-02-05
2024020504011262,AKPL,22,39,10.0,194.5,1945.0,2024-02-05
2024020505009419,NTC,22,6,13.0,866.0,11258.0,2024-02-05
2024020501028600,KBL,41,16,50.0,148.2,7410.0,2024-02-05
2024020501028599,KBL,26,16,45.0,148.2,6669.0,2024-02-05
2024020503005991,NADEP,48,16,85.0,540.0,45900.0,2024-02-05
2024020503005990,NADEP,42,16,15.0,540.0,8100.0,2024-02-05
2024020503005989,SIFC,56,6,500.0,351.6,175800.0,2024-02-05
2024020501028598,SIKLES,49,6,10.0,500.0,5000.0,2024-02-05
2024020503005988,SADBL,33,85,322.0,302.0,97244.0,2024-02-05
2024020503005987,SADBL,21,85,158.0,302.0,47716.0,2024-02-05
2024020503005986,ILBS,13,29,19.0,686.0,13034.0,2024-02-05
2024020501028597,HATHY,71,17,10.0,968.2,9682.0,2024-02-05
2024020504011261,API,35,36,20.0,199.5,3990.0,2024-02-05
2024020504011260,SICL,13,47,23.0,720.2,16564.6,2024-02-05
2024020504011259,JOSHI,58,50,130.0,256.5,33345.0,2024-02-05
2024020504011258,JOSHI,50,50,100.0,256.5,25650.0,2024-02-05
2024020504011257,JOSHI,45,50,770.0,256.5,197505.0,2024-02-05
2024020501028596,NIMBPO,14,38,174.0,139.2,24220.8,2024-02-05
2024020504011256,UMHL,38,5,10.0,279.9,2799.0,2024-02-05
2024020501028595,SNLI,58,38,460.0,581.4,267444.0,2024-02-05
2024020501028594,SNLI,8,38,20.0,581.5,11630.0,2024-02-05
2024020505009418,HRL,18,22,20.0,685.7,13714.0,2024-02-05
2024020501028593,SANIMA,42,34,20.0,243.7,4874.0,2024-02-05
2024020501028592,DOLTI,52,71,860.0,356.5,306590.0,2024-02-05
2024020501028591,DOLTI,52,66,1130.0,355.0,401150.0,2024-02-05
2024020501028590,DOLTI,52,34,10.0,355.0,3550.0,2024-02-05
2024020505009417,HRL,18,58,30.0,685.7,20571.0,2024-02-05
2024020501028589,USHEC,77,58,80.0,353.2,28256.0,2024-02-05
2024020504011255,RADHI,17,49,39.0,268.5,10471.5,2024-02-05
2024020501028588,CYCL,45,41,10.0,1102.0,11020.0,2024-02-05
2024020505009416,MMF1,37,47,100.0,7.4,740.0,2024-02-05
2024020505009415,MMF1,37,48,100.0,7.35,735.0,2024-02-05
2024020501028587,MKLB,34,21,10.0,710.0,7100.0,2024-02-05
2024020501028586,HDL,51,57,32.0,1609.0,51488.0,2024-02-05
2024020501028585,HDL,48,57,68.0,1609.0,109412.0,2024-02-05
2024020503005985,CORBL,55,57,155.0,386.0,59830.0,2024-02-05
2024020501028584,SONA,57,11,100.0,459.0,45900.0,2024-02-05
2024020505009414,CHDC,62,38,400.0,951.1,380440.0,2024-02-05
2024020505009413,HRL,18,6,30.0,685.7,20571.0,2024-02-05
2024020504011254,UMRH,16,6,400.0,389.2,155680.0,2024-02-05
2024020501028583,PPL,44,58,10.0,333.0,3330.0,2024-02-05
2024020503005984,RSDC,58,26,30.0,555.0,16650.0,2024-02-05
2024020504011253,KPCL,17,41,64.0,429.0,27456.0,2024-02-05
2024020504011252,CGH,48,4,10.0,904.0,9040.0,2024-02-05
2024020505009412,NTC,57,6,50.0,866.0,43300.0,2024-02-05
2024020501028582,SNLI,60,41,10.0,583.0,5830.0,2024-02-05
2024020504011251,RADHI,65,49,10.0,269.0,2690.0,2024-02-05
2024020504011250,RADHI,65,6,990.0,269.0,266310.0,2024-02-05
2024020505009411,HRL,18,11,30.0,685.6,20568.0,2024-02-05
2024020504011249,HDHPC,87,54,62.0,146.8,9101.6,2024-02-05
2024020504011248,HDHPC,87,50,238.0,146.7,34914.6,2024-02-05
2024020503005983,FMDBL,41,44,36.0,616.0,22176.0,2024-02-05
2024020503005982,FMDBL,62,44,34.0,616.0,20944.0,2024-02-05
2024020501028581,ULHC,82,45,10.0,307.0,3070.0,2024-02-05
2024020501028580,SHIVM,45,8,590.0,501.0,295590.0,2024-02-05
2024020505009410,HRL,17,45,791.0,685.5,542230.5,2024-02-05
2024020505009409,HRL,34,45,40.0,685.5,27420.0,2024-02-05
2024020505009408,HRL,34,45,69.0,685.5,47299.5,2024-02-05
2024020501028579,NWCL,34,52,10.0,770.0,7700.0,2024-02-05
2024020504011247,SJCL,57,16,20.0,290.0,5800.0,2024-02-05
2024020504011246,SJCL,57,50,20.0,290.0,5800.0,2024-02-05
2024020504011245,SJCL,57,35,40.0,290.0,11600.0,2024-02-05
2024020501028578,SMJC,16,42,10.0,359.1,3591.0,2024-02-05
2024020501028577,UNLB,33,32,10.0,1230.1,12301.0,2024-02-05
2024020501028576,SIKLES,49,20,10.0,500.0,5000.0,2024-02-05
2024020505009407,HRL,45,29,390.0,686.0,267540.0,2024-02-05
2024020505009406,HRL,45,58,10.0,685.9,6859.0,2024-02-05
2024020504011244,UMHL,28,5,100.0,279.9,27990.0,2024-02-05
2024020503005981,SHINE,60,50,500.0,382.5,191250.0,2024-02-05
2024020501028575,NWCL,29,34,20.0,767.3,15346.0,2024-02-05
2024020501028574,NWCL,46,34,170.0,768.0,130560.0,2024-02-05
2024020501028573,NWCL,46,39,10.0,768.0,7680.0,2024-02-05
2024020505009405,HRL,34,33,431.0,685.5,295450.5,2024-02-05
2024020505009404,HRL,53,33,50.0,685.5,34275.0,2024-02-05
2024020505009403,HRL,43,33,10.0,685.5,6855.0,2024-02-05
2024020505009402,HRL,52,33,20.0,685.5,13710.0,2024-02-05
2024020505009401,HRL,11,33,50.0,685.6,34280.0,2024-02-05
2024020505009400,HRL,69,33,240.0,685.6,164544.0,2024-02-05
2024020505009399,HRL,58,33,80.0,685.8,54864.0,2024-02-05
2024020505009398,HRL,58,36,10.0,685.8,6858.0,2024-02-05
2024020501028572,PHCL,58,3,650.0,316.1,205465.0,2024-02-05
2024020504011243,BPCL,52,34,15.0,313.0,4695.0,2024-02-05
2024020504011242,UMRH,58,13,170.0,390.0,66300.0,2024-02-05
2024020501028571,SONA,32,16,100.0,458.0,45800.0,2024-02-05
2024020503005980,NLIC,6,17,50.0,616.5,30825.0,2024-02-05
2024020503005979,NLIC,6,17,50.0,616.5,30825.0,2024-02-05
2024020503005978,NLIC,37,17,10.0,616.5,6165.0,2024-02-05
2024020501028570,MAKAR,57,68,10.0,425.0,4250.0,2024-02-05
2024020503005977,ICFC,57,38,20.0,478.5,9570.0,2024-02-05
2024020503005976,SJLIC,13,57,20.0,512.0,10240.0,2024-02-05
2024020503005975,PMLI,45,39,10.0,524.0,5240.0,2024-02-05
2024020504011241,HURJA,33,38,415.0,301.3,125039.5,2024-02-05
2024020504011240,HURJA,6,38,475.0,302.1,143497.5,2024-02-05
2024020501028569,SHIVM,42,8,10.0,501.0,5010.0,2024-02-05
2024020501028568,SHIVM,29,8,100.0,501.1,50110.0,2024-02-05
2024020501028567,UHEWA,32,14,20.0,338.4,6768.0,2024-02-05
2024020501028566,UHEWA,32,45,10.0,338.0,3380.0,2024-02-05
2024020501028565,UHEWA,32,4,10.0,338.0,3380.0,2024-02-05
2024020501028564,UHEWA,32,55,10.0,338.0,3380.0,2024-02-05
2024020501028563,UHEWA,32,41,10.0,337.5,3375.0,2024-02-05
2024020501028562,UHEWA,32,46,10.0,337.5,3375.0,2024-02-05
2024020501028561,UHEWA,32,57,10.0,335.0,3350.0,2024-02-05
2024020501028560,UHEWA,32,57,10.0,335.0,3350.0,2024-02-05
2024020501028559,UHEWA,32,22,10.0,335.0,3350.0,2024-02-05
2024020501028558,UHEWA,32,58,10.0,335.0,3350.0,2024-02-05
2024020501028557,UHEWA,32,62,40.0,334.0,13360.0,2024-02-05
2024020501028556,GCIL,63,49,20.0,503.0,10060.0,2024-02-05
2024020505009397,CIT,62,43,10.0,2091.0,20910.0,2024-02-05
2024020503005974,MNBBL,59,45,100.0,369.0,36900.0,2024-02-05
2024020503005973,SHINE,60,38,200.0,382.5,76500.0,2024-02-05
2024020504011239,AHPC,26,22,97.0,205.3,19914.1,2024-02-05
2024020503005972,JBBL,50,72,10.0,299.1,2991.0,2024-02-05
2024020501028555,SNLI,58,6,10.0,581.4,5814.0,2024-02-05
2024020504011238,HURJA,6,40,50.0,302.1,15105.0,2024-02-05
2024020504011237,HURJA,6,58,475.0,302.1,143497.5,2024-02-05
2024020505009396,HRL,58,58,10.0,685.8,6858.0,2024-02-05
2024020504011236,BPCL,17,32,315.0,312.0,98280.0,2024-02-05
2024020504011235,API,49,36,100.0,199.5,19950.0,2024-02-05
2024020505009395,HRL,69,35,10.0,685.6,6856.0,2024-02-05
2024020504011234,SHL,4,35,100.0,457.1,45710.0,2024-02-05
2024020501028554,HATHY,69,4,14.0,973.0,13622.0,2024-02-05
2024020501028553,HATHY,69,45,50.0,973.0,48650.0,2024-02-05
2024020501028552,HATHY,69,13,20.0,973.0,19460.0,2024-02-05
2024020501028551,HATHY,69,49,416.0,972.0,404352.0,2024-02-05
2024020504011233,RADHI,54,6,10.0,269.0,2690.0,2024-02-05
2024020503005971,KSBBL,34,45,323.0,347.0,112081.0,2024-02-05
2024020503005970,KSBBL,41,45,61.0,347.1,21173.1,2024-02-05
2024020501028550,GVL,16,6,10.0,443.0,4430.0,2024-02-05
2024020501028549,GVL,16,19,10.0,442.0,4420.0,2024-02-05
2024020501028548,SONA,53,16,500.0,458.0,229000.0,2024-02-05
2024020501028547,SONA,36,16,50.0,458.0,22900.0,2024-02-05
2024020501028546,SONA,54,16,100.0,458.2,45820.0,2024-02-05
2024020501028545,MSHL,7,64,10.0,690.0,6900.0,2024-02-05
2024020505009394,NRN,33,45,300.0,590.0,177000.0,2024-02-05
2024020505009393,NRN,33,34,100.0,590.0,59000.0,2024-02-05
2024020505009392,NRN,33,69,10.0,590.0,5900.0,2024-02-05
2024020505009391,NRN,33,32,50.0,590.0,29500.0,2024-02-05
2024020505009390,NRN,33,16,300.0,590.0,177000.0,2024-02-05
2024020505009389,NRN,33,13,10.0,590.0,5900.0,2024-02-05
2024020505009388,NRN,33,7,10.0,590.0,5900.0,2024-02-05
2024020505009387,NRN,33,6,150.0,590.0,88500.0,2024-02-05
2024020505009386,NRN,33,33,576.0,590.0,339840.0,2024-02-05
2024020501028544,NICA,52,56,15.0,474.0,7110.0,2024-02-05
2024020504011232,HDHPC,55,50,200.0,146.7,29340.0,2024-02-05
2024020504011231,UPPER,45,6,16.0,207.9,3326.4,2024-02-05
2024020504011230,AHPC,26,21,136.0,205.3,27920.8,2024-02-05
2024020503005969,HLI,45,19,10.0,402.0,4020.0,2024-02-05
2024020503005968,SWMF,57,40,22.0,692.8,15241.6,2024-02-05
2024020503005967,SWMF,57,48,28.0,692.0,19376.0,2024-02-05
2024020504011229,GLH,28,38,297.0,248.0,73656.0,2024-02-05
2024020504011228,GLH,54,38,583.0,248.0,144584.0,2024-02-05
2024020504011227,GLH,70,38,70.0,248.1,17367.0,2024-02-05
2024020504011226,GLH,6,38,50.0,248.2,12410.0,2024-02-05
2024020501028543,SONA,45,38,10.0,458.5,4585.0,2024-02-05
2024020501028542,MKCL,38,6,15.0,923.0,13845.0,2024-02-05
2024020501028541,SPC,8,28,150.0,623.0,93450.0,2024-02-05
2024020504011225,RADHI,17,58,500.0,268.5,134250.0,2024-02-05
2024020504011224,RIDI,58,59,40.0,221.1,8844.0,2024-02-05
2024020501028540,CITY,32,11,10.0,645.0,6450.0,2024-02-05
2024020501028539,CITY,32,45,10.0,645.0,6450.0,2024-02-05
2024020501028538,CITY,32,35,10.0,644.0,6440.0,2024-02-05
2024020504011223,SPDL,71,26,100.0,273.2,27320.0,2024-02-05
2024020505009385,HRL,69,35,30.0,685.6,20568.0,2024-02-05
2024020501028537,UNLB,13,14,10.0,1231.0,12310.0,2024-02-05
2024020503005966,SJLIC,14,57,10.0,512.0,5120.0,2024-02-05
2024020501028536,HDL,38,16,20.0,1609.9,32198.0,2024-02-05
2024020503005965,ACLBSL,62,19,23.0,619.8,14255.4,2024-02-05
2024020504011222,HEI,89,33,260.0,575.1,149526.0,2024-02-05
2024020505009384,HRL,69,42,10.0,685.6,6856.0,2024-02-05
2024020504011221,CGH,35,6,38.0,903.3,34325.4,2024-02-05
2024020501028535,SONA,45,8,10.0,458.5,4585.0,2024-02-05
2024020501028534,NWCL,46,49,10.0,768.0,7680.0,2024-02-05
2024020505009383,CHDC,62,49,40.0,951.1,38044.0,2024-02-05
2024020505009382,CHDC,34,49,10.0,951.2,9512.0,2024-02-05
2024020505009381,HRL,69,35,10.0,685.6,6856.0,2024-02-05
2024020501028533,GCIL,63,14,10.0,503.0,5030.0,2024-02-05
2024020504011220,AHPC,47,21,280.0,205.3,57484.0,2024-02-05
2024020504011219,AHPC,47,49,20.0,205.3,4106.0,2024-02-05
2024020501028532,AVYAN,22,34,10.0,596.1,5961.0,2024-02-05
2024020505009380,HRL,69,38,10.0,685.6,6856.0,2024-02-05
2024020501028531,RAWA,36,58,40.0,510.0,20400.0,2024-02-05
2024020501028530,RAWA,36,22,20.0,510.0,10200.0,2024-02-05
2024020501028529,RAWA,36,39,10.0,510.0,5100.0,2024-02-05
2024020501028528,RAWA,36,49,20.0,509.0,10180.0,2024-02-05
2024020501028527,BGWT,42,58,10.0,637.0,6370.0,2024-02-05
2024020504011218,UMRH,16,49,200.0,389.2,77840.0,2024-02-05
2024020503005964,MLBSL,49,4,12.0,1667.0,20004.0,2024-02-05
2024020505009379,HRL,69,41,50.0,685.6,34280.0,2024-02-05
2024020501028526,VLUCL,38,42,10.0,515.0,5150.0,2024-02-05
2024020501028525,VLUCL,38,45,10.0,515.0,5150.0,2024-02-05
2024020501028524,VLUCL,38,42,30.0,514.9,15447.0,2024-02-05
2024020501028523,MCHL,32,45,10.0,326.0,3260.0,2024-02-05
2024020504011217,UPCL,14,17,350.0,232.5,81375.0,2024-02-05
2024020501028522,HDL,48,19,50.0,1609.0,80450.0,2024-02-05
2024020501028521,MKHC,14,35,400.0,270.0,108000.0,2024-02-05
2024020504011216,OHL,77,34,90.0,780.0,70200.0,2024-02-05
2024020504011215,OHL,77,49,200.0,780.0,156000.0,2024-02-05
2024020504011214,OHL,77,39,20.0,780.0,15600.0,2024-02-05
2024020503005963,HLI,45,14,110.0,402.0,44220.0,2024-02-05
2024020504011213,HDHPC,17,50,74.0,146.7,10855.8,2024-02-05
2024020501028520,KBL,26,28,175.0,148.2,25935.0,2024-02-05
2024020501028519,KBL,5,28,20.0,148.2,2964.0,2024-02-05
2024020501028518,KBL,13,28,95.0,148.2,14079.0,2024-02-05
2024020501028517,KBL,26,28,300.0,148.2,44460.0,2024-02-05
2024020501028516,KBL,21,28,100.0,148.3,14830.0,2024-02-05
2024020501028515,KBL,17,28,310.0,148.5,46035.0,2024-02-05
2024020504011212,PPCL,45,26,10.0,257.2,2572.0,2024-02-05
2024020501028514,SRLI,51,49,10.0,446.0,4460.0,2024-02-05
2024020504011211,SALICO,58,41,20.0,671.1,13422.0,2024-02-05
2024020504011210,SALICO,42,41,70.0,671.1,46977.0,2024-02-05
2024020503005962,PROFL,6,57,328.0,316.1,103680.8,2024-02-05
2024020503005961,PROFL,22,57,100.0,316.2,31620.0,2024-02-05
2024020503005960,PROFL,41,57,200.0,316.3,63260.0,2024-02-05
2024020503005959,PROFL,38,57,200.0,317.0,63400.0,2024-02-05
2024020503005958,PROFL,58,57,172.0,317.0,54524.0,2024-02-05
2024020504011209,AKPL,32,57,12.0,194.1,2329.2,2024-02-05
2024020504011208,AKPL,34,57,100.0,194.1,19410.0,2024-02-05
2024020504011207,AKPL,54,57,100.0,194.1,19410.0,2024-02-05
2024020504011206,AKPL,52,57,200.0,194.1,38820.0,2024-02-05
2024020504011205,AKPL,49,57,500.0,194.1,97050.0,2024-02-05
2024020504011204,AKPL,17,57,88.0,194.5,17116.0,2024-02-05
2024020501028513,NABIL,5,38,25.0,475.0,11875.0,2024-02-05
