transaction,symbol,buyer,seller,quantity,rate,amount,date
2024031703012505,SFCL,38,14,700.0,320.0,224000.0,2024-03-17
2024031703012504,SFCL,45,14,100.0,320.1,32010.0,2024-03-17
2024031703012503,GUFL,69,41,10.0,785.0,7850.0,2024-03-17
2024031703012502,CORBL,69,69,10.0,451.0,4510.0,2024-03-17
2024031704012146,PRIN,34,59,343.0,773.0,265139.0,2024-03-17
2024031704012145,PRIN,34,59,88.0,773.0,68024.0,2024-03-17
2024031704012144,PRIN,58,59,90.0,774.0,69660.0,2024-03-17
2024031704012143,AKPL,50,36,100.0,185.2,18520.0,2024-03-17
2024031701033216,JALPA,14,6,49.0,1212.1,59392.9,2024-03-17
2024031703012501,NFS,50,35,10.0,373.0,3730.0,2024-03-17
2024031703012500,HLBSL,77,34,10.0,632.0,6320.0,2024-03-17
2024031703012499,HLBSL,77,38,490.0,631.0,309190.0,2024-03-17
2024031701033215,TSHL,77,6,10.0,494.0,4940.0,2024-03-17
2024031701033214,SRLI,38,38,10.0,459.5,4595.0,2024-03-17
2024031704012142,AHPC,49,44,100.0,183.0,18300.0,2024-03-17
2024031701033213,BGWT,48,49,130.0,587.0,76310.0,2024-03-17
2024031701033212,BGWT,25,49,70.0,587.0,41090.0,2024-03-17
2024031704012141,OHL,48,41,555.0,767.2,425796.0,2024-03-17
2024031704012140,OHL,6,41,50.0,767.3,38365.0,2024-03-17
2024031704012139,OHL,42,41,15.0,767.5,11512.5,2024-03-17
2024031703012498,GUFL,19,41,50.0,785.0,39250.0,2024-03-17
2024031703012497,GUFL,19,29,20.0,785.0,15700.0,2024-03-17
2024031703012496,GUFL,19,22,30.0,785.0,23550.0,2024-03-17
2024031703012495,GUFL,19,52,50.0,785.0,39250.0,2024-03-17
2024031703012494,GUFL,19,58,10.0,785.0,7850.0,2024-03-17
2024031701033211,CKHL,70,58,10.0,623.5,6235.0,2024-03-17
2024031701033210,CKHL,70,65,20.0,620.0,12400.0,2024-03-17
2024031704012138,UPPER,4,58,500.0,182.8,91400.0,2024-03-17
2024031701033209,SHIVM,88,26,10.0,576.0,5760.0,2024-03-17
2024031701033208,SPHL,13,45,10.0,466.0,4660.0,2024-03-17
2024031701033207,ILI,26,42,10.0,547.0,5470.0,2024-03-17
2024031704012137,AHPC,26,44,10.0,183.0,1830.0,2024-03-17
2024031701033206,CKHL,58,52,1000.0,615.1,615100.0,2024-03-17
2024031703012493,NFS,26,35,100.0,373.0,37300.0,2024-03-17
2024031705005142,HIDCL,71,34,53.0,180.0,9540.0,2024-03-17
2024031705005141,HIDCL,71,38,200.0,179.0,35800.0,2024-03-17
2024031705005140,HIDCL,71,66,300.0,179.0,53700.0,2024-03-17
2024031705005139,HIDCL,71,57,69.0,179.0,12351.0,2024-03-17
2024031705005138,HIDCL,71,34,42.0,179.0,7518.0,2024-03-17
2024031705005137,HIDCL,71,44,232.0,179.0,41528.0,2024-03-17
2024031703012492,GUFL,71,6,10.0,785.0,7850.0,2024-03-17
2024031704012136,JOSHI,14,22,67.0,334.0,22378.0,2024-03-17
2024031704012135,JOSHI,20,22,23.0,334.5,7693.5,2024-03-17
2024031705005136,CIT,35,51,40.0,2134.5,85380.0,2024-03-17
2024031705005135,CIT,57,51,10.0,2135.0,21350.0,2024-03-17
2024031705005134,CIT,1,51,14.0,2135.0,29890.0,2024-03-17
2024031705005133,CIT,49,51,23.0,2135.2,49109.6,2024-03-17
2024031701033205,NRM,44,34,65.0,393.0,25545.0,2024-03-17
2024031701033204,NIMB,44,58,10.0,166.4,1664.0,2024-03-17
2024031701033203,SAMAJ,64,57,60.0,2040.0,122400.0,2024-03-17
2024031701033202,SAMAJ,64,57,40.0,2039.0,81560.0,2024-03-17
2024031701033201,SGHC,42,39,70.0,312.9,21903.0,2024-03-17
2024031701033200,SGHC,42,57,50.0,312.8,15640.0,2024-03-17
2024031701033199,SANIMA,1,45,10.0,247.0,2470.0,2024-03-17
2024031703012491,NFS,32,35,10.0,373.0,3730.0,2024-03-17
2024031701033198,UHEWA,32,53,10.0,344.9,3449.0,2024-03-17
2024031701033197,MKHL,17,33,50.0,376.1,18805.0,2024-03-17
2024031701033196,SPL,45,45,10.0,664.0,6640.0,2024-03-17
2024031701033195,SPL,45,22,10.0,664.0,6640.0,2024-03-17
2024031701033194,SPL,45,22,10.0,664.0,6640.0,2024-03-17
2024031701033193,SPL,45,54,10.0,663.9,6639.0,2024-03-17
2024031703012490,GUFL,28,6,40.0,785.0,31400.0,2024-03-17
2024031703012489,GUFL,28,71,130.0,785.0,102050.0,2024-03-17
2024031703012488,GUFL,28,41,10.0,784.9,7849.0,2024-03-17
2024031703012487,GUFL,28,41,10.0,784.8,7848.0,2024-03-17
2024031703012486,GUFL,28,41,10.0,784.7,7847.0,2024-03-17
2024031703012485,GRDBL,49,28,10.0,392.0,3920.0,2024-03-17
2024031701033192,PHCL,58,46,170.0,318.4,54128.0,2024-03-17
2024031701033191,PPL,8,16,10.0,342.0,3420.0,2024-03-17
2024031703012484,MDB,58,19,10.0,423.9,4239.0,2024-03-17
2024031703012483,MDB,58,45,50.0,423.9,21195.0,2024-03-17
2024031701033190,RNLI,5,55,30.0,456.0,13680.0,2024-03-17
2024031705005132,STC,44,35,15.0,5239.0,78585.0,2024-03-17
2024031705005131,STC,38,35,10.0,5240.0,52400.0,2024-03-17
2024031704012134,SGIC,45,35,68.0,545.0,37060.0,2024-03-17
2024031704012133,SGIC,45,35,82.0,545.0,44690.0,2024-03-17
2024031703012482,ILBS,34,34,20.0,790.0,15800.0,2024-03-17
2024031704012132,API,11,35,20.0,186.9,3738.0,2024-03-17
2024031701033189,NMB,62,41,400.0,194.3,77720.0,2024-03-17
2024031701033188,NMB,62,39,10.0,194.3,1943.0,2024-03-17
2024031701033187,NMB,62,22,100.0,193.8,19380.0,2024-03-17
2024031701033186,NMB,62,42,45.0,193.0,8685.0,2024-03-17
2024031701033185,NMB,62,21,112.0,192.0,21504.0,2024-03-17
2024031701033184,NMB,62,55,17.0,192.0,3264.0,2024-03-17
2024031701033183,NMB,62,56,500.0,191.7,95850.0,2024-03-17
2024031701033182,NMB,62,1,13.0,191.1,2484.3,2024-03-17
2024031701033181,NMB,62,1,100.0,191.1,19110.0,2024-03-17
2024031704012131,JOSHI,62,6,10.0,335.0,3350.0,2024-03-17
2024031701033180,RFPL,49,62,500.0,370.0,185000.0,2024-03-17
2024031701033179,HHL,7,25,100.0,321.2,32120.0,2024-03-17
2024031703012481,JSLBB,29,1,10.0,1024.0,10240.0,2024-03-17
2024031701033178,RNLI,5,29,10.0,456.0,4560.0,2024-03-17
2024031701033177,DORDI,14,56,10.0,423.9,4239.0,2024-03-17
2024031701033176,KBL,48,25,10.0,143.5,1435.0,2024-03-17
2024031701033175,MSHL,50,1,10.0,630.0,6300.0,2024-03-17
2024031701033174,NRM,57,34,10.0,393.0,3930.0,2024-03-17
2024031701033173,RHGCL,57,5,10.0,301.0,3010.0,2024-03-17
2024031705005130,HRL,33,21,30.0,620.5,18615.0,2024-03-17
2024031701033172,EBL,49,49,218.0,516.0,112488.0,2024-03-17
2024031701033171,SIKLES,35,46,10.0,477.0,4770.0,2024-03-17
2024031704012130,UPPER,41,58,100.0,182.8,18280.0,2024-03-17
2024031704012129,HURJA,41,49,10.0,300.0,3000.0,2024-03-17
2024031703012480,LICN,41,41,10.0,1364.0,13640.0,2024-03-17
2024031703012479,BFC,4,34,10.0,348.0,3480.0,2024-03-17
2024031701033170,SHIVM,46,16,225.0,575.0,129375.0,2024-03-17
2024031701033169,SHIVM,51,16,95.0,575.0,54625.0,2024-03-17
2024031703012478,MLBBL,16,22,10.0,878.0,8780.0,2024-03-17
2024031701033168,SHIVM,45,16,100.0,575.0,57500.0,2024-03-17
2024031701033167,SHIVM,58,16,20.0,575.1,11502.0,2024-03-17
2024031701033166,SHIVM,25,16,550.0,575.1,316305.0,2024-03-17
2024031701033165,SHIVM,38,16,10.0,575.5,5755.0,2024-03-17
2024031701033164,SMJC,64,17,10.0,370.5,3705.0,2024-03-17
2024031701033163,SHLB,88,33,10.0,998.0,9980.0,2024-03-17
2024031701033162,SHLB,88,66,50.0,996.0,49800.0,2024-03-17
2024031701033161,SHLB,88,42,10.0,996.0,9960.0,2024-03-17
2024031701033160,SPC,58,88,10.0,560.0,5600.0,2024-03-17
2024031701033159,PCBL,39,38,45.0,198.0,8910.0,2024-03-17
2024031701033158,PCBL,39,65,200.0,198.0,39600.0,2024-03-17
2024031701033157,PCBL,39,1,104.0,198.0,20592.0,2024-03-17
2024031701033156,PCBL,39,26,40.0,198.0,7920.0,2024-03-17
2024031701033155,PCBL,39,22,161.0,197.9,31861.9,2024-03-17
2024031701033154,PCBL,39,45,50.0,197.5,9875.0,2024-03-17
2024031701033153,PRVU,14,39,500.0,146.0,73000.0,2024-03-17
2024031701033152,RFPL,49,39,553.0,370.0,204610.0,2024-03-17
2024031701033151,RFPL,17,39,50.0,370.0,18500.0,2024-03-17
2024031701033150,RFPL,41,39,200.0,370.0,74000.0,2024-03-17
2024031701033149,RFPL,65,39,200.0,370.0,74000.0,2024-03-17
2024031701033148,RFPL,53,39,100.0,370.0,37000.0,2024-03-17
2024031701033147,RFPL,21,39,300.0,370.0,111000.0,2024-03-17
2024031701033146,RFPL,45,39,500.0,370.0,185000.0,2024-03-17
2024031701033145,RFPL,62,39,500.0,370.0,185000.0,2024-03-17
2024031701033144,RFPL,26,39,200.0,370.0,74000.0,2024-03-17
2024031701033143,RFPL,7,39,100.0,370.1,37010.0,2024-03-17
2024031701033142,RFPL,6,39,100.0,370.1,37010.0,2024-03-17
2024031701033141,RFPL,58,39,400.0,370.4,148160.0,2024-03-17
2024031701033140,RFPL,17,39,200.0,371.3,74260.0,2024-03-17
2024031701033139,RFPL,49,39,10.0,371.5,3715.0,2024-03-17
2024031701033138,RFPL,17,39,50.0,372.0,18600.0,2024-03-17
2024031701033137,RFPL,33,39,800.0,372.0,297600.0,2024-03-17
2024031701033136,RFPL,62,39,100.0,372.1,37210.0,2024-03-17
2024031701033135,RFPL,26,39,100.0,372.2,37220.0,2024-03-17
2024031701033134,RFPL,58,39,100.0,372.3,37230.0,2024-03-17
2024031701033133,RFPL,17,39,100.0,372.4,37240.0,2024-03-17
2024031701033132,RFPL,45,39,367.0,372.4,136670.8,2024-03-17
2024031701033131,RFPL,17,39,100.0,372.7,37270.0,2024-03-17
2024031701033130,RFPL,62,39,100.0,372.7,37270.0,2024-03-17
2024031701033129,RFPL,62,39,80.0,372.7,29816.0,2024-03-17
2024031701033128,RFPL,10,39,200.0,372.9,74580.0,2024-03-17
2024031701033127,RFPL,49,39,490.0,373.0,182770.0,2024-03-17
2024031703012477,GRDBL,60,57,20.0,392.8,7856.0,2024-03-17
2024031701033126,SAHAS,39,13,50.0,532.5,26625.0,2024-03-17
2024031701033125,RHGCL,52,5,60.0,301.0,18060.0,2024-03-17
2024031703012476,USLB,52,19,92.0,1605.0,147660.0,2024-03-17
2024031703012475,USLB,52,51,34.0,1602.0,54468.0,2024-03-17
2024031703012474,USLB,52,58,10.0,1602.0,16020.0,2024-03-17
2024031703012473,USLB,52,55,34.0,1602.0,54468.0,2024-03-17
2024031703012472,USLB,52,4,10.0,1601.0,16010.0,2024-03-17
2024031703012471,USLB,52,29,10.0,1601.0,16010.0,2024-03-17
2024031703012470,USLB,52,58,10.0,1600.0,16000.0,2024-03-17
2024031703012469,USLB,52,58,100.0,1598.0,159800.0,2024-03-17
2024031701033124,TVCL,44,28,10.0,530.4,5304.0,2024-03-17
2024031704012128,SPIL,44,50,20.0,769.0,15380.0,2024-03-17
2024031701033123,KBL,44,25,20.0,143.5,2870.0,2024-03-17
2024031701033122,NICA,42,45,100.0,418.0,41800.0,2024-03-17
2024031705005129,HRL,1,55,10.0,621.0,6210.0,2024-03-17
2024031703012468,NFS,86,63,180.0,370.0,66600.0,2024-03-17
2024031703012467,NFS,42,63,70.0,372.0,26040.0,2024-03-17
2024031701033121,GBIME,28,48,100.0,191.5,19150.0,2024-03-17
2024031704012127,BPCL,25,45,35.0,310.0,10850.0,2024-03-17
2024031704012126,BPCL,57,45,50.0,310.0,15500.0,2024-03-17
2024031704012125,BPCL,49,45,40.0,310.0,12400.0,2024-03-17
2024031704012124,BPCL,28,45,15.0,310.0,4650.0,2024-03-17
2024031704012123,BPCL,49,45,20.0,310.0,6200.0,2024-03-17
2024031704012122,BPCL,58,45,10.0,310.0,3100.0,2024-03-17
2024031704012121,BPCL,48,45,30.0,310.2,9306.0,2024-03-17
2024031701033120,RFPL,65,34,100.0,376.0,37600.0,2024-03-17
2024031701033119,RFPL,65,52,1000.0,375.0,375000.0,2024-03-17
2024031701033118,GCIL,65,17,754.0,571.0,430534.0,2024-03-17
2024031701033117,GCIL,65,25,10.0,571.0,5710.0,2024-03-17
2024031701033116,GCIL,65,52,60.0,571.0,34260.0,2024-03-17
2024031701033115,GCIL,65,57,10.0,571.0,5710.0,2024-03-17
2024031701033114,GCIL,65,49,10.0,571.0,5710.0,2024-03-17
2024031701033113,GCIL,65,57,50.0,571.0,28550.0,2024-03-17
2024031701033112,GCIL,65,58,159.0,571.0,90789.0,2024-03-17
2024031701033111,GCIL,65,16,120.0,571.0,68520.0,2024-03-17
2024031701033110,GCIL,65,4,500.0,571.0,285500.0,2024-03-17
2024031701033109,GCIL,65,89,157.0,571.0,89647.0,2024-03-17
2024031701033108,GCIL,65,26,170.0,570.9,97053.0,2024-03-17
2024031701033107,TVCL,58,28,10.0,530.4,5304.0,2024-03-17
2024031701033106,TVCL,58,41,10.0,530.4,5304.0,2024-03-17
2024031701033105,TVCL,58,38,20.0,530.4,10608.0,2024-03-17
2024031701033104,TVCL,58,52,20.0,530.0,10600.0,2024-03-17
2024031701033103,TVCL,58,37,20.0,530.0,10600.0,2024-03-17
2024031701033102,TVCL,58,47,20.0,529.0,10580.0,2024-03-17
2024031701033101,TVCL,58,56,20.0,528.3,10566.0,2024-03-17
2024031701033100,TVCL,58,36,20.0,525.0,10500.0,2024-03-17
2024031701033099,TVCL,58,21,20.0,525.0,10500.0,2024-03-17
2024031701033098,TVCL,58,35,20.0,525.0,10500.0,2024-03-17
2024031701033097,TVCL,58,41,20.0,525.0,10500.0,2024-03-17
2024031701033096,HHL,7,34,140.0,321.2,44968.0,2024-03-17
2024031701033095,HHL,70,34,200.0,321.2,64240.0,2024-03-17
2024031701033094,HHL,54,34,100.0,321.4,32140.0,2024-03-17
2024031701033093,HHL,49,34,50.0,322.0,16100.0,2024-03-17
2024031701033092,HHL,44,34,500.0,322.1,161050.0,2024-03-17
2024031701033091,HHL,4,34,40.0,322.2,12888.0,2024-03-17
2024031705005128,CHDC,50,34,50.0,950.6,47530.0,2024-03-17
2024031705005127,CHDC,71,34,55.0,950.6,52283.0,2024-03-17
2024031705005126,CHDC,7,34,190.0,950.6,180614.0,2024-03-17
2024031704012120,UPPER,35,58,500.0,182.8,91400.0,2024-03-17
2024031701033090,MMKJL,56,7,50.0,440.0,22000.0,2024-03-17
2024031703012466,KRBL,91,62,100.0,418.0,41800.0,2024-03-17
2024031703012465,SIFC,28,43,100.0,373.0,37300.0,2024-03-17
2024031701033089,CYCL,25,39,10.0,1430.0,14300.0,2024-03-17
2024031701033088,RNLI,25,70,50.0,458.0,22900.0,2024-03-17
2024031701033087,RNLI,25,57,10.0,458.0,4580.0,2024-03-17
2024031701033086,RNLI,25,58,10.0,458.0,4580.0,2024-03-17
2024031701033085,RNLI,25,51,10.0,458.0,4580.0,2024-03-17
2024031701033084,RNLI,25,42,10.0,457.0,4570.0,2024-03-17
2024031701033083,RNLI,25,35,10.0,457.0,4570.0,2024-03-17
2024031701033082,RNLI,25,38,10.0,457.0,4570.0,2024-03-17
2024031701033081,SMHL,53,40,10.0,464.0,4640.0,2024-03-17
2024031701033080,NRM,53,34,10.0,393.0,3930.0,2024-03-17
2024031703012464,CORBL,69,69,10.0,451.0,4510.0,2024-03-17
2024031701033079,NYADI,50,38,20.0,294.0,5880.0,2024-03-17
2024031701033078,TAMOR,57,41,50.0,386.0,19300.0,2024-03-17
2024031701033077,SGHC,57,39,10.0,312.9,3129.0,2024-03-17
2024031703012463,GILB,58,21,17.0,850.1,14451.7,2024-03-17
2024031701033076,AVYAN,21,58,10.0,640.0,6400.0,2024-03-17
2024031704012119,KPCL,40,38,10.0,411.0,4110.0,2024-03-17
2024031701033075,SRLI,4,49,10.0,455.4,4554.0,2024-03-17
2024031701033074,MEL,42,74,350.0,221.1,77385.0,2024-03-17
2024031701033073,MEL,7,74,110.0,221.2,24332.0,2024-03-17
2024031701033072,MEL,59,74,10.0,221.2,2212.0,2024-03-17
2024031701033071,MEL,38,74,10.0,221.4,2214.0,2024-03-17
2024031701033070,MEL,5,74,20.0,221.5,4430.0,2024-03-17
2024031703012462,LBBL,46,46,500.0,390.0,195000.0,2024-03-17
2024031703012461,NLIC,58,47,34.0,611.0,20774.0,2024-03-17
2024031701033069,MAKAR,74,81,105.0,376.3,39511.5,2024-03-17
2024031701033068,MAKAR,55,81,185.0,378.0,69930.0,2024-03-17
2024031701033067,MAKAR,14,81,100.0,378.2,37820.0,2024-03-17
2024031701033066,MAKAR,29,81,10.0,378.3,3783.0,2024-03-17
2024031701033065,MAKAR,50,81,500.0,380.0,190000.0,2024-03-17
2024031701033064,MAKAR,38,81,100.0,380.0,38000.0,2024-03-17
2024031703012460,NICLBSL,62,16,10.0,585.0,5850.0,2024-03-17
2024031701033063,SONA,46,88,135.0,529.2,71442.0,2024-03-17
2024031701033062,RHGCL,26,5,60.0,301.0,18060.0,2024-03-17
2024031701033061,SONA,71,17,10.0,529.5,5295.0,2024-03-17
2024031703012459,JBBL,52,74,201.0,303.4,60983.4,2024-03-17
2024031701033060,CKHL,64,65,50.0,620.0,31000.0,2024-03-17
2024031703012458,GBLBS,42,7,20.0,597.0,11940.0,2024-03-17
2024031703012457,NFS,42,16,430.0,372.0,159960.0,2024-03-17
2024031704012118,SPDL,18,41,36.0,253.0,9108.0,2024-03-17
2024031704012117,SPDL,18,33,63.0,252.7,15920.1,2024-03-17
2024031701033059,RHGCL,32,5,46.0,301.0,13846.0,2024-03-17
2024031701033058,RHGCL,32,59,10.0,301.0,3010.0,2024-03-17
2024031701033057,RHGCL,32,71,44.0,297.0,13068.0,2024-03-17
2024031701033056,ANLB,63,14,10.0,2237.9,22379.0,2024-03-17
2024031701033055,RNLI,5,57,13.0,456.0,5928.0,2024-03-17
2024031701033054,MKHC,5,11,10.0,299.9,2999.0,2024-03-17
2024031705005125,HRL,49,55,20.0,621.0,12420.0,2024-03-17
2024031705005124,HRL,42,55,100.0,621.0,62100.0,2024-03-17
2024031705005123,HRL,28,55,160.0,621.0,99360.0,2024-03-17
2024031705005122,HRL,45,55,10.0,621.0,6210.0,2024-03-17
2024031705005121,HRL,34,55,500.0,621.0,310500.0,2024-03-17
2024031705005120,HRL,19,55,1000.0,621.0,621000.0,2024-03-17
2024031705005119,HRL,28,55,60.0,621.0,37260.0,2024-03-17
2024031705005118,HRL,42,55,92.0,621.0,57132.0,2024-03-17
2024031705005117,HRL,38,55,200.0,621.0,124200.0,2024-03-17
2024031705005116,HRL,89,55,800.0,621.0,496800.0,2024-03-17
2024031705005115,HRL,6,55,50.0,621.0,31050.0,2024-03-17
2024031705005114,HRL,34,55,500.0,621.0,310500.0,2024-03-17
2024031705005113,HRL,51,55,150.0,621.0,93150.0,2024-03-17
2024031705005112,HRL,50,55,50.0,621.0,31050.0,2024-03-17
2024031705005111,HRL,6,55,200.0,621.0,124200.0,2024-03-17
2024031705005110,HRL,44,55,360.0,621.0,223560.0,2024-03-17
2024031705005109,HRL,1,55,200.0,621.1,124220.0,2024-03-17
2024031705005108,HRL,18,55,30.0,621.1,18633.0,2024-03-17
2024031705005107,HRL,58,55,40.0,621.1,24844.0,2024-03-17
2024031705005106,HRL,22,55,20.0,621.1,12422.0,2024-03-17
2024031705005105,HRL,82,55,383.0,622.0,238226.0,2024-03-17
2024031701033053,SRLI,45,38,66.0,459.5,30327.0,2024-03-17
2024031701033052,SRLI,45,50,54.0,459.0,24786.0,2024-03-17
2024031701033051,SRLI,45,35,10.0,459.0,4590.0,2024-03-17
2024031701033050,SRLI,45,59,10.0,458.0,4580.0,2024-03-17
2024031701033049,SRLI,45,57,10.0,458.0,4580.0,2024-03-17
2024031701033048,SRLI,45,42,10.0,458.0,4580.0,2024-03-17
2024031701033047,SRLI,45,35,40.0,458.0,18320.0,2024-03-17
2024031705005104,NIFRA,58,37,50.0,210.5,10525.0,2024-03-17
2024031701033046,SANIMA,58,57,50.0,246.9,12345.0,2024-03-17
2024031701033045,GCIL,3,35,476.0,570.0,271320.0,2024-03-17
2024031701033044,SGHC,35,39,10.0,312.9,3129.0,2024-03-17
2024031705005103,CIT,34,49,10.0,2139.0,21390.0,2024-03-17
2024031701033043,SONA,46,7,10.0,529.2,5292.0,2024-03-17
2024031701033042,H8020,22,7,100.0,8.77,877.0,2024-03-17
2024031703012456,NICLBSL,62,58,10.0,588.0,5880.0,2024-03-17
2024031704012116,GHL,58,14,300.0,162.0,48600.0,2024-03-17
2024031704012115,GHL,16,14,50.0,162.0,8100.0,2024-03-17
2024031704012114,GHL,6,14,100.0,162.0,16200.0,2024-03-17
2024031704012113,GHL,22,14,50.0,162.0,8100.0,2024-03-17
2024031704012112,API,25,35,161.0,186.9,30090.9,2024-03-17
2024031704012111,API,25,7,39.0,186.8,7285.2,2024-03-17
2024031701033041,SBL,50,48,10.0,230.0,2300.0,2024-03-17
2024031703012455,GUFL,22,57,50.0,784.6,39230.0,2024-03-17
2024031703012454,KSBBL,72,77,1870.0,355.1,664037.0,2024-03-17
2024031703012453,KSBBL,74,77,500.0,355.2,177600.0,2024-03-17
2024031703012452,KSBBL,52,77,100.0,355.2,35520.0,2024-03-17
2024031703012451,KSBBL,74,77,500.0,355.3,177650.0,2024-03-17
2024031703012450,KSBBL,4,77,500.0,355.4,177700.0,2024-03-17
2024031703012449,KSBBL,42,77,500.0,356.0,178000.0,2024-03-17
2024031703012448,KSBBL,32,77,10.0,356.0,3560.0,2024-03-17
2024031701033040,CYCL,77,39,1000.0,1430.0,1430000.0,2024-03-17
2024031703012447,GLBSL,38,29,500.0,1341.0,670500.0,2024-03-17
2024031703012446,GLBSL,38,62,10.0,1341.0,13410.0,2024-03-17
2024031701033039,SHIVM,38,49,240.0,575.5,138120.0,2024-03-17
2024031701033038,SHIVM,42,49,280.0,575.9,161252.0,2024-03-17
2024031703012445,GLBSL,49,29,14.0,1315.0,18410.0,2024-03-17
2024031703012444,FOWAD,58,47,20.0,1085.0,21700.0,2024-03-17
2024031704012110,MEN,57,72,50.0,560.0,28000.0,2024-03-17
2024031703012443,NADEP,19,53,70.0,619.0,43330.0,2024-03-17
2024031703012442,NADEP,19,6,20.0,619.0,12380.0,2024-03-17
2024031703012441,NADEP,19,45,30.0,618.0,18540.0,2024-03-17
2024031703012440,NADEP,19,5,31.0,617.9,19154.9,2024-03-17
2024031703012439,NADEP,19,26,114.0,615.0,70110.0,2024-03-17
2024031703012438,NADEP,19,5,30.0,615.0,18450.0,2024-03-17
2024031705005102,NRN,39,81,100.0,557.1,55710.0,2024-03-17
2024031704012109,SJCL,52,42,30.0,288.0,8640.0,2024-03-17
2024031704012108,SJCL,52,51,20.0,287.0,5740.0,2024-03-17
2024031704012107,SJCL,52,57,30.0,287.0,8610.0,2024-03-17
2024031704012106,SJCL,52,16,20.0,286.0,5720.0,2024-03-17
2024031703012437,MNBBL,22,14,30.0,364.0,10920.0,2024-03-17
2024031704012105,HURJA,56,41,260.0,299.0,77740.0,2024-03-17
2024031701033037,SHIVM,42,58,20.0,575.9,11518.0,2024-03-17
2024031701033036,UHEWA,42,53,200.0,344.9,68980.0,2024-03-17
2024031704012104,SPDL,41,33,200.0,252.7,50540.0,2024-03-17
2024031703012436,ALBSL,36,58,10.0,685.0,6850.0,2024-03-17
2024031703012435,SINDU,58,38,100.0,363.0,36300.0,2024-03-17
2024031701033035,SONA,46,7,10.0,529.2,5292.0,2024-03-17
2024031701033034,GVL,7,35,10.0,439.0,4390.0,2024-03-17
2024031703012434,GFCL,34,43,10.0,469.7,4697.0,2024-03-17
2024031703012433,JFL,62,19,109.0,385.0,41965.0,2024-03-17
2024031703012432,JFL,62,21,72.0,384.9,27712.8,2024-03-17
2024031703012431,JFL,62,45,19.0,383.0,7277.0,2024-03-17
2024031703012430,JFL,62,7,50.0,383.0,19150.0,2024-03-17
2024031703012429,JFL,62,6,50.0,383.0,19150.0,2024-03-17
2024031703012428,JFL,62,49,20.0,383.0,7660.0,2024-03-17
2024031704012103,RADHI,43,38,10.0,247.0,2470.0,2024-03-17
2024031704012102,RADHI,43,25,395.0,247.0,97565.0,2024-03-17
2024031701033033,HBL,65,49,300.0,193.0,57900.0,2024-03-17
2024031701033032,SBL,46,41,30.0,228.8,6864.0,2024-03-17
2024031701033031,SBL,46,41,12.0,229.0,2748.0,2024-03-17
2024031701033030,SBL,32,41,50.0,229.0,11450.0,2024-03-17
2024031701033029,SBL,8,41,100.0,229.1,22910.0,2024-03-17
2024031701033028,MBL,4,52,100.0,182.9,18290.0,2024-03-17
2024031701033027,GCIL,58,88,796.0,570.0,453720.0,2024-03-17
2024031701033026,GCIL,58,88,800.0,570.0,456000.0,2024-03-17
2024031701033025,GCIL,25,88,22.0,570.0,12540.0,2024-03-17
2024031701033024,GCIL,56,88,180.0,570.0,102600.0,2024-03-17
2024031701033023,GCIL,33,88,1092.0,570.0,622440.0,2024-03-17
2024031701033022,GCIL,29,88,1000.0,570.1,570100.0,2024-03-17
2024031701033021,GCIL,4,88,500.0,570.1,285050.0,2024-03-17
2024031701033020,GCIL,42,88,610.0,570.2,347822.0,2024-03-17
2024031703012427,GUFL,22,41,10.0,784.6,7846.0,2024-03-17
2024031703012426,GUFL,22,76,25.0,784.4,19610.0,2024-03-17
2024031703012425,GUFL,22,28,1000.0,784.0,784000.0,2024-03-17
2024031703012424,GUFL,22,53,20.0,784.0,15680.0,2024-03-17
2024031703012423,GUFL,22,44,50.0,783.0,39150.0,2024-03-17
2024031703012422,GUFL,22,35,500.0,783.0,391500.0,2024-03-17
2024031703012421,GUFL,22,16,100.0,782.0,78200.0,2024-03-17
2024031703012420,GUFL,22,19,300.0,782.0,234600.0,2024-03-17
2024031703012419,GUFL,22,32,414.0,782.0,323748.0,2024-03-17
2024031703012418,MSLB,1,33,31.0,1010.0,31310.0,2024-03-17
2024031703012417,MSLB,1,55,19.0,1009.0,19171.0,2024-03-17
2024031704012101,SHEL,49,33,10.0,205.0,2050.0,2024-03-17
2024031704012100,UPPER,55,58,1000.0,182.8,182800.0,2024-03-17
2024031701033019,MKCL,36,38,10.0,954.9,9549.0,2024-03-17
2024031704012099,UPPER,45,58,22.0,182.8,4021.6,2024-03-17
2024031701033018,MEHL,11,42,10.0,294.0,2940.0,2024-03-17
2024031701033017,MEHL,11,16,40.0,294.0,11760.0,2024-03-17
2024031703012416,KRBL,35,59,135.0,420.0,56700.0,2024-03-17
2024031704012098,HPPL,10,11,100.0,271.1,27110.0,2024-03-17
2024031704012097,IGI,34,59,20.0,549.9,10998.0,2024-03-17
2024031704012096,KKHC,43,57,180.0,248.0,44640.0,2024-03-17
2024031704012095,KKHC,43,57,200.0,248.0,49600.0,2024-03-17
2024031704012094,KKHC,43,14,190.0,248.0,47120.0,2024-03-17
2024031704012093,KKHC,43,56,100.0,247.0,24700.0,2024-03-17
2024031704012092,KKHC,43,57,10.0,247.0,2470.0,2024-03-17
2024031704012091,KKHC,43,57,20.0,246.0,4920.0,2024-03-17
2024031704012090,KKHC,43,42,110.0,245.9,27049.0,2024-03-17
2024031704012089,KKHC,43,7,100.0,245.8,24580.0,2024-03-17
2024031704012088,KKHC,43,56,90.0,245.4,22086.0,2024-03-17
2024031701033016,SMJC,94,21,120.0,375.0,45000.0,2024-03-17
2024031701033015,SMJC,94,52,70.0,374.9,26243.0,2024-03-17
2024031701033014,SMJC,94,26,200.0,372.0,74400.0,2024-03-17
2024031701033013,SMJC,94,58,10.0,372.0,3720.0,2024-03-17
2024031701033012,SMJC,94,26,300.0,371.0,111300.0,2024-03-17
2024031703012415,EDBL,14,19,35.0,369.6,12936.0,2024-03-17
2024031703012414,EDBL,14,34,123.0,368.0,45264.0,2024-03-17
2024031703012413,EDBL,14,51,100.0,367.9,36790.0,2024-03-17
2024031703012412,EDBL,14,1,242.0,367.9,89031.8,2024-03-17
2024031701033011,SONA,25,38,30.0,530.0,15900.0,2024-03-17
2024031701033010,USHEC,38,21,190.0,357.6,67944.0,2024-03-17
2024031701033009,PHCL,52,58,40.0,317.1,12684.0,2024-03-17
2024031703012411,GLBSL,38,29,36.0,1315.0,47340.0,2024-03-17
2024031703012410,GLBSL,38,41,50.0,1315.0,65750.0,2024-03-17
2024031703012409,GLBSL,38,17,60.0,1315.0,78900.0,2024-03-17
2024031703012408,GLBSL,38,58,28.0,1300.0,36400.0,2024-03-17
2024031703012407,GLBSL,38,57,40.0,1275.0,51000.0,2024-03-17
2024031703012406,GLBSL,38,38,10.0,1275.0,12750.0,2024-03-17
2024031703012405,GLBSL,38,45,10.0,1253.2,12532.0,2024-03-17
2024031703012404,GLBSL,38,17,75.0,1253.0,93975.0,2024-03-17
2024031703012403,GLBSL,38,59,20.0,1250.0,25000.0,2024-03-17
2024031703012402,GLBSL,38,29,15.0,1236.2,18543.0,2024-03-17
2024031703012401,GLBSL,38,33,13.0,1236.0,16068.0,2024-03-17
2024031703012400,GLBSL,38,34,51.0,1236.0,63036.0,2024-03-17
2024031703012399,GLBSL,38,51,100.0,1236.0,123600.0,2024-03-17
2024031703012398,GLBSL,38,34,13.0,1236.0,16068.0,2024-03-17
2024031703012397,GLBSL,38,34,29.0,1234.2,35791.8,2024-03-17
2024031704012087,MEN,57,58,50.0,560.0,28000.0,2024-03-17
2024031701033008,AHL,36,49,10.0,435.0,4350.0,2024-03-17
2024031701033007,AHL,18,49,50.0,437.0,21850.0,2024-03-17
2024031701033006,AHL,18,49,130.0,439.0,57070.0,2024-03-17
2024031701033005,AHL,45,49,50.0,440.0,22000.0,2024-03-17
2024031701033004,AHL,18,49,130.0,440.0,57200.0,2024-03-17
2024031701033003,SNLI,16,21,10.0,625.0,6250.0,2024-03-17
2024031701033002,SNLI,16,34,10.0,625.0,6250.0,2024-03-17
2024031701033001,SNLI,16,47,10.0,625.0,6250.0,2024-03-17
2024031701033000,SNLI,16,34,10.0,625.0,6250.0,2024-03-17
2024031701032999,SNLI,16,32,10.0,625.0,6250.0,2024-03-17
2024031701032998,SNLI,16,49,10.0,625.0,6250.0,2024-03-17
2024031701032997,SNLI,16,57,100.0,625.0,62500.0,2024-03-17
2024031701032996,SNLI,16,48,68.0,625.0,42500.0,2024-03-17
2024031703012396,GUFL,17,32,50.0,782.0,39100.0,2024-03-17
2024031701032995,SMHL,71,40,10.0,464.0,4640.0,2024-03-17
2024031701032994,BEDC,22,34,10.0,344.0,3440.0,2024-03-17
2024031704012086,NLG,36,91,69.0,795.0,54855.0,2024-03-17
2024031703012395,MLBSL,45,42,92.0,1675.0,154100.0,2024-03-17
2024031703012394,MLBSL,45,81,58.0,1674.9,97144.2,2024-03-17
2024031701032993,BHPL,70,45,125.0,476.5,59562.5,2024-03-17
2024031701032992,SGHC,57,80,10.0,307.8,3078.0,2024-03-17
2024031701032991,SGHC,7,80,50.0,309.0,15450.0,2024-03-17
2024031705005101,HRL,82,53,30.0,622.0,18660.0,2024-03-17
2024031704012085,SHL,21,25,105.0,447.1,46945.5,2024-03-17
2024031701032990,ANLB,6,6,10.0,2209.0,22090.0,2024-03-17
2024031701032989,MHCL,45,59,255.0,448.0,114240.0,2024-03-17
2024031701032988,MHCL,54,59,30.0,448.0,13440.0,2024-03-17
2024031701032987,MHCL,17,59,15.0,448.1,6721.5,2024-03-17
2024031701032986,MHCL,50,71,200.0,448.4,89680.0,2024-03-17
2024031701032985,IHL,21,7,10.0,369.0,3690.0,2024-03-17
2024031703012393,SMFBS,57,58,10.0,1038.0,10380.0,2024-03-17
2024031703012392,SMFBS,57,14,13.0,1036.0,13468.0,2024-03-17
2024031703012391,SMFBS,57,26,10.0,1035.0,10350.0,2024-03-17
2024031703012390,SMFBS,57,36,20.0,1034.9,20698.0,2024-03-17
2024031703012389,SMFBS,57,32,26.0,1033.0,26858.0,2024-03-17
2024031701032984,ULHC,58,5,240.0,329.4,79056.0,2024-03-17
2024031701032983,ULHC,58,58,10.0,329.0,3290.0,2024-03-17
2024031701032982,ULHC,58,49,10.0,329.0,3290.0,2024-03-17
2024031701032981,ULHC,58,34,740.0,328.0,242720.0,2024-03-17
2024031703012388,MPFL,21,58,13.0,378.0,4914.0,2024-03-17
2024031704012084,UMRH,57,13,33.0,358.0,11814.0,2024-03-17
2024031704012083,UMRH,41,13,30.0,358.8,10764.0,2024-03-17
2024031704012082,MEN,57,32,10.0,560.0,5600.0,2024-03-17
2024031701032980,SONA,46,67,15.0,529.2,7938.0,2024-03-17
2024031705005100,HRL,82,36,30.0,622.0,18660.0,2024-03-17
2024031704012081,API,61,7,13.0,186.8,2428.4,2024-03-17
2024031704012080,UPPER,7,58,10.0,182.8,1828.0,2024-03-17
2024031704012079,SICL,14,3,500.0,720.0,360000.0,2024-03-17
2024031701032979,CLI,42,29,10.0,467.2,4672.0,2024-03-17
2024031703012387,SHINE,65,57,384.0,378.0,145152.0,2024-03-17
2024031703012386,SHINE,34,57,65.0,378.1,24576.5,2024-03-17
2024031703012385,SHINE,57,57,51.0,378.1,19283.1,2024-03-17
2024031704012078,MHNL,50,4,1500.0,249.0,373500.0,2024-03-17
2024031703012384,BFC,42,88,1900.0,344.4,654360.0,2024-03-17
2024031703012383,BFC,57,88,100.0,346.1,34610.0,2024-03-17
2024031704012077,CHCL,17,29,140.0,469.9,65786.0,2024-03-17
2024031701032978,GCIL,26,26,50.0,570.9,28545.0,2024-03-17
2024031704012076,UPPER,44,58,100.0,182.8,18280.0,2024-03-17
2024031701032977,SONA,46,44,10.0,529.2,5292.0,2024-03-17
2024031701032976,ULHC,58,34,260.0,328.0,85280.0,2024-03-17
2024031701032975,ULHC,58,42,10.0,328.0,3280.0,2024-03-17
2024031701032974,ULHC,58,35,10.0,328.0,3280.0,2024-03-17
2024031701032973,ULHC,58,58,10.0,327.9,3279.0,2024-03-17
2024031701032972,ULHC,58,62,50.0,327.9,16395.0,2024-03-17
2024031701032971,ULHC,58,4,30.0,327.5,9825.0,2024-03-17
2024031701032970,ULHC,58,49,10.0,327.0,3270.0,2024-03-17
2024031701032969,ULHC,58,35,200.0,327.0,65400.0,2024-03-17
2024031701032968,ULHC,58,59,10.0,327.0,3270.0,2024-03-17
2024031701032967,ULHC,58,35,100.0,327.0,32700.0,2024-03-17
2024031701032966,ULHC,58,35,100.0,326.0,32600.0,2024-03-17
2024031701032965,ULHC,58,22,40.0,326.0,13040.0,2024-03-17
2024031701032964,ULHC,58,41,10.0,326.0,3260.0,2024-03-17
2024031701032963,ULHC,58,58,10.0,325.0,3250.0,2024-03-17
2024031701032962,ULHC,58,35,10.0,325.0,3250.0,2024-03-17
2024031701032961,ULHC,58,55,10.0,325.0,3250.0,2024-03-17
2024031701032960,ULHC,58,8,10.0,325.0,3250.0,2024-03-17
2024031701032959,ULHC,58,35,10.0,325.0,3250.0,2024-03-17
2024031701032958,ULHC,58,38,10.0,324.5,3245.0,2024-03-17
2024031701032957,ULHC,58,35,100.0,323.9,32390.0,2024-03-17
2024031701032956,USHL,32,55,10.0,470.0,4700.0,2024-03-17
2024031705005099,HRL,82,34,20.0,622.0,12440.0,2024-03-17
2024031705005098,HRL,82,42,10.0,622.0,6220.0,2024-03-17
2024031705005097,HRL,82,43,10.0,622.0,6220.0,2024-03-17
2024031705005096,HRL,82,47,20.0,622.0,12440.0,2024-03-17
2024031705005095,HRL,82,6,30.0,622.0,18660.0,2024-03-17
2024031705005094,HRL,82,58,10.0,622.0,6220.0,2024-03-17
2024031705005093,HRL,82,1,20.0,622.0,12440.0,2024-03-17
2024031705005092,HRL,82,72,225.0,622.0,139950.0,2024-03-17
2024031705005091,HRL,82,22,10.0,622.0,6220.0,2024-03-17
2024031705005090,HRL,82,50,50.0,622.0,31100.0,2024-03-17
2024031705005089,HRL,82,48,10.0,622.0,6220.0,2024-03-17
2024031705005088,HRL,82,4,10.0,622.0,6220.0,2024-03-17
2024031705005087,HRL,82,19,20.0,622.0,12440.0,2024-03-17
2024031705005086,HRL,82,58,10.0,622.0,6220.0,2024-03-17
2024031705005085,HRL,82,36,92.0,622.0,57224.0,2024-03-17
2024031705005084,HRL,82,42,10.0,621.9,6219.0,2024-03-17
2024031701032955,SHLB,57,45,10.0,994.0,9940.0,2024-03-17
2024031701032954,NICA,19,45,12.0,418.0,5016.0,2024-03-17
2024031701032953,NICA,55,45,100.0,418.0,41800.0,2024-03-17
2024031701032952,NICA,57,45,25.0,418.0,10450.0,2024-03-17
2024031701032951,NICA,47,45,158.0,418.0,66044.0,2024-03-17
2024031701032950,NIMB,34,28,10.0,166.5,1665.0,2024-03-17
2024031701032949,UHEWA,53,34,10.0,344.0,3440.0,2024-03-17
2024031701032948,SNLI,21,48,50.0,625.0,31250.0,2024-03-17
2024031701032947,MCHL,71,57,70.0,333.0,23310.0,2024-03-17
2024031701032946,RAWA,18,57,50.0,475.0,23750.0,2024-03-17
2024031701032945,NICA,58,38,10.0,419.0,4190.0,2024-03-17
2024031701032944,TVCL,38,6,10.0,525.0,5250.0,2024-03-17
2024031701032943,SRLI,38,35,10.0,458.0,4580.0,2024-03-17
2024031704012075,API,61,49,40.0,186.8,7472.0,2024-03-17
2024031704012074,GLH,39,48,20.0,227.0,4540.0,2024-03-17
2024031703012382,SJLIC,82,76,193.0,511.9,98796.7,2024-03-17
2024031701032942,PRVU,22,45,10.0,147.0,1470.0,2024-03-17
2024031701032941,CLI,51,49,10.0,469.0,4690.0,2024-03-17
2024031701032940,CLI,51,57,10.0,469.0,4690.0,2024-03-17
2024031703012381,ALICL,38,56,10.0,580.0,5800.0,2024-03-17
2024031703012380,ALICL,51,56,25.0,580.0,14500.0,2024-03-17
2024031703012379,ALICL,7,56,18.0,580.0,10440.0,2024-03-17
2024031703012378,ALICL,57,56,14.0,580.0,8120.0,2024-03-17
2024031703012377,ALICL,39,56,150.0,580.0,87000.0,2024-03-17
2024031703012376,ALICL,39,56,150.0,580.0,87000.0,2024-03-17
2024031703012375,ALICL,4,56,100.0,580.0,58000.0,2024-03-17
2024031703012374,ALICL,62,56,20.0,582.0,11640.0,2024-03-17
2024031703012373,ALICL,6,56,100.0,582.0,58200.0,2024-03-17
2024031703012372,ALICL,52,56,10.0,582.0,5820.0,2024-03-17
2024031703012371,ALICL,57,56,150.0,582.1,87315.0,2024-03-17
2024031703012370,ALICL,32,56,61.0,583.0,35563.0,2024-03-17
2024031703012369,ALICL,34,56,20.0,584.3,11686.0,2024-03-17
2024031701032939,SPC,36,71,10.0,565.0,5650.0,2024-03-17
2024031701032938,SPC,36,4,10.0,561.0,5610.0,2024-03-17
2024031701032937,MHCL,14,53,10.0,448.0,4480.0,2024-03-17
2024031701032936,MHCL,42,53,87.0,448.0,38976.0,2024-03-17
2024031704012073,AKPL,6,36,100.0,185.2,18520.0,2024-03-17
2024031701032935,SONA,46,59,10.0,529.2,5292.0,2024-03-17
2024031701032934,RNLI,38,59,150.0,455.0,68250.0,2024-03-17
2024031701032933,RNLI,53,59,10.0,455.0,4550.0,2024-03-17
2024031701032932,RNLI,36,59,80.0,455.0,36400.0,2024-03-17
2024031701032931,RNLI,59,59,50.0,455.2,22760.0,2024-03-17
2024031701032930,RNLI,21,59,100.0,455.3,45530.0,2024-03-17
2024031701032929,RNLI,34,59,10.0,455.3,4553.0,2024-03-17
2024031701032928,RNLI,35,59,10.0,455.3,4553.0,2024-03-17
2024031701032927,RNLI,14,59,50.0,455.3,22765.0,2024-03-17
2024031701032926,RNLI,71,59,40.0,455.3,18212.0,2024-03-17
2024031705005083,CHDC,59,43,80.0,951.0,76080.0,2024-03-17
2024031703012368,GUFL,38,32,200.0,782.0,156400.0,2024-03-17
2024031703012367,SADBL,53,39,200.0,307.0,61400.0,2024-03-17
2024031701032925,SANIMA,52,57,50.0,246.9,12345.0,2024-03-17
2024031701032924,SONA,64,38,90.0,530.0,47700.0,2024-03-17
2024031701032923,SONA,64,35,10.0,529.9,5299.0,2024-03-17
2024031701032922,SONA,64,14,500.0,529.9,264950.0,2024-03-17
2024031701032921,SONA,64,45,100.0,529.9,52990.0,2024-03-17
2024031701032920,SONA,64,25,20.0,529.9,10598.0,2024-03-17
2024031701032919,SONA,64,14,230.0,529.9,121877.0,2024-03-17
2024031701032918,SONA,64,58,50.0,529.4,26470.0,2024-03-17
2024031701032917,GVL,44,35,30.0,439.0,13170.0,2024-03-17
2024031701032916,NICA,58,47,30.0,419.0,12570.0,2024-03-17
2024031704012072,SGIC,45,58,418.0,545.0,227810.0,2024-03-17
2024031701032915,ULHC,58,5,990.0,323.8,320562.0,2024-03-17
2024031701032914,ULHC,58,34,10.0,323.0,3230.0,2024-03-17
2024031701032913,SRLI,58,35,10.0,458.0,4580.0,2024-03-17
2024031701032912,SRLI,58,70,190.0,457.0,86830.0,2024-03-17
2024031703012366,PMLI,58,7,50.0,529.0,26450.0,2024-03-17
2024031703012365,CORBL,88,32,50.0,458.0,22900.0,2024-03-17
2024031701032911,MANDU,65,29,20.0,700.0,14000.0,2024-03-17
2024031701032910,MANDU,65,57,10.0,700.0,7000.0,2024-03-17
2024031701032909,MANDU,65,45,10.0,700.0,7000.0,2024-03-17
2024031701032908,MANDU,65,56,10.0,700.0,7000.0,2024-03-17
2024031701032907,MANDU,65,17,10.0,700.0,7000.0,2024-03-17
2024031701032906,MANDU,65,38,10.0,699.7,6997.0,2024-03-17
2024031701032905,MANDU,65,45,60.0,699.6,41976.0,2024-03-17
2024031701032904,MANDU,65,14,50.0,699.5,34975.0,2024-03-17
2024031701032903,MANDU,65,58,10.0,698.0,6980.0,2024-03-17
2024031701032902,MANDU,65,26,10.0,695.0,6950.0,2024-03-17
2024031704012071,NLG,36,55,54.0,795.0,42930.0,2024-03-17
2024031704012070,UPPER,11,58,725.0,182.8,132530.0,2024-03-17
2024031703012364,HLBSL,45,38,10.0,631.0,6310.0,2024-03-17
2024031703012363,HLBSL,45,17,100.0,630.9,63090.0,2024-03-17
2024031703012362,SHINE,54,62,200.0,378.4,75680.0,2024-03-17
2024031704012069,UPPER,29,14,300.0,182.6,54780.0,2024-03-17
2024031704012068,NHDL,50,69,500.0,428.1,214050.0,2024-03-17
2024031703012361,GMFIL,34,6,100.0,369.9,36990.0,2024-03-17
2024031705005082,ENL,6,7,30.0,779.0,23370.0,2024-03-17
2024031701032901,CYCL,77,39,150.0,1430.0,214500.0,2024-03-17
2024031701032900,CYCL,77,45,500.0,1430.0,715000.0,2024-03-17
2024031703012360,GMFBS,32,34,76.0,910.0,69160.0,2024-03-17
2024031703012359,GMFBS,42,34,15.0,911.0,13665.0,2024-03-17
2024031701032899,CKHL,58,57,10.0,615.1,6151.0,2024-03-17
2024031701032898,CKHL,74,57,140.0,615.2,86128.0,2024-03-17
2024031701032897,CKHL,43,57,50.0,615.3,30765.0,2024-03-17
2024031701032896,BHDC,57,39,30.0,475.0,14250.0,2024-03-17
2024031701032895,SONA,46,74,70.0,529.2,37044.0,2024-03-17
2024031701032894,MHCL,42,46,208.0,448.0,93184.0,2024-03-17
2024031703012358,SINDU,41,36,54.0,363.0,19602.0,2024-03-17
2024031705005081,NRN,36,81,330.0,557.1,183843.0,2024-03-17
2024031705005080,NTC,62,4,20.0,859.0,17180.0,2024-03-17
2024031701032893,HDL,13,39,100.0,1597.0,159700.0,2024-03-17
2024031701032892,HDL,42,39,30.0,1597.0,47910.0,2024-03-17
2024031701032891,HDL,13,39,60.0,1597.0,95820.0,2024-03-17
2024031701032890,HDL,58,39,50.0,1597.0,79850.0,2024-03-17
2024031701032889,HDL,58,39,10.0,1597.0,15970.0,2024-03-17
2024031701032888,HDL,48,39,100.0,1598.0,159800.0,2024-03-17
2024031701032887,HDL,25,39,10.0,1598.0,15980.0,2024-03-17
2024031701032886,HDL,35,39,125.0,1598.0,199750.0,2024-03-17
2024031701032885,HDL,66,39,119.0,1598.0,190162.0,2024-03-17
2024031701032884,HDL,49,39,35.0,1599.0,55965.0,2024-03-17
2024031704012067,AHPC,44,44,185.0,183.0,33855.0,2024-03-17
2024031701032883,GCIL,58,26,10.0,570.9,5709.0,2024-03-17
2024031704012066,AKPL,58,36,100.0,185.2,18520.0,2024-03-17
2024031704012065,JOSHI,20,58,77.0,334.5,25756.5,2024-03-17
2024031704012064,SICL,36,55,90.0,720.5,64845.0,2024-03-17
2024031703012357,FMDBL,62,45,10.0,613.0,6130.0,2024-03-17
2024031701032882,SAMAJ,58,29,10.0,2001.0,20010.0,2024-03-17
2024031705005079,HIDCL,53,44,10.0,179.0,1790.0,2024-03-17
2024031703012356,WNLB,66,34,24.0,1066.0,25584.0,2024-03-17
2024031703012355,WNLB,13,34,10.0,1066.0,10660.0,2024-03-17
2024031703012354,WNLB,25,34,39.0,1066.0,41574.0,2024-03-17
2024031703012353,WNLB,58,34,67.0,1080.0,72360.0,2024-03-17
2024031701032881,SMHL,29,17,10.0,460.0,4600.0,2024-03-17
2024031701032880,BGWT,87,51,100.0,588.0,58800.0,2024-03-17
2024031701032879,BGWT,36,51,140.0,588.0,82320.0,2024-03-17
2024031701032878,BGWT,87,51,100.0,588.1,58810.0,2024-03-17
2024031701032877,BGWT,87,51,70.0,588.2,41174.0,2024-03-17
2024031701032876,BGWT,11,51,10.0,588.3,5883.0,2024-03-17
2024031701032875,BGWT,86,51,25.0,588.4,14710.0,2024-03-17
2024031701032874,BGWT,65,51,50.0,589.0,29450.0,2024-03-17
2024031701032873,EHPL,18,44,10.0,440.0,4400.0,2024-03-17
2024031701032872,HDL,56,38,12.0,1600.0,19200.0,2024-03-17
2024031701032871,MMKJL,56,1,10.0,440.0,4400.0,2024-03-17
2024031703012352,GBBL,42,22,39.0,372.0,14508.0,2024-03-17
2024031703012351,GBBL,42,56,90.0,372.0,33480.0,2024-03-17
2024031703012350,GBBL,42,14,56.0,372.0,20832.0,2024-03-17
2024031704012063,AKJCL,48,66,20.0,222.0,4440.0,2024-03-17
2024031701032870,SHIVM,38,8,750.0,575.5,431625.0,2024-03-17
2024031704012062,CGH,38,8,10.0,827.0,8270.0,2024-03-17
2024031704012061,NGPL,28,33,25.0,311.1,7777.5,2024-03-17
2024031703012349,SINDU,39,36,54.0,363.0,19602.0,2024-03-17
2024031703012348,SINDU,58,36,92.0,363.0,33396.0,2024-03-17
2024031701032869,DORDI,36,77,10.0,420.0,4200.0,2024-03-17
2024031701032868,DORDI,36,26,580.0,420.0,243600.0,2024-03-17
2024031703012347,GLBSL,58,40,10.0,1234.0,12340.0,2024-03-17
2024031701032867,GVL,7,4,10.0,437.0,4370.0,2024-03-17
2024031701032866,GVL,7,14,10.0,436.0,4360.0,2024-03-17
2024031705005078,STC,58,3,10.0,5249.0,52490.0,2024-03-17
2024031704012060,GHL,14,17,200.0,162.4,32480.0,2024-03-17
2024031701032865,HATHY,29,29,40.0,897.0,35880.0,2024-03-17
2024031701032864,HATHY,25,29,20.0,897.1,17942.0,2024-03-17
2024031701032863,HATHY,34,29,90.0,897.3,80757.0,2024-03-17
2024031701032862,LSL,34,50,40.0,165.0,6600.0,2024-03-17
2024031701032861,LSL,32,50,10.0,165.0,1650.0,2024-03-17
2024031701032860,IHL,44,59,100.0,366.3,36630.0,2024-03-17
2024031701032859,DOLTI,34,35,65.0,385.5,25057.5,2024-03-17
2024031704012059,KKHC,34,56,10.0,245.4,2454.0,2024-03-17
2024031704012058,LEC,47,33,10.0,189.9,1899.0,2024-03-17
2024031701032858,PRVU,14,57,277.0,146.0,40442.0,2024-03-17
2024031701032857,PRVU,34,57,235.0,146.1,34333.5,2024-03-17
2024031701032856,PRVU,38,57,18.0,146.2,2631.6,2024-03-17
2024031701032855,PCBL,64,49,198.0,197.1,39025.8,2024-03-17
2024031701032854,MEHL,45,41,10.0,293.0,2930.0,2024-03-17
2024031701032853,HIDCLP,17,37,20.0,103.5,2070.0,2024-03-17
2024031701032852,HIDCLP,17,37,80.0,103.4,8272.0,2024-03-17
2024031701032851,BHL,20,64,10.0,337.0,3370.0,2024-03-17
2024031701032850,MHCL,42,26,40.0,448.0,17920.0,2024-03-17
2024031701032849,MHCL,58,26,30.0,448.0,13440.0,2024-03-17
2024031701032848,MHCL,58,26,100.0,448.1,44810.0,2024-03-17
2024031703012346,USLB,52,59,100.0,1600.0,160000.0,2024-03-17
2024031704012057,SHEL,49,22,60.0,205.0,12300.0,2024-03-17
2024031705005077,NIFRA,33,42,12.0,210.0,2520.0,2024-03-17
2024031705005076,NIFRA,6,42,40.0,210.0,8400.0,2024-03-17
2024031705005075,NIFRA,16,42,50.0,210.1,10505.0,2024-03-17
2024031705005074,NIFRA,50,42,50.0,210.2,10510.0,2024-03-17
2024031701032847,BNT,32,21,10.0,13490.0,134900.0,2024-03-17
2024031701032846,MEL,62,44,500.0,222.0,111000.0,2024-03-17
2024031705005073,HRL,41,35,10.0,621.1,6211.0,2024-03-17
2024031704012056,AHPC,3,44,50.0,183.0,9150.0,2024-03-17
2024031701032845,MEHL,45,14,300.0,293.0,87900.0,2024-03-17
2024031703012345,JBBL,40,54,500.0,303.0,151500.0,2024-03-17
2024031703012344,JBBL,40,16,230.0,302.9,69667.0,2024-03-17
2024031704012055,GLH,88,46,1910.0,226.1,431851.0,2024-03-17
2024031704012054,GLH,38,46,300.0,226.3,67890.0,2024-03-17
2024031704012053,GLH,57,46,500.0,226.3,113150.0,2024-03-17
2024031704012052,GLH,48,46,500.0,226.5,113250.0,2024-03-17
2024031704012051,GLH,4,46,190.0,226.6,43054.0,2024-03-17
2024031701032844,SONA,72,58,100.0,529.4,52940.0,2024-03-17
2024031703012343,WNLB,58,57,23.0,1080.0,24840.0,2024-03-17
2024031703012342,WNLB,53,57,100.0,1095.0,109500.0,2024-03-17
2024031703012341,WNLB,58,57,128.0,1095.0,140160.0,2024-03-17
2024031703012340,WNLB,16,57,20.0,1095.1,21902.0,2024-03-17
2024031703012339,MNBBL,41,14,50.0,364.0,18200.0,2024-03-17
2024031701032843,SMH,39,49,10.0,682.0,6820.0,2024-03-17
2024031701032842,SMH,39,10,80.0,682.0,54560.0,2024-03-17
2024031701032841,SMH,39,39,10.0,677.0,6770.0,2024-03-17
2024031701032840,SMH,39,6,10.0,676.0,6760.0,2024-03-17
2024031701032839,SMH,39,42,10.0,676.0,6760.0,2024-03-17
2024031701032838,SMH,39,13,10.0,675.0,6750.0,2024-03-17
2024031701032837,SMH,39,58,10.0,675.0,6750.0,2024-03-17
2024031701032836,SMH,39,47,80.0,674.8,53984.0,2024-03-17
2024031701032835,NYADI,16,39,110.0,293.0,32230.0,2024-03-17
2024031701032834,NYADI,21,39,1000.0,293.2,293200.0,2024-03-17
2024031701032833,NYADI,21,39,90.0,293.2,26388.0,2024-03-17
2024031701032832,NYADI,46,39,200.0,293.3,58660.0,2024-03-17
2024031701032831,NYADI,52,39,20.0,293.3,5866.0,2024-03-17
2024031703012338,SKBBL,77,56,28.0,855.0,23940.0,2024-03-17
2024031703012337,SKBBL,43,56,42.0,855.1,35914.2,2024-03-17
2024031704012050,SGIC,45,57,300.0,545.0,163500.0,2024-03-17
2024031701032830,BHDC,77,39,270.0,475.0,128250.0,2024-03-17
2024031701032829,BHDC,77,49,10.0,475.0,4750.0,2024-03-17
2024031701032828,BHDC,77,6,10.0,473.0,4730.0,2024-03-17
2024031701032827,BHDC,77,46,10.0,471.0,4710.0,2024-03-17
2024031701032826,SAHAS,6,13,10.0,533.0,5330.0,2024-03-17
2024031701032825,NICA,21,47,50.0,419.0,20950.0,2024-03-17
2024031701032824,ULBSL,21,42,10.0,1225.0,12250.0,2024-03-17
2024031703012336,KRBL,17,59,100.0,420.0,42000.0,2024-03-17
2024031703012335,KRBL,58,59,412.0,420.0,173040.0,2024-03-17
2024031703012334,GUFL,57,32,50.0,782.0,39100.0,2024-03-17
2024031701032823,MKCL,34,38,100.0,948.1,94810.0,2024-03-17
2024031701032822,MKCL,48,38,50.0,948.1,47405.0,2024-03-17
2024031704012049,SGIC,49,57,200.0,545.0,109000.0,2024-03-17
2024031704012048,SGIC,49,38,300.0,545.0,163500.0,2024-03-17
2024031701032821,SAMAJ,17,17,100.0,2040.0,204000.0,2024-03-17
2024031701032820,MSHL,57,17,30.0,626.0,18780.0,2024-03-17
2024031703012333,USLB,51,19,10.0,1597.0,15970.0,2024-03-17
2024031704012047,UPPER,29,56,277.0,182.6,50580.2,2024-03-17
2024031704012046,UPPER,34,56,100.0,182.6,18260.0,2024-03-17
2024031704012045,UPPER,13,56,90.0,182.6,16434.0,2024-03-17
2024031704012044,UPPER,18,56,20.0,182.6,3652.0,2024-03-17
2024031704012043,UPPER,21,56,100.0,182.6,18260.0,2024-03-17
2024031704012042,UPPER,60,56,500.0,182.6,91300.0,2024-03-17
2024031704012041,UPPER,34,56,126.0,182.6,23007.6,2024-03-17
2024031704012040,UPPER,5,56,20.0,182.6,3652.0,2024-03-17
2024031704012039,UPPER,11,56,100.0,182.6,18260.0,2024-03-17
2024031704012038,UPPER,52,56,100.0,182.6,18260.0,2024-03-17
2024031704012037,UPPER,41,56,235.0,182.6,42911.0,2024-03-17
2024031704012036,UPPER,42,56,10.0,182.7,1827.0,2024-03-17
2024031704012035,UPPER,57,56,100.0,182.7,18270.0,2024-03-17
2024031704012034,UPPER,13,56,50.0,182.7,9135.0,2024-03-17
2024031704012033,UPPER,35,56,300.0,182.7,54810.0,2024-03-17
2024031704012032,UPPER,11,56,50.0,182.7,9135.0,2024-03-17
2024031704012031,UPPER,34,56,50.0,182.7,9135.0,2024-03-17
2024031704012030,UPPER,40,56,32.0,182.7,5846.4,2024-03-17
2024031704012029,UPPER,42,56,20.0,182.7,3654.0,2024-03-17
2024031704012028,UPPER,50,56,100.0,182.7,18270.0,2024-03-17
2024031704012027,UPPER,49,56,300.0,182.7,54810.0,2024-03-17
2024031704012026,UPPER,42,56,50.0,182.7,9135.0,2024-03-17
2024031704012025,UPPER,39,56,250.0,182.7,45675.0,2024-03-17
2024031704012024,UPPER,14,56,1000.0,182.7,182700.0,2024-03-17
2024031704012023,UPPER,35,56,20.0,182.7,3654.0,2024-03-17
2024031704012022,RIDI,57,42,35.0,187.5,6562.5,2024-03-17
2024031705005072,NTC,14,45,110.0,860.0,94600.0,2024-03-17
2024031705005071,HRL,41,58,10.0,621.1,6211.0,2024-03-17
2024031704012021,API,25,35,200.0,186.9,37380.0,2024-03-17
2024031703012332,MFIL,53,32,10.0,524.0,5240.0,2024-03-17
2024031703012331,MFIL,53,6,20.0,522.9,10458.0,2024-03-17
2024031701032819,KDL,21,38,30.0,798.0,23940.0,2024-03-17
2024031701032818,KDL,21,57,399.0,798.0,318402.0,2024-03-17
2024031703012330,MNBBL,45,59,259.0,363.0,94017.0,2024-03-17
2024031703012329,MNBBL,6,59,100.0,363.0,36300.0,2024-03-17
2024031703012328,MNBBL,22,59,200.0,363.0,72600.0,2024-03-17
2024031703012327,MNBBL,51,59,19.0,363.0,6897.0,2024-03-17
2024031703012326,MNBBL,6,59,13.0,363.0,4719.0,2024-03-17
2024031703012325,MNBBL,42,59,20.0,363.0,7260.0,2024-03-17
2024031703012324,MNBBL,42,59,20.0,363.0,7260.0,2024-03-17
2024031703012323,MNBBL,6,59,741.0,363.0,268983.0,2024-03-17
2024031703012322,MNBBL,34,59,50.0,363.1,18155.0,2024-03-17
2024031703012321,MNBBL,35,59,78.0,363.4,28345.2,2024-03-17
2024031704012020,LEC,46,52,107.0,190.0,20330.0,2024-03-17
2024031704012019,UPPER,57,58,600.0,182.8,109680.0,2024-03-17
2024031701032817,HDL,49,38,65.0,1599.0,103935.0,2024-03-17
2024031703012320,WNLB,88,25,10.0,1100.0,11000.0,2024-03-17
2024031701032816,NICA,47,39,10.0,418.0,4180.0,2024-03-17
2024031703012319,ICFC,52,59,100.0,504.5,50450.0,2024-03-17
2024031701032815,SONA,46,42,10.0,529.2,5292.0,2024-03-17
2024031704012018,AKJCL,48,42,120.0,222.0,26640.0,2024-03-17
2024031701032814,NRM,84,42,250.0,392.0,98000.0,2024-03-17
2024031701032813,NRM,35,42,550.0,393.0,216150.0,2024-03-17
2024031704012017,SSHL,58,5,147.0,168.1,24710.7,2024-03-17
2024031704012016,SSHL,58,5,550.0,168.1,92455.0,2024-03-17
2024031704012015,SSHL,58,5,203.0,168.1,34124.3,2024-03-17
2024031701032812,SHIVM,25,8,450.0,575.1,258795.0,2024-03-17
2024031701032811,SHIVM,21,8,200.0,575.1,115020.0,2024-03-17
2024031701032810,SHIVM,45,8,100.0,575.5,57550.0,2024-03-17
2024031703012318,SWMF,75,45,25.0,708.9,17722.5,2024-03-17
2024031703012317,CBBL,43,58,54.0,863.0,46602.0,2024-03-17
2024031703012316,CBBL,43,29,14.0,862.9,12080.6,2024-03-17
2024031703012315,CBBL,43,6,61.0,862.9,52636.9,2024-03-17
2024031703012314,CBBL,43,57,31.0,862.8,26746.8,2024-03-17
2024031703012313,CBBL,43,14,40.0,862.0,34480.0,2024-03-17
2024031701032809,SHIVM,45,88,92.0,576.0,52992.0,2024-03-17
2024031703012312,ILBS,58,58,50.0,789.8,39490.0,2024-03-17
2024031704012014,UPPER,48,58,1000.0,182.8,182800.0,2024-03-17
2024031704012013,PRIN,64,77,300.0,775.0,232500.0,2024-03-17
2024031701032808,HHL,53,4,10.0,326.4,3264.0,2024-03-17
2024031701032807,AVYAN,3,21,140.0,636.1,89054.0,2024-03-17
2024031701032806,AVYAN,42,21,10.0,636.1,6361.0,2024-03-17
2024031704012012,API,58,35,10.0,186.9,1869.0,2024-03-17
2024031704012011,SHPC,49,25,196.0,346.0,67816.0,2024-03-17
2024031704012010,SHPC,58,25,250.0,346.1,86525.0,2024-03-17
2024031701032805,SONA,46,58,100.0,529.2,52920.0,2024-03-17
2024031701032804,VLUCL,58,33,100.0,525.0,52500.0,2024-03-17
2024031704012009,UPPER,34,58,255.0,182.8,46614.0,2024-03-17
2024031701032803,MBL,34,52,10.0,182.9,1829.0,2024-03-17
2024031704012008,UPPER,41,58,10.0,182.8,1828.0,2024-03-17
2024031703012311,KRBL,58,88,3200.0,420.0,1344000.0,2024-03-17
2024031701032802,GCIL,42,22,10.0,570.2,5702.0,2024-03-17
2024031701032801,EBL,21,1,10.0,516.5,5165.0,2024-03-17
2024031701032800,EBL,35,1,24.0,516.5,12396.0,2024-03-17
2024031701032799,JALPA,45,54,10.0,1215.0,12150.0,2024-03-17
2024031701032798,SBL,48,48,28.0,230.0,6440.0,2024-03-17
2024031701032797,SMJC,53,26,90.0,371.0,33390.0,2024-03-17
2024031701032796,MMKJL,25,19,10.0,440.1,4401.0,2024-03-17
2024031701032795,SONA,46,47,10.0,529.2,5292.0,2024-03-17
2024031703012310,CFCL,3,34,680.0,344.1,233988.0,2024-03-17
2024031703012309,CFCL,49,34,200.0,344.2,68840.0,2024-03-17
2024031703012308,CFCL,3,34,500.0,344.4,172200.0,2024-03-17
2024031703012307,CFCL,13,34,100.0,344.5,34450.0,2024-03-17
2024031703012306,GUFL,46,32,25.0,782.0,19550.0,2024-03-17
2024031704012007,UPPER,38,58,500.0,182.8,91400.0,2024-03-17
2024031704012006,SGIC,71,38,418.0,545.0,227810.0,2024-03-17
2024031701032794,HATHY,34,49,10.0,897.3,8973.0,2024-03-17
2024031703012305,KMCDB,49,54,14.0,781.9,10946.6,2024-03-17
2024031701032793,JBLB,1,44,11.0,1361.2,14973.2,2024-03-17
2024031701032792,JBLB,17,44,10.0,1362.0,13620.0,2024-03-17
2024031701032791,MKLB,32,57,10.0,823.0,8230.0,2024-03-17
2024031701032790,ULHC,5,58,10.0,323.0,3230.0,2024-03-17
2024031701032789,SONA,46,33,10.0,529.2,5292.0,2024-03-17
2024031701032788,ILI,51,36,300.0,545.1,163530.0,2024-03-17
2024031704012005,UPPER,35,36,30.0,182.7,5481.0,2024-03-17
2024031704012004,UAIL,14,45,200.0,554.0,110800.0,2024-03-17
2024031704012003,UAIL,49,45,100.0,554.1,55410.0,2024-03-17
2024031701032787,MCHL,6,5,10.0,334.0,3340.0,2024-03-17
2024031701032786,SONA,46,59,10.0,529.2,5292.0,2024-03-17
2024031704012002,UMRH,20,38,20.0,358.1,7162.0,2024-03-17
2024031704012001,UMRH,52,38,10.0,358.2,3582.0,2024-03-17
2024031704012000,UMRH,11,38,40.0,358.2,14328.0,2024-03-17
2024031704011999,UMRH,25,38,26.0,358.5,9321.0,2024-03-17
2024031701032785,CLI,1,49,52.0,467.1,24289.2,2024-03-17
2024031704011998,UPPER,39,58,150.0,182.8,27420.0,2024-03-17
2024031703012304,HLI,44,14,129.0,420.0,54180.0,2024-03-17
2024031703012303,HLI,44,6,69.0,420.0,28980.0,2024-03-17
2024031703012302,HLI,44,21,217.0,420.0,91140.0,2024-03-17
2024031703012301,HLI,44,56,255.0,420.0,107100.0,2024-03-17
2024031703012300,HLI,44,7,30.0,419.8,12594.0,2024-03-17
2024031703012299,HLI,44,40,200.0,419.5,83900.0,2024-03-17
2024031703012298,HLI,44,41,100.0,419.0,41900.0,2024-03-17
2024031704011997,HPPL,10,1,10.0,271.1,2711.0,2024-03-17
2024031701032784,SHIVM,56,88,408.0,576.0,235008.0,2024-03-17
2024031701032783,SHIVM,56,34,100.0,576.0,57600.0,2024-03-17
2024031701032782,SHIVM,56,54,20.0,576.0,11520.0,2024-03-17
2024031701032781,SHIVM,56,56,252.0,576.0,145152.0,2024-03-17
2024031701032780,SHIVM,56,43,200.0,575.9,115180.0,2024-03-17
2024031701032779,SHIVM,56,57,20.0,575.9,11518.0,2024-03-17
2024031701032778,GBD80/81,42,53,10.0,1023.9,10239.0,2024-03-17
2024031701032777,GBD80/81,42,45,25.0,1023.9,25597.5,2024-03-17
2024031701032776,GBD80/81,42,45,26.0,1023.9,26621.4,2024-03-17
2024031703012297,MLBSL,28,33,10.0,1671.0,16710.0,2024-03-17
2024031704011996,UPPER,54,58,300.0,182.8,54840.0,2024-03-17
2024031701032775,BEDC,35,17,10.0,344.0,3440.0,2024-03-17
2024031701032774,BEDC,35,55,10.0,344.0,3440.0,2024-03-17
2024031704011995,PPCL,14,1,10.0,257.9,2579.0,2024-03-17
2024031704011994,MEN,57,45,20.0,560.0,11200.0,2024-03-17
2024031703012296,ILBS,58,41,10.0,789.8,7898.0,2024-03-17
2024031703012295,GUFL,34,57,125.0,780.0,97500.0,2024-03-17
2024031703012294,GUFL,45,57,40.0,780.0,31200.0,2024-03-17
2024031703012293,GUFL,26,57,250.0,780.0,195000.0,2024-03-17
2024031703012292,GUFL,55,57,102.0,780.0,79560.0,2024-03-17
2024031703012291,GRDBL,49,46,38.0,392.0,14896.0,2024-03-17
2024031704011993,BARUN,62,38,460.0,247.0,113620.0,2024-03-17
2024031701032773,SNLI,49,48,82.0,625.0,51250.0,2024-03-17
2024031701032772,SNLI,49,38,10.0,625.0,6250.0,2024-03-17
2024031701032771,SNLI,49,20,10.0,625.0,6250.0,2024-03-17
2024031701032770,SNLI,49,38,10.0,625.0,6250.0,2024-03-17
2024031701032769,SNLI,49,40,10.0,625.0,6250.0,2024-03-17
2024031701032768,SNLI,49,57,10.0,625.0,6250.0,2024-03-17
2024031701032767,SNLI,49,40,10.0,625.0,6250.0,2024-03-17
2024031701032766,SNLI,49,34,10.0,625.0,6250.0,2024-03-17
2024031701032765,SNLI,49,40,10.0,625.0,6250.0,2024-03-17
2024031701032764,SNLI,49,25,10.0,625.0,6250.0,2024-03-17
2024031701032763,SNLI,49,1,300.0,625.0,187500.0,2024-03-17
2024031701032762,SNLI,49,56,23.0,625.0,14375.0,2024-03-17
2024031701032761,SNLI,49,45,100.0,624.2,62420.0,2024-03-17
2024031701032760,SNLI,49,66,105.0,624.2,65541.0,2024-03-17
2024031701032759,BNT,42,17,10.0,13200.0,132000.0,2024-03-17
2024031701032758,BNT,55,17,10.0,13200.0,132000.0,2024-03-17
2024031701032757,SONA,62,58,313.0,529.0,165577.0,2024-03-17
2024031701032756,RNLI,71,17,10.0,455.3,4553.0,2024-03-17
2024031701032755,CLI,1,52,10.0,467.1,4671.0,2024-03-17
2024031701032754,SHIVM,29,8,341.0,575.0,196075.0,2024-03-17
2024031701032753,SHIVM,66,8,409.0,575.1,235215.9,2024-03-17
2024031701032752,SONA,29,50,177.0,529.4,93703.8,2024-03-17
2024031701032751,SONA,29,36,200.0,529.3,105860.0,2024-03-17
2024031701032750,SONA,29,6,10.0,529.2,5292.0,2024-03-17
2024031701032749,SONA,29,58,10.0,529.2,5292.0,2024-03-17
2024031701032748,SONA,29,45,10.0,529.2,5292.0,2024-03-17
2024031701032747,SONA,29,32,23.0,529.2,12171.6,2024-03-17
2024031701032746,SONA,29,13,50.0,529.1,26455.0,2024-03-17
2024031701032745,SONA,29,58,10.0,529.1,5291.0,2024-03-17
2024031701032744,SONA,29,45,10.0,529.1,5291.0,2024-03-17
2024031703012290,SJLIC,82,53,900.0,511.9,460710.0,2024-03-17
2024031703012289,SJLIC,22,53,30.0,512.0,15360.0,2024-03-17
2024031703012288,SJLIC,45,53,60.0,512.0,30720.0,2024-03-17
2024031703012287,SJLIC,34,53,10.0,512.1,5121.0,2024-03-17
2024031704011992,AKPL,22,57,250.0,185.1,46275.0,2024-03-17
2024031703012286,JFL,45,38,100.0,382.5,38250.0,2024-03-17
2024031701032743,USHEC,38,56,10.0,361.8,3618.0,2024-03-17
2024031704011991,CGH,4,44,60.0,827.0,49620.0,2024-03-17
2024031703012285,KSBBL,7,58,50.0,356.1,17805.0,2024-03-17
2024031703012284,KRBL,58,88,824.0,424.0,349376.0,2024-03-17
2024031703012283,KRBL,58,59,66.0,424.0,27984.0,2024-03-17
2024031703012282,KRBL,58,19,450.0,424.0,190800.0,2024-03-17
2024031703012281,KRBL,58,17,100.0,424.0,42400.0,2024-03-17
2024031703012280,KRBL,58,55,1100.0,424.0,466400.0,2024-03-17
2024031703012279,KRBL,58,13,100.0,424.0,42400.0,2024-03-17
2024031703012278,KRBL,58,34,50.0,423.3,21165.0,2024-03-17
2024031703012277,KRBL,58,21,10.0,423.3,4233.0,2024-03-17
2024031703012276,KRBL,58,52,500.0,423.0,211500.0,2024-03-17
2024031703012275,KRBL,58,54,400.0,423.0,169200.0,2024-03-17
2024031703012274,KRBL,58,25,72.0,422.5,30420.0,2024-03-17
2024031703012273,KRBL,58,11,200.0,422.2,84440.0,2024-03-17
2024031703012272,KRBL,58,1,50.0,422.2,21110.0,2024-03-17
2024031703012271,KRBL,58,6,100.0,422.0,42200.0,2024-03-17
2024031703012270,KRBL,58,41,50.0,422.0,21100.0,2024-03-17
2024031703012269,KRBL,58,52,100.0,422.0,42200.0,2024-03-17
2024031703012268,KRBL,58,38,25.0,422.0,10550.0,2024-03-17
2024031703012267,KRBL,58,6,100.0,422.0,42200.0,2024-03-17
2024031703012266,KRBL,58,41,50.0,422.0,21100.0,2024-03-17
2024031703012265,KRBL,58,45,10.0,421.0,4210.0,2024-03-17
2024031703012264,KRBL,58,49,19.0,420.5,7989.5,2024-03-17
2024031701032742,MHL,51,35,10.0,396.9,3969.0,2024-03-17
2024031701032741,MHL,51,38,10.0,395.0,3950.0,2024-03-17
2024031701032740,MHL,51,19,10.0,394.0,3940.0,2024-03-17
2024031701032739,MHL,51,38,10.0,394.0,3940.0,2024-03-17
2024031701032738,TVCL,38,41,30.0,519.1,15573.0,2024-03-17
2024031701032737,NWCL,42,45,10.0,773.9,7739.0,2024-03-17
2024031705005070,HRL,42,42,10.0,621.9,6219.0,2024-03-17
2024031705005069,HRL,41,42,470.0,621.1,291917.0,2024-03-17
2024031703012263,GBLBS,65,1,150.0,596.9,89535.0,2024-03-17
2024031704011990,AKJCL,35,43,100.0,223.0,22300.0,2024-03-17
2024031701032736,NICA,47,43,71.0,418.0,29678.0,2024-03-17
2024031701032735,NICA,42,43,140.0,418.0,58520.0,2024-03-17
2024031704011989,SGIC,71,45,300.0,545.0,163500.0,2024-03-17
2024031704011988,JOSHI,34,6,100.0,335.0,33500.0,2024-03-17
2024031705005068,HRL,41,34,10.0,621.1,6211.0,2024-03-17
2024031701032734,MKHL,26,72,10.0,382.0,3820.0,2024-03-17
2024031701032733,CLI,51,29,10.0,468.0,4680.0,2024-03-17
2024031701032732,CLI,51,57,10.0,468.0,4680.0,2024-03-17
2024031701032731,CLI,51,49,10.0,468.0,4680.0,2024-03-17
2024031703012262,USLB,52,36,50.0,1600.0,80000.0,2024-03-17
2024031703012261,USLB,52,35,50.0,1599.9,79995.0,2024-03-17
2024031703012260,NLIC,58,34,35.0,611.0,21385.0,2024-03-17
2024031701032730,SAHAS,32,13,50.0,533.0,26650.0,2024-03-17
2024031703012259,DDBL,28,65,25.0,781.0,19525.0,2024-03-17
2024031703012258,DDBL,65,65,240.0,781.6,187584.0,2024-03-17
2024031703012257,DDBL,34,65,35.0,782.0,27370.0,2024-03-17
2024031704011987,SHL,17,47,123.0,447.2,55005.6,2024-03-17
2024031704011986,MEN,57,41,30.0,560.0,16800.0,2024-03-17
2024031704011985,MEN,57,49,40.0,560.0,22400.0,2024-03-17
2024031704011984,UPCL,46,34,100.0,216.1,21610.0,2024-03-17
2024031703012256,NABBC,34,22,90.0,412.7,37143.0,2024-03-17
2024031704011983,KKHC,58,44,100.0,245.0,24500.0,2024-03-17
2024031704011982,KKHC,58,57,290.0,244.9,71021.0,2024-03-17
2024031704011981,KKHC,58,35,490.0,244.0,119560.0,2024-03-17
2024031701032729,SAMAJ,64,5,10.0,2040.0,20400.0,2024-03-17
2024031701032728,SAMAJ,64,49,10.0,2040.0,20400.0,2024-03-17
2024031701032727,SAMAJ,64,33,10.0,2039.0,20390.0,2024-03-17
2024031701032726,SAMAJ,64,17,10.0,2037.0,20370.0,2024-03-17
2024031701032725,SAMAJ,64,58,10.0,2035.0,20350.0,2024-03-17
2024031701032724,SAMAJ,64,28,10.0,2035.0,20350.0,2024-03-17
2024031701032723,SAMAJ,64,49,10.0,2033.9,20339.0,2024-03-17
2024031701032722,SAMAJ,64,41,20.0,2030.0,40600.0,2024-03-17
2024031701032721,SAMAJ,64,11,10.0,2029.0,20290.0,2024-03-17
2024031703012255,VLBS,35,1,27.0,649.0,17523.0,2024-03-17
2024031703012254,SDLBSL,22,19,20.0,655.0,13100.0,2024-03-17
2024031701032720,RNLI,71,41,20.0,455.3,9106.0,2024-03-17
2024031701032719,RNLI,32,57,57.0,456.0,25992.0,2024-03-17
2024031701032718,MKLB,32,41,10.0,822.0,8220.0,2024-03-17
2024031701032717,SMHL,29,73,10.0,460.0,4600.0,2024-03-17
2024031701032716,SMHL,11,73,10.0,461.0,4610.0,2024-03-17
2024031701032715,SONA,62,4,10.0,529.0,5290.0,2024-03-17
2024031701032714,SONA,62,58,10.0,529.0,5290.0,2024-03-17
2024031701032713,SONA,62,33,183.0,529.0,96807.0,2024-03-17
2024031704011980,CHCL,57,35,247.0,469.0,115843.0,2024-03-17
2024031704011979,CHCL,14,35,650.0,469.0,304850.0,2024-03-17
2024031704011978,CHCL,57,35,10.0,469.0,4690.0,2024-03-17
2024031704011977,CHCL,17,35,38.0,469.0,17822.0,2024-03-17
2024031705005067,HIDCL,43,44,10.0,179.0,1790.0,2024-03-17
2024031701032712,DOLTI,57,21,167.0,384.0,64128.0,2024-03-17
2024031701032711,DOLTI,6,21,190.0,384.0,72960.0,2024-03-17
2024031701032710,DOLTI,56,21,20.0,385.0,7700.0,2024-03-17
2024031701032709,DOLTI,45,21,13.0,385.0,5005.0,2024-03-17
2024031701032708,SGHC,45,39,10.0,312.9,3129.0,2024-03-17
2024031701032707,SGHC,45,35,10.0,312.9,3129.0,2024-03-17
2024031703012253,ICFC,34,59,100.0,503.5,50350.0,2024-03-17
2024031705005066,NIFRA,59,37,200.0,211.0,42200.0,2024-03-17
2024031701032706,HBL,65,57,1311.0,193.0,253023.0,2024-03-17
2024031701032705,HBL,57,57,89.0,193.1,17185.9,2024-03-17
2024031704011976,NHPC,57,45,100.0,159.6,15960.0,2024-03-17
2024031701032704,SRLI,38,70,10.0,457.0,4570.0,2024-03-17
2024031704011975,CHL,34,58,954.0,292.0,278568.0,2024-03-17
2024031704011974,CHL,7,58,30.0,292.1,8763.0,2024-03-17
2024031704011973,CHL,74,58,989.0,292.1,288886.9,2024-03-17
2024031704011972,CHL,34,58,54.0,292.2,15778.8,2024-03-17
2024031704011971,CHL,38,58,68.0,292.2,19869.6,2024-03-17
2024031704011970,CHL,41,58,85.0,292.2,24837.0,2024-03-17
2024031704011969,CHL,57,58,420.0,292.2,122724.0,2024-03-17
2024031703012252,NLIC,66,34,400.0,611.0,244400.0,2024-03-17
2024031701032703,SHIVM,66,8,541.0,575.1,311129.1,2024-03-17
2024031701032702,SHIVM,38,8,209.0,575.9,120363.1,2024-03-17
2024031701032701,GVL,7,14,40.0,436.0,17440.0,2024-03-17
2024031701032700,GVL,7,16,40.0,435.9,17436.0,2024-03-17
2024031701032699,GVL,7,42,10.0,435.0,4350.0,2024-03-17
2024031701032698,GVL,7,42,10.0,434.5,4345.0,2024-03-17
2024031703012251,GUFL,55,11,20.0,780.0,15600.0,2024-03-17
2024031701032697,GCIL,42,14,80.0,570.2,45616.0,2024-03-17
2024031701032696,GCIL,17,14,50.0,570.3,28515.0,2024-03-17
2024031701032695,GCIL,68,14,20.0,570.9,11418.0,2024-03-17
2024031703012250,SFCL,38,14,900.0,320.0,288000.0,2024-03-17
2024031703012249,SFCL,45,14,100.0,320.2,32020.0,2024-03-17
2024031704011968,BPCL,77,22,20.0,311.0,6220.0,2024-03-17
2024031704011967,JOSHI,29,6,77.0,335.0,25795.0,2024-03-17
2024031704011966,RURU,19,50,38.0,707.0,26866.0,2024-03-17
2024031703012248,PMLI,25,35,10.0,530.0,5300.0,2024-03-17
2024031704011965,UMRH,56,59,310.0,359.0,111290.0,2024-03-17
2024031705005065,NTC,62,59,100.0,859.0,85900.0,2024-03-17
2024031705005064,NTC,14,59,100.0,859.0,85900.0,2024-03-17
2024031701032694,MLBS,54,34,100.0,951.0,95100.0,2024-03-17
2024031701032693,MLBS,49,34,100.0,951.0,95100.0,2024-03-17
2024031701032692,MLBS,49,34,31.0,952.0,29512.0,2024-03-17
2024031701032691,MLBS,42,34,70.0,952.9,66703.0,2024-03-17
2024031703012247,SADBL,34,52,20.0,308.9,6178.0,2024-03-17
2024031701032690,EBL,35,49,180.0,516.5,92970.0,2024-03-17
2024031701032689,SMJC,51,26,200.0,371.0,74200.0,2024-03-17
2024031701032688,SMJC,64,26,10.0,371.9,3719.0,2024-03-17
2024031704011964,RADHI,53,41,11.0,246.1,2707.1,2024-03-17
2024031703012246,ILBS,77,41,10.0,785.0,7850.0,2024-03-17
2024031701032687,NRM,35,66,10.0,393.0,3930.0,2024-03-17
2024031701032686,SHIVM,42,56,248.0,576.0,142848.0,2024-03-17
2024031701032685,SHIVM,42,20,50.0,576.0,28800.0,2024-03-17
2024031701032684,SHIVM,42,45,357.0,576.0,205632.0,2024-03-17
2024031701032683,SHIVM,42,47,145.0,576.0,83520.0,2024-03-17
2024031701032682,DORDI,42,26,20.0,420.0,8400.0,2024-03-17
2024031701032681,JBLB,42,34,10.0,1363.0,13630.0,2024-03-17
2024031701032680,SONA,26,21,1000.0,528.5,528500.0,2024-03-17
2024031701032679,KBSH,72,35,100.0,1030.0,103000.0,2024-03-17
2024031704011963,AHPC,26,47,100.0,182.8,18280.0,2024-03-17
2024031701032678,SHLB,57,58,40.0,994.0,39760.0,2024-03-17
2024031701032677,SONA,16,33,217.0,529.0,114793.0,2024-03-17
2024031701032676,SONA,16,6,10.0,529.0,5290.0,2024-03-17
2024031701032675,SONA,16,57,25.0,529.0,13225.0,2024-03-17
2024031701032674,SONA,16,82,120.0,529.0,63480.0,2024-03-17
2024031701032673,SONA,16,21,128.0,529.0,67712.0,2024-03-17
2024031701032672,MKHL,17,45,40.0,376.0,15040.0,2024-03-17
2024031701032671,BNT,19,17,10.0,13200.0,132000.0,2024-03-17
2024031701032670,BNT,22,17,10.0,13202.0,132020.0,2024-03-17
2024031701032669,BNT,14,17,20.0,13204.0,264080.0,2024-03-17
2024031701032668,BNT,65,17,10.0,13210.0,132100.0,2024-03-17
2024031701032667,MEL,17,44,100.0,222.0,22200.0,2024-03-17
2024031701032666,SONA,22,21,200.0,529.0,105800.0,2024-03-17
2024031701032665,GBIME,22,40,330.0,191.0,63030.0,2024-03-17
2024031704011962,NGPL,28,44,700.0,311.1,217770.0,2024-03-17
2024031701032664,GBIME,6,58,71.0,190.2,13504.2,2024-03-17
2024031701032663,RFPL,10,62,90.0,372.9,33561.0,2024-03-17
2024031701032662,RFPL,22,62,50.0,373.0,18650.0,2024-03-17
2024031701032661,RFPL,10,62,490.0,373.1,182819.0,2024-03-17
2024031701032660,RFPL,62,62,70.0,373.2,26124.0,2024-03-17
2024031701032659,VLUCL,58,33,50.0,525.0,26250.0,2024-03-17
2024031701032658,VLUCL,43,33,40.0,525.2,21008.0,2024-03-17
2024031703012245,NFS,33,86,48.0,370.0,17760.0,2024-03-17
2024031701032657,PHCL,52,35,450.0,317.1,142695.0,2024-03-17
2024031701032656,PHCL,4,35,120.0,317.2,38064.0,2024-03-17
2024031701032655,PHCL,50,35,500.0,317.3,158650.0,2024-03-17
2024031701032654,PHCL,13,35,10.0,317.4,3174.0,2024-03-17
2024031705005063,NRN,36,50,400.0,557.1,222840.0,2024-03-17
2024031705005062,NRN,86,50,100.0,557.3,55730.0,2024-03-17
2024031704011961,JOSHI,6,6,10.0,335.0,3350.0,2024-03-17
2024031701032653,MKHL,14,45,500.0,376.0,188000.0,2024-03-17
2024031701032652,MKHL,22,45,440.0,376.0,165440.0,2024-03-17
2024031701032651,MKHL,10,45,20.0,376.2,7524.0,2024-03-17
2024031704011960,NHPC,6,45,11.0,159.5,1754.5,2024-03-17
2024031701032650,SONA,26,16,245.0,528.5,129482.5,2024-03-17
2024031701032649,SONA,16,16,255.0,528.6,134793.0,2024-03-17
2024031701032648,PPL,44,16,40.0,342.0,13680.0,2024-03-17
2024031701032647,ILI,51,16,297.0,545.1,161894.7,2024-03-17
2024031703012244,GMFIL,34,40,290.0,367.9,106691.0,2024-03-17
2024031703012243,BFC,57,34,50.0,348.0,17400.0,2024-03-17
2024031703012242,BFC,65,34,50.0,350.0,17500.0,2024-03-17
2024031704011959,UPPER,26,58,200.0,182.8,36560.0,2024-03-17
2024031704011958,UPPER,22,58,18.0,182.8,3290.4,2024-03-17
2024031701032646,MKLB,62,41,20.0,821.0,16420.0,2024-03-17
2024031701032645,GCIL,91,89,343.0,571.0,195853.0,2024-03-17
2024031701032644,GCIL,91,43,120.0,571.0,68520.0,2024-03-17
2024031701032643,GCIL,91,38,37.0,570.9,21123.3,2024-03-17
2024031703012241,BFC,65,22,100.0,350.0,35000.0,2024-03-17
2024031703012240,BFC,65,14,150.0,350.0,52500.0,2024-03-17
2024031704011957,AKPL,45,36,38.0,185.2,7037.6,2024-03-17
2024031703012239,SJLIC,34,7,90.0,512.1,46089.0,2024-03-17
2024031703012238,SJLIC,67,7,400.0,512.2,204880.0,2024-03-17
2024031703012237,SJLIC,67,7,10.0,513.0,5130.0,2024-03-17
2024031701032642,NRM,35,16,10.0,393.0,3930.0,2024-03-17
2024031701032641,NRM,35,58,430.0,393.0,168990.0,2024-03-17
2024031703012236,GMFIL,45,40,10.0,367.9,3679.0,2024-03-17
2024031703012235,GMFIL,45,57,50.0,361.1,18055.0,2024-03-17
2024031703012234,GUFL,55,46,78.0,780.0,60840.0,2024-03-17
2024031704011956,AKJCL,48,57,100.0,222.0,22200.0,2024-03-17
2024031701032640,SONA,38,21,100.0,529.0,52900.0,2024-03-17
2024031704011955,SJCL,45,16,80.0,286.0,22880.0,2024-03-17
2024031705005061,NRIC,26,39,10.0,764.0,7640.0,2024-03-17
2024031704011954,UPPER,34,58,25.0,182.8,4570.0,2024-03-17
2024031705005060,CIT,1,49,86.0,2135.0,183610.0,2024-03-17
2024031705005059,CIT,19,49,14.0,2135.1,29891.4,2024-03-17
2024031704011953,SPDL,49,33,10.0,253.0,2530.0,2024-03-17
2024031701032639,RFPL,62,17,10.0,373.2,3732.0,2024-03-17
2024031703012233,ILBS,77,19,78.0,785.0,61230.0,2024-03-17
2024031701032638,MHCL,58,18,40.0,448.0,17920.0,2024-03-17
2024031704011952,UPPER,42,58,354.0,182.8,64711.2,2024-03-17
2024031704011951,RIDI,57,55,280.0,187.5,52500.0,2024-03-17
2024031701032637,KDL,21,54,50.0,797.9,39895.0,2024-03-17
2024031704011950,HDHPC,34,55,295.0,142.6,42067.0,2024-03-17
2024031705005058,HIDCL,43,44,10.0,179.0,1790.0,2024-03-17
2024031704011949,RIDI,45,42,412.0,187.9,77414.8,2024-03-17
2024031704011948,RIDI,45,68,88.0,187.9,16535.2,2024-03-17
2024031704011947,UPPER,56,58,100.0,182.8,18280.0,2024-03-17
2024031701032636,KBL,36,41,657.0,143.0,93951.0,2024-03-17
2024031701032635,KBL,22,41,100.0,143.0,14300.0,2024-03-17
2024031701032634,KBL,16,41,206.0,143.0,29458.0,2024-03-17
2024031701032633,KBL,22,41,37.0,143.0,5291.0,2024-03-17
2024031703012232,DDBL,42,88,40.0,784.0,31360.0,2024-03-17
2024031704011946,UPPER,36,58,500.0,182.8,91400.0,2024-03-17
2024031701032632,UNLB,21,19,10.0,1445.0,14450.0,2024-03-17
2024031705005057,NRIC,26,86,20.0,764.0,15280.0,2024-03-17
2024031705005056,NRIC,47,86,10.0,764.0,7640.0,2024-03-17
2024031704011945,UPPER,40,58,50.0,182.8,9140.0,2024-03-17
2024031701032631,RFPL,38,34,400.0,376.0,150400.0,2024-03-17
2024031701032630,RFPL,38,19,100.0,375.9,37590.0,2024-03-17
2024031701032629,SNLI,49,56,25.0,625.0,15625.0,2024-03-17
2024031701032628,SNLI,49,38,100.0,624.9,62490.0,2024-03-17
2024031701032627,SNLI,49,57,30.0,624.9,18747.0,2024-03-17
2024031701032626,SNLI,49,47,100.0,624.7,62470.0,2024-03-17
2024031701032625,SNLI,49,34,50.0,624.4,31220.0,2024-03-17
2024031701032624,SNLI,49,34,95.0,624.2,59299.0,2024-03-17
2024031701032623,MKHL,26,22,10.0,380.0,3800.0,2024-03-17
2024031701032622,RHGCL,26,71,10.0,297.0,2970.0,2024-03-17
2024031704011944,GLH,17,48,150.0,227.0,34050.0,2024-03-17
2024031704011943,UPPER,44,58,20.0,182.8,3656.0,2024-03-17
2024031704011942,UPPER,41,58,100.0,182.8,18280.0,2024-03-17
2024031701032621,RAWA,36,29,10.0,475.5,4755.0,2024-03-17
2024031701032620,SHIVM,62,47,55.0,576.0,31680.0,2024-03-17
2024031701032619,SHIVM,62,45,1945.0,576.0,1120320.0,2024-03-17
2024031703012231,HLI,49,55,10.0,418.0,4180.0,2024-03-17
2024031703012230,HLI,14,55,100.0,418.0,41800.0,2024-03-17
2024031703012229,HLI,59,55,250.0,418.0,104500.0,2024-03-17
2024031703012228,HLI,59,55,250.0,418.0,104500.0,2024-03-17
2024031703012227,HLI,16,55,140.0,418.1,58534.0,2024-03-17
2024031703012226,HLI,67,55,100.0,418.1,41810.0,2024-03-17
2024031701032618,SMHL,55,58,10.0,461.0,4610.0,2024-03-17
2024031703012225,KRBL,58,14,330.0,420.0,138600.0,2024-03-17
2024031703012224,NUBL,77,50,98.0,643.0,63014.0,2024-03-17
2024031703012223,NUBL,62,50,50.0,643.1,32155.0,2024-03-17
2024031703012222,NUBL,44,50,200.0,643.2,128640.0,2024-03-17
2024031703012221,NUBL,17,50,100.0,644.0,64400.0,2024-03-17
2024031701032617,SHIVM,38,21,185.0,575.9,106541.5,2024-03-17
2024031701032616,SHIVM,32,21,43.0,575.9,24763.7,2024-03-17
2024031704011941,UPPER,6,58,30.0,182.8,5484.0,2024-03-17
2024031701032615,SNLI,16,45,230.0,624.0,143520.0,2024-03-17
2024031701032614,SNLI,35,45,10.0,624.0,6240.0,2024-03-17
2024031701032613,SNLI,48,45,150.0,624.1,93615.0,2024-03-17
2024031704011940,AKPL,45,39,126.0,185.2,23335.2,2024-03-17
2024031701032612,PCBL,64,49,34.0,197.1,6701.4,2024-03-17
2024031701032611,PCBL,34,49,120.0,197.2,23664.0,2024-03-17
2024031701032610,PCBL,5,49,46.0,197.4,9080.4,2024-03-17
2024031704011939,RIDI,49,68,50.0,187.9,9395.0,2024-03-17
2024031704011938,KKHC,34,35,10.0,244.0,2440.0,2024-03-17
2024031701032609,ADBL,51,7,314.0,235.0,73790.0,2024-03-17
2024031701032608,ADBL,51,57,42.0,235.0,9870.0,2024-03-17
2024031701032607,ADBL,51,52,10.0,235.0,2350.0,2024-03-17
2024031701032606,ADBL,51,56,200.0,235.0,47000.0,2024-03-17
2024031701032605,ADBL,51,58,80.0,235.0,18800.0,2024-03-17
2024031701032604,ADBL,51,38,100.0,235.0,23500.0,2024-03-17
2024031701032603,ADBL,51,41,112.0,235.0,26320.0,2024-03-17
2024031701032602,ADBL,51,49,77.0,234.8,18079.6,2024-03-17
2024031701032601,MHCL,34,46,100.0,448.5,44850.0,2024-03-17
2024031703012220,MPFL,1,58,20.0,379.0,7580.0,2024-03-17
2024031704011937,SALICO,14,41,100.0,692.5,69250.0,2024-03-17
2024031704011936,NIL,39,42,50.0,825.0,41250.0,2024-03-17
2024031704011935,HDHPC,3,38,100.0,142.9,14290.0,2024-03-17
2024031703012219,KRBL,58,14,50.0,420.0,21000.0,2024-03-17
2024031703012218,KRBL,58,14,50.0,420.1,21005.0,2024-03-17
2024031703012217,NLICL,57,58,84.0,570.0,47880.0,2024-03-17
2024031703012216,NLICL,57,22,10.0,570.0,5700.0,2024-03-17
2024031703012215,NLICL,57,4,106.0,570.0,60420.0,2024-03-17
2024031704011934,SSHL,17,80,10.0,169.0,1690.0,2024-03-17
2024031703012214,NMBMF,49,35,10.0,553.0,5530.0,2024-03-17
2024031704011933,UPPER,49,58,20.0,182.8,3656.0,2024-03-17
2024031704011932,SPIL,44,58,12.0,770.0,9240.0,2024-03-17
2024031704011931,SPIL,44,76,50.0,769.4,38470.0,2024-03-17
2024031704011930,SPIL,44,25,22.0,768.8,16913.6,2024-03-17
2024031704011929,SPIL,44,34,114.0,768.0,87552.0,2024-03-17
2024031704011928,SPIL,44,45,50.0,766.0,38300.0,2024-03-17
2024031704011927,SPIL,44,57,20.0,766.0,15320.0,2024-03-17
2024031704011926,SPIL,44,44,25.0,766.0,19150.0,2024-03-17
2024031705005055,SMATA,29,1,65.0,655.1,42581.5,2024-03-17
2024031705005054,SMATA,34,1,250.0,655.2,163800.0,2024-03-17
2024031705005053,SMATA,16,1,50.0,655.3,32765.0,2024-03-17
2024031705005052,SMATA,6,1,20.0,655.8,13116.0,2024-03-17
2024031705005051,SMATA,33,1,100.0,656.0,65600.0,2024-03-17
2024031703012213,ACLBSL,33,34,63.0,677.1,42657.3,2024-03-17
2024031703012212,ACLBSL,17,34,100.0,678.0,67800.0,2024-03-17
2024031703012211,ACLBSL,44,34,37.0,680.0,25160.0,2024-03-17
2024031701032600,MKLB,62,48,10.0,821.0,8210.0,2024-03-17
2024031701032599,MKLB,62,21,41.0,821.0,33661.0,2024-03-17
2024031701032598,MKLB,62,22,50.0,820.0,41000.0,2024-03-17
2024031701032597,MKLB,62,38,30.0,819.0,24570.0,2024-03-17
2024031701032596,MKLB,62,21,20.0,819.0,16380.0,2024-03-17
2024031701032595,MKLB,62,33,11.0,817.0,8987.0,2024-03-17
2024031701032594,MKLB,62,41,97.0,816.5,79200.5,2024-03-17
2024031701032593,MKLB,62,57,12.0,816.0,9792.0,2024-03-17
2024031701032592,NMB,62,1,287.0,191.1,54845.7,2024-03-17
2024031701032591,NMB,62,14,500.0,191.0,95500.0,2024-03-17
2024031701032590,NMB,62,33,213.0,191.0,40683.0,2024-03-17
2024031704011925,GHL,58,21,400.0,162.0,64800.0,2024-03-17
2024031701032589,NABIL,25,72,85.0,464.0,39440.0,2024-03-17
2024031701032588,NABIL,7,72,40.0,464.0,18560.0,2024-03-17
2024031704011924,AKPL,45,50,160.0,185.3,29648.0,2024-03-17
2024031704011923,PPCL,34,38,500.0,256.0,128000.0,2024-03-17
2024031701032587,CITY,38,46,98.0,600.1,58809.8,2024-03-17
2024031701032586,CITY,22,46,45.0,600.2,27009.0,2024-03-17
2024031701032585,CITY,6,46,130.0,601.0,78130.0,2024-03-17
2024031701032584,CITY,51,46,57.0,601.0,34257.0,2024-03-17
2024031701032583,CITY,58,46,20.0,601.5,12030.0,2024-03-17
2024031703012210,GUFL,41,51,100.0,780.0,78000.0,2024-03-17
2024031701032582,SONA,89,21,500.0,529.0,264500.0,2024-03-17
2024031701032581,ANLB,63,14,20.0,2237.9,44758.0,2024-03-17
2024031701032580,ANLB,63,13,10.0,2233.0,22330.0,2024-03-17
2024031701032579,ANLB,63,49,10.0,2230.0,22300.0,2024-03-17
2024031701032578,ANLB,63,25,10.0,2230.0,22300.0,2024-03-17
2024031701032577,MEL,38,34,20.0,221.4,4428.0,2024-03-17
2024031701032576,MEL,39,34,80.0,221.4,17712.0,2024-03-17
2024031703012209,USLB,51,58,10.0,1597.0,15970.0,2024-03-17
2024031701032575,NWCL,42,45,30.0,773.9,23217.0,2024-03-17
2024031701032574,NWCL,42,53,10.0,770.5,7705.0,2024-03-17
2024031701032573,NWCL,42,53,80.0,770.0,61600.0,2024-03-17
2024031701032572,NWCL,42,51,10.0,770.0,7700.0,2024-03-17
2024031704011922,GHL,58,11,508.0,162.0,82296.0,2024-03-17
2024031701032571,ULHC,34,42,180.0,321.0,57780.0,2024-03-17
2024031701032570,ULHC,41,42,70.0,321.0,22470.0,2024-03-17
2024031703012208,SINDU,58,10,50.0,363.9,18195.0,2024-03-17
2024031703012207,SINDU,58,29,100.0,363.8,36380.0,2024-03-17
2024031703012206,SINDU,58,21,100.0,363.0,36300.0,2024-03-17
2024031703012205,SINDU,58,7,50.0,363.0,18150.0,2024-03-17
2024031704011921,UPPER,58,58,43.0,182.8,7860.4,2024-03-17
2024031703012204,NLIC,36,34,15.0,611.0,9165.0,2024-03-17
2024031703012203,NLIC,36,40,154.0,611.0,94094.0,2024-03-17
2024031701032569,AVYAN,3,58,10.0,640.0,6400.0,2024-03-17
2024031701032568,AVYAN,3,18,20.0,639.0,12780.0,2024-03-17
2024031703012202,JBBL,55,16,20.0,302.9,6058.0,2024-03-17
2024031703012201,EDBL,33,14,372.0,367.0,136524.0,2024-03-17
2024031703012200,EDBL,33,14,49.0,367.0,17983.0,2024-03-17
2024031701032567,HDL,66,47,381.0,1598.0,608838.0,2024-03-17
2024031701032566,HDL,45,47,100.0,1598.1,159810.0,2024-03-17
2024031701032565,HDL,44,47,30.0,1599.0,47970.0,2024-03-17
2024031701032564,HDL,11,47,79.0,1599.0,126321.0,2024-03-17
2024031701032563,MBJC,45,22,10.0,320.0,3200.0,2024-03-17
2024031701032562,MBJC,45,49,10.0,320.0,3200.0,2024-03-17
2024031701032561,MBJC,45,57,10.0,320.0,3200.0,2024-03-17
2024031701032560,MBJC,45,58,10.0,320.0,3200.0,2024-03-17
2024031701032559,MBJC,45,35,10.0,320.0,3200.0,2024-03-17
2024031701032558,MBJC,45,52,10.0,320.0,3200.0,2024-03-17
2024031701032557,MBJC,45,58,620.0,320.0,198400.0,2024-03-17
2024031701032556,MBJC,45,47,10.0,320.0,3200.0,2024-03-17
2024031704011920,UPPER,45,58,10.0,182.8,1828.0,2024-03-17
2024031701032555,RNLI,71,53,10.0,455.3,4553.0,2024-03-17
2024031701032554,NYADI,59,38,80.0,294.0,23520.0,2024-03-17
2024031704011919,NIL,39,17,125.0,825.0,103125.0,2024-03-17
2024031701032553,SNLI,22,34,10.0,624.2,6242.0,2024-03-17
2024031703012199,SLBBL,51,6,30.0,665.0,19950.0,2024-03-17
2024031701032552,SHIVM,66,20,50.0,575.1,28755.0,2024-03-17
2024031701032551,SHIVM,57,20,150.0,575.1,86265.0,2024-03-17
2024031701032550,NRM,41,58,500.0,393.0,196500.0,2024-03-17
2024031701032549,SHIVM,57,19,50.0,575.1,28755.0,2024-03-17
2024031701032548,DLBS,49,42,15.0,968.1,14521.5,2024-03-17
2024031701032547,DLBS,52,42,60.0,969.0,58140.0,2024-03-17
2024031701032546,DLBS,58,42,10.0,969.1,9691.0,2024-03-17
2024031703012198,NFS,58,86,50.0,370.0,18500.0,2024-03-17
2024031701032545,MMKJL,82,3,500.0,440.1,220050.0,2024-03-17
2024031703012197,SINDU,34,42,30.0,363.0,10890.0,2024-03-17
2024031703012196,ILBS,77,43,134.0,785.0,105190.0,2024-03-17
2024031704011918,HURJA,5,74,50.0,298.1,14905.0,2024-03-17
2024031703012195,SWBBL,50,32,80.0,761.0,60880.0,2024-03-17
2024031703012194,SWBBL,50,58,10.0,761.0,7610.0,2024-03-17
2024031703012193,SWBBL,50,22,12.0,760.0,9120.0,2024-03-17
2024031703012192,SWBBL,50,32,60.0,760.0,45600.0,2024-03-17
2024031703012191,SWBBL,50,34,50.0,760.0,38000.0,2024-03-17
2024031703012190,SWBBL,50,33,188.0,759.9,142861.2,2024-03-17
2024031701032544,SPHL,58,40,10.0,461.2,4612.0,2024-03-17
2024031703012189,CBBL,59,14,100.0,862.0,86200.0,2024-03-17
2024031701032543,TAMOR,45,41,190.0,386.0,73340.0,2024-03-17
2024031701032542,TAMOR,45,17,100.0,386.0,38600.0,2024-03-17
2024031701032541,TAMOR,45,32,10.0,385.9,3859.0,2024-03-17
2024031703012188,MFIL,13,6,20.0,522.9,10458.0,2024-03-17
2024031701032540,HDL,22,38,10.0,1600.0,16000.0,2024-03-17
2024031704011917,AKPL,45,38,836.0,185.2,154827.2,2024-03-17
2024031704011916,AKPL,45,38,164.0,185.2,30372.8,2024-03-17
2024031703012187,SHINE,57,17,22.0,378.1,8318.2,2024-03-17
2024031701032539,HHL,52,4,10.0,326.4,3264.0,2024-03-17
2024031701032538,RNLI,71,49,10.0,455.3,4553.0,2024-03-17
2024031703012186,KRBL,22,49,12.0,420.5,5046.0,2024-03-17
2024031705005050,NRN,45,56,198.0,558.0,110484.0,2024-03-17
2024031701032537,NABIL,7,19,24.0,464.0,11136.0,2024-03-17
2024031701032536,NABIL,6,19,61.0,464.0,28304.0,2024-03-17
2024031703012185,MLBL,58,49,12.0,333.0,3996.0,2024-03-17
2024031704011915,LEC,4,14,195.0,189.1,36874.5,2024-03-17
2024031701032535,CYCL,77,7,469.0,1458.0,683802.0,2024-03-17
2024031701032534,CYCL,77,41,50.0,1450.0,72500.0,2024-03-17
2024031701032533,CYCL,77,22,100.0,1450.0,145000.0,2024-03-17
2024031701032532,CYCL,77,58,270.0,1434.1,387207.0,2024-03-17
2024031701032531,CYCL,77,39,95.0,1433.0,136135.0,2024-03-17
2024031701032530,CYCL,77,57,10.0,1430.0,14300.0,2024-03-17
2024031701032529,CYCL,77,16,10.0,1425.0,14250.0,2024-03-17
2024031701032528,CYCL,77,55,142.0,1399.0,198658.0,2024-03-17
2024031701032527,CYCL,77,34,50.0,1397.0,69850.0,2024-03-17
2024031701032526,CYCL,77,44,10.0,1387.2,13872.0,2024-03-17
2024031701032525,CYCL,77,66,10.0,1387.2,13872.0,2024-03-17
2024031701032524,CYCL,77,45,100.0,1387.2,138720.0,2024-03-17
2024031701032523,CYCL,77,20,75.0,1387.2,104040.0,2024-03-17
2024031701032522,CYCL,77,45,500.0,1387.0,693500.0,2024-03-17
2024031701032521,CYCL,77,53,59.0,1387.0,81833.0,2024-03-17
2024031701032520,CYCL,77,36,53.0,1387.0,73511.0,2024-03-17
2024031701032519,CYCL,77,77,50.0,1387.0,69350.0,2024-03-17
2024031701032518,CYCL,77,47,10.0,1387.0,13870.0,2024-03-17
2024031701032517,CYCL,77,42,10.0,1387.0,13870.0,2024-03-17
2024031701032516,CYCL,77,21,10.0,1387.0,13870.0,2024-03-17
2024031701032515,CYCL,77,26,50.0,1385.0,69250.0,2024-03-17
2024031701032514,CYCL,77,51,30.0,1385.0,41550.0,2024-03-17
2024031701032513,CYCL,77,44,10.0,1385.0,13850.0,2024-03-17
2024031701032512,CYCL,77,66,10.0,1384.2,13842.0,2024-03-17
2024031701032511,CYCL,77,3,22.0,1383.3,30432.6,2024-03-17
2024031701032510,CYCL,77,38,66.0,1382.0,91212.0,2024-03-17
2024031701032509,CYCL,77,58,100.0,1382.0,138200.0,2024-03-17
2024031701032508,CYCL,77,43,40.0,1381.0,55240.0,2024-03-17
2024031701032507,CYCL,77,47,50.0,1375.0,68750.0,2024-03-17
2024031701032506,CYCL,77,4,139.0,1356.0,188484.0,2024-03-17
2024031701032505,SONA,5,21,72.0,529.0,38088.0,2024-03-17
2024031704011914,CHCL,6,29,100.0,469.9,46990.0,2024-03-17
2024031701032504,JBLB,35,25,65.0,1362.0,88530.0,2024-03-17
2024031701032503,JBLB,59,25,30.0,1363.0,40890.0,2024-03-17
2024031701032502,SANIMA,65,47,11.0,246.4,2710.4,2024-03-17
2024031701032501,TVCL,38,6,20.0,525.0,10500.0,2024-03-17
2024031701032500,TVCL,38,35,10.0,525.0,5250.0,2024-03-17
2024031701032499,TVCL,38,16,50.0,524.0,26200.0,2024-03-17
2024031701032498,TVCL,38,17,30.0,523.0,15690.0,2024-03-17
2024031701032497,TVCL,38,53,20.0,523.0,10460.0,2024-03-17
2024031701032496,TVCL,38,46,30.0,522.0,15660.0,2024-03-17
2024031701032495,TVCL,38,55,20.0,522.0,10440.0,2024-03-17
2024031701032494,TVCL,38,26,20.0,522.0,10440.0,2024-03-17
2024031705005049,HRL,44,38,10.0,621.0,6210.0,2024-03-17
2024031701032493,SHIVM,42,45,450.0,576.0,259200.0,2024-03-17
2024031701032492,SHIVM,42,13,100.0,575.9,57590.0,2024-03-17
2024031701032491,SHIVM,42,20,100.0,575.9,57590.0,2024-03-17
2024031701032490,SHIVM,42,71,150.0,575.9,86385.0,2024-03-17
2024031703012184,GMFIL,38,42,200.0,361.0,72200.0,2024-03-17
2024031703012183,GMFIL,25,42,100.0,361.0,36100.0,2024-03-17
2024031704011913,UPPER,50,58,50.0,182.8,9140.0,2024-03-17
2024031704011912,UPPER,19,58,20.0,182.8,3656.0,2024-03-17
2024031704011911,UPPER,45,58,289.0,182.8,52829.2,2024-03-17
2024031701032489,EHPL,18,34,30.0,442.0,13260.0,2024-03-17
2024031704011910,NGPL,28,34,800.0,311.1,248880.0,2024-03-17
2024031704011909,NGPL,59,34,200.0,311.1,62220.0,2024-03-17
2024031704011908,API,35,33,74.0,186.3,13786.2,2024-03-17
2024031704011907,API,45,33,50.0,186.5,9325.0,2024-03-17
2024031703012182,HLBSL,42,14,55.0,625.0,34375.0,2024-03-17
2024031703012181,GUFL,14,32,461.0,782.0,360502.0,2024-03-17
2024031703012180,GUFL,14,19,39.0,782.0,30498.0,2024-03-17
2024031705005048,NTC,14,45,10.0,860.0,8600.0,2024-03-17
2024031703012179,KRBL,58,74,100.0,420.0,42000.0,2024-03-17
2024031704011906,LEC,47,52,10.0,190.0,1900.0,2024-03-17
2024031704011905,NGPL,59,13,300.0,311.1,93330.0,2024-03-17
2024031704011904,NGPL,41,13,200.0,311.1,62220.0,2024-03-17
2024031703012178,CFCL,45,34,10.0,348.9,3489.0,2024-03-17
2024031701032488,BNHC,57,88,10.0,480.0,4800.0,2024-03-17
2024031704011903,GHL,49,11,900.0,162.0,145800.0,2024-03-17
2024031701032487,SPC,58,51,40.0,560.0,22400.0,2024-03-17
2024031701032486,SPC,16,51,200.0,560.0,112000.0,2024-03-17
2024031701032485,SPC,56,51,20.0,560.0,11200.0,2024-03-17
2024031701032484,SPC,38,51,30.0,560.0,16800.0,2024-03-17
2024031701032483,SPC,57,51,20.0,560.0,11200.0,2024-03-17
2024031701032482,SPC,35,51,500.0,560.0,280000.0,2024-03-17
2024031701032481,SPC,45,51,30.0,560.0,16800.0,2024-03-17
2024031701032480,SPC,58,51,50.0,560.1,28005.0,2024-03-17
2024031701032479,SPC,22,51,100.0,560.6,56060.0,2024-03-17
2024031701032478,SPC,4,51,10.0,561.0,5610.0,2024-03-17
2024031705005047,HRL,58,29,10.0,621.2,6212.0,2024-03-17
2024031703012177,SLBBL,28,6,50.0,665.0,33250.0,2024-03-17
2024031701032477,SONA,65,32,70.0,529.2,37044.0,2024-03-17
2024031701032476,SONA,65,14,430.0,529.1,227513.0,2024-03-17
2024031701032475,GCIL,55,38,200.0,570.9,114180.0,2024-03-17
2024031704011902,UPPER,54,57,100.0,182.9,18290.0,2024-03-17
2024031704011901,AKPL,45,54,800.0,185.2,148160.0,2024-03-17
2024031703012176,NMFBS,14,22,10.0,1094.0,10940.0,2024-03-17
2024031701032474,SONA,50,32,67.0,529.2,35456.4,2024-03-17
2024031701032473,SONA,50,1,23.0,529.1,12169.3,2024-03-17
2024031701032472,SONA,50,42,10.0,529.1,5291.0,2024-03-17
2024031703012175,EDBL,14,6,10.0,367.2,3672.0,2024-03-17
2024031704011900,SICL,14,59,70.0,720.0,50400.0,2024-03-17
2024031705005046,NTC,42,45,22.0,860.0,18920.0,2024-03-17
2024031705005045,NTC,44,45,55.0,860.0,47300.0,2024-03-17
2024031701032471,GCIL,58,38,63.0,570.9,35966.7,2024-03-17
2024031701032470,SONA,5,22,10.0,529.0,5290.0,2024-03-17
2024031703012174,SHINE,57,44,275.0,378.1,103977.5,2024-03-17
2024031701032469,RFPL,49,34,292.0,376.0,109792.0,2024-03-17
2024031701032468,RFPL,49,11,10.0,375.9,3759.0,2024-03-17
2024031704011899,IGI,51,53,350.0,545.3,190855.0,2024-03-17
2024031704011898,IGI,42,53,100.0,545.4,54540.0,2024-03-17
2024031704011897,IGI,33,53,50.0,546.0,27300.0,2024-03-17
2024031704011896,IGI,61,53,100.0,546.0,54600.0,2024-03-17
2024031704011895,IGI,48,53,400.0,546.1,218440.0,2024-03-17
2024031701032467,SAHAS,39,19,100.0,533.0,53300.0,2024-03-17
2024031703012173,MPFL,43,58,200.0,379.0,75800.0,2024-03-17
2024031705005044,HRL,58,4,70.0,621.1,43477.0,2024-03-17
2024031701032466,VLUCL,43,51,10.0,525.0,5250.0,2024-03-17
2024031701032465,VLUCL,43,77,10.0,525.0,5250.0,2024-03-17
2024031704011894,AHPC,34,44,200.0,183.0,36600.0,2024-03-17
2024031703012172,RSDC,34,77,10.0,568.0,5680.0,2024-03-17
2024031701032464,SHLB,57,50,20.0,990.0,19800.0,2024-03-17
2024031701032463,SMH,41,4,85.0,670.0,56950.0,2024-03-17
2024031701032462,SMH,64,4,115.0,671.0,77165.0,2024-03-17
2024031703012171,BFC,26,38,88.0,350.0,30800.0,2024-03-17
2024031703012170,BFC,26,32,62.0,350.0,21700.0,2024-03-17
2024031704011893,UPPER,45,38,30.0,182.8,5484.0,2024-03-17
2024031701032461,ILI,51,17,10.0,545.1,5451.0,2024-03-17
2024031703012169,GUFL,22,19,10.0,782.0,7820.0,2024-03-17
2024031703012168,GUFL,22,16,50.0,781.0,39050.0,2024-03-17
2024031703012167,GUFL,22,58,10.0,781.0,7810.0,2024-03-17
2024031703012166,GUFL,22,16,100.0,781.0,78100.0,2024-03-17
2024031703012165,GUFL,22,43,71.0,781.0,55451.0,2024-03-17
2024031701032460,TVCL,44,25,10.0,522.0,5220.0,2024-03-17
2024031701032459,JBLB,59,57,20.0,1363.0,27260.0,2024-03-17
2024031704011892,GHL,51,11,10.0,162.0,1620.0,2024-03-17
2024031701032458,MCHL,71,66,10.0,333.0,3330.0,2024-03-17
2024031701032457,SONA,5,41,120.0,529.0,63480.0,2024-03-17
2024031703012164,FMDBL,7,45,200.0,613.0,122600.0,2024-03-17
2024031701032456,MAKAR,55,64,30.0,381.0,11430.0,2024-03-17
2024031705005043,NTC,44,45,45.0,860.0,38700.0,2024-03-17
2024031705005042,NTC,34,45,100.0,860.0,86000.0,2024-03-17
2024031705005041,NTC,34,45,20.0,860.0,17200.0,2024-03-17
2024031705005040,NTC,35,45,50.0,860.0,43000.0,2024-03-17
2024031705005039,NTC,45,45,10.0,860.0,8600.0,2024-03-17
2024031705005038,NTC,58,45,50.0,860.0,43000.0,2024-03-17
2024031705005037,NTC,1,45,25.0,860.0,21500.0,2024-03-17
2024031705005036,NTC,50,45,230.0,860.1,197823.0,2024-03-17
2024031705005035,NTC,58,45,20.0,861.0,17220.0,2024-03-17
2024031705005034,NTC,34,45,50.0,861.0,43050.0,2024-03-17
2024031701032455,MKLB,6,49,10.0,815.0,8150.0,2024-03-17
2024031701032454,MKHC,56,58,10.0,299.0,2990.0,2024-03-17
2024031701032453,MKHC,56,16,10.0,298.0,2980.0,2024-03-17
2024031701032452,MKHC,56,56,10.0,298.0,2980.0,2024-03-17
2024031701032451,MKHC,56,58,10.0,298.0,2980.0,2024-03-17
2024031701032450,MKHC,56,48,149.0,298.0,44402.0,2024-03-17
2024031701032449,MKHC,56,58,90.0,297.0,26730.0,2024-03-17
2024031704011891,AKPL,45,41,15.0,185.2,2778.0,2024-03-17
2024031704011890,SGIC,71,5,50.0,545.0,27250.0,2024-03-17
2024031704011889,GHL,36,11,500.0,162.0,81000.0,2024-03-17
2024031703012163,CBBL,42,14,60.0,862.0,51720.0,2024-03-17
2024031704011888,JOSHI,25,6,400.0,335.0,134000.0,2024-03-17
2024031704011887,JOSHI,11,6,180.0,335.0,60300.0,2024-03-17
2024031704011886,JOSHI,32,6,30.0,335.1,10053.0,2024-03-17
2024031704011885,JOSHI,71,6,190.0,335.1,63669.0,2024-03-17
2024031701032448,NWCL,39,39,20.0,765.0,15300.0,2024-03-17
2024031701032447,NWCL,39,39,90.0,766.0,68940.0,2024-03-17
2024031701032446,NWCL,41,39,40.0,767.0,30680.0,2024-03-17
2024031704011884,UPPER,45,65,181.0,182.8,33086.8,2024-03-17
2024031704011883,PPCL,49,45,45.0,256.0,11520.0,2024-03-17
2024031704011882,PPCL,58,45,20.0,256.0,5120.0,2024-03-17
2024031704011881,PPCL,13,45,50.0,256.1,12805.0,2024-03-17
2024031704011880,PPCL,52,45,15.0,256.2,3843.0,2024-03-17
2024031703012162,MERO,51,48,26.0,570.0,14820.0,2024-03-17
2024031705005033,HRL,44,57,10.0,621.0,6210.0,2024-03-17
2024031705005032,NRIC,47,57,10.0,764.0,7640.0,2024-03-17
2024031704011879,MEN,54,45,30.0,560.5,16815.0,2024-03-17
2024031704011878,MEN,54,45,106.0,560.0,59360.0,2024-03-17
2024031703012161,FOWAD,52,54,10.0,1086.0,10860.0,2024-03-17
2024031704011877,GLH,56,48,220.0,227.0,49940.0,2024-03-17
2024031703012160,KRBL,58,35,100.0,420.0,42000.0,2024-03-17
2024031701032445,SONA,5,34,798.0,529.0,422142.0,2024-03-17
2024031701032444,SONA,57,34,202.0,529.0,106858.0,2024-03-17
2024031704011876,KKHC,32,4,50.0,243.0,12150.0,2024-03-17
2024031701032443,MHCL,58,46,192.0,448.5,86112.0,2024-03-17
2024031701032442,RHGCL,39,71,30.0,297.0,8910.0,2024-03-17
2024031701032441,RHGCL,13,54,100.0,296.5,29650.0,2024-03-17
2024031704011875,AKJCL,38,43,300.0,223.0,66900.0,2024-03-17
2024031704011874,HURJA,5,49,50.0,298.1,14905.0,2024-03-17
2024031703012159,FMDBL,7,32,300.0,610.7,183210.0,2024-03-17
2024031703012158,FMDBL,57,32,50.0,610.8,30540.0,2024-03-17
2024031703012157,FMDBL,58,32,100.0,611.0,61100.0,2024-03-17
2024031703012156,FMDBL,50,32,50.0,611.0,30550.0,2024-03-17
2024031704011873,RIDI,42,68,652.0,187.9,122510.8,2024-03-17
2024031703012155,HLI,42,55,565.0,419.0,236735.0,2024-03-17
2024031703012154,HLI,58,55,35.0,419.5,14682.5,2024-03-17
2024031703012153,SHINE,57,33,55.0,378.1,20795.5,2024-03-17
2024031701032440,NICA,58,47,20.0,419.0,8380.0,2024-03-17
2024031705005031,HRL,44,4,20.0,621.0,12420.0,2024-03-17
2024031701032439,HATHY,39,49,100.0,901.0,90100.0,2024-03-17
2024031701032438,SRLI,38,57,50.0,456.0,22800.0,2024-03-17
2024031705005030,KEF,45,45,300.0,8.1,2430.0,2024-03-17
2024031703012152,SAPDBL,41,28,200.0,287.1,57420.0,2024-03-17
2024031704011872,RADHI,18,50,20.0,247.9,4958.0,2024-03-17
2024031703012151,ICFC,32,59,10.0,504.5,5045.0,2024-03-17
2024031701032437,AHL,18,29,10.0,441.0,4410.0,2024-03-17
2024031703012150,RSDC,62,3,23.0,562.2,12930.6,2024-03-17
2024031701032436,SONA,57,50,200.0,529.0,105800.0,2024-03-17
2024031705005029,HRL,21,77,25.0,621.4,15535.0,2024-03-17
2024031705005028,HRL,58,77,20.0,621.4,12428.0,2024-03-17
2024031705005027,HRL,58,32,10.0,621.1,6211.0,2024-03-17
2024031704011871,SGIC,71,58,1232.0,545.0,671440.0,2024-03-17
2024031704011870,NGPL,41,38,300.0,311.1,93330.0,2024-03-17
2024031704011869,NGPL,56,38,300.0,311.2,93360.0,2024-03-17
2024031704011868,NGPL,36,38,300.0,311.2,93360.0,2024-03-17
2024031704011867,NGPL,29,38,100.0,311.5,31150.0,2024-03-17
2024031701032435,SPC,47,38,94.0,561.0,52734.0,2024-03-17
2024031701032434,HDL,11,22,10.0,1599.0,15990.0,2024-03-17
2024031701032433,RFPL,62,44,10.0,373.2,3732.0,2024-03-17
2024031704011866,AKPL,45,49,708.0,185.2,131121.6,2024-03-17
2024031703012149,GMFIL,10,57,50.0,361.1,18055.0,2024-03-17
2024031704011865,UPPER,7,65,300.0,182.8,54840.0,2024-03-17
2024031704011864,UPPER,7,65,100.0,182.8,18280.0,2024-03-17
2024031704011863,GHL,19,11,73.0,162.0,11826.0,2024-03-17
2024031704011862,GHL,49,11,50.0,162.0,8100.0,2024-03-17
2024031704011861,GHL,52,11,100.0,162.0,16200.0,2024-03-17
2024031704011860,GHL,41,11,1000.0,162.0,162000.0,2024-03-17
2024031704011859,GHL,4,11,45.0,162.0,7290.0,2024-03-17
2024031704011858,GHL,69,11,100.0,162.0,16200.0,2024-03-17
2024031704011857,GHL,57,11,339.0,162.0,54918.0,2024-03-17
2024031704011856,GHL,34,11,50.0,162.0,8100.0,2024-03-17
2024031704011855,GHL,25,11,200.0,162.0,32400.0,2024-03-17
2024031704011854,GHL,4,11,910.0,162.0,147420.0,2024-03-17
2024031704011853,GHL,38,11,145.0,162.1,23504.5,2024-03-17
2024031701032432,GCIL,58,48,27.0,570.9,15414.3,2024-03-17
2024031701032431,MCHL,71,58,10.0,333.0,3330.0,2024-03-17
2024031701032430,HBL,57,58,10.0,193.1,1931.0,2024-03-17
2024031705005026,NIFRA,38,37,50.0,211.0,10550.0,2024-03-17
2024031703012148,GUFL,20,43,59.0,781.0,46079.0,2024-03-17
2024031701032429,SONA,57,49,50.0,529.0,26450.0,2024-03-17
2024031701032428,RFPL,65,49,10.0,376.0,3760.0,2024-03-17
2024031701032427,SONA,57,42,48.0,529.0,25392.0,2024-03-17
2024031701032426,SONA,25,42,140.0,529.0,74060.0,2024-03-17
2024031701032425,SONA,54,42,500.0,529.1,264550.0,2024-03-17
2024031701032424,SONA,36,42,30.0,529.1,15873.0,2024-03-17
2024031701032423,SONA,56,42,150.0,529.1,79365.0,2024-03-17
2024031701032422,SONA,4,42,332.0,529.1,175661.2,2024-03-17
2024031701032421,PRVU,38,6,32.0,146.2,4678.4,2024-03-17
2024031704011852,KKHC,34,57,10.0,244.9,2449.0,2024-03-17
2024031701032420,SONA,4,52,10.0,529.1,5291.0,2024-03-17
2024031701032419,BEDC,34,44,10.0,342.1,3421.0,2024-03-17
2024031703012147,HLBSL,77,49,20.0,625.0,12500.0,2024-03-17
2024031701032418,SHIVM,28,71,50.0,575.9,28795.0,2024-03-17
2024031705005025,CIT,46,49,34.0,2139.1,72729.4,2024-03-17
2024031704011851,CGH,22,8,10.0,827.0,8270.0,2024-03-17
2024031705005024,NRN,45,26,100.0,558.0,55800.0,2024-03-17
2024031701032417,MLBS,51,45,19.0,953.0,18107.0,2024-03-17
2024031701032416,MLBS,58,45,10.0,953.0,9530.0,2024-03-17
2024031701032415,MLBS,6,45,15.0,953.9,14308.5,2024-03-17
2024031701032414,SONA,4,54,200.0,529.1,105820.0,2024-03-17
2024031704011850,AKPL,45,33,500.0,185.2,92600.0,2024-03-17
2024031704011849,SHL,33,72,1000.0,447.2,447200.0,2024-03-17
2024031701032413,CLI,59,51,500.0,467.0,233500.0,2024-03-17
2024031703012146,GRDBL,49,59,10.0,392.0,3920.0,2024-03-17
2024031703012145,SIFC,28,17,65.0,373.0,24245.0,2024-03-17
2024031704011848,GHL,38,1,10.0,162.1,1621.0,2024-03-17
2024031701032412,RNLI,71,44,10.0,455.3,4553.0,2024-03-17
2024031704011847,UPPER,44,65,1000.0,182.8,182800.0,2024-03-17
2024031701032411,SNLI,34,34,20.0,624.2,12484.0,2024-03-17
2024031701032410,SNLI,36,34,20.0,624.2,12484.0,2024-03-17
2024031701032409,SNLI,25,34,55.0,624.2,34331.0,2024-03-17
2024031701032408,SGHC,42,66,10.0,312.9,3129.0,2024-03-17
2024031704011846,SSHL,58,57,297.0,168.1,49925.7,2024-03-17
2024031704011845,SSHL,4,57,100.0,168.2,16820.0,2024-03-17
2024031704011844,SSHL,58,57,103.0,168.2,17324.6,2024-03-17
2024031704011843,SSHL,57,57,100.0,168.3,16830.0,2024-03-17
2024031703012144,GUFL,28,43,100.0,781.0,78100.0,2024-03-17
2024031703012143,MLBL,51,49,30.0,333.0,9990.0,2024-03-17
2024031703012142,MLBL,51,49,127.0,333.0,42291.0,2024-03-17
2024031703012141,SABSL,49,53,10.0,672.0,6720.0,2024-03-17
2024031703012140,CBBL,42,48,50.0,862.0,43100.0,2024-03-17
2024031701032407,SONA,4,74,10.0,529.1,5291.0,2024-03-17
2024031704011842,NGPL,6,45,100.0,311.9,31190.0,2024-03-17
2024031701032406,SONA,16,32,500.0,529.2,264600.0,2024-03-17
2024031705005023,NRN,36,46,640.0,557.1,356544.0,2024-03-17
2024031705005022,NRN,35,46,160.0,557.3,89168.0,2024-03-17
2024031701032405,GVL,34,58,100.0,434.2,43420.0,2024-03-17
2024031703012139,DDBL,34,88,10.0,784.0,7840.0,2024-03-17
2024031703012138,ICFC,34,59,60.0,504.5,30270.0,2024-03-17
2024031701032404,CYCL,66,4,10.0,1356.0,13560.0,2024-03-17
2024031703012137,KRBL,58,43,940.0,420.0,394800.0,2024-03-17
2024031701032403,BHPL,70,33,220.0,476.5,104830.0,2024-03-17
2024031701032402,BHPL,58,33,80.0,476.6,38128.0,2024-03-17
2024031704011841,UPPER,48,65,100.0,182.8,18280.0,2024-03-17
2024031703012136,NICLBSL,60,3,10.0,587.7,5877.0,2024-03-17
2024031704011840,GHL,71,1,500.0,162.1,81050.0,2024-03-17
2024031701032401,AHL,16,29,12.0,441.0,5292.0,2024-03-17
2024031701032400,MHCL,58,22,200.0,448.5,89700.0,2024-03-17
2024031701032399,EHPL,18,65,100.0,442.0,44200.0,2024-03-17
2024031703012135,MSLB,36,17,11.0,1009.5,11104.5,2024-03-17
2024031701032398,HDL,42,62,5.0,1600.0,8000.0,2024-03-17
2024031701032397,HDL,42,44,35.0,1600.0,56000.0,2024-03-17
2024031701032396,RAWA,38,33,188.0,462.1,86874.8,2024-03-17
2024031701032395,RAWA,38,33,100.0,463.0,46300.0,2024-03-17
2024031701032394,RAWA,44,33,200.0,465.0,93000.0,2024-03-17
2024031701032393,RAWA,48,33,100.0,465.1,46510.0,2024-03-17
2024031701032392,RAWA,51,33,12.0,467.7,5612.4,2024-03-17
2024031701032391,RAWA,53,33,200.0,468.0,93600.0,2024-03-17
2024031704011839,MEN,49,45,44.0,560.0,24640.0,2024-03-17
2024031701032390,MKHL,22,45,60.0,376.0,22560.0,2024-03-17
2024031701032389,SONA,44,32,140.0,529.2,74088.0,2024-03-17
2024031701032388,SONA,44,88,230.0,529.2,121716.0,2024-03-17
2024031701032387,SONA,44,22,10.0,529.2,5292.0,2024-03-17
2024031701032386,UNLB,1,49,20.0,1440.0,28800.0,2024-03-17
2024031703012134,GBBL,49,14,100.0,371.0,37100.0,2024-03-17
2024031701032385,USHL,32,55,10.0,470.0,4700.0,2024-03-17
2024031704011838,UPPER,40,65,50.0,182.8,9140.0,2024-03-17
2024031704011837,UPPER,34,65,100.0,182.8,18280.0,2024-03-17
2024031704011836,UPPER,53,65,1300.0,182.8,237640.0,2024-03-17
2024031704011835,UPPER,45,65,10.0,182.8,1828.0,2024-03-17
2024031704011834,UPPER,45,65,109.0,182.8,19925.2,2024-03-17
2024031701032384,SHIVM,42,71,800.0,575.9,460720.0,2024-03-17
2024031701032383,GCIL,17,43,10.0,571.0,5710.0,2024-03-17
2024031704011833,SICL,14,17,103.0,720.0,74160.0,2024-03-17
2024031705005021,CHDC,7,25,10.0,950.6,9506.0,2024-03-17
2024031701032382,BHL,64,57,20.0,333.3,6666.0,2024-03-17
2024031704011832,SSHL,5,80,10.0,169.0,1690.0,2024-03-17
2024031703012133,SABSL,21,49,153.0,664.0,101592.0,2024-03-17
2024031703012132,SABSL,43,49,100.0,665.0,66500.0,2024-03-17
2024031703012131,HLI,58,36,200.0,419.5,83900.0,2024-03-17
2024031705005020,ENL,42,7,92.0,779.0,71668.0,2024-03-17
2024031705005019,ENL,42,29,10.0,779.0,7790.0,2024-03-17
2024031701032381,USHL,18,55,90.0,470.0,42300.0,2024-03-17
2024031701032380,USHL,58,55,90.0,470.1,42309.0,2024-03-17
2024031701032379,SHIVM,29,14,653.0,575.0,375475.0,2024-03-17
2024031701032378,SHIVM,66,14,347.0,575.0,199525.0,2024-03-17
2024031703012130,SFCL,38,70,400.0,320.0,128000.0,2024-03-17
2024031704011831,GHL,4,21,140.0,162.0,22680.0,2024-03-17
2024031704011830,UPPER,40,57,500.0,182.9,91450.0,2024-03-17
2024031705005018,HRL,44,35,10.0,621.0,6210.0,2024-03-17
2024031701032377,NWCL,41,22,10.0,767.0,7670.0,2024-03-17
2024031703012129,NLIC,66,40,300.0,611.0,183300.0,2024-03-17
2024031704011829,UPPER,41,57,100.0,182.9,18290.0,2024-03-17
2024031703012128,LLBS,58,50,10.0,820.0,8200.0,2024-03-17
2024031705005017,HRL,22,32,20.0,621.1,12422.0,2024-03-17
2024031701032376,BHL,64,54,10.0,333.3,3333.0,2024-03-17
2024031705005016,HRL,49,22,20.0,621.2,12424.0,2024-03-17
2024031703012127,NADEP,52,77,43.0,615.0,26445.0,2024-03-17
2024031701032375,HATHY,5,49,31.0,901.0,27931.0,2024-03-17
2024031701032374,HATHY,5,22,10.0,900.0,9000.0,2024-03-17
2024031701032373,HATHY,5,70,59.0,900.0,53100.0,2024-03-17
2024031703012126,SINDU,58,49,35.0,362.0,12670.0,2024-03-17
2024031703012125,SINDU,58,49,15.0,362.0,5430.0,2024-03-17
2024031704011828,UNHPL,45,55,400.0,245.1,98040.0,2024-03-17
2024031704011827,UNHPL,59,55,200.0,245.2,49040.0,2024-03-17
2024031704011826,UNHPL,54,55,100.0,245.3,24530.0,2024-03-17
2024031704011825,UNHPL,17,55,500.0,245.5,122750.0,2024-03-17
2024031704011824,UNHPL,53,55,100.0,246.0,24600.0,2024-03-17
2024031704011823,UNHPL,57,55,200.0,246.0,49200.0,2024-03-17
2024031703012124,GRDBL,49,54,100.0,392.0,39200.0,2024-03-17
2024031703012123,NFS,70,86,100.0,370.0,37000.0,2024-03-17
2024031703012122,NFS,34,86,82.0,370.0,30340.0,2024-03-17
2024031703012121,NFS,10,86,200.0,370.5,74100.0,2024-03-17
2024031701032372,SNLI,25,45,10.0,624.2,6242.0,2024-03-17
2024031704011822,SPDL,66,81,30.0,252.6,7578.0,2024-03-17
2024031704011821,SPDL,48,81,200.0,252.6,50520.0,2024-03-17
2024031704011820,SPDL,74,81,100.0,252.7,25270.0,2024-03-17
2024031704011819,SPDL,74,81,60.0,252.7,15162.0,2024-03-17
2024031704011818,SPDL,41,81,110.0,252.9,27819.0,2024-03-17
2024031701032371,SONA,4,39,250.0,529.1,132275.0,2024-03-17
2024031704011817,UPPER,45,13,391.0,182.8,71474.8,2024-03-17
2024031704011816,UPPER,45,13,223.0,182.8,40764.4,2024-03-17
2024031701032370,SONA,4,13,90.0,529.1,47619.0,2024-03-17
2024031701032369,SONA,22,13,130.0,529.2,68796.0,2024-03-17
2024031701032368,SANIMA,65,22,90.0,246.4,22176.0,2024-03-17
2024031701032367,KBL,22,22,43.0,143.0,6149.0,2024-03-17
2024031701032366,TSHL,18,37,10.0,497.0,4970.0,2024-03-17
2024031701032365,TSHL,18,43,10.0,497.0,4970.0,2024-03-17
2024031704011815,GHL,4,45,950.0,162.0,153900.0,2024-03-17
2024031704011814,GHL,57,45,50.0,162.0,8100.0,2024-03-17
2024031701032364,RHGCL,32,60,200.0,295.0,59000.0,2024-03-17
2024031701032363,RHGCL,77,60,100.0,295.0,29500.0,2024-03-17
2024031701032362,RHGCL,58,60,250.0,296.0,74000.0,2024-03-17
2024031701032361,RHGCL,32,60,500.0,296.0,148000.0,2024-03-17
2024031701032360,RHGCL,54,60,500.0,296.1,148050.0,2024-03-17
2024031704011813,UAIL,11,46,18.0,555.0,9990.0,2024-03-17
2024031703012120,CBBL,46,57,30.0,862.8,25884.0,2024-03-17
2024031704011812,NHPC,42,39,176.0,159.4,28054.4,2024-03-17
2024031704011811,NHPC,49,39,474.0,159.4,75555.6,2024-03-17
2024031705005015,HRL,52,77,50.0,621.4,31070.0,2024-03-17
2024031703012119,SKBBL,34,47,10.0,857.0,8570.0,2024-03-17
2024031703012118,SKBBL,34,48,18.0,856.0,15408.0,2024-03-17
2024031703012117,PROFL,74,57,178.0,320.0,56960.0,2024-03-17
2024031703012116,PROFL,45,57,18.0,320.0,5760.0,2024-03-17
2024031703012115,PROFL,16,57,100.0,320.0,32000.0,2024-03-17
2024031703012114,PROFL,45,57,300.0,320.0,96000.0,2024-03-17
2024031703012113,PROFL,13,57,267.0,320.0,85440.0,2024-03-17
2024031703012112,PROFL,38,57,50.0,320.1,16005.0,2024-03-17
