transaction,symbol,buyer,seller,quantity,rate,amount,date
2025040901012027,MAKAR,17,47,100.0,700.0,70000.0,2025-04-09
2025040905013091,HRL,29,18,10.0,1041.0,10410.0,2025-04-09
2025040903007866,LLBS,41,18,50.0,1065.0,53250.0,2025-04-09
2025040903007865,LLBS,45,18,50.0,1065.0,53250.0,2025-04-09
2025040903007864,SIFC,4,19,26.0,543.0,14118.0,2025-04-09
2025040903007863,SIFC,4,35,74.0,543.0,40182.0,2025-04-09
2025040903007862,MDB,91,18,287.0,617.0,177079.0,2025-04-09
2025040903007861,MDB,32,18,112.0,617.1,69115.2,2025-04-09
2025040903007860,MDB,17,18,600.0,617.1,370260.0,2025-04-09
2025040901012026,MEHL,87,52,10.0,533.5,5335.0,2025-04-09
2025040901012025,NIMB,48,42,10.0,213.5,2135.0,2025-04-09
2025040904012110,KKHC,48,6,10.0,346.0,3460.0,2025-04-09
2025040905013090,SMJC,48,91,10.0,576.5,5765.0,2025-04-09
2025040905013089,SMJC,48,34,10.0,574.0,5740.0,2025-04-09
2025040903007859,SLBBL,62,55,10.0,975.0,9750.0,2025-04-09
2025040903007858,SLBBL,62,58,10.0,975.0,9750.0,2025-04-09
2025040903007857,SLBBL,62,96,10.0,975.0,9750.0,2025-04-09
2025040903007856,SLBBL,62,47,10.0,975.0,9750.0,2025-04-09
2025040903007855,SLBBL,62,49,10.0,974.0,9740.0,2025-04-09
2025040903007854,SLBBL,62,46,10.0,972.0,9720.0,2025-04-09
2025040903007853,SLBBL,62,14,10.0,972.0,9720.0,2025-04-09
2025040903007852,SLBBL,62,62,10.0,971.5,9715.0,2025-04-09
2025040903007851,SLBBL,62,4,10.0,971.0,9710.0,2025-04-09
2025040903007850,SLBBL,62,58,10.0,971.0,9710.0,2025-04-09
2025040901012024,ULBSL,62,58,10.0,3197.0,31970.0,2025-04-09
2025040905013088,SHIVM,62,36,20.0,533.0,10660.0,2025-04-09
2025040903007849,GRDBL,28,38,10.0,1287.0,12870.0,2025-04-09
2025040905013087,HRL,32,91,300.0,1042.0,312600.0,2025-04-09
2025040905013086,HRL,32,58,200.0,1041.9,208380.0,2025-04-09
2025040901012023,MKCL,32,34,270.0,1639.8,442746.0,2025-04-09
2025040901012022,MKCL,32,22,10.0,1638.0,16380.0,2025-04-09
2025040901012021,MKCL,32,16,10.0,1637.0,16370.0,2025-04-09
2025040901012020,MKCL,32,32,10.0,1637.0,16370.0,2025-04-09
2025040901012019,MKCL,32,41,200.0,1634.0,326800.0,2025-04-09
2025040904012109,NICL,49,32,100.0,815.0,81500.0,2025-04-09
2025040904012108,SHEL,17,32,100.0,247.5,24750.0,2025-04-09
2025040903007848,EDBL,32,47,10.0,618.9,6189.0,2025-04-09
2025040901012018,MEHL,20,52,10.0,533.5,5335.0,2025-04-09
2025040905013085,MEL,55,65,440.0,315.8,138952.0,2025-04-09
2025040905013084,MEL,55,26,50.0,315.7,15785.0,2025-04-09
2025040905013083,MEL,55,38,10.0,315.0,3150.0,2025-04-09
2025040901012017,NYADI,60,6,31.0,603.0,18693.0,2025-04-09
2025040901012016,NYADI,55,6,100.0,603.0,60300.0,2025-04-09
2025040901012015,NYADI,45,6,500.0,603.3,301650.0,2025-04-09
2025040901012014,NYADI,39,6,20.0,605.0,12100.0,2025-04-09
2025040903007847,EDBL,34,47,108.0,618.9,66841.2,2025-04-09
2025040903007846,EDBL,34,82,100.0,618.0,61800.0,2025-04-09
2025040903007845,EDBL,34,36,62.0,617.5,38285.0,2025-04-09
2025040901012013,SHLB,34,44,10.0,2170.0,21700.0,2025-04-09
2025040904012107,RADHI,60,16,76.0,453.0,34428.0,2025-04-09
2025040904012106,RADHI,60,48,140.0,453.0,63420.0,2025-04-09
2025040904012105,RADHI,60,41,100.0,453.0,45300.0,2025-04-09
2025040904012104,RADHI,60,14,1000.0,453.0,453000.0,2025-04-09
2025040904012103,RADHI,60,56,71.0,453.0,32163.0,2025-04-09
2025040904012102,RADHI,60,7,50.0,453.0,22650.0,2025-04-09
2025040904012101,RADHI,60,35,500.0,453.0,226500.0,2025-04-09
2025040904012100,RADHI,60,47,50.0,453.0,22650.0,2025-04-09
2025040904012099,RADHI,60,3,148.0,452.9,67029.2,2025-04-09
2025040904012098,RADHI,60,14,1358.0,452.5,614495.0,2025-04-09
2025040901012012,KBL,25,26,142.0,208.3,29578.6,2025-04-09
2025040901012011,KBL,55,26,58.0,208.3,12081.4,2025-04-09
2025040904012097,CHL,51,13,10.0,454.0,4540.0,2025-04-09
2025040904012096,SPDL,8,63,10.0,324.0,3240.0,2025-04-09
2025040901012010,DLBS,42,8,30.0,1556.0,46680.0,2025-04-09
2025040903007844,SFCL,14,45,30.0,532.1,15963.0,2025-04-09
2025040903007843,SFCL,50,45,205.0,532.5,109162.5,2025-04-09
2025040901012009,RFPL,58,10,90.0,690.0,62100.0,2025-04-09
2025040901012008,RFPL,66,10,20.0,690.0,13800.0,2025-04-09
2025040901012007,RFPL,64,10,200.0,690.0,138000.0,2025-04-09
2025040901012006,RFPL,42,10,355.0,690.0,244950.0,2025-04-09
2025040901012005,RFPL,36,10,200.0,690.0,138000.0,2025-04-09
2025040901012004,RFPL,42,10,10.0,690.0,6900.0,2025-04-09
2025040901012003,RFPL,62,10,415.0,690.1,286391.5,2025-04-09
2025040901012002,RFPL,58,10,105.0,690.2,72471.0,2025-04-09
2025040901012001,RFPL,8,10,100.0,690.2,69020.0,2025-04-09
2025040901012000,RFPL,11,10,180.0,690.2,124236.0,2025-04-09
2025040901011999,BHPL,67,45,70.0,1021.4,71498.0,2025-04-09
2025040901011998,BHPL,44,45,30.0,1023.0,30690.0,2025-04-09
2025040905013082,CHDC,34,45,100.0,2440.0,244000.0,2025-04-09
2025040905013081,CHDC,91,45,100.0,2440.1,244010.0,2025-04-09
2025040905013080,CHDC,36,45,10.0,2440.2,24402.0,2025-04-09
2025040905013079,CHDC,38,45,100.0,2440.2,244020.0,2025-04-09
2025040904012095,UPCL,93,38,10.0,297.0,2970.0,2025-04-09
2025040904012094,UMRH,4,5,10.0,595.0,5950.0,2025-04-09
2025040903007842,MPFL,53,4,25.0,636.0,15900.0,2025-04-09
2025040905013078,SONA,41,54,90.0,473.9,42651.0,2025-04-09
2025040905013077,SONA,41,58,10.0,473.0,4730.0,2025-04-09
2025040903007841,MERO,41,72,10.0,714.0,7140.0,2025-04-09
2025040901011997,USHEC,47,29,10.0,575.0,5750.0,2025-04-09
2025040904012093,NLG,6,42,34.0,920.0,31280.0,2025-04-09
2025040904012092,NLG,34,42,16.0,921.0,14736.0,2025-04-09
2025040901011996,DLBS,42,42,10.0,1556.0,15560.0,2025-04-09
2025040901011995,EBL,81,38,10.0,609.0,6090.0,2025-04-09
2025040901011994,EBL,81,33,20.0,608.0,12160.0,2025-04-09
2025040901011993,GMLI,70,70,100.0,2540.0,254000.0,2025-04-09
2025040901011992,MLBS,1,6,10.0,1745.0,17450.0,2025-04-09
2025040903007840,KSBBL,66,16,200.0,444.2,88840.0,2025-04-09
2025040903007839,SHINE,32,16,90.0,410.0,36900.0,2025-04-09
2025040905013076,HRL,16,65,883.0,1040.9,919114.7,2025-04-09
2025040905013075,HRL,49,65,315.0,1041.0,327915.0,2025-04-09
2025040905013074,HRL,58,65,201.0,1041.0,209241.0,2025-04-09
2025040905013073,SHIVM,58,35,20.0,532.0,10640.0,2025-04-09
2025040901011991,SCB,13,35,33.0,634.0,20922.0,2025-04-09
2025040901011990,DOLTI,35,58,10.0,680.0,6800.0,2025-04-09
2025040901011989,DOLTI,35,68,10.0,680.0,6800.0,2025-04-09
2025040901011988,DOLTI,35,49,10.0,680.0,6800.0,2025-04-09
2025040901011987,DOLTI,35,21,10.0,678.0,6780.0,2025-04-09
2025040901011986,DOLTI,35,42,10.0,673.0,6730.0,2025-04-09
2025040901011985,DOLTI,35,18,90.0,673.0,60570.0,2025-04-09
2025040905013072,CHDC,69,3,10.0,2444.0,24440.0,2025-04-09
2025040903007838,MLBL,56,21,225.0,390.0,87750.0,2025-04-09
2025040903007837,SHINE,66,50,500.0,411.0,205500.0,2025-04-09
2025040901011984,MKCL,13,10,10.0,1634.0,16340.0,2025-04-09
2025040901011983,MKCL,13,22,72.0,1633.0,117576.0,2025-04-09
2025040901011982,MKCL,13,65,10.0,1632.0,16320.0,2025-04-09
2025040904012091,SALICO,13,49,96.0,715.0,68640.0,2025-04-09
2025040903007836,HLI,40,33,400.0,430.0,172000.0,2025-04-09
2025040903007835,HLI,49,33,200.0,430.1,86020.0,2025-04-09
2025040901011981,BHPL,44,39,70.0,1023.0,71610.0,2025-04-09
2025040901011980,BHPL,25,39,20.0,1023.0,20460.0,2025-04-09
2025040903007834,GBBL,34,39,100.0,395.0,39500.0,2025-04-09
2025040905013071,CHDC,39,3,20.0,2444.0,48880.0,2025-04-09
2025040904012090,SPIL,44,6,20.0,839.0,16780.0,2025-04-09
2025040905013070,STC,44,54,20.0,5275.0,105500.0,2025-04-09
2025040905013069,STC,44,43,10.0,5274.0,52740.0,2025-04-09
2025040905013068,STC,44,34,50.0,5273.0,263650.0,2025-04-09
2025040905013067,STC,44,13,20.0,5230.0,104600.0,2025-04-09
2025040904012089,UNHPL,49,6,10.0,310.0,3100.0,2025-04-09
2025040903007833,SFCL,49,42,50.0,533.0,26650.0,2025-04-09
2025040903007832,JFL,49,35,231.0,517.0,119427.0,2025-04-09
2025040903007831,JFL,49,42,118.0,515.0,60770.0,2025-04-09
2025040903007830,JFL,49,36,90.0,515.0,46350.0,2025-04-09
2025040903007829,JFL,49,57,200.0,514.0,102800.0,2025-04-09
2025040903007828,JFL,49,34,600.0,514.0,308400.0,2025-04-09
2025040903007827,JFL,49,32,140.0,514.0,71960.0,2025-04-09
2025040903007826,JFL,49,41,100.0,513.9,51390.0,2025-04-09
2025040904012088,GHL,35,84,1690.0,271.1,458159.0,2025-04-09
2025040904012087,GHL,56,84,1000.0,271.2,271200.0,2025-04-09
2025040904012086,GHL,53,84,80.0,271.5,21720.0,2025-04-09
2025040905013066,HDL,77,19,10.0,1191.0,11910.0,2025-04-09
2025040904012085,UMRH,63,5,60.0,595.0,35700.0,2025-04-09
2025040904012084,UMRH,63,29,140.0,594.9,83286.0,2025-04-09
2025040901011979,MEHL,56,52,10.0,533.5,5335.0,2025-04-09
2025040904012083,GHL,56,35,1340.0,272.0,364480.0,2025-04-09
2025040904012082,GHL,56,38,580.0,272.0,157760.0,2025-04-09
2025040904012081,GHL,56,32,80.0,271.9,21752.0,2025-04-09
2025040904012080,NGPL,59,18,200.0,274.8,54960.0,2025-04-09
2025040905013065,SLCF,34,83,100.0,9.61,961.0,2025-04-09
2025040901011978,HHL,94,82,353.0,483.0,170499.0,2025-04-09
2025040903007825,NADEP,32,48,10.0,879.0,8790.0,2025-04-09
2025040903007824,LBBL,66,25,50.0,422.0,21100.0,2025-04-09
2025040904012079,PMHPL,25,57,100.0,288.0,28800.0,2025-04-09
2025040904012078,NICL,49,25,70.0,815.0,57050.0,2025-04-09
2025040904012077,GHL,53,55,20.0,271.5,5430.0,2025-04-09
2025040904012076,HURJA,47,6,300.0,236.0,70800.0,2025-04-09
2025040904012075,MHNL,3,6,700.0,256.0,179200.0,2025-04-09
2025040904012074,MHNL,66,6,300.0,256.1,76830.0,2025-04-09
2025040903007823,PMLI,34,48,10.0,550.4,5504.0,2025-04-09
2025040904012073,TRH,34,20,100.0,1044.0,104400.0,2025-04-09
2025040901011977,MEHL,34,52,10.0,533.5,5335.0,2025-04-09
2025040901011976,SPL,7,45,10.0,895.0,8950.0,2025-04-09
2025040903007822,MFIL,44,7,10.0,598.0,5980.0,2025-04-09
2025040903007821,ALICL,85,32,50.0,750.0,37500.0,2025-04-09
2025040903007820,ALICL,85,28,500.0,749.9,374950.0,2025-04-09
2025040903007819,ALICL,85,55,100.0,749.9,74990.0,2025-04-09
2025040903007818,ALICL,85,58,200.0,749.8,149960.0,2025-04-09
2025040903007817,ALICL,85,34,150.0,749.0,112350.0,2025-04-09
2025040903007816,SKBBL,20,85,79.0,795.0,62805.0,2025-04-09
2025040903007815,SKBBL,39,85,30.0,795.8,23874.0,2025-04-09
2025040904012072,NHPC,57,26,465.0,207.1,96301.5,2025-04-09
2025040904012071,NHPC,33,26,50.0,207.1,10355.0,2025-04-09
2025040904012070,NHPC,42,26,35.0,207.2,7252.0,2025-04-09
2025040904012069,NHPC,38,26,50.0,207.2,10360.0,2025-04-09
2025040901011975,NIMB,38,42,10.0,213.5,2135.0,2025-04-09
2025040904012068,NGPL,38,47,54.0,274.9,14844.6,2025-04-09
2025040904012067,NGPL,38,41,46.0,274.9,12645.4,2025-04-09
2025040904012066,NGPL,38,13,200.0,274.9,54980.0,2025-04-09
2025040904012065,NGPL,38,17,1700.0,274.9,467330.0,2025-04-09
2025040903007814,LBBL,66,38,371.0,422.0,156562.0,2025-04-09
2025040901011974,SARBTM,42,8,500.0,799.0,399500.0,2025-04-09
2025040905013064,HRL,58,45,20.0,1041.0,20820.0,2025-04-09
2025040905013063,NRM,45,49,17.0,487.0,8279.0,2025-04-09
2025040901011973,ADBL,41,22,50.0,292.0,14600.0,2025-04-09
2025040901011972,ADBL,41,58,20.0,292.0,5840.0,2025-04-09
2025040901011971,ADBL,41,17,105.0,292.0,30660.0,2025-04-09
2025040901011970,ADBL,41,55,90.0,291.0,26190.0,2025-04-09
2025040901011969,ADBL,41,11,60.0,291.0,17460.0,2025-04-09
2025040901011968,ADBL,41,28,10.0,290.9,2909.0,2025-04-09
2025040903007813,SFCL,41,42,100.0,533.0,53300.0,2025-04-09
2025040901011967,MEHL,67,52,10.0,533.5,5335.0,2025-04-09
2025040904012064,NGPL,29,17,200.0,274.9,54980.0,2025-04-09
2025040904012063,AKPL,42,42,500.0,225.8,112900.0,2025-04-09
2025040904012062,NGPL,42,17,155.0,274.9,42609.5,2025-04-09
2025040904012061,UPCL,38,42,190.0,296.4,56316.0,2025-04-09
2025040904012060,UPCL,84,42,610.0,296.4,180804.0,2025-04-09
2025040904012059,UPCL,78,42,50.0,296.5,14825.0,2025-04-09
2025040905013062,HRL,58,42,49.0,1041.0,51009.0,2025-04-09
2025040904012058,HURJA,47,70,115.0,236.0,27140.0,2025-04-09
2025040904012057,NGPL,59,17,1336.0,274.9,367266.4,2025-04-09
2025040901011966,NWCL,34,59,115.0,957.5,110112.5,2025-04-09
2025040901011965,NWCL,16,59,125.0,957.6,119700.0,2025-04-09
2025040901011964,NWCL,16,59,60.0,957.6,57456.0,2025-04-09
2025040905013061,NRN,58,71,33.0,1717.0,56661.0,2025-04-09
2025040905013060,PHCL,65,65,738.0,585.0,431730.0,2025-04-09
2025040905013059,PHCL,65,63,10.0,584.9,5849.0,2025-04-09
2025040905013058,PHCL,65,57,20.0,581.0,11620.0,2025-04-09
2025040904012056,NGPL,14,17,1000.0,274.9,274900.0,2025-04-09
2025040905013057,SHIVM,58,57,64.0,532.0,34048.0,2025-04-09
2025040904012055,UMHL,57,48,344.0,455.0,156520.0,2025-04-09
2025040904012054,UMHL,57,91,222.0,455.0,101010.0,2025-04-09
2025040904012053,UMHL,57,59,434.0,451.0,195734.0,2025-04-09
2025040901011963,KDL,45,35,15.0,1115.0,16725.0,2025-04-09
2025040901011962,MAKAR,17,35,46.0,700.0,32200.0,2025-04-09
2025040901011961,MAKAR,19,35,194.0,700.0,135800.0,2025-04-09
2025040904012052,HPPL,58,35,980.0,616.0,603680.0,2025-04-09
2025040904012051,HPPL,50,35,20.0,617.0,12340.0,2025-04-09
2025040904012050,UNHPL,21,6,10.0,310.0,3100.0,2025-04-09
2025040903007812,GRDBL,99,38,10.0,1287.0,12870.0,2025-04-09
2025040904012049,UPCL,22,38,10.0,297.0,2970.0,2025-04-09
2025040904012048,NGPL,4,17,500.0,274.9,137450.0,2025-04-09
2025040904012047,MEN,35,58,50.0,577.5,28875.0,2025-04-09
2025040901011960,MBL,44,14,140.0,226.8,31752.0,2025-04-09
2025040903007811,PROFL,63,59,40.0,543.9,21756.0,2025-04-09
2025040903007810,PROFL,63,59,460.0,543.0,249780.0,2025-04-09
2025040905013056,SHIVM,58,17,57.0,532.0,30324.0,2025-04-09
2025040904012046,NGPL,59,37,95.0,274.8,26106.0,2025-04-09
2025040904012045,RIDI,4,72,1000.0,219.0,219000.0,2025-04-09
2025040904012044,LEC,48,38,10.0,208.0,2080.0,2025-04-09
2025040904012043,HPPL,58,91,2457.0,616.0,1513512.0,2025-04-09
2025040901011959,SCB,25,51,50.0,635.0,31750.0,2025-04-09
2025040901011958,SNLI,66,55,100.0,644.0,64400.0,2025-04-09
2025040901011957,MKHL,55,34,26.0,668.0,17368.0,2025-04-09
2025040901011956,KBL,49,55,100.0,208.5,20850.0,2025-04-09
2025040905013055,MEL,34,65,260.0,312.1,81146.0,2025-04-09
2025040901011955,GMLI,34,70,20.0,2540.0,50800.0,2025-04-09
2025040903007809,MLBBL,60,34,10.0,1515.0,15150.0,2025-04-09
2025040901011954,NBL,38,57,100.0,247.0,24700.0,2025-04-09
2025040904012042,HPPL,58,19,235.0,616.0,144760.0,2025-04-09
2025040905013054,NRIC,5,39,100.0,1338.0,133800.0,2025-04-09
2025040901011953,MAKAR,19,5,10.0,700.0,7000.0,2025-04-09
2025040901011952,MAKAR,10,5,90.0,700.0,63000.0,2025-04-09
2025040901011951,MEHL,5,52,10.0,533.5,5335.0,2025-04-09
2025040905013053,GCIL,58,10,70.0,553.0,38710.0,2025-04-09
2025040905013052,GCIL,34,10,120.0,553.0,66360.0,2025-04-09
2025040905013051,GCIL,59,10,250.0,553.0,138250.0,2025-04-09
2025040901011950,TVCL,86,86,930.0,522.5,485925.0,2025-04-09
2025040901011949,TVCL,86,1,50.0,522.0,26100.0,2025-04-09
2025040901011948,TVCL,86,45,100.0,520.0,52000.0,2025-04-09
2025040901011947,TVCL,86,42,20.0,520.0,10400.0,2025-04-09
2025040903007808,SJLIC,17,45,80.0,444.1,35528.0,2025-04-09
2025040903007807,SJLIC,58,45,50.0,444.2,22210.0,2025-04-09
2025040903007806,SJLIC,14,45,120.0,444.2,53304.0,2025-04-09
2025040903007805,SJLIC,5,45,50.0,444.5,22225.0,2025-04-09
2025040905013050,RNLI,44,45,580.0,534.0,309720.0,2025-04-09
2025040901011946,NYADI,39,45,10.0,605.0,6050.0,2025-04-09
2025040903007804,MDB,45,36,100.0,618.0,61800.0,2025-04-09
2025040901011945,SMH,89,89,50.0,930.0,46500.0,2025-04-09
2025040905013049,SAHAS,7,29,10.0,498.0,4980.0,2025-04-09
2025040904012041,UPPER,54,25,20.0,199.5,3990.0,2025-04-09
2025040901011944,GMLI,57,70,30.0,2540.0,76200.0,2025-04-09
2025040901011943,GMLI,40,70,100.0,2540.1,254010.0,2025-04-09
2025040901011942,GMLI,94,70,141.0,2540.2,358168.2,2025-04-09
2025040905013048,CLI,59,42,55.0,501.0,27555.0,2025-04-09
2025040901011941,CYCL,33,59,50.0,1586.0,79300.0,2025-04-09
2025040905013047,CLI,65,42,50.0,501.0,25050.0,2025-04-09
2025040905013046,CLI,47,42,250.0,501.0,125250.0,2025-04-09
2025040905013045,CLI,38,42,100.0,501.0,50100.0,2025-04-09
2025040905013044,CLI,51,42,30.0,501.0,15030.0,2025-04-09
2025040901011940,MEHL,1,52,100.0,533.5,53350.0,2025-04-09
2025040903007803,NFS,57,16,32.0,690.0,22080.0,2025-04-09
2025040903007802,NFS,21,16,500.0,690.0,345000.0,2025-04-09
2025040903007801,NFS,21,16,477.0,690.0,329130.0,2025-04-09
2025040901011939,MEHL,16,52,20.0,533.5,10670.0,2025-04-09
2025040903007800,LLBS,14,22,10.0,1085.0,10850.0,2025-04-09
2025040901011938,GVL,14,86,200.0,491.0,98200.0,2025-04-09
2025040904012040,CHCL,57,25,50.0,475.0,23750.0,2025-04-09
2025040904012039,HURJA,47,57,500.0,236.0,118000.0,2025-04-09
2025040901011937,BHL,42,69,37.0,289.2,10700.4,2025-04-09
2025040901011936,GVL,6,57,285.0,490.4,139764.0,2025-04-09
2025040901011935,GVL,72,57,15.0,490.5,7357.5,2025-04-09
2025040903007799,NLICL,69,60,10.0,632.9,6329.0,2025-04-09
2025040904012038,NGPL,59,39,300.0,274.8,82440.0,2025-04-09
2025040903007798,FMDBL,42,22,150.0,760.3,114045.0,2025-04-09
2025040903007797,FMDBL,42,22,50.0,761.0,38050.0,2025-04-09
2025040903007796,SINDU,45,22,29.0,1105.1,32047.9,2025-04-09
2025040903007795,NABBC,35,36,20.0,1780.0,35600.0,2025-04-09
2025040905013043,CIT,45,50,28.0,1950.0,54600.0,2025-04-09
2025040904012037,HDHPC,45,58,20.0,196.9,3938.0,2025-04-09
2025040904012036,HDHPC,28,58,105.0,197.0,20685.0,2025-04-09
2025040905013042,HATHY,42,58,74.0,1382.0,102268.0,2025-04-09
2025040905013041,HATHY,34,58,32.0,1382.0,44224.0,2025-04-09
2025040901011934,EHPL,45,58,170.0,677.9,115243.0,2025-04-09
2025040901011933,EHPL,59,58,30.0,678.0,20340.0,2025-04-09
2025040903007794,RLFL,21,58,39.0,528.0,20592.0,2025-04-09
2025040901011932,JBLB,17,8,10.0,1319.0,13190.0,2025-04-09
2025040903007793,SFCL,48,42,300.0,533.0,159900.0,2025-04-09
2025040904012035,NGPL,48,17,10.0,274.9,2749.0,2025-04-09
2025040901011931,ULBSL,62,58,10.0,3190.0,31900.0,2025-04-09
2025040904012034,HDHPC,28,50,96.0,197.0,18912.0,2025-04-09
2025040904012033,SPDL,67,32,3780.0,319.1,1206198.0,2025-04-09
2025040904012032,SPDL,43,32,200.0,319.1,63820.0,2025-04-09
2025040904012031,SPDL,38,32,20.0,319.2,6384.0,2025-04-09
2025040901011930,SPC,34,75,80.0,515.5,41240.0,2025-04-09
2025040901011929,SPC,62,75,30.0,515.6,15468.0,2025-04-09
2025040901011928,SPC,36,75,50.0,515.7,25785.0,2025-04-09
2025040901011927,SPC,1,75,50.0,516.0,25800.0,2025-04-09
2025040901011926,SPC,14,75,10.0,516.5,5165.0,2025-04-09
2025040901011925,SPC,53,75,210.0,516.7,108507.0,2025-04-09
2025040901011924,SPC,46,75,635.0,517.0,328295.0,2025-04-09
2025040901011923,SPC,41,75,50.0,518.0,25900.0,2025-04-09
2025040904012030,UNHPL,48,6,68.0,310.0,21080.0,2025-04-09
2025040904012029,RADHI,60,32,400.0,452.0,180800.0,2025-04-09
2025040904012028,RADHI,60,16,500.0,452.0,226000.0,2025-04-09
2025040904012027,RADHI,60,10,200.0,452.0,90400.0,2025-04-09
2025040904012026,RADHI,60,6,38.0,452.0,17176.0,2025-04-09
2025040904012025,RADHI,60,55,35.0,452.0,15820.0,2025-04-09
2025040904012024,RADHI,60,1,366.0,452.0,165432.0,2025-04-09
2025040904012023,RADHI,60,46,322.0,452.0,145544.0,2025-04-09
2025040904012022,RADHI,60,1,100.0,452.0,45200.0,2025-04-09
2025040904012021,RADHI,60,41,124.0,452.0,56048.0,2025-04-09
2025040904012020,RADHI,60,34,10.0,452.0,4520.0,2025-04-09
2025040904012019,RADHI,60,17,1047.0,452.0,473244.0,2025-04-09
2025040904012018,RADHI,60,26,100.0,452.0,45200.0,2025-04-09
2025040904012017,RADHI,60,49,10.0,452.0,4520.0,2025-04-09
2025040904012016,RADHI,60,69,300.0,451.9,135570.0,2025-04-09
2025040904012015,RADHI,60,14,295.0,451.9,133310.5,2025-04-09
2025040904012014,RADHI,60,6,50.0,451.8,22590.0,2025-04-09
2025040904012013,RADHI,60,40,244.0,451.7,110214.8,2025-04-09
2025040904012012,RADHI,60,58,200.0,451.5,90300.0,2025-04-09
2025040903007792,NFS,21,60,23.0,690.0,15870.0,2025-04-09
2025040903007791,NFS,88,60,100.0,690.0,69000.0,2025-04-09
2025040903007790,NFS,57,60,50.0,690.0,34500.0,2025-04-09
2025040903007789,NFS,49,60,15.0,690.0,10350.0,2025-04-09
2025040903007788,NFS,35,60,28.0,690.0,19320.0,2025-04-09
2025040903007787,NFS,49,60,15.0,690.0,10350.0,2025-04-09
2025040903007786,NFS,32,60,31.0,690.0,21390.0,2025-04-09
2025040903007785,NFS,19,60,144.0,690.0,99360.0,2025-04-09
2025040903007784,NFS,58,60,194.0,690.0,133860.0,2025-04-09
2025040903007783,RLFL,26,7,10.0,530.0,5300.0,2025-04-09
2025040903007782,CFCL,50,36,120.0,598.0,71760.0,2025-04-09
2025040903007781,CFCL,3,36,10.0,598.1,5981.0,2025-04-09
2025040903007780,CFCL,57,36,70.0,598.1,41867.0,2025-04-09
2025040901011922,NBL,11,57,90.0,247.0,22230.0,2025-04-09
2025040901011921,NIMB,48,38,1000.0,213.0,213000.0,2025-04-09
2025040901011920,ULHC,33,38,300.0,508.0,152400.0,2025-04-09
2025040904012011,GHL,5,32,10.0,271.9,2719.0,2025-04-09
2025040901011919,SPC,5,53,50.0,521.0,26050.0,2025-04-09
2025040901011918,NYADI,41,94,21.0,620.0,13020.0,2025-04-09
2025040901011917,NYADI,41,25,10.0,620.0,6200.0,2025-04-09
2025040901011916,NYADI,41,6,10.0,620.0,6200.0,2025-04-09
2025040901011915,NYADI,41,87,500.0,620.0,310000.0,2025-04-09
2025040901011914,NYADI,41,63,140.0,620.0,86800.0,2025-04-09
2025040901011913,NYADI,41,3,54.0,620.0,33480.0,2025-04-09
2025040901011912,NYADI,41,39,10.0,619.9,6199.0,2025-04-09
2025040901011911,NYADI,41,34,20.0,619.0,12380.0,2025-04-09
2025040901011910,NYADI,41,67,10.0,619.0,6190.0,2025-04-09
2025040901011909,NYADI,41,25,500.0,618.7,309350.0,2025-04-09
2025040901011908,NYADI,41,25,500.0,618.5,309250.0,2025-04-09
2025040901011907,NYADI,41,16,250.0,618.5,154625.0,2025-04-09
2025040901011906,NYADI,41,19,20.0,618.0,12360.0,2025-04-09
2025040901011905,NYADI,41,71,50.0,616.0,30800.0,2025-04-09
2025040901011904,NYADI,41,52,90.0,616.0,55440.0,2025-04-09
2025040901011903,NYADI,41,36,715.0,615.9,440368.5,2025-04-09
2025040901011902,NYADI,41,16,100.0,612.0,61200.0,2025-04-09
2025040905013040,HDL,50,29,69.0,1190.0,82110.0,2025-04-09
2025040905013039,HDL,36,29,105.0,1190.0,124950.0,2025-04-09
2025040905013038,HDL,42,29,50.0,1190.1,59505.0,2025-04-09
2025040905013037,HDL,25,29,10.0,1190.1,11901.0,2025-04-09
2025040905013036,HDL,34,29,46.0,1190.1,54744.6,2025-04-09
2025040905013035,HDL,32,29,20.0,1190.1,23802.0,2025-04-09
2025040903007779,HLI,70,22,10.0,432.0,4320.0,2025-04-09
2025040904012010,DHPL,6,59,149.0,385.0,57365.0,2025-04-09
2025040901011901,BHL,42,69,65.0,289.2,18798.0,2025-04-09
2025040903007778,SINDU,42,57,150.0,1106.0,165900.0,2025-04-09
2025040903007777,MLBSL,42,16,55.0,2240.0,123200.0,2025-04-09
2025040903007776,MLBSL,42,13,50.0,2240.0,112000.0,2025-04-09
2025040903007775,MLBSL,42,38,11.0,2240.0,24640.0,2025-04-09
2025040903007774,MLBSL,42,45,90.0,2239.9,201591.0,2025-04-09
2025040903007773,KSBBL,66,16,200.0,444.2,88840.0,2025-04-09
2025040905013034,HRL,58,14,10.0,1041.0,10410.0,2025-04-09
2025040901011900,RFPL,11,57,85.0,690.2,58667.0,2025-04-09
2025040901011899,RFPL,47,57,200.0,690.3,138060.0,2025-04-09
2025040901011898,RFPL,58,57,30.0,690.3,20709.0,2025-04-09
2025040901011897,RFPL,4,57,80.0,690.4,55232.0,2025-04-09
2025040901011896,RFPL,49,57,25.0,691.0,17275.0,2025-04-09
2025040901011895,RFPL,10,57,10.0,691.1,6911.0,2025-04-09
2025040901011894,RFPL,34,57,50.0,692.0,34600.0,2025-04-09
2025040901011893,RFPL,8,57,20.0,692.0,13840.0,2025-04-09
2025040903007772,BFC,53,57,50.0,567.7,28385.0,2025-04-09
2025040901011892,MEHL,11,35,70.0,524.3,36701.0,2025-04-09
2025040901011891,MEHL,3,35,100.0,528.0,52800.0,2025-04-09
2025040901011890,MEHL,11,35,10.0,533.0,5330.0,2025-04-09
2025040905013033,SAHAS,33,47,10.0,498.1,4981.0,2025-04-09
2025040904012009,UMHL,64,91,178.0,455.0,80990.0,2025-04-09
2025040904012008,UMHL,64,60,400.0,455.0,182000.0,2025-04-09
2025040904012007,UMHL,64,91,322.0,454.9,146477.8,2025-04-09
2025040904012006,UMHL,64,52,100.0,451.0,45100.0,2025-04-09
2025040904012005,CHCL,11,50,840.0,473.0,397320.0,2025-04-09
2025040904012004,CHCL,34,50,10.0,474.0,4740.0,2025-04-09
2025040904012003,CHCL,38,50,50.0,474.0,23700.0,2025-04-09
2025040904012002,CHCL,58,50,100.0,474.1,47410.0,2025-04-09
2025040904012001,NGPL,59,44,10.0,274.8,2748.0,2025-04-09
2025040905013032,NRN,44,62,10.0,1718.9,17189.0,2025-04-09
2025040905013031,NRIC,72,58,330.0,1337.6,441408.0,2025-04-09
2025040905013030,NRIC,38,58,100.0,1337.6,133760.0,2025-04-09
2025040905013029,NRIC,72,58,500.0,1337.8,668900.0,2025-04-09
2025040905013028,NRIC,66,58,20.0,1337.9,26758.0,2025-04-09
2025040905013027,NRIC,64,58,50.0,1337.9,66895.0,2025-04-09
2025040904012000,JOSHI,58,46,20.0,384.9,7698.0,2025-04-09
2025040903007771,CBBL,58,32,10.0,842.0,8420.0,2025-04-09
2025040904011999,CHL,58,13,500.0,454.0,227000.0,2025-04-09
2025040903007770,MLBL,56,47,275.0,390.0,107250.0,2025-04-09
2025040905013026,NBF3,42,48,8650.0,9.2,79580.0,2025-04-09
2025040904011998,BARUN,48,48,110.0,510.0,56100.0,2025-04-09
2025040904011997,NGPL,59,62,500.0,274.8,137400.0,2025-04-09
2025040901011889,HIDCLP,62,55,137.0,178.0,24386.0,2025-04-09
2025040901011888,HIDCLP,62,14,500.0,178.0,89000.0,2025-04-09
2025040901011887,HIDCLP,62,58,10.0,178.0,1780.0,2025-04-09
2025040901011886,HIDCLP,62,39,490.0,178.0,87220.0,2025-04-09
2025040901011885,HIDCLP,62,44,1000.0,177.9,177900.0,2025-04-09
2025040901011884,HIDCLP,62,38,1000.0,177.7,177700.0,2025-04-09
2025040901011883,HIDCLP,62,44,500.0,177.7,88850.0,2025-04-09
2025040901011882,HIDCLP,62,44,363.0,177.7,64505.1,2025-04-09
2025040901011881,DOLTI,17,25,60.0,670.4,40224.0,2025-04-09
2025040901011880,DOLTI,48,25,70.0,671.0,46970.0,2025-04-09
2025040904011996,RHPL,6,45,50.0,374.0,18700.0,2025-04-09
2025040904011995,RHPL,6,14,50.0,374.0,18700.0,2025-04-09
2025040905013025,HRL,58,26,10.0,1041.0,10410.0,2025-04-09
2025040905013024,HRL,58,11,10.0,1041.0,10410.0,2025-04-09
2025040904011994,UPPER,11,25,157.0,199.5,31321.5,2025-04-09
2025040904011993,UPPER,11,14,770.0,199.5,153615.0,2025-04-09
2025040904011992,UPPER,11,14,200.0,199.5,39900.0,2025-04-09
2025040904011991,RADHI,6,45,47.0,451.2,21206.4,2025-04-09
2025040901011879,NYADI,39,41,270.0,605.0,163350.0,2025-04-09
2025040901011878,NYADI,58,41,50.0,605.0,30250.0,2025-04-09
2025040901011877,NYADI,19,41,100.0,605.0,60500.0,2025-04-09
2025040901011876,NYADI,74,41,80.0,605.0,48400.0,2025-04-09
2025040904011990,BARUN,29,48,120.0,510.0,61200.0,2025-04-09
2025040904011989,BARUN,29,48,100.0,510.0,51000.0,2025-04-09
2025040904011988,BARUN,29,5,10.0,510.0,5100.0,2025-04-09
2025040904011987,SPDL,70,63,11.0,324.0,3564.0,2025-04-09
2025040901011875,HIDCLP,7,59,957.0,175.1,167570.7,2025-04-09
2025040901011874,HIDCLP,38,59,500.0,175.1,87550.0,2025-04-09
2025040901011873,HIDCLP,51,59,100.0,175.1,17510.0,2025-04-09
2025040901011872,HIDCLP,51,59,1000.0,175.2,175200.0,2025-04-09
2025040901011871,HIDCLP,32,59,500.0,175.2,87600.0,2025-04-09
2025040901011870,HIDCLP,45,59,960.0,175.4,168384.0,2025-04-09
2025040901011869,HIDCLP,17,59,983.0,177.1,174089.3,2025-04-09
2025040904011986,IGI,1,45,75.0,562.0,42150.0,2025-04-09
2025040904011985,UAIL,55,59,500.0,633.1,316550.0,2025-04-09
2025040905013023,GCIL,59,42,250.0,553.0,138250.0,2025-04-09
2025040903007769,NFS,58,42,306.0,690.0,211140.0,2025-04-09
2025040903007768,NFS,45,42,100.0,690.0,69000.0,2025-04-09
2025040903007767,NFS,36,42,94.0,690.1,64869.4,2025-04-09
2025040901011868,KBSH,57,59,19.0,2226.5,42303.5,2025-04-09
2025040901011867,KBSH,57,4,50.0,2226.4,111320.0,2025-04-09
2025040901011866,KBSH,57,58,21.0,2226.2,46750.2,2025-04-09
2025040901011865,KBSH,57,1,10.0,2226.2,22262.0,2025-04-09
2025040904011984,API,53,57,12.0,269.6,3235.2,2025-04-09
2025040904011983,API,58,57,188.0,270.0,50760.0,2025-04-09
2025040901011864,SPL,57,13,10.0,895.8,8958.0,2025-04-09
2025040905013022,ILI,38,57,200.0,464.2,92840.0,2025-04-09
2025040904011982,AKJCL,17,35,200.0,202.0,40400.0,2025-04-09
2025040903007766,LBBL,21,58,10.0,422.9,4229.0,2025-04-09
2025040903007765,KSBBL,66,38,159.0,444.0,70596.0,2025-04-09
2025040903007764,KSBBL,66,45,200.0,444.0,88800.0,2025-04-09
2025040903007763,KSBBL,66,45,150.0,444.0,66600.0,2025-04-09
2025040903007762,KSBBL,66,34,50.0,443.0,22150.0,2025-04-09
2025040903007761,KSBBL,66,37,50.0,442.5,22125.0,2025-04-09
2025040903007760,KSBBL,66,38,1000.0,442.4,442400.0,2025-04-09
2025040903007759,KSBBL,66,7,156.0,442.0,68952.0,2025-04-09
2025040903007758,KSBBL,66,49,214.0,442.0,94588.0,2025-04-09
2025040903007757,KSBBL,66,32,250.0,441.9,110475.0,2025-04-09
2025040903007756,KSBBL,66,57,100.0,441.5,44150.0,2025-04-09
2025040903007755,SLBBL,62,33,10.0,970.0,9700.0,2025-04-09
2025040901011863,MCHL,49,33,864.0,575.2,496972.8,2025-04-09
2025040901011862,MCHL,19,33,100.0,575.3,57530.0,2025-04-09
2025040901011861,MCHL,36,33,36.0,575.4,20714.4,2025-04-09
2025040904011981,PPCL,36,43,700.0,317.1,221970.0,2025-04-09
2025040905013021,SONA,49,38,10.0,472.5,4725.0,2025-04-09
2025040901011860,ULHC,96,39,10.0,514.9,5149.0,2025-04-09
2025040905013020,HIDCL,77,35,1000.0,277.5,277500.0,2025-04-09
2025040903007754,NLICL,39,17,24.0,627.8,15067.2,2025-04-09
2025040903007753,NLICL,45,17,150.0,628.0,94200.0,2025-04-09
2025040903007752,NLICL,34,17,19.0,628.0,11932.0,2025-04-09
2025040903007751,NLICL,77,17,100.0,628.2,62820.0,2025-04-09
2025040903007750,NLICL,38,17,90.0,628.4,56556.0,2025-04-09
2025040903007749,NLICL,20,17,17.0,632.0,10744.0,2025-04-09
2025040901011859,TPC,58,94,69.0,518.0,35742.0,2025-04-09
2025040905013019,HIDCL,77,58,200.0,276.0,55200.0,2025-04-09
2025040903007748,NUBL,58,57,100.0,678.9,67890.0,2025-04-09
2025040903007747,NUBL,58,57,100.0,674.9,67490.0,2025-04-09
2025040903007746,NUBL,58,8,500.0,674.0,337000.0,2025-04-09
2025040903007745,NUBL,58,88,30.0,674.0,20220.0,2025-04-09
2025040904011980,HPPL,58,58,9000.0,616.5,5548500.0,2025-04-09
2025040904011979,RADHI,7,58,300.0,451.5,135450.0,2025-04-09
2025040903007744,NADEP,58,58,10.0,870.2,8702.0,2025-04-09
2025040903007743,NADEP,22,58,10.0,870.3,8703.0,2025-04-09
2025040905013018,SAHAS,52,47,33.0,498.1,16437.3,2025-04-09
2025040905013017,SAHAS,33,47,100.0,498.1,49810.0,2025-04-09
2025040905013016,SAHAS,57,47,35.0,498.1,17433.5,2025-04-09
2025040905013015,SAHAS,44,47,12.0,498.1,5977.2,2025-04-09
2025040901011858,SANIMA,26,4,500.0,299.0,149500.0,2025-04-09
2025040901011857,SANIMA,28,4,93.0,299.5,27853.5,2025-04-09
2025040903007742,MLBL,55,47,225.0,390.0,87750.0,2025-04-09
2025040904011978,DHPL,6,6,51.0,385.0,19635.0,2025-04-09
2025040904011977,DHPL,21,6,300.0,385.0,115500.0,2025-04-09
2025040904011976,DHPL,42,6,146.0,385.0,56210.0,2025-04-09
2025040904011975,NGPL,6,17,100.0,274.9,27490.0,2025-04-09
2025040905013014,HRL,16,26,67.0,1040.9,69740.3,2025-04-09
2025040905013013,HRL,45,26,33.0,1041.5,34369.5,2025-04-09
2025040904011974,UMHL,34,26,100.0,450.8,45080.0,2025-04-09
2025040903007741,NMFBS,47,11,11.0,1196.0,13156.0,2025-04-09
2025040901011856,MKHL,41,34,109.0,668.0,72812.0,2025-04-09
2025040905013012,HATHY,95,64,50.0,1385.0,69250.0,2025-04-09
2025040904011973,HPPL,58,95,1860.0,616.0,1145760.0,2025-04-09
2025040904011972,HPPL,44,95,390.0,616.1,240279.0,2025-04-09
2025040903007740,SINDU,45,51,70.0,1105.1,77357.0,2025-04-09
2025040903007739,SINDU,59,51,100.0,1106.0,110600.0,2025-04-09
2025040901011855,SMH,34,34,89.0,920.1,81888.9,2025-04-09
2025040901011854,SMH,89,34,50.0,920.2,46010.0,2025-04-09
2025040904011971,HDHPC,38,50,290.0,197.0,57130.0,2025-04-09
2025040901011853,SCB,38,51,10.0,635.0,6350.0,2025-04-09
2025040904011970,GHL,48,19,388.0,271.0,105148.0,2025-04-09
2025040905013011,HRL,45,50,67.0,1041.0,69747.0,2025-04-09
2025040903007738,MLBBL,60,4,90.0,1515.0,136350.0,2025-04-09
2025040904011969,UNHPL,48,41,490.0,310.0,151900.0,2025-04-09
2025040904011968,NGPL,59,29,795.0,274.8,218466.0,2025-04-09
2025040901011852,NYADI,29,16,10.0,612.0,6120.0,2025-04-09
2025040901011851,NYADI,29,55,20.0,610.0,12200.0,2025-04-09
2025040905013010,NRIC,71,39,25.0,1338.0,33450.0,2025-04-09
2025040901011850,NYADI,74,71,420.0,605.0,254100.0,2025-04-09
2025040901011849,NYADI,59,71,30.0,605.0,18150.0,2025-04-09
2025040901011848,NYADI,3,71,50.0,606.0,30300.0,2025-04-09
2025040901011847,TAMOR,65,42,900.0,516.9,465210.0,2025-04-09
2025040901011846,TAMOR,19,42,100.0,516.9,51690.0,2025-04-09
2025040904011967,RADHI,40,16,223.0,451.1,100595.3,2025-04-09
2025040904011966,RADHI,40,16,777.0,451.1,350504.7,2025-04-09
2025040904011965,RADHI,65,40,75.0,451.7,33877.5,2025-04-09
2025040904011964,RADHI,65,6,50.0,451.7,22585.0,2025-04-09
2025040904011963,RADHI,65,25,200.0,451.6,90320.0,2025-04-09
2025040904011962,RADHI,65,6,50.0,451.6,22580.0,2025-04-09
2025040904011961,RADHI,65,6,50.0,451.5,22575.0,2025-04-09
2025040904011960,RADHI,65,6,45.0,451.4,20313.0,2025-04-09
2025040904011959,RADHI,65,6,30.0,451.3,13539.0,2025-04-09
2025040904011958,NGPL,59,14,50.0,274.8,13740.0,2025-04-09
2025040905013009,CHDC,69,45,10.0,2445.0,24450.0,2025-04-09
2025040904011957,PMHPL,36,57,20.0,288.0,5760.0,2025-04-09
2025040901011845,SARBTM,42,57,50.0,799.0,39950.0,2025-04-09
2025040901011844,KDL,45,35,20.0,1115.0,22300.0,2025-04-09
2025040904011956,AKPL,22,35,10.0,226.9,2269.0,2025-04-09
2025040901011843,MKHC,56,92,35.0,496.7,17384.5,2025-04-09
2025040901011842,MKHC,42,92,120.0,497.0,59640.0,2025-04-09
2025040901011841,MKHC,92,92,30.0,497.0,14910.0,2025-04-09
2025040901011840,MKHC,19,92,90.0,497.1,44739.0,2025-04-09
2025040901011839,MKHC,61,92,80.0,497.1,39768.0,2025-04-09
2025040901011838,MKHC,13,92,100.0,497.2,49720.0,2025-04-09
2025040901011837,MKHC,58,92,25.0,498.0,12450.0,2025-04-09
2025040901011836,MKHC,91,92,20.0,498.0,9960.0,2025-04-09
2025040904011955,UMHL,64,91,178.0,454.9,80972.2,2025-04-09
2025040904011954,UMHL,64,1,100.0,454.9,45490.0,2025-04-09
2025040904011953,UMHL,64,60,500.0,454.8,227400.0,2025-04-09
2025040904011952,UMHL,64,52,100.0,454.8,45480.0,2025-04-09
2025040904011951,UMHL,64,21,200.0,454.5,90900.0,2025-04-09
2025040904011950,UMHL,64,59,32.0,454.5,14544.0,2025-04-09
2025040904011949,UMHL,64,21,300.0,454.0,136200.0,2025-04-09
2025040904011948,UMHL,64,38,50.0,454.0,22700.0,2025-04-09
2025040904011947,UMHL,64,6,250.0,452.2,113050.0,2025-04-09
2025040904011946,UMHL,64,6,100.0,452.0,45200.0,2025-04-09
2025040904011945,UMHL,64,21,50.0,452.0,22600.0,2025-04-09
2025040904011944,UMHL,64,26,10.0,452.0,4520.0,2025-04-09
2025040904011943,UMHL,64,25,100.0,451.0,45100.0,2025-04-09
2025040904011942,UMHL,64,32,30.0,450.9,13527.0,2025-04-09
2025040905013008,HDL,32,49,80.0,1190.1,95208.0,2025-04-09
2025040904011941,HPPL,44,50,610.0,616.1,375821.0,2025-04-09
2025040904011940,HPPL,64,50,190.0,616.1,117059.0,2025-04-09
2025040901011835,ULHC,96,40,50.0,513.0,25650.0,2025-04-09
2025040905013007,RNLI,44,57,50.0,537.0,26850.0,2025-04-09
2025040901011834,HIDCLP,17,8,10000.0,177.1,1771000.0,2025-04-09
2025040901011833,HIDCLP,17,25,177.0,177.0,31329.0,2025-04-09
2025040901011832,HIDCLP,17,26,100.0,177.0,17700.0,2025-04-09
2025040901011831,HIDCLP,17,44,1000.0,176.9,176900.0,2025-04-09
2025040901011830,HIDCLP,17,44,1000.0,176.9,176900.0,2025-04-09
2025040901011829,HIDCLP,17,44,600.0,176.9,106140.0,2025-04-09
2025040901011828,HIDCLP,17,55,500.0,176.8,88400.0,2025-04-09
2025040901011827,HIDCLP,17,44,140.0,176.8,24752.0,2025-04-09
2025040901011826,HIDCLP,17,32,500.0,176.5,88250.0,2025-04-09
2025040903007737,PROFL,56,59,40.0,543.0,21720.0,2025-04-09
2025040905013006,ILI,38,58,12.0,464.2,5570.4,2025-04-09
2025040903007736,WNLB,58,35,10.0,3100.0,31000.0,2025-04-09
2025040903007735,WNLB,58,42,10.0,3100.0,31000.0,2025-04-09
2025040904011939,CGH,44,62,36.0,853.4,30722.4,2025-04-09
2025040904011938,CGH,45,62,15.0,853.7,12805.5,2025-04-09
2025040904011937,CGH,36,62,50.0,854.0,42700.0,2025-04-09
2025040904011936,CGH,62,62,10.0,854.0,8540.0,2025-04-09
2025040904011935,CGH,51,62,100.0,855.0,85500.0,2025-04-09
2025040905013005,PSF,57,62,100.0,10.23,1023.0,2025-04-09
2025040904011934,AHPC,91,25,10.0,251.0,2510.0,2025-04-09
2025040904011933,NGPL,59,6,50.0,274.8,13740.0,2025-04-09
2025040904011932,NGPL,59,98,100.0,274.8,27480.0,2025-04-09
2025040903007734,CFCL,57,10,10.0,598.1,5981.0,2025-04-09
2025040904011931,GHL,5,32,10.0,271.9,2719.0,2025-04-09
2025040901011825,BGWT,88,5,20.0,1017.0,20340.0,2025-04-09
2025040905013004,NBF3,42,45,900.0,9.2,8280.0,2025-04-09
2025040901011824,SCB,13,41,13.0,634.0,8242.0,2025-04-09
2025040904011930,HURJA,47,29,570.0,236.0,134520.0,2025-04-09
2025040901011823,SARBTM,42,29,100.0,799.0,79900.0,2025-04-09
2025040903007733,SKBBL,42,45,19.0,797.0,15143.0,2025-04-09
2025040903007732,JBBL,57,42,50.0,336.0,16800.0,2025-04-09
2025040903007731,JBBL,6,42,100.0,336.0,33600.0,2025-04-09
2025040903007730,JBBL,35,42,134.0,336.0,45024.0,2025-04-09
2025040903007729,JBBL,10,42,100.0,336.0,33600.0,2025-04-09
2025040903007728,JBBL,32,42,1000.0,336.1,336100.0,2025-04-09
2025040903007727,WNLB,45,42,20.0,3050.0,61000.0,2025-04-09
2025040903007726,WNLB,55,42,10.0,3050.0,30500.0,2025-04-09
2025040903007725,WNLB,34,42,10.0,3051.0,30510.0,2025-04-09
2025040903007724,WNLB,36,42,10.0,3051.3,30513.0,2025-04-09
2025040903007723,WNLB,29,42,20.0,3052.0,61040.0,2025-04-09
2025040901011822,SPL,88,36,40.0,895.0,35800.0,2025-04-09
2025040903007722,LBBL,57,58,10.0,422.9,4229.0,2025-04-09
2025040905013003,PHCL,65,57,590.0,581.0,342790.0,2025-04-09
2025040904011929,RURU,58,21,11.0,717.1,7888.1,2025-04-09
2025040904011928,RURU,22,21,20.0,717.2,14344.0,2025-04-09
2025040904011927,RURU,41,21,10.0,717.3,7173.0,2025-04-09
2025040901011821,HIDCLP,45,66,40.0,175.4,7016.0,2025-04-09
2025040901011820,EHPL,59,13,20.0,678.0,13560.0,2025-04-09
2025040903007721,SIFC,4,38,100.0,542.9,54290.0,2025-04-09
2025040903007720,EDBL,84,36,88.0,617.5,54340.0,2025-04-09
2025040901011819,MEHL,80,52,10.0,533.5,5335.0,2025-04-09
2025040905013002,NTC,49,6,10.0,901.0,9010.0,2025-04-09
2025040905013001,NTC,49,4,35.0,901.0,31535.0,2025-04-09
2025040904011926,RADHI,96,40,50.0,451.2,22560.0,2025-04-09
2025040904011925,RADHI,96,42,52.0,451.2,23462.4,2025-04-09
2025040903007719,SLBSL,45,3,28.0,1790.1,50122.8,2025-04-09
2025040903007718,SLBSL,26,3,10.0,1795.6,17956.0,2025-04-09
2025040903007717,SLBSL,40,3,12.0,1797.0,21564.0,2025-04-09
2025040901011818,CITY,63,29,30.0,845.0,25350.0,2025-04-09
2025040901011817,CITY,63,42,10.0,844.0,8440.0,2025-04-09
2025040904011924,AKJCL,17,55,500.0,202.0,101000.0,2025-04-09
2025040904011923,AKJCL,17,38,460.0,202.0,92920.0,2025-04-09
2025040904011922,AKJCL,17,50,500.0,202.0,101000.0,2025-04-09
2025040903007716,HLI,40,56,268.0,430.0,115240.0,2025-04-09
2025040905013000,CLI,58,42,15.0,501.9,7528.5,2025-04-09
2025040905012999,CLI,58,56,10.0,501.9,5019.0,2025-04-09
2025040903007715,JFL,49,58,1200.0,512.2,614640.0,2025-04-09
2025040901011816,SANIMA,28,33,250.0,299.5,74875.0,2025-04-09
2025040901011815,NYADI,59,25,40.0,605.0,24200.0,2025-04-09
2025040901011814,NYADI,22,25,160.0,605.0,96800.0,2025-04-09
2025040904011921,LEC,32,22,286.0,207.0,59202.0,2025-04-09
2025040904011920,UMHL,34,6,50.0,450.8,22540.0,2025-04-09
2025040901011813,NABIL,57,6,40.0,486.0,19440.0,2025-04-09
2025040901011812,TAMOR,62,6,20.0,517.0,10340.0,2025-04-09
2025040901011811,TAMOR,66,6,110.0,517.0,56870.0,2025-04-09
2025040903007714,LICN,60,44,90.0,989.9,89091.0,2025-04-09
2025040903007713,LICN,60,37,10.0,989.9,9899.0,2025-04-09
2025040903007712,MLBSL,34,45,10.0,2239.9,22399.0,2025-04-09
2025040903007711,MLBSL,34,59,40.0,2225.0,89000.0,2025-04-09
2025040903007710,SADBL,34,38,100.0,405.0,40500.0,2025-04-09
2025040903007709,SADBL,34,14,14.0,405.0,5670.0,2025-04-09
2025040903007708,SADBL,34,49,500.0,404.9,202450.0,2025-04-09
2025040903007707,SADBL,34,57,10.0,404.9,4049.0,2025-04-09
2025040903007706,SADBL,34,45,56.0,404.0,22624.0,2025-04-09
2025040901011810,RAWA,58,38,10.0,825.0,8250.0,2025-04-09
2025040901011809,RAWA,38,38,150.0,825.1,123765.0,2025-04-09
2025040901011808,RAWA,16,38,50.0,826.0,41300.0,2025-04-09
2025040901011807,RAWA,62,38,30.0,826.2,24786.0,2025-04-09
2025040901011806,RAWA,42,38,150.0,827.0,124050.0,2025-04-09
2025040901011805,RAWA,13,38,10.0,827.0,8270.0,2025-04-09
2025040901011804,MBL,42,45,268.0,226.6,60728.8,2025-04-09
2025040901011803,BEDC,29,41,10.0,772.0,7720.0,2025-04-09
2025040901011802,BHDC,45,26,22.0,566.5,12463.0,2025-04-09
2025040905012998,RNLI,34,45,100.0,535.0,53500.0,2025-04-09
2025040904011919,CHL,29,13,10.0,454.0,4540.0,2025-04-09
2025040901011801,GMLI,94,70,59.0,2540.2,149871.8,2025-04-09
2025040901011800,GMLI,55,70,632.0,2541.0,1605912.0,2025-04-09
2025040901011799,GMLI,41,70,30.0,2542.0,76260.0,2025-04-09
2025040901011798,GMLI,71,70,269.0,2542.0,683798.0,2025-04-09
2025040901011797,GMLI,52,70,10.0,2543.0,25430.0,2025-04-09
2025040904011918,GHL,48,29,120.0,271.0,32520.0,2025-04-09
2025040905012997,SMJC,34,1,347.0,570.1,197824.7,2025-04-09
2025040905012996,SMJC,61,1,240.0,570.3,136872.0,2025-04-09
2025040901011796,SNLI,66,59,138.0,644.0,88872.0,2025-04-09
2025040905012995,SMJC,69,1,413.0,570.3,235533.9,2025-04-09
2025040905012994,NBF3,42,59,100.0,9.2,920.0,2025-04-09
2025040903007705,BFC,53,14,150.0,567.7,85155.0,2025-04-09
2025040903007704,BFC,53,34,110.0,564.0,62040.0,2025-04-09
2025040903007703,BFC,53,22,500.0,563.0,281500.0,2025-04-09
2025040903007702,BFC,53,38,10.0,562.0,5620.0,2025-04-09
2025040903007701,BFC,53,25,500.0,560.0,280000.0,2025-04-09
2025040905012993,CIT,42,36,2.0,1950.0,3900.0,2025-04-09
2025040905012992,NTC,42,4,10.0,901.0,9010.0,2025-04-09
2025040903007700,SFCL,43,42,100.0,533.0,53300.0,2025-04-09
2025040903007699,SFCL,43,42,100.0,533.1,53310.0,2025-04-09
2025040903007698,SFCL,58,42,19.0,534.0,10146.0,2025-04-09
2025040903007697,SFCL,66,42,500.0,534.4,267200.0,2025-04-09
2025040903007696,SFCL,66,42,700.0,534.4,374080.0,2025-04-09
2025040903007695,SFCL,66,42,13.0,534.4,6947.2,2025-04-09
2025040901011795,NBL,41,57,200.0,247.0,49400.0,2025-04-09
2025040904011917,GLH,57,41,87.0,237.0,20619.0,2025-04-09
2025040904011916,GLH,57,19,10.0,237.0,2370.0,2025-04-09
2025040904011915,GLH,57,56,43.0,237.0,10191.0,2025-04-09
2025040904011914,LEC,57,22,100.0,207.0,20700.0,2025-04-09
2025040903007694,SMPDA,14,38,100.0,935.0,93500.0,2025-04-09
2025040903007693,SMPDA,14,21,100.0,934.0,93400.0,2025-04-09
2025040904011913,UMRH,76,29,10.0,594.9,5949.0,2025-04-09
2025040905012991,NRN,56,98,121.0,1715.1,207527.1,2025-04-09
2025040905012990,NRN,41,98,300.0,1715.1,514530.0,2025-04-09
2025040905012989,NRN,25,98,19.0,1715.2,32588.8,2025-04-09
2025040905012988,NRN,22,98,10.0,1715.2,17152.0,2025-04-09
2025040905012987,NRN,42,98,200.0,1716.0,343200.0,2025-04-09
2025040905012986,NRN,75,98,590.0,1716.0,1012440.0,2025-04-09
2025040905012985,NRN,44,98,10.0,1716.0,17160.0,2025-04-09
2025040905012984,NRN,41,98,300.0,1717.0,515100.0,2025-04-09
2025040905012983,NRN,40,98,100.0,1717.0,171700.0,2025-04-09
2025040905012982,NRN,41,98,190.0,1717.1,326249.0,2025-04-09
2025040905012981,NRN,56,98,100.0,1717.2,171720.0,2025-04-09
2025040905012980,NRN,4,98,10.0,1717.5,17175.0,2025-04-09
2025040905012979,NRN,56,98,50.0,1718.0,85900.0,2025-04-09
2025040904011912,HDHPC,39,50,100.0,197.0,19700.0,2025-04-09
2025040903007692,NMLBBL,58,39,80.0,661.0,52880.0,2025-04-09
2025040901011794,BHL,33,69,150.0,289.2,43380.0,2025-04-09
2025040905012978,GCIL,22,47,142.0,555.7,78909.4,2025-04-09
2025040905012977,GCIL,22,58,50.0,555.0,27750.0,2025-04-09
2025040905012976,GCIL,22,35,10.0,555.0,5550.0,2025-04-09
2025040905012975,GCIL,22,42,51.0,555.0,28305.0,2025-04-09
2025040905012974,GCIL,22,10,20.0,555.0,11100.0,2025-04-09
2025040905012973,GCIL,22,42,11.0,554.0,6094.0,2025-04-09
2025040905012972,GCIL,22,4,368.0,554.0,203872.0,2025-04-09
2025040905012971,GCIL,22,55,47.0,554.0,26038.0,2025-04-09
2025040905012970,GCIL,22,38,40.0,553.0,22120.0,2025-04-09
2025040905012969,GCIL,22,57,111.0,553.0,61383.0,2025-04-09
2025040901011793,NICA,7,22,70.0,376.0,26320.0,2025-04-09
2025040904011911,NHDL,33,49,130.0,796.0,103480.0,2025-04-09
2025040904011910,NHDL,63,49,70.0,799.0,55930.0,2025-04-09
2025040905012968,NRIC,64,52,50.0,1337.9,66895.0,2025-04-09
2025040905012967,HRL,53,50,20.0,1041.0,20820.0,2025-04-09
2025040905012966,HRL,46,50,50.0,1041.0,52050.0,2025-04-09
2025040905012965,HRL,3,50,2000.0,1041.0,2082000.0,2025-04-09
2025040905012964,HRL,47,50,450.0,1041.0,468450.0,2025-04-09
2025040905012963,HRL,34,50,10.0,1041.0,10410.0,2025-04-09
2025040905012962,HRL,41,50,200.0,1041.0,208200.0,2025-04-09
2025040905012961,HRL,35,50,400.0,1041.0,416400.0,2025-04-09
2025040905012960,HRL,32,50,500.0,1041.0,520500.0,2025-04-09
2025040905012959,HRL,91,50,180.0,1041.0,187380.0,2025-04-09
2025040905012958,HRL,39,50,150.0,1041.0,156150.0,2025-04-09
2025040905012957,HRL,32,50,200.0,1041.0,208200.0,2025-04-09
2025040904011909,HDHPC,49,50,54.0,197.0,10638.0,2025-04-09
2025040905012956,HRL,94,50,381.0,1041.0,396621.0,2025-04-09
2025040904011908,HDHPC,41,50,500.0,197.0,98500.0,2025-04-09
2025040904011907,HDHPC,42,50,100.0,197.0,19700.0,2025-04-09
2025040904011906,HDHPC,52,50,860.0,197.0,169420.0,2025-04-09
2025040905012955,HRL,22,50,100.0,1041.1,104110.0,2025-04-09
2025040905012954,HRL,35,50,292.0,1041.1,304001.2,2025-04-09
2025040904011905,NHDL,63,35,30.0,798.0,23940.0,2025-04-09
2025040903007691,SKBBL,39,17,20.0,795.8,15916.0,2025-04-09
2025040903007690,SKBBL,57,17,10.0,796.0,7960.0,2025-04-09
2025040904011904,LEC,47,22,200.0,207.0,41400.0,2025-04-09
2025040904011903,API,58,58,124.0,270.0,33480.0,2025-04-09
2025040904011902,API,58,38,688.0,270.0,185760.0,2025-04-09
2025040905012953,HRL,35,94,158.0,1041.1,164493.8,2025-04-09
2025040905012952,HRL,58,94,340.0,1041.9,354246.0,2025-04-09
2025040903007689,GMFBS,94,26,10.0,1643.9,16439.0,2025-04-09
2025040904011901,UPPER,40,48,90.0,198.7,17883.0,2025-04-09
2025040904011900,UPPER,48,48,410.0,198.8,81508.0,2025-04-09
2025040904011899,PPCL,36,48,166.0,317.1,52638.6,2025-04-09
2025040904011898,PPCL,29,48,120.0,317.2,38064.0,2025-04-09
2025040905012951,NRN,62,53,100.0,1719.0,171900.0,2025-04-09
2025040901011792,ULBSL,62,57,10.0,3197.9,31979.0,2025-04-09
2025040901011791,SBI,57,28,250.0,414.2,103550.0,2025-04-09
2025040903007688,NLIC,45,32,855.0,777.0,664335.0,2025-04-09
2025040901011790,JBLB,36,8,12.0,1319.0,15828.0,2025-04-09
2025040901011789,JBLB,5,47,36.0,1319.0,47484.0,2025-04-09
2025040903007687,EDBL,39,5,334.0,616.2,205810.8,2025-04-09
2025040903007686,EDBL,99,5,466.0,616.3,287195.8,2025-04-09
2025040903007685,EDBL,42,5,200.0,617.0,123400.0,2025-04-09
2025040901011788,SHLB,38,44,20.0,2170.0,43400.0,2025-04-09
2025040901011787,MEHL,41,54,10.0,533.4,5334.0,2025-04-09
2025040903007684,SFCL,66,41,287.0,534.4,153372.8,2025-04-09
2025040903007683,SFCL,66,41,265.0,534.7,141695.5,2025-04-09
2025040903007682,SFCL,14,41,10.0,534.8,5348.0,2025-04-09
2025040901011786,SPC,46,45,365.0,517.0,188705.0,2025-04-09
2025040901011785,SPC,6,45,10.0,517.0,5170.0,2025-04-09
2025040901011784,SPC,41,45,100.0,517.0,51700.0,2025-04-09
2025040901011783,SPC,55,45,200.0,517.0,103400.0,2025-04-09
2025040901011782,SPC,32,45,570.0,517.7,295089.0,2025-04-09
2025040901011781,SPC,3,45,255.0,518.0,132090.0,2025-04-09
2025040905012950,NRIC,45,39,10.0,1338.0,13380.0,2025-04-09
2025040903007681,WNLB,49,45,20.0,3052.1,61042.0,2025-04-09
2025040901011780,MEHL,45,54,10.0,533.4,5334.0,2025-04-09
2025040901011779,GMLI,52,45,60.0,2543.0,152580.0,2025-04-09
2025040904011897,UPPER,54,45,12.0,199.0,2388.0,2025-04-09
2025040903007680,CBBL,29,32,20.0,842.0,16840.0,2025-04-09
2025040904011896,NGPL,59,26,200.0,274.8,54960.0,2025-04-09
2025040904011895,NGPL,59,36,423.0,274.8,116240.4,2025-04-09
2025040904011894,RADHI,40,59,123.0,451.1,55485.3,2025-04-09
2025040901011778,GMLI,52,42,10.0,2543.0,25430.0,2025-04-09
2025040901011777,NIMB,48,42,500.0,213.0,106500.0,2025-04-09
2025040905012949,NRN,57,53,130.0,1719.0,223470.0,2025-04-09
2025040901011776,MEHL,21,54,10.0,533.4,5334.0,2025-04-09
2025040904011893,NLG,80,21,144.0,918.0,132192.0,2025-04-09
2025040904011892,NLG,45,21,20.0,918.0,18360.0,2025-04-09
2025040904011891,NLG,42,21,50.0,918.0,45900.0,2025-04-09
2025040904011890,NLG,35,21,41.0,918.0,37638.0,2025-04-09
2025040904011889,NLG,4,21,60.0,918.0,55080.0,2025-04-09
2025040904011888,NLG,4,21,69.0,918.0,63342.0,2025-04-09
2025040904011887,NLG,4,21,85.0,919.0,78115.0,2025-04-09
2025040904011886,NLG,49,21,30.0,920.0,27600.0,2025-04-09
2025040904011885,NLG,65,21,100.0,920.0,92000.0,2025-04-09
2025040904011884,NLG,48,21,401.0,920.0,368920.0,2025-04-09
2025040903007679,SHINE,32,66,308.0,410.0,126280.0,2025-04-09
2025040903007678,SHINE,36,66,50.0,410.1,20505.0,2025-04-09
2025040903007677,SHINE,25,66,10.0,410.1,4101.0,2025-04-09
2025040903007676,SHINE,22,66,120.0,410.5,49260.0,2025-04-09
2025040903007675,SHINE,32,66,512.0,410.5,210176.0,2025-04-09
2025040901011775,SNLI,66,55,1758.0,644.0,1132152.0,2025-04-09
2025040901011774,SNLI,66,39,50.0,643.9,32195.0,2025-04-09
2025040901011773,SNLI,66,44,50.0,643.0,32150.0,2025-04-09
2025040904011883,IGI,13,45,100.0,562.0,56200.0,2025-04-09
2025040905012948,HRL,36,91,10.0,1042.0,10420.0,2025-04-09
2025040905012947,HRL,58,16,10.0,1041.9,10419.0,2025-04-09
2025040904011882,SHL,44,16,300.0,496.0,148800.0,2025-04-09
2025040905012946,NRIC,91,39,200.0,1338.0,267600.0,2025-04-09
2025040905012945,NRIC,34,39,30.0,1338.0,40140.0,2025-04-09
2025040903007674,ICFC,17,22,10.0,601.7,6017.0,2025-04-09
2025040905012944,NRN,40,53,50.0,1719.0,85950.0,2025-04-09
2025040905012943,HRL,58,4,50.0,1041.9,52095.0,2025-04-09
2025040903007673,MATRI,49,4,10.0,1200.0,12000.0,2025-04-09
2025040901011772,RHGCL,38,100,30.0,523.4,15702.0,2025-04-09
2025040901011771,RHGCL,25,100,100.0,525.0,52500.0,2025-04-09
2025040901011770,RHGCL,38,100,10.0,525.2,5252.0,2025-04-09
2025040901011769,KDL,45,49,15.0,1115.0,16725.0,2025-04-09
2025040905012942,SONA,49,33,10.0,472.0,4720.0,2025-04-09
2025040904011881,NGPL,52,36,370.0,274.8,101676.0,2025-04-09
2025040904011880,NICL,49,3,40.0,815.0,32600.0,2025-04-09
2025040904011879,NICL,58,3,10.0,815.9,8159.0,2025-04-09
2025040904011878,AHPC,33,56,90.0,250.4,22536.0,2025-04-09
2025040904011877,HURJA,47,13,50.0,236.0,11800.0,2025-04-09
2025040904011876,HURJA,47,57,200.0,236.0,47200.0,2025-04-09
2025040904011875,HURJA,47,42,90.0,236.0,21240.0,2025-04-09
2025040904011874,HURJA,47,40,110.0,236.0,25960.0,2025-04-09
2025040904011873,HURJA,47,36,500.0,236.0,118000.0,2025-04-09
2025040904011872,HURJA,47,11,800.0,236.0,188800.0,2025-04-09
2025040904011871,HURJA,47,48,50.0,236.0,11800.0,2025-04-09
2025040904011870,HURJA,47,3,100.0,235.9,23590.0,2025-04-09
2025040903007672,NFS,36,58,47.0,690.1,32434.7,2025-04-09
2025040904011869,UPPER,48,58,90.0,198.8,17892.0,2025-04-09
2025040904011868,UPPER,40,58,10.0,198.8,1988.0,2025-04-09
2025040901011768,EBL,62,33,20.0,608.0,12160.0,2025-04-09
2025040905012941,HRL,82,91,967.0,1042.0,1007614.0,2025-04-09
2025040905012940,HRL,82,25,50.0,1042.0,52100.0,2025-04-09
2025040905012939,HRL,82,32,400.0,1042.0,416800.0,2025-04-09
2025040905012938,HRL,82,56,20.0,1042.0,20840.0,2025-04-09
2025040905012937,HRL,82,17,100.0,1042.0,104200.0,2025-04-09
2025040905012936,HRL,82,42,10.0,1042.0,10420.0,2025-04-09
2025040905012935,HRL,82,38,10.0,1042.0,10420.0,2025-04-09
2025040905012934,HRL,82,6,20.0,1042.0,20840.0,2025-04-09
2025040905012933,HRL,82,41,20.0,1042.0,20840.0,2025-04-09
2025040905012932,HRL,82,52,10.0,1042.0,10420.0,2025-04-09
2025040905012931,HRL,82,4,10.0,1042.0,10420.0,2025-04-09
2025040905012930,HRL,82,89,68.0,1042.0,70856.0,2025-04-09
2025040905012929,HRL,82,48,315.0,1041.9,328198.5,2025-04-09
2025040901011767,GMLI,52,32,10.0,2543.0,25430.0,2025-04-09
2025040905012928,NRN,32,53,50.0,1719.0,85950.0,2025-04-09
2025040901011766,NABIL,57,32,50.0,486.0,24300.0,2025-04-09
2025040904011867,CHL,63,11,40.0,452.0,18080.0,2025-04-09
2025040901011765,MHL,63,8,19.0,699.0,13281.0,2025-04-09
2025040903007671,PMLI,8,28,1.0,550.0,550.0,2025-04-09
2025040903007670,MLBSL,34,59,10.0,2225.0,22250.0,2025-04-09
2025040905012927,HRL,89,48,10.0,1041.9,10419.0,2025-04-09
2025040905012926,HRL,89,1,40.0,1041.8,41672.0,2025-04-09
2025040905012925,NRN,67,53,45.0,1719.0,77355.0,2025-04-09
2025040905012924,NRN,67,43,55.0,1719.0,94545.0,2025-04-09
2025040903007669,JFL,49,45,10.0,512.2,5122.0,2025-04-09
2025040901011764,KDL,45,29,50.0,1115.0,55750.0,2025-04-09
2025040901011763,MKCL,39,38,10.0,1620.0,16200.0,2025-04-09
2025040901011762,IHL,88,17,59.0,685.0,40415.0,2025-04-09
2025040905012923,NIFRA,42,57,40.0,271.8,10872.0,2025-04-09
2025040901011761,SARBTM,42,41,150.0,799.0,119850.0,2025-04-09
2025040901011760,NABIL,57,41,50.0,486.0,24300.0,2025-04-09
2025040904011866,AKJCL,25,41,25.0,201.5,5037.5,2025-04-09
2025040904011865,AKJCL,34,41,100.0,201.5,20150.0,2025-04-09
2025040904011864,AKJCL,32,41,178.0,201.5,35867.0,2025-04-09
2025040904011863,AKJCL,49,41,497.0,201.6,100195.2,2025-04-09
2025040904011862,AKJCL,34,41,200.0,201.6,40320.0,2025-04-09
2025040904011861,RADHI,40,14,100.0,451.1,45110.0,2025-04-09
2025040904011860,AKPL,42,35,2000.0,225.8,451600.0,2025-04-09
2025040901011759,SPC,21,53,694.0,521.0,361574.0,2025-04-09
2025040905012922,PHCL,65,16,10.0,581.0,5810.0,2025-04-09
2025040904011859,HDHPC,22,4,70.0,197.5,13825.0,2025-04-09
2025040904011858,HDHPC,22,45,1000.0,197.5,197500.0,2025-04-09
2025040904011857,HDHPC,22,6,2880.0,197.5,568800.0,2025-04-09
2025040904011856,HDHPC,22,17,50.0,197.4,9870.0,2025-04-09
2025040904011855,LEC,50,22,10.0,207.0,2070.0,2025-04-09
2025040904011854,LEC,38,22,284.0,207.0,58788.0,2025-04-09
2025040904011853,LEC,50,22,10.0,207.1,2071.0,2025-04-09
2025040904011852,LEC,50,22,10.0,207.2,2072.0,2025-04-09
2025040904011851,LEC,4,22,100.0,207.5,20750.0,2025-04-09
2025040901011758,PRVU,21,49,399.0,209.3,83510.7,2025-04-09
2025040905012921,NIFRA,96,17,288.0,270.0,77760.0,2025-04-09
2025040905012920,NIFRA,34,17,138.0,270.1,37273.8,2025-04-09
2025040905012919,NIFRA,83,17,74.0,271.0,20054.0,2025-04-09
2025040905012918,HDL,47,29,296.0,1191.0,352536.0,2025-04-09
2025040903007668,NICLBSL,22,56,44.0,645.0,28380.0,2025-04-09
2025040903007667,NICLBSL,22,56,32.0,645.0,20640.0,2025-04-09
2025040901011757,MCHL,36,56,10.0,575.4,5754.0,2025-04-09
2025040901011756,GMLI,52,58,10.0,2543.0,25430.0,2025-04-09
2025040901011755,SARBTM,42,58,170.0,799.0,135830.0,2025-04-09
2025040904011850,SHPC,8,48,331.0,472.1,156265.1,2025-04-09
2025040904011849,SHPC,17,48,569.0,472.5,268852.5,2025-04-09
2025040905012917,NIFRA,83,62,27.0,271.0,7317.0,2025-04-09
2025040903007666,SINDU,25,52,130.0,1107.0,143910.0,2025-04-09
2025040905012916,HRL,35,25,50.0,1041.1,52055.0,2025-04-09
2025040904011848,SSHL,57,32,500.0,229.1,114550.0,2025-04-09
2025040905012915,CHDC,95,45,120.0,2445.0,293400.0,2025-04-09
2025040905012914,CHDC,95,80,230.0,2444.0,562120.0,2025-04-09
2025040905012913,CHDC,95,99,50.0,2440.0,122000.0,2025-04-09
2025040901011754,MKJC,18,60,290.0,558.1,161849.0,2025-04-09
2025040901011753,MKJC,52,60,10.0,560.0,5600.0,2025-04-09
2025040903007665,MLBBL,60,57,100.0,1515.0,151500.0,2025-04-09
2025040904011847,NLG,48,34,14.0,920.0,12880.0,2025-04-09
2025040903007664,MLBL,34,94,658.0,391.0,257278.0,2025-04-09
2025040903007663,MLBL,34,47,17.0,391.0,6647.0,2025-04-09
2025040903007662,MLBL,34,58,225.0,390.0,87750.0,2025-04-09
2025040904011846,UMHL,34,26,130.0,450.8,58604.0,2025-04-09
2025040904011845,SPDL,70,63,18.0,324.0,5832.0,2025-04-09
2025040901011752,NYADI,22,45,119.0,605.0,71995.0,2025-04-09
2025040901011751,NYADI,44,45,200.0,605.0,121000.0,2025-04-09
2025040901011750,NYADI,7,45,86.0,605.0,52030.0,2025-04-09
2025040903007661,RSDC,59,1,40.0,713.0,28520.0,2025-04-09
2025040904011844,NGPL,29,38,101.0,274.7,27744.7,2025-04-09
2025040905012912,MMF1,51,59,1000.0,8.5,8500.0,2025-04-09
2025040901011749,ULBSL,49,38,30.0,3160.0,94800.0,2025-04-09
2025040904011843,NLG,38,75,54.0,925.0,49950.0,2025-04-09
2025040904011842,NLG,38,55,100.0,924.0,92400.0,2025-04-09
2025040904011841,NLG,38,5,50.0,924.0,46200.0,2025-04-09
2025040904011840,NLG,38,21,220.0,924.0,203280.0,2025-04-09
2025040904011839,NLG,38,4,60.0,923.0,55380.0,2025-04-09
2025040904011838,NLG,38,21,16.0,921.0,14736.0,2025-04-09
2025040904011837,CHCL,11,65,153.0,473.0,72369.0,2025-04-09
2025040904011836,CHCL,25,65,19.0,473.0,8987.0,2025-04-09
2025040904011835,CHCL,6,65,300.0,473.1,141930.0,2025-04-09
2025040904011834,CHCL,45,65,50.0,473.1,23655.0,2025-04-09
2025040904011833,CHCL,42,65,16.0,474.0,7584.0,2025-04-09
2025040904011832,CHCL,39,65,100.0,474.0,47400.0,2025-04-09
2025040904011831,CHCL,28,65,20.0,474.0,9480.0,2025-04-09
2025040904011830,CHCL,34,65,30.0,474.0,14220.0,2025-04-09
2025040904011829,CHCL,58,65,10.0,474.0,4740.0,2025-04-09
2025040904011828,CHCL,37,65,200.0,474.0,94800.0,2025-04-09
2025040904011827,CHCL,42,65,10.0,474.0,4740.0,2025-04-09
2025040905012911,STC,14,13,20.0,5230.0,104600.0,2025-04-09
2025040903007660,LBBL,66,42,430.0,422.0,181460.0,2025-04-09
2025040904011826,UMHL,34,41,100.0,450.8,45080.0,2025-04-09
2025040901011748,LSL,59,41,543.0,217.8,118265.4,2025-04-09
2025040901011747,LSL,44,41,677.0,217.8,147450.6,2025-04-09
2025040901011746,LSL,64,41,1280.0,218.0,279040.0,2025-04-09
2025040904011825,RADHI,60,57,142.0,451.0,64042.0,2025-04-09
2025040904011824,AKJCL,34,57,200.0,201.6,40320.0,2025-04-09
2025040901011745,ULHC,57,40,150.0,513.0,76950.0,2025-04-09
2025040901011744,ULHC,57,38,10.0,510.0,5100.0,2025-04-09
2025040905012910,SHIVM,58,35,45.0,532.0,23940.0,2025-04-09
2025040903007659,SADBL,35,45,12.0,404.0,4848.0,2025-04-09
2025040903007658,FMDBL,42,35,50.0,761.0,38050.0,2025-04-09
2025040901011743,MEHL,16,82,100.0,533.0,53300.0,2025-04-09
2025040904011823,BARUN,16,50,100.0,510.9,51090.0,2025-04-09
2025040904011822,BARUN,16,26,100.0,510.8,51080.0,2025-04-09
2025040904011821,RADHI,60,39,47.0,451.0,21197.0,2025-04-09
2025040904011820,AHPC,33,80,700.0,250.4,175280.0,2025-04-09
2025040904011819,SPIL,44,6,20.0,839.0,16780.0,2025-04-09
2025040904011818,SPIL,44,92,100.0,838.5,83850.0,2025-04-09
2025040904011817,SPIL,44,22,10.0,838.4,8384.0,2025-04-09
2025040901011742,SARBTM,42,17,57.0,799.0,45543.0,2025-04-09
2025040903007657,SWMF,62,36,54.0,728.1,39317.4,2025-04-09
2025040904011816,NGPL,29,50,1000.0,274.7,274700.0,2025-04-09
2025040905012909,NIFRA,83,57,250.0,271.8,67950.0,2025-04-09
2025040901011741,GMLI,71,58,41.0,2542.0,104222.0,2025-04-09
2025040905012908,MEL,91,91,120.0,311.3,37356.0,2025-04-09
2025040905012907,MEL,35,91,500.0,311.4,155700.0,2025-04-09
2025040905012906,MEL,49,91,30.0,311.4,9342.0,2025-04-09
2025040905012905,MEL,38,91,350.0,312.0,109200.0,2025-04-09
2025040901011740,SMHL,56,7,40.0,916.0,36640.0,2025-04-09
2025040905012904,HRL,94,34,100.0,1041.0,104100.0,2025-04-09
2025040904011815,TRH,34,20,100.0,1044.0,104400.0,2025-04-09
2025040904011814,TRH,34,48,100.0,1041.0,104100.0,2025-04-09
2025040901011739,SPC,5,53,50.0,521.0,26050.0,2025-04-09
2025040901011738,SBL,4,49,21.0,284.0,5964.0,2025-04-09
2025040901011737,EBL,42,81,1500.0,607.0,910500.0,2025-04-09
2025040904011813,NGPL,29,32,40.0,274.7,10988.0,2025-04-09
2025040904011812,UPCL,84,53,390.0,296.4,115596.0,2025-04-09
2025040904011811,UPCL,19,53,10.0,296.5,2965.0,2025-04-09
2025040904011810,SSHL,38,32,400.0,229.9,91960.0,2025-04-09
2025040901011736,UHEWA,47,14,14.0,657.0,9198.0,2025-04-09
2025040901011735,UHEWA,38,14,200.0,657.7,131540.0,2025-04-09
2025040901011734,UHEWA,34,14,100.0,657.7,65770.0,2025-04-09
2025040901011733,UHEWA,56,14,50.0,657.9,32895.0,2025-04-09
2025040901011732,UHEWA,22,14,25.0,658.0,16450.0,2025-04-09
2025040901011731,UHEWA,42,14,50.0,658.0,32900.0,2025-04-09
2025040901011730,UHEWA,14,14,10.0,660.0,6600.0,2025-04-09
2025040901011729,UHEWA,45,14,10.0,660.0,6600.0,2025-04-09
2025040901011728,UHEWA,52,14,100.0,660.0,66000.0,2025-04-09
2025040901011727,UHEWA,42,14,50.0,660.0,33000.0,2025-04-09
2025040901011726,UHEWA,48,14,10.0,660.6,6606.0,2025-04-09
2025040901011725,UHEWA,33,14,400.0,661.0,264400.0,2025-04-09
2025040901011724,UHEWA,6,14,50.0,661.1,33055.0,2025-04-09
2025040901011723,UHEWA,32,14,11.0,661.1,7272.1,2025-04-09
2025040901011722,UHEWA,21,14,100.0,662.0,66200.0,2025-04-09
2025040901011721,UHEWA,42,14,190.0,662.0,125780.0,2025-04-09
2025040901011720,UHEWA,21,14,50.0,664.0,33200.0,2025-04-09
2025040901011719,UHEWA,48,14,600.0,664.0,398400.0,2025-04-09
2025040901011718,UHEWA,19,14,500.0,664.1,332050.0,2025-04-09
2025040901011717,UHEWA,38,14,100.0,665.0,66500.0,2025-04-09
2025040901011716,UHEWA,32,14,20.0,665.0,13300.0,2025-04-09
2025040901011715,UHEWA,7,14,100.0,665.0,66500.0,2025-04-09
2025040901011714,UHEWA,4,14,100.0,665.0,66500.0,2025-04-09
2025040901011713,UHEWA,22,14,10.0,665.2,6652.0,2025-04-09
2025040901011712,UHEWA,28,14,20.0,665.2,13304.0,2025-04-09
2025040901011711,UHEWA,49,14,330.0,665.4,219582.0,2025-04-09
2025040901011710,UHEWA,39,14,200.0,668.0,133600.0,2025-04-09
2025040901011709,TAMOR,66,42,890.0,517.0,460130.0,2025-04-09
2025040901011708,TAMOR,58,42,100.0,517.1,51710.0,2025-04-09
2025040901011707,TAMOR,19,42,30.0,517.2,15516.0,2025-04-09
2025040901011706,TAMOR,32,42,30.0,517.2,15516.0,2025-04-09
2025040904011809,RHPL,40,14,50.0,374.0,18700.0,2025-04-09
2025040904011808,NGPL,59,41,464.0,274.6,127414.4,2025-04-09
2025040904011807,NGPL,52,41,586.0,274.6,160915.6,2025-04-09
2025040904011806,NHPC,38,41,50.0,207.2,10360.0,2025-04-09
2025040901011705,ADBL,41,45,465.0,290.0,134850.0,2025-04-09
2025040901011704,ADBL,45,45,200.0,290.1,58020.0,2025-04-09
2025040901011703,ADBL,48,45,200.0,290.1,58020.0,2025-04-09
2025040901011702,ADBL,58,45,35.0,290.2,10157.0,2025-04-09
2025040904011805,UMHL,62,45,400.0,450.0,180000.0,2025-04-09
2025040904011804,UMHL,60,45,500.0,450.1,225050.0,2025-04-09
2025040905012903,SEF,44,45,200.0,9.93,1986.0,2025-04-09
2025040901011701,MBL,66,45,500.0,226.7,113350.0,2025-04-09
2025040905012902,GCIL,48,57,89.0,553.0,49217.0,2025-04-09
2025040905012901,SMJC,69,57,87.0,570.3,49616.1,2025-04-09
2025040903007656,GRDBL,66,32,40.0,1269.0,50760.0,2025-04-09
2025040904011803,BARUN,4,22,134.0,508.2,68098.8,2025-04-09
2025040904011802,BARUN,59,22,100.0,508.3,50830.0,2025-04-09
2025040904011801,BARUN,56,22,166.0,509.0,84494.0,2025-04-09
2025040901011700,MHL,63,4,100.0,699.0,69900.0,2025-04-09
2025040904011800,DHPL,4,45,18.0,386.0,6948.0,2025-04-09
2025040905012900,NRM,16,49,83.0,487.0,40421.0,2025-04-09
2025040905012899,NRIC,61,49,150.0,1338.1,200715.0,2025-04-09
2025040904011799,NGPL,52,52,114.0,274.6,31304.4,2025-04-09
2025040905012898,HIDCL,77,60,500.0,277.9,138950.0,2025-04-09
2025040905012897,HIDCL,77,60,500.0,277.8,138900.0,2025-04-09
2025040901011699,CZBIL,42,17,45.0,211.0,9495.0,2025-04-09
2025040901011698,CZBIL,5,17,100.0,211.0,21100.0,2025-04-09
2025040901011697,CZBIL,74,17,500.0,211.0,105500.0,2025-04-09
2025040901011696,CZBIL,57,17,60.0,211.0,12660.0,2025-04-09
2025040901011695,CZBIL,58,17,10.0,211.0,2110.0,2025-04-09
2025040901011694,CZBIL,54,17,45.0,211.0,9495.0,2025-04-09
2025040903007655,GBBL,34,17,50.0,395.0,19750.0,2025-04-09
2025040904011798,HPPL,64,50,510.0,616.1,314211.0,2025-04-09
2025040904011797,HPPL,80,50,50.0,616.1,30805.0,2025-04-09
2025040904011796,HPPL,56,50,140.0,616.1,86254.0,2025-04-09
2025040904011795,HPPL,95,50,100.0,616.3,61630.0,2025-04-09
2025040903007654,NICLBSL,22,18,10.0,645.0,6450.0,2025-04-09
2025040904011794,RHPL,40,58,250.0,374.0,93500.0,2025-04-09
2025040904011793,CHL,63,48,50.0,452.0,22600.0,2025-04-09
2025040904011792,CHL,58,48,150.0,452.1,67815.0,2025-04-09
2025040903007653,KMCDB,62,34,10.0,1066.0,10660.0,2025-04-09
2025040904011791,API,4,38,312.0,270.0,84240.0,2025-04-09
2025040904011790,API,4,38,1000.0,270.0,270000.0,2025-04-09
2025040904011789,API,4,41,300.0,270.0,81000.0,2025-04-09
2025040904011788,API,4,45,88.0,270.0,23760.0,2025-04-09
2025040904011787,API,4,13,300.0,270.0,81000.0,2025-04-09
2025040901011693,HHL,41,82,100.0,483.0,48300.0,2025-04-09
2025040901011692,HHL,3,82,420.0,483.0,202860.0,2025-04-09
2025040904011786,JOSHI,25,46,200.0,384.9,76980.0,2025-04-09
2025040901011691,USHEC,25,34,390.0,586.0,228540.0,2025-04-09
2025040901011690,USHEC,25,42,100.0,584.0,58400.0,2025-04-09
2025040901011689,USHEC,25,6,10.0,575.0,5750.0,2025-04-09
2025040901011688,GVL,6,90,100.0,491.0,49100.0,2025-04-09
2025040901011687,SARBTM,42,32,254.0,799.0,202946.0,2025-04-09
2025040901011686,NICA,7,22,100.0,376.0,37600.0,2025-04-09
2025040904011785,HEI,34,59,10.0,603.9,6039.0,2025-04-09
2025040904011784,GLH,34,56,100.0,237.0,23700.0,2025-04-09
2025040905012896,NRN,41,10,110.0,1717.1,188881.0,2025-04-09
2025040905012895,NRN,56,10,30.0,1717.1,51513.0,2025-04-09
2025040905012894,NRN,36,10,10.0,1717.2,17172.0,2025-04-09
2025040904011783,UMHL,62,19,230.0,450.0,103500.0,2025-04-09
2025040903007652,SJLIC,14,29,10.0,444.2,4442.0,2025-04-09
2025040905012893,NRN,53,43,45.0,1719.0,77355.0,2025-04-09
2025040905012892,NRN,53,38,55.0,1718.0,94490.0,2025-04-09
2025040905012891,MEL,32,65,1000.0,312.1,312100.0,2025-04-09
2025040905012890,MEL,40,65,500.0,312.2,156100.0,2025-04-09
2025040905012889,MEL,47,65,90.0,313.1,28179.0,2025-04-09
2025040905012888,MEL,67,65,150.0,314.0,47100.0,2025-04-09
2025040901011685,MANDU,17,65,100.0,875.0,87500.0,2025-04-09
2025040901011684,MANDU,41,65,30.0,875.1,26253.0,2025-04-09
2025040901011683,BHL,62,69,75.0,289.2,21690.0,2025-04-09
2025040903007651,CORBL,38,28,30.0,1790.0,53700.0,2025-04-09
2025040903007650,CORBL,38,5,10.0,1789.0,17890.0,2025-04-09
2025040904011782,NGPL,38,36,849.0,274.8,233305.2,2025-04-09
2025040904011781,NGPL,38,51,151.0,274.7,41479.7,2025-04-09
2025040901011682,NIMB,48,14,2000.0,213.0,426000.0,2025-04-09
2025040904011780,NGPL,14,51,49.0,274.7,13460.3,2025-04-09
2025040904011779,NGPL,14,3,101.0,274.7,27744.7,2025-04-09
2025040901011681,JBLB,45,47,100.0,1319.0,131900.0,2025-04-09
2025040901011680,TAMOR,32,57,60.0,517.2,31032.0,2025-04-09
2025040901011679,GMLI,26,35,10.0,2543.0,25430.0,2025-04-09
2025040905012887,NRN,91,66,100.0,1718.0,171800.0,2025-04-09
2025040905012886,CHDC,39,99,40.0,2440.0,97600.0,2025-04-09
2025040903007649,NLIC,45,16,100.0,777.0,77700.0,2025-04-09
2025040905012885,GCIL,74,60,10.0,553.9,5539.0,2025-04-09
2025040905012884,GCIL,74,14,10.0,553.8,5538.0,2025-04-09
2025040903007648,SLBBL,62,49,10.0,970.0,9700.0,2025-04-09
2025040901011678,SNLI,58,52,8.0,640.0,5120.0,2025-04-09
2025040904011778,GHL,58,17,300.0,270.6,81180.0,2025-04-09
2025040905012883,ILI,38,56,194.0,464.2,90054.8,2025-04-09
2025040905012882,ILI,25,56,18.0,465.0,8370.0,2025-04-09
2025040905012881,SHIVM,22,36,33.0,533.0,17589.0,2025-04-09
2025040903007647,HLI,26,56,100.0,430.1,43010.0,2025-04-09
2025040903007646,PMLI,56,48,13.0,550.4,7155.2,2025-04-09
2025040905012880,SONA,56,42,500.0,471.0,235500.0,2025-04-09
2025040901011677,SARBTM,42,48,1000.0,799.0,799000.0,2025-04-09
2025040905012879,HDL,58,29,10.0,1191.0,11910.0,2025-04-09
2025040905012878,HDL,58,45,20.0,1191.0,23820.0,2025-04-09
2025040903007645,SHINE,32,58,88.0,410.5,36124.0,2025-04-09
2025040905012877,CHDC,58,99,10.0,2440.0,24400.0,2025-04-09
2025040901011676,ULBSL,62,58,11.0,3190.0,35090.0,2025-04-09
2025040903007644,SLBSL,62,28,97.0,1798.0,174406.0,2025-04-09
2025040903007643,SLBSL,6,28,10.0,1798.2,17982.0,2025-04-09
2025040903007642,SLBSL,37,28,10.0,1799.0,17990.0,2025-04-09
2025040903007641,SLBSL,57,28,11.0,1799.2,19791.2,2025-04-09
2025040901011675,MLBS,1,6,10.0,1745.0,17450.0,2025-04-09
2025040903007640,USLB,61,6,50.0,1685.0,84250.0,2025-04-09
2025040905012876,HRL,32,89,100.0,1042.0,104200.0,2025-04-09
2025040901011674,USHEC,7,29,11.0,570.0,6270.0,2025-04-09
2025040905012875,NIFRA,83,11,514.0,271.0,139294.0,2025-04-09
2025040905012874,MBJC,51,52,20.0,318.0,6360.0,2025-04-09
2025040905012873,MBJC,51,58,10.0,318.0,3180.0,2025-04-09
2025040905012872,MBJC,51,42,10.0,318.0,3180.0,2025-04-09
2025040905012871,MBJC,51,35,30.0,318.0,9540.0,2025-04-09
2025040905012870,MBJC,51,74,40.0,317.0,12680.0,2025-04-09
2025040905012869,MBJC,51,49,90.0,316.0,28440.0,2025-04-09
2025040905012868,MBJC,51,35,190.0,315.0,59850.0,2025-04-09
2025040905012867,MBJC,51,42,50.0,315.0,15750.0,2025-04-09
2025040903007639,ICFC,60,50,100.0,602.0,60200.0,2025-04-09
2025040904011777,MEN,60,34,277.0,580.0,160660.0,2025-04-09
2025040904011776,MEN,60,34,30.0,580.0,17400.0,2025-04-09
2025040904011775,MEN,60,34,660.0,580.0,382800.0,2025-04-09
2025040904011774,MEN,60,34,20.0,580.0,11600.0,2025-04-09
2025040904011773,MEN,60,34,583.0,580.0,338140.0,2025-04-09
2025040904011772,MEN,60,42,900.0,579.9,521910.0,2025-04-09
2025040904011771,MEN,60,40,300.0,579.0,173700.0,2025-04-09
2025040904011770,MEN,60,1,80.0,577.9,46232.0,2025-04-09
2025040905012866,HIDCL,5,43,20.0,277.0,5540.0,2025-04-09
2025040903007638,GBLBS,14,34,710.0,827.6,587596.0,2025-04-09
2025040903007637,GBLBS,41,34,25.0,827.7,20692.5,2025-04-09
2025040903007636,GBLBS,41,34,265.0,827.7,219340.5,2025-04-09
2025040905012865,HDL,39,29,10.0,1190.0,11900.0,2025-04-09
2025040905012864,HDL,42,29,20.0,1190.0,23800.0,2025-04-09
2025040905012863,HDL,4,29,20.0,1190.0,23800.0,2025-04-09
2025040905012862,HDL,45,29,10.0,1190.0,11900.0,2025-04-09
2025040905012861,HDL,44,29,10.0,1190.0,11900.0,2025-04-09
2025040905012860,HDL,48,29,10.0,1190.0,11900.0,2025-04-09
2025040905012859,HDL,57,29,60.0,1190.0,71400.0,2025-04-09
2025040905012858,HDL,52,29,100.0,1190.0,119000.0,2025-04-09
2025040905012857,HDL,7,29,50.0,1190.0,59500.0,2025-04-09
2025040905012856,HDL,55,29,20.0,1190.0,23800.0,2025-04-09
2025040905012855,HDL,42,29,50.0,1190.0,59500.0,2025-04-09
2025040905012854,HDL,19,29,10.0,1190.0,11900.0,2025-04-09
2025040905012853,HDL,22,29,19.0,1190.0,22610.0,2025-04-09
2025040905012852,HDL,7,29,10.0,1190.1,11901.0,2025-04-09
2025040903007635,NFS,36,41,59.0,690.1,40715.9,2025-04-09
2025040903007634,NFS,18,41,100.0,690.2,69020.0,2025-04-09
2025040903007633,NFS,45,41,11.0,690.5,7595.5,2025-04-09
2025040903007632,NFS,26,41,100.0,691.0,69100.0,2025-04-09
2025040901011673,GMLI,71,41,150.0,2542.0,381300.0,2025-04-09
2025040901011672,NYADI,7,45,14.0,605.0,8470.0,2025-04-09
2025040901011671,NYADI,45,45,386.0,607.0,234302.0,2025-04-09
2025040904011769,UMHL,62,42,50.0,450.0,22500.0,2025-04-09
2025040901011670,GMLI,71,45,10.0,2542.0,25420.0,2025-04-09
2025040903007631,LBBL,21,58,10.0,423.0,4230.0,2025-04-09
2025040904011768,UMRH,76,5,10.0,595.0,5950.0,2025-04-09
2025040903007630,MLBL,48,57,190.0,388.5,73815.0,2025-04-09
2025040903007629,MLBL,32,57,100.0,388.6,38860.0,2025-04-09
2025040903007628,MLBL,4,57,200.0,388.7,77740.0,2025-04-09
2025040903007627,MLBL,48,57,500.0,388.9,194450.0,2025-04-09
2025040903007626,MLBL,42,57,20.0,390.5,7810.0,2025-04-09
2025040903007625,SMB,52,35,37.0,2456.0,90872.0,2025-04-09
2025040905012851,SHIVM,36,22,100.0,534.0,53400.0,2025-04-09
2025040905012850,SAHAS,33,49,10.0,499.7,4997.0,2025-04-09
2025040901011669,NIBD2082,43,34,200.0,1079.5,215900.0,2025-04-09
2025040904011767,NLG,40,21,20.0,921.0,18420.0,2025-04-09
2025040903007624,NLIC,45,49,20.0,777.0,15540.0,2025-04-09
2025040905012849,ILI,25,49,36.0,465.0,16740.0,2025-04-09
2025040903007623,SLBSL,21,3,10.0,1799.3,17993.0,2025-04-09
2025040905012848,RNLI,44,57,10.0,537.0,5370.0,2025-04-09
2025040905012847,GCIL,48,37,391.0,553.0,216223.0,2025-04-09
2025040904011766,RADHI,60,50,320.0,451.0,144320.0,2025-04-09
2025040904011765,AKPL,42,50,1498.0,225.8,338248.4,2025-04-09
2025040904011764,AKPL,59,50,50.0,226.0,11300.0,2025-04-09
2025040904011763,AKPL,5,50,52.0,226.0,11752.0,2025-04-09
2025040904011762,NGPL,48,3,10.0,274.7,2747.0,2025-04-09
2025040905012846,GCIL,48,48,520.0,553.0,287560.0,2025-04-09
2025040905012845,GCIL,37,48,480.0,553.0,265440.0,2025-04-09
2025040903007622,NFS,58,58,10.0,692.0,6920.0,2025-04-09
2025040901011668,SPC,3,75,14.0,518.0,7252.0,2025-04-09
2025040901011667,SPC,51,75,16.0,519.0,8304.0,2025-04-09
2025040901011666,SRLI,57,6,100.0,414.0,41400.0,2025-04-09
2025040905012844,HRL,94,85,19.0,1041.0,19779.0,2025-04-09
2025040905012843,HRL,1,85,100.0,1041.1,104110.0,2025-04-09
2025040905012842,HRL,32,85,15.0,1041.1,15616.5,2025-04-09
2025040905012841,HRL,21,85,327.0,1041.2,340472.4,2025-04-09
2025040904011761,RADHI,60,1,157.0,451.0,70807.0,2025-04-09
2025040904011760,RADHI,8,1,192.0,451.1,86611.2,2025-04-09
2025040903007621,MPFL,53,16,100.0,636.0,63600.0,2025-04-09
2025040903007620,MPFL,53,56,90.0,635.9,57231.0,2025-04-09
2025040903007619,MPFL,53,6,100.0,635.0,63500.0,2025-04-09
2025040903007618,MPFL,53,34,155.0,634.0,98270.0,2025-04-09
2025040903007617,SMPDA,38,38,1000.0,934.9,934900.0,2025-04-09
2025040904011759,DHPL,42,38,10.0,385.0,3850.0,2025-04-09
2025040904011758,SHEL,22,45,1070.0,248.0,265360.0,2025-04-09
2025040903007616,GBLBS,42,57,200.0,827.8,165560.0,2025-04-09
2025040905012840,HRL,21,43,30.0,1041.2,31236.0,2025-04-09
2025040905012839,HATHY,57,64,44.0,1385.0,60940.0,2025-04-09
2025040904011757,GHL,64,38,254.0,272.0,69088.0,2025-04-09
2025040904011756,GHL,64,5,500.0,271.9,135950.0,2025-04-09
2025040904011755,GHL,64,65,246.0,271.7,66838.2,2025-04-09
2025040904011754,HDHPC,52,86,290.0,197.0,57130.0,2025-04-09
2025040903007615,PMLI,34,98,29.0,550.0,15950.0,2025-04-09
2025040903007614,PMLI,46,98,10.0,550.0,5500.0,2025-04-09
2025040903007613,PMLI,32,98,102.0,550.0,56100.0,2025-04-09
2025040903007612,PMLI,44,98,100.0,550.0,55000.0,2025-04-09
2025040903007611,PMLI,54,98,10.0,550.0,5500.0,2025-04-09
2025040903007610,PMLI,60,98,300.0,550.0,165000.0,2025-04-09
2025040903007609,PMLI,41,98,40.0,550.0,22000.0,2025-04-09
2025040903007608,PMLI,39,98,10.0,550.0,5500.0,2025-04-09
2025040903007607,PMLI,66,98,64.0,550.0,35200.0,2025-04-09
2025040903007606,PMLI,13,98,398.0,550.1,218939.8,2025-04-09
2025040903007605,PMLI,55,98,437.0,550.2,240437.4,2025-04-09
2025040904011753,HPPL,56,17,500.0,616.2,308100.0,2025-04-09
2025040904011752,HPPL,80,17,40.0,616.3,24652.0,2025-04-09
2025040904011751,HPPL,33,17,100.0,616.3,61630.0,2025-04-09
2025040904011750,HPPL,67,17,555.0,616.4,342102.0,2025-04-09
2025040905012838,NIFRA,83,22,250.0,271.0,67750.0,2025-04-09
2025040905012837,NIFRA,83,39,100.0,271.0,27100.0,2025-04-09
2025040905012836,NIFRA,83,41,35.0,271.0,9485.0,2025-04-09
2025040903007604,ALBSL,62,11,10.0,823.0,8230.0,2025-04-09
2025040904011749,AKJCL,32,28,100.0,201.5,20150.0,2025-04-09
2025040901011665,PRVU,21,36,100.0,209.3,20930.0,2025-04-09
2025040905012835,SONA,4,6,10.0,470.0,4700.0,2025-04-09
2025040903007603,MPFL,32,55,110.0,633.0,69630.0,2025-04-09
2025040903007602,EDBL,99,95,20.0,616.3,12326.0,2025-04-09
2025040903007601,EDBL,34,95,30.0,616.4,18492.0,2025-04-09
2025040901011664,USHEC,11,29,200.0,570.0,114000.0,2025-04-09
2025040904011748,SPDL,8,63,10.0,324.0,3240.0,2025-04-09
2025040903007600,ICFC,34,50,10.0,602.0,6020.0,2025-04-09
2025040903007599,SINDU,43,59,50.0,1105.0,55250.0,2025-04-09
2025040901011663,SMHL,56,65,330.0,916.0,302280.0,2025-04-09
2025040901011662,SMHL,56,65,500.0,916.0,458000.0,2025-04-09
2025040901011661,SMHL,56,65,500.0,916.0,458000.0,2025-04-09
2025040901011660,SMHL,56,65,500.0,916.0,458000.0,2025-04-09
2025040901011659,SMHL,19,65,170.0,916.1,155737.0,2025-04-09
2025040901011658,BHL,6,69,1000.0,289.3,289300.0,2025-04-09
2025040901011657,BHL,49,69,710.0,289.3,205403.0,2025-04-09
2025040905012834,SONA,4,41,50.0,470.0,23500.0,2025-04-09
2025040905012833,HATHY,57,41,255.0,1385.0,353175.0,2025-04-09
2025040901011656,BHL,49,41,50.0,289.3,14465.0,2025-04-09
2025040904011747,UPPER,22,45,88.0,199.0,17512.0,2025-04-09
2025040904011746,UMRH,76,5,10.0,595.0,5950.0,2025-04-09
2025040903007598,MDB,91,21,27.0,617.0,16659.0,2025-04-09
2025040904011745,NLG,48,21,20.0,920.0,18400.0,2025-04-09
2025040904011744,MEN,42,1,20.0,577.9,11558.0,2025-04-09
2025040903007597,GBBL,34,49,225.0,395.0,88875.0,2025-04-09
2025040904011743,RBCL,29,3,10.0,14870.0,148700.0,2025-04-09
2025040904011742,GHL,35,44,940.0,270.5,254270.0,2025-04-09
2025040904011741,GHL,49,44,10.0,270.6,2706.0,2025-04-09
2025040904011740,GHL,6,44,50.0,271.0,13550.0,2025-04-09
2025040904011739,SHL,44,6,100.0,496.0,49600.0,2025-04-09
2025040904011738,GLH,50,56,100.0,237.0,23700.0,2025-04-09
2025040901011655,KBL,55,18,833.0,208.3,173513.9,2025-04-09
2025040901011654,KBL,11,18,67.0,208.3,13956.1,2025-04-09
2025040901011653,KBL,22,18,600.0,208.5,125100.0,2025-04-09
2025040903007596,RLFL,56,7,40.0,530.0,21200.0,2025-04-09
2025040904011737,NGPL,28,3,389.0,274.7,106858.3,2025-04-09
2025040903007595,SJLIC,14,58,10.0,444.2,4442.0,2025-04-09
2025040904011736,NGPL,28,50,1000.0,274.7,274700.0,2025-04-09
2025040904011735,NGPL,28,41,301.0,274.7,82684.7,2025-04-09
2025040904011734,NGPL,28,58,256.0,274.7,70323.2,2025-04-09
2025040903007594,NMBMF,42,28,36.0,720.0,25920.0,2025-04-09
2025040903007593,NMBMF,39,28,300.0,721.0,216300.0,2025-04-09
2025040903007592,NMBMF,32,28,100.0,721.0,72100.0,2025-04-09
2025040903007591,NMBMF,7,28,500.0,721.2,360600.0,2025-04-09
2025040904011733,UPPER,22,58,101.0,199.0,20099.0,2025-04-09
2025040901011652,NYADI,45,6,614.0,607.0,372698.0,2025-04-09
2025040901011651,NYADI,35,6,45.0,607.0,27315.0,2025-04-09
2025040901011650,NYADI,7,6,100.0,607.6,60760.0,2025-04-09
2025040901011649,NYADI,54,6,100.0,607.7,60770.0,2025-04-09
2025040901011648,NYADI,62,6,41.0,608.3,24940.3,2025-04-09
2025040901011647,NYADI,3,6,100.0,608.4,60840.0,2025-04-09
2025040901011646,TAMOR,32,42,10.0,517.1,5171.0,2025-04-09
2025040904011732,RADHI,8,7,208.0,451.1,93828.8,2025-04-09
2025040904011731,RADHI,8,45,100.0,451.1,45110.0,2025-04-09
2025040903007590,MLBL,60,47,20.0,391.0,7820.0,2025-04-09
2025040903007589,SINDU,26,49,100.0,1106.0,110600.0,2025-04-09
2025040901011645,NICA,5,17,359.0,376.0,134984.0,2025-04-09
2025040905012832,HATHY,57,19,61.0,1385.0,84485.0,2025-04-09
2025040905012831,HATHY,41,19,10.0,1385.1,13851.0,2025-04-09
2025040905012830,HATHY,81,19,29.0,1385.2,40170.8,2025-04-09
2025040905012829,ILI,25,19,12.0,465.0,5580.0,2025-04-09
2025040903007588,GBBL,34,35,100.0,395.0,39500.0,2025-04-09
2025040903007587,GBBL,34,18,100.0,395.0,39500.0,2025-04-09
2025040903007586,GBBL,34,45,176.0,395.0,69520.0,2025-04-09
2025040903007585,GBBL,34,18,138.0,394.9,54496.2,2025-04-09
2025040904011730,IGI,70,45,65.0,562.0,36530.0,2025-04-09
2025040904011729,AHPC,91,53,200.0,250.3,50060.0,2025-04-09
2025040901011644,GBBD85,19,59,100.0,1045.0,104500.0,2025-04-09
2025040903007584,CBBL,38,32,100.0,842.0,84200.0,2025-04-09
2025040904011728,UPCL,38,72,300.0,296.9,89070.0,2025-04-09
2025040901011643,GVL,72,57,85.0,490.5,41692.5,2025-04-09
2025040901011642,GVL,89,57,100.0,490.6,49060.0,2025-04-09
2025040901011641,GVL,42,57,15.0,491.0,7365.0,2025-04-09
2025040905012828,HRL,21,57,150.0,1041.2,156180.0,2025-04-09
2025040905012827,HRL,35,57,200.0,1041.2,208240.0,2025-04-09
2025040904011727,API,57,49,12.0,270.0,3240.0,2025-04-09
2025040904011726,API,57,4,28.0,269.9,7557.2,2025-04-09
2025040904011725,API,57,50,10.0,269.9,2699.0,2025-04-09
2025040901011640,GVL,42,35,50.0,491.0,24550.0,2025-04-09
2025040905012826,SHIVM,57,57,2.0,533.0,1066.0,2025-04-09
2025040905012825,SHIVM,57,42,200.0,533.0,106600.0,2025-04-09
2025040903007583,GMFIL,42,32,165.0,519.4,85701.0,2025-04-09
2025040903007582,GMFIL,42,57,100.0,519.3,51930.0,2025-04-09
2025040903007581,GMFIL,42,18,100.0,519.0,51900.0,2025-04-09
2025040903007580,GMFIL,42,57,35.0,518.8,18158.0,2025-04-09
2025040901011639,PCBL,42,42,1897.0,253.0,479941.0,2025-04-09
2025040901011638,SARBTM,42,37,50.0,799.0,39950.0,2025-04-09
2025040901011637,SARBTM,42,58,185.0,799.0,147815.0,2025-04-09
2025040901011636,SARBTM,42,34,10.0,798.9,7989.0,2025-04-09
2025040901011635,TAMOR,5,42,400.0,517.1,206840.0,2025-04-09
2025040901011634,GVL,42,39,100.0,491.0,49100.0,2025-04-09
2025040901011633,NIBLGF,43,43,1700.0,8.56,14552.0,2025-04-09
2025040905012824,NSIF2,42,33,13700.0,10.18,139466.0,2025-04-09
2025040905012823,NSIF2,34,33,1000.0,10.18,10180.0,2025-04-09
2025040905012822,NSIF2,16,33,500.0,10.18,5090.0,2025-04-09
2025040905012821,NSIF2,47,33,3000.0,10.19,30570.0,2025-04-09
2025040905012820,NSIF2,42,33,50000.0,10.2,510000.0,2025-04-09
2025040905012819,NSIF2,59,33,5000.0,10.21,51050.0,2025-04-09
2025040905012818,NSIF2,60,33,100000.0,10.22,1022000.0,2025-04-09
2025040905012817,NSIF2,25,33,19800.0,10.23,202554.0,2025-04-09
2025040905012816,NSIF2,58,33,5000.0,10.24,51200.0,2025-04-09
2025040905012815,NSIF2,44,33,1000.0,10.25,10250.0,2025-04-09
2025040905012814,NSIF2,17,33,1000.0,10.26,10260.0,2025-04-09
2025040903007579,SIFC,43,35,100.0,543.0,54300.0,2025-04-09
2025040905012813,HIDCL,58,43,11.0,277.0,3047.0,2025-04-09
2025040901011632,MKJC,21,16,40.0,558.1,22324.0,2025-04-09
2025040904011724,RADHI,60,64,28.0,451.0,12628.0,2025-04-09
2025040904011723,SHL,49,22,100.0,496.0,49600.0,2025-04-09
2025040904011722,SICL,77,44,26.0,778.9,20251.4,2025-04-09
2025040904011721,SICL,77,4,174.0,778.9,135528.6,2025-04-09
2025040901011631,PCBL,42,47,140.0,253.0,35420.0,2025-04-09
2025040904011720,NGPL,18,58,73.0,274.7,20053.1,2025-04-09
2025040901011630,MKHC,56,13,100.0,500.0,50000.0,2025-04-09
2025040905012812,GCIL,37,55,10.0,553.0,5530.0,2025-04-09
2025040905012811,GCIL,25,60,10.0,553.9,5539.0,2025-04-09
2025040904011719,NIL,32,41,35.0,741.0,25935.0,2025-04-09
2025040903007578,SAPDBL,32,94,25.0,1077.0,26925.0,2025-04-09
2025040903007577,SAPDBL,32,26,151.0,1068.0,161268.0,2025-04-09
2025040903007576,SAPDBL,32,33,24.0,1066.3,25591.2,2025-04-09
2025040901011629,NBL,11,26,100.0,248.0,24800.0,2025-04-09
2025040905012810,HRL,34,19,100.0,1041.3,104130.0,2025-04-09
2025040903007575,ICFC,17,34,100.0,601.7,60170.0,2025-04-09
2025040904011718,AHPC,91,34,465.0,250.3,116389.5,2025-04-09
2025040904011717,HURJA,17,70,150.0,235.0,35250.0,2025-04-09
2025040904011716,HURJA,22,70,50.0,235.0,11750.0,2025-04-09
2025040904011715,HURJA,16,70,400.0,235.1,94040.0,2025-04-09
2025040904011714,HURJA,7,70,37.0,235.1,8698.7,2025-04-09
2025040903007574,SFCL,13,41,200.0,535.0,107000.0,2025-04-09
2025040903007573,SFCL,42,41,88.0,535.0,47080.0,2025-04-09
2025040903007572,SFCL,41,41,30.0,535.0,16050.0,2025-04-09
2025040903007571,SFCL,34,41,70.0,535.0,37450.0,2025-04-09
2025040903007570,SFCL,51,41,50.0,535.0,26750.0,2025-04-09
2025040901011628,ULBSL,55,38,30.0,3165.0,94950.0,2025-04-09
2025040901011627,ULBSL,58,38,10.0,3166.1,31661.0,2025-04-09
2025040905012809,NRM,16,21,10.0,487.0,4870.0,2025-04-09
2025040903007569,SKBBL,14,45,114.0,797.0,90858.0,2025-04-09
2025040901011626,SARBTM,33,44,90.0,798.0,71820.0,2025-04-09
2025040904011713,RADHI,60,74,75.0,451.0,33825.0,2025-04-09
2025040905012808,NRIC,61,52,50.0,1338.1,66905.0,2025-04-09
2025040905012807,NRIC,95,52,1013.0,1338.1,1355495.3,2025-04-09
2025040905012806,NRIC,45,52,10.0,1338.2,13382.0,2025-04-09
2025040905012805,NRIC,59,52,527.0,1338.2,705231.4,2025-04-09
2025040904011712,MEN,35,46,50.0,577.3,28865.0,2025-04-09
2025040901011625,MBL,3,45,232.0,227.0,52664.0,2025-04-09
2025040903007568,MFIL,34,17,40.0,597.0,23880.0,2025-04-09
2025040903007567,MLBL,94,59,380.0,390.9,148542.0,2025-04-09
2025040903007566,MLBL,94,13,111.0,390.0,43290.0,2025-04-09
2025040903007565,PMLI,58,48,50.0,550.4,27520.0,2025-04-09
2025040903007564,PMLI,48,48,176.0,550.4,96870.4,2025-04-09
2025040903007563,LLBS,28,18,20.0,1065.5,21310.0,2025-04-09
2025040903007562,NFS,17,58,18.0,692.0,12456.0,2025-04-09
2025040903007561,SJLIC,14,58,10.0,444.2,4442.0,2025-04-09
2025040903007560,JFL,49,58,500.0,512.1,256050.0,2025-04-09
2025040901011624,NWCL,19,36,30.0,958.0,28740.0,2025-04-09
2025040904011711,SHL,85,22,200.0,496.0,99200.0,2025-04-09
2025040904011710,AKJCL,32,32,112.0,201.5,22568.0,2025-04-09
2025040904011709,RADHI,60,51,397.0,451.0,179047.0,2025-04-09
2025040904011708,RADHI,45,51,150.0,451.0,67650.0,2025-04-09
2025040904011707,RADHI,36,51,30.0,451.0,13530.0,2025-04-09
2025040904011706,TRH,34,17,96.0,1040.0,99840.0,2025-04-09
2025040904011705,TRH,34,65,53.0,1040.0,55120.0,2025-04-09
2025040904011704,TRH,34,55,10.0,1039.5,10395.0,2025-04-09
2025040904011703,TRH,34,58,31.0,1039.0,32209.0,2025-04-09
2025040904011702,TRH,34,42,10.0,1037.8,10378.0,2025-04-09
2025040901011623,TAMOR,5,29,10.0,517.1,5171.0,2025-04-09
2025040901011622,MHCL,65,59,381.0,500.0,190500.0,2025-04-09
2025040901011621,NABIL,57,1,2261.0,486.0,1098846.0,2025-04-09
2025040904011701,SPDL,58,42,500.0,319.0,159500.0,2025-04-09
2025040904011700,RIDI,58,22,535.0,218.5,116897.5,2025-04-09
2025040904011699,RIDI,49,22,100.0,219.0,21900.0,2025-04-09
2025040904011698,RIDI,65,22,1586.0,219.0,347334.0,2025-04-09
2025040904011697,RIDI,54,22,19.0,219.1,4162.9,2025-04-09
2025040903007559,MDB,91,22,39.0,617.0,24063.0,2025-04-09
2025040903007558,MDB,14,22,21.0,617.1,12959.1,2025-04-09
2025040903007557,NICLBSL,22,22,10.0,645.0,6450.0,2025-04-09
2025040903007556,NICLBSL,22,50,48.0,645.0,30960.0,2025-04-09
2025040901011620,NABIL,49,1,289.0,486.0,140454.0,2025-04-09
2025040903007555,ICFC,17,17,100.0,601.7,60170.0,2025-04-09
2025040901011619,EBL,42,17,185.0,607.0,112295.0,2025-04-09
2025040904011696,HEI,4,42,100.0,601.0,60100.0,2025-04-09
2025040904011695,PPCL,44,4,420.0,317.3,133266.0,2025-04-09
2025040904011694,NGPL,74,6,1000.0,274.5,274500.0,2025-04-09
2025040905012804,NRN,6,48,100.0,1719.0,171900.0,2025-04-09
2025040904011693,SHEL,22,6,100.0,248.0,24800.0,2025-04-09
2025040901011618,USHEC,32,29,100.0,570.0,57000.0,2025-04-09
2025040903007554,SFCL,58,26,10.0,536.0,5360.0,2025-04-09
2025040903007553,SFCL,58,26,181.0,536.0,97016.0,2025-04-09
2025040901011617,GMLI,71,26,10.0,2542.0,25420.0,2025-04-09
2025040901011616,IHL,81,81,420.0,680.0,285600.0,2025-04-09
2025040904011692,UMRH,87,88,54.0,591.0,31914.0,2025-04-09
2025040904011691,UMRH,49,88,50.0,592.0,29600.0,2025-04-09
2025040904011690,UMRH,13,88,165.0,592.0,97680.0,2025-04-09
2025040904011689,UMRH,29,88,100.0,593.0,59300.0,2025-04-09
2025040904011688,UMRH,28,88,100.0,593.1,59310.0,2025-04-09
2025040904011687,UMRH,48,88,50.0,593.1,29655.0,2025-04-09
2025040904011686,UMRH,45,88,200.0,593.2,118640.0,2025-04-09
2025040904011685,UMRH,45,88,100.0,593.4,59340.0,2025-04-09
2025040904011684,UMRH,96,88,100.0,593.5,59350.0,2025-04-09
2025040904011683,UMRH,4,88,11.0,593.6,6529.6,2025-04-09
2025040904011682,UMRH,63,88,20.0,593.6,11872.0,2025-04-09
2025040904011681,SHPC,14,72,88.0,475.0,41800.0,2025-04-09
2025040901011615,LSL,64,45,500.0,218.0,109000.0,2025-04-09
2025040903007552,LBBL,66,14,110.0,422.0,46420.0,2025-04-09
2025040904011680,UMHL,62,45,100.0,450.0,45000.0,2025-04-09
2025040901011614,GBIME,66,34,850.0,220.4,187340.0,2025-04-09
2025040901011613,GBIME,66,59,150.0,219.0,32850.0,2025-04-09
2025040901011612,SARBTM,45,6,30.0,797.9,23937.0,2025-04-09
2025040904011679,RBCL,13,29,20.0,14900.0,298000.0,2025-04-09
2025040901011611,DORDI,35,38,40.0,369.9,14796.0,2025-04-09
2025040905012803,MEL,67,22,10.0,314.0,3140.0,2025-04-09
2025040903007551,SAPDBL,72,33,19.0,1066.3,20259.7,2025-04-09
2025040903007550,DDBL,90,17,186.0,777.5,144615.0,2025-04-09
2025040903007549,SINDU,43,48,50.0,1105.0,55250.0,2025-04-09
2025040903007548,SINDU,57,48,10.0,1105.0,11050.0,2025-04-09
2025040903007547,SINDU,57,48,50.0,1105.0,55250.0,2025-04-09
2025040903007546,SINDU,57,48,100.0,1105.0,110500.0,2025-04-09
2025040903007545,SINDU,72,48,100.0,1105.0,110500.0,2025-04-09
2025040903007544,SINDU,57,48,100.0,1105.0,110500.0,2025-04-09
2025040903007543,SINDU,4,48,100.0,1105.0,110500.0,2025-04-09
2025040903007542,SINDU,17,48,10.0,1105.0,11050.0,2025-04-09
2025040903007541,SINDU,43,48,10.0,1105.1,11051.0,2025-04-09
2025040904011678,HPPL,67,91,445.0,616.4,274298.0,2025-04-09
2025040904011677,HPPL,64,91,55.0,617.0,33935.0,2025-04-09
2025040905012802,SONA,56,61,500.0,472.0,236000.0,2025-04-09
2025040905012801,SONA,56,55,200.0,472.0,94400.0,2025-04-09
2025040905012800,SONA,56,64,10.0,472.0,4720.0,2025-04-09
2025040903007540,JFL,58,16,30.0,512.2,15366.0,2025-04-09
2025040903007539,SINDU,58,35,20.0,1106.0,22120.0,2025-04-09
2025040905012799,RNLI,44,6,300.0,534.0,160200.0,2025-04-09
2025040905012798,RNLI,44,6,300.0,534.1,160230.0,2025-04-09
2025040901011610,LSL,25,22,790.0,218.3,172457.0,2025-04-09
2025040904011676,CHL,34,19,165.0,452.7,74695.5,2025-04-09
2025040904011675,CHL,39,19,100.0,453.2,45320.0,2025-04-09
2025040904011674,NGPL,34,58,80.0,274.7,21976.0,2025-04-09
2025040904011673,NGPL,34,63,50.0,274.7,13735.0,2025-04-09
2025040904011672,NGPL,34,38,370.0,274.6,101602.0,2025-04-09
2025040904011671,UPCL,34,38,10.0,297.0,2970.0,2025-04-09
2025040905012797,SHIVM,57,88,11.0,533.0,5863.0,2025-04-09
2025040901011609,GMLI,71,41,10.0,2542.0,25420.0,2025-04-09
2025040904011670,CGH,66,41,100.0,853.4,85340.0,2025-04-09
2025040904011669,NLG,48,21,615.0,920.0,565800.0,2025-04-09
2025040904011668,NLG,25,21,60.0,920.0,55200.0,2025-04-09
2025040904011667,NLG,55,21,57.0,920.0,52440.0,2025-04-09
2025040904011666,NLG,70,21,38.0,920.0,34960.0,2025-04-09
2025040904011665,NLG,58,21,10.0,920.2,9202.0,2025-04-09
2025040904011664,NLG,6,21,50.0,920.2,46010.0,2025-04-09
2025040904011663,NLG,36,21,150.0,921.0,138150.0,2025-04-09
2025040904011662,NLG,49,21,10.0,922.0,9220.0,2025-04-09
2025040904011661,NLG,63,21,10.0,922.0,9220.0,2025-04-09
2025040904011660,NGPL,38,38,30.0,274.6,8238.0,2025-04-09
2025040904011659,DHPL,42,38,50.0,385.0,19250.0,2025-04-09
2025040901011608,EBL,42,13,430.0,607.0,261010.0,2025-04-09
2025040901011607,EBL,45,13,70.0,607.1,42497.0,2025-04-09
2025040901011606,SNLI,57,55,242.0,644.0,155848.0,2025-04-09
2025040901011605,SNLI,57,55,100.0,643.0,64300.0,2025-04-09
2025040901011604,SNLI,57,6,112.0,643.0,72016.0,2025-04-09
2025040901011603,SNLI,57,60,10.0,642.9,6429.0,2025-04-09
2025040901011602,SNLI,57,47,12.0,640.0,7680.0,2025-04-09
2025040901011601,SNLI,57,58,24.0,640.0,15360.0,2025-04-09
2025040903007538,GMFBS,57,22,100.0,1632.1,163210.0,2025-04-09
2025040904011658,UPPER,22,49,110.0,199.0,21890.0,2025-04-09
2025040904011657,UPPER,22,54,301.0,199.0,59899.0,2025-04-09
2025040904011656,BARUN,56,22,334.0,509.0,170006.0,2025-04-09
2025040904011655,BARUN,16,22,200.0,509.0,101800.0,2025-04-09
2025040904011654,BARUN,39,22,200.0,509.0,101800.0,2025-04-09
2025040904011653,BARUN,18,22,50.0,509.0,25450.0,2025-04-09
2025040904011652,BARUN,4,22,22.0,509.1,11200.2,2025-04-09
2025040904011651,BARUN,84,22,144.0,510.0,73440.0,2025-04-09
2025040904011650,RHPL,58,80,824.0,373.2,307516.8,2025-04-09
2025040904011649,RHPL,6,80,50.0,374.0,18700.0,2025-04-09
2025040904011648,RHPL,51,80,26.0,374.0,9724.0,2025-04-09
2025040904011647,RHPL,6,80,100.0,374.1,37410.0,2025-04-09
2025040904011646,NGPL,52,38,100.0,274.6,27460.0,2025-04-09
2025040904011645,SICL,77,4,26.0,778.9,20251.4,2025-04-09
2025040904011644,SICL,77,4,174.0,778.8,135511.2,2025-04-09
2025040904011643,NGPL,74,63,25.0,274.5,6862.5,2025-04-09
2025040905012796,NIFRA,34,44,54.0,270.1,14585.4,2025-04-09
2025040904011642,IGI,55,44,29.0,561.5,16283.5,2025-04-09
2025040904011641,IGI,57,44,64.0,561.5,35936.0,2025-04-09
2025040903007537,MDB,14,17,15.0,617.1,9256.5,2025-04-09
2025040901011600,NIMB,48,37,53.0,213.0,11289.0,2025-04-09
2025040901011599,NIMB,62,37,100.0,213.1,21310.0,2025-04-09
2025040901011598,NIMB,62,37,100.0,213.1,21310.0,2025-04-09
2025040901011597,NIMB,56,37,590.0,213.1,125729.0,2025-04-09
2025040901011596,NIMB,5,37,157.0,213.2,33472.4,2025-04-09
2025040905012795,NTC,38,48,80.0,900.0,72000.0,2025-04-09
2025040905012794,NTC,54,48,75.0,900.0,67500.0,2025-04-09
2025040905012793,NTC,38,48,25.0,901.0,22525.0,2025-04-09
2025040905012792,NTC,58,48,20.0,901.0,18020.0,2025-04-09
2025040901011595,PRVU,48,48,1000.0,210.0,210000.0,2025-04-09
2025040905012791,CHDC,28,45,18.0,2445.0,44010.0,2025-04-09
2025040905012790,CHDC,28,50,12.0,2445.0,29340.0,2025-04-09
2025040905012789,CHDC,28,3,10.0,2445.0,24450.0,2025-04-09
2025040903007536,SINDU,58,55,15.0,1106.0,16590.0,2025-04-09
2025040903007535,SINDU,58,36,180.0,1106.0,199080.0,2025-04-09
2025040905012788,VLUCL,44,58,10.0,655.0,6550.0,2025-04-09
2025040903007534,CBBL,58,32,35.0,842.0,29470.0,2025-04-09
2025040903007533,SHINE,1,58,10.0,410.2,4102.0,2025-04-09
2025040901011594,TVCL,86,3,40.0,523.9,20956.0,2025-04-09
2025040904011640,DHPL,42,36,498.0,385.0,191730.0,2025-04-09
2025040904011639,RURU,41,5,40.0,717.3,28692.0,2025-04-09
2025040904011638,RURU,80,5,20.0,718.0,14360.0,2025-04-09
2025040901011593,NICA,5,44,200.0,375.9,75180.0,2025-04-09
2025040903007532,SMPDA,49,29,77.0,930.3,71633.1,2025-04-09
2025040904011637,NGPL,74,53,350.0,274.5,96075.0,2025-04-09
2025040901011592,SRLI,49,59,11.0,414.2,4556.2,2025-04-09
2025040903007531,LBBL,66,59,30.0,421.0,12630.0,2025-04-09
2025040901011591,MKHL,34,41,50.0,668.1,33405.0,2025-04-09
2025040905012787,SHIVM,57,41,50.0,533.0,26650.0,2025-04-09
2025040904011636,UNHPL,21,14,10.0,311.8,3118.0,2025-04-09
2025040903007530,SAPDBL,72,38,81.0,1066.3,86370.3,2025-04-09
2025040901011590,BHL,49,38,240.0,289.3,69432.0,2025-04-09
2025040901011589,BHL,1,38,500.0,289.3,144650.0,2025-04-09
2025040904011635,NGPL,38,33,1000.0,274.6,274600.0,2025-04-09
2025040903007529,JBBL,32,42,600.0,336.0,201600.0,2025-04-09
2025040903007528,JBBL,32,43,60.0,336.0,20160.0,2025-04-09
2025040904011634,UMHL,62,44,208.0,450.0,93600.0,2025-04-09
2025040904011633,UMHL,43,44,220.0,450.0,99000.0,2025-04-09
2025040904011632,UMHL,71,44,2121.0,450.0,954450.0,2025-04-09
2025040904011631,UMHL,44,44,100.0,450.0,45000.0,2025-04-09
2025040904011630,UMHL,63,44,40.0,450.0,18000.0,2025-04-09
2025040904011629,UMHL,34,44,100.0,450.1,45010.0,2025-04-09
2025040904011628,UMHL,37,44,38.0,450.1,17103.8,2025-04-09
2025040904011627,UMHL,86,44,143.0,450.1,64364.3,2025-04-09
2025040905012786,NRIC,95,58,67.0,1338.1,89652.7,2025-04-09
2025040905012785,SMJC,61,7,10.0,570.2,5702.0,2025-04-09
2025040901011588,HBL,38,7,980.0,235.8,231084.0,2025-04-09
2025040905012784,NRN,56,32,70.0,1717.1,120197.0,2025-04-09
2025040905012783,NRN,74,32,30.0,1717.2,51516.0,2025-04-09
2025040904011626,IGI,32,45,10.0,562.0,5620.0,2025-04-09
2025040903007527,MLBL,34,47,44.0,390.5,17182.0,2025-04-09
2025040903007526,MLBL,34,47,56.0,390.0,21840.0,2025-04-09
2025040905012782,HDL,34,45,10.0,1191.0,11910.0,2025-04-09
2025040904011625,API,14,50,90.0,269.9,24291.0,2025-04-09
2025040904011624,UNHPL,48,45,442.0,310.0,137020.0,2025-04-09
2025040904011623,UNHPL,64,45,70.0,310.0,21700.0,2025-04-09
2025040904011622,UNHPL,81,45,478.0,310.0,148180.0,2025-04-09
2025040904011621,BARUN,63,57,500.0,510.1,255050.0,2025-04-09
2025040903007525,ILBS,88,39,324.0,909.0,294516.0,2025-04-09
2025040903007524,ILBS,7,39,74.0,909.2,67280.8,2025-04-09
2025040903007523,ILBS,58,39,17.0,910.3,15475.1,2025-04-09
2025040903007522,ILBS,58,39,150.0,910.3,136545.0,2025-04-09
2025040903007521,ILBS,32,39,35.0,911.0,31885.0,2025-04-09
2025040901011587,TAMOR,37,42,100.0,517.2,51720.0,2025-04-09
2025040901011586,UHEWA,39,42,35.0,668.0,23380.0,2025-04-09
2025040903007520,NFS,45,42,143.0,691.0,98813.0,2025-04-09
2025040903007519,NFS,55,42,11.0,691.0,7601.0,2025-04-09
2025040903007518,NFS,14,42,10.0,691.0,6910.0,2025-04-09
2025040903007517,NFS,36,42,34.0,691.0,23494.0,2025-04-09
2025040903007516,NFS,36,42,100.0,691.1,69110.0,2025-04-09
2025040903007515,NFS,43,42,100.0,691.2,69120.0,2025-04-09
2025040903007514,NFS,19,42,100.0,691.3,69130.0,2025-04-09
2025040903007513,NFS,45,42,30.0,691.5,20745.0,2025-04-09
2025040903007512,NFS,54,42,50.0,692.0,34600.0,2025-04-09
2025040903007511,NFS,49,42,12.0,692.0,8304.0,2025-04-09
2025040903007510,NFS,21,42,50.0,692.0,34600.0,2025-04-09
2025040903007509,NFS,1,42,60.0,692.1,41526.0,2025-04-09
2025040904011620,RHPL,52,58,50.0,374.2,18710.0,2025-04-09
2025040904011619,CHL,34,63,35.0,452.7,15844.5,2025-04-09
2025040904011618,CHL,39,63,100.0,452.8,45280.0,2025-04-09
2025040904011617,CHL,19,63,135.0,453.0,61155.0,2025-04-09
2025040904011616,CHL,4,63,10.0,453.1,4531.0,2025-04-09
2025040904011615,CHL,40,63,50.0,453.2,22660.0,2025-04-09
2025040904011614,CHL,14,63,100.0,454.0,45400.0,2025-04-09
2025040904011613,CHL,48,63,550.0,454.1,249755.0,2025-04-09
2025040904011612,CHL,26,63,10.0,455.0,4550.0,2025-04-09
2025040904011611,CHL,1,63,10.0,456.1,4561.0,2025-04-09
2025040901011585,HHL,3,77,100.0,483.0,48300.0,2025-04-09
2025040901011584,GMLI,71,49,10.0,2542.0,25420.0,2025-04-09
2025040905012781,RNLI,44,35,24.0,537.6,12902.4,2025-04-09
2025040905012780,RNLI,44,57,22.0,537.4,11822.8,2025-04-09
2025040905012779,RNLI,44,6,11.0,536.0,5896.0,2025-04-09
2025040905012778,RNLI,44,45,11.0,536.0,5896.0,2025-04-09
2025040905012777,RNLI,44,26,21.0,536.0,11256.0,2025-04-09
2025040905012776,RNLI,44,49,11.0,535.0,5885.0,2025-04-09
2025040903007508,MLBL,34,47,509.0,390.0,198510.0,2025-04-09
2025040901011583,SRLI,56,17,320.0,415.0,132800.0,2025-04-09
2025040901011582,SRLI,56,38,100.0,414.9,41490.0,2025-04-09
2025040901011581,SRLI,56,32,80.0,414.9,33192.0,2025-04-09
2025040901011580,CZBIL,55,49,31.0,212.0,6572.0,2025-04-09
2025040901011579,CZBIL,55,58,300.0,212.0,63600.0,2025-04-09
2025040901011578,CZBIL,55,50,46.0,212.0,9752.0,2025-04-09
2025040904011610,CHCL,25,65,500.0,475.0,237500.0,2025-04-09
2025040904011609,HEI,49,7,43.0,600.0,25800.0,2025-04-09
2025040901011577,TVCL,52,86,30.0,518.0,15540.0,2025-04-09
2025040903007507,ALICL,56,5,100.0,746.5,74650.0,2025-04-09
2025040904011608,TRH,34,34,100.0,1037.7,103770.0,2025-04-09
2025040904011607,TRH,34,95,40.0,1036.0,41440.0,2025-04-09
2025040903007506,PROFL,60,71,100.0,539.0,53900.0,2025-04-09
2025040903007505,PROFL,48,71,200.0,539.0,107800.0,2025-04-09
2025040903007504,PROFL,35,71,200.0,539.0,107800.0,2025-04-09
2025040903007503,GUFL,1,17,500.0,585.0,292500.0,2025-04-09
2025040901011576,USHEC,57,29,50.0,570.0,28500.0,2025-04-09
2025040901011575,USHEC,77,29,50.0,570.0,28500.0,2025-04-09
2025040901011574,USHEC,62,29,10.0,570.0,5700.0,2025-04-09
2025040901011573,USHEC,45,29,10.0,570.0,5700.0,2025-04-09
2025040901011572,USHEC,26,29,66.0,571.4,37712.4,2025-04-09
2025040901011571,USHEC,1,29,200.0,571.5,114300.0,2025-04-09
2025040901011570,USHEC,67,29,30.0,572.0,17160.0,2025-04-09
2025040901011569,USHEC,48,29,100.0,572.0,57200.0,2025-04-09
2025040901011568,USHEC,33,29,500.0,574.0,287000.0,2025-04-09
2025040901011567,USHEC,11,29,90.0,574.0,51660.0,2025-04-09
2025040901011566,USHEC,32,29,15.0,574.9,8623.5,2025-04-09
2025040901011565,MEHL,65,56,490.0,533.4,261366.0,2025-04-09
2025040901011564,MEHL,65,55,10.0,533.0,5330.0,2025-04-09
2025040903007502,NLICL,69,44,10.0,633.0,6330.0,2025-04-09
2025040905012775,CHDC,69,3,10.0,2445.0,24450.0,2025-04-09
2025040903007501,SMB,17,35,20.0,2457.0,49140.0,2025-04-09
2025040903007500,SINDU,38,36,10.0,1106.0,11060.0,2025-04-09
2025040901011563,UHEWA,39,38,265.0,668.0,177020.0,2025-04-09
2025040901011562,UHEWA,44,38,35.0,668.0,23380.0,2025-04-09
2025040903007499,GRDBL,4,32,10.0,1270.0,12700.0,2025-04-09
2025040904011606,SHL,44,22,200.0,496.0,99200.0,2025-04-09
2025040904011605,SHL,44,16,100.0,496.0,49600.0,2025-04-09
2025040904011604,SHL,44,48,100.0,496.0,49600.0,2025-04-09
2025040903007498,MDB,81,17,80.0,617.0,49360.0,2025-04-09
2025040901011561,DOLTI,42,18,10.0,673.0,6730.0,2025-04-09
2025040905012774,NTC,58,28,10.0,901.0,9010.0,2025-04-09
2025040903007497,VLBS,6,50,25.0,865.0,21625.0,2025-04-09
2025040903007496,VLBS,6,32,27.0,865.0,23355.0,2025-04-09
2025040904011603,JOSHI,7,53,300.0,385.0,115500.0,2025-04-09
2025040903007495,SLBBL,62,7,200.0,970.0,194000.0,2025-04-09
2025040904011602,BPCL,6,21,63.0,414.0,26082.0,2025-04-09
2025040905012773,GCIL,37,60,10.0,553.0,5530.0,2025-04-09
2025040903007494,SFCL,58,19,69.0,536.0,36984.0,2025-04-09
2025040903007493,SFCL,32,19,180.0,536.1,96498.0,2025-04-09
2025040903007492,SFCL,4,19,31.0,536.1,16619.1,2025-04-09
2025040903007491,MLBSL,19,59,21.0,2210.0,46410.0,2025-04-09
2025040905012772,NRIC,95,14,40.0,1338.1,53524.0,2025-04-09
2025040904011601,NGPL,41,33,1.0,270.0,270.0,2025-04-09
2025040903007490,SINDU,43,41,70.0,1105.1,77357.0,2025-04-09
2025040903007489,SINDU,53,41,250.0,1105.1,276275.0,2025-04-09
2025040904011600,UPCL,42,38,50.0,296.5,14825.0,2025-04-09
2025040901011560,GVL,42,59,135.0,491.0,66285.0,2025-04-09
2025040904011599,UMHL,86,47,857.0,450.1,385735.7,2025-04-09
2025040904011598,UMHL,8,47,10.0,450.1,4501.0,2025-04-09
2025040904011597,UMHL,62,47,633.0,450.1,284913.3,2025-04-09
2025040904011596,UMHL,47,47,500.0,450.3,225150.0,2025-04-09
2025040904011595,GHL,56,65,754.0,271.7,204861.8,2025-04-09
2025040904011594,GHL,56,56,1530.0,271.6,415548.0,2025-04-09
2025040904011593,RADHI,25,53,10.0,451.0,4510.0,2025-04-09
2025040901011559,MSHL,66,7,10.0,885.3,8853.0,2025-04-09
2025040905012771,ILI,25,6,12.0,465.0,5580.0,2025-04-09
2025040904011592,JOSHI,58,53,20.0,385.0,7700.0,2025-04-09
2025040904011591,UMHL,47,95,500.0,450.3,225150.0,2025-04-09
2025040905012770,SHIVM,5,39,10.0,533.9,5339.0,2025-04-09
2025040904011590,BPCL,81,21,10.0,414.0,4140.0,2025-04-09
2025040905012769,SHIVM,57,34,17.0,533.0,9061.0,2025-04-09
2025040903007488,KMCDB,7,29,15.0,1045.6,15684.0,2025-04-09
2025040905012768,CLI,51,29,10.0,501.0,5010.0,2025-04-09
2025040905012767,PHCL,65,65,262.0,585.0,153270.0,2025-04-09
2025040905012766,PHCL,65,26,50.0,585.0,29250.0,2025-04-09
2025040905012765,PHCL,65,17,1198.0,585.0,700830.0,2025-04-09
2025040905012764,PHCL,65,17,490.0,584.0,286160.0,2025-04-09
2025040904011589,BPCL,44,21,10.0,414.0,4140.0,2025-04-09
2025040904011588,BPCL,44,21,193.0,414.0,79902.0,2025-04-09
2025040904011587,BPCL,13,21,90.0,414.0,37260.0,2025-04-09
2025040904011586,BPCL,14,21,11.0,414.0,4554.0,2025-04-09
2025040903007487,NUBL,94,41,217.0,670.0,145390.0,2025-04-09
