transaction,symbol,buyer,seller,quantity,rate,amount,date
2025062403007134,ALBSL,44,22,42.0,805.0,33810.0,2025-06-24
2025062401017779,OMPL,42,94,10.0,1385.0,13850.0,2025-06-24
2025062401017778,EBL,43,45,100.0,635.1,63510.0,2025-06-24
2025062404027873,SHEL,6,25,299.0,301.7,90208.3,2025-06-24
2025062404027872,SHEL,28,25,51.0,301.8,15391.8,2025-06-24
2025062401017777,OMPL,13,58,10.0,1389.0,13890.0,2025-06-24
2025062405009969,ILI,1,4,12.0,436.0,5232.0,2025-06-24
2025062405009968,SONA,8,34,53.0,444.1,23537.3,2025-06-24
2025062405009967,SONA,71,34,47.0,444.1,20872.7,2025-06-24
2025062404027871,BARUN,28,58,100.0,374.8,37480.0,2025-06-24
2025062404027870,NGPL,44,1,500.0,403.0,201500.0,2025-06-24
2025062401017776,RFPL,11,34,176.0,570.0,100320.0,2025-06-24
2025062403007133,SAPDBL,80,34,102.0,915.0,93330.0,2025-06-24
2025062403007132,SAPDBL,80,66,98.0,913.8,89552.4,2025-06-24
2025062404027869,NGPL,68,91,11.0,403.5,4438.5,2025-06-24
2025062404027868,NGPL,38,91,62.0,403.5,25017.0,2025-06-24
2025062404027867,NGPL,38,57,138.0,403.4,55669.2,2025-06-24
2025062404027866,API,66,54,30.0,293.0,8790.0,2025-06-24
2025062401017775,EBL,81,57,10.0,636.7,6367.0,2025-06-24
2025062401017774,EBL,81,45,100.0,635.5,63550.0,2025-06-24
2025062401017773,PURE,6,45,10.0,976.0,9760.0,2025-06-24
2025062401017772,HHL,56,4,10.0,390.0,3900.0,2025-06-24
2025062405009966,SONA,35,21,10.0,444.3,4443.0,2025-06-24
2025062403007131,SFCL,29,35,30.0,468.0,14040.0,2025-06-24
2025062403007130,SFCL,43,35,40.0,468.1,18724.0,2025-06-24
2025062403007129,SFCL,38,35,10.0,468.2,4682.0,2025-06-24
2025062403007128,SFCL,47,35,20.0,468.3,9366.0,2025-06-24
2025062405009965,HIDCL,47,59,1000.0,290.5,290500.0,2025-06-24
2025062403007127,SHINE,90,42,100.0,396.5,39650.0,2025-06-24
2025062403007126,SHINE,19,42,50.0,396.6,19830.0,2025-06-24
2025062403007125,PMLI,43,5,10.0,493.0,4930.0,2025-06-24
2025062405009964,SMJC,37,16,10.0,520.0,5200.0,2025-06-24
2025062401017771,DORDI,39,34,100.0,332.0,33200.0,2025-06-24
2025062405009963,VLUCL,57,39,84.0,597.0,50148.0,2025-06-24
2025062405009962,VLUCL,32,39,10.0,597.0,5970.0,2025-06-24
2025062405009961,VLUCL,7,39,34.0,597.0,20298.0,2025-06-24
2025062405009960,VLUCL,29,39,68.0,597.0,40596.0,2025-06-24
2025062405009959,VLUCL,42,39,60.0,597.5,35850.0,2025-06-24
2025062404027865,RADHI,50,51,10.0,806.0,8060.0,2025-06-24
2025062404027864,RADHI,51,51,600.0,806.0,483600.0,2025-06-24
2025062404027863,RADHI,82,51,1990.0,806.0,1603940.0,2025-06-24
2025062404027862,RADHI,16,51,400.0,806.1,322440.0,2025-06-24
2025062401017770,PURE,4,34,10.0,976.0,9760.0,2025-06-24
2025062404027861,UPPER,34,60,10.0,195.5,1955.0,2025-06-24
2025062404027860,KKHC,62,7,600.0,383.7,230220.0,2025-06-24
2025062404027859,KKHC,58,7,100.0,383.7,38370.0,2025-06-24
2025062404027858,KKHC,4,7,100.0,383.8,38380.0,2025-06-24
2025062404027857,SHPC,57,11,300.0,603.0,180900.0,2025-06-24
2025062404027856,SHPC,6,11,112.0,603.0,67536.0,2025-06-24
2025062405009958,NRN,96,1,10.0,2048.9,20489.0,2025-06-24
2025062404027855,UPCL,38,56,10.0,411.9,4119.0,2025-06-24
2025062405009957,GCIL,70,55,10.0,507.0,5070.0,2025-06-24
2025062403007124,NMBMF,25,17,10.0,672.1,6721.0,2025-06-24
2025062404027854,RADHI,28,62,1000.0,806.2,806200.0,2025-06-24
2025062404027853,MEN,35,58,180.0,591.0,106380.0,2025-06-24
2025062404027852,SHEL,35,95,200.0,302.0,60400.0,2025-06-24
2025062405009956,SMJC,19,16,10.0,520.0,5200.0,2025-06-24
2025062404027851,SPDL,19,46,20.0,415.9,8318.0,2025-06-24
2025062405009955,NIFRA,42,25,10.0,272.9,2729.0,2025-06-24
2025062404027850,BARUN,42,41,3900.0,369.0,1439100.0,2025-06-24
2025062404027849,BARUN,5,41,1000.0,369.1,369100.0,2025-06-24
2025062404027848,BARUN,42,41,100.0,369.1,36910.0,2025-06-24
2025062404027847,BARUN,52,41,200.0,369.1,73820.0,2025-06-24
2025062404027846,BARUN,5,41,500.0,369.1,184550.0,2025-06-24
2025062404027845,BARUN,63,41,188.0,369.1,69390.8,2025-06-24
2025062404027844,BARUN,65,41,100.0,369.1,36910.0,2025-06-24
2025062404027843,BARUN,42,41,200.0,369.5,73900.0,2025-06-24
2025062404027842,BARUN,35,41,500.0,370.0,185000.0,2025-06-24
2025062404027841,PMHPL,41,57,264.0,413.0,109032.0,2025-06-24
2025062404027840,PMHPL,41,49,136.0,412.0,56032.0,2025-06-24
2025062404027839,PMHPL,41,35,100.0,410.9,41090.0,2025-06-24
2025062404027838,PPCL,11,57,100.0,372.7,37270.0,2025-06-24
2025062401017769,RFPL,56,34,24.0,570.1,13682.4,2025-06-24
2025062403007123,VLBS,34,6,10.0,790.0,7900.0,2025-06-24
2025062401017768,MEHL,34,57,10.0,412.0,4120.0,2025-06-24
2025062405009954,CHDC,77,34,481.0,2597.0,1249157.0,2025-06-24
2025062405009953,CHDC,43,34,10.0,2600.0,26000.0,2025-06-24
2025062405009952,CHDC,14,34,500.0,2600.0,1300000.0,2025-06-24
2025062405009951,CHDC,62,34,100.0,2600.0,260000.0,2025-06-24
2025062405009950,CHDC,6,34,50.0,2600.0,130000.0,2025-06-24
2025062405009949,CHDC,58,34,40.0,2605.0,104200.0,2025-06-24
2025062405009948,CHDC,56,34,19.0,2605.2,49498.8,2025-06-24
2025062405009947,ENL,60,39,10.0,1088.9,10889.0,2025-06-24
2025062404027837,OHL,34,68,18.0,875.0,15750.0,2025-06-24
2025062404027836,OHL,25,68,10.0,875.0,8750.0,2025-06-24
2025062404027835,OHL,54,68,20.0,875.0,17500.0,2025-06-24
2025062404027834,OHL,77,68,50.0,875.5,43775.0,2025-06-24
2025062404027833,OHL,49,68,10.0,875.5,8755.0,2025-06-24
2025062404027832,AHPC,70,35,20.0,288.0,5760.0,2025-06-24
2025062404027831,AHPC,70,42,270.0,288.0,77760.0,2025-06-24
2025062401017767,GVL,6,42,10.0,446.8,4468.0,2025-06-24
2025062403007122,MLBBL,17,6,137.0,1400.0,191800.0,2025-06-24
2025062403007121,MLBBL,52,6,10.0,1400.2,14002.0,2025-06-24
2025062403007120,MLBBL,62,6,15.0,1402.0,21030.0,2025-06-24
2025062404027830,NGPL,44,35,10.0,403.0,4030.0,2025-06-24
2025062404027829,SPDL,85,46,10.0,415.9,4159.0,2025-06-24
2025062401017766,MKHC,65,6,10.0,419.0,4190.0,2025-06-24
2025062404027828,SHEL,14,95,100.0,302.0,30200.0,2025-06-24
2025062403007119,GFCL,32,41,30.0,602.8,18084.0,2025-06-24
2025062403007118,GFCL,34,41,170.0,602.9,102493.0,2025-06-24
2025062401017765,OMPL,36,57,10.0,1388.0,13880.0,2025-06-24
2025062401017764,OMPL,36,34,125.0,1386.0,173250.0,2025-06-24
2025062401017763,OMPL,36,58,10.0,1385.4,13854.0,2025-06-24
2025062404027827,HURJA,50,44,50.0,253.2,12660.0,2025-06-24
2025062401017762,NYADI,42,86,205.0,409.0,83845.0,2025-06-24
2025062401017761,NYADI,48,86,20.0,410.0,8200.0,2025-06-24
2025062401017760,TVCL,39,86,100.0,469.1,46910.0,2025-06-24
2025062403007117,LBBL,34,36,570.0,421.0,239970.0,2025-06-24
2025062403007116,LBBL,34,45,500.0,420.0,210000.0,2025-06-24
2025062403007115,LBBL,34,34,90.0,420.0,37800.0,2025-06-24
2025062403007114,LBBL,34,72,800.0,419.9,335920.0,2025-06-24
2025062403007113,LBBL,34,49,40.0,419.0,16760.0,2025-06-24
2025062404027826,DHPL,1,36,200.0,330.0,66000.0,2025-06-24
2025062404027825,DHPL,49,36,150.0,330.0,49500.0,2025-06-24
2025062404027824,DHPL,34,36,15.0,330.0,4950.0,2025-06-24
2025062404027823,BARUN,63,58,100.0,374.8,37480.0,2025-06-24
2025062403007112,ICFC,17,45,50.0,603.9,30195.0,2025-06-24
2025062403007111,ICFC,17,53,50.0,602.8,30140.0,2025-06-24
2025062404027822,UMHL,80,62,2649.0,542.8,1437877.2,2025-06-24
2025062404027821,UMHL,77,62,100.0,542.8,54280.0,2025-06-24
2025062404027820,UMHL,45,62,100.0,543.0,54300.0,2025-06-24
2025062404027819,UMHL,17,62,151.0,545.0,82295.0,2025-06-24
2025062405009946,HRL,1,62,10.0,883.1,8831.0,2025-06-24
2025062405009945,ILI,42,56,10.0,436.0,4360.0,2025-06-24
2025062405009944,ILI,50,56,38.0,436.0,16568.0,2025-06-24
2025062405009943,SAHAS,45,8,250.0,552.5,138125.0,2025-06-24
2025062405009942,SHIVM,41,19,76.0,504.0,38304.0,2025-06-24
2025062405009941,SHIVM,58,19,224.0,504.0,112896.0,2025-06-24
2025062404027818,SHL,47,65,262.0,556.0,145672.0,2025-06-24
2025062404027817,SHL,17,65,108.0,556.0,60048.0,2025-06-24
2025062404027816,SHL,55,65,100.0,556.0,55600.0,2025-06-24
2025062404027815,SHL,48,65,500.0,556.0,278000.0,2025-06-24
2025062404027814,SHL,48,65,500.0,556.0,278000.0,2025-06-24
2025062404027813,SHL,34,65,1000.0,556.0,556000.0,2025-06-24
2025062404027812,SHL,67,65,100.0,556.0,55600.0,2025-06-24
2025062404027811,SHL,17,65,100.0,556.1,55610.0,2025-06-24
2025062404027810,SHL,42,65,285.0,556.1,158488.5,2025-06-24
2025062404027809,SHL,49,65,445.0,556.2,247509.0,2025-06-24
2025062404027808,MHNL,42,40,100.0,265.2,26520.0,2025-06-24
2025062404027807,MHNL,42,53,100.0,265.1,26510.0,2025-06-24
2025062404027806,PMHPL,99,49,554.0,412.0,228248.0,2025-06-24
2025062404027805,PMHPL,99,58,135.0,412.0,55620.0,2025-06-24
2025062404027804,PMHPL,99,64,325.0,412.0,133900.0,2025-06-24
2025062404027803,PMHPL,99,52,10.0,412.0,4120.0,2025-06-24
2025062404027802,PMHPL,99,16,55.0,411.0,22605.0,2025-06-24
2025062404027801,PMHPL,99,38,10.0,411.0,4110.0,2025-06-24
2025062404027800,PMHPL,99,48,57.0,411.0,23427.0,2025-06-24
2025062404027799,PMHPL,99,35,54.0,410.0,22140.0,2025-06-24
2025062401017759,NBL,36,45,22.0,251.0,5522.0,2025-06-24
2025062403007110,USLB,45,25,50.0,1800.0,90000.0,2025-06-24
2025062401017758,BHPL,39,37,10.0,755.0,7550.0,2025-06-24
2025062401017757,KBL,17,66,100.0,202.0,20200.0,2025-06-24
2025062401017756,KBL,42,66,176.0,202.0,35552.0,2025-06-24
2025062401017755,KBL,72,66,500.0,202.1,101050.0,2025-06-24
2025062401017754,ULBSL,49,19,10.0,3268.0,32680.0,2025-06-24
2025062403007109,LBBL,34,49,10.0,419.8,4198.0,2025-06-24
2025062404027798,AKPL,4,43,200.0,260.0,52000.0,2025-06-24
2025062404027797,AKPL,4,38,500.0,260.0,130000.0,2025-06-24
2025062404027796,AKPL,4,56,300.0,260.0,78000.0,2025-06-24
2025062404027795,UMHL,1,34,10.0,545.5,5455.0,2025-06-24
2025062403007108,HLI,44,44,61.0,383.9,23417.9,2025-06-24
2025062404027794,KKHC,58,81,100.0,384.0,38400.0,2025-06-24
2025062404027793,RIDI,43,58,100.0,262.0,26200.0,2025-06-24
2025062405009940,MBJC,58,58,993.0,327.0,324711.0,2025-06-24
2025062404027792,HDHPC,59,52,590.0,198.5,117115.0,2025-06-24
2025062404027791,HDHPC,59,74,310.0,198.4,61504.0,2025-06-24
2025062404027790,HDHPC,59,57,100.0,198.2,19820.0,2025-06-24
2025062404027789,PPCL,22,36,11.0,372.9,4101.9,2025-06-24
2025062401017753,ULBSL,38,42,60.0,3250.0,195000.0,2025-06-24
2025062405009939,ILI,50,37,12.0,436.0,5232.0,2025-06-24
2025062403007107,FMDBL,41,39,79.0,737.0,58223.0,2025-06-24
2025062403007106,FMDBL,41,42,20.0,736.0,14720.0,2025-06-24
2025062405009938,SAGF,41,42,1000.0,10.0,10000.0,2025-06-24
2025062403007105,NFS,34,10,150.0,608.3,91245.0,2025-06-24
2025062403007104,NFS,45,10,50.0,608.5,30425.0,2025-06-24
2025062404027788,API,66,53,500.0,293.0,146500.0,2025-06-24
2025062404027787,API,66,49,100.0,293.0,29300.0,2025-06-24
2025062404027786,API,66,25,350.0,293.0,102550.0,2025-06-24
2025062401017752,PURE,51,49,10.0,976.0,9760.0,2025-06-24
2025062401017751,SBI,36,49,942.0,393.0,370206.0,2025-06-24
2025062401017750,SBI,36,54,100.0,392.9,39290.0,2025-06-24
2025062401017749,SBI,36,45,376.0,392.7,147655.2,2025-06-24
2025062401017748,SBI,36,19,13.0,392.5,5102.5,2025-06-24
2025062401017747,SBI,36,21,10.0,392.5,3925.0,2025-06-24
2025062401017746,SBI,36,17,59.0,390.0,23010.0,2025-06-24
2025062404027785,KKHC,38,45,298.0,384.0,114432.0,2025-06-24
2025062404027784,UPCL,38,58,10.0,412.5,4125.0,2025-06-24
2025062404027783,SHPC,6,48,2888.0,603.0,1741464.0,2025-06-24
2025062404027782,SHPC,13,48,30.0,603.0,18090.0,2025-06-24
2025062404027781,SHPC,22,48,25.0,603.0,15075.0,2025-06-24
2025062404027780,SHPC,45,48,57.0,603.0,34371.0,2025-06-24
2025062405009937,CIT,41,38,12.0,1877.0,22524.0,2025-06-24
2025062405009936,CIT,45,38,13.0,1877.0,24401.0,2025-06-24
2025062401017745,BHL,58,34,720.0,208.0,149760.0,2025-06-24
2025062403007103,SMFBS,62,40,10.0,1648.9,16489.0,2025-06-24
2025062403007102,SMFBS,62,94,100.0,1640.0,164000.0,2025-06-24
2025062404027779,UPCL,96,35,20.0,411.3,8226.0,2025-06-24
2025062404027778,UPCL,80,35,100.0,411.5,41150.0,2025-06-24
2025062404027777,UPCL,22,35,60.0,412.0,24720.0,2025-06-24
2025062404027776,SSHL,22,41,50.0,250.0,12500.0,2025-06-24
2025062403007101,KMCDB,32,42,11.0,982.6,10808.6,2025-06-24
2025062403007100,KMCDB,50,42,50.0,982.6,49130.0,2025-06-24
2025062403007099,KMCDB,26,42,10.0,983.0,9830.0,2025-06-24
2025062403007098,KMCDB,41,42,19.0,983.0,18677.0,2025-06-24
2025062403007097,KMCDB,28,42,30.0,983.1,29493.0,2025-06-24
2025062403007096,KMCDB,4,42,100.0,985.0,98500.0,2025-06-24
2025062403007095,KMCDB,45,42,10.0,985.0,9850.0,2025-06-24
2025062403007094,KMCDB,46,42,10.0,985.0,9850.0,2025-06-24
2025062401017744,BHPL,6,37,30.0,755.0,22650.0,2025-06-24
2025062401017743,BHL,55,34,10.0,208.0,2080.0,2025-06-24
2025062403007093,PROFL,44,38,10.0,480.0,4800.0,2025-06-24
2025062401017742,DORDI,39,67,100.0,330.0,33000.0,2025-06-24
2025062401017741,DORDI,39,75,500.0,330.0,165000.0,2025-06-24
2025062404027775,SHL,57,58,300.0,558.0,167400.0,2025-06-24
2025062404027774,SHL,57,42,200.0,557.9,111580.0,2025-06-24
2025062401017740,SBI,5,28,250.0,385.0,96250.0,2025-06-24
2025062404027773,AHPC,7,42,10.0,288.0,2880.0,2025-06-24
2025062403007092,SLBSL,1,34,10.0,1324.0,13240.0,2025-06-24
2025062403007091,SLBSL,1,47,100.0,1323.0,132300.0,2025-06-24
2025062404027772,AKJCL,48,67,150.0,211.0,31650.0,2025-06-24
2025062404027771,BPCL,48,13,208.0,809.0,168272.0,2025-06-24
2025062404027770,KPCL,58,58,370.0,573.0,212010.0,2025-06-24
2025062404027769,KPCL,58,55,100.0,573.0,57300.0,2025-06-24
2025062404027768,KPCL,58,51,100.0,573.0,57300.0,2025-06-24
2025062404027767,KPCL,58,34,14.0,572.0,8008.0,2025-06-24
2025062404027766,KPCL,58,36,14.0,572.0,8008.0,2025-06-24
2025062404027765,KPCL,58,39,500.0,572.0,286000.0,2025-06-24
2025062404027764,KPCL,58,58,14.0,571.9,8006.6,2025-06-24
2025062404027763,KPCL,58,45,150.0,571.9,85785.0,2025-06-24
2025062404027762,KPCL,58,43,50.0,571.9,28595.0,2025-06-24
2025062404027761,KPCL,58,50,3500.0,571.0,1998500.0,2025-06-24
2025062404027760,KPCL,58,37,500.0,571.0,285500.0,2025-06-24
2025062404027759,KPCL,58,4,200.0,570.4,114080.0,2025-06-24
2025062404027758,KPCL,58,49,600.0,570.0,342000.0,2025-06-24
2025062404027757,KPCL,58,58,91.0,570.0,51870.0,2025-06-24
2025062404027756,KPCL,58,59,110.0,570.0,62700.0,2025-06-24
2025062404027755,KPCL,58,41,14.0,570.0,7980.0,2025-06-24
2025062404027754,KPCL,58,69,250.0,570.0,142500.0,2025-06-24
2025062404027753,KPCL,58,96,90.0,570.0,51300.0,2025-06-24
2025062404027752,KPCL,58,34,500.0,570.0,285000.0,2025-06-24
2025062404027751,KPCL,58,43,300.0,569.9,170970.0,2025-06-24
2025062404027750,KPCL,58,34,100.0,569.0,56900.0,2025-06-24
2025062404027749,KPCL,58,45,14.0,569.0,7966.0,2025-06-24
2025062404027748,KPCL,58,49,14.0,568.0,7952.0,2025-06-24
2025062404027747,KPCL,58,49,80.0,568.0,45440.0,2025-06-24
2025062404027746,KPCL,58,36,14.0,568.0,7952.0,2025-06-24
2025062404027745,KPCL,58,67,141.0,568.0,80088.0,2025-06-24
2025062404027744,KPCL,58,43,300.0,567.9,170370.0,2025-06-24
2025062404027743,KPCL,58,43,200.0,567.4,113480.0,2025-06-24
2025062404027742,KPCL,58,43,62.0,567.4,35178.8,2025-06-24
2025062404027741,KPCL,58,43,500.0,567.3,283650.0,2025-06-24
2025062404027740,KPCL,58,48,500.0,567.0,283500.0,2025-06-24
2025062404027739,KPCL,58,21,14.0,567.0,7938.0,2025-06-24
2025062404027738,KPCL,58,43,300.0,566.9,170070.0,2025-06-24
2025062404027737,KPCL,58,59,60.0,566.7,34002.0,2025-06-24
2025062404027736,KPCL,58,51,200.0,566.0,113200.0,2025-06-24
2025062404027735,KPCL,58,35,300.0,566.0,169800.0,2025-06-24
2025062404027734,KPCL,58,44,200.0,566.0,113200.0,2025-06-24
2025062404027733,KPCL,58,10,20.0,565.9,11318.0,2025-06-24
2025062404027732,KPCL,58,32,200.0,565.0,113000.0,2025-06-24
2025062404027731,KPCL,58,44,125.0,565.0,70625.0,2025-06-24
2025062404027730,KPCL,58,43,300.0,564.9,169470.0,2025-06-24
2025062404027729,KPCL,58,43,290.0,564.8,163792.0,2025-06-24
2025062404027728,KPCL,58,43,290.0,564.7,163763.0,2025-06-24
2025062404027727,KPCL,58,22,1000.0,564.0,564000.0,2025-06-24
2025062404027726,KPCL,58,95,500.0,564.0,282000.0,2025-06-24
2025062404027725,KPCL,58,11,100.0,563.0,56300.0,2025-06-24
2025062404027724,KPCL,58,45,80.0,563.0,45040.0,2025-06-24
2025062404027723,KPCL,58,34,200.0,560.0,112000.0,2025-06-24
2025062404027722,KPCL,58,55,400.0,556.0,222400.0,2025-06-24
2025062404027721,KPCL,58,48,904.0,556.0,502624.0,2025-06-24
2025062404027720,KPCL,58,22,125.0,555.0,69375.0,2025-06-24
2025062404027719,AKPL,58,56,200.0,260.0,52000.0,2025-06-24
2025062404027718,AKPL,58,32,50.0,260.0,13000.0,2025-06-24
2025062404027717,AKPL,58,13,200.0,260.0,52000.0,2025-06-24
2025062404027716,AKPL,58,22,500.0,259.9,129950.0,2025-06-24
2025062401017739,PURE,51,42,10.0,976.0,9760.0,2025-06-24
2025062404027715,BARUN,13,32,10.0,370.0,3700.0,2025-06-24
2025062404027714,BARUN,81,32,1000.0,370.0,370000.0,2025-06-24
2025062404027713,BARUN,21,32,50.0,370.0,18500.0,2025-06-24
2025062404027712,BARUN,17,32,50.0,370.0,18500.0,2025-06-24
2025062404027711,BARUN,41,32,30.0,370.0,11100.0,2025-06-24
2025062404027710,BARUN,8,32,500.0,370.0,185000.0,2025-06-24
2025062404027709,BARUN,36,32,445.0,370.0,164650.0,2025-06-24
2025062404027708,BARUN,63,32,100.0,370.1,37010.0,2025-06-24
2025062404027707,BARUN,63,32,110.0,370.1,40711.0,2025-06-24
2025062404027706,JOSHI,45,58,140.0,385.0,53900.0,2025-06-24
2025062401017738,SNLI,58,56,100.0,457.0,45700.0,2025-06-24
2025062401017737,NIBLGF,47,5,5501.0,8.93,49123.93,2025-06-24
2025062401017736,NIBLGF,47,25,1500.0,8.92,13380.0,2025-06-24
2025062401017735,NIBLGF,47,25,1000.0,8.91,8910.0,2025-06-24
2025062401017734,NIBLGF,47,58,100.0,8.88,888.0,2025-06-24
2025062401017733,NIBLGF,47,55,1000.0,8.88,8880.0,2025-06-24
2025062404027705,JOSHI,25,58,250.0,385.0,96250.0,2025-06-24
2025062403007090,NLIC,57,41,20.0,729.0,14580.0,2025-06-24
2025062404027704,NLG,39,45,10.0,766.8,7668.0,2025-06-24
2025062405009935,PHCL,49,37,10.0,499.9,4999.0,2025-06-24
2025062405009934,PHCL,49,58,10.0,499.0,4990.0,2025-06-24
2025062403007089,MDB,19,49,173.0,568.2,98298.6,2025-06-24
2025062404027703,HDHPC,58,35,15.0,198.1,2971.5,2025-06-24
2025062401017732,USHEC,18,38,10.0,422.0,4220.0,2025-06-24
2025062401017731,BHPL,6,44,70.0,755.0,52850.0,2025-06-24
2025062401017730,MHCL,38,21,100.0,425.0,42500.0,2025-06-24
2025062404027702,RADHI,16,62,100.0,806.1,80610.0,2025-06-24
2025062404027701,RADHI,80,62,500.0,807.0,403500.0,2025-06-24
2025062401017729,BNHC,10,44,40.0,494.9,19796.0,2025-06-24
2025062404027700,SPDL,58,41,192.0,415.7,79814.4,2025-06-24
2025062403007088,NMLBBL,55,35,10.0,628.0,6280.0,2025-06-24
2025062403007087,NMLBBL,42,35,20.0,628.1,12562.0,2025-06-24
2025062401017728,PRVU,58,29,100.0,201.6,20160.0,2025-06-24
2025062401017727,PRVU,6,29,772.0,201.6,155635.2,2025-06-24
2025062404027699,IGI,42,53,50.0,516.9,25845.0,2025-06-24
2025062401017726,DORDI,13,45,879.0,327.3,287696.7,2025-06-24
2025062401017725,DORDI,17,45,100.0,328.0,32800.0,2025-06-24
2025062401017724,DORDI,47,45,1000.0,328.0,328000.0,2025-06-24
2025062401017723,DORDI,13,45,100.0,328.0,32800.0,2025-06-24
2025062401017722,DORDI,38,45,50.0,328.0,16400.0,2025-06-24
2025062401017721,DORDI,86,45,305.0,328.0,100040.0,2025-06-24
2025062401017720,DORDI,47,45,16.0,328.0,5248.0,2025-06-24
2025062401017719,DORDI,49,45,50.0,328.2,16410.0,2025-06-24
2025062401017718,DORDI,33,45,500.0,329.0,164500.0,2025-06-24
2025062403007086,GILB,56,35,80.0,1243.0,99440.0,2025-06-24
2025062401017717,PPL,56,45,46.0,385.0,17710.0,2025-06-24
2025062401017716,PPL,56,57,100.0,384.9,38490.0,2025-06-24
2025062401017715,PPL,56,57,50.0,384.8,19240.0,2025-06-24
2025062401017714,PURE,51,57,10.0,976.0,9760.0,2025-06-24
2025062401017713,SBI,57,17,186.0,390.0,72540.0,2025-06-24
2025062401017712,SBI,57,45,100.0,390.0,39000.0,2025-06-24
2025062401017711,SBI,57,57,50.0,390.0,19500.0,2025-06-24
2025062401017710,SBI,57,33,219.0,388.0,84972.0,2025-06-24
2025062401017709,SBI,57,48,245.0,385.1,94349.5,2025-06-24
2025062404027698,GLH,51,7,150.0,263.9,39585.0,2025-06-24
2025062404027697,UPCL,38,58,10.0,412.5,4125.0,2025-06-24
2025062404027696,SHPC,45,67,143.0,603.0,86229.0,2025-06-24
2025062404027695,SHPC,19,67,125.0,603.0,75375.0,2025-06-24
2025062404027694,SHPC,14,67,300.0,603.1,180930.0,2025-06-24
2025062404027693,SHPC,58,67,100.0,603.9,60390.0,2025-06-24
2025062404027692,SHPC,42,67,20.0,603.9,12078.0,2025-06-24
2025062404027691,SHPC,88,67,312.0,603.9,188416.8,2025-06-24
2025062401017708,ULBSL,38,43,20.0,3250.0,65000.0,2025-06-24
2025062404027690,CHCL,1,43,191.0,536.3,102433.3,2025-06-24
2025062403007085,SWMF,42,32,10.0,684.8,6848.0,2025-06-24
2025062404027689,SSHL,35,42,148.0,249.0,36852.0,2025-06-24
2025062404027688,SSHL,6,42,20.0,249.0,4980.0,2025-06-24
2025062404027687,SSHL,19,42,20.0,249.1,4982.0,2025-06-24
2025062404027686,SSHL,48,42,22.0,249.1,5480.2,2025-06-24
2025062404027685,SSHL,58,42,244.0,249.1,60780.4,2025-06-24
2025062404027684,UMHL,17,32,29.0,545.0,15805.0,2025-06-24
2025062401017707,BEDC,57,74,320.0,636.0,203520.0,2025-06-24
2025062401017706,BEDC,17,74,180.0,637.0,114660.0,2025-06-24
2025062405009933,NIFRA,58,25,180.0,272.9,49122.0,2025-06-24
2025062405009932,NIFRA,37,25,500.0,272.9,136450.0,2025-06-24
2025062405009931,NIFRA,57,25,25.0,273.0,6825.0,2025-06-24
2025062403007084,GUFL,41,14,10.0,535.0,5350.0,2025-06-24
2025062401017705,NMIC,62,13,10.0,1569.1,15691.0,2025-06-24
2025062401017704,PURE,51,4,398.0,976.0,388448.0,2025-06-24
2025062404027683,GLH,57,47,400.0,264.0,105600.0,2025-06-24
2025062401017703,SANIMA,69,34,500.0,315.0,157500.0,2025-06-24
2025062401017702,TVCL,34,36,100.0,470.0,47000.0,2025-06-24
2025062405009930,MMF1,28,41,120.0,8.9,1068.0,2025-06-24
2025062404027682,GHL,52,44,2832.0,248.4,703468.8,2025-06-24
2025062404027681,GHL,41,44,168.0,248.5,41748.0,2025-06-24
2025062401017701,SBI,14,48,100.0,385.1,38510.0,2025-06-24
2025062404027680,AKPL,40,6,185.0,259.0,47915.0,2025-06-24
2025062404027679,AKPL,22,6,15.0,259.5,3892.5,2025-06-24
2025062401017700,NMIC,62,50,20.0,1569.0,31380.0,2025-06-24
2025062404027678,SPDL,45,22,50.0,415.0,20750.0,2025-06-24
2025062403007083,MERO,42,22,30.0,724.1,21723.0,2025-06-24
2025062403007082,MERO,84,22,20.0,724.2,14484.0,2025-06-24
2025062403007081,MERO,42,22,50.0,724.5,36225.0,2025-06-24
2025062401017699,PURE,37,45,80.0,979.0,78320.0,2025-06-24
2025062401017698,PURE,37,57,10.0,979.0,9790.0,2025-06-24
2025062401017697,PURE,37,40,10.0,978.0,9780.0,2025-06-24
2025062401017696,PURE,37,58,10.0,978.0,9780.0,2025-06-24
2025062401017695,PURE,37,22,10.0,977.9,9779.0,2025-06-24
2025062401017694,PURE,37,45,10.0,977.0,9770.0,2025-06-24
2025062401017693,PURE,37,42,10.0,977.0,9770.0,2025-06-24
2025062401017692,PURE,37,4,10.0,977.0,9770.0,2025-06-24
2025062401017691,PURE,37,55,10.0,977.0,9770.0,2025-06-24
2025062401017690,PURE,37,43,10.0,977.0,9770.0,2025-06-24
2025062401017689,PURE,37,34,10.0,977.0,9770.0,2025-06-24
2025062401017688,PURE,37,58,10.0,976.2,9762.0,2025-06-24
2025062401017687,PURE,37,52,10.0,976.2,9762.0,2025-06-24
2025062405009929,SHIVM,58,85,76.0,504.0,38304.0,2025-06-24
2025062405009928,SHIVM,16,85,186.0,504.0,93744.0,2025-06-24
2025062405009927,SHIVM,42,85,50.0,504.0,25200.0,2025-06-24
2025062405009926,SHIVM,58,85,88.0,504.0,44352.0,2025-06-24
2025062401017686,SNLI,42,45,12.0,456.4,5476.8,2025-06-24
2025062401017685,BHDC,32,47,40.0,454.0,18160.0,2025-06-24
2025062401017684,BHDC,41,47,20.0,454.0,9080.0,2025-06-24
2025062401017683,BHDC,33,47,90.0,454.1,40869.0,2025-06-24
2025062401017682,MEHL,55,57,10.0,412.0,4120.0,2025-06-24
2025062404027677,SSHL,58,50,32.0,249.1,7971.2,2025-06-24
2025062404027676,SSHL,35,50,200.0,249.2,49840.0,2025-06-24
2025062404027675,SSHL,35,50,64.0,249.3,15955.2,2025-06-24
2025062404027674,SSHL,49,50,50.0,249.3,12465.0,2025-06-24
2025062404027673,SSHL,67,50,200.0,249.3,49860.0,2025-06-24
2025062404027672,SSHL,65,50,700.0,249.4,174580.0,2025-06-24
2025062404027671,SSHL,36,50,254.0,249.9,63474.6,2025-06-24
2025062404027670,JOSHI,34,39,50.0,383.2,19160.0,2025-06-24
2025062401017681,PURE,51,56,10.0,976.0,9760.0,2025-06-24
2025062401017680,KBL,66,45,243.0,202.4,49183.2,2025-06-24
2025062401017679,KBL,66,66,257.0,202.4,52016.8,2025-06-24
2025062404027669,NGPL,68,57,11.0,403.4,4437.4,2025-06-24
2025062404027668,HPPL,48,57,100.0,567.9,56790.0,2025-06-24
2025062405009925,HATHY,38,49,44.0,1220.0,53680.0,2025-06-24
2025062405009924,HATHY,38,94,406.0,1216.0,493696.0,2025-06-24
2025062405009923,HATHY,38,41,50.0,1215.9,60795.0,2025-06-24
2025062405009922,MBJC,58,48,3007.0,326.9,982988.3,2025-06-24
2025062401017678,HIDCLP,60,21,715.0,206.6,147719.0,2025-06-24
2025062401017677,HIDCLP,77,21,100.0,206.7,20670.0,2025-06-24
2025062401017676,HIDCLP,86,21,500.0,206.7,103350.0,2025-06-24
2025062401017675,HIDCLP,49,21,200.0,206.7,41340.0,2025-06-24
2025062401017674,HIDCLP,71,21,485.0,207.0,100395.0,2025-06-24
2025062405009921,HRL,83,82,110.0,883.0,97130.0,2025-06-24
2025062403007080,JBBL,53,25,53.0,317.0,16801.0,2025-06-24
2025062403007079,MDB,19,64,160.0,568.2,90912.0,2025-06-24
2025062404027667,UMHL,17,42,20.0,545.0,10900.0,2025-06-24
2025062405009920,CLI,38,26,20.0,452.0,9040.0,2025-06-24
2025062405009919,HIDCL,47,7,210.0,290.5,61005.0,2025-06-24
2025062403007078,USLB,45,8,50.0,1800.0,90000.0,2025-06-24
2025062401017673,KBL,72,55,500.0,202.1,101050.0,2025-06-24
2025062401017672,SRLI,19,50,111.0,392.0,43512.0,2025-06-24
2025062404027666,NIL,39,22,1.0,665.1,665.1,2025-06-24
2025062404027665,SSHL,36,58,1000.0,249.9,249900.0,2025-06-24
2025062404027664,KKHC,66,45,252.0,384.0,96768.0,2025-06-24
2025062404027663,KKHC,66,57,100.0,384.0,38400.0,2025-06-24
2025062404027662,KKHC,66,45,348.0,384.0,133632.0,2025-06-24
2025062401017671,KBL,49,66,200.0,202.4,40480.0,2025-06-24
2025062403007077,KSBBL,34,16,100.0,442.0,44200.0,2025-06-24
2025062404027661,NGPL,44,48,10.0,403.0,4030.0,2025-06-24
2025062404027660,GHL,41,48,232.0,248.5,57652.0,2025-06-24
2025062404027659,GHL,91,48,718.0,248.5,178423.0,2025-06-24
2025062404027658,GHL,54,48,50.0,248.8,12440.0,2025-06-24
2025062401017670,MLBS,14,48,133.0,1470.0,195510.0,2025-06-24
2025062401017669,MLBS,56,48,30.0,1470.1,44103.0,2025-06-24
2025062404027657,AKJCL,49,67,330.0,211.0,69630.0,2025-06-24
2025062404027656,AKJCL,8,67,100.0,211.8,21180.0,2025-06-24
2025062401017668,JBLB,58,70,20.0,1300.0,26000.0,2025-06-24
2025062403007076,GFCL,34,58,30.0,602.9,18087.0,2025-06-24
2025062404027655,IGI,94,53,58.0,516.9,29980.2,2025-06-24
2025062405009918,HRL,83,65,22.0,883.0,19426.0,2025-06-24
2025062404027654,UPCL,25,64,500.0,411.0,205500.0,2025-06-24
2025062404027653,HEI,32,63,10.0,560.3,5603.0,2025-06-24
2025062404027652,NGPL,44,45,100.0,403.0,40300.0,2025-06-24
2025062401017667,NIMB,25,34,300.0,207.9,62370.0,2025-06-24
2025062401017666,NIMB,25,26,157.0,207.9,32640.3,2025-06-24
2025062403007075,PFL,88,22,10.0,399.0,3990.0,2025-06-24
2025062404027651,HURJA,34,57,910.0,253.0,230230.0,2025-06-24
2025062404027650,HURJA,45,57,89.0,253.0,22517.0,2025-06-24
2025062405009917,HIDCL,40,28,500.0,290.0,145000.0,2025-06-24
2025062401017665,TPC,58,57,97.0,369.0,35793.0,2025-06-24
2025062401017664,ULBSL,38,7,145.0,3250.0,471250.0,2025-06-24
2025062401017663,LSL,54,7,35.0,212.0,7420.0,2025-06-24
2025062401017662,LSL,54,32,15.0,212.0,3180.0,2025-06-24
2025062404027649,JOSHI,34,1,50.0,383.0,19150.0,2025-06-24
2025062401017661,MHCL,38,48,100.0,425.0,42500.0,2025-06-24
2025062404027648,UPCL,38,58,10.0,412.5,4125.0,2025-06-24
2025062403007074,GUFL,38,14,100.0,535.0,53500.0,2025-06-24
2025062404027647,HURJA,45,59,500.0,253.0,126500.0,2025-06-24
2025062404027646,RIDI,43,32,20.0,262.0,5240.0,2025-06-24
2025062405009916,SAGF,36,42,100.0,10.0,1000.0,2025-06-24
2025062403007073,SINDU,57,53,368.0,760.0,279680.0,2025-06-24
2025062403007072,SINDU,38,53,32.0,760.0,24320.0,2025-06-24
2025062404027645,SHL,4,94,100.0,556.3,55630.0,2025-06-24
2025062403007071,NLIC,22,26,21.0,730.0,15330.0,2025-06-24
2025062404027644,UPCL,81,74,200.0,411.1,82220.0,2025-06-24
2025062404027643,UPCL,48,74,10.0,411.2,4112.0,2025-06-24
2025062404027642,UPCL,36,74,90.0,411.2,37008.0,2025-06-24
2025062404027641,UPCL,36,74,200.0,411.3,82260.0,2025-06-24
2025062403007070,MLBSL,34,8,20.0,2082.0,41640.0,2025-06-24
2025062405009915,RNLI,35,25,11.0,433.8,4771.8,2025-06-24
2025062404027640,SHPC,88,45,388.0,603.9,234313.2,2025-06-24
2025062401017660,HIDCLP,71,49,800.0,207.0,165600.0,2025-06-24
2025062405009914,NRM,42,7,50.0,434.0,21700.0,2025-06-24
2025062404027639,LEC,7,34,10.0,215.9,2159.0,2025-06-24
2025062401017659,SNLI,48,56,50.0,457.0,22850.0,2025-06-24
2025062401017658,MAKAR,14,14,46.0,590.1,27144.6,2025-06-24
2025062405009913,GCIL,43,67,12.0,505.1,6061.2,2025-06-24
2025062405009912,GCIL,1,67,28.0,506.6,14184.8,2025-06-24
2025062401017657,HIDCLP,71,62,715.0,207.0,148005.0,2025-06-24
2025062401017656,HIDCLP,59,62,135.0,207.0,27945.0,2025-06-24
2025062404027638,UPCL,59,58,70.0,412.5,28875.0,2025-06-24
2025062404027637,UPCL,59,57,270.0,412.0,111240.0,2025-06-24
2025062404027636,UPCL,59,65,1660.0,412.0,683920.0,2025-06-24
2025062401017655,BHDC,65,35,450.0,455.0,204750.0,2025-06-24
2025062403007069,HLI,44,42,19.0,383.9,7294.1,2025-06-24
2025062404027635,NGPL,44,13,1000.0,403.0,403000.0,2025-06-24
2025062404027634,SHEL,50,13,413.0,301.0,124313.0,2025-06-24
2025062404027633,SHEL,34,13,40.0,301.0,12040.0,2025-06-24
2025062404027632,SHEL,33,13,100.0,301.0,30100.0,2025-06-24
2025062404027631,SHEL,46,13,50.0,301.0,15050.0,2025-06-24
2025062404027630,SHEL,49,13,700.0,301.0,210700.0,2025-06-24
2025062404027629,SHEL,49,13,100.0,301.0,30100.0,2025-06-24
2025062404027628,SHEL,34,13,100.0,301.0,30100.0,2025-06-24
2025062404027627,SHEL,61,13,500.0,301.0,150500.0,2025-06-24
2025062404027626,SHEL,57,13,200.0,301.0,60200.0,2025-06-24
2025062404027625,SHEL,63,13,1000.0,301.0,301000.0,2025-06-24
2025062404027624,SHEL,39,13,1000.0,301.1,301100.0,2025-06-24
2025062404027623,SHEL,51,13,500.0,301.1,150550.0,2025-06-24
2025062404027622,SHEL,28,13,755.0,301.1,227330.5,2025-06-24
2025062404027621,SHEL,8,13,50.0,301.2,15060.0,2025-06-24
2025062404027620,SHEL,57,13,77.0,301.3,23200.1,2025-06-24
2025062404027619,SHEL,54,13,180.0,301.5,54270.0,2025-06-24
2025062404027618,SHEL,28,13,50.0,301.5,15075.0,2025-06-24
2025062404027617,SHEL,48,13,1000.0,301.5,301500.0,2025-06-24
2025062404027616,SHEL,58,13,400.0,301.6,120640.0,2025-06-24
2025062404027615,SHEL,56,13,785.0,301.6,236756.0,2025-06-24
2025062404027614,SHEL,51,95,500.0,302.0,151000.0,2025-06-24
2025062403007068,SINDU,38,56,33.0,760.0,25080.0,2025-06-24
2025062403007067,SINDU,42,56,17.0,760.0,12920.0,2025-06-24
2025062401017654,CZBIL,34,48,2450.0,204.0,499800.0,2025-06-24
2025062403007066,SINDU,42,57,363.0,760.0,275880.0,2025-06-24
2025062403007065,SINDU,52,57,637.0,760.0,484120.0,2025-06-24
2025062404027613,SHEL,70,95,550.0,302.0,166100.0,2025-06-24
2025062404027612,SHEL,70,29,450.0,301.9,135855.0,2025-06-24
2025062404027611,NGPL,44,81,2000.0,403.0,806000.0,2025-06-24
2025062404027610,BPCL,48,56,10.0,814.9,8149.0,2025-06-24
2025062401017653,PURE,51,35,10.0,976.0,9760.0,2025-06-24
2025062404027609,NGPL,44,57,150.0,403.0,60450.0,2025-06-24
2025062404027608,NGPL,44,50,200.0,403.0,80600.0,2025-06-24
2025062404027607,NGPL,44,47,150.0,403.0,60450.0,2025-06-24
2025062404027606,NGPL,44,28,399.0,403.0,160797.0,2025-06-24
2025062404027605,BARUN,63,14,50.0,370.1,18505.0,2025-06-24
2025062404027604,BARUN,58,14,10.0,371.1,3711.0,2025-06-24
2025062401017652,MMKJL,29,57,10.0,543.0,5430.0,2025-06-24
2025062405009911,NIFRA,45,19,50.0,273.4,13670.0,2025-06-24
2025062404027603,UMHL,47,32,100.0,545.0,54500.0,2025-06-24
2025062401017651,NBL,36,45,10.0,251.0,2510.0,2025-06-24
2025062403007064,SFCL,47,25,980.0,468.3,458934.0,2025-06-24
2025062403007063,SFCL,49,25,10.0,469.0,4690.0,2025-06-24
2025062403007062,SFCL,42,25,325.0,469.0,152425.0,2025-06-24
2025062403007061,SFCL,21,25,385.0,469.0,180565.0,2025-06-24
2025062401017650,EBL,7,25,93.0,635.1,59064.3,2025-06-24
2025062403007060,HLI,44,19,20.0,383.9,7678.0,2025-06-24
2025062401017649,PURE,51,4,10.0,976.0,9760.0,2025-06-24
2025062405009910,CHDC,56,28,181.0,2605.2,471541.2,2025-06-24
2025062405009909,CHDC,14,28,100.0,2610.0,261000.0,2025-06-24
2025062405009908,CHDC,22,28,150.0,2610.0,391500.0,2025-06-24
2025062405009907,CHDC,25,28,50.0,2611.1,130555.0,2025-06-24
2025062405009906,CHDC,46,28,132.0,2611.1,344665.2,2025-06-24
2025062405009905,CHDC,29,28,100.0,2611.2,261120.0,2025-06-24
2025062405009904,CHDC,25,28,18.0,2611.2,47001.6,2025-06-24
2025062405009903,CHDC,59,28,100.0,2612.0,261200.0,2025-06-24
2025062405009902,CHDC,94,28,169.0,2612.0,441428.0,2025-06-24
2025062401017648,GMLI,6,33,20.0,2191.2,43824.0,2025-06-24
2025062401017647,KBSH,42,57,10.0,1890.0,18900.0,2025-06-24
2025062403007059,CBBL,40,36,12.0,880.0,10560.0,2025-06-24
2025062404027602,OHL,28,68,20.0,876.0,17520.0,2025-06-24
2025062404027601,OHL,56,68,70.0,876.0,61320.0,2025-06-24
2025062404027600,OHL,45,68,100.0,876.0,87600.0,2025-06-24
2025062404027599,OHL,11,68,50.0,876.0,43800.0,2025-06-24
2025062404027598,OHL,49,68,20.0,876.0,17520.0,2025-06-24
2025062404027597,OHL,38,68,11.0,876.0,9636.0,2025-06-24
2025062404027596,OHL,45,68,50.0,878.0,43900.0,2025-06-24
2025062404027595,OHL,48,68,31.0,879.0,27249.0,2025-06-24
2025062404027594,GHL,54,17,20.0,248.8,4976.0,2025-06-24
2025062404027593,GHL,54,54,180.0,248.8,44784.0,2025-06-24
2025062404027592,SHPC,19,48,50.0,603.0,30150.0,2025-06-24
2025062404027591,UPCL,38,65,10.0,412.0,4120.0,2025-06-24
2025062401017646,PURE,51,38,10.0,976.0,9760.0,2025-06-24
2025062404027590,CHCL,93,6,10.0,536.9,5369.0,2025-06-24
2025062404027589,CHCL,93,42,20.0,536.5,10730.0,2025-06-24
2025062404027588,AKJCL,49,35,50.0,211.0,10550.0,2025-06-24
2025062404027587,NGPL,1,35,50.0,401.1,20055.0,2025-06-24
2025062405009901,MBJC,22,53,194.0,325.5,63147.0,2025-06-24
2025062405009900,MBJC,22,53,56.0,326.0,18256.0,2025-06-24
2025062401017645,PURE,26,58,10.0,976.2,9762.0,2025-06-24
2025062404027586,GHL,42,54,110.0,248.8,27368.0,2025-06-24
2025062404027585,PMHPL,42,48,200.0,411.0,82200.0,2025-06-24
2025062403007058,LICN,35,16,250.0,904.0,226000.0,2025-06-24
2025062401017644,MANDU,41,42,10.0,854.4,8544.0,2025-06-24
2025062401017643,MANDU,41,47,10.0,854.4,8544.0,2025-06-24
2025062401017642,MANDU,41,42,20.0,854.0,17080.0,2025-06-24
2025062401017641,MANDU,41,33,60.0,852.9,51174.0,2025-06-24
2025062401017640,PURE,51,39,10.0,976.0,9760.0,2025-06-24
2025062404027584,HURJA,39,44,93.0,253.2,23547.6,2025-06-24
2025062404027583,HURJA,39,80,907.0,253.1,229561.7,2025-06-24
2025062405009899,SONA,71,19,203.0,444.1,90152.3,2025-06-24
2025062404027582,CHL,72,36,857.0,307.0,263099.0,2025-06-24
2025062404027581,CHL,72,19,15.0,306.8,4602.0,2025-06-24
2025062404027580,CHL,72,52,103.0,306.0,31518.0,2025-06-24
2025062404027579,CHL,72,47,10.0,305.9,3059.0,2025-06-24
2025062404027578,CHL,72,19,15.0,305.9,4588.5,2025-06-24
2025062405009898,NRN,97,66,39.0,2049.1,79914.9,2025-06-24
2025062405009897,NRN,97,39,50.0,2049.0,102450.0,2025-06-24
2025062405009896,NRN,97,25,11.0,2049.0,22539.0,2025-06-24
2025062404027577,NLG,35,1,61.0,763.0,46543.0,2025-06-24
2025062404027576,NLG,32,1,89.0,763.5,67951.5,2025-06-24
2025062405009895,CIT,45,38,10.0,1877.1,18771.0,2025-06-24
2025062401017639,BHPL,38,44,10.0,755.0,7550.0,2025-06-24
2025062405009894,CLI,1,6,10.0,452.0,4520.0,2025-06-24
2025062403007057,MFIL,49,62,10.0,578.0,5780.0,2025-06-24
2025062403007056,MFIL,35,62,90.0,578.0,52020.0,2025-06-24
2025062403007055,NFS,32,21,50.0,608.5,30425.0,2025-06-24
2025062404027575,BPCL,29,56,393.0,814.9,320255.7,2025-06-24
2025062404027574,BPCL,29,6,500.0,814.9,407450.0,2025-06-24
2025062404027573,BPCL,29,1,100.0,814.9,81490.0,2025-06-24
2025062404027572,BPCL,29,41,25.0,814.0,20350.0,2025-06-24
2025062404027571,BPCL,29,47,100.0,814.0,81400.0,2025-06-24
2025062404027570,BPCL,29,64,50.0,813.9,40695.0,2025-06-24
2025062404027569,BPCL,29,21,69.0,813.6,56138.4,2025-06-24
2025062404027568,BPCL,29,41,10.0,812.0,8120.0,2025-06-24
2025062404027567,BPCL,29,4,30.0,812.0,24360.0,2025-06-24
2025062404027566,BPCL,29,58,30.0,812.0,24360.0,2025-06-24
2025062404027565,BPCL,29,32,118.0,812.0,95816.0,2025-06-24
2025062404027564,BPCL,29,1,100.0,811.9,81190.0,2025-06-24
2025062404027563,BPCL,29,32,45.0,810.0,36450.0,2025-06-24
2025062404027562,BPCL,29,58,150.0,810.0,121500.0,2025-06-24
2025062404027561,BPCL,29,51,40.0,810.0,32400.0,2025-06-24
2025062404027560,BPCL,29,47,100.0,810.0,81000.0,2025-06-24
2025062404027559,BPCL,29,19,440.0,810.0,356400.0,2025-06-24
2025062404027558,BPCL,29,75,1000.0,809.0,809000.0,2025-06-24
2025062404027557,SHEL,45,29,800.0,301.9,241520.0,2025-06-24
2025062405009893,GCIL,41,55,71.0,507.0,35997.0,2025-06-24
2025062401017638,SANIMA,69,45,155.0,315.0,48825.0,2025-06-24
2025062404027556,NGPL,1,34,309.0,401.1,123939.9,2025-06-24
2025062404027555,NGPL,82,34,1800.0,401.2,722160.0,2025-06-24
2025062404027554,NGPL,16,34,900.0,401.2,361080.0,2025-06-24
2025062404027553,NGPL,57,34,100.0,401.2,40120.0,2025-06-24
2025062404027552,NGPL,67,34,190.0,401.3,76247.0,2025-06-24
2025062404027551,NGPL,38,34,500.0,401.3,200650.0,2025-06-24
2025062404027550,NGPL,56,34,100.0,401.7,40170.0,2025-06-24
2025062404027549,NGPL,49,34,200.0,401.8,80360.0,2025-06-24
2025062404027548,NGPL,91,34,10.0,401.9,4019.0,2025-06-24
2025062404027547,NGPL,75,34,500.0,401.9,200950.0,2025-06-24
2025062404027546,NGPL,42,34,373.0,401.9,149908.7,2025-06-24
2025062404027545,NGPL,41,34,18.0,402.0,7236.0,2025-06-24
2025062405009892,KDBY,33,78,600.0,9.69,5814.0,2025-06-24
2025062401017637,MANDU,44,33,40.0,852.9,34116.0,2025-06-24
2025062401017636,SCB,1,38,70.0,612.0,42840.0,2025-06-24
2025062404027544,BARUN,38,66,10.0,375.0,3750.0,2025-06-24
2025062405009891,CIT,6,45,100.0,1878.0,187800.0,2025-06-24
2025062401017635,MMKJL,17,80,10.0,540.0,5400.0,2025-06-24
2025062403007054,SWBBL,54,17,539.0,795.0,428505.0,2025-06-24
2025062405009890,SAHAS,25,58,200.0,552.0,110400.0,2025-06-24
2025062404027543,SHPC,19,37,225.0,603.0,135675.0,2025-06-24
2025062404027542,SHPC,49,37,25.0,603.0,15075.0,2025-06-24
2025062404027541,SHPC,38,37,250.0,603.0,150750.0,2025-06-24
2025062404027540,AKPL,40,55,299.0,259.0,77441.0,2025-06-24
2025062404027539,AKPL,49,55,210.0,259.0,54390.0,2025-06-24
2025062404027538,AKPL,58,55,150.0,259.5,38925.0,2025-06-24
2025062403007053,SIFC,13,1,15.0,514.2,7713.0,2025-06-24
2025062401017634,CZBIL,41,48,20.0,204.0,4080.0,2025-06-24
2025062401017633,CZBIL,41,4,80.0,203.5,16280.0,2025-06-24
2025062403007052,NLIC,57,41,19.0,729.0,13851.0,2025-06-24
2025062403007051,NLIC,16,41,25.0,729.0,18225.0,2025-06-24
2025062403007050,NLIC,42,41,21.0,729.0,15309.0,2025-06-24
2025062403007049,NLIC,57,41,35.0,729.0,25515.0,2025-06-24
2025062405009889,NIFRA,57,52,100.0,273.0,27300.0,2025-06-24
2025062404027537,LEC,14,7,30.0,215.5,6465.0,2025-06-24
2025062401017632,EHPL,34,36,10.0,547.0,5470.0,2025-06-24
2025062401017631,PRVU,6,57,15.0,201.6,3024.0,2025-06-24
2025062404027536,NGPL,41,97,82.0,402.0,32964.0,2025-06-24
2025062404027535,NGPL,42,97,100.0,402.0,40200.0,2025-06-24
2025062404027534,NGPL,19,97,600.0,402.0,241200.0,2025-06-24
2025062404027533,NGPL,58,97,10.0,402.0,4020.0,2025-06-24
2025062404027532,NGPL,62,97,500.0,402.0,201000.0,2025-06-24
2025062404027531,NGPL,62,97,408.0,402.0,164016.0,2025-06-24
2025062405009888,MEL,21,48,160.0,301.1,48176.0,2025-06-24
2025062405009887,MEL,26,48,50.0,301.2,15060.0,2025-06-24
2025062405009886,MEL,58,48,20.0,301.2,6024.0,2025-06-24
2025062401017630,RFPL,48,57,10.0,572.9,5729.0,2025-06-24
2025062405009885,SAHAS,25,35,260.0,552.0,143520.0,2025-06-24
2025062405009884,SAHAS,42,35,10.0,552.1,5521.0,2025-06-24
2025062404027530,AKPL,58,85,200.0,259.5,51900.0,2025-06-24
2025062401017629,MBL,26,45,10.0,217.8,2178.0,2025-06-24
2025062404027529,HURJA,16,80,50.0,253.1,12655.0,2025-06-24
2025062404027528,CHL,72,50,35.0,305.3,10685.5,2025-06-24
2025062404027527,AKPL,58,45,270.0,259.5,70065.0,2025-06-24
2025062401017628,NMIC,47,58,53.0,1568.0,83104.0,2025-06-24
2025062401017627,NMIC,34,58,150.0,1569.0,235350.0,2025-06-24
2025062401017626,NMIC,11,58,20.0,1569.0,31380.0,2025-06-24
2025062401017625,CZBIL,17,4,100.0,203.5,20350.0,2025-06-24
2025062404027526,SPDL,4,41,808.0,415.7,335885.6,2025-06-24
2025062404027525,SPDL,4,48,192.0,415.7,79814.4,2025-06-24
2025062401017624,NBL,36,34,51.0,251.0,12801.0,2025-06-24
2025062403007048,NUBL,37,57,110.0,677.1,74481.0,2025-06-24
2025062403007047,MLBL,59,48,41.0,372.5,15272.5,2025-06-24
2025062403007046,MLBL,22,48,60.0,372.5,22350.0,2025-06-24
2025062404027524,HDHPC,38,67,700.0,198.0,138600.0,2025-06-24
2025062403007045,CBBL,46,38,30.0,880.0,26400.0,2025-06-24
2025062404027523,RIDI,36,32,30.0,262.0,7860.0,2025-06-24
2025062404027522,RIDI,36,48,20.0,261.9,5238.0,2025-06-24
2025062404027521,RIDI,36,4,200.0,261.5,52300.0,2025-06-24
2025062404027520,AKJCL,49,43,700.0,211.0,147700.0,2025-06-24
2025062403007044,WNLB,45,43,45.0,1849.0,83205.0,2025-06-24
2025062405009883,MEL,77,65,100.0,301.2,30120.0,2025-06-24
2025062403007043,MPFL,6,32,76.0,583.0,44308.0,2025-06-24
2025062401017623,SBI,26,48,10.0,385.1,3851.0,2025-06-24
2025062404027519,NGPL,45,28,450.0,403.0,181350.0,2025-06-24
2025062405009882,NRIC,40,48,92.0,1212.1,111513.2,2025-06-24
2025062405009881,NRIC,40,22,105.0,1212.0,127260.0,2025-06-24
2025062403007042,SLBBL,22,50,12.0,851.1,10213.2,2025-06-24
2025062403007041,SLBBL,21,50,288.0,851.2,245145.6,2025-06-24
2025062404027518,SHEL,56,56,710.0,301.6,214136.0,2025-06-24
2025062404027517,SHEL,52,56,60.0,301.7,18102.0,2025-06-24
2025062404027516,SHEL,21,56,30.0,301.8,9054.0,2025-06-24
2025062404027515,SHEL,22,56,200.0,301.8,60360.0,2025-06-24
2025062401017622,LSL,58,32,85.0,212.0,18020.0,2025-06-24
2025062401017621,LSL,58,59,115.0,212.0,24380.0,2025-06-24
2025062405009880,NIFRA,57,49,100.0,273.0,27300.0,2025-06-24
2025062404027514,SSHL,36,49,200.0,249.9,49980.0,2025-06-24
2025062404027513,AKJCL,49,16,300.0,211.0,63300.0,2025-06-24
2025062403007040,MFIL,35,34,10.0,578.0,5780.0,2025-06-24
2025062403007039,MFIL,17,34,100.0,578.0,57800.0,2025-06-24
2025062403007038,MFIL,34,34,40.0,578.0,23120.0,2025-06-24
2025062403007037,MFIL,11,34,50.0,578.0,28900.0,2025-06-24
2025062401017620,GMLI,6,14,40.0,2191.2,87648.0,2025-06-24
2025062404027512,UPCL,38,65,10.0,412.0,4120.0,2025-06-24
2025062403007036,MDB,19,74,500.0,568.2,284100.0,2025-06-24
2025062401017619,BHDC,33,32,10.0,454.1,4541.0,2025-06-24
2025062405009879,MBJC,22,42,10.0,326.0,3260.0,2025-06-24
2025062404027511,NGPL,62,40,92.0,402.0,36984.0,2025-06-24
2025062404027510,NGPL,59,40,170.0,402.0,68340.0,2025-06-24
2025062404027509,NGPL,50,40,89.0,402.0,35778.0,2025-06-24
2025062404027508,NGPL,72,40,149.0,402.9,60032.1,2025-06-24
2025062404027507,API,50,25,100.0,293.0,29300.0,2025-06-24
2025062405009878,HRL,41,82,50.0,883.5,44175.0,2025-06-24
2025062404027506,SHEL,52,29,20.0,301.9,6038.0,2025-06-24
2025062401017618,BHL,56,34,100.0,208.0,20800.0,2025-06-24
2025062404027505,HURJA,86,80,43.0,253.1,10883.3,2025-06-24
2025062404027504,AHPC,40,81,72.0,285.0,20520.0,2025-06-24
2025062404027503,AHPC,41,81,1000.0,285.1,285100.0,2025-06-24
2025062404027502,AHPC,13,81,200.0,285.1,57020.0,2025-06-24
2025062404027501,AHPC,52,81,300.0,285.2,85560.0,2025-06-24
2025062404027500,AHPC,21,81,50.0,286.0,14300.0,2025-06-24
2025062404027499,AHPC,52,81,50.0,286.0,14300.0,2025-06-24
2025062404027498,AHPC,5,81,528.0,287.0,151536.0,2025-06-24
2025062403007035,GMFIL,48,36,10.0,481.0,4810.0,2025-06-24
2025062403007034,GMFIL,48,58,38.0,479.0,18202.0,2025-06-24
2025062401017617,HIDCLP,58,34,200.0,207.5,41500.0,2025-06-24
2025062401017616,BHL,32,53,439.0,208.0,91312.0,2025-06-24
2025062401017615,BHL,32,26,61.0,208.0,12688.0,2025-06-24
2025062404027497,UMHL,42,34,327.0,545.5,178378.5,2025-06-24
2025062404027496,UMHL,42,99,500.0,545.0,272500.0,2025-06-24
2025062404027495,UMHL,42,54,90.0,545.0,49050.0,2025-06-24
2025062404027494,SHEL,45,29,230.0,301.9,69437.0,2025-06-24
2025062404027493,SHEL,45,25,90.0,301.9,27171.0,2025-06-24
2025062401017614,SANIMA,46,45,30.0,315.0,9450.0,2025-06-24
2025062403007033,PROFL,52,38,100.0,480.0,48000.0,2025-06-24
2025062401017613,SGHC,44,43,10.0,410.0,4100.0,2025-06-24
2025062404027492,NGPL,19,28,1000.0,403.0,403000.0,2025-06-24
2025062401017612,PURE,51,34,10.0,976.0,9760.0,2025-06-24
2025062401017611,HHL,53,3,260.0,385.0,100100.0,2025-06-24
2025062401017610,HHL,35,3,10.0,385.0,3850.0,2025-06-24
2025062401017609,HHL,58,3,30.0,385.0,11550.0,2025-06-24
2025062403007032,RLFL,57,38,10.0,464.0,4640.0,2025-06-24
2025062403007031,RLFL,57,38,20.0,464.0,9280.0,2025-06-24
2025062405009877,SAHAS,48,56,30.0,552.9,16587.0,2025-06-24
2025062405009876,SAHAS,48,47,170.0,552.5,93925.0,2025-06-24
2025062401017608,PURE,51,35,10.0,976.0,9760.0,2025-06-24
2025062404027491,BPCL,56,60,523.0,808.0,422584.0,2025-06-24
2025062404027490,BPCL,59,60,250.0,808.0,202000.0,2025-06-24
2025062404027489,BPCL,68,60,148.0,808.0,119584.0,2025-06-24
2025062404027488,BPCL,58,60,572.0,808.1,462233.2,2025-06-24
2025062404027487,BPCL,39,60,25.0,809.0,20225.0,2025-06-24
2025062404027486,BPCL,7,60,30.0,809.0,24270.0,2025-06-24
2025062404027485,BPCL,44,60,1892.0,809.0,1530628.0,2025-06-24
2025062404027484,BPCL,68,60,429.0,809.9,347447.1,2025-06-24
2025062404027483,HDHPC,38,25,79.0,198.0,15642.0,2025-06-24
2025062404027482,HDHPC,38,25,21.0,198.0,4158.0,2025-06-24
2025062401017607,UHEWA,42,42,65.0,523.0,33995.0,2025-06-24
2025062404027481,BPCL,68,55,71.0,809.9,57502.9,2025-06-24
2025062405009875,SHIVM,58,13,23.0,504.0,11592.0,2025-06-24
2025062404027480,KPCL,40,22,50.0,555.0,27750.0,2025-06-24
2025062401017606,PURE,51,13,10.0,976.0,9760.0,2025-06-24
2025062404027479,CHL,72,39,500.0,305.3,152650.0,2025-06-24
2025062404027478,PMHPL,52,48,10.0,411.0,4110.0,2025-06-24
2025062403007030,ALBSL,44,22,58.0,805.0,46690.0,2025-06-24
2025062403007029,ALBSL,44,44,42.0,804.5,33789.0,2025-06-24
2025062404027477,SPDL,49,48,10.0,415.7,4157.0,2025-06-24
2025062404027476,RADHI,101,69,240.0,808.0,193920.0,2025-06-24
2025062404027475,RADHI,101,96,380.0,807.9,307002.0,2025-06-24
2025062404027474,RADHI,101,8,2000.0,807.8,1615600.0,2025-06-24
2025062404027473,RADHI,101,62,130.0,807.0,104910.0,2025-06-24
2025062404027472,RADHI,101,69,250.0,807.0,201750.0,2025-06-24
2025062404027471,PMHPL,82,97,515.0,409.1,210686.5,2025-06-24
2025062401017605,MHCL,57,48,10.0,429.9,4299.0,2025-06-24
2025062401017604,MEHL,34,43,53.0,406.0,21518.0,2025-06-24
2025062404027470,GHL,91,43,182.0,248.5,45227.0,2025-06-24
2025062404027469,GHL,58,43,118.0,248.5,29323.0,2025-06-24
2025062404027468,HURJA,86,99,957.0,253.1,242216.7,2025-06-24
2025062404027467,HURJA,32,99,643.0,253.1,162743.3,2025-06-24
2025062401017603,KBL,55,55,1000.0,202.1,202100.0,2025-06-24
2025062401017602,GVL,49,72,1.0,444.0,444.0,2025-06-24
2025062401017601,GVL,49,20,11.0,444.0,4884.0,2025-06-24
2025062401017600,PURE,51,28,10.0,976.0,9760.0,2025-06-24
2025062404027466,NGPL,101,28,151.0,403.0,60853.0,2025-06-24
2025062404027465,NGPL,101,45,17.0,403.0,6851.0,2025-06-24
2025062404027464,NGPL,101,69,100.0,403.0,40300.0,2025-06-24
2025062404027463,NGPL,101,13,90.0,403.0,36270.0,2025-06-24
2025062404027462,NGPL,72,34,100.0,402.9,40290.0,2025-06-24
2025062404027461,MEN,54,51,100.0,591.9,59190.0,2025-06-24
2025062401017599,ULBSL,38,21,100.0,3250.0,325000.0,2025-06-24
2025062405009874,HRL,17,82,40.0,884.0,35360.0,2025-06-24
2025062401017598,OMPL,34,17,10.0,1385.0,13850.0,2025-06-24
2025062401017597,RFPL,56,37,10.0,570.1,5701.0,2025-06-24
2025062404027460,HDHPC,38,59,29.0,198.0,5742.0,2025-06-24
2025062404027459,HDHPC,49,59,200.0,198.0,39600.0,2025-06-24
2025062404027458,HDHPC,57,59,513.0,198.0,101574.0,2025-06-24
2025062404027457,HDHPC,36,59,97.0,198.1,19215.7,2025-06-24
2025062404027456,HDHPC,52,59,510.0,198.1,101031.0,2025-06-24
2025062404027455,HDHPC,77,59,100.0,198.1,19810.0,2025-06-24
2025062404027454,HDHPC,67,59,380.0,198.1,75278.0,2025-06-24
2025062401017596,NYADI,41,88,10.0,410.0,4100.0,2025-06-24
2025062401017595,NBL,36,25,12.0,251.0,3012.0,2025-06-24
2025062401017594,TVCL,17,55,20.0,469.0,9380.0,2025-06-24
2025062404027453,AKJCL,26,42,16.0,210.8,3372.8,2025-06-24
2025062404027452,AKJCL,43,42,2500.0,210.8,527000.0,2025-06-24
2025062404027451,AKJCL,11,42,70.0,210.9,14763.0,2025-06-24
2025062404027450,AKJCL,6,42,100.0,211.0,21100.0,2025-06-24
2025062404027449,AKJCL,17,42,200.0,211.0,42200.0,2025-06-24
2025062404027448,AKJCL,8,42,500.0,211.0,105500.0,2025-06-24
2025062404027447,AKJCL,57,42,638.0,211.0,134618.0,2025-06-24
2025062404027446,AKJCL,49,42,100.0,211.1,21110.0,2025-06-24
2025062404027445,AKJCL,48,42,200.0,211.1,42220.0,2025-06-24
2025062404027444,AKJCL,62,42,40.0,211.1,8444.0,2025-06-24
2025062404027443,AKJCL,18,42,300.0,211.2,63360.0,2025-06-24
2025062401017593,SRLI,51,50,50.0,392.0,19600.0,2025-06-24
2025062401017592,SRLI,7,50,39.0,393.0,15327.0,2025-06-24
2025062403007028,SLBBL,21,13,12.0,851.2,10214.4,2025-06-24
2025062404027442,SSHL,36,41,20.0,249.9,4998.0,2025-06-24
2025062404027441,SSHL,36,26,500.0,249.9,124950.0,2025-06-24
2025062404027440,SSHL,36,19,110.0,249.5,27445.0,2025-06-24
2025062404027439,NHDL,1,49,15.0,655.0,9825.0,2025-06-24
2025062403007027,BFC,49,5,10.0,468.9,4689.0,2025-06-24
2025062403007026,SINDU,52,54,100.0,760.0,76000.0,2025-06-24
2025062404027438,GLH,57,47,10.0,264.0,2640.0,2025-06-24
2025062404027437,GLH,57,38,40.0,264.0,10560.0,2025-06-24
2025062404027436,BPCL,48,19,10.0,810.0,8100.0,2025-06-24
2025062404027435,IGI,94,1,50.0,516.9,25845.0,2025-06-24
2025062403007025,SADBL,1,57,10.0,397.0,3970.0,2025-06-24
2025062404027434,UPCL,38,65,150.0,412.0,61800.0,2025-06-24
2025062404027433,UPCL,38,57,50.0,411.9,20595.0,2025-06-24
2025062401017591,GBIME,43,17,975.0,230.1,224347.5,2025-06-24
2025062404027432,UMHL,62,54,10.0,545.0,5450.0,2025-06-24
2025062404027431,UMHL,62,32,100.0,545.0,54500.0,2025-06-24
2025062404027430,UMHL,62,74,15.0,545.0,8175.0,2025-06-24
2025062401017590,RFPL,56,35,100.0,570.1,57010.0,2025-06-24
2025062403007024,MDB,19,35,47.0,568.2,26705.4,2025-06-24
2025062403007023,MNBBL,18,26,200.0,353.9,70780.0,2025-06-24
2025062404027429,UNHPL,64,33,200.0,415.0,83000.0,2025-06-24
2025062401017589,RFPL,56,32,30.0,570.1,17103.0,2025-06-24
2025062404027428,AKJCL,50,35,10.0,211.9,2119.0,2025-06-24
2025062404027427,SPIL,59,40,16.0,790.2,12643.2,2025-06-24
2025062401017588,EHPL,34,16,10.0,545.0,5450.0,2025-06-24
2025062401017587,EHPL,34,40,41.0,544.0,22304.0,2025-06-24
2025062401017586,TAMOR,38,83,46.0,515.0,23690.0,2025-06-24
2025062401017585,TAMOR,38,52,54.0,514.9,27804.6,2025-06-24
2025062403007022,PROFL,6,95,200.0,475.0,95000.0,2025-06-24
2025062403007021,PROFL,26,95,100.0,475.3,47530.0,2025-06-24
2025062403007020,PROFL,36,95,200.0,477.3,95460.0,2025-06-24
2025062403007019,PROFL,41,95,100.0,478.0,47800.0,2025-06-24
2025062403007018,PROFL,25,95,50.0,478.1,23905.0,2025-06-24
2025062403007017,SAPDBL,18,66,1000.0,913.8,913800.0,2025-06-24
2025062403007016,JFL,49,16,100.0,460.2,46020.0,2025-06-24
2025062401017584,NICA,14,58,12.0,336.5,4038.0,2025-06-24
2025062404027426,API,48,25,50.0,293.0,14650.0,2025-06-24
2025062404027425,API,58,25,300.0,293.0,87900.0,2025-06-24
2025062403007015,JBBL,14,14,681.0,316.0,215196.0,2025-06-24
2025062403007014,JBBL,34,14,100.0,316.1,31610.0,2025-06-24
2025062404027424,SPDL,45,50,39.0,415.0,16185.0,2025-06-24
2025062404027423,SPDL,19,50,961.0,415.0,398815.0,2025-06-24
2025062404027422,UPCL,29,57,50.0,411.9,20595.0,2025-06-24
2025062401017583,BHDC,45,35,100.0,455.0,45500.0,2025-06-24
2025062404027421,AHPC,46,42,400.0,288.0,115200.0,2025-06-24
2025062404027420,AHPC,46,25,100.0,287.9,28790.0,2025-06-24
2025062403007013,MDB,19,14,570.0,568.2,323874.0,2025-06-24
2025062403007012,MDB,62,14,52.0,569.0,29588.0,2025-06-24
2025062404027419,MEN,91,3,20.0,590.0,11800.0,2025-06-24
2025062404027418,HPPL,34,48,28.0,568.0,15904.0,2025-06-24
2025062404027417,UPPER,34,42,10.0,195.0,1950.0,2025-06-24
2025062404027416,UPPER,34,4,320.0,195.0,62400.0,2025-06-24
2025062403007011,PMLI,58,48,91.0,492.0,44772.0,2025-06-24
2025062405009873,SONA,43,48,100.0,444.1,44410.0,2025-06-24
2025062403007010,SHINE,6,42,160.0,397.0,63520.0,2025-06-24
2025062404027415,BPCL,6,13,240.0,810.0,194400.0,2025-06-24
2025062404027414,BPCL,6,55,100.0,810.0,81000.0,2025-06-24
2025062404027413,BPCL,6,66,500.0,809.9,404950.0,2025-06-24
2025062404027412,BPCL,6,49,160.0,809.9,129584.0,2025-06-24
2025062405009872,CIT,45,38,237.0,1877.0,444849.0,2025-06-24
2025062405009871,CIT,53,38,20.0,1877.0,37540.0,2025-06-24
2025062404027411,UNHPL,14,95,250.0,413.1,103275.0,2025-06-24
2025062404027410,RADHI,82,65,560.0,806.0,451360.0,2025-06-24
2025062404027409,SHL,38,22,100.0,556.6,55660.0,2025-06-24
2025062404027408,SHL,17,22,100.0,556.6,55660.0,2025-06-24
2025062403007009,NADEP,22,38,40.0,820.0,32800.0,2025-06-24
2025062404027407,UPPER,22,4,35.0,195.0,6825.0,2025-06-24
2025062404027406,KPCL,63,22,10.0,555.0,5550.0,2025-06-24
2025062404027405,KPCL,34,22,500.0,555.0,277500.0,2025-06-24
2025062404027404,KPCL,49,22,300.0,555.0,166500.0,2025-06-24
2025062404027403,KPCL,59,22,15.0,555.0,8325.0,2025-06-24
2025062401017582,RAWA,6,42,10.0,776.2,7762.0,2025-06-24
2025062401017581,NMB,25,51,1588.0,235.2,373497.6,2025-06-24
2025062401017580,NMB,38,51,1000.0,235.2,235200.0,2025-06-24
2025062401017579,NMB,11,51,100.0,235.5,23550.0,2025-06-24
2025062401017578,NMB,58,51,2000.0,235.5,471000.0,2025-06-24
2025062401017577,NMB,95,51,100.0,235.5,23550.0,2025-06-24
2025062401017576,NMB,47,51,250.0,235.5,58875.0,2025-06-24
2025062401017575,NMB,14,51,300.0,235.6,70680.0,2025-06-24
2025062401017574,NMB,42,51,100.0,235.6,23560.0,2025-06-24
2025062401017573,NMB,22,51,1000.0,235.6,235600.0,2025-06-24
2025062401017572,NMB,45,51,232.0,235.6,54659.2,2025-06-24
2025062401017571,NMB,11,51,250.0,235.7,58925.0,2025-06-24
2025062401017570,NMB,3,51,100.0,235.8,23580.0,2025-06-24
2025062401017569,NMB,3,51,100.0,235.8,23580.0,2025-06-24
2025062401017568,NMB,45,51,100.0,236.0,23600.0,2025-06-24
2025062401017567,NMB,11,51,80.0,236.0,18880.0,2025-06-24
2025062404027402,NGPL,72,19,105.0,402.9,42304.5,2025-06-24
2025062403007008,NLIC,28,26,14.0,730.0,10220.0,2025-06-24
2025062401017566,HIDCLP,49,28,300.0,206.7,62010.0,2025-06-24
2025062401017565,HIDCLP,49,28,100.0,206.7,20670.0,2025-06-24
2025062401017564,HIDCLP,6,28,100.0,206.8,20680.0,2025-06-24
2025062404027401,SHPC,63,45,11.0,603.9,6642.9,2025-06-24
2025062401017563,PRVU,6,49,72.0,201.6,14515.2,2025-06-24
2025062401017562,PRVU,18,49,20.0,201.7,4034.0,2025-06-24
2025062401017561,PRVU,25,49,13.0,201.7,2622.1,2025-06-24
2025062404027400,LEC,54,34,444.0,215.0,95460.0,2025-06-24
2025062404027399,LEC,33,34,56.0,215.0,12040.0,2025-06-24
2025062404027398,NGPL,72,34,150.0,402.9,60435.0,2025-06-24
2025062401017560,OMPL,34,34,10.0,1385.0,13850.0,2025-06-24
2025062401017559,OMPL,34,29,40.0,1385.0,55400.0,2025-06-24
2025062404027397,AKJCL,34,35,80.0,211.9,16952.0,2025-06-24
2025062404027396,PPCL,21,36,75.0,372.9,27967.5,2025-06-24
2025062404027395,NHPC,45,21,242.0,213.3,51618.6,2025-06-24
2025062404027394,NHPC,58,21,158.0,213.4,33717.2,2025-06-24
2025062404027393,NHPC,57,21,100.0,213.6,21360.0,2025-06-24
2025062401017558,BHPL,50,6,71.0,750.0,53250.0,2025-06-24
2025062401017557,BHPL,25,6,50.0,750.0,37500.0,2025-06-24
2025062401017556,BHPL,36,6,50.0,751.0,37550.0,2025-06-24
2025062405009870,SMJC,42,38,10.0,516.2,5162.0,2025-06-24
2025062403007007,SIFC,45,43,27.0,514.1,13880.7,2025-06-24
2025062401017555,OMPL,45,26,163.0,1383.0,225429.0,2025-06-24
2025062401017554,OMPL,75,26,10.0,1383.1,13831.0,2025-06-24
2025062401017553,NYADI,57,8,45.0,413.0,18585.0,2025-06-24
2025062404027392,HURJA,32,22,557.0,253.1,140976.7,2025-06-24
2025062404027391,HURJA,49,22,10.0,253.1,2531.0,2025-06-24
2025062404027390,HURJA,32,22,633.0,253.1,160212.3,2025-06-24
2025062404027389,HURJA,84,22,250.0,253.2,63300.0,2025-06-24
2025062404027388,HURJA,6,22,50.0,253.2,12660.0,2025-06-24
2025062403007006,PFL,21,42,95.0,398.0,37810.0,2025-06-24
2025062403007005,PFL,42,42,100.0,398.0,39800.0,2025-06-24
2025062403007004,PFL,34,42,45.0,398.0,17910.0,2025-06-24
2025062403007003,PFL,42,42,260.0,399.0,103740.0,2025-06-24
2025062405009869,NRN,97,25,89.0,2049.0,182361.0,2025-06-24
2025062405009868,NRN,97,32,11.0,2049.0,22539.0,2025-06-24
2025062405009867,NTC,57,35,35.0,840.2,29407.0,2025-06-24
2025062401017552,PRVU,58,14,50.0,201.9,10095.0,2025-06-24
2025062405009866,NRN,58,86,50.0,2048.0,102400.0,2025-06-24
2025062405009865,MEL,55,14,10.0,302.0,3020.0,2025-06-24
2025062405009864,CLI,42,4,10.0,452.0,4520.0,2025-06-24
2025062404027387,BPCL,44,42,10.0,809.0,8090.0,2025-06-24
2025062405009863,VLUCL,43,80,100.0,597.6,59760.0,2025-06-24
2025062404027386,RIDI,36,41,50.0,261.2,13060.0,2025-06-24
2025062401017551,CZBIL,54,48,40.0,204.0,8160.0,2025-06-24
2025062404027385,PMHPL,82,97,256.0,409.1,104729.6,2025-06-24
2025062404027384,PMHPL,57,97,200.0,409.2,81840.0,2025-06-24
2025062405009862,HRL,17,52,10.0,884.0,8840.0,2025-06-24
2025062403007002,WNLB,17,46,20.0,1849.0,36980.0,2025-06-24
2025062403007001,WNLB,17,41,50.0,1849.0,92450.0,2025-06-24
2025062404027383,LEC,14,55,44.0,215.8,9495.2,2025-06-24
2025062404027382,LEC,14,44,200.0,215.5,43100.0,2025-06-24
2025062403007000,PFL,96,39,15.0,400.0,6000.0,2025-06-24
2025062403006999,SMB,43,52,10.0,2038.0,20380.0,2025-06-24
2025062403006998,SMB,43,35,10.0,2018.0,20180.0,2025-06-24
2025062405009861,HRL,83,65,100.0,883.0,88300.0,2025-06-24
2025062405009860,HRL,36,65,50.0,883.1,44155.0,2025-06-24
2025062405009859,HRL,43,65,100.0,883.5,88350.0,2025-06-24
2025062404027381,JOSHI,6,58,100.0,383.1,38310.0,2025-06-24
2025062404027380,SSHL,32,19,100.0,249.5,24950.0,2025-06-24
2025062404027379,UPPER,32,4,150.0,195.0,29250.0,2025-06-24
2025062405009858,HDL,42,58,41.0,1180.2,48388.2,2025-06-24
2025062405009857,HDL,38,58,50.0,1180.6,59030.0,2025-06-24
2025062403006997,GUFL,58,14,101.0,535.0,54035.0,2025-06-24
2025062403006996,SMB,53,58,10.0,2013.2,20132.0,2025-06-24
2025062401017550,NMIC,41,34,10.0,1568.1,15681.0,2025-06-24
2025062404027378,HURJA,6,1,100.0,253.2,25320.0,2025-06-24
2025062403006995,NUBL,17,34,20.0,677.3,13546.0,2025-06-24
2025062405009856,CHDC,60,38,134.0,2620.0,351080.0,2025-06-24
2025062405009855,CHDC,60,58,50.0,2620.0,131000.0,2025-06-24
2025062405009854,CHDC,60,17,60.0,2619.9,157194.0,2025-06-24
2025062405009853,CHDC,60,36,11.0,2619.7,28816.7,2025-06-24
2025062405009852,CHDC,60,7,100.0,2619.5,261950.0,2025-06-24
2025062405009851,CHDC,60,39,20.0,2619.0,52380.0,2025-06-24
2025062404027377,MEN,91,37,200.0,590.0,118000.0,2025-06-24
2025062404027376,SHEL,52,95,20.0,302.0,6040.0,2025-06-24
2025062401017549,MEHL,34,45,10.0,406.0,4060.0,2025-06-24
2025062404027375,SSHL,49,19,40.0,249.5,9980.0,2025-06-24
2025062401017548,HIDCLP,4,34,10.0,207.5,2075.0,2025-06-24
2025062403006994,SJLIC,45,45,10.0,422.0,4220.0,2025-06-24
2025062404027374,SHEL,45,95,1000.0,302.0,302000.0,2025-06-24
2025062401017547,KDL,55,91,60.0,1080.3,64818.0,2025-06-24
2025062404027373,HURJA,6,33,150.0,253.2,37980.0,2025-06-24
2025062404027372,HURJA,4,33,50.0,253.2,12660.0,2025-06-24
2025062401017546,KBL,42,67,200.0,202.0,40400.0,2025-06-24
2025062404027371,UPCL,38,65,10.0,412.0,4120.0,2025-06-24
2025062404027370,NGPL,43,13,300.0,403.0,120900.0,2025-06-24
2025062401017545,TVCL,17,39,80.0,469.0,37520.0,2025-06-24
2025062401017544,TVCL,52,39,50.0,469.0,23450.0,2025-06-24
2025062401017543,TVCL,34,39,50.0,469.1,23455.0,2025-06-24
2025062401017542,TVCL,42,39,30.0,469.2,14076.0,2025-06-24
2025062404027369,UPCL,22,65,50.0,412.0,20600.0,2025-06-24
2025062404027368,RIDI,45,22,333.0,261.0,86913.0,2025-06-24
2025062404027367,RIDI,58,22,380.0,261.0,99180.0,2025-06-24
2025062404027366,RIDI,6,22,100.0,261.0,26100.0,2025-06-24
2025062404027365,RIDI,71,22,100.0,261.0,26100.0,2025-06-24
2025062404027364,RIDI,58,22,32.0,261.0,8352.0,2025-06-24
2025062404027363,RIDI,51,22,55.0,261.1,14360.5,2025-06-24
2025062405009850,CIT,41,45,20.0,1878.0,37560.0,2025-06-24
2025062403006993,MPFL,6,42,50.0,583.0,29150.0,2025-06-24
2025062403006992,RSDC,58,42,16.0,648.0,10368.0,2025-06-24
2025062403006991,RSDC,49,42,14.0,648.1,9073.4,2025-06-24
2025062403006990,RSDC,52,42,15.0,648.2,9723.0,2025-06-24
2025062401017541,SRLI,7,41,11.0,393.0,4323.0,2025-06-24
2025062401017540,ANLB,7,38,10.0,5565.0,55650.0,2025-06-24
2025062405009849,HIDCL,49,42,100.0,290.5,29050.0,2025-06-24
2025062405009848,HIDCL,49,81,1400.0,290.5,406700.0,2025-06-24
2025062405009847,HDL,49,40,10.0,1181.0,11810.0,2025-06-24
2025062401017539,UHEWA,1,49,10.0,522.1,5221.0,2025-06-24
2025062401017538,SARBTM,1,49,93.0,826.0,76818.0,2025-06-24
2025062401017537,SARBTM,4,49,400.0,826.0,330400.0,2025-06-24
2025062401017536,SARBTM,42,49,20.0,826.0,16520.0,2025-06-24
2025062401017535,SARBTM,32,49,10.0,826.0,8260.0,2025-06-24
2025062401017534,SARBTM,42,49,20.0,826.1,16522.0,2025-06-24
2025062401017533,SARBTM,42,49,20.0,826.1,16522.0,2025-06-24
2025062401017532,SARBTM,1,49,1000.0,826.1,826100.0,2025-06-24
2025062401017531,SARBTM,47,49,27.0,826.3,22310.1,2025-06-24
2025062401017530,SARBTM,32,49,10.0,827.0,8270.0,2025-06-24
2025062404027362,SPDL,87,45,100.0,415.6,41560.0,2025-06-24
2025062404027361,BPCL,48,49,10.0,809.9,8099.0,2025-06-24
2025062404027360,LEC,33,62,411.0,215.0,88365.0,2025-06-24
2025062404027359,LEC,22,62,500.0,215.1,107550.0,2025-06-24
2025062404027358,LEC,35,62,89.0,215.1,19143.9,2025-06-24
2025062403006989,SAPDBL,71,49,300.0,913.0,273900.0,2025-06-24
2025062404027357,KKHC,36,45,265.0,384.0,101760.0,2025-06-24
2025062404027356,KKHC,36,62,50.0,383.9,19195.0,2025-06-24
2025062404027355,JOSHI,43,58,10.0,385.0,3850.0,2025-06-24
2025062401017529,SRLI,45,55,37.0,391.1,14470.7,2025-06-24
2025062401017528,SRLI,38,55,50.0,391.3,19565.0,2025-06-24
2025062401017527,SRLI,25,55,13.0,391.5,5089.5,2025-06-24
2025062401017526,SRLI,58,55,40.0,391.6,15664.0,2025-06-24
2025062401017525,SRLI,57,55,50.0,391.6,19580.0,2025-06-24
2025062401017524,SRLI,57,55,30.0,391.7,11751.0,2025-06-24
2025062401017523,SRLI,38,55,100.0,391.8,39180.0,2025-06-24
2025062401017522,SRLI,18,55,10.0,392.0,3920.0,2025-06-24
2025062401017521,SRLI,1,55,20.0,392.1,7842.0,2025-06-24
2025062401017520,PURE,51,25,120.0,976.0,117120.0,2025-06-24
2025062401017519,PURE,36,25,30.0,976.2,29286.0,2025-06-24
2025062401017518,PURE,4,25,10.0,976.2,9762.0,2025-06-24
2025062401017517,BHL,25,26,70.0,208.0,14560.0,2025-06-24
2025062401017516,EBL,7,29,17.0,635.1,10796.7,2025-06-24
2025062401017515,EBL,57,29,200.0,635.1,127020.0,2025-06-24
2025062401017514,EBL,34,29,140.0,635.1,88914.0,2025-06-24
2025062401017513,EBL,52,29,53.0,635.2,33665.6,2025-06-24
2025062401017512,EBL,29,29,90.0,636.0,57240.0,2025-06-24
2025062404027354,UPPER,58,4,10.0,195.0,1950.0,2025-06-24
2025062405009846,NICFC,45,7,100.0,9.29,929.0,2025-06-24
2025062405009845,NRN,42,33,11.0,2040.0,22440.0,2025-06-24
2025062401017511,NIBLSTF,34,58,100.0,8.35,835.0,2025-06-24
2025062404027353,BPCL,44,58,98.0,809.0,79282.0,2025-06-24
2025062404027352,HDHPC,67,57,30.0,198.1,5943.0,2025-06-24
2025062401017510,KBL,1,66,23.0,202.4,4655.2,2025-06-24
2025062405009844,KDBY,58,78,1860.0,9.69,18023.4,2025-06-24
2025062401017509,GMLI,6,48,10.0,2191.2,21912.0,2025-06-24
2025062404027351,RADHI,82,95,1000.0,806.0,806000.0,2025-06-24
2025062403006988,SKBBL,1,6,51.0,787.0,40137.0,2025-06-24
2025062404027350,LEC,6,44,300.0,215.5,64650.0,2025-06-24
2025062404027349,LEC,6,43,200.0,215.5,43100.0,2025-06-24
2025062401017508,BHDC,52,35,500.0,455.0,227500.0,2025-06-24
2025062401017507,BHDC,52,35,200.0,455.0,91000.0,2025-06-24
2025062401017506,BHDC,50,35,400.0,455.0,182000.0,2025-06-24
2025062401017505,SNLI,32,56,70.0,457.8,32046.0,2025-06-24
2025062405009843,MBJC,88,58,25.0,327.0,8175.0,2025-06-24
2025062404027348,SPIL,43,50,500.0,790.1,395050.0,2025-06-24
2025062403006987,SWMF,51,19,10.0,684.0,6840.0,2025-06-24
2025062405009842,SMJC,42,19,122.0,516.2,62976.4,2025-06-24
2025062405009841,SMJC,55,19,28.0,516.2,14453.6,2025-06-24
2025062405009840,SMJC,57,19,50.0,517.0,25850.0,2025-06-24
2025062403006986,NMFBS,6,45,40.0,1206.0,48240.0,2025-06-24
2025062401017504,PURE,4,41,10.0,976.2,9762.0,2025-06-24
2025062405009839,HIDCL,33,81,1000.0,290.5,290500.0,2025-06-24
2025062401017503,TAMOR,50,14,10.0,513.1,5131.0,2025-06-24
2025062403006985,MPFL,6,35,40.0,583.0,23320.0,2025-06-24
2025062404027347,RIDI,47,41,50.0,261.2,13060.0,2025-06-24
2025062404027346,JOSHI,47,58,10.0,385.0,3850.0,2025-06-24
2025062403006984,RLFL,88,38,10.0,464.0,4640.0,2025-06-24
2025062401017502,TPC,58,59,375.0,369.0,138375.0,2025-06-24
2025062401017501,SCB,14,50,231.0,611.0,141141.0,2025-06-24
2025062401017500,SCB,95,50,90.0,611.0,54990.0,2025-06-24
2025062401017499,SCB,25,50,10.0,611.6,6116.0,2025-06-24
2025062401017498,SCB,33,50,27.0,611.6,16513.2,2025-06-24
2025062401017497,SCB,38,50,10.0,611.7,6117.0,2025-06-24
2025062401017496,SCB,54,50,82.0,611.7,50159.4,2025-06-24
2025062401017495,SCB,7,50,50.0,611.8,30590.0,2025-06-24
2025062405009838,HDL,14,40,11.0,1181.0,12991.0,2025-06-24
2025062405009837,SAHAS,52,47,130.0,552.5,71825.0,2025-06-24
2025062401017494,BHL,44,26,500.0,208.0,104000.0,2025-06-24
2025062404027345,SPDL,19,45,39.0,415.0,16185.0,2025-06-24
2025062404027344,SPDL,65,45,245.0,415.4,101773.0,2025-06-24
2025062404027343,SPDL,36,45,116.0,415.5,48198.0,2025-06-24
2025062404027342,MEN,80,41,1000.0,590.4,590400.0,2025-06-24
2025062404027341,BPCL,58,3,578.0,808.1,467081.8,2025-06-24
2025062404027340,PMHPL,34,48,70.0,411.0,28770.0,2025-06-24
2025062404027339,PMHPL,34,39,500.0,410.9,205450.0,2025-06-24
2025062404027338,PMHPL,34,14,10.0,410.0,4100.0,2025-06-24
2025062404027337,PMHPL,34,49,420.0,410.0,172200.0,2025-06-24
2025062401017493,CREST,48,57,10.0,1362.0,13620.0,2025-06-24
2025062404027336,SHEL,34,95,100.0,302.0,30200.0,2025-06-24
2025062404027335,SHEL,13,95,670.0,302.0,202340.0,2025-06-24
2025062401017492,PURE,4,96,10.0,976.2,9762.0,2025-06-24
2025062404027334,API,58,25,200.0,293.0,58600.0,2025-06-24
2025062404027333,API,45,25,100.0,293.0,29300.0,2025-06-24
2025062405009836,SHIVM,58,22,53.0,504.0,26712.0,2025-06-24
2025062404027332,NGPL,72,96,736.0,402.9,296534.4,2025-06-24
2025062403006983,MERO,42,58,310.0,724.5,224595.0,2025-06-24
2025062403006982,MERO,45,58,90.0,725.0,65250.0,2025-06-24
2025062404027331,KPCL,59,58,110.0,555.0,61050.0,2025-06-24
2025062403006981,CORBL,14,42,10.0,2145.0,21450.0,2025-06-24
2025062405009835,SAHAS,58,34,216.0,551.5,119124.0,2025-06-24
2025062405009834,SAHAS,42,34,84.0,551.5,46326.0,2025-06-24
2025062401017491,PURE,34,32,10.0,977.0,9770.0,2025-06-24
2025062404027330,HPPL,76,57,200.0,569.0,113800.0,2025-06-24
2025062401017490,RAWA,6,56,80.0,776.2,62096.0,2025-06-24
2025062401017489,RAWA,37,56,100.0,776.3,77630.0,2025-06-24
2025062401017488,RAWA,43,56,10.0,776.4,7764.0,2025-06-24
2025062401017487,RAWA,39,56,10.0,776.4,7764.0,2025-06-24
2025062403006980,MNBBL,17,17,15.0,353.9,5308.5,2025-06-24
2025062401017486,NMIC,47,41,18.0,1568.0,28224.0,2025-06-24
2025062401017485,PRVU,58,14,33.0,201.9,6662.7,2025-06-24
2025062404027329,MHNL,32,40,20.0,265.2,5304.0,2025-06-24
2025062404027328,UPCL,36,40,15.0,411.2,6168.0,2025-06-24
2025062404027327,UPCL,38,40,285.0,411.9,117391.5,2025-06-24
2025062404027326,RADHI,82,69,1000.0,806.0,806000.0,2025-06-24
2025062403006979,SINDU,22,13,10.0,761.9,7619.0,2025-06-24
2025062405009833,ILI,19,39,10.0,436.0,4360.0,2025-06-24
2025062401017484,OMPL,75,45,10.0,1383.1,13831.0,2025-06-24
2025062403006978,PFL,58,39,30.0,400.0,12000.0,2025-06-24
2025062403006977,PFL,58,41,50.0,400.0,20000.0,2025-06-24
2025062404027325,NGPL,50,36,11.0,402.0,4422.0,2025-06-24
2025062404027324,NGPL,39,36,59.0,402.0,23718.0,2025-06-24
2025062404027323,NGPL,91,36,10.0,402.1,4021.0,2025-06-24
2025062404027322,NGPL,58,36,400.0,402.1,160840.0,2025-06-24
2025062405009832,ENL,57,42,10.0,1089.0,10890.0,2025-06-24
2025062405009831,NRN,97,86,100.0,2048.0,204800.0,2025-06-24
2025062405009830,PHCL,49,47,10.0,499.0,4990.0,2025-06-24
2025062405009829,PHCL,49,6,10.0,498.0,4980.0,2025-06-24
2025062405009828,PHCL,49,21,10.0,498.0,4980.0,2025-06-24
2025062403006976,KSBBL,42,50,100.0,441.5,44150.0,2025-06-24
2025062401017483,LSL,41,59,10.0,212.0,2120.0,2025-06-24
2025062401017482,NMIC,71,41,52.0,1568.0,81536.0,2025-06-24
2025062405009827,HIDCL,40,6,300.0,290.0,87000.0,2025-06-24
2025062403006975,SMPDA,62,48,17.0,912.0,15504.0,2025-06-24
2025062403006974,ACLBSL,5,43,18.0,1017.0,18306.0,2025-06-24
2025062403006973,ACLBSL,57,43,85.0,1018.0,86530.0,2025-06-24
2025062403006972,ACLBSL,71,43,37.0,1018.1,37669.7,2025-06-24
2025062401017481,BHDC,32,47,50.0,456.0,22800.0,2025-06-24
2025062404027321,SHEL,13,59,60.0,302.0,18120.0,2025-06-24
2025062401017480,PURE,4,39,10.0,976.2,9762.0,2025-06-24
2025062401017479,OMPL,45,4,20.0,1383.0,27660.0,2025-06-24
2025062404027320,SHEL,13,55,60.0,302.0,18120.0,2025-06-24
2025062405009826,NIFRA,58,19,74.0,273.4,20231.6,2025-06-24
2025062401017478,PPL,25,44,10.0,384.7,3847.0,2025-06-24
2025062404027319,CGH,53,32,100.0,950.0,95000.0,2025-06-24
2025062401017477,SARBTM,5,39,200.0,829.6,165920.0,2025-06-24
2025062403006971,MNBBL,58,45,55.0,354.0,19470.0,2025-06-24
2025062405009825,NRN,42,1,27.0,2040.0,55080.0,2025-06-24
2025062405009824,NRN,37,1,30.0,2040.0,61200.0,2025-06-24
2025062405009823,NRN,58,1,10.0,2040.0,20400.0,2025-06-24
2025062405009822,NRN,45,1,21.0,2040.0,42840.0,2025-06-24
2025062405009821,NRN,14,1,50.0,2040.2,102010.0,2025-06-24
2025062405009820,NRN,56,1,22.0,2041.0,44902.0,2025-06-24
2025062401017476,RFPL,56,41,136.0,570.0,77520.0,2025-06-24
2025062403006970,CORBL,71,43,20.0,2160.0,43200.0,2025-06-24
2025062401017475,DORDI,17,6,100.0,329.0,32900.0,2025-06-24
2025062404027318,JOSHI,38,56,10.0,384.0,3840.0,2025-06-24
2025062401017474,DOLTI,35,36,10.0,554.0,5540.0,2025-06-24
2025062403006969,GMFIL,48,58,837.0,475.0,397575.0,2025-06-24
2025062404027317,BPCL,48,58,10.0,809.0,8090.0,2025-06-24
2025062401017473,NMIC,43,41,10.0,1568.0,15680.0,2025-06-24
2025062401017472,SIKLES,38,38,10.0,841.0,8410.0,2025-06-24
2025062404027316,SHPC,38,60,1000.0,603.0,603000.0,2025-06-24
2025062404027315,SHPC,38,40,50.0,603.0,30150.0,2025-06-24
2025062404027314,SHPC,38,22,400.0,603.0,241200.0,2025-06-24
2025062404027313,SHPC,38,45,300.0,603.0,180900.0,2025-06-24
2025062404027312,CHCL,63,42,10.0,536.5,5365.0,2025-06-24
2025062405009819,MBJC,22,29,124.0,326.0,40424.0,2025-06-24
2025062405009818,MBJC,55,29,1000.0,326.0,326000.0,2025-06-24
2025062405009817,MBJC,41,29,300.0,326.0,97800.0,2025-06-24
2025062405009816,MBJC,13,29,100.0,326.0,32600.0,2025-06-24
2025062405009815,MBJC,6,29,296.0,326.0,96496.0,2025-06-24
2025062405009814,MBJC,36,29,500.0,326.1,163050.0,2025-06-24
2025062405009813,MBJC,41,29,300.0,326.2,97860.0,2025-06-24
2025062405009812,MBJC,17,29,3000.0,326.2,978600.0,2025-06-24
2025062405009811,MBJC,60,29,400.0,326.2,130480.0,2025-06-24
2025062405009810,MBJC,60,29,105.0,326.4,34272.0,2025-06-24
2025062403006968,SIFC,45,29,473.0,514.1,243169.3,2025-06-24
2025062403006967,SIFC,51,29,50.0,514.1,25705.0,2025-06-24
2025062403006966,SIFC,44,29,10.0,514.1,5141.0,2025-06-24
2025062404027311,UNHPL,14,7,117.0,413.1,48332.7,2025-06-24
2025062404027310,UNHPL,43,7,200.0,413.3,82660.0,2025-06-24
2025062404027309,UNHPL,34,7,50.0,414.0,20700.0,2025-06-24
2025062403006965,GMFBS,45,58,40.0,1455.0,58200.0,2025-06-24
2025062401017471,RFPL,50,41,164.0,570.0,93480.0,2025-06-24
2025062401017470,DORDI,41,6,100.0,329.0,32900.0,2025-06-24
2025062405009809,MBJC,64,58,3510.0,327.0,1147770.0,2025-06-24
2025062405009808,MBJC,64,8,490.0,327.0,160230.0,2025-06-24
2025062403006964,DDBL,48,48,75.0,784.0,58800.0,2025-06-24
2025062403006963,DDBL,16,48,16.0,784.0,12544.0,2025-06-24
2025062403006962,DDBL,6,48,10.0,785.0,7850.0,2025-06-24
2025062401017469,RFPL,48,37,10.0,572.0,5720.0,2025-06-24
2025062401017468,NESDO,56,37,181.0,1500.0,271500.0,2025-06-24
2025062401017467,NESDO,56,37,69.0,1500.0,103500.0,2025-06-24
2025062404027308,RHPL,39,21,70.0,375.0,26250.0,2025-06-24
2025062404027307,RHPL,39,22,40.0,375.0,15000.0,2025-06-24
2025062404027306,RHPL,39,50,10.0,375.0,3750.0,2025-06-24
2025062401017466,HHL,45,4,500.0,385.1,192550.0,2025-06-24
2025062404027305,SHL,25,53,500.0,556.6,278300.0,2025-06-24
2025062403006961,PROFL,22,38,50.0,480.0,24000.0,2025-06-24
2025062405009807,HRL,44,48,10.0,884.0,8840.0,2025-06-24
2025062401017465,NMIC,58,41,100.0,1568.0,156800.0,2025-06-24
2025062401017464,PURE,4,41,10.0,976.2,9762.0,2025-06-24
2025062404027304,UNHPL,49,33,30.0,415.0,12450.0,2025-06-24
2025062404027303,UNHPL,49,59,20.0,414.3,8286.0,2025-06-24
2025062401017463,RFPL,50,71,300.0,570.0,171000.0,2025-06-24
2025062401017462,NMB,11,43,20.0,236.0,4720.0,2025-06-24
2025062401017461,NMB,26,43,70.0,236.0,16520.0,2025-06-24
2025062401017460,NMB,40,43,500.0,236.1,118050.0,2025-06-24
2025062403006960,VLBS,17,59,60.0,783.2,46992.0,2025-06-24
2025062405009806,HRL,64,45,200.0,883.0,176600.0,2025-06-24
2025062405009805,HRL,42,45,10.0,883.1,8831.0,2025-06-24
2025062405009804,NRN,97,86,50.0,2048.0,102400.0,2025-06-24
2025062405009803,NRN,97,59,50.0,2045.2,102260.0,2025-06-24
2025062401017459,EBL,29,42,10.0,636.0,6360.0,2025-06-24
2025062404027302,UPCL,49,65,100.0,412.0,41200.0,2025-06-24
2025062401017458,SNLI,34,56,169.0,457.8,77368.2,2025-06-24
2025062401017457,SNLI,34,42,100.0,457.7,45770.0,2025-06-24
2025062401017456,SNLI,34,58,12.0,457.0,5484.0,2025-06-24
2025062405009802,SONA,43,35,700.0,444.1,310870.0,2025-06-24
2025062403006959,SADBL,41,35,69.0,394.1,27192.9,2025-06-24
2025062404027301,UAIL,33,39,68.0,575.0,39100.0,2025-06-24
2025062404027300,UAIL,38,39,50.0,575.0,28750.0,2025-06-24
2025062404027299,UAIL,50,39,200.0,575.0,115000.0,2025-06-24
2025062404027298,UAIL,55,39,10.0,575.0,5750.0,2025-06-24
2025062404027297,UAIL,38,39,100.0,575.0,57500.0,2025-06-24
2025062404027296,UAIL,7,39,10.0,575.0,5750.0,2025-06-24
2025062404027295,UAIL,7,39,10.0,575.0,5750.0,2025-06-24
2025062404027294,UAIL,82,39,177.0,575.0,101775.0,2025-06-24
2025062404027293,UAIL,1,39,200.0,576.0,115200.0,2025-06-24
2025062404027292,UAIL,41,39,25.0,577.0,14425.0,2025-06-24
2025062401017455,ADBL,16,44,200.0,282.0,56400.0,2025-06-24
2025062404027291,KKHC,29,45,350.0,384.0,134400.0,2025-06-24
2025062404027290,SPDL,36,41,34.0,415.5,14127.0,2025-06-24
2025062401017454,ADBL,58,52,45.0,282.0,12690.0,2025-06-24
2025062403006958,SAPDBL,55,58,70.0,910.0,63700.0,2025-06-24
2025062405009801,SHIVM,58,21,186.0,504.0,93744.0,2025-06-24
2025062403006957,SADBL,41,34,200.0,394.1,78820.0,2025-06-24
2025062404027289,CHCL,1,58,25.0,536.0,13400.0,2025-06-24
2025062404027288,CHCL,1,26,10.0,536.0,5360.0,2025-06-24
2025062404027287,CHCL,1,38,274.0,536.0,146864.0,2025-06-24
2025062404027286,AKPL,57,45,200.0,259.5,51900.0,2025-06-24
2025062404027285,GLH,51,35,10.0,263.9,2639.0,2025-06-24
2025062405009800,HRL,42,48,40.0,883.1,35324.0,2025-06-24
2025062405009799,HRL,22,48,50.0,883.2,44160.0,2025-06-24
2025062405009798,HRL,26,48,10.0,883.5,8835.0,2025-06-24
2025062401017453,PCBL,43,48,246.0,236.6,58203.6,2025-06-24
2025062401017452,BHL,44,26,300.0,208.0,62400.0,2025-06-24
2025062401017451,BHL,55,26,50.0,208.0,10400.0,2025-06-24
2025062401017450,BHL,49,26,372.0,208.0,77376.0,2025-06-24
2025062404027284,SHPC,43,45,50.0,603.0,30150.0,2025-06-24
2025062404027283,SHEL,13,33,210.0,302.0,63420.0,2025-06-24
2025062404027282,HEI,33,45,383.0,560.0,214480.0,2025-06-24
2025062404027281,HEI,1,45,65.0,560.1,36406.5,2025-06-24
2025062404027280,HEI,19,45,132.0,560.2,73946.4,2025-06-24
2025062404027279,HEI,38,45,30.0,560.3,16809.0,2025-06-24
2025062404027278,HEI,19,45,50.0,560.4,28020.0,2025-06-24
2025062404027277,HEI,32,45,10.0,561.0,5610.0,2025-06-24
2025062404027276,HEI,58,45,50.0,562.0,28100.0,2025-06-24
2025062404027275,UMRH,21,40,50.0,574.0,28700.0,2025-06-24
2025062404027274,PPCL,34,22,250.0,373.0,93250.0,2025-06-24
2025062404027273,HPPL,95,42,100.0,568.0,56800.0,2025-06-24
2025062404027272,UPCL,38,65,10.0,412.0,4120.0,2025-06-24
2025062404027271,HURJA,4,65,100.0,253.2,25320.0,2025-06-24
2025062405009797,HDL,25,49,44.0,1181.0,51964.0,2025-06-24
2025062404027270,BPCL,62,58,39.0,809.0,31551.0,2025-06-24
2025062404027269,KKHC,40,45,37.0,384.0,14208.0,2025-06-24
2025062404027268,BPCL,62,42,110.0,809.0,88990.0,2025-06-24
2025062404027267,RIDI,58,41,50.0,261.2,13060.0,2025-06-24
2025062404027266,RIDI,95,41,300.0,261.2,78360.0,2025-06-24
2025062401017449,TSHL,4,43,120.0,621.0,74520.0,2025-06-24
2025062401017448,AVYAN,66,45,100.0,984.0,98400.0,2025-06-24
2025062401017447,BHL,49,39,100.0,208.0,20800.0,2025-06-24
2025062404027265,KKHC,40,22,63.0,384.0,24192.0,2025-06-24
2025062404027264,SPDL,65,13,150.0,415.4,62310.0,2025-06-24
2025062404027263,NGPL,68,96,11.0,402.9,4431.9,2025-06-24
2025062401017446,CREST,52,58,10.0,1362.0,13620.0,2025-06-24
2025062401017445,MHL,33,63,200.0,571.0,114200.0,2025-06-24
2025062401017444,MKHC,42,6,30.0,419.0,12570.0,2025-06-24
2025062401017443,MKHC,42,58,10.0,419.0,4190.0,2025-06-24
2025062401017442,MKHC,42,7,60.0,419.0,25140.0,2025-06-24
2025062404027262,HPPL,87,42,50.0,568.0,28400.0,2025-06-24
2025062401017441,KBL,42,42,124.0,202.0,25048.0,2025-06-24
2025062401017440,KBL,45,42,376.0,202.0,75952.0,2025-06-24
2025062404027261,SHEL,42,33,50.0,302.0,15100.0,2025-06-24
2025062401017439,SPC,63,21,100.0,486.0,48600.0,2025-06-24
2025062401017438,SPC,29,21,100.0,487.0,48700.0,2025-06-24
2025062401017437,SPC,25,21,100.0,487.0,48700.0,2025-06-24
2025062403006956,MNBBL,58,13,11.0,353.7,3890.7,2025-06-24
2025062404027260,AHPC,5,35,200.0,287.0,57400.0,2025-06-24
2025062404027259,AHPC,5,42,288.0,287.0,82656.0,2025-06-24
2025062405009796,SAHAS,42,3,20.0,551.5,11030.0,2025-06-24
2025062405009795,RNLI,58,21,10.0,434.0,4340.0,2025-06-24
2025062403006955,SINDU,11,43,10.0,761.0,7610.0,2025-06-24
2025062403006954,MLBSL,1,4,10.0,2099.0,20990.0,2025-06-24
2025062401017436,PURE,4,35,10.0,976.2,9762.0,2025-06-24
2025062401017435,PURE,4,48,10.0,976.2,9762.0,2025-06-24
2025062403006953,ALBSL,44,47,19.0,801.0,15219.0,2025-06-24
2025062403006952,ALBSL,44,65,11.0,800.0,8800.0,2025-06-24
2025062403006951,ALBSL,44,7,20.0,800.0,16000.0,2025-06-24
2025062401017434,OMPL,65,41,10.0,1385.0,13850.0,2025-06-24
2025062401017433,OMPL,65,58,10.0,1385.0,13850.0,2025-06-24
2025062401017432,OMPL,65,78,10.0,1384.0,13840.0,2025-06-24
2025062401017431,NYADI,57,22,100.0,413.0,41300.0,2025-06-24
2025062401017430,NIMB,45,26,20.0,207.9,4158.0,2025-06-24
2025062401017429,NMIC,58,41,10.0,1568.0,15680.0,2025-06-24
2025062405009794,CHDC,25,57,12.0,2611.2,31334.4,2025-06-24
2025062404027258,SHEL,35,33,300.0,302.0,90600.0,2025-06-24
2025062404027257,NGPL,58,59,100.0,402.1,40210.0,2025-06-24
2025062404027256,NHPC,45,38,246.0,213.3,52471.8,2025-06-24
2025062404027255,NHPC,6,38,10.0,213.4,2134.0,2025-06-24
2025062404027254,NHPC,58,38,1000.0,213.5,213500.0,2025-06-24
2025062404027253,NHPC,55,38,111.0,213.5,23698.5,2025-06-24
2025062404027252,NHPC,16,38,67.0,213.5,14304.5,2025-06-24
2025062404027251,NHPC,42,38,100.0,213.6,21360.0,2025-06-24
2025062404027250,NHPC,39,38,466.0,213.6,99537.6,2025-06-24
2025062404027249,MEN,80,25,1000.0,590.4,590400.0,2025-06-24
2025062404027248,RADHI,82,50,400.0,805.0,322000.0,2025-06-24
2025062404027247,BPCL,62,82,90.0,809.0,72810.0,2025-06-24
2025062401017428,MANDU,41,42,100.0,854.0,85400.0,2025-06-24
2025062404027246,SHPC,81,58,43.0,601.8,25877.4,2025-06-24
2025062404027245,SHPC,54,58,100.0,601.8,60180.0,2025-06-24
2025062404027244,SHPC,44,58,190.0,601.8,114342.0,2025-06-24
2025062404027243,SHPC,58,58,26.0,602.0,15652.0,2025-06-24
2025062404027242,BPCL,62,43,117.0,809.0,94653.0,2025-06-24
2025062404027241,PPCL,43,22,890.0,373.0,331970.0,2025-06-24
2025062404027240,PPCL,43,22,110.0,373.0,41030.0,2025-06-24
2025062404027239,UPCL,66,22,50.0,411.9,20595.0,2025-06-24
2025062405009793,CLI,49,72,21.0,451.1,9473.1,2025-06-24
2025062405009792,SMJC,55,29,21.0,516.2,10840.2,2025-06-24
2025062405009791,SMJC,29,29,20.0,516.3,10326.0,2025-06-24
2025062405009790,SMJC,34,29,30.0,518.0,15540.0,2025-06-24
2025062404027238,SHEL,28,33,200.0,302.0,60400.0,2025-06-24
2025062405009789,NIFRA,57,81,953.0,273.0,260169.0,2025-06-24
2025062405009788,NIFRA,44,81,46.0,273.1,12562.6,2025-06-24
2025062404027237,GLH,42,38,50.0,264.0,13200.0,2025-06-24
2025062404027236,UPPER,42,4,20.0,195.0,3900.0,2025-06-24
2025062405009787,NRIC,44,64,45.0,1210.1,54454.5,2025-06-24
2025062405009786,NRIC,49,64,20.0,1210.2,24204.0,2025-06-24
2025062404027235,NGPL,39,35,100.0,402.0,40200.0,2025-06-24
2025062401017427,SPHL,41,35,20.0,645.0,12900.0,2025-06-24
2025062404027234,RADHI,45,50,100.0,806.1,80610.0,2025-06-24
2025062401017426,KBL,45,66,56.0,202.0,11312.0,2025-06-24
2025062404027233,JOSHI,45,56,200.0,385.0,77000.0,2025-06-24
2025062405009785,SONA,43,45,10.0,444.1,4441.0,2025-06-24
2025062404027232,BPCL,62,11,100.0,809.0,80900.0,2025-06-24
2025062404027231,PMHPL,22,49,80.0,410.0,32800.0,2025-06-24
2025062404027230,HURJA,32,6,100.0,253.1,25310.0,2025-06-24
2025062404027229,UMHL,25,74,100.0,545.0,54500.0,2025-06-24
2025062404027228,UMHL,44,74,385.0,545.0,209825.0,2025-06-24
2025062404027227,PRIN,40,56,657.0,843.0,553851.0,2025-06-24
2025062404027226,PRIN,22,56,50.0,844.0,42200.0,2025-06-24
2025062404027225,PRIN,58,56,100.0,844.0,84400.0,2025-06-24
2025062404027224,PRIN,58,56,50.0,844.1,42205.0,2025-06-24
2025062404027223,PRIN,58,56,10.0,844.1,8441.0,2025-06-24
2025062404027222,PRIN,58,56,20.0,844.1,16882.0,2025-06-24
2025062404027221,PRIN,58,56,40.0,844.1,33764.0,2025-06-24
2025062404027220,PRIN,58,56,30.0,844.1,25323.0,2025-06-24
2025062404027219,PRIN,58,56,20.0,844.2,16884.0,2025-06-24
2025062404027218,PRIN,48,56,100.0,844.2,84420.0,2025-06-24
2025062404027217,PRIN,58,56,50.0,844.2,42210.0,2025-06-24
2025062404027216,UNHPL,34,56,350.0,414.0,144900.0,2025-06-24
2025062404027215,UNHPL,32,56,550.0,414.1,227755.0,2025-06-24
2025062405009784,HIDCL,43,81,500.0,290.5,145250.0,2025-06-24
2025062404027214,HPPL,38,57,100.0,569.0,56900.0,2025-06-24
2025062405009783,ILI,38,39,20.0,436.0,8720.0,2025-06-24
2025062403006950,HLI,4,20,12.0,383.0,4596.0,2025-06-24
2025062403006949,HLI,4,58,48.0,383.0,18384.0,2025-06-24
2025062401017425,NMBHF2,4,6,100.0,8.7,870.0,2025-06-24
2025062404027213,NGPL,22,96,512.0,402.9,206284.8,2025-06-24
2025062404027212,NGPL,22,57,50.0,402.8,20140.0,2025-06-24
2025062404027211,NGPL,22,21,410.0,402.5,165025.0,2025-06-24
2025062404027210,NGPL,22,14,28.0,402.4,11267.2,2025-06-24
2025062404027209,SHEL,19,33,225.0,302.0,67950.0,2025-06-24
2025062404027208,SHEL,19,48,925.0,302.0,279350.0,2025-06-24
2025062401017424,JBLB,58,16,100.0,1300.0,130000.0,2025-06-24
2025062401017423,JBLB,58,57,20.0,1300.0,26000.0,2025-06-24
2025062401017422,JBLB,58,45,22.0,1300.0,28600.0,2025-06-24
2025062401017421,JBLB,58,8,25.0,1300.0,32500.0,2025-06-24
2025062401017420,JBLB,58,70,50.0,1299.0,64950.0,2025-06-24
2025062401017419,JBLB,58,17,10.0,1298.9,12989.0,2025-06-24
2025062403006948,CORBL,14,41,20.0,2145.0,42900.0,2025-06-24
2025062403006947,CORBL,35,41,30.0,2145.0,64350.0,2025-06-24
2025062403006946,CORBL,17,41,40.0,2145.1,85804.0,2025-06-24
2025062403006945,CORBL,34,41,10.0,2146.0,21460.0,2025-06-24
2025062401017418,OMPL,45,21,10.0,1383.0,13830.0,2025-06-24
2025062403006944,NLICL,34,67,10.0,573.0,5730.0,2025-06-24
2025062404027207,NICL,42,58,10.0,583.0,5830.0,2025-06-24
2025062405009782,MBJC,42,8,10.0,327.0,3270.0,2025-06-24
2025062401017417,HIDCLP,32,48,120.0,207.0,24840.0,2025-06-24
2025062401017416,HIDCLP,65,48,1000.0,207.0,207000.0,2025-06-24
2025062401017415,HIDCLP,11,48,1000.0,207.0,207000.0,2025-06-24
2025062401017414,HIDCLP,57,48,780.0,207.0,161460.0,2025-06-24
2025062401017413,HIDCLP,58,48,100.0,207.1,20710.0,2025-06-24
2025062401017412,BEDC,21,36,100.0,636.1,63610.0,2025-06-24
2025062404027206,JOSHI,67,56,200.0,385.0,77000.0,2025-06-24
2025062404027205,JOSHI,44,56,10.0,385.0,3850.0,2025-06-24
2025062404027204,JOSHI,35,56,580.0,385.0,223300.0,2025-06-24
2025062405009781,HRL,22,37,20.0,883.2,17664.0,2025-06-24
2025062403006943,KSBBL,17,50,95.0,441.0,41895.0,2025-06-24
2025062403006942,KSBBL,1,50,170.0,441.0,74970.0,2025-06-24
2025062404027203,UNHPL,75,59,80.0,414.3,33144.0,2025-06-24
2025062405009780,CIT,1,38,50.0,1877.0,93850.0,2025-06-24
2025062405009779,CIT,5,38,10.0,1877.0,18770.0,2025-06-24
2025062405009778,CIT,49,38,73.0,1877.0,137021.0,2025-06-24
2025062401017411,KDL,55,91,43.0,1080.3,46452.9,2025-06-24
2025062401017410,KDL,57,91,107.0,1080.4,115602.8,2025-06-24
2025062401017409,KDL,39,91,10.0,1080.5,10805.0,2025-06-24
2025062401017408,KDL,38,91,40.0,1080.6,43224.0,2025-06-24
2025062404027202,SHEL,19,48,500.0,302.0,151000.0,2025-06-24
2025062404027201,AKJCL,57,87,153.0,211.0,32283.0,2025-06-24
2025062404027200,AKJCL,38,87,100.0,211.0,21100.0,2025-06-24
2025062404027199,AKJCL,49,87,1000.0,211.0,211000.0,2025-06-24
2025062404027198,AKJCL,26,87,300.0,211.0,63300.0,2025-06-24
2025062404027197,AKJCL,42,87,250.0,211.0,52750.0,2025-06-24
2025062404027196,AKJCL,57,87,200.0,211.0,42200.0,2025-06-24
2025062404027195,AKJCL,52,87,14.0,211.0,2954.0,2025-06-24
2025062404027194,AKJCL,22,87,633.0,211.0,133563.0,2025-06-24
2025062404027193,AKJCL,22,87,350.0,211.1,73885.0,2025-06-24
2025062401017407,DORDI,1,75,155.0,330.0,51150.0,2025-06-24
2025062401017406,DORDI,1,6,200.0,329.0,65800.0,2025-06-24
2025062401017405,DORDI,1,6,200.0,329.0,65800.0,2025-06-24
2025062401017404,DORDI,1,6,400.0,329.0,131600.0,2025-06-24
2025062401017403,DORDI,1,42,45.0,329.0,14805.0,2025-06-24
2025062405009777,RNLI,35,21,37.0,434.0,16058.0,2025-06-24
2025062405009776,RNLI,35,16,66.0,434.0,28644.0,2025-06-24
2025062403006941,CBBL,52,47,183.0,880.2,161076.6,2025-06-24
2025062404027192,AKPL,40,98,2371.0,258.0,611718.0,2025-06-24
2025062404027191,AKPL,56,98,500.0,258.0,129000.0,2025-06-24
2025062404027190,AKPL,57,98,10.0,258.0,2580.0,2025-06-24
2025062404027189,AKPL,55,98,385.0,258.0,99330.0,2025-06-24
2025062404027188,AKPL,42,98,400.0,258.0,103200.0,2025-06-24
2025062404027187,AKPL,41,98,770.0,258.1,198737.0,2025-06-24
2025062404027186,AKPL,45,98,500.0,258.1,129050.0,2025-06-24
2025062404027185,AKPL,40,98,500.0,258.1,129050.0,2025-06-24
2025062404027184,AKPL,52,98,25.0,258.1,6452.5,2025-06-24
2025062404027183,AKPL,16,98,40.0,258.1,10324.0,2025-06-24
2025062404027182,AKPL,33,98,300.0,258.1,77430.0,2025-06-24
2025062404027181,AKPL,56,98,500.0,258.1,129050.0,2025-06-24
2025062404027180,AKPL,43,98,40.0,258.1,10324.0,2025-06-24
2025062404027179,AKPL,59,98,154.0,258.1,39747.4,2025-06-24
2025062404027178,AKPL,22,98,500.0,258.2,129100.0,2025-06-24
2025062404027177,AKPL,35,98,200.0,258.3,51660.0,2025-06-24
2025062404027176,AKPL,6,98,270.0,259.0,69930.0,2025-06-24
2025062404027175,AKPL,42,98,1500.0,259.0,388500.0,2025-06-24
2025062404027174,AKPL,58,98,49.0,259.0,12691.0,2025-06-24
2025062404027173,AKPL,6,98,500.0,259.0,129500.0,2025-06-24
2025062404027172,AKPL,42,98,50.0,259.0,12950.0,2025-06-24
2025062404027171,AKPL,48,98,1075.0,259.0,278425.0,2025-06-24
2025062404027170,JOSHI,35,3,420.0,385.0,161700.0,2025-06-24
2025062404027169,JOSHI,42,3,580.0,385.0,223300.0,2025-06-24
2025062404027168,AKJCL,22,81,1000.0,211.1,211100.0,2025-06-24
2025062404027167,HPPL,7,57,250.0,569.0,142250.0,2025-06-24
2025062404027166,HPPL,7,43,200.0,569.0,113800.0,2025-06-24
2025062404027165,HPPL,7,32,50.0,568.9,28445.0,2025-06-24
2025062404027164,HURJA,32,37,455.0,253.1,115160.5,2025-06-24
2025062404027163,HURJA,67,37,45.0,253.1,11389.5,2025-06-24
2025062404027162,CHCL,81,43,300.0,535.0,160500.0,2025-06-24
2025062404027161,CHCL,6,43,200.0,535.1,107020.0,2025-06-24
2025062404027160,HPPL,91,32,50.0,568.9,28445.0,2025-06-24
2025062404027159,RADHI,68,65,370.0,807.0,298590.0,2025-06-24
2025062404027158,API,39,45,300.0,293.0,87900.0,2025-06-24
2025062404027157,API,42,45,250.0,293.0,73250.0,2025-06-24
2025062404027156,API,41,45,200.0,293.0,58600.0,2025-06-24
2025062404027155,API,38,45,98.0,293.0,28714.0,2025-06-24
2025062404027154,RADHI,16,89,114.0,804.0,91656.0,2025-06-24
2025062404027153,RADHI,22,89,2500.0,804.5,2011250.0,2025-06-24
2025062404027152,RADHI,59,89,100.0,805.0,80500.0,2025-06-24
2025062404027151,RADHI,80,89,90.0,805.0,72450.0,2025-06-24
2025062404027150,SHPC,58,99,139.0,602.0,83678.0,2025-06-24
2025062404027149,SHPC,17,99,161.0,602.0,96922.0,2025-06-24
2025062401017402,DOLTI,48,64,31.0,546.5,16941.5,2025-06-24
2025062401017401,DOLTI,53,64,100.0,547.0,54700.0,2025-06-24
2025062404027148,UNHPL,66,33,152.0,415.0,63080.0,2025-06-24
2025062405009775,SMJC,34,25,10.0,518.0,5180.0,2025-06-24
2025062401017400,NICA,16,81,300.0,335.3,100590.0,2025-06-24
2025062401017399,NICA,58,81,15.0,336.0,5040.0,2025-06-24
2025062401017398,NICA,36,81,130.0,336.5,43745.0,2025-06-24
2025062401017397,NICA,55,81,50.0,336.5,16825.0,2025-06-24
2025062405009774,NIFRA,44,4,54.0,273.1,14747.4,2025-06-24
2025062401017396,BEDC,21,74,81.0,643.9,52155.9,2025-06-24
2025062401017395,BEDC,21,33,10.0,643.8,6438.0,2025-06-24
2025062404027147,LEC,1,55,96.0,215.8,20716.8,2025-06-24
2025062401017394,CREST,52,42,50.0,1362.0,68100.0,2025-06-24
2025062404027146,NHPC,39,8,116.0,213.6,24777.6,2025-06-24
2025062404027145,NHPC,14,8,200.0,213.7,42740.0,2025-06-24
2025062404027144,NHPC,38,8,44.0,213.7,9402.8,2025-06-24
2025062403006940,JBBL,14,32,30.0,316.0,9480.0,2025-06-24
2025062403006939,JBBL,58,32,10.0,316.2,3162.0,2025-06-24
2025062403006938,JBBL,75,32,1500.0,316.2,474300.0,2025-06-24
2025062403006937,JBBL,43,32,50.0,316.3,15815.0,2025-06-24
2025062403006936,JBBL,57,32,310.0,316.4,98084.0,2025-06-24
2025062403006935,JBBL,50,32,100.0,316.5,31650.0,2025-06-24
2025062403006934,JBBL,34,32,100.0,316.5,31650.0,2025-06-24
2025062403006933,JBBL,40,32,50.0,316.5,15825.0,2025-06-24
2025062405009773,HIDCL,40,59,215.0,290.0,62350.0,2025-06-24
2025062405009772,SAHAS,63,56,11.0,552.9,6081.9,2025-06-24
2025062404027143,BARUN,28,58,10.0,375.9,3759.0,2025-06-24
2025062403006932,SJLIC,45,41,10.0,422.0,4220.0,2025-06-24
2025062403006931,SJLIC,45,13,116.0,422.0,48952.0,2025-06-24
2025062403006930,KSBBL,1,41,330.0,441.0,145530.0,2025-06-24
2025062403006929,CFCL,4,42,10.0,500.6,5006.0,2025-06-24
2025062403006928,CFCL,32,42,40.0,501.0,20040.0,2025-06-24
2025062401017393,TAMOR,25,52,16.0,514.9,8238.4,2025-06-24
2025062404027142,KPCL,52,55,100.0,555.5,55550.0,2025-06-24
2025062404027141,SSHL,7,41,10.0,250.0,2500.0,2025-06-24
2025062404027140,RADHI,80,71,100.0,805.0,80500.0,2025-06-24
2025062401017392,SRLI,18,35,10.0,392.0,3920.0,2025-06-24
2025062404027139,HURJA,67,42,500.0,253.1,126550.0,2025-06-24
2025062405009771,HRL,17,17,20.0,883.6,17672.0,2025-06-24
2025062404027138,RADHI,80,62,410.0,805.0,330050.0,2025-06-24
2025062404027137,RADHI,29,62,90.0,805.0,72450.0,2025-06-24
2025062401017391,MKHC,50,88,50.0,415.5,20775.0,2025-06-24
2025062405009770,SAHAS,42,90,86.0,551.5,47429.0,2025-06-24
2025062405009769,SAHAS,7,90,130.0,551.6,71708.0,2025-06-24
2025062403006927,PFL,48,59,200.0,400.0,80000.0,2025-06-24
2025062403006926,NFS,34,32,100.0,608.2,60820.0,2025-06-24
2025062404027136,NGPL,39,11,91.0,402.0,36582.0,2025-06-24
2025062401017390,MBLEF,17,58,100.0,8.77,877.0,2025-06-24
2025062404027135,SHEL,56,25,990.0,301.6,298584.0,2025-06-24
2025062404027134,SHEL,58,25,10.0,301.8,3018.0,2025-06-24
2025062403006925,NLIC,57,28,15.0,729.0,10935.0,2025-06-24
2025062403006924,NLIC,44,28,35.0,729.0,25515.0,2025-06-24
2025062405009768,RNLI,35,45,11.0,433.8,4771.8,2025-06-24
2025062401017389,MAKAR,14,58,254.0,590.1,149885.4,2025-06-24
2025062401017388,MAKAR,4,58,16.0,591.0,9456.0,2025-06-24
2025062401017387,NBL,36,44,70.0,251.0,17570.0,2025-06-24
2025062403006923,NLIC,44,41,84.0,729.0,61236.0,2025-06-24
2025062403006922,ALICL,34,88,10.0,495.0,4950.0,2025-06-24
2025062404027133,NGPL,42,35,100.0,401.9,40190.0,2025-06-24
2025062401017386,KBL,45,57,25.0,202.0,5050.0,2025-06-24
2025062401017385,SBI,82,48,500.0,385.1,192550.0,2025-06-24
2025062401017384,DORDI,56,42,200.0,329.0,65800.0,2025-06-24
2025062404027132,BPCL,62,59,20.0,809.0,16180.0,2025-06-24
2025062405009767,HRL,22,14,30.0,883.2,26496.0,2025-06-24
2025062401017383,PURE,4,34,10.0,976.2,9762.0,2025-06-24
2025062401017382,PURE,4,60,10.0,976.2,9762.0,2025-06-24
2025062401017381,PURE,4,17,10.0,976.2,9762.0,2025-06-24
2025062404027131,NIL,45,45,10.0,665.3,6653.0,2025-06-24
2025062401017380,ULHC,62,16,10.0,460.0,4600.0,2025-06-24
2025062401017379,ULHC,62,58,10.0,455.0,4550.0,2025-06-24
2025062401017378,OMPL,45,8,10.0,1383.0,13830.0,2025-06-24
2025062403006921,KMCDB,48,47,10.0,989.0,9890.0,2025-06-24
2025062405009766,HRL,6,57,70.0,885.0,61950.0,2025-06-24
2025062405009765,HRL,6,45,430.0,885.0,380550.0,2025-06-24
2025062405009764,HRL,6,47,76.0,884.3,67206.8,2025-06-24
2025062404027130,CHCL,6,38,216.0,535.3,115624.8,2025-06-24
2025062405009763,HRL,6,16,10.0,884.0,8840.0,2025-06-24
2025062405009762,HRL,6,48,414.0,884.0,365976.0,2025-06-24
2025062401017377,MKCL,53,39,20.0,1438.0,28760.0,2025-06-24
2025062401017376,CREST,52,13,39.0,1362.0,53118.0,2025-06-24
2025062401017375,CREST,44,13,10.0,1362.1,13621.0,2025-06-24
2025062401017374,CREST,34,13,76.0,1362.2,103527.2,2025-06-24
2025062401017373,CREST,58,13,10.0,1362.2,13622.0,2025-06-24
2025062401017372,CREST,58,13,10.0,1362.2,13622.0,2025-06-24
2025062404027129,AKJCL,22,22,950.0,211.1,200545.0,2025-06-24
2025062403006920,SINDU,11,49,200.0,761.0,152200.0,2025-06-24
2025062403006919,SINDU,11,49,211.0,761.0,160571.0,2025-06-24
2025062401017371,CZBIL,34,48,2450.0,204.0,499800.0,2025-06-24
2025062404027128,UPCL,39,22,2000.0,411.9,823800.0,2025-06-24
2025062404027127,UPCL,39,57,50.0,411.9,20595.0,2025-06-24
2025062403006918,NADEP,50,38,60.0,820.0,49200.0,2025-06-24
2025062405009761,SAHAS,55,56,10.0,552.9,5529.0,2025-06-24
2025062404027126,RADHI,29,65,410.0,805.0,330050.0,2025-06-24
2025062401017370,PURE,51,54,10.0,976.0,9760.0,2025-06-24
2025062401017369,LSL,44,59,925.0,212.0,196100.0,2025-06-24
2025062401017368,LSL,44,25,100.0,212.0,21200.0,2025-06-24
2025062401017367,LSL,44,16,100.0,212.0,21200.0,2025-06-24
2025062401017366,LSL,44,45,349.0,212.0,73988.0,2025-06-24
2025062401017365,LSL,44,42,430.0,212.0,91160.0,2025-06-24
2025062401017364,LSL,44,64,2296.0,211.9,486522.4,2025-06-24
2025062401017363,LSL,44,48,100.0,211.8,21180.0,2025-06-24
2025062404027125,RADHI,67,65,40.0,805.0,32200.0,2025-06-24
2025062404027124,BARUN,83,54,10.0,375.0,3750.0,2025-06-24
2025062401017362,MCHL,36,45,15.0,525.1,7876.5,2025-06-24
2025062401017361,HIDCLP,22,34,25.0,207.5,5187.5,2025-06-24
2025062401017360,HIDCLP,68,34,840.0,207.5,174300.0,2025-06-24
2025062401017359,HIDCLP,32,34,402.0,207.5,83415.0,2025-06-24
2025062401017358,DOLTI,52,35,64.0,547.1,35014.4,2025-06-24
2025062401017357,DOLTI,25,35,91.0,547.2,49795.2,2025-06-24
2025062404027123,BPCL,62,6,24.0,809.0,19416.0,2025-06-24
2025062405009760,HIDCL,92,81,200.0,290.5,58100.0,2025-06-24
2025062404027122,AHPC,25,42,372.0,287.0,106764.0,2025-06-24
2025062404027121,AHPC,25,80,383.0,287.0,109921.0,2025-06-24
2025062404027120,AHPC,25,33,245.0,286.5,70192.5,2025-06-24
2025062405009759,CIT,19,38,10.0,1877.1,18771.0,2025-06-24
2025062405009758,CIT,11,38,69.0,1877.1,129519.9,2025-06-24
2025062401017356,OMPL,45,13,10.0,1383.0,13830.0,2025-06-24
2025062401017355,PURE,51,68,10.0,976.0,9760.0,2025-06-24
2025062404027119,SHL,22,42,100.0,557.9,55790.0,2025-06-24
2025062401017354,BHL,14,26,1047.0,208.1,217880.7,2025-06-24
2025062401017353,DORDI,5,42,10.0,329.0,3290.0,2025-06-24
2025062404027118,BPCL,58,6,76.0,809.0,61484.0,2025-06-24
2025062404027117,BPCL,58,51,90.0,809.0,72810.0,2025-06-24
2025062401017352,MEHL,56,1,198.0,406.1,80407.8,2025-06-24
2025062401017351,MEHL,35,1,65.0,407.0,26455.0,2025-06-24
2025062401017350,MEHL,51,1,55.0,408.0,22440.0,2025-06-24
2025062401017349,MEHL,65,1,10.0,408.0,4080.0,2025-06-24
2025062401017348,MEHL,38,1,112.0,408.0,45696.0,2025-06-24
2025062401017347,MEHL,54,1,50.0,408.1,20405.0,2025-06-24
2025062401017346,MEHL,42,1,100.0,409.0,40900.0,2025-06-24
2025062404027116,UPCL,25,35,500.0,411.0,205500.0,2025-06-24
2025062404027115,SHEL,58,48,175.0,302.0,52850.0,2025-06-24
2025062404027114,RADHI,36,65,20.0,805.0,16100.0,2025-06-24
2025062401017345,CZBIL,39,48,1000.0,204.0,204000.0,2025-06-24
2025062403006917,SHINE,90,25,518.0,396.5,205387.0,2025-06-24
2025062401017344,PURE,51,52,10.0,976.0,9760.0,2025-06-24
2025062405009757,HIDCL,40,54,600.0,290.0,174000.0,2025-06-24
2025062405009756,HIDCL,42,54,50.0,290.1,14505.0,2025-06-24
2025062401017343,BHL,49,59,150.0,208.0,31200.0,2025-06-24
2025062401017342,BHL,49,42,278.0,208.0,57824.0,2025-06-24
2025062404027113,API,38,49,100.0,293.0,29300.0,2025-06-24
2025062403006916,LBBL,16,49,402.0,417.0,167634.0,2025-06-24
2025062403006915,LBBL,33,49,198.0,417.1,82585.8,2025-06-24
2025062403006914,LBBL,45,49,25.0,417.1,10427.5,2025-06-24
2025062403006913,NLIC,39,26,30.0,730.0,21900.0,2025-06-24
2025062405009755,CHDC,59,7,100.0,2619.6,261960.0,2025-06-24
2025062401017341,PPL,13,32,40.0,382.5,15300.0,2025-06-24
2025062404027112,RADHI,91,65,100.0,805.0,80500.0,2025-06-24
2025062404027111,RADHI,82,65,300.0,805.0,241500.0,2025-06-24
2025062404027110,RADHI,94,65,130.0,805.0,104650.0,2025-06-24
2025062401017340,CREST,58,44,10.0,1363.0,13630.0,2025-06-24
2025062404027109,HURJA,67,84,455.0,253.1,115160.5,2025-06-24
2025062404027108,HURJA,45,84,45.0,253.1,11389.5,2025-06-24
2025062404027107,BPCL,81,42,17.0,809.0,13753.0,2025-06-24
2025062404027106,BPCL,81,57,183.0,809.0,148047.0,2025-06-24
2025062404027105,KKHC,1,22,100.0,384.0,38400.0,2025-06-24
2025062404027104,KKHC,54,22,137.0,384.0,52608.0,2025-06-24
2025062404027103,PPCL,45,58,10.0,372.5,3725.0,2025-06-24
2025062401017339,OMPL,38,14,30.0,1383.0,41490.0,2025-06-24
2025062404027102,BPCL,17,57,100.0,809.0,80900.0,2025-06-24
2025062401017338,NYADI,57,57,95.0,413.0,39235.0,2025-06-24
2025062401017337,NYADI,41,57,80.0,413.0,33040.0,2025-06-24
2025062405009754,NIFRA,44,57,100.0,273.1,27310.0,2025-06-24
2025062405009753,HDL,45,59,25.0,1181.0,29525.0,2025-06-24
2025062405009752,HDL,13,59,77.0,1181.0,90937.0,2025-06-24
2025062405009751,HDL,11,59,25.0,1181.0,29525.0,2025-06-24
2025062405009750,HDL,1,59,70.0,1181.0,82670.0,2025-06-24
2025062405009749,HDL,58,59,15.0,1181.5,17722.5,2025-06-24
2025062405009748,HDL,57,59,50.0,1181.5,59075.0,2025-06-24
2025062403006912,GRDBL,72,92,75.0,1164.5,87337.5,2025-06-24
2025062403006911,GRDBL,72,34,45.0,1162.0,52290.0,2025-06-24
2025062403006910,GRDBL,72,92,30.0,1162.0,34860.0,2025-06-24
2025062401017336,NIMBPO,8,44,10.0,158.5,1585.0,2025-06-24
2025062404027101,MEN,91,3,453.0,590.0,267270.0,2025-06-24
2025062404027100,MEN,91,3,800.0,590.0,472000.0,2025-06-24
2025062404027099,MEN,39,3,20.0,590.1,11802.0,2025-06-24
2025062404027098,MEN,39,3,200.0,590.1,118020.0,2025-06-24
2025062404027097,MEN,47,3,100.0,590.1,59010.0,2025-06-24
2025062404027096,MEN,47,3,200.0,590.2,118040.0,2025-06-24
2025062404027095,MEN,41,3,100.0,590.3,59030.0,2025-06-24
2025062404027094,MEN,80,3,127.0,590.3,74968.1,2025-06-24
2025062404027093,LEC,55,45,110.0,215.5,23705.0,2025-06-24
2025062404027092,LEC,5,45,325.0,215.5,70037.5,2025-06-24
2025062404027091,SHL,42,41,465.0,556.1,258586.5,2025-06-24
2025062404027090,SHL,58,41,100.0,556.2,55620.0,2025-06-24
2025062401017335,PURE,51,58,10.0,976.0,9760.0,2025-06-24
2025062404027089,UPPER,52,60,390.0,194.6,75894.0,2025-06-24
2025062404027088,UPPER,14,60,50.0,194.6,9730.0,2025-06-24
2025062404027087,UPPER,29,60,50.0,194.6,9730.0,2025-06-24
2025062405009747,SMATA,62,42,10.0,756.2,7562.0,2025-06-24
2025062404027086,UPCL,34,56,1234.0,410.2,506186.8,2025-06-24
2025062404027085,UPCL,57,56,50.0,410.5,20525.0,2025-06-24
2025062404027084,UPCL,13,56,500.0,410.5,205250.0,2025-06-24
2025062404027083,UPCL,8,56,1860.0,411.0,764460.0,2025-06-24
2025062404027082,UPCL,44,56,200.0,411.2,82240.0,2025-06-24
2025062403006909,MLBL,22,28,250.0,372.5,93125.0,2025-06-24
2025062404027081,NGPL,48,11,1000.0,402.0,402000.0,2025-06-24
2025062404027080,NGPL,58,11,250.0,402.0,100500.0,2025-06-24
2025062404027079,NGPL,58,11,300.0,402.0,120600.0,2025-06-24
2025062404027078,NGPL,4,11,20.0,402.0,8040.0,2025-06-24
2025062404027077,NGPL,17,11,90.0,402.0,36180.0,2025-06-24
2025062404027076,NGPL,58,11,249.0,402.1,100122.9,2025-06-24
2025062404027075,UMHL,62,21,200.0,545.0,109000.0,2025-06-24
2025062401017334,BHPL,45,44,10.0,755.0,7550.0,2025-06-24
2025062401017333,GBIME,49,42,10.0,230.3,2303.0,2025-06-24
2025062404027074,SGIC,50,85,101.0,534.0,53934.0,2025-06-24
2025062404027073,UNHPL,64,33,50.0,415.0,20750.0,2025-06-24
2025062404027072,BARUN,63,17,30.0,370.1,11103.0,2025-06-24
2025062404027071,AKJCL,26,22,1000.0,211.1,211100.0,2025-06-24
2025062405009746,CIT,11,48,71.0,1877.1,133274.1,2025-06-24
2025062403006908,MPFL,13,42,50.0,585.0,29250.0,2025-06-24
2025062404027070,NHPC,38,57,156.0,213.7,33337.2,2025-06-24
2025062405009745,NRN,45,56,29.0,2040.0,59160.0,2025-06-24
2025062405009744,NRN,96,56,671.0,2040.0,1368840.0,2025-06-24
2025062405009743,NRN,60,56,200.0,2040.1,408020.0,2025-06-24
