transaction,symbol,buyer,seller,quantity,rate,amount,date
2025040705015787,SONA,45,17,10.0,460.0,4600.0,2025-04-07
2025040705015786,NRIC,44,49,3280.0,1347.1,4418488.0,2025-04-07
2025040705015785,NRIC,57,49,297.0,1347.2,400118.4,2025-04-07
2025040705015784,NRIC,57,49,242.0,1347.3,326046.6,2025-04-07
2025040703010154,WNLB,45,51,10.0,2759.0,27590.0,2025-04-07
2025040704014810,BPCL,45,47,235.0,424.0,99640.0,2025-04-07
2025040704014809,JOSHI,49,38,50.0,374.9,18745.0,2025-04-07
2025040703010153,LICN,22,49,10.0,997.0,9970.0,2025-04-07
2025040705015783,SHIVM,49,56,40.0,527.9,21116.0,2025-04-07
2025040705015782,HIDCL,49,13,100.0,272.0,27200.0,2025-04-07
2025040705015781,HRL,33,49,10.0,1040.1,10401.0,2025-04-07
2025040705015780,NIFRA,58,58,50.0,271.8,13590.0,2025-04-07
2025040701014961,PPL,38,34,100.0,520.0,52000.0,2025-04-07
2025040704014808,HDHPC,34,62,195.0,197.0,38415.0,2025-04-07
2025040704014807,HDHPC,34,58,15.0,197.0,2955.0,2025-04-07
2025040704014806,HDHPC,34,26,90.0,197.0,17730.0,2025-04-07
2025040703010152,MPFL,39,58,20.0,626.6,12532.0,2025-04-07
2025040701014960,EHPL,42,13,100.0,683.5,68350.0,2025-04-07
2025040701014959,MKCL,13,16,20.0,1624.0,32480.0,2025-04-07
2025040704014805,NICL,62,36,55.0,803.0,44165.0,2025-04-07
2025040704014804,NICL,98,36,20.0,803.0,16060.0,2025-04-07
2025040701014958,KDL,54,19,10.0,1084.2,10842.0,2025-04-07
2025040703010151,SFCL,41,1,34.0,525.2,17856.8,2025-04-07
2025040703010150,SFCL,57,1,466.0,525.3,244789.8,2025-04-07
2025040703010149,ALBSL,25,38,10.0,823.0,8230.0,2025-04-07
2025040705015779,NRN,94,56,100.0,1625.0,162500.0,2025-04-07
2025040705015778,HRL,33,6,89.0,1040.1,92568.9,2025-04-07
2025040705015777,HRL,32,6,11.0,1041.0,11451.0,2025-04-07
2025040704014803,UPPER,6,62,40.0,199.4,7976.0,2025-04-07
2025040704014802,JOSHI,6,38,30.0,374.9,11247.0,2025-04-07
2025040704014801,JOSHI,6,41,20.0,374.8,7496.0,2025-04-07
2025040704014800,JOSHI,6,41,250.0,373.9,93475.0,2025-04-07
2025040703010148,NLIC,14,6,10.0,777.9,7779.0,2025-04-07
2025040701014957,NYADI,26,99,390.0,606.0,236340.0,2025-04-07
2025040705015776,NRN,56,56,30.0,1625.0,48750.0,2025-04-07
2025040701014956,HBL,56,7,50.0,238.8,11940.0,2025-04-07
2025040701014955,HBL,56,11,140.0,238.8,33432.0,2025-04-07
2025040701014954,HBL,56,49,300.0,238.0,71400.0,2025-04-07
2025040701014953,HBL,56,7,350.0,238.0,83300.0,2025-04-07
2025040705015775,NRN,29,56,55.0,1625.0,89375.0,2025-04-07
2025040705015774,NRN,58,56,20.0,1625.0,32500.0,2025-04-07
2025040705015773,NRN,45,56,100.0,1625.0,162500.0,2025-04-07
2025040705015772,NRN,35,56,10.0,1625.0,16250.0,2025-04-07
2025040705015771,NRN,22,56,180.0,1625.0,292500.0,2025-04-07
2025040704014799,BPCL,36,42,23.0,423.9,9749.7,2025-04-07
2025040704014798,BPCL,36,5,100.0,423.8,42380.0,2025-04-07
2025040705015770,NRIC,57,53,93.0,1347.3,125298.9,2025-04-07
2025040705015769,NRIC,32,53,50.0,1347.4,67370.0,2025-04-07
2025040703010147,MPFL,88,49,90.0,628.0,56520.0,2025-04-07
2025040703010146,GRDBL,16,45,10.0,1282.0,12820.0,2025-04-07
2025040704014797,HPPL,8,16,40.0,618.0,24720.0,2025-04-07
2025040704014796,HPPL,58,16,20.0,618.0,12360.0,2025-04-07
2025040704014795,HPPL,45,16,500.0,618.1,309050.0,2025-04-07
2025040704014794,HPPL,95,16,240.0,618.2,148368.0,2025-04-07
2025040701014952,MKCL,58,16,50.0,1624.5,81225.0,2025-04-07
2025040703010145,USLB,44,55,14.0,1637.6,22926.4,2025-04-07
2025040701014951,MKJC,55,99,70.0,538.8,37716.0,2025-04-07
2025040701014950,MKJC,55,37,60.0,538.7,32322.0,2025-04-07
2025040703010144,CORBL,11,37,20.0,1760.1,35202.0,2025-04-07
2025040703010143,NUBL,57,57,56.0,676.2,37867.2,2025-04-07
2025040704014793,HPPL,95,60,10.0,618.2,6182.0,2025-04-07
2025040704014792,HPPL,3,60,500.0,618.2,309100.0,2025-04-07
2025040704014791,HPPL,58,60,390.0,618.3,241137.0,2025-04-07
2025040704014790,HPPL,49,60,100.0,619.0,61900.0,2025-04-07
2025040705015768,NRIC,60,17,10.0,1349.0,13490.0,2025-04-07
2025040701014949,ANLB,58,45,10.0,5086.0,50860.0,2025-04-07
2025040703010142,EDBL,62,34,10.0,627.9,6279.0,2025-04-07
2025040701014948,BHPL,62,49,10.0,1085.0,10850.0,2025-04-07
2025040703010141,NMLBBL,34,45,17.0,665.0,11305.0,2025-04-07
2025040703010140,NMLBBL,34,57,10.0,665.0,6650.0,2025-04-07
2025040703010139,NMLBBL,34,36,10.0,665.0,6650.0,2025-04-07
2025040703010138,NMLBBL,34,41,12.0,665.0,7980.0,2025-04-07
2025040701014947,MEHL,34,54,20.0,527.0,10540.0,2025-04-07
2025040703010137,ALICL,85,34,10.0,756.0,7560.0,2025-04-07
2025040701014946,MMKJL,42,101,10.0,667.0,6670.0,2025-04-07
2025040704014789,HEI,42,58,50.0,594.9,29745.0,2025-04-07
2025040705015767,GCIL,38,70,107.0,537.0,57459.0,2025-04-07
2025040705015766,HATHY,56,26,40.0,1339.0,53560.0,2025-04-07
2025040701014945,PRVU,34,38,217.0,211.0,45787.0,2025-04-07
2025040701014944,PRVU,35,38,283.0,211.0,59713.0,2025-04-07
2025040704014788,CHCL,97,84,50.0,477.9,23895.0,2025-04-07
2025040701014943,MEHL,5,54,20.0,527.0,10540.0,2025-04-07
2025040701014942,MEHL,5,6,30.0,527.0,15810.0,2025-04-07
2025040701014941,NBL,5,62,41.0,248.7,10196.7,2025-04-07
2025040701014940,NBL,5,64,19.0,248.7,4725.3,2025-04-07
2025040701014939,GVL,26,32,170.0,485.0,82450.0,2025-04-07
2025040701014938,GVL,66,32,315.0,485.0,152775.0,2025-04-07
2025040701014937,GVL,36,32,15.0,485.1,7276.5,2025-04-07
2025040703010136,BFC,46,41,123.0,556.0,68388.0,2025-04-07
2025040703010135,BFC,26,41,200.0,556.0,111200.0,2025-04-07
2025040703010134,BFC,38,41,100.0,556.1,55610.0,2025-04-07
2025040703010133,BFC,54,41,550.0,556.1,305855.0,2025-04-07
2025040703010132,BFC,7,41,20.0,556.1,11122.0,2025-04-07
2025040703010131,BFC,88,41,200.0,556.2,111240.0,2025-04-07
2025040703010130,BFC,41,41,10.0,556.2,5562.0,2025-04-07
2025040703010129,BFC,45,41,30.0,556.3,16689.0,2025-04-07
2025040703010128,BFC,26,41,17.0,557.0,9469.0,2025-04-07
2025040703010127,BFC,59,41,50.0,557.0,27850.0,2025-04-07
2025040705015765,HRL,41,32,100.0,1042.0,104200.0,2025-04-07
2025040705015764,NRM,1,41,10.0,481.5,4815.0,2025-04-07
2025040701014936,GMLI,60,45,10.0,2487.1,24871.0,2025-04-07
2025040703010126,BFC,36,3,10.0,558.9,5589.0,2025-04-07
2025040701014935,TVCL,70,29,220.0,516.0,113520.0,2025-04-07
2025040705015763,ENL,56,29,30.0,1200.0,36000.0,2025-04-07
2025040705015762,NRN,99,6,10.0,1627.0,16270.0,2025-04-07
2025040703010125,SMFBS,58,14,90.0,1826.1,164349.0,2025-04-07
2025040703010124,SMFBS,62,14,100.0,1826.5,182650.0,2025-04-07
2025040703010123,SMFBS,57,14,10.0,1826.6,18266.0,2025-04-07
2025040701014934,MEHL,14,6,10.0,527.0,5270.0,2025-04-07
2025040701014933,NYADI,26,58,50.0,606.0,30300.0,2025-04-07
2025040701014932,NYADI,43,58,40.0,606.1,24244.0,2025-04-07
2025040701014931,NYADI,14,58,10.0,608.0,6080.0,2025-04-07
2025040703010122,SLBSL,37,35,95.0,1890.0,179550.0,2025-04-07
2025040703010121,CFCL,35,36,500.0,595.0,297500.0,2025-04-07
2025040705015761,HDL,47,47,118.0,1199.0,141482.0,2025-04-07
2025040701014930,GMLI,60,4,10.0,2487.1,24871.0,2025-04-07
2025040701014929,MHL,51,39,50.0,696.0,34800.0,2025-04-07
2025040701014928,MHL,49,39,10.0,696.1,6961.0,2025-04-07
2025040705015760,HIDCL,22,13,1346.0,272.0,366112.0,2025-04-07
2025040705015759,HIDCL,22,32,654.0,272.0,177888.0,2025-04-07
2025040701014927,DOLTI,6,45,72.0,673.4,48484.8,2025-04-07
2025040701014926,DOLTI,43,45,28.0,674.0,18872.0,2025-04-07
2025040705015758,NRIC,57,62,15.0,1347.3,20209.5,2025-04-07
2025040705015757,NRIC,57,62,287.0,1347.3,386675.1,2025-04-07
2025040703010120,ALBSL,25,42,10.0,818.0,8180.0,2025-04-07
2025040705015756,CHDC,25,3,30.0,2356.0,70680.0,2025-04-07
2025040705015755,SHIVM,72,56,302.0,528.0,159456.0,2025-04-07
2025040705015754,SHIVM,45,56,20.0,528.0,10560.0,2025-04-07
2025040703010119,PFL,88,41,10.0,424.0,4240.0,2025-04-07
2025040701014925,SPC,3,55,60.0,524.0,31440.0,2025-04-07
2025040701014924,SPC,45,55,200.0,524.1,104820.0,2025-04-07
2025040701014923,SPC,58,55,40.0,525.0,21000.0,2025-04-07
2025040703010118,PFL,36,55,627.0,423.0,265221.0,2025-04-07
2025040704014787,DHPL,8,57,63.0,385.1,24261.3,2025-04-07
2025040705015753,SONA,57,17,70.0,460.0,32200.0,2025-04-07
2025040705015752,SONA,57,45,20.0,460.0,9200.0,2025-04-07
2025040705015751,SONA,57,55,10.0,460.0,4600.0,2025-04-07
2025040701014922,SIKLES,60,52,80.0,1135.0,90800.0,2025-04-07
2025040701014921,SIKLES,60,45,10.0,1135.0,11350.0,2025-04-07
2025040701014920,SIKLES,60,45,10.0,1135.0,11350.0,2025-04-07
2025040705015750,HATHY,58,48,25.0,1340.0,33500.0,2025-04-07
2025040705015749,HATHY,40,48,16.0,1340.0,21440.0,2025-04-07
2025040705015748,HATHY,51,48,10.0,1340.0,13400.0,2025-04-07
2025040705015747,HATHY,57,48,45.0,1342.0,60390.0,2025-04-07
2025040704014786,RURU,21,36,100.0,720.0,72000.0,2025-04-07
2025040705015746,HRL,28,32,10.0,1042.0,10420.0,2025-04-07
2025040701014919,AHL,85,40,10.0,729.0,7290.0,2025-04-07
2025040701014918,AHL,85,52,10.0,728.9,7289.0,2025-04-07
2025040703010117,GMFIL,42,17,10.0,504.5,5045.0,2025-04-07
2025040701014917,USHEC,17,42,20.0,595.0,11900.0,2025-04-07
2025040703010116,NABBC,28,70,150.0,1815.1,272265.0,2025-04-07
2025040703010115,LBBL,46,22,40.0,420.9,16836.0,2025-04-07
2025040703010114,MDB,38,54,10.0,615.0,6150.0,2025-04-07
2025040704014785,UNHPL,58,34,60.0,309.9,18594.0,2025-04-07
2025040705015745,SONA,63,5,4451.0,459.4,2044789.4,2025-04-07
2025040705015744,SONA,45,5,100.0,459.5,45950.0,2025-04-07
2025040705015743,SONA,49,5,78.0,459.5,35841.0,2025-04-07
2025040705015742,NIFRA,58,43,54.0,271.8,14677.2,2025-04-07
2025040703010113,NICLBSL,51,42,60.0,642.9,38574.0,2025-04-07
2025040704014784,RIDI,49,51,48.0,218.8,10502.4,2025-04-07
2025040704014783,RIDI,85,51,68.0,218.8,14878.4,2025-04-07
2025040704014782,RIDI,25,51,89.0,218.9,19482.1,2025-04-07
2025040704014781,RIDI,21,51,295.0,219.0,64605.0,2025-04-07
2025040704014780,HPPL,58,71,300.0,618.3,185490.0,2025-04-07
2025040704014779,HPPL,43,71,100.0,618.4,61840.0,2025-04-07
2025040704014778,HPPL,46,71,100.0,619.0,61900.0,2025-04-07
2025040704014777,HPPL,57,71,500.0,620.0,310000.0,2025-04-07
2025040705015741,NRN,62,6,10.0,1627.0,16270.0,2025-04-07
2025040705015740,PHCL,57,65,212.0,586.4,124316.8,2025-04-07
2025040705015739,PHCL,57,65,100.0,587.0,58700.0,2025-04-07
2025040705015738,PHCL,21,65,10.0,587.0,5870.0,2025-04-07
2025040705015737,PHCL,21,65,10.0,587.0,5870.0,2025-04-07
2025040705015736,PHCL,32,65,160.0,587.0,93920.0,2025-04-07
2025040705015735,NRN,22,11,100.0,1625.0,162500.0,2025-04-07
2025040701014916,SANIMA,11,40,153.0,300.0,45900.0,2025-04-07
2025040701014915,SANIMA,11,14,70.0,299.9,20993.0,2025-04-07
2025040705015734,HRL,33,21,500.0,1040.1,520050.0,2025-04-07
2025040704014776,BPCL,34,42,50.0,423.9,21195.0,2025-04-07
2025040701014914,NABIL,34,56,44.0,487.0,21428.0,2025-04-07
2025040703010112,SFCL,57,34,34.0,525.3,17860.2,2025-04-07
2025040703010111,SFCL,35,34,26.0,526.2,13681.2,2025-04-07
2025040703010110,SFCL,56,34,100.0,526.3,52630.0,2025-04-07
2025040703010109,SFCL,58,34,40.0,528.0,21120.0,2025-04-07
2025040705015733,GCIL,38,74,800.0,537.0,429600.0,2025-04-07
2025040704014775,NGPL,52,42,100.0,269.9,26990.0,2025-04-07
2025040704014774,NGPL,52,32,100.0,269.9,26990.0,2025-04-07
2025040701014913,GMLI,60,54,170.0,2487.1,422807.0,2025-04-07
2025040704014773,RADHI,48,17,200.0,447.0,89400.0,2025-04-07
2025040704014772,RADHI,34,17,300.0,447.0,134100.0,2025-04-07
2025040701014912,UHEWA,33,52,90.0,715.0,64350.0,2025-04-07
2025040701014911,UHEWA,33,33,150.0,714.0,107100.0,2025-04-07
2025040701014910,UHEWA,33,52,100.0,714.0,71400.0,2025-04-07
2025040701014909,UHEWA,33,45,500.0,710.0,355000.0,2025-04-07
2025040701014908,UHEWA,33,21,100.0,699.6,69960.0,2025-04-07
2025040701014907,UHEWA,33,19,50.0,699.0,34950.0,2025-04-07
2025040701014906,UHEWA,33,67,10.0,686.0,6860.0,2025-04-07
2025040703010108,MSLB,28,58,10.0,1239.1,12391.0,2025-04-07
2025040704014771,JOSHI,48,43,60.0,370.0,22200.0,2025-04-07
2025040704014770,JOSHI,28,43,50.0,370.0,18500.0,2025-04-07
2025040704014769,JOSHI,45,43,40.0,370.0,14800.0,2025-04-07
2025040704014768,JOSHI,44,43,50.0,370.1,18505.0,2025-04-07
2025040703010107,SHINE,41,35,43.0,409.7,17617.1,2025-04-07
2025040701014905,MMKJL,47,101,20.0,667.0,13340.0,2025-04-07
2025040701014904,MMKJL,47,101,30.0,664.0,19920.0,2025-04-07
2025040704014767,SHPC,17,4,30.0,471.5,14145.0,2025-04-07
2025040704014766,SHPC,29,4,500.0,472.0,236000.0,2025-04-07
2025040704014765,SHPC,57,4,410.0,472.0,193520.0,2025-04-07
2025040704014764,SHPC,33,4,60.0,472.1,28326.0,2025-04-07
2025040704014763,NIL,14,4,65.0,745.2,48438.0,2025-04-07
2025040704014762,NIL,38,4,20.0,745.3,14906.0,2025-04-07
2025040704014761,RURU,58,4,20.0,717.0,14340.0,2025-04-07
2025040703010106,SADBL,63,39,173.0,401.0,69373.0,2025-04-07
2025040703010105,SADBL,94,39,50.0,401.0,20050.0,2025-04-07
2025040703010104,SADBL,40,39,52.0,401.1,20857.2,2025-04-07
2025040703010103,SADBL,58,39,25.0,401.2,10030.0,2025-04-07
2025040705015732,HRL,49,32,16.0,1042.0,16672.0,2025-04-07
2025040704014760,UPCL,36,28,360.0,296.3,106668.0,2025-04-07
2025040703010102,FMDBL,16,34,43.0,753.0,32379.0,2025-04-07
2025040703010101,FMDBL,10,34,200.0,753.0,150600.0,2025-04-07
2025040703010100,FMDBL,48,34,32.0,753.0,24096.0,2025-04-07
2025040703010099,FMDBL,34,34,500.0,753.1,376550.0,2025-04-07
2025040703010098,FMDBL,25,34,100.0,754.0,75400.0,2025-04-07
2025040703010097,FMDBL,6,34,25.0,754.0,18850.0,2025-04-07
2025040701014903,PRSF,7,25,100.0,10.4,1040.0,2025-04-07
2025040703010096,MDB,19,7,238.0,614.6,146274.8,2025-04-07
2025040704014759,MEN,80,1,100.0,584.0,58400.0,2025-04-07
2025040704014758,GLH,83,40,35.0,237.5,8312.5,2025-04-07
2025040704014757,AKJCL,40,44,50.0,201.0,10050.0,2025-04-07
2025040704014756,RADHI,34,50,371.0,447.0,165837.0,2025-04-07
2025040704014755,RADHI,59,50,106.0,447.1,47392.6,2025-04-07
2025040703010095,JFL,25,11,110.0,506.0,55660.0,2025-04-07
2025040703010094,MDB,25,54,31.0,615.0,19065.0,2025-04-07
2025040704014754,UMHL,62,25,100.0,442.1,44210.0,2025-04-07
2025040705015731,NRN,22,56,120.0,1625.0,195000.0,2025-04-07
2025040705015730,NRN,8,56,380.0,1625.0,617500.0,2025-04-07
2025040701014902,MEHL,56,6,100.0,527.0,52700.0,2025-04-07
2025040705015729,NRN,56,6,54.0,1627.0,87858.0,2025-04-07
2025040705015728,NRN,56,46,31.0,1627.0,50437.0,2025-04-07
2025040705015727,NRN,56,69,15.0,1627.0,24405.0,2025-04-07
2025040701014901,UNLB,16,7,10.0,2200.0,22000.0,2025-04-07
2025040701014900,GMLI,60,37,10.0,2487.1,24871.0,2025-04-07
2025040704014753,SHPC,33,57,70.0,472.1,33047.0,2025-04-07
2025040705015726,HRL,57,32,10.0,1042.0,10420.0,2025-04-07
2025040703010093,SAPDBL,78,45,25.0,1070.0,26750.0,2025-04-07
2025040703010092,SAPDBL,7,45,20.0,1070.0,21400.0,2025-04-07
2025040703010091,SAPDBL,42,45,55.0,1070.0,58850.0,2025-04-07
2025040701014899,BHPL,25,28,10.0,1033.0,10330.0,2025-04-07
2025040703010090,SINDU,45,34,40.0,1096.2,43848.0,2025-04-07
2025040701014898,ULHC,42,40,10.0,514.0,5140.0,2025-04-07
2025040701014897,MAKAR,64,42,490.0,699.0,342510.0,2025-04-07
2025040701014896,MAKAR,94,42,80.0,699.0,55920.0,2025-04-07
2025040701014895,MAKAR,49,42,10.0,699.1,6991.0,2025-04-07
2025040703010089,NMLBBL,34,26,50.0,664.0,33200.0,2025-04-07
2025040705015725,HATHY,21,64,20.0,1340.0,26800.0,2025-04-07
2025040705015724,HATHY,51,64,10.0,1342.0,13420.0,2025-04-07
2025040705015723,HATHY,62,64,15.0,1342.0,20130.0,2025-04-07
2025040704014752,UPPER,13,64,50.0,198.5,9925.0,2025-04-07
2025040704014751,SICL,5,41,50.0,770.0,38500.0,2025-04-07
2025040705015722,MBJC,48,51,10.0,318.0,3180.0,2025-04-07
2025040701014894,NIMB,32,32,5.0,210.0,1050.0,2025-04-07
2025040701014893,USHL,62,71,10.0,730.2,7302.0,2025-04-07
2025040704014750,UPPER,62,25,150.0,199.5,29925.0,2025-04-07
2025040705015721,SMJC,35,65,1000.0,576.0,576000.0,2025-04-07
2025040704014749,HURJA,21,11,300.0,236.0,70800.0,2025-04-07
2025040701014892,TAMOR,50,11,10.0,513.0,5130.0,2025-04-07
2025040705015720,NIFRA,58,13,1028.0,271.8,279410.4,2025-04-07
2025040701014891,SRLI,49,29,86.0,413.0,35518.0,2025-04-07
2025040701014890,SRLI,25,29,20.0,413.0,8260.0,2025-04-07
2025040705015719,NRN,8,14,100.0,1625.0,162500.0,2025-04-07
2025040701014889,NICA,51,14,100.0,377.3,37730.0,2025-04-07
2025040704014748,UPCL,26,33,100.0,296.5,29650.0,2025-04-07
2025040701014888,KBL,80,58,500.0,209.0,104500.0,2025-04-07
2025040701014887,NIMB,45,47,200.0,213.2,42640.0,2025-04-07
2025040705015718,HDL,47,48,70.0,1199.0,83930.0,2025-04-07
2025040705015717,HDL,47,47,12.0,1199.0,14388.0,2025-04-07
2025040701014886,TVCL,70,44,100.0,516.0,51600.0,2025-04-07
2025040701014885,ULHC,96,39,200.0,510.5,102100.0,2025-04-07
2025040701014884,SIKLES,49,42,20.0,1100.0,22000.0,2025-04-07
2025040703010088,SINDU,45,49,50.0,1096.2,54810.0,2025-04-07
2025040701014883,SRLI,49,35,11.0,413.2,4545.2,2025-04-07
2025040701014882,MANDU,40,49,100.0,877.1,87710.0,2025-04-07
2025040701014881,MANDU,36,49,50.0,878.0,43900.0,2025-04-07
2025040705015716,NRIC,67,58,3.0,1340.0,4020.0,2025-04-07
2025040703010087,FOWAD,13,45,14.0,1169.0,16366.0,2025-04-07
2025040703010086,FOWAD,63,45,20.0,1169.0,23380.0,2025-04-07
2025040703010085,FOWAD,49,45,10.0,1169.1,11691.0,2025-04-07
2025040704014747,HPPL,45,50,720.0,625.0,450000.0,2025-04-07
2025040704014746,HPPL,45,42,500.0,625.0,312500.0,2025-04-07
2025040704014745,HPPL,45,34,80.0,625.0,50000.0,2025-04-07
2025040704014744,HPPL,45,18,50.0,625.0,31250.0,2025-04-07
2025040704014743,HPPL,45,4,250.0,624.0,156000.0,2025-04-07
2025040704014742,HPPL,45,84,100.0,624.0,62400.0,2025-04-07
2025040703010084,SJLIC,77,21,20.0,442.5,8850.0,2025-04-07
2025040704014741,NHPC,19,66,100.0,205.5,20550.0,2025-04-07
2025040701014880,HIDCLP,94,94,29900.0,175.0,5232500.0,2025-04-07
2025040701014879,HIDCLP,94,57,100.0,175.0,17500.0,2025-04-07
2025040703010083,ALICL,94,34,200.0,756.0,151200.0,2025-04-07
2025040703010082,NABBC,28,56,30.0,1815.1,54453.0,2025-04-07
2025040704014740,SSHL,56,11,500.0,229.0,114500.0,2025-04-07
2025040704014739,SSHL,56,34,62.0,228.9,14191.8,2025-04-07
2025040701014878,SNLI,67,19,12.0,636.0,7632.0,2025-04-07
2025040703010081,MPFL,52,6,10.0,626.1,6261.0,2025-04-07
2025040704014738,HDHPC,6,26,10.0,197.0,1970.0,2025-04-07
2025040701014877,SARBTM,56,44,10.0,784.0,7840.0,2025-04-07
2025040701014876,MHCL,45,26,540.0,500.0,270000.0,2025-04-07
2025040701014875,MHCL,32,26,100.0,500.0,50000.0,2025-04-07
2025040701014874,MHCL,58,26,15.0,500.1,7501.5,2025-04-07
2025040701014873,MHCL,38,26,30.0,500.1,15003.0,2025-04-07
2025040701014872,MHCL,55,26,100.0,500.1,50010.0,2025-04-07
2025040701014871,MHCL,38,26,15.0,500.1,7501.5,2025-04-07
2025040701014870,MHCL,38,26,10.0,500.2,5002.0,2025-04-07
2025040701014869,MHCL,1,26,50.0,500.2,25010.0,2025-04-07
2025040701014868,RAWA,13,16,20.0,844.0,16880.0,2025-04-07
2025040704014737,SHEL,56,55,85.0,248.3,21105.5,2025-04-07
2025040704014736,SHEL,33,55,100.0,248.5,24850.0,2025-04-07
2025040704014735,SHEL,58,55,160.0,248.5,39760.0,2025-04-07
2025040704014734,SHEL,4,55,455.0,248.5,113067.5,2025-04-07
2025040703010080,ACLBSL,57,37,68.0,1057.0,71876.0,2025-04-07
2025040703010079,ACLBSL,42,37,10.0,1057.0,10570.0,2025-04-07
2025040703010078,ACLBSL,57,37,22.0,1057.1,23256.2,2025-04-07
2025040701014867,NABIL,58,56,30.0,487.0,14610.0,2025-04-07
2025040705015715,ILI,58,48,25.0,462.0,11550.0,2025-04-07
2025040703010077,GBLBS,57,42,31.0,839.8,26033.8,2025-04-07
2025040704014733,NHPC,19,48,500.0,205.5,102750.0,2025-04-07
2025040704014732,NHDL,25,48,33.0,791.2,26109.6,2025-04-07
2025040704014731,NHDL,26,48,50.0,791.3,39565.0,2025-04-07
2025040705015714,PHCL,22,17,100.0,588.0,58800.0,2025-04-07
2025040705015713,CLI,42,45,10.0,501.2,5012.0,2025-04-07
2025040704014730,AKJCL,42,44,65.0,201.0,13065.0,2025-04-07
2025040703010076,HLBSL,38,42,160.0,955.0,152800.0,2025-04-07
2025040703010075,HLBSL,22,42,10.0,956.0,9560.0,2025-04-07
2025040701014866,SNLI,67,97,183.0,636.0,116388.0,2025-04-07
2025040701014865,SNLI,36,97,17.0,636.0,10812.0,2025-04-07
2025040703010074,SWBBL,85,38,417.0,829.0,345693.0,2025-04-07
2025040705015712,SAHAS,26,43,100.0,500.0,50000.0,2025-04-07
2025040703010073,JFL,44,11,125.0,506.0,63250.0,2025-04-07
2025040701014864,SNLI,36,41,12.0,636.0,7632.0,2025-04-07
2025040704014729,HPPL,57,71,500.0,620.0,310000.0,2025-04-07
2025040704014728,HPPL,45,71,500.0,620.0,310000.0,2025-04-07
2025040703010072,SINDU,22,58,20.0,1097.0,21940.0,2025-04-07
2025040704014727,UPCL,62,41,10.0,297.8,2978.0,2025-04-07
2025040704014726,PRIN,8,11,120.0,921.0,110520.0,2025-04-07
2025040704014725,PRIN,6,11,50.0,921.0,46050.0,2025-04-07
2025040704014724,PRIN,13,11,13.0,921.2,11975.6,2025-04-07
2025040704014723,PRIN,25,11,21.0,921.2,19345.2,2025-04-07
2025040705015711,RNLI,45,72,10.0,537.0,5370.0,2025-04-07
2025040705015710,RNLI,44,72,183.0,537.0,98271.0,2025-04-07
2025040704014722,HURJA,72,49,90.0,237.0,21330.0,2025-04-07
2025040704014721,HURJA,72,57,160.0,237.0,37920.0,2025-04-07
2025040703010071,GUFL,16,21,10.0,579.1,5791.0,2025-04-07
2025040704014720,GHL,34,49,1000.0,268.5,268500.0,2025-04-07
2025040705015709,NRM,1,52,50.0,481.5,24075.0,2025-04-07
2025040703010070,PMLI,54,33,10.0,553.0,5530.0,2025-04-07
2025040701014863,ULBSL,22,14,29.0,3200.0,92800.0,2025-04-07
2025040703010069,SAPDBL,95,33,67.0,1070.1,71696.7,2025-04-07
2025040701014862,NYADI,43,81,60.0,606.1,36366.0,2025-04-07
2025040701014861,NYADI,49,81,40.0,607.0,24280.0,2025-04-07
2025040704014719,DHPL,8,43,268.0,385.1,103206.8,2025-04-07
2025040704014718,DHPL,49,43,300.0,385.1,115530.0,2025-04-07
2025040704014717,DHPL,67,43,100.0,385.1,38510.0,2025-04-07
2025040704014716,DHPL,58,43,20.0,385.1,7702.0,2025-04-07
2025040704014715,DHPL,32,43,16.0,385.1,6161.6,2025-04-07
2025040704014714,DHPL,90,43,100.0,385.1,38510.0,2025-04-07
2025040704014713,DHPL,16,43,96.0,385.2,36979.2,2025-04-07
2025040705015708,NRN,8,47,20.0,1625.0,32500.0,2025-04-07
2025040705015707,NRN,8,47,10.0,1625.0,16250.0,2025-04-07
2025040704014712,AKJCL,41,44,100.0,201.0,20100.0,2025-04-07
2025040704014711,AKJCL,38,44,50.0,201.0,10050.0,2025-04-07
2025040704014710,AKJCL,75,44,240.0,201.0,48240.0,2025-04-07
2025040704014709,AKJCL,28,44,500.0,201.0,100500.0,2025-04-07
2025040704014708,AKJCL,22,44,100.0,201.0,20100.0,2025-04-07
2025040704014707,AKJCL,55,44,731.0,201.0,146931.0,2025-04-07
2025040704014706,AKJCL,8,44,11.0,201.1,2212.1,2025-04-07
2025040704014705,AKJCL,54,44,50.0,201.5,10075.0,2025-04-07
2025040704014704,AKJCL,60,44,335.0,201.6,67536.0,2025-04-07
2025040705015706,NIFRA,58,45,1000.0,272.0,272000.0,2025-04-07
2025040705015705,NRN,8,58,190.0,1625.0,308750.0,2025-04-07
2025040705015704,NRN,32,58,50.0,1625.0,81250.0,2025-04-07
2025040705015703,NRN,36,58,10.0,1625.1,16251.0,2025-04-07
2025040701014860,SIKLES,91,42,10.0,1100.0,11000.0,2025-04-07
2025040704014703,UNHPL,49,34,10.0,309.9,3099.0,2025-04-07
2025040701014859,HBL,42,49,200.0,236.0,47200.0,2025-04-07
2025040704014702,AKPL,19,13,100.0,226.0,22600.0,2025-04-07
2025040704014701,HDHPC,1,26,10.0,197.0,1970.0,2025-04-07
2025040705015702,NRN,75,69,20.0,1627.0,32540.0,2025-04-07
2025040704014700,RBCL,6,50,10.0,14755.0,147550.0,2025-04-07
2025040705015701,PHCL,25,17,16.0,588.0,9408.0,2025-04-07
2025040701014858,SARBTM,35,56,100.0,783.0,78300.0,2025-04-07
2025040701014857,SARBTM,42,56,300.0,783.1,234930.0,2025-04-07
2025040701014856,SARBTM,54,56,200.0,783.1,156620.0,2025-04-07
2025040701014855,SANIMA,26,40,100.0,300.0,30000.0,2025-04-07
2025040705015700,NRN,78,16,50.0,1625.0,81250.0,2025-04-07
2025040705015699,NRN,56,16,100.0,1625.0,162500.0,2025-04-07
2025040705015698,NRN,35,16,50.0,1625.0,81250.0,2025-04-07
2025040705015697,NRN,45,16,16.0,1625.0,26000.0,2025-04-07
2025040705015696,NRN,58,16,100.0,1625.0,162500.0,2025-04-07
2025040705015695,NRN,57,16,208.0,1625.0,338000.0,2025-04-07
2025040705015694,NRIC,60,17,10.0,1349.0,13490.0,2025-04-07
2025040703010068,MNBBL,57,21,50.0,362.0,18100.0,2025-04-07
2025040705015693,VLUCL,34,57,57.0,662.0,37734.0,2025-04-07
2025040705015692,VLUCL,52,57,83.0,662.0,54946.0,2025-04-07
2025040703010067,NADEP,48,57,30.0,862.0,25860.0,2025-04-07
2025040701014854,GMLI,60,58,10.0,2487.1,24871.0,2025-04-07
2025040704014699,API,50,58,13.0,270.5,3516.5,2025-04-07
2025040703010066,NFS,41,22,10.0,689.0,6890.0,2025-04-07
2025040703010065,NFS,62,22,50.0,689.0,34450.0,2025-04-07
2025040703010064,NFS,52,22,10.0,689.1,6891.0,2025-04-07
2025040703010063,NFS,32,22,30.0,689.3,20679.0,2025-04-07
2025040704014698,UAIL,75,62,10.0,636.1,6361.0,2025-04-07
2025040703010062,SAPDBL,36,1,20.0,1070.8,21416.0,2025-04-07
2025040705015691,ENL,56,13,20.0,1200.0,24000.0,2025-04-07
2025040705015690,ENL,7,13,50.0,1201.5,60075.0,2025-04-07
2025040705015689,ENL,53,13,10.0,1202.0,12020.0,2025-04-07
2025040705015688,ENL,16,13,100.0,1202.0,120200.0,2025-04-07
2025040705015687,ENL,59,13,100.0,1202.1,120210.0,2025-04-07
2025040705015686,ENL,1,13,10.0,1202.3,12023.0,2025-04-07
2025040705015685,ENL,1,13,10.0,1202.3,12023.0,2025-04-07
2025040703010061,SLBSL,37,42,20.0,1890.0,37800.0,2025-04-07
2025040703010060,SLBSL,34,42,20.0,1892.0,37840.0,2025-04-07
2025040703010059,SLBSL,38,42,10.0,1892.0,18920.0,2025-04-07
2025040703010058,SLBSL,47,42,50.0,1895.0,94750.0,2025-04-07
2025040704014697,KKHC,57,42,1000.0,340.6,340600.0,2025-04-07
2025040703010057,NADEP,32,21,30.0,865.0,25950.0,2025-04-07
2025040705015684,HRL,33,41,239.0,1040.1,248583.9,2025-04-07
2025040705015683,HRL,56,41,20.0,1040.1,20802.0,2025-04-07
2025040705015682,HRL,56,41,441.0,1040.1,458684.1,2025-04-07
2025040705015681,NRN,57,58,10.0,1625.0,16250.0,2025-04-07
2025040705015680,ILI,58,48,90.0,462.0,41580.0,2025-04-07
2025040705015679,HRL,58,32,100.0,1042.0,104200.0,2025-04-07
2025040701014853,UHEWA,33,71,1635.0,672.6,1099701.0,2025-04-07
2025040701014852,UHEWA,18,71,30.0,672.6,20178.0,2025-04-07
2025040701014851,UHEWA,50,71,1000.0,672.7,672700.0,2025-04-07
2025040701014850,UHEWA,53,71,100.0,672.7,67270.0,2025-04-07
2025040701014849,UHEWA,57,71,200.0,672.7,134540.0,2025-04-07
2025040701014848,UHEWA,59,71,70.0,672.7,47089.0,2025-04-07
2025040701014847,UHEWA,68,71,321.0,672.7,215936.7,2025-04-07
2025040701014846,UHEWA,26,71,500.0,672.8,336400.0,2025-04-07
2025040701014845,UHEWA,49,71,10.0,675.0,6750.0,2025-04-07
2025040701014844,UHEWA,32,71,20.0,675.0,13500.0,2025-04-07
2025040701014843,UHEWA,5,71,200.0,675.0,135000.0,2025-04-07
2025040701014842,UHEWA,67,71,200.0,675.0,135000.0,2025-04-07
2025040701014841,UHEWA,25,71,200.0,675.2,135040.0,2025-04-07
2025040704014696,SHEL,4,22,100.0,248.5,24850.0,2025-04-07
2025040705015678,CHDC,45,3,10.0,2356.0,23560.0,2025-04-07
2025040701014840,SARBTM,33,34,16.0,783.1,12529.6,2025-04-07
2025040705015677,SONA,33,5,26.0,460.0,11960.0,2025-04-07
2025040701014839,KBSH,42,58,10.0,2180.0,21800.0,2025-04-07
2025040701014838,KBSH,57,58,10.0,2188.0,21880.0,2025-04-07
2025040701014837,DORDI,4,91,140.0,369.0,51660.0,2025-04-07
2025040705015676,NIFRA,49,45,100.0,272.0,27200.0,2025-04-07
2025040705015675,SHIVM,45,26,80.0,528.0,42240.0,2025-04-07
2025040705015674,HRL,45,32,69.0,1042.0,71898.0,2025-04-07
2025040705015673,HRL,45,48,31.0,1041.0,32271.0,2025-04-07
2025040701014836,ADBL,7,50,30.0,292.0,8760.0,2025-04-07
2025040701014835,ADBL,7,17,30.0,292.0,8760.0,2025-04-07
2025040703010056,GMFIL,69,68,450.0,500.1,225045.0,2025-04-07
2025040703010055,GMFIL,28,68,50.0,500.3,25015.0,2025-04-07
2025040701014834,KDL,45,25,10.0,1084.3,10843.0,2025-04-07
2025040705015672,NRN,19,69,50.0,1627.0,81350.0,2025-04-07
2025040704014695,API,36,3,829.0,270.6,224327.4,2025-04-07
2025040704014694,JOSHI,44,53,50.0,370.1,18505.0,2025-04-07
2025040705015671,HRL,56,57,399.0,1040.1,414999.9,2025-04-07
2025040705015670,HRL,22,57,100.0,1040.2,104020.0,2025-04-07
2025040705015669,HRL,45,57,101.0,1040.2,105060.2,2025-04-07
2025040703010054,MPFL,52,57,22.0,626.1,13774.2,2025-04-07
2025040705015668,NRN,57,57,82.0,1625.0,133250.0,2025-04-07
2025040705015667,HRL,55,48,335.0,1041.0,348735.0,2025-04-07
2025040705015666,HRL,16,48,10.0,1041.0,10410.0,2025-04-07
2025040705015665,HRL,45,48,200.0,1041.0,208200.0,2025-04-07
2025040705015664,HRL,49,48,10.0,1041.0,10410.0,2025-04-07
2025040705015663,HRL,39,48,200.0,1041.0,208200.0,2025-04-07
2025040705015662,HRL,45,48,50.0,1041.0,52050.0,2025-04-07
2025040705015661,HRL,14,48,500.0,1041.0,520500.0,2025-04-07
2025040705015660,HRL,38,48,100.0,1041.1,104110.0,2025-04-07
2025040705015659,HRL,52,48,200.0,1041.2,208240.0,2025-04-07
2025040705015658,HRL,48,48,300.0,1041.5,312450.0,2025-04-07
2025040705015657,HRL,56,48,20.0,1041.5,20830.0,2025-04-07
2025040705015656,HRL,38,48,24.0,1041.6,24998.4,2025-04-07
2025040701014833,JBLB,58,34,23.0,1322.0,30406.0,2025-04-07
2025040704014693,CHCL,38,21,42.0,477.1,20038.2,2025-04-07
2025040704014692,CHCL,75,21,158.0,477.1,75381.8,2025-04-07
2025040704014691,LEC,42,13,600.0,208.5,125100.0,2025-04-07
2025040704014690,LEC,42,39,250.0,208.4,52100.0,2025-04-07
2025040704014689,LEC,42,5,150.0,208.4,31260.0,2025-04-07
2025040704014688,SJCL,43,64,185.0,322.0,59570.0,2025-04-07
2025040701014832,GMLI,44,38,10.0,2487.0,24870.0,2025-04-07
2025040703010053,SIFC,22,38,100.0,523.0,52300.0,2025-04-07
2025040701014831,MKCL,40,38,10.0,1624.0,16240.0,2025-04-07
2025040704014687,BARUN,43,42,40.0,505.6,20224.0,2025-04-07
2025040703010052,GMFIL,51,17,50.0,504.5,25225.0,2025-04-07
2025040703010051,HLI,41,56,32.0,430.0,13760.0,2025-04-07
2025040704014686,HPPL,58,71,310.0,618.3,191673.0,2025-04-07
2025040704014685,HPPL,49,71,100.0,619.0,61900.0,2025-04-07
2025040704014684,HPPL,26,71,100.0,620.0,62000.0,2025-04-07
2025040704014683,HPPL,13,71,50.0,620.0,31000.0,2025-04-07
2025040704014682,HPPL,80,71,390.0,620.0,241800.0,2025-04-07
2025040704014681,HPPL,62,71,50.0,620.1,31005.0,2025-04-07
2025040703010050,MDB,49,58,10.0,614.5,6145.0,2025-04-07
2025040703010049,SFCL,58,49,10.0,528.0,5280.0,2025-04-07
2025040701014830,SMHL,39,65,906.0,929.2,841855.2,2025-04-07
2025040701014829,SMHL,8,65,10.0,930.1,9301.0,2025-04-07
2025040701014828,SMHL,26,65,84.0,930.1,78128.4,2025-04-07
2025040705015655,HRL,65,58,100.0,1043.0,104300.0,2025-04-07
2025040705015654,HRL,21,58,200.0,1043.0,208600.0,2025-04-07
2025040701014827,SGHC,45,63,600.0,517.3,310380.0,2025-04-07
2025040701014826,SGHC,45,63,100.0,518.0,51800.0,2025-04-07
2025040705015653,HRL,38,29,76.0,1041.6,79161.6,2025-04-07
2025040705015652,HRL,88,29,54.0,1042.0,56268.0,2025-04-07
2025040705015651,SAHAS,26,81,901.0,500.0,450500.0,2025-04-07
2025040701014825,IHL,81,42,155.0,677.0,104935.0,2025-04-07
2025040701014824,IHL,81,46,145.0,677.0,98165.0,2025-04-07
2025040701014823,SARBTM,35,43,237.0,783.0,185571.0,2025-04-07
2025040703010048,SAPDBL,95,95,933.0,1070.1,998403.3,2025-04-07
2025040703010047,SAPDBL,42,95,67.0,1070.2,71703.4,2025-04-07
2025040703010046,MDB,4,54,500.0,615.0,307500.0,2025-04-07
2025040703010045,SKBBL,39,34,49.0,790.0,38710.0,2025-04-07
2025040705015650,SHIVM,48,26,20.0,528.0,10560.0,2025-04-07
2025040701014822,DLBS,38,58,20.0,1539.0,30780.0,2025-04-07
2025040705015649,HATHY,62,49,24.0,1342.0,32208.0,2025-04-07
2025040705015648,HATHY,62,50,61.0,1342.0,81862.0,2025-04-07
2025040704014680,RIDI,21,21,1205.0,219.0,263895.0,2025-04-07
2025040704014679,RIDI,47,21,100.0,219.0,21900.0,2025-04-07
2025040703010044,DDBL,28,21,40.0,781.9,31276.0,2025-04-07
2025040703010043,DDBL,28,45,10.0,781.7,7817.0,2025-04-07
2025040704014678,GHL,36,13,120.0,268.0,32160.0,2025-04-07
2025040703010042,BFC,59,1,20.0,557.0,11140.0,2025-04-07
2025040701014821,TAMOR,50,42,1000.0,513.0,513000.0,2025-04-07
2025040705015647,HRL,88,99,46.0,1042.0,47932.0,2025-04-07
2025040705015646,HRL,14,99,30.0,1042.0,31260.0,2025-04-07
2025040705015645,HRL,17,99,124.0,1042.0,129208.0,2025-04-07
2025040704014677,IGI,5,19,100.0,561.0,56100.0,2025-04-07
2025040704014676,IGI,38,19,100.0,562.0,56200.0,2025-04-07
2025040704014675,IGI,19,19,50.0,562.0,28100.0,2025-04-07
2025040704014674,IGI,45,19,200.0,562.0,112400.0,2025-04-07
2025040704014673,IGI,56,19,50.0,565.0,28250.0,2025-04-07
2025040703010041,PFL,36,55,212.0,423.0,89676.0,2025-04-07
2025040704014672,UNHPL,57,34,500.0,309.9,154950.0,2025-04-07
2025040704014671,AHPC,57,50,156.0,251.3,39202.8,2025-04-07
2025040704014670,AHPC,57,59,190.0,251.3,47747.0,2025-04-07
2025040704014669,AHPC,57,57,54.0,251.2,13564.8,2025-04-07
2025040704014668,AHPC,57,41,100.0,251.2,25120.0,2025-04-07
2025040701014820,SANIMA,57,40,100.0,300.0,30000.0,2025-04-07
2025040701014819,SARBTM,35,57,315.0,783.0,246645.0,2025-04-07
2025040705015644,NRM,1,57,450.0,481.5,216675.0,2025-04-07
2025040705015643,NRM,6,57,200.0,481.5,96300.0,2025-04-07
2025040704014667,BPCL,21,57,50.0,423.0,21150.0,2025-04-07
2025040704014666,UNHPL,36,48,254.0,308.0,78232.0,2025-04-07
2025040704014665,UNHPL,39,48,146.0,308.1,44982.6,2025-04-07
2025040704014664,UNHPL,26,48,20.0,308.2,6164.0,2025-04-07
2025040705015642,SHIVM,48,57,20.0,528.0,10560.0,2025-04-07
2025040705015641,SHIVM,48,13,360.0,528.0,190080.0,2025-04-07
2025040703010040,MFIL,34,48,20.0,600.0,12000.0,2025-04-07
2025040701014818,MEHL,16,58,350.0,520.3,182105.0,2025-04-07
2025040701014817,MEHL,48,58,150.0,526.5,78975.0,2025-04-07
2025040705015640,CHDC,65,45,50.0,2356.0,117800.0,2025-04-07
2025040704014663,UMHL,62,45,1490.0,442.1,658729.0,2025-04-07
2025040704014662,UMHL,62,45,500.0,442.2,221100.0,2025-04-07
2025040705015639,GCIL,38,28,200.0,537.0,107400.0,2025-04-07
2025040703010039,SFCL,35,34,74.0,526.2,38938.8,2025-04-07
2025040703010038,SFCL,4,34,50.0,527.0,26350.0,2025-04-07
2025040703010037,SFCL,61,34,37.0,527.0,19499.0,2025-04-07
2025040703010036,SFCL,49,34,20.0,527.0,10540.0,2025-04-07
2025040703010035,SFCL,58,34,19.0,527.0,10013.0,2025-04-07
2025040703010034,SFCL,55,34,100.0,527.2,52720.0,2025-04-07
2025040705015638,BBC,33,34,10.0,6071.1,60711.0,2025-04-07
2025040705015637,BBC,19,34,10.0,6074.0,60740.0,2025-04-07
2025040701014816,MKCL,40,42,10.0,1624.0,16240.0,2025-04-07
2025040704014661,SPIL,38,64,116.0,812.8,94284.8,2025-04-07
2025040703010033,PROFL,34,38,67.0,538.0,36046.0,2025-04-07
2025040703010032,PROFL,63,38,50.0,538.1,26905.0,2025-04-07
2025040703010031,PROFL,29,38,33.0,538.2,17760.6,2025-04-07
2025040701014815,MMKJL,62,101,20.0,664.0,13280.0,2025-04-07
2025040705015636,NRN,57,58,200.0,1625.0,325000.0,2025-04-07
2025040705015635,HRL,17,45,191.0,1042.0,199022.0,2025-04-07
2025040705015634,HRL,42,45,120.0,1042.1,125052.0,2025-04-07
2025040704014660,BPCL,45,42,27.0,423.9,11445.3,2025-04-07
2025040701014814,TAMOR,38,36,10.0,512.6,5126.0,2025-04-07
2025040704014659,HURJA,21,98,600.0,236.0,141600.0,2025-04-07
2025040705015633,SMJC,35,65,35.0,576.0,20160.0,2025-04-07
2025040701014813,BGWT,47,58,10.0,1015.0,10150.0,2025-04-07
2025040701014812,BNHC,47,42,36.0,504.7,18169.2,2025-04-07
2025040701014811,BHDC,35,42,188.0,580.0,109040.0,2025-04-07
2025040701014810,BHDC,35,58,12.0,579.9,6958.8,2025-04-07
2025040703010030,GFCL,4,37,10.0,668.0,6680.0,2025-04-07
2025040701014809,SRLI,25,91,480.0,413.0,198240.0,2025-04-07
2025040701014808,SRLI,44,91,10.0,413.3,4133.0,2025-04-07
2025040701014807,TSHL,14,22,20.0,802.0,16040.0,2025-04-07
2025040704014658,BARUN,58,42,10.0,505.6,5056.0,2025-04-07
2025040703010029,CBBL,58,49,12.0,848.0,10176.0,2025-04-07
2025040703010028,CBBL,48,49,46.0,848.0,39008.0,2025-04-07
2025040703010027,CBBL,4,49,112.0,848.0,94976.0,2025-04-07
2025040705015632,NRN,36,69,10.0,1627.0,16270.0,2025-04-07
2025040704014657,NHPC,48,66,150.0,205.6,30840.0,2025-04-07
2025040705015631,MBJC,40,51,100.0,318.3,31830.0,2025-04-07
2025040701014806,SARBTM,35,34,79.0,783.0,61857.0,2025-04-07
2025040703010026,MLBL,57,34,10.0,389.1,3891.0,2025-04-07
2025040701014805,PRSF,78,25,600.0,10.21,6126.0,2025-04-07
2025040701014804,PRSF,7,25,100.0,10.21,1021.0,2025-04-07
2025040703010025,PROFL,53,25,73.0,540.0,39420.0,2025-04-07
2025040703010024,PROFL,53,14,427.0,540.0,230580.0,2025-04-07
2025040704014656,SJCL,43,6,500.0,322.0,161000.0,2025-04-07
2025040704014655,DHPL,16,6,104.0,385.2,40060.8,2025-04-07
2025040704014654,DHPL,33,6,196.0,385.2,75499.2,2025-04-07
2025040701014803,NABIL,58,56,20.0,487.0,9740.0,2025-04-07
2025040701014802,SPC,3,55,700.0,524.0,366800.0,2025-04-07
2025040703010023,SINDU,55,17,20.0,1099.0,21980.0,2025-04-07
2025040704014653,AKJCL,60,42,65.0,201.6,13104.0,2025-04-07
2025040705015630,HRL,42,44,30.0,1042.1,31263.0,2025-04-07
2025040703010022,MLBSL,57,44,20.0,2220.0,44400.0,2025-04-07
2025040703010021,MLBSL,41,44,15.0,2220.0,33300.0,2025-04-07
2025040705015629,HRL,57,58,45.0,1043.0,46935.0,2025-04-07
2025040705015628,HATHY,63,57,300.0,1340.1,402030.0,2025-04-07
2025040705015627,HATHY,42,57,100.0,1340.2,134020.0,2025-04-07
2025040703010020,SIFC,22,58,300.0,523.0,156900.0,2025-04-07
2025040703010019,GLBSL,84,70,200.0,2811.0,562200.0,2025-04-07
2025040703010018,SAPDBL,42,70,433.0,1070.2,463396.6,2025-04-07
2025040703010017,SAPDBL,42,70,408.0,1070.5,436764.0,2025-04-07
2025040701014801,EBL,20,42,200.0,605.0,121000.0,2025-04-07
2025040704014652,BARUN,59,42,377.0,505.6,190611.2,2025-04-07
2025040705015626,SONA,42,5,10.0,460.0,4600.0,2025-04-07
2025040705015625,SMJC,65,84,500.0,575.1,287550.0,2025-04-07
2025040703010016,SINDU,49,43,100.0,1097.0,109700.0,2025-04-07
2025040703010015,SAPDBL,42,38,495.0,1070.5,529897.5,2025-04-07
2025040703010014,SAPDBL,52,38,435.0,1070.7,465754.5,2025-04-07
2025040703010013,SAPDBL,18,38,70.0,1070.8,74956.0,2025-04-07
2025040703010012,SFCL,45,49,30.0,528.0,15840.0,2025-04-07
2025040704014651,UNHPL,26,34,10.0,309.9,3099.0,2025-04-07
2025040705015624,SAHAS,26,26,200.0,500.0,100000.0,2025-04-07
2025040703010011,PFL,36,52,10.0,423.0,4230.0,2025-04-07
2025040704014650,AKJCL,54,34,100.0,201.5,20150.0,2025-04-07
2025040704014649,NGPL,33,6,85.0,270.0,22950.0,2025-04-07
2025040704014648,NGPL,33,4,415.0,269.9,112008.5,2025-04-07
2025040703010010,SAPDBL,77,32,100.0,1071.0,107100.0,2025-04-07
2025040704014647,NIL,14,4,15.0,746.8,11202.0,2025-04-07
2025040703010009,MLBBL,4,43,100.0,1489.0,148900.0,2025-04-07
2025040705015623,NRIC,57,4,13.0,1347.3,17514.9,2025-04-07
2025040703010008,NFS,49,39,10.0,690.0,6900.0,2025-04-07
2025040703010007,NFS,21,39,70.0,690.0,48300.0,2025-04-07
2025040703010006,NFS,34,39,11.0,690.0,7590.0,2025-04-07
2025040703010005,NFS,42,39,150.0,690.0,103500.0,2025-04-07
2025040703010004,NFS,19,39,50.0,690.0,34500.0,2025-04-07
2025040703010003,NFS,44,39,100.0,690.0,69000.0,2025-04-07
2025040703010002,NFS,51,39,60.0,690.0,41400.0,2025-04-07
2025040703010001,NFS,50,39,31.0,690.1,21393.1,2025-04-07
2025040703010000,NFS,58,22,200.0,691.0,138200.0,2025-04-07
2025040703009999,PMLI,13,49,37.0,551.2,20394.4,2025-04-07
2025040705015622,SONA,21,5,95.0,460.0,43700.0,2025-04-07
2025040704014646,JOSHI,45,49,60.0,370.0,22200.0,2025-04-07
2025040704014645,JOSHI,29,49,100.0,370.0,37000.0,2025-04-07
2025040704014644,JOSHI,29,49,100.0,370.0,37000.0,2025-04-07
2025040704014643,JOSHI,45,49,95.0,370.0,35150.0,2025-04-07
2025040704014642,JOSHI,57,49,145.0,370.0,53650.0,2025-04-07
2025040704014641,CHL,58,1,121.0,463.0,56023.0,2025-04-07
2025040704014640,CHL,8,1,100.0,463.0,46300.0,2025-04-07
2025040703009998,ALBSL,58,42,10.0,818.0,8180.0,2025-04-07
2025040701014800,NICA,51,19,40.0,377.3,15092.0,2025-04-07
2025040701014799,NICA,22,19,10.0,377.5,3775.0,2025-04-07
2025040703009997,RLFL,53,57,10.0,529.4,5294.0,2025-04-07
2025040705015621,NRM,86,42,40.0,482.0,19280.0,2025-04-07
2025040703009996,NUBL,14,57,80.0,676.2,54096.0,2025-04-07
2025040703009995,NUBL,14,57,72.0,676.2,48686.4,2025-04-07
2025040701014798,BHL,57,58,29.0,298.0,8642.0,2025-04-07
2025040704014639,SHEL,48,71,100.0,249.3,24930.0,2025-04-07
2025040705015620,HRL,42,57,50.0,1042.1,52105.0,2025-04-07
2025040704014638,SHPC,57,48,300.0,472.0,141600.0,2025-04-07
2025040701014797,SNLI,36,16,12.0,636.0,7632.0,2025-04-07
2025040701014796,GBIME,26,16,27.0,218.5,5899.5,2025-04-07
2025040701014795,GBIME,38,16,10.0,218.5,2185.0,2025-04-07
2025040701014794,GBIME,45,16,10.0,218.5,2185.0,2025-04-07
2025040701014793,GBIME,34,16,54.0,218.5,11799.0,2025-04-07
2025040704014637,MEN,80,56,335.0,584.0,195640.0,2025-04-07
2025040703009994,SHINE,58,58,50.0,410.0,20500.0,2025-04-07
2025040703009993,NABBC,28,70,100.0,1815.1,181510.0,2025-04-07
2025040701014792,HIDCLP,43,57,200.0,175.0,35000.0,2025-04-07
2025040703009992,MERO,6,43,61.0,717.0,43737.0,2025-04-07
2025040703009991,RLFL,42,38,90.0,526.0,47340.0,2025-04-07
2025040703009990,NLIC,42,17,50.0,778.0,38900.0,2025-04-07
2025040704014636,GHL,32,39,500.0,269.0,134500.0,2025-04-07
2025040701014791,KBL,62,7,500.0,209.8,104900.0,2025-04-07
2025040704014635,LEC,35,45,203.0,207.0,42021.0,2025-04-07
2025040704014634,LEC,50,45,20.0,207.1,4142.0,2025-04-07
2025040704014633,LEC,14,45,77.0,207.1,15946.7,2025-04-07
2025040701014790,BGWT,35,58,10.0,1015.0,10150.0,2025-04-07
2025040701014789,BGWT,82,58,20.0,1015.1,20302.0,2025-04-07
2025040704014632,SHPC,57,34,500.0,472.0,236000.0,2025-04-07
2025040704014631,HDHPC,45,29,177.0,196.0,34692.0,2025-04-07
2025040704014630,HDHPC,17,29,125.0,196.0,24500.0,2025-04-07
2025040704014629,HDHPC,51,29,100.0,196.0,19600.0,2025-04-07
2025040704014628,HDHPC,25,29,200.0,196.0,39200.0,2025-04-07
2025040704014627,HDHPC,13,29,200.0,196.0,39200.0,2025-04-07
2025040704014626,HDHPC,14,29,100.0,196.0,19600.0,2025-04-07
2025040704014625,HDHPC,16,29,200.0,196.0,39200.0,2025-04-07
2025040704014624,HDHPC,42,29,10.0,196.0,1960.0,2025-04-07
2025040704014623,HDHPC,48,29,2000.0,196.0,392000.0,2025-04-07
2025040704014622,HDHPC,49,29,1000.0,196.0,196000.0,2025-04-07
2025040704014621,HDHPC,8,29,335.0,196.0,65660.0,2025-04-07
2025040704014620,HDHPC,38,29,55.0,196.1,10785.5,2025-04-07
2025040704014619,HDHPC,57,29,250.0,196.1,49025.0,2025-04-07
2025040704014618,HDHPC,49,29,25.0,196.1,4902.5,2025-04-07
2025040704014617,HDHPC,1,29,200.0,196.1,39220.0,2025-04-07
2025040704014616,HDHPC,22,29,2000.0,196.1,392200.0,2025-04-07
2025040704014615,HDHPC,26,29,500.0,196.1,98050.0,2025-04-07
2025040704014614,HDHPC,45,29,15.0,196.1,2941.5,2025-04-07
2025040704014613,HDHPC,22,29,1500.0,196.1,294150.0,2025-04-07
2025040704014612,HDHPC,58,29,150.0,196.1,29415.0,2025-04-07
2025040704014611,HDHPC,45,29,35.0,196.1,6863.5,2025-04-07
2025040704014610,HDHPC,43,29,200.0,196.2,39240.0,2025-04-07
2025040704014609,HDHPC,21,29,547.0,196.2,107321.4,2025-04-07
2025040704014608,AHPC,18,14,480.0,251.0,120480.0,2025-04-07
2025040704014607,AHPC,77,14,20.0,251.1,5022.0,2025-04-07
2025040703009989,MLBBL,58,14,50.0,1477.0,73850.0,2025-04-07
2025040701014788,KBL,80,81,30.0,209.0,6270.0,2025-04-07
2025040701014787,KBL,47,81,1000.0,209.0,209000.0,2025-04-07
2025040701014786,KBL,29,81,100.0,209.0,20900.0,2025-04-07
2025040701014785,KBL,57,81,620.0,209.0,129580.0,2025-04-07
2025040701014784,KBL,80,81,1000.0,209.1,209100.0,2025-04-07
2025040701014783,KBL,22,81,250.0,209.1,52275.0,2025-04-07
2025040705015619,NRIC,67,45,3.0,1345.0,4035.0,2025-04-07
2025040704014606,SGIC,38,49,10.0,589.0,5890.0,2025-04-07
2025040705015618,NRN,49,69,40.0,1627.0,65080.0,2025-04-07
2025040703009988,SFCL,58,49,10.0,528.0,5280.0,2025-04-07
2025040701014782,ULHC,96,49,100.0,510.5,51050.0,2025-04-07
2025040703009987,SWMF,36,13,10.0,728.0,7280.0,2025-04-07
2025040703009986,RSDC,62,49,47.0,720.2,33849.4,2025-04-07
2025040703009985,RSDC,34,49,37.0,720.3,26651.1,2025-04-07
2025040701014781,MEHL,49,6,50.0,527.0,26350.0,2025-04-07
2025040705015617,CHDC,1,70,20.0,2357.0,47140.0,2025-04-07
2025040701014780,MHL,22,50,50.0,697.0,34850.0,2025-04-07
2025040701014779,MHL,58,50,72.0,697.0,50184.0,2025-04-07
2025040701014778,MHL,37,50,20.0,697.1,13942.0,2025-04-07
2025040701014777,MHL,32,50,174.0,697.1,121295.4,2025-04-07
2025040701014776,MHL,57,50,12.0,697.2,8366.4,2025-04-07
2025040704014605,JOSHI,57,6,355.0,370.0,131350.0,2025-04-07
2025040704014604,JOSHI,13,6,10.0,370.0,3700.0,2025-04-07
2025040704014603,JOSHI,58,6,35.0,370.0,12950.0,2025-04-07
2025040704014602,JOSHI,22,6,100.0,370.1,37010.0,2025-04-07
2025040705015616,NRIC,6,53,200.0,1349.8,269960.0,2025-04-07
2025040704014601,RHPL,40,6,10.0,378.7,3787.0,2025-04-07
2025040704014600,HURJA,6,57,340.0,237.0,80580.0,2025-04-07
2025040704014599,HPPL,56,84,500.0,624.0,312000.0,2025-04-07
2025040703009984,MLBSL,41,55,35.0,2220.0,77700.0,2025-04-07
2025040703009983,MLBSL,57,55,30.0,2220.0,66600.0,2025-04-07
2025040703009982,MLBSL,53,55,55.0,2220.0,122100.0,2025-04-07
2025040701014775,GMLI,44,17,90.0,2487.0,223830.0,2025-04-07
2025040704014598,NHPC,48,57,50.0,205.6,10280.0,2025-04-07
2025040703009981,CBBL,57,45,10.0,850.0,8500.0,2025-04-07
2025040703009980,GMFIL,82,17,50.0,504.5,25225.0,2025-04-07
2025040705015615,HRL,28,58,10.0,1043.0,10430.0,2025-04-07
2025040701014774,TVCL,70,51,120.0,515.0,61800.0,2025-04-07
2025040705015614,NRN,59,69,100.0,1627.0,162700.0,2025-04-07
2025040705015613,NRN,45,69,10.0,1627.0,16270.0,2025-04-07
2025040705015612,NRN,6,69,1050.0,1627.0,1708350.0,2025-04-07
2025040705015611,SAHAS,26,57,100.0,500.0,50000.0,2025-04-07
2025040705015610,SAHAS,26,50,300.0,500.0,150000.0,2025-04-07
2025040705015609,SAHAS,26,41,400.0,500.0,200000.0,2025-04-07
2025040701014773,TVCL,58,51,20.0,515.0,10300.0,2025-04-07
2025040701014772,TVCL,14,51,10.0,515.0,5150.0,2025-04-07
2025040705015608,NRIC,51,53,27.0,1349.8,36444.6,2025-04-07
2025040705015607,NRIC,51,14,10.0,1349.0,13490.0,2025-04-07
2025040705015606,NRIC,51,16,100.0,1349.0,134900.0,2025-04-07
2025040705015605,NRIC,51,53,13.0,1349.0,17537.0,2025-04-07
2025040701014771,SAMAJ,8,38,15.0,2525.0,37875.0,2025-04-07
2025040704014597,UAIL,38,44,100.0,645.0,64500.0,2025-04-07
2025040701014770,DORDI,4,42,10.0,369.0,3690.0,2025-04-07
2025040701014769,SARBTM,41,43,50.0,783.1,39155.0,2025-04-07
2025040701014768,USHL,57,71,40.0,731.0,29240.0,2025-04-07
2025040703009979,SFCL,63,47,100.0,529.0,52900.0,2025-04-07
2025040705015604,NRN,6,21,195.0,1627.0,317265.0,2025-04-07
2025040701014767,SBLD89,13,45,10.0,1254.0,12540.0,2025-04-07
2025040701014766,SBLD89,13,45,5.0,1252.0,6260.0,2025-04-07
2025040701014765,MEHL,58,6,100.0,527.0,52700.0,2025-04-07
2025040703009978,NLICL,54,59,50.0,625.0,31250.0,2025-04-07
2025040704014596,CHCL,54,84,300.0,477.9,143370.0,2025-04-07
2025040703009977,MERO,6,14,139.0,717.0,99663.0,2025-04-07
2025040703009976,ACLBSL,57,33,100.0,1057.1,105710.0,2025-04-07
2025040705015603,NRN,6,35,700.0,1627.0,1138900.0,2025-04-07
2025040703009975,PROFL,59,14,173.0,540.0,93420.0,2025-04-07
2025040703009974,PROFL,59,59,27.0,540.0,14580.0,2025-04-07
2025040703009973,PROFL,59,46,500.0,539.0,269500.0,2025-04-07
2025040704014595,UMHL,39,45,10.0,443.0,4430.0,2025-04-07
2025040701014764,DORDI,4,49,10.0,369.0,3690.0,2025-04-07
2025040703009972,MLBBL,34,66,15.0,1478.0,22170.0,2025-04-07
2025040705015602,BBC,57,45,10.0,6075.0,60750.0,2025-04-07
2025040705015601,NRN,6,58,55.0,1627.0,89485.0,2025-04-07
2025040705015600,NRN,17,58,1000.0,1627.0,1627000.0,2025-04-07
2025040705015599,NRN,75,58,10.0,1627.0,16270.0,2025-04-07
2025040704014594,BARUN,59,58,50.0,505.6,25280.0,2025-04-07
2025040701014763,TAMOR,38,19,260.0,512.6,133276.0,2025-04-07
2025040703009971,SJLIC,77,6,210.0,442.5,92925.0,2025-04-07
2025040703009970,SJLIC,33,6,300.0,442.6,132780.0,2025-04-07
2025040703009969,SJLIC,38,6,15.0,442.6,6639.0,2025-04-07
2025040705015598,CHDC,65,56,50.0,2356.0,117800.0,2025-04-07
2025040701014762,MEHL,48,56,110.0,526.5,57915.0,2025-04-07
2025040704014593,RADHI,44,34,50.0,448.0,22400.0,2025-04-07
2025040704014592,HURJA,21,48,400.0,236.0,94400.0,2025-04-07
2025040701014761,SARBTM,35,57,14.0,783.0,10962.0,2025-04-07
2025040705015597,MEL,34,16,150.0,314.0,47100.0,2025-04-07
2025040705015596,MEL,66,16,100.0,314.1,31410.0,2025-04-07
2025040705015595,NRIC,57,16,53.0,1347.2,71401.6,2025-04-07
2025040703009968,SLBSL,34,28,100.0,1900.0,190000.0,2025-04-07
2025040703009967,SLBSL,26,28,10.0,1900.0,19000.0,2025-04-07
2025040703009966,SLBSL,34,28,10.0,1900.0,19000.0,2025-04-07
2025040703009965,SLBSL,42,28,10.0,1900.0,19000.0,2025-04-07
2025040703009964,SLBSL,78,28,51.0,1900.0,96900.0,2025-04-07
2025040703009963,SKBBL,58,34,10.0,790.0,7900.0,2025-04-07
2025040701014760,NICA,58,58,18.0,377.9,6802.2,2025-04-07
2025040703009962,MDB,32,26,47.0,614.4,28876.8,2025-04-07
2025040701014759,CITY,51,26,30.0,834.5,25035.0,2025-04-07
2025040701014758,MLBS,42,41,20.0,1733.0,34660.0,2025-04-07
2025040701014757,GBIME,52,44,1.0,218.0,218.0,2025-04-07
2025040701014756,GBIME,50,44,19.0,218.8,4157.2,2025-04-07
2025040705015594,HRL,17,44,85.0,1042.0,88570.0,2025-04-07
2025040705015593,HRL,38,44,20.0,1042.0,20840.0,2025-04-07
2025040701014755,BHL,54,22,80.0,297.2,23776.0,2025-04-07
2025040701014754,BHL,32,22,10.0,297.3,2973.0,2025-04-07
2025040705015592,SHIVM,74,13,40.0,528.0,21120.0,2025-04-07
2025040705015591,SHIVM,74,55,100.0,528.0,52800.0,2025-04-07
2025040704014591,NHPC,19,74,13.0,205.5,2671.5,2025-04-07
2025040705015590,HRL,45,58,50.0,1043.0,52150.0,2025-04-07
2025040701014753,BEDC,45,40,10.0,780.0,7800.0,2025-04-07
2025040701014752,BEDC,45,26,10.0,779.0,7790.0,2025-04-07
2025040704014590,HURJA,21,29,800.0,236.0,188800.0,2025-04-07
2025040704014589,DHPL,58,35,10.0,385.3,3853.0,2025-04-07
2025040701014751,BHL,20,58,171.0,298.0,50958.0,2025-04-07
2025040701014750,BHL,20,42,719.0,298.0,214262.0,2025-04-07
2025040701014749,BHL,20,36,100.0,297.5,29750.0,2025-04-07
2025040701014748,SANIMA,54,40,100.0,300.0,30000.0,2025-04-07
2025040704014588,NGPL,33,4,1985.0,269.9,535751.5,2025-04-07
2025040704014587,NGPL,33,58,148.0,269.9,39945.2,2025-04-07
2025040704014586,NGPL,33,58,27.0,269.7,7281.9,2025-04-07
2025040704014585,NGPL,33,65,500.0,269.5,134750.0,2025-04-07
2025040704014584,NGPL,33,58,207.0,269.5,55786.5,2025-04-07
2025040704014583,NGPL,33,55,105.0,269.0,28245.0,2025-04-07
2025040704014582,NGPL,33,5,500.0,269.0,134500.0,2025-04-07
2025040704014581,NGPL,33,42,200.0,269.0,53800.0,2025-04-07
2025040704014580,NGPL,33,17,50.0,269.0,13450.0,2025-04-07
2025040704014579,NGPL,33,57,100.0,269.0,26900.0,2025-04-07
2025040704014578,NGPL,33,66,500.0,269.0,134500.0,2025-04-07
2025040704014577,NGPL,33,22,50.0,269.0,13450.0,2025-04-07
2025040704014576,NGPL,33,26,300.0,269.0,80700.0,2025-04-07
2025040704014575,NGPL,33,49,139.0,268.8,37363.2,2025-04-07
2025040704014574,NGPL,33,41,189.0,268.0,50652.0,2025-04-07
2025040705015589,HRL,38,47,20.0,1042.0,20840.0,2025-04-07
2025040705015588,HRL,40,47,260.0,1042.0,270920.0,2025-04-07
2025040705015587,HRL,32,47,20.0,1042.0,20840.0,2025-04-07
2025040705015586,HRL,11,47,30.0,1042.0,31260.0,2025-04-07
2025040703009961,USLB,35,66,10.0,1780.0,17800.0,2025-04-07
2025040703009960,USLB,35,39,80.0,1769.0,141520.0,2025-04-07
2025040703009959,USLB,35,63,60.0,1749.0,104940.0,2025-04-07
2025040703009958,USLB,35,66,20.0,1748.0,34960.0,2025-04-07
2025040701014747,MBL,3,59,140.0,226.5,31710.0,2025-04-07
2025040704014573,BPCL,21,45,19.0,423.0,8037.0,2025-04-07
2025040704014572,SGIC,49,75,400.0,589.5,235800.0,2025-04-07
2025040704014571,SGIC,49,75,20.0,589.5,11790.0,2025-04-07
2025040704014570,MEN,7,56,35.0,584.0,20440.0,2025-04-07
2025040703009957,RSDC,34,49,65.0,720.3,46819.5,2025-04-07
2025040703009956,VLBS,66,34,10.0,863.0,8630.0,2025-04-07
2025040704014569,CHCL,1,84,25.0,477.9,11947.5,2025-04-07
2025040704014568,UPPER,1,58,10.0,199.5,1995.0,2025-04-07
2025040701014746,SARBTM,35,45,100.0,783.0,78300.0,2025-04-07
2025040701014745,DLBS,45,49,10.0,1540.0,15400.0,2025-04-07
2025040705015585,SMATA,34,6,220.0,815.0,179300.0,2025-04-07
2025040705015584,NRN,36,25,10.0,1628.0,16280.0,2025-04-07
2025040704014567,UAIL,60,44,20.0,645.0,12900.0,2025-04-07
2025040705015583,HRL,48,58,100.0,1043.0,104300.0,2025-04-07
2025040705015582,SHIVM,57,55,100.0,528.0,52800.0,2025-04-07
2025040703009955,SAPDBL,18,16,30.0,1070.8,32124.0,2025-04-07
2025040703009954,SAPDBL,49,16,40.0,1071.0,42840.0,2025-04-07
2025040703009953,SAPDBL,57,16,406.0,1071.0,434826.0,2025-04-07
2025040703009952,SAPDBL,50,16,100.0,1072.0,107200.0,2025-04-07
2025040703009951,SAPDBL,22,16,424.0,1072.0,454528.0,2025-04-07
2025040703009950,SFCL,56,45,30.0,528.9,15867.0,2025-04-07
2025040704014566,UNHPL,58,56,260.0,310.0,80600.0,2025-04-07
2025040703009949,MLBL,5,44,100.0,390.0,39000.0,2025-04-07
2025040703009948,MLBL,5,17,100.0,390.0,39000.0,2025-04-07
2025040705015581,CHDC,5,70,20.0,2357.0,47140.0,2025-04-07
2025040704014565,UMRH,5,45,47.0,600.0,28200.0,2025-04-07
2025040704014564,UMRH,5,25,490.0,600.0,294000.0,2025-04-07
2025040701014744,LSL,22,38,790.0,220.4,174116.0,2025-04-07
2025040701014743,LSL,25,38,210.0,221.5,46515.0,2025-04-07
2025040701014742,MHL,57,38,10.0,697.2,6972.0,2025-04-07
2025040704014563,API,45,38,1475.0,270.0,398250.0,2025-04-07
2025040704014562,API,39,38,145.0,270.0,39150.0,2025-04-07
2025040704014561,API,17,38,100.0,270.0,27000.0,2025-04-07
2025040704014560,API,49,38,260.0,270.0,70200.0,2025-04-07
2025040704014559,API,22,38,20.0,270.0,5400.0,2025-04-07
2025040704014558,NLG,64,38,500.0,897.0,448500.0,2025-04-07
2025040705015580,ILI,42,48,18.0,462.0,8316.0,2025-04-07
2025040705015579,HIDCL,71,42,450.0,271.5,122175.0,2025-04-07
2025040705015578,HIDCL,71,59,500.0,271.5,135750.0,2025-04-07
2025040705015577,NRN,71,25,50.0,1628.0,81400.0,2025-04-07
2025040701014741,SARBTM,11,43,15.0,783.1,11746.5,2025-04-07
2025040705015576,PHCL,45,17,30.0,588.0,17640.0,2025-04-07
2025040701014740,KBL,22,45,100.0,209.1,20910.0,2025-04-07
2025040701014739,GMLI,57,17,10.0,2487.0,24870.0,2025-04-07
2025040704014557,DHPL,33,14,50.0,385.2,19260.0,2025-04-07
2025040701014738,ULBSL,22,43,20.0,3200.0,64000.0,2025-04-07
2025040701014737,ULBSL,16,43,10.0,3201.0,32010.0,2025-04-07
2025040703009947,USLB,35,63,150.0,1749.0,262350.0,2025-04-07
2025040704014556,API,35,3,70.0,270.6,18942.0,2025-04-07
2025040703009946,FMDBL,6,35,100.0,754.0,75400.0,2025-04-07
2025040703009945,FMDBL,56,35,200.0,754.1,150820.0,2025-04-07
2025040703009944,FMDBL,1,35,200.0,754.1,150820.0,2025-04-07
2025040703009943,USLB,35,63,40.0,1749.0,69960.0,2025-04-07
2025040703009942,USLB,35,44,10.0,1669.9,16699.0,2025-04-07
2025040703009941,MLBL,57,59,490.0,389.1,190659.0,2025-04-07
2025040703009940,MLBL,39,59,10.0,389.7,3897.0,2025-04-07
2025040704014555,KKHC,59,57,10.0,341.5,3415.0,2025-04-07
2025040705015575,CHDC,39,91,16.0,2355.0,37680.0,2025-04-07
2025040705015574,GCIL,38,91,900.0,537.0,483300.0,2025-04-07
2025040705015573,GCIL,35,91,100.0,537.0,53700.0,2025-04-07
2025040703009939,JFL,62,11,120.0,506.0,60720.0,2025-04-07
2025040701014736,PRSF,7,25,100.0,10.39,1039.0,2025-04-07
2025040704014554,CHL,45,1,30.0,464.0,13920.0,2025-04-07
2025040701014735,SHLB,34,50,10.0,2142.2,21422.0,2025-04-07
2025040701014734,IHL,88,46,55.0,677.0,37235.0,2025-04-07
2025040701014733,IHL,88,41,10.0,676.3,6763.0,2025-04-07
2025040701014732,IHL,88,49,10.0,676.2,6762.0,2025-04-07
2025040701014731,IHL,88,39,10.0,675.0,6750.0,2025-04-07
2025040701014730,IHL,88,35,10.0,674.0,6740.0,2025-04-07
2025040701014729,IHL,88,58,10.0,674.0,6740.0,2025-04-07
2025040701014728,IHL,88,48,50.0,670.0,33500.0,2025-04-07
2025040701014727,IHL,88,49,10.0,670.0,6700.0,2025-04-07
2025040701014726,IHL,88,70,235.0,669.9,157426.5,2025-04-07
2025040701014725,PRVU,34,52,190.0,212.0,40280.0,2025-04-07
2025040701014724,PRVU,34,38,510.0,212.0,108120.0,2025-04-07
2025040703009938,SMFBS,34,42,10.0,1850.0,18500.0,2025-04-07
2025040704014553,MEN,58,56,60.0,584.0,35040.0,2025-04-07
2025040704014552,MEN,17,56,20.0,584.0,11680.0,2025-04-07
2025040705015572,GCIL,88,55,50.0,539.0,26950.0,2025-04-07
2025040705015571,GCIL,57,55,17.0,539.0,9163.0,2025-04-07
2025040703009937,PFL,16,55,760.0,423.1,321556.0,2025-04-07
2025040703009936,PFL,42,55,30.0,423.1,12693.0,2025-04-07
2025040701014723,TPC,57,6,220.0,529.4,116468.0,2025-04-07
2025040701014722,TPC,57,3,380.0,527.0,200260.0,2025-04-07
2025040703009935,SIFC,22,33,35.0,522.5,18287.5,2025-04-07
2025040704014551,HPPL,80,16,100.0,620.0,62000.0,2025-04-07
2025040704014550,HPPL,80,25,10.0,620.0,6200.0,2025-04-07
2025040701014721,MHCL,16,53,100.0,504.9,50490.0,2025-04-07
2025040703009934,SFCL,16,47,15.0,529.0,7935.0,2025-04-07
2025040701014720,TAMOR,38,26,10.0,512.6,5126.0,2025-04-07
2025040704014549,SJCL,43,34,60.0,322.0,19320.0,2025-04-07
2025040704014548,RADHI,33,34,200.0,448.0,89600.0,2025-04-07
2025040704014547,RADHI,40,34,260.0,448.0,116480.0,2025-04-07
2025040705015570,NRN,58,5,80.0,1627.0,130160.0,2025-04-07
2025040705015569,NRN,56,5,20.0,1627.2,32544.0,2025-04-07
2025040701014719,BGWT,82,78,10.0,1015.1,10151.0,2025-04-07
2025040703009933,MPFL,52,38,173.0,626.1,108315.3,2025-04-07
2025040703009932,MPFL,11,38,50.0,627.0,31350.0,2025-04-07
2025040703009931,MPFL,1,38,50.0,627.0,31350.0,2025-04-07
2025040703009930,MPFL,6,38,100.0,627.5,62750.0,2025-04-07
2025040703009929,MPFL,32,38,187.0,628.0,117436.0,2025-04-07
2025040703009928,MPFL,58,38,30.0,628.1,18843.0,2025-04-07
2025040704014546,HDHPC,41,26,300.0,197.0,59100.0,2025-04-07
2025040705015568,ILI,11,48,10.0,462.0,4620.0,2025-04-07
2025040704014545,NLG,28,29,60.0,899.9,53994.0,2025-04-07
2025040704014544,NLG,28,25,25.0,899.9,22497.5,2025-04-07
2025040705015567,HRL,11,45,20.0,1042.0,20840.0,2025-04-07
2025040703009927,NLIC,40,17,148.0,778.0,115144.0,2025-04-07
2025040701014718,SPL,17,17,40.0,880.0,35200.0,2025-04-07
2025040704014543,RHPL,40,54,20.0,378.7,7574.0,2025-04-07
2025040701014717,NBL,38,81,602.0,247.5,148995.0,2025-04-07
2025040703009926,LICN,77,45,17.0,998.0,16966.0,2025-04-07
2025040705015566,HDL,57,47,50.0,1199.0,59950.0,2025-04-07
2025040705015565,HDL,38,47,20.0,1199.0,23980.0,2025-04-07
2025040703009925,GRDBL,4,81,10.0,1283.0,12830.0,2025-04-07
2025040703009924,KSBBL,4,14,60.0,434.0,26040.0,2025-04-07
2025040704014542,RADHI,67,57,50.0,448.9,22445.0,2025-04-07
2025040704014541,AKJCL,13,42,1000.0,201.6,201600.0,2025-04-07
2025040705015564,NIFRA,49,45,83.0,272.0,22576.0,2025-04-07
2025040705015563,NIFRA,49,50,17.0,272.0,4624.0,2025-04-07
2025040705015562,STC,49,13,10.0,5270.0,52700.0,2025-04-07
2025040704014540,NHDL,14,49,10.0,792.0,7920.0,2025-04-07
2025040705015561,SAHAS,4,1,63.0,499.5,31468.5,2025-04-07
2025040705015560,SAHAS,25,1,70.0,499.6,34972.0,2025-04-07
2025040701014716,USHEC,17,68,10.0,595.0,5950.0,2025-04-07
2025040704014539,GHL,49,39,10.0,269.0,2690.0,2025-04-07
2025040703009923,NFS,50,1,19.0,690.1,13111.9,2025-04-07
2025040704014538,CHL,70,1,50.0,464.1,23205.0,2025-04-07
2025040704014537,CHL,38,1,199.0,464.3,92395.7,2025-04-07
2025040704014536,AKJCL,55,50,149.0,201.0,29949.0,2025-04-07
2025040701014715,DOLTI,43,6,22.0,674.0,14828.0,2025-04-07
2025040703009922,SKBBL,58,34,10.0,790.0,7900.0,2025-04-07
2025040701014714,MKHC,34,6,20.0,517.9,10358.0,2025-04-07
2025040703009921,PFL,58,55,25.0,424.0,10600.0,2025-04-07
2025040703009920,NABBC,28,56,1000.0,1821.0,1821000.0,2025-04-07
2025040705015559,CLI,56,45,10.0,502.0,5020.0,2025-04-07
2025040705015558,CLI,56,51,34.0,502.0,17068.0,2025-04-07
2025040704014535,UPPER,55,58,10.0,199.5,1995.0,2025-04-07
2025040703009919,GMFIL,48,17,50.0,504.5,25225.0,2025-04-07
2025040701014713,ULBSL,35,57,14.0,3202.0,44828.0,2025-04-07
2025040701014712,ULBSL,45,57,10.0,3203.0,32030.0,2025-04-07
2025040701014711,ULBSL,50,57,10.0,3203.0,32030.0,2025-04-07
2025040701014710,ULBSL,35,57,10.0,3204.0,32040.0,2025-04-07
2025040701014709,ULBSL,47,57,65.0,3205.0,208325.0,2025-04-07
2025040704014534,CHCL,57,84,17.0,477.9,8124.3,2025-04-07
2025040704014533,NHPC,49,57,300.0,205.6,61680.0,2025-04-07
2025040703009918,MDB,32,21,75.0,614.4,46080.0,2025-04-07
2025040703009917,GLBSL,84,70,1500.0,2810.0,4215000.0,2025-04-07
2025040701014708,EBL,20,34,1000.0,605.0,605000.0,2025-04-07
2025040701014707,RFPL,6,34,283.0,706.0,199798.0,2025-04-07
2025040705015557,SMJC,65,5,2200.0,575.1,1265220.0,2025-04-07
2025040705015556,SMJC,63,5,500.0,575.2,287600.0,2025-04-07
2025040705015555,SMJC,14,5,100.0,575.2,57520.0,2025-04-07
2025040705015554,SMJC,52,5,200.0,575.3,115060.0,2025-04-07
2025040703009916,EDBL,6,5,500.0,620.2,310100.0,2025-04-07
2025040703009915,EDBL,16,5,20.0,621.0,12420.0,2025-04-07
2025040703009914,EDBL,55,5,20.0,623.0,12460.0,2025-04-07
2025040703009913,EDBL,92,5,316.0,627.0,198132.0,2025-04-07
2025040703009912,MDB,43,54,50.0,615.0,30750.0,2025-04-07
2025040701014706,SARBTM,38,43,50.0,783.1,39155.0,2025-04-07
2025040704014532,SJCL,43,72,200.0,322.0,64400.0,2025-04-07
2025040701014705,KBL,22,63,500.0,209.1,104550.0,2025-04-07
2025040705015553,SONA,13,5,50.0,460.0,23000.0,2025-04-07
2025040704014531,GHL,36,52,50.0,268.0,13400.0,2025-04-07
2025040703009911,RSDC,34,29,208.0,720.3,149822.4,2025-04-07
2025040701014704,ADBL,20,20,200.0,291.7,58340.0,2025-04-07
2025040705015552,NRN,54,25,500.0,1628.0,814000.0,2025-04-07
2025040701014703,SRLI,54,91,10.0,414.9,4149.0,2025-04-07
2025040703009910,LLBS,14,53,10.0,1079.0,10790.0,2025-04-07
2025040703009909,LLBS,14,8,30.0,1078.0,32340.0,2025-04-07
2025040703009908,LLBS,14,21,10.0,1070.0,10700.0,2025-04-07
2025040705015551,CLI,18,51,10.0,502.0,5020.0,2025-04-07
2025040704014530,HURJA,21,34,1000.0,236.0,236000.0,2025-04-07
2025040701014702,GVL,34,45,50.0,486.0,24300.0,2025-04-07
2025040705015550,SONA,33,43,40.0,459.9,18396.0,2025-04-07
2025040703009907,SAPDBL,22,59,40.0,1072.0,42880.0,2025-04-07
2025040705015549,NIFRA,44,50,100.0,272.0,27200.0,2025-04-07
2025040701014701,PCBL,34,7,300.0,252.5,75750.0,2025-04-07
2025040705015548,HATHY,49,50,50.0,1342.0,67100.0,2025-04-07
2025040703009906,JFL,13,49,20.0,505.0,10100.0,2025-04-07
2025040701014700,SPC,3,49,10.0,524.0,5240.0,2025-04-07
2025040705015547,HATHY,7,50,89.0,1342.0,119438.0,2025-04-07
2025040703009905,RLFL,53,38,10.0,526.0,5260.0,2025-04-07
2025040705015546,NIFRA,21,50,800.0,272.0,217600.0,2025-04-07
2025040705015545,NIFRA,36,50,83.0,272.0,22576.0,2025-04-07
2025040703009904,JFL,7,19,50.0,505.0,25250.0,2025-04-07
2025040703009903,MDB,19,54,10.0,615.0,6150.0,2025-04-07
2025040701014699,GVL,25,45,50.0,486.0,24300.0,2025-04-07
2025040705015544,HRL,25,17,20.0,1044.0,20880.0,2025-04-07
2025040703009902,JBBL,51,25,100.0,336.6,33660.0,2025-04-07
2025040705015543,NRN,59,25,100.0,1628.0,162800.0,2025-04-07
2025040705015542,ENL,45,6,200.0,1203.0,240600.0,2025-04-07
2025040705015541,ENL,48,6,50.0,1204.0,60200.0,2025-04-07
2025040705015540,ENL,49,6,12.0,1204.0,14448.0,2025-04-07
2025040705015539,ENL,56,6,183.0,1205.0,220515.0,2025-04-07
2025040704014529,UMHL,62,55,943.0,442.0,416806.0,2025-04-07
2025040704014528,UMHL,56,55,57.0,442.1,25199.7,2025-04-07
2025040704014527,KPCL,13,57,314.0,515.0,161710.0,2025-04-07
2025040704014526,KPCL,57,57,100.0,515.0,51500.0,2025-04-07
2025040704014525,KPCL,58,57,86.0,515.0,44290.0,2025-04-07
2025040705015538,NIFRA,36,57,217.0,272.0,59024.0,2025-04-07
2025040705015537,NIFRA,58,57,283.0,272.0,76976.0,2025-04-07
2025040701014698,BEDC,64,57,50.0,777.0,38850.0,2025-04-07
2025040701014697,BEDC,28,57,50.0,778.0,38900.0,2025-04-07
2025040704014524,SSHL,57,34,68.0,228.9,15565.2,2025-04-07
2025040704014523,SSHL,57,44,317.0,228.9,72561.3,2025-04-07
2025040704014522,SSHL,57,58,50.0,228.6,11430.0,2025-04-07
2025040701014696,HHL,45,47,115.0,493.0,56695.0,2025-04-07
2025040705015536,SONA,16,5,200.0,460.0,92000.0,2025-04-07
2025040701014695,MEHL,42,6,30.0,527.0,15810.0,2025-04-07
2025040704014521,RADHI,40,42,100.0,448.0,44800.0,2025-04-07
2025040704014520,LEC,41,5,850.0,208.4,177140.0,2025-04-07
2025040704014519,LEC,41,38,90.0,208.0,18720.0,2025-04-07
2025040704014518,LEC,41,1,60.0,207.8,12468.0,2025-04-07
2025040704014517,KKHC,57,41,10.0,340.6,3406.0,2025-04-07
2025040704014516,NGPL,44,49,361.0,268.8,97036.8,2025-04-07
2025040704014515,NGPL,44,59,383.0,268.5,102835.5,2025-04-07
2025040704014514,NGPL,44,54,50.0,268.4,13420.0,2025-04-07
2025040704014513,NGPL,44,49,270.0,268.4,72468.0,2025-04-07
2025040704014512,NGPL,44,32,36.0,268.4,9662.4,2025-04-07
2025040704014511,NGPL,44,6,100.0,268.0,26800.0,2025-04-07
2025040704014510,NGPL,44,45,200.0,268.0,53600.0,2025-04-07
2025040704014509,NGPL,44,45,100.0,268.0,26800.0,2025-04-07
2025040704014508,JOSHI,58,22,15.0,370.0,5550.0,2025-04-07
2025040704014507,JOSHI,62,22,10.0,370.1,3701.0,2025-04-07
2025040704014506,JOSHI,11,22,475.0,370.1,175797.5,2025-04-07
2025040703009901,GFCL,33,45,100.0,663.0,66300.0,2025-04-07
2025040705015535,NRN,58,52,390.0,1628.0,634920.0,2025-04-07
2025040705015534,NRN,78,52,25.0,1628.0,40700.0,2025-04-07
2025040705015533,NRN,64,52,50.0,1628.1,81405.0,2025-04-07
2025040705015532,NRN,40,52,100.0,1628.1,162810.0,2025-04-07
2025040705015531,NRN,56,52,50.0,1628.1,81405.0,2025-04-07
2025040705015530,NRN,29,52,50.0,1628.1,81405.0,2025-04-07
2025040704014505,KPCL,52,17,20.0,515.1,10302.0,2025-04-07
2025040705015529,HRL,14,17,20.0,1044.0,20880.0,2025-04-07
2025040704014504,DHPL,33,33,100.0,385.2,38520.0,2025-04-07
2025040704014503,DHPL,22,33,500.0,385.3,192650.0,2025-04-07
2025040704014502,DHPL,49,33,200.0,385.3,77060.0,2025-04-07
2025040704014501,DHPL,6,33,10.0,385.3,3853.0,2025-04-07
2025040704014500,DHPL,44,33,1000.0,385.4,385400.0,2025-04-07
2025040701014694,SBL,58,41,75.0,289.9,21742.5,2025-04-07
2025040701014693,SBL,58,45,105.0,289.9,30439.5,2025-04-07
2025040701014692,SBL,58,48,50.0,289.8,14490.0,2025-04-07
2025040701014691,SBL,58,40,240.0,289.8,69552.0,2025-04-07
2025040704014499,RADHI,40,58,50.0,448.0,22400.0,2025-04-07
2025040701014690,IHL,42,47,408.0,655.7,267525.6,2025-04-07
2025040701014689,IHL,38,47,500.0,655.8,327900.0,2025-04-07
2025040701014688,IHL,25,47,50.0,656.0,32800.0,2025-04-07
2025040701014687,IHL,17,47,42.0,660.0,27720.0,2025-04-07
2025040703009900,MDB,32,59,45.0,614.4,27648.0,2025-04-07
2025040701014686,TAMOR,4,57,50.0,513.0,25650.0,2025-04-07
2025040703009899,SAPDBL,22,59,36.0,1072.0,38592.0,2025-04-07
2025040703009898,SAPDBL,50,59,154.0,1072.0,165088.0,2025-04-07
2025040705015528,BBC,5,45,110.0,6076.0,668360.0,2025-04-07
2025040703009897,SFCL,53,47,50.0,529.0,26450.0,2025-04-07
2025040704014498,AHPC,77,36,80.0,251.1,20088.0,2025-04-07
2025040701014685,CYCL,25,36,10.0,1610.0,16100.0,2025-04-07
2025040701014684,HIDCLP,62,48,417.0,174.9,72933.3,2025-04-07
2025040704014497,NICL,58,57,200.0,801.0,160200.0,2025-04-07
2025040701014683,TSHL,45,22,10.0,802.0,8020.0,2025-04-07
2025040703009896,MDB,80,54,50.0,615.0,30750.0,2025-04-07
2025040703009895,MDB,96,54,10.0,615.0,6150.0,2025-04-07
2025040703009894,ICFC,63,45,100.0,602.0,60200.0,2025-04-07
2025040704014496,HEI,38,45,100.0,592.2,59220.0,2025-04-07
2025040703009893,NLIC,40,45,30.0,778.0,23340.0,2025-04-07
2025040703009892,WNLB,16,19,10.0,2760.0,27600.0,2025-04-07
2025040701014682,SHLB,34,38,10.0,2142.2,21422.0,2025-04-07
2025040704014495,AKJCL,55,42,160.0,201.0,32160.0,2025-04-07
2025040701014681,USHL,57,11,10.0,731.0,7310.0,2025-04-07
2025040704014494,UPPER,44,52,12.0,198.3,2379.6,2025-04-07
2025040701014680,MHL,57,45,28.0,697.2,19521.6,2025-04-07
2025040701014679,MHL,22,45,50.0,697.5,34875.0,2025-04-07
2025040701014678,MHL,57,45,40.0,697.5,27900.0,2025-04-07
2025040703009891,VLBS,85,46,300.0,862.2,258660.0,2025-04-07
2025040704014493,HPPL,6,14,60.0,620.0,37200.0,2025-04-07
2025040704014492,HPPL,45,14,210.0,620.0,130200.0,2025-04-07
2025040703009890,LLBS,85,14,52.0,1056.0,54912.0,2025-04-07
2025040701014677,SBI,34,34,1000.0,415.1,415100.0,2025-04-07
2025040703009889,NMLBBL,58,45,100.0,664.9,66490.0,2025-04-07
2025040705015527,MMF1,5,3,2489.0,8.53,21231.17,2025-04-07
2025040705015526,MMF1,59,3,2511.0,8.54,21443.94,2025-04-07
2025040705015525,HRL,39,40,200.0,1044.0,208800.0,2025-04-07
2025040705015524,CHDC,39,91,20.0,2356.0,47120.0,2025-04-07
2025040705015523,CHDC,49,91,163.0,2357.0,384191.0,2025-04-07
2025040705015522,HDL,38,59,30.0,1199.0,35970.0,2025-04-07
2025040704014491,RADHI,40,22,50.0,448.0,22400.0,2025-04-07
2025040703009888,GUFL,42,40,300.0,579.0,173700.0,2025-04-07
2025040703009887,VLBS,85,6,70.0,862.2,60354.0,2025-04-07
2025040705015521,CHDC,49,56,150.0,2357.0,353550.0,2025-04-07
2025040703009886,MLBSL,55,26,10.0,2235.0,22350.0,2025-04-07
2025040701014676,JBLB,35,34,20.0,1322.5,26450.0,2025-04-07
2025040705015520,NRIC,60,53,10.0,1349.8,13498.0,2025-04-07
2025040701014675,SBI,86,1,20.0,415.5,8310.0,2025-04-07
2025040705015519,HRL,48,40,96.0,1044.0,100224.0,2025-04-07
2025040705015518,HRL,48,48,100.0,1044.0,104400.0,2025-04-07
2025040705015517,HRL,48,50,204.0,1044.0,212976.0,2025-04-07
2025040703009885,SJLIC,38,48,25.0,442.6,11065.0,2025-04-07
2025040701014674,MEHL,48,82,10.0,526.5,5265.0,2025-04-07
2025040701014673,SMHL,97,52,29.0,948.0,27492.0,2025-04-07
2025040701014672,SMHL,97,1,10.0,948.0,9480.0,2025-04-07
2025040701014671,SMHL,97,17,60.0,948.0,56880.0,2025-04-07
2025040701014670,SMHL,97,14,40.0,947.9,37916.0,2025-04-07
2025040701014669,SMHL,97,38,74.0,943.0,69782.0,2025-04-07
2025040701014668,SMHL,97,6,42.0,940.0,39480.0,2025-04-07
2025040701014667,SMHL,97,58,25.0,937.9,23447.5,2025-04-07
2025040701014666,SMHL,97,38,200.0,937.7,187540.0,2025-04-07
2025040701014665,SMHL,97,52,10.0,936.0,9360.0,2025-04-07
2025040701014664,SMHL,97,49,10.0,936.0,9360.0,2025-04-07
2025040705015516,HIDCL,45,51,167.0,271.2,45290.4,2025-04-07
2025040705015515,HIDCL,41,51,83.0,271.2,22509.6,2025-04-07
2025040705015514,HIDCL,49,51,50.0,271.3,13565.0,2025-04-07
2025040705015513,HIDCL,58,51,50.0,271.3,13565.0,2025-04-07
2025040704014490,SGIC,49,42,10.0,589.5,5895.0,2025-04-07
2025040705015512,NRM,11,42,100.0,482.0,48200.0,2025-04-07
2025040705015511,CLI,42,41,10.0,501.2,5012.0,2025-04-07
2025040703009884,NUBL,14,32,13.0,676.2,8790.6,2025-04-07
2025040703009883,NUBL,4,32,147.0,676.3,99416.1,2025-04-07
2025040703009882,NUBL,14,32,40.0,676.4,27056.0,2025-04-07
2025040703009881,ICFC,63,37,148.0,602.0,89096.0,2025-04-07
2025040703009880,ICFC,63,26,75.0,602.0,45150.0,2025-04-07
2025040703009879,ICFC,63,56,48.0,602.0,28896.0,2025-04-07
2025040704014489,HURJA,21,59,600.0,236.0,141600.0,2025-04-07
2025040704014488,HURJA,21,81,147.0,236.0,34692.0,2025-04-07
2025040704014487,HURJA,21,81,508.0,236.0,119888.0,2025-04-07
2025040704014486,HURJA,21,42,600.0,235.9,141540.0,2025-04-07
2025040701014663,MKCL,40,52,10.0,1624.0,16240.0,2025-04-07
2025040705015510,NIFRA,58,52,118.0,272.0,32096.0,2025-04-07
2025040701014662,NYADI,45,45,10.0,610.0,6100.0,2025-04-07
2025040703009878,ACLBSL,57,17,105.0,1057.1,110995.5,2025-04-07
2025040704014485,SHPC,57,17,12.0,472.0,5664.0,2025-04-07
2025040701014661,KBL,22,81,1000.0,209.1,209100.0,2025-04-07
2025040705015509,PHCL,18,17,200.0,588.0,117600.0,2025-04-07
2025040704014484,NIL,14,36,50.0,746.8,37340.0,2025-04-07
2025040704014483,HDHPC,21,35,1453.0,196.2,285078.6,2025-04-07
2025040704014482,HDHPC,50,35,150.0,196.2,29430.0,2025-04-07
2025040704014481,HDHPC,98,35,70.0,196.2,13734.0,2025-04-07
2025040704014480,HDHPC,59,35,227.0,196.3,44560.1,2025-04-07
2025040704014479,HDHPC,19,35,100.0,196.6,19660.0,2025-04-07
2025040705015508,HRL,39,50,50.0,1044.0,52200.0,2025-04-07
2025040701014660,MLBS,17,59,10.0,1734.0,17340.0,2025-04-07
2025040704014478,BPCL,43,45,200.0,423.0,84600.0,2025-04-07
2025040704014477,BPCL,17,45,100.0,423.0,42300.0,2025-04-07
2025040704014476,BPCL,32,45,100.0,423.0,42300.0,2025-04-07
2025040704014475,BPCL,45,45,291.0,423.1,123122.1,2025-04-07
2025040704014474,AKJCL,55,45,950.0,201.0,190950.0,2025-04-07
2025040704014473,AKJCL,22,45,2000.0,201.0,402000.0,2025-04-07
2025040704014472,AKJCL,39,45,20.0,201.0,4020.0,2025-04-07
2025040704014471,AKJCL,58,45,30.0,201.0,6030.0,2025-04-07
2025040701014659,SANIMA,45,40,500.0,300.0,150000.0,2025-04-07
2025040701014658,ADBL,33,49,500.0,291.6,145800.0,2025-04-07
2025040704014470,HDHPC,59,55,773.0,196.3,151739.9,2025-04-07
2025040704014469,HDHPC,6,55,50.0,196.6,9830.0,2025-04-07
2025040704014468,HDHPC,32,55,177.0,196.6,34798.2,2025-04-07
2025040703009877,RLFL,40,57,110.0,525.0,57750.0,2025-04-07
2025040703009876,RLFL,41,57,100.0,526.0,52600.0,2025-04-07
2025040703009875,RLFL,36,57,100.0,526.1,52610.0,2025-04-07
2025040705015507,VLUCL,52,57,17.0,662.0,11254.0,2025-04-07
2025040705015506,NRN,22,81,100.0,1629.0,162900.0,2025-04-07
2025040701014657,MEHL,80,6,50.0,527.0,26350.0,2025-04-07
2025040704014467,UNHPL,21,56,10.0,310.0,3100.0,2025-04-07
2025040704014466,NLG,64,21,115.0,897.0,103155.0,2025-04-07
2025040704014465,UPCL,44,70,390.0,296.2,115518.0,2025-04-07
2025040704014464,UPCL,52,70,150.0,296.3,44445.0,2025-04-07
2025040703009874,PMLI,5,49,28.0,553.0,15484.0,2025-04-07
2025040705015505,NIFRA,58,58,64.0,272.0,17408.0,2025-04-07
2025040701014656,JBLB,58,58,75.0,1325.0,99375.0,2025-04-07
2025040704014463,HURJA,38,42,100.0,235.9,23590.0,2025-04-07
2025040701014655,GBIME,34,42,239.0,218.5,52221.5,2025-04-07
2025040701014654,NMB,42,38,26.0,257.0,6682.0,2025-04-07
2025040703009873,GUFL,42,41,100.0,579.0,57900.0,2025-04-07
2025040704014462,NICL,41,4,40.0,803.0,32120.0,2025-04-07
2025040704014461,RIDI,74,86,92.0,219.0,20148.0,2025-04-07
2025040704014460,RIDI,74,88,292.0,219.0,63948.0,2025-04-07
2025040705015504,NRIC,6,29,500.0,1347.0,673500.0,2025-04-07
2025040701014653,SHLB,34,17,20.0,2142.2,42844.0,2025-04-07
2025040701014652,NABIL,54,28,25.0,489.0,12225.0,2025-04-07
2025040705015503,NRN,67,81,100.0,1629.0,162900.0,2025-04-07
2025040705015502,NRN,64,81,310.0,1629.0,504990.0,2025-04-07
2025040705015501,NRN,39,81,50.0,1629.1,81455.0,2025-04-07
2025040703009872,NLIC,40,14,51.0,778.0,39678.0,2025-04-07
2025040701014651,MEHL,48,4,40.0,526.5,21060.0,2025-04-07
2025040703009871,PMLI,39,33,1.0,545.0,545.0,2025-04-07
2025040703009870,KSBBL,38,68,111.0,431.3,47874.3,2025-04-07
2025040703009869,KSBBL,16,68,1000.0,431.4,431400.0,2025-04-07
2025040705015500,NRIC,6,40,200.0,1347.0,269400.0,2025-04-07
2025040705015499,NRIC,6,40,100.0,1348.0,134800.0,2025-04-07
2025040705015498,BBC,5,25,10.0,6076.0,60760.0,2025-04-07
2025040703009868,EDBL,92,6,14.0,627.0,8778.0,2025-04-07
2025040703009867,LBBL,46,22,80.0,420.9,33672.0,2025-04-07
2025040704014459,CHL,38,36,90.0,464.3,41787.0,2025-04-07
2025040701014650,SARBTM,34,43,10.0,783.1,7831.0,2025-04-07
2025040705015497,MBJC,48,34,28.0,318.0,8904.0,2025-04-07
2025040705015496,MBJC,46,34,12.0,318.0,3816.0,2025-04-07
2025040703009866,PFL,34,55,42.0,424.0,17808.0,2025-04-07
2025040701014649,TAMOR,57,57,50.0,513.0,25650.0,2025-04-07
2025040704014458,IGI,62,57,25.0,567.0,14175.0,2025-04-07
2025040705015495,HRL,28,50,10.0,1044.0,10440.0,2025-04-07
2025040701014648,DORDI,51,91,25.0,370.0,9250.0,2025-04-07
2025040704014457,SGIC,34,57,100.0,589.9,58990.0,2025-04-07
2025040701014647,KBL,22,42,500.0,209.1,104550.0,2025-04-07
2025040705015494,NRN,6,38,98.0,1629.2,159661.6,2025-04-07
2025040701014646,NESDO,4,58,10.0,1797.0,17970.0,2025-04-07
2025040701014645,MEHL,11,6,50.0,527.0,26350.0,2025-04-07
2025040701014644,SMHL,26,65,16.0,930.1,14881.6,2025-04-07
2025040701014643,SMHL,58,65,30.0,931.0,27930.0,2025-04-07
2025040701014642,SMHL,67,65,133.0,931.0,123823.0,2025-04-07
2025040701014641,SMHL,6,65,21.0,931.1,19553.1,2025-04-07
2025040705015493,SMJC,63,65,200.0,576.0,115200.0,2025-04-07
2025040705015492,SMJC,89,65,265.0,576.0,152640.0,2025-04-07
2025040704014456,UMRH,76,25,10.0,600.0,6000.0,2025-04-07
2025040705015491,PHCL,94,17,1000.0,588.0,588000.0,2025-04-07
2025040703009865,WNLB,45,19,10.0,2760.0,27600.0,2025-04-07
2025040701014640,CZBIL,47,14,58.0,213.0,12354.0,2025-04-07
2025040704014455,UMRH,14,38,250.0,599.0,149750.0,2025-04-07
2025040703009864,MDB,14,54,50.0,615.0,30750.0,2025-04-07
2025040705015490,SONA,33,49,10.0,459.9,4599.0,2025-04-07
2025040705015489,MBJC,43,51,50.0,318.3,15915.0,2025-04-07
2025040704014454,NGPL,45,58,100.0,267.1,26710.0,2025-04-07
2025040703009863,NLIC,40,66,271.0,778.0,210838.0,2025-04-07
2025040703009862,NLIC,6,66,380.0,778.0,295640.0,2025-04-07
2025040704014453,AKPL,1,45,40.0,226.0,9040.0,2025-04-07
2025040705015488,HATHY,7,36,100.0,1341.9,134190.0,2025-04-07
2025040705015487,HATHY,7,45,10.0,1341.8,13418.0,2025-04-07
2025040705015486,HATHY,7,58,51.0,1341.0,68391.0,2025-04-07
2025040705015485,HRL,39,50,80.0,1044.0,83520.0,2025-04-07
2025040701014639,MEHL,45,6,50.0,527.0,26350.0,2025-04-07
2025040703009861,MFIL,19,38,100.0,600.0,60000.0,2025-04-07
2025040703009860,MFIL,19,58,37.0,600.0,22200.0,2025-04-07
2025040701014638,CYCL,58,25,10.0,1596.0,15960.0,2025-04-07
2025040705015484,ILI,51,25,12.0,461.5,5538.0,2025-04-07
2025040705015483,NIFRA,58,56,90.0,272.0,24480.0,2025-04-07
2025040701014637,SARBTM,26,43,100.0,783.1,78310.0,2025-04-07
2025040703009859,ALICL,34,34,10.0,756.0,7560.0,2025-04-07
2025040701014636,NABIL,55,28,80.0,489.6,39168.0,2025-04-07
2025040705015482,NRIC,16,53,10.0,1349.8,13498.0,2025-04-07
2025040705015481,HRL,39,45,20.0,1044.0,20880.0,2025-04-07
2025040705015480,HRL,83,45,50.0,1044.0,52200.0,2025-04-07
2025040704014452,BPCL,45,47,60.0,424.0,25440.0,2025-04-07
2025040705015479,SONA,61,38,100.0,459.9,45990.0,2025-04-07
2025040703009858,NADEP,48,38,20.0,862.0,17240.0,2025-04-07
2025040704014451,API,42,3,10.0,270.6,2706.0,2025-04-07
2025040704014450,BARUN,59,42,73.0,505.6,36908.8,2025-04-07
2025040704014449,HPPL,45,42,290.0,620.0,179800.0,2025-04-07
2025040704014448,HPPL,37,42,20.0,620.0,12400.0,2025-04-07
2025040704014447,HPPL,57,42,300.0,620.0,186000.0,2025-04-07
2025040704014446,HPPL,56,42,200.0,620.0,124000.0,2025-04-07
2025040704014445,HPPL,32,42,100.0,620.0,62000.0,2025-04-07
2025040704014444,HPPL,58,42,200.0,620.1,124020.0,2025-04-07
2025040704014443,HPPL,74,42,500.0,620.1,310050.0,2025-04-07
2025040704014442,HPPL,57,42,2000.0,620.3,1240600.0,2025-04-07
2025040704014441,HPPL,3,42,300.0,620.4,186120.0,2025-04-07
2025040704014440,HPPL,26,42,20.0,620.4,12408.0,2025-04-07
2025040704014439,HPPL,59,42,50.0,621.0,31050.0,2025-04-07
2025040704014438,HPPL,46,42,20.0,623.1,12462.0,2025-04-07
2025040705015478,SHIVM,72,52,113.0,527.4,59596.2,2025-04-07
2025040705015477,SHIVM,58,52,10.0,527.5,5275.0,2025-04-07
2025040704014437,HURJA,38,52,100.0,235.9,23590.0,2025-04-07
2025040703009857,MDB,32,54,35.0,614.4,21504.0,2025-04-07
2025040703009856,MDB,47,54,50.0,614.5,30725.0,2025-04-07
2025040703009855,MDB,38,54,100.0,614.5,61450.0,2025-04-07
2025040703009854,MDB,40,54,100.0,614.5,61450.0,2025-04-07
2025040701014635,GVL,45,45,10.0,486.0,4860.0,2025-04-07
2025040704014436,GHL,36,81,287.0,268.0,76916.0,2025-04-07
2025040704014435,GHL,21,81,20.0,268.0,5360.0,2025-04-07
2025040704014434,GHL,34,81,100.0,268.0,26800.0,2025-04-07
2025040704014433,GHL,16,81,500.0,268.0,134000.0,2025-04-07
2025040704014432,GHL,7,81,30.0,268.0,8040.0,2025-04-07
2025040704014431,GHL,35,81,10.0,268.0,2680.0,2025-04-07
2025040704014430,GHL,19,81,50.0,268.0,13400.0,2025-04-07
2025040704014429,GHL,49,81,220.0,268.0,58960.0,2025-04-07
2025040704014428,GHL,67,81,100.0,268.0,26800.0,2025-04-07
2025040704014427,GHL,57,81,50.0,268.0,13400.0,2025-04-07
2025040704014426,GHL,53,81,50.0,268.0,13400.0,2025-04-07
2025040704014425,GHL,1,81,1100.0,268.0,294800.0,2025-04-07
2025040704014424,GHL,34,81,100.0,268.0,26800.0,2025-04-07
2025040704014423,GHL,17,81,10.0,268.0,2680.0,2025-04-07
2025040704014422,GHL,59,81,973.0,268.0,260764.0,2025-04-07
2025040704014421,GHL,62,81,300.0,268.1,80430.0,2025-04-07
2025040704014420,GHL,7,81,100.0,268.5,26850.0,2025-04-07
2025040704014419,AKPL,41,26,70.0,225.9,15813.0,2025-04-07
2025040703009853,GMFIL,14,17,500.0,504.5,252250.0,2025-04-07
2025040703009852,SFCL,47,47,375.0,529.0,198375.0,2025-04-07
2025040704014418,API,58,3,11.0,270.6,2976.6,2025-04-07
2025040704014417,API,51,3,80.0,270.6,21648.0,2025-04-07
2025040703009851,SAPDBL,50,91,300.0,1072.0,321600.0,2025-04-07
2025040703009850,SFCL,59,47,270.0,529.0,142830.0,2025-04-07
2025040704014416,NGPL,42,44,448.0,267.0,119616.0,2025-04-07
2025040704014415,NGPL,18,44,4900.0,267.0,1308300.0,2025-04-07
2025040704014414,NGPL,21,44,20.0,267.0,5340.0,2025-04-07
2025040704014413,NGPL,38,44,40.0,267.0,10680.0,2025-04-07
2025040704014412,NGPL,58,44,592.0,267.0,158064.0,2025-04-07
2025040703009849,GBBL,20,62,100.0,392.0,39200.0,2025-04-07
2025040701014634,NIMB,11,62,60.0,213.1,12786.0,2025-04-07
2025040704014411,SHEL,56,22,350.0,248.3,86905.0,2025-04-07
2025040704014410,SHEL,25,22,50.0,248.4,12420.0,2025-04-07
2025040704014409,PRIN,21,11,35.0,922.0,32270.0,2025-04-07
2025040701014633,GVL,42,45,500.0,486.1,243050.0,2025-04-07
2025040701014632,GVL,46,45,10.0,486.1,4861.0,2025-04-07
2025040701014631,GVL,34,45,100.0,486.5,48650.0,2025-04-07
2025040705015476,NRN,37,25,10.0,1630.0,16300.0,2025-04-07
2025040704014408,API,49,38,10.0,271.0,2710.0,2025-04-07
2025040705015475,CHDC,49,19,286.0,2357.0,674102.0,2025-04-07
2025040705015474,CHDC,49,43,200.0,2357.0,471400.0,2025-04-07
2025040704014407,NHPC,21,43,127.0,205.2,26060.4,2025-04-07
2025040704014406,NHPC,33,43,250.0,205.2,51300.0,2025-04-07
2025040704014405,NHPC,34,43,767.0,205.2,157388.4,2025-04-07
2025040705015473,HATHY,57,58,74.0,1341.0,99234.0,2025-04-07
2025040704014404,CGH,13,94,270.0,860.0,232200.0,2025-04-07
2025040701014630,GMLI,28,95,50.0,2497.0,124850.0,2025-04-07
2025040701014629,GMLI,28,1,10.0,2497.0,24970.0,2025-04-07
2025040701014628,GMLI,28,11,10.0,2495.0,24950.0,2025-04-07
2025040703009848,MATRI,18,16,16.0,1204.0,19264.0,2025-04-07
2025040701014627,TSHL,45,49,10.0,802.0,8020.0,2025-04-07
2025040701014626,SRLI,45,51,10.0,412.1,4121.0,2025-04-07
2025040701014625,GMLI,42,51,10.0,2486.0,24860.0,2025-04-07
2025040704014403,RURU,38,42,19.0,715.1,13586.9,2025-04-07
2025040704014402,RADHI,32,58,150.0,449.0,67350.0,2025-04-07
2025040701014624,LSL,54,1,11.0,223.4,2457.4,2025-04-07
2025040704014401,UPPER,44,45,375.0,198.3,74362.5,2025-04-07
2025040704014400,UPPER,38,45,10.0,198.3,1983.0,2025-04-07
2025040704014399,UPPER,53,45,500.0,198.4,99200.0,2025-04-07
2025040704014398,UPPER,5,45,40.0,198.4,7936.0,2025-04-07
2025040704014397,UPPER,18,45,75.0,198.4,14880.0,2025-04-07
2025040704014396,TRH,77,44,85.0,1032.0,87720.0,2025-04-07
2025040705015472,HRL,35,75,85.0,1045.0,88825.0,2025-04-07
2025040701014623,SRLI,91,34,70.0,413.2,28924.0,2025-04-07
2025040705015471,ILI,34,48,10.0,462.0,4620.0,2025-04-07
2025040703009847,MLBL,39,33,40.0,389.6,15584.0,2025-04-07
2025040704014395,AKJCL,55,58,2925.0,201.0,587925.0,2025-04-07
2025040704014394,AKJCL,72,58,50.0,201.1,10055.0,2025-04-07
2025040704014393,AKJCL,44,58,190.0,201.1,38209.0,2025-04-07
2025040704014392,AKJCL,58,58,16.0,201.1,3217.6,2025-04-07
2025040704014391,AKJCL,58,58,80.0,201.1,16088.0,2025-04-07
2025040704014390,AKJCL,38,58,350.0,201.2,70420.0,2025-04-07
2025040704014389,AKJCL,21,58,90.0,201.3,18117.0,2025-04-07
2025040704014388,AKJCL,21,58,144.0,201.3,28987.2,2025-04-07
2025040704014387,AKJCL,58,58,150.0,201.5,30225.0,2025-04-07
2025040704014386,HEI,38,19,33.0,592.2,19542.6,2025-04-07
2025040704014385,HEI,57,19,10.0,593.0,5930.0,2025-04-07
2025040704014384,HEI,38,19,50.0,593.0,29650.0,2025-04-07
2025040703009846,SFCL,45,47,350.0,529.0,185150.0,2025-04-07
2025040704014383,CHCL,75,49,52.0,477.1,24809.2,2025-04-07
2025040705015470,NRIC,60,53,10.0,1349.8,13498.0,2025-04-07
2025040704014382,UAIL,75,62,10.0,636.1,6361.0,2025-04-07
2025040701014622,MMKJL,92,38,200.0,668.0,133600.0,2025-04-07
2025040701014621,MKHC,49,38,25.0,513.2,12830.0,2025-04-07
2025040703009845,SIFC,32,42,17.0,522.0,8874.0,2025-04-07
2025040703009844,SIFC,41,42,10.0,522.2,5222.0,2025-04-07
2025040703009843,SIFC,22,42,20.0,522.3,10446.0,2025-04-07
2025040703009842,SIFC,88,42,53.0,522.3,27681.9,2025-04-07
2025040703009841,SIFC,88,42,200.0,522.4,104480.0,2025-04-07
2025040701014620,SNLI,36,44,94.0,636.0,59784.0,2025-04-07
2025040704014381,RADHI,41,58,100.0,449.0,44900.0,2025-04-07
2025040703009840,JFL,7,58,250.0,505.0,126250.0,2025-04-07
2025040704014380,UMRH,76,4,10.0,598.8,5988.0,2025-04-07
2025040704014379,UPPER,18,17,50.0,198.4,9920.0,2025-04-07
2025040704014378,UPPER,58,17,250.0,198.5,49625.0,2025-04-07
2025040701014619,PPL,77,63,140.0,526.9,73766.0,2025-04-07
2025040701014618,PPL,77,56,60.0,526.8,31608.0,2025-04-07
2025040704014377,JOSHI,59,53,100.0,370.5,37050.0,2025-04-07
2025040705015469,NRN,39,25,100.0,1630.0,163000.0,2025-04-07
2025040705015468,NRN,36,25,10.0,1630.0,16300.0,2025-04-07
2025040701014617,NMB,50,22,15.0,257.1,3856.5,2025-04-07
2025040701014616,SPC,35,66,100.0,525.0,52500.0,2025-04-07
2025040701014615,SPC,57,66,100.0,525.0,52500.0,2025-04-07
2025040701014614,ADBL,33,25,53.0,291.6,15454.8,2025-04-07
2025040701014613,SANIMA,55,40,300.0,300.0,90000.0,2025-04-07
2025040701014612,RFPL,6,42,100.0,706.0,70600.0,2025-04-07
2025040701014611,RFPL,6,21,500.0,706.0,353000.0,2025-04-07
2025040701014610,RFPL,6,19,10.0,705.0,7050.0,2025-04-07
2025040701014609,RFPL,6,45,97.0,705.0,68385.0,2025-04-07
2025040701014608,RFPL,6,42,10.0,705.0,7050.0,2025-04-07
2025040703009839,SADBL,40,6,104.0,401.1,41714.4,2025-04-07
2025040704014376,UAIL,49,44,11.0,645.0,7095.0,2025-04-07
2025040704014375,NGPL,49,44,200.0,268.0,53600.0,2025-04-07
2025040703009838,LLBS,60,57,10.0,1065.0,10650.0,2025-04-07
2025040701014607,NWCL,26,34,20.0,951.0,19020.0,2025-04-07
2025040701014606,SBI,34,34,1000.0,415.1,415100.0,2025-04-07
2025040701014605,SANIMA,50,48,430.0,299.7,128871.0,2025-04-07
2025040701014604,MEHL,48,4,190.0,526.5,100035.0,2025-04-07
2025040701014603,NABIL,21,13,30.0,489.8,14694.0,2025-04-07
2025040705015467,NIFRA,58,21,50.0,272.0,13600.0,2025-04-07
2025040701014602,RHGCL,16,55,18.0,529.0,9522.0,2025-04-07
2025040701014601,RHGCL,16,25,22.0,529.0,11638.0,2025-04-07
2025040703009837,EDBL,92,19,67.0,627.0,42009.0,2025-04-07
2025040703009836,EDBL,92,35,153.0,626.0,95778.0,2025-04-07
2025040703009835,EDBL,92,57,200.0,625.9,125180.0,2025-04-07
2025040703009834,SLBSL,78,5,149.0,1900.0,283100.0,2025-04-07
2025040703009833,SLBSL,33,5,10.0,1902.0,19020.0,2025-04-07
2025040703009832,SLBSL,14,5,11.0,1902.1,20923.1,2025-04-07
2025040703009831,SLBSL,42,5,10.0,1903.0,19030.0,2025-04-07
2025040703009830,SLBSL,6,5,10.0,1903.3,19033.0,2025-04-07
2025040703009829,SLBSL,49,5,10.0,1905.0,19050.0,2025-04-07
2025040703009828,DDBL,49,34,100.0,781.0,78100.0,2025-04-07
2025040705015466,VLUCL,69,38,100.0,663.0,66300.0,2025-04-07
2025040705015465,VLUCL,6,38,450.0,663.0,298350.0,2025-04-07
2025040705015464,ILI,41,48,50.0,462.0,23100.0,2025-04-07
2025040704014374,NHPC,34,74,20.0,205.2,4104.0,2025-04-07
2025040705015463,NRIC,6,17,300.0,1347.0,404100.0,2025-04-07
2025040701014600,CZBIL,47,52,15.0,213.0,3195.0,2025-04-07
2025040704014373,HPPL,59,69,50.0,621.0,31050.0,2025-04-07
2025040704014372,GHL,39,39,432.0,269.0,116208.0,2025-04-07
2025040704014371,GHL,39,39,1500.0,269.0,403500.0,2025-04-07
2025040704014370,GHL,39,35,649.0,269.0,174581.0,2025-04-07
2025040704014369,GHL,39,60,419.0,268.8,112627.2,2025-04-07
2025040705015462,SHIVM,72,44,85.0,527.4,44829.0,2025-04-07
2025040705015461,SHIVM,42,44,15.0,527.5,7912.5,2025-04-07
2025040701014599,MEHL,21,16,50.0,526.4,26320.0,2025-04-07
2025040701014598,PCBL,34,13,100.0,252.5,25250.0,2025-04-07
2025040705015460,SAHAS,40,41,100.0,500.0,50000.0,2025-04-07
2025040704014368,HDHPC,32,1,386.0,196.6,75887.6,2025-04-07
2025040704014367,HDHPC,42,1,500.0,196.7,98350.0,2025-04-07
2025040705015459,NRN,50,25,60.0,1630.0,97800.0,2025-04-07
2025040703009827,PFL,16,55,90.0,423.1,38079.0,2025-04-07
2025040704014366,GHL,56,60,81.0,268.8,21772.8,2025-04-07
2025040701014597,PRVU,35,6,17.0,211.0,3587.0,2025-04-07
2025040701014596,PRVU,58,6,13.0,211.0,2743.0,2025-04-07
2025040705015458,HRL,48,75,230.0,1045.0,240350.0,2025-04-07
2025040705015457,HRL,48,62,500.0,1045.0,522500.0,2025-04-07
2025040705015456,HRL,48,6,90.0,1045.0,94050.0,2025-04-07
2025040705015455,HRL,48,21,80.0,1044.9,83592.0,2025-04-07
2025040705015454,HRL,48,48,60.0,1044.0,62640.0,2025-04-07
2025040705015453,HRL,48,25,40.0,1044.0,41760.0,2025-04-07
2025040701014595,MEHL,57,16,50.0,526.4,26320.0,2025-04-07
2025040704014365,BPCL,57,47,20.0,424.0,8480.0,2025-04-07
2025040703009826,SLBBL,35,69,75.0,956.0,71700.0,2025-04-07
2025040703009825,SLBBL,41,69,25.0,956.1,23902.5,2025-04-07
2025040704014364,HPPL,25,69,100.0,623.0,62300.0,2025-04-07
2025040701014594,RFPL,58,36,10.0,704.0,7040.0,2025-04-07
2025040701014593,RFPL,58,6,25.0,704.0,17600.0,2025-04-07
2025040703009824,SLBBL,41,34,10.0,956.1,9561.0,2025-04-07
2025040705015452,CHDC,42,63,10.0,2355.0,23550.0,2025-04-07
2025040701014592,SCB,38,8,200.0,636.0,127200.0,2025-04-07
2025040701014591,SCB,38,3,74.0,636.0,47064.0,2025-04-07
2025040701014590,SCB,38,58,101.0,636.0,64236.0,2025-04-07
2025040705015451,SHIVM,42,48,175.0,527.5,92312.5,2025-04-07
2025040701014589,MEHL,48,28,10.0,525.0,5250.0,2025-04-07
2025040703009823,SADBL,40,52,41.0,401.1,16445.1,2025-04-07
2025040701014588,ADBL,33,38,61.0,291.6,17787.6,2025-04-07
2025040705015450,NRN,50,67,940.0,1630.0,1532200.0,2025-04-07
2025040705015449,NRN,25,67,50.0,1630.0,81500.0,2025-04-07
2025040705015448,NRN,56,67,10.0,1630.0,16300.0,2025-04-07
2025040704014363,NLG,64,59,300.0,897.0,269100.0,2025-04-07
2025040703009822,SHINE,41,56,343.0,409.7,140527.1,2025-04-07
2025040703009821,SHINE,41,56,550.0,410.0,225500.0,2025-04-07
2025040703009820,SHINE,7,56,550.0,410.0,225500.0,2025-04-07
2025040703009819,SHINE,40,56,250.0,410.0,102500.0,2025-04-07
2025040703009818,SHINE,39,56,50.0,410.0,20500.0,2025-04-07
2025040703009817,SHINE,26,56,200.0,410.0,82000.0,2025-04-07
2025040703009816,SHINE,41,56,300.0,410.0,123000.0,2025-04-07
2025040703009815,SHINE,65,56,402.0,410.0,164820.0,2025-04-07
2025040703009814,SHINE,57,56,500.0,410.5,205250.0,2025-04-07
2025040703009813,SHINE,32,56,388.0,410.5,159274.0,2025-04-07
2025040703009812,SHINE,49,56,200.0,410.6,82120.0,2025-04-07
2025040703009811,SHINE,34,56,10.0,410.6,4106.0,2025-04-07
2025040703009810,SHINE,4,56,500.0,411.0,205500.0,2025-04-07
2025040703009809,SHINE,21,56,30.0,411.0,12330.0,2025-04-07
2025040703009808,SHINE,4,56,207.0,411.0,85077.0,2025-04-07
2025040703009807,SHINE,54,56,20.0,411.1,8222.0,2025-04-07
2025040703009806,NLIC,6,7,20.0,778.0,15560.0,2025-04-07
2025040704014362,NHPC,10,43,100.0,205.5,20550.0,2025-04-07
2025040704014361,JOSHI,11,48,25.0,370.1,9252.5,2025-04-07
2025040701014587,MMKJL,45,101,400.0,664.1,265640.0,2025-04-07
2025040701014586,MMKJL,41,101,100.0,666.2,66620.0,2025-04-07
2025040701014585,MMKJL,57,101,30.0,666.8,20004.0,2025-04-07
2025040701014584,MMKJL,65,101,200.0,667.0,133400.0,2025-04-07
2025040701014583,MMKJL,58,101,70.0,667.1,46697.0,2025-04-07
2025040703009805,GMFBS,84,57,50.0,1582.7,79135.0,2025-04-07
2025040704014360,SHEL,5,22,100.0,249.0,24900.0,2025-04-07
2025040705015447,NRN,49,58,55.0,1630.0,89650.0,2025-04-07
2025040704014359,RHPL,40,64,70.0,378.7,26509.0,2025-04-07
2025040704014358,JOSHI,45,49,100.0,371.0,37100.0,2025-04-07
2025040705015446,MBJC,22,51,40.0,318.3,12732.0,2025-04-07
2025040704014357,AHPC,14,41,100.0,251.2,25120.0,2025-04-07
2025040704014356,LEC,41,1,65.0,207.8,13507.0,2025-04-07
2025040704014355,LEC,41,26,35.0,207.7,7269.5,2025-04-07
2025040703009804,SJLIC,38,38,50.0,442.6,22130.0,2025-04-07
2025040704014354,UPPER,29,49,500.0,198.5,99250.0,2025-04-07
2025040705015445,RNLI,44,29,232.0,537.0,124584.0,2025-04-07
2025040703009803,HLBSL,38,17,190.0,955.0,181450.0,2025-04-07
2025040703009802,HLBSL,51,17,25.0,955.0,23875.0,2025-04-07
2025040703009801,HLBSL,43,17,25.0,955.0,23875.0,2025-04-07
2025040703009800,HLBSL,53,17,50.0,955.0,47750.0,2025-04-07
2025040703009799,HLBSL,6,17,300.0,955.0,286500.0,2025-04-07
2025040703009798,HLBSL,57,17,10.0,955.1,9551.0,2025-04-07
2025040703009797,SINDU,36,53,5.0,1099.0,5495.0,2025-04-07
2025040703009796,SINDU,36,81,10.0,1099.0,10990.0,2025-04-07
2025040704014353,CHL,39,38,50.0,466.0,23300.0,2025-04-07
2025040701014582,ADBL,34,58,86.0,291.5,25069.0,2025-04-07
2025040703009795,SFCL,53,47,268.0,529.0,141772.0,2025-04-07
2025040703009794,SFCL,53,14,232.0,528.9,122704.8,2025-04-07
2025040701014581,SBL,50,40,10.0,289.8,2898.0,2025-04-07
2025040703009793,SAPDBL,50,87,46.0,1072.0,49312.0,2025-04-07
2025040705015444,HATHY,63,50,200.0,1340.1,268020.0,2025-04-07
2025040704014352,HPPL,26,19,980.0,620.4,607992.0,2025-04-07
2025040704014351,HPPL,25,19,20.0,622.0,12440.0,2025-04-07
2025040703009792,NICLBSL,50,55,57.0,642.8,36639.6,2025-04-07
2025040703009791,NICLBSL,52,55,20.0,642.8,12856.0,2025-04-07
2025040703009790,NICLBSL,44,55,13.0,642.9,8357.7,2025-04-07
2025040704014350,SSHL,56,44,423.0,228.9,96824.7,2025-04-07
2025040705015443,NRIC,6,60,55.0,1349.9,74244.5,2025-04-07
2025040705015442,NRIC,6,35,45.0,1348.0,60660.0,2025-04-07
2025040704014349,UPPER,11,49,500.0,198.5,99250.0,2025-04-07
2025040703009789,ICFC,48,22,188.0,601.0,112988.0,2025-04-07
2025040701014580,DORDI,69,58,10.0,370.0,3700.0,2025-04-07
2025040701014579,DORDI,69,50,230.0,370.0,85100.0,2025-04-07
2025040703009788,NLICL,69,59,10.0,625.0,6250.0,2025-04-07
2025040705015441,HRL,28,21,10.0,1044.9,10449.0,2025-04-07
2025040701014578,SNLI,36,56,58.0,636.0,36888.0,2025-04-07
2025040701014577,SNLI,36,45,10.0,636.0,6360.0,2025-04-07
2025040701014576,SNLI,36,49,13.0,636.0,8268.0,2025-04-07
2025040705015440,NRN,6,11,1.0,1600.0,1600.0,2025-04-07
2025040704014348,RIDI,63,88,85.0,219.0,18615.0,2025-04-07
2025040701014575,NESDO,4,41,10.0,1797.0,17970.0,2025-04-07
2025040703009787,MLBL,53,81,2057.0,389.0,800173.0,2025-04-07
2025040703009786,MLBL,45,81,163.0,389.1,63423.3,2025-04-07
2025040703009785,MLBL,88,81,500.0,389.2,194600.0,2025-04-07
2025040703009784,MLBL,40,81,200.0,389.5,77900.0,2025-04-07
2025040703009783,MLBL,20,81,187.0,389.6,72855.2,2025-04-07
2025040703009782,SAPDBL,57,45,94.0,1071.0,100674.0,2025-04-07
2025040703009781,SAPDBL,57,45,56.0,1071.0,59976.0,2025-04-07
2025040705015439,NIFRA,58,33,64.0,272.0,17408.0,2025-04-07
2025040704014347,RADHI,67,58,105.0,449.0,47145.0,2025-04-07
2025040704014346,RADHI,67,64,100.0,449.0,44900.0,2025-04-07
2025040704014345,RADHI,67,50,20.0,449.0,8980.0,2025-04-07
2025040704014344,RADHI,67,45,20.0,449.0,8980.0,2025-04-07
2025040704014343,RADHI,67,38,255.0,449.0,114495.0,2025-04-07
2025040705015438,HRL,59,21,10.0,1044.9,10449.0,2025-04-07
2025040701014574,SCB,34,59,13.0,635.9,8266.7,2025-04-07
2025040703009780,NICLBSL,34,44,100.0,643.0,64300.0,2025-04-07
2025040701014573,GBIME,34,54,50.0,218.9,10945.0,2025-04-07
2025040703009779,CFCL,48,21,80.0,593.0,47440.0,2025-04-07
2025040705015437,NIFRA,36,58,54.0,272.1,14693.4,2025-04-07
2025040705015436,NRIC,60,35,10.0,1348.0,13480.0,2025-04-07
2025040703009778,MDB,7,54,100.0,615.0,61500.0,2025-04-07
2025040704014342,BARUN,29,49,20.0,506.0,10120.0,2025-04-07
2025040704014341,BARUN,26,49,50.0,506.0,25300.0,2025-04-07
2025040704014340,BARUN,36,49,378.0,506.0,191268.0,2025-04-07
2025040705015435,SONA,49,38,200.0,459.9,91980.0,2025-04-07
2025040705015434,SHIVM,75,48,50.0,527.5,26375.0,2025-04-07
2025040705015433,SHIVM,58,48,205.0,527.5,108137.5,2025-04-07
2025040701014572,GVL,34,49,100.0,486.5,48650.0,2025-04-07
2025040701014571,GMLI,4,22,10.0,2492.0,24920.0,2025-04-07
2025040701014570,MEHL,96,16,50.0,526.4,26320.0,2025-04-07
2025040701014569,MMKJL,36,38,500.0,668.0,334000.0,2025-04-07
2025040705015432,NRIC,16,35,10.0,1348.0,13480.0,2025-04-07
2025040701014568,KDL,42,11,10.0,1084.4,10844.0,2025-04-07
2025040703009777,PFL,63,55,10.0,423.2,4232.0,2025-04-07
2025040704014339,BPCL,45,44,74.0,423.1,31309.4,2025-04-07
2025040704014338,BPCL,6,44,50.0,423.1,21155.0,2025-04-07
2025040704014337,BPCL,51,44,176.0,423.2,74483.2,2025-04-07
2025040704014336,BPCL,50,44,50.0,423.8,21190.0,2025-04-07
2025040704014335,SSHL,41,44,260.0,228.9,59514.0,2025-04-07
2025040704014334,SSHL,41,58,40.0,228.8,9152.0,2025-04-07
2025040703009776,MPFL,41,54,10.0,629.0,6290.0,2025-04-07
2025040705015431,SMATA,34,6,10.0,815.0,8150.0,2025-04-07
2025040705015430,SMATA,34,11,10.0,815.0,8150.0,2025-04-07
2025040703009775,MSLB,46,38,10.0,1239.0,12390.0,2025-04-07
2025040701014567,BEDC,64,81,387.0,777.0,300699.0,2025-04-07
2025040704014333,MHNL,77,38,20.0,262.0,5240.0,2025-04-07
2025040704014332,MHNL,77,26,180.0,261.9,47142.0,2025-04-07
2025040701014566,GBIME,18,42,22.0,219.0,4818.0,2025-04-07
2025040701014565,GBIME,18,16,80.0,219.0,17520.0,2025-04-07
2025040705015429,VLUCL,6,39,10.0,663.0,6630.0,2025-04-07
2025040705015428,NRIC,6,34,54.0,1347.0,72738.0,2025-04-07
2025040704014331,UPCL,34,64,300.0,296.4,88920.0,2025-04-07
2025040704014330,SJCL,43,1,55.0,322.0,17710.0,2025-04-07
2025040705015427,CHDC,28,75,42.0,2355.0,98910.0,2025-04-07
2025040705015426,CHDC,14,75,148.0,2355.0,348540.0,2025-04-07
2025040705015425,CHDC,16,75,10.0,2355.2,23552.0,2025-04-07
2025040704014329,SALICO,6,58,80.0,714.0,57120.0,2025-04-07
2025040701014564,PCBL,34,49,80.0,252.5,20200.0,2025-04-07
2025040704014328,SGIC,49,80,350.0,589.5,206325.0,2025-04-07
2025040704014327,NGPL,58,57,1237.0,267.0,330279.0,2025-04-07
2025040701014563,DORDI,69,1,560.0,369.1,206696.0,2025-04-07
2025040704014326,SSHL,42,58,500.0,228.8,114400.0,2025-04-07
2025040701014562,BHPL,58,58,50.0,1098.0,54900.0,2025-04-07
2025040704014325,BPCL,26,47,500.0,424.0,212000.0,2025-04-07
2025040704014324,JOSHI,96,45,100.0,370.5,37050.0,2025-04-07
2025040704014323,NHPC,34,51,975.0,205.2,200070.0,2025-04-07
2025040703009774,CBBL,43,45,105.0,850.0,89250.0,2025-04-07
2025040703009773,CBBL,43,42,22.0,850.0,18700.0,2025-04-07
2025040703009772,CBBL,43,49,73.0,850.0,62050.0,2025-04-07
2025040701014561,SARBTM,34,44,10.0,784.0,7840.0,2025-04-07
2025040703009771,NMFBS,34,43,35.0,1200.0,42000.0,2025-04-07
2025040703009770,NMFBS,34,20,20.0,1200.0,24000.0,2025-04-07
2025040705015424,BBC,36,42,10.0,6077.0,60770.0,2025-04-07
2025040705015423,CLI,42,58,10.0,501.0,5010.0,2025-04-07
2025040705015422,CLI,42,42,10.0,501.0,5010.0,2025-04-07
2025040704014322,AKPL,52,45,10.0,226.0,2260.0,2025-04-07
2025040704014321,BARUN,36,52,22.0,506.0,11132.0,2025-04-07
2025040703009769,PMLI,54,49,10.0,553.0,5530.0,2025-04-07
2025040705015421,SONA,58,38,10.0,459.9,4599.0,2025-04-07
2025040701014560,KBL,57,58,380.0,209.0,79420.0,2025-04-07
2025040701014559,KBL,37,58,120.0,209.0,25080.0,2025-04-07
2025040705015420,HRL,35,36,10.0,1041.0,10410.0,2025-04-07
2025040705015419,HRL,65,36,40.0,1041.0,41640.0,2025-04-07
2025040705015418,HRL,29,36,50.0,1041.0,52050.0,2025-04-07
2025040701014558,BNHC,47,4,50.0,504.7,25235.0,2025-04-07
2025040701014557,BNHC,47,44,50.0,504.0,25200.0,2025-04-07
2025040704014320,UPPER,18,35,50.0,198.4,9920.0,2025-04-07
2025040704014319,UPPER,45,35,950.0,198.5,188575.0,2025-04-07
2025040704014318,UMHL,62,95,486.0,444.2,215881.2,2025-04-07
2025040704014317,UMHL,62,65,500.0,444.0,222000.0,2025-04-07
2025040704014316,UMHL,62,38,939.0,444.0,416916.0,2025-04-07
2025040704014315,UMHL,62,39,500.0,444.0,222000.0,2025-04-07
2025040704014314,UMHL,62,16,14.0,444.0,6216.0,2025-04-07
2025040704014313,UMHL,62,49,11.0,444.0,4884.0,2025-04-07
2025040704014312,UMHL,62,95,1500.0,443.9,665850.0,2025-04-07
2025040704014311,UMHL,62,58,500.0,443.0,221500.0,2025-04-07
2025040704014310,UMHL,62,22,50.0,443.0,22150.0,2025-04-07
2025040704014309,UMHL,62,6,250.0,443.0,110750.0,2025-04-07
2025040704014308,UMHL,62,95,250.0,442.7,110675.0,2025-04-07
2025040701014556,SRLI,58,8,180.0,412.0,74160.0,2025-04-07
2025040701014555,SRLI,45,8,200.0,412.0,82400.0,2025-04-07
2025040701014554,SRLI,77,8,22.0,412.0,9064.0,2025-04-07
2025040701014553,SRLI,35,8,10.0,412.0,4120.0,2025-04-07
2025040701014552,SRLI,58,8,60.0,412.0,24720.0,2025-04-07
2025040701014551,SRLI,38,8,100.0,412.0,41200.0,2025-04-07
2025040701014550,SRLI,14,8,50.0,412.0,20600.0,2025-04-07
2025040701014549,SRLI,17,8,80.0,412.0,32960.0,2025-04-07
2025040701014548,SRLI,58,8,50.0,412.0,20600.0,2025-04-07
2025040701014547,SRLI,58,8,150.0,412.1,61815.0,2025-04-07
2025040701014546,SRLI,5,8,130.0,412.1,53573.0,2025-04-07
2025040701014545,SRLI,39,8,50.0,412.1,20605.0,2025-04-07
2025040701014544,SRLI,17,8,189.0,412.8,78019.2,2025-04-07
2025040701014543,SRLI,49,8,30.0,412.9,12387.0,2025-04-07
2025040701014542,RFPL,21,6,75.0,704.0,52800.0,2025-04-07
2025040701014541,KBL,37,13,380.0,209.0,79420.0,2025-04-07
2025040701014540,KBL,57,13,500.0,209.0,104500.0,2025-04-07
2025040701014539,KBL,16,13,500.0,209.0,104500.0,2025-04-07
2025040701014538,KBL,42,13,100.0,209.0,20900.0,2025-04-07
2025040701014537,KBL,34,13,467.0,209.0,97603.0,2025-04-07
2025040701014536,KBL,57,13,300.0,209.1,62730.0,2025-04-07
2025040701014535,KBL,4,13,253.0,209.1,52902.3,2025-04-07
2025040701014534,UHEWA,68,88,790.0,672.7,531433.0,2025-04-07
2025040701014533,UHEWA,57,88,50.0,673.0,33650.0,2025-04-07
2025040701014532,UHEWA,26,88,300.0,673.0,201900.0,2025-04-07
2025040701014531,UHEWA,28,88,100.0,673.1,67310.0,2025-04-07
2025040701014530,UHEWA,35,88,100.0,673.2,67320.0,2025-04-07
2025040701014529,UHEWA,54,88,20.0,673.2,13464.0,2025-04-07
2025040701014528,UHEWA,4,88,10.0,674.0,6740.0,2025-04-07
2025040703009768,FMDBL,6,1,75.0,754.0,56550.0,2025-04-07
2025040703009767,FMDBL,58,1,100.0,754.1,75410.0,2025-04-07
2025040704014307,NGPL,58,58,31.0,267.0,8277.0,2025-04-07
2025040704014306,NGPL,35,58,69.0,267.0,18423.0,2025-04-07
2025040704014305,UPPER,45,40,50.0,198.5,9925.0,2025-04-07
2025040704014304,NHPC,34,49,148.0,205.2,30369.6,2025-04-07
2025040704014303,NHPC,26,49,50.0,205.3,10265.0,2025-04-07
2025040705015417,NRN,49,5,50.0,1630.0,81500.0,2025-04-07
2025040705015416,PHCL,49,11,10.0,588.0,5880.0,2025-04-07
