transaction,symbol,buyer,seller,quantity,rate,amount,date
2024070104007359,SHEL,44,6,10.0,153.0,1530.0,2024-07-01
2024070105004617,NRIC,44,37,50.0,643.0,32150.0,2024-07-01
2024070101020206,RFPL,44,22,10.0,360.0,3600.0,2024-07-01
2024070101020205,CITY,58,38,150.0,689.5,103425.0,2024-07-01
2024070101020204,CITY,58,40,30.0,689.0,20670.0,2024-07-01
2024070101020203,CITY,58,40,30.0,689.0,20670.0,2024-07-01
2024070101020202,CITY,58,42,50.0,689.0,34450.0,2024-07-01
2024070101020201,CITY,58,11,30.0,688.7,20661.0,2024-07-01
2024070101020200,CITY,58,6,300.0,688.6,206580.0,2024-07-01
2024070101020199,CITY,58,6,50.0,688.0,34400.0,2024-07-01
2024070101020198,CITY,58,58,10.0,688.0,6880.0,2024-07-01
2024070101020197,CITY,58,94,200.0,687.0,137400.0,2024-07-01
2024070101020196,CITY,58,11,30.0,686.5,20595.0,2024-07-01
2024070101020195,CITY,58,44,100.0,685.0,68500.0,2024-07-01
2024070101020194,CITY,58,41,20.0,685.0,13700.0,2024-07-01
2024070101020193,CITY,58,11,20.0,685.0,13700.0,2024-07-01
2024070101020192,CITY,58,55,10.0,685.0,6850.0,2024-07-01
2024070101020191,CITY,58,32,200.0,684.6,136920.0,2024-07-01
2024070101020190,CITY,58,14,355.0,684.0,242820.0,2024-07-01
2024070101020189,CITY,58,16,125.0,684.0,85500.0,2024-07-01
2024070101020188,CITY,58,54,100.0,683.9,68390.0,2024-07-01
2024070101020187,CITY,58,48,10.0,683.0,6830.0,2024-07-01
2024070101020186,CITY,58,58,10.0,682.0,6820.0,2024-07-01
2024070101020185,CITY,58,46,10.0,682.0,6820.0,2024-07-01
2024070101020184,CITY,58,62,10.0,682.0,6820.0,2024-07-01
2024070101020183,CITY,58,42,150.0,680.0,102000.0,2024-07-01
2024070101020182,NIMB,58,47,20.0,156.6,3132.0,2024-07-01
2024070101020181,MCHL,35,51,10.0,426.0,4260.0,2024-07-01
2024070103011987,PMLI,7,19,10.0,490.0,4900.0,2024-07-01
2024070105004616,NIFRA,1,74,10.0,190.0,1900.0,2024-07-01
2024070101020180,ILI,58,6,10.0,415.5,4155.0,2024-07-01
2024070103011986,CFCL,50,44,10.0,459.0,4590.0,2024-07-01
2024070103011985,HLBSL,38,6,500.0,1287.0,643500.0,2024-07-01
2024070104007358,UAIL,50,39,10.0,553.9,5539.0,2024-07-01
2024070104007357,UAIL,50,14,190.0,553.0,105070.0,2024-07-01
2024070101020179,SBL,50,41,90.0,242.5,21825.0,2024-07-01
2024070101020178,SONA,56,35,90.0,434.1,39069.0,2024-07-01
2024070101020177,SPL,32,57,10.0,757.0,7570.0,2024-07-01
2024070103011984,JFL,58,48,100.0,605.0,60500.0,2024-07-01
2024070103011983,JFL,57,48,200.0,605.0,121000.0,2024-07-01
2024070103011982,JFL,63,48,500.0,606.0,303000.0,2024-07-01
2024070103011981,JFL,60,48,200.0,606.0,121200.0,2024-07-01
2024070103011980,HLBSL,62,6,500.0,1287.0,643500.0,2024-07-01
2024070103011979,ILBS,62,39,30.0,1220.0,36600.0,2024-07-01
2024070103011978,ILBS,62,74,20.0,1220.0,24400.0,2024-07-01
2024070103011977,ILBS,62,62,20.0,1219.9,24398.0,2024-07-01
2024070103011976,ILBS,62,60,19.0,1216.0,23104.0,2024-07-01
2024070103011975,ILBS,62,32,50.0,1215.0,60750.0,2024-07-01
2024070103011974,ILBS,62,51,19.0,1215.0,23085.0,2024-07-01
2024070103011973,ILBS,62,59,100.0,1215.0,121500.0,2024-07-01
2024070103011972,ILBS,62,25,40.0,1215.0,48600.0,2024-07-01
2024070103011971,SHINE,7,41,10.0,378.0,3780.0,2024-07-01
2024070104007356,MEN,91,58,1000.0,575.0,575000.0,2024-07-01
2024070104007355,API,93,57,200.0,165.9,33180.0,2024-07-01
2024070101020176,ULHC,16,42,10.0,390.0,3900.0,2024-07-01
2024070105004615,HIDCL,42,44,93.0,162.7,15131.1,2024-07-01
2024070105004614,HIDCL,42,17,57.0,162.5,9262.5,2024-07-01
2024070101020175,EHPL,25,45,10.0,548.0,5480.0,2024-07-01
2024070103011970,NFS,71,66,20.0,873.0,17460.0,2024-07-01
2024070103011969,PROFL,21,17,54.0,403.5,21789.0,2024-07-01
2024070103011968,PROFL,21,22,25.0,403.0,10075.0,2024-07-01
2024070103011967,PROFL,21,54,100.0,403.0,40300.0,2024-07-01
2024070103011966,PROFL,21,86,80.0,402.9,32232.0,2024-07-01
2024070103011965,MPFL,52,55,250.0,510.0,127500.0,2024-07-01
2024070103011964,MPFL,52,37,900.0,509.9,458910.0,2024-07-01
2024070103011963,RLFL,74,33,10.0,426.0,4260.0,2024-07-01
2024070104007354,BARUN,64,48,150.0,302.5,45375.0,2024-07-01
2024070103011962,SIFC,16,41,500.0,452.1,226050.0,2024-07-01
2024070104007353,DHPL,57,54,100.0,204.0,20400.0,2024-07-01
2024070101020174,ILI,58,57,10.0,415.5,4155.0,2024-07-01
2024070101020173,SPL,55,57,10.0,757.0,7570.0,2024-07-01
2024070101020172,SMHL,53,45,10.0,608.0,6080.0,2024-07-01
2024070103011961,SDLBSL,54,42,30.0,1082.0,32460.0,2024-07-01
2024070101020171,NABIL,18,61,41.0,458.8,18810.8,2024-07-01
2024070103011960,NFS,72,66,10.0,873.0,8730.0,2024-07-01
2024070101020170,ADBL,16,58,111.0,267.5,29692.5,2024-07-01
2024070101020169,ADBL,43,58,89.0,267.6,23816.4,2024-07-01
2024070104007352,DHPL,43,54,40.0,204.0,8160.0,2024-07-01
2024070105004613,NRN,4,43,298.0,656.3,195577.4,2024-07-01
2024070105004612,NRN,45,43,200.0,657.0,131400.0,2024-07-01
2024070105004611,NRN,68,43,133.0,658.1,87527.3,2024-07-01
2024070105004610,NRN,29,43,369.0,660.0,243540.0,2024-07-01
2024070105004609,HIDCL,58,17,396.0,162.5,64350.0,2024-07-01
2024070105004608,HIDCL,58,58,105.0,162.0,17010.0,2024-07-01
2024070105004607,HIDCL,58,57,280.0,162.0,45360.0,2024-07-01
2024070105004606,HIDCL,58,32,250.0,162.0,40500.0,2024-07-01
2024070105004605,HIDCL,58,42,381.0,161.8,61645.8,2024-07-01
2024070105004604,HIDCL,58,52,88.0,161.0,14168.0,2024-07-01
2024070104007351,SHEL,11,6,20.0,153.0,3060.0,2024-07-01
2024070101020168,BNHC,96,32,60.0,649.0,38940.0,2024-07-01
2024070101020167,BNHC,96,41,140.0,648.9,90846.0,2024-07-01
2024070103011959,SFCL,50,49,20.0,434.9,8698.0,2024-07-01
2024070103011958,SAPDBL,88,7,150.0,365.3,54795.0,2024-07-01
2024070103011957,SAPDBL,88,21,100.0,365.0,36500.0,2024-07-01
2024070103011956,SAPDBL,88,21,250.0,365.0,91250.0,2024-07-01
2024070103011955,SFCL,45,49,10.0,434.9,4349.0,2024-07-01
2024070101020166,VLUCL,34,39,10.0,506.0,5060.0,2024-07-01
2024070101020165,VLUCL,34,49,10.0,505.0,5050.0,2024-07-01
2024070101020164,NBL,62,58,80.0,213.0,17040.0,2024-07-01
2024070101020163,NBL,62,57,200.0,212.0,42400.0,2024-07-01
2024070101020162,NBL,62,45,815.0,209.2,170498.0,2024-07-01
2024070101020161,NBL,62,39,200.0,209.1,41820.0,2024-07-01
2024070103011954,NFS,62,66,10.0,873.0,8730.0,2024-07-01
2024070101020160,MHL,62,57,48.0,549.0,26352.0,2024-07-01
2024070101020159,MHL,62,35,10.0,549.0,5490.0,2024-07-01
2024070101020158,MHL,62,38,10.0,549.0,5490.0,2024-07-01
2024070101020157,MHL,62,53,50.0,548.9,27445.0,2024-07-01
2024070101020156,MHL,62,58,25.0,548.0,13700.0,2024-07-01
2024070101020155,MHL,62,29,100.0,548.0,54800.0,2024-07-01
2024070101020154,MHL,62,42,19.0,548.0,10412.0,2024-07-01
2024070101020153,MHL,62,58,10.0,545.0,5450.0,2024-07-01
2024070101020152,MHL,62,25,10.0,545.0,5450.0,2024-07-01
2024070101020151,MHL,62,52,500.0,545.0,272500.0,2024-07-01
2024070101020150,MHL,62,57,40.0,544.9,21796.0,2024-07-01
2024070101020149,MHL,62,17,88.0,544.0,47872.0,2024-07-01
2024070101020148,MHL,62,56,50.0,544.0,27200.0,2024-07-01
2024070101020147,MHL,62,56,10.0,543.0,5430.0,2024-07-01
2024070101020146,MHL,62,49,10.0,541.0,5410.0,2024-07-01
2024070101020145,MHL,62,17,10.0,541.0,5410.0,2024-07-01
2024070101020144,MHL,62,58,10.0,541.0,5410.0,2024-07-01
2024070101020143,MHL,62,16,500.0,540.0,270000.0,2024-07-01
2024070101020142,MHL,62,58,10.0,540.0,5400.0,2024-07-01
2024070101020141,MHL,62,32,490.0,540.0,264600.0,2024-07-01
2024070101020140,AVYAN,62,29,10.0,940.0,9400.0,2024-07-01
2024070101020139,AVYAN,62,58,10.0,940.0,9400.0,2024-07-01
2024070101020138,AVYAN,62,21,30.0,935.0,28050.0,2024-07-01
2024070101020137,AVYAN,62,58,10.0,935.0,9350.0,2024-07-01
2024070101020136,AVYAN,62,43,10.0,934.0,9340.0,2024-07-01
2024070101020135,AVYAN,62,6,10.0,933.0,9330.0,2024-07-01
2024070103011953,PMLI,7,41,10.0,494.0,4940.0,2024-07-01
2024070103011952,PMLI,7,13,400.0,492.0,196800.0,2024-07-01
2024070103011951,SLBSL,16,47,10.0,1230.0,12300.0,2024-07-01
2024070103011950,SLBSL,16,49,20.0,1224.0,24480.0,2024-07-01
2024070103011949,SLBSL,16,49,20.0,1223.0,24460.0,2024-07-01
2024070103011948,SFCL,71,49,10.0,434.9,4349.0,2024-07-01
2024070104007350,UMRH,1,21,65.0,441.9,28723.5,2024-07-01
2024070101020134,BHDC,14,56,33.0,589.0,19437.0,2024-07-01
2024070101020133,BHDC,14,21,100.0,588.8,58880.0,2024-07-01
2024070101020132,BHDC,14,48,20.0,588.7,11774.0,2024-07-01
2024070101020131,BHDC,14,47,10.0,588.0,5880.0,2024-07-01
2024070101020130,BHDC,14,59,27.0,587.7,15867.9,2024-07-01
2024070101020129,BHDC,14,58,10.0,587.0,5870.0,2024-07-01
2024070101020128,BHDC,14,34,10.0,587.0,5870.0,2024-07-01
2024070101020127,BHDC,14,32,10.0,586.0,5860.0,2024-07-01
2024070101020126,BHDC,14,48,50.0,585.8,29290.0,2024-07-01
2024070101020125,BHDC,14,58,30.0,583.0,17490.0,2024-07-01
2024070101020124,KBL,14,28,374.0,138.0,51612.0,2024-07-01
2024070101020123,KBL,14,49,101.0,138.0,13938.0,2024-07-01
2024070101020122,KBL,14,38,525.0,138.0,72450.0,2024-07-01
2024070101020121,DORDI,14,70,10.0,474.0,4740.0,2024-07-01
2024070101020120,DORDI,14,58,10.0,473.9,4739.0,2024-07-01
2024070101020119,PHCL,26,3,10.0,305.0,3050.0,2024-07-01
2024070101020118,PHCL,26,49,10.0,305.0,3050.0,2024-07-01
2024070101020117,PHCL,26,70,500.0,305.0,152500.0,2024-07-01
2024070101020116,PHCL,26,38,500.0,305.0,152500.0,2024-07-01
2024070101020115,PHCL,26,49,10.0,305.0,3050.0,2024-07-01
2024070101020114,PHCL,26,57,461.0,305.0,140605.0,2024-07-01
2024070103011947,MNBBL,26,35,100.0,338.0,33800.0,2024-07-01
2024070105004603,HIDCL,21,26,100.0,160.2,16020.0,2024-07-01
2024070104007349,SGIC,84,6,240.0,527.0,126480.0,2024-07-01
2024070104007348,SGIC,84,66,40.0,526.8,21072.0,2024-07-01
2024070104007347,SGIC,84,47,200.0,526.7,105340.0,2024-07-01
2024070104007346,SGIC,84,16,20.0,526.0,10520.0,2024-07-01
2024070101020113,HATHY,28,4,20.0,924.0,18480.0,2024-07-01
2024070101020112,UHEWA,57,58,10.0,479.7,4797.0,2024-07-01
2024070105004602,NICGF,49,22,100.0,9.69,969.0,2024-07-01
2024070101020111,NESDO,10,55,60.0,1960.0,117600.0,2024-07-01
2024070103011946,NFS,62,66,60.0,873.0,52380.0,2024-07-01
2024070103011945,NFS,92,66,100.0,873.1,87310.0,2024-07-01
2024070104007345,SSHL,22,3,10.0,170.8,1708.0,2024-07-01
2024070101020110,MKJC,29,8,500.0,639.1,319550.0,2024-07-01
2024070101020109,MKHL,43,40,103.0,476.5,49079.5,2024-07-01
2024070101020108,MKHL,19,40,20.0,478.0,9560.0,2024-07-01
2024070101020107,MKHL,91,40,87.0,478.0,41586.0,2024-07-01
2024070101020106,MKHL,80,40,290.0,478.0,138620.0,2024-07-01
2024070104007344,IGI,40,43,10.0,519.0,5190.0,2024-07-01
2024070104007343,SPDL,51,18,25.0,234.0,5850.0,2024-07-01
2024070104007342,SPDL,51,5,11.0,234.0,2574.0,2024-07-01
2024070104007341,SPDL,51,66,200.0,234.0,46800.0,2024-07-01
2024070104007340,SPDL,51,13,79.0,234.0,18486.0,2024-07-01
2024070101020105,MMKJL,58,64,70.0,505.5,35385.0,2024-07-01
2024070101020104,MMKJL,58,1,500.0,504.9,252450.0,2024-07-01
2024070101020103,MMKJL,58,34,200.0,504.9,100980.0,2024-07-01
2024070101020102,MMKJL,58,6,230.0,504.9,116127.0,2024-07-01
2024070101020101,MBJC,58,6,550.0,294.0,161700.0,2024-07-01
2024070101020100,BEDC,88,11,10.0,428.0,4280.0,2024-07-01
2024070101020099,BEDC,88,38,990.0,428.0,423720.0,2024-07-01
2024070101020098,SPHL,45,49,10.0,564.0,5640.0,2024-07-01
2024070104007339,AHPC,44,45,144.0,150.0,21600.0,2024-07-01
2024070101020097,SBI,34,45,10.0,291.0,2910.0,2024-07-01
2024070103011944,MLBL,32,42,500.0,323.0,161500.0,2024-07-01
2024070101020096,KBL,48,38,10.0,138.0,1380.0,2024-07-01
2024070104007338,BARUN,58,48,295.0,302.5,89237.5,2024-07-01
2024070104007337,BARUN,38,48,50.0,302.5,15125.0,2024-07-01
2024070101020095,TVCL,62,22,10.0,491.0,4910.0,2024-07-01
2024070105004601,HRL,62,74,21.0,538.0,11298.0,2024-07-01
2024070101020094,NBL,62,34,150.0,208.8,31320.0,2024-07-01
2024070101020093,NBL,62,51,190.0,208.7,39653.0,2024-07-01
2024070101020092,SMJC,91,41,550.0,403.8,222090.0,2024-07-01
2024070101020091,SMJC,91,28,10.0,403.4,4034.0,2024-07-01
2024070101020090,SMJC,91,57,10.0,403.0,4030.0,2024-07-01
2024070101020089,SMJC,91,39,10.0,403.0,4030.0,2024-07-01
2024070101020088,SMJC,91,4,500.0,403.0,201500.0,2024-07-01
2024070101020087,SMJC,91,38,10.0,403.0,4030.0,2024-07-01
2024070101020086,SMJC,91,63,20.0,403.0,8060.0,2024-07-01
2024070101020085,SMJC,91,45,300.0,402.9,120870.0,2024-07-01
2024070101020084,SMJC,91,1,300.0,402.8,120840.0,2024-07-01
2024070101020083,SMJC,91,45,10.0,402.0,4020.0,2024-07-01
2024070101020082,SMJC,91,38,10.0,402.0,4020.0,2024-07-01
2024070101020081,SMJC,91,14,50.0,402.0,20100.0,2024-07-01
2024070101020080,SMJC,91,22,10.0,402.0,4020.0,2024-07-01
2024070101020079,SMJC,91,34,10.0,402.0,4020.0,2024-07-01
2024070101020078,SMJC,91,4,200.0,400.0,80000.0,2024-07-01
2024070103011943,GLBSL,47,8,67.0,1750.0,117250.0,2024-07-01
2024070103011942,GLBSL,47,34,13.0,1750.0,22750.0,2024-07-01
2024070103011941,GLBSL,47,77,20.0,1746.0,34920.0,2024-07-01
2024070101020077,MEHL,47,16,72.0,347.0,24984.0,2024-07-01
2024070101020076,MEHL,47,34,200.0,346.0,69200.0,2024-07-01
2024070101020075,MEHL,47,57,625.0,345.9,216187.5,2024-07-01
2024070101020074,MEHL,47,34,10.0,345.0,3450.0,2024-07-01
2024070101020073,MEHL,47,34,10.0,345.0,3450.0,2024-07-01
2024070101020072,MEHL,47,34,10.0,345.0,3450.0,2024-07-01
2024070101020071,MEHL,47,52,10.0,344.0,3440.0,2024-07-01
2024070101020070,MEHL,47,47,63.0,343.2,21621.6,2024-07-01
2024070101020069,UHEWA,65,58,10.0,479.7,4797.0,2024-07-01
2024070101020068,DOLTI,59,58,50.0,427.9,21395.0,2024-07-01
2024070103011940,PFL,59,35,10.0,598.0,5980.0,2024-07-01
2024070101020067,BHDC,71,58,70.0,583.0,40810.0,2024-07-01
2024070101020066,BHDC,71,58,10.0,583.0,5830.0,2024-07-01
2024070101020065,BHDC,71,43,10.0,582.5,5825.0,2024-07-01
2024070101020064,BHDC,71,5,10.0,582.4,5824.0,2024-07-01
2024070101020063,BHDC,71,46,10.0,582.4,5824.0,2024-07-01
2024070101020062,BHDC,71,3,10.0,582.0,5820.0,2024-07-01
2024070101020061,BHDC,71,58,10.0,582.0,5820.0,2024-07-01
2024070101020060,BHDC,71,58,90.0,582.0,52380.0,2024-07-01
2024070101020059,BHDC,71,3,10.0,582.0,5820.0,2024-07-01
2024070101020058,BHDC,71,72,20.0,581.5,11630.0,2024-07-01
2024070101020057,BHDC,71,11,10.0,580.0,5800.0,2024-07-01
2024070101020056,BHDC,71,17,10.0,575.0,5750.0,2024-07-01
2024070101020055,BHDC,71,80,10.0,575.0,5750.0,2024-07-01
2024070101020054,BHDC,71,22,10.0,572.0,5720.0,2024-07-01
2024070101020053,BHDC,71,58,10.0,571.0,5710.0,2024-07-01
2024070104007336,MHNL,25,49,10.0,240.0,2400.0,2024-07-01
2024070104007335,RADHI,16,14,25.0,253.0,6325.0,2024-07-01
2024070103011939,SFCL,41,49,10.0,434.9,4349.0,2024-07-01
2024070103011938,NMFBS,33,38,10.0,1274.0,12740.0,2024-07-01
2024070105004600,NTC,57,18,10.0,807.4,8074.0,2024-07-01
2024070103011937,SIFC,66,45,10.0,456.0,4560.0,2024-07-01
2024070103011936,GFCL,22,43,50.0,610.0,30500.0,2024-07-01
2024070103011935,BFC,33,22,300.0,473.0,141900.0,2024-07-01
2024070105004599,HIDCL,53,52,10.0,161.0,1610.0,2024-07-01
2024070101020052,SGHC,53,57,20.0,335.9,6718.0,2024-07-01
2024070103011934,NLIC,17,20,30.0,572.0,17160.0,2024-07-01
2024070101020051,PCBL,44,35,10.0,195.8,1958.0,2024-07-01
2024070103011933,CORBL,44,57,667.0,555.0,370185.0,2024-07-01
2024070103011932,ILBS,18,25,10.0,1215.0,12150.0,2024-07-01
2024070103011931,ILBS,18,32,50.0,1211.0,60550.0,2024-07-01
2024070101020050,MCHL,58,38,10.0,427.0,4270.0,2024-07-01
2024070101020049,SRLI,41,38,50.0,434.0,21700.0,2024-07-01
2024070105004598,HRL,50,5,100.0,537.9,53790.0,2024-07-01
2024070101020048,BEDC,88,38,10.0,428.0,4280.0,2024-07-01
2024070103011930,MFIL,45,58,12.0,530.0,6360.0,2024-07-01
2024070101020047,MKCL,34,40,10.0,1274.0,12740.0,2024-07-01
2024070101020046,HHL,32,88,100.0,363.5,36350.0,2024-07-01
2024070103011929,NICLBSL,62,45,10.0,630.0,6300.0,2024-07-01
2024070101020045,NYADI,32,40,21.0,330.0,6930.0,2024-07-01
2024070101020044,NYADI,32,17,79.0,329.0,25991.0,2024-07-01
2024070103011928,GFCL,34,45,15.0,609.0,9135.0,2024-07-01
2024070101020043,TVCL,62,22,20.0,491.0,9820.0,2024-07-01
2024070101020042,TVCL,62,46,10.0,491.0,4910.0,2024-07-01
2024070103011927,RLFL,4,33,702.0,426.0,299052.0,2024-07-01
2024070103011926,RLFL,4,33,34.0,425.5,14467.0,2024-07-01
2024070103011925,RLFL,4,58,230.0,425.0,97750.0,2024-07-01
2024070103011924,RLFL,4,29,100.0,425.0,42500.0,2024-07-01
2024070103011923,RLFL,4,14,300.0,425.0,127500.0,2024-07-01
2024070103011922,RLFL,4,64,50.0,425.0,21250.0,2024-07-01
2024070103011921,RLFL,4,21,437.0,425.0,185725.0,2024-07-01
2024070103011920,RLFL,4,22,200.0,424.8,84960.0,2024-07-01
2024070103011919,RLFL,4,14,500.0,424.7,212350.0,2024-07-01
2024070103011918,RLFL,4,57,40.0,424.0,16960.0,2024-07-01
2024070103011917,RLFL,4,38,300.0,424.0,127200.0,2024-07-01
2024070103011916,RLFL,4,62,330.0,423.9,139887.0,2024-07-01
2024070101020041,ILI,58,16,10.0,415.5,4155.0,2024-07-01
2024070101020040,SAHAS,47,41,10.0,508.0,5080.0,2024-07-01
2024070101020039,SAHAS,47,62,10.0,508.0,5080.0,2024-07-01
2024070101020038,SAHAS,47,55,10.0,507.9,5079.0,2024-07-01
2024070101020037,MANDU,65,72,705.0,1078.0,759990.0,2024-07-01
2024070104007334,HPPL,42,42,128.0,300.0,38400.0,2024-07-01
2024070104007333,HPPL,42,36,10.0,300.0,3000.0,2024-07-01
2024070104007332,HPPL,42,14,170.0,299.9,50983.0,2024-07-01
2024070104007331,HPPL,42,39,10.0,299.9,2999.0,2024-07-01
2024070104007330,HPPL,42,40,382.0,299.8,114523.6,2024-07-01
2024070104007329,HPPL,42,45,300.0,296.6,88980.0,2024-07-01
2024070101020036,SONA,56,42,10.0,434.1,4341.0,2024-07-01
2024070101020035,HBL,1,21,293.0,180.0,52740.0,2024-07-01
2024070103011915,JFL,60,21,300.0,606.0,181800.0,2024-07-01
2024070103011914,JFL,71,21,80.0,606.1,48488.0,2024-07-01
2024070101020034,DORDI,25,25,50.0,473.5,23675.0,2024-07-01
2024070101020033,DORDI,46,25,50.0,473.5,23675.0,2024-07-01
2024070103011913,SFCL,58,57,100.0,434.0,43400.0,2024-07-01
2024070101020032,TAMOR,11,49,10.0,393.0,3930.0,2024-07-01
2024070105004597,NRN,60,58,10.0,660.1,6601.0,2024-07-01
2024070104007328,AKJCL,19,17,30.0,204.4,6132.0,2024-07-01
2024070103011912,NFS,17,22,10.0,875.0,8750.0,2024-07-01
2024070103011911,KMCDB,44,38,13.0,1080.0,14040.0,2024-07-01
2024070103011910,CORBL,44,43,50.0,551.0,27550.0,2024-07-01
2024070103011909,JFL,18,59,245.0,607.0,148715.0,2024-07-01
2024070101020031,EHPL,43,10,50.0,544.7,27235.0,2024-07-01
2024070104007327,HURJA,58,58,100.0,299.6,29960.0,2024-07-01
2024070104007326,HURJA,58,77,300.0,298.0,89400.0,2024-07-01
2024070104007325,HURJA,58,45,1000.0,288.0,288000.0,2024-07-01
2024070104007324,HURJA,58,22,100.0,282.5,28250.0,2024-07-01
2024070104007323,HURJA,58,57,500.0,282.0,141000.0,2024-07-01
2024070104007322,HURJA,58,29,25.0,281.6,7040.0,2024-07-01
2024070104007321,HURJA,58,58,500.0,281.5,140750.0,2024-07-01
2024070104007320,HURJA,58,41,500.0,281.3,140650.0,2024-07-01
2024070104007319,HURJA,58,14,100.0,281.0,28100.0,2024-07-01
2024070104007318,HURJA,58,43,500.0,280.0,140000.0,2024-07-01
2024070104007317,HURJA,58,57,1000.0,280.0,280000.0,2024-07-01
2024070104007316,HURJA,58,42,300.0,280.0,84000.0,2024-07-01
2024070104007315,HURJA,58,49,500.0,279.0,139500.0,2024-07-01
2024070104007314,HURJA,58,3,30.0,279.0,8370.0,2024-07-01
2024070104007313,HURJA,58,49,900.0,279.0,251100.0,2024-07-01
2024070104007312,HURJA,58,35,50.0,278.7,13935.0,2024-07-01
2024070104007311,HURJA,58,19,50.0,277.3,13865.0,2024-07-01
2024070104007310,HURJA,58,56,500.0,277.0,138500.0,2024-07-01
2024070104007309,HURJA,58,50,100.0,277.0,27700.0,2024-07-01
2024070104007308,HURJA,58,49,50.0,277.0,13850.0,2024-07-01
2024070104007307,HURJA,58,19,535.0,277.0,148195.0,2024-07-01
2024070104007306,HURJA,58,48,10.0,276.0,2760.0,2024-07-01
2024070104007305,HURJA,58,32,500.0,275.9,137950.0,2024-07-01
2024070104007304,HURJA,58,19,50.0,275.9,13795.0,2024-07-01
2024070104007303,HURJA,58,3,50.0,275.6,13780.0,2024-07-01
2024070104007302,HURJA,58,40,200.0,275.4,55080.0,2024-07-01
2024070104007301,HURJA,58,58,2000.0,275.0,550000.0,2024-07-01
2024070104007300,HURJA,58,35,500.0,275.0,137500.0,2024-07-01
2024070104007299,HURJA,58,26,100.0,275.0,27500.0,2024-07-01
2024070104007298,HURJA,58,58,450.0,275.0,123750.0,2024-07-01
2024070104007297,HURJA,58,22,20.0,275.0,5500.0,2024-07-01
2024070104007296,HURJA,58,3,20.0,275.0,5500.0,2024-07-01
2024070104007295,HURJA,58,19,50.0,274.9,13745.0,2024-07-01
2024070104007294,HURJA,58,65,1000.0,274.5,274500.0,2024-07-01
2024070104007293,HURJA,58,57,200.0,274.3,54860.0,2024-07-01
2024070104007292,HURJA,58,5,900.0,274.3,246870.0,2024-07-01
2024070104007291,HURJA,58,63,100.0,274.2,27420.0,2024-07-01
2024070104007290,HURJA,58,6,500.0,274.0,137000.0,2024-07-01
2024070104007289,HURJA,58,57,100.0,274.0,27400.0,2024-07-01
2024070104007288,HURJA,58,72,1100.0,274.0,301400.0,2024-07-01
2024070104007287,HURJA,58,34,20.0,274.0,5480.0,2024-07-01
2024070104007286,HURJA,58,74,1000.0,273.9,273900.0,2024-07-01
2024070104007285,HURJA,58,19,50.0,273.8,13690.0,2024-07-01
2024070104007284,HURJA,58,22,20.0,273.0,5460.0,2024-07-01
2024070104007283,HURJA,58,57,30.0,273.0,8190.0,2024-07-01
2024070104007282,HURJA,58,77,200.0,273.0,54600.0,2024-07-01
2024070104007281,HURJA,58,19,50.0,272.5,13625.0,2024-07-01
2024070104007280,HURJA,58,48,142.0,272.0,38624.0,2024-07-01
2024070104007279,HURJA,58,19,50.0,272.0,13600.0,2024-07-01
2024070104007278,HURJA,58,64,10.0,272.0,2720.0,2024-07-01
2024070104007277,HURJA,58,38,800.0,271.5,217200.0,2024-07-01
2024070104007276,HURJA,58,35,100.0,271.0,27100.0,2024-07-01
2024070104007275,HURJA,58,19,50.0,271.0,13550.0,2024-07-01
2024070104007274,HURJA,58,7,13.0,271.0,3523.0,2024-07-01
2024070104007273,HURJA,58,7,1000.0,270.9,270900.0,2024-07-01
2024070104007272,HURJA,58,1,650.0,270.8,176020.0,2024-07-01
2024070104007271,HURJA,58,4,1515.0,270.0,409050.0,2024-07-01
2024070104007270,HURJA,58,59,200.0,269.9,53980.0,2024-07-01
2024070101020030,SBL,50,41,20.0,242.5,4850.0,2024-07-01
2024070101020029,SBL,50,42,67.0,242.4,16240.8,2024-07-01
2024070104007269,UPPER,32,57,100.0,154.0,15400.0,2024-07-01
2024070101020028,NRM,45,57,100.0,388.0,38800.0,2024-07-01
2024070104007268,JOSHI,56,14,100.0,283.9,28390.0,2024-07-01
2024070103011908,PFL,7,35,100.0,598.0,59800.0,2024-07-01
2024070101020027,MAKAR,4,42,475.0,460.0,218500.0,2024-07-01
2024070101020026,MAKAR,4,36,25.0,460.0,11500.0,2024-07-01
2024070103011907,LICN,29,59,30.0,1338.0,40140.0,2024-07-01
2024070101020025,CZBIL,47,34,450.0,166.1,74745.0,2024-07-01
2024070105004596,NRIC,47,8,10.0,641.0,6410.0,2024-07-01
2024070105004595,NRIC,47,57,100.0,641.0,64100.0,2024-07-01
2024070105004594,NRIC,47,71,574.0,641.0,367934.0,2024-07-01
2024070103011906,CORBL,44,42,100.0,550.0,55000.0,2024-07-01
2024070101020024,CKHL,42,25,40.0,609.0,24360.0,2024-07-01
2024070101020023,CKHL,42,57,10.0,609.0,6090.0,2024-07-01
2024070101020022,CKHL,42,14,50.0,608.9,30445.0,2024-07-01
2024070105004593,SMATA,25,58,40.0,945.0,37800.0,2024-07-01
2024070105004592,SMATA,25,38,10.0,944.0,9440.0,2024-07-01
2024070101020021,NBL,25,51,10.0,208.7,2087.0,2024-07-01
2024070103011905,SIFC,14,45,40.0,456.0,18240.0,2024-07-01
2024070104007267,SHPC,28,49,1628.0,320.0,520960.0,2024-07-01
2024070104007266,SHPC,28,45,100.0,320.0,32000.0,2024-07-01
2024070104007265,SHPC,28,56,646.0,319.9,206655.4,2024-07-01
2024070104007264,SHPC,28,18,500.0,319.8,159900.0,2024-07-01
2024070104007263,SHPC,28,44,300.0,319.8,95940.0,2024-07-01
2024070104007262,SHPC,28,44,300.0,319.7,95910.0,2024-07-01
2024070104007261,SHPC,28,42,300.0,319.0,95700.0,2024-07-01
2024070104007260,SHPC,28,47,181.0,319.0,57739.0,2024-07-01
2024070104007259,SHPC,28,49,200.0,319.0,63800.0,2024-07-01
2024070101020020,SHIVM,34,57,39.0,474.0,18486.0,2024-07-01
2024070101020019,SHIVM,56,57,247.0,474.1,117102.7,2024-07-01
2024070101020018,CYCL,55,59,10.0,1469.9,14699.0,2024-07-01
2024070101020017,RNLI,36,49,11.0,421.1,4632.1,2024-07-01
2024070101020016,CITY,22,42,40.0,680.0,27200.0,2024-07-01
2024070101020015,CITY,22,6,160.0,678.0,108480.0,2024-07-01
2024070101020014,NABIL,40,61,46.0,458.8,21104.8,2024-07-01
2024070103011904,JFL,43,59,170.0,607.0,103190.0,2024-07-01
2024070103011903,JFL,43,16,370.0,607.0,224590.0,2024-07-01
2024070104007258,KKHC,58,34,50.0,222.0,11100.0,2024-07-01
2024070103011902,NMFBS,81,13,14.0,1270.0,17780.0,2024-07-01
2024070101020013,PHCL,55,38,10.0,304.1,3041.0,2024-07-01
2024070101020012,BHPL,35,19,60.0,655.0,39300.0,2024-07-01
2024070101020011,BHPL,35,34,40.0,655.0,26200.0,2024-07-01
2024070103011901,ACLBSL,35,52,104.0,1060.0,110240.0,2024-07-01
2024070103011900,ACLBSL,35,34,27.0,1060.0,28620.0,2024-07-01
2024070103011899,ACLBSL,35,40,269.0,1059.0,284871.0,2024-07-01
2024070101020010,CLI,45,37,300.0,477.0,143100.0,2024-07-01
2024070103011898,NICLBSL,62,45,10.0,630.0,6300.0,2024-07-01
2024070104007257,HPPL,42,45,100.0,296.6,29660.0,2024-07-01
2024070105004591,NRN,29,58,40.0,660.0,26400.0,2024-07-01
2024070105004590,NRN,29,35,541.0,660.0,357060.0,2024-07-01
2024070105004589,NRN,29,6,50.0,658.2,32910.0,2024-07-01
2024070101020009,ULHC,25,59,40.0,393.0,15720.0,2024-07-01
2024070101020008,ULHC,25,35,10.0,392.0,3920.0,2024-07-01
2024070101020007,ULHC,25,57,50.0,392.0,19600.0,2024-07-01
2024070101020006,BHDC,14,38,117.0,570.0,66690.0,2024-07-01
2024070101020005,MAKAR,69,36,10.0,460.0,4600.0,2024-07-01
2024070101020004,MAKAR,69,55,390.0,459.0,179010.0,2024-07-01
2024070101020003,GVL,66,49,100.0,587.9,58790.0,2024-07-01
2024070101020002,VLUCL,49,39,100.0,506.0,50600.0,2024-07-01
2024070104007256,KPCL,50,57,96.0,442.0,42432.0,2024-07-01
2024070104007255,KPCL,26,57,100.0,442.1,44210.0,2024-07-01
2024070104007254,KPCL,1,57,125.0,442.2,55275.0,2024-07-01
2024070104007253,KPCL,62,57,179.0,443.1,79314.9,2024-07-01
2024070103011897,NMBMF,22,17,10.0,687.9,6879.0,2024-07-01
2024070104007252,KKHC,26,53,800.0,220.3,176240.0,2024-07-01
2024070104007251,KKHC,39,53,500.0,220.4,110200.0,2024-07-01
2024070105004588,HRL,17,60,11.0,537.0,5907.0,2024-07-01
2024070101020001,RHGCL,52,38,50.0,349.0,17450.0,2024-07-01
2024070104007250,HURJA,43,59,100.0,269.9,26990.0,2024-07-01
2024070104007249,MEN,1,58,15.0,575.0,8625.0,2024-07-01
2024070103011896,USLB,38,58,11.0,1820.0,20020.0,2024-07-01
2024070103011895,JFL,88,16,10.0,607.0,6070.0,2024-07-01
2024070104007248,NLG,34,34,50.0,746.9,37345.0,2024-07-01
2024070104007247,PPCL,43,32,200.0,233.7,46740.0,2024-07-01
2024070104007246,CHL,42,62,415.0,306.1,127031.5,2024-07-01
2024070104007245,CHL,96,62,85.0,307.0,26095.0,2024-07-01
2024070101020000,CITY,91,6,50.0,678.0,33900.0,2024-07-01
2024070101019999,RHGCL,21,38,20.0,349.0,6980.0,2024-07-01
2024070104007244,PRIN,8,72,502.0,765.0,384030.0,2024-07-01
2024070103011894,MERO,42,8,10.0,677.1,6771.0,2024-07-01
2024070101019998,LSL,45,44,21370.0,153.0,3269610.0,2024-07-01
2024070101019997,LSL,45,44,500.0,153.0,76500.0,2024-07-01
2024070101019996,LSL,19,44,1000.0,153.2,153200.0,2024-07-01
2024070101019995,LSL,41,44,2000.0,153.2,306400.0,2024-07-01
2024070101019994,LSL,48,44,30.0,153.2,4596.0,2024-07-01
2024070101019993,LSL,59,44,100.0,153.4,15340.0,2024-07-01
2024070101019992,CKHL,42,72,50.0,608.0,30400.0,2024-07-01
2024070101019991,HDL,19,34,10.0,1148.0,11480.0,2024-07-01
2024070101019990,MAKAR,74,38,310.0,458.5,142135.0,2024-07-01
2024070104007243,SHEL,51,98,441.0,152.5,67252.5,2024-07-01
2024070104007242,SHEL,41,98,50.0,152.5,7625.0,2024-07-01
2024070104007241,SHEL,17,98,100.0,152.5,15250.0,2024-07-01
2024070104007240,SHEL,28,98,1000.0,152.6,152600.0,2024-07-01
2024070104007239,SHEL,28,98,500.0,152.7,76350.0,2024-07-01
2024070104007238,SHEL,28,98,500.0,152.7,76350.0,2024-07-01
2024070104007237,SHEL,38,98,14.0,152.7,2137.8,2024-07-01
2024070104007236,SHEL,49,98,10.0,152.9,1529.0,2024-07-01
2024070101019989,KBL,26,35,500.0,137.9,68950.0,2024-07-01
2024070103011893,PFL,14,35,100.0,598.0,59800.0,2024-07-01
2024070103011892,PFL,58,35,174.0,598.0,104052.0,2024-07-01
2024070101019988,SIKLES,35,50,45.0,700.0,31500.0,2024-07-01
2024070101019987,SIKLES,35,52,10.0,700.0,7000.0,2024-07-01
2024070101019986,SIKLES,35,34,10.0,700.0,7000.0,2024-07-01
2024070101019985,SIKLES,35,22,50.0,700.0,35000.0,2024-07-01
2024070101019984,SIKLES,35,4,10.0,700.0,7000.0,2024-07-01
2024070101019983,SIKLES,35,32,20.0,700.0,14000.0,2024-07-01
2024070101019982,SIKLES,35,39,330.0,699.9,230967.0,2024-07-01
2024070101019981,SIKLES,35,34,135.0,698.7,94324.5,2024-07-01
2024070101019980,SIKLES,35,45,390.0,695.0,271050.0,2024-07-01
2024070104007235,GHL,29,32,20.0,146.0,2920.0,2024-07-01
2024070104007234,GHL,58,32,80.0,146.2,11696.0,2024-07-01
2024070101019979,MHL,47,62,30.0,533.0,15990.0,2024-07-01
2024070101019978,MHL,38,62,50.0,534.0,26700.0,2024-07-01
2024070101019977,MHL,72,62,500.0,535.0,267500.0,2024-07-01
2024070101019976,MHL,51,62,125.0,535.2,66900.0,2024-07-01
2024070101019975,MHL,72,62,500.0,536.0,268000.0,2024-07-01
2024070101019974,MHL,85,62,100.0,536.3,53630.0,2024-07-01
2024070101019973,MHL,94,62,500.0,537.0,268500.0,2024-07-01
2024070101019972,MHL,84,62,195.0,538.0,104910.0,2024-07-01
2024070104007233,SPDL,45,13,126.0,234.0,29484.0,2024-07-01
2024070104007232,SPDL,45,3,74.0,234.0,17316.0,2024-07-01
2024070101019971,CZBIL,58,45,100.0,166.0,16600.0,2024-07-01
2024070104007231,API,39,62,100.0,165.8,16580.0,2024-07-01
2024070103011891,NMBMF,45,45,80.0,683.1,54648.0,2024-07-01
2024070103011890,NMBMF,57,45,10.0,685.0,6850.0,2024-07-01
2024070101019970,RFPL,33,4,50.0,359.0,17950.0,2024-07-01
2024070104007230,KPCL,62,39,64.0,443.1,28358.4,2024-07-01
2024070104007229,KPCL,58,39,136.0,445.0,60520.0,2024-07-01
2024070104007228,AHPC,44,36,1946.0,150.0,291900.0,2024-07-01
2024070104007227,MHNL,47,49,10.0,240.0,2400.0,2024-07-01
2024070101019969,IHL,21,48,10.0,427.0,4270.0,2024-07-01
2024070104007226,UPPER,13,57,60.0,154.0,9240.0,2024-07-01
2024070104007225,UPPER,40,57,200.0,154.0,30800.0,2024-07-01
2024070104007224,UPPER,54,57,35.0,154.0,5390.0,2024-07-01
2024070104007223,UPPER,35,57,195.0,154.0,30030.0,2024-07-01
2024070104007222,UPPER,35,22,100.0,154.0,15400.0,2024-07-01
2024070104007221,PMHPL,52,38,26.0,230.0,5980.0,2024-07-01
2024070104007220,PMHPL,52,20,10.0,229.5,2295.0,2024-07-01
2024070104007219,PMHPL,52,34,40.0,229.0,9160.0,2024-07-01
2024070104007218,PMHPL,52,4,10.0,228.0,2280.0,2024-07-01
2024070104007217,PMHPL,52,29,11.0,228.0,2508.0,2024-07-01
2024070104007216,PMHPL,52,25,500.0,227.5,113750.0,2024-07-01
2024070104007215,PMHPL,52,45,50.0,227.0,11350.0,2024-07-01
2024070104007214,PMHPL,52,53,453.0,226.0,102378.0,2024-07-01
2024070101019968,RHGCL,18,38,10.0,349.0,3490.0,2024-07-01
2024070103011889,HLI,1,1,100.0,372.6,37260.0,2024-07-01
2024070101019967,HBL,1,34,500.0,180.0,90000.0,2024-07-01
2024070101019966,HBL,1,7,10.0,180.0,1800.0,2024-07-01
2024070101019965,HBL,1,56,26.0,180.0,4680.0,2024-07-01
2024070101019964,HBL,1,32,171.0,180.0,30780.0,2024-07-01
2024070101019963,MFLD85,6,13,50.0,1031.0,51550.0,2024-07-01
2024070104007213,GLH,39,35,100.0,206.0,20600.0,2024-07-01
2024070101019962,HIDCLP,47,58,590.0,97.3,57407.0,2024-07-01
2024070103011888,RLFL,62,3,11.0,422.0,4642.0,2024-07-01
2024070104007212,UMHL,14,45,226.0,234.0,52884.0,2024-07-01
2024070105004587,NTC,26,34,145.0,800.1,116014.5,2024-07-01
2024070101019961,GCIL,58,29,10.0,468.0,4680.0,2024-07-01
2024070101019960,GCIL,49,29,100.0,469.0,46900.0,2024-07-01
2024070101019959,GCIL,13,29,38.0,469.0,17822.0,2024-07-01
2024070101019958,GCIL,34,29,152.0,470.0,71440.0,2024-07-01
2024070101019957,MKJC,29,65,100.0,639.1,63910.0,2024-07-01
2024070103011887,GBLBS,51,61,25.0,765.0,19125.0,2024-07-01
2024070103011886,GBLBS,37,61,95.0,765.0,72675.0,2024-07-01
2024070103011885,GBLBS,13,61,10.0,765.0,7650.0,2024-07-01
2024070103011884,GBLBS,38,61,70.0,765.0,53550.0,2024-07-01
2024070101019956,SBI,74,47,21.0,293.0,6153.0,2024-07-01
2024070101019955,SBI,74,7,11.0,293.0,3223.0,2024-07-01
2024070101019954,SBI,74,22,18.0,293.0,5274.0,2024-07-01
2024070101019953,SBI,74,1,50.0,292.0,14600.0,2024-07-01
2024070101019952,SARBTM,39,63,90.0,780.0,70200.0,2024-07-01
2024070101019951,SARBTM,6,63,10.0,780.1,7801.0,2024-07-01
2024070103011883,GBBL,28,39,500.0,354.4,177200.0,2024-07-01
2024070101019950,BEDC,49,57,382.0,426.0,162732.0,2024-07-01
2024070101019949,BEDC,7,57,118.0,427.0,50386.0,2024-07-01
2024070103011882,PROFL,57,86,20.0,402.9,8058.0,2024-07-01
2024070103011881,NUBL,17,22,190.0,654.0,124260.0,2024-07-01
2024070103011880,NUBL,17,22,60.0,654.0,39240.0,2024-07-01
2024070101019948,SNLI,52,49,10.0,453.5,4535.0,2024-07-01
2024070101019947,SNLI,52,58,10.0,453.5,4535.0,2024-07-01
2024070101019946,SNLI,52,32,10.0,453.5,4535.0,2024-07-01
2024070101019945,SNLI,52,46,10.0,453.0,4530.0,2024-07-01
2024070101019944,SNLI,52,22,40.0,453.0,18120.0,2024-07-01
2024070101019943,SNLI,52,3,10.0,453.0,4530.0,2024-07-01
2024070101019942,SNLI,52,32,10.0,453.0,4530.0,2024-07-01
2024070101019941,SNLI,52,58,10.0,453.0,4530.0,2024-07-01
2024070101019940,SNLI,52,38,10.0,453.0,4530.0,2024-07-01
2024070101019939,SNLI,52,43,30.0,453.0,13590.0,2024-07-01
2024070101019938,SNLI,52,55,10.0,452.0,4520.0,2024-07-01
2024070101019937,SNLI,52,35,180.0,452.0,81360.0,2024-07-01
2024070101019936,SNLI,52,42,10.0,450.1,4501.0,2024-07-01
2024070101019935,NWCL,34,51,200.0,872.0,174400.0,2024-07-01
2024070101019934,NWCL,58,51,170.0,872.0,148240.0,2024-07-01
2024070101019933,NWCL,29,51,20.0,873.0,17460.0,2024-07-01
2024070101019932,NWCL,58,51,47.0,873.1,41035.7,2024-07-01
2024070101019931,NWCL,85,51,10.0,873.6,8736.0,2024-07-01
2024070105004586,NIFRA,33,1,194.0,189.6,36782.4,2024-07-01
2024070105004585,NIFRA,26,1,50.0,189.6,9480.0,2024-07-01
2024070105004584,NIFRA,38,1,50.0,189.7,9485.0,2024-07-01
2024070105004583,NIFRA,34,1,10.0,189.7,1897.0,2024-07-01
2024070105004582,NIFRA,47,1,500.0,189.8,94900.0,2024-07-01
2024070101019930,SARBTM,6,34,40.0,780.1,31204.0,2024-07-01
2024070105004581,HRL,35,60,20.0,537.0,10740.0,2024-07-01
2024070101019929,HDL,77,34,50.0,1147.0,57350.0,2024-07-01
2024070101019928,HDL,77,4,50.0,1147.0,57350.0,2024-07-01
2024070105004580,ENL,45,95,10.0,1038.0,10380.0,2024-07-01
2024070101019927,MFLD85,6,45,10.0,1031.0,10310.0,2024-07-01
2024070101019926,SBI,34,8,100.0,291.0,29100.0,2024-07-01
2024070104007211,API,39,57,30.0,165.5,4965.0,2024-07-01
2024070104007210,RHPL,6,16,290.0,264.0,76560.0,2024-07-01
2024070101019925,MHCL,42,29,230.0,404.9,93127.0,2024-07-01
2024070104007209,HPPL,42,40,171.0,299.8,51265.8,2024-07-01
2024070104007208,HPPL,42,77,500.0,299.0,149500.0,2024-07-01
2024070104007207,HPPL,42,55,100.0,298.0,29800.0,2024-07-01
2024070104007206,HPPL,42,57,1127.0,297.9,335733.3,2024-07-01
2024070104007205,HPPL,42,33,160.0,297.8,47648.0,2024-07-01
2024070104007204,HPPL,42,77,442.0,297.0,131274.0,2024-07-01
2024070101019924,HHL,90,88,40.0,363.5,14540.0,2024-07-01
2024070104007203,SHEL,46,6,100.0,153.0,15300.0,2024-07-01
2024070103011879,MERO,28,38,40.0,680.0,27200.0,2024-07-01
2024070103011878,MERO,28,6,10.0,679.0,6790.0,2024-07-01
2024070103011877,MERO,28,39,50.0,678.0,33900.0,2024-07-01
2024070101019923,MKCL,69,58,10.0,1275.0,12750.0,2024-07-01
2024070101019922,NIMB,14,53,1000.0,156.0,156000.0,2024-07-01
2024070103011876,MPFL,44,37,100.0,509.9,50990.0,2024-07-01
2024070103011875,MPFL,44,14,600.0,509.9,305940.0,2024-07-01
2024070103011874,MPFL,44,65,200.0,509.8,101960.0,2024-07-01
2024070103011873,MPFL,44,57,100.0,509.0,50900.0,2024-07-01
2024070101019921,BHDC,94,38,40.0,570.0,22800.0,2024-07-01
2024070101019920,MEL,34,48,10.0,220.8,2208.0,2024-07-01
2024070105004579,NRN,68,6,367.0,658.1,241522.7,2024-07-01
2024070103011872,CBBL,51,77,77.0,818.0,62986.0,2024-07-01
2024070103011871,CBBL,25,77,20.0,818.0,16360.0,2024-07-01
2024070103011870,CBBL,42,77,24.0,818.0,19632.0,2024-07-01
2024070103011869,CBBL,58,77,10.0,818.0,8180.0,2024-07-01
2024070103011868,CBBL,19,77,75.0,818.0,61350.0,2024-07-01
2024070103011867,CBBL,49,77,10.0,818.0,8180.0,2024-07-01
2024070103011866,CBBL,42,77,64.0,818.0,52352.0,2024-07-01
2024070103011865,CBBL,45,77,10.0,818.0,8180.0,2024-07-01
2024070103011864,CBBL,42,77,10.0,819.0,8190.0,2024-07-01
2024070101019919,MEL,7,52,500.0,220.9,110450.0,2024-07-01
2024070101019918,SARBTM,45,34,10.0,780.1,7801.0,2024-07-01
2024070101019917,HBL,32,32,200.0,180.0,36000.0,2024-07-01
2024070103011863,NICLBSL,62,34,31.0,630.0,19530.0,2024-07-01
2024070101019916,MHCL,29,58,10.0,404.5,4045.0,2024-07-01
2024070104007202,MHNL,58,49,10.0,240.0,2400.0,2024-07-01
2024070103011862,MPFL,13,86,15.0,508.1,7621.5,2024-07-01
2024070103011861,MPFL,49,86,85.0,508.1,43188.5,2024-07-01
2024070101019915,GCIL,34,33,11.0,470.0,5170.0,2024-07-01
2024070101019914,LSL,55,44,331.0,154.0,50974.0,2024-07-01
2024070101019913,NMB,17,54,32.0,191.0,6112.0,2024-07-01
2024070103011860,NFS,34,40,100.0,873.0,87300.0,2024-07-01
2024070103011859,NFS,71,40,50.0,873.0,43650.0,2024-07-01
2024070103011858,NFS,4,40,50.0,873.0,43650.0,2024-07-01
2024070103011857,NFS,28,40,10.0,873.0,8730.0,2024-07-01
2024070101019912,CITY,5,6,10.0,678.0,6780.0,2024-07-01
2024070104007201,BARUN,38,51,500.0,302.5,151250.0,2024-07-01
2024070101019911,NWCL,38,58,15.0,878.0,13170.0,2024-07-01
2024070101019910,MKJC,35,6,20.0,639.2,12784.0,2024-07-01
2024070103011856,ACLBSL,35,43,44.0,1058.9,46591.6,2024-07-01
2024070103011855,ACLBSL,35,34,54.0,1058.0,57132.0,2024-07-01
2024070103011854,ACLBSL,35,14,50.0,1057.8,52890.0,2024-07-01
2024070103011853,ACLBSL,35,68,252.0,1057.0,266364.0,2024-07-01
2024070103011852,GFCL,95,43,218.0,610.0,132980.0,2024-07-01
2024070103011851,GFCL,95,41,200.0,610.0,122000.0,2024-07-01
2024070103011850,GFCL,95,33,50.0,610.0,30500.0,2024-07-01
2024070103011849,GFCL,95,45,32.0,609.0,19488.0,2024-07-01
2024070103011848,GLBSL,7,77,10.0,1746.0,17460.0,2024-07-01
2024070103011847,GLBSL,76,77,20.0,1746.1,34922.0,2024-07-01
2024070101019909,EHPL,62,49,20.0,545.0,10900.0,2024-07-01
2024070103011846,GMFBS,39,26,30.0,1660.0,49800.0,2024-07-01
2024070103011845,GMFBS,39,65,10.0,1660.0,16600.0,2024-07-01
2024070103011844,GMFBS,39,62,92.0,1660.0,152720.0,2024-07-01
2024070103011843,GMFBS,39,35,30.0,1659.0,49770.0,2024-07-01
2024070103011842,GMFBS,39,6,30.0,1658.0,49740.0,2024-07-01
2024070104007200,CHCL,58,45,10.0,431.0,4310.0,2024-07-01
2024070101019908,MMKJL,58,6,270.0,504.9,136323.0,2024-07-01
2024070101019907,MMKJL,58,11,100.0,504.9,50490.0,2024-07-01
2024070101019906,MMKJL,58,6,500.0,504.8,252400.0,2024-07-01
2024070101019905,MMKJL,58,38,50.0,504.0,25200.0,2024-07-01
2024070101019904,MMKJL,58,35,20.0,504.0,10080.0,2024-07-01
2024070101019903,MMKJL,58,49,100.0,504.0,50400.0,2024-07-01
2024070101019902,MMKJL,58,38,10.0,504.0,5040.0,2024-07-01
2024070101019901,MMKJL,58,57,500.0,504.0,252000.0,2024-07-01
2024070101019900,MMKJL,58,45,100.0,504.0,50400.0,2024-07-01
2024070101019899,MMKJL,58,21,10.0,503.8,5038.0,2024-07-01
2024070101019898,MMKJL,58,29,100.0,503.2,50320.0,2024-07-01
2024070101019897,MMKJL,58,26,100.0,503.0,50300.0,2024-07-01
2024070101019896,MMKJL,58,45,100.0,503.0,50300.0,2024-07-01
2024070101019895,MMKJL,58,58,10.0,503.0,5030.0,2024-07-01
2024070101019894,MMKJL,58,6,500.0,502.8,251400.0,2024-07-01
2024070101019893,MMKJL,58,45,490.0,502.8,246372.0,2024-07-01
2024070101019892,MMKJL,58,28,10.0,502.0,5020.0,2024-07-01
2024070101019891,MMKJL,58,21,100.0,502.0,50200.0,2024-07-01
2024070101019890,MMKJL,58,58,10.0,502.0,5020.0,2024-07-01
2024070101019889,MMKJL,58,43,300.0,502.0,150600.0,2024-07-01
2024070101019888,MMKJL,58,58,10.0,500.9,5009.0,2024-07-01
2024070101019887,MMKJL,58,26,100.0,500.8,50080.0,2024-07-01
2024070104007199,SHEL,58,6,380.0,153.0,58140.0,2024-07-01
2024070103011841,ICFC,34,58,300.0,554.0,166200.0,2024-07-01
2024070103011840,ICFC,52,58,190.0,554.0,105260.0,2024-07-01
2024070101019886,SIKLES,46,45,10.0,695.0,6950.0,2024-07-01
2024070103011839,LBBL,60,1,106.0,377.0,39962.0,2024-07-01
2024070103011838,LBBL,60,4,83.0,377.0,31291.0,2024-07-01
2024070103011837,LBBL,60,57,312.0,377.0,117624.0,2024-07-01
2024070103011836,LBBL,60,45,50.0,376.9,18845.0,2024-07-01
2024070103011835,LBBL,60,36,50.0,376.0,18800.0,2024-07-01
2024070103011834,LBBL,60,59,389.0,376.0,146264.0,2024-07-01
2024070103011833,LBBL,60,40,540.0,376.0,203040.0,2024-07-01
2024070103011832,LBBL,60,34,50.0,375.4,18770.0,2024-07-01
2024070103011831,MLBSL,5,38,10.0,1930.0,19300.0,2024-07-01
2024070101019885,NWCL,85,43,100.0,873.6,87360.0,2024-07-01
2024070103011830,SINDU,34,48,100.0,409.0,40900.0,2024-07-01
2024070101019884,HDL,16,56,20.0,1146.7,22934.0,2024-07-01
2024070103011829,GBLBS,38,7,30.0,765.0,22950.0,2024-07-01
2024070103011828,NICLBSL,62,22,226.0,630.0,142380.0,2024-07-01
2024070103011827,GUFL,81,46,90.0,696.9,62721.0,2024-07-01
2024070103011826,GUFL,81,22,10.0,696.9,6969.0,2024-07-01
2024070101019883,RHGCL,4,32,10.0,343.3,3433.0,2024-07-01
2024070101019882,RHGCL,29,32,10.0,344.0,3440.0,2024-07-01
2024070103011825,GFCL,57,45,18.0,609.1,10963.8,2024-07-01
2024070104007198,AHPC,44,45,360.0,150.0,54000.0,2024-07-01
2024070103011824,MERO,42,58,100.0,677.1,67710.0,2024-07-01
2024070101019881,PHCL,21,52,100.0,304.5,30450.0,2024-07-01
2024070103011823,MERO,42,25,120.0,677.1,81252.0,2024-07-01
2024070104007197,SICL,22,39,75.0,679.0,50925.0,2024-07-01
2024070104007196,HURJA,32,57,53.0,269.0,14257.0,2024-07-01
2024070104007195,HURJA,33,57,20.0,269.0,5380.0,2024-07-01
2024070104007194,HURJA,22,57,160.0,269.0,43040.0,2024-07-01
2024070104007193,HURJA,32,57,150.0,269.0,40350.0,2024-07-01
2024070104007192,HURJA,32,57,10.0,269.0,2690.0,2024-07-01
2024070104007191,HURJA,25,57,100.0,269.0,26900.0,2024-07-01
2024070104007190,HURJA,57,57,271.0,269.0,72899.0,2024-07-01
2024070104007189,HURJA,22,57,100.0,269.5,26950.0,2024-07-01
2024070104007188,HURJA,36,57,100.0,269.5,26950.0,2024-07-01
2024070104007187,HURJA,6,57,36.0,269.5,9702.0,2024-07-01
2024070101019880,EHPL,7,49,25.0,545.0,13625.0,2024-07-01
2024070101019879,LSL,6,44,20.0,154.0,3080.0,2024-07-01
2024070101019878,TVCL,7,46,290.0,491.0,142390.0,2024-07-01
2024070101019877,TVCL,7,67,500.0,490.9,245450.0,2024-07-01
2024070101019876,TVCL,7,89,10.0,490.9,4909.0,2024-07-01
2024070101019875,TVCL,7,44,100.0,490.0,49000.0,2024-07-01
2024070101019874,TVCL,7,8,80.0,490.0,39200.0,2024-07-01
2024070101019873,TVCL,7,52,20.0,489.0,9780.0,2024-07-01
2024070104007186,GLH,39,32,10.0,206.0,2060.0,2024-07-01
2024070104007185,JOSHI,29,66,10.0,284.0,2840.0,2024-07-01
2024070103011822,PROFL,32,32,50.0,402.0,20100.0,2024-07-01
2024070101019872,GCIL,34,45,100.0,470.0,47000.0,2024-07-01
2024070101019871,SPL,58,45,30.0,750.3,22509.0,2024-07-01
2024070101019870,BEDC,58,16,100.0,428.0,42800.0,2024-07-01
2024070101019869,RNLI,36,58,11.0,421.1,4632.1,2024-07-01
2024070101019868,SGHC,53,47,50.0,334.0,16700.0,2024-07-01
2024070103011821,NMBMF,42,17,10.0,687.9,6879.0,2024-07-01
2024070103011820,SHINE,60,42,22.0,376.9,8291.8,2024-07-01
2024070101019867,PHCL,55,74,10.0,304.1,3041.0,2024-07-01
2024070101019866,UNLB,74,6,10.0,1988.0,19880.0,2024-07-01
2024070101019865,GVL,66,49,10.0,587.9,5879.0,2024-07-01
2024070101019864,MHL,84,66,105.0,538.0,56490.0,2024-07-01
2024070101019863,MHL,66,66,95.0,538.0,51110.0,2024-07-01
2024070101019862,PRVU,33,54,10.0,144.2,1442.0,2024-07-01
2024070101019861,MEHL,43,54,10.0,343.0,3430.0,2024-07-01
2024070104007184,SSHL,58,44,200.0,170.0,34000.0,2024-07-01
2024070104007183,AHPC,43,45,10.0,150.1,1501.0,2024-07-01
2024070105004578,HIDCL,21,43,37.0,160.2,5927.4,2024-07-01
2024070105004577,HIDCL,42,43,100.0,160.2,16020.0,2024-07-01
2024070105004576,HIDCL,47,43,200.0,160.3,32060.0,2024-07-01
2024070105004575,HIDCL,41,43,163.0,160.3,26128.9,2024-07-01
2024070103011819,JBBL,35,33,77.0,285.0,21945.0,2024-07-01
2024070103011818,KSBBL,16,28,30.0,370.0,11100.0,2024-07-01
2024070101019860,PHCL,55,45,10.0,304.1,3041.0,2024-07-01
2024070101019859,SAMAJ,58,21,10.0,2599.0,25990.0,2024-07-01
2024070101019858,HBL,45,25,100.0,179.5,17950.0,2024-07-01
2024070101019857,SAMAJ,58,34,15.0,2580.0,38700.0,2024-07-01
2024070101019856,SNLI,39,41,100.0,450.0,45000.0,2024-07-01
2024070104007182,MEN,55,58,15.0,575.0,8625.0,2024-07-01
2024070104007181,PRIN,8,35,200.0,764.0,152800.0,2024-07-01
2024070104007180,PRIN,8,21,200.0,763.0,152600.0,2024-07-01
2024070104007179,PRIN,8,21,100.0,763.0,76300.0,2024-07-01
2024070101019855,SCB,49,40,50.0,561.9,28095.0,2024-07-01
2024070105004574,NRN,52,35,59.0,660.0,38940.0,2024-07-01
2024070105004573,NRN,52,32,100.0,660.0,66000.0,2024-07-01
2024070105004572,NRN,52,5,20.0,660.0,13200.0,2024-07-01
2024070105004571,NRN,52,25,50.0,660.0,33000.0,2024-07-01
2024070105004570,NRN,52,57,200.0,660.0,132000.0,2024-07-01
2024070105004569,NRN,52,44,71.0,660.0,46860.0,2024-07-01
2024070104007178,MEN,52,58,200.0,575.0,115000.0,2024-07-01
2024070103011817,HLI,1,58,10.0,372.6,3726.0,2024-07-01
2024070103011816,HLI,1,74,286.0,372.6,106563.6,2024-07-01
2024070103011815,SLBBL,18,16,55.0,798.0,43890.0,2024-07-01
2024070103011814,SLBBL,18,50,50.0,798.0,39900.0,2024-07-01
2024070101019854,MKHL,80,13,210.0,478.0,100380.0,2024-07-01
2024070101019853,MKHL,56,13,140.0,478.0,66920.0,2024-07-01
2024070101019852,MKHL,51,13,50.0,478.1,23905.0,2024-07-01
2024070103011813,PFL,58,38,476.0,598.0,284648.0,2024-07-01
2024070103011812,PFL,14,38,50.0,598.0,29900.0,2024-07-01
2024070103011811,PFL,28,38,100.0,598.0,59800.0,2024-07-01
2024070103011810,PFL,3,38,30.0,598.0,17940.0,2024-07-01
2024070103011809,PFL,82,38,57.0,598.0,34086.0,2024-07-01
2024070101019851,CITY,34,6,250.0,678.0,169500.0,2024-07-01
2024070101019850,HATHY,45,35,2.0,899.8,1799.6,2024-07-01
2024070103011808,HLI,35,74,150.0,372.6,55890.0,2024-07-01
2024070105004568,HRL,75,35,10.0,538.0,5380.0,2024-07-01
2024070101019849,NMB,14,4,10.0,190.0,1900.0,2024-07-01
2024070101019848,HDL,32,45,5.0,1147.0,5735.0,2024-07-01
2024070104007177,RADHI,16,45,100.0,253.0,25300.0,2024-07-01
2024070101019847,MLBS,58,45,11.0,1342.0,14762.0,2024-07-01
2024070103011807,SJLIC,38,42,100.0,402.6,40260.0,2024-07-01
2024070104007176,HDHPC,57,14,162.0,125.0,20250.0,2024-07-01
2024070104007175,HDHPC,6,14,100.0,125.0,12500.0,2024-07-01
2024070104007174,HDHPC,41,14,238.0,125.0,29750.0,2024-07-01
2024070103011806,JFL,71,34,20.0,606.1,12122.0,2024-07-01
2024070104007173,SHPC,28,44,200.0,318.8,63760.0,2024-07-01
2024070104007172,SHPC,28,39,31.0,318.8,9882.8,2024-07-01
2024070104007171,PMHPL,41,53,10.0,226.0,2260.0,2024-07-01
2024070101019846,NICA,50,57,28.0,400.0,11200.0,2024-07-01
2024070101019845,NRM,45,57,395.0,388.0,153260.0,2024-07-01
2024070101019844,NRM,50,57,200.0,388.1,77620.0,2024-07-01
2024070103011805,PROFL,32,51,240.0,402.0,96480.0,2024-07-01
2024070103011804,MPFL,49,19,100.0,508.1,50810.0,2024-07-01
2024070101019843,SBL,5,38,490.0,242.3,118727.0,2024-07-01
2024070101019842,SBL,36,38,10.0,242.3,2423.0,2024-07-01
2024070103011803,ACLBSL,35,68,58.0,1057.0,61306.0,2024-07-01
2024070103011802,ACLBSL,35,36,280.0,1056.9,295932.0,2024-07-01
2024070103011801,ACLBSL,35,1,62.0,1056.8,65521.6,2024-07-01
2024070103011800,GILB,62,41,10.0,1361.6,13616.0,2024-07-01
2024070105004567,HRL,5,29,5.0,537.0,2685.0,2024-07-01
2024070105004566,HRL,5,39,20.0,537.0,10740.0,2024-07-01
2024070105004565,NRN,7,58,1000.0,658.2,658200.0,2024-07-01
2024070103011799,GMFIL,25,25,10.0,434.0,4340.0,2024-07-01
2024070103011798,GMFIL,25,16,20.0,433.0,8660.0,2024-07-01
2024070103011797,GMFIL,25,59,10.0,432.0,4320.0,2024-07-01
2024070104007170,NGPL,17,81,200.0,305.0,61000.0,2024-07-01
2024070103011796,MFIL,57,58,159.0,530.0,84270.0,2024-07-01
2024070101019841,UHEWA,56,52,10.0,476.0,4760.0,2024-07-01
2024070103011795,JBBL,38,33,23.0,285.0,6555.0,2024-07-01
2024070103011794,JBBL,38,58,25.0,285.0,7125.0,2024-07-01
2024070101019840,BHPL,35,34,110.0,655.0,72050.0,2024-07-01
2024070101019839,BHPL,35,32,180.0,655.0,117900.0,2024-07-01
2024070101019838,BHPL,35,11,200.0,651.0,130200.0,2024-07-01
2024070101019837,BHPL,35,18,10.0,650.0,6500.0,2024-07-01
2024070101019836,BHPL,35,52,10.0,650.0,6500.0,2024-07-01
2024070101019835,BHPL,35,45,10.0,650.0,6500.0,2024-07-01
2024070101019834,BHPL,35,34,10.0,649.0,6490.0,2024-07-01
2024070101019833,BHPL,35,56,10.0,647.0,6470.0,2024-07-01
2024070101019832,BHPL,35,21,10.0,647.0,6470.0,2024-07-01
2024070101019831,BHPL,35,35,10.0,647.0,6470.0,2024-07-01
2024070101019830,BHPL,35,52,10.0,647.0,6470.0,2024-07-01
2024070101019829,BHPL,35,74,30.0,647.0,19410.0,2024-07-01
2024070101019828,KDL,7,72,150.0,1178.9,176835.0,2024-07-01
2024070101019827,SMJC,14,4,100.0,400.0,40000.0,2024-07-01
2024070101019826,NWCL,65,58,30.0,878.0,26340.0,2024-07-01
2024070101019825,NWCL,65,38,100.0,877.9,87790.0,2024-07-01
2024070101019824,NWCL,65,51,110.0,877.7,96547.0,2024-07-01
2024070101019823,NWCL,65,32,10.0,876.0,8760.0,2024-07-01
2024070101019822,NWCL,65,44,100.0,875.0,87500.0,2024-07-01
2024070103011793,SINDU,1,59,25.0,409.0,10225.0,2024-07-01
2024070101019821,MKHC,34,45,33.0,324.5,10708.5,2024-07-01
2024070101019820,MKHC,56,45,70.0,324.6,22722.0,2024-07-01
2024070101019819,IHL,21,48,88.0,427.0,37576.0,2024-07-01
2024070101019818,IHL,21,48,13.0,427.0,5551.0,2024-07-01
2024070101019817,IHL,21,40,10.0,425.0,4250.0,2024-07-01
2024070101019816,IHL,21,48,89.0,425.0,37825.0,2024-07-01
2024070101019815,SMJC,14,45,200.0,400.0,80000.0,2024-07-01
2024070103011792,RSDC,45,29,10.0,649.9,6499.0,2024-07-01
2024070103011791,RSDC,45,34,50.0,649.8,32490.0,2024-07-01
2024070101019814,PCBL,58,35,10.0,195.8,1958.0,2024-07-01
2024070103011790,NMFBS,81,26,90.0,1270.0,114300.0,2024-07-01
2024070103011789,NMFBS,56,26,10.0,1270.1,12701.0,2024-07-01
2024070101019813,NMB,14,45,120.0,190.0,22800.0,2024-07-01
2024070101019812,NMB,14,48,90.0,190.0,17100.0,2024-07-01
2024070101019811,NMB,14,20,200.0,189.9,37980.0,2024-07-01
2024070103011788,NFS,28,34,200.0,873.0,174600.0,2024-07-01
2024070105004564,NIFRA,17,74,436.0,190.0,82840.0,2024-07-01
2024070105004563,NIFRA,17,25,64.0,190.0,12160.0,2024-07-01
2024070103011787,CORBL,44,14,50.0,550.0,27500.0,2024-07-01
2024070103011786,CORBL,44,45,50.0,545.0,27250.0,2024-07-01
2024070103011785,USLB,96,58,10.0,1820.0,18200.0,2024-07-01
2024070104007169,SHL,45,43,100.0,422.2,42220.0,2024-07-01
2024070101019810,MANDU,65,19,220.0,1075.0,236500.0,2024-07-01
2024070104007168,UMHL,14,13,300.0,234.0,70200.0,2024-07-01
2024070105004562,CIT,16,6,46.0,2058.1,94672.6,2024-07-01
2024070105004561,CIT,52,6,100.0,2058.1,205810.0,2024-07-01
2024070105004560,CIT,14,6,50.0,2059.0,102950.0,2024-07-01
2024070105004559,CIT,44,6,15.0,2059.0,30885.0,2024-07-01
2024070105004558,CIT,32,6,38.0,2059.0,78242.0,2024-07-01
2024070105004557,CIT,43,6,20.0,2059.1,41182.0,2024-07-01
2024070105004556,CIT,10,6,11.0,2060.0,22660.0,2024-07-01
2024070105004555,CIT,22,6,10.0,2060.0,20600.0,2024-07-01
2024070105004554,CIT,48,6,20.0,2060.0,41200.0,2024-07-01
2024070105004553,CIT,59,6,50.0,2060.0,103000.0,2024-07-01
2024070101019809,NBL,56,7,115.0,205.0,23575.0,2024-07-01
2024070101019808,NBL,54,7,360.0,205.2,73872.0,2024-07-01
2024070101019807,NBL,40,7,500.0,205.2,102600.0,2024-07-01
2024070101019806,NBL,35,7,25.0,205.2,5130.0,2024-07-01
2024070104007167,MEN,81,58,500.0,575.0,287500.0,2024-07-01
2024070101019805,ULHC,36,57,10.0,392.0,3920.0,2024-07-01
2024070101019804,RHGCL,32,38,190.0,349.0,66310.0,2024-07-01
2024070101019803,RHGCL,32,42,10.0,349.0,3490.0,2024-07-01
2024070101019802,RHGCL,32,84,10.0,349.0,3490.0,2024-07-01
2024070101019801,RHGCL,32,26,200.0,349.0,69800.0,2024-07-01
2024070101019800,RHGCL,32,60,10.0,348.9,3489.0,2024-07-01
2024070101019799,RHGCL,32,17,50.0,348.9,17445.0,2024-07-01
2024070101019798,RHGCL,32,19,100.0,348.0,34800.0,2024-07-01
2024070101019797,RHGCL,32,57,100.0,348.0,34800.0,2024-07-01
2024070101019796,RHGCL,32,29,30.0,348.0,10440.0,2024-07-01
2024070101019795,RHGCL,32,42,10.0,348.0,3480.0,2024-07-01
2024070101019794,RHGCL,32,22,10.0,348.0,3480.0,2024-07-01
2024070101019793,RHGCL,32,48,10.0,348.0,3480.0,2024-07-01
2024070101019792,RHGCL,32,45,100.0,348.0,34800.0,2024-07-01
2024070101019791,RHGCL,32,45,10.0,347.0,3470.0,2024-07-01
2024070101019790,RHGCL,32,34,500.0,347.0,173500.0,2024-07-01
2024070101019789,RHGCL,32,57,100.0,347.0,34700.0,2024-07-01
2024070101019788,RHGCL,32,26,10.0,347.0,3470.0,2024-07-01
2024070101019787,RHGCL,32,87,40.0,347.0,13880.0,2024-07-01
2024070101019786,RHGCL,32,17,10.0,346.9,3469.0,2024-07-01
2024070101019785,SIKLES,35,34,595.0,698.7,415726.5,2024-07-01
2024070101019784,SIKLES,35,56,10.0,698.6,6986.0,2024-07-01
2024070101019783,SIKLES,35,6,30.0,698.0,20940.0,2024-07-01
2024070101019782,SIKLES,35,58,10.0,698.0,6980.0,2024-07-01
2024070101019781,SIKLES,35,21,10.0,698.0,6980.0,2024-07-01
2024070101019780,SIKLES,35,80,180.0,697.0,125460.0,2024-07-01
2024070101019779,SIKLES,35,56,10.0,696.0,6960.0,2024-07-01
2024070101019778,SIKLES,35,80,100.0,696.0,69600.0,2024-07-01
2024070101019777,SIKLES,35,38,10.0,695.0,6950.0,2024-07-01
2024070101019776,SIKLES,35,58,10.0,695.0,6950.0,2024-07-01
2024070101019775,SIKLES,35,7,35.0,695.0,24325.0,2024-07-01
2024070104007166,SHEL,21,6,500.0,153.0,76500.0,2024-07-01
2024070105004552,BBC,48,45,15.0,3921.0,58815.0,2024-07-01
2024070101019774,SARBTM,39,63,200.0,780.0,156000.0,2024-07-01
2024070104007165,API,58,57,120.0,165.5,19860.0,2024-07-01
2024070101019773,IHL,26,48,100.0,425.0,42500.0,2024-07-01
2024070101019772,MKJC,29,26,300.0,639.1,191730.0,2024-07-01
2024070101019771,MAKAR,69,55,100.0,459.0,45900.0,2024-07-01
2024070104007164,UMRH,1,34,95.0,441.9,41980.5,2024-07-01
2024070104007163,UMRH,42,34,405.0,441.9,178969.5,2024-07-01
2024070101019770,SMJC,55,34,10.0,401.9,4019.0,2024-07-01
2024070105004551,HIDCL,41,68,1513.0,160.3,242533.9,2024-07-01
2024070105004550,HIDCL,42,68,925.0,160.4,148370.0,2024-07-01
2024070105004549,HIDCL,50,68,19.0,160.5,3049.5,2024-07-01
2024070101019769,BGWT,65,57,50.0,918.0,45900.0,2024-07-01
2024070101019768,KBL,51,38,1965.0,138.0,271170.0,2024-07-01
2024070101019767,KBL,51,32,2635.0,138.0,363630.0,2024-07-01
2024070101019766,KBL,51,50,400.0,137.9,55160.0,2024-07-01
2024070104007162,BARUN,38,1,100.0,302.5,30250.0,2024-07-01
2024070105004548,HRL,5,38,244.0,537.0,131028.0,2024-07-01
2024070105004547,HRL,25,38,356.0,537.0,191172.0,2024-07-01
2024070104007161,HURJA,36,4,300.0,270.0,81000.0,2024-07-01
2024070101019765,MANDU,65,4,10.0,1075.0,10750.0,2024-07-01
2024070101019764,MAKAR,4,55,10.0,459.0,4590.0,2024-07-01
2024070101019763,SONA,56,21,10.0,434.1,4341.0,2024-07-01
2024070101019762,SHIVM,56,25,280.0,474.1,132748.0,2024-07-01
2024070104007160,NICL,58,32,264.0,826.5,218196.0,2024-07-01
2024070104007159,NICL,58,44,100.0,826.5,82650.0,2024-07-01
2024070104007158,NICL,58,1,76.0,826.5,62814.0,2024-07-01
2024070104007157,NICL,58,34,160.0,826.4,132224.0,2024-07-01
2024070101019761,SANIMA,58,17,203.0,246.0,49938.0,2024-07-01
2024070103011784,NICLBSL,56,57,100.0,629.1,62910.0,2024-07-01
2024070103011783,MPFL,49,57,15.0,508.1,7621.5,2024-07-01
2024070101019760,NICA,50,50,300.0,400.0,120000.0,2024-07-01
2024070101019759,AHL,18,8,10.0,510.0,5100.0,2024-07-01
2024070101019758,AHL,18,45,90.0,506.0,45540.0,2024-07-01
2024070103011782,KMCDB,62,38,38.0,1080.0,41040.0,2024-07-01
2024070103011781,KMCDB,62,4,100.0,1080.0,108000.0,2024-07-01
2024070103011780,KMCDB,62,57,150.0,1080.0,162000.0,2024-07-01
2024070103011779,KMCDB,62,67,94.0,1079.8,101501.2,2024-07-01
2024070103011778,KMCDB,62,45,200.0,1079.0,215800.0,2024-07-01
2024070103011777,KMCDB,62,61,400.0,1078.0,431200.0,2024-07-01
2024070103011776,KMCDB,62,61,400.0,1078.0,431200.0,2024-07-01
2024070103011775,KMCDB,62,33,100.0,1076.0,107600.0,2024-07-01
2024070103011774,KMCDB,62,56,214.0,1076.0,230264.0,2024-07-01
2024070103011773,KMCDB,62,45,41.0,1075.9,44111.9,2024-07-01
2024070103011772,KMCDB,62,46,90.0,1075.9,96831.0,2024-07-01
2024070103011771,KMCDB,62,34,100.0,1075.0,107500.0,2024-07-01
2024070103011770,KMCDB,62,57,73.0,1074.0,78402.0,2024-07-01
2024070101019757,CZBIL,39,34,500.0,166.1,83050.0,2024-07-01
2024070103011769,JFL,71,32,100.0,606.1,60610.0,2024-07-01
2024070103011768,EDBL,14,49,10.0,384.8,3848.0,2024-07-01
2024070101019756,NICA,50,33,190.0,400.0,76000.0,2024-07-01
2024070101019755,NICA,62,33,110.0,400.2,44022.0,2024-07-01
2024070104007156,UMRH,34,42,100.0,442.0,44200.0,2024-07-01
2024070104007155,UMRH,34,44,200.0,442.0,88400.0,2024-07-01
2024070104007154,UMRH,34,44,200.0,442.0,88400.0,2024-07-01
2024070104007153,UMRH,34,34,500.0,442.0,221000.0,2024-07-01
2024070103011767,MFIL,41,58,25.0,530.0,13250.0,2024-07-01
2024070101019754,CYCL,55,54,10.0,1470.0,14700.0,2024-07-01
2024070101019753,SHIVM,56,53,460.0,474.1,218086.0,2024-07-01
2024070101019752,SHIVM,41,53,40.0,474.2,18968.0,2024-07-01
2024070101019751,UHEWA,52,17,300.0,475.2,142560.0,2024-07-01
2024070105004546,PSF,26,17,100.0,9.08,908.0,2024-07-01
2024070103011766,NICLBSL,53,22,20.0,630.0,12600.0,2024-07-01
2024070101019750,DOLTI,17,57,10.0,428.0,4280.0,2024-07-01
2024070104007152,NGPL,4,22,90.0,304.2,27378.0,2024-07-01
2024070104007151,NGPL,42,22,10.0,304.5,3045.0,2024-07-01
2024070101019749,MANDU,65,72,450.0,1075.0,483750.0,2024-07-01
2024070101019748,TPC,44,94,10.0,520.0,5200.0,2024-07-01
2024070105004545,SLCF,41,13,200.0,8.1,1620.0,2024-07-01
2024070101019747,MMKJL,58,58,10.0,500.0,5000.0,2024-07-01
2024070101019746,MMKJL,58,58,10.0,500.0,5000.0,2024-07-01
2024070101019745,MMKJL,58,43,10.0,500.0,5000.0,2024-07-01
2024070101019744,MMKJL,58,4,10.0,500.0,5000.0,2024-07-01
2024070101019743,MMKJL,58,32,10.0,500.0,5000.0,2024-07-01
2024070101019742,MMKJL,58,34,100.0,500.0,50000.0,2024-07-01
2024070101019741,MMKJL,58,29,500.0,500.0,250000.0,2024-07-01
2024070101019740,MMKJL,58,58,10.0,500.0,5000.0,2024-07-01
2024070101019739,MMKJL,58,67,10.0,500.0,5000.0,2024-07-01
2024070101019738,MMKJL,58,49,20.0,499.9,9998.0,2024-07-01
2024070101019737,MMKJL,58,49,250.0,499.9,124975.0,2024-07-01
2024070101019736,MMKJL,58,8,200.0,499.9,99980.0,2024-07-01
2024070101019735,MMKJL,58,26,100.0,499.8,49980.0,2024-07-01
2024070101019734,MMKJL,58,82,1000.0,499.7,499700.0,2024-07-01
2024070101019733,MMKJL,58,34,10.0,499.0,4990.0,2024-07-01
2024070101019732,MMKJL,58,21,40.0,498.2,19928.0,2024-07-01
2024070101019731,MMKJL,58,4,550.0,498.0,273900.0,2024-07-01
2024070101019730,MMKJL,58,66,10.0,498.0,4980.0,2024-07-01
2024070101019729,MMKJL,58,58,10.0,498.0,4980.0,2024-07-01
2024070101019728,MMKJL,58,43,40.0,497.6,19904.0,2024-07-01
2024070101019727,MMKJL,58,65,1090.0,497.0,541730.0,2024-07-01
2024070101019726,MMKJL,58,34,70.0,497.0,34790.0,2024-07-01
2024070101019725,MMKJL,58,49,90.0,497.0,44730.0,2024-07-01
2024070101019724,MMKJL,58,38,710.0,496.0,352160.0,2024-07-01
2024070104007150,BARUN,58,40,10.0,303.0,3030.0,2024-07-01
2024070105004544,CHDC,69,29,10.0,998.0,9980.0,2024-07-01
2024070104007149,LEC,17,42,50.0,177.0,8850.0,2024-07-01
2024070105004543,NIFRA,38,21,50.0,190.0,9500.0,2024-07-01
2024070101019723,NIBLSTF,19,4,200.0,8.38,1676.0,2024-07-01
2024070103011765,ACLBSL,35,1,38.0,1056.8,40158.4,2024-07-01
2024070103011764,ACLBSL,35,41,25.0,1056.0,26400.0,2024-07-01
2024070103011763,ACLBSL,35,58,60.0,1056.0,63360.0,2024-07-01
2024070103011762,ACLBSL,35,57,20.0,1055.0,21100.0,2024-07-01
2024070103011761,ACLBSL,35,17,21.0,1055.0,22155.0,2024-07-01
2024070103011760,ACLBSL,35,95,10.0,1054.9,10549.0,2024-07-01
2024070103011759,ACLBSL,35,37,150.0,1054.0,158100.0,2024-07-01
2024070103011758,ACLBSL,35,35,63.0,1054.0,66402.0,2024-07-01
2024070103011757,ACLBSL,35,39,13.0,1054.0,13702.0,2024-07-01
2024070101019722,MKCL,69,58,15.0,1275.0,19125.0,2024-07-01
2024070101019721,MKCL,69,41,75.0,1274.0,95550.0,2024-07-01
2024070101019720,MKCL,69,3,10.0,1257.0,12570.0,2024-07-01
2024070103011756,PFL,36,17,100.0,599.0,59900.0,2024-07-01
2024070101019719,DORDI,95,49,19.0,473.3,8992.7,2024-07-01
2024070104007148,PMHPL,45,52,490.0,224.0,109760.0,2024-07-01
2024070104007147,PMHPL,49,52,100.0,224.0,22400.0,2024-07-01
2024070104007146,PMHPL,70,52,400.0,224.5,89800.0,2024-07-01
2024070104007145,PMHPL,17,52,110.0,224.5,24695.0,2024-07-01
2024070103011755,PROFL,32,48,50.0,402.0,20100.0,2024-07-01
2024070104007144,GLH,39,65,250.0,206.0,51500.0,2024-07-01
2024070104007143,GLH,35,65,100.0,206.0,20600.0,2024-07-01
2024070104007142,GLH,51,65,600.0,206.0,123600.0,2024-07-01
2024070104007141,GLH,53,65,20.0,206.0,4120.0,2024-07-01
2024070104007140,GLH,38,65,30.0,206.0,6180.0,2024-07-01
2024070104007139,PPCL,58,32,700.0,233.9,163730.0,2024-07-01
2024070101019718,NRM,32,70,10.0,389.9,3899.0,2024-07-01
2024070105004542,HRL,25,45,31.0,537.0,16647.0,2024-07-01
2024070101019717,PPL,58,41,50.0,455.0,22750.0,2024-07-01
2024070103011754,LBBL,49,34,50.0,375.4,18770.0,2024-07-01
2024070101019716,SANIMA,17,17,25.0,246.0,6150.0,2024-07-01
2024070104007138,SICL,40,39,75.0,679.0,50925.0,2024-07-01
2024070101019715,SGHC,53,49,10.0,334.0,3340.0,2024-07-01
2024070103011753,SMFBS,17,5,30.0,1425.1,42753.0,2024-07-01
2024070101019714,GBIME,18,57,331.0,173.9,57560.9,2024-07-01
2024070103011752,NLIC,44,38,25.0,571.4,14285.0,2024-07-01
2024070103011751,KMCDB,36,62,25.0,1039.1,25977.5,2024-07-01
2024070103011750,KMCDB,37,62,20.0,1040.0,20800.0,2024-07-01
2024070103011749,KMCDB,26,62,10.0,1040.0,10400.0,2024-07-01
2024070103011748,KMCDB,1,62,200.0,1040.0,208000.0,2024-07-01
2024070103011747,KMCDB,6,62,25.0,1041.0,26025.0,2024-07-01
2024070103011746,KMCDB,47,62,50.0,1041.0,52050.0,2024-07-01
2024070103011745,KMCDB,5,62,30.0,1042.8,31284.0,2024-07-01
2024070103011744,KMCDB,62,62,100.0,1045.0,104500.0,2024-07-01
2024070103011743,KMCDB,45,62,100.0,1048.0,104800.0,2024-07-01
2024070103011742,KMCDB,26,62,50.0,1048.0,52400.0,2024-07-01
2024070103011741,KMCDB,59,62,100.0,1050.0,105000.0,2024-07-01
2024070103011740,KMCDB,6,62,21.0,1050.0,22050.0,2024-07-01
2024070103011739,KMCDB,17,62,10.0,1050.0,10500.0,2024-07-01
2024070103011738,KMCDB,47,62,500.0,1050.0,525000.0,2024-07-01
2024070103011737,KMCDB,71,62,400.0,1053.0,421200.0,2024-07-01
2024070103011736,KMCDB,59,62,170.0,1058.0,179860.0,2024-07-01
2024070103011735,KMCDB,70,62,100.0,1058.0,105800.0,2024-07-01
2024070103011734,KMCDB,53,62,10.0,1060.0,10600.0,2024-07-01
2024070103011733,KMCDB,41,62,30.0,1060.0,31800.0,2024-07-01
2024070103011732,KMCDB,25,62,50.0,1060.0,53000.0,2024-07-01
2024070103011731,KMCDB,76,62,20.0,1060.5,21210.0,2024-07-01
2024070101019713,SARBTM,42,22,100.0,781.8,78180.0,2024-07-01
2024070101019712,SAMAJ,58,41,10.0,2580.0,25800.0,2024-07-01
2024070101019711,SAMAJ,58,38,10.0,2580.0,25800.0,2024-07-01
2024070101019710,SAMAJ,58,21,50.0,2580.0,129000.0,2024-07-01
2024070101019709,SAMAJ,58,42,10.0,2550.0,25500.0,2024-07-01
2024070101019708,SAMAJ,58,25,10.0,2550.0,25500.0,2024-07-01
2024070101019707,SAMAJ,58,33,10.0,2545.0,25450.0,2024-07-01
2024070101019706,ULHC,58,57,50.0,392.0,19600.0,2024-07-01
2024070101019705,ULHC,41,57,190.0,392.0,74480.0,2024-07-01
2024070101019704,ULHC,41,45,10.0,391.0,3910.0,2024-07-01
2024070104007137,SSHL,58,57,100.0,170.0,17000.0,2024-07-01
2024070103011730,SAPDBL,53,51,10.0,364.9,3649.0,2024-07-01
2024070104007136,SHEL,44,6,300.0,153.0,45900.0,2024-07-01
2024070104007135,SHEL,34,6,1000.0,153.0,153000.0,2024-07-01
2024070104007134,SHEL,33,6,90.0,153.0,13770.0,2024-07-01
2024070103011729,GMFBS,62,35,20.0,1659.0,33180.0,2024-07-01
2024070101019703,CKHL,14,29,50.0,608.9,30445.0,2024-07-01
2024070101019702,RHGCL,4,47,207.0,343.3,71063.1,2024-07-01
2024070101019701,RHGCL,45,47,50.0,345.0,17250.0,2024-07-01
2024070103011728,NLICL,21,58,160.0,533.5,85360.0,2024-07-01
2024070103011727,NLICL,21,38,90.0,533.0,47970.0,2024-07-01
2024070101019700,SNLI,58,21,10.0,450.0,4500.0,2024-07-01
2024070103011726,NICLBSL,53,3,110.0,630.0,69300.0,2024-07-01
2024070101019699,MKJC,29,54,200.0,639.1,127820.0,2024-07-01
2024070104007133,UMRH,38,34,200.0,442.0,88400.0,2024-07-01
2024070101019698,PHCL,55,38,10.0,304.1,3041.0,2024-07-01
2024070101019697,EHPL,7,10,30.0,545.0,16350.0,2024-07-01
2024070101019696,EHPL,7,56,25.0,544.9,13622.5,2024-07-01
2024070101019695,EHPL,7,34,20.0,544.9,10898.0,2024-07-01
2024070101019694,SARBTM,56,63,100.0,780.2,78020.0,2024-07-01
2024070103011725,SDLBSL,65,16,24.0,1077.1,25850.4,2024-07-01
2024070103011724,SDLBSL,95,16,50.0,1080.0,54000.0,2024-07-01
2024070103011723,SDLBSL,44,16,73.0,1080.2,78854.6,2024-07-01
2024070103011722,SDLBSL,62,16,20.0,1081.0,21620.0,2024-07-01
2024070103011721,SDLBSL,49,16,33.0,1081.0,35673.0,2024-07-01
2024070101019693,MKCL,65,3,80.0,1257.0,100560.0,2024-07-01
2024070101019692,HHL,26,35,10.0,363.0,3630.0,2024-07-01
2024070104007132,UMHL,58,45,100.0,234.1,23410.0,2024-07-01
2024070104007131,UMHL,45,45,340.0,234.1,79594.0,2024-07-01
2024070104007130,UMHL,55,45,102.0,234.1,23878.2,2024-07-01
2024070104007129,MEN,66,58,100.0,575.0,57500.0,2024-07-01
2024070104007128,SPDL,17,3,16.0,234.0,3744.0,2024-07-01
2024070101019691,MKJC,29,54,100.0,639.1,63910.0,2024-07-01
2024070101019690,CLI,38,21,200.0,478.0,95600.0,2024-07-01
2024070101019689,DORDI,95,19,150.0,473.3,70995.0,2024-07-01
2024070101019688,SMJC,63,4,200.0,400.0,80000.0,2024-07-01
2024070101019687,PRVU,26,29,100.0,143.0,14300.0,2024-07-01
2024070103011720,MFIL,58,32,45.0,529.0,23805.0,2024-07-01
2024070103011719,MFIL,34,32,83.0,529.3,43931.9,2024-07-01
2024070104007127,SPDL,21,3,80.0,234.0,18720.0,2024-07-01
2024070105004541,HRL,25,35,31.0,537.0,16647.0,2024-07-01
2024070101019686,SIKLES,35,7,465.0,695.0,323175.0,2024-07-01
2024070101019685,SIKLES,35,7,20.0,695.0,13900.0,2024-07-01
2024070101019684,SIKLES,35,66,100.0,693.0,69300.0,2024-07-01
2024070101019683,SIKLES,35,66,300.0,692.0,207600.0,2024-07-01
2024070101019682,SIKLES,35,66,100.0,692.0,69200.0,2024-07-01
2024070101019681,SIKLES,35,66,75.0,691.0,51825.0,2024-07-01
2024070101019680,SIKLES,35,47,500.0,690.0,345000.0,2024-07-01
2024070101019679,SIKLES,35,7,10.0,688.0,6880.0,2024-07-01
2024070101019678,SIKLES,35,67,100.0,688.0,68800.0,2024-07-01
2024070101019677,SIKLES,35,33,330.0,688.0,227040.0,2024-07-01
2024070104007126,MEN,86,58,200.0,575.0,115000.0,2024-07-01
2024070104007125,MEN,86,11,100.0,574.9,57490.0,2024-07-01
2024070103011718,GFCL,57,26,282.0,609.1,171766.2,2024-07-01
2024070103011717,GFCL,45,26,100.0,610.0,61000.0,2024-07-01
2024070103011716,GFCL,95,26,118.0,610.0,71980.0,2024-07-01
2024070103011715,GFCL,41,26,500.0,611.0,305500.0,2024-07-01
2024070104007124,PMHPL,58,14,200.0,224.6,44920.0,2024-07-01
2024070103011714,SAPDBL,58,21,10.0,365.0,3650.0,2024-07-01
2024070104007123,AHPC,17,45,100.0,150.1,15010.0,2024-07-01
2024070101019676,KDL,55,55,210.0,1178.5,247485.0,2024-07-01
2024070101019675,GCIL,34,45,100.0,470.0,47000.0,2024-07-01
2024070101019674,GCIL,34,45,11.0,470.0,5170.0,2024-07-01
2024070101019673,GCIL,34,21,10.0,470.0,4700.0,2024-07-01
2024070101019672,GCIL,34,58,11.0,470.0,5170.0,2024-07-01
2024070101019671,GCIL,34,58,23.0,470.0,10810.0,2024-07-01
2024070101019670,GCIL,34,36,11.0,470.0,5170.0,2024-07-01
2024070101019669,GCIL,34,42,57.0,470.0,26790.0,2024-07-01
2024070101019668,GCIL,34,10,10.0,470.0,4700.0,2024-07-01
2024070101019667,GCIL,34,45,17.0,470.0,7990.0,2024-07-01
2024070101019666,GCIL,34,58,11.0,470.0,5170.0,2024-07-01
2024070101019665,GCIL,34,54,10.0,470.0,4700.0,2024-07-01
2024070101019664,GCIL,34,34,966.0,470.0,454020.0,2024-07-01
2024070104007122,UNHPL,70,54,900.0,235.4,211860.0,2024-07-01
2024070101019663,PCBL,58,54,16.0,195.0,3120.0,2024-07-01
2024070101019662,PCBL,17,54,34.0,195.1,6633.4,2024-07-01
2024070101019661,DORDI,95,18,104.0,473.3,49223.2,2024-07-01
2024070105004540,SLCF,41,38,100.0,8.1,810.0,2024-07-01
2024070101019660,MHCL,36,29,10.0,404.9,4049.0,2024-07-01
2024070103011713,BFC,32,34,285.0,474.9,135346.5,2024-07-01
2024070103011712,BFC,32,70,10.0,474.5,4745.0,2024-07-01
2024070103011711,BFC,32,29,1000.0,473.0,473000.0,2024-07-01
2024070103011710,BFC,32,61,110.0,473.0,52030.0,2024-07-01
2024070103011709,BFC,32,61,500.0,473.0,236500.0,2024-07-01
2024070103011708,BFC,32,61,500.0,473.0,236500.0,2024-07-01
2024070103011707,BFC,32,26,500.0,472.9,236450.0,2024-07-01
2024070103011706,BFC,32,17,10.0,472.7,4727.0,2024-07-01
2024070103011705,BFC,32,14,85.0,472.7,40179.5,2024-07-01
2024070101019659,SMHL,65,57,10.0,607.0,6070.0,2024-07-01
2024070104007121,UMRH,74,34,100.0,442.0,44200.0,2024-07-01
2024070101019658,CZBIL,69,36,500.0,166.0,83000.0,2024-07-01
2024070101019657,CZBIL,69,42,73.0,166.0,12118.0,2024-07-01
2024070103011704,CBBL,57,26,50.0,819.0,40950.0,2024-07-01
2024070101019656,TVCL,49,8,20.0,490.0,9800.0,2024-07-01
2024070101019655,TVCL,49,48,90.0,490.0,44100.0,2024-07-01
2024070104007120,HDHPC,41,18,262.0,125.0,32750.0,2024-07-01
2024070104007119,HDHPC,10,18,1000.0,125.0,125000.0,2024-07-01
2024070104007118,HDHPC,44,18,500.0,125.0,62500.0,2024-07-01
2024070104007117,HDHPC,68,18,500.0,125.0,62500.0,2024-07-01
2024070104007116,HDHPC,50,18,100.0,125.1,12510.0,2024-07-01
2024070104007115,HDHPC,25,18,1000.0,125.1,125100.0,2024-07-01
2024070104007114,HDHPC,41,18,500.0,125.2,62600.0,2024-07-01
2024070104007113,HDHPC,66,18,500.0,125.2,62600.0,2024-07-01
2024070104007112,HDHPC,42,18,100.0,125.3,12530.0,2024-07-01
2024070104007111,HDHPC,25,18,500.0,125.3,62650.0,2024-07-01
2024070104007110,HDHPC,41,18,1000.0,125.4,125400.0,2024-07-01
2024070104007109,HDHPC,57,18,15.0,125.4,1881.0,2024-07-01
2024070104007108,HDHPC,38,18,18.0,125.5,2259.0,2024-07-01
2024070104007107,HDHPC,49,18,30.0,125.5,3765.0,2024-07-01
2024070104007106,HDHPC,57,18,2500.0,125.5,313750.0,2024-07-01
2024070104007105,HDHPC,25,18,50.0,125.5,6275.0,2024-07-01
2024070104007104,HDHPC,34,18,35.0,125.7,4399.5,2024-07-01
2024070101019654,HHL,58,39,113.0,362.6,40973.8,2024-07-01
2024070101019653,DORDI,95,39,50.0,473.3,23665.0,2024-07-01
2024070101019652,NMB,42,48,100.0,190.0,19000.0,2024-07-01
2024070103011703,NMLBBL,17,17,100.0,663.0,66300.0,2024-07-01
2024070103011702,SFCL,32,57,370.0,433.2,160284.0,2024-07-01
2024070103011701,SFCL,4,57,180.0,433.3,77994.0,2024-07-01
2024070103011700,NABBC,62,6,15.0,541.9,8128.5,2024-07-01
2024070103011699,MFIL,34,77,217.0,529.3,114858.1,2024-07-01
2024070103011698,MFIL,16,77,50.0,529.3,26465.0,2024-07-01
2024070103011697,MFIL,46,77,33.0,529.5,17473.5,2024-07-01
2024070104007103,HURJA,88,4,1000.0,270.0,270000.0,2024-07-01
2024070104007102,HURJA,52,4,50.0,270.0,13500.0,2024-07-01
2024070104007101,HURJA,42,4,435.0,270.0,117450.0,2024-07-01
2024070104007100,HURJA,43,4,50.0,270.1,13505.0,2024-07-01
2024070104007099,HURJA,58,4,1500.0,270.2,405300.0,2024-07-01
2024070104007098,HURJA,43,4,50.0,270.2,13510.0,2024-07-01
2024070104007097,HURJA,66,4,100.0,270.2,27020.0,2024-07-01
2024070101019651,SBI,65,8,500.0,291.0,145500.0,2024-07-01
2024070101019650,BGWT,65,58,10.0,918.0,9180.0,2024-07-01
2024070101019649,NWCL,65,51,90.0,877.7,78993.0,2024-07-01
2024070101019648,NWCL,65,22,10.0,876.0,8760.0,2024-07-01
2024070101019647,NWCL,65,49,10.0,876.0,8760.0,2024-07-01
2024070103011696,MSLB,52,74,10.0,1305.2,13052.0,2024-07-01
2024070103011695,MSLB,19,74,70.0,1305.2,91364.0,2024-07-01
2024070103011694,MSLB,19,74,13.0,1310.0,17030.0,2024-07-01
2024070101019646,SARBTM,39,63,80.0,780.0,62400.0,2024-07-01
2024070101019645,SARBTM,56,63,100.0,780.1,78010.0,2024-07-01
2024070101019644,SARBTM,34,63,150.0,780.1,117015.0,2024-07-01
2024070101019643,MKLB,45,26,10.0,1178.0,11780.0,2024-07-01
2024070101019642,GCIL,41,34,10.0,470.0,4700.0,2024-07-01
2024070101019641,SHIVM,41,44,10.0,474.2,4742.0,2024-07-01
2024070104007096,AHPC,49,45,500.0,150.1,75050.0,2024-07-01
2024070101019640,SHIVM,57,25,20.0,475.0,9500.0,2024-07-01
2024070101019639,SHIVM,57,33,30.0,475.0,14250.0,2024-07-01
2024070103011693,MLBSL,58,57,40.0,1921.0,76840.0,2024-07-01
2024070101019638,NICA,50,35,170.0,400.0,68000.0,2024-07-01
2024070101019637,RNLI,42,91,10.0,421.0,4210.0,2024-07-01
2024070103011692,SWBBL,39,6,29.0,843.2,24452.8,2024-07-01
2024070101019636,DOLTI,39,58,10.0,428.0,4280.0,2024-07-01
2024070101019635,DOLTI,39,39,10.0,428.0,4280.0,2024-07-01
2024070101019634,DOLTI,39,11,160.0,428.0,68480.0,2024-07-01
2024070103011691,PFL,92,36,100.0,600.0,60000.0,2024-07-01
2024070104007095,NLG,42,34,10.0,746.9,7469.0,2024-07-01
2024070104007094,LEC,28,42,22.0,177.0,3894.0,2024-07-01
2024070104007093,LEC,26,42,1000.0,177.0,177000.0,2024-07-01
2024070104007092,LEC,38,42,200.0,177.0,35400.0,2024-07-01
2024070104007091,LEC,48,42,100.0,177.0,17700.0,2024-07-01
2024070103011690,GMFBS,62,58,10.0,1658.0,16580.0,2024-07-01
2024070104007090,GHL,34,7,100.0,146.4,14640.0,2024-07-01
2024070104007089,GHL,34,57,100.0,146.2,14620.0,2024-07-01
2024070104007088,MEN,34,11,100.0,574.9,57490.0,2024-07-01
2024070103011689,GFCL,11,1,100.0,612.0,61200.0,2024-07-01
2024070103011688,GUFL,5,58,176.0,695.0,122320.0,2024-07-01
2024070103011687,GUFL,5,58,350.0,694.0,242900.0,2024-07-01
2024070103011686,USLB,96,49,10.0,1825.0,18250.0,2024-07-01
2024070103011685,USLB,96,55,10.0,1819.6,18196.0,2024-07-01
2024070103011684,USLB,96,41,10.0,1819.0,18190.0,2024-07-01
2024070103011683,USLB,96,75,10.0,1819.0,18190.0,2024-07-01
2024070103011682,USLB,96,62,10.0,1815.0,18150.0,2024-07-01
2024070103011681,USLB,96,35,50.0,1810.0,90500.0,2024-07-01
2024070104007087,AHPC,57,45,132.0,150.1,19813.2,2024-07-01
2024070101019633,MAKAR,74,38,105.0,458.5,48142.5,2024-07-01
2024070101019632,BEDC,7,42,200.0,427.0,85400.0,2024-07-01
2024070101019631,BEDC,7,51,20.0,427.0,8540.0,2024-07-01
2024070101019630,BEDC,7,3,10.0,426.4,4264.0,2024-07-01
2024070101019629,BEDC,7,43,50.0,426.3,21315.0,2024-07-01
2024070101019628,MKJC,53,56,100.0,639.2,63920.0,2024-07-01
2024070104007086,SGIC,35,16,10.0,526.0,5260.0,2024-07-01
2024070101019627,MMKJL,68,45,10.0,495.0,4950.0,2024-07-01
2024070101019626,SGHC,45,47,50.0,335.0,16750.0,2024-07-01
2024070101019625,SARBTM,34,40,50.0,780.1,39005.0,2024-07-01
2024070104007085,LEC,43,41,500.0,177.0,88500.0,2024-07-01
2024070103011680,GBBL,52,56,260.0,354.3,92118.0,2024-07-01
2024070101019624,AHL,18,45,10.0,506.0,5060.0,2024-07-01
2024070103011679,JBBL,38,35,1452.0,284.9,413674.8,2024-07-01
2024070103011678,KRBL,62,46,10.0,449.5,4495.0,2024-07-01
2024070103011677,SINDU,62,65,231.0,410.0,94710.0,2024-07-01
2024070103011676,SINDU,62,65,69.0,410.0,28290.0,2024-07-01
2024070104007084,SHEL,33,7,165.0,153.0,25245.0,2024-07-01
2024070101019623,GVL,39,72,100.0,588.0,58800.0,2024-07-01
2024070103011675,JFL,48,16,620.0,607.0,376340.0,2024-07-01
2024070103011674,SLBSL,32,49,10.0,1223.0,12230.0,2024-07-01
2024070103011673,JFL,48,32,85.0,607.0,51595.0,2024-07-01
2024070103011672,JFL,37,32,15.0,607.0,9105.0,2024-07-01
2024070103011671,SAPDBL,21,21,100.0,365.0,36500.0,2024-07-01
2024070103011670,SFCL,4,14,20.0,433.3,8666.0,2024-07-01
2024070101019622,SANIMA,42,17,10.0,246.0,2460.0,2024-07-01
2024070101019621,HDL,18,42,27.0,1146.5,30955.5,2024-07-01
2024070103011669,PFL,49,45,98.0,600.0,58800.0,2024-07-01
2024070103011668,PFL,82,45,164.0,600.0,98400.0,2024-07-01
2024070103011667,SWMF,3,49,50.0,869.0,43450.0,2024-07-01
2024070101019620,PRVU,33,40,10.0,144.3,1443.0,2024-07-01
2024070103011666,GFCL,95,11,82.0,610.0,50020.0,2024-07-01
2024070103011665,GFCL,28,11,18.0,610.0,10980.0,2024-07-01
2024070101019619,SAMAJ,58,32,20.0,2545.0,50900.0,2024-07-01
2024070103011664,SADBL,56,49,10.0,322.5,3225.0,2024-07-01
2024070103011663,SIFC,41,43,130.0,452.0,58760.0,2024-07-01
2024070103011662,SIFC,39,43,100.0,452.1,45210.0,2024-07-01
2024070103011661,SIFC,14,43,500.0,452.1,226050.0,2024-07-01
2024070103011660,SIFC,51,43,100.0,452.3,45230.0,2024-07-01
2024070103011659,SIFC,51,43,100.0,452.5,45250.0,2024-07-01
2024070103011658,SIFC,33,43,70.0,452.6,31682.0,2024-07-01
2024070101019618,NWCL,57,51,100.0,873.5,87350.0,2024-07-01
2024070101019617,GVL,80,72,300.0,588.0,176400.0,2024-07-01
2024070101019616,HDL,18,40,85.0,1146.3,97435.5,2024-07-01
2024070104007083,RADHI,16,38,50.0,253.0,12650.0,2024-07-01
2024070104007082,RADHI,16,58,200.0,253.0,50600.0,2024-07-01
2024070104007081,RADHI,16,28,10.0,253.0,2530.0,2024-07-01
2024070104007080,RADHI,16,6,500.0,253.0,126500.0,2024-07-01
2024070104007079,RADHI,16,45,115.0,252.0,28980.0,2024-07-01
2024070101019615,DORDI,77,29,885.0,473.2,418782.0,2024-07-01
2024070101019614,MHCL,29,58,290.0,404.5,117305.0,2024-07-01
2024070101019613,RNLI,42,29,10.0,421.0,4210.0,2024-07-01
2024070103011657,NADEP,64,11,10.0,809.1,8091.0,2024-07-01
2024070103011656,MNBBL,74,42,196.0,337.0,66052.0,2024-07-01
2024070103011655,MNBBL,45,42,25.0,337.0,8425.0,2024-07-01
2024070103011654,MNBBL,34,42,441.0,337.0,148617.0,2024-07-01
2024070103011653,NUBL,17,22,40.0,654.0,26160.0,2024-07-01
2024070101019612,RNLI,42,66,100.0,421.0,42100.0,2024-07-01
2024070104007078,KPCL,58,48,364.0,445.0,161980.0,2024-07-01
2024070101019611,UHEWA,58,65,15.0,479.9,7198.5,2024-07-01
2024070101019610,UHEWA,58,65,85.0,479.8,40783.0,2024-07-01
2024070103011652,GUFL,59,58,24.0,695.0,16680.0,2024-07-01
2024070103011651,BFC,94,14,70.0,472.7,33089.0,2024-07-01
2024070103011650,BFC,38,14,10.0,472.7,4727.0,2024-07-01
2024070101019609,NBL,35,62,475.0,205.2,97470.0,2024-07-01
2024070101019608,NBL,56,62,1000.0,205.3,205300.0,2024-07-01
2024070101019607,NBL,22,62,25.0,205.5,5137.5,2024-07-01
2024070101019606,NBL,46,62,500.0,205.5,102750.0,2024-07-01
2024070103011649,SIFC,16,43,500.0,455.0,227500.0,2024-07-01
2024070104007077,GHL,29,32,430.0,146.0,62780.0,2024-07-01
2024070104007076,GHL,49,32,470.0,146.0,68620.0,2024-07-01
2024070101019605,NICA,32,35,100.0,400.0,40000.0,2024-07-01
2024070101019604,SCB,59,17,258.0,562.0,144996.0,2024-07-01
2024070101019603,SCB,59,25,100.0,562.0,56200.0,2024-07-01
2024070101019602,SCB,59,19,400.0,562.0,224800.0,2024-07-01
2024070101019601,SCB,59,17,30.0,562.0,16860.0,2024-07-01
2024070101019600,SCB,59,7,10.0,561.6,5616.0,2024-07-01
2024070101019599,SCB,59,50,44.0,561.5,24706.0,2024-07-01
2024070101019598,SCB,59,42,158.0,561.5,88717.0,2024-07-01
2024070103011648,MSLB,19,74,20.0,1310.0,26200.0,2024-07-01
2024070101019597,USHL,77,26,10.0,539.0,5390.0,2024-07-01
2024070101019596,LSL,42,44,10.0,154.0,1540.0,2024-07-01
2024070101019595,NRM,53,70,10.0,389.9,3899.0,2024-07-01
2024070101019594,SONA,56,10,20.0,434.1,8682.0,2024-07-01
2024070101019593,MKCL,69,3,10.0,1257.0,12570.0,2024-07-01
2024070103011647,BFC,32,22,200.0,472.0,94400.0,2024-07-01
2024070103011646,NFS,28,25,290.0,873.0,253170.0,2024-07-01
2024070101019592,BEDC,49,51,10.0,426.0,4260.0,2024-07-01
2024070101019591,GBIME,26,58,100.0,173.6,17360.0,2024-07-01
2024070103011645,KRBL,71,46,10.0,449.5,4495.0,2024-07-01
2024070103011644,GUFL,59,4,76.0,695.0,52820.0,2024-07-01
2024070103011643,LBBL,47,25,50.0,375.5,18775.0,2024-07-01
2024070104007075,NHPC,41,3,115.0,138.0,15870.0,2024-07-01
2024070104007074,NHPC,32,3,385.0,138.0,53130.0,2024-07-01
2024070103011642,EDBL,56,17,250.0,382.2,95550.0,2024-07-01
2024070103011641,GFCL,28,34,982.0,610.0,599020.0,2024-07-01
2024070103011640,GFCL,45,34,18.0,610.1,10981.8,2024-07-01
2024070103011639,GFCL,45,43,82.0,610.1,50028.2,2024-07-01
2024070101019590,NWCL,48,49,10.0,876.0,8760.0,2024-07-01
2024070101019589,NWCL,48,51,70.0,876.0,61320.0,2024-07-01
2024070101019588,NWCL,48,11,110.0,875.0,96250.0,2024-07-01
2024070101019587,NWCL,48,38,10.0,874.9,8749.0,2024-07-01
2024070101019586,CITY,45,6,70.0,680.0,47600.0,2024-07-01
2024070101019585,CITY,35,6,260.0,680.0,176800.0,2024-07-01
2024070101019584,CITY,49,6,200.0,680.1,136020.0,2024-07-01
2024070101019583,GBIME,26,19,14.0,173.6,2430.4,2024-07-01
2024070104007073,SGIC,62,16,70.0,526.0,36820.0,2024-07-01
2024070104007072,SHPC,28,16,60.0,318.0,19080.0,2024-07-01
2024070101019582,RNLI,42,16,10.0,421.0,4210.0,2024-07-01
2024070101019581,NRM,32,58,10.0,389.5,3895.0,2024-07-01
2024070104007071,GLH,38,60,10.0,206.0,2060.0,2024-07-01
2024070104007070,UMRH,42,34,200.0,442.0,88400.0,2024-07-01
2024070101019580,MFLD85,6,45,17.0,1031.0,17527.0,2024-07-01
2024070101019579,CYCL,43,45,10.0,1460.6,14606.0,2024-07-01
2024070104007069,UPPER,17,51,20.0,154.2,3084.0,2024-07-01
2024070103011638,KRBL,42,66,430.0,445.0,191350.0,2024-07-01
2024070103011637,GMFIL,34,41,48.0,431.0,20688.0,2024-07-01
2024070104007068,SPIL,44,17,20.0,774.0,15480.0,2024-07-01
2024070104007067,HURJA,43,1,100.0,270.8,27080.0,2024-07-01
2024070101019578,GVL,80,72,106.0,588.0,62328.0,2024-07-01
2024070101019577,GVL,80,53,84.0,587.9,49383.6,2024-07-01
2024070101019576,GVL,80,40,10.0,586.0,5860.0,2024-07-01
2024070101019575,GVL,80,68,300.0,585.0,175500.0,2024-07-01
2024070103011636,SINDU,18,65,431.0,410.0,176710.0,2024-07-01
2024070103011635,SINDU,18,48,50.0,410.0,20500.0,2024-07-01
2024070103011634,SINDU,18,48,100.0,410.0,41000.0,2024-07-01
2024070103011633,SINDU,18,50,419.0,410.0,171790.0,2024-07-01
2024070103011632,GMFIL,34,52,100.0,431.0,43100.0,2024-07-01
2024070103011631,SINDU,32,50,81.0,410.0,33210.0,2024-07-01
2024070103011630,SINDU,32,14,19.0,410.0,7790.0,2024-07-01
2024070101019574,CYCL,43,59,100.0,1460.6,146060.0,2024-07-01
2024070103011629,SLBBL,41,42,392.0,796.0,312032.0,2024-07-01
2024070103011628,NLIC,45,20,25.0,572.0,14300.0,2024-07-01
2024070103011627,NLIC,45,32,10.0,571.4,5714.0,2024-07-01
2024070101019573,DORDI,77,57,760.0,473.2,359632.0,2024-07-01
2024070103011626,NFS,13,25,100.0,873.0,87300.0,2024-07-01
2024070104007066,UPPER,35,51,325.0,154.0,50050.0,2024-07-01
2024070104007065,UPPER,19,51,380.0,154.0,58520.0,2024-07-01
2024070103011625,PROFL,38,51,20.0,403.0,8060.0,2024-07-01
2024070103011624,PROFL,35,51,100.0,403.3,40330.0,2024-07-01
2024070101019572,SAMAJ,58,56,21.0,2544.0,53424.0,2024-07-01
2024070105004539,HRL,25,38,19.0,537.0,10203.0,2024-07-01
2024070101019571,GCIL,6,34,24.0,470.0,11280.0,2024-07-01
2024070101019570,GCIL,6,57,11.0,470.0,5170.0,2024-07-01
2024070101019569,GCIL,6,45,11.0,470.0,5170.0,2024-07-01
2024070101019568,GCIL,6,26,11.0,470.0,5170.0,2024-07-01
2024070101019567,GCIL,6,13,21.0,470.0,9870.0,2024-07-01
2024070105004538,HRL,14,38,267.0,537.0,143379.0,2024-07-01
2024070101019566,GCIL,6,33,11.0,470.0,5170.0,2024-07-01
2024070101019565,GCIL,6,46,11.0,470.0,5170.0,2024-07-01
2024070101019564,GCIL,6,22,11.0,469.9,5168.9,2024-07-01
2024070101019563,GCIL,6,14,78.0,469.9,36652.2,2024-07-01
2024070101019562,GCIL,6,58,11.0,469.1,5160.1,2024-07-01
2024070101019561,MKHL,56,38,100.0,478.0,47800.0,2024-07-01
2024070101019560,NIMB,14,34,2000.0,156.0,312000.0,2024-07-01
2024070101019559,NIMB,14,56,100.0,156.0,15600.0,2024-07-01
2024070101019558,NIMB,14,14,660.0,156.0,102960.0,2024-07-01
2024070101019557,NIMB,14,34,975.0,156.0,152100.0,2024-07-01
2024070105004537,NIFRA,42,48,10.0,190.0,1900.0,2024-07-01
2024070101019556,NMB,17,48,35.0,190.0,6650.0,2024-07-01
2024070104007064,NIL,14,57,240.0,790.1,189624.0,2024-07-01
2024070104007063,NIL,42,57,10.0,791.0,7910.0,2024-07-01
2024070101019555,ADBL,43,58,111.0,267.6,29703.6,2024-07-01
2024070101019554,ADBL,42,58,89.0,267.8,23834.2,2024-07-01
2024070101019553,MKHC,6,42,100.0,326.9,32690.0,2024-07-01
2024070103011623,MNBBL,4,35,120.0,338.0,40560.0,2024-07-01
2024070103011622,SLBBL,41,59,29.0,796.0,23084.0,2024-07-01
2024070103011621,JFL,41,21,10.0,608.0,6080.0,2024-07-01
2024070103011620,JFL,52,21,60.0,608.0,36480.0,2024-07-01
2024070101019552,NRM,45,21,350.0,388.0,135800.0,2024-07-01
2024070101019551,NICA,42,35,50.0,400.0,20000.0,2024-07-01
2024070101019550,NICA,42,35,110.0,400.0,44000.0,2024-07-01
2024070101019549,NICA,26,35,70.0,400.5,28035.0,2024-07-01
2024070104007062,PPCL,14,34,10.0,236.0,2360.0,2024-07-01
2024070104007061,PPCL,14,18,10.0,234.0,2340.0,2024-07-01
2024070101019548,RNLI,42,14,70.0,421.0,29470.0,2024-07-01
2024070101019547,RNLI,22,14,30.0,421.0,12630.0,2024-07-01
2024070101019546,NIMB,41,34,25.0,156.0,3900.0,2024-07-01
2024070101019545,NIMB,41,47,90.0,155.9,14031.0,2024-07-01
2024070101019544,NIMB,41,47,100.0,155.9,15590.0,2024-07-01
2024070101019543,NIMB,41,56,100.0,155.8,15580.0,2024-07-01
2024070101019542,NIMB,41,38,565.0,155.7,87970.5,2024-07-01
2024070101019541,NIMB,41,45,120.0,155.7,18684.0,2024-07-01
2024070101019540,BHL,48,62,18.0,359.9,6478.2,2024-07-01
2024070101019539,SANIMA,48,17,250.0,246.0,61500.0,2024-07-01
2024070103011619,ICFC,52,58,110.0,554.0,60940.0,2024-07-01
2024070103011618,SHINE,60,7,500.0,376.9,188450.0,2024-07-01
2024070101019538,DORDI,6,18,140.0,473.5,66290.0,2024-07-01
2024070103011617,PFL,82,38,41.0,600.0,24600.0,2024-07-01
2024070103011616,PFL,82,35,10.0,600.0,6000.0,2024-07-01
2024070103011615,PFL,82,50,600.0,600.0,360000.0,2024-07-01
2024070103011614,PFL,82,14,185.0,600.0,111000.0,2024-07-01
2024070103011613,CBBL,55,26,100.0,819.0,81900.0,2024-07-01
2024070101019537,KBL,49,32,365.0,138.0,50370.0,2024-07-01
2024070101019536,KBL,49,14,1000.0,138.0,138000.0,2024-07-01
2024070101019535,KBL,49,42,250.0,138.0,34500.0,2024-07-01
2024070101019534,KBL,49,26,10.0,138.0,1380.0,2024-07-01
2024070101019533,KBL,49,45,660.0,137.9,91014.0,2024-07-01
2024070101019532,KBL,49,34,2615.0,137.8,360347.0,2024-07-01
2024070101019531,PPL,57,41,235.0,455.0,106925.0,2024-07-01
2024070101019530,PPL,57,22,50.0,455.0,22750.0,2024-07-01
2024070101019529,PPL,57,50,20.0,454.0,9080.0,2024-07-01
2024070101019528,PPL,57,59,100.0,453.9,45390.0,2024-07-01
2024070101019527,PPL,57,34,50.0,453.5,22675.0,2024-07-01
2024070101019526,PPL,57,38,10.0,453.0,4530.0,2024-07-01
2024070101019525,PPL,57,45,10.0,453.0,4530.0,2024-07-01
2024070101019524,PPL,57,28,25.0,452.0,11300.0,2024-07-01
2024070101019523,NMB,80,48,900.0,190.0,171000.0,2024-07-01
2024070101019522,NMB,80,57,100.0,190.0,19000.0,2024-07-01
2024070104007060,UMRH,42,58,190.0,441.9,83961.0,2024-07-01
2024070101019521,DORDI,77,52,1082.0,473.2,512002.4,2024-07-01
2024070101019520,DORDI,22,52,18.0,473.3,8519.4,2024-07-01
2024070101019519,DORDI,34,52,500.0,473.3,236650.0,2024-07-01
2024070101019518,MEL,22,52,280.0,220.9,61852.0,2024-07-01
2024070103011612,CFCL,36,58,1000.0,459.0,459000.0,2024-07-01
2024070101019517,HDL,45,40,50.0,1146.3,57315.0,2024-07-01
2024070103011611,MLBSL,58,45,11.0,1921.0,21131.0,2024-07-01
2024070104007059,MHNL,42,54,90.0,237.5,21375.0,2024-07-01
2024070104007058,MHNL,34,54,50.0,237.5,11875.0,2024-07-01
2024070104007057,MHNL,3,54,60.0,239.0,14340.0,2024-07-01
2024070101019516,MANDU,65,72,50.0,1075.0,53750.0,2024-07-01
2024070104007056,TRH,34,57,100.0,755.0,75500.0,2024-07-01
2024070103011610,SKBBL,57,19,200.0,800.0,160000.0,2024-07-01
2024070103011609,SKBBL,57,41,30.0,800.0,24000.0,2024-07-01
2024070103011608,SKBBL,57,58,40.0,800.0,32000.0,2024-07-01
2024070103011607,SKBBL,57,38,20.0,800.0,16000.0,2024-07-01
2024070103011606,SKBBL,57,16,50.0,800.0,40000.0,2024-07-01
2024070103011605,SKBBL,57,43,253.0,799.9,202374.7,2024-07-01
2024070101019515,MKLB,58,13,70.0,1170.0,81900.0,2024-07-01
2024070101019514,MKLB,6,13,10.0,1170.0,11700.0,2024-07-01
2024070101019513,MKLB,57,13,20.0,1171.0,23420.0,2024-07-01
2024070101019512,MKLB,25,13,50.0,1173.0,58650.0,2024-07-01
2024070101019511,MKLB,55,13,10.0,1173.0,11730.0,2024-07-01
2024070101019510,MKLB,56,13,40.0,1174.0,46960.0,2024-07-01
2024070101019509,HHL,58,51,110.0,362.6,39886.0,2024-07-01
2024070103011604,GMFBS,58,7,146.0,1652.0,241192.0,2024-07-01
2024070105004536,NTC,16,58,500.0,800.0,400000.0,2024-07-01
2024070101019508,NICA,26,48,30.0,400.5,12015.0,2024-07-01
2024070104007055,UPCL,26,68,493.0,188.1,92733.3,2024-07-01
2024070104007054,UPCL,26,68,107.0,188.1,20126.7,2024-07-01
2024070101019507,NABIL,40,57,66.0,457.5,30195.0,2024-07-01
2024070101019506,MKCL,69,58,10.0,1275.0,12750.0,2024-07-01
2024070105004535,HRL,14,22,14.0,537.0,7518.0,2024-07-01
2024070105004534,HRL,45,22,66.0,537.1,35448.6,2024-07-01
2024070105004533,HRL,21,22,180.0,537.2,96696.0,2024-07-01
2024070105004532,HRL,42,22,40.0,537.2,21488.0,2024-07-01
2024070101019505,MCHL,58,41,10.0,425.0,4250.0,2024-07-01
2024070101019504,BNHC,57,41,50.0,648.9,32445.0,2024-07-01
2024070101019503,MANDU,65,7,200.0,1075.0,215000.0,2024-07-01
2024070101019502,MCHL,58,35,340.0,425.0,144500.0,2024-07-01
2024070101019501,MCHL,58,45,10.0,425.0,4250.0,2024-07-01
2024070104007053,RURU,19,17,11.0,619.9,6818.9,2024-07-01
2024070101019500,MLBS,58,45,40.0,1342.0,53680.0,2024-07-01
2024070104007052,HDHPC,42,1,690.0,125.9,86871.0,2024-07-01
2024070101019499,MLBS,25,45,10.0,1342.0,13420.0,2024-07-01
2024070101019498,MLBS,49,45,50.0,1342.5,67125.0,2024-07-01
2024070101019497,MLBS,35,45,30.0,1343.0,40290.0,2024-07-01
2024070101019496,MLBS,81,45,75.0,1344.0,100800.0,2024-07-01
2024070101019495,MLBS,17,45,10.0,1345.0,13450.0,2024-07-01
2024070101019494,MLBS,34,45,200.0,1345.0,269000.0,2024-07-01
2024070101019493,MLBS,46,45,40.0,1345.0,53800.0,2024-07-01
2024070101019492,MLBS,4,45,40.0,1345.0,53800.0,2024-07-01
2024070101019491,MLBS,57,45,14.0,1345.1,18831.4,2024-07-01
2024070101019490,MLBS,10,45,10.0,1345.6,13456.0,2024-07-01
2024070103011603,SHINE,41,41,90.0,378.0,34020.0,2024-07-01
2024070103011602,SHINE,41,58,10.0,377.9,3779.0,2024-07-01
2024070104007051,MEN,58,58,1500.0,575.0,862500.0,2024-07-01
2024070103011601,GUFL,64,4,24.0,695.0,16680.0,2024-07-01
2024070103011600,SIFC,33,74,30.0,452.6,13578.0,2024-07-01
2024070101019489,RNLI,11,21,11.0,421.0,4631.0,2024-07-01
2024070101019488,GBIME,42,55,1257.0,173.5,218089.5,2024-07-01
2024070101019487,GBIME,42,38,984.0,173.5,170724.0,2024-07-01
2024070101019486,NICA,42,33,90.0,400.0,36000.0,2024-07-01
2024070101019485,NICA,42,33,10.0,400.0,4000.0,2024-07-01
2024070101019484,NICA,52,33,31.0,400.0,12400.0,2024-07-01
2024070101019483,NICA,14,33,48.0,400.0,19200.0,2024-07-01
2024070101019482,CLI,33,21,90.0,478.0,43020.0,2024-07-01
2024070101019481,CLI,33,19,10.0,477.4,4774.0,2024-07-01
2024070101019480,NABIL,57,57,50.0,457.5,22875.0,2024-07-01
2024070105004531,HRL,45,57,20.0,537.1,10742.0,2024-07-01
2024070101019479,SNLI,58,4,10.0,451.0,4510.0,2024-07-01
2024070101019478,SNLI,58,42,10.0,451.0,4510.0,2024-07-01
2024070103011599,VLBS,62,46,773.0,1004.0,776092.0,2024-07-01
2024070103011598,VLBS,70,46,80.0,1004.0,80320.0,2024-07-01
2024070103011597,VLBS,39,46,10.0,1004.1,10041.0,2024-07-01
2024070103011596,VLBS,19,46,37.0,1004.2,37155.4,2024-07-01
2024070103011595,CBBL,29,26,50.0,819.0,40950.0,2024-07-01
2024070101019477,ADBL,65,14,51.0,268.0,13668.0,2024-07-01
2024070101019476,ADBL,65,45,10.0,267.9,2679.0,2024-07-01
2024070101019475,ADBL,65,38,50.0,267.9,13395.0,2024-07-01
2024070101019474,ADBL,65,43,389.0,267.9,104213.1,2024-07-01
2024070103011594,GUFL,11,26,50.0,696.0,34800.0,2024-07-01
2024070101019473,MEHL,43,54,180.0,343.0,61740.0,2024-07-01
2024070103011593,SADBL,34,14,150.0,316.2,47430.0,2024-07-01
2024070103011592,SADBL,34,62,500.0,316.2,158100.0,2024-07-01
2024070103011591,SADBL,34,22,100.0,316.0,31600.0,2024-07-01
2024070103011590,SADBL,34,1,20.0,316.0,6320.0,2024-07-01
2024070103011589,SADBL,34,19,300.0,315.1,94530.0,2024-07-01
2024070103011588,SADBL,34,26,300.0,315.1,94530.0,2024-07-01
2024070103011587,SADBL,34,48,100.0,315.0,31500.0,2024-07-01
2024070103011586,SADBL,34,58,250.0,315.0,78750.0,2024-07-01
2024070103011585,SADBL,34,58,81.0,315.0,25515.0,2024-07-01
2024070103011584,SADBL,34,26,900.0,314.0,282600.0,2024-07-01
2024070103011583,SADBL,34,4,238.0,314.0,74732.0,2024-07-01
2024070103011582,SADBL,34,38,50.0,313.0,15650.0,2024-07-01
2024070103011581,SADBL,34,45,348.0,313.0,108924.0,2024-07-01
2024070103011580,SADBL,34,42,5000.0,312.8,1564000.0,2024-07-01
2024070103011579,SADBL,34,32,650.0,312.7,203255.0,2024-07-01
2024070103011578,SADBL,34,44,30.0,312.0,9360.0,2024-07-01
2024070103011577,SADBL,34,84,150.0,312.0,46800.0,2024-07-01
2024070103011576,SADBL,34,41,37.0,312.0,11544.0,2024-07-01
2024070103011575,SADBL,34,66,240.0,311.0,74640.0,2024-07-01
2024070103011574,GFCL,36,1,10.0,613.9,6139.0,2024-07-01
2024070104007050,TRH,34,57,50.0,755.0,37750.0,2024-07-01
2024070101019472,DORDI,46,18,100.0,473.5,47350.0,2024-07-01
2024070104007049,HPPL,42,52,70.0,296.5,20755.0,2024-07-01
2024070104007048,MEN,36,58,1000.0,575.0,575000.0,2024-07-01
2024070105004530,NIFRA,14,48,49.0,190.0,9310.0,2024-07-01
2024070105004529,NIFRA,14,34,30.0,190.0,5700.0,2024-07-01
2024070105004528,NIFRA,14,34,221.0,190.0,41990.0,2024-07-01
2024070103011573,RLFL,67,3,100.0,422.0,42200.0,2024-07-01
2024070103011572,RLFL,34,3,1000.0,422.0,422000.0,2024-07-01
2024070103011571,RLFL,22,3,50.0,422.0,21100.0,2024-07-01
2024070103011570,RLFL,49,3,35.0,423.0,14805.0,2024-07-01
2024070103011569,RLFL,56,3,200.0,423.0,84600.0,2024-07-01
2024070103011568,RLFL,58,3,58.0,423.0,24534.0,2024-07-01
2024070101019471,NICA,14,42,40.0,400.0,16000.0,2024-07-01
2024070105004527,NRN,42,44,19.0,660.0,12540.0,2024-07-01
2024070105004526,NRN,42,55,81.0,660.0,53460.0,2024-07-01
2024070104007047,UMHL,5,45,427.0,234.5,100131.5,2024-07-01
2024070101019470,SBI,65,8,400.0,291.0,116400.0,2024-07-01
2024070101019469,SBI,65,58,100.0,291.0,29100.0,2024-07-01
2024070104007046,HURJA,34,1,250.0,270.8,67700.0,2024-07-01
2024070104007045,HURJA,34,54,150.0,270.8,40620.0,2024-07-01
2024070101019468,SCB,49,42,300.0,561.5,168450.0,2024-07-01
2024070104007044,OHL,50,6,500.0,763.0,381500.0,2024-07-01
2024070104007043,OHL,50,6,200.0,762.9,152580.0,2024-07-01
2024070103011567,GFCL,58,52,45.0,614.9,27670.5,2024-07-01
2024070105004525,NRN,4,56,110.0,656.3,72193.0,2024-07-01
2024070105004524,NRN,45,56,300.0,658.0,197400.0,2024-07-01
2024070105004523,NRN,58,56,20.0,658.0,13160.0,2024-07-01
2024070105004522,NRN,38,56,70.0,658.1,46067.0,2024-07-01
2024070101019467,SBI,74,58,100.0,291.0,29100.0,2024-07-01
2024070101019466,AHL,34,40,62.0,505.0,31310.0,2024-07-01
2024070101019465,AHL,49,40,100.0,506.0,50600.0,2024-07-01
2024070101019464,AHL,45,40,100.0,506.1,50610.0,2024-07-01
2024070101019463,MKHL,56,45,10.0,478.0,4780.0,2024-07-01
2024070103011566,HLBSL,18,66,60.0,1283.0,76980.0,2024-07-01
2024070103011565,HLBSL,95,66,40.0,1283.0,51320.0,2024-07-01
2024070104007042,SSHL,58,48,500.0,170.0,85000.0,2024-07-01
2024070101019462,SONA,56,49,10.0,434.1,4341.0,2024-07-01
2024070101019461,KBL,33,34,385.0,137.8,53053.0,2024-07-01
2024070101019460,MKHC,56,57,30.0,324.6,9738.0,2024-07-01
2024070101019459,MKHC,29,57,50.0,324.6,16230.0,2024-07-01
2024070101019458,MKHC,62,57,10.0,324.7,3247.0,2024-07-01
2024070101019457,MKHC,58,57,10.0,324.8,3248.0,2024-07-01
2024070104007041,IGI,45,58,10.0,516.1,5161.0,2024-07-01
2024070101019456,MAKAR,58,36,10.0,460.0,4600.0,2024-07-01
2024070101019455,MAKAR,58,4,10.0,459.9,4599.0,2024-07-01
2024070103011564,BFC,32,45,100.0,470.0,47000.0,2024-07-01
2024070103011563,BFC,32,33,100.0,470.0,47000.0,2024-07-01
2024070103011562,BFC,32,16,100.0,470.0,47000.0,2024-07-01
2024070103011561,BFC,32,25,10.0,470.0,4700.0,2024-07-01
2024070103011560,BFC,32,14,29.0,470.0,13630.0,2024-07-01
2024070103011559,BFC,32,80,45.0,468.0,21060.0,2024-07-01
2024070104007040,MEN,21,58,40.0,575.0,23000.0,2024-07-01
2024070104007039,SHEL,33,57,2245.0,153.0,343485.0,2024-07-01
2024070103011558,JFL,52,45,100.0,608.0,60800.0,2024-07-01
2024070103011557,ICFC,34,38,60.0,554.1,33246.0,2024-07-01
2024070101019454,NBL,59,62,1000.0,206.0,206000.0,2024-07-01
2024070101019453,HATHY,17,36,110.0,918.1,100991.0,2024-07-01
2024070101019452,HATHY,50,36,300.0,918.4,275520.0,2024-07-01
2024070101019451,HATHY,34,36,100.0,919.0,91900.0,2024-07-01
2024070101019450,HATHY,21,36,99.0,919.0,90981.0,2024-07-01
2024070101019449,HATHY,32,36,300.0,920.0,276000.0,2024-07-01
2024070101019448,HATHY,28,36,70.0,920.0,64400.0,2024-07-01
2024070101019447,HATHY,22,36,30.0,920.5,27615.0,2024-07-01
2024070101019446,HATHY,81,36,202.0,921.3,186102.6,2024-07-01
2024070101019445,HATHY,86,36,68.0,925.0,62900.0,2024-07-01
2024070101019444,SMJC,16,34,10.0,402.0,4020.0,2024-07-01
2024070103011556,MNBBL,34,32,115.0,337.0,38755.0,2024-07-01
2024070103011555,NICLBSL,53,35,670.0,630.0,422100.0,2024-07-01
2024070103011554,NICLBSL,6,35,20.0,630.1,12602.0,2024-07-01
2024070103011553,NICLBSL,16,35,50.0,630.1,31505.0,2024-07-01
2024070103011552,NICLBSL,45,35,10.0,630.2,6302.0,2024-07-01
2024070104007038,UPPER,35,44,20.0,154.4,3088.0,2024-07-01
2024070104007037,UPPER,35,72,980.0,154.2,151116.0,2024-07-01
2024070101019443,SANIMA,42,17,749.0,246.0,184254.0,2024-07-01
2024070101019442,SANIMA,42,8,200.0,246.0,49200.0,2024-07-01
2024070101019441,SANIMA,42,59,51.0,246.0,12546.0,2024-07-01
2024070101019440,SIKLES,29,33,70.0,688.0,48160.0,2024-07-01
2024070101019439,SIKLES,6,33,100.0,688.2,68820.0,2024-07-01
2024070104007036,IGI,45,43,20.0,519.0,10380.0,2024-07-01
2024070104007035,IGI,45,54,50.0,519.0,25950.0,2024-07-01
2024070104007034,IGI,45,66,30.0,519.0,15570.0,2024-07-01
2024070103011551,RLFL,58,45,52.0,423.0,21996.0,2024-07-01
2024070104007033,BARUN,38,37,350.0,302.5,105875.0,2024-07-01
2024070103011550,MPFL,52,34,50.0,508.0,25400.0,2024-07-01
2024070103011549,MPFL,35,34,100.0,508.0,50800.0,2024-07-01
2024070103011548,GUFL,64,34,100.0,695.0,69500.0,2024-07-01
2024070103011547,GBBL,52,56,314.0,354.3,111250.2,2024-07-01
2024070103011546,GBBL,52,45,50.0,354.3,17715.0,2024-07-01
2024070103011545,GILB,56,17,17.0,1359.0,23103.0,2024-07-01
2024070103011544,GILB,56,70,10.0,1358.0,13580.0,2024-07-01
2024070103011543,GFCL,38,38,250.0,615.0,153750.0,2024-07-01
2024070103011542,NLIC,51,20,50.0,572.0,28600.0,2024-07-01
2024070103011541,PMLI,50,47,45.0,490.0,22050.0,2024-07-01
2024070103011540,PMLI,95,47,200.0,490.0,98000.0,2024-07-01
2024070103011539,PMLI,48,47,50.0,490.0,24500.0,2024-07-01
2024070103011538,PMLI,56,47,41.0,490.0,20090.0,2024-07-01
2024070103011537,PMLI,36,47,250.0,490.1,122525.0,2024-07-01
2024070103011536,PMLI,33,47,30.0,490.1,14703.0,2024-07-01
2024070104007032,CHCL,26,22,100.0,430.9,43090.0,2024-07-01
2024070103011535,GRDBL,14,39,10.0,445.9,4459.0,2024-07-01
2024070104007031,UPPER,19,25,20.0,154.0,3080.0,2024-07-01
2024070104007030,UPPER,48,25,490.0,154.0,75460.0,2024-07-01
2024070103011534,GFCL,58,10,80.0,614.9,49192.0,2024-07-01
2024070103011533,MDB,20,66,500.0,497.0,248500.0,2024-07-01
2024070104007029,SGIC,62,41,20.0,526.0,10520.0,2024-07-01
2024070105004521,CIT,48,6,100.0,2063.0,206300.0,2024-07-01
2024070104007028,AKPL,54,5,950.0,159.0,151050.0,2024-07-01
2024070101019438,HDL,77,40,15.0,1146.3,17194.5,2024-07-01
2024070101019437,HBL,14,32,1629.0,180.0,293220.0,2024-07-01
2024070101019436,DLBS,26,64,160.0,1239.0,198240.0,2024-07-01
2024070101019435,DLBS,10,64,50.0,1239.1,61955.0,2024-07-01
2024070101019434,PHCL,53,29,100.0,304.2,30420.0,2024-07-01
2024070103011532,GFCL,58,35,100.0,614.9,61490.0,2024-07-01
2024070101019433,NYADI,62,17,71.0,329.7,23408.7,2024-07-01
2024070101019432,UHEWA,13,65,215.0,479.8,103157.0,2024-07-01
2024070101019431,UHEWA,13,32,10.0,479.8,4798.0,2024-07-01
2024070101019430,UHEWA,13,71,10.0,479.6,4796.0,2024-07-01
2024070101019429,UHEWA,13,71,10.0,479.5,4795.0,2024-07-01
2024070101019428,UHEWA,13,34,10.0,479.0,4790.0,2024-07-01
2024070101019427,UHEWA,13,57,100.0,479.0,47900.0,2024-07-01
2024070101019426,UHEWA,13,3,100.0,479.0,47900.0,2024-07-01
2024070101019425,UHEWA,13,65,500.0,478.9,239450.0,2024-07-01
2024070101019424,UHEWA,13,64,180.0,478.3,86094.0,2024-07-01
2024070101019423,UHEWA,13,57,530.0,478.0,253340.0,2024-07-01
2024070101019422,UHEWA,13,22,10.0,478.0,4780.0,2024-07-01
2024070101019421,UHEWA,13,58,10.0,478.0,4780.0,2024-07-01
2024070101019420,UHEWA,13,70,20.0,478.0,9560.0,2024-07-01
2024070101019419,UHEWA,13,63,1000.0,477.0,477000.0,2024-07-01
2024070101019418,UHEWA,13,8,10.0,477.0,4770.0,2024-07-01
2024070101019417,UHEWA,13,35,10.0,477.0,4770.0,2024-07-01
2024070101019416,UHEWA,13,94,275.0,477.0,131175.0,2024-07-01
2024070104007027,CGH,57,57,13.0,839.0,10907.0,2024-07-01
2024070104007026,CGH,57,57,10.0,838.0,8380.0,2024-07-01
2024070101019415,TSHL,51,57,10.0,539.0,5390.0,2024-07-01
2024070101019414,TSHL,51,57,10.0,539.1,5391.0,2024-07-01
2024070101019413,CZBIL,59,84,178.0,165.3,29423.4,2024-07-01
2024070101019412,CZBIL,58,84,255.0,165.8,42279.0,2024-07-01
2024070105004520,PSF,26,35,200.0,9.08,1816.0,2024-07-01
2024070101019411,NRM,45,68,255.0,388.0,98940.0,2024-07-01
2024070101019410,NRM,44,68,25.0,388.1,9702.5,2024-07-01
2024070101019409,NRM,22,68,20.0,388.5,7770.0,2024-07-01
2024070104007025,HURJA,45,54,250.0,270.8,67700.0,2024-07-01
2024070103011531,USLB,96,62,50.0,1815.0,90750.0,2024-07-01
2024070103011530,USLB,96,55,30.0,1810.5,54315.0,2024-07-01
2024070103011529,USLB,96,17,10.0,1810.0,18100.0,2024-07-01
2024070103011528,USLB,96,67,50.0,1810.0,90500.0,2024-07-01
2024070103011527,USLB,96,52,100.0,1810.0,181000.0,2024-07-01
2024070103011526,USLB,96,18,57.0,1810.0,103170.0,2024-07-01
2024070104007024,GLH,44,68,525.0,207.0,108675.0,2024-07-01
2024070104007023,GHL,49,47,30.0,146.0,4380.0,2024-07-01
2024070101019408,RAWA,18,42,10.0,563.0,5630.0,2024-07-01
2024070104007022,NLG,29,34,155.0,745.0,115475.0,2024-07-01
2024070104007021,NLG,45,34,120.0,745.0,89400.0,2024-07-01
2024070103011525,MFIL,57,32,372.0,530.0,197160.0,2024-07-01
2024070101019407,RHGCL,4,58,10.0,343.3,3433.0,2024-07-01
2024070101019406,SNLI,4,14,396.0,449.3,177922.8,2024-07-01
2024070101019405,SNLI,41,14,60.0,449.3,26958.0,2024-07-01
2024070101019404,SNLI,56,14,60.0,449.4,26964.0,2024-07-01
2024070101019403,SNLI,36,14,10.0,449.6,4496.0,2024-07-01
2024070101019402,SNLI,1,14,40.0,449.7,17988.0,2024-07-01
2024070101019401,SNLI,48,14,200.0,450.0,90000.0,2024-07-01
