transaction,symbol,buyer,seller,quantity,rate,amount,date
2024121903013916,GRDBL,29,34,40.0,1003.0,40120.0,2024-12-19
2024121903013915,GRDBL,29,21,30.0,1002.9,30087.0,2024-12-19
2024121903013914,GRDBL,29,81,80.0,1002.0,80160.0,2024-12-19
2024121901017378,MBL,58,34,525.0,236.7,124267.5,2024-12-19
2024121905010456,SHIVM,34,38,140.0,554.0,77560.0,2024-12-19
2024121901017377,RBCLPO,34,7,10.0,12498.8,124988.0,2024-12-19
2024121903013913,SINDU,74,34,20.0,901.6,18032.0,2024-12-19
2024121901017376,MLBS,34,56,10.0,2129.0,21290.0,2024-12-19
2024121901017375,MLBS,34,58,10.0,2120.0,21200.0,2024-12-19
2024121901017374,MLBS,34,34,10.0,2120.0,21200.0,2024-12-19
2024121903013912,MLBSL,20,45,231.0,2200.0,508200.0,2024-12-19
2024121903013911,MLBSL,38,45,24.0,2200.0,52800.0,2024-12-19
2024121903013910,MLBSL,42,45,50.0,2200.0,110000.0,2024-12-19
2024121903013909,MLBSL,85,45,50.0,2200.0,110000.0,2024-12-19
2024121903013908,MLBSL,18,45,23.0,2200.0,50600.0,2024-12-19
2024121903013907,MLBSL,8,45,20.0,2201.0,44020.0,2024-12-19
2024121903013906,MLBSL,46,45,82.0,2201.0,180482.0,2024-12-19
2024121903013905,MLBSL,6,45,20.0,2202.0,44040.0,2024-12-19
2024121903013904,JFL,72,35,1500.0,914.4,1371600.0,2024-12-19
2024121903013903,ALICL,45,34,10.0,713.9,7139.0,2024-12-19
2024121901017373,NYADI,45,6,10.0,358.0,3580.0,2024-12-19
2024121901017372,HBL,56,43,30.0,232.0,6960.0,2024-12-19
2024121904014239,SPDL,22,41,10.0,317.1,3171.0,2024-12-19
2024121901017371,CYCL,77,37,10.0,1591.0,15910.0,2024-12-19
2024121903013902,SLBSL,62,66,160.0,1912.0,305920.0,2024-12-19
2024121903013901,SLBSL,62,66,70.0,1912.0,133840.0,2024-12-19
2024121901017370,SIKLES,71,43,10.0,855.0,8550.0,2024-12-19
2024121903013900,NABBC,71,48,10.0,1301.0,13010.0,2024-12-19
2024121901017369,RAWA,47,60,10.0,760.0,7600.0,2024-12-19
2024121901017368,BHDC,50,45,10.0,641.0,6410.0,2024-12-19
2024121901017367,SBL,50,16,40.0,309.0,12360.0,2024-12-19
2024121901017366,EBL,81,62,19.0,590.0,11210.0,2024-12-19
2024121901017365,EBL,81,19,14.0,589.9,8258.6,2024-12-19
2024121901017364,EBL,81,19,12.0,588.9,7066.8,2024-12-19
2024121901017363,EBL,81,58,55.0,588.0,32340.0,2024-12-19
2024121905010455,SAHAS,42,90,200.0,476.7,95340.0,2024-12-19
2024121903013899,JFL,72,36,10.0,914.5,9145.0,2024-12-19
2024121903013898,NLIC,39,44,10.0,769.0,7690.0,2024-12-19
2024121903013897,SLBSL,62,70,10.0,1912.0,19120.0,2024-12-19
2024121903013896,JFL,72,52,1500.0,914.4,1371600.0,2024-12-19
2024121903013895,MLBBL,70,74,10.0,1639.0,16390.0,2024-12-19
2024121901017362,MKHC,42,45,10.0,539.0,5390.0,2024-12-19
2024121904014238,JOSHI,22,4,200.0,459.9,91980.0,2024-12-19
2024121905010454,NBF3,34,4,3000.0,9.02,27060.0,2024-12-19
2024121905010453,NBF3,49,4,2000.0,9.03,18060.0,2024-12-19
2024121905010452,NBF3,51,4,1000.0,9.03,9030.0,2024-12-19
2024121905010451,NBF3,28,4,2000.0,9.05,18100.0,2024-12-19
2024121905010450,NBF3,51,4,2000.0,9.06,18120.0,2024-12-19
2024121904014237,HPPL,42,6,320.0,389.0,124480.0,2024-12-19
2024121904014236,SPDL,57,32,100.0,318.0,31800.0,2024-12-19
2024121905010449,NRN,64,22,80.0,941.4,75312.0,2024-12-19
2024121905010448,NRN,34,22,10.0,941.4,9414.0,2024-12-19
2024121905010447,NRN,50,22,30.0,942.0,28260.0,2024-12-19
2024121905010446,NRN,48,22,20.0,942.3,18846.0,2024-12-19
2024121905010445,NRN,48,22,20.0,942.4,18848.0,2024-12-19
2024121904014235,HPPL,42,64,642.0,389.0,249738.0,2024-12-19
2024121904014234,HPPL,34,64,300.0,389.0,116700.0,2024-12-19
2024121904014233,HPPL,58,64,50.0,389.0,19450.0,2024-12-19
2024121904014232,HPPL,59,64,1000.0,390.0,390000.0,2024-12-19
2024121904014231,HPPL,48,64,2500.0,390.0,975000.0,2024-12-19
2024121904014230,HPPL,26,64,100.0,390.0,39000.0,2024-12-19
2024121904014229,HPPL,39,64,50.0,390.0,19500.0,2024-12-19
2024121904014228,HPPL,13,64,535.0,390.0,208650.0,2024-12-19
2024121904014227,HPPL,82,64,1000.0,390.1,390100.0,2024-12-19
2024121904014226,HPPL,5,64,1500.0,390.2,585300.0,2024-12-19
2024121904014225,HPPL,39,64,50.0,391.0,19550.0,2024-12-19
2024121904014224,HPPL,14,64,20.0,391.0,7820.0,2024-12-19
2024121904014223,HPPL,56,64,30.0,392.0,11760.0,2024-12-19
2024121904014222,HPPL,39,64,50.0,393.0,19650.0,2024-12-19
2024121904014221,HPPL,28,64,640.0,393.0,251520.0,2024-12-19
2024121904014220,HPPL,94,64,600.0,394.0,236400.0,2024-12-19
2024121904014219,HPPL,8,64,75.0,394.0,29550.0,2024-12-19
2024121904014218,HPPL,67,64,808.0,394.0,318352.0,2024-12-19
2024121904014217,HPPL,44,64,50.0,394.9,19745.0,2024-12-19
2024121905010444,HATHY,38,33,10.0,1313.0,13130.0,2024-12-19
2024121903013894,SLBSL,62,38,200.0,1912.0,382400.0,2024-12-19
2024121904014216,NGPL,34,67,500.0,257.8,128900.0,2024-12-19
2024121903013893,SLBSL,62,38,500.0,1912.0,956000.0,2024-12-19
2024121901017361,HIDCLP,58,14,100.0,165.3,16530.0,2024-12-19
2024121903013892,JFL,72,21,20.0,914.4,18288.0,2024-12-19
2024121903013891,JFL,72,59,1000.0,914.4,914400.0,2024-12-19
2024121905010443,CLI,44,72,10.0,672.0,6720.0,2024-12-19
2024121904014215,HPPL,44,29,200.0,394.9,78980.0,2024-12-19
2024121901017360,UHEWA,32,41,10.0,674.8,6748.0,2024-12-19
2024121904014214,HURJA,7,46,388.0,223.6,86756.8,2024-12-19
2024121904014213,HURJA,40,46,112.0,223.6,25043.2,2024-12-19
2024121901017359,MCHL,32,58,10.0,604.0,6040.0,2024-12-19
2024121904014212,KKHC,32,38,35.0,380.0,13300.0,2024-12-19
2024121904014211,KKHC,32,29,65.0,380.0,24700.0,2024-12-19
2024121901017358,MMKJL,32,81,500.0,675.0,337500.0,2024-12-19
2024121903013890,GUFL,7,54,22.0,680.0,14960.0,2024-12-19
2024121903013889,GUFL,7,57,10.0,679.0,6790.0,2024-12-19
2024121903013888,GUFL,7,32,468.0,678.0,317304.0,2024-12-19
2024121903013887,JFL,72,7,100.0,914.4,91440.0,2024-12-19
2024121903013886,NABBC,69,48,59.0,1301.0,76759.0,2024-12-19
2024121903013885,NABBC,69,16,10.0,1300.5,13005.0,2024-12-19
2024121903013884,NABBC,69,59,31.0,1289.7,39980.7,2024-12-19
2024121901017357,CYCL,77,55,11.0,1571.1,17282.1,2024-12-19
2024121901017356,CYCL,77,55,11.0,1573.1,17304.1,2024-12-19
2024121901017355,CYCL,77,55,11.0,1574.1,17315.1,2024-12-19
2024121901017354,CYCL,77,55,11.0,1575.9,17334.9,2024-12-19
2024121901017353,CYCL,77,55,11.0,1576.9,17345.9,2024-12-19
2024121901017352,CYCL,77,55,11.0,1577.1,17348.1,2024-12-19
2024121901017351,CYCL,77,55,21.0,1580.1,33182.1,2024-12-19
2024121901017350,CYCL,77,55,11.0,1583.1,17414.1,2024-12-19
2024121901017349,CYCL,77,55,61.0,1590.1,96996.1,2024-12-19
2024121903013883,SAPDBL,62,74,10.0,1078.0,10780.0,2024-12-19
2024121904014210,JOSHI,62,48,10.0,460.0,4600.0,2024-12-19
2024121904014209,NGPL,34,62,460.0,257.8,118588.0,2024-12-19
2024121905010442,SAHAS,58,26,23.0,476.9,10968.7,2024-12-19
2024121905010441,HDL,41,1,130.0,1334.0,173420.0,2024-12-19
2024121903013882,GILB,1,49,10.0,1179.0,11790.0,2024-12-19
2024121901017348,MHCL,17,33,10.0,550.0,5500.0,2024-12-19
2024121901017347,SPC,58,25,70.0,513.0,35910.0,2024-12-19
2024121901017346,SPC,58,28,930.0,510.5,474765.0,2024-12-19
2024121901017345,MKHL,58,48,10.0,625.0,6250.0,2024-12-19
2024121901017344,MKHC,11,45,10.0,539.0,5390.0,2024-12-19
2024121903013881,SIFC,46,26,190.0,581.3,110447.0,2024-12-19
2024121903013880,SIFC,58,26,30.0,581.4,17442.0,2024-12-19
2024121903013879,SIFC,17,26,50.0,581.5,29075.0,2024-12-19
2024121903013878,SIFC,42,26,50.0,582.0,29100.0,2024-12-19
2024121903013877,SIFC,49,26,200.0,582.0,116400.0,2024-12-19
2024121903013876,SIFC,39,26,50.0,583.0,29150.0,2024-12-19
2024121903013875,SIFC,29,26,200.0,583.0,116600.0,2024-12-19
2024121903013874,SIFC,74,26,200.0,583.0,116600.0,2024-12-19
2024121903013873,SIFC,47,26,30.0,583.1,17493.0,2024-12-19
2024121904014208,RURU,33,36,10.0,676.0,6760.0,2024-12-19
2024121905010440,CHDC,35,49,500.0,1585.0,792500.0,2024-12-19
2024121903013872,NABBC,56,59,100.0,1289.7,128970.0,2024-12-19
2024121904014207,RADHI,65,45,50.0,359.0,17950.0,2024-12-19
2024121903013871,BFC,45,34,200.0,705.3,141060.0,2024-12-19
2024121901017343,CYCL,97,37,10.0,1591.0,15910.0,2024-12-19
2024121901017342,DOLTI,69,34,100.0,683.9,68390.0,2024-12-19
2024121901017341,DOLTI,41,34,30.0,685.0,20550.0,2024-12-19
2024121901017340,DOLTI,45,34,100.0,685.0,68500.0,2024-12-19
2024121901017339,DOLTI,17,34,100.0,685.2,68520.0,2024-12-19
2024121901017338,DOLTI,49,34,50.0,686.0,34300.0,2024-12-19
2024121901017337,DOLTI,6,34,50.0,686.0,34300.0,2024-12-19
2024121901017336,DOLTI,42,34,300.0,686.0,205800.0,2024-12-19
2024121901017335,DOLTI,3,34,120.0,688.0,82560.0,2024-12-19
2024121901017334,DOLTI,91,34,100.0,688.1,68810.0,2024-12-19
2024121901017333,DOLTI,62,34,50.0,688.5,34425.0,2024-12-19
2024121903013870,GUFL,34,32,10.0,678.0,6780.0,2024-12-19
2024121903013869,NFS,72,34,10.0,1098.8,10988.0,2024-12-19
2024121904014206,UMRH,96,1,141.0,612.0,86292.0,2024-12-19
2024121904014205,UMRH,96,44,100.0,611.0,61100.0,2024-12-19
2024121904014204,UMRH,96,40,209.0,610.0,127490.0,2024-12-19
2024121903013868,NFS,72,3,1002.0,1098.8,1100997.6,2024-12-19
2024121904014203,UPCL,45,34,30.0,271.0,8130.0,2024-12-19
2024121904014202,UPCL,41,34,200.0,271.0,54200.0,2024-12-19
2024121904014201,UPCL,34,34,150.0,271.1,40665.0,2024-12-19
2024121903013867,NFS,71,49,10.0,1099.0,10990.0,2024-12-19
2024121903013866,MDB,60,8,10.0,696.0,6960.0,2024-12-19
2024121903013865,MDB,60,6,20.0,695.0,13900.0,2024-12-19
2024121903013864,MDB,60,57,20.0,695.0,13900.0,2024-12-19
2024121903013863,MDB,60,40,10.0,695.0,6950.0,2024-12-19
2024121903013862,GRDBL,71,81,10.0,1002.0,10020.0,2024-12-19
2024121904014200,SHPC,60,59,10.0,517.9,5179.0,2024-12-19
2024121905010439,RNLI,58,50,329.0,500.0,164500.0,2024-12-19
2024121905010438,RNLI,59,50,20.0,500.0,10000.0,2024-12-19
2024121905010437,RNLI,46,50,10.0,500.0,5000.0,2024-12-19
2024121905010436,RNLI,21,50,20.0,500.0,10000.0,2024-12-19
2024121905010435,RNLI,91,50,100.0,500.0,50000.0,2024-12-19
2024121905010434,RNLI,86,50,100.0,500.0,50000.0,2024-12-19
2024121905010433,RNLI,58,50,10.0,500.0,5000.0,2024-12-19
2024121905010432,RNLI,6,50,500.0,500.0,250000.0,2024-12-19
2024121905010431,RNLI,62,50,135.0,500.0,67500.0,2024-12-19
2024121904014199,UMRH,50,40,10.0,610.0,6100.0,2024-12-19
2024121905010430,RNLI,38,50,100.0,500.1,50010.0,2024-12-19
2024121905010429,RNLI,65,50,2119.0,500.1,1059711.9,2024-12-19
2024121905010428,RNLI,62,50,879.0,500.2,439675.8,2024-12-19
2024121901017332,RHGCL,16,36,150.0,477.0,71550.0,2024-12-19
2024121903013861,BFC,33,5,23.0,707.9,16281.7,2024-12-19
2024121903013860,BFC,33,38,40.0,707.0,28280.0,2024-12-19
2024121903013859,BFC,33,58,37.0,707.0,26159.0,2024-12-19
2024121903013858,BFC,45,39,100.0,705.3,70530.0,2024-12-19
2024121901017331,CKHL,14,70,15.0,725.0,10875.0,2024-12-19
2024121903013857,SMB,70,64,200.0,3327.5,665500.0,2024-12-19
2024121903013856,SMB,70,28,400.0,3160.0,1264000.0,2024-12-19
2024121903013855,SMB,70,17,10.0,3146.7,31467.0,2024-12-19
2024121903013854,SMB,70,17,10.0,3146.7,31467.0,2024-12-19
2024121903013853,SMB,70,48,17.0,3146.0,53482.0,2024-12-19
2024121903013852,SMB,70,28,200.0,3146.0,629200.0,2024-12-19
2024121903013851,SMB,70,17,100.0,3146.0,314600.0,2024-12-19
2024121903013850,SMB,70,4,17.0,3145.6,53475.2,2024-12-19
2024121903013849,SMB,70,45,50.0,3145.6,157280.0,2024-12-19
2024121903013848,SMB,70,17,50.0,3145.6,157280.0,2024-12-19
2024121903013847,SMB,70,49,20.0,3145.6,62912.0,2024-12-19
2024121903013846,SMB,70,17,30.0,3145.5,94365.0,2024-12-19
2024121903013845,SMB,70,56,200.0,3145.0,629000.0,2024-12-19
2024121903013844,SMB,70,25,10.0,3145.0,31450.0,2024-12-19
2024121903013843,SMB,70,19,17.0,3145.0,53465.0,2024-12-19
2024121903013842,SMB,70,46,50.0,3145.0,157250.0,2024-12-19
2024121903013841,SMB,70,17,100.0,3145.0,314500.0,2024-12-19
2024121903013840,SMB,70,34,50.0,3144.8,157240.0,2024-12-19
2024121903013839,SMB,70,42,20.0,3144.0,62880.0,2024-12-19
2024121903013838,SMB,70,18,17.0,3140.0,53380.0,2024-12-19
2024121903013837,SMB,70,58,10.0,3140.0,31400.0,2024-12-19
2024121903013836,SMB,70,21,108.0,3140.0,339120.0,2024-12-19
2024121903013835,SMB,70,63,10.0,3139.0,31390.0,2024-12-19
2024121903013834,SMB,70,70,80.0,3100.0,248000.0,2024-12-19
2024121901017330,MMKJL,13,81,10.0,675.0,6750.0,2024-12-19
2024121901017329,MKHC,13,45,10.0,539.0,5390.0,2024-12-19
2024121905010427,GCIL,65,45,10.0,470.0,4700.0,2024-12-19
2024121904014198,UPCL,65,45,10.0,272.0,2720.0,2024-12-19
2024121903013833,MLBL,4,17,10.0,390.0,3900.0,2024-12-19
2024121901017328,MAKAR,42,38,20.0,614.0,12280.0,2024-12-19
2024121901017327,NABIL,49,25,10.0,508.0,5080.0,2024-12-19
2024121901017326,NABIL,22,25,50.0,508.0,25400.0,2024-12-19
2024121901017325,NABIL,49,25,700.0,508.0,355600.0,2024-12-19
2024121901017324,NABIL,62,25,200.0,508.0,101600.0,2024-12-19
2024121901017323,NABIL,5,25,20.0,508.0,10160.0,2024-12-19
2024121901017322,NABIL,59,25,20.0,508.0,10160.0,2024-12-19
2024121904014197,RIDI,57,49,2000.0,220.0,440000.0,2024-12-19
2024121905010426,HRL,51,45,120.0,791.5,94980.0,2024-12-19
2024121901017321,IHL,51,55,10.0,661.0,6610.0,2024-12-19
2024121901017320,ADBL,38,42,25.0,324.0,8100.0,2024-12-19
2024121905010425,GCIL,49,49,200.0,469.2,93840.0,2024-12-19
2024121901017319,TPC,55,49,50.0,534.1,26705.0,2024-12-19
2024121903013832,BFC,45,5,200.0,705.3,141060.0,2024-12-19
2024121904014196,UMRH,14,40,50.0,610.0,30500.0,2024-12-19
2024121904014195,UMRH,14,57,50.0,610.0,30500.0,2024-12-19
2024121904014194,RHPL,21,14,40.0,434.0,17360.0,2024-12-19
2024121903013831,KRBL,86,21,20.0,781.0,15620.0,2024-12-19
2024121903013830,JFL,72,21,250.0,914.4,228600.0,2024-12-19
2024121901017318,SPC,33,44,195.0,510.3,99508.5,2024-12-19
2024121905010424,PHCL,44,87,78.0,525.0,40950.0,2024-12-19
2024121905010423,PHCL,44,38,10.0,525.0,5250.0,2024-12-19
2024121905010422,PHCL,44,35,10.0,525.0,5250.0,2024-12-19
2024121905010421,PHCL,44,50,350.0,524.0,183400.0,2024-12-19
2024121905010420,PHCL,44,53,900.0,523.0,470700.0,2024-12-19
2024121905010419,PHCL,44,54,10.0,519.5,5195.0,2024-12-19
2024121905010418,PHCL,44,38,292.0,519.5,151694.0,2024-12-19
2024121905010417,PHCL,44,62,250.0,519.4,129850.0,2024-12-19
2024121905010416,PHCL,44,38,60.0,519.0,31140.0,2024-12-19
2024121905010415,PHCL,44,14,40.0,519.0,20760.0,2024-12-19
2024121904014193,GHL,40,42,25.0,206.8,5170.0,2024-12-19
2024121903013829,NICLBSL,32,54,10.0,662.0,6620.0,2024-12-19
2024121904014192,KKHC,14,92,87.0,377.0,32799.0,2024-12-19
2024121904014191,KKHC,38,92,10.0,377.0,3770.0,2024-12-19
2024121904014190,KKHC,55,92,30.0,377.0,11310.0,2024-12-19
2024121904014189,KKHC,48,92,653.0,377.0,246181.0,2024-12-19
2024121904014188,KKHC,22,92,1520.0,379.9,577448.0,2024-12-19
2024121903013828,GUFL,47,32,20.0,678.0,13560.0,2024-12-19
2024121903013827,GUFL,39,32,48.0,678.0,32544.0,2024-12-19
2024121903013826,GUFL,58,32,150.0,678.0,101700.0,2024-12-19
2024121901017317,TPC,95,41,50.0,535.0,26750.0,2024-12-19
2024121903013825,NABBC,69,59,30.0,1289.7,38691.0,2024-12-19
2024121903013824,HLBSL,62,1,100.0,938.0,93800.0,2024-12-19
2024121903013823,SLBSL,62,41,12.0,1912.5,22950.0,2024-12-19
2024121903013822,SLBSL,62,62,15.0,1912.0,28680.0,2024-12-19
2024121903013821,SLBSL,62,35,50.0,1826.0,91300.0,2024-12-19
2024121903013820,SLBSL,62,25,20.0,1826.0,36520.0,2024-12-19
2024121903013819,SLBSL,62,34,100.0,1826.0,182600.0,2024-12-19
2024121903013818,SLBSL,62,8,11.0,1787.0,19657.0,2024-12-19
2024121903013817,SLBSL,62,67,10.0,1787.0,17870.0,2024-12-19
2024121903013816,SLBSL,62,67,20.0,1787.0,35740.0,2024-12-19
2024121903013815,SLBSL,62,35,15.0,1787.0,26805.0,2024-12-19
2024121903013814,SLBSL,62,57,14.0,1787.0,25018.0,2024-12-19
2024121903013813,SLBSL,62,66,20.0,1787.0,35740.0,2024-12-19
2024121903013812,SLBSL,62,81,215.0,1787.0,384205.0,2024-12-19
2024121903013811,SLBSL,62,8,22.0,1786.0,39292.0,2024-12-19
2024121903013810,SLBSL,62,70,1000.0,1786.0,1786000.0,2024-12-19
2024121903013809,SLBSL,62,17,300.0,1786.0,535800.0,2024-12-19
2024121903013808,SLBSL,62,47,98.0,1786.0,175028.0,2024-12-19
2024121903013807,SLBSL,62,42,100.0,1786.0,178600.0,2024-12-19
2024121903013806,SLBSL,62,29,14.0,1786.0,25004.0,2024-12-19
2024121903013805,SLBSL,62,29,22.0,1786.0,39292.0,2024-12-19
2024121903013804,SLBSL,62,54,46.0,1786.0,82156.0,2024-12-19
2024121903013803,SLBSL,62,34,18.0,1786.0,32148.0,2024-12-19
2024121903013802,SLBSL,62,58,10.0,1786.0,17860.0,2024-12-19
2024121901017316,UNLB,62,14,10.0,2454.9,24549.0,2024-12-19
2024121901017315,MKHL,43,38,10.0,623.0,6230.0,2024-12-19
2024121901017314,MHCL,58,33,300.0,550.0,165000.0,2024-12-19
2024121901017313,ULHC,26,57,10.0,491.0,4910.0,2024-12-19
2024121903013801,NADEP,58,57,10.0,952.0,9520.0,2024-12-19
2024121901017312,NYADI,58,6,10.0,358.0,3580.0,2024-12-19
2024121904014187,NHDL,29,45,10.0,715.0,7150.0,2024-12-19
2024121903013800,SAPDBL,29,48,40.0,1075.0,43000.0,2024-12-19
2024121903013799,SAPDBL,29,38,61.0,1075.0,65575.0,2024-12-19
2024121904014186,UMRH,65,45,10.0,609.1,6091.0,2024-12-19
2024121903013798,JFL,72,45,100.0,914.4,91440.0,2024-12-19
2024121903013797,JFL,72,45,100.0,914.4,91440.0,2024-12-19
2024121905010414,HRL,43,45,180.0,792.0,142560.0,2024-12-19
2024121904014185,SHPC,45,59,65.0,517.9,33663.5,2024-12-19
2024121904014184,SHPC,45,21,135.0,517.1,69808.5,2024-12-19
2024121901017311,NYADI,35,6,100.0,358.0,35800.0,2024-12-19
2024121903013796,JFL,72,45,2390.0,914.4,2185416.0,2024-12-19
2024121904014183,UNHPL,50,45,100.0,278.0,27800.0,2024-12-19
2024121903013795,GMFBS,49,56,10.0,1682.0,16820.0,2024-12-19
2024121904014182,KKHC,96,29,655.0,380.0,248900.0,2024-12-19
2024121904014181,KKHC,96,41,345.0,380.0,131100.0,2024-12-19
2024121903013794,JFL,72,34,30.0,914.4,27432.0,2024-12-19
2024121903013793,RSDC,34,87,175.0,703.2,123060.0,2024-12-19
2024121905010413,NRM,34,58,10.0,433.0,4330.0,2024-12-19
2024121904014180,CGH,62,34,40.0,905.1,36204.0,2024-12-19
2024121903013792,CORBL,60,62,10.0,1565.0,15650.0,2024-12-19
2024121901017310,DORDI,60,64,60.0,529.0,31740.0,2024-12-19
2024121901017309,DORDI,60,41,100.0,528.0,52800.0,2024-12-19
2024121901017308,DORDI,60,41,100.0,527.0,52700.0,2024-12-19
2024121901017307,DORDI,60,42,260.0,525.0,136500.0,2024-12-19
2024121903013791,JFL,72,34,80.0,914.4,73152.0,2024-12-19
2024121901017306,CKHL,60,33,90.0,730.0,65700.0,2024-12-19
2024121901017305,CKHL,60,17,10.0,730.0,7300.0,2024-12-19
2024121903013790,EDBL,60,22,11.0,621.7,6838.7,2024-12-19
2024121901017304,ULBSL,60,16,10.0,3519.0,35190.0,2024-12-19
2024121904014179,NHDL,50,45,20.0,715.0,14300.0,2024-12-19
2024121904014178,KPCL,50,94,100.0,527.0,52700.0,2024-12-19
2024121901017303,ULHC,90,57,20.0,491.0,9820.0,2024-12-19
2024121904014177,AHPC,72,6,20.0,245.9,4918.0,2024-12-19
2024121905010412,HATHY,52,34,326.0,1315.0,428690.0,2024-12-19
2024121905010411,HATHY,52,74,174.0,1315.0,228810.0,2024-12-19
2024121905010410,HATHY,17,25,10.0,1311.3,13113.0,2024-12-19
2024121905010409,HATHY,34,25,10.0,1311.3,13113.0,2024-12-19
2024121905010408,HATHY,57,25,30.0,1313.0,39390.0,2024-12-19
2024121901017302,KBL,35,57,10.0,211.2,2112.0,2024-12-19
2024121901017301,MHCL,14,33,150.0,550.0,82500.0,2024-12-19
2024121901017300,MMKJL,33,63,790.0,665.0,525350.0,2024-12-19
2024121901017299,MMKJL,65,63,50.0,666.0,33300.0,2024-12-19
2024121901017298,MMKJL,51,63,50.0,669.6,33480.0,2024-12-19
2024121901017297,MMKJL,57,63,100.0,670.0,67000.0,2024-12-19
2024121901017296,MKCL,14,44,20.0,1471.1,29422.0,2024-12-19
2024121901017295,MKCL,37,44,20.0,1471.1,29422.0,2024-12-19
2024121905010407,HDL,41,84,20.0,1334.0,26680.0,2024-12-19
2024121901017294,UNLB,47,14,10.0,2454.9,24549.0,2024-12-19
2024121904014176,HURJA,46,44,20.0,224.0,4480.0,2024-12-19
2024121905010406,SMJC,44,46,10.0,530.0,5300.0,2024-12-19
2024121903013789,MLBL,32,17,10.0,390.0,3900.0,2024-12-19
2024121903013788,SINDU,74,91,202.0,901.6,182123.2,2024-12-19
2024121903013787,SINDU,71,91,39.0,901.6,35162.4,2024-12-19
2024121903013786,SINDU,71,91,500.0,901.7,450850.0,2024-12-19
2024121903013785,SINDU,33,91,100.0,901.8,90180.0,2024-12-19
2024121903013784,SINDU,71,91,10.0,907.0,9070.0,2024-12-19
2024121904014175,GLH,38,62,110.0,237.0,26070.0,2024-12-19
2024121903013783,NFS,72,43,10.0,1098.8,10988.0,2024-12-19
2024121903013782,FOWAD,55,8,20.0,1231.0,24620.0,2024-12-19
2024121905010405,HIDCL,4,8,130.0,234.1,30433.0,2024-12-19
2024121904014174,AKPL,17,41,1490.0,237.0,353130.0,2024-12-19
2024121904014173,AKPL,17,38,10.0,237.0,2370.0,2024-12-19
2024121903013781,NFS,72,11,10.0,1098.8,10988.0,2024-12-19
2024121903013780,HLI,11,59,50.0,447.0,22350.0,2024-12-19
2024121903013779,JFL,72,26,50.0,914.4,45720.0,2024-12-19
2024121904014172,SSHL,26,8,30.0,229.9,6897.0,2024-12-19
2024121904014171,SSHL,26,64,180.0,228.3,41094.0,2024-12-19
2024121903013778,FMDBL,58,41,602.0,777.8,468235.6,2024-12-19
2024121903013777,FMDBL,58,62,100.0,776.0,77600.0,2024-12-19
2024121903013776,FMDBL,58,58,70.0,775.0,54250.0,2024-12-19
2024121903013775,FMDBL,58,26,40.0,775.0,31000.0,2024-12-19
2024121903013774,FMDBL,58,45,130.0,774.9,100737.0,2024-12-19
2024121903013773,FMDBL,58,7,65.0,774.0,50310.0,2024-12-19
2024121903013772,FMDBL,58,6,130.0,773.9,100607.0,2024-12-19
2024121903013771,FMDBL,58,74,290.0,771.0,223590.0,2024-12-19
2024121903013770,FMDBL,58,36,573.0,771.0,441783.0,2024-12-19
2024121901017293,SMHL,35,18,20.0,956.9,19138.0,2024-12-19
2024121903013769,JFL,72,45,100.0,914.4,91440.0,2024-12-19
2024121903013768,NFS,72,41,100.0,1098.8,109880.0,2024-12-19
2024121901017292,BEDC,74,49,932.0,693.6,646435.2,2024-12-19
2024121901017291,BEDC,74,3,1500.0,690.0,1035000.0,2024-12-19
2024121901017290,BEDC,74,42,20.0,687.4,13748.0,2024-12-19
2024121903013767,CORBL,96,62,208.0,1565.0,325520.0,2024-12-19
2024121903013766,CORBL,96,29,50.0,1560.0,78000.0,2024-12-19
2024121903013765,CORBL,96,50,42.0,1560.0,65520.0,2024-12-19
2024121901017289,MHL,66,45,195.0,860.0,167700.0,2024-12-19
2024121901017288,MHL,66,70,305.0,860.0,262300.0,2024-12-19
2024121901017287,MHL,66,22,100.0,859.0,85900.0,2024-12-19
2024121904014170,SHPC,56,3,130.0,517.0,67210.0,2024-12-19
2024121904014169,SHPC,1,3,170.0,517.0,87890.0,2024-12-19
2024121901017286,RAWA,47,60,110.0,760.0,83600.0,2024-12-19
2024121904014168,API,36,58,350.0,254.0,88900.0,2024-12-19
2024121904014167,API,36,13,303.0,254.0,76962.0,2024-12-19
2024121903013764,NFS,72,34,30.0,1098.8,32964.0,2024-12-19
2024121903013763,JFL,72,50,100.0,914.4,91440.0,2024-12-19
2024121903013762,JFL,72,33,500.0,914.4,457200.0,2024-12-19
2024121904014166,DHPL,16,39,500.0,301.0,150500.0,2024-12-19
2024121905010404,BBC,72,13,10.0,6089.0,60890.0,2024-12-19
2024121905010403,BBC,45,13,10.0,6090.0,60900.0,2024-12-19
2024121901017285,PRVU,13,41,150.0,220.0,33000.0,2024-12-19
2024121901017284,EHPL,42,80,10.0,727.0,7270.0,2024-12-19
2024121903013761,PFL,42,34,87.0,630.0,54810.0,2024-12-19
2024121903013760,PFL,42,48,33.0,630.0,20790.0,2024-12-19
2024121903013759,PFL,42,42,400.0,630.0,252000.0,2024-12-19
2024121903013758,PFL,42,34,100.0,628.0,62800.0,2024-12-19
2024121904014165,KKHC,22,34,50.0,379.9,18995.0,2024-12-19
2024121904014164,KKHC,22,83,490.0,379.0,185710.0,2024-12-19
2024121904014163,KKHC,22,28,10.0,378.9,3789.0,2024-12-19
2024121904014162,KKHC,22,34,75.0,378.0,28350.0,2024-12-19
2024121904014161,KKHC,22,8,500.0,378.0,189000.0,2024-12-19
2024121904014160,KKHC,22,65,355.0,378.0,134190.0,2024-12-19
2024121903013757,FMDBL,57,36,200.0,771.0,154200.0,2024-12-19
2024121901017283,MEHL,57,34,100.0,447.0,44700.0,2024-12-19
2024121901017282,MKHC,64,45,55.0,539.0,29645.0,2024-12-19
2024121905010402,HIDCL,38,62,20.0,234.2,4684.0,2024-12-19
2024121903013756,SMFBS,49,32,30.0,1956.0,58680.0,2024-12-19
2024121903013755,SMFBS,49,45,110.0,1929.0,212190.0,2024-12-19
2024121903013754,SMFBS,49,14,10.0,1928.8,19288.0,2024-12-19
2024121903013753,GFCL,77,5,50.0,787.1,39355.0,2024-12-19
2024121903013752,GFCL,47,5,100.0,787.2,78720.0,2024-12-19
2024121903013751,SLBSL,62,14,100.0,1751.0,175100.0,2024-12-19
2024121904014159,SHL,1,14,100.0,470.0,47000.0,2024-12-19
2024121903013750,SINDU,63,34,10.0,908.0,9080.0,2024-12-19
2024121903013749,NFS,53,49,100.0,1099.0,109900.0,2024-12-19
2024121901017281,SBL,46,16,14.0,309.0,4326.0,2024-12-19
2024121905010401,HIDCL,7,62,100.0,234.2,23420.0,2024-12-19
2024121901017280,SHLB,95,34,10.0,2389.0,23890.0,2024-12-19
2024121903013748,BFC,91,58,10.0,707.0,7070.0,2024-12-19
2024121901017279,ANLB,62,51,14.0,5100.0,71400.0,2024-12-19
2024121901017278,ANLB,62,67,50.0,5095.0,254750.0,2024-12-19
2024121901017277,ANLB,62,56,36.0,5088.0,183168.0,2024-12-19
2024121903013747,SMB,28,70,10.0,3100.0,31000.0,2024-12-19
2024121903013746,CFCL,48,6,100.0,606.0,60600.0,2024-12-19
2024121904014158,KKHC,48,65,145.0,378.0,54810.0,2024-12-19
2024121904014157,KKHC,48,34,55.0,378.0,20790.0,2024-12-19
2024121903013745,PMLI,49,58,464.0,519.5,241048.0,2024-12-19
2024121903013744,PMLI,21,58,36.0,519.5,18702.0,2024-12-19
2024121904014156,NICL,44,45,40.0,956.2,38248.0,2024-12-19
2024121904014155,NICL,37,45,20.0,957.0,19140.0,2024-12-19
2024121904014154,NICL,62,45,40.0,957.0,38280.0,2024-12-19
2024121903013743,HLBSL,34,1,10.0,938.0,9380.0,2024-12-19
2024121903013742,HLBSL,34,48,50.0,937.0,46850.0,2024-12-19
2024121903013741,KRBL,88,21,100.0,788.0,78800.0,2024-12-19
2024121904014153,JOSHI,22,81,10.0,459.9,4599.0,2024-12-19
2024121904014152,UNHPL,50,45,50.0,278.0,13900.0,2024-12-19
2024121904014151,UNHPL,50,56,105.0,277.9,29179.5,2024-12-19
2024121901017276,DOLTI,34,60,77.0,698.0,53746.0,2024-12-19
2024121901017275,DOLTI,34,39,13.0,697.8,9071.4,2024-12-19
2024121901017274,DOLTI,34,38,110.0,690.0,75900.0,2024-12-19
2024121901017273,NBL,34,34,1000.0,265.1,265100.0,2024-12-19
2024121901017272,NBL,38,34,48.0,265.4,12739.2,2024-12-19
2024121903013740,PROFL,56,34,100.0,638.0,63800.0,2024-12-19
2024121903013739,MERO,18,50,20.0,715.0,14300.0,2024-12-19
2024121903013738,MERO,18,7,345.0,715.0,246675.0,2024-12-19
2024121903013737,MERO,18,48,10.0,714.9,7149.0,2024-12-19
2024121904014150,HURJA,40,36,200.0,223.6,44720.0,2024-12-19
2024121901017271,RFPL,64,39,20.0,891.5,17830.0,2024-12-19
2024121903013736,SMB,38,70,10.0,3070.0,30700.0,2024-12-19
2024121903013735,SMB,38,70,10.0,3079.0,30790.0,2024-12-19
2024121903013734,SMB,19,70,10.0,3080.0,30800.0,2024-12-19
2024121903013733,SMB,28,70,200.0,3082.0,616400.0,2024-12-19
2024121903013732,SMB,28,70,300.0,3082.2,924660.0,2024-12-19
2024121903013731,SMB,28,70,400.0,3083.0,1233200.0,2024-12-19
2024121903013730,SMB,28,70,200.0,3083.1,616620.0,2024-12-19
2024121903013729,SMB,28,70,100.0,3083.1,308310.0,2024-12-19
2024121903013728,SMB,5,70,10.0,3083.1,30831.0,2024-12-19
2024121901017270,SRLI,42,42,10.0,418.0,4180.0,2024-12-19
2024121904014149,JOSHI,22,28,1000.0,459.0,459000.0,2024-12-19
2024121904014148,JOSHI,22,22,100.0,459.0,45900.0,2024-12-19
2024121904014147,JOSHI,22,21,500.0,459.0,229500.0,2024-12-19
2024121904014146,JOSHI,22,44,4000.0,459.0,1836000.0,2024-12-19
2024121904014145,JOSHI,22,13,100.0,459.0,45900.0,2024-12-19
2024121904014144,JOSHI,22,74,1365.0,458.9,626398.5,2024-12-19
2024121904014143,JOSHI,22,57,500.0,458.9,229450.0,2024-12-19
2024121904014142,JOSHI,22,57,500.0,458.9,229450.0,2024-12-19
2024121904014141,JOSHI,22,42,50.0,458.0,22900.0,2024-12-19
2024121904014140,JOSHI,22,57,97.0,458.0,44426.0,2024-12-19
2024121904014139,JOSHI,22,57,300.0,458.0,137400.0,2024-12-19
2024121904014138,JOSHI,22,35,50.0,457.8,22890.0,2024-12-19
2024121904014137,JOSHI,22,14,138.0,457.0,63066.0,2024-12-19
2024121904014136,JOSHI,22,50,500.0,457.0,228500.0,2024-12-19
2024121904014135,JOSHI,22,29,10.0,457.0,4570.0,2024-12-19
2024121904014134,JOSHI,22,34,50.0,457.0,22850.0,2024-12-19
2024121904014133,JOSHI,22,35,216.0,456.9,98690.4,2024-12-19
2024121904014132,JOSHI,22,17,50.0,456.9,22845.0,2024-12-19
2024121904014131,JOSHI,22,74,140.0,456.7,63938.0,2024-12-19
2024121904014130,JOSHI,22,32,40.0,456.0,18240.0,2024-12-19
2024121904014129,JOSHI,22,77,100.0,455.0,45500.0,2024-12-19
2024121904014128,JOSHI,22,41,20.0,455.0,9100.0,2024-12-19
2024121904014127,JOSHI,22,63,200.0,455.0,91000.0,2024-12-19
2024121904014126,JOSHI,22,22,400.0,455.0,182000.0,2024-12-19
2024121904014125,JOSHI,22,47,100.0,455.0,45500.0,2024-12-19
2024121904014124,JOSHI,22,41,50.0,455.0,22750.0,2024-12-19
2024121904014123,JOSHI,22,49,10.0,455.0,4550.0,2024-12-19
2024121904014122,JOSHI,22,8,100.0,455.0,45500.0,2024-12-19
2024121904014121,JOSHI,22,42,100.0,455.0,45500.0,2024-12-19
2024121904014120,JOSHI,22,6,50.0,455.0,22750.0,2024-12-19
2024121904014119,JOSHI,22,58,15.0,455.0,6825.0,2024-12-19
2024121904014118,JOSHI,22,58,5045.0,454.9,2294970.5,2024-12-19
2024121904014117,JOSHI,22,17,60.0,454.8,27288.0,2024-12-19
2024121904014116,JOSHI,22,43,40.0,454.6,18184.0,2024-12-19
2024121904014115,JOSHI,22,69,200.0,454.0,90800.0,2024-12-19
2024121903013727,JFL,6,36,10.0,914.5,9145.0,2024-12-19
2024121903013726,SMB,5,22,10.0,3083.1,30831.0,2024-12-19
2024121904014114,SSHL,49,64,20.0,229.0,4580.0,2024-12-19
2024121903013725,JFL,72,25,500.0,914.4,457200.0,2024-12-19
2024121904014113,HURJA,40,64,420.0,223.6,93912.0,2024-12-19
2024121904014112,AHPC,25,6,10.0,245.9,2459.0,2024-12-19
2024121903013724,MPFL,20,90,20.0,696.0,13920.0,2024-12-19
2024121903013723,KRBL,38,21,115.0,788.0,90620.0,2024-12-19
2024121903013722,KRBL,38,39,185.0,788.0,145780.0,2024-12-19
2024121903013721,KRBL,38,91,200.0,787.0,157400.0,2024-12-19
2024121901017269,NESDO,49,43,10.0,2121.0,21210.0,2024-12-19
2024121901017268,DLBS,38,58,10.0,1560.0,15600.0,2024-12-19
2024121904014111,SSHL,49,21,30.0,229.0,6870.0,2024-12-19
2024121901017267,KBL,35,14,500.0,211.2,105600.0,2024-12-19
2024121903013720,NMBMF,38,35,10.0,699.7,6997.0,2024-12-19
2024121903013719,NMFBS,49,14,40.0,1256.0,50240.0,2024-12-19
2024121903013718,NMFBS,38,14,10.0,1256.1,12561.0,2024-12-19
2024121903013717,SMFBS,38,95,27.0,1928.8,52077.6,2024-12-19
2024121903013716,SMFBS,38,11,10.0,1926.7,19267.0,2024-12-19
2024121903013715,SMFBS,38,7,30.0,1926.0,57780.0,2024-12-19
2024121903013714,SMFBS,38,62,10.0,1925.0,19250.0,2024-12-19
2024121903013713,SMFBS,38,42,20.0,1925.0,38500.0,2024-12-19
2024121903013712,SMFBS,38,57,13.0,1924.0,25012.0,2024-12-19
2024121903013711,SMFBS,38,41,90.0,1890.0,170100.0,2024-12-19
2024121904014110,KPCL,44,94,10.0,527.0,5270.0,2024-12-19
2024121904014109,SSHL,91,21,70.0,229.0,16030.0,2024-12-19
2024121903013710,PROFL,56,28,400.0,638.0,255200.0,2024-12-19
2024121903013709,PROFL,56,28,20.0,639.0,12780.0,2024-12-19
2024121903013708,PROFL,34,28,50.0,639.0,31950.0,2024-12-19
2024121903013707,PROFL,58,28,30.0,639.0,19170.0,2024-12-19
2024121905010400,PHCL,55,14,10.0,519.0,5190.0,2024-12-19
2024121904014108,AKJCL,43,37,487.0,201.0,97887.0,2024-12-19
2024121904014107,AKJCL,43,32,13.0,200.5,2606.5,2024-12-19
2024121905010399,SMJC,48,46,10.0,530.0,5300.0,2024-12-19
2024121901017266,SAMAJ,49,11,24.0,3431.0,82344.0,2024-12-19
2024121901017265,SAMAJ,45,11,30.0,3436.0,103080.0,2024-12-19
2024121901017264,SAMAJ,51,11,30.0,3436.6,103098.0,2024-12-19
2024121901017263,SAMAJ,16,11,10.0,3440.0,34400.0,2024-12-19
2024121901017262,SAMAJ,42,11,10.0,3442.0,34420.0,2024-12-19
2024121901017261,SAMAJ,38,11,10.0,3443.0,34430.0,2024-12-19
2024121905010398,NIFRA,26,43,93.0,247.8,23045.4,2024-12-19
2024121905010397,RNLI,58,49,11.0,500.4,5504.4,2024-12-19
2024121901017260,DORDI,58,42,70.0,525.0,36750.0,2024-12-19
2024121903013706,SLBSL,62,35,30.0,1751.0,52530.0,2024-12-19
2024121905010396,ILI,45,49,74.0,461.0,34114.0,2024-12-19
2024121905010395,STC,68,21,10.0,5700.0,57000.0,2024-12-19
2024121905010394,CIT,54,56,10.0,2120.0,21200.0,2024-12-19
2024121904014106,SHL,1,16,100.0,470.0,47000.0,2024-12-19
2024121904014105,SHL,58,16,100.0,470.0,47000.0,2024-12-19
2024121903013705,PFL,16,34,100.0,628.0,62800.0,2024-12-19
2024121904014104,HURJA,33,44,70.0,224.0,15680.0,2024-12-19
2024121904014103,HURJA,33,54,655.0,224.0,146720.0,2024-12-19
2024121904014102,HURJA,33,56,224.0,224.0,50176.0,2024-12-19
2024121904014101,HURJA,33,26,51.0,224.0,11424.0,2024-12-19
2024121901017259,ULBSL,49,70,10.0,3507.0,35070.0,2024-12-19
2024121904014100,SSHL,4,4,547.0,228.0,124716.0,2024-12-19
2024121904014099,SSHL,13,4,100.0,228.1,22810.0,2024-12-19
2024121904014098,SSHL,17,4,200.0,228.2,45640.0,2024-12-19
2024121904014097,SSHL,67,4,73.0,228.2,16658.6,2024-12-19
2024121904014096,SSHL,48,4,1980.0,228.5,452430.0,2024-12-19
2024121903013704,SLBBL,62,13,320.0,901.2,288384.0,2024-12-19
2024121905010393,NRN,64,61,500.0,942.4,471200.0,2024-12-19
2024121901017258,SNLI,42,7,255.0,626.0,159630.0,2024-12-19
2024121901017257,AHL,42,39,10.0,698.0,6980.0,2024-12-19
2024121903013703,GBBL,29,42,560.0,420.0,235200.0,2024-12-19
2024121903013702,GBBL,42,42,15.0,420.0,6300.0,2024-12-19
2024121903013701,GBBL,6,42,200.0,420.0,84000.0,2024-12-19
2024121903013700,GBBL,42,42,42.0,420.0,17640.0,2024-12-19
2024121903013699,GBBL,38,42,183.0,420.0,76860.0,2024-12-19
2024121904014095,GHL,7,21,202.0,206.4,41692.8,2024-12-19
2024121904014094,GHL,45,21,100.0,206.5,20650.0,2024-12-19
2024121904014093,GHL,58,21,12.0,206.5,2478.0,2024-12-19
2024121904014092,GHL,38,21,200.0,206.5,41300.0,2024-12-19
2024121901017256,MAKAR,16,38,121.0,614.2,74318.2,2024-12-19
2024121903013698,SMPDA,47,4,20.0,910.0,18200.0,2024-12-19
2024121901017255,DOLTI,47,38,250.0,690.0,172500.0,2024-12-19
2024121901017254,SMH,46,53,10.0,988.0,9880.0,2024-12-19
2024121901017253,NMB,13,36,500.0,239.0,119500.0,2024-12-19
2024121901017252,NMB,68,36,250.0,239.0,59750.0,2024-12-19
2024121904014091,HURJA,40,50,156.0,223.6,34881.6,2024-12-19
2024121901017251,MCHL,32,58,10.0,604.0,6040.0,2024-12-19
2024121904014090,NGPL,34,48,529.0,257.8,136376.2,2024-12-19
2024121904014089,NGPL,58,48,150.0,257.8,38670.0,2024-12-19
2024121904014088,NGPL,58,48,250.0,257.8,64450.0,2024-12-19
2024121904014087,NGPL,35,48,50.0,257.9,12895.0,2024-12-19
2024121903013697,JFL,72,11,40.0,914.4,36576.0,2024-12-19
2024121901017250,BGWT,58,74,10.0,963.1,9631.0,2024-12-19
2024121903013696,MSLB,50,57,10.0,1527.0,15270.0,2024-12-19
2024121901017249,SARBTM,35,33,150.0,749.0,112350.0,2024-12-19
2024121901017248,SARBTM,58,33,100.0,750.0,75000.0,2024-12-19
2024121901017247,SARBTM,36,33,25.0,750.0,18750.0,2024-12-19
2024121901017246,TVCL,18,70,76.0,550.0,41800.0,2024-12-19
2024121904014086,SALICO,51,4,284.0,698.1,198260.4,2024-12-19
2024121904014085,SALICO,34,4,16.0,698.1,11169.6,2024-12-19
2024121901017245,SCB,14,13,25.0,667.0,16675.0,2024-12-19
2024121901017244,SCB,14,13,75.0,667.0,50025.0,2024-12-19
2024121903013695,JFL,72,13,500.0,914.4,457200.0,2024-12-19
2024121903013694,NFS,72,4,500.0,1098.8,549400.0,2024-12-19
2024121903013693,CFCL,34,6,42.0,606.0,25452.0,2024-12-19
2024121901017243,RHGCL,16,25,130.0,473.6,61568.0,2024-12-19
2024121901017242,RHGCL,32,25,10.0,474.0,4740.0,2024-12-19
2024121904014084,NHPC,51,58,390.0,216.8,84552.0,2024-12-19
2024121904014083,NHPC,51,38,110.0,216.2,23782.0,2024-12-19
2024121903013692,SHINE,65,13,83.0,439.9,36511.7,2024-12-19
2024121903013691,SHINE,65,14,30.0,439.0,13170.0,2024-12-19
2024121903013690,SHINE,65,25,180.0,438.9,79002.0,2024-12-19
2024121903013689,SHINE,65,63,100.0,438.8,43880.0,2024-12-19
2024121903013688,SHINE,65,34,50.0,438.7,21935.0,2024-12-19
2024121903013687,SHINE,65,38,383.0,438.0,167754.0,2024-12-19
2024121903013686,SHINE,65,34,100.0,437.9,43790.0,2024-12-19
2024121903013685,SHINE,65,34,74.0,437.9,32404.6,2024-12-19
2024121903013684,MDB,35,61,310.0,693.9,215109.0,2024-12-19
2024121903013683,MDB,43,61,100.0,694.0,69400.0,2024-12-19
2024121903013682,MDB,40,61,40.0,694.0,27760.0,2024-12-19
2024121903013681,MDB,58,61,50.0,694.1,34705.0,2024-12-19
2024121901017241,MAKAR,63,21,10.0,616.0,6160.0,2024-12-19
2024121903013680,NMLBBL,38,8,20.0,664.0,13280.0,2024-12-19
2024121904014082,IGI,45,38,97.0,577.0,55969.0,2024-12-19
2024121904014081,JOSHI,72,47,500.0,453.2,226600.0,2024-12-19
2024121904014080,UAIL,32,7,131.0,623.6,81691.6,2024-12-19
2024121901017240,SPL,17,45,14.0,985.0,13790.0,2024-12-19
2024121901017239,SPL,17,38,200.0,985.0,197000.0,2024-12-19
2024121901017238,SPL,17,42,50.0,985.0,49250.0,2024-12-19
2024121901017237,SPL,17,34,236.0,985.0,232460.0,2024-12-19
2024121904014079,SHEL,48,59,390.0,239.8,93522.0,2024-12-19
2024121904014078,SHEL,48,21,132.0,239.0,31548.0,2024-12-19
2024121905010392,ILI,39,58,12.0,460.1,5521.2,2024-12-19
2024121901017236,TSHL,58,41,10.0,858.9,8589.0,2024-12-19
2024121905010391,VLUCL,86,41,85.0,648.2,55097.0,2024-12-19
2024121905010390,VLUCL,94,41,100.0,649.0,64900.0,2024-12-19
2024121905010389,VLUCL,33,41,165.0,649.2,107118.0,2024-12-19
2024121904014077,SSHL,45,21,100.0,229.0,22900.0,2024-12-19
2024121905010388,HRL,57,45,13.0,792.0,10296.0,2024-12-19
2024121903013679,SWBBL,50,19,17.0,886.4,15068.8,2024-12-19
2024121903013678,SWBBL,50,57,60.0,886.0,53160.0,2024-12-19
2024121903013677,SWBBL,50,25,100.0,885.0,88500.0,2024-12-19
2024121903013676,SWBBL,50,57,23.0,884.9,20352.7,2024-12-19
2024121904014076,NHPC,52,34,85.0,216.0,18360.0,2024-12-19
2024121904014075,NHPC,57,34,100.0,216.0,21600.0,2024-12-19
2024121904014074,NHPC,48,34,15.0,216.0,3240.0,2024-12-19
2024121904014073,SPDL,70,32,11.0,318.0,3498.0,2024-12-19
2024121903013675,SFCL,39,39,340.0,667.0,226780.0,2024-12-19
2024121904014072,UPCL,22,45,10.0,272.0,2720.0,2024-12-19
2024121904014071,JOSHI,57,59,500.0,454.0,227000.0,2024-12-19
2024121901017235,MCHL,32,42,19.0,603.9,11474.1,2024-12-19
2024121901017234,SNLI,63,7,50.0,626.0,31300.0,2024-12-19
2024121901017233,KBSH,14,42,10.0,2645.0,26450.0,2024-12-19
2024121903013674,NABBC,49,59,39.0,1289.7,50298.3,2024-12-19
2024121903013673,NFS,72,19,10.0,1098.8,10988.0,2024-12-19
2024121901017232,ANLB,62,56,14.0,5088.0,71232.0,2024-12-19
2024121901017231,ANLB,62,43,36.0,5080.0,182880.0,2024-12-19
2024121901017230,ANLB,62,70,10.0,5079.9,50799.0,2024-12-19
2024121901017229,ANLB,62,70,10.0,5079.0,50790.0,2024-12-19
2024121903013672,NLICL,8,34,50.0,577.0,28850.0,2024-12-19
2024121901017228,TPC,55,48,10.0,534.1,5341.0,2024-12-19
2024121901017227,CKHL,48,25,20.0,725.5,14510.0,2024-12-19
2024121904014070,PPCL,19,48,200.0,287.0,57400.0,2024-12-19
2024121904014069,SGIC,94,39,110.0,668.0,73480.0,2024-12-19
2024121904014068,SGIC,94,57,110.0,668.0,73480.0,2024-12-19
2024121903013671,PROFL,58,58,20.0,639.0,12780.0,2024-12-19
2024121901017226,MSHL,58,58,40.0,974.8,38992.0,2024-12-19
2024121901017225,MSHL,58,42,10.0,974.5,9745.0,2024-12-19
2024121901017224,MSHL,58,57,50.0,974.0,48700.0,2024-12-19
2024121903013670,JFL,72,58,10.0,914.4,9144.0,2024-12-19
2024121903013669,SMFBS,42,41,10.0,1890.0,18900.0,2024-12-19
2024121903013668,GUFL,58,45,50.0,678.0,33900.0,2024-12-19
2024121903013667,GUFL,50,45,50.0,678.0,33900.0,2024-12-19
2024121903013666,GUFL,14,45,50.0,678.0,33900.0,2024-12-19
2024121903013665,GUFL,50,45,100.0,678.0,67800.0,2024-12-19
2024121903013664,GBBL,38,45,133.0,420.0,55860.0,2024-12-19
2024121903013663,GBBL,42,45,50.0,420.4,21020.0,2024-12-19
2024121903013662,GBBL,32,45,17.0,421.0,7157.0,2024-12-19
2024121901017223,HIDCLP,8,1,100.0,165.2,16520.0,2024-12-19
2024121905010387,SONA,52,1,295.0,444.0,130980.0,2024-12-19
2024121905010386,SONA,34,1,100.0,444.0,44400.0,2024-12-19
2024121905010385,SONA,4,1,100.0,444.0,44400.0,2024-12-19
2024121905010384,SONA,16,1,20.0,444.0,8880.0,2024-12-19
2024121905010383,SONA,32,1,30.0,444.0,13320.0,2024-12-19
2024121905010382,SONA,13,1,100.0,444.0,44400.0,2024-12-19
2024121905010381,SONA,26,1,25.0,444.0,11100.0,2024-12-19
2024121905010380,SONA,50,1,330.0,444.0,146520.0,2024-12-19
2024121904014067,HPPL,67,88,147.0,394.0,57918.0,2024-12-19
2024121904014066,HPPL,42,88,89.0,394.0,35066.0,2024-12-19
2024121904014065,HPPL,50,88,180.0,394.8,71064.0,2024-12-19
2024121903013661,NFS,72,16,50.0,1098.8,54940.0,2024-12-19
2024121905010379,NRIC,39,45,40.0,740.0,29600.0,2024-12-19
2024121905010378,NRIC,39,6,60.0,739.0,44340.0,2024-12-19
2024121903013660,NFS,72,22,10.0,1098.8,10988.0,2024-12-19
2024121905010377,NRN,48,57,20.0,942.3,18846.0,2024-12-19
2024121904014064,KKHC,48,61,570.0,377.0,214890.0,2024-12-19
2024121905010376,HIDCL,42,62,30.0,234.2,7026.0,2024-12-19
2024121905010375,HIDCL,42,35,20.0,234.2,4684.0,2024-12-19
2024121905010374,HRL,42,18,70.0,792.5,55475.0,2024-12-19
2024121905010373,HRL,42,62,200.0,792.4,158480.0,2024-12-19
2024121905010372,HRL,42,58,10.0,792.3,7923.0,2024-12-19
2024121905010371,HRL,42,90,20.0,792.3,15846.0,2024-12-19
2024121905010370,RNLI,62,42,100.0,500.2,50020.0,2024-12-19
2024121903013659,NADEP,5,6,53.0,935.0,49555.0,2024-12-19
2024121903013658,NADEP,3,6,300.0,938.0,281400.0,2024-12-19
2024121903013657,NADEP,5,6,47.0,940.0,44180.0,2024-12-19
2024121903013656,GFCL,5,14,20.0,790.0,15800.0,2024-12-19
2024121905010369,ILI,14,49,201.0,461.0,92661.0,2024-12-19
2024121905010368,ILI,14,58,12.0,461.0,5532.0,2024-12-19
2024121905010367,ILI,14,47,87.0,461.0,40107.0,2024-12-19
2024121905010366,ILI,14,48,200.0,461.0,92200.0,2024-12-19
2024121904014063,JOSHI,72,49,50.0,453.2,22660.0,2024-12-19
2024121901017222,NMB,21,78,15.0,240.0,3600.0,2024-12-19
2024121905010365,CLI,44,72,10.0,672.0,6720.0,2024-12-19
2024121901017221,SNLI,3,7,21.0,626.0,13146.0,2024-12-19
2024121904014062,HURJA,28,50,50.0,223.6,11180.0,2024-12-19
2024121904014061,MEN,14,62,15.0,715.3,10729.5,2024-12-19
2024121904014060,UPPER,11,55,100.0,204.0,20400.0,2024-12-19
2024121901017220,MKJC,29,72,10.0,515.0,5150.0,2024-12-19
2024121903013655,NICLBSL,21,35,20.0,661.0,13220.0,2024-12-19
2024121904014059,UPCL,35,45,10.0,272.0,2720.0,2024-12-19
2024121903013654,JFL,72,58,90.0,914.4,82296.0,2024-12-19
2024121903013653,FMDBL,58,36,10.0,771.0,7710.0,2024-12-19
2024121905010364,HDL,41,80,20.0,1334.0,26680.0,2024-12-19
2024121904014058,KKHC,48,58,730.0,377.0,275210.0,2024-12-19
2024121904014057,SPDL,22,45,390.0,317.1,123669.0,2024-12-19
2024121903013652,CORBL,71,4,50.0,1550.0,77500.0,2024-12-19
2024121904014056,HDHPC,50,25,500.0,198.0,99000.0,2024-12-19
2024121905010363,NRM,29,34,160.0,430.6,68896.0,2024-12-19
2024121901017219,AVYAN,74,34,60.0,1029.1,61746.0,2024-12-19
2024121901017218,BGWT,16,43,10.0,975.0,9750.0,2024-12-19
2024121904014055,JOSHI,72,34,450.0,453.2,203940.0,2024-12-19
2024121904014054,JOSHI,5,34,50.0,453.5,22675.0,2024-12-19
2024121901017217,ADBL,22,52,99.0,323.8,32056.2,2024-12-19
2024121901017216,ADBL,45,52,101.0,323.8,32703.8,2024-12-19
2024121904014053,CGH,62,39,140.0,905.1,126714.0,2024-12-19
2024121904014052,CGH,4,39,1000.0,906.0,906000.0,2024-12-19
2024121904014051,CGH,1,39,100.0,907.0,90700.0,2024-12-19
2024121904014050,CGH,45,39,50.0,907.0,45350.0,2024-12-19
2024121904014049,CGH,66,39,400.0,907.0,362800.0,2024-12-19
2024121904014048,CGH,46,39,220.0,907.0,199540.0,2024-12-19
2024121904014047,CGH,35,39,250.0,907.0,226750.0,2024-12-19
2024121904014046,CGH,29,39,1000.0,907.1,907100.0,2024-12-19
2024121904014045,CGH,29,39,80.0,907.2,72576.0,2024-12-19
2024121904014044,CGH,78,39,20.0,907.4,18148.0,2024-12-19
2024121904014043,CGH,32,39,50.0,908.0,45400.0,2024-12-19
2024121904014042,CGH,28,39,10.0,908.0,9080.0,2024-12-19
2024121904014041,CGH,22,39,50.0,908.1,45405.0,2024-12-19
2024121904014040,CGH,6,39,200.0,908.4,181680.0,2024-12-19
2024121903013651,NFS,72,57,900.0,1098.8,988920.0,2024-12-19
2024121905010362,HDL,42,80,30.0,1334.0,40020.0,2024-12-19
2024121905010361,HDL,42,8,30.0,1334.0,40020.0,2024-12-19
2024121905010360,HDL,42,55,140.0,1334.0,186760.0,2024-12-19
2024121904014039,SHEL,28,21,128.0,239.0,30592.0,2024-12-19
2024121903013650,LICN,45,38,23.0,1166.0,26818.0,2024-12-19
2024121903013649,LICN,42,38,12.0,1166.0,13992.0,2024-12-19
2024121904014038,CHL,7,47,37.0,398.5,14744.5,2024-12-19
2024121903013648,JFL,72,59,100.0,914.4,91440.0,2024-12-19
2024121905010359,HRL,55,44,200.0,792.0,158400.0,2024-12-19
2024121901017215,CYCL,77,22,39.0,1585.0,61815.0,2024-12-19
2024121901017214,PRVU,54,25,50.0,219.9,10995.0,2024-12-19
2024121901017213,PRVU,54,22,133.0,219.9,29246.7,2024-12-19
2024121903013647,MATRI,45,58,10.0,1258.9,12589.0,2024-12-19
2024121903013646,MATRI,45,34,40.0,1250.1,50004.0,2024-12-19
2024121903013645,MATRI,45,35,40.0,1250.0,50000.0,2024-12-19
2024121904014037,RIDI,1,49,220.0,220.0,48400.0,2024-12-19
2024121901017212,TAMOR,71,56,25.0,500.0,12500.0,2024-12-19
2024121901017211,TAMOR,14,56,300.0,500.1,150030.0,2024-12-19
2024121901017210,TAMOR,6,56,50.0,500.1,25005.0,2024-12-19
2024121901017209,TAMOR,33,56,500.0,500.1,250050.0,2024-12-19
2024121901017208,TAMOR,39,56,125.0,501.0,62625.0,2024-12-19
2024121904014036,AKJCL,47,13,351.0,200.2,70270.2,2024-12-19
2024121904014035,AKJCL,36,13,49.0,200.2,9809.8,2024-12-19
2024121903013644,JFL,72,22,150.0,914.4,137160.0,2024-12-19
2024121904014034,HDHPC,57,40,85.0,197.9,16821.5,2024-12-19
2024121901017207,KBL,57,97,100.0,211.3,21130.0,2024-12-19
2024121903013643,SFCL,5,57,100.0,668.0,66800.0,2024-12-19
2024121905010358,ILI,14,62,20.0,461.0,9220.0,2024-12-19
2024121905010357,SMATA,38,38,20.0,817.1,16342.0,2024-12-19
2024121901017206,SANIMA,48,19,10.0,300.1,3001.0,2024-12-19
2024121903013642,GBBL,32,42,258.0,421.0,108618.0,2024-12-19
2024121903013641,MLBL,25,62,31.0,384.1,11907.1,2024-12-19
2024121903013640,MLBL,54,62,33.0,384.2,12678.6,2024-12-19
2024121903013639,MLBL,57,62,40.0,384.3,15372.0,2024-12-19
2024121903013638,MLBL,1,62,20.0,384.3,7686.0,2024-12-19
2024121903013637,MLBL,38,62,100.0,384.4,38440.0,2024-12-19
2024121903013636,MLBL,48,62,26.0,385.0,10010.0,2024-12-19
2024121901017205,GBIME,58,29,395.0,222.0,87690.0,2024-12-19
2024121901017204,GBIME,14,29,40.0,222.1,8884.0,2024-12-19
2024121901017203,GBIME,44,29,415.0,222.1,92171.5,2024-12-19
2024121904014033,SHPC,42,68,500.0,517.1,258550.0,2024-12-19
2024121901017202,IHL,60,55,10.0,661.0,6610.0,2024-12-19
2024121903013635,HLBSL,26,1,244.0,932.0,227408.0,2024-12-19
2024121903013634,HLBSL,49,1,56.0,933.0,52248.0,2024-12-19
2024121904014032,UNHPL,42,56,75.0,277.9,20842.5,2024-12-19
2024121901017201,USHL,36,34,10.0,750.5,7505.0,2024-12-19
2024121904014031,BPCL,13,32,100.0,393.0,39300.0,2024-12-19
2024121901017200,MKHC,38,13,120.0,532.2,63864.0,2024-12-19
2024121901017199,MKHC,17,13,50.0,532.5,26625.0,2024-12-19
2024121901017198,MKHC,58,13,50.0,534.0,26700.0,2024-12-19
2024121901017197,MKHC,51,13,100.0,535.0,53500.0,2024-12-19
2024121901017196,MKHC,34,13,50.0,536.0,26800.0,2024-12-19
2024121901017195,MKHC,45,13,500.0,536.1,268050.0,2024-12-19
2024121901017194,MKHC,6,13,10.0,537.0,5370.0,2024-12-19
2024121901017193,MKHC,34,13,20.0,537.1,10742.0,2024-12-19
2024121901017192,NIMB,62,22,141.0,216.5,30526.5,2024-12-19
2024121901017191,NIMB,26,22,100.0,216.5,21650.0,2024-12-19
2024121904014030,RIDI,53,49,200.0,220.0,44000.0,2024-12-19
2024121905010356,SHIVM,49,42,125.0,553.0,69125.0,2024-12-19
2024121904014029,AKJCL,14,32,87.0,200.9,17478.3,2024-12-19
2024121901017190,MHCL,82,17,118.0,546.7,64510.6,2024-12-19
2024121901017189,MHCL,37,17,40.0,546.8,21872.0,2024-12-19
2024121901017188,MHCL,19,17,148.0,547.0,80956.0,2024-12-19
2024121901017187,ULHC,34,26,85.0,485.0,41225.0,2024-12-19
2024121901017186,ULHC,77,26,1115.0,490.0,546350.0,2024-12-19
2024121904014028,HPPL,29,80,500.0,394.9,197450.0,2024-12-19
2024121904014027,HPPL,29,17,500.0,394.9,197450.0,2024-12-19
2024121901017185,BEDC,74,95,100.0,693.6,69360.0,2024-12-19
2024121901017184,BEDC,74,61,500.0,693.0,346500.0,2024-12-19
2024121901017183,BEDC,74,88,10.0,690.0,6900.0,2024-12-19
2024121901017182,BEDC,74,48,1000.0,687.0,687000.0,2024-12-19
2024121901017181,BEDC,74,45,40.0,687.0,27480.0,2024-12-19
2024121901017180,BEDC,74,19,100.0,670.0,67000.0,2024-12-19
2024121901017179,SARBTM,36,16,25.0,750.0,18750.0,2024-12-19
2024121903013633,SIFC,59,45,10.0,584.0,5840.0,2024-12-19
2024121904014026,CGH,6,56,30.0,910.0,27300.0,2024-12-19
2024121904014025,AKJCL,14,34,213.0,200.9,42791.7,2024-12-19
2024121901017178,NICA,34,49,50.0,392.9,19645.0,2024-12-19
2024121901017177,MANDU,7,34,20.0,872.0,17440.0,2024-12-19
2024121901017176,MANDU,35,34,50.0,872.0,43600.0,2024-12-19
2024121901017175,MANDU,42,34,10.0,872.1,8721.0,2024-12-19
2024121901017174,MANDU,89,34,120.0,873.0,104760.0,2024-12-19
2024121905010355,MBJC,52,51,290.0,334.0,96860.0,2024-12-19
2024121905010354,MBJC,52,22,90.0,334.0,30060.0,2024-12-19
2024121905010353,MBJC,52,51,90.0,334.0,30060.0,2024-12-19
2024121905010352,MBJC,52,71,90.0,333.9,30051.0,2024-12-19
2024121905010351,MBJC,52,34,689.0,333.8,229988.2,2024-12-19
2024121904014024,KKHC,48,25,188.0,377.0,70876.0,2024-12-19
2024121904014023,KKHC,42,25,100.0,377.1,37710.0,2024-12-19
2024121904014022,KKHC,58,25,10.0,377.1,3771.0,2024-12-19
2024121903013632,PROFL,57,59,100.0,639.9,63990.0,2024-12-19
2024121901017173,EHPL,42,80,20.0,726.0,14520.0,2024-12-19
2024121901017172,EHPL,42,81,160.0,725.0,116000.0,2024-12-19
2024121901017171,EHPL,42,68,18.0,725.0,13050.0,2024-12-19
2024121901017170,EHPL,42,80,20.0,725.0,14500.0,2024-12-19
2024121901017169,EHPL,42,17,10.0,720.0,7200.0,2024-12-19
2024121901017168,MKCL,40,43,10.0,1475.0,14750.0,2024-12-19
2024121904014021,JOSHI,72,95,400.0,453.2,181280.0,2024-12-19
2024121904014020,UMHL,47,61,10.0,321.0,3210.0,2024-12-19
2024121904014019,SHEL,28,56,22.0,239.0,5258.0,2024-12-19
2024121905010350,SHIVM,32,42,50.0,553.0,27650.0,2024-12-19
2024121901017167,GVL,62,42,35.0,532.0,18620.0,2024-12-19
2024121905010349,SAHAS,42,32,500.0,476.7,238350.0,2024-12-19
2024121904014018,NLG,55,48,40.0,934.0,37360.0,2024-12-19
2024121905010348,MEL,52,17,100.0,308.0,30800.0,2024-12-19
2024121905010347,MEL,14,17,90.0,308.0,27720.0,2024-12-19
2024121903013631,RSDC,13,87,300.0,703.2,210960.0,2024-12-19
2024121901017166,ULHC,77,49,10.0,489.0,4890.0,2024-12-19
2024121901017165,ULHC,77,49,10.0,488.1,4881.0,2024-12-19
2024121901017164,ULHC,77,57,10.0,488.0,4880.0,2024-12-19
2024121901017163,ULHC,77,38,300.0,488.0,146400.0,2024-12-19
2024121901017162,ULHC,77,49,150.0,487.9,73185.0,2024-12-19
2024121901017161,ULHC,77,21,10.0,487.0,4870.0,2024-12-19
2024121901017160,ULHC,77,81,35.0,487.0,17045.0,2024-12-19
2024121901017159,ULHC,77,58,150.0,486.0,72900.0,2024-12-19
2024121901017158,ULHC,77,43,10.0,485.9,4859.0,2024-12-19
2024121905010346,MEL,14,35,10.0,308.0,3080.0,2024-12-19
2024121903013630,SAPDBL,96,64,500.0,1072.1,536050.0,2024-12-19
2024121901017157,GBIME,58,21,21.0,222.3,4668.3,2024-12-19
2024121901017156,MKHC,34,45,200.0,539.0,107800.0,2024-12-19
2024121901017155,MKHC,21,45,300.0,539.0,161700.0,2024-12-19
2024121901017154,MKHC,7,45,10.0,539.0,5390.0,2024-12-19
2024121901017153,MKHC,45,45,124.0,540.0,66960.0,2024-12-19
2024121901017152,MKHC,57,45,16.0,540.1,8641.6,2024-12-19
2024121905010345,SAHAS,58,26,12.0,476.9,5722.8,2024-12-19
2024121904014017,TRH,36,45,10.0,1049.0,10490.0,2024-12-19
2024121905010344,HIDCL,45,35,60.0,234.2,14052.0,2024-12-19
2024121901017151,PPL,14,52,98.0,525.0,51450.0,2024-12-19
2024121901017150,PPL,48,52,500.0,525.0,262500.0,2024-12-19
2024121901017149,PPL,25,52,500.0,525.0,262500.0,2024-12-19
2024121901017148,PPL,58,52,1544.0,525.0,810600.0,2024-12-19
2024121901017147,PPL,4,52,58.0,525.1,30455.8,2024-12-19
2024121904014016,NHPC,34,38,50.0,216.2,10810.0,2024-12-19
2024121904014015,UPCL,34,51,800.0,271.0,216800.0,2024-12-19
2024121904014014,UPCL,34,41,50.0,271.0,13550.0,2024-12-19
2024121903013629,MNBBL,6,13,53.0,371.0,19663.0,2024-12-19
2024121903013628,MNBBL,58,13,159.0,371.1,59004.9,2024-12-19
2024121904014013,RADHI,65,34,150.0,359.0,53850.0,2024-12-19
2024121901017146,MCHL,16,63,20.0,600.0,12000.0,2024-12-19
2024121901017145,MCHL,54,63,30.0,600.0,18000.0,2024-12-19
2024121901017144,DORDI,13,42,50.0,525.0,26250.0,2024-12-19
2024121901017143,DORDI,34,42,500.0,525.0,262500.0,2024-12-19
2024121901017142,DORDI,48,42,500.0,525.0,262500.0,2024-12-19
2024121901017141,DORDI,29,42,200.0,525.0,105000.0,2024-12-19
2024121903013627,EDBL,65,21,919.0,618.4,568309.6,2024-12-19
2024121903013626,EDBL,14,21,350.0,618.5,216475.0,2024-12-19
2024121903013625,EDBL,59,21,31.0,619.0,19189.0,2024-12-19
2024121903013624,EDBL,59,49,19.0,619.0,11761.0,2024-12-19
2024121903013623,EDBL,4,49,11.0,619.0,6809.0,2024-12-19
2024121901017140,NABIL,49,34,220.0,508.9,111958.0,2024-12-19
2024121901017139,NABIL,49,13,280.0,508.5,142380.0,2024-12-19
2024121903013622,BFC,38,58,10.0,707.0,7070.0,2024-12-19
2024121904014012,AKJCL,36,43,400.0,200.2,80080.0,2024-12-19
2024121904014011,AKJCL,3,43,100.0,200.5,20050.0,2024-12-19
2024121903013621,ICFC,34,8,10.0,678.0,6780.0,2024-12-19
2024121901017138,BHPL,48,48,10.0,755.0,7550.0,2024-12-19
2024121901017137,ANLB,68,48,11.0,5005.9,55064.9,2024-12-19
2024121901017136,HIDCLP,8,26,100.0,165.2,16520.0,2024-12-19
2024121901017135,DORDI,47,54,800.0,525.1,420080.0,2024-12-19
2024121904014010,HPPL,50,19,20.0,394.8,7896.0,2024-12-19
2024121901017134,PRVU,58,58,230.0,219.2,50416.0,2024-12-19
2024121905010343,MBJC,45,34,820.0,333.8,273716.0,2024-12-19
2024121905010342,MBJC,45,51,40.0,333.7,13348.0,2024-12-19
2024121901017133,RFPL,64,56,20.0,891.5,17830.0,2024-12-19
2024121901017132,MBL,34,42,10.0,237.5,2375.0,2024-12-19
2024121903013620,MDB,78,40,100.0,695.0,69500.0,2024-12-19
2024121901017131,HIDCLP,51,17,400.0,165.7,66280.0,2024-12-19
2024121901017130,HIDCLP,51,78,100.0,165.5,16550.0,2024-12-19
2024121904014009,RHPL,21,57,10.0,434.0,4340.0,2024-12-19
2024121904014008,RHPL,49,57,90.0,434.0,39060.0,2024-12-19
2024121901017129,TVCL,56,19,55.0,548.2,30151.0,2024-12-19
2024121901017128,DORDI,47,43,30.0,525.1,15753.0,2024-12-19
2024121901017127,DORDI,56,43,30.0,525.2,15756.0,2024-12-19
2024121901017126,DORDI,13,43,50.0,525.2,26260.0,2024-12-19
2024121903013619,JFL,72,32,100.0,914.4,91440.0,2024-12-19
2024121904014007,UMHL,8,61,10.0,321.0,3210.0,2024-12-19
2024121901017125,SBI,34,8,1000.0,442.0,442000.0,2024-12-19
2024121901017124,SBI,6,8,300.0,442.0,132600.0,2024-12-19
2024121901017123,SBI,46,8,140.0,442.0,61880.0,2024-12-19
2024121901017122,SBI,58,8,30.0,442.0,13260.0,2024-12-19
2024121901017121,SBI,17,8,50.0,442.0,22100.0,2024-12-19
2024121901017120,NESDO,47,55,15.0,2121.0,31815.0,2024-12-19
2024121903013618,JFL,72,44,5000.0,914.4,4572000.0,2024-12-19
2024121904014006,UMHL,68,17,120.0,320.0,38400.0,2024-12-19
2024121904014005,RADHI,65,35,1000.0,358.3,358300.0,2024-12-19
2024121905010341,SAHAS,41,26,20.0,476.9,9538.0,2024-12-19
2024121903013617,CFCL,34,45,60.0,606.0,36360.0,2024-12-19
2024121901017119,KBL,35,34,500.0,211.2,105600.0,2024-12-19
2024121904014004,UNHPL,34,45,50.0,278.0,13900.0,2024-12-19
2024121904014003,UNHPL,34,41,200.0,278.0,55600.0,2024-12-19
2024121901017118,IHL,58,6,100.0,659.0,65900.0,2024-12-19
2024121901017117,IHL,34,6,10.0,659.0,6590.0,2024-12-19
2024121905010340,CLI,74,6,375.0,667.1,250162.5,2024-12-19
2024121905010339,CLI,19,6,25.0,670.0,16750.0,2024-12-19
2024121904014002,DHPL,36,42,50.0,301.3,15065.0,2024-12-19
2024121903013616,MERO,53,7,40.0,715.0,28600.0,2024-12-19
2024121903013615,NFS,46,49,70.0,1099.0,76930.0,2024-12-19
2024121903013614,NFS,72,40,180.0,1098.8,197784.0,2024-12-19
2024121905010338,NRIC,34,62,378.0,737.1,278623.8,2024-12-19
2024121905010337,NRIC,47,62,24.0,737.1,17690.4,2024-12-19
2024121905010336,NRIC,25,62,10.0,737.1,7371.0,2024-12-19
2024121905010335,NRIC,16,62,100.0,737.5,73750.0,2024-12-19
2024121905010334,NRIC,22,62,200.0,737.5,147500.0,2024-12-19
2024121904014001,SHEL,62,56,18.0,239.0,4302.0,2024-12-19
2024121905010333,NRIC,39,62,1000.0,738.0,738000.0,2024-12-19
2024121905010332,NRIC,57,62,27.0,738.0,19926.0,2024-12-19
2024121905010331,NRIC,41,62,96.0,738.0,70848.0,2024-12-19
2024121904014000,SHEL,62,57,482.0,239.0,115198.0,2024-12-19
2024121905010330,NRIC,46,62,40.0,738.0,29520.0,2024-12-19
2024121905010329,NRIC,41,62,45.0,738.1,33214.5,2024-12-19
2024121905010328,NRIC,62,62,80.0,739.0,59120.0,2024-12-19
2024121904013999,SSHL,48,32,20.0,228.5,4570.0,2024-12-19
2024121905010327,CLI,44,14,10.0,673.0,6730.0,2024-12-19
2024121903013613,CORBL,96,4,200.0,1550.0,310000.0,2024-12-19
2024121903013612,CORBL,96,4,300.0,1550.0,465000.0,2024-12-19
2024121903013611,CORBL,96,48,80.0,1549.0,123920.0,2024-12-19
2024121903013610,CORBL,96,43,120.0,1548.9,185868.0,2024-12-19
2024121903013609,MDB,40,58,60.0,694.0,41640.0,2024-12-19
2024121903013608,MDB,56,58,20.0,694.0,13880.0,2024-12-19
2024121901017116,TPC,55,58,20.0,534.1,10682.0,2024-12-19
2024121904013998,NLG,55,18,60.0,934.0,56040.0,2024-12-19
2024121905010326,RNLI,62,16,11.0,500.2,5502.2,2024-12-19
2024121904013997,IGI,45,48,203.0,577.0,117131.0,2024-12-19
2024121905010325,SAHAS,42,45,290.0,476.7,138243.0,2024-12-19
2024121905010324,SAHAS,56,45,310.0,476.8,147808.0,2024-12-19
2024121904013996,CHL,16,56,66.0,398.2,26281.2,2024-12-19
2024121904013995,CHL,45,56,40.0,398.2,15928.0,2024-12-19
2024121904013994,CHL,11,56,100.0,398.2,39820.0,2024-12-19
2024121901017115,NIMB,34,22,109.0,216.8,23631.2,2024-12-19
2024121901017114,NIMB,34,25,91.0,216.8,19728.8,2024-12-19
2024121905010323,HIDCL,34,35,20.0,234.2,4684.0,2024-12-19
2024121901017113,MBL,4,67,40.0,236.5,9460.0,2024-12-19
2024121901017112,MBL,49,67,20.0,237.0,4740.0,2024-12-19
2024121904013993,BARUN,13,25,100.0,406.4,40640.0,2024-12-19
2024121904013992,NHPC,48,5,85.0,216.0,18360.0,2024-12-19
2024121904013991,NHPC,58,5,30.0,216.0,6480.0,2024-12-19
2024121904013990,NHPC,45,5,50.0,216.0,10800.0,2024-12-19
2024121904013989,NHPC,42,5,20.0,216.0,4320.0,2024-12-19
2024121904013988,NHPC,14,5,100.0,216.0,21600.0,2024-12-19
2024121904013987,NHPC,25,5,15.0,216.0,3240.0,2024-12-19
2024121904013986,NHPC,19,5,50.0,216.0,10800.0,2024-12-19
2024121904013985,NHPC,54,5,650.0,216.0,140400.0,2024-12-19
2024121901017111,RFPL,62,21,140.0,900.0,126000.0,2024-12-19
2024121901017110,RFPL,62,56,10.0,900.0,9000.0,2024-12-19
2024121901017109,RFPL,62,58,50.0,900.0,45000.0,2024-12-19
2024121901017108,RFPL,62,58,100.0,900.0,90000.0,2024-12-19
2024121901017107,RFPL,62,7,20.0,900.0,18000.0,2024-12-19
2024121901017106,RFPL,62,42,270.0,899.0,242730.0,2024-12-19
2024121901017105,RFPL,62,1,10.0,899.0,8990.0,2024-12-19
2024121904013984,API,32,13,222.0,254.0,56388.0,2024-12-19
2024121904013983,API,32,33,20.0,254.0,5080.0,2024-12-19
2024121904013982,API,32,21,21.0,254.0,5334.0,2024-12-19
2024121904013981,API,32,38,237.0,254.0,60198.0,2024-12-19
2024121904013980,MEN,44,62,40.0,715.8,28632.0,2024-12-19
2024121905010322,CIT,17,29,50.0,2123.0,106150.0,2024-12-19
2024121901017104,NIMBPO,46,17,35.0,162.3,5680.5,2024-12-19
2024121901017103,GVL,87,42,15.0,532.0,7980.0,2024-12-19
2024121901017102,NABIL,35,13,10.0,508.5,5085.0,2024-12-19
2024121901017101,UHEWA,99,41,10.0,670.0,6700.0,2024-12-19
2024121901017100,UHEWA,29,41,20.0,670.0,13400.0,2024-12-19
2024121901017099,UHEWA,13,41,50.0,670.0,33500.0,2024-12-19
2024121901017098,UHEWA,16,41,70.0,670.0,46900.0,2024-12-19
2024121905010321,NIFRA,1,99,64.0,247.5,15840.0,2024-12-19
2024121904013979,JOSHI,72,81,20.0,453.2,9064.0,2024-12-19
2024121904013978,API,3,32,290.0,253.5,73515.0,2024-12-19
2024121903013607,JFL,72,45,50.0,914.0,45700.0,2024-12-19
2024121903013606,JFL,72,80,210.0,912.0,191520.0,2024-12-19
2024121903013605,JFL,72,62,50.0,912.0,45600.0,2024-12-19
2024121903013604,JFL,72,80,100.0,912.0,91200.0,2024-12-19
2024121903013603,JFL,72,34,100.0,912.0,91200.0,2024-12-19
2024121903013602,JFL,72,49,200.0,912.0,182400.0,2024-12-19
2024121903013601,JFL,72,14,43.0,910.5,39151.5,2024-12-19
2024121903013600,JFL,72,49,100.0,910.0,91000.0,2024-12-19
2024121903013599,JFL,72,43,1000.0,910.0,910000.0,2024-12-19
2024121903013598,JFL,72,34,200.0,910.0,182000.0,2024-12-19
2024121903013597,JFL,72,38,100.0,910.0,91000.0,2024-12-19
2024121903013596,JFL,72,38,400.0,910.0,364000.0,2024-12-19
2024121903013595,JFL,72,42,10.0,910.0,9100.0,2024-12-19
2024121903013594,JFL,72,74,30.0,910.0,27300.0,2024-12-19
2024121903013593,JFL,72,17,50.0,910.0,45500.0,2024-12-19
2024121903013592,JFL,72,34,100.0,910.0,91000.0,2024-12-19
2024121903013591,JFL,72,34,200.0,910.0,182000.0,2024-12-19
2024121903013590,JFL,72,22,30.0,910.0,27300.0,2024-12-19
2024121903013589,JFL,72,35,400.0,910.0,364000.0,2024-12-19
2024121903013588,JFL,72,16,50.0,910.0,45500.0,2024-12-19
2024121903013587,JFL,72,49,200.0,910.0,182000.0,2024-12-19
2024121903013586,JFL,72,6,50.0,910.0,45500.0,2024-12-19
2024121903013585,JFL,72,35,100.0,910.0,91000.0,2024-12-19
2024121903013584,JFL,72,54,125.0,910.0,113750.0,2024-12-19
2024121903013583,GUFL,50,45,50.0,678.0,33900.0,2024-12-19
2024121903013582,ICFC,13,1,100.0,679.0,67900.0,2024-12-19
2024121901017097,ULHC,34,42,40.0,485.0,19400.0,2024-12-19
2024121901017096,ULHC,34,51,300.0,485.0,145500.0,2024-12-19
2024121903013581,JFL,72,34,200.0,909.9,181980.0,2024-12-19
2024121901017095,NMB,65,78,500.0,240.0,120000.0,2024-12-19
2024121903013580,JFL,57,38,123.0,910.0,111930.0,2024-12-19
2024121904013977,UNHPL,57,34,200.0,278.0,55600.0,2024-12-19
2024121903013579,GBBL,38,42,184.0,420.0,77280.0,2024-12-19
2024121903013578,GBBL,34,42,100.0,420.0,42000.0,2024-12-19
2024121903013577,GBBL,42,42,20.0,420.0,8400.0,2024-12-19
2024121903013576,GBBL,48,42,19.0,420.0,7980.0,2024-12-19
2024121903013575,GBBL,80,42,150.0,420.0,63000.0,2024-12-19
2024121903013574,GBBL,32,42,500.0,420.1,210050.0,2024-12-19
2024121903013573,GBBL,49,42,17.0,420.2,7143.4,2024-12-19
2024121903013572,GBBL,47,42,10.0,420.5,4205.0,2024-12-19
2024121904013976,HURJA,7,50,75.0,223.6,16770.0,2024-12-19
2024121904013975,MEN,38,62,46.0,715.8,32926.8,2024-12-19
2024121904013974,BARUN,13,38,80.0,406.4,32512.0,2024-12-19
2024121903013571,MFIL,44,42,60.0,672.0,40320.0,2024-12-19
2024121903013570,MFIL,44,86,50.0,672.0,33600.0,2024-12-19
2024121903013569,MSLB,44,57,10.0,1527.0,15270.0,2024-12-19
2024121901017094,AHL,48,39,28.0,698.0,19544.0,2024-12-19
2024121903013568,FMDBL,11,36,200.0,771.0,154200.0,2024-12-19
2024121903013567,EDBL,4,68,39.0,619.0,24141.0,2024-12-19
2024121904013973,SHPC,60,59,10.0,517.9,5179.0,2024-12-19
2024121901017093,SPC,16,28,20.0,510.5,10210.0,2024-12-19
2024121904013972,HPPL,42,56,200.0,394.0,78800.0,2024-12-19
2024121903013566,MERO,34,48,10.0,714.9,7149.0,2024-12-19
2024121901017092,TVCL,22,70,600.0,550.0,330000.0,2024-12-19
2024121901017091,MEHL,17,25,300.0,446.2,133860.0,2024-12-19
2024121904013971,AKJCL,42,37,50.0,201.0,10050.0,2024-12-19
2024121901017090,SARBTM,35,14,451.0,749.0,337799.0,2024-12-19
2024121901017089,SARBTM,38,14,50.0,749.0,37450.0,2024-12-19
2024121901017088,SARBTM,1,14,15.0,749.0,11235.0,2024-12-19
2024121901017087,SARBTM,54,14,195.0,749.0,146055.0,2024-12-19
2024121901017086,SARBTM,6,14,101.0,749.1,75659.1,2024-12-19
2024121901017085,SARBTM,34,14,100.0,749.5,74950.0,2024-12-19
2024121904013970,HPPL,42,40,11.0,394.0,4334.0,2024-12-19
2024121903013565,JFL,72,7,380.0,909.9,345762.0,2024-12-19
2024121903013564,GBBL,49,42,17.0,421.0,7157.0,2024-12-19
2024121901017084,SPC,34,28,50.0,511.0,25550.0,2024-12-19
2024121904013969,AHPC,43,6,40.0,245.9,9836.0,2024-12-19
2024121904013968,HURJA,21,50,20.0,223.6,4472.0,2024-12-19
2024121901017083,KBL,48,97,500.0,211.3,105650.0,2024-12-19
2024121901017082,MCHL,54,17,10.0,600.0,6000.0,2024-12-19
2024121904013967,RADHI,17,34,50.0,359.0,17950.0,2024-12-19
2024121904013966,UPPER,11,42,93.0,204.0,18972.0,2024-12-19
2024121904013965,UPPER,11,47,210.0,204.0,42840.0,2024-12-19
2024121901017081,MKJC,29,72,10.0,515.0,5150.0,2024-12-19
2024121903013563,KRBL,74,39,15.0,788.0,11820.0,2024-12-19
2024121905010320,PHCL,63,54,10.0,513.0,5130.0,2024-12-19
2024121901017080,SGHC,7,1,10.0,447.1,4471.0,2024-12-19
2024121904013964,HEI,44,50,710.0,625.2,443892.0,2024-12-19
2024121904013963,HEI,29,50,100.0,625.2,62520.0,2024-12-19
2024121904013962,HEI,53,50,50.0,625.5,31275.0,2024-12-19
2024121904013961,HEI,40,50,100.0,626.0,62600.0,2024-12-19
2024121904013960,HEI,33,50,1000.0,626.0,626000.0,2024-12-19
2024121904013959,HEI,56,50,40.0,626.0,25040.0,2024-12-19
2024121901017079,EBL,52,45,123.0,586.5,72139.5,2024-12-19
2024121901017078,EBL,58,45,35.0,586.6,20531.0,2024-12-19
2024121901017077,SIKLES,87,56,45.0,852.0,38340.0,2024-12-19
2024121901017076,SMH,25,52,70.0,985.0,68950.0,2024-12-19
2024121903013562,SFCL,39,39,50.0,667.0,33350.0,2024-12-19
2024121903013561,SFCL,39,41,70.0,667.0,46690.0,2024-12-19
2024121904013958,AKJCL,13,37,186.0,201.0,37386.0,2024-12-19
2024121904013957,AKJCL,13,72,14.0,201.0,2814.0,2024-12-19
2024121904013956,TRH,34,45,50.0,1049.0,52450.0,2024-12-19
2024121905010319,ENL,57,80,10.0,1247.0,12470.0,2024-12-19
2024121905010318,SHIVM,13,57,107.0,552.0,59064.0,2024-12-19
2024121905010317,SHIVM,19,57,20.0,552.0,11040.0,2024-12-19
2024121905010316,SHIVM,58,57,10.0,552.1,5521.0,2024-12-19
2024121905010315,SHIVM,53,57,100.0,552.1,55210.0,2024-12-19
2024121905010314,SHIVM,46,42,35.0,553.0,19355.0,2024-12-19
2024121901017075,SNLI,3,7,96.0,626.0,60096.0,2024-12-19
2024121901017074,SNLI,45,7,104.0,626.5,65156.0,2024-12-19
2024121901017073,LSL,38,45,50.0,234.0,11700.0,2024-12-19
2024121904013955,JOSHI,72,28,100.0,453.2,45320.0,2024-12-19
2024121901017072,PRVU,6,49,50.0,219.1,10955.0,2024-12-19
2024121905010313,SONA,50,19,170.0,444.0,75480.0,2024-12-19
2024121905010312,SONA,57,19,80.0,444.0,35520.0,2024-12-19
2024121905010311,SONA,34,19,200.0,444.1,88820.0,2024-12-19
2024121905010310,SONA,25,19,250.0,444.1,111025.0,2024-12-19
2024121905010309,ILI,54,48,74.0,460.0,34040.0,2024-12-19
2024121905010308,ILI,49,48,11.0,460.0,5060.0,2024-12-19
2024121905010307,ILI,17,48,15.0,460.0,6900.0,2024-12-19
2024121905010306,ILI,57,48,100.0,460.0,46000.0,2024-12-19
2024121905010305,ILI,35,62,90.0,461.0,41490.0,2024-12-19
2024121905010304,ILI,35,22,10.0,461.0,4610.0,2024-12-19
2024121903013560,JFL,72,1,500.0,909.9,454950.0,2024-12-19
2024121901017071,NYADI,45,6,10.0,358.0,3580.0,2024-12-19
2024121901017070,NYADI,45,7,10.0,355.0,3550.0,2024-12-19
2024121903013559,JFL,58,38,18.0,910.0,16380.0,2024-12-19
2024121904013954,AHPC,58,6,10.0,245.9,2459.0,2024-12-19
2024121903013558,JSLBB,45,26,15.0,1579.0,23685.0,2024-12-19
2024121903013557,JSLBB,45,57,20.0,1576.0,31520.0,2024-12-19
2024121903013556,JSLBB,45,34,20.0,1575.0,31500.0,2024-12-19
2024121903013555,JSLBB,45,42,36.0,1574.9,56696.4,2024-12-19
2024121901017069,BHDC,14,45,340.0,641.0,217940.0,2024-12-19
2024121903013554,SFCL,67,41,30.0,667.0,20010.0,2024-12-19
2024121901017068,NIMBPO,25,22,246.0,168.6,41475.6,2024-12-19
2024121901017067,NIMBPO,25,22,959.0,168.5,161591.5,2024-12-19
2024121901017066,NIMBPO,25,58,200.0,168.1,33620.0,2024-12-19
2024121901017065,NIMBPO,25,49,500.0,168.0,84000.0,2024-12-19
2024121901017064,NIMBPO,25,22,1400.0,163.0,228200.0,2024-12-19
2024121904013953,AHPC,57,6,100.0,245.9,24590.0,2024-12-19
2024121901017063,SPL,57,34,64.0,985.0,63040.0,2024-12-19
2024121901017062,SPL,57,38,120.0,984.5,118140.0,2024-12-19
2024121901017061,SPL,57,36,100.0,984.0,98400.0,2024-12-19
2024121901017060,SPL,57,74,205.0,984.0,201720.0,2024-12-19
2024121901017059,SPL,57,52,100.0,983.8,98380.0,2024-12-19
2024121901017058,SPL,57,4,195.0,983.7,191821.5,2024-12-19
2024121901017057,SPL,57,55,10.0,983.7,9837.0,2024-12-19
2024121901017056,SPL,57,16,100.0,983.0,98300.0,2024-12-19
2024121901017055,SPL,57,34,10.0,983.0,9830.0,2024-12-19
2024121901017054,SPL,57,17,20.0,983.0,19660.0,2024-12-19
2024121901017053,SPL,57,4,76.0,983.0,74708.0,2024-12-19
2024121903013553,MFIL,66,6,100.0,671.0,67100.0,2024-12-19
2024121904013952,AKJCL,42,72,20.0,201.0,4020.0,2024-12-19
2024121903013552,NFS,42,49,100.0,1099.0,109900.0,2024-12-19
2024121901017052,NIMB,14,25,419.0,216.8,90839.2,2024-12-19
2024121904013951,RIDI,33,49,20.0,220.6,4412.0,2024-12-19
2024121904013950,RIDI,21,49,63.0,220.8,13910.4,2024-12-19
2024121904013949,TRH,34,44,10.0,1041.0,10410.0,2024-12-19
2024121904013948,TRH,33,44,40.0,1042.0,41680.0,2024-12-19
2024121903013551,FMDBL,21,21,49.0,770.4,37749.6,2024-12-19
2024121903013550,FMDBL,21,21,25.0,770.4,19260.0,2024-12-19
2024121903013549,FMDBL,6,21,26.0,770.5,20033.0,2024-12-19
2024121905010303,STC,54,21,20.0,5700.0,114000.0,2024-12-19
2024121905010302,STC,54,39,10.0,5699.0,56990.0,2024-12-19
2024121901017051,NABIL,35,13,10.0,508.5,5085.0,2024-12-19
2024121904013947,JOSHI,72,3,200.0,453.2,90640.0,2024-12-19
2024121904013946,HURJA,16,50,100.0,223.6,22360.0,2024-12-19
2024121904013945,HURJA,55,50,139.0,223.6,31080.4,2024-12-19
2024121904013944,HURJA,57,50,100.0,223.8,22380.0,2024-12-19
2024121904013943,SPDL,70,45,10.0,317.5,3175.0,2024-12-19
2024121901017050,TPC,55,58,40.0,534.1,21364.0,2024-12-19
2024121904013942,UPPER,58,47,240.0,204.0,48960.0,2024-12-19
2024121903013548,JBBL,52,65,63.0,356.9,22484.7,2024-12-19
2024121901017049,PRVU,56,22,367.0,219.9,80703.3,2024-12-19
2024121901017048,PRVU,56,26,33.0,219.9,7256.7,2024-12-19
2024121905010301,HATHY,64,74,50.0,1315.0,65750.0,2024-12-19
2024121904013941,API,13,32,200.0,253.5,50700.0,2024-12-19
2024121901017047,CYCL,77,22,11.0,1585.1,17436.1,2024-12-19
2024121903013547,NFS,72,34,46.0,1098.8,50544.8,2024-12-19
2024121901017046,NIMB,32,25,100.0,216.8,21680.0,2024-12-19
2024121901017045,NIMB,63,25,35.0,216.8,7588.0,2024-12-19
2024121901017044,NIMB,48,25,155.0,216.8,33604.0,2024-12-19
2024121903013546,SINDU,63,34,10.0,908.0,9080.0,2024-12-19
2024121903013545,SAPDBL,42,16,100.0,1072.0,107200.0,2024-12-19
2024121903013544,PFL,42,77,80.0,627.0,50160.0,2024-12-19
2024121904013940,GLH,38,17,500.0,237.0,118500.0,2024-12-19
2024121904013939,GLH,38,59,100.0,237.0,23700.0,2024-12-19
2024121904013938,GLH,38,58,10.0,237.0,2370.0,2024-12-19
2024121904013937,GLH,38,36,114.0,237.0,27018.0,2024-12-19
2024121904013936,GLH,38,52,120.0,236.9,28428.0,2024-12-19
2024121903013543,NFS,72,38,20.0,1098.8,21976.0,2024-12-19
2024121903013542,JFL,72,38,300.0,909.9,272970.0,2024-12-19
2024121901017043,MHCL,19,49,10.0,547.0,5470.0,2024-12-19
2024121903013541,NFS,72,8,120.0,1098.8,131856.0,2024-12-19
2024121905010300,HDL,58,48,20.0,1333.0,26660.0,2024-12-19
2024121903013540,BFC,45,41,240.0,705.3,169272.0,2024-12-19
2024121903013539,BFC,45,41,100.0,706.6,70660.0,2024-12-19
2024121903013538,BFC,57,41,10.0,707.0,7070.0,2024-12-19
2024121903013537,GRDBL,60,21,10.0,1002.9,10029.0,2024-12-19
2024121903013536,MPFL,32,90,50.0,696.0,34800.0,2024-12-19
2024121903013535,MPFL,49,90,70.0,696.0,48720.0,2024-12-19
2024121903013534,GFCL,3,14,30.0,790.0,23700.0,2024-12-19
2024121903013533,JFL,72,72,25.0,909.9,22747.5,2024-12-19
2024121905010299,CIT,7,50,38.0,2120.0,80560.0,2024-12-19
2024121905010298,HDL,75,55,10.0,1334.0,13340.0,2024-12-19
2024121901017042,MAKAR,16,4,217.0,614.2,133281.4,2024-12-19
2024121901017041,MAKAR,60,4,30.0,614.3,18429.0,2024-12-19
2024121901017040,MAKAR,42,4,203.0,615.0,124845.0,2024-12-19
2024121905010297,BBC,13,45,10.0,6101.0,61010.0,2024-12-19
2024121903013532,NFS,72,20,400.0,1098.8,439520.0,2024-12-19
2024121903013531,SHINE,13,22,299.0,436.2,130423.8,2024-12-19
2024121901017039,SANIMA,51,34,72.0,302.0,21744.0,2024-12-19
2024121901017038,SANIMA,51,17,28.0,301.3,8436.4,2024-12-19
2024121904013935,SHEL,46,57,18.0,239.0,4302.0,2024-12-19
2024121904013934,SHEL,46,58,82.0,239.0,19598.0,2024-12-19
2024121903013530,GUFL,50,42,550.0,678.0,372900.0,2024-12-19
2024121901017037,MKHL,14,38,150.0,620.0,93000.0,2024-12-19
2024121901017036,MKHL,35,38,50.0,622.0,31100.0,2024-12-19
2024121903013529,PFL,56,8,200.0,625.1,125020.0,2024-12-19
2024121903013528,JFL,72,49,75.0,909.9,68242.5,2024-12-19
2024121905010296,HATHY,44,74,90.0,1315.0,118350.0,2024-12-19
2024121905010295,NRN,48,58,10.0,943.0,9430.0,2024-12-19
2024121904013933,RIDI,21,48,1000.0,220.8,220800.0,2024-12-19
2024121905010294,SONA,25,36,50.0,444.1,22205.0,2024-12-19
2024121905010293,SONA,56,36,50.0,444.2,22210.0,2024-12-19
2024121903013527,JFL,72,50,10.0,909.9,9099.0,2024-12-19
2024121901017035,SNLI,45,17,10.0,626.4,6264.0,2024-12-19
2024121901017034,SNLI,45,25,86.0,626.4,53870.4,2024-12-19
2024121903013526,CORBL,70,45,17.0,1536.0,26112.0,2024-12-19
2024121905010292,HATHY,58,74,40.0,1315.0,52600.0,2024-12-19
2024121904013932,NHPC,54,52,50.0,216.0,10800.0,2024-12-19
2024121905010291,HDL,58,55,20.0,1334.0,26680.0,2024-12-19
2024121905010290,NIFRA,1,34,10.0,247.5,2475.0,2024-12-19
2024121904013931,AKJCL,57,72,100.0,201.0,20100.0,2024-12-19
2024121905010289,CIT,7,38,10.0,2120.0,21200.0,2024-12-19
2024121903013525,JFL,72,59,200.0,909.9,181980.0,2024-12-19
2024121903013524,NFS,72,49,10.0,1098.8,10988.0,2024-12-19
2024121903013523,MLBL,20,17,243.0,390.0,94770.0,2024-12-19
2024121904013930,AKPL,17,38,90.0,237.0,21330.0,2024-12-19
2024121904013929,AKPL,17,48,75.0,236.8,17760.0,2024-12-19
2024121904013928,AKPL,17,49,200.0,236.7,47340.0,2024-12-19
2024121904013927,AKPL,17,43,183.0,236.1,43206.3,2024-12-19
2024121904013926,AKPL,17,58,33.0,236.0,7788.0,2024-12-19
2024121904013925,AKPL,17,52,20.0,236.0,4720.0,2024-12-19
2024121904013924,AKPL,17,53,500.0,236.0,118000.0,2024-12-19
2024121904013923,AKPL,17,40,75.0,235.9,17692.5,2024-12-19
2024121904013922,AKPL,17,32,624.0,235.9,147201.6,2024-12-19
2024121904013921,UNHPL,42,49,125.0,277.9,34737.5,2024-12-19
2024121905010288,ILI,48,22,50.0,461.0,23050.0,2024-12-19
2024121905010287,SHIVM,26,42,50.0,553.0,27650.0,2024-12-19
2024121901017033,BEDC,74,88,10.0,680.0,6800.0,2024-12-19
2024121901017032,BEDC,74,87,990.0,674.0,667260.0,2024-12-19
2024121901017031,BEDC,74,6,500.0,672.0,336000.0,2024-12-19
2024121904013920,IGI,35,48,50.0,577.0,28850.0,2024-12-19
2024121905010286,CHDC,4,16,25.0,1586.0,39650.0,2024-12-19
2024121905010285,CHDC,32,16,30.0,1586.0,47580.0,2024-12-19
2024121901017030,SMHL,44,52,10.0,946.0,9460.0,2024-12-19
2024121901017029,NIMB,48,52,20.0,216.8,4336.0,2024-12-19
2024121904013919,NLG,55,52,800.0,934.0,747200.0,2024-12-19
2024121904013918,SHEL,65,64,500.0,238.7,119350.0,2024-12-19
2024121904013917,AKJCL,64,72,300.0,201.0,60300.0,2024-12-19
2024121903013522,JFL,72,58,10.0,909.9,9099.0,2024-12-19
2024121901017028,TVCL,6,70,500.0,550.0,275000.0,2024-12-19
2024121905010284,HDL,58,57,12.0,1333.0,15996.0,2024-12-19
2024121905010283,HDL,45,57,35.0,1333.0,46655.0,2024-12-19
2024121905010282,HDL,58,57,13.0,1333.0,17329.0,2024-12-19
2024121905010281,HDL,6,57,20.0,1333.0,26660.0,2024-12-19
2024121905010280,HDL,49,57,100.0,1333.0,133300.0,2024-12-19
2024121905010279,HDL,35,57,20.0,1333.5,26670.0,2024-12-19
2024121903013521,SFCL,45,57,790.0,666.6,526614.0,2024-12-19
2024121903013520,SFCL,14,57,10.0,666.7,6667.0,2024-12-19
2024121903013519,SFCL,39,57,200.0,666.7,133340.0,2024-12-19
2024121901017027,RFPL,64,42,10.0,891.5,8915.0,2024-12-19
2024121901017026,SBI,38,8,1000.0,443.0,443000.0,2024-12-19
2024121901017025,SBI,62,8,200.0,443.0,88600.0,2024-12-19
2024121903013518,GRDBL,32,6,10.0,1002.0,10020.0,2024-12-19
2024121903013517,GMFIL,44,37,25.0,580.0,14500.0,2024-12-19
2024121903013516,GMFIL,47,37,50.0,580.0,29000.0,2024-12-19
2024121905010278,NRM,29,49,240.0,430.6,103344.0,2024-12-19
2024121901017024,NMB,26,78,510.0,240.0,122400.0,2024-12-19
2024121901017023,NMB,26,45,490.0,239.9,117551.0,2024-12-19
2024121905010277,MEL,29,19,10.0,309.0,3090.0,2024-12-19
2024121901017022,JBLB,1,45,25.0,1509.0,37725.0,2024-12-19
2024121901017021,JBLB,1,78,51.0,1507.0,76857.0,2024-12-19
2024121903013515,RLFL,45,17,30.0,590.0,17700.0,2024-12-19
2024121905010276,SAHAS,33,26,12.0,476.9,5722.8,2024-12-19
2024121903013514,CFCL,39,34,50.0,607.0,30350.0,2024-12-19
2024121905010275,ILI,57,64,300.0,460.0,138000.0,2024-12-19
2024121905010274,ILI,41,64,80.0,460.0,36800.0,2024-12-19
2024121905010273,ILI,14,64,50.0,460.0,23000.0,2024-12-19
2024121905010272,ILI,14,64,100.0,460.0,46000.0,2024-12-19
2024121905010271,ILI,56,64,107.0,460.0,49220.0,2024-12-19
2024121905010270,ILI,52,64,50.0,460.0,23000.0,2024-12-19
2024121905010269,ILI,41,64,220.0,460.0,101200.0,2024-12-19
2024121901017020,MCHL,54,63,10.0,600.0,6000.0,2024-12-19
2024121904013916,AKPL,34,32,376.0,235.9,88698.4,2024-12-19
2024121904013915,AKPL,34,10,155.0,235.8,36549.0,2024-12-19
2024121904013914,AKPL,34,36,469.0,235.0,110215.0,2024-12-19
2024121903013513,JFL,58,38,10.0,910.0,9100.0,2024-12-19
2024121903013512,USLB,41,58,10.0,1520.0,15200.0,2024-12-19
2024121905010268,SHIVM,58,42,150.0,553.0,82950.0,2024-12-19
2024121904013913,RHPL,44,14,40.0,434.5,17380.0,2024-12-19
2024121904013912,OHL,14,45,10.0,890.0,8900.0,2024-12-19
2024121904013911,SHEL,65,47,1900.0,238.7,453530.0,2024-12-19
2024121901017019,KBL,42,43,150.0,212.0,31800.0,2024-12-19
2024121904013910,UMHL,59,61,100.0,321.0,32100.0,2024-12-19
2024121904013909,UPCL,28,41,100.0,271.0,27100.0,2024-12-19
2024121905010267,NRIC,62,34,20.0,739.0,14780.0,2024-12-19
2024121903013511,NADEP,62,57,50.0,952.0,47600.0,2024-12-19
2024121903013510,MPFL,32,11,23.0,699.9,16097.7,2024-12-19
2024121903013509,MPFL,32,26,70.0,699.8,48986.0,2024-12-19
2024121903013508,MPFL,32,58,10.0,698.5,6985.0,2024-12-19
2024121905010266,SMJC,17,62,140.0,525.1,73514.0,2024-12-19
2024121901017018,MEHL,17,49,100.0,446.2,44620.0,2024-12-19
2024121905010265,ILI,41,48,20.0,460.0,9200.0,2024-12-19
2024121904013908,JOSHI,72,21,164.0,453.2,74324.8,2024-12-19
2024121904013907,JOSHI,5,21,20.0,453.5,9070.0,2024-12-19
2024121903013507,GFCL,14,26,93.0,787.0,73191.0,2024-12-19
2024121903013506,GFCL,48,26,118.0,787.0,92866.0,2024-12-19
2024121901017017,GBIME,44,36,585.0,222.1,129928.5,2024-12-19
2024121901017016,GBIME,14,36,30.0,222.1,6663.0,2024-12-19
2024121901017015,GBIME,26,36,300.0,222.1,66630.0,2024-12-19
2024121903013505,SFCL,39,99,100.0,666.7,66670.0,2024-12-19
2024121901017014,MSHL,81,45,10.0,974.0,9740.0,2024-12-19
2024121905010264,CIT,16,38,10.0,2120.0,21200.0,2024-12-19
2024121904013906,SSHL,22,8,10.0,229.9,2299.0,2024-12-19
2024121905010263,NRN,22,58,50.0,943.0,47150.0,2024-12-19
2024121903013504,NFS,72,34,90.0,1098.8,98892.0,2024-12-19
2024121903013503,NFS,34,34,10.0,1098.9,10989.0,2024-12-19
2024121903013502,MFIL,66,58,175.0,671.0,117425.0,2024-12-19
2024121905010262,ENL,55,57,25.0,1240.0,31000.0,2024-12-19
2024121903013501,BFC,57,57,190.0,707.0,134330.0,2024-12-19
2024121905010261,SMJC,46,62,10.0,525.1,5251.0,2024-12-19
2024121905010260,SMJC,52,62,150.0,525.1,78765.0,2024-12-19
2024121905010259,HIDCL,43,68,200.0,234.2,46840.0,2024-12-19
2024121904013905,NLG,55,48,500.0,934.0,467000.0,2024-12-19
2024121903013500,LICN,42,49,30.0,1166.0,34980.0,2024-12-19
2024121905010258,HDL,26,55,10.0,1334.0,13340.0,2024-12-19
2024121901017013,SPC,10,26,50.0,510.2,25510.0,2024-12-19
2024121901017012,SPC,49,26,50.0,510.5,25525.0,2024-12-19
2024121901017011,SPC,58,26,375.0,510.5,191437.5,2024-12-19
2024121901017010,SPC,42,26,200.0,510.6,102120.0,2024-12-19
2024121901017009,SPC,34,26,20.0,511.0,10220.0,2024-12-19
2024121901017008,NABIL,41,34,425.0,508.9,216282.5,2024-12-19
2024121901017007,NABIL,41,54,15.0,508.8,7632.0,2024-12-19
2024121901017006,NABIL,41,26,60.0,508.5,30510.0,2024-12-19
2024121901017005,NMB,68,16,250.0,239.0,59750.0,2024-12-19
2024121901017004,SMHL,65,56,260.0,956.0,248560.0,2024-12-19
2024121903013499,BFC,45,22,100.0,705.3,70530.0,2024-12-19
2024121903013498,BFC,45,22,50.0,705.4,35270.0,2024-12-19
2024121903013497,BFC,45,22,25.0,705.5,17637.5,2024-12-19
2024121903013496,BFC,37,22,25.0,706.0,17650.0,2024-12-19
2024121903013495,NUBL,22,44,10.0,688.0,6880.0,2024-12-19
2024121904013904,LEC,17,58,100.0,200.4,20040.0,2024-12-19
2024121901017003,TSHL,6,6,55.0,852.0,46860.0,2024-12-19
2024121901017002,TSHL,39,6,55.0,852.0,46860.0,2024-12-19
2024121903013494,NLICL,34,42,10.0,577.0,5770.0,2024-12-19
2024121901017001,USHL,36,58,150.0,750.5,112575.0,2024-12-19
2024121904013903,HURJA,40,26,100.0,224.0,22400.0,2024-12-19
2024121903013493,GMFIL,47,45,150.0,580.0,87000.0,2024-12-19
2024121903013492,MDB,55,40,90.0,695.0,62550.0,2024-12-19
2024121904013902,NGPL,58,7,100.0,257.8,25780.0,2024-12-19
2024121904013901,NGPL,57,7,50.0,257.9,12895.0,2024-12-19
2024121901017000,SCB,14,7,125.0,667.0,83375.0,2024-12-19
2024121901016999,SCB,49,7,100.0,667.0,66700.0,2024-12-19
2024121901016998,KDL,42,94,198.0,1144.0,226512.0,2024-12-19
2024121901016997,KDL,41,94,30.0,1150.0,34500.0,2024-12-19
2024121901016996,KDL,48,94,50.0,1152.0,57600.0,2024-12-19
2024121901016995,KDL,52,94,100.0,1154.0,115400.0,2024-12-19
2024121901016994,KDL,91,94,100.0,1154.1,115410.0,2024-12-19
2024121901016993,KDL,14,94,11.0,1154.2,12696.2,2024-12-19
2024121901016992,KDL,19,94,11.0,1156.0,12716.0,2024-12-19
2024121903013491,JFL,72,49,15.0,909.9,13648.5,2024-12-19
2024121904013900,SPIL,49,29,22.0,795.0,17490.0,2024-12-19
2024121904013899,SPIL,49,10,38.0,795.0,30210.0,2024-12-19
2024121904013898,SPIL,49,45,20.0,795.0,15900.0,2024-12-19
2024121904013897,SPIL,49,36,10.0,794.9,7949.0,2024-12-19
2024121905010257,HATHY,1,74,300.0,1315.0,394500.0,2024-12-19
2024121905010256,HATHY,57,74,100.0,1315.0,131500.0,2024-12-19
2024121905010255,HATHY,64,74,100.0,1315.0,131500.0,2024-12-19
2024121905010254,HATHY,4,74,621.0,1315.0,816615.0,2024-12-19
2024121905010253,HATHY,57,74,25.0,1316.0,32900.0,2024-12-19
2024121904013896,AKPL,26,52,280.0,233.0,65240.0,2024-12-19
2024121904013895,AKPL,49,52,500.0,233.1,116550.0,2024-12-19
2024121904013894,AKPL,53,52,20.0,233.1,4662.0,2024-12-19
2024121904013893,AKPL,36,52,100.0,233.5,23350.0,2024-12-19
2024121903013490,GFCL,39,60,100.0,790.0,79000.0,2024-12-19
2024121901016991,SGHC,13,19,100.0,448.0,44800.0,2024-12-19
2024121901016990,KBL,22,43,141.0,212.0,29892.0,2024-12-19
2024121901016989,KBL,22,35,109.0,212.0,23108.0,2024-12-19
2024121901016988,NMB,57,45,10.0,239.9,2399.0,2024-12-19
2024121904013892,DHPL,5,42,195.0,301.3,58753.5,2024-12-19
2024121903013489,GBBL,3,42,150.0,421.0,63150.0,2024-12-19
2024121903013488,GBBL,58,42,500.0,421.0,210500.0,2024-12-19
2024121903013487,GBBL,65,42,75.0,421.0,31575.0,2024-12-19
2024121901016987,MMKJL,69,62,1000.0,672.0,672000.0,2024-12-19
2024121904013891,AKJCL,36,19,118.0,200.2,23623.6,2024-12-19
2024121904013890,AKJCL,38,19,200.0,200.2,40040.0,2024-12-19
2024121904013889,AKJCL,39,19,82.0,200.2,16416.4,2024-12-19
2024121905010252,HDL,42,55,150.0,1334.0,200100.0,2024-12-19
2024121905010251,HDL,71,55,20.0,1334.0,26680.0,2024-12-19
2024121904013888,AKJCL,41,19,500.0,200.3,100150.0,2024-12-19
2024121904013887,AKJCL,50,19,100.0,200.9,20090.0,2024-12-19
2024121901016986,KBL,35,38,223.0,211.2,47097.6,2024-12-19
2024121901016985,KBL,42,38,20.0,211.3,4226.0,2024-12-19
2024121901016984,KBL,59,38,357.0,211.3,75434.1,2024-12-19
2024121904013886,SSHL,21,8,315.0,229.9,72418.5,2024-12-19
2024121904013885,SSHL,21,17,10.0,229.9,2299.0,2024-12-19
2024121904013884,SSHL,21,13,175.0,228.3,39952.5,2024-12-19
2024121904013883,SGIC,74,51,250.0,667.9,166975.0,2024-12-19
2024121901016983,SCB,45,29,10.0,667.0,6670.0,2024-12-19
2024121901016982,SCB,4,29,330.0,667.1,220143.0,2024-12-19
2024121901016981,SCB,36,29,150.0,668.0,100200.0,2024-12-19
2024121901016980,SCB,42,29,50.0,668.0,33400.0,2024-12-19
2024121901016979,SCB,48,29,110.0,668.0,73480.0,2024-12-19
2024121901016978,MKJC,29,72,10.0,515.0,5150.0,2024-12-19
2024121903013486,BFC,60,57,10.0,707.0,7070.0,2024-12-19
2024121905010250,HDL,41,42,350.0,1334.8,467180.0,2024-12-19
2024121901016977,TVCL,49,70,305.0,550.0,167750.0,2024-12-19
2024121901016976,TVCL,36,70,19.0,550.8,10465.2,2024-12-19
2024121904013882,SSHL,70,13,765.0,228.3,174649.5,2024-12-19
2024121904013881,SSHL,46,13,60.0,228.5,13710.0,2024-12-19
2024121903013485,PROFL,58,59,120.0,639.9,76788.0,2024-12-19
2024121905010249,HRL,54,53,50.0,792.0,39600.0,2024-12-19
2024121905010248,HRL,55,53,380.0,792.0,300960.0,2024-12-19
2024121904013880,SPDL,44,58,1000.0,317.0,317000.0,2024-12-19
2024121905010247,VLUCL,7,58,100.0,650.0,65000.0,2024-12-19
2024121903013484,LBBL,14,21,11.0,485.0,5335.0,2024-12-19
2024121903013483,GBBL,65,14,1149.0,421.0,483729.0,2024-12-19
2024121903013482,GBBL,46,14,341.0,421.1,143595.1,2024-12-19
2024121903013481,GBBL,22,14,10.0,421.2,4212.0,2024-12-19
2024121903013480,ICFC,7,1,150.0,679.0,101850.0,2024-12-19
2024121904013879,HURJA,42,26,50.0,224.0,11200.0,2024-12-19
2024121903013479,NLIC,49,28,406.0,766.0,310996.0,2024-12-19
2024121903013478,NLIC,35,28,10.0,766.0,7660.0,2024-12-19
2024121903013477,NLIC,48,28,20.0,766.0,15320.0,2024-12-19
2024121903013476,NLIC,37,28,50.0,766.0,38300.0,2024-12-19
2024121903013475,NLIC,33,28,50.0,766.0,38300.0,2024-12-19
2024121903013474,NLIC,36,28,166.0,766.0,127156.0,2024-12-19
2024121903013473,NLIC,8,28,300.0,766.1,229830.0,2024-12-19
2024121903013472,NLIC,64,28,50.0,766.1,38305.0,2024-12-19
2024121903013471,NLIC,34,28,100.0,766.3,76630.0,2024-12-19
2024121903013470,NLIC,56,28,200.0,766.3,153260.0,2024-12-19
2024121903013469,NLIC,57,28,131.0,766.4,100398.4,2024-12-19
2024121903013468,NLIC,38,28,77.0,767.0,59059.0,2024-12-19
2024121903013467,NLIC,71,28,80.0,767.0,61360.0,2024-12-19
2024121903013466,NLIC,49,28,259.0,767.0,198653.0,2024-12-19
2024121903013465,NLIC,44,28,61.0,767.0,46787.0,2024-12-19
2024121903013464,NLIC,41,28,40.0,767.1,30684.0,2024-12-19
2024121901016975,LSL,39,62,500.0,233.0,116500.0,2024-12-19
2024121901016974,ULHC,54,62,20.0,483.0,9660.0,2024-12-19
2024121901016973,ULHC,43,62,10.0,483.0,4830.0,2024-12-19
2024121905010246,SHIVM,35,42,100.0,553.0,55300.0,2024-12-19
2024121905010245,SHIVM,14,42,50.0,553.0,27650.0,2024-12-19
2024121905010244,SHIVM,6,42,800.0,553.0,442400.0,2024-12-19
2024121905010243,SHIVM,5,42,20.0,553.0,11060.0,2024-12-19
2024121905010242,SHIVM,59,42,100.0,553.0,55300.0,2024-12-19
2024121905010241,SHIVM,38,42,500.0,553.0,276500.0,2024-12-19
2024121905010240,SHIVM,5,42,500.0,553.1,276550.0,2024-12-19
2024121905010239,SHIVM,34,42,508.0,553.5,281178.0,2024-12-19
2024121901016972,IHL,32,55,10.0,661.0,6610.0,2024-12-19
2024121904013878,HPPL,42,11,100.0,394.0,39400.0,2024-12-19
2024121901016971,ADBL,17,42,300.0,324.0,97200.0,2024-12-19
2024121904013877,CGH,6,36,20.0,910.0,18200.0,2024-12-19
2024121904013876,CGH,58,36,50.0,910.0,45500.0,2024-12-19
2024121904013875,CGH,45,36,30.0,912.5,27375.0,2024-12-19
2024121905010238,HIDCL,4,26,38.0,234.1,8895.8,2024-12-19
2024121905010237,HIDCL,49,26,12.0,234.2,2810.4,2024-12-19
2024121905010236,NIFRA,26,49,34.0,248.9,8462.6,2024-12-19
2024121905010235,NIFRA,26,48,150.0,248.8,37320.0,2024-12-19
2024121905010234,NIFRA,26,64,100.0,248.0,24800.0,2024-12-19
2024121905010233,NIFRA,26,36,64.0,248.0,15872.0,2024-12-19
2024121905010232,NIFRA,26,64,100.0,248.0,24800.0,2024-12-19
2024121905010231,NIFRA,26,19,1052.0,248.0,260896.0,2024-12-19
2024121904013874,UPCL,52,49,300.0,270.5,81150.0,2024-12-19
2024121904013873,UPCL,48,49,200.0,270.6,54120.0,2024-12-19
2024121903013463,ALICL,29,34,40.0,713.9,28556.0,2024-12-19
2024121903013462,ALICL,29,36,10.0,713.9,7139.0,2024-12-19
2024121901016970,NICA,28,29,50.0,390.1,19505.0,2024-12-19
2024121901016969,NICA,26,29,200.0,390.1,78020.0,2024-12-19
2024121901016968,NICA,26,29,50.0,390.2,19510.0,2024-12-19
2024121901016967,NICA,6,29,100.0,390.8,39080.0,2024-12-19
2024121901016966,NICA,62,29,500.0,391.0,195500.0,2024-12-19
2024121901016965,NICA,57,29,30.0,391.0,11730.0,2024-12-19
2024121901016964,NICA,34,29,25.0,391.0,9775.0,2024-12-19
2024121901016963,NICA,45,29,50.0,391.0,19550.0,2024-12-19
2024121901016962,NICA,42,29,120.0,391.0,46920.0,2024-12-19
2024121901016961,NICA,43,29,10.0,391.0,3910.0,2024-12-19
2024121901016960,NICA,57,29,12.0,391.0,4692.0,2024-12-19
2024121901016959,NICA,45,29,50.0,392.0,19600.0,2024-12-19
2024121904013872,UMRH,60,57,100.0,610.0,61000.0,2024-12-19
2024121901016958,RFPL,14,35,10.0,892.0,8920.0,2024-12-19
2024121905010230,NTC,42,41,20.0,937.0,18740.0,2024-12-19
2024121905010229,NTC,54,41,50.0,937.0,46850.0,2024-12-19
2024121905010228,NTC,54,41,143.0,937.0,133991.0,2024-12-19
2024121904013871,CGH,45,26,10.0,912.0,9120.0,2024-12-19
2024121904013870,HPPL,42,52,100.0,394.0,39400.0,2024-12-19
2024121901016957,SCB,39,51,100.0,668.9,66890.0,2024-12-19
2024121901016956,SCB,39,13,200.0,668.9,133780.0,2024-12-19
2024121901016955,GBIME,22,58,95.0,222.3,21118.5,2024-12-19
2024121901016954,GBIME,22,49,380.0,222.3,84474.0,2024-12-19
2024121901016953,GBIME,22,34,275.0,222.2,61105.0,2024-12-19
2024121904013869,NGPL,25,84,235.0,258.0,60630.0,2024-12-19
2024121903013461,NLIC,57,44,10.0,769.0,7690.0,2024-12-19
2024121905010227,CLI,54,58,10.0,670.0,6700.0,2024-12-19
2024121905010226,NIFRA,58,19,210.0,248.0,52080.0,2024-12-19
2024121901016952,TSHL,39,36,10.0,852.0,8520.0,2024-12-19
2024121903013460,MATRI,42,42,10.0,1250.0,12500.0,2024-12-19
2024121901016951,MCHL,32,58,10.0,604.0,6040.0,2024-12-19
2024121901016950,MCHL,32,50,30.0,600.0,18000.0,2024-12-19
2024121904013868,UMRH,65,11,65.0,609.1,39591.5,2024-12-19
2024121901016949,TVCL,38,55,500.0,551.0,275500.0,2024-12-19
2024121903013459,MFIL,36,22,50.0,672.0,33600.0,2024-12-19
2024121904013867,NGPL,41,84,45.0,258.0,11610.0,2024-12-19
2024121904013866,CHCL,1,49,200.0,563.9,112780.0,2024-12-19
2024121904013865,API,1,32,400.0,253.5,101400.0,2024-12-19
2024121903013458,SKBBL,64,56,55.0,919.0,50545.0,2024-12-19
2024121903013457,SKBBL,49,56,45.0,922.0,41490.0,2024-12-19
2024121904013864,UMRH,65,36,400.0,609.1,243640.0,2024-12-19
2024121903013456,PMLI,21,20,102.0,519.5,52989.0,2024-12-19
2024121903013455,PMLI,19,20,89.0,519.6,46244.4,2024-12-19
2024121904013863,IGI,25,48,48.0,577.0,27696.0,2024-12-19
2024121904013862,IGI,25,58,452.0,577.0,260804.0,2024-12-19
2024121904013861,NHPC,53,38,500.0,216.2,108100.0,2024-12-19
2024121904013860,HDHPC,57,40,15.0,197.9,2968.5,2024-12-19
2024121901016948,PRVU,6,57,531.0,219.1,116342.1,2024-12-19
2024121901016947,PRVU,74,57,662.0,219.5,145309.0,2024-12-19
2024121901016946,MHCL,58,33,10.0,550.0,5500.0,2024-12-19
2024121904013859,GLH,38,58,20.0,236.6,4732.0,2024-12-19
2024121903013454,SFCL,39,58,10.0,666.7,6667.0,2024-12-19
2024121904013858,RHPL,44,40,60.0,434.5,26070.0,2024-12-19
2024121904013857,RHPL,58,40,40.0,434.5,17380.0,2024-12-19
2024121901016945,MEHL,17,14,100.0,446.2,44620.0,2024-12-19
2024121903013453,JBBL,62,65,200.0,356.9,71380.0,2024-12-19
2024121903013452,ILBS,50,59,10.0,940.0,9400.0,2024-12-19
2024121901016944,GBIME,38,34,15.0,222.2,3333.0,2024-12-19
2024121901016943,MKHL,77,53,639.0,622.0,397458.0,2024-12-19
2024121901016942,MKHL,77,44,20.0,622.0,12440.0,2024-12-19
2024121903013451,NABBC,47,48,75.0,1290.0,96750.0,2024-12-19
2024121903013450,SFCL,39,48,90.0,666.7,60003.0,2024-12-19
2024121903013449,SFCL,39,48,10.0,667.0,6670.0,2024-12-19
2024121901016941,SPHL,74,21,20.0,776.0,15520.0,2024-12-19
2024121901016940,SPHL,74,35,20.0,775.0,15500.0,2024-12-19
2024121901016939,NABIL,49,49,256.0,508.0,130048.0,2024-12-19
2024121901016938,SPL,17,88,90.0,975.0,87750.0,2024-12-19
2024121901016937,SPL,14,88,10.0,975.2,9752.0,2024-12-19
2024121901016936,SPL,17,88,500.0,980.0,490000.0,2024-12-19
2024121903013448,MSLB,4,41,20.0,1501.0,30020.0,2024-12-19
2024121903013447,SWBBL,50,57,67.0,884.9,59288.3,2024-12-19
2024121903013446,SWBBL,50,16,30.0,884.0,26520.0,2024-12-19
2024121903013445,SWBBL,50,57,116.0,883.9,102532.4,2024-12-19
2024121903013444,SWBBL,50,54,33.0,883.0,29139.0,2024-12-19
2024121903013443,SWBBL,50,57,30.0,882.4,26472.0,2024-12-19
2024121903013442,SWBBL,50,41,24.0,882.0,21168.0,2024-12-19
2024121901016935,SANIMA,52,17,550.0,301.3,165715.0,2024-12-19
2024121903013441,SAPDBL,64,52,34.0,1070.0,36380.0,2024-12-19
2024121903013440,SAPDBL,19,52,50.0,1070.0,53500.0,2024-12-19
2024121903013439,SAPDBL,96,52,216.0,1070.1,231141.6,2024-12-19
2024121903013438,SFCL,39,58,100.0,667.0,66700.0,2024-12-19
2024121903013437,SFCL,39,32,390.0,667.0,260130.0,2024-12-19
2024121904013856,SJCL,34,13,353.0,355.2,125385.6,2024-12-19
2024121904013855,SJCL,34,13,147.0,355.2,52214.4,2024-12-19
2024121903013436,SFCL,84,32,500.0,667.0,333500.0,2024-12-19
2024121901016934,HBL,58,43,20.0,232.0,4640.0,2024-12-19
2024121905010225,GCIL,42,45,10.0,470.0,4700.0,2024-12-19
2024121904013854,NHPC,36,32,28.0,216.0,6048.0,2024-12-19
2024121901016933,CZBIL,14,32,460.0,214.0,98440.0,2024-12-19
2024121901016932,CZBIL,26,32,50.0,214.0,10700.0,2024-12-19
2024121904013853,UPPER,32,38,305.0,203.9,62189.5,2024-12-19
2024121903013435,MSLB,44,57,10.0,1527.0,15270.0,2024-12-19
2024121904013852,UPPER,58,38,95.0,203.9,19370.5,2024-12-19
2024121901016931,CYCL,77,37,12.0,1591.0,19092.0,2024-12-19
2024121901016930,UHEWA,16,21,30.0,670.0,20100.0,2024-12-19
2024121901016929,UHEWA,4,21,300.0,670.1,201030.0,2024-12-19
2024121901016928,UHEWA,25,21,90.0,670.1,60309.0,2024-12-19
2024121901016927,UHEWA,4,21,55.0,672.0,36960.0,2024-12-19
2024121901016926,UHEWA,42,21,25.0,672.0,16800.0,2024-12-19
2024121904013851,UPCL,21,41,20.0,271.0,5420.0,2024-12-19
2024121901016925,SMH,1,40,30.0,989.0,29670.0,2024-12-19
2024121901016924,SMH,1,42,20.0,986.0,19720.0,2024-12-19
2024121901016923,HHL,38,16,10.0,511.5,5115.0,2024-12-19
2024121901016922,NABIL,49,33,44.0,508.0,22352.0,2024-12-19
2024121901016921,NABIL,34,33,100.0,508.0,50800.0,2024-12-19
2024121901016920,NABIL,34,33,65.0,508.0,33020.0,2024-12-19
2024121903013434,SMFBS,71,45,50.0,1891.0,94550.0,2024-12-19
2024121901016919,SPL,80,4,34.0,983.0,33422.0,2024-12-19
2024121901016918,SPL,80,38,66.0,982.0,64812.0,2024-12-19
2024121901016917,BEDC,7,87,10.0,674.0,6740.0,2024-12-19
2024121903013433,SHINE,13,8,100.0,436.2,43620.0,2024-12-19
2024121901016916,NABIL,19,26,10.0,508.5,5085.0,2024-12-19
2024121901016915,SMH,50,42,50.0,986.0,49300.0,2024-12-19
2024121904013850,AKPL,17,36,765.0,235.0,179775.0,2024-12-19
2024121904013849,AKPL,17,4,100.0,234.8,23480.0,2024-12-19
2024121904013848,AKPL,17,53,100.0,234.8,23480.0,2024-12-19
2024121904013847,AKPL,17,48,500.0,234.7,117350.0,2024-12-19
2024121904013846,AKPL,17,1,200.0,234.0,46800.0,2024-12-19
2024121904013845,AKPL,17,58,135.0,233.5,31522.5,2024-12-19
2024121901016914,DOLTI,58,38,335.0,690.0,231150.0,2024-12-19
2024121905010224,NIFRA,21,19,50.0,248.0,12400.0,2024-12-19
2024121904013844,HPPL,21,19,10.0,394.8,3948.0,2024-12-19
2024121904013843,AKJCL,26,72,300.0,201.0,60300.0,2024-12-19
2024121901016913,PRVU,74,49,58.0,219.5,12731.0,2024-12-19
2024121901016912,PRVU,74,26,80.0,219.5,17560.0,2024-12-19
2024121901016911,PRVU,74,28,700.0,219.5,153650.0,2024-12-19
2024121903013432,MDB,55,90,200.0,695.0,139000.0,2024-12-19
2024121904013842,MHNL,50,57,10.0,264.0,2640.0,2024-12-19
2024121904013841,MHNL,50,39,125.0,263.9,32987.5,2024-12-19
2024121904013840,MHNL,50,37,10.0,261.0,2610.0,2024-12-19
2024121904013839,NICL,62,45,110.0,957.0,105270.0,2024-12-19
2024121904013838,NICL,32,45,50.0,957.0,47850.0,2024-12-19
2024121904013837,NICL,35,45,10.0,957.0,9570.0,2024-12-19
2024121904013836,NICL,57,45,90.0,957.0,86130.0,2024-12-19
2024121904013835,NICL,56,45,500.0,957.3,478650.0,2024-12-19
2024121904013834,NICL,44,45,300.0,957.6,287280.0,2024-12-19
2024121904013833,NICL,44,45,50.0,957.7,47885.0,2024-12-19
2024121904013832,NICL,5,45,10.0,957.7,9577.0,2024-12-19
2024121901016910,ULBSL,39,6,10.0,3520.0,35200.0,2024-12-19
2024121904013831,NICL,45,45,30.0,957.8,28734.0,2024-12-19
2024121905010223,SMATA,40,25,10.0,817.2,8172.0,2024-12-19
2024121901016909,TVCL,36,25,20.0,550.8,11016.0,2024-12-19
2024121903013431,MFIL,66,6,102.0,671.0,68442.0,2024-12-19
2024121904013830,HPPL,67,57,25.0,393.5,9837.5,2024-12-19
2024121905010222,SHIVM,41,57,20.0,554.0,11080.0,2024-12-19
2024121905010221,SHIVM,95,57,73.0,554.0,40442.0,2024-12-19
2024121905010220,HIDCL,57,8,50.0,234.4,11720.0,2024-12-19
2024121904013829,NHPC,36,57,32.0,216.0,6912.0,2024-12-19
2024121904013828,NHPC,1,57,500.0,216.0,108000.0,2024-12-19
2024121904013827,NHPC,3,57,60.0,216.0,12960.0,2024-12-19
2024121904013826,NHPC,44,57,301.0,216.0,65016.0,2024-12-19
2024121904013825,NHPC,49,57,500.0,216.0,108000.0,2024-12-19
2024121904013824,NHPC,52,57,250.0,216.0,54000.0,2024-12-19
2024121904013823,NHPC,26,57,859.0,216.0,185544.0,2024-12-19
2024121904013822,NHPC,17,57,498.0,216.2,107667.6,2024-12-19
2024121905010219,GCIL,52,47,450.0,469.0,211050.0,2024-12-19
2024121905010218,GCIL,34,47,50.0,469.2,23460.0,2024-12-19
2024121904013821,SHL,55,40,100.0,470.0,47000.0,2024-12-19
2024121904013820,SHL,42,40,150.0,470.0,70500.0,2024-12-19
2024121904013819,SHL,52,40,100.0,470.0,47000.0,2024-12-19
2024121904013818,SHL,4,40,1000.0,470.0,470000.0,2024-12-19
2024121904013817,SHL,66,40,200.0,470.2,94040.0,2024-12-19
2024121904013816,SHL,44,40,100.0,470.2,47020.0,2024-12-19
2024121904013815,SHL,45,40,100.0,470.3,47030.0,2024-12-19
2024121904013814,SHL,66,40,200.0,470.3,94060.0,2024-12-19
2024121903013430,SHINE,28,34,100.0,437.9,43790.0,2024-12-19
2024121901016908,HHL,38,28,500.0,511.5,255750.0,2024-12-19
2024121901016907,SGHC,58,19,100.0,448.0,44800.0,2024-12-19
2024121905010217,CLI,44,7,12.0,675.0,8100.0,2024-12-19
2024121905010216,CLI,44,45,10.0,675.0,6750.0,2024-12-19
2024121905010215,CLI,44,35,20.0,675.0,13500.0,2024-12-19
2024121905010214,CLI,44,58,10.0,675.0,6750.0,2024-12-19
2024121905010213,CLI,44,34,50.0,674.8,33740.0,2024-12-19
2024121905010212,CLI,44,80,143.0,674.8,96496.4,2024-12-19
2024121905010211,CLI,44,53,50.0,674.7,33735.0,2024-12-19
2024121905010210,CLI,44,18,100.0,674.0,67400.0,2024-12-19
2024121905010209,CLI,44,44,105.0,670.0,70350.0,2024-12-19
2024121904013813,BARUN,58,38,350.0,406.7,142345.0,2024-12-19
2024121905010208,NRN,42,21,500.0,943.0,471500.0,2024-12-19
2024121901016906,TVCL,36,32,61.0,550.8,33598.8,2024-12-19
2024121903013429,SKBBL,49,7,25.0,922.0,23050.0,2024-12-19
2024121901016905,BHDC,14,49,30.0,641.0,19230.0,2024-12-19
2024121903013428,MFIL,50,22,50.0,672.0,33600.0,2024-12-19
2024121904013812,SGIC,94,1,54.0,667.0,36018.0,2024-12-19
2024121904013811,LEC,10,22,1644.0,201.5,331266.0,2024-12-19
2024121904013810,LEC,10,52,3000.0,201.0,603000.0,2024-12-19
2024121904013809,LEC,10,21,500.0,201.0,100500.0,2024-12-19
2024121904013808,LEC,10,58,454.0,200.9,91208.6,2024-12-19
2024121904013807,LEC,10,48,17.0,200.9,3415.3,2024-12-19
2024121904013806,LEC,10,22,80.0,200.5,16040.0,2024-12-19
2024121904013805,LEC,10,22,305.0,200.5,61152.5,2024-12-19
2024121905010207,NRN,64,61,500.0,943.1,471550.0,2024-12-19
2024121901016904,CKHL,14,45,70.0,725.0,50750.0,2024-12-19
2024121901016903,DOLTI,58,20,50.0,690.0,34500.0,2024-12-19
2024121903013427,SIFC,56,13,100.0,583.1,58310.0,2024-12-19
2024121903013426,SIFC,51,13,300.0,583.2,174960.0,2024-12-19
2024121903013425,SIFC,43,13,100.0,584.0,58400.0,2024-12-19
2024121901016902,SMHL,65,56,1740.0,956.0,1663440.0,2024-12-19
2024121901016901,SMHL,65,37,140.0,956.0,133840.0,2024-12-19
2024121901016900,SMHL,65,34,100.0,955.0,95500.0,2024-12-19
2024121901016899,SMHL,65,17,20.0,955.0,19100.0,2024-12-19
2024121903013424,GFCL,48,84,182.0,787.0,143234.0,2024-12-19
2024121903013423,GFCL,34,84,50.0,788.0,39400.0,2024-12-19
2024121903013422,GFCL,77,84,200.0,788.0,157600.0,2024-12-19
2024121903013421,GFCL,46,84,10.0,788.0,7880.0,2024-12-19
2024121903013420,GFCL,45,84,100.0,788.0,78800.0,2024-12-19
2024121903013419,GFCL,22,84,100.0,788.0,78800.0,2024-12-19
2024121903013418,GFCL,25,84,100.0,788.0,78800.0,2024-12-19
2024121903013417,GFCL,57,84,100.0,788.0,78800.0,2024-12-19
2024121903013416,GFCL,25,84,100.0,788.0,78800.0,2024-12-19
2024121903013415,GFCL,5,84,300.0,788.0,236400.0,2024-12-19
2024121903013414,GFCL,1,84,200.0,788.1,157620.0,2024-12-19
2024121903013413,GFCL,58,84,126.0,789.0,99414.0,2024-12-19
2024121903013412,GFCL,35,84,10.0,789.0,7890.0,2024-12-19
2024121903013411,GFCL,45,84,92.0,789.0,72588.0,2024-12-19
2024121903013410,GFCL,26,84,300.0,790.0,237000.0,2024-12-19
2024121903013409,GFCL,11,84,30.0,790.0,23700.0,2024-12-19
2024121904013804,HPPL,25,19,70.0,394.8,27636.0,2024-12-19
2024121904013803,HPPL,25,43,320.0,394.8,126336.0,2024-12-19
2024121904013802,HPPL,25,58,10.0,394.0,3940.0,2024-12-19
2024121904013801,HPPL,25,67,100.0,394.0,39400.0,2024-12-19
2024121904013800,HPPL,25,58,100.0,394.0,39400.0,2024-12-19
2024121904013799,HPPL,25,25,400.0,394.0,157600.0,2024-12-19
2024121901016898,TPC,55,46,135.0,534.1,72103.5,2024-12-19
2024121905010206,HDL,8,57,48.0,1334.0,64032.0,2024-12-19
2024121903013408,SKBBL,64,7,200.0,919.0,183800.0,2024-12-19
2024121901016897,GBIME,36,34,10.0,222.2,2222.0,2024-12-19
2024121901016896,GBIME,57,34,100.0,222.2,22220.0,2024-12-19
2024121904013798,NGPL,62,84,10.0,258.0,2580.0,2024-12-19
2024121901016895,ADBL,8,42,15.0,324.0,4860.0,2024-12-19
2024121901016894,SBI,5,8,1000.0,443.1,443100.0,2024-12-19
2024121903013407,CBBL,8,34,17.0,912.0,15504.0,2024-12-19
2024121905010205,PHCL,58,19,20.0,513.0,10260.0,2024-12-19
2024121905010204,PHCL,38,19,51.0,513.1,26168.1,2024-12-19
2024121905010203,PHCL,25,19,100.0,514.0,51400.0,2024-12-19
2024121901016893,BHPL,48,58,51.0,755.0,38505.0,2024-12-19
2024121901016892,BHPL,47,58,38.0,755.0,28690.0,2024-12-19
2024121901016891,BHPL,81,58,70.0,755.1,52857.0,2024-12-19
2024121903013406,BFC,45,71,25.0,705.5,17637.5,2024-12-19
2024121903013405,BFC,4,71,19.0,705.6,13406.4,2024-12-19
2024121903013404,BFC,58,71,92.0,705.7,64924.4,2024-12-19
2024121903013403,BFC,56,71,200.0,706.0,141200.0,2024-12-19
2024121903013402,BFC,48,71,60.0,706.0,42360.0,2024-12-19
2024121903013401,BFC,21,71,30.0,706.0,21180.0,2024-12-19
2024121903013400,BFC,49,71,63.0,706.0,44478.0,2024-12-19
2024121903013399,BFC,49,71,47.0,706.1,33186.7,2024-12-19
2024121903013398,BFC,36,71,200.0,706.1,141220.0,2024-12-19
2024121903013397,BFC,49,71,30.0,706.2,21186.0,2024-12-19
2024121903013396,BFC,56,71,135.0,706.5,95377.5,2024-12-19
2024121903013395,BFC,35,71,34.0,706.6,24024.4,2024-12-19
