transaction,symbol,buyer,seller,quantity,rate,amount,date
2024042501019028,BHL,45,81,10.0,329.4,3294.0,2024-04-25
2024042501019027,RNLI,62,45,14.0,423.0,5922.0,2024-04-25
2024042501019026,RNLI,22,45,10.0,423.0,4230.0,2024-04-25
2024042501019025,RNLI,46,45,27.0,423.0,11421.0,2024-04-25
2024042503013204,GUFL,62,38,250.0,770.0,192500.0,2024-04-25
2024042501019024,SHIVM,42,62,15.0,499.5,7492.5,2024-04-25
2024042501019023,SHIVM,59,62,100.0,499.5,49950.0,2024-04-25
2024042501019022,SHIVM,32,62,277.0,499.5,138361.5,2024-04-25
2024042501019021,PPL,48,58,10.0,672.8,6728.0,2024-04-25
2024042501019020,MEL,48,6,10.0,228.7,2287.0,2024-04-25
2024042501019019,KBL,48,57,10.0,134.0,1340.0,2024-04-25
2024042501019018,KBL,48,25,300.0,134.0,40200.0,2024-04-25
2024042501019017,KBL,48,28,500.0,134.0,67000.0,2024-04-25
2024042501019016,KBL,48,58,85.0,134.0,11390.0,2024-04-25
2024042501019015,KBL,48,36,10.0,133.9,1339.0,2024-04-25
2024042501019014,KBL,48,25,71.0,133.9,9506.9,2024-04-25
2024042501019013,KBL,48,19,24.0,133.0,3192.0,2024-04-25
2024042501019012,CYCL,48,34,10.0,1545.0,15450.0,2024-04-25
2024042503013203,GFCL,34,21,10.0,457.0,4570.0,2024-04-25
2024042501019011,MCHL,64,28,20.0,379.0,7580.0,2024-04-25
2024042501019010,PPL,25,5,20.0,672.0,13440.0,2024-04-25
2024042501019009,EBL,39,43,10.0,505.0,5050.0,2024-04-25
2024042501019008,IHL,35,6,10.0,371.0,3710.0,2024-04-25
2024042501019007,PPL,17,6,20.0,601.2,12024.0,2024-04-25
2024042501019006,PPL,64,6,80.0,602.0,48160.0,2024-04-25
2024042501019005,PPL,64,6,50.0,602.0,30100.0,2024-04-25
2024042503013202,PFL,71,28,30.0,610.0,18300.0,2024-04-25
2024042503013201,PFL,71,28,10.0,610.0,6100.0,2024-04-25
2024042503013200,NFS,71,32,10.0,463.0,4630.0,2024-04-25
2024042503013199,PFL,71,28,200.0,610.0,122000.0,2024-04-25
2024042501019004,GCIL,35,35,40.0,488.0,19520.0,2024-04-25
2024042501019003,GCIL,35,19,60.0,488.0,29280.0,2024-04-25
2024042501019002,IHL,56,91,10.0,375.8,3758.0,2024-04-25
2024042503013198,SFCL,35,45,10.0,329.0,3290.0,2024-04-25
2024042503013197,NICLBSL,49,35,84.0,635.0,53340.0,2024-04-25
2024042503013196,NICLBSL,13,35,216.0,635.0,137160.0,2024-04-25
2024042503013195,SADBL,50,45,10.0,289.3,2893.0,2024-04-25
2024042503013194,GUFL,26,38,50.0,770.0,38500.0,2024-04-25
2024042501019001,PPL,26,5,10.0,672.0,6720.0,2024-04-25
2024042504006665,GHL,36,38,1400.0,148.1,207340.0,2024-04-25
2024042504006664,GHL,48,38,100.0,148.1,14810.0,2024-04-25
2024042503013193,SAPDBL,17,19,500.0,292.3,146150.0,2024-04-25
2024042503013192,SAPDBL,32,19,500.0,292.5,146250.0,2024-04-25
2024042503013191,SAPDBL,48,19,450.0,292.5,131625.0,2024-04-25
2024042503013190,SAPDBL,28,19,245.0,292.6,71687.0,2024-04-25
2024042503013189,JFL,88,14,20.0,455.0,9100.0,2024-04-25
2024042501019000,SMJC,42,71,10.0,369.0,3690.0,2024-04-25
2024042504006663,AHPC,58,42,34.0,162.0,5508.0,2024-04-25
2024042504006662,AHPC,26,42,89.0,162.0,14418.0,2024-04-25
2024042504006661,AHPC,38,42,100.0,162.1,16210.0,2024-04-25
2024042504006660,AHPC,47,42,263.0,162.1,42632.3,2024-04-25
2024042501018999,ILI,42,22,40.0,569.9,22796.0,2024-04-25
2024042501018998,ILI,42,35,10.0,569.9,5699.0,2024-04-25
2024042504006659,MHNL,42,40,60.0,228.0,13680.0,2024-04-25
2024042504006658,MHNL,42,41,30.0,227.0,6810.0,2024-04-25
2024042504006657,MHNL,42,45,40.0,226.1,9044.0,2024-04-25
2024042504006656,MHNL,42,34,50.0,224.4,11220.0,2024-04-25
2024042504006655,MHNL,42,68,20.0,224.0,4480.0,2024-04-25
2024042501018997,PPL,58,5,20.0,672.0,13440.0,2024-04-25
2024042501018996,MHCL,53,42,140.0,376.9,52766.0,2024-04-25
2024042501018995,MHCL,53,52,60.0,375.0,22500.0,2024-04-25
2024042501018994,PPL,58,45,17.0,670.0,11390.0,2024-04-25
2024042504006654,JOSHI,45,58,48.0,337.0,16176.0,2024-04-25
2024042501018993,MEHL,45,58,174.0,305.0,53070.0,2024-04-25
2024042501018992,MEHL,40,58,200.0,305.0,61000.0,2024-04-25
2024042501018991,MEHL,13,58,200.0,305.1,61020.0,2024-04-25
2024042501018990,MEHL,94,58,200.0,305.2,61040.0,2024-04-25
2024042501018989,MEHL,91,58,276.0,306.0,84456.0,2024-04-25
2024042501018988,MEHL,55,58,200.0,306.1,61220.0,2024-04-25
2024042501018987,MEHL,49,58,50.0,307.0,15350.0,2024-04-25
2024042501018986,EHPL,41,17,80.0,479.7,38376.0,2024-04-25
2024042501018985,EHPL,41,38,10.0,479.0,4790.0,2024-04-25
2024042501018984,EHPL,41,58,10.0,478.0,4780.0,2024-04-25
2024042504006653,NHDL,14,66,60.0,412.0,24720.0,2024-04-25
2024042503013188,SAPDBL,57,74,10.0,294.0,2940.0,2024-04-25
2024042501018983,BNHC,57,47,10.0,451.0,4510.0,2024-04-25
2024042501018982,LSL,33,49,69.0,148.0,10212.0,2024-04-25
2024042503013187,GLBSL,13,7,40.0,1968.8,78752.0,2024-04-25
2024042504006652,OHL,45,58,10.0,706.0,7060.0,2024-04-25
2024042501018981,SMHL,14,4,20.0,430.0,8600.0,2024-04-25
2024042504006651,UPPER,14,37,50.0,165.6,8280.0,2024-04-25
2024042504006650,UPPER,14,10,100.0,165.5,16550.0,2024-04-25
2024042503013186,NABBC,62,62,291.0,432.1,125741.1,2024-04-25
2024042503013185,NABBC,51,62,100.0,432.2,43220.0,2024-04-25
2024042503013184,NABBC,62,62,100.0,434.0,43400.0,2024-04-25
2024042503013183,NABBC,14,62,50.0,436.2,21810.0,2024-04-25
2024042503013182,NABBC,33,62,50.0,436.2,21810.0,2024-04-25
2024042503013181,NABBC,35,62,200.0,436.7,87340.0,2024-04-25
2024042503013180,NABBC,62,62,50.0,437.0,21850.0,2024-04-25
2024042503013179,NABBC,55,62,100.0,438.0,43800.0,2024-04-25
2024042503013178,NABBC,83,62,250.0,440.1,110025.0,2024-04-25
2024042503013177,NABBC,45,62,200.0,441.0,88200.0,2024-04-25
2024042503013176,NABBC,49,62,100.0,441.1,44110.0,2024-04-25
2024042503013175,NABBC,22,62,50.0,441.1,22055.0,2024-04-25
2024042501018980,SPHL,8,42,10.0,463.0,4630.0,2024-04-25
2024042501018979,SPHL,8,58,10.0,461.0,4610.0,2024-04-25
2024042501018978,TVCL,34,4,10.0,470.0,4700.0,2024-04-25
2024042503013174,PFL,39,28,30.0,610.0,18300.0,2024-04-25
2024042501018977,PPL,69,65,12.0,672.8,8073.6,2024-04-25
2024042501018976,BNT,6,44,10.0,12500.0,125000.0,2024-04-25
2024042503013173,SFCL,13,45,10.0,329.0,3290.0,2024-04-25
2024042505003119,ENL,32,60,36.0,785.0,28260.0,2024-04-25
2024042505003118,ENL,7,60,50.0,786.0,39300.0,2024-04-25
2024042503013172,GMFIL,60,29,20.0,370.0,7400.0,2024-04-25
2024042503013171,GMFIL,60,34,60.0,370.0,22200.0,2024-04-25
2024042501018975,MHCL,71,52,10.0,375.0,3750.0,2024-04-25
2024042501018974,PCBL,56,34,10.0,195.3,1953.0,2024-04-25
2024042501018973,SBL,50,66,500.0,216.8,108400.0,2024-04-25
2024042501018972,SBL,50,28,11.0,216.7,2383.7,2024-04-25
2024042503013170,SABSL,55,35,26.0,725.0,18850.0,2024-04-25
2024042501018971,PPL,50,65,20.0,672.8,13456.0,2024-04-25
2024042501018970,RFPL,50,22,10.0,367.0,3670.0,2024-04-25
2024042504006649,LEC,94,35,30.0,181.0,5430.0,2024-04-25
2024042504006648,LEC,94,38,20.0,180.9,3618.0,2024-04-25
2024042503013169,GMFBS,16,49,10.0,1103.9,11039.0,2024-04-25
2024042503013168,NLIC,38,16,64.0,586.0,37504.0,2024-04-25
2024042501018969,RHGCL,26,45,10.0,338.6,3386.0,2024-04-25
2024042503013167,USLB,75,38,10.0,1920.0,19200.0,2024-04-25
2024042501018968,NRM,38,1,10.0,353.0,3530.0,2024-04-25
2024042503013166,GFCL,8,21,80.0,459.0,36720.0,2024-04-25
2024042505003117,SMATA,88,29,10.0,711.0,7110.0,2024-04-25
2024042501018967,PPL,88,65,15.0,672.8,10092.0,2024-04-25
2024042501018966,ILI,42,16,100.0,570.0,57000.0,2024-04-25
2024042504006647,SJCL,52,41,10.0,272.4,2724.0,2024-04-25
2024042504006646,SJCL,52,35,50.0,271.0,13550.0,2024-04-25
2024042501018965,BEDC,4,38,10.0,366.0,3660.0,2024-04-25
2024042501018964,BEDC,4,35,10.0,365.0,3650.0,2024-04-25
2024042503013165,SWBBL,44,25,10.0,725.0,7250.0,2024-04-25
2024042501018963,NRM,53,1,240.0,353.0,84720.0,2024-04-25
2024042501018962,NRM,53,42,10.0,353.0,3530.0,2024-04-25
2024042501018961,NRM,53,58,10.0,353.0,3530.0,2024-04-25
2024042501018960,NRM,53,49,140.0,353.0,49420.0,2024-04-25
2024042503013164,NABBC,20,58,10.0,451.2,4512.0,2024-04-25
2024042501018959,ULHC,58,45,78.0,333.0,25974.0,2024-04-25
2024042501018958,ULHC,58,17,50.0,332.0,16600.0,2024-04-25
2024042501018957,ULHC,58,44,10.0,332.0,3320.0,2024-04-25
2024042501018956,ULHC,58,53,250.0,331.5,82875.0,2024-04-25
2024042501018955,ULHC,58,41,112.0,330.0,36960.0,2024-04-25
2024042503013163,BFC,41,1,147.0,369.0,54243.0,2024-04-25
2024042503013162,BFC,41,38,50.0,369.0,18450.0,2024-04-25
2024042501018954,MEHL,8,66,100.0,306.3,30630.0,2024-04-25
2024042501018953,MEHL,45,66,200.0,306.4,61280.0,2024-04-25
2024042501018952,MEHL,43,62,21.0,310.0,6510.0,2024-04-25
2024042501018951,NRM,1,49,10.0,353.0,3530.0,2024-04-25
2024042504006645,OHL,57,58,10.0,706.0,7060.0,2024-04-25
2024042501018950,RAWA,36,45,10.0,478.0,4780.0,2024-04-25
2024042503013161,SADBL,41,45,23.0,289.3,6653.9,2024-04-25
2024042503013160,SADBL,33,45,20.0,290.0,5800.0,2024-04-25
2024042503013159,SADBL,26,45,173.0,291.0,50343.0,2024-04-25
2024042503013158,GRDBL,14,45,21.0,399.9,8397.9,2024-04-25
2024042503013157,ALBSL,62,56,10.0,724.0,7240.0,2024-04-25
2024042503013156,ALBSL,62,57,10.0,723.0,7230.0,2024-04-25
2024042503013155,ALBSL,62,7,10.0,721.0,7210.0,2024-04-25
2024042501018949,PPL,62,65,1950.0,672.8,1311960.0,2024-04-25
2024042501018948,PPL,62,58,20.0,672.8,13456.0,2024-04-25
2024042501018947,PPL,62,58,20.0,672.8,13456.0,2024-04-25
2024042501018946,PPL,62,69,1000.0,672.0,672000.0,2024-04-25
2024042501018945,PPL,62,69,1000.0,619.1,619100.0,2024-04-25
2024042501018944,PPL,62,57,170.0,619.0,105230.0,2024-04-25
2024042501018943,PPL,62,91,500.0,618.0,309000.0,2024-04-25
2024042501018942,PPL,62,72,250.0,615.9,153975.0,2024-04-25
2024042501018941,PPL,62,22,10.0,615.0,6150.0,2024-04-25
2024042501018940,PPL,62,49,35.0,615.0,21525.0,2024-04-25
2024042501018939,PPL,62,47,400.0,615.0,246000.0,2024-04-25
2024042501018938,PPL,62,72,10.0,615.0,6150.0,2024-04-25
2024042501018937,PPL,62,35,10.0,615.0,6150.0,2024-04-25
2024042501018936,PPL,62,36,250.0,615.0,153750.0,2024-04-25
2024042501018935,PPL,62,6,20.0,615.0,12300.0,2024-04-25
2024042501018934,PPL,62,13,500.0,615.0,307500.0,2024-04-25
2024042501018933,PPL,62,58,10.0,613.6,6136.0,2024-04-25
2024042501018932,PPL,62,33,300.0,613.6,184080.0,2024-04-25
2024042501018931,PPL,62,52,10.0,613.2,6132.0,2024-04-25
2024042501018930,PPL,62,41,10.0,613.2,6132.0,2024-04-25
2024042501018929,PPL,62,41,10.0,613.2,6132.0,2024-04-25
2024042501018928,PPL,62,34,35.0,613.2,21462.0,2024-04-25
2024042501018927,PPL,62,14,10.0,613.0,6130.0,2024-04-25
2024042501018926,PPL,62,25,10.0,613.0,6130.0,2024-04-25
2024042501018925,PPL,62,44,10.0,613.0,6130.0,2024-04-25
2024042501018924,PPL,62,42,35.0,613.0,21455.0,2024-04-25
2024042501018923,PPL,62,38,10.0,613.0,6130.0,2024-04-25
2024042501018922,PPL,62,58,10.0,613.0,6130.0,2024-04-25
2024042501018921,PPL,62,22,10.0,613.0,6130.0,2024-04-25
2024042501018920,PPL,62,57,10.0,613.0,6130.0,2024-04-25
2024042501018919,PPL,62,56,10.0,611.0,6110.0,2024-04-25
2024042501018918,PPL,62,6,10.0,610.0,6100.0,2024-04-25
2024042501018917,PPL,62,49,10.0,610.0,6100.0,2024-04-25
2024042501018916,PPL,62,14,10.0,610.0,6100.0,2024-04-25
2024042501018915,PPL,62,49,10.0,610.0,6100.0,2024-04-25
2024042501018914,PPL,62,58,10.0,610.0,6100.0,2024-04-25
2024042501018913,PPL,62,25,10.0,610.0,6100.0,2024-04-25
2024042501018912,PPL,62,58,10.0,610.0,6100.0,2024-04-25
2024042501018911,PPL,62,49,10.0,610.0,6100.0,2024-04-25
2024042501018910,PPL,62,7,10.0,610.0,6100.0,2024-04-25
2024042501018909,PPL,62,10,10.0,610.0,6100.0,2024-04-25
2024042501018908,PPL,62,55,10.0,610.0,6100.0,2024-04-25
2024042501018907,PPL,62,65,10.0,610.0,6100.0,2024-04-25
2024042501018906,PPL,62,22,10.0,609.0,6090.0,2024-04-25
2024042501018905,PPL,62,36,10.0,608.0,6080.0,2024-04-25
2024042501018904,PPL,62,58,10.0,608.0,6080.0,2024-04-25
2024042501018903,PPL,62,58,10.0,608.0,6080.0,2024-04-25
2024042501018902,PPL,62,28,120.0,608.0,72960.0,2024-04-25
2024042501018901,PPL,62,21,10.0,603.0,6030.0,2024-04-25
2024042501018900,PPL,62,55,10.0,603.0,6030.0,2024-04-25
2024042501018899,PPL,62,33,565.0,603.0,340695.0,2024-04-25
2024042501018898,SARBTM,35,22,50.0,786.0,39300.0,2024-04-25
2024042503013154,NABBC,48,58,10.0,451.2,4512.0,2024-04-25
2024042503013153,GFCL,34,29,10.0,460.0,4600.0,2024-04-25
2024042501018897,CYCL,25,26,19.0,1542.0,29298.0,2024-04-25
2024042505003116,CIT,39,47,10.0,2095.0,20950.0,2024-04-25
2024042501018896,ILI,89,16,10.0,570.0,5700.0,2024-04-25
2024042501018895,RHGCL,69,42,530.0,340.0,180200.0,2024-04-25
2024042501018894,RHGCL,69,25,10.0,340.0,3400.0,2024-04-25
2024042501018893,RHGCL,69,57,10.0,340.0,3400.0,2024-04-25
2024042501018892,RHGCL,69,44,30.0,340.0,10200.0,2024-04-25
2024042501018891,RHGCL,69,68,800.0,340.0,272000.0,2024-04-25
2024042501018890,RHGCL,69,17,40.0,340.0,13600.0,2024-04-25
2024042501018889,RHGCL,69,32,200.0,339.9,67980.0,2024-04-25
2024042501018888,RHGCL,69,34,300.0,339.2,101760.0,2024-04-25
2024042501018887,RHGCL,69,58,10.0,338.9,3389.0,2024-04-25
2024042501018886,RHGCL,69,34,70.0,338.7,23709.0,2024-04-25
2024042503013152,JFL,14,13,100.0,453.4,45340.0,2024-04-25
2024042504006644,SICL,75,34,10.0,683.9,6839.0,2024-04-25
2024042504006643,SICL,75,59,10.0,683.8,6838.0,2024-04-25
2024042503013151,MDB,60,62,10.0,428.0,4280.0,2024-04-25
2024042501018885,MKLB,71,25,10.0,949.0,9490.0,2024-04-25
2024042503013150,SWBBL,59,57,10.0,724.0,7240.0,2024-04-25
2024042501018884,ILI,34,32,10.0,569.5,5695.0,2024-04-25
2024042501018883,PCBL,16,34,100.0,195.3,19530.0,2024-04-25
2024042501018882,SARBTM,38,32,10.0,788.0,7880.0,2024-04-25
2024042501018881,IHL,21,38,10.0,375.9,3759.0,2024-04-25
2024042501018880,MKLB,88,25,10.0,949.0,9490.0,2024-04-25
2024042501018879,MAKAR,38,60,10.0,375.0,3750.0,2024-04-25
2024042503013149,GUFL,49,38,50.0,770.0,38500.0,2024-04-25
2024042503013148,GUFL,38,38,20.0,770.0,15400.0,2024-04-25
2024042503013147,GUFL,13,38,100.0,770.0,77000.0,2024-04-25
2024042503013146,GUFL,34,38,200.0,770.0,154000.0,2024-04-25
2024042503013145,GUFL,41,38,100.0,770.0,77000.0,2024-04-25
2024042503013144,GUFL,36,38,70.0,770.0,53900.0,2024-04-25
2024042503013143,GUFL,55,38,10.0,770.0,7700.0,2024-04-25
2024042503013142,GUFL,41,38,50.0,770.0,38500.0,2024-04-25
2024042503013141,GUFL,51,38,50.0,770.0,38500.0,2024-04-25
2024042503013140,GUFL,5,38,100.0,770.0,77000.0,2024-04-25
2024042503013139,GUFL,7,38,260.0,770.0,200200.0,2024-04-25
2024042501018878,SHIVM,32,42,100.0,499.5,49950.0,2024-04-25
2024042503013138,GLBSL,38,51,60.0,1972.9,118374.0,2024-04-25
2024042503013137,GLBSL,38,72,100.0,1970.0,197000.0,2024-04-25
2024042503013136,GLBSL,38,41,10.0,1970.0,19700.0,2024-04-25
2024042503013135,GLBSL,38,33,180.0,1970.0,354600.0,2024-04-25
2024042503013134,GLBSL,38,71,50.0,1969.0,98450.0,2024-04-25
2024042504006642,CGH,6,42,31.0,773.6,23981.6,2024-04-25
2024042501018877,SARBTM,35,42,250.0,786.0,196500.0,2024-04-25
2024042501018876,ILI,53,16,10.0,570.0,5700.0,2024-04-25
2024042503013133,LICN,41,6,10.0,1320.0,13200.0,2024-04-25
2024042503013132,SAPDBL,28,74,400.0,292.6,117040.0,2024-04-25
2024042503013131,SAPDBL,66,74,100.0,292.7,29270.0,2024-04-25
2024042501018875,MMKJL,66,13,10.0,417.0,4170.0,2024-04-25
2024042501018874,VLUCL,56,47,10.0,465.0,4650.0,2024-04-25
2024042501018873,VLUCL,38,47,50.0,465.0,23250.0,2024-04-25
2024042501018872,VLUCL,42,47,45.0,465.0,20925.0,2024-04-25
2024042504006641,UPPER,44,17,336.0,165.2,55507.2,2024-04-25
2024042504006640,UPPER,3,17,10.0,165.3,1653.0,2024-04-25
2024042504006639,UPPER,16,17,615.0,165.3,101659.5,2024-04-25
2024042504006638,UPPER,44,17,39.0,165.4,6450.6,2024-04-25
2024042503013130,PROFL,45,4,10.0,328.0,3280.0,2024-04-25
2024042503013129,SJLIC,44,62,25.0,416.0,10400.0,2024-04-25
2024042501018871,SBL,22,28,10.0,216.7,2167.0,2024-04-25
2024042503013128,NICLBSL,68,49,10.0,637.0,6370.0,2024-04-25
2024042501018870,JBLB,48,49,10.0,1289.9,12899.0,2024-04-25
2024042501018869,NESDO,34,4,10.0,1685.0,16850.0,2024-04-25
2024042504006637,SHL,34,57,100.0,431.0,43100.0,2024-04-25
2024042503013127,SADBL,34,34,10.0,292.0,2920.0,2024-04-25
2024042503013126,ICFC,69,70,10.0,505.0,5050.0,2024-04-25
2024042503013125,ICFC,34,70,10.0,505.0,5050.0,2024-04-25
2024042501018868,RFPL,71,58,10.0,365.0,3650.0,2024-04-25
2024042503013124,GLBSL,87,71,110.0,1969.0,216590.0,2024-04-25
2024042503013123,GLBSL,87,69,50.0,1969.0,98450.0,2024-04-25
2024042503013122,GLBSL,87,70,50.0,1969.0,98450.0,2024-04-25
2024042503013121,GLBSL,87,36,20.0,1967.0,39340.0,2024-04-25
2024042503013120,GLBSL,87,44,50.0,1967.0,98350.0,2024-04-25
2024042503013119,GLBSL,87,41,100.0,1962.0,196200.0,2024-04-25
2024042503013118,GLBSL,87,57,20.0,1962.0,39240.0,2024-04-25
2024042504006636,NLG,56,29,10.0,749.9,7499.0,2024-04-25
2024042504006635,KPCL,6,35,27.0,392.1,10586.7,2024-04-25
2024042505003115,HRL,8,50,24.0,592.0,14208.0,2024-04-25
2024042505003114,HRL,38,50,76.0,592.5,45030.0,2024-04-25
2024042503013117,MNBBL,35,16,20.0,337.8,6756.0,2024-04-25
2024042501018867,RNLI,46,42,16.0,423.0,6768.0,2024-04-25
2024042503013116,SIFC,26,58,100.0,397.0,39700.0,2024-04-25
2024042501018866,NRM,47,49,25.0,353.0,8825.0,2024-04-25
2024042501018865,SANIMA,42,40,237.0,230.5,54628.5,2024-04-25
2024042501018864,SANIMA,13,40,50.0,230.5,11525.0,2024-04-25
2024042501018863,SANIMA,4,40,88.0,230.5,20284.0,2024-04-25
2024042503013115,SFCL,69,33,10.0,325.0,3250.0,2024-04-25
2024042505003113,HRL,38,17,20.0,592.5,11850.0,2024-04-25
2024042501018862,MHCL,32,17,10.0,373.1,3731.0,2024-04-25
2024042501018861,MAKAR,17,60,10.0,375.0,3750.0,2024-04-25
2024042503013114,SIFC,36,32,120.0,398.8,47856.0,2024-04-25
2024042503013113,SIFC,36,74,50.0,398.7,19935.0,2024-04-25
2024042503013112,SIFC,36,58,50.0,398.5,19925.0,2024-04-25
2024042504006634,GHL,48,45,500.0,148.1,74050.0,2024-04-25
2024042503013111,SABSL,45,11,10.0,727.0,7270.0,2024-04-25
2024042504006633,RHPL,14,25,10.0,268.7,2687.0,2024-04-25
2024042504006632,AKPL,46,14,20.0,165.0,3300.0,2024-04-25
2024042503013110,PFL,22,49,100.0,610.9,61090.0,2024-04-25
2024042503013109,PFL,22,32,10.0,610.0,6100.0,2024-04-25
2024042503013108,PFL,22,58,54.0,609.9,32934.6,2024-04-25
2024042503013107,PFL,22,86,950.0,609.9,579405.0,2024-04-25
2024042503013106,PFL,22,46,100.0,609.9,60990.0,2024-04-25
2024042503013105,PFL,22,11,20.0,609.9,12198.0,2024-04-25
2024042503013104,PFL,22,32,50.0,609.6,30480.0,2024-04-25
2024042503013103,PFL,22,21,50.0,609.6,30480.0,2024-04-25
2024042503013102,PFL,22,33,50.0,609.6,30480.0,2024-04-25
2024042503013101,PFL,22,58,393.0,609.6,239572.8,2024-04-25
2024042503013100,PFL,22,44,25.0,609.6,15240.0,2024-04-25
2024042503013099,PFL,22,41,50.0,609.6,30480.0,2024-04-25
2024042503013098,PFL,22,1,50.0,609.6,30480.0,2024-04-25
2024042503013097,PFL,22,69,40.0,609.6,24384.0,2024-04-25
2024042503013096,PFL,22,45,208.0,609.6,126796.8,2024-04-25
2024042503013095,PFL,22,5,10.0,609.5,6095.0,2024-04-25
2024042503013094,PFL,22,37,20.0,609.5,12190.0,2024-04-25
2024042503013093,PFL,22,60,500.0,609.4,304700.0,2024-04-25
2024042503013092,PFL,22,69,500.0,609.3,304650.0,2024-04-25
2024042503013091,PFL,22,49,277.0,609.3,168776.1,2024-04-25
2024042503013090,PFL,22,20,100.0,609.0,60900.0,2024-04-25
2024042503013089,PFL,22,52,10.0,609.0,6090.0,2024-04-25
2024042503013088,PFL,22,67,200.0,609.0,121800.0,2024-04-25
2024042503013087,PFL,22,14,22.0,609.0,13398.0,2024-04-25
2024042503013086,PFL,22,55,100.0,609.0,60900.0,2024-04-25
2024042503013085,PFL,22,81,200.0,609.0,121800.0,2024-04-25
2024042503013084,PFL,22,43,85.0,609.0,51765.0,2024-04-25
2024042503013083,PFL,22,53,67.0,609.0,40803.0,2024-04-25
2024042503013082,PFL,22,45,20.0,609.0,12180.0,2024-04-25
2024042503013081,PFL,22,69,80.0,609.0,48720.0,2024-04-25
2024042503013080,PFL,22,14,11.0,609.0,6699.0,2024-04-25
2024042503013079,PFL,22,42,17.0,608.9,10351.3,2024-04-25
2024042503013078,PFL,22,67,10.0,608.9,6089.0,2024-04-25
2024042503013077,PFL,22,42,10.0,608.0,6080.0,2024-04-25
2024042503013076,PFL,22,43,100.0,608.0,60800.0,2024-04-25
2024042503013075,PFL,22,94,100.0,608.0,60800.0,2024-04-25
2024042503013074,PFL,22,43,500.0,608.0,304000.0,2024-04-25
2024042503013073,PFL,22,71,25.0,607.9,15197.5,2024-04-25
2024042503013072,PFL,22,22,250.0,607.9,151975.0,2024-04-25
2024042503013071,PFL,22,13,113.0,607.9,68692.7,2024-04-25
2024042503013070,PFL,22,54,100.0,607.9,60790.0,2024-04-25
2024042503013069,PFL,22,22,200.0,607.9,121580.0,2024-04-25
2024042503013068,PFL,22,50,100.0,607.9,60790.0,2024-04-25
2024042503013067,PFL,22,34,33.0,607.9,20060.7,2024-04-25
2024042503013066,PFL,22,22,250.0,607.0,151750.0,2024-04-25
2024042503013065,PFL,22,49,80.0,607.0,48560.0,2024-04-25
2024042503013064,PFL,22,25,33.0,607.0,20031.0,2024-04-25
2024042503013063,PFL,22,58,30.0,607.0,18210.0,2024-04-25
2024042503013062,PFL,22,16,250.0,607.0,151750.0,2024-04-25
2024042503013061,PFL,22,71,500.0,607.0,303500.0,2024-04-25
2024042503013060,PFL,22,51,28.0,606.9,16993.2,2024-04-25
2024042503013059,PFL,22,8,10.0,606.9,6069.0,2024-04-25
2024042503013058,PFL,22,22,50.0,606.9,30345.0,2024-04-25
2024042503013057,PFL,22,56,761.0,606.9,461850.9,2024-04-25
2024042503013056,PFL,22,4,38.0,606.9,23062.2,2024-04-25
2024042503013055,PFL,22,25,100.0,606.9,60690.0,2024-04-25
2024042503013054,PFL,22,49,50.0,606.9,30345.0,2024-04-25
2024042503013053,PFL,22,68,100.0,606.9,60690.0,2024-04-25
2024042503013052,PFL,22,58,10.0,606.9,6069.0,2024-04-25
2024042503013051,PFL,22,57,58.0,606.0,35148.0,2024-04-25
2024042503013050,PFL,22,71,500.0,606.0,303000.0,2024-04-25
2024042503013049,PFL,22,42,25.0,606.0,15150.0,2024-04-25
2024042503013048,PFL,22,38,20.0,606.0,12120.0,2024-04-25
2024042503013047,PFL,22,55,10.0,606.0,6060.0,2024-04-25
2024042503013046,PFL,22,22,250.0,605.8,151450.0,2024-04-25
2024042503013045,PFL,22,52,182.0,605.8,110255.6,2024-04-25
2024042503013044,PFL,22,21,124.0,605.8,75119.2,2024-04-25
2024042503013043,PFL,22,7,10.0,605.8,6058.0,2024-04-25
2024042503013042,PFL,22,26,100.0,605.8,60580.0,2024-04-25
2024042503013041,PFL,22,3,500.0,605.8,302900.0,2024-04-25
2024042503013040,PFL,22,53,10.0,605.8,6058.0,2024-04-25
2024042503013039,PFL,22,54,10.0,605.8,6058.0,2024-04-25
2024042503013038,PFL,22,38,41.0,605.0,24805.0,2024-04-25
2024042503013037,PFL,22,7,100.0,605.0,60500.0,2024-04-25
2024042503013036,PFL,22,53,43.0,605.0,26015.0,2024-04-25
2024042503013035,PFL,22,65,10.0,605.0,6050.0,2024-04-25
2024042503013034,PFL,22,13,150.0,605.0,90750.0,2024-04-25
2024042503013033,PFL,22,71,500.0,605.0,302500.0,2024-04-25
2024042503013032,PFL,22,85,10.0,605.0,6050.0,2024-04-25
2024042503013031,PFL,22,51,40.0,605.0,24200.0,2024-04-25
2024042503013030,PFL,22,59,200.0,605.0,121000.0,2024-04-25
2024042503013029,PFL,22,54,300.0,605.0,181500.0,2024-04-25
2024042503013028,PFL,22,5,124.0,605.0,75020.0,2024-04-25
2024042503013027,PFL,22,58,10.0,605.0,6050.0,2024-04-25
2024042503013026,PFL,22,35,100.0,604.8,60480.0,2024-04-25
2024042503013025,PFL,22,41,100.0,604.8,60480.0,2024-04-25
2024042503013024,PFL,22,41,50.0,604.8,30240.0,2024-04-25
2024042503013023,PFL,22,58,17.0,604.8,10281.6,2024-04-25
2024042503013022,PFL,22,14,150.0,604.5,90675.0,2024-04-25
2024042503013021,PFL,22,37,115.0,604.0,69460.0,2024-04-25
2024042503013020,PFL,22,16,500.0,604.0,302000.0,2024-04-25
2024042503013019,PFL,22,45,380.0,604.0,229520.0,2024-04-25
2024042503013018,PFL,22,39,368.0,604.0,222272.0,2024-04-25
2024042503013017,PFL,22,56,105.0,604.0,63420.0,2024-04-25
2024042503013016,PFL,22,16,100.0,604.0,60400.0,2024-04-25
2024042503013015,PFL,22,17,100.0,604.0,60400.0,2024-04-25
2024042503013014,PFL,22,45,1000.0,604.0,604000.0,2024-04-25
2024042503013013,PFL,22,58,20.0,604.0,12080.0,2024-04-25
2024042503013012,PFL,22,10,100.0,603.8,60380.0,2024-04-25
2024042503013011,PFL,22,49,28.0,603.8,16906.4,2024-04-25
2024042503013010,PFL,22,58,82.0,603.8,49511.6,2024-04-25
2024042503013009,PFL,22,22,500.0,603.8,301900.0,2024-04-25
2024042503013008,PFL,22,28,450.0,603.8,271710.0,2024-04-25
2024042503013007,PFL,22,49,100.0,603.4,60340.0,2024-04-25
2024042503013006,PFL,22,5,100.0,603.4,60340.0,2024-04-25
2024042503013005,PFL,22,13,200.0,603.4,120680.0,2024-04-25
2024042503013004,PFL,22,41,112.0,603.0,67536.0,2024-04-25
2024042503013003,PFL,22,44,110.0,603.0,66330.0,2024-04-25
2024042503013002,PFL,22,43,100.0,603.0,60300.0,2024-04-25
2024042503013001,PFL,22,25,50.0,603.0,30150.0,2024-04-25
2024042503013000,PFL,22,25,20.0,602.8,12056.0,2024-04-25
2024042503012999,PFL,22,3,500.0,602.8,301400.0,2024-04-25
2024042503012998,PFL,22,22,500.0,602.8,301400.0,2024-04-25
2024042503012997,PFL,22,51,104.0,602.2,62628.8,2024-04-25
2024042503012996,PFL,22,53,25.0,602.0,15050.0,2024-04-25
2024042503012995,PFL,22,33,50.0,602.0,30100.0,2024-04-25
2024042503012994,PFL,22,58,10.0,602.0,6020.0,2024-04-25
2024042503012993,PFL,22,21,500.0,601.8,300900.0,2024-04-25
2024042503012992,PFL,22,36,26.0,601.8,15646.8,2024-04-25
2024042503012991,PFL,22,14,30.0,601.8,18054.0,2024-04-25
2024042503012990,PFL,22,51,56.0,601.8,33700.8,2024-04-25
2024042503012989,PFL,22,6,1200.0,601.6,721920.0,2024-04-25
2024042503012988,PFL,22,20,490.0,601.0,294490.0,2024-04-25
2024042503012987,PFL,22,34,134.0,601.0,80534.0,2024-04-25
2024042503012986,PFL,22,59,89.0,601.0,53489.0,2024-04-25
2024042503012985,PFL,22,3,50.0,601.0,30050.0,2024-04-25
2024042503012984,PFL,22,14,100.0,601.0,60100.0,2024-04-25
2024042503012983,PFL,22,54,50.0,601.0,30050.0,2024-04-25
2024042503012982,PFL,22,66,1000.0,601.0,601000.0,2024-04-25
2024042503012981,PFL,22,43,50.0,601.0,30050.0,2024-04-25
2024042503012980,PFL,22,7,450.0,601.0,270450.0,2024-04-25
2024042503012979,PFL,22,28,50.0,601.0,30050.0,2024-04-25
2024042503012978,PFL,22,45,10.0,601.0,6010.0,2024-04-25
2024042503012977,PFL,22,14,100.0,601.0,60100.0,2024-04-25
2024042503012976,PFL,22,41,100.0,600.7,60070.0,2024-04-25
2024042503012975,PFL,22,17,109.0,600.7,65476.3,2024-04-25
2024042503012974,PFL,22,7,125.0,600.7,75087.5,2024-04-25
2024042503012973,PFL,22,32,33.0,600.7,19823.1,2024-04-25
2024042503012972,PFL,22,58,100.0,600.0,60000.0,2024-04-25
2024042503012971,PFL,22,49,10.0,600.0,6000.0,2024-04-25
2024042503012970,PFL,22,34,300.0,600.0,180000.0,2024-04-25
2024042503012969,PFL,22,53,30.0,600.0,18000.0,2024-04-25
2024042503012968,PFL,22,41,500.0,600.0,300000.0,2024-04-25
2024042503012967,PFL,22,57,500.0,600.0,300000.0,2024-04-25
2024042503012966,PFL,22,35,500.0,600.0,300000.0,2024-04-25
2024042503012965,PFL,22,43,50.0,600.0,30000.0,2024-04-25
2024042503012964,PFL,22,42,447.0,600.0,268200.0,2024-04-25
2024042503012963,PFL,22,1,50.0,600.0,30000.0,2024-04-25
2024042503012962,PFL,22,41,38.0,600.0,22800.0,2024-04-25
2024042503012961,PFL,22,58,22.0,600.0,13200.0,2024-04-25
2024042503012960,PFL,22,8,500.0,600.0,300000.0,2024-04-25
2024042503012959,PFL,22,41,36.0,600.0,21600.0,2024-04-25
2024042503012958,PFL,22,38,200.0,600.0,120000.0,2024-04-25
2024042503012957,PFL,22,3,500.0,600.0,300000.0,2024-04-25
2024042503012956,PFL,22,20,200.0,600.0,120000.0,2024-04-25
2024042503012955,PFL,22,41,50.0,600.0,30000.0,2024-04-25
2024042503012954,PFL,22,44,20.0,600.0,12000.0,2024-04-25
2024042503012953,PFL,22,42,284.0,600.0,170400.0,2024-04-25
2024042503012952,PFL,22,56,208.0,600.0,124800.0,2024-04-25
2024042503012951,PFL,22,25,11.0,600.0,6600.0,2024-04-25
2024042503012950,PFL,22,7,200.0,600.0,120000.0,2024-04-25
2024042503012949,PFL,22,43,20.0,600.0,12000.0,2024-04-25
2024042503012948,PFL,22,34,30.0,600.0,18000.0,2024-04-25
2024042503012947,PFL,22,16,50.0,600.0,30000.0,2024-04-25
2024042503012946,PFL,22,49,14.0,600.0,8400.0,2024-04-25
2024042503012945,PFL,22,57,50.0,600.0,30000.0,2024-04-25
2024042503012944,PFL,22,34,112.0,600.0,67200.0,2024-04-25
2024042503012943,PFL,22,57,17.0,600.0,10200.0,2024-04-25
2024042503012942,PFL,22,17,100.0,600.0,60000.0,2024-04-25
2024042503012941,PFL,22,5,280.0,600.0,168000.0,2024-04-25
2024042503012940,PFL,22,6,50.0,600.0,30000.0,2024-04-25
2024042503012939,PFL,22,32,55.0,600.0,33000.0,2024-04-25
2024042503012938,PFL,22,50,200.0,600.0,120000.0,2024-04-25
2024042503012937,PFL,22,54,17.0,600.0,10200.0,2024-04-25
2024042503012936,PFL,22,58,50.0,600.0,30000.0,2024-04-25
2024042503012935,PFL,22,14,27.0,600.0,16200.0,2024-04-25
2024042503012934,PFL,22,17,100.0,600.0,60000.0,2024-04-25
2024042503012933,PFL,22,21,50.0,600.0,30000.0,2024-04-25
2024042503012932,PFL,22,16,32.0,600.0,19200.0,2024-04-25
2024042503012931,PFL,22,71,500.0,599.9,299950.0,2024-04-25
2024042503012930,PFL,22,36,100.0,599.7,59970.0,2024-04-25
2024042503012929,PFL,22,57,1000.0,599.7,599700.0,2024-04-25
2024042503012928,PFL,22,32,200.0,599.6,119920.0,2024-04-25
2024042503012927,PFL,22,41,30.0,599.6,17988.0,2024-04-25
2024042503012926,PFL,22,32,500.0,599.6,299800.0,2024-04-25
2024042503012925,PFL,22,58,168.0,599.0,100632.0,2024-04-25
2024042503012924,PFL,22,41,80.0,599.0,47920.0,2024-04-25
2024042503012923,PFL,22,44,200.0,599.0,119800.0,2024-04-25
2024042503012922,PFL,22,71,500.0,599.0,299500.0,2024-04-25
2024042503012921,PFL,22,29,20.0,599.0,11980.0,2024-04-25
2024042503012920,PFL,22,46,50.0,599.0,29950.0,2024-04-25
2024042503012919,PFL,22,36,100.0,599.0,59900.0,2024-04-25
2024042503012918,PFL,22,45,25.0,599.0,14975.0,2024-04-25
2024042503012917,PFL,22,13,10.0,599.0,5990.0,2024-04-25
2024042503012916,PFL,22,21,495.0,598.7,296356.5,2024-04-25
2024042503012915,PFL,22,34,10.0,598.7,5987.0,2024-04-25
2024042503012914,PFL,22,13,106.0,598.7,63462.2,2024-04-25
2024042503012913,PFL,22,18,100.0,598.7,59870.0,2024-04-25
2024042503012912,PFL,22,22,300.0,598.0,179400.0,2024-04-25
2024042503012911,PFL,22,21,650.0,598.0,388700.0,2024-04-25
2024042503012910,PFL,22,16,500.0,598.0,299000.0,2024-04-25
2024042503012909,PFL,22,51,100.0,598.0,59800.0,2024-04-25
2024042503012908,PFL,22,55,33.0,598.0,19734.0,2024-04-25
2024042503012907,PFL,22,4,20.0,598.0,11960.0,2024-04-25
2024042503012906,PFL,22,59,18.0,598.0,10764.0,2024-04-25
2024042503012905,PFL,22,14,50.0,598.0,29900.0,2024-04-25
2024042503012904,PFL,22,22,250.0,598.0,149500.0,2024-04-25
2024042503012903,PFL,22,81,10.0,598.0,5980.0,2024-04-25
2024042503012902,PFL,22,21,18.0,597.9,10762.2,2024-04-25
2024042503012901,PFL,22,33,750.0,597.2,447900.0,2024-04-25
2024042503012900,PFL,22,53,100.0,597.0,59700.0,2024-04-25
2024042503012899,PFL,22,29,50.0,597.0,29850.0,2024-04-25
2024042503012898,PFL,22,14,13.0,597.0,7761.0,2024-04-25
2024042503012897,PFL,22,53,89.0,597.0,53133.0,2024-04-25
2024042503012896,PFL,22,81,50.0,597.0,29850.0,2024-04-25
2024042503012895,PFL,22,34,10.0,597.0,5970.0,2024-04-25
2024042503012894,PFL,22,3,250.0,596.8,149200.0,2024-04-25
2024042503012893,PFL,22,49,100.0,596.7,59670.0,2024-04-25
2024042503012892,PFL,22,3,250.0,596.5,149125.0,2024-04-25
2024042503012891,PFL,22,58,17.0,596.0,10132.0,2024-04-25
2024042503012890,PFL,22,17,100.0,596.0,59600.0,2024-04-25
2024042503012889,PFL,22,26,50.0,596.0,29800.0,2024-04-25
2024042503012888,PFL,22,22,12.0,596.0,7152.0,2024-04-25
2024042503012887,PFL,22,4,14.0,596.0,8344.0,2024-04-25
2024042503012886,PFL,22,16,10.0,596.0,5960.0,2024-04-25
2024042503012885,PFL,22,13,50.0,596.0,29800.0,2024-04-25
2024042503012884,PFL,22,38,10.0,596.0,5960.0,2024-04-25
2024042503012883,PFL,22,41,50.0,595.5,29775.0,2024-04-25
2024042503012882,PFL,22,52,50.0,595.0,29750.0,2024-04-25
2024042503012881,PFL,22,50,30.0,595.0,17850.0,2024-04-25
2024042503012880,PFL,22,88,200.0,595.0,119000.0,2024-04-25
2024042503012879,PFL,22,56,112.0,595.0,66640.0,2024-04-25
2024042503012878,PFL,22,19,33.0,595.0,19635.0,2024-04-25
2024042503012877,PFL,22,46,50.0,595.0,29750.0,2024-04-25
2024042503012876,PFL,22,21,50.0,595.0,29750.0,2024-04-25
2024042503012875,PFL,22,32,500.0,595.0,297500.0,2024-04-25
2024042503012874,PFL,22,21,102.0,595.0,60690.0,2024-04-25
2024042503012873,PFL,22,26,50.0,595.0,29750.0,2024-04-25
2024042503012872,PFL,22,6,70.0,594.6,41622.0,2024-04-25
2024042503012871,PFL,22,48,90.0,594.0,53460.0,2024-04-25
2024042503012870,PFL,22,58,129.0,594.0,76626.0,2024-04-25
2024042503012869,PFL,22,21,200.0,593.6,118720.0,2024-04-25
2024042503012868,PFL,22,47,33.0,593.1,19572.3,2024-04-25
2024042503012867,PFL,22,19,100.0,593.0,59300.0,2024-04-25
2024042503012866,PFL,22,13,53.0,593.0,31429.0,2024-04-25
2024042503012865,PFL,22,22,496.0,593.0,294128.0,2024-04-25
2024042503012864,PFL,22,72,200.0,592.8,118560.0,2024-04-25
2024042503012863,PFL,22,29,100.0,592.0,59200.0,2024-04-25
2024042503012862,PFL,22,14,50.0,592.0,29600.0,2024-04-25
2024042503012861,PFL,22,29,17.0,592.0,10064.0,2024-04-25
2024042503012860,PFL,22,19,100.0,592.0,59200.0,2024-04-25
2024042503012859,PFL,22,21,200.0,591.6,118320.0,2024-04-25
2024042503012858,PFL,22,39,111.0,591.0,65601.0,2024-04-25
2024042503012857,PFL,22,1,50.0,590.5,29525.0,2024-04-25
2024042503012856,PFL,22,43,50.0,590.0,29500.0,2024-04-25
2024042503012855,PFL,22,45,75.0,590.0,44250.0,2024-04-25
2024042503012854,PFL,22,50,224.0,590.0,132160.0,2024-04-25
2024042503012853,PFL,22,21,35.0,590.0,20650.0,2024-04-25
2024042503012852,PFL,22,35,50.0,590.0,29500.0,2024-04-25
2024042503012851,PFL,22,59,30.0,590.0,17700.0,2024-04-25
2024042503012850,PFL,22,49,11.0,590.0,6490.0,2024-04-25
2024042503012849,PFL,22,38,16.0,590.0,9440.0,2024-04-25
2024042503012848,PFL,22,17,11.0,590.0,6490.0,2024-04-25
2024042503012847,PFL,22,34,717.0,590.0,423030.0,2024-04-25
2024042503012846,PFL,22,43,50.0,590.0,29500.0,2024-04-25
2024042503012845,PFL,22,59,109.0,590.0,64310.0,2024-04-25
2024042503012844,PFL,22,43,100.0,590.0,59000.0,2024-04-25
2024042503012843,PFL,22,13,50.0,590.0,29500.0,2024-04-25
2024042503012842,PFL,22,38,531.0,590.0,313290.0,2024-04-25
2024042503012841,PFL,22,38,118.0,590.0,69620.0,2024-04-25
2024042503012840,PFL,22,26,50.0,590.0,29500.0,2024-04-25
2024042503012839,PFL,22,38,50.0,590.0,29500.0,2024-04-25
2024042503012838,PFL,22,57,33.0,590.0,19470.0,2024-04-25
2024042503012837,PFL,22,57,33.0,590.0,19470.0,2024-04-25
2024042503012836,PFL,22,57,33.0,590.0,19470.0,2024-04-25
2024042503012835,PFL,22,45,595.0,590.0,351050.0,2024-04-25
2024042503012834,PFL,22,35,200.0,589.0,117800.0,2024-04-25
2024042503012833,PFL,22,26,82.0,589.0,48298.0,2024-04-25
2024042503012832,PFL,22,66,1299.0,588.5,764461.5,2024-04-25
2024042503012831,PFL,22,66,500.0,588.5,294250.0,2024-04-25
2024042503012830,PFL,22,55,300.0,588.0,176400.0,2024-04-25
2024042503012829,PFL,22,59,50.0,588.0,29400.0,2024-04-25
2024042503012828,PFL,22,58,300.0,588.0,176400.0,2024-04-25
2024042503012827,PFL,22,54,10.0,588.0,5880.0,2024-04-25
2024042503012826,PFL,22,47,317.0,588.0,186396.0,2024-04-25
2024042503012825,PFL,22,88,259.0,587.9,152266.1,2024-04-25
2024042503012824,PFL,22,58,10.0,587.0,5870.0,2024-04-25
2024042503012823,PFL,22,53,50.0,586.0,29300.0,2024-04-25
2024042503012822,PFL,22,51,112.0,585.0,65520.0,2024-04-25
2024042503012821,PFL,22,48,50.0,585.0,29250.0,2024-04-25
2024042503012820,PFL,22,43,55.0,585.0,32175.0,2024-04-25
2024042503012819,PFL,22,6,30.0,585.0,17550.0,2024-04-25
2024042503012818,PFL,22,8,33.0,584.9,19301.7,2024-04-25
2024042503012817,PFL,22,8,32.0,584.5,18704.0,2024-04-25
2024042503012816,PFL,22,33,26.0,583.0,15158.0,2024-04-25
2024042503012815,PFL,22,49,17.0,583.0,9911.0,2024-04-25
2024042503012814,PFL,22,56,93.0,583.0,54219.0,2024-04-25
2024042503012813,PFL,22,32,130.0,580.2,75426.0,2024-04-25
2024042503012812,PFL,22,47,100.0,580.0,58000.0,2024-04-25
2024042503012811,PFL,22,45,87.0,580.0,50460.0,2024-04-25
2024042503012810,PFL,22,61,500.0,580.0,290000.0,2024-04-25
2024042503012809,PFL,22,58,2200.0,580.0,1276000.0,2024-04-25
2024042503012808,PFL,22,49,80.0,580.0,46400.0,2024-04-25
2024042503012807,PFL,22,48,500.0,579.0,289500.0,2024-04-25
2024042503012806,PFL,22,4,15.0,579.0,8685.0,2024-04-25
2024042503012805,PFL,22,38,50.0,579.0,28950.0,2024-04-25
2024042503012804,PFL,22,19,10.0,579.0,5790.0,2024-04-25
2024042503012803,PFL,22,72,215.0,579.0,124485.0,2024-04-25
2024042503012802,PFL,22,6,33.0,578.0,19074.0,2024-04-25
2024042503012801,PFL,22,61,500.0,577.0,288500.0,2024-04-25
2024042503012800,PFL,22,26,1407.0,574.0,807618.0,2024-04-25
2024042501018860,MCHL,64,8,20.0,378.5,7570.0,2024-04-25
2024042501018859,MCHL,64,49,10.0,378.0,3780.0,2024-04-25
2024042501018858,TAMOR,49,1,10.0,373.0,3730.0,2024-04-25
2024042501018857,TAMOR,49,22,10.0,372.1,3721.0,2024-04-25
2024042501018856,SARBTM,35,50,87.0,786.0,68382.0,2024-04-25
2024042501018855,RNLI,46,35,10.0,423.0,4230.0,2024-04-25
2024042501018854,UHEWA,36,53,99.0,405.0,40095.0,2024-04-25
2024042501018853,UHEWA,18,53,100.0,406.7,40670.0,2024-04-25
2024042501018852,UHEWA,32,53,1000.0,407.2,407200.0,2024-04-25
2024042501018851,UHEWA,45,53,10.0,407.2,4072.0,2024-04-25
2024042501018850,UHEWA,94,53,500.0,408.0,204000.0,2024-04-25
2024042501018849,UHEWA,57,53,50.0,408.2,20410.0,2024-04-25
2024042501018848,UHEWA,56,53,100.0,408.3,40830.0,2024-04-25
2024042501018847,UHEWA,17,53,141.0,408.3,57570.3,2024-04-25
2024042505003112,NRIC,42,50,50.0,702.0,35100.0,2024-04-25
2024042503012799,CBBL,38,35,10.0,816.9,8169.0,2024-04-25
2024042501018846,NYADI,42,25,30.0,299.9,8997.0,2024-04-25
2024042501018845,NYADI,42,65,70.0,299.8,20986.0,2024-04-25
2024042501018844,NYADI,42,58,10.0,299.0,2990.0,2024-04-25
2024042501018843,NYADI,42,57,10.0,299.0,2990.0,2024-04-25
2024042501018842,NYADI,42,56,160.0,298.9,47824.0,2024-04-25
2024042501018841,NYADI,42,57,10.0,298.0,2980.0,2024-04-25
2024042501018840,NYADI,42,14,10.0,298.0,2980.0,2024-04-25
2024042504006631,GLH,42,41,130.0,208.0,27040.0,2024-04-25
2024042504006630,GLH,42,38,10.0,208.0,2080.0,2024-04-25
2024042504006629,GLH,42,58,10.0,207.5,2075.0,2024-04-25
2024042504006628,GLH,42,53,10.0,207.0,2070.0,2024-04-25
2024042504006627,GLH,42,58,10.0,207.0,2070.0,2024-04-25
2024042504006626,GLH,42,32,10.0,207.0,2070.0,2024-04-25
2024042504006625,GLH,42,22,10.0,207.0,2070.0,2024-04-25
2024042504006624,GLH,42,57,10.0,207.0,2070.0,2024-04-25
2024042504006623,GLH,42,33,500.0,206.0,103000.0,2024-04-25
2024042504006622,GLH,42,38,10.0,206.0,2060.0,2024-04-25
2024042504006621,GLH,42,38,10.0,205.0,2050.0,2024-04-25
2024042504006620,GLH,42,57,10.0,204.0,2040.0,2024-04-25
2024042504006619,GLH,42,48,2963.0,204.0,604452.0,2024-04-25
2024042504006618,GLH,42,14,200.0,203.0,40600.0,2024-04-25
2024042504006617,UMRH,14,29,285.0,332.0,94620.0,2024-04-25
2024042501018839,RNLI,46,55,11.0,423.0,4653.0,2024-04-25
2024042501018838,PRVU,22,43,200.0,139.1,27820.0,2024-04-25
2024042501018837,PRVU,57,43,250.0,139.6,34900.0,2024-04-25
2024042501018836,HHL,57,58,10.0,354.0,3540.0,2024-04-25
2024042501018835,RHGCL,45,34,10.0,338.7,3387.0,2024-04-25
2024042501018834,SHIVM,25,64,50.0,500.0,25000.0,2024-04-25
2024042501018833,NABIL,39,45,100.0,427.3,42730.0,2024-04-25
2024042501018832,PPL,34,33,40.0,603.0,24120.0,2024-04-25
2024042501018831,KDL,42,34,10.0,763.0,7630.0,2024-04-25
2024042504006616,HDHPC,34,70,910.0,129.1,117481.0,2024-04-25
2024042504006615,HDHPC,42,70,100.0,129.9,12990.0,2024-04-25
2024042501018830,SHIVM,32,71,100.0,499.5,49950.0,2024-04-25
2024042501018829,MBL,65,1,51.0,165.0,8415.0,2024-04-25
2024042501018828,MBL,65,16,113.0,165.0,18645.0,2024-04-25
2024042501018827,MBL,65,62,836.0,165.0,137940.0,2024-04-25
2024042501018826,TVCL,32,34,300.0,473.0,141900.0,2024-04-25
2024042501018825,SCB,26,45,34.0,517.0,17578.0,2024-04-25
2024042501018824,SCB,26,25,16.0,517.0,8272.0,2024-04-25
2024042503012798,NABBC,20,58,450.0,451.2,203040.0,2024-04-25
2024042503012797,NABBC,20,5,50.0,450.0,22500.0,2024-04-25
2024042501018823,HHL,3,58,42.0,354.0,14868.0,2024-04-25
2024042501018822,HHL,55,58,10.0,354.0,3540.0,2024-04-25
2024042504006614,PPCL,58,91,61.0,236.0,14396.0,2024-04-25
2024042504006613,PPCL,48,91,20.0,236.0,4720.0,2024-04-25
2024042504006612,PPCL,22,91,100.0,236.1,23610.0,2024-04-25
2024042504006611,PPCL,45,91,75.0,236.2,17715.0,2024-04-25
2024042501018821,GBIME,46,34,10.0,176.0,1760.0,2024-04-25
2024042503012796,MDB,14,62,70.0,421.1,29477.0,2024-04-25
2024042503012795,MDB,42,62,10.0,424.0,4240.0,2024-04-25
2024042503012794,MDB,42,62,20.0,427.0,8540.0,2024-04-25
2024042501018820,ILI,34,22,50.0,569.5,28475.0,2024-04-25
2024042503012793,NFS,56,68,200.0,462.0,92400.0,2024-04-25
2024042503012792,NFS,56,68,150.0,462.0,69300.0,2024-04-25
2024042504006610,SGIC,71,25,100.0,515.0,51500.0,2024-04-25
2024042504006609,RIDI,77,39,50.0,170.1,8505.0,2024-04-25
2024042503012791,NABBC,22,34,10.0,441.1,4411.0,2024-04-25
2024042501018819,MANDU,65,6,88.0,761.0,66968.0,2024-04-25
2024042501018818,MANDU,65,7,10.0,761.0,7610.0,2024-04-25
2024042501018817,MANDU,65,17,10.0,760.0,7600.0,2024-04-25
2024042501018816,MANDU,65,55,10.0,760.0,7600.0,2024-04-25
2024042501018815,MANDU,65,56,10.0,760.0,7600.0,2024-04-25
2024042501018814,MANDU,65,52,10.0,760.0,7600.0,2024-04-25
2024042501018813,MANDU,65,58,270.0,759.0,204930.0,2024-04-25
2024042501018812,MANDU,65,36,10.0,759.0,7590.0,2024-04-25
2024042501018811,MANDU,65,45,300.0,758.8,227640.0,2024-04-25
2024042501018810,MANDU,65,48,200.0,758.0,151600.0,2024-04-25
2024042501018809,MANDU,65,8,10.0,757.9,7579.0,2024-04-25
2024042501018808,MANDU,65,62,72.0,756.0,54432.0,2024-04-25
2024042503012790,GUFL,19,45,30.0,771.0,23130.0,2024-04-25
2024042503012789,GUFL,19,21,15.0,771.0,11565.0,2024-04-25
2024042504006608,NHPC,54,56,93.0,144.0,13392.0,2024-04-25
2024042504006607,CHL,58,36,850.0,332.0,282200.0,2024-04-25
2024042504006606,CHL,58,36,1000.0,332.0,332000.0,2024-04-25
2024042504006605,CHL,58,59,15.0,332.0,4980.0,2024-04-25
2024042504006604,CHL,58,32,50.0,332.0,16600.0,2024-04-25
2024042504006603,CHL,58,58,30.0,332.0,9960.0,2024-04-25
2024042504006602,CHL,58,4,11.0,331.9,3650.9,2024-04-25
2024042504006601,CHL,58,22,30.0,331.9,9957.0,2024-04-25
2024042504006600,CHL,58,34,100.0,331.0,33100.0,2024-04-25
2024042504006599,CHL,58,16,150.0,331.0,49650.0,2024-04-25
2024042504006598,CHL,58,49,764.0,331.0,252884.0,2024-04-25
2024042503012788,NICLBSL,13,56,200.0,635.0,127000.0,2024-04-25
2024042504006597,RURU,38,37,440.0,522.8,230032.0,2024-04-25
2024042504006596,RURU,38,17,100.0,522.7,52270.0,2024-04-25
2024042504006595,RURU,38,42,20.0,522.0,10440.0,2024-04-25
2024042501018807,MBJC,47,58,226.0,297.0,67122.0,2024-04-25
2024042501018806,MBJC,47,13,150.0,296.9,44535.0,2024-04-25
2024042501018805,MBJC,47,28,10.0,296.0,2960.0,2024-04-25
2024042501018804,MBJC,47,56,10.0,296.0,2960.0,2024-04-25
2024042501018803,MBJC,47,49,10.0,295.0,2950.0,2024-04-25
2024042501018802,MBJC,47,7,10.0,295.0,2950.0,2024-04-25
2024042501018801,MBJC,47,58,10.0,295.0,2950.0,2024-04-25
2024042501018800,MBJC,47,58,10.0,294.0,2940.0,2024-04-25
2024042501018799,MBJC,47,38,10.0,294.0,2940.0,2024-04-25
2024042501018798,MBJC,47,40,164.0,293.1,48068.4,2024-04-25
2024042501018797,MBJC,47,16,10.0,293.0,2930.0,2024-04-25
2024042501018796,MBJC,47,26,10.0,293.0,2930.0,2024-04-25
2024042501018795,MBJC,47,22,370.0,293.0,108410.0,2024-04-25
2024042501018794,EHPL,55,36,301.0,475.1,143005.1,2024-04-25
2024042503012787,ILBS,74,33,140.0,923.6,129304.0,2024-04-25
2024042503012786,ILBS,62,33,10.0,925.0,9250.0,2024-04-25
2024042503012785,ILBS,85,33,30.0,925.1,27753.0,2024-04-25
2024042503012784,SMB,45,62,50.0,1382.0,69100.0,2024-04-25
2024042503012783,GFCL,8,3,100.0,459.0,45900.0,2024-04-25
2024042503012782,GFCL,8,41,50.0,459.0,22950.0,2024-04-25
2024042501018793,NABIL,59,45,45.0,427.1,19219.5,2024-04-25
2024042503012781,NFS,56,45,150.0,462.0,69300.0,2024-04-25
2024042503012780,NFS,71,45,850.0,462.0,392700.0,2024-04-25
2024042504006594,RADHI,25,36,10.0,226.0,2260.0,2024-04-25
2024042504006593,AKPL,34,14,304.0,165.0,50160.0,2024-04-25
2024042503012779,PMLI,13,45,150.0,495.0,74250.0,2024-04-25
2024042503012778,NFS,71,35,150.0,462.0,69300.0,2024-04-25
2024042503012777,NFS,55,35,20.0,462.0,9240.0,2024-04-25
2024042503012776,NFS,71,35,30.0,462.0,13860.0,2024-04-25
2024042503012775,NFS,50,35,300.0,462.0,138600.0,2024-04-25
2024042503012774,PROFL,11,35,190.0,326.0,61940.0,2024-04-25
2024042503012773,SABSL,58,11,42.0,727.0,30534.0,2024-04-25
2024042501018792,MBL,42,62,10.0,165.0,1650.0,2024-04-25
2024042503012772,GBBL,17,42,100.0,355.3,35530.0,2024-04-25
2024042504006592,LEC,94,42,955.0,179.3,171231.5,2024-04-25
2024042504006591,LEC,56,42,180.0,180.0,32400.0,2024-04-25
2024042503012771,SWBBL,41,42,40.0,715.0,28600.0,2024-04-25
2024042503012770,SWBBL,45,42,10.0,715.0,7150.0,2024-04-25
2024042504006590,CHL,58,56,10.0,330.0,3300.0,2024-04-25
2024042504006589,CHL,56,49,10.0,331.0,3310.0,2024-04-25
2024042501018791,DLBS,51,38,10.0,1117.0,11170.0,2024-04-25
2024042503012769,NLIC,38,58,10.0,586.0,5860.0,2024-04-25
2024042503012768,NLIC,38,4,100.0,586.0,58600.0,2024-04-25
2024042503012767,NLIC,38,6,25.0,586.0,14650.0,2024-04-25
2024042504006588,HURJA,41,47,250.0,281.3,70325.0,2024-04-25
2024042504006587,HURJA,41,47,100.0,281.5,28150.0,2024-04-25
2024042505003111,HIDCL,26,43,548.0,162.5,89050.0,2024-04-25
2024042501018790,NICA,57,47,100.0,348.5,34850.0,2024-04-25
2024042503012766,ACLBSL,62,52,10.0,755.0,7550.0,2024-04-25
2024042501018789,NICA,22,47,70.0,348.5,24395.0,2024-04-25
2024042503012765,JBBL,58,48,100.0,278.3,27830.0,2024-04-25
2024042505003110,CIT,21,34,10.0,2087.5,20875.0,2024-04-25
2024042501018788,SARBTM,35,34,440.0,786.0,345840.0,2024-04-25
2024042503012764,MLBL,49,1,10.0,314.5,3145.0,2024-04-25
2024042501018787,MKHL,80,49,310.0,444.4,137764.0,2024-04-25
2024042501018786,PPL,64,54,50.0,602.0,30100.0,2024-04-25
2024042503012763,SLBBL,42,59,100.0,642.0,64200.0,2024-04-25
2024042504006586,BPCL,42,54,100.0,292.8,29280.0,2024-04-25
2024042503012762,GBBL,42,6,50.0,356.0,17800.0,2024-04-25
2024042503012761,GUFL,7,45,240.0,770.0,184800.0,2024-04-25
2024042503012760,GUFL,14,45,50.0,770.0,38500.0,2024-04-25
2024042503012759,GUFL,7,45,100.0,770.1,77010.0,2024-04-25
2024042503012758,GUFL,19,45,50.0,770.3,38515.0,2024-04-25
2024042503012757,GUFL,57,45,50.0,770.8,38540.0,2024-04-25
2024042503012756,GUFL,46,45,10.0,770.9,7709.0,2024-04-25
2024042503012755,LLBS,34,21,10.0,887.0,8870.0,2024-04-25
2024042504006585,IGI,34,35,496.0,515.7,255787.2,2024-04-25
2024042501018785,JALPA,6,49,17.0,1240.0,21080.0,2024-04-25
2024042501018784,JALPA,6,6,10.0,1238.0,12380.0,2024-04-25
2024042501018783,JALPA,6,28,40.0,1238.0,49520.0,2024-04-25
2024042501018782,JALPA,6,11,22.0,1230.0,27060.0,2024-04-25
2024042501018781,JALPA,6,29,20.0,1230.0,24600.0,2024-04-25
2024042501018780,JALPA,6,48,11.0,1225.0,13475.0,2024-04-25
2024042501018779,JALPA,6,58,10.0,1225.0,12250.0,2024-04-25
2024042501018778,JALPA,6,65,80.0,1220.0,97600.0,2024-04-25
2024042504006584,RIDI,77,49,450.0,170.1,76545.0,2024-04-25
2024042504006583,RIDI,77,48,500.0,170.1,85050.0,2024-04-25
2024042501018777,VLUCL,54,68,48.0,465.5,22344.0,2024-04-25
2024042501018776,NMB,53,39,10.0,171.0,1710.0,2024-04-25
2024042501018775,NRM,45,58,10.0,350.1,3501.0,2024-04-25
2024042504006582,AKJCL,29,7,708.0,207.0,146556.0,2024-04-25
2024042504006581,AKJCL,29,43,500.0,206.9,103450.0,2024-04-25
2024042504006580,AKJCL,29,58,200.0,206.5,41300.0,2024-04-25
2024042504006579,AKJCL,29,8,292.0,206.5,60298.0,2024-04-25
2024042503012754,PMLI,17,38,100.0,494.1,49410.0,2024-04-25
2024042504006578,UNHPL,55,43,530.0,223.0,118190.0,2024-04-25
2024042504006577,UNHPL,52,43,200.0,223.1,44620.0,2024-04-25
2024042504006576,UNHPL,28,43,261.0,223.1,58229.1,2024-04-25
2024042501018774,JALPA,37,65,10.0,1220.0,12200.0,2024-04-25
2024042501018773,DORDI,14,33,10.0,420.0,4200.0,2024-04-25
2024042501018772,SONA,45,62,60.0,443.2,26592.0,2024-04-25
2024042501018771,SONA,38,62,100.0,443.3,44330.0,2024-04-25
2024042501018770,SONA,48,62,50.0,443.3,22165.0,2024-04-25
2024042501018769,SONA,29,62,290.0,443.6,128644.0,2024-04-25
2024042504006575,DHPL,57,8,10.0,196.0,1960.0,2024-04-25
2024042504006574,DHPL,50,8,130.0,196.2,25506.0,2024-04-25
2024042501018768,CYCL,25,34,13.0,1540.1,20021.3,2024-04-25
2024042501018767,CYCL,25,45,30.0,1540.0,46200.0,2024-04-25
2024042505003109,HRL,38,34,10.0,592.5,5925.0,2024-04-25
2024042503012753,WNLB,35,61,40.0,1393.0,55720.0,2024-04-25
2024042503012752,WNLB,35,35,10.0,1393.0,13930.0,2024-04-25
2024042503012751,WNLB,35,71,10.0,1366.8,13668.0,2024-04-25
2024042503012750,WNLB,35,28,40.0,1366.0,54640.0,2024-04-25
2024042503012749,SIFC,26,41,10.0,397.0,3970.0,2024-04-25
2024042501018766,SHIVM,53,64,26.0,500.0,13000.0,2024-04-25
2024042504006573,MEN,44,42,300.0,512.0,153600.0,2024-04-25
2024042501018765,DORDI,14,44,18.0,420.0,7560.0,2024-04-25
2024042504006572,UMHL,26,74,930.0,237.0,220410.0,2024-04-25
2024042504006571,UMHL,45,74,500.0,237.1,118550.0,2024-04-25
2024042504006570,UMHL,41,74,500.0,237.1,118550.0,2024-04-25
2024042504006569,UMHL,54,74,70.0,237.2,16604.0,2024-04-25
2024042503012748,SJLIC,44,56,250.0,416.0,104000.0,2024-04-25
2024042503012747,SJLIC,43,56,50.0,416.0,20800.0,2024-04-25
2024042503012746,SJLIC,58,56,25.0,416.0,10400.0,2024-04-25
2024042503012745,SJLIC,11,56,125.0,416.1,52012.5,2024-04-25
2024042503012744,SJLIC,53,56,50.0,416.1,20805.0,2024-04-25
2024042504006568,AKJCL,38,8,196.0,206.5,40474.0,2024-04-25
2024042504006567,SGIC,71,38,10.0,515.0,5150.0,2024-04-25
2024042505003108,HRL,38,42,1865.0,592.5,1105012.5,2024-04-25
2024042505003107,HRL,38,45,10.0,592.5,5925.0,2024-04-25
2024042505003106,HRL,38,17,19.0,592.2,11251.8,2024-04-25
2024042501018764,SBL,22,94,1442.0,216.0,311472.0,2024-04-25
2024042504006566,UAIL,85,45,20.0,522.0,10440.0,2024-04-25
2024042503012743,NLIC,49,6,32.0,586.0,18752.0,2024-04-25
2024042504006565,JOSHI,16,35,100.0,338.0,33800.0,2024-04-25
2024042504006564,BPCL,45,54,10.0,292.8,2928.0,2024-04-25
2024042504006563,BPCL,22,54,20.0,292.8,5856.0,2024-04-25
2024042504006562,BPCL,14,54,20.0,292.8,5856.0,2024-04-25
2024042501018763,PPL,64,52,10.0,602.0,6020.0,2024-04-25
2024042504006561,NHDL,55,66,50.0,413.6,20680.0,2024-04-25
2024042504006560,NHDL,48,66,30.0,417.7,12531.0,2024-04-25
2024042504006559,NHDL,45,66,10.0,420.0,4200.0,2024-04-25
2024042503012742,SDLBSL,58,1,10.0,700.0,7000.0,2024-04-25
2024042501018762,SARBTM,58,14,19.0,787.0,14953.0,2024-04-25
2024042501018761,SONA,29,32,10.0,443.6,4436.0,2024-04-25
2024042501018760,SARBTM,35,38,130.0,786.0,102180.0,2024-04-25
2024042503012741,SFCL,7,45,10.0,329.0,3290.0,2024-04-25
2024042501018759,MBJC,42,17,10.0,292.5,2925.0,2024-04-25
2024042501018758,SNLI,36,47,100.0,588.0,58800.0,2024-04-25
2024042501018757,SNLI,36,7,10.0,588.0,5880.0,2024-04-25
2024042501018756,SNLI,36,21,10.0,588.0,5880.0,2024-04-25
2024042501018755,SNLI,36,46,10.0,587.0,5870.0,2024-04-25
2024042501018754,SNLI,36,34,10.0,587.0,5870.0,2024-04-25
2024042501018753,SNLI,36,45,26.0,586.0,15236.0,2024-04-25
2024042501018752,CLI,47,46,10.0,440.2,4402.0,2024-04-25
2024042501018751,ILI,34,51,10.0,569.5,5695.0,2024-04-25
2024042501018750,SIKLES,48,42,10.0,499.0,4990.0,2024-04-25
2024042501018749,GCIL,48,46,11.0,488.0,5368.0,2024-04-25
2024042501018748,BNHC,58,64,165.0,447.0,73755.0,2024-04-25
2024042503012740,HLI,85,53,50.0,386.0,19300.0,2024-04-25
2024042503012739,HLI,85,4,10.0,386.0,3860.0,2024-04-25
2024042503012738,HLI,85,58,10.0,386.0,3860.0,2024-04-25
2024042503012737,HLI,85,17,100.0,385.5,38550.0,2024-04-25
2024042503012736,JFL,34,14,200.0,455.0,91000.0,2024-04-25
2024042501018747,SNLI,13,33,20.0,586.0,11720.0,2024-04-25
2024042501018746,MLBS,49,6,90.0,1195.0,107550.0,2024-04-25
2024042501018745,MLBS,58,6,10.0,1195.1,11951.0,2024-04-25
2024042504006558,SHPC,54,77,10.0,322.8,3228.0,2024-04-25
2024042503012735,GFCL,42,50,662.0,455.2,301342.4,2024-04-25
2024042503012734,GFCL,45,50,300.0,457.0,137100.0,2024-04-25
2024042503012733,GFCL,51,50,20.0,458.0,9160.0,2024-04-25
2024042503012732,GFCL,57,50,18.0,458.5,8253.0,2024-04-25
2024042501018744,PHCL,69,19,200.0,295.1,59020.0,2024-04-25
2024042503012731,ICFC,81,53,100.0,500.1,50010.0,2024-04-25
2024042503012730,ICFC,44,38,125.0,506.0,63250.0,2024-04-25
2024042503012729,ICFC,44,11,100.0,505.0,50500.0,2024-04-25
2024042503012728,ICFC,44,44,80.0,505.0,40400.0,2024-04-25
2024042503012727,ICFC,44,53,50.0,504.9,25245.0,2024-04-25
2024042503012726,ICFC,44,32,100.0,504.0,50400.0,2024-04-25
2024042503012725,ICFC,44,25,135.0,503.0,67905.0,2024-04-25
2024042503012724,ICFC,44,45,10.0,503.0,5030.0,2024-04-25
2024042503012723,ICFC,44,53,100.0,502.9,50290.0,2024-04-25
2024042503012722,SJLIC,44,43,210.0,416.5,87465.0,2024-04-25
2024042501018743,MHCL,32,42,100.0,373.1,37310.0,2024-04-25
2024042501018742,SMJC,63,71,10.0,369.0,3690.0,2024-04-25
2024042501018741,SCB,38,25,100.0,517.0,51700.0,2024-04-25
2024042501018740,AHL,18,7,70.0,446.0,31220.0,2024-04-25
2024042503012721,HLI,17,42,50.0,385.2,19260.0,2024-04-25
2024042503012720,HLI,17,87,684.0,385.2,263476.8,2024-04-25
2024042501018739,SHIVM,32,57,100.0,499.5,49950.0,2024-04-25
2024042504006557,HPPL,33,21,10.0,255.0,2550.0,2024-04-25
2024042501018738,SGHC,48,68,210.0,314.3,66003.0,2024-04-25
2024042501018737,SGHC,58,68,50.0,314.3,15715.0,2024-04-25
2024042501018736,SGHC,21,68,100.0,314.3,31430.0,2024-04-25
2024042501018735,SGHC,34,68,380.0,314.3,119434.0,2024-04-25
2024042501018734,CLI,45,58,10.0,441.0,4410.0,2024-04-25
2024042501018733,SCB,6,25,384.0,517.0,198528.0,2024-04-25
2024042503012719,SWBBL,34,57,10.0,724.0,7240.0,2024-04-25
2024042504006556,SHL,34,35,100.0,430.0,43000.0,2024-04-25
2024042505003105,NIFRA,38,49,562.0,196.0,110152.0,2024-04-25
2024042505003104,NIFRA,43,49,1000.0,196.1,196100.0,2024-04-25
2024042505003103,CIT,50,35,10.0,2094.0,20940.0,2024-04-25
2024042501018732,RNLI,46,4,11.0,423.0,4653.0,2024-04-25
2024042504006555,HEI,66,13,10.0,571.5,5715.0,2024-04-25
2024042505003102,HRL,8,55,20.0,592.0,11840.0,2024-04-25
2024042501018731,SARBTM,35,55,34.0,786.0,26724.0,2024-04-25
2024042501018730,SARBTM,26,55,16.0,786.0,12576.0,2024-04-25
2024042501018729,SONA,45,56,10.0,443.2,4432.0,2024-04-25
2024042504006554,IGI,84,52,180.0,515.7,92826.0,2024-04-25
2024042504006553,PPCL,16,91,179.0,237.1,42440.9,2024-04-25
2024042503012718,SIFC,70,58,10.0,397.0,3970.0,2024-04-25
2024042503012717,SIFC,70,41,136.0,397.0,53992.0,2024-04-25
2024042501018728,SARBTM,51,34,10.0,786.0,7860.0,2024-04-25
2024042505003101,STC,6,55,10.0,4388.0,43880.0,2024-04-25
2024042503012716,GUFL,34,21,200.0,771.0,154200.0,2024-04-25
2024042501018727,MANDU,65,62,578.0,756.0,436968.0,2024-04-25
2024042501018726,MANDU,65,38,50.0,756.0,37800.0,2024-04-25
2024042501018725,MANDU,65,49,10.0,756.0,7560.0,2024-04-25
2024042501018724,MANDU,65,59,10.0,756.0,7560.0,2024-04-25
2024042501018723,MANDU,65,50,200.0,755.0,151000.0,2024-04-25
2024042501018722,MANDU,65,67,10.0,755.0,7550.0,2024-04-25
2024042501018721,MANDU,65,58,10.0,755.0,7550.0,2024-04-25
2024042501018720,MANDU,65,48,100.0,755.0,75500.0,2024-04-25
2024042501018719,MANDU,65,57,10.0,755.0,7550.0,2024-04-25
2024042501018718,MANDU,65,34,10.0,755.0,7550.0,2024-04-25
2024042501018717,MANDU,65,58,10.0,754.0,7540.0,2024-04-25
2024042501018716,MANDU,65,57,500.0,754.0,377000.0,2024-04-25
2024042501018715,MANDU,65,65,467.0,753.8,352024.6,2024-04-25
2024042501018714,MANDU,65,36,35.0,753.7,26379.5,2024-04-25
2024042503012715,GUFL,33,21,100.0,771.0,77100.0,2024-04-25
2024042503012714,GUFL,35,21,85.0,771.0,65535.0,2024-04-25
2024042504006552,API,44,45,301.0,169.5,51019.5,2024-04-25
2024042504006551,API,44,38,100.0,169.5,16950.0,2024-04-25
2024042504006550,API,44,57,150.0,169.5,25425.0,2024-04-25
2024042504006549,API,44,57,49.0,169.4,8300.6,2024-04-25
2024042504006548,GHL,42,40,200.0,148.2,29640.0,2024-04-25
2024042501018713,MKLB,41,25,10.0,949.0,9490.0,2024-04-25
2024042501018712,MEL,43,6,10.0,228.7,2287.0,2024-04-25
2024042501018711,PCBL,21,29,30.0,195.0,5850.0,2024-04-25
2024042504006547,UPCL,37,41,207.0,193.0,39951.0,2024-04-25
2024042501018710,MKHC,5,45,10.0,317.9,3179.0,2024-04-25
2024042503012713,HLI,40,17,300.0,385.0,115500.0,2024-04-25
2024042503012712,HLI,57,17,100.0,385.1,38510.0,2024-04-25
2024042504006546,API,22,57,10.0,169.4,1694.0,2024-04-25
2024042503012711,SWMF,33,48,50.0,715.3,35765.0,2024-04-25
2024042503012710,SWMF,48,48,60.0,715.5,42930.0,2024-04-25
2024042503012709,SWMF,21,48,65.0,715.6,46514.0,2024-04-25
2024042503012708,SWMF,6,48,20.0,716.0,14320.0,2024-04-25
2024042503012707,SWMF,91,48,300.0,716.0,214800.0,2024-04-25
2024042504006545,NGPL,45,33,10.0,313.0,3130.0,2024-04-25
2024042503012706,RLFL,45,53,20.0,378.0,7560.0,2024-04-25
2024042505003100,NTC,35,13,10.0,827.0,8270.0,2024-04-25
2024042501018709,TAMOR,49,49,10.0,372.0,3720.0,2024-04-25
2024042501018708,TAMOR,49,65,100.0,371.9,37190.0,2024-04-25
2024042501018707,TAMOR,49,58,10.0,371.3,3713.0,2024-04-25
2024042501018706,TAMOR,49,58,10.0,371.0,3710.0,2024-04-25
2024042501018705,TAMOR,49,35,10.0,371.0,3710.0,2024-04-25
2024042501018704,TAMOR,49,43,10.0,370.1,3701.0,2024-04-25
2024042501018703,TAMOR,49,17,100.0,370.0,37000.0,2024-04-25
2024042501018702,TAMOR,49,49,10.0,370.0,3700.0,2024-04-25
2024042501018701,TAMOR,49,35,100.0,370.0,37000.0,2024-04-25
2024042501018700,TAMOR,49,58,10.0,370.0,3700.0,2024-04-25
2024042501018699,HDL,34,57,10.0,1457.9,14579.0,2024-04-25
2024042503012705,GUFL,34,35,12.0,772.0,9264.0,2024-04-25
2024042501018698,SARBTM,49,59,50.0,786.0,39300.0,2024-04-25
2024042503012704,PFL,54,26,100.0,574.0,57400.0,2024-04-25
2024042501018697,SONA,45,74,94.0,443.2,41660.8,2024-04-25
2024042501018696,SONA,22,74,50.0,443.2,22160.0,2024-04-25
2024042501018695,SONA,13,74,56.0,443.2,24819.2,2024-04-25
2024042501018694,MKJC,44,43,10.0,442.0,4420.0,2024-04-25
2024042501018693,UHEWA,38,42,100.0,410.0,41000.0,2024-04-25
2024042501018692,ILI,42,16,162.0,570.0,92340.0,2024-04-25
2024042501018691,ILI,42,28,10.0,570.0,5700.0,2024-04-25
2024042501018690,ILI,42,58,10.0,570.0,5700.0,2024-04-25
2024042501018689,ILI,42,49,10.0,570.0,5700.0,2024-04-25
2024042501018688,ILI,42,58,10.0,570.0,5700.0,2024-04-25
2024042501018687,ILI,42,32,10.0,570.0,5700.0,2024-04-25
2024042501018686,ILI,42,58,10.0,570.0,5700.0,2024-04-25
2024042501018685,ILI,42,58,10.0,570.0,5700.0,2024-04-25
2024042501018684,ILI,42,58,10.0,570.0,5700.0,2024-04-25
2024042501018683,ILI,42,58,10.0,570.0,5700.0,2024-04-25
2024042501018682,ILI,42,45,10.0,570.0,5700.0,2024-04-25
2024042501018681,ILI,42,22,10.0,570.0,5700.0,2024-04-25
2024042501018680,ILI,42,55,10.0,570.0,5700.0,2024-04-25
2024042501018679,ILI,42,58,10.0,570.0,5700.0,2024-04-25
2024042501018678,ILI,42,54,10.0,570.0,5700.0,2024-04-25
2024042501018677,ILI,42,22,10.0,570.0,5700.0,2024-04-25
2024042501018676,ILI,42,29,10.0,570.0,5700.0,2024-04-25
2024042501018675,ILI,42,34,10.0,570.0,5700.0,2024-04-25
2024042501018674,ILI,42,58,10.0,570.0,5700.0,2024-04-25
2024042501018673,ILI,42,35,100.0,570.0,57000.0,2024-04-25
2024042501018672,ILI,42,58,50.0,570.0,28500.0,2024-04-25
2024042501018671,ILI,42,49,10.0,570.0,5700.0,2024-04-25
2024042501018670,ILI,42,70,10.0,570.0,5700.0,2024-04-25
2024042501018669,ILI,42,13,10.0,570.0,5700.0,2024-04-25
2024042501018668,ILI,42,46,10.0,570.0,5700.0,2024-04-25
2024042501018667,ILI,42,47,500.0,570.0,285000.0,2024-04-25
2024042501018666,ILI,42,49,10.0,570.0,5700.0,2024-04-25
2024042501018665,ILI,42,52,10.0,570.0,5700.0,2024-04-25
2024042501018664,ILI,42,42,10.0,570.0,5700.0,2024-04-25
2024042501018663,ILI,42,58,10.0,570.0,5700.0,2024-04-25
2024042501018662,ILI,42,6,10.0,570.0,5700.0,2024-04-25
2024042501018661,ILI,42,25,50.0,570.0,28500.0,2024-04-25
2024042501018660,ILI,42,58,300.0,569.9,170970.0,2024-04-25
2024042501018659,ILI,42,58,100.0,569.8,56980.0,2024-04-25
2024042501018658,ILI,42,75,200.0,569.8,113960.0,2024-04-25
2024042501018657,ILI,42,22,200.0,569.8,113960.0,2024-04-25
2024042501018656,ILI,42,1,38.0,569.8,21652.4,2024-04-25
2024042501018655,ILI,42,36,10.0,569.5,5695.0,2024-04-25
2024042501018654,ILI,42,48,10.0,569.0,5690.0,2024-04-25
2024042501018653,ILI,42,21,10.0,569.0,5690.0,2024-04-25
2024042501018652,MKLB,42,25,10.0,949.0,9490.0,2024-04-25
2024042501018651,NICA,55,47,50.0,348.5,17425.0,2024-04-25
2024042503012703,BFC,58,38,50.0,369.0,18450.0,2024-04-25
2024042504006544,UPPER,58,37,30.0,165.6,4968.0,2024-04-25
2024042503012702,VLBS,28,38,10.0,710.7,7107.0,2024-04-25
2024042501018650,SHIVM,41,64,80.0,500.0,40000.0,2024-04-25
2024042501018649,SNLI,57,33,60.0,586.0,35160.0,2024-04-25
2024042501018648,SNLI,52,33,430.0,586.0,251980.0,2024-04-25
2024042503012701,JFL,45,14,100.0,455.0,45500.0,2024-04-25
2024042503012700,JFL,5,14,125.0,455.1,56887.5,2024-04-25
2024042503012699,PFL,71,6,15.0,573.3,8599.5,2024-04-25
2024042503012698,PFL,7,6,25.0,573.3,14332.5,2024-04-25
2024042505003099,HRL,13,17,31.0,592.2,18358.2,2024-04-25
2024042504006543,AKJCL,34,6,450.0,206.3,92835.0,2024-04-25
2024042504006542,AKJCL,41,6,50.0,206.4,10320.0,2024-04-25
2024042505003098,HRL,13,17,10.0,592.1,5921.0,2024-04-25
2024042505003097,HRL,13,85,239.0,592.1,141511.9,2024-04-25
2024042501018647,NIMB,32,94,48.0,152.0,7296.0,2024-04-25
2024042501018646,NIMB,58,94,60.0,152.0,9120.0,2024-04-25
2024042501018645,NIMB,28,94,10.0,152.0,1520.0,2024-04-25
2024042501018644,NIMB,54,94,302.0,152.0,45904.0,2024-04-25
2024042501018643,NIMB,41,94,60.0,152.0,9120.0,2024-04-25
2024042501018642,NIMB,46,94,188.0,152.0,28576.0,2024-04-25
2024042501018641,NIMB,49,94,84.0,152.2,12784.8,2024-04-25
2024042501018640,NIMB,46,94,818.0,152.3,124581.4,2024-04-25
2024042501018639,NIMB,14,94,200.0,152.4,30480.0,2024-04-25
2024042504006541,DHPL,50,34,70.0,196.2,13734.0,2024-04-25
2024042504006540,DHPL,39,34,30.0,196.3,5889.0,2024-04-25
2024042504006539,GHL,32,40,100.0,148.2,14820.0,2024-04-25
2024042505003096,HIDCL,26,22,50.0,162.5,8125.0,2024-04-25
2024042505003095,HIDCL,26,48,13.0,162.5,2112.5,2024-04-25
2024042505003094,HIDCL,26,55,65.0,162.5,10562.5,2024-04-25
2024042501018638,DORDI,14,38,10.0,420.0,4200.0,2024-04-25
2024042501018637,HDL,42,13,10.0,1457.8,14578.0,2024-04-25
2024042504006538,SHPC,54,42,20.0,322.8,6456.0,2024-04-25
2024042501018636,PCBL,42,34,100.0,195.3,19530.0,2024-04-25
2024042501018635,SPL,42,43,10.0,638.8,6388.0,2024-04-25
2024042504006537,CHL,56,32,110.0,330.9,36399.0,2024-04-25
2024042504006536,CHL,56,58,60.0,330.1,19806.0,2024-04-25
2024042505003093,GIBF1,17,45,100.0,8.65,865.0,2024-04-25
2024042505003092,GIBF1,17,35,100.0,8.5,850.0,2024-04-25
2024042505003091,GIBF1,17,45,100.0,8.5,850.0,2024-04-25
2024042504006535,MHNL,17,28,20.0,220.0,4400.0,2024-04-25
2024042504006534,MHNL,17,51,60.0,219.0,13140.0,2024-04-25
2024042501018634,HHL,51,61,10.0,358.5,3585.0,2024-04-25
2024042501018633,CKHL,45,34,80.0,530.0,42400.0,2024-04-25
2024042501018632,CKHL,45,45,10.0,530.0,5300.0,2024-04-25
2024042501018631,CKHL,45,19,10.0,525.0,5250.0,2024-04-25
2024042501018630,CKHL,45,51,40.0,525.0,21000.0,2024-04-25
2024042501018629,CKHL,45,42,30.0,523.3,15699.0,2024-04-25
2024042501018628,CKHL,45,22,30.0,523.2,15696.0,2024-04-25
2024042501018627,SHIVM,34,64,300.0,500.0,150000.0,2024-04-25
2024042503012697,WNLB,35,57,20.0,1352.0,27040.0,2024-04-25
2024042503012696,WNLB,35,61,80.0,1352.0,108160.0,2024-04-25
2024042503012695,WNLB,35,48,100.0,1350.0,135000.0,2024-04-25
2024042503012694,MERO,38,32,10.0,608.0,6080.0,2024-04-25
2024042504006533,MEN,48,41,301.0,511.5,153961.5,2024-04-25
2024042503012693,GUFL,45,35,100.0,772.0,77200.0,2024-04-25
2024042501018626,MBJC,39,22,100.0,293.0,29300.0,2024-04-25
2024042501018625,SAHAS,42,39,30.0,498.0,14940.0,2024-04-25
2024042501018624,CYCL,25,45,20.0,1540.1,30802.0,2024-04-25
2024042503012692,PFL,49,26,100.0,574.0,57400.0,2024-04-25
2024042501018623,SONA,13,13,1300.0,443.2,576160.0,2024-04-25
2024042504006532,NLG,46,32,57.0,741.0,42237.0,2024-04-25
2024042504006531,NLG,44,32,200.0,741.2,148240.0,2024-04-25
2024042504006530,NLG,21,32,76.0,741.3,56338.8,2024-04-25
2024042504006529,NLG,44,32,200.0,741.5,148300.0,2024-04-25
2024042504006528,NLG,35,32,200.0,741.6,148320.0,2024-04-25
2024042504006527,NLG,44,32,200.0,741.6,148320.0,2024-04-25
2024042503012691,ICFC,32,21,150.0,500.0,75000.0,2024-04-25
2024042503012690,ICFC,38,21,50.0,500.1,25005.0,2024-04-25
2024042501018622,PPL,64,41,10.0,602.0,6020.0,2024-04-25
2024042504006526,API,58,58,200.0,169.3,33860.0,2024-04-25
2024042503012689,MFIL,91,35,10.0,504.9,5049.0,2024-04-25
2024042501018621,MHL,58,36,10.0,398.0,3980.0,2024-04-25
2024042504006525,API,44,57,141.0,169.4,23885.4,2024-04-25
2024042503012688,JFL,21,62,488.0,455.2,222137.6,2024-04-25
2024042504006524,UNHPL,48,5,10.0,224.0,2240.0,2024-04-25
2024042504006523,SGIC,71,45,81.0,515.0,41715.0,2024-04-25
2024042504006522,SGIC,1,45,19.0,515.0,9785.0,2024-04-25
2024042504006521,SGIC,41,45,200.0,515.6,103120.0,2024-04-25
2024042504006520,SJCL,57,25,160.0,270.9,43344.0,2024-04-25
2024042504006519,SJCL,44,25,340.0,270.9,92106.0,2024-04-25
2024042504006518,GHL,48,25,900.0,148.1,133290.0,2024-04-25
2024042504006517,GHL,13,25,100.0,148.1,14810.0,2024-04-25
2024042504006516,SHEL,34,52,10.0,162.9,1629.0,2024-04-25
2024042501018620,DORDI,14,34,700.0,420.0,294000.0,2024-04-25
2024042503012687,MLBL,66,18,400.0,313.3,125320.0,2024-04-25
2024042501018619,SONA,42,32,300.0,443.6,133080.0,2024-04-25
2024042503012686,SJLIC,42,43,30.0,416.5,12495.0,2024-04-25
2024042503012685,GLBSL,74,42,20.0,1959.5,39190.0,2024-04-25
2024042503012684,GLBSL,38,42,70.0,1959.5,137165.0,2024-04-25
2024042504006515,AKPL,39,47,130.0,164.8,21424.0,2024-04-25
2024042505003090,HIDCL,29,43,1000.0,162.1,162100.0,2024-04-25
2024042505003089,NRN,52,91,222.0,498.2,110600.4,2024-04-25
2024042505003088,NRN,49,91,100.0,498.3,49830.0,2024-04-25
2024042505003087,NRN,40,91,178.0,499.9,88982.2,2024-04-25
2024042504006514,NIL,57,49,100.0,801.0,80100.0,2024-04-25
2024042504006513,NIL,57,52,40.0,801.0,32040.0,2024-04-25
2024042504006512,NIL,57,17,55.0,801.0,44055.0,2024-04-25
2024042504006511,NIL,57,19,10.0,801.0,8010.0,2024-04-25
2024042501018618,SIKLES,48,35,10.0,492.0,4920.0,2024-04-25
2024042501018617,SIKLES,48,49,10.0,492.0,4920.0,2024-04-25
2024042501018616,SHIVM,8,64,10.0,500.0,5000.0,2024-04-25
2024042505003086,HRL,8,25,10.0,592.0,5920.0,2024-04-25
2024042503012683,CFCL,6,19,240.0,374.0,89760.0,2024-04-25
2024042504006510,API,44,21,150.0,169.4,25410.0,2024-04-25
2024042501018615,NYADI,19,21,20.0,294.0,5880.0,2024-04-25
2024042501018614,NYADI,36,21,100.0,294.5,29450.0,2024-04-25
2024042501018613,NYADI,59,21,280.0,294.6,82488.0,2024-04-25
2024042503012682,FMDBL,35,18,80.0,598.0,47840.0,2024-04-25
2024042501018612,SNLI,35,21,10.0,586.1,5861.0,2024-04-25
2024042501018611,TVCL,34,74,100.0,474.3,47430.0,2024-04-25
2024042501018610,TVCL,34,74,210.0,474.3,99603.0,2024-04-25
2024042501018609,TVCL,34,45,300.0,474.0,142200.0,2024-04-25
2024042501018608,TVCL,34,28,90.0,474.0,42660.0,2024-04-25
2024042504006509,SHL,34,38,200.0,429.0,85800.0,2024-04-25
2024042501018607,TVCL,34,28,10.0,474.0,4740.0,2024-04-25
2024042501018606,BHDC,11,49,45.0,468.0,21060.0,2024-04-25
2024042503012681,HLI,44,87,250.0,385.2,96300.0,2024-04-25
2024042504006508,LEC,56,58,320.0,180.0,57600.0,2024-04-25
2024042504006507,KKHC,51,71,50.0,225.5,11275.0,2024-04-25
2024042504006506,TRH,49,22,124.0,699.0,86676.0,2024-04-25
2024042504006505,TRH,57,22,26.0,699.0,18174.0,2024-04-25
2024042503012680,GUFL,35,22,25.0,771.0,19275.0,2024-04-25
2024042501018605,ILI,89,1,12.0,569.8,6837.6,2024-04-25
2024042501018604,ILI,89,44,20.0,569.8,11396.0,2024-04-25
2024042501018603,ILI,89,29,500.0,569.7,284850.0,2024-04-25
2024042501018602,ILI,89,58,10.0,569.7,5697.0,2024-04-25
2024042501018601,ILI,89,13,100.0,569.7,56970.0,2024-04-25
2024042501018600,ILI,89,58,151.0,569.6,86009.6,2024-04-25
2024042501018599,ILI,89,26,10.0,569.5,5695.0,2024-04-25
2024042501018598,ILI,89,17,137.0,569.5,78021.5,2024-04-25
2024042501018597,ILI,89,39,60.0,569.0,34140.0,2024-04-25
2024042504006504,JOSHI,45,35,100.0,338.0,33800.0,2024-04-25
2024042504006503,JOSHI,45,25,100.0,337.9,33790.0,2024-04-25
2024042501018596,RNLI,46,6,464.0,423.0,196272.0,2024-04-25
2024042505003085,HRL,8,34,450.0,592.0,266400.0,2024-04-25
2024042501018595,NABIL,56,45,12.0,427.3,5127.6,2024-04-25
2024042501018594,SMHL,36,50,120.0,430.0,51600.0,2024-04-25
2024042504006502,NHPC,57,56,300.0,144.0,43200.0,2024-04-25
2024042504006501,CHL,58,45,25.0,330.0,8250.0,2024-04-25
2024042504006500,NHPC,49,56,10.0,144.0,1440.0,2024-04-25
2024042505003084,NRN,40,50,10.0,499.9,4999.0,2024-04-25
2024042504006499,UPCL,37,26,144.0,192.8,27763.2,2024-04-25
2024042504006498,UPCL,48,26,50.0,192.9,9645.0,2024-04-25
2024042504006497,UPCL,25,26,70.0,192.9,13503.0,2024-04-25
2024042505003083,HRL,8,21,20.0,592.0,11840.0,2024-04-25
2024042501018593,NABIL,60,45,20.0,427.3,8546.0,2024-04-25
2024042501018592,BNHC,58,53,30.0,447.0,13410.0,2024-04-25
2024042501018591,BNHC,38,53,10.0,447.0,4470.0,2024-04-25
2024042504006496,SGIC,1,38,81.0,515.0,41715.0,2024-04-25
2024042504006495,SGIC,48,38,39.0,515.5,20104.5,2024-04-25
2024042501018590,SHIVM,32,55,423.0,499.5,211288.5,2024-04-25
2024042501018589,SHIVM,58,55,34.0,499.5,16983.0,2024-04-25
2024042501018588,SHIVM,45,55,50.0,499.6,24980.0,2024-04-25
2024042501018587,HIDCLP,38,55,169.0,99.1,16747.9,2024-04-25
2024042501018586,HIDCLP,34,55,130.0,99.1,12883.0,2024-04-25
2024042504006494,AHPC,47,56,17.0,162.1,2755.7,2024-04-25
2024042505003082,CIT,29,42,20.0,2092.0,41840.0,2024-04-25
2024042501018585,USHEC,62,21,10.0,366.0,3660.0,2024-04-25
2024042503012679,SFCL,38,33,249.0,324.6,80825.4,2024-04-25
2024042503012678,SFCL,58,33,20.0,325.0,6500.0,2024-04-25
2024042503012677,SFCL,55,33,50.0,325.0,16250.0,2024-04-25
2024042503012676,SFCL,45,33,30.0,325.0,9750.0,2024-04-25
2024042503012675,SFCL,57,33,50.0,325.0,16250.0,2024-04-25
2024042503012674,SFCL,42,33,191.0,325.0,62075.0,2024-04-25
2024042501018584,PRVU,22,43,20.0,140.6,2812.0,2024-04-25
2024042503012673,NFS,3,45,50.0,462.1,23105.0,2024-04-25
2024042504006493,JOSHI,45,45,17.0,336.1,5713.7,2024-04-25
2024042504006492,HEI,16,88,40.0,570.0,22800.0,2024-04-25
2024042504006491,HEI,16,38,110.0,570.0,62700.0,2024-04-25
2024042503012672,DDBL,40,28,353.0,675.6,238486.8,2024-04-25
2024042503012671,DDBL,34,28,12.0,675.6,8107.2,2024-04-25
2024042503012670,DDBL,58,28,25.0,680.0,17000.0,2024-04-25
2024042501018583,KDL,42,34,10.0,763.0,7630.0,2024-04-25
2024042501018582,SBL,17,37,1070.0,215.5,230585.0,2024-04-25
2024042501018581,SBL,6,37,500.0,215.5,107750.0,2024-04-25
2024042501018580,SBL,1,37,100.0,215.6,21560.0,2024-04-25
2024042501018579,SBL,38,37,280.0,215.6,60368.0,2024-04-25
2024042501018578,MANDU,65,41,50.0,742.0,37100.0,2024-04-25
2024042501018577,MANDU,34,41,20.0,742.0,14840.0,2024-04-25
2024042501018576,MANDU,45,41,30.0,744.0,22320.0,2024-04-25
2024042501018575,HDL,45,41,87.0,1455.6,126637.2,2024-04-25
2024042503012669,CFCL,58,19,100.0,374.0,37400.0,2024-04-25
2024042501018574,PHCL,17,45,190.0,296.9,56411.0,2024-04-25
2024042501018573,PHCL,17,38,10.0,296.0,2960.0,2024-04-25
2024042501018572,RFPL,71,22,101.0,367.0,37067.0,2024-04-25
2024042504006490,PPCL,39,91,45.0,238.0,10710.0,2024-04-25
2024042501018571,ILI,7,39,190.0,569.0,108110.0,2024-04-25
2024042501018570,EHPL,55,45,160.0,475.1,76016.0,2024-04-25
2024042501018569,HATHY,45,38,10.0,830.0,8300.0,2024-04-25
2024042504006489,CHL,58,45,500.0,330.0,165000.0,2024-04-25
2024042501018568,SIKLES,42,45,200.0,490.0,98000.0,2024-04-25
2024042501018567,HHL,46,25,50.0,353.7,17685.0,2024-04-25
2024042501018566,HHL,57,25,50.0,353.8,17690.0,2024-04-25
2024042501018565,HHL,29,25,10.0,353.8,3538.0,2024-04-25
2024042501018564,HHL,52,25,50.0,354.0,17700.0,2024-04-25
2024042501018563,HHL,52,25,90.0,354.0,31860.0,2024-04-25
2024042501018562,HHL,59,25,50.0,354.1,17705.0,2024-04-25
2024042501018561,SCB,6,58,23.0,517.0,11891.0,2024-04-25
2024042501018560,SCB,6,16,23.0,517.0,11891.0,2024-04-25
2024042501018559,SCB,6,21,70.0,517.0,36190.0,2024-04-25
2024042503012668,SJLIC,49,43,55.0,416.5,22907.5,2024-04-25
2024042501018558,NABIL,6,94,299.0,427.0,127673.0,2024-04-25
2024042501018557,NABIL,8,94,10.0,427.0,4270.0,2024-04-25
2024042501018556,NABIL,16,94,10.0,427.1,4271.0,2024-04-25
2024042503012667,JFL,81,52,50.0,455.3,22765.0,2024-04-25
2024042501018555,SHIVM,32,64,505.0,500.0,252500.0,2024-04-25
2024042503012666,SKBBL,47,52,10.0,794.0,7940.0,2024-04-25
2024042504006488,AKPL,82,14,962.0,165.0,158730.0,2024-04-25
2024042504006487,AKPL,82,43,38.0,165.0,6270.0,2024-04-25
2024042504006486,HEI,66,38,90.0,570.0,51300.0,2024-04-25
2024042504006485,HEI,66,11,10.0,569.9,5699.0,2024-04-25
2024042504006484,NGPL,64,38,100.0,312.5,31250.0,2024-04-25
2024042504006483,UPCL,41,41,20.0,193.0,3860.0,2024-04-25
2024042501018554,MHL,58,1,10.0,398.0,3980.0,2024-04-25
2024042501018553,MHL,58,25,80.0,398.0,31840.0,2024-04-25
2024042501018552,DOLTI,45,17,10.0,437.0,4370.0,2024-04-25
2024042503012665,GUFL,35,51,1400.0,771.0,1079400.0,2024-04-25
2024042501018551,MHL,34,39,100.0,396.2,39620.0,2024-04-25
2024042501018550,NABIL,40,45,200.0,427.5,85500.0,2024-04-25
2024042501018549,NABIL,35,45,100.0,427.5,42750.0,2024-04-25
2024042501018548,NABIL,56,45,190.0,427.5,81225.0,2024-04-25
2024042501018547,NABIL,38,45,50.0,427.5,21375.0,2024-04-25
2024042501018546,NABIL,8,45,300.0,427.6,128280.0,2024-04-25
2024042501018545,KBL,93,25,20.0,133.9,2678.0,2024-04-25
2024042501018544,KBL,93,56,30.0,133.4,4002.0,2024-04-25
2024042504006482,GLH,14,16,29.0,202.3,5866.7,2024-04-25
2024042504006481,GLH,4,16,21.0,202.4,4250.4,2024-04-25
2024042504006480,GLH,49,16,400.0,202.5,81000.0,2024-04-25
2024042503012664,MLBL,21,1,10.0,314.5,3145.0,2024-04-25
2024042505003081,NRN,40,34,10.0,499.9,4999.0,2024-04-25
2024042503012663,SWMF,6,53,10.0,716.0,7160.0,2024-04-25
2024042505003080,NRN,40,42,215.0,499.0,107285.0,2024-04-25
2024042505003079,HRL,8,47,100.0,592.0,59200.0,2024-04-25
2024042503012662,GBBL,25,56,36.0,355.2,12787.2,2024-04-25
2024042503012661,GBBL,59,56,10.0,355.2,3552.0,2024-04-25
2024042503012660,GBBL,59,56,15.0,355.3,5329.5,2024-04-25
2024042503012659,GBBL,45,56,50.0,355.3,17765.0,2024-04-25
2024042503012658,GBBL,59,56,10.0,355.4,3554.0,2024-04-25
2024042503012657,GBBL,42,56,79.0,355.5,28084.5,2024-04-25
2024042501018543,ILI,7,11,10.0,569.0,5690.0,2024-04-25
2024042503012656,JFL,21,51,512.0,455.2,233062.4,2024-04-25
2024042504006479,GHL,13,48,50.0,148.1,7405.0,2024-04-25
2024042501018542,SMJC,52,50,100.0,365.8,36580.0,2024-04-25
2024042501018541,SMJC,56,50,15.0,365.8,5487.0,2024-04-25
2024042503012655,SIFC,26,41,714.0,397.0,283458.0,2024-04-25
2024042503012654,SIFC,26,42,200.0,397.0,79400.0,2024-04-25
2024042503012653,SIFC,26,8,86.0,396.3,34081.8,2024-04-25
2024042503012652,SADBL,26,32,127.0,291.0,36957.0,2024-04-25
2024042503012651,CORBL,34,3,10.0,424.5,4245.0,2024-04-25
2024042504006478,HDHPC,42,48,400.0,129.9,51960.0,2024-04-25
2024042501018540,SONA,13,29,500.0,443.2,221600.0,2024-04-25
2024042501018539,CITY,57,58,100.0,576.2,57620.0,2024-04-25
2024042501018538,SARBTM,58,14,30.0,787.0,23610.0,2024-04-25
2024042501018537,CZBIL,45,13,50.0,155.9,7795.0,2024-04-25
2024042501018536,CZBIL,45,40,1650.0,155.9,257235.0,2024-04-25
2024042503012650,SJLIC,13,43,100.0,416.5,41650.0,2024-04-25
2024042501018535,KBL,33,50,100.0,133.0,13300.0,2024-04-25
2024042501018534,PPL,17,21,10.0,601.2,6012.0,2024-04-25
2024042501018533,DORDI,14,35,14.0,420.0,5880.0,2024-04-25
2024042503012649,WNLB,35,48,30.0,1351.9,40557.0,2024-04-25
2024042503012648,WNLB,35,57,80.0,1350.0,108000.0,2024-04-25
2024042503012647,WNLB,35,71,10.0,1346.4,13464.0,2024-04-25
2024042503012646,WNLB,35,51,10.0,1340.2,13402.0,2024-04-25
2024042503012645,WNLB,35,5,11.0,1340.0,14740.0,2024-04-25
2024042503012644,WNLB,35,71,10.0,1340.0,13400.0,2024-04-25
2024042503012643,WNLB,35,48,20.0,1339.0,26780.0,2024-04-25
2024042503012642,WNLB,35,38,20.0,1338.9,26778.0,2024-04-25
2024042503012641,WNLB,35,71,30.0,1334.0,40020.0,2024-04-25
2024042503012640,WNLB,35,5,10.0,1332.0,13320.0,2024-04-25
2024042503012639,WNLB,35,48,69.0,1315.0,90735.0,2024-04-25
2024042501018532,SHIVM,82,64,50.0,500.0,25000.0,2024-04-25
2024042501018531,DLBS,51,38,10.0,1117.0,11170.0,2024-04-25
2024042504006477,HURJA,51,53,100.0,281.5,28150.0,2024-04-25
2024042504006476,LEC,11,58,50.0,180.0,9000.0,2024-04-25
2024042501018530,NICA,42,36,1.0,348.0,348.0,2024-04-25
2024042501018529,CKHL,59,58,10.0,512.1,5121.0,2024-04-25
2024042501018528,SHIVM,22,64,666.0,500.0,333000.0,2024-04-25
2024042501018527,SHIVM,22,45,150.0,500.0,75000.0,2024-04-25
2024042501018526,SHIVM,22,1,34.0,500.0,17000.0,2024-04-25
2024042501018525,SHIVM,22,35,250.0,500.0,125000.0,2024-04-25
2024042501018524,SHLB,45,11,10.0,1210.0,12100.0,2024-04-25
2024042503012638,RLFL,21,53,10.0,378.0,3780.0,2024-04-25
2024042501018523,CLI,44,58,10.0,440.9,4409.0,2024-04-25
2024042501018522,CLI,44,54,10.0,440.5,4405.0,2024-04-25
2024042501018521,MAKAR,38,77,188.0,375.0,70500.0,2024-04-25
2024042501018520,BHPL,1,28,100.0,475.0,47500.0,2024-04-25
2024042501018519,GVL,1,14,50.0,420.0,21000.0,2024-04-25
2024042501018518,GVL,1,58,10.0,420.0,4200.0,2024-04-25
2024042501018517,GVL,1,54,10.0,420.0,4200.0,2024-04-25
2024042501018516,GVL,1,38,10.0,420.0,4200.0,2024-04-25
2024042501018515,GVL,1,77,10.0,420.0,4200.0,2024-04-25
2024042501018514,GVL,1,44,10.0,420.0,4200.0,2024-04-25
2024042501018513,GVL,1,7,10.0,420.0,4200.0,2024-04-25
2024042501018512,GVL,1,32,10.0,420.0,4200.0,2024-04-25
2024042501018511,GVL,1,1,110.0,419.0,46090.0,2024-04-25
2024042501018510,GVL,1,34,10.0,419.0,4190.0,2024-04-25
2024042501018509,GVL,1,49,10.0,418.0,4180.0,2024-04-25
2024042501018508,GVL,1,57,10.0,418.0,4180.0,2024-04-25
2024042501018507,GVL,1,6,10.0,417.0,4170.0,2024-04-25
2024042501018506,GVL,1,75,10.0,417.0,4170.0,2024-04-25
2024042501018505,GVL,1,54,10.0,416.0,4160.0,2024-04-25
2024042501018504,GVL,1,7,10.0,416.0,4160.0,2024-04-25
2024042503012637,ICFC,38,37,100.0,500.1,50010.0,2024-04-25
2024042503012636,ICFC,47,37,200.0,500.2,100040.0,2024-04-25
2024042501018503,SRLI,58,14,10.0,431.5,4315.0,2024-04-25
2024042504006475,CHL,58,59,10.0,330.0,3300.0,2024-04-25
2024042504006474,CHL,58,16,1100.0,330.0,363000.0,2024-04-25
2024042504006473,CHL,58,49,67.0,330.0,22110.0,2024-04-25
2024042504006472,CHL,58,45,1000.0,330.0,330000.0,2024-04-25
2024042504006471,CHL,58,53,600.0,330.0,198000.0,2024-04-25
2024042504006470,CHL,58,34,100.0,330.0,33000.0,2024-04-25
2024042504006469,CHL,58,11,120.0,330.0,39600.0,2024-04-25
2024042504006468,CHL,58,34,620.0,330.0,204600.0,2024-04-25
2024042504006467,CHL,58,6,180.0,329.9,59382.0,2024-04-25
2024042504006466,CHL,58,13,150.0,329.8,49470.0,2024-04-25
2024042504006465,CHL,58,16,115.0,329.6,37904.0,2024-04-25
2024042501018502,VLUCL,42,58,20.0,465.0,9300.0,2024-04-25
2024042501018501,DOLTI,45,61,200.0,437.0,87400.0,2024-04-25
2024042501018500,RNLI,46,49,22.0,423.0,9306.0,2024-04-25
2024042501018499,BGWT,65,34,320.0,588.0,188160.0,2024-04-25
2024042501018498,BGWT,65,22,10.0,587.9,5879.0,2024-04-25
2024042501018497,BGWT,65,94,150.0,587.8,88170.0,2024-04-25
2024042501018496,BGWT,65,13,100.0,587.5,58750.0,2024-04-25
2024042501018495,BGWT,65,57,10.0,587.0,5870.0,2024-04-25
2024042501018494,BGWT,65,36,300.0,585.0,175500.0,2024-04-25
2024042501018493,BGWT,65,34,10.0,585.0,5850.0,2024-04-25
2024042501018492,BGWT,65,47,100.0,584.9,58490.0,2024-04-25
2024042501018491,SONA,52,32,90.0,443.7,39933.0,2024-04-25
2024042501018490,SONA,52,44,10.0,443.6,4436.0,2024-04-25
2024042503012635,MNBBL,35,44,10.0,337.7,3377.0,2024-04-25
2024042503012634,RLFL,32,53,150.0,378.0,56700.0,2024-04-25
2024042504006464,UPPER,16,47,385.0,165.3,63640.5,2024-04-25
2024042504006463,UPPER,38,47,35.0,165.5,5792.5,2024-04-25
2024042504006462,RADHI,33,7,100.0,225.7,22570.0,2024-04-25
2024042501018489,CLI,47,14,10.0,440.2,4402.0,2024-04-25
2024042504006461,RHPL,46,55,20.0,267.0,5340.0,2024-04-25
2024042501018488,RNLI,46,57,11.0,423.0,4653.0,2024-04-25
2024042501018487,RNLI,46,38,406.0,423.0,171738.0,2024-04-25
2024042501018486,RNLI,46,46,11.0,423.0,4653.0,2024-04-25
2024042503012633,SINDU,46,39,13.0,358.9,4665.7,2024-04-25
2024042503012632,KRBL,62,58,160.0,393.1,62896.0,2024-04-25
2024042503012631,KRBL,6,58,20.0,393.1,7862.0,2024-04-25
2024042503012630,KRBL,6,58,20.0,393.3,7866.0,2024-04-25
2024042503012629,KRBL,62,58,300.0,393.4,118020.0,2024-04-25
2024042501018485,PPL,33,33,290.0,603.0,174870.0,2024-04-25
2024042501018484,PPL,33,49,10.0,602.0,6020.0,2024-04-25
2024042503012628,GUFL,35,33,490.0,771.0,377790.0,2024-04-25
2024042503012627,GUFL,41,33,10.0,771.0,7710.0,2024-04-25
2024042501018483,GBIME,48,34,100.0,176.0,17600.0,2024-04-25
2024042503012626,USLB,75,56,34.0,1920.0,65280.0,2024-04-25
2024042503012625,USLB,75,64,100.0,1920.0,192000.0,2024-04-25
2024042503012624,USLB,75,57,10.0,1920.0,19200.0,2024-04-25
2024042503012623,USLB,75,41,100.0,1920.0,192000.0,2024-04-25
2024042503012622,USLB,75,53,10.0,1920.0,19200.0,2024-04-25
2024042503012621,USLB,75,7,20.0,1920.0,38400.0,2024-04-25
2024042503012620,USLB,75,14,10.0,1920.0,19200.0,2024-04-25
2024042503012619,USLB,75,22,34.0,1919.9,65276.6,2024-04-25
2024042503012618,USLB,75,53,73.0,1919.9,140152.7,2024-04-25
2024042503012617,USLB,75,41,14.0,1919.0,26866.0,2024-04-25
2024042503012616,USLB,75,44,10.0,1915.0,19150.0,2024-04-25
2024042503012615,USLB,75,58,10.0,1915.0,19150.0,2024-04-25
2024042503012614,USLB,75,58,10.0,1915.0,19150.0,2024-04-25
2024042503012613,USLB,75,22,14.0,1913.5,26789.0,2024-04-25
2024042503012612,USLB,75,57,10.0,1913.5,19135.0,2024-04-25
2024042503012611,USLB,75,44,20.0,1913.0,38260.0,2024-04-25
2024042503012610,USLB,75,57,19.0,1911.0,36309.0,2024-04-25
2024042503012609,USLB,75,29,10.0,1910.0,19100.0,2024-04-25
2024042503012608,USLB,75,16,22.0,1910.0,42020.0,2024-04-25
2024042503012607,USLB,75,16,10.0,1910.0,19100.0,2024-04-25
2024042503012606,USLB,75,7,50.0,1910.0,95500.0,2024-04-25
2024042503012605,USLB,75,8,29.0,1910.0,55390.0,2024-04-25
2024042503012604,USLB,75,45,100.0,1910.0,191000.0,2024-04-25
2024042503012603,USLB,75,38,10.0,1910.0,19100.0,2024-04-25
2024042503012602,USLB,75,58,10.0,1910.0,19100.0,2024-04-25
2024042503012601,USLB,75,35,65.0,1909.0,124085.0,2024-04-25
2024042503012600,USLB,75,62,15.0,1908.0,28620.0,2024-04-25
2024042503012599,USLB,75,22,14.0,1908.0,26712.0,2024-04-25
2024042503012598,USLB,75,42,30.0,1907.0,57210.0,2024-04-25
2024042503012597,USLB,75,46,20.0,1905.0,38100.0,2024-04-25
2024042501018482,TSHL,77,36,10.0,507.0,5070.0,2024-04-25
2024042501018481,TSHL,77,72,10.0,504.9,5049.0,2024-04-25
2024042504006460,UMHL,45,34,100.0,238.0,23800.0,2024-04-25
2024042501018480,CYCL,25,34,10.0,1548.0,15480.0,2024-04-25
2024042501018479,TAMOR,49,49,10.0,369.0,3690.0,2024-04-25
2024042501018478,TAMOR,49,17,10.0,368.9,3689.0,2024-04-25
2024042501018477,TAMOR,49,58,10.0,368.1,3681.0,2024-04-25
2024042501018476,TAMOR,49,90,265.0,368.1,97546.5,2024-04-25
2024042501018475,TAMOR,49,38,10.0,368.0,3680.0,2024-04-25
2024042501018474,TAMOR,49,58,10.0,368.0,3680.0,2024-04-25
2024042505003078,NIFRA,65,37,500.0,196.3,98150.0,2024-04-25
2024042503012596,GUFL,41,88,40.0,771.0,30840.0,2024-04-25
2024042503012595,GUFL,7,88,500.0,771.0,385500.0,2024-04-25
2024042503012594,GUFL,6,88,10.0,771.0,7710.0,2024-04-25
2024042503012593,GUFL,25,88,350.0,771.1,269885.0,2024-04-25
2024042503012592,GUFL,54,88,100.0,772.0,77200.0,2024-04-25
2024042503012591,SJLIC,32,59,85.0,416.1,35368.5,2024-04-25
2024042503012590,SJLIC,58,59,15.0,416.3,6244.5,2024-04-25
2024042505003077,HIDCL,29,26,240.0,162.1,38904.0,2024-04-25
2024042501018473,ILI,95,35,10.0,568.0,5680.0,2024-04-25
2024042501018472,SHIVM,58,35,66.0,499.5,32967.0,2024-04-25
2024042501018471,MMKJL,33,82,430.0,412.4,177332.0,2024-04-25
2024042501018470,MMKJL,56,82,50.0,412.5,20625.0,2024-04-25
2024042501018469,MMKJL,11,82,20.0,412.5,8250.0,2024-04-25
2024042503012589,GLBSL,38,35,250.0,1959.5,489875.0,2024-04-25
2024042501018468,RAWA,18,45,200.0,478.0,95600.0,2024-04-25
2024042503012588,RSDC,34,45,10.0,599.9,5999.0,2024-04-25
2024042501018467,TVCL,34,58,40.0,469.2,18768.0,2024-04-25
2024042501018466,TVCL,34,34,300.0,469.0,140700.0,2024-04-25
2024042501018465,TVCL,34,57,509.0,465.0,236685.0,2024-04-25
2024042501018464,TVCL,34,34,50.0,461.0,23050.0,2024-04-25
2024042501018463,MKHC,40,34,300.0,317.0,95100.0,2024-04-25
2024042501018462,ILI,29,57,200.0,569.0,113800.0,2024-04-25
2024042504006459,SSHL,34,46,83.0,158.0,13114.0,2024-04-25
2024042504006458,SSHL,58,46,70.0,158.1,11067.0,2024-04-25
2024042501018461,MSHL,58,45,15.0,630.0,9450.0,2024-04-25
2024042501018460,MSHL,58,44,10.0,630.0,6300.0,2024-04-25
2024042501018459,MSHL,58,58,85.0,618.0,52530.0,2024-04-25
2024042503012587,SIFC,44,8,200.0,396.3,79260.0,2024-04-25
2024042503012586,SIFC,13,8,10.0,396.3,3963.0,2024-04-25
2024042503012585,SIFC,45,8,54.0,396.3,21400.2,2024-04-25
2024042505003076,HRL,8,13,450.0,592.0,266400.0,2024-04-25
2024042503012584,PFL,5,26,20.0,574.0,11480.0,2024-04-25
2024042503012583,PFL,38,26,200.0,574.0,114800.0,2024-04-25
2024042503012582,PFL,55,26,20.0,574.0,11480.0,2024-04-25
2024042503012581,PFL,34,26,1000.0,574.0,574000.0,2024-04-25
2024042503012580,PFL,20,26,1000.0,574.0,574000.0,2024-04-25
2024042503012579,PFL,71,26,31.0,574.3,17803.3,2024-04-25
2024042503012578,PFL,32,26,50.0,575.0,28750.0,2024-04-25
2024042503012577,PFL,39,26,76.0,575.1,43707.6,2024-04-25
2024042503012576,PFL,39,26,86.0,577.0,49622.0,2024-04-25
2024042503012575,PROFL,11,21,190.0,326.0,61940.0,2024-04-25
2024042503012574,PROFL,14,21,37.0,326.0,12062.0,2024-04-25
2024042501018458,UHEWA,35,42,200.0,410.0,82000.0,2024-04-25
2024042503012573,RLFL,32,3,150.0,378.0,56700.0,2024-04-25
2024042501018457,MHCL,41,19,10.0,374.0,3740.0,2024-04-25
2024042501018456,ILI,95,41,20.0,568.0,11360.0,2024-04-25
2024042501018455,ILI,58,41,80.0,568.8,45504.0,2024-04-25
2024042505003075,HRL,8,42,50.0,592.0,29600.0,2024-04-25
2024042504006457,UMRH,25,29,30.0,332.1,9963.0,2024-04-25
2024042504006456,UMRH,39,29,200.0,332.2,66440.0,2024-04-25
2024042504006455,UMRH,58,29,100.0,333.0,33300.0,2024-04-25
2024042504006454,UMRH,45,29,230.0,333.0,76590.0,2024-04-25
2024042504006453,UMRH,36,29,60.0,333.1,19986.0,2024-04-25
2024042504006452,UMRH,48,29,30.0,333.3,9999.0,2024-04-25
2024042504006451,UMRH,34,29,45.0,334.0,15030.0,2024-04-25
2024042504006450,UMRH,34,29,20.0,334.0,6680.0,2024-04-25
2024042504006449,PMHPL,45,72,300.0,223.2,66960.0,2024-04-25
2024042504006448,PMHPL,67,72,200.0,223.3,44660.0,2024-04-25
2024042504006447,PMHPL,41,72,200.0,223.4,44680.0,2024-04-25
2024042504006446,PMHPL,41,72,100.0,223.6,22360.0,2024-04-25
2024042504006445,PMHPL,65,72,200.0,223.6,44720.0,2024-04-25
2024042503012572,SJLIC,58,58,10.0,416.2,4162.0,2024-04-25
2024042503012571,PFL,39,44,50.0,577.0,28850.0,2024-04-25
2024042503012570,PFL,39,62,313.0,576.0,180288.0,2024-04-25
2024042501018454,RHGCL,94,34,10.0,338.7,3387.0,2024-04-25
2024042501018453,SONA,13,16,134.0,443.2,59388.8,2024-04-25
2024042501018452,SONA,61,16,2000.0,443.3,886600.0,2024-04-25
2024042501018451,SONA,46,16,10.0,443.5,4435.0,2024-04-25
2024042501018450,SONA,67,16,50.0,443.5,22175.0,2024-04-25
2024042501018449,SONA,16,16,500.0,443.6,221800.0,2024-04-25
2024042501018448,SONA,58,16,36.0,443.6,15969.6,2024-04-25
2024042501018447,SONA,34,16,20.0,443.6,8872.0,2024-04-25
2024042501018446,SONA,32,16,3250.0,443.6,1441700.0,2024-04-25
2024042503012569,GMFBS,25,52,46.0,1091.0,50186.0,2024-04-25
2024042501018445,KDL,42,34,10.0,760.0,7600.0,2024-04-25
2024042501018444,SAMAJ,34,38,10.0,1855.0,18550.0,2024-04-25
2024042501018443,MKHL,38,36,20.0,446.0,8920.0,2024-04-25
2024042503012568,PFL,39,38,124.0,575.1,71312.4,2024-04-25
2024042504006444,UNHPL,28,43,519.0,223.1,115788.9,2024-04-25
2024042504006443,UNHPL,57,43,981.0,223.2,218959.2,2024-04-25
2024042501018442,HHL,59,42,50.0,354.1,17705.0,2024-04-25
2024042504006442,UNHPL,57,66,19.0,223.2,4240.8,2024-04-25
2024042501018441,RFPL,71,4,10.0,367.0,3670.0,2024-04-25
2024042501018440,RFPL,71,36,200.0,367.0,73400.0,2024-04-25
2024042501018439,RFPL,71,36,10.0,367.0,3670.0,2024-04-25
2024042501018438,RFPL,71,34,90.0,366.9,33021.0,2024-04-25
2024042501018437,RFPL,71,70,15.0,366.0,5490.0,2024-04-25
2024042501018436,RFPL,71,41,10.0,365.0,3650.0,2024-04-25
2024042501018435,RFPL,71,58,10.0,365.0,3650.0,2024-04-25
2024042501018434,RFPL,71,32,1000.0,364.3,364300.0,2024-04-25
2024042501018433,RFPL,71,39,54.0,364.0,19656.0,2024-04-25
2024042504006441,NICL,19,50,91.0,805.0,73255.0,2024-04-25
2024042504006440,NICL,51,50,32.0,805.0,25760.0,2024-04-25
2024042504006439,PPCL,54,91,10.0,238.0,2380.0,2024-04-25
2024042504006438,SHL,4,35,139.0,428.0,59492.0,2024-04-25
2024042501018432,RHGCL,63,34,10.0,338.7,3387.0,2024-04-25
2024042501018431,RHGCL,63,43,10.0,338.0,3380.0,2024-04-25
2024042504006437,UPCL,43,41,55.0,193.0,10615.0,2024-04-25
2024042503012567,USLB,49,43,24.0,1900.0,45600.0,2024-04-25
2024042501018430,CLI,47,17,10.0,440.2,4402.0,2024-04-25
2024042503012566,BFC,51,38,150.0,370.0,55500.0,2024-04-25
2024042503012565,BFC,51,4,150.0,369.8,55470.0,2024-04-25
2024042503012564,BFC,51,58,100.0,369.7,36970.0,2024-04-25
2024042501018429,RHGCL,33,58,10.0,332.3,3323.0,2024-04-25
2024042503012563,JFL,45,17,30.0,456.0,13680.0,2024-04-25
2024042504006436,KKHC,13,71,122.0,225.5,27511.0,2024-04-25
2024042504006435,KKHC,13,38,321.0,225.1,72257.1,2024-04-25
2024042503012562,LICN,50,49,30.0,1316.0,39480.0,2024-04-25
2024042501018428,TSHL,43,21,79.0,500.1,39507.9,2024-04-25
2024042501018427,TSHL,4,21,50.0,500.3,25015.0,2024-04-25
2024042501018426,TSHL,40,21,100.0,500.4,50040.0,2024-04-25
2024042501018425,TSHL,49,21,10.0,501.0,5010.0,2024-04-25
2024042501018424,SBL,38,54,350.0,215.6,75460.0,2024-04-25
2024042501018423,SBL,49,54,100.0,215.7,21570.0,2024-04-25
2024042501018422,SBL,52,54,100.0,215.8,21580.0,2024-04-25
2024042501018421,SBL,5,54,100.0,215.9,21590.0,2024-04-25
2024042503012561,NFS,17,32,10.0,463.0,4630.0,2024-04-25
2024042501018420,NABIL,19,34,20.0,427.8,8556.0,2024-04-25
2024042501018419,MANDU,34,36,65.0,753.7,48990.5,2024-04-25
2024042504006434,AKPL,39,55,600.0,164.8,98880.0,2024-04-25
2024042503012560,SFCL,42,47,29.0,325.0,9425.0,2024-04-25
2024042503012559,SFCL,48,47,16.0,325.4,5206.4,2024-04-25
2024042503012558,SFCL,54,47,125.0,325.6,40700.0,2024-04-25
2024042503012557,SFCL,45,47,50.0,325.7,16285.0,2024-04-25
2024042503012556,SFCL,50,47,20.0,325.8,6516.0,2024-04-25
2024042503012555,SFCL,74,47,40.0,325.9,13036.0,2024-04-25
2024042503012554,SFCL,21,47,20.0,326.0,6520.0,2024-04-25
2024042505003074,HRL,42,85,40.0,592.1,23684.0,2024-04-25
2024042503012553,MDB,42,62,10.0,428.0,4280.0,2024-04-25
2024042501018418,HATHY,7,72,98.0,827.2,81065.6,2024-04-25
2024042501018417,HATHY,36,72,30.0,827.3,24819.0,2024-04-25
2024042501018416,HATHY,81,72,200.0,827.3,165460.0,2024-04-25
2024042501018415,HATHY,81,72,172.0,827.4,142312.8,2024-04-25
2024042501018414,SCB,14,34,39.0,516.9,20159.1,2024-04-25
2024042505003073,HRL,46,85,44.0,592.1,26052.4,2024-04-25
2024042501018413,TSHL,49,10,10.0,503.0,5030.0,2024-04-25
2024042501018412,NMB,26,94,340.0,170.1,57834.0,2024-04-25
2024042501018411,NMB,41,94,122.0,170.5,20801.0,2024-04-25
2024042501018410,NMB,26,94,60.0,170.5,10230.0,2024-04-25
2024042501018409,NMB,47,94,200.0,170.5,34100.0,2024-04-25
2024042501018408,NMB,1,94,100.0,170.6,17060.0,2024-04-25
2024042501018407,NMB,10,94,40.0,170.6,6824.0,2024-04-25
2024042501018406,NMB,14,94,357.0,170.6,60904.2,2024-04-25
2024042501018405,NMB,48,94,200.0,171.0,34200.0,2024-04-25
2024042501018404,NMB,25,94,31.0,171.0,5301.0,2024-04-25
2024042501018403,NMB,42,94,10.0,171.1,1711.0,2024-04-25
2024042505003072,HRL,8,16,10.0,592.0,5920.0,2024-04-25
2024042501018402,SIKLES,42,59,60.0,490.0,29400.0,2024-04-25
2024042503012552,GUFL,25,82,650.0,771.1,501215.0,2024-04-25
2024042503012551,GUFL,49,82,100.0,771.1,77110.0,2024-04-25
2024042503012550,GUFL,17,82,200.0,772.0,154400.0,2024-04-25
2024042503012549,GUFL,49,82,50.0,773.0,38650.0,2024-04-25
2024042504006433,PPCL,16,35,200.0,237.1,47420.0,2024-04-25
2024042504006432,NGPL,64,66,250.0,312.5,78125.0,2024-04-25
2024042503012548,WNLB,35,48,111.0,1315.0,145965.0,2024-04-25
2024042503012547,WNLB,35,57,179.0,1295.0,231805.0,2024-04-25
2024042503012546,WNLB,35,49,10.0,1291.1,12911.0,2024-04-25
2024042501018401,HATHY,81,38,28.0,827.4,23167.2,2024-04-25
2024042501018400,HATHY,45,38,200.0,827.4,165480.0,2024-04-25
2024042501018399,HATHY,28,38,40.0,827.5,33100.0,2024-04-25
2024042501018398,HATHY,81,38,90.0,827.5,74475.0,2024-04-25
2024042501018397,MBJC,42,47,200.0,292.5,58500.0,2024-04-25
2024042501018396,MBJC,14,47,300.0,292.5,87750.0,2024-04-25
2024042501018395,MBJC,45,47,300.0,292.6,87780.0,2024-04-25
2024042501018394,MBJC,22,47,50.0,292.6,14630.0,2024-04-25
2024042501018393,MBJC,58,47,150.0,292.7,43905.0,2024-04-25
2024042503012545,PFL,14,62,10.0,576.0,5760.0,2024-04-25
2024042503012544,PFL,49,62,30.0,576.0,17280.0,2024-04-25
2024042503012543,PFL,43,62,17.0,576.0,9792.0,2024-04-25
2024042503012542,PFL,19,62,100.0,576.0,57600.0,2024-04-25
2024042503012541,PFL,34,62,130.0,576.0,74880.0,2024-04-25
2024042503012540,PFL,58,62,100.0,576.5,57650.0,2024-04-25
2024042501018392,NBL,35,57,381.0,199.2,75895.2,2024-04-25
2024042501018391,NBL,16,57,100.0,199.3,19930.0,2024-04-25
2024042501018390,NBL,49,57,100.0,199.5,19950.0,2024-04-25
2024042501018389,NBL,14,57,133.0,199.5,26533.5,2024-04-25
2024042504006431,SHEL,34,58,345.0,160.0,55200.0,2024-04-25
2024042504006430,SHEL,33,58,10.0,160.5,1605.0,2024-04-25
2024042504006429,SHEL,39,58,100.0,160.5,16050.0,2024-04-25
2024042504006428,SHEL,39,58,90.0,160.5,14445.0,2024-04-25
2024042501018388,ULHC,39,41,10.0,330.0,3300.0,2024-04-25
2024042501018387,ULHC,39,62,90.0,329.9,29691.0,2024-04-25
2024042501018386,CLI,47,45,10.0,440.2,4402.0,2024-04-25
2024042504006427,AKJCL,34,49,445.0,206.3,91803.5,2024-04-25
2024042501018385,BHDC,57,49,50.0,468.0,23400.0,2024-04-25
2024042501018384,BHDC,44,49,10.0,468.1,4681.0,2024-04-25
2024042501018383,BHDC,44,49,10.0,468.2,4682.0,2024-04-25
2024042501018382,BHDC,44,49,10.0,468.3,4683.0,2024-04-25
2024042501018381,BHDC,44,49,10.0,468.4,4684.0,2024-04-25
2024042501018380,BHDC,44,49,10.0,468.5,4685.0,2024-04-25
2024042501018379,BHDC,44,49,10.0,468.6,4686.0,2024-04-25
2024042501018378,BHDC,44,49,10.0,468.7,4687.0,2024-04-25
2024042501018377,BHDC,44,49,10.0,468.8,4688.0,2024-04-25
2024042501018376,BHDC,44,49,10.0,468.9,4689.0,2024-04-25
2024042501018375,BHDC,22,49,40.0,468.9,18756.0,2024-04-25
2024042501018374,BHDC,44,49,10.0,469.0,4690.0,2024-04-25
2024042501018373,SHIVM,26,35,850.0,500.0,425000.0,2024-04-25
2024042501018372,SHIVM,26,42,150.0,499.9,74985.0,2024-04-25
2024042501018371,SANIMA,48,40,125.0,231.0,28875.0,2024-04-25
2024042503012539,BFC,29,38,153.0,368.0,56304.0,2024-04-25
2024042503012538,BFC,45,38,347.0,368.0,127696.0,2024-04-25
2024042504006426,AKPL,39,38,10.0,164.8,1648.0,2024-04-25
2024042504006425,AKPL,51,38,40.0,164.9,6596.0,2024-04-25
2024042501018370,DORDI,14,58,10.0,420.0,4200.0,2024-04-25
2024042503012537,GILB,45,50,10.0,994.0,9940.0,2024-04-25
2024042501018369,MKJC,44,43,10.0,442.0,4420.0,2024-04-25
2024042503012536,HLI,44,87,100.0,385.2,38520.0,2024-04-25
2024042501018368,SONA,32,37,610.0,443.6,270596.0,2024-04-25
2024042503012535,MDB,42,62,10.0,428.0,4280.0,2024-04-25
2024042503012534,JBBL,57,57,39.0,279.0,10881.0,2024-04-25
2024042503012533,JBBL,57,38,11.0,279.0,3069.0,2024-04-25
2024042501018367,GBIME,57,34,28.0,176.0,4928.0,2024-04-25
2024042501018366,ILI,35,48,145.0,568.0,82360.0,2024-04-25
2024042501018365,SIKLES,48,6,10.0,491.9,4919.0,2024-04-25
2024042501018364,GBIME,58,34,11.0,176.0,1936.0,2024-04-25
2024042501018363,KBL,93,56,20.0,133.4,2668.0,2024-04-25
2024042504006424,SPIL,6,25,10.0,731.0,7310.0,2024-04-25
2024042501018362,SARBTM,49,34,50.0,788.0,39400.0,2024-04-25
2024042501018361,SARBTM,58,34,40.0,788.5,31540.0,2024-04-25
2024042504006423,AHPC,47,47,220.0,162.1,35662.0,2024-04-25
2024042501018360,KDL,42,36,10.0,760.0,7600.0,2024-04-25
2024042504006422,NHPC,42,56,200.0,144.0,28800.0,2024-04-25
2024042504006421,NHPC,49,56,500.0,144.0,72000.0,2024-04-25
2024042504006420,NHPC,49,56,67.0,144.0,9648.0,2024-04-25
2024042504006419,BARUN,14,68,120.0,232.9,27948.0,2024-04-25
2024042504006418,BARUN,14,13,360.0,232.9,83844.0,2024-04-25
2024042504006417,BARUN,14,28,20.0,231.0,4620.0,2024-04-25
2024042503012532,SABSL,55,39,20.0,725.0,14500.0,2024-04-25
2024042503012531,SABSL,57,39,20.0,727.0,14540.0,2024-04-25
2024042504006416,SHPC,33,77,30.0,323.0,9690.0,2024-04-25
2024042501018359,SGHC,50,68,100.0,314.5,31450.0,2024-04-25
2024042501018358,RNLI,62,21,11.0,422.6,4648.6,2024-04-25
2024042501018357,CKHL,34,58,80.0,513.0,41040.0,2024-04-25
2024042505003071,KDBY,34,29,1000.0,8.82,8820.0,2024-04-25
2024042501018356,SMHL,17,50,180.0,430.0,77400.0,2024-04-25
2024042501018355,SMHL,17,22,10.0,430.0,4300.0,2024-04-25
2024042501018354,SMHL,17,7,10.0,430.0,4300.0,2024-04-25
2024042501018353,HATHY,81,42,200.0,827.5,165500.0,2024-04-25
2024042501018352,DORDI,14,22,300.0,420.0,126000.0,2024-04-25
2024042501018351,DORDI,14,34,100.0,420.0,42000.0,2024-04-25
2024042505003070,HRL,8,58,30.0,592.0,17760.0,2024-04-25
2024042504006415,RURU,21,58,19.0,520.0,9880.0,2024-04-25
2024042501018350,SHIVM,25,42,50.0,499.9,24995.0,2024-04-25
2024042504006414,JOSHI,1,45,200.0,336.1,67220.0,2024-04-25
2024042504006413,JOSHI,22,45,152.0,336.1,51087.2,2024-04-25
2024042504006412,JOSHI,34,45,31.0,337.0,10447.0,2024-04-25
2024042501018349,TVCL,45,57,10.0,465.0,4650.0,2024-04-25
2024042501018348,MKHC,19,26,1310.0,314.0,411340.0,2024-04-25
2024042501018347,MKHC,56,26,200.0,314.1,62820.0,2024-04-25
2024042501018346,MKHC,34,26,200.0,314.1,62820.0,2024-04-25
2024042501018345,MKHC,17,26,200.0,314.2,62840.0,2024-04-25
2024042501018344,MKHC,41,26,30.0,314.5,9435.0,2024-04-25
2024042501018343,MKHC,52,26,60.0,314.5,18870.0,2024-04-25
2024042503012530,JBBL,34,38,10.0,279.0,2790.0,2024-04-25
2024042505003069,HRL,53,85,10.0,592.1,5921.0,2024-04-25
2024042504006411,HDHPC,57,41,100.0,129.1,12910.0,2024-04-25
2024042504006410,HDHPC,49,41,292.0,129.1,37697.2,2024-04-25
2024042504006409,HDHPC,49,41,100.0,129.6,12960.0,2024-04-25
2024042501018342,HHL,5,42,10.0,358.9,3589.0,2024-04-25
2024042505003068,CIT,29,7,28.0,2087.5,58450.0,2024-04-25
2024042503012529,GUFL,42,50,20.0,775.0,15500.0,2024-04-25
2024042504006408,HURJA,6,57,15.0,282.0,4230.0,2024-04-25
2024042501018341,BHPL,42,6,10.0,475.1,4751.0,2024-04-25
2024042503012528,HLBSL,74,4,30.0,686.0,20580.0,2024-04-25
2024042503012527,HLBSL,59,4,50.0,688.0,34400.0,2024-04-25
2024042503012526,HLBSL,34,4,10.0,690.0,6900.0,2024-04-25
2024042503012525,HLBSL,81,4,160.0,690.0,110400.0,2024-04-25
2024042503012524,HLBSL,49,4,200.0,695.0,139000.0,2024-04-25
2024042503012523,HLBSL,14,4,50.0,695.0,34750.0,2024-04-25
2024042504006407,JOSHI,34,45,19.0,337.0,6403.0,2024-04-25
2024042504006406,JOSHI,34,45,50.0,337.0,16850.0,2024-04-25
2024042501018340,NWCL,42,62,10.0,729.0,7290.0,2024-04-25
2024042501018339,MEL,42,56,600.0,226.8,136080.0,2024-04-25
2024042503012522,MFIL,25,56,27.0,503.0,13581.0,2024-04-25
2024042503012521,SIFC,62,42,300.0,397.0,119100.0,2024-04-25
2024042503012520,SIFC,62,66,100.0,397.0,39700.0,2024-04-25
2024042503012519,GBBL,48,6,100.0,356.0,35600.0,2024-04-25
2024042505003067,HRL,57,85,87.0,592.1,51512.7,2024-04-25
2024042503012518,RLFL,35,45,348.0,375.0,130500.0,2024-04-25
2024042503012517,RLFL,45,45,500.0,375.0,187500.0,2024-04-25
2024042503012516,RLFL,6,45,500.0,375.1,187550.0,2024-04-25
2024042503012515,RLFL,3,45,30.0,375.2,11256.0,2024-04-25
2024042503012514,RLFL,65,45,122.0,375.9,45859.8,2024-04-25
2024042505003066,NRIC,32,16,10.0,700.0,7000.0,2024-04-25
2024042505003065,NRIC,57,16,10.0,701.0,7010.0,2024-04-25
2024042501018338,NBL,32,84,300.0,200.0,60000.0,2024-04-25
2024042501018337,RNLI,62,55,11.0,422.6,4648.6,2024-04-25
2024042501018336,NRM,38,49,10.0,353.0,3530.0,2024-04-25
2024042503012513,SIFC,42,66,50.0,397.0,19850.0,2024-04-25
2024042501018335,NRM,45,48,10.0,350.1,3501.0,2024-04-25
2024042501018334,MAKAR,74,77,200.0,375.0,75000.0,2024-04-25
2024042501018333,MAKAR,49,77,10.0,375.0,3750.0,2024-04-25
2024042501018332,MAKAR,49,77,30.0,375.1,11253.0,2024-04-25
2024042501018331,MAKAR,40,77,72.0,375.1,27007.2,2024-04-25
2024042503012512,PROFL,45,4,10.0,328.0,3280.0,2024-04-25
2024042503012511,PMLI,55,45,50.0,495.0,24750.0,2024-04-25
2024042503012510,JSLBB,45,14,80.0,1130.0,90400.0,2024-04-25
2024042503012509,JSLBB,45,51,10.0,1130.0,11300.0,2024-04-25
2024042505003064,NIFRA,38,49,283.0,196.0,55468.0,2024-04-25
2024042505003063,NIFRA,17,49,50.0,196.0,9800.0,2024-04-25
2024042505003062,NIFRA,54,49,100.0,196.0,19600.0,2024-04-25
2024042505003061,NIFRA,45,49,50.0,196.0,9800.0,2024-04-25
2024042505003060,NIFRA,91,49,1517.0,196.0,297332.0,2024-04-25
2024042501018330,DOLTI,45,55,10.0,437.0,4370.0,2024-04-25
2024042503012508,NADEP,34,58,10.0,670.0,6700.0,2024-04-25
2024042501018329,ILI,89,17,363.0,569.5,206728.5,2024-04-25
2024042501018328,ILI,89,57,200.0,569.4,113880.0,2024-04-25
2024042501018327,ILI,89,49,10.0,569.4,5694.0,2024-04-25
2024042501018326,ILI,89,34,10.0,569.4,5694.0,2024-04-25
2024042501018325,ILI,89,38,100.0,569.3,56930.0,2024-04-25
2024042501018324,ILI,89,57,150.0,569.0,85350.0,2024-04-25
2024042501018323,ILI,89,41,50.0,569.0,28450.0,2024-04-25
2024042501018322,ILI,89,63,450.0,569.0,256050.0,2024-04-25
