transaction,symbol,buyer,seller,quantity,rate,amount,date
2024060901034642,KBL,48,37,10.0,138.0,1380.0,2024-06-09
2024060901034641,LSL,45,21,379.0,156.5,59313.5,2024-06-09
2024060901034640,LSL,52,21,10.0,156.6,1566.0,2024-06-09
2024060901034639,LSL,84,21,50.0,157.0,7850.0,2024-06-09
2024060901034638,LSL,52,21,131.0,157.0,20567.0,2024-06-09
2024060903016738,GILB,4,8,10.0,1609.0,16090.0,2024-06-09
2024060903016737,CFCL,17,45,205.0,412.1,84480.5,2024-06-09
2024060903016736,CFCL,50,45,50.0,412.1,20605.0,2024-06-09
2024060903016735,CFCL,40,45,95.0,412.7,39206.5,2024-06-09
2024060903016734,CFCL,22,45,30.0,412.8,12384.0,2024-06-09
2024060903016733,CFCL,78,45,100.0,412.9,41290.0,2024-06-09
2024060903016732,CFCL,45,45,20.0,413.0,8260.0,2024-06-09
2024060901034637,NICA,46,45,75.0,401.0,30075.0,2024-06-09
2024060901034636,NICA,42,45,15.0,401.0,6015.0,2024-06-09
2024060903016731,MFIL,45,43,10.0,502.0,5020.0,2024-06-09
2024060901034635,MKHC,35,50,10.0,323.0,3230.0,2024-06-09
2024060903016730,NLICL,49,28,14.0,544.0,7616.0,2024-06-09
2024060905007299,NIFRA,57,22,70.0,193.9,13573.0,2024-06-09
2024060905007298,NIFRA,32,22,80.0,193.9,15512.0,2024-06-09
2024060904010540,NLG,22,52,10.0,747.0,7470.0,2024-06-09
2024060903016729,GBBL,44,41,26.0,360.1,9362.6,2024-06-09
2024060901034634,MKHC,41,50,10.0,323.0,3230.0,2024-06-09
2024060904010539,PMHPL,38,48,455.0,233.3,106151.5,2024-06-09
2024060901034633,NESDO,38,41,10.0,2103.0,21030.0,2024-06-09
2024060901034632,NESDO,38,40,20.0,2102.0,42040.0,2024-06-09
2024060903016728,ILBS,70,58,10.0,1288.0,12880.0,2024-06-09
2024060903016727,JFL,71,39,10.0,617.0,6170.0,2024-06-09
2024060901034631,NICA,66,22,50.0,405.0,20250.0,2024-06-09
2024060901034630,NICA,66,58,27.0,405.0,10935.0,2024-06-09
2024060901034629,NICA,66,17,120.0,404.9,48588.0,2024-06-09
2024060903016726,JFL,28,39,10.0,617.0,6170.0,2024-06-09
2024060903016725,GILB,17,8,11.0,1609.0,17699.0,2024-06-09
2024060903016724,NFS,13,62,10.0,582.0,5820.0,2024-06-09
2024060903016723,PFL,34,43,440.0,570.0,250800.0,2024-06-09
2024060903016722,PFL,67,43,200.0,570.0,114000.0,2024-06-09
2024060903016721,PFL,32,43,1000.0,570.0,570000.0,2024-06-09
2024060903016720,PFL,57,43,100.0,570.0,57000.0,2024-06-09
2024060903016719,PFL,35,43,200.0,570.0,114000.0,2024-06-09
2024060903016718,PFL,58,43,25.0,570.0,14250.0,2024-06-09
2024060903016717,PFL,13,43,535.0,570.0,304950.0,2024-06-09
2024060901034628,AVYAN,58,29,100.0,917.9,91790.0,2024-06-09
2024060901034627,ULHC,32,94,40.0,385.0,15400.0,2024-06-09
2024060903016716,MPFL,34,7,10.0,475.9,4759.0,2024-06-09
2024060901034626,ILI,14,36,100.0,428.6,42860.0,2024-06-09
2024060905007297,NRN,58,22,200.0,650.0,130000.0,2024-06-09
2024060901034625,RNLI,26,58,10.0,425.5,4255.0,2024-06-09
2024060901034624,EBL,39,16,10.0,527.0,5270.0,2024-06-09
2024060901034623,MLBS,64,34,30.0,1330.0,39900.0,2024-06-09
2024060904010538,AHPC,50,38,100.0,151.5,15150.0,2024-06-09
2024060901034622,SBL,50,59,11.0,249.0,2739.0,2024-06-09
2024060903016715,MSLB,74,41,10.0,1342.9,13429.0,2024-06-09
2024060903016714,EDBL,21,62,10.0,375.0,3750.0,2024-06-09
2024060901034621,PPL,4,42,10.0,434.5,4345.0,2024-06-09
2024060901034620,TAMOR,88,49,50.0,393.5,19675.0,2024-06-09
2024060901034619,TAMOR,88,58,50.0,393.0,19650.0,2024-06-09
2024060903016713,GLBSL,45,42,171.0,1900.0,324900.0,2024-06-09
2024060903016712,GLBSL,45,34,100.0,1900.0,190000.0,2024-06-09
2024060903016711,GLBSL,45,35,11.0,1900.0,20900.0,2024-06-09
2024060903016710,GLBSL,45,64,13.0,1894.0,24622.0,2024-06-09
2024060903016709,GLBSL,45,28,30.0,1892.0,56760.0,2024-06-09
2024060903016708,GLBSL,45,81,75.0,1871.0,140325.0,2024-06-09
2024060901034618,NWCL,45,88,10.0,856.9,8569.0,2024-06-09
2024060903016707,JFL,72,39,10.0,617.0,6170.0,2024-06-09
2024060903016706,MPFL,60,49,20.0,475.0,9500.0,2024-06-09
2024060903016705,ALBSL,39,35,100.0,990.2,99020.0,2024-06-09
2024060901034617,BEDC,49,68,20.0,421.0,8420.0,2024-06-09
2024060905007296,ENL,55,59,10.0,1011.0,10110.0,2024-06-09
2024060903016704,ALBSL,76,70,12.0,994.0,11928.0,2024-06-09
2024060901034616,NICA,14,17,10.0,404.9,4049.0,2024-06-09
2024060901034615,NICA,14,45,40.0,404.0,16160.0,2024-06-09
2024060901034614,TVCL,14,34,10.0,453.0,4530.0,2024-06-09
2024060903016703,JFL,41,39,7053.0,617.0,4351701.0,2024-06-09
2024060903016702,JFL,41,35,800.0,600.0,480000.0,2024-06-09
2024060903016701,JFL,41,29,660.0,571.2,376992.0,2024-06-09
2024060903016700,JFL,41,11,9000.0,571.2,5140800.0,2024-06-09
2024060903016699,JFL,41,57,70.0,571.2,39984.0,2024-06-09
2024060903016698,JFL,41,32,1000.0,571.2,571200.0,2024-06-09
2024060903016697,JFL,41,17,2000.0,571.2,1142400.0,2024-06-09
2024060903016696,JFL,41,32,1000.0,571.2,571200.0,2024-06-09
2024060903016695,JFL,41,11,500.0,571.0,285500.0,2024-06-09
2024060903016694,JFL,41,55,100.0,571.0,57100.0,2024-06-09
2024060903016693,JFL,41,14,99.0,571.0,56529.0,2024-06-09
2024060903016692,JFL,41,14,50.0,571.0,28550.0,2024-06-09
2024060903016691,JFL,41,94,300.0,571.0,171300.0,2024-06-09
2024060903016690,JFL,41,33,200.0,571.0,114200.0,2024-06-09
2024060903016689,JFL,41,86,200.0,571.0,114200.0,2024-06-09
2024060903016688,JFL,41,60,200.0,571.0,114200.0,2024-06-09
2024060903016687,JFL,41,33,250.0,571.0,142750.0,2024-06-09
2024060903016686,JFL,41,8,500.0,571.0,285500.0,2024-06-09
2024060903016685,JFL,41,43,500.0,570.0,285000.0,2024-06-09
2024060903016684,JFL,41,49,500.0,570.0,285000.0,2024-06-09
2024060903016683,JFL,41,62,1000.0,570.0,570000.0,2024-06-09
2024060903016682,JFL,41,88,600.0,569.9,341940.0,2024-06-09
2024060903016681,JFL,41,17,500.0,569.1,284550.0,2024-06-09
2024060903016680,JFL,41,45,500.0,569.1,284550.0,2024-06-09
2024060903016679,JFL,41,32,500.0,569.1,284550.0,2024-06-09
2024060903016678,JFL,41,41,10.0,569.1,5691.0,2024-06-09
2024060903016677,JFL,41,6,210.0,568.2,119322.0,2024-06-09
2024060903016676,JFL,41,62,700.0,568.0,397600.0,2024-06-09
2024060903016675,JFL,41,39,5300.0,567.0,3005100.0,2024-06-09
2024060903016674,JFL,41,13,50.0,566.3,28315.0,2024-06-09
2024060903016673,JFL,41,32,500.0,566.2,283100.0,2024-06-09
2024060903016672,JFL,41,50,175.0,566.1,99067.5,2024-06-09
2024060903016671,JFL,41,50,50.0,566.1,28305.0,2024-06-09
2024060903016670,JFL,41,38,1000.0,566.1,566100.0,2024-06-09
2024060903016669,JFL,41,5,200.0,566.0,113200.0,2024-06-09
2024060903016668,JFL,41,45,100.0,566.0,56600.0,2024-06-09
2024060903016667,JFL,41,5,200.0,566.0,113200.0,2024-06-09
2024060903016666,JFL,41,38,400.0,566.0,226400.0,2024-06-09
2024060903016665,JFL,41,68,300.0,566.0,169800.0,2024-06-09
2024060903016664,JFL,41,88,1000.0,566.0,566000.0,2024-06-09
2024060903016663,JFL,41,32,1000.0,566.0,566000.0,2024-06-09
2024060903016662,JFL,41,38,200.0,566.0,113200.0,2024-06-09
2024060903016661,JFL,41,45,50.0,566.0,28300.0,2024-06-09
2024060903016660,JFL,41,41,150.0,566.0,84900.0,2024-06-09
2024060903016659,JFL,41,11,150.0,565.0,84750.0,2024-06-09
2024060903016658,JFL,41,58,500.0,565.0,282500.0,2024-06-09
2024060903016657,JFL,41,45,20.0,565.0,11300.0,2024-06-09
2024060903016656,JFL,41,28,700.0,565.0,395500.0,2024-06-09
2024060903016655,JFL,41,45,20.0,563.0,11260.0,2024-06-09
2024060903016654,JFL,41,22,200.0,562.0,112400.0,2024-06-09
2024060903016653,JFL,41,22,50.0,561.1,28055.0,2024-06-09
2024060903016652,JFL,41,47,100.0,561.0,56100.0,2024-06-09
2024060903016651,JFL,41,65,50.0,561.0,28050.0,2024-06-09
2024060903016650,JFL,41,94,200.0,561.0,112200.0,2024-06-09
2024060903016649,JFL,41,49,200.0,561.0,112200.0,2024-06-09
2024060903016648,JFL,41,45,100.0,561.0,56100.0,2024-06-09
2024060903016647,JFL,41,48,100.0,560.0,56000.0,2024-06-09
2024060903016646,JFL,41,58,550.0,560.0,308000.0,2024-06-09
2024060903016645,JFL,41,4,50.0,560.0,28000.0,2024-06-09
2024060903016644,JFL,41,71,10.0,560.0,5600.0,2024-06-09
2024060903016643,JFL,41,62,500.0,559.9,279950.0,2024-06-09
2024060903016642,JFL,41,13,50.0,559.9,27995.0,2024-06-09
2024060903016641,JFL,41,38,500.0,559.0,279500.0,2024-06-09
2024060903016640,JFL,41,32,75.0,558.9,41917.5,2024-06-09
2024060903016639,JFL,41,35,480.0,558.9,268272.0,2024-06-09
2024060903016638,JFL,41,29,100.0,558.4,55840.0,2024-06-09
2024060903016637,JFL,41,41,100.0,558.0,55800.0,2024-06-09
2024060903016636,JFL,41,53,100.0,558.0,55800.0,2024-06-09
2024060903016635,JFL,41,45,100.0,558.0,55800.0,2024-06-09
2024060903016634,JFL,41,14,40.0,558.0,22320.0,2024-06-09
2024060903016633,JFL,41,25,50.0,557.9,27895.0,2024-06-09
2024060903016632,JFL,41,32,135.0,556.9,75181.5,2024-06-09
2024060903016631,JFL,41,45,100.0,554.0,55400.0,2024-06-09
2024060903016630,JFL,41,45,100.0,552.0,55200.0,2024-06-09
2024060903016629,JFL,41,45,60.0,551.0,33060.0,2024-06-09
2024060903016628,JFL,41,56,660.0,550.0,363000.0,2024-06-09
2024060903016627,JFL,41,47,13.0,550.0,7150.0,2024-06-09
2024060903016626,JFL,41,25,331.0,550.0,182050.0,2024-06-09
2024060903016625,JFL,41,34,2939.0,550.0,1616450.0,2024-06-09
2024060903016624,JFL,41,35,200.0,549.9,109980.0,2024-06-09
2024060903016623,JFL,41,86,690.0,549.0,378810.0,2024-06-09
2024060903016622,LLBS,69,66,180.0,1186.0,213480.0,2024-06-09
2024060903016621,LLBS,69,62,10.0,1186.0,11860.0,2024-06-09
2024060903016620,LLBS,69,22,15.0,1186.0,17790.0,2024-06-09
2024060903016619,LLBS,69,7,100.0,1175.0,117500.0,2024-06-09
2024060903016618,LLBS,69,65,150.0,1175.0,176250.0,2024-06-09
2024060903016617,LLBS,69,65,45.0,1171.0,52695.0,2024-06-09
2024060903016616,JFL,70,86,10.0,549.0,5490.0,2024-06-09
2024060904010537,OHL,71,57,45.0,773.9,34825.5,2024-06-09
2024060904010536,OHL,71,62,25.0,770.0,19250.0,2024-06-09
2024060904010535,CGH,19,14,20.0,885.0,17700.0,2024-06-09
2024060904010534,HEI,42,49,156.0,593.0,92508.0,2024-06-09
2024060904010533,HEI,42,67,100.0,593.0,59300.0,2024-06-09
2024060904010532,HEI,42,33,12.0,593.0,7116.0,2024-06-09
2024060904010531,HEI,42,42,17.0,591.0,10047.0,2024-06-09
2024060904010530,UMHL,42,13,10.0,233.4,2334.0,2024-06-09
2024060903016615,GUFL,56,42,25.0,646.0,16150.0,2024-06-09
2024060901034613,SGHC,42,59,46.0,333.0,15318.0,2024-06-09
2024060901034612,SGHC,42,25,10.0,333.0,3330.0,2024-06-09
2024060901034611,SGHC,42,63,200.0,333.0,66600.0,2024-06-09
2024060901034610,SGHC,42,34,10.0,333.0,3330.0,2024-06-09
2024060901034609,SGHC,42,58,10.0,333.0,3330.0,2024-06-09
2024060901034608,SGHC,42,35,10.0,332.0,3320.0,2024-06-09
2024060901034607,SGHC,42,44,10.0,332.0,3320.0,2024-06-09
2024060901034606,SGHC,42,63,54.0,332.0,17928.0,2024-06-09
2024060901034605,SGHC,42,56,220.0,331.0,72820.0,2024-06-09
2024060905007295,STC,32,53,10.0,4834.0,48340.0,2024-06-09
2024060903016614,RSDC,42,75,80.0,675.1,54008.0,2024-06-09
2024060901034604,MAKAR,53,62,250.0,395.0,98750.0,2024-06-09
2024060901034603,MAKAR,34,62,200.0,395.6,79120.0,2024-06-09
2024060903016613,GILB,62,62,20.0,1613.6,32272.0,2024-06-09
2024060903016612,GRDBL,58,1,10.0,424.0,4240.0,2024-06-09
2024060904010529,RADHI,44,40,20.0,229.9,4598.0,2024-06-09
2024060903016611,PFL,44,49,10.0,576.0,5760.0,2024-06-09
2024060901034602,ULHC,47,94,300.0,385.0,115500.0,2024-06-09
2024060901034601,ULHC,33,94,100.0,385.0,38500.0,2024-06-09
2024060901034600,ULHC,41,94,200.0,385.0,77000.0,2024-06-09
2024060901034599,ULHC,70,94,50.0,385.2,19260.0,2024-06-09
2024060901034598,ULHC,35,94,200.0,385.8,77160.0,2024-06-09
2024060901034597,ULHC,14,94,152.0,385.9,58656.8,2024-06-09
2024060901034596,ULHC,41,94,100.0,386.0,38600.0,2024-06-09
2024060901034595,ULHC,48,94,30.0,386.0,11580.0,2024-06-09
2024060901034594,ULHC,22,94,50.0,386.0,19300.0,2024-06-09
2024060901034593,ULHC,38,94,100.0,386.0,38600.0,2024-06-09
2024060901034592,ULHC,38,94,50.0,386.0,19300.0,2024-06-09
2024060901034591,ULHC,16,94,50.0,386.0,19300.0,2024-06-09
2024060901034590,ULHC,17,94,30.0,386.1,11583.0,2024-06-09
2024060901034589,ULHC,25,94,50.0,386.1,19305.0,2024-06-09
2024060901034588,ULHC,34,94,300.0,386.2,115860.0,2024-06-09
2024060901034587,SBI,5,22,50.0,298.0,14900.0,2024-06-09
2024060901034586,KBL,48,37,130.0,138.0,17940.0,2024-06-09
2024060901034585,KBL,48,1,890.0,137.9,122731.0,2024-06-09
2024060901034584,MEHL,21,34,10.0,354.0,3540.0,2024-06-09
2024060903016610,SADBL,56,45,10.0,308.2,3082.0,2024-06-09
2024060901034583,CYCL,45,32,10.0,1544.0,15440.0,2024-06-09
2024060901034582,CYCL,45,49,13.0,1540.0,20020.0,2024-06-09
2024060901034581,DOLTI,45,14,10.0,433.0,4330.0,2024-06-09
2024060904010528,OHL,54,62,25.0,770.0,19250.0,2024-06-09
2024060905007294,HRL,49,38,200.0,568.7,113740.0,2024-06-09
2024060903016609,SLBSL,16,45,30.0,1159.8,34794.0,2024-06-09
2024060903016608,SLBSL,16,7,10.0,1159.8,11598.0,2024-06-09
2024060901034580,DORDI,14,59,20.0,426.9,8538.0,2024-06-09
2024060903016607,MERO,40,40,24.0,709.5,17028.0,2024-06-09
2024060901034579,NRM,40,57,100.0,403.0,40300.0,2024-06-09
2024060901034578,GVL,66,49,10.0,499.0,4990.0,2024-06-09
2024060901034577,IHL,29,6,100.0,410.5,41050.0,2024-06-09
2024060901034576,GBIME,19,19,60.0,178.2,10692.0,2024-06-09
2024060901034575,HATHY,28,13,95.0,947.0,89965.0,2024-06-09
2024060901034574,HATHY,28,21,80.0,945.0,75600.0,2024-06-09
2024060901034573,HATHY,28,41,40.0,944.0,37760.0,2024-06-09
2024060901034572,HATHY,28,25,50.0,944.0,47200.0,2024-06-09
2024060901034571,HATHY,28,72,35.0,940.0,32900.0,2024-06-09
2024060901034570,MHL,71,17,20.0,464.6,9292.0,2024-06-09
2024060904010527,MEN,42,88,100.0,575.0,57500.0,2024-06-09
2024060904010526,MEN,42,66,180.0,574.0,103320.0,2024-06-09
2024060904010525,MEN,42,1,50.0,574.0,28700.0,2024-06-09
2024060904010524,MEN,42,53,500.0,573.0,286500.0,2024-06-09
2024060904010523,MEN,42,45,120.0,572.9,68748.0,2024-06-09
2024060904010522,MEN,42,50,50.0,572.8,28640.0,2024-06-09
2024060905007293,CHDC,47,83,100.0,997.0,99700.0,2024-06-09
2024060904010521,AHPC,8,38,15.0,151.5,2272.5,2024-06-09
2024060901034569,BGWT,65,65,110.0,1203.1,132341.0,2024-06-09
2024060901034568,BGWT,65,29,10.0,1200.0,12000.0,2024-06-09
2024060901034567,BGWT,65,49,10.0,1195.4,11954.0,2024-06-09
2024060901034566,BGWT,65,34,10.0,1122.0,11220.0,2024-06-09
2024060901034565,BGWT,65,54,10.0,1122.0,11220.0,2024-06-09
2024060901034564,BGWT,65,39,10.0,1122.0,11220.0,2024-06-09
2024060901034563,BGWT,65,49,10.0,1122.0,11220.0,2024-06-09
2024060901034562,BGWT,65,34,10.0,1122.0,11220.0,2024-06-09
2024060901034561,BGWT,65,65,1000.0,1122.0,1122000.0,2024-06-09
2024060901034560,BGWT,65,35,130.0,1120.4,145652.0,2024-06-09
2024060901034559,BGWT,65,43,210.0,1120.4,235284.0,2024-06-09
2024060901034558,BGWT,65,41,10.0,1120.4,11204.0,2024-06-09
2024060901034557,BGWT,65,42,100.0,1120.0,112000.0,2024-06-09
2024060901034556,BGWT,65,49,10.0,1120.0,11200.0,2024-06-09
2024060901034555,BGWT,65,58,10.0,1120.0,11200.0,2024-06-09
2024060901034554,BGWT,65,54,50.0,1120.0,56000.0,2024-06-09
2024060901034553,BGWT,65,35,10.0,1120.0,11200.0,2024-06-09
2024060901034552,BGWT,65,58,10.0,1120.0,11200.0,2024-06-09
2024060901034551,BGWT,65,49,10.0,1120.0,11200.0,2024-06-09
2024060901034550,BGWT,65,44,10.0,1120.0,11200.0,2024-06-09
2024060901034549,BGWT,65,65,5000.0,1120.0,5600000.0,2024-06-09
2024060901034548,BGWT,65,49,100.0,1119.0,111900.0,2024-06-09
2024060901034547,BGWT,65,58,40.0,1115.0,44600.0,2024-06-09
2024060901034546,BGWT,65,58,10.0,1115.0,11150.0,2024-06-09
2024060901034545,BGWT,65,58,10.0,1110.0,11100.0,2024-06-09
2024060901034544,BGWT,65,21,10.0,1110.0,11100.0,2024-06-09
2024060901034543,BGWT,65,58,10.0,1105.0,11050.0,2024-06-09
2024060901034542,BGWT,65,47,10.0,1105.0,11050.0,2024-06-09
2024060901034541,BGWT,65,22,10.0,1100.0,11000.0,2024-06-09
2024060901034540,BGWT,65,57,10.0,1100.0,11000.0,2024-06-09
2024060901034539,BGWT,65,57,10.0,1100.0,11000.0,2024-06-09
2024060901034538,BGWT,65,35,10.0,1100.0,11000.0,2024-06-09
2024060901034537,BGWT,65,22,10.0,1100.0,11000.0,2024-06-09
2024060901034536,BGWT,65,6,10.0,1100.0,11000.0,2024-06-09
2024060904010520,AHPC,26,38,20.0,151.5,3030.0,2024-06-09
2024060903016606,NADEP,34,50,10.0,847.0,8470.0,2024-06-09
2024060903016605,PROFL,44,49,10.0,344.5,3445.0,2024-06-09
2024060901034535,PCBL,44,3,30.0,198.9,5967.0,2024-06-09
2024060903016604,NFS,36,41,2035.0,585.0,1190475.0,2024-06-09
2024060903016603,NFS,36,11,100.0,584.1,58410.0,2024-06-09
2024060903016602,NFS,36,22,100.0,583.0,58300.0,2024-06-09
2024060903016601,NFS,36,62,65.0,582.0,37830.0,2024-06-09
2024060903016600,ICFC,34,1,20.0,511.8,10236.0,2024-06-09
2024060903016599,GILB,39,62,139.0,1613.6,224290.4,2024-06-09
2024060903016598,GILB,39,56,22.0,1613.6,35499.2,2024-06-09
2024060903016597,GILB,39,41,20.0,1613.6,32272.0,2024-06-09
2024060903016596,GILB,39,69,200.0,1613.0,322600.0,2024-06-09
2024060903016595,GILB,39,67,50.0,1613.0,80650.0,2024-06-09
2024060903016594,GILB,39,25,12.0,1612.6,19351.2,2024-06-09
2024060903016593,GILB,39,65,500.0,1612.6,806300.0,2024-06-09
2024060903016592,GILB,39,1,220.0,1612.6,354772.0,2024-06-09
2024060903016591,GILB,39,34,50.0,1612.6,80630.0,2024-06-09
2024060903016590,GILB,39,62,40.0,1612.6,64504.0,2024-06-09
2024060903016589,GILB,39,5,100.0,1612.6,161260.0,2024-06-09
2024060903016588,GILB,39,36,100.0,1612.6,161260.0,2024-06-09
2024060903016587,GILB,39,34,50.0,1612.6,80630.0,2024-06-09
2024060903016586,GILB,39,62,20.0,1612.6,32252.0,2024-06-09
2024060903016585,GILB,39,6,200.0,1612.6,322520.0,2024-06-09
2024060903016584,GILB,39,42,100.0,1612.0,161200.0,2024-06-09
2024060903016583,GILB,39,81,200.0,1612.0,322400.0,2024-06-09
2024060903016582,GILB,39,19,112.0,1612.0,180544.0,2024-06-09
2024060903016581,GILB,39,96,200.0,1612.0,322400.0,2024-06-09
2024060903016580,GILB,39,45,20.0,1612.0,32240.0,2024-06-09
2024060903016579,GILB,39,62,65.0,1612.0,104780.0,2024-06-09
2024060903016578,GILB,39,45,17.0,1611.6,27397.2,2024-06-09
2024060903016577,GILB,39,66,300.0,1611.6,483480.0,2024-06-09
2024060903016576,GILB,39,64,503.0,1611.6,810634.8,2024-06-09
2024060903016575,GILB,39,62,30.0,1611.6,48348.0,2024-06-09
2024060903016574,GILB,39,34,10.0,1611.6,16116.0,2024-06-09
2024060903016573,GILB,39,62,20.0,1611.6,32232.0,2024-06-09
2024060903016572,GILB,39,69,50.0,1611.0,80550.0,2024-06-09
2024060903016571,GILB,39,47,10.0,1611.0,16110.0,2024-06-09
2024060903016570,GILB,39,1,107.0,1611.0,172377.0,2024-06-09
2024060903016569,GILB,39,38,200.0,1611.0,322200.0,2024-06-09
2024060903016568,GILB,39,47,40.0,1610.5,64420.0,2024-06-09
2024060903016567,GILB,39,56,994.0,1610.0,1600340.0,2024-06-09
2024060903016566,GILB,39,56,50.0,1610.0,80500.0,2024-06-09
2024060903016565,GILB,39,16,50.0,1609.6,80480.0,2024-06-09
2024060903016564,GILB,39,87,100.0,1609.6,160960.0,2024-06-09
2024060903016563,GILB,39,36,50.0,1609.5,80475.0,2024-06-09
2024060903016562,GILB,39,42,49.0,1609.5,78865.5,2024-06-09
2024060901034534,MLBS,64,34,40.0,1330.0,53200.0,2024-06-09
2024060904010519,SHEL,39,42,200.0,154.5,30900.0,2024-06-09
2024060905007292,NRN,58,34,50.0,640.1,32005.0,2024-06-09
2024060901034533,NABIL,11,34,250.0,474.0,118500.0,2024-06-09
2024060901034532,NABIL,58,34,50.0,474.0,23700.0,2024-06-09
2024060903016561,EDBL,65,74,181.0,372.0,67332.0,2024-06-09
2024060903016560,EDBL,58,74,100.0,372.0,37200.0,2024-06-09
2024060903016559,EDBL,16,74,30.0,372.0,11160.0,2024-06-09
2024060903016558,EDBL,33,74,89.0,372.0,33108.0,2024-06-09
2024060903016557,KRBL,88,58,100.0,425.0,42500.0,2024-06-09
2024060905007291,NRN,58,22,100.0,650.0,65000.0,2024-06-09
2024060901034531,EBL,59,16,10.0,527.0,5270.0,2024-06-09
2024060901034530,MMKJL,58,67,66.0,489.0,32274.0,2024-06-09
2024060901034529,MMKJL,58,46,100.0,489.0,48900.0,2024-06-09
2024060901034528,MMKJL,58,36,10.0,489.0,4890.0,2024-06-09
2024060901034527,MMKJL,58,26,124.0,488.0,60512.0,2024-06-09
2024060901034526,NESDO,41,58,10.0,2100.1,21001.0,2024-06-09
2024060901034525,BGWT,65,55,10.0,1098.5,10985.0,2024-06-09
2024060901034524,TPC,16,42,10.0,511.8,5118.0,2024-06-09
2024060901034523,SCB,34,16,40.0,562.9,22516.0,2024-06-09
2024060904010518,SPDL,85,41,10.0,242.0,2420.0,2024-06-09
2024060903016556,SMB,40,25,10.0,1591.0,15910.0,2024-06-09
2024060904010517,GHL,40,38,10.0,142.9,1429.0,2024-06-09
2024060903016555,NFS,69,62,300.0,582.0,174600.0,2024-06-09
2024060901034522,PPL,34,66,120.0,430.0,51600.0,2024-06-09
2024060901034521,PPL,42,66,90.0,430.0,38700.0,2024-06-09
2024060901034520,KBL,49,17,50.0,137.1,6855.0,2024-06-09
2024060903016554,SLBBL,68,47,50.0,824.0,41200.0,2024-06-09
2024060903016553,SLBBL,64,47,50.0,824.1,41205.0,2024-06-09
2024060901034519,JALPA,47,19,15.0,1460.0,21900.0,2024-06-09
2024060903016552,HLBSL,62,45,783.0,1320.0,1033560.0,2024-06-09
2024060903016551,HLBSL,62,45,217.0,1318.0,286006.0,2024-06-09
2024060903016550,KRBL,62,58,1000.0,425.0,425000.0,2024-06-09
2024060903016549,KRBL,62,58,1000.0,425.0,425000.0,2024-06-09
2024060901034518,NMB,53,21,10.0,193.0,1930.0,2024-06-09
2024060903016548,ILBS,44,52,10.0,1296.0,12960.0,2024-06-09
2024060903016547,ILBS,44,65,40.0,1296.0,51840.0,2024-06-09
2024060901034517,NICA,34,39,50.0,402.5,20125.0,2024-06-09
2024060904010516,CGH,34,14,10.0,885.0,8850.0,2024-06-09
2024060903016546,KLBSL,34,72,10.0,977.0,9770.0,2024-06-09
2024060903016545,SLBBL,68,67,100.0,824.0,82400.0,2024-06-09
2024060901034516,EBL,33,16,10.0,527.0,5270.0,2024-06-09
2024060903016544,GBLBS,33,42,74.0,775.0,57350.0,2024-06-09
2024060903016543,GBLBS,33,57,26.0,773.9,20121.4,2024-06-09
2024060903016542,GMFIL,51,45,10.0,390.9,3909.0,2024-06-09
2024060901034515,JBLB,45,56,50.0,1342.5,67125.0,2024-06-09
2024060901034514,GCIL,88,32,23.0,483.0,11109.0,2024-06-09
2024060901034513,GCIL,88,57,11.0,482.5,5307.5,2024-06-09
2024060901034512,GCIL,88,58,23.0,482.0,11086.0,2024-06-09
2024060901034511,GCIL,88,38,11.0,482.0,5302.0,2024-06-09
2024060901034510,GCIL,88,42,11.0,481.9,5300.9,2024-06-09
2024060901034509,GCIL,88,41,10.0,481.7,4817.0,2024-06-09
2024060901034508,GCIL,88,7,11.0,481.4,5295.4,2024-06-09
2024060903016541,PFL,93,49,10.0,576.0,5760.0,2024-06-09
2024060903016540,MLBBL,33,11,61.0,1370.0,83570.0,2024-06-09
2024060903016539,MLBBL,53,11,42.0,1370.1,57544.2,2024-06-09
2024060901034507,MCHL,3,46,50.0,415.0,20750.0,2024-06-09
2024060904010515,SPIL,35,44,80.0,776.0,62080.0,2024-06-09
2024060901034506,SONA,43,16,694.0,441.0,306054.0,2024-06-09
2024060901034505,SONA,45,16,306.0,441.0,134946.0,2024-06-09
2024060904010514,RIDI,58,16,24.0,166.0,3984.0,2024-06-09
2024060904010513,RIDI,52,16,276.0,166.1,45843.6,2024-06-09
2024060903016538,JFL,42,14,100.0,548.0,54800.0,2024-06-09
2024060901034504,SMJC,42,70,10.0,385.9,3859.0,2024-06-09
2024060901034503,GVL,66,49,10.0,499.0,4990.0,2024-06-09
2024060903016537,GUFL,47,22,110.0,654.9,72039.0,2024-06-09
2024060903016536,GUFL,47,14,30.0,654.0,19620.0,2024-06-09
2024060903016535,GUFL,47,42,55.0,653.0,35915.0,2024-06-09
2024060903016534,GUFL,47,58,40.0,652.0,26080.0,2024-06-09
2024060903016533,GUFL,47,62,100.0,651.9,65190.0,2024-06-09
2024060903016532,GUFL,47,54,115.0,650.0,74750.0,2024-06-09
2024060903016531,GUFL,47,42,80.0,650.0,52000.0,2024-06-09
2024060903016530,GUFL,47,38,20.0,650.0,13000.0,2024-06-09
2024060903016529,GUFL,47,63,500.0,650.0,325000.0,2024-06-09
2024060903016528,GUFL,47,28,400.0,650.0,260000.0,2024-06-09
2024060903016527,GUFL,47,38,60.0,650.0,39000.0,2024-06-09
2024060903016526,GUFL,47,14,230.0,650.0,149500.0,2024-06-09
2024060903016525,GUFL,47,51,260.0,647.0,168220.0,2024-06-09
2024060904010512,HDHPC,42,36,200.0,127.7,25540.0,2024-06-09
2024060903016524,MFIL,47,6,500.0,500.0,250000.0,2024-06-09
2024060903016523,MFIL,47,35,100.0,500.0,50000.0,2024-06-09
2024060903016522,MFIL,47,54,56.0,500.0,28000.0,2024-06-09
2024060903016521,MFIL,47,35,250.0,500.0,125000.0,2024-06-09
2024060901034502,SMH,32,69,10.0,770.0,7700.0,2024-06-09
2024060901034501,SMH,32,20,10.0,765.0,7650.0,2024-06-09
2024060901034500,UHEWA,32,25,10.0,437.8,4378.0,2024-06-09
2024060904010511,LEC,8,42,1000.0,177.8,177800.0,2024-06-09
2024060901034499,GCIL,8,37,30.0,478.1,14343.0,2024-06-09
2024060903016520,GILB,62,42,51.0,1609.5,82084.5,2024-06-09
2024060903016519,GILB,62,62,100.0,1609.0,160900.0,2024-06-09
2024060903016518,GILB,62,25,100.0,1609.0,160900.0,2024-06-09
2024060903016517,GILB,62,22,30.0,1609.0,48270.0,2024-06-09
2024060903016516,GILB,62,65,50.0,1609.0,80450.0,2024-06-09
2024060903016515,GILB,62,41,669.0,1608.7,1076220.3,2024-06-09
2024060901034498,NWCL,1,88,10.0,856.9,8569.0,2024-06-09
2024060903016514,SADBL,16,50,1515.0,307.5,465862.5,2024-06-09
2024060903016513,SADBL,48,50,100.0,307.6,30760.0,2024-06-09
2024060903016512,SADBL,49,50,200.0,307.6,61520.0,2024-06-09
2024060903016511,SADBL,52,50,25.0,307.7,7692.5,2024-06-09
2024060903016510,SADBL,34,50,200.0,307.8,61560.0,2024-06-09
2024060903016509,SADBL,48,50,100.0,308.0,30800.0,2024-06-09
2024060903016508,SADBL,6,50,1000.0,308.0,308000.0,2024-06-09
2024060903016507,SADBL,5,50,300.0,308.0,92400.0,2024-06-09
2024060903016506,SADBL,41,50,20.0,308.0,6160.0,2024-06-09
2024060903016505,SADBL,16,50,10.0,308.1,3081.0,2024-06-09
2024060903016504,SADBL,57,50,30.0,308.1,9243.0,2024-06-09
2024060903016503,SADBL,6,50,200.0,308.2,61640.0,2024-06-09
2024060903016502,SADBL,66,50,300.0,308.2,92460.0,2024-06-09
2024060901034497,MKHC,5,50,10.0,323.0,3230.0,2024-06-09
2024060903016501,GMFBS,34,38,10.0,1255.0,12550.0,2024-06-09
2024060903016500,NLICL,34,28,10.0,544.0,5440.0,2024-06-09
2024060903016499,GFCL,59,21,90.0,454.0,40860.0,2024-06-09
2024060903016498,GFCL,58,21,10.0,454.1,4541.0,2024-06-09
2024060901034496,BEDC,58,68,275.0,421.0,115775.0,2024-06-09
2024060901034495,BEDC,58,44,25.0,421.0,10525.0,2024-06-09
2024060901034494,PRVU,58,1,30.0,141.0,4230.0,2024-06-09
2024060901034493,EBL,22,16,19.0,527.0,10013.0,2024-06-09
2024060901034492,SPC,49,62,70.0,590.0,41300.0,2024-06-09
2024060901034491,SPC,49,62,10.0,590.0,5900.0,2024-06-09
2024060905007290,NRN,58,70,2000.0,640.1,1280200.0,2024-06-09
2024060903016497,FMDBL,45,19,800.0,670.1,536080.0,2024-06-09
2024060901034490,SMHL,65,65,20.0,588.4,11768.0,2024-06-09
2024060905007289,HRL,42,13,100.0,568.6,56860.0,2024-06-09
2024060904010510,UMHL,53,13,10.0,233.4,2334.0,2024-06-09
2024060901034489,CLI,42,13,15.0,475.0,7125.0,2024-06-09
2024060904010509,SGIC,58,8,65.0,524.0,34060.0,2024-06-09
2024060903016496,KMCDB,62,8,364.0,1095.0,398580.0,2024-06-09
2024060903016495,KMCDB,62,57,70.0,1088.0,76160.0,2024-06-09
2024060903016494,KMCDB,62,35,66.0,1080.0,71280.0,2024-06-09
2024060903016493,MDB,58,26,10.0,482.3,4823.0,2024-06-09
2024060903016492,NLIC,17,5,72.0,602.5,43380.0,2024-06-09
2024060903016491,NLIC,87,5,282.0,602.6,169933.2,2024-06-09
2024060903016490,NLIC,6,5,127.0,602.7,76542.9,2024-06-09
2024060903016489,NLIC,35,5,19.0,602.8,11453.2,2024-06-09
2024060903016488,GILB,95,34,150.0,1580.0,237000.0,2024-06-09
2024060901034488,TVCL,57,34,65.0,453.0,29445.0,2024-06-09
2024060903016487,JBBL,34,66,22.0,285.0,6270.0,2024-06-09
2024060903016486,GUFL,56,34,200.0,646.0,129200.0,2024-06-09
2024060903016485,GUFL,56,5,330.0,645.6,213048.0,2024-06-09
2024060901034487,EBL,42,4,21.0,525.0,11025.0,2024-06-09
2024060901034486,EBL,29,4,79.0,525.0,41475.0,2024-06-09
2024060904010508,UMRH,38,41,10.0,391.9,3919.0,2024-06-09
2024060904010507,KPCL,52,59,93.0,442.0,41106.0,2024-06-09
2024060904010506,KPCL,33,59,150.0,442.1,66315.0,2024-06-09
2024060904010505,KPCL,57,59,63.0,443.0,27909.0,2024-06-09
2024060901034485,SNLI,59,21,330.0,460.1,151833.0,2024-06-09
2024060901034484,SNLI,18,21,10.0,460.1,4601.0,2024-06-09
2024060901034483,SNLI,49,21,200.0,460.2,92040.0,2024-06-09
2024060901034482,SNLI,18,21,10.0,460.3,4603.0,2024-06-09
2024060901034481,SNLI,37,21,20.0,460.4,9208.0,2024-06-09
2024060901034480,SNLI,1,21,130.0,460.5,59865.0,2024-06-09
2024060903016484,DDBL,54,49,184.0,790.0,145360.0,2024-06-09
2024060903016483,DDBL,53,49,100.0,790.0,79000.0,2024-06-09
2024060903016482,DDBL,14,49,10.0,790.0,7900.0,2024-06-09
2024060903016481,DDBL,81,49,206.0,790.0,162740.0,2024-06-09
2024060904010504,GLH,42,49,50.0,202.0,10100.0,2024-06-09
2024060903016480,LLBS,42,65,200.0,1171.0,234200.0,2024-06-09
2024060901034479,ILI,32,38,30.0,428.9,12867.0,2024-06-09
2024060903016479,ILBS,34,37,62.0,1276.0,79112.0,2024-06-09
2024060903016478,ILBS,62,37,20.0,1276.0,25520.0,2024-06-09
2024060903016477,ILBS,70,37,100.0,1277.0,127700.0,2024-06-09
2024060903016476,ILBS,1,37,18.0,1288.0,23184.0,2024-06-09
2024060904010503,GLH,42,62,50.0,202.0,10100.0,2024-06-09
2024060903016475,JFL,1,86,100.0,549.0,54900.0,2024-06-09
2024060901034478,AVYAN,58,36,100.0,917.9,91790.0,2024-06-09
2024060903016474,NICLBSL,42,48,10.0,665.0,6650.0,2024-06-09
2024060901034477,JBLB,45,48,50.0,1342.5,67125.0,2024-06-09
2024060904010502,IGI,34,39,10.0,521.0,5210.0,2024-06-09
2024060901034476,SARBTM,34,6,50.0,808.5,40425.0,2024-06-09
2024060901034475,HATHY,59,72,200.0,940.0,188000.0,2024-06-09
2024060901034474,HATHY,42,72,20.0,940.0,18800.0,2024-06-09
2024060901034473,HATHY,69,72,45.0,940.0,42300.0,2024-06-09
2024060904010501,NGPL,11,16,10.0,300.5,3005.0,2024-06-09
2024060903016473,SIFC,46,32,10.0,419.0,4190.0,2024-06-09
2024060901034472,MLBS,58,1,10.0,1330.0,13300.0,2024-06-09
2024060901034471,MLBS,58,45,10.0,1325.0,13250.0,2024-06-09
2024060901034470,MLBS,58,57,10.0,1315.0,13150.0,2024-06-09
2024060903016472,JSLBB,4,55,11.0,1401.0,15411.0,2024-06-09
2024060903016471,BFC,45,50,100.0,426.7,42670.0,2024-06-09
2024060903016470,GILB,58,41,31.0,1608.7,49869.7,2024-06-09
2024060903016469,GILB,58,43,17.0,1608.5,27344.5,2024-06-09
2024060903016468,GILB,58,56,50.0,1608.0,80400.0,2024-06-09
2024060903016467,GILB,58,16,99.0,1608.0,159192.0,2024-06-09
2024060903016466,GILB,58,62,10.0,1607.5,16075.0,2024-06-09
2024060903016465,GILB,58,49,60.0,1607.5,96450.0,2024-06-09
2024060903016464,GILB,58,62,10.0,1607.5,16075.0,2024-06-09
2024060903016463,GILB,58,25,10.0,1606.6,16066.0,2024-06-09
2024060903016462,GILB,58,58,100.0,1606.0,160600.0,2024-06-09
2024060903016461,GILB,58,41,19.0,1605.0,30495.0,2024-06-09
2024060903016460,GILB,58,41,394.0,1605.0,632370.0,2024-06-09
2024060903016459,GILB,58,66,200.0,1585.0,317000.0,2024-06-09
2024060901034469,NABIL,58,35,12.0,475.4,5704.8,2024-06-09
2024060903016458,JFL,1,58,19.0,548.0,10412.0,2024-06-09
2024060904010500,NIL,58,62,160.0,795.0,127200.0,2024-06-09
2024060904010499,NIL,58,49,140.0,794.9,111286.0,2024-06-09
2024060904010498,NICL,45,28,159.0,823.4,130920.6,2024-06-09
2024060904010497,NICL,41,28,50.0,823.5,41175.0,2024-06-09
2024060904010496,NICL,53,28,50.0,823.6,41180.0,2024-06-09
2024060904010495,NICL,45,28,20.0,824.0,16480.0,2024-06-09
2024060904010494,NICL,61,28,50.0,824.0,41200.0,2024-06-09
2024060901034468,MAKAR,53,32,96.0,395.0,37920.0,2024-06-09
2024060901034467,MAKAR,63,32,104.0,395.0,41080.0,2024-06-09
2024060903016457,KRBL,62,58,1000.0,425.0,425000.0,2024-06-09
2024060903016456,GLBSL,44,37,20.0,1865.0,37300.0,2024-06-09
2024060901034466,HBL,34,44,61.0,182.0,11102.0,2024-06-09
2024060901034465,HBL,7,44,18.0,182.0,3276.0,2024-06-09
2024060901034464,HBL,32,44,21.0,182.0,3822.0,2024-06-09
2024060901034463,PPL,57,42,20.0,434.5,8690.0,2024-06-09
2024060904010493,GLH,42,4,100.0,202.0,20200.0,2024-06-09
2024060904010492,BPCL,5,13,190.0,289.9,55081.0,2024-06-09
2024060901034462,UHEWA,34,25,25.0,437.8,10945.0,2024-06-09
2024060901034461,UHEWA,34,34,10.0,437.0,4370.0,2024-06-09
2024060901034460,UHEWA,34,35,65.0,437.0,28405.0,2024-06-09
2024060901034459,NIMB,38,45,10.0,157.0,1570.0,2024-06-09
2024060904010491,SHPC,22,22,30.0,325.4,9762.0,2024-06-09
2024060901034458,SONA,16,42,40.0,443.0,17720.0,2024-06-09
2024060901034457,SONA,16,41,10.0,443.0,4430.0,2024-06-09
2024060901034456,SONA,16,72,10.0,443.0,4430.0,2024-06-09
2024060901034455,SONA,16,16,10.0,442.5,4425.0,2024-06-09
2024060901034454,SONA,16,35,10.0,442.0,4420.0,2024-06-09
2024060901034453,SONA,16,33,10.0,441.3,4413.0,2024-06-09
2024060901034452,SONA,16,59,10.0,441.2,4412.0,2024-06-09
2024060903016455,KMCDB,62,35,110.0,1080.1,118811.0,2024-06-09
2024060901034451,PCBL,22,3,10.0,198.9,1989.0,2024-06-09
2024060901034450,PCBL,22,35,20.0,198.5,3970.0,2024-06-09
2024060903016454,KMCDB,59,35,24.0,1082.5,25980.0,2024-06-09
2024060901034449,BEDC,49,55,20.0,420.3,8406.0,2024-06-09
2024060905007288,ENL,13,45,30.0,995.0,29850.0,2024-06-09
2024060905007287,ENL,35,45,50.0,1000.0,50000.0,2024-06-09
2024060905007286,ENL,45,45,20.0,1001.0,20020.0,2024-06-09
2024060901034448,GVL,66,49,10.0,499.0,4990.0,2024-06-09
2024060903016453,PFL,13,7,200.0,570.0,114000.0,2024-06-09
2024060903016452,GILB,58,41,106.0,1605.0,170130.0,2024-06-09
2024060903016451,GILB,58,69,50.0,1605.0,80250.0,2024-06-09
2024060903016450,GILB,58,3,200.0,1604.0,320800.0,2024-06-09
2024060903016449,GILB,58,42,200.0,1600.0,320000.0,2024-06-09
2024060903016448,GILB,58,54,17.0,1600.0,27200.0,2024-06-09
2024060903016447,GILB,58,62,10.0,1600.0,16000.0,2024-06-09
2024060903016446,GILB,58,38,50.0,1600.0,80000.0,2024-06-09
2024060903016445,GILB,58,7,10.0,1600.0,16000.0,2024-06-09
2024060903016444,GILB,58,14,10.0,1600.0,16000.0,2024-06-09
2024060903016443,GILB,58,42,31.0,1600.0,49600.0,2024-06-09
2024060903016442,GILB,58,56,20.0,1600.0,32000.0,2024-06-09
2024060903016441,GILB,58,42,43.0,1600.0,68800.0,2024-06-09
2024060903016440,GILB,58,42,253.0,1600.0,404800.0,2024-06-09
2024060903016439,GILB,58,42,47.0,1600.0,75200.0,2024-06-09
2024060903016438,GILB,58,75,100.0,1599.9,159990.0,2024-06-09
2024060903016437,GILB,58,62,100.0,1598.0,159800.0,2024-06-09
2024060903016436,GILB,58,42,20.0,1596.0,31920.0,2024-06-09
2024060903016435,GILB,58,36,100.0,1595.0,159500.0,2024-06-09
2024060903016434,GILB,58,49,160.0,1590.0,254400.0,2024-06-09
2024060903016433,GILB,58,45,17.0,1589.0,27013.0,2024-06-09
2024060903016432,GILB,58,48,200.0,1588.9,317780.0,2024-06-09
2024060903016431,GILB,58,47,50.0,1588.8,79440.0,2024-06-09
2024060903016430,GILB,58,72,206.0,1588.0,327128.0,2024-06-09
2024060903016429,KRBL,62,58,2000.0,425.0,850000.0,2024-06-09
2024060901034447,USHEC,26,19,200.0,430.0,86000.0,2024-06-09
2024060901034446,USHEC,26,49,10.0,430.0,4300.0,2024-06-09
2024060901034445,USHEC,26,41,100.0,429.0,42900.0,2024-06-09
2024060901034444,RAWA,36,34,10.0,539.0,5390.0,2024-06-09
2024060903016428,NABBC,39,55,10.0,560.1,5601.0,2024-06-09
2024060901034443,SRLI,56,42,20.0,436.0,8720.0,2024-06-09
2024060903016427,GUFL,21,5,10.0,645.6,6456.0,2024-06-09
2024060903016426,GUFL,54,5,80.0,645.6,51648.0,2024-06-09
2024060903016425,GUFL,4,5,30.0,645.6,19368.0,2024-06-09
2024060901034442,SCB,34,54,20.0,562.9,11258.0,2024-06-09
2024060901034441,SCB,34,28,326.0,562.9,183505.4,2024-06-09
2024060901034440,SCB,34,34,470.0,562.5,264375.0,2024-06-09
2024060904010490,IGI,50,33,482.0,520.5,250881.0,2024-06-09
2024060904010489,IGI,34,33,103.0,520.6,53621.8,2024-06-09
2024060901034439,USHL,54,62,10.0,525.0,5250.0,2024-06-09
2024060901034438,HATHY,69,38,150.0,940.0,141000.0,2024-06-09
2024060901034437,NESDO,25,56,10.0,2101.0,21010.0,2024-06-09
2024060904010488,MEN,16,45,10.0,572.9,5729.0,2024-06-09
2024060903016424,FMDBL,45,16,30.0,670.1,20103.0,2024-06-09
2024060903016423,MNBBL,41,10,25.0,342.0,8550.0,2024-06-09
2024060903016422,MNBBL,38,10,100.0,342.0,34200.0,2024-06-09
2024060901034436,SPHL,45,45,50.0,539.0,26950.0,2024-06-09
2024060904010487,JOSHI,45,40,400.0,289.0,115600.0,2024-06-09
2024060905007285,CHDC,6,83,250.0,997.0,249250.0,2024-06-09
2024060903016421,EDBL,21,13,10.0,374.0,3740.0,2024-06-09
2024060903016420,GLBSL,17,37,10.0,1865.0,18650.0,2024-06-09
2024060903016419,NFS,51,62,135.0,582.0,78570.0,2024-06-09
2024060903016418,HLBSL,44,45,25.0,1318.0,32950.0,2024-06-09
2024060903016417,NMLBBL,16,50,10.0,710.0,7100.0,2024-06-09
2024060901034435,MEHL,42,34,10.0,354.0,3540.0,2024-06-09
2024060904010486,HDHPC,34,36,10.0,127.7,1277.0,2024-06-09
2024060903016416,SLBBL,68,51,11.0,824.0,9064.0,2024-06-09
2024060903016415,SLBBL,44,51,15.0,824.1,12361.5,2024-06-09
2024060903016414,CFCL,38,29,10.0,413.9,4139.0,2024-06-09
2024060905007284,HRL,22,38,30.0,568.7,17061.0,2024-06-09
2024060904010485,CGH,52,16,46.0,883.1,40622.6,2024-06-09
2024060901034434,TAMOR,45,70,200.0,391.0,78200.0,2024-06-09
2024060901034433,KBSH,29,35,10.0,1247.4,12474.0,2024-06-09
2024060901034432,MHL,71,35,90.0,464.6,41814.0,2024-06-09
2024060905007283,NRN,58,22,107.0,650.0,69550.0,2024-06-09
2024060905007282,NRN,58,45,600.0,649.9,389940.0,2024-06-09
2024060905007281,NRN,58,48,264.0,649.9,171573.6,2024-06-09
2024060905007280,NRN,58,21,800.0,649.9,519920.0,2024-06-09
2024060905007279,NRN,58,92,400.0,649.5,259800.0,2024-06-09
2024060905007278,NRN,58,21,200.0,649.0,129800.0,2024-06-09
2024060905007277,NRN,58,62,180.0,649.0,116820.0,2024-06-09
2024060905007276,NRN,58,22,514.0,649.0,333586.0,2024-06-09
2024060905007275,NRN,58,19,10.0,648.0,6480.0,2024-06-09
2024060905007274,NRN,58,49,100.0,648.0,64800.0,2024-06-09
2024060905007273,NRN,58,40,450.0,648.0,291600.0,2024-06-09
2024060905007272,NRN,58,33,300.0,647.0,194100.0,2024-06-09
2024060905007271,NRN,58,17,300.0,646.9,194070.0,2024-06-09
2024060905007270,NRN,58,53,1000.0,646.0,646000.0,2024-06-09
2024060905007269,NRN,58,50,500.0,646.0,323000.0,2024-06-09
2024060905007268,NRN,58,49,100.0,646.0,64600.0,2024-06-09
2024060905007267,NRN,58,56,70.0,646.0,45220.0,2024-06-09
2024060905007266,NRN,58,26,100.0,645.9,64590.0,2024-06-09
2024060905007265,NRN,58,33,200.0,645.0,129000.0,2024-06-09
2024060905007264,NRN,58,47,810.0,645.0,522450.0,2024-06-09
2024060905007263,NRN,58,57,50.0,645.0,32250.0,2024-06-09
2024060905007262,NRN,58,34,100.0,645.0,64500.0,2024-06-09
2024060905007261,NRN,58,41,10.0,645.0,6450.0,2024-06-09
2024060905007260,NRN,58,42,10.0,645.0,6450.0,2024-06-09
2024060905007259,NRN,58,58,400.0,645.0,258000.0,2024-06-09
2024060905007258,NRN,58,22,150.0,644.9,96735.0,2024-06-09
2024060905007257,NRN,58,42,365.0,644.0,235060.0,2024-06-09
2024060905007256,NRN,58,58,10.0,644.0,6440.0,2024-06-09
2024060905007255,NRN,58,33,50.0,644.0,32200.0,2024-06-09
2024060905007254,NRN,58,32,200.0,644.0,128800.0,2024-06-09
2024060905007253,NRN,58,22,200.0,644.0,128800.0,2024-06-09
2024060905007252,NRN,58,48,100.0,644.0,64400.0,2024-06-09
2024060905007251,NRN,58,22,50.0,643.9,32195.0,2024-06-09
2024060905007250,NRN,58,81,1300.0,643.0,835900.0,2024-06-09
2024060903016413,RLFL,17,51,50.0,393.2,19660.0,2024-06-09
2024060901034431,KDL,19,60,100.0,1218.0,121800.0,2024-06-09
2024060901034430,KDL,19,72,200.0,1217.0,243400.0,2024-06-09
2024060901034429,LSL,52,43,163.0,157.0,25591.0,2024-06-09
2024060903016412,SLBBL,58,19,20.0,825.0,16500.0,2024-06-09
2024060905007249,ENL,32,59,10.0,1011.0,10110.0,2024-06-09
2024060903016411,KRBL,62,58,500.0,425.0,212500.0,2024-06-09
2024060901034428,MEHL,39,34,120.0,353.9,42468.0,2024-06-09
2024060903016410,PFL,13,34,265.0,570.0,151050.0,2024-06-09
2024060903016409,PFL,34,34,25.0,570.1,14252.5,2024-06-09
2024060903016408,PFL,14,34,10.0,570.1,5701.0,2024-06-09
2024060901034427,MSHL,42,34,45.0,672.2,30249.0,2024-06-09
2024060901034426,MSHL,22,34,30.0,672.2,20166.0,2024-06-09
2024060901034425,BGWT,65,38,30.0,1098.5,32955.0,2024-06-09
2024060903016407,MPFL,35,38,200.0,473.3,94660.0,2024-06-09
2024060903016406,MPFL,49,38,300.0,473.3,141990.0,2024-06-09
2024060903016405,MPFL,26,38,500.0,473.4,236700.0,2024-06-09
2024060904010484,SHL,55,91,100.0,439.9,43990.0,2024-06-09
2024060904010483,NHDL,38,16,38.0,502.1,19079.8,2024-06-09
2024060903016404,NLIC,22,25,20.0,603.0,12060.0,2024-06-09
2024060903016403,NADEP,70,22,40.0,842.0,33680.0,2024-06-09
2024060903016402,VLBS,45,45,68.0,1039.0,70652.0,2024-06-09
2024060903016401,VLBS,45,57,100.0,1038.9,103890.0,2024-06-09
2024060903016400,VLBS,45,41,200.0,1038.0,207600.0,2024-06-09
2024060903016399,VLBS,45,45,300.0,1036.0,310800.0,2024-06-09
2024060903016398,VLBS,45,5,40.0,1035.0,41400.0,2024-06-09
2024060903016397,VLBS,45,45,27.0,1035.0,27945.0,2024-06-09
2024060903016396,VLBS,45,8,100.0,1035.0,103500.0,2024-06-09
2024060903016395,VLBS,45,45,10.0,1030.0,10300.0,2024-06-09
2024060903016394,VLBS,45,67,100.0,1030.0,103000.0,2024-06-09
2024060903016393,VLBS,45,8,100.0,1029.0,102900.0,2024-06-09
2024060903016392,VLBS,45,57,77.0,1029.0,79233.0,2024-06-09
2024060903016391,VLBS,45,57,200.0,1027.0,205400.0,2024-06-09
2024060903016390,VLBS,45,3,678.0,1025.0,694950.0,2024-06-09
2024060903016389,MPFL,32,45,500.0,474.0,237000.0,2024-06-09
2024060901034424,SPC,35,62,20.0,590.0,11800.0,2024-06-09
2024060904010482,UPPER,19,16,66.0,160.0,10560.0,2024-06-09
2024060904010481,UPPER,19,87,34.0,159.9,5436.6,2024-06-09
2024060903016388,GILB,95,32,100.0,1580.0,158000.0,2024-06-09
2024060904010480,AHPC,8,38,23.0,151.5,3484.5,2024-06-09
2024060901034423,USHL,45,62,90.0,525.0,47250.0,2024-06-09
2024060903016387,KRBL,62,58,1000.0,425.0,425000.0,2024-06-09
2024060901034422,MEHL,36,34,60.0,353.9,21234.0,2024-06-09
2024060901034421,PPL,4,42,20.0,434.5,8690.0,2024-06-09
2024060904010479,UMRH,4,58,126.0,391.0,49266.0,2024-06-09
2024060901034420,TVCL,57,46,25.0,453.0,11325.0,2024-06-09
2024060901034419,SIKLES,38,36,13.0,589.5,7663.5,2024-06-09
2024060901034418,NRM,25,58,10.0,402.0,4020.0,2024-06-09
2024060901034417,NRM,25,54,260.0,402.0,104520.0,2024-06-09
2024060901034416,NRM,25,69,860.0,402.0,345720.0,2024-06-09
2024060904010478,NGPL,41,70,93.0,300.1,27909.3,2024-06-09
2024060901034415,GVL,66,49,128.0,499.0,63872.0,2024-06-09
2024060901034414,GVL,66,41,10.0,499.0,4990.0,2024-06-09
2024060901034413,GVL,66,16,500.0,499.0,249500.0,2024-06-09
2024060905007248,NRN,6,4,22.0,643.0,14146.0,2024-06-09
2024060903016386,LICN,41,25,10.0,1360.0,13600.0,2024-06-09
2024060904010477,UMRH,19,58,100.0,391.0,39100.0,2024-06-09
2024060904010476,UMRH,35,58,100.0,391.0,39100.0,2024-06-09
2024060904010475,UMRH,14,58,85.0,391.0,33235.0,2024-06-09
2024060903016385,MERO,40,58,200.0,709.5,141900.0,2024-06-09
2024060901034412,JALPA,26,19,20.0,1460.0,29200.0,2024-06-09
2024060903016384,HLI,44,57,10.0,383.0,3830.0,2024-06-09
2024060903016383,HLI,44,47,108.0,383.0,41364.0,2024-06-09
2024060905007247,SMATA,1,57,70.0,961.0,67270.0,2024-06-09
2024060905007246,SMATA,91,57,100.0,962.0,96200.0,2024-06-09
2024060905007245,SMATA,58,57,100.0,963.0,96300.0,2024-06-09
2024060905007244,SMATA,4,57,200.0,965.0,193000.0,2024-06-09
2024060903016382,GMFBS,58,48,10.0,1236.0,12360.0,2024-06-09
2024060903016381,GMFBS,28,48,50.0,1236.0,61800.0,2024-06-09
2024060901034411,UHEWA,19,34,100.0,434.0,43400.0,2024-06-09
2024060901034410,UHEWA,49,34,15.0,435.0,6525.0,2024-06-09
2024060901034409,DLBS,33,59,40.0,1214.0,48560.0,2024-06-09
2024060904010474,GHL,64,38,700.0,142.9,100030.0,2024-06-09
2024060901034408,SPC,25,62,10.0,590.0,5900.0,2024-06-09
2024060903016380,SHINE,35,58,1000.0,380.0,380000.0,2024-06-09
2024060901034407,KBSH,29,21,10.0,1247.4,12474.0,2024-06-09
2024060901034406,SPC,71,62,190.0,590.0,112100.0,2024-06-09
2024060901034405,SPC,49,62,150.0,591.0,88650.0,2024-06-09
2024060903016379,ACLBSL,26,40,40.0,974.0,38960.0,2024-06-09
2024060903016378,NABBC,35,64,163.0,559.0,91117.0,2024-06-09
2024060903016377,NABBC,62,64,100.0,559.1,55910.0,2024-06-09
2024060903016376,NABBC,62,64,100.0,559.2,55920.0,2024-06-09
2024060903016375,NABBC,34,64,100.0,560.0,56000.0,2024-06-09
2024060903016374,NABBC,57,64,37.0,560.0,20720.0,2024-06-09
2024060901034404,RAWA,41,58,100.0,537.0,53700.0,2024-06-09
2024060901034403,TSHL,58,51,100.0,515.0,51500.0,2024-06-09
2024060901034402,MMKJL,58,26,20.0,488.0,9760.0,2024-06-09
2024060901034401,MMKJL,58,42,500.0,488.0,244000.0,2024-06-09
2024060901034400,MMKJL,58,36,760.0,487.0,370120.0,2024-06-09
2024060901034399,MMKJL,58,7,20.0,486.9,9738.0,2024-06-09
2024060901034398,MMKJL,58,22,200.0,486.4,97280.0,2024-06-09
2024060903016373,VLBS,53,51,50.0,1024.3,51215.0,2024-06-09
2024060903016372,HLI,34,47,10.0,383.0,3830.0,2024-06-09
2024060903016371,SWBBL,48,22,104.0,876.0,91104.0,2024-06-09
2024060904010473,API,6,45,250.0,167.2,41800.0,2024-06-09
2024060903016370,SIFC,67,21,1000.0,416.1,416100.0,2024-06-09
2024060904010472,HEI,29,49,169.0,590.3,99760.7,2024-06-09
2024060901034397,SHLB,28,62,167.0,1715.0,286405.0,2024-06-09
2024060901034396,SHLB,50,62,20.0,1715.5,34310.0,2024-06-09
2024060905007243,NRN,45,50,500.0,640.3,320150.0,2024-06-09
2024060901034395,VLUCL,48,63,500.0,530.0,265000.0,2024-06-09
2024060904010471,SJCL,49,51,263.0,260.0,68380.0,2024-06-09
2024060904010470,SJCL,58,51,37.0,260.1,9623.7,2024-06-09
2024060904010469,SJCL,54,51,200.0,260.2,52040.0,2024-06-09
2024060904010468,MEN,32,72,100.0,571.5,57150.0,2024-06-09
2024060901034394,SARBTM,16,38,50.0,808.0,40400.0,2024-06-09
2024060904010467,SHL,22,25,100.0,439.1,43910.0,2024-06-09
2024060904010466,SPDL,14,41,209.0,242.0,50578.0,2024-06-09
2024060901034393,LSL,52,55,16.0,157.0,2512.0,2024-06-09
2024060901034392,TAMOR,3,58,30.0,393.0,11790.0,2024-06-09
2024060905007242,NIFRA,69,35,700.0,194.0,135800.0,2024-06-09
2024060901034391,NWCL,8,45,20.0,848.1,16962.0,2024-06-09
2024060901034390,NWCL,74,45,80.0,850.0,68000.0,2024-06-09
2024060901034389,SPL,65,35,100.0,792.0,79200.0,2024-06-09
2024060904010465,HURJA,6,22,80.0,273.8,21904.0,2024-06-09
2024060904010464,NHPC,45,45,200.0,142.1,28420.0,2024-06-09
2024060904010463,NHPC,57,45,100.0,142.2,14220.0,2024-06-09
2024060904010462,NHPC,57,45,100.0,142.5,14250.0,2024-06-09
2024060901034388,HDL,42,21,10.0,1293.0,12930.0,2024-06-09
2024060901034387,HDL,49,21,70.0,1293.0,90510.0,2024-06-09
2024060901034386,HDL,57,21,30.0,1293.0,38790.0,2024-06-09
2024060901034385,HDL,11,21,10.0,1293.0,12930.0,2024-06-09
2024060901034384,HDL,58,21,50.0,1293.0,64650.0,2024-06-09
2024060901034383,HDL,77,21,10.0,1294.0,12940.0,2024-06-09
2024060901034382,HDL,48,21,220.0,1294.0,284680.0,2024-06-09
2024060904010461,HDHPC,41,47,30.0,127.0,3810.0,2024-06-09
2024060904010460,HDHPC,49,47,670.0,127.0,85090.0,2024-06-09
2024060904010459,MHNL,47,25,55.0,246.0,13530.0,2024-06-09
2024060904010458,MHNL,47,33,450.0,230.9,103905.0,2024-06-09
2024060904010457,MHNL,47,16,100.0,230.0,23000.0,2024-06-09
2024060904010456,MHNL,47,29,1095.0,230.0,251850.0,2024-06-09
2024060904010455,MEN,38,49,100.0,572.0,57200.0,2024-06-09
2024060901034381,BHDC,17,63,10.0,621.8,6218.0,2024-06-09
2024060901034380,BHDC,17,54,10.0,621.8,6218.0,2024-06-09
2024060901034379,BHDC,17,63,100.0,621.7,62170.0,2024-06-09
2024060901034378,BHDC,17,62,270.0,621.0,167670.0,2024-06-09
2024060901034377,BHDC,17,42,10.0,619.0,6190.0,2024-06-09
2024060903016369,FOWAD,62,13,30.0,1271.0,38130.0,2024-06-09
2024060903016368,FOWAD,62,36,40.0,1271.0,50840.0,2024-06-09
2024060901034376,SBL,28,62,950.0,248.0,235600.0,2024-06-09
2024060903016367,SWBBL,48,36,46.0,876.0,40296.0,2024-06-09
2024060904010454,NLG,56,57,167.0,744.1,124264.7,2024-06-09
2024060904010453,UMRH,14,34,215.0,391.0,84065.0,2024-06-09
2024060904010452,UMRH,58,34,100.0,391.0,39100.0,2024-06-09
2024060904010451,UMRH,58,34,185.0,391.0,72335.0,2024-06-09
2024060903016366,JBBL,34,66,10.0,285.0,2850.0,2024-06-09
2024060901034375,NRM,45,34,60.0,401.0,24060.0,2024-06-09
2024060901034374,NRM,16,34,40.0,401.0,16040.0,2024-06-09
2024060905007241,HRL,42,51,20.0,568.6,11372.0,2024-06-09
2024060903016365,SINDU,14,52,10.0,374.8,3748.0,2024-06-09
2024060901034373,BHDC,72,52,20.0,615.0,12300.0,2024-06-09
2024060903016364,NFS,51,52,25.0,582.0,14550.0,2024-06-09
2024060903016363,NFS,74,52,450.0,582.1,261945.0,2024-06-09
2024060903016362,NFS,42,52,110.0,582.1,64031.0,2024-06-09
2024060903016361,NFS,87,52,15.0,582.2,8733.0,2024-06-09
2024060901034372,TAMOR,88,58,10.0,393.0,3930.0,2024-06-09
2024060903016360,CFCL,22,13,170.0,412.8,70176.0,2024-06-09
2024060905007240,HRL,17,38,18.0,568.7,10236.6,2024-06-09
2024060903016359,ACLBSL,49,40,10.0,974.0,9740.0,2024-06-09
2024060903016358,MFIL,57,35,100.0,500.0,50000.0,2024-06-09
2024060903016357,NLICL,46,57,140.0,543.0,76020.0,2024-06-09
2024060901034371,CLI,42,43,10.0,475.0,4750.0,2024-06-09
2024060901034370,CLI,42,58,10.0,475.0,4750.0,2024-06-09
2024060901034369,CLI,42,35,10.0,475.0,4750.0,2024-06-09
2024060901034368,CLI,42,32,10.0,475.0,4750.0,2024-06-09
2024060901034367,CLI,42,42,10.0,474.9,4749.0,2024-06-09
2024060901034366,CLI,42,59,770.0,474.9,365673.0,2024-06-09
2024060901034365,CLI,42,83,10.0,474.8,4748.0,2024-06-09
2024060901034364,CLI,42,1,10.0,474.0,4740.0,2024-06-09
2024060901034363,CLI,42,19,10.0,474.0,4740.0,2024-06-09
2024060901034362,CLI,42,88,10.0,473.9,4739.0,2024-06-09
2024060901034361,CLI,42,34,10.0,473.0,4730.0,2024-06-09
2024060901034360,CLI,42,58,10.0,472.7,4727.0,2024-06-09
2024060901034359,CLI,42,26,190.0,472.6,89794.0,2024-06-09
2024060901034358,TPC,39,42,160.0,510.1,81616.0,2024-06-09
2024060901034357,TPC,17,42,40.0,510.2,20408.0,2024-06-09
2024060901034356,TPC,38,42,100.0,510.3,51030.0,2024-06-09
2024060901034355,BGWT,65,42,10.0,1098.5,10985.0,2024-06-09
2024060901034354,LSL,43,55,50.0,157.0,7850.0,2024-06-09
2024060901034353,LSL,59,55,84.0,157.0,13188.0,2024-06-09
2024060903016356,RLFL,4,3,250.0,393.1,98275.0,2024-06-09
2024060901034352,HATHY,69,58,1005.0,940.0,944700.0,2024-06-09
2024060904010450,SPDL,67,70,200.0,240.0,48000.0,2024-06-09
2024060903016355,SINDU,50,61,30.0,371.8,11154.0,2024-06-09
2024060903016354,SINDU,17,61,340.0,371.9,126446.0,2024-06-09
2024060903016353,SINDU,48,61,10.0,373.0,3730.0,2024-06-09
2024060904010449,SPIL,35,1,250.0,778.0,194500.0,2024-06-09
2024060904010448,SPIL,35,34,27.0,777.0,20979.0,2024-06-09
2024060904010447,SPIL,35,44,200.0,776.7,155340.0,2024-06-09
2024060904010446,SPIL,35,53,17.0,776.0,13192.0,2024-06-09
2024060901034351,SONA,45,38,500.0,441.0,220500.0,2024-06-09
2024060901034350,SONA,45,34,10.0,441.0,4410.0,2024-06-09
2024060901034349,SONA,45,22,58.0,441.0,25578.0,2024-06-09
2024060901034348,SONA,45,36,126.0,441.0,55566.0,2024-06-09
2024060903016352,HLBSL,45,45,948.0,1318.0,1249464.0,2024-06-09
2024060903016351,HLBSL,45,43,52.0,1317.9,68530.8,2024-06-09
2024060901034347,ILI,14,49,10.0,428.6,4286.0,2024-06-09
2024060901034346,MEL,45,62,20.0,220.6,4412.0,2024-06-09
2024060901034345,MEL,45,62,30.0,220.7,6621.0,2024-06-09
2024060901034344,MEL,45,62,20.0,220.7,4414.0,2024-06-09
2024060901034343,MEL,72,62,300.0,220.8,66240.0,2024-06-09
2024060901034342,MEL,55,62,40.0,221.0,8840.0,2024-06-09
2024060901034341,MEL,49,62,155.0,221.0,34255.0,2024-06-09
2024060901034340,MEL,45,62,50.0,221.0,11050.0,2024-06-09
2024060901034339,MEL,4,62,77.0,221.0,17017.0,2024-06-09
2024060901034338,MEL,57,62,100.0,222.0,22200.0,2024-06-09
2024060903016350,NFS,74,28,100.0,584.0,58400.0,2024-06-09
2024060903016349,NFS,74,19,50.0,584.0,29200.0,2024-06-09
2024060903016348,LLBS,53,65,100.0,1175.0,117500.0,2024-06-09
2024060901034337,VLUCL,34,48,10.0,531.0,5310.0,2024-06-09
2024060904010445,NIL,1,11,50.0,794.1,39705.0,2024-06-09
2024060904010444,IGI,34,10,97.0,520.6,50498.2,2024-06-09
2024060903016347,CORBL,96,6,10.0,469.0,4690.0,2024-06-09
2024060901034336,SMH,16,69,10.0,770.0,7700.0,2024-06-09
2024060903016346,ALICL,52,22,170.0,562.0,95540.0,2024-06-09
2024060901034335,GCIL,88,21,11.0,480.0,5280.0,2024-06-09
2024060901034334,GCIL,88,46,200.0,480.0,96000.0,2024-06-09
2024060901034333,GCIL,88,22,11.0,480.0,5280.0,2024-06-09
2024060901034332,GCIL,88,58,11.0,480.0,5280.0,2024-06-09
2024060901034331,GCIL,88,83,11.0,479.9,5278.9,2024-06-09
2024060901034330,GVL,66,35,10.0,499.0,4990.0,2024-06-09
2024060901034329,GVL,66,25,10.0,498.1,4981.0,2024-06-09
2024060901034328,GVL,66,32,570.0,498.0,283860.0,2024-06-09
2024060901034327,GVL,66,42,10.0,498.0,4980.0,2024-06-09
2024060901034326,GVL,66,45,10.0,498.0,4980.0,2024-06-09
2024060901034325,GVL,66,42,40.0,498.0,19920.0,2024-06-09
2024060901034324,GVL,66,39,500.0,496.0,248000.0,2024-06-09
2024060901034323,GVL,66,34,101.0,496.0,50096.0,2024-06-09
2024060901034322,GVL,66,34,100.0,495.0,49500.0,2024-06-09
2024060901034321,GVL,66,54,10.0,495.0,4950.0,2024-06-09
2024060901034320,GVL,66,56,200.0,495.0,99000.0,2024-06-09
2024060901034319,GVL,66,55,10.0,495.0,4950.0,2024-06-09
2024060901034318,GVL,66,8,250.0,495.0,123750.0,2024-06-09
2024060901034317,GVL,66,26,70.0,493.8,34566.0,2024-06-09
2024060901034316,GVL,66,56,100.0,493.0,49300.0,2024-06-09
2024060903016345,KSBBL,6,28,50.0,366.5,18325.0,2024-06-09
2024060903016344,KSBBL,52,28,20.0,366.5,7330.0,2024-06-09
2024060903016343,KSBBL,59,28,200.0,366.5,73300.0,2024-06-09
2024060903016342,KSBBL,54,28,283.0,366.5,103719.5,2024-06-09
2024060904010443,JOSHI,45,45,500.0,289.0,144500.0,2024-06-09
2024060901034315,SCB,17,34,20.0,562.5,11250.0,2024-06-09
2024060901034314,HDL,48,17,10.0,1294.0,12940.0,2024-06-09
2024060903016341,SHINE,62,41,100.0,378.6,37860.0,2024-06-09
2024060904010442,HURJA,32,22,10.0,273.8,2738.0,2024-06-09
2024060903016340,KRBL,62,58,1000.0,425.0,425000.0,2024-06-09
2024060901034313,UHEWA,91,35,475.0,437.0,207575.0,2024-06-09
2024060901034312,UHEWA,91,34,10.0,437.0,4370.0,2024-06-09
2024060901034311,UHEWA,91,13,40.0,436.9,17476.0,2024-06-09
2024060901034310,UHEWA,91,58,35.0,436.0,15260.0,2024-06-09
2024060901034309,CLI,67,5,10.0,472.5,4725.0,2024-06-09
2024060901034308,MKHC,10,42,10.0,322.3,3223.0,2024-06-09
2024060901034307,AHL,18,57,90.0,493.0,44370.0,2024-06-09
2024060901034306,SGHC,26,4,100.0,330.0,33000.0,2024-06-09
2024060901034305,RAWA,41,34,10.0,537.0,5370.0,2024-06-09
2024060901034304,MMKJL,34,36,100.0,487.0,48700.0,2024-06-09
2024060904010441,UPPER,38,55,10.0,159.3,1593.0,2024-06-09
2024060904010440,UPPER,44,55,80.0,159.3,12744.0,2024-06-09
2024060904010439,UPPER,51,55,170.0,159.5,27115.0,2024-06-09
2024060903016339,VLBS,7,3,500.0,1025.0,512500.0,2024-06-09
2024060901034303,HATHY,32,45,30.0,938.1,28143.0,2024-06-09
2024060905007239,NRIC,41,33,12.0,649.0,7788.0,2024-06-09
2024060903016338,KMCDB,62,57,150.0,1088.0,163200.0,2024-06-09
2024060903016337,KRBL,62,58,2000.0,425.0,850000.0,2024-06-09
2024060901034302,SGHC,26,56,10.0,330.0,3300.0,2024-06-09
2024060901034301,PPL,42,47,10.0,430.0,4300.0,2024-06-09
2024060903016336,GMFBS,58,38,10.0,1255.0,12550.0,2024-06-09
2024060905007238,STC,54,91,20.0,4881.9,97638.0,2024-06-09
2024060904010438,MEN,16,45,10.0,572.9,5729.0,2024-06-09
2024060903016335,GUFL,54,5,80.0,646.0,51680.0,2024-06-09
2024060903016334,NMLBBL,38,38,180.0,711.0,127980.0,2024-06-09
2024060903016333,GUFL,14,5,10.0,646.0,6460.0,2024-06-09
2024060903016332,NABBC,57,45,55.0,560.0,30800.0,2024-06-09
2024060901034300,ULHC,49,57,100.0,386.7,38670.0,2024-06-09
2024060903016331,MPFL,63,81,500.0,473.5,236750.0,2024-06-09
2024060901034299,BHL,58,62,65.0,338.9,22028.5,2024-06-09
2024060905007237,CHDC,50,6,150.0,996.9,149535.0,2024-06-09
2024060901034298,SPC,42,42,187.0,593.8,111040.6,2024-06-09
2024060901034297,SPC,42,11,13.0,593.8,7719.4,2024-06-09
2024060903016330,GILB,58,11,96.0,1578.0,151488.0,2024-06-09
2024060903016329,KRBL,33,58,100.0,425.0,42500.0,2024-06-09
2024060904010437,AHPC,58,52,330.0,151.9,50127.0,2024-06-09
2024060904010436,API,25,44,959.0,168.8,161879.2,2024-06-09
2024060904010435,API,25,45,200.0,168.8,33760.0,2024-06-09
2024060904010434,API,25,58,276.0,168.8,46588.8,2024-06-09
2024060904010433,API,25,38,41.0,168.7,6916.7,2024-06-09
2024060903016328,JFL,1,38,80.0,548.0,43840.0,2024-06-09
2024060903016327,JFL,56,38,10.0,548.0,5480.0,2024-06-09
2024060903016326,JFL,56,38,10.0,548.0,5480.0,2024-06-09
2024060903016325,VLBS,16,3,32.0,1025.0,32800.0,2024-06-09
2024060901034296,VLUCL,48,7,50.0,530.0,26500.0,2024-06-09
2024060903016324,SLBBL,44,17,35.0,824.1,28843.5,2024-06-09
2024060903016323,SLBBL,44,17,50.0,824.2,41210.0,2024-06-09
2024060903016322,SLBBL,81,17,50.0,825.0,41250.0,2024-06-09
2024060903016321,SLBBL,81,17,150.0,825.0,123750.0,2024-06-09
2024060904010432,AHPC,8,45,20.0,151.4,3028.0,2024-06-09
2024060901034295,USHL,45,38,10.0,525.0,5250.0,2024-06-09
2024060901034294,USHL,45,42,10.0,525.0,5250.0,2024-06-09
2024060901034293,USHL,45,48,10.0,525.0,5250.0,2024-06-09
2024060901034292,USHL,45,58,20.0,525.0,10500.0,2024-06-09
2024060901034291,USHL,45,7,20.0,524.9,10498.0,2024-06-09
2024060903016320,ALBSL,43,45,200.0,990.1,198020.0,2024-06-09
2024060903016319,DDBL,81,45,294.0,790.0,232260.0,2024-06-09
2024060903016318,DDBL,34,45,100.0,790.0,79000.0,2024-06-09
2024060903016317,DDBL,33,45,3030.0,790.0,2393700.0,2024-06-09
2024060903016316,DDBL,56,45,16.0,790.1,12641.6,2024-06-09
2024060903016315,DDBL,6,45,60.0,790.1,47406.0,2024-06-09
2024060904010431,JOSHI,45,35,500.0,289.0,144500.0,2024-06-09
2024060904010430,JOSHI,45,45,500.0,289.0,144500.0,2024-06-09
2024060901034290,SNLI,7,19,80.0,461.0,36880.0,2024-06-09
2024060903016314,NLIC,49,25,11.0,603.0,6633.0,2024-06-09
2024060901034289,TVCL,57,8,50.0,453.0,22650.0,2024-06-09
2024060901034288,NRM,32,69,10.0,402.0,4020.0,2024-06-09
2024060903016313,SINDU,1,52,20.0,374.8,7496.0,2024-06-09
2024060904010429,SICL,11,33,10.0,695.0,6950.0,2024-06-09
2024060901034287,NRM,16,42,10.0,401.0,4010.0,2024-06-09
2024060904010428,UPCL,86,46,800.0,186.7,149360.0,2024-06-09
2024060904010427,UPCL,13,46,500.0,186.8,93400.0,2024-06-09
2024060904010426,UPCL,45,46,700.0,186.8,130760.0,2024-06-09
2024060904010425,AHPC,25,52,127.0,151.9,19291.3,2024-06-09
2024060904010424,AHPC,25,13,500.0,151.9,75950.0,2024-06-09
2024060904010423,AHPC,25,54,199.0,151.9,30228.1,2024-06-09
2024060904010422,AHPC,25,38,102.0,151.9,15493.8,2024-06-09
2024060904010421,AHPC,25,41,72.0,151.5,10908.0,2024-06-09
2024060901034286,GVL,47,66,40.0,488.0,19520.0,2024-06-09
2024060901034285,GVL,58,66,10.0,488.2,4882.0,2024-06-09
2024060901034284,GVL,86,66,2000.0,488.5,977000.0,2024-06-09
2024060901034283,GVL,44,66,500.0,488.5,244250.0,2024-06-09
2024060901034282,GVL,91,66,250.0,489.0,122250.0,2024-06-09
2024060901034281,GVL,80,66,100.0,489.0,48900.0,2024-06-09
2024060901034280,GVL,42,66,100.0,489.0,48900.0,2024-06-09
2024060901034279,GVL,5,66,1000.0,490.0,490000.0,2024-06-09
2024060901034278,DOLTI,32,40,10.0,431.5,4315.0,2024-06-09
2024060901034277,MHL,71,13,10.0,464.6,4646.0,2024-06-09
2024060901034276,BEDC,45,44,100.0,421.0,42100.0,2024-06-09
2024060903016312,SFCL,19,34,50.0,353.5,17675.0,2024-06-09
2024060905007236,BBC,84,41,10.0,3830.0,38300.0,2024-06-09
2024060901034275,RNLI,26,32,11.0,425.5,4680.5,2024-06-09
2024060904010420,MHNL,62,48,20.0,228.0,4560.0,2024-06-09
2024060901034274,PPL,57,47,100.0,430.0,43000.0,2024-06-09
2024060903016311,GMFBS,57,38,10.0,1255.0,12550.0,2024-06-09
2024060905007235,GIBF1,53,72,100.0,8.34,834.0,2024-06-09
2024060905007234,NIFRA,4,35,92.0,194.0,17848.0,2024-06-09
2024060903016310,USLB,96,62,10.0,1961.0,19610.0,2024-06-09
2024060903016309,USLB,96,65,30.0,1950.0,58500.0,2024-06-09
2024060903016308,USLB,96,62,90.0,1947.0,175230.0,2024-06-09
2024060904010419,UPPER,51,54,30.0,159.4,4782.0,2024-06-09
2024060901034273,SBI,48,38,300.0,296.1,88830.0,2024-06-09
2024060903016307,NMLBBL,38,14,10.0,711.0,7110.0,2024-06-09
2024060901034272,TAMOR,88,58,10.0,393.0,3930.0,2024-06-09
2024060901034271,GCIL,88,19,10.0,480.0,4800.0,2024-06-09
2024060903016306,ICFC,45,13,50.0,508.7,25435.0,2024-06-09
2024060901034270,MKCL,49,45,100.0,1088.1,108810.0,2024-06-09
2024060901034269,BGWT,65,49,10.0,1098.5,10985.0,2024-06-09
2024060901034268,MKLB,38,41,50.0,1241.1,62055.0,2024-06-09
2024060903016305,KRBL,62,58,1000.0,425.0,425000.0,2024-06-09
2024060903016304,GBLBS,26,26,59.0,770.0,45430.0,2024-06-09
2024060903016303,GBLBS,14,26,50.0,770.0,38500.0,2024-06-09
2024060903016302,GBLBS,62,26,30.0,770.0,23100.0,2024-06-09
2024060903016301,GBLBS,39,26,50.0,770.7,38535.0,2024-06-09
2024060903016300,GBLBS,21,26,50.0,771.5,38575.0,2024-06-09
2024060901034267,HHL,26,58,510.0,362.8,185028.0,2024-06-09
2024060901034266,USHEC,5,58,10.0,430.0,4300.0,2024-06-09
2024060903016299,CFCL,22,67,100.0,412.8,41280.0,2024-06-09
2024060903016298,CFCL,40,67,100.0,412.9,41290.0,2024-06-09
2024060903016297,KMCDB,62,57,80.0,1088.0,87040.0,2024-06-09
2024060901034265,MSHL,33,45,150.0,675.0,101250.0,2024-06-09
2024060903016296,GUFL,46,5,50.0,646.0,32300.0,2024-06-09
2024060901034264,TVCL,38,64,342.0,453.8,155199.6,2024-06-09
2024060901034263,TVCL,38,41,658.0,453.5,298403.0,2024-06-09
2024060901034262,SARBTM,16,57,20.0,808.0,16160.0,2024-06-09
2024060901034261,SARBTM,16,38,67.0,808.0,54136.0,2024-06-09
2024060903016295,GMFIL,86,42,1200.0,388.0,465600.0,2024-06-09
2024060901034260,SARBTM,16,38,40.0,807.5,32300.0,2024-06-09
2024060901034259,ILI,14,22,267.0,428.6,114436.2,2024-06-09
2024060901034258,MEHL,29,3,53.0,353.1,18714.3,2024-06-09
2024060901034257,MEHL,21,3,30.0,353.1,10593.0,2024-06-09
2024060901034256,SHIVM,6,39,30.0,493.9,14817.0,2024-06-09
2024060905007233,HRL,7,38,50.0,568.7,28435.0,2024-06-09
2024060903016294,NFS,87,35,45.0,582.2,26199.0,2024-06-09
2024060903016293,NFS,52,35,180.0,582.3,104814.0,2024-06-09
2024060903016292,NFS,74,35,345.0,583.0,201135.0,2024-06-09
2024060903016291,KMCDB,62,21,100.0,1088.0,108800.0,2024-06-09
2024060904010418,RURU,45,56,132.0,665.0,87780.0,2024-06-09
2024060904010417,RURU,45,29,128.0,665.0,85120.0,2024-06-09
2024060904010416,RURU,45,34,85.0,664.9,56516.5,2024-06-09
2024060904010415,RURU,45,57,24.0,664.9,15957.6,2024-06-09
2024060904010414,RURU,45,17,100.0,664.8,66480.0,2024-06-09
2024060904010413,RURU,45,4,50.0,664.6,33230.0,2024-06-09
2024060904010412,RURU,45,22,24.0,664.0,15936.0,2024-06-09
2024060904010411,RURU,45,4,100.0,664.0,66400.0,2024-06-09
2024060904010410,RURU,45,53,357.0,663.5,236869.5,2024-06-09
2024060904010409,NGPL,8,16,98.0,300.5,29449.0,2024-06-09
2024060904010408,NGPL,8,50,102.0,300.1,30610.2,2024-06-09
2024060904010407,UPPER,41,54,50.0,159.4,7970.0,2024-06-09
2024060901034255,HIDCLP,29,34,10.0,98.7,987.0,2024-06-09
2024060904010406,RADHI,26,57,80.0,229.0,18320.0,2024-06-09
2024060904010405,RADHI,58,57,60.0,229.0,13740.0,2024-06-09
2024060901034254,TAMOR,33,57,640.0,390.0,249600.0,2024-06-09
2024060901034253,TAMOR,45,57,940.0,390.1,366694.0,2024-06-09
2024060901034252,PRVU,58,1,60.0,141.0,8460.0,2024-06-09
2024060903016290,HLI,41,52,225.0,382.0,85950.0,2024-06-09
2024060903016289,HLI,7,52,200.0,382.0,76400.0,2024-06-09
2024060903016288,HLI,35,52,133.0,382.0,50806.0,2024-06-09
2024060903016287,HLI,43,52,200.0,382.0,76400.0,2024-06-09
2024060903016286,HLI,34,52,70.0,382.0,26740.0,2024-06-09
2024060903016285,HLI,11,52,131.0,382.1,50055.1,2024-06-09
2024060903016284,HLI,17,52,60.0,382.1,22926.0,2024-06-09
2024060903016283,HLI,59,52,500.0,382.1,191050.0,2024-06-09
2024060903016282,HLI,16,52,100.0,382.1,38210.0,2024-06-09
2024060903016281,HLI,85,52,660.0,382.1,252186.0,2024-06-09
2024060901034251,RFPL,42,36,415.0,362.0,150230.0,2024-06-09
2024060903016280,HLI,45,52,10.0,382.3,3823.0,2024-06-09
2024060901034250,RFPL,42,57,200.0,362.0,72400.0,2024-06-09
2024060901034249,RFPL,42,45,10.0,362.0,3620.0,2024-06-09
2024060903016279,HLI,29,52,215.0,382.3,82194.5,2024-06-09
2024060901034248,RFPL,42,51,10.0,362.0,3620.0,2024-06-09
2024060901034247,NRM,16,42,40.0,401.0,16040.0,2024-06-09
2024060903016278,GRDBL,58,34,130.0,424.0,55120.0,2024-06-09
2024060901034246,ULHC,28,57,50.0,386.7,19335.0,2024-06-09
2024060904010404,HDHPC,43,45,100.0,127.1,12710.0,2024-06-09
2024060904010403,HDHPC,32,45,50.0,127.1,6355.0,2024-06-09
2024060904010402,SALICO,33,32,902.0,680.0,613360.0,2024-06-09
2024060904010401,SALICO,34,32,250.0,680.1,170025.0,2024-06-09
2024060904010400,SALICO,72,32,38.0,680.2,25847.6,2024-06-09
2024060901034245,MMKJL,58,39,30.0,486.1,14583.0,2024-06-09
2024060901034244,HBL,32,48,29.0,182.0,5278.0,2024-06-09
2024060901034243,HBL,40,48,45.0,182.0,8190.0,2024-06-09
2024060903016277,FMDBL,45,58,100.0,670.1,67010.0,2024-06-09
2024060901034242,MMKJL,58,36,10.0,487.0,4870.0,2024-06-09
2024060901034241,MMKJL,58,47,25.0,486.4,12160.0,2024-06-09
2024060901034240,SARBTM,42,38,60.0,807.5,48450.0,2024-06-09
2024060903016276,JSLBB,42,52,10.0,1424.0,14240.0,2024-06-09
2024060904010399,NGPL,57,42,200.0,300.0,60000.0,2024-06-09
2024060904010398,NGPL,38,42,300.0,300.0,90000.0,2024-06-09
2024060904010397,NGPL,57,42,50.0,300.0,15000.0,2024-06-09
2024060904010396,NGPL,43,42,300.0,300.0,90000.0,2024-06-09
2024060904010395,NGPL,29,42,500.0,300.0,150000.0,2024-06-09
2024060904010394,NGPL,57,42,1000.0,300.0,300000.0,2024-06-09
2024060904010393,NGPL,66,42,50.0,300.0,15000.0,2024-06-09
2024060904010392,NGPL,38,42,200.0,300.0,60000.0,2024-06-09
2024060904010391,NGPL,40,42,1000.0,300.0,300000.0,2024-06-09
2024060904010390,NGPL,52,42,400.0,300.0,120000.0,2024-06-09
2024060903016275,HLI,59,47,140.0,383.0,53620.0,2024-06-09
2024060901034239,SBL,28,34,276.0,248.0,68448.0,2024-06-09
2024060901034238,PHCL,45,47,500.0,300.1,150050.0,2024-06-09
2024060903016274,HLBSL,45,43,98.0,1317.9,129154.2,2024-06-09
2024060903016273,HLBSL,45,42,20.0,1315.9,26318.0,2024-06-09
2024060903016272,HLBSL,45,8,50.0,1315.0,65750.0,2024-06-09
2024060903016271,HLBSL,45,62,100.0,1315.0,131500.0,2024-06-09
2024060903016270,HLBSL,45,18,30.0,1315.0,39450.0,2024-06-09
2024060903016269,HLBSL,45,81,500.0,1315.0,657500.0,2024-06-09
2024060903016268,HLBSL,45,94,190.0,1315.0,249850.0,2024-06-09
2024060903016267,HLBSL,45,35,12.0,1315.0,15780.0,2024-06-09
2024060905007232,BBC,45,66,14.0,3840.0,53760.0,2024-06-09
2024060904010389,API,6,45,140.0,167.2,23408.0,2024-06-09
2024060901034237,NRM,16,49,110.0,401.0,44110.0,2024-06-09
2024060901034236,NRM,42,49,30.0,401.0,12030.0,2024-06-09
2024060901034235,NRM,38,49,100.0,401.5,40150.0,2024-06-09
2024060903016266,ALICL,62,39,10.0,564.0,5640.0,2024-06-09
2024060905007231,CIT,32,40,86.0,2128.2,183025.2,2024-06-09
2024060905007230,CIT,32,58,12.0,2128.1,25537.2,2024-06-09
2024060904010388,SPDL,67,43,18.0,240.0,4320.0,2024-06-09
2024060904010387,SPDL,67,5,500.0,240.0,120000.0,2024-06-09
2024060904010386,SPDL,67,88,500.0,240.0,120000.0,2024-06-09
2024060904010385,SPDL,67,25,422.0,240.0,101280.0,2024-06-09
2024060904010384,SPDL,67,70,390.0,239.0,93210.0,2024-06-09
2024060901034234,NRM,29,69,100.0,402.0,40200.0,2024-06-09
2024060901034233,NRM,29,1,100.0,401.6,40160.0,2024-06-09
2024060903016265,GMFBS,68,38,20.0,1255.0,25100.0,2024-06-09
2024060904010383,RURU,14,53,30.0,663.5,19905.0,2024-06-09
2024060904010382,RURU,14,29,170.0,663.4,112778.0,2024-06-09
2024060901034232,SAMAJ,58,41,10.0,2139.0,21390.0,2024-06-09
2024060903016264,SADBL,58,38,110.0,311.6,34276.0,2024-06-09
2024060903016263,SADBL,58,65,190.0,311.0,59090.0,2024-06-09
2024060903016262,NFS,74,38,30.0,583.0,17490.0,2024-06-09
2024060901034231,NRM,38,1,100.0,401.5,40150.0,2024-06-09
2024060903016261,BFC,34,59,200.0,426.7,85340.0,2024-06-09
2024060905007229,CHDC,6,21,250.0,996.0,249000.0,2024-06-09
2024060901034230,AVYAN,6,21,10.0,920.0,9200.0,2024-06-09
2024060901034229,HATHY,81,58,100.0,940.0,94000.0,2024-06-09
2024060901034228,HATHY,81,72,90.0,939.0,84510.0,2024-06-09
2024060901034227,BEDC,49,49,50.0,420.3,21015.0,2024-06-09
2024060901034226,BEDC,62,49,200.0,420.5,84100.0,2024-06-09
2024060901034225,HATHY,39,1,100.0,938.2,93820.0,2024-06-09
2024060904010381,HURJA,49,53,70.0,272.0,19040.0,2024-06-09
2024060904010380,HURJA,43,53,430.0,272.0,116960.0,2024-06-09
2024060904010379,PPCL,33,55,10.0,227.0,2270.0,2024-06-09
2024060904010378,PPCL,33,25,30.0,226.0,6780.0,2024-06-09
2024060904010377,PPCL,33,49,10.0,226.0,2260.0,2024-06-09
2024060901034224,MKHL,32,46,58.0,443.0,25694.0,2024-06-09
2024060901034223,MKHL,35,46,172.0,443.0,76196.0,2024-06-09
2024060901034222,MKHL,4,46,20.0,443.1,8862.0,2024-06-09
2024060904010376,UPPER,44,54,320.0,159.4,51008.0,2024-06-09
2024060901034221,LSL,59,55,416.0,157.0,65312.0,2024-06-09
2024060901034220,LSL,38,55,37.0,157.0,5809.0,2024-06-09
2024060901034219,LSL,32,55,10.0,157.1,1571.0,2024-06-09
2024060901034218,LSL,58,55,21.0,157.1,3299.1,2024-06-09
2024060903016260,NABBC,58,55,10.0,560.1,5601.0,2024-06-09
2024060901034217,ILI,52,83,10.0,428.7,4287.0,2024-06-09
2024060901034216,PCBL,42,52,208.0,198.0,41184.0,2024-06-09
2024060903016259,NMLBBL,38,19,10.0,711.0,7110.0,2024-06-09
2024060901034215,SPC,58,11,87.0,593.8,51660.6,2024-06-09
2024060901034214,SPC,58,52,10.0,593.7,5937.0,2024-06-09
2024060901034213,SPC,58,56,103.0,592.5,61027.5,2024-06-09
2024060904010375,NIL,42,49,10.0,794.9,7949.0,2024-06-09
2024060901034212,GBIME,74,21,300.0,178.0,53400.0,2024-06-09
2024060901034211,SARBTM,42,8,40.0,807.5,32300.0,2024-06-09
2024060901034210,SARBTM,96,8,20.0,807.7,16154.0,2024-06-09
2024060901034209,HHL,58,19,220.0,357.0,78540.0,2024-06-09
2024060901034208,HHL,95,19,250.0,357.7,89425.0,2024-06-09
2024060901034207,HHL,32,19,300.0,358.1,107430.0,2024-06-09
2024060901034206,HHL,95,19,250.0,358.1,89525.0,2024-06-09
2024060901034205,HHL,32,19,443.0,359.0,159037.0,2024-06-09
2024060901034204,HHL,95,19,500.0,359.1,179550.0,2024-06-09
2024060901034203,HHL,57,19,30.0,360.0,10800.0,2024-06-09
2024060903016258,ILBS,1,14,12.0,1288.0,15456.0,2024-06-09
2024060904010374,DHPL,57,53,10.0,187.2,1872.0,2024-06-09
2024060903016257,SKBBL,16,10,20.0,820.1,16402.0,2024-06-09
2024060903016256,KRBL,51,58,80.0,425.0,34000.0,2024-06-09
2024060901034202,SONA,41,16,139.0,440.0,61160.0,2024-06-09
2024060901034201,SONA,22,16,100.0,440.1,44010.0,2024-06-09
2024060901034200,SONA,74,16,761.0,440.1,334916.1,2024-06-09
2024060904010373,HEI,22,49,18.0,591.0,10638.0,2024-06-09
2024060905007228,HRL,41,38,60.0,568.7,34122.0,2024-06-09
2024060901034199,NRM,42,22,10.0,401.0,4010.0,2024-06-09
2024060901034198,MBJC,22,51,320.0,300.0,96000.0,2024-06-09
2024060901034197,MBJC,22,51,180.0,300.0,54000.0,2024-06-09
2024060901034196,NIBD84,49,58,100.0,984.0,98400.0,2024-06-09
2024060901034195,SMJC,42,40,20.0,386.4,7728.0,2024-06-09
2024060901034194,SHLB,50,86,10.0,1715.5,17155.0,2024-06-09
2024060903016255,RLFL,4,86,830.0,393.1,326273.0,2024-06-09
2024060903016254,RLFL,62,86,20.0,393.2,7864.0,2024-06-09
2024060903016253,RLFL,21,86,100.0,393.2,39320.0,2024-06-09
2024060903016252,RLFL,64,86,50.0,393.2,19660.0,2024-06-09
2024060904010372,SPIL,35,13,26.0,776.0,20176.0,2024-06-09
2024060904010371,SPIL,35,18,20.0,775.0,15500.0,2024-06-09
2024060904010370,SPIL,35,36,30.0,775.0,23250.0,2024-06-09
2024060904010369,SPIL,35,76,24.0,774.7,18592.8,2024-06-09
2024060905007227,CHDC,6,6,350.0,996.9,348915.0,2024-06-09
2024060905007226,CHDC,6,72,150.0,996.9,149535.0,2024-06-09
2024060904010368,UMRH,45,13,276.0,392.0,108192.0,2024-06-09
2024060904010367,UMRH,45,29,24.0,391.9,9405.6,2024-06-09
2024060904010366,CGH,88,8,80.0,883.0,70640.0,2024-06-09
2024060903016251,BFC,34,48,200.0,426.7,85340.0,2024-06-09
2024060901034193,MAKAR,59,48,80.0,395.6,31648.0,2024-06-09
2024060904010365,AHPC,8,42,1393.0,151.4,210900.2,2024-06-09
2024060904010364,AHPC,34,42,607.0,151.4,91899.8,2024-06-09
2024060903016250,NADEP,70,42,10.0,842.0,8420.0,2024-06-09
2024060901034192,TAMOR,45,47,60.0,390.1,23406.0,2024-06-09
2024060901034191,TAMOR,45,47,250.0,390.1,97525.0,2024-06-09
2024060903016249,SJLIC,34,47,14.0,411.9,5766.6,2024-06-09
2024060903016248,SJLIC,34,18,45.0,411.9,18535.5,2024-06-09
2024060903016247,SJLIC,34,8,19.0,410.0,7790.0,2024-06-09
2024060903016246,SJLIC,34,51,72.0,406.8,29289.6,2024-06-09
2024060904010363,KKHC,34,17,10.0,217.0,2170.0,2024-06-09
2024060904010362,SHL,45,41,100.0,439.9,43990.0,2024-06-09
2024060901034190,ILI,42,49,270.0,428.5,115695.0,2024-06-09
2024060904010361,NHDL,19,45,10.0,503.0,5030.0,2024-06-09
2024060901034189,JALPA,45,19,27.0,1460.0,39420.0,2024-06-09
2024060905007225,NRN,19,81,500.0,642.0,321000.0,2024-06-09
2024060903016245,ILBS,62,14,15.0,1288.0,19320.0,2024-06-09
2024060901034188,BEDC,1,44,240.0,421.0,101040.0,2024-06-09
2024060901034187,BEDC,45,44,100.0,421.0,42100.0,2024-06-09
2024060901034186,MBJC,53,5,270.0,298.1,80487.0,2024-06-09
2024060901034185,MBJC,38,5,30.0,299.0,8970.0,2024-06-09
2024060904010360,UMRH,48,29,189.0,391.9,74069.1,2024-06-09
2024060904010359,UMRH,48,45,11.0,391.7,4308.7,2024-06-09
2024060903016244,EDBL,14,62,10.0,375.0,3750.0,2024-06-09
2024060905007224,HRL,41,38,20.0,568.7,11374.0,2024-06-09
2024060901034184,KDL,71,60,60.0,1218.0,73080.0,2024-06-09
2024060903016243,NABBC,58,63,20.0,560.1,11202.0,2024-06-09
2024060901034183,SNLI,7,41,10.0,461.0,4610.0,2024-06-09
2024060901034182,SNLI,7,19,10.0,461.0,4610.0,2024-06-09
2024060901034181,NRM,42,43,310.0,401.0,124310.0,2024-06-09
2024060904010358,SSHL,8,17,1760.0,160.0,281600.0,2024-06-09
2024060904010357,SSHL,8,22,200.0,160.0,32000.0,2024-06-09
2024060904010356,SSHL,8,34,10.0,160.0,1600.0,2024-06-09
2024060904010355,SSHL,8,4,30.0,160.0,4800.0,2024-06-09
2024060903016242,GUFL,4,49,20.0,645.6,12912.0,2024-06-09
2024060903016241,DDBL,6,1,40.0,790.1,31604.0,2024-06-09
2024060903016240,DDBL,59,1,100.0,790.1,79010.0,2024-06-09
2024060903016239,DDBL,57,1,50.0,790.1,39505.0,2024-06-09
2024060903016238,PFL,43,56,63.0,569.7,35891.1,2024-06-09
2024060903016237,PFL,45,56,122.0,570.0,69540.0,2024-06-09
2024060903016236,PFL,49,56,115.0,570.0,65550.0,2024-06-09
2024060903016235,PFL,72,56,200.0,573.0,114600.0,2024-06-09
2024060901034180,TPC,64,42,89.0,511.8,45550.2,2024-06-09
2024060904010354,GHL,64,25,300.0,142.9,42870.0,2024-06-09
2024060903016234,GILB,58,39,100.0,1578.0,157800.0,2024-06-09
2024060903016233,GILB,71,39,50.0,1580.0,79000.0,2024-06-09
2024060903016232,GILB,56,39,50.0,1580.0,79000.0,2024-06-09
2024060903016231,GILB,40,39,20.0,1581.0,31620.0,2024-06-09
2024060903016230,HLBSL,74,35,488.0,1315.0,641720.0,2024-06-09
2024060903016229,HLBSL,74,49,300.0,1315.0,394500.0,2024-06-09
2024060903016228,HLBSL,74,56,200.0,1315.0,263000.0,2024-06-09
2024060903016227,HLBSL,74,11,12.0,1315.0,15780.0,2024-06-09
2024060901034179,MAKAR,63,5,896.0,395.0,353920.0,2024-06-09
2024060901034178,MAKAR,47,5,100.0,395.0,39500.0,2024-06-09
2024060901034177,MAKAR,3,5,200.0,395.1,79020.0,2024-06-09
2024060901034176,MAKAR,49,5,500.0,395.1,197550.0,2024-06-09
2024060901034175,MAKAR,55,5,50.0,395.5,19775.0,2024-06-09
2024060901034174,MAKAR,16,5,360.0,395.5,142380.0,2024-06-09
2024060903016226,HLI,57,47,50.0,383.0,19150.0,2024-06-09
2024060905007223,SAGF,57,58,200.0,9.23,1846.0,2024-06-09
2024060901034173,NICD88,47,42,100.0,985.0,98500.0,2024-06-09
2024060901034172,MKJC,58,34,200.0,505.0,101000.0,2024-06-09
2024060903016225,RSDC,58,81,49.0,675.0,33075.0,2024-06-09
2024060903016224,RSDC,34,81,50.0,675.0,33750.0,2024-06-09
2024060903016223,RSDC,55,81,150.0,675.0,101250.0,2024-06-09
2024060903016222,RSDC,14,81,50.0,675.0,33750.0,2024-06-09
2024060903016221,RSDC,21,81,50.0,675.0,33750.0,2024-06-09
2024060903016220,RSDC,42,81,150.0,675.0,101250.0,2024-06-09
2024060903016219,RSDC,29,81,200.0,675.0,135000.0,2024-06-09
2024060903016218,RSDC,13,81,25.0,675.0,16875.0,2024-06-09
2024060903016217,RSDC,57,81,100.0,675.0,67500.0,2024-06-09
2024060903016216,RSDC,45,81,25.0,675.0,16875.0,2024-06-09
2024060903016215,RSDC,57,81,100.0,675.0,67500.0,2024-06-09
2024060903016214,RSDC,52,81,51.0,675.0,34425.0,2024-06-09
2024060901034171,SPC,49,56,397.0,592.5,235222.5,2024-06-09
2024060901034170,SPC,49,38,100.0,592.4,59240.0,2024-06-09
2024060901034169,SPC,49,49,153.0,590.0,90270.0,2024-06-09
2024060901034168,SPC,49,10,50.0,589.0,29450.0,2024-06-09
2024060901034167,KDL,75,60,130.0,1218.0,158340.0,2024-06-09
2024060901034166,KDL,75,75,70.0,1218.0,85260.0,2024-06-09
2024060903016213,KMCDB,62,41,270.0,1088.0,293760.0,2024-06-09
2024060901034165,NICA,57,41,100.0,401.0,40100.0,2024-06-09
2024060901034164,NICA,14,41,400.0,401.0,160400.0,2024-06-09
2024060901034163,NICA,42,41,10.0,401.0,4010.0,2024-06-09
2024060901034162,NICA,36,41,100.0,401.0,40100.0,2024-06-09
2024060901034161,NICA,57,41,50.0,401.0,20050.0,2024-06-09
2024060901034160,NICA,34,41,10.0,401.1,4011.0,2024-06-09
2024060901034159,NICA,49,41,100.0,401.1,40110.0,2024-06-09
2024060901034158,NICA,4,41,440.0,401.1,176484.0,2024-06-09
2024060901034157,NICA,74,41,200.0,401.1,80220.0,2024-06-09
2024060901034156,NICA,56,41,100.0,401.2,40120.0,2024-06-09
2024060901034155,NICA,34,41,10.0,402.0,4020.0,2024-06-09
2024060901034154,NICA,34,41,50.0,402.0,20100.0,2024-06-09
2024060901034153,NICA,45,41,227.0,402.0,91254.0,2024-06-09
2024060901034152,NICA,50,41,70.0,402.1,28147.0,2024-06-09
2024060901034151,NICA,49,41,30.0,402.5,12075.0,2024-06-09
2024060901034150,NICA,39,41,880.0,403.0,354640.0,2024-06-09
2024060901034149,NICA,36,41,100.0,403.0,40300.0,2024-06-09
2024060901034148,NICA,34,41,10.0,403.0,4030.0,2024-06-09
2024060901034147,NICA,58,41,110.0,403.0,44330.0,2024-06-09
2024060901034146,TSHL,91,51,10.0,515.0,5150.0,2024-06-09
2024060903016212,NABBC,62,63,180.0,560.1,100818.0,2024-06-09
2024060901034145,PBLD84,58,46,15.0,1037.1,15556.5,2024-06-09
2024060903016211,NFS,74,57,100.0,583.0,58300.0,2024-06-09
2024060901034144,KBL,14,38,935.0,137.0,128095.0,2024-06-09
2024060901034143,KBL,57,38,75.0,137.0,10275.0,2024-06-09
2024060901034142,SRLI,38,38,10.0,437.5,4375.0,2024-06-09
2024060901034141,SBL,28,42,3000.0,248.0,744000.0,2024-06-09
2024060901034140,MKCL,58,57,150.0,1096.0,164400.0,2024-06-09
2024060901034139,MKCL,58,33,10.0,1090.0,10900.0,2024-06-09
2024060901034138,MKCL,58,45,40.0,1090.0,43600.0,2024-06-09
2024060905007222,HRL,41,58,20.0,568.7,11374.0,2024-06-09
2024060903016210,HLBSL,45,14,42.0,1315.0,55230.0,2024-06-09
2024060903016209,HLBSL,45,38,500.0,1313.0,656500.0,2024-06-09
2024060903016208,HLBSL,45,55,10.0,1312.0,13120.0,2024-06-09
2024060903016207,HLBSL,45,17,100.0,1311.0,131100.0,2024-06-09
2024060903016206,HLBSL,45,57,32.0,1310.8,41945.6,2024-06-09
2024060903016205,HLBSL,45,87,40.0,1310.0,52400.0,2024-06-09
2024060903016204,HLBSL,45,1,50.0,1310.0,65500.0,2024-06-09
2024060903016203,HLBSL,45,17,100.0,1310.0,131000.0,2024-06-09
2024060903016202,HLBSL,45,95,126.0,1309.0,164934.0,2024-06-09
2024060901034137,NESDO,41,45,27.0,2100.1,56702.7,2024-06-09
2024060901034136,NESDO,62,45,20.0,2100.2,42004.0,2024-06-09
2024060901034135,NESDO,56,45,10.0,2100.3,21003.0,2024-06-09
2024060901034134,NESDO,7,45,10.0,2101.0,21010.0,2024-06-09
2024060901034133,NESDO,14,45,33.0,2101.0,69333.0,2024-06-09
2024060903016201,SFCL,41,34,10.0,353.5,3535.0,2024-06-09
2024060903016200,NFS,74,49,25.0,583.0,14575.0,2024-06-09
2024060903016199,JBBL,5,66,300.0,285.0,85500.0,2024-06-09
2024060903016198,NLIC,6,33,40.0,602.7,24108.0,2024-06-09
2024060901034132,NRM,42,54,150.0,401.0,60150.0,2024-06-09
2024060901034131,NRM,61,54,350.0,401.0,140350.0,2024-06-09
2024060901034130,SMHL,16,16,10.0,589.9,5899.0,2024-06-09
2024060903016197,MFIL,52,35,1650.0,500.0,825000.0,2024-06-09
2024060903016196,MFIL,52,26,350.0,500.0,175000.0,2024-06-09
2024060901034129,SONA,74,38,10.0,440.1,4401.0,2024-06-09
2024060904010353,PRIN,58,65,130.0,765.1,99463.0,2024-06-09
2024060904010352,PRIN,32,65,70.0,765.3,53571.0,2024-06-09
2024060903016195,SINDU,17,42,10.0,371.9,3719.0,2024-06-09
2024060903016194,GUFL,47,48,142.0,646.1,91746.2,2024-06-09
2024060903016193,WNLB,34,39,10.0,1394.0,13940.0,2024-06-09
2024060904010351,UNHPL,45,74,280.0,222.9,62412.0,2024-06-09
2024060904010350,UNHPL,45,19,300.0,222.7,66810.0,2024-06-09
2024060904010349,UNHPL,45,49,100.0,222.5,22250.0,2024-06-09
2024060904010348,UNHPL,45,58,10.0,222.5,2225.0,2024-06-09
2024060903016192,MPFL,7,81,500.0,473.6,236800.0,2024-06-09
2024060903016191,MPFL,35,81,70.0,474.0,33180.0,2024-06-09
2024060903016190,MPFL,76,81,10.0,475.8,4758.0,2024-06-09
2024060903016189,KRBL,62,58,1000.0,425.0,425000.0,2024-06-09
2024060903016188,ICFC,36,13,50.0,508.9,25445.0,2024-06-09
2024060903016187,SINDU,1,52,10.0,374.8,3748.0,2024-06-09
2024060903016186,SINDU,1,58,10.0,373.0,3730.0,2024-06-09
2024060903016185,VLBS,16,41,48.0,1025.0,49200.0,2024-06-09
2024060903016184,VLBS,32,41,102.0,1025.0,104550.0,2024-06-09
2024060905007221,STC,49,53,10.0,4850.0,48500.0,2024-06-09
2024060903016183,NMBMF,20,67,30.0,719.0,21570.0,2024-06-09
2024060903016182,MLBSL,5,21,20.0,1896.0,37920.0,2024-06-09
2024060903016181,USLB,96,52,10.0,1930.0,19300.0,2024-06-09
2024060903016180,ALBSL,11,35,10.0,995.0,9950.0,2024-06-09
2024060903016179,VLBS,32,25,10.0,1025.0,10250.0,2024-06-09
2024060903016178,KSBBL,54,54,17.0,366.5,6230.5,2024-06-09
2024060903016177,KSBBL,58,54,150.0,366.5,54975.0,2024-06-09
2024060903016176,KSBBL,45,54,23.0,366.5,8429.5,2024-06-09
2024060903016175,KSBBL,55,54,10.0,366.6,3666.0,2024-06-09
2024060903016174,KSBBL,74,54,100.0,366.6,36660.0,2024-06-09
2024060903016173,KSBBL,45,54,100.0,366.7,36670.0,2024-06-09
2024060903016172,GBBL,44,59,150.0,360.1,54015.0,2024-06-09
2024060904010347,KPCL,42,4,73.0,446.0,32558.0,2024-06-09
2024060904010346,KPCL,42,57,27.0,446.0,12042.0,2024-06-09
2024060904010345,SPDL,21,70,35.0,239.0,8365.0,2024-06-09
2024060904010344,KKHC,34,17,10.0,217.0,2170.0,2024-06-09
2024060903016171,SHINE,34,58,100.0,380.0,38000.0,2024-06-09
2024060903016170,SHINE,51,58,200.0,380.0,76000.0,2024-06-09
2024060903016169,SHINE,39,58,30.0,380.0,11400.0,2024-06-09
2024060903016168,SHINE,32,58,400.0,380.0,152000.0,2024-06-09
2024060903016167,SHINE,90,58,200.0,380.0,76000.0,2024-06-09
2024060903016166,SHINE,28,58,125.0,380.0,47500.0,2024-06-09
2024060903016165,SHINE,33,58,141.0,380.0,53580.0,2024-06-09
2024060903016164,SHINE,11,58,100.0,380.0,38000.0,2024-06-09
2024060903016163,SHINE,38,58,50.0,380.0,19000.0,2024-06-09
2024060903016162,SHINE,21,58,50.0,380.0,19000.0,2024-06-09
2024060903016161,SHINE,29,58,100.0,380.0,38000.0,2024-06-09
2024060903016160,SHINE,42,58,500.0,380.0,190000.0,2024-06-09
2024060903016159,SHINE,26,58,50.0,380.0,19000.0,2024-06-09
2024060903016158,SHINE,96,58,500.0,380.0,190000.0,2024-06-09
2024060903016157,SHINE,17,58,100.0,380.0,38000.0,2024-06-09
2024060903016156,SHINE,32,58,50.0,380.0,19000.0,2024-06-09
2024060903016155,SHINE,58,58,1000.0,380.0,380000.0,2024-06-09
2024060903016154,SHINE,57,58,200.0,380.0,76000.0,2024-06-09
2024060903016153,SHINE,65,58,1000.0,380.0,380000.0,2024-06-09
2024060903016152,SHINE,44,58,500.0,380.0,190000.0,2024-06-09
2024060903016151,SHINE,21,58,26.0,380.0,9880.0,2024-06-09
2024060903016150,SHINE,19,58,50.0,380.0,19000.0,2024-06-09
2024060903016149,SHINE,60,58,1000.0,380.0,380000.0,2024-06-09
2024060903016148,SHINE,74,58,50.0,380.0,19000.0,2024-06-09
2024060903016147,SHINE,54,58,500.0,380.0,190000.0,2024-06-09
2024060903016146,SHINE,40,58,500.0,380.0,190000.0,2024-06-09
2024060903016145,SHINE,66,58,500.0,380.0,190000.0,2024-06-09
2024060903016144,SHINE,35,58,200.0,380.0,76000.0,2024-06-09
2024060903016143,SHINE,7,58,100.0,380.0,38000.0,2024-06-09
2024060903016142,SHINE,59,58,500.0,380.0,190000.0,2024-06-09
2024060903016141,SHINE,13,58,30.0,380.0,11400.0,2024-06-09
2024060903016140,SHINE,26,58,2500.0,380.0,950000.0,2024-06-09
2024060903016139,SHINE,14,58,200.0,380.0,76000.0,2024-06-09
2024060903016138,SHINE,21,58,300.0,380.1,114030.0,2024-06-09
2024060903016137,SHINE,17,58,1000.0,380.1,380100.0,2024-06-09
2024060903016136,SHINE,14,58,2000.0,380.2,760400.0,2024-06-09
2024060903016135,SHINE,42,58,200.0,380.3,76060.0,2024-06-09
2024060903016134,SHINE,65,58,1000.0,380.4,380400.0,2024-06-09
2024060903016133,SHINE,58,58,1000.0,380.4,380400.0,2024-06-09
2024060903016132,SHINE,50,58,800.0,380.5,304400.0,2024-06-09
2024060903016131,SHINE,40,58,500.0,380.5,190250.0,2024-06-09
2024060903016130,SHINE,66,58,500.0,380.6,190300.0,2024-06-09
2024060903016129,SHINE,7,58,100.0,380.7,38070.0,2024-06-09
2024060903016128,SHINE,33,58,1000.0,381.0,381000.0,2024-06-09
2024060903016127,SHINE,19,58,99.0,381.0,37719.0,2024-06-09
2024060903016126,SHINE,59,58,166.0,381.0,63246.0,2024-06-09
2024060903016125,SHINE,42,58,1000.0,381.2,381200.0,2024-06-09
2024060903016124,SHINE,83,58,500.0,381.3,190650.0,2024-06-09
2024060903016123,SHINE,53,58,150.0,381.5,57225.0,2024-06-09
2024060903016122,SHINE,10,58,100.0,382.0,38200.0,2024-06-09
2024060903016121,SHINE,64,58,750.0,382.0,286500.0,2024-06-09
2024060903016120,SHINE,60,58,1000.0,382.0,382000.0,2024-06-09
2024060903016119,SHINE,16,58,500.0,382.2,191100.0,2024-06-09
2024060903016118,SHINE,25,58,500.0,382.2,191100.0,2024-06-09
2024060903016117,SHINE,26,58,1000.0,382.3,382300.0,2024-06-09
2024060903016116,SHINE,51,58,172.0,383.0,65876.0,2024-06-09
2024060903016115,SHINE,45,58,70.0,383.1,26817.0,2024-06-09
2024060903016114,GLBSL,58,37,50.0,1865.0,93250.0,2024-06-09
2024060903016113,KRBL,62,58,500.0,425.0,212500.0,2024-06-09
2024060901034128,CLI,58,26,300.0,472.6,141780.0,2024-06-09
2024060901034127,CLI,57,26,10.0,472.7,4727.0,2024-06-09
2024060901034126,IHL,29,8,500.0,415.0,207500.0,2024-06-09
2024060903016112,MFIL,60,11,10.0,499.9,4999.0,2024-06-09
2024060903016111,GILB,38,11,54.0,1582.0,85428.0,2024-06-09
2024060901034125,CZBIL,64,16,10.0,166.0,1660.0,2024-06-09
2024060901034124,CZBIL,32,16,40.0,166.0,6640.0,2024-06-09
2024060903016110,EDBL,65,62,410.0,375.0,153750.0,2024-06-09
2024060903016109,EDBL,65,62,200.0,374.0,74800.0,2024-06-09
2024060903016108,EDBL,65,65,390.0,373.3,145587.0,2024-06-09
2024060901034123,BHDC,17,62,230.0,621.0,142830.0,2024-06-09
2024060901034122,BHDC,17,41,10.0,620.0,6200.0,2024-06-09
2024060901034121,BHDC,17,63,100.0,620.0,62000.0,2024-06-09
2024060901034120,BHDC,17,49,90.0,620.0,55800.0,2024-06-09
2024060901034119,BHDC,17,34,110.0,619.8,68178.0,2024-06-09
2024060901034118,BHDC,17,65,490.0,619.0,303310.0,2024-06-09
2024060901034117,BHDC,17,38,10.0,618.0,6180.0,2024-06-09
2024060901034116,BHDC,17,16,500.0,617.0,308500.0,2024-06-09
2024060901034115,BHDC,17,58,140.0,615.0,86100.0,2024-06-09
2024060901034114,BHDC,17,41,220.0,615.0,135300.0,2024-06-09
2024060901034113,PPL,4,47,190.0,430.1,81719.0,2024-06-09
2024060903016107,GILB,38,8,46.0,1582.0,72772.0,2024-06-09
2024060903016106,GILB,6,8,10.0,1582.1,15821.0,2024-06-09
2024060901034112,RNLI,26,45,11.0,425.5,4680.5,2024-06-09
2024060901034111,SARBTM,96,34,380.0,807.7,306926.0,2024-06-09
2024060903016105,HLBSL,49,95,874.0,1309.0,1144066.0,2024-06-09
2024060903016104,HLBSL,49,38,67.0,1305.0,87435.0,2024-06-09
2024060903016103,HLBSL,49,25,59.0,1303.4,76900.6,2024-06-09
2024060904010343,SHL,38,49,149.0,439.0,65411.0,2024-06-09
2024060904010342,AKJCL,16,58,10.0,198.3,1983.0,2024-06-09
2024060903016102,NABBC,62,58,20.0,560.1,11202.0,2024-06-09
2024060903016101,KRBL,62,58,2000.0,425.0,850000.0,2024-06-09
2024060905007220,NRIC,41,33,10.0,649.0,6490.0,2024-06-09
2024060904010341,NGPL,42,50,148.0,300.1,44414.8,2024-06-09
2024060903016100,SLBSL,57,46,90.0,1137.5,102375.0,2024-06-09
2024060903016099,SJLIC,14,51,50.0,406.8,20340.0,2024-06-09
2024060901034110,NMB,28,3,500.0,191.8,95900.0,2024-06-09
2024060903016098,NADEP,70,42,10.0,842.0,8420.0,2024-06-09
2024060903016097,EDBL,33,42,200.0,372.0,74400.0,2024-06-09
2024060904010340,SHL,1,17,100.0,439.0,43900.0,2024-06-09
2024060903016096,SIFC,69,45,70.0,416.0,29120.0,2024-06-09
2024060901034109,PHCL,45,45,10.0,300.1,3001.0,2024-06-09
2024060903016095,FOWAD,33,49,53.0,1264.0,66992.0,2024-06-09
2024060904010339,HEI,83,49,282.0,591.0,166662.0,2024-06-09
2024060903016094,KRBL,62,58,1464.0,425.0,622200.0,2024-06-09
2024060903016093,KRBL,62,58,536.0,425.0,227800.0,2024-06-09
2024060903016092,MLBBL,53,58,18.0,1370.1,24661.8,2024-06-09
2024060901034108,RNLI,41,18,89.0,426.0,37914.0,2024-06-09
2024060901034107,RNLI,41,25,11.0,425.6,4681.6,2024-06-09
2024060903016091,ALBSL,43,83,200.0,990.1,198020.0,2024-06-09
2024060905007219,HIDCL,29,11,600.0,163.5,98100.0,2024-06-09
2024060901034106,DLBS,33,34,10.0,1214.0,12140.0,2024-06-09
2024060903016090,MERO,67,20,100.0,709.1,70910.0,2024-06-09
2024060903016089,NMBMF,57,44,75.0,720.0,54000.0,2024-06-09
2024060905007218,NIFRA,54,35,600.0,194.0,116400.0,2024-06-09
2024060904010338,MEN,16,45,10.0,572.9,5729.0,2024-06-09
2024060901034105,MANDU,65,50,530.0,898.0,475940.0,2024-06-09
2024060901034104,MANDU,65,41,10.0,898.0,8980.0,2024-06-09
2024060901034103,MANDU,65,45,10.0,898.0,8980.0,2024-06-09
2024060901034102,MANDU,65,38,20.0,897.7,17954.0,2024-06-09
2024060901034101,MANDU,65,57,40.0,897.6,35904.0,2024-06-09
2024060901034100,MANDU,65,57,100.0,897.0,89700.0,2024-06-09
2024060901034099,MANDU,65,22,30.0,896.0,26880.0,2024-06-09
2024060901034098,MANDU,65,6,10.0,896.0,8960.0,2024-06-09
2024060901034097,MANDU,65,42,10.0,896.0,8960.0,2024-06-09
2024060901034096,MANDU,65,5,200.0,895.9,179180.0,2024-06-09
2024060901034095,MANDU,65,48,300.0,895.2,268560.0,2024-06-09
2024060901034094,MANDU,65,33,10.0,895.2,8952.0,2024-06-09
2024060901034093,MANDU,65,25,10.0,895.0,8950.0,2024-06-09
2024060901034092,MANDU,65,65,140.0,895.0,125300.0,2024-06-09
2024060901034091,MANDU,65,58,10.0,895.0,8950.0,2024-06-09
2024060901034090,MANDU,65,42,10.0,895.0,8950.0,2024-06-09
2024060901034089,MANDU,65,21,10.0,895.0,8950.0,2024-06-09
2024060901034088,MANDU,65,49,10.0,895.0,8950.0,2024-06-09
2024060901034087,MANDU,65,72,10.0,895.0,8950.0,2024-06-09
2024060901034086,MANDU,65,21,10.0,895.0,8950.0,2024-06-09
2024060901034085,MANDU,65,48,10.0,895.0,8950.0,2024-06-09
2024060901034084,MANDU,65,41,10.0,894.0,8940.0,2024-06-09
2024060901034083,MANDU,65,44,10.0,894.0,8940.0,2024-06-09
2024060901034082,MANDU,65,14,50.0,894.0,44700.0,2024-06-09
2024060901034081,MANDU,65,58,210.0,893.0,187530.0,2024-06-09
2024060901034080,MANDU,65,16,10.0,893.0,8930.0,2024-06-09
2024060901034079,MANDU,65,44,210.0,892.9,187509.0,2024-06-09
2024060901034078,MANDU,65,22,10.0,886.0,8860.0,2024-06-09
2024060901034077,SGHC,7,17,18.0,330.0,5940.0,2024-06-09
2024060901034076,SGHC,7,33,10.0,330.0,3300.0,2024-06-09
2024060901034075,SGHC,7,4,10.0,330.0,3300.0,2024-06-09
2024060901034074,SGHC,7,58,10.0,330.0,3300.0,2024-06-09
2024060901034073,GVL,6,3,1051.0,490.0,514990.0,2024-06-09
2024060904010337,MEN,16,21,90.0,571.1,51399.0,2024-06-09
2024060904010336,MEN,64,21,200.0,571.2,114240.0,2024-06-09
2024060904010335,MEN,58,21,50.0,571.4,28570.0,2024-06-09
2024060904010334,MEN,78,21,20.0,571.5,11430.0,2024-06-09
2024060901034072,MANDU,13,45,23.0,881.0,20263.0,2024-06-09
2024060901034071,MANDU,62,45,50.0,881.0,44050.0,2024-06-09
2024060901034070,MANDU,32,45,27.0,881.0,23787.0,2024-06-09
2024060904010333,IGI,49,10,153.0,520.6,79651.8,2024-06-09
2024060903016088,ILBS,62,37,80.0,1276.0,102080.0,2024-06-09
2024060903016087,ILBS,58,37,50.0,1276.1,63805.0,2024-06-09
2024060903016086,ILBS,62,37,120.0,1276.3,153156.0,2024-06-09
2024060903016085,ILBS,49,37,50.0,1277.0,63850.0,2024-06-09
2024060901034069,RAWA,41,1,306.0,537.0,164322.0,2024-06-09
2024060901034068,RAWA,18,1,200.0,537.0,107400.0,2024-06-09
2024060901034067,RAWA,41,1,25.0,537.1,13427.5,2024-06-09
2024060905007217,NRN,45,50,500.0,640.3,320150.0,2024-06-09
2024060901034066,VLUCL,48,48,10.0,530.0,5300.0,2024-06-09
2024060903016084,LICN,55,57,17.0,1341.0,22797.0,2024-06-09
2024060901034065,SCB,38,34,10.0,562.5,5625.0,2024-06-09
2024060901034064,VLUCL,65,48,125.0,531.0,66375.0,2024-06-09
2024060901034063,VLUCL,65,38,10.0,531.0,5310.0,2024-06-09
2024060901034062,VLUCL,65,45,65.0,531.0,34515.0,2024-06-09
2024060901034061,SONA,74,35,210.0,440.1,92421.0,2024-06-09
2024060903016083,KRBL,62,58,1000.0,425.0,425000.0,2024-06-09
2024060901034060,SGHC,25,87,214.0,329.0,70406.0,2024-06-09
2024060901034059,SGHC,49,87,86.0,329.0,28294.0,2024-06-09
2024060904010332,JOSHI,41,45,300.0,289.0,86700.0,2024-06-09
2024060903016082,SLBBL,81,77,50.0,825.0,41250.0,2024-06-09
2024060901034058,VLUCL,48,57,10.0,530.0,5300.0,2024-06-09
2024060901034057,VLUCL,48,52,50.0,530.0,26500.0,2024-06-09
2024060901034056,VLUCL,48,57,10.0,530.0,5300.0,2024-06-09
2024060901034055,VLUCL,48,54,500.0,530.0,265000.0,2024-06-09
2024060901034054,VLUCL,48,19,20.0,530.0,10600.0,2024-06-09
2024060901034053,VLUCL,48,42,10.0,530.0,5300.0,2024-06-09
2024060901034052,VLUCL,48,58,10.0,530.0,5300.0,2024-06-09
2024060901034051,VLUCL,48,34,770.0,530.0,408100.0,2024-06-09
2024060901034050,VLUCL,48,45,50.0,529.9,26495.0,2024-06-09
2024060901034049,VLUCL,48,58,90.0,529.9,47691.0,2024-06-09
2024060901034048,VLUCL,48,48,500.0,529.9,264950.0,2024-06-09
2024060901034047,VLUCL,48,58,50.0,529.9,26495.0,2024-06-09
2024060901034046,VLUCL,48,35,10.0,529.9,5299.0,2024-06-09
2024060901034045,VLUCL,48,13,10.0,529.0,5290.0,2024-06-09
2024060901034044,VLUCL,48,41,215.0,528.0,113520.0,2024-06-09
2024060901034043,TVCL,57,70,110.0,453.0,49830.0,2024-06-09
2024060901034042,MHCL,70,38,10.0,390.0,3900.0,2024-06-09
2024060904010331,RURU,3,29,80.0,663.4,53072.0,2024-06-09
2024060901034041,SARBTM,96,38,100.0,807.7,80770.0,2024-06-09
2024060903016081,EDBL,21,65,10.0,373.3,3733.0,2024-06-09
2024060904010330,DHPL,8,21,160.0,186.4,29824.0,2024-06-09
2024060904010329,DHPL,6,21,50.0,186.5,9325.0,2024-06-09
2024060904010328,DHPL,6,21,50.0,186.5,9325.0,2024-06-09
2024060904010327,DHPL,58,21,310.0,186.7,57877.0,2024-06-09
2024060903016080,HLBSL,62,25,11.0,1303.4,14337.4,2024-06-09
2024060903016079,HLBSL,62,4,100.0,1300.0,130000.0,2024-06-09
2024060903016078,HLBSL,62,44,100.0,1300.0,130000.0,2024-06-09
2024060903016077,HLBSL,62,65,150.0,1300.0,195000.0,2024-06-09
2024060903016076,HLBSL,62,10,500.0,1300.0,650000.0,2024-06-09
2024060903016075,HLBSL,62,48,80.0,1300.0,104000.0,2024-06-09
2024060903016074,HLBSL,62,52,59.0,1300.0,76700.0,2024-06-09
2024060901034040,DORDI,49,34,50.0,425.2,21260.0,2024-06-09
2024060901034039,DORDI,42,34,100.0,425.3,42530.0,2024-06-09
2024060904010326,UPPER,58,16,499.0,160.0,79840.0,2024-06-09
2024060904010325,UPPER,58,51,100.0,160.0,16000.0,2024-06-09
2024060904010324,UPPER,58,43,101.0,160.0,16160.0,2024-06-09
2024060904010323,UPPER,58,36,600.0,160.0,96000.0,2024-06-09
2024060904010322,UPPER,58,54,300.0,159.8,47940.0,2024-06-09
2024060903016073,VLBS,32,13,88.0,1025.0,90200.0,2024-06-09
2024060901034038,SCB,41,54,100.0,562.1,56210.0,2024-06-09
2024060901034037,NICA,58,16,15.0,403.0,6045.0,2024-06-09
2024060904010321,UMRH,58,38,440.0,391.0,172040.0,2024-06-09
2024060904010320,UMRH,42,38,87.0,391.6,34069.2,2024-06-09
2024060904010319,UPPER,44,22,230.0,159.4,36662.0,2024-06-09
2024060904010318,UPPER,18,22,100.0,159.4,15940.0,2024-06-09
2024060904010317,UPPER,36,22,15.0,159.4,2391.0,2024-06-09
2024060904010316,UPPER,7,22,285.0,159.4,45429.0,2024-06-09
2024060904010315,UPPER,18,22,100.0,159.5,15950.0,2024-06-09
2024060904010314,UPPER,55,22,50.0,159.5,7975.0,2024-06-09
2024060904010313,UPPER,21,22,550.0,159.5,87725.0,2024-06-09
2024060904010312,UPPER,47,22,50.0,159.6,7980.0,2024-06-09
2024060904010311,UPPER,22,22,120.0,159.6,19152.0,2024-06-09
2024060901034036,MKHL,35,22,28.0,443.0,12404.0,2024-06-09
2024060901034035,MKHL,34,22,10.0,443.0,4430.0,2024-06-09
2024060901034034,MKHL,17,22,10.0,443.0,4430.0,2024-06-09
2024060901034033,SMJC,59,4,930.0,386.9,359817.0,2024-06-09
2024060901034032,SMJC,59,49,70.0,386.5,27055.0,2024-06-09
2024060903016072,KMCDB,59,41,30.0,1088.0,32640.0,2024-06-09
2024060901034031,SGHC,49,21,10.0,329.0,3290.0,2024-06-09
2024060903016071,NLICL,46,8,353.0,543.0,191679.0,2024-06-09
2024060901034030,MEHL,21,49,10.0,353.1,3531.0,2024-06-09
2024060903016070,KRBL,62,58,500.0,425.0,212500.0,2024-06-09
2024060901034029,TPC,64,6,51.0,511.0,26061.0,2024-06-09
2024060903016069,NFS,52,58,20.0,582.3,11646.0,2024-06-09
2024060901034028,BHL,58,53,85.0,338.9,28806.5,2024-06-09
2024060903016068,NABBC,39,54,30.0,564.0,16920.0,2024-06-09
2024060903016067,CFCL,22,26,200.0,412.8,82560.0,2024-06-09
2024060903016066,CFCL,39,26,50.0,412.8,20640.0,2024-06-09
2024060903016065,CFCL,36,26,250.0,413.0,103250.0,2024-06-09
2024060901034027,BHDC,48,63,200.0,614.0,122800.0,2024-06-09
2024060904010310,UPPER,18,54,100.0,159.8,15980.0,2024-06-09
2024060904010309,SPDL,60,70,75.0,239.0,17925.0,2024-06-09
2024060904010308,SPDL,60,49,25.0,239.0,5975.0,2024-06-09
2024060903016064,NICLBSL,46,22,10.0,660.1,6601.0,2024-06-09
2024060901034026,KBL,22,1,10.0,137.9,1379.0,2024-06-09
2024060901034025,BEDC,26,35,200.0,421.0,84200.0,2024-06-09
2024060901034024,MKHC,35,50,50.0,323.0,16150.0,2024-06-09
2024060903016063,FMDBL,37,36,20.0,670.0,13400.0,2024-06-09
2024060904010307,JOSHI,45,45,300.0,289.0,86700.0,2024-06-09
2024060904010306,JOSHI,45,45,3000.0,288.5,865500.0,2024-06-09
2024060904010305,KKHC,58,45,21.0,214.0,4494.0,2024-06-09
2024060904010304,KKHC,48,45,479.0,214.0,102506.0,2024-06-09
2024060904010303,KKHC,11,45,500.0,214.1,107050.0,2024-06-09
2024060903016062,NUBL,57,58,100.0,675.0,67500.0,2024-06-09
2024060903016061,NUBL,48,58,100.0,675.0,67500.0,2024-06-09
2024060903016060,NUBL,46,58,250.0,675.1,168775.0,2024-06-09
2024060901034023,HHL,5,58,10.0,362.8,3628.0,2024-06-09
2024060901034022,USHEC,18,1,50.0,426.0,21300.0,2024-06-09
2024060901034021,USHEC,18,88,380.0,426.0,161880.0,2024-06-09
2024060901034020,MKCL,4,45,30.0,1090.0,32700.0,2024-06-09
2024060901034019,BNHC,10,71,10.0,643.5,6435.0,2024-06-09
2024060901034018,SONA,74,16,19.0,440.1,8361.9,2024-06-09
2024060901034017,SONA,84,16,90.0,440.1,39609.0,2024-06-09
2024060901034016,SONA,38,16,200.0,440.2,88040.0,2024-06-09
2024060901034015,SONA,57,16,100.0,440.5,44050.0,2024-06-09
2024060901034014,SONA,70,16,91.0,440.6,40094.6,2024-06-09
2024060901034013,DLBS,51,34,7.0,1176.0,8232.0,2024-06-09
2024060901034012,KBL,57,38,225.0,137.0,30825.0,2024-06-09
2024060901034011,KBL,38,38,145.0,137.0,19865.0,2024-06-09
2024060901034010,KBL,8,38,100.0,137.0,13700.0,2024-06-09
2024060901034009,KBL,14,38,200.0,137.0,27400.0,2024-06-09
2024060901034008,KBL,49,38,35.0,137.1,4798.5,2024-06-09
2024060901034007,KBL,41,38,65.0,137.1,8911.5,2024-06-09
2024060901034006,KBL,10,38,100.0,137.2,13720.0,2024-06-09
2024060901034005,KBL,16,38,100.0,137.2,13720.0,2024-06-09
2024060901034004,KBL,45,38,30.0,137.3,4119.0,2024-06-09
2024060901034003,SPHL,7,45,10.0,539.0,5390.0,2024-06-09
2024060903016059,PFL,43,49,10.0,577.0,5770.0,2024-06-09
2024060903016058,HLI,34,47,492.0,383.0,188436.0,2024-06-09
2024060901034002,SONA,70,6,10.0,440.6,4406.0,2024-06-09
2024060903016057,FMDBL,37,19,10.0,670.0,6700.0,2024-06-09
2024060901034001,NICA,49,45,40.0,404.0,16160.0,2024-06-09
2024060901034000,AVYAN,19,77,64.0,918.0,58752.0,2024-06-09
2024060901033999,AVYAN,50,77,200.0,918.1,183620.0,2024-06-09
2024060901033998,AVYAN,54,77,10.0,919.9,9199.0,2024-06-09
2024060901033997,AVYAN,38,77,282.0,920.1,259468.2,2024-06-09
2024060901033996,AVYAN,45,77,500.0,921.2,460600.0,2024-06-09
2024060901033995,AVYAN,41,77,10.0,922.0,9220.0,2024-06-09
2024060901033994,AVYAN,91,77,28.0,922.0,25816.0,2024-06-09
2024060904010302,CGH,88,26,20.0,883.0,17660.0,2024-06-09
2024060903016056,HLBSL,26,52,141.0,1300.0,183300.0,2024-06-09
2024060903016055,HLBSL,26,53,10.0,1300.0,13000.0,2024-06-09
2024060903016054,HLBSL,26,45,50.0,1300.0,65000.0,2024-06-09
2024060903016053,HLBSL,26,41,200.0,1299.0,259800.0,2024-06-09
2024060903016052,HLBSL,26,44,100.0,1297.9,129790.0,2024-06-09
2024060903016051,HLBSL,26,48,200.0,1296.8,259360.0,2024-06-09
2024060903016050,HLBSL,26,50,20.0,1296.0,25920.0,2024-06-09
2024060903016049,HLBSL,26,47,20.0,1295.0,25900.0,2024-06-09
2024060903016048,HLBSL,26,58,101.0,1295.0,130795.0,2024-06-09
2024060903016047,HLBSL,26,46,25.0,1294.0,32350.0,2024-06-09
2024060903016046,HLBSL,26,32,133.0,1289.0,171437.0,2024-06-09
2024060901033993,TPC,17,26,10.0,510.2,5102.0,2024-06-09
2024060904010301,UMRH,17,29,37.0,391.9,14500.3,2024-06-09
2024060903016045,USLB,14,96,100.0,1912.0,191200.0,2024-06-09
2024060903016044,MERO,67,10,375.0,709.1,265912.5,2024-06-09
2024060905007216,STC,54,56,46.0,4880.0,224480.0,2024-06-09
2024060905007215,STC,54,25,10.0,4880.0,48800.0,2024-06-09
2024060905007214,STC,54,5,39.0,4850.0,189150.0,2024-06-09
2024060901033992,MBL,34,49,200.0,171.9,34380.0,2024-06-09
2024060903016043,SLBBL,68,41,100.0,824.0,82400.0,2024-06-09
2024060903016042,SLBBL,44,41,50.0,824.1,41205.0,2024-06-09
2024060903016041,SLBBL,17,41,50.0,824.1,41205.0,2024-06-09
2024060901033991,PCBL,42,44,136.0,198.0,26928.0,2024-06-09
2024060903016040,NMBMF,38,44,100.0,720.0,72000.0,2024-06-09
2024060903016039,NLIC,5,39,100.0,602.8,60280.0,2024-06-09
2024060901033990,PHCL,45,58,10.0,300.1,3001.0,2024-06-09
2024060901033989,GBIME,74,50,341.0,178.0,60698.0,2024-06-09
2024060901033988,GBIME,58,50,17.0,178.0,3026.0,2024-06-09
2024060901033987,GBIME,4,50,142.0,178.0,25276.0,2024-06-09
2024060905007213,NIFRA,53,35,100.0,194.0,19400.0,2024-06-09
2024060905007212,NIFRA,53,19,10.0,194.0,1940.0,2024-06-09
2024060905007211,NIFRA,53,57,97.0,194.0,18818.0,2024-06-09
2024060903016038,RSDC,52,5,149.0,675.0,100575.0,2024-06-09
2024060903016037,RSDC,58,5,50.0,675.0,33750.0,2024-06-09
2024060903016036,RSDC,50,5,201.0,675.0,135675.0,2024-06-09
2024060903016035,RSDC,55,14,10.0,676.0,6760.0,2024-06-09
2024060905007210,NRN,58,47,200.0,640.1,128020.0,2024-06-09
2024060905007209,NRN,8,47,50.0,640.2,32010.0,2024-06-09
2024060905007208,NRN,81,47,200.0,640.2,128040.0,2024-06-09
2024060905007207,NRN,8,47,250.0,640.2,160050.0,2024-06-09
2024060905007206,NRN,88,47,300.0,640.2,192060.0,2024-06-09
2024060903016034,NADEP,70,42,10.0,842.0,8420.0,2024-06-09
2024060901033986,SONA,42,36,100.0,441.0,44100.0,2024-06-09
2024060901033985,SNLI,8,35,10.0,460.8,4608.0,2024-06-09
2024060904010300,SPIL,35,76,76.0,774.7,58877.2,2024-06-09
2024060904010299,SPIL,35,44,15.0,774.0,11610.0,2024-06-09
2024060903016033,KRBL,62,58,1500.0,425.0,637500.0,2024-06-09
2024060901033984,VLUCL,72,41,100.0,528.0,52800.0,2024-06-09
2024060901033983,VLUCL,65,41,10.0,528.2,5282.0,2024-06-09
2024060901033982,VLUCL,54,41,85.0,528.3,44905.5,2024-06-09
2024060901033981,HATHY,25,72,57.0,939.0,53523.0,2024-06-09
