transaction,symbol,buyer,seller,quantity,rate,amount,date
2024042203007708,CFCL,60,17,20.0,363.5,7270.0,2024-04-22
2024042201019988,MKHL,58,34,1000.0,510.0,510000.0,2024-04-22
2024042201019987,TSHL,42,13,10.0,521.0,5210.0,2024-04-22
2024042201019986,EBL,4,11,100.0,504.9,50490.0,2024-04-22
2024042204007886,JOSHI,41,26,400.0,359.0,143600.0,2024-04-22
2024042201019985,PPL,58,29,30.0,650.0,19500.0,2024-04-22
2024042205002970,NRIC,58,43,14.0,714.0,9996.0,2024-04-22
2024042205002969,NRIC,58,47,21.0,713.9,14991.9,2024-04-22
2024042205002968,NRIC,58,13,15.0,713.9,10708.5,2024-04-22
2024042205002967,NRIC,58,58,30.0,712.0,21360.0,2024-04-22
2024042205002966,NRIC,58,22,40.0,710.1,28404.0,2024-04-22
2024042201019984,PPL,58,29,30.0,650.0,19500.0,2024-04-22
2024042201019983,MEHL,4,58,50.0,311.0,15550.0,2024-04-22
2024042201019982,MEHL,53,58,50.0,311.0,15550.0,2024-04-22
2024042201019981,PPL,58,29,30.0,650.0,19500.0,2024-04-22
2024042201019980,MANDU,65,65,130.0,750.0,97500.0,2024-04-22
2024042201019979,MANDU,65,6,10.0,750.0,7500.0,2024-04-22
2024042201019978,MANDU,65,38,10.0,750.0,7500.0,2024-04-22
2024042201019977,MANDU,65,21,10.0,750.0,7500.0,2024-04-22
2024042201019976,MANDU,65,38,10.0,750.0,7500.0,2024-04-22
2024042201019975,MANDU,65,38,10.0,750.0,7500.0,2024-04-22
2024042201019974,MANDU,65,71,400.0,750.0,300000.0,2024-04-22
2024042201019973,MANDU,65,71,20.0,750.0,15000.0,2024-04-22
2024042201019972,BGWT,65,3,100.0,585.0,58500.0,2024-04-22
2024042201019971,MANDU,65,71,280.0,750.0,210000.0,2024-04-22
2024042201019970,MANDU,65,4,10.0,749.6,7496.0,2024-04-22
2024042201019969,MANDU,65,6,50.0,749.0,37450.0,2024-04-22
2024042201019968,MANDU,65,57,10.0,749.0,7490.0,2024-04-22
2024042201019967,MANDU,65,39,40.0,749.0,29960.0,2024-04-22
2024042201019966,MANDU,65,58,10.0,745.0,7450.0,2024-04-22
2024042201019965,MANDU,65,14,10.0,745.0,7450.0,2024-04-22
2024042201019964,MANDU,65,42,10.0,744.0,7440.0,2024-04-22
2024042201019963,MANDU,65,55,10.0,740.0,7400.0,2024-04-22
2024042201019962,MANDU,65,32,10.0,740.0,7400.0,2024-04-22
2024042201019961,MANDU,65,19,160.0,738.0,118080.0,2024-04-22
2024042203007707,GUFL,54,45,100.0,755.0,75500.0,2024-04-22
2024042203007706,FMDBL,44,5,100.0,604.5,60450.0,2024-04-22
2024042201019960,SARBTM,52,44,300.0,796.5,238950.0,2024-04-22
2024042201019959,SARBTM,38,44,70.0,798.0,55860.0,2024-04-22
2024042201019958,SARBTM,41,44,30.0,799.0,23970.0,2024-04-22
2024042201019957,SARBTM,34,44,19.0,799.0,15181.0,2024-04-22
2024042203007705,SWBBL,44,36,10.0,733.0,7330.0,2024-04-22
2024042203007704,GUFL,41,52,160.0,754.6,120736.0,2024-04-22
2024042201019956,PPL,71,29,20.0,650.0,13000.0,2024-04-22
2024042204007885,JOSHI,71,54,10.0,359.8,3598.0,2024-04-22
2024042203007703,GILB,48,58,10.0,985.0,9850.0,2024-04-22
2024042201019955,RAWA,48,45,10.0,469.0,4690.0,2024-04-22
2024042201019954,PPL,88,29,20.0,650.0,13000.0,2024-04-22
2024042201019953,AHL,18,45,100.0,436.0,43600.0,2024-04-22
2024042203007702,NICLBSL,53,45,10.0,650.0,6500.0,2024-04-22
2024042201019952,MBJC,45,54,12.0,300.0,3600.0,2024-04-22
2024042204007884,UMHL,41,13,200.0,245.0,49000.0,2024-04-22
2024042201019951,MKHL,58,33,150.0,510.0,76500.0,2024-04-22
2024042203007701,RSDC,33,57,42.0,601.8,25275.6,2024-04-22
2024042203007700,RSDC,33,34,98.0,601.5,58947.0,2024-04-22
2024042201019950,SHIVM,56,53,18.0,507.0,9126.0,2024-04-22
2024042203007699,SWBBL,16,36,10.0,733.0,7330.0,2024-04-22
2024042201019949,EBL,39,8,10.0,504.0,5040.0,2024-04-22
2024042201019948,HHL,63,21,70.0,366.9,25683.0,2024-04-22
2024042203007698,GMFIL,29,29,10.0,356.0,3560.0,2024-04-22
2024042201019947,SMJC,63,56,10.0,369.0,3690.0,2024-04-22
2024042201019946,MAKAR,50,81,10.0,390.0,3900.0,2024-04-22
2024042203007697,NFS,43,42,10.0,432.0,4320.0,2024-04-22
2024042203007696,MDB,20,38,10.0,423.0,4230.0,2024-04-22
2024042201019945,SHIVM,56,8,10.0,508.4,5084.0,2024-04-22
2024042203007695,PFL,72,36,10.0,514.0,5140.0,2024-04-22
2024042201019944,PCBL,56,44,10.0,191.9,1919.0,2024-04-22
2024042203007694,NMBMF,7,59,40.0,582.0,23280.0,2024-04-22
2024042203007693,NMBMF,50,59,200.0,582.1,116420.0,2024-04-22
2024042201019943,HHL,51,21,100.0,366.9,36690.0,2024-04-22
2024042201019942,DOLTI,34,32,10.0,451.1,4511.0,2024-04-22
2024042201019941,PCBL,1,44,10.0,191.9,1919.0,2024-04-22
2024042203007692,JBBL,1,47,330.0,280.0,92400.0,2024-04-22
2024042203007691,JBBL,1,47,49.0,279.8,13710.2,2024-04-22
2024042203007690,JBBL,1,25,14.0,279.0,3906.0,2024-04-22
2024042203007689,JBBL,1,42,606.0,279.0,169074.0,2024-04-22
2024042203007688,JBBL,1,88,201.0,279.0,56079.0,2024-04-22
2024042204007883,SALICO,42,17,10.0,610.6,6106.0,2024-04-22
2024042201019940,NWCL,38,32,90.0,717.0,64530.0,2024-04-22
2024042201019939,NWCL,42,32,10.0,718.0,7180.0,2024-04-22
2024042201019938,PPL,8,29,100.0,650.0,65000.0,2024-04-22
2024042201019937,UHEWA,32,17,266.0,411.0,109326.0,2024-04-22
2024042201019936,UHEWA,32,42,178.0,410.0,72980.0,2024-04-22
2024042201019935,UHEWA,32,44,200.0,410.0,82000.0,2024-04-22
2024042201019934,UHEWA,32,51,400.0,410.0,164000.0,2024-04-22
2024042201019933,UHEWA,32,57,300.0,410.0,123000.0,2024-04-22
2024042201019932,UHEWA,32,41,80.0,410.0,32800.0,2024-04-22
2024042201019931,UHEWA,32,41,30.0,410.0,12300.0,2024-04-22
2024042201019930,UHEWA,32,58,120.0,409.9,49188.0,2024-04-22
2024042201019929,UHEWA,32,38,300.0,409.0,122700.0,2024-04-22
2024042201019928,UHEWA,32,53,2126.0,402.0,854652.0,2024-04-22
2024042201019927,SAMAJ,34,58,10.0,1876.0,18760.0,2024-04-22
2024042201019926,SAMAJ,34,35,10.0,1875.0,18750.0,2024-04-22
2024042201019925,SAMAJ,34,55,50.0,1853.0,92650.0,2024-04-22
2024042201019924,SAMAJ,34,55,100.0,1851.0,185100.0,2024-04-22
2024042201019923,SAMAJ,34,55,50.0,1850.0,92500.0,2024-04-22
2024042201019922,SAMAJ,42,17,10.0,1850.0,18500.0,2024-04-22
2024042204007882,SHPC,4,14,10.0,324.0,3240.0,2024-04-22
2024042201019921,MBL,22,58,10.0,166.0,1660.0,2024-04-22
2024042201019920,MKHL,58,26,200.0,510.0,102000.0,2024-04-22
2024042201019919,NMB,37,46,10.0,172.9,1729.0,2024-04-22
2024042201019918,PPL,65,29,20.0,650.0,13000.0,2024-04-22
2024042201019917,IHL,44,21,10.0,380.0,3800.0,2024-04-22
2024042203007687,GILB,44,58,10.0,985.0,9850.0,2024-04-22
2024042204007881,AKJCL,52,45,15.0,211.5,3172.5,2024-04-22
2024042201019916,SMJC,71,56,10.0,369.0,3690.0,2024-04-22
2024042201019915,PPL,88,29,14.0,650.0,9100.0,2024-04-22
2024042203007686,NFS,88,42,10.0,432.0,4320.0,2024-04-22
2024042201019914,CITY,68,35,20.0,586.9,11738.0,2024-04-22
2024042203007685,GILB,45,58,10.0,985.0,9850.0,2024-04-22
2024042201019913,MKHL,58,74,1000.0,510.0,510000.0,2024-04-22
2024042201019912,RFPL,58,46,164.0,383.0,62812.0,2024-04-22
2024042201019911,RFPL,58,6,10.0,383.0,3830.0,2024-04-22
2024042201019910,RFPL,58,55,10.0,382.0,3820.0,2024-04-22
2024042201019909,RFPL,58,32,30.0,381.0,11430.0,2024-04-22
2024042201019908,RFPL,58,56,10.0,380.0,3800.0,2024-04-22
2024042201019907,RFPL,58,35,50.0,380.0,19000.0,2024-04-22
2024042201019906,RFPL,58,44,200.0,380.0,76000.0,2024-04-22
2024042201019905,RFPL,58,58,10.0,380.0,3800.0,2024-04-22
2024042201019904,RFPL,58,57,50.0,379.9,18995.0,2024-04-22
2024042201019903,RFPL,58,59,300.0,379.8,113940.0,2024-04-22
2024042201019902,RFPL,58,13,36.0,379.7,13669.2,2024-04-22
2024042201019901,RFPL,58,46,10.0,378.5,3785.0,2024-04-22
2024042201019900,RFPL,58,51,10.0,377.0,3770.0,2024-04-22
2024042201019899,RFPL,58,58,110.0,375.0,41250.0,2024-04-22
2024042201019898,RFPL,58,13,10.0,375.0,3750.0,2024-04-22
2024042201019897,RFPL,58,62,990.0,374.9,371151.0,2024-04-22
2024042203007684,NABBC,48,58,40.0,421.3,16852.0,2024-04-22
2024042204007880,JOSHI,41,54,10.0,359.8,3598.0,2024-04-22
2024042203007683,GLBSL,38,58,50.0,1765.0,88250.0,2024-04-22
2024042201019896,MAKAR,38,81,10.0,390.0,3900.0,2024-04-22
2024042201019895,NRM,53,6,20.0,354.0,7080.0,2024-04-22
2024042201019894,UHEWA,57,53,25.0,402.0,10050.0,2024-04-22
2024042201019893,MMKJL,85,16,125.0,414.6,51825.0,2024-04-22
2024042201019892,MMKJL,42,16,500.0,415.8,207900.0,2024-04-22
2024042201019891,MMKJL,25,16,100.0,415.9,41590.0,2024-04-22
2024042201019890,MMKJL,60,16,100.0,416.0,41600.0,2024-04-22
2024042201019889,MMKJL,25,16,100.0,416.1,41610.0,2024-04-22
2024042201019888,MMKJL,25,16,50.0,416.6,20830.0,2024-04-22
2024042201019887,MMKJL,36,16,25.0,417.5,10437.5,2024-04-22
2024042203007682,SKBBL,49,42,13.0,799.0,10387.0,2024-04-22
2024042201019886,PPL,6,29,20.0,650.0,13000.0,2024-04-22
2024042205002965,CHDC,32,6,20.0,777.1,15542.0,2024-04-22
2024042205002964,CIT,39,53,10.0,2101.0,21010.0,2024-04-22
2024042201019885,SBL,50,44,10.0,217.9,2179.0,2024-04-22
2024042201019884,PPL,25,29,10.0,650.0,6500.0,2024-04-22
2024042201019883,PPL,20,29,22.0,650.0,14300.0,2024-04-22
2024042201019882,PPL,20,29,22.0,650.0,14300.0,2024-04-22
2024042201019881,MEL,35,59,10.0,232.0,2320.0,2024-04-22
2024042203007681,CFCL,75,3,10.0,362.7,3627.0,2024-04-22
2024042201019880,PPL,35,29,11.0,650.0,7150.0,2024-04-22
2024042203007680,GUFL,41,35,860.0,754.6,648956.0,2024-04-22
2024042201019879,NWCL,61,80,10.0,725.0,7250.0,2024-04-22
2024042203007679,SIFC,33,56,1265.0,366.4,463496.0,2024-04-22
2024042203007678,GMFIL,51,29,10.0,356.0,3560.0,2024-04-22
2024042203007677,GBBL,59,35,70.0,360.0,25200.0,2024-04-22
2024042203007676,GBBL,59,26,80.0,359.0,28720.0,2024-04-22
2024042201019878,HHL,32,21,10.0,366.9,3669.0,2024-04-22
2024042201019877,HHL,32,45,30.0,366.0,10980.0,2024-04-22
2024042201019876,HHL,32,59,40.0,365.0,14600.0,2024-04-22
2024042201019875,HHL,32,90,40.0,364.8,14592.0,2024-04-22
2024042201019874,HHL,32,53,40.0,364.5,14580.0,2024-04-22
2024042201019873,HHL,32,33,50.0,362.0,18100.0,2024-04-22
2024042204007879,RIDI,42,14,10.0,170.0,1700.0,2024-04-22
2024042201019872,MLBS,34,44,200.0,1272.0,254400.0,2024-04-22
2024042203007675,HLBSL,48,7,40.0,701.0,28040.0,2024-04-22
2024042203007674,GUFL,22,45,100.0,755.0,75500.0,2024-04-22
2024042201019871,MAKAR,18,81,10.0,390.0,3900.0,2024-04-22
2024042201019870,SMH,69,18,1479.0,647.0,956913.0,2024-04-22
2024042201019869,SMH,11,18,300.0,648.0,194400.0,2024-04-22
2024042201019868,SMH,50,18,100.0,652.0,65200.0,2024-04-22
2024042201019867,SMH,34,18,121.0,652.0,78892.0,2024-04-22
2024042201019866,SMH,56,18,40.0,652.1,26084.0,2024-04-22
2024042201019865,SMH,33,18,100.0,656.6,65660.0,2024-04-22
2024042201019864,SMH,47,18,100.0,656.6,65660.0,2024-04-22
2024042201019863,SMH,41,18,100.0,657.0,65700.0,2024-04-22
2024042201019862,SMH,67,18,50.0,657.0,32850.0,2024-04-22
2024042201019861,SMH,47,18,20.0,660.0,13200.0,2024-04-22
2024042201019860,SMH,75,18,100.0,660.0,66000.0,2024-04-22
2024042201019859,SMH,14,18,200.0,660.1,132020.0,2024-04-22
2024042201019858,SMH,50,18,100.0,660.1,66010.0,2024-04-22
2024042201019857,SMH,56,18,10.0,660.2,6602.0,2024-04-22
2024042201019856,SMH,45,18,90.0,661.0,59490.0,2024-04-22
2024042201019855,SMH,29,18,20.0,662.0,13240.0,2024-04-22
2024042201019854,SMH,21,18,50.0,662.0,33100.0,2024-04-22
2024042201019853,SMH,56,18,20.0,662.1,13242.0,2024-04-22
2024042203007673,ALICL,44,38,25.0,553.0,13825.0,2024-04-22
2024042203007672,ALICL,44,38,90.0,550.0,49500.0,2024-04-22
2024042203007671,ALICL,44,57,20.0,549.0,10980.0,2024-04-22
2024042203007670,ALICL,44,48,25.0,549.0,13725.0,2024-04-22
2024042201019852,BNT,62,58,10.0,12645.0,126450.0,2024-04-22
2024042203007669,NFS,71,42,10.0,432.0,4320.0,2024-04-22
2024042201019851,KBL,48,49,604.0,132.8,80211.2,2024-04-22
2024042201019850,KBL,48,47,260.0,132.5,34450.0,2024-04-22
2024042201019849,KBL,48,8,250.0,132.5,33125.0,2024-04-22
2024042201019848,KBL,48,42,300.0,132.0,39600.0,2024-04-22
2024042201019847,KBL,48,32,586.0,132.0,77352.0,2024-04-22
2024042201019846,MLBS,88,44,20.0,1272.0,25440.0,2024-04-22
2024042201019845,SARBTM,62,19,85.0,800.0,68000.0,2024-04-22
2024042201019844,SARBTM,62,53,45.0,800.0,36000.0,2024-04-22
2024042201019843,SARBTM,62,7,50.0,800.0,40000.0,2024-04-22
2024042201019842,SARBTM,62,21,50.0,800.0,40000.0,2024-04-22
2024042201019841,SARBTM,62,3,50.0,800.0,40000.0,2024-04-22
2024042201019840,SARBTM,62,49,10.0,800.0,8000.0,2024-04-22
2024042201019839,SARBTM,62,41,10.0,800.0,8000.0,2024-04-22
2024042201019838,SARBTM,62,57,100.0,799.9,79990.0,2024-04-22
2024042201019837,SGHC,62,34,10.0,319.7,3197.0,2024-04-22
2024042203007668,SINDU,45,42,60.0,350.0,21000.0,2024-04-22
2024042201019836,MKCL,41,45,10.0,851.0,8510.0,2024-04-22
2024042201019835,MKCL,54,45,40.0,851.1,34044.0,2024-04-22
2024042201019834,MCHL,45,41,100.0,389.0,38900.0,2024-04-22
2024042201019833,UNLB,88,11,10.0,1618.0,16180.0,2024-04-22
2024042203007667,SAPDBL,4,13,100.0,289.0,28900.0,2024-04-22
2024042201019832,MKHL,58,26,10.0,510.0,5100.0,2024-04-22
2024042201019831,MKHL,58,13,500.0,510.0,255000.0,2024-04-22
2024042201019830,MKHL,58,95,100.0,510.0,51000.0,2024-04-22
2024042201019829,MKHL,58,35,300.0,510.0,153000.0,2024-04-22
2024042201019828,MKHL,58,38,1671.0,510.0,852210.0,2024-04-22
2024042201019827,MKHL,58,57,10.0,510.0,5100.0,2024-04-22
2024042201019826,MKHL,58,16,900.0,510.0,459000.0,2024-04-22
2024042201019825,MKHL,58,42,600.0,510.0,306000.0,2024-04-22
2024042201019824,MKHL,58,22,100.0,505.9,50590.0,2024-04-22
2024042201019823,MKHL,58,57,400.0,505.0,202000.0,2024-04-22
2024042201019822,MKHL,58,57,10.0,504.9,5049.0,2024-04-22
2024042201019821,MKHL,58,62,100.0,504.9,50490.0,2024-04-22
2024042201019820,MKHL,58,35,500.0,504.9,252450.0,2024-04-22
2024042201019819,MKHL,58,58,10.0,504.9,5049.0,2024-04-22
2024042201019818,MKHL,58,8,40.0,504.9,20196.0,2024-04-22
2024042201019817,MKHL,58,19,10.0,504.9,5049.0,2024-04-22
2024042201019816,MKHL,58,42,10.0,504.9,5049.0,2024-04-22
2024042201019815,MKHL,58,11,10.0,504.9,5049.0,2024-04-22
2024042201019814,MKHL,58,65,220.0,504.9,111078.0,2024-04-22
2024042201019813,MKHL,58,16,10.0,504.9,5049.0,2024-04-22
2024042201019812,MKHL,58,48,10.0,504.9,5049.0,2024-04-22
2024042201019811,MKHL,58,35,200.0,504.9,100980.0,2024-04-22
2024042201019810,MKHL,58,21,100.0,504.7,50470.0,2024-04-22
2024042201019809,MKHL,58,38,10.0,504.7,5047.0,2024-04-22
2024042201019808,MKHL,58,38,984.0,504.7,496624.8,2024-04-22
2024042201019807,MKHL,58,36,10.0,504.7,5047.0,2024-04-22
2024042201019806,MKHL,58,58,582.0,504.7,293735.4,2024-04-22
2024042201019805,MKHL,58,13,500.0,504.7,252350.0,2024-04-22
2024042201019804,MKHL,58,20,250.0,504.7,126175.0,2024-04-22
2024042201019803,MKHL,58,58,10.0,504.3,5043.0,2024-04-22
2024042201019802,MKHL,58,16,1000.0,504.0,504000.0,2024-04-22
2024042201019801,MKHL,58,34,10.0,504.0,5040.0,2024-04-22
2024042201019800,MKHL,58,41,50.0,504.0,25200.0,2024-04-22
2024042201019799,MKHL,58,38,10.0,504.0,5040.0,2024-04-22
2024042201019798,MKHL,58,34,700.0,504.0,352800.0,2024-04-22
2024042201019797,MKHL,58,57,10.0,504.0,5040.0,2024-04-22
2024042201019796,MKHL,58,42,300.0,504.0,151200.0,2024-04-22
2024042201019795,MKHL,58,28,50.0,504.0,25200.0,2024-04-22
2024042201019794,MKHL,58,22,10.0,504.0,5040.0,2024-04-22
2024042201019793,MKHL,58,28,10.0,504.0,5040.0,2024-04-22
2024042201019792,MKHL,58,61,10.0,504.0,5040.0,2024-04-22
2024042201019791,MKHL,58,58,10.0,504.0,5040.0,2024-04-22
2024042201019790,MKHL,58,36,46.0,503.8,23174.8,2024-04-22
2024042201019789,MKHL,58,58,10.0,503.0,5030.0,2024-04-22
2024042201019788,MKHL,58,48,100.0,503.0,50300.0,2024-04-22
2024042201019787,MKHL,58,41,50.0,503.0,25150.0,2024-04-22
2024042201019786,MKHL,58,43,10.0,503.0,5030.0,2024-04-22
2024042201019785,MKHL,58,38,100.0,503.0,50300.0,2024-04-22
2024042201019784,MKHL,58,56,10.0,503.0,5030.0,2024-04-22
2024042201019783,MKHL,58,38,10.0,502.0,5020.0,2024-04-22
2024042201019782,MKHL,58,55,10.0,502.0,5020.0,2024-04-22
2024042201019781,MKHL,58,21,10.0,501.0,5010.0,2024-04-22
2024042201019780,MKHL,58,41,500.0,501.0,250500.0,2024-04-22
2024042201019779,MKHL,58,41,10.0,500.8,5008.0,2024-04-22
2024042201019778,MKHL,58,22,280.0,500.0,140000.0,2024-04-22
2024042203007666,LICN,41,6,10.0,1333.0,13330.0,2024-04-22
2024042204007878,SPIL,89,14,360.0,739.9,266364.0,2024-04-22
2024042204007877,SPIL,89,7,30.0,735.0,22050.0,2024-04-22
2024042204007876,SPIL,89,44,20.0,735.0,14700.0,2024-04-22
2024042204007875,SPIL,89,43,10.0,734.0,7340.0,2024-04-22
2024042204007874,SPIL,89,41,268.0,732.9,196417.2,2024-04-22
2024042204007873,SPIL,89,58,100.0,732.0,73200.0,2024-04-22
2024042204007872,SPIL,89,1,27.0,730.0,19710.0,2024-04-22
2024042204007871,SPIL,89,7,30.0,728.0,21840.0,2024-04-22
2024042204007870,SPIL,89,34,27.0,727.0,19629.0,2024-04-22
2024042204007869,SPIL,89,25,28.0,724.9,20297.2,2024-04-22
2024042204007868,SPIL,89,19,100.0,721.7,72170.0,2024-04-22
2024042201019777,MKHL,38,22,20.0,500.0,10000.0,2024-04-22
2024042204007867,HPPL,38,91,10.0,257.1,2571.0,2024-04-22
2024042203007665,BFC,57,53,116.0,343.0,39788.0,2024-04-22
2024042203007664,BFC,38,53,100.0,343.0,34300.0,2024-04-22
2024042203007663,BFC,48,53,100.0,343.0,34300.0,2024-04-22
2024042203007662,BFC,54,53,10.0,343.0,3430.0,2024-04-22
2024042203007661,BFC,32,53,250.0,343.0,85750.0,2024-04-22
2024042203007660,BFC,33,53,500.0,343.1,171550.0,2024-04-22
2024042203007659,BFC,6,53,100.0,343.1,34310.0,2024-04-22
2024042203007658,BFC,45,53,350.0,343.3,120155.0,2024-04-22
2024042203007657,BFC,32,53,50.0,343.4,17170.0,2024-04-22
2024042203007656,BFC,21,53,50.0,343.5,17175.0,2024-04-22
2024042203007655,GUFL,33,45,79.0,755.0,59645.0,2024-04-22
2024042203007654,GUFL,33,7,21.0,755.0,15855.0,2024-04-22
2024042204007866,SICL,47,38,10.0,681.0,6810.0,2024-04-22
2024042204007865,UPPER,38,59,30.0,165.5,4965.0,2024-04-22
2024042201019776,RHGCL,69,16,202.0,351.7,71043.4,2024-04-22
2024042201019775,RHGCL,69,26,10.0,351.7,3517.0,2024-04-22
2024042201019774,RHGCL,69,38,10.0,351.7,3517.0,2024-04-22
2024042201019773,RHGCL,69,16,200.0,351.7,70340.0,2024-04-22
2024042201019772,RHGCL,69,45,50.0,351.7,17585.0,2024-04-22
2024042201019771,RHGCL,69,68,10.0,351.7,3517.0,2024-04-22
2024042201019770,RHGCL,69,55,10.0,351.0,3510.0,2024-04-22
2024042201019769,RHGCL,69,57,10.0,350.0,3500.0,2024-04-22
2024042201019768,RHGCL,69,13,10.0,350.0,3500.0,2024-04-22
2024042201019767,RHGCL,69,51,10.0,350.0,3500.0,2024-04-22
2024042201019766,RHGCL,69,33,10.0,350.0,3500.0,2024-04-22
2024042201019765,RHGCL,69,38,30.0,349.8,10494.0,2024-04-22
2024042201019764,RHGCL,69,58,200.0,349.0,69800.0,2024-04-22
2024042201019763,RHGCL,69,16,100.0,348.8,34880.0,2024-04-22
2024042201019762,RHGCL,69,16,100.0,348.8,34880.0,2024-04-22
2024042201019761,RHGCL,69,38,20.0,348.7,6974.0,2024-04-22
2024042201019760,RHGCL,69,45,100.0,348.3,34830.0,2024-04-22
2024042201019759,RHGCL,69,16,200.0,347.8,69560.0,2024-04-22
2024042201019758,RHGCL,69,57,195.0,347.0,67665.0,2024-04-22
2024042201019757,RHGCL,69,44,10.0,347.0,3470.0,2024-04-22
2024042201019756,RHGCL,69,44,203.0,346.8,70400.4,2024-04-22
2024042201019755,RHGCL,69,38,10.0,346.8,3468.0,2024-04-22
2024042201019754,RHGCL,69,45,10.0,346.8,3468.0,2024-04-22
2024042201019753,RHGCL,69,19,10.0,346.8,3468.0,2024-04-22
2024042201019752,RHGCL,69,39,50.0,346.0,17300.0,2024-04-22
2024042201019751,RHGCL,69,34,500.0,346.0,173000.0,2024-04-22
2024042201019750,RHGCL,69,58,10.0,346.0,3460.0,2024-04-22
2024042201019749,RHGCL,69,58,10.0,346.0,3460.0,2024-04-22
2024042201019748,RHGCL,69,45,10.0,345.0,3450.0,2024-04-22
2024042201019747,RHGCL,69,45,500.0,345.0,172500.0,2024-04-22
2024042201019746,RHGCL,69,45,10.0,345.0,3450.0,2024-04-22
2024042201019745,RHGCL,69,6,10.0,345.0,3450.0,2024-04-22
2024042201019744,RHGCL,69,39,10.0,345.0,3450.0,2024-04-22
2024042201019743,RHGCL,69,57,10.0,345.0,3450.0,2024-04-22
2024042201019742,RHGCL,69,65,20.0,345.0,6900.0,2024-04-22
2024042201019741,RHGCL,69,51,10.0,344.9,3449.0,2024-04-22
2024042201019740,RHGCL,69,45,130.0,344.9,44837.0,2024-04-22
2024042203007653,HLBSL,48,69,10.0,701.0,7010.0,2024-04-22
2024042205002963,NRN,14,21,10.0,497.5,4975.0,2024-04-22
2024042201019739,SMJC,52,1,200.0,367.6,73520.0,2024-04-22
2024042205002962,NRN,69,1,900.0,497.2,447480.0,2024-04-22
2024042201019738,EHPL,60,41,20.0,456.0,9120.0,2024-04-22
2024042201019737,MEHL,42,53,500.0,312.0,156000.0,2024-04-22
2024042201019736,ULHC,32,34,10.0,334.0,3340.0,2024-04-22
2024042201019735,PHCL,42,34,10.0,299.0,2990.0,2024-04-22
2024042201019734,SARBTM,34,38,81.0,799.0,64719.0,2024-04-22
2024042201019733,SRLI,59,48,10.0,428.0,4280.0,2024-04-22
2024042201019732,SRLI,59,38,10.0,428.0,4280.0,2024-04-22
2024042201019731,SRLI,59,58,10.0,428.0,4280.0,2024-04-22
2024042201019730,SRLI,59,89,10.0,428.0,4280.0,2024-04-22
2024042201019729,SRLI,59,16,10.0,428.0,4280.0,2024-04-22
2024042201019728,SARBTM,59,38,49.0,799.0,39151.0,2024-04-22
2024042204007864,TRH,22,54,100.0,715.6,71560.0,2024-04-22
2024042204007863,SJCL,52,19,10.0,274.5,2745.0,2024-04-22
2024042203007652,GLBSL,48,58,10.0,1765.0,17650.0,2024-04-22
2024042204007862,LEC,40,45,200.0,182.9,36580.0,2024-04-22
2024042201019727,PPL,62,17,2503.0,660.0,1651980.0,2024-04-22
2024042201019726,PPL,62,28,50.0,651.0,32550.0,2024-04-22
2024042201019725,PPL,62,65,200.0,651.0,130200.0,2024-04-22
2024042201019724,PPL,62,42,100.0,650.0,65000.0,2024-04-22
2024042201019723,PPL,62,26,10.0,650.0,6500.0,2024-04-22
2024042201019722,PPL,62,70,2000.0,650.0,1300000.0,2024-04-22
2024042201019721,PPL,62,49,490.0,650.0,318500.0,2024-04-22
2024042201019720,PPL,62,41,10.0,639.0,6390.0,2024-04-22
2024042201019719,PPL,62,70,770.0,637.0,490490.0,2024-04-22
2024042201019718,PPL,62,37,540.0,618.1,333774.0,2024-04-22
2024042201019717,PPL,62,45,1000.0,618.0,618000.0,2024-04-22
2024042201019716,PPL,62,50,30.0,618.0,18540.0,2024-04-22
2024042201019715,PPL,62,58,10.0,618.0,6180.0,2024-04-22
2024042201019714,PPL,62,45,160.0,617.6,98816.0,2024-04-22
2024042201019713,PPL,62,3,10.0,617.5,6175.0,2024-04-22
2024042201019712,PPL,62,6,10.0,617.5,6175.0,2024-04-22
2024042201019711,PPL,62,58,10.0,617.5,6175.0,2024-04-22
2024042201019710,PPL,62,29,50.0,617.5,30875.0,2024-04-22
2024042201019709,PPL,62,34,60.0,617.5,37050.0,2024-04-22
2024042201019708,PPL,62,22,40.0,617.4,24696.0,2024-04-22
2024042201019707,PPL,62,41,500.0,617.4,308700.0,2024-04-22
2024042201019706,PPL,62,41,500.0,617.4,308700.0,2024-04-22
2024042201019705,PPL,62,57,10.0,617.4,6174.0,2024-04-22
2024042201019704,PPL,62,71,100.0,617.3,61730.0,2024-04-22
2024042201019703,PPL,62,22,10.0,617.3,6173.0,2024-04-22
2024042201019702,PPL,62,45,1000.0,617.3,617300.0,2024-04-22
2024042201019701,PPL,62,19,1000.0,617.2,617200.0,2024-04-22
2024042201019700,PPL,62,47,220.0,617.2,135784.0,2024-04-22
2024042201019699,PPL,62,45,10.0,617.2,6172.0,2024-04-22
2024042201019698,PPL,62,4,10.0,617.2,6172.0,2024-04-22
2024042201019697,PPL,62,18,150.0,617.2,92580.0,2024-04-22
2024042201019696,PPL,62,45,500.0,617.1,308550.0,2024-04-22
2024042201019695,PPL,62,58,200.0,617.1,123420.0,2024-04-22
2024042201019694,PPL,62,55,10.0,617.0,6170.0,2024-04-22
2024042201019693,PPL,62,58,10.0,617.0,6170.0,2024-04-22
2024042201019692,PPL,62,71,1000.0,617.0,617000.0,2024-04-22
2024042201019691,PPL,62,8,10.0,617.0,6170.0,2024-04-22
2024042201019690,PPL,62,58,10.0,617.0,6170.0,2024-04-22
2024042201019689,PPL,62,69,10.0,617.0,6170.0,2024-04-22
2024042201019688,PPL,62,43,10.0,617.0,6170.0,2024-04-22
2024042201019687,PPL,62,34,100.0,617.0,61700.0,2024-04-22
2024042201019686,PPL,62,34,10.0,617.0,6170.0,2024-04-22
2024042201019685,PPL,62,58,10.0,617.0,6170.0,2024-04-22
2024042201019684,PPL,62,71,1000.0,616.9,616900.0,2024-04-22
2024042201019683,PPL,62,41,30.0,616.0,18480.0,2024-04-22
2024042201019682,PPL,62,58,10.0,615.0,6150.0,2024-04-22
2024042201019681,PPL,62,45,10.0,615.0,6150.0,2024-04-22
2024042201019680,PPL,62,35,10.0,615.0,6150.0,2024-04-22
2024042201019679,PPL,62,58,10.0,615.0,6150.0,2024-04-22
2024042201019678,PPL,62,34,10.0,615.0,6150.0,2024-04-22
2024042201019677,PPL,62,56,10.0,615.0,6150.0,2024-04-22
2024042201019676,PPL,62,45,10.0,615.0,6150.0,2024-04-22
2024042201019675,PPL,62,55,10.0,615.0,6150.0,2024-04-22
2024042201019674,PPL,62,49,10.0,614.0,6140.0,2024-04-22
2024042201019673,PPL,62,55,10.0,612.0,6120.0,2024-04-22
2024042201019672,PPL,62,49,10.0,612.0,6120.0,2024-04-22
2024042201019671,PPL,62,58,10.0,612.0,6120.0,2024-04-22
2024042201019670,PPL,62,14,10.0,611.0,6110.0,2024-04-22
2024042201019669,PPL,62,45,500.0,610.0,305000.0,2024-04-22
2024042201019668,PPL,62,50,30.0,610.0,18300.0,2024-04-22
2024042201019667,PPL,62,25,10.0,610.0,6100.0,2024-04-22
2024042201019666,PPL,62,35,10.0,610.0,6100.0,2024-04-22
2024042201019665,PPL,62,52,10.0,610.0,6100.0,2024-04-22
2024042201019664,PPL,62,49,10.0,610.0,6100.0,2024-04-22
2024042201019663,PPL,62,36,10.0,610.0,6100.0,2024-04-22
2024042201019662,PPL,62,6,10.0,610.0,6100.0,2024-04-22
2024042201019661,PPL,62,57,10.0,610.0,6100.0,2024-04-22
2024042201019660,PPL,62,38,10.0,610.0,6100.0,2024-04-22
2024042201019659,PPL,62,22,10.0,609.0,6090.0,2024-04-22
2024042201019658,PPL,62,45,10.0,609.0,6090.0,2024-04-22
2024042201019657,PPL,62,58,10.0,609.0,6090.0,2024-04-22
2024042201019656,PPL,62,29,10.0,608.0,6080.0,2024-04-22
2024042201019655,PPL,62,22,10.0,608.0,6080.0,2024-04-22
2024042201019654,PPL,62,39,10.0,608.0,6080.0,2024-04-22
2024042201019653,PPL,62,45,10.0,608.0,6080.0,2024-04-22
2024042201019652,PPL,62,28,400.0,608.0,243200.0,2024-04-22
2024042201019651,PPL,62,28,200.0,607.0,121400.0,2024-04-22
2024042201019650,PPL,62,13,10.0,607.0,6070.0,2024-04-22
2024042201019649,PPL,62,58,10.0,607.0,6070.0,2024-04-22
2024042201019648,PPL,62,42,10.0,607.0,6070.0,2024-04-22
2024042201019647,PPL,62,28,77.0,607.0,46739.0,2024-04-22
2024042201019646,PPL,62,25,10.0,606.0,6060.0,2024-04-22
2024042201019645,SONA,70,58,30.0,447.0,13410.0,2024-04-22
2024042204007861,MEN,16,44,15.0,521.9,7828.5,2024-04-22
2024042204007860,MEN,16,7,55.0,521.0,28655.0,2024-04-22
2024042205002961,CIT,58,16,100.0,2100.0,210000.0,2024-04-22
2024042201019644,SONA,70,49,80.0,447.0,35760.0,2024-04-22
2024042204007859,GHL,49,45,200.0,150.0,30000.0,2024-04-22
2024042201019643,SARBTM,38,49,30.0,798.0,23940.0,2024-04-22
2024042205002960,NIFRA,38,52,10.0,198.0,1980.0,2024-04-22
2024042203007651,NLIC,6,45,10.0,587.5,5875.0,2024-04-22
2024042201019642,SHLB,38,38,10.0,1240.0,12400.0,2024-04-22
2024042203007650,EDBL,14,42,130.0,358.8,46644.0,2024-04-22
2024042203007649,EDBL,14,46,10.0,357.1,3571.0,2024-04-22
2024042203007648,EDBL,14,10,70.0,357.1,24997.0,2024-04-22
2024042203007647,EDBL,14,57,200.0,355.0,71000.0,2024-04-22
2024042203007646,EDBL,14,5,50.0,355.0,17750.0,2024-04-22
2024042203007645,EDBL,14,5,50.0,355.0,17750.0,2024-04-22
2024042203007644,EDBL,14,34,190.0,353.0,67070.0,2024-04-22
2024042201019641,CZBIL,38,49,10.0,155.9,1559.0,2024-04-22
2024042201019640,NMB,37,49,10.0,173.0,1730.0,2024-04-22
2024042204007858,SSHL,17,7,10.0,159.0,1590.0,2024-04-22
2024042203007643,MDB,60,64,50.0,422.0,21100.0,2024-04-22
2024042201019639,UNLB,88,32,30.0,1618.0,48540.0,2024-04-22
2024042204007857,RIDI,32,14,30.0,170.0,5100.0,2024-04-22
2024042203007642,MFIL,34,26,95.0,498.0,47310.0,2024-04-22
2024042201019638,NRM,38,34,100.0,353.1,35310.0,2024-04-22
2024042201019637,SMHL,34,94,10.0,438.5,4385.0,2024-04-22
2024042203007641,SKBBL,42,42,72.0,799.0,57528.0,2024-04-22
2024042203007640,SKBBL,46,42,20.0,799.0,15980.0,2024-04-22
2024042203007639,SKBBL,17,42,167.0,799.0,133433.0,2024-04-22
2024042204007856,JOSHI,41,42,20.0,359.0,7180.0,2024-04-22
2024042205002959,HRL,4,26,140.0,595.0,83300.0,2024-04-22
2024042205002958,HRL,13,26,20.0,595.1,11902.0,2024-04-22
2024042203007638,LBBL,22,50,10.0,367.0,3670.0,2024-04-22
2024042203007637,HLI,49,22,125.0,385.7,48212.5,2024-04-22
2024042203007636,HLI,74,22,175.0,385.8,67515.0,2024-04-22
2024042203007635,SMFBS,18,84,10.0,1147.0,11470.0,2024-04-22
2024042203007634,SHINE,52,44,175.0,359.0,62825.0,2024-04-22
2024042203007633,SHINE,52,50,25.0,359.0,8975.0,2024-04-22
2024042203007632,JFL,59,11,10.0,433.2,4332.0,2024-04-22
2024042204007855,SGIC,16,45,10.0,513.0,5130.0,2024-04-22
2024042205002957,STC,55,62,50.0,4375.1,218755.0,2024-04-22
2024042201019636,SARBTM,42,62,230.0,796.1,183103.0,2024-04-22
2024042201019635,SARBTM,14,62,50.0,796.2,39810.0,2024-04-22
2024042201019634,SARBTM,49,62,80.0,796.2,63696.0,2024-04-22
2024042201019633,SARBTM,21,62,200.0,796.3,159260.0,2024-04-22
2024042201019632,SARBTM,69,62,200.0,796.3,159260.0,2024-04-22
2024042201019631,SARBTM,48,62,30.0,796.3,23889.0,2024-04-22
2024042201019630,SARBTM,34,62,50.0,796.4,39820.0,2024-04-22
2024042201019629,SARBTM,78,62,50.0,796.4,39820.0,2024-04-22
2024042201019628,SARBTM,16,62,10.0,797.0,7970.0,2024-04-22
2024042201019627,SARBTM,38,62,50.0,797.0,39850.0,2024-04-22
2024042201019626,SARBTM,58,62,100.0,798.0,79800.0,2024-04-22
2024042201019625,MSHL,58,57,10.0,621.5,6215.0,2024-04-22
2024042201019624,MSHL,58,59,10.0,621.5,6215.0,2024-04-22
2024042201019623,MSHL,58,58,10.0,621.0,6210.0,2024-04-22
2024042201019622,MSHL,58,6,10.0,621.0,6210.0,2024-04-22
2024042201019621,MSHL,58,14,10.0,620.0,6200.0,2024-04-22
2024042201019620,MSHL,58,17,24.0,619.0,14856.0,2024-04-22
2024042201019619,MSHL,58,64,20.0,618.9,12378.0,2024-04-22
2024042204007854,NGPL,59,41,50.0,310.0,15500.0,2024-04-22
2024042201019618,MKHL,58,21,161.0,500.0,80500.0,2024-04-22
2024042201019617,MKHL,58,50,30.0,499.1,14973.0,2024-04-22
2024042203007631,SLBBL,53,16,69.0,650.0,44850.0,2024-04-22
2024042203007630,SLBBL,51,16,131.0,650.0,85150.0,2024-04-22
2024042203007629,ALBSL,49,32,40.0,717.9,28716.0,2024-04-22
2024042201019616,MKLB,63,26,145.0,950.0,137750.0,2024-04-22
2024042201019615,MKLB,63,28,55.0,950.0,52250.0,2024-04-22
2024042201019614,SONA,70,16,50.0,447.0,22350.0,2024-04-22
2024042201019613,SONA,70,8,70.0,447.0,31290.0,2024-04-22
2024042201019612,MKHC,5,20,10.0,323.0,3230.0,2024-04-22
2024042205002956,NIFRA,29,38,927.0,197.0,182619.0,2024-04-22
2024042205002955,NIFRA,58,38,250.0,197.0,49250.0,2024-04-22
2024042205002954,NIFRA,22,38,100.0,197.0,19700.0,2024-04-22
2024042205002953,NIFRA,34,38,100.0,197.0,19700.0,2024-04-22
2024042205002952,NIFRA,34,38,30.0,197.0,5910.0,2024-04-22
2024042205002951,NIFRA,57,38,100.0,197.0,19700.0,2024-04-22
2024042205002950,NIFRA,3,38,200.0,197.0,39400.0,2024-04-22
2024042205002949,NIFRA,58,38,50.0,197.0,9850.0,2024-04-22
2024042205002948,NIFRA,67,38,243.0,197.0,47871.0,2024-04-22
2024042205002947,NIFRA,47,38,1000.0,197.1,197100.0,2024-04-22
2024042204007853,SPDL,17,26,20.0,231.0,4620.0,2024-04-22
2024042204007852,CHCL,42,94,20.0,438.0,8760.0,2024-04-22
2024042204007851,CHCL,50,94,50.0,438.0,21900.0,2024-04-22
2024042204007850,CHCL,7,94,100.0,438.0,43800.0,2024-04-22
2024042204007849,CHCL,33,94,50.0,438.0,21900.0,2024-04-22
2024042204007848,CHCL,59,94,100.0,438.0,43800.0,2024-04-22
2024042204007847,CHCL,25,94,25.0,438.0,10950.0,2024-04-22
2024042204007846,CHCL,46,94,20.0,438.0,8760.0,2024-04-22
2024042204007845,CHCL,7,94,50.0,438.0,21900.0,2024-04-22
2024042204007844,CHCL,58,94,100.0,438.0,43800.0,2024-04-22
2024042204007843,CHCL,36,94,20.0,438.0,8760.0,2024-04-22
2024042204007842,CHCL,49,94,40.0,438.0,17520.0,2024-04-22
2024042204007841,CHCL,25,94,50.0,438.0,21900.0,2024-04-22
2024042204007840,CHCL,49,94,470.0,438.0,205860.0,2024-04-22
2024042204007839,CHCL,28,94,500.0,438.1,219050.0,2024-04-22
2024042204007838,CHCL,26,94,150.0,438.1,65715.0,2024-04-22
2024042204007837,CHCL,51,94,10.0,438.1,4381.0,2024-04-22
2024042204007836,CHCL,28,94,326.0,438.2,142853.2,2024-04-22
2024042201019611,NRM,38,34,120.0,353.1,42372.0,2024-04-22
2024042201019610,SONA,34,8,30.0,447.0,13410.0,2024-04-22
2024042203007628,SJLIC,51,25,200.0,423.1,84620.0,2024-04-22
2024042205002946,SBCF,52,38,300.0,7.64,2292.0,2024-04-22
2024042204007835,HDHPC,45,66,300.0,131.5,39450.0,2024-04-22
2024042201019609,SBL,8,11,25.0,216.6,5415.0,2024-04-22
2024042201019608,SBL,50,11,1000.0,216.7,216700.0,2024-04-22
2024042201019607,SBL,39,11,10.0,216.7,2167.0,2024-04-22
2024042201019606,SBL,57,11,100.0,217.0,21700.0,2024-04-22
2024042203007627,GILB,42,62,10.0,970.0,9700.0,2024-04-22
2024042203007626,JFL,58,34,10.0,438.9,4389.0,2024-04-22
2024042203007625,JFL,58,58,190.0,435.0,82650.0,2024-04-22
2024042203007624,GFCL,34,59,10.0,440.0,4400.0,2024-04-22
2024042201019605,MLBS,35,6,10.0,1273.9,12739.0,2024-04-22
2024042204007834,HEI,66,51,60.0,581.8,34908.0,2024-04-22
2024042204007833,HEI,66,43,40.0,581.7,23268.0,2024-04-22
2024042204007832,NGPL,59,64,364.0,310.0,112840.0,2024-04-22
2024042204007831,UNHPL,58,34,10.0,226.0,2260.0,2024-04-22
2024042203007623,ACLBSL,62,85,65.0,756.7,49185.5,2024-04-22
2024042203007622,ACLBSL,58,85,20.0,757.0,15140.0,2024-04-22
2024042204007830,UPPER,38,36,23.0,165.0,3795.0,2024-04-22
2024042204007829,UPPER,59,36,500.0,165.0,82500.0,2024-04-22
2024042204007828,UPPER,56,36,477.0,165.0,78705.0,2024-04-22
2024042203007621,SINDU,42,42,50.0,349.0,17450.0,2024-04-22
2024042203007620,NUBL,8,42,200.0,625.6,125120.0,2024-04-22
2024042203007619,NUBL,53,42,280.0,625.6,175168.0,2024-04-22
2024042204007827,CHL,64,50,162.0,320.0,51840.0,2024-04-22
2024042204007826,CHL,64,35,494.0,320.0,158080.0,2024-04-22
2024042204007825,CHL,64,57,450.0,319.9,143955.0,2024-04-22
2024042204007824,CHL,64,1,200.0,319.0,63800.0,2024-04-22
2024042204007823,CHL,64,16,54.0,319.0,17226.0,2024-04-22
2024042204007822,CHL,64,22,140.0,318.5,44590.0,2024-04-22
2024042205002945,CHDC,46,6,10.0,788.0,7880.0,2024-04-22
2024042203007618,WNLB,35,57,10.0,1350.0,13500.0,2024-04-22
2024042201019604,NRM,38,45,684.0,353.1,241520.4,2024-04-22
2024042201019603,NRM,21,45,170.0,353.1,60027.0,2024-04-22
2024042204007821,SHPC,16,62,163.0,323.2,52681.6,2024-04-22
2024042204007820,SHPC,44,62,300.0,323.4,97020.0,2024-04-22
2024042204007819,SHPC,6,62,40.0,323.4,12936.0,2024-04-22
2024042204007818,SHPC,49,62,55.0,323.5,17792.5,2024-04-22
2024042204007817,SHPC,16,62,142.0,323.6,45951.2,2024-04-22
2024042204007816,SHPC,22,62,300.0,323.7,97110.0,2024-04-22
2024042203007617,ICFC,62,41,100.0,492.0,49200.0,2024-04-22
2024042205002944,NRN,69,47,420.0,497.2,208824.0,2024-04-22
2024042201019602,MKHL,58,21,360.0,500.0,180000.0,2024-04-22
2024042201019601,MKHL,58,50,200.0,500.0,100000.0,2024-04-22
2024042201019600,MKHL,58,48,100.0,500.0,50000.0,2024-04-22
2024042201019599,MKHL,58,50,100.0,500.0,50000.0,2024-04-22
2024042201019598,MKHL,58,4,10.0,500.0,5000.0,2024-04-22
2024042201019597,MKHL,58,42,50.0,500.0,25000.0,2024-04-22
2024042201019596,MKHL,58,58,10.0,500.0,5000.0,2024-04-22
2024042201019595,MKHL,58,54,10.0,500.0,5000.0,2024-04-22
2024042201019594,MKHL,58,58,10.0,500.0,5000.0,2024-04-22
2024042201019593,MKHL,58,58,10.0,500.0,5000.0,2024-04-22
2024042201019592,MKHL,58,8,10.0,500.0,5000.0,2024-04-22
2024042201019591,MKHL,58,22,130.0,495.0,64350.0,2024-04-22
2024042203007616,MLBL,33,32,160.0,315.0,50400.0,2024-04-22
2024042201019590,NWCL,6,80,10.0,725.0,7250.0,2024-04-22
2024042203007615,SJLIC,39,55,100.0,424.0,42400.0,2024-04-22
2024042201019589,DOLTI,34,14,72.0,451.1,32479.2,2024-04-22
2024042201019588,DOLTI,49,14,10.0,452.0,4520.0,2024-04-22
2024042201019587,DOLTI,41,14,200.0,452.0,90400.0,2024-04-22
2024042201019586,DOLTI,4,14,500.0,452.0,226000.0,2024-04-22
2024042201019585,DOLTI,26,14,100.0,452.0,45200.0,2024-04-22
2024042201019584,DOLTI,58,14,400.0,452.1,180840.0,2024-04-22
2024042201019583,DOLTI,19,14,100.0,452.2,45220.0,2024-04-22
2024042201019582,DOLTI,95,14,518.0,452.4,234343.2,2024-04-22
2024042201019581,EBL,38,8,170.0,504.0,85680.0,2024-04-22
2024042201019580,GVL,42,45,10.0,424.0,4240.0,2024-04-22
2024042203007614,GUFL,41,45,5746.0,754.6,4335931.6,2024-04-22
2024042203007613,GUFL,7,45,154.0,754.7,116223.8,2024-04-22
2024042201019579,MMKJL,47,19,118.0,420.0,49560.0,2024-04-22
2024042205002943,SMATA,32,33,25.0,705.0,17625.0,2024-04-22
2024042201019578,HHL,57,29,10.0,362.0,3620.0,2024-04-22
2024042201019577,MHCL,50,71,16.0,383.0,6128.0,2024-04-22
2024042204007815,DHPL,3,57,20.0,199.0,3980.0,2024-04-22
2024042201019576,CKHL,37,7,40.0,522.0,20880.0,2024-04-22
2024042204007814,LEC,38,26,10.0,184.0,1840.0,2024-04-22
2024042205002942,HRL,13,38,60.0,595.1,35706.0,2024-04-22
2024042204007813,SHEL,57,26,20.0,164.7,3294.0,2024-04-22
2024042204007812,SHEL,33,26,500.0,164.7,82350.0,2024-04-22
2024042204007811,SHEL,42,26,45.0,165.0,7425.0,2024-04-22
2024042204007810,SHEL,58,26,50.0,165.0,8250.0,2024-04-22
2024042204007809,SHEL,86,26,100.0,165.0,16500.0,2024-04-22
2024042204007808,SHEL,28,26,100.0,165.0,16500.0,2024-04-22
2024042204007807,SHEL,58,26,55.0,165.0,9075.0,2024-04-22
2024042204007806,SHEL,16,26,1000.0,165.0,165000.0,2024-04-22
2024042204007805,SHEL,4,26,300.0,165.0,49500.0,2024-04-22
2024042204007804,SHEL,58,26,120.0,165.1,19812.0,2024-04-22
2024042204007803,SHEL,36,26,100.0,165.1,16510.0,2024-04-22
2024042204007802,SHEL,20,26,90.0,165.6,14904.0,2024-04-22
2024042204007801,SHEL,39,26,20.0,166.0,3320.0,2024-04-22
2024042201019575,KBL,42,32,10.0,132.0,1320.0,2024-04-22
2024042205002941,NRN,69,26,1150.0,497.2,571780.0,2024-04-22
2024042203007612,NFS,58,54,70.0,430.1,30107.0,2024-04-22
2024042203007611,NFS,38,54,100.0,431.0,43100.0,2024-04-22
2024042203007610,NFS,57,54,120.0,431.5,51780.0,2024-04-22
2024042205002940,HRL,13,52,20.0,595.1,11902.0,2024-04-22
2024042201019574,MMKJL,66,91,10.0,421.9,4219.0,2024-04-22
2024042204007800,KKHC,13,11,30.0,231.0,6930.0,2024-04-22
2024042204007799,KKHC,13,34,10.0,229.7,2297.0,2024-04-22
2024042201019573,NBL,49,45,100.0,200.0,20000.0,2024-04-22
2024042201019572,NBL,52,45,50.0,200.0,10000.0,2024-04-22
2024042201019571,NBL,63,45,80.0,200.0,16000.0,2024-04-22
2024042201019570,NBL,42,45,35.0,200.0,7000.0,2024-04-22
2024042201019569,NBL,42,45,29.0,200.0,5800.0,2024-04-22
2024042201019568,MANDU,45,19,20.0,738.0,14760.0,2024-04-22
2024042203007609,GUFL,7,41,20.0,754.7,15094.0,2024-04-22
2024042205002939,HRL,58,57,10.0,596.0,5960.0,2024-04-22
2024042205002938,HRL,58,34,30.0,595.5,17865.0,2024-04-22
2024042205002937,HRL,58,57,10.0,595.5,5955.0,2024-04-22
2024042201019567,KBL,19,32,150.0,132.0,19800.0,2024-04-22
2024042203007608,SIFC,33,63,735.0,366.4,269304.0,2024-04-22
2024042203007607,SIFC,17,63,100.0,366.4,36640.0,2024-04-22
2024042203007606,SIFC,29,63,10.0,366.6,3666.0,2024-04-22
2024042203007605,SIFC,59,63,100.0,366.6,36660.0,2024-04-22
2024042203007604,SIFC,25,63,55.0,366.7,20168.5,2024-04-22
2024042205002936,STC,43,16,16.0,4380.0,70080.0,2024-04-22
2024042203007603,VLBS,86,50,240.0,691.0,165840.0,2024-04-22
2024042203007602,VLBS,25,50,10.0,699.8,6998.0,2024-04-22
2024042201019566,SONA,35,7,10.0,446.5,4465.0,2024-04-22
2024042201019565,MKHL,34,22,10.0,495.0,4950.0,2024-04-22
2024042201019564,CLI,35,49,10.0,435.0,4350.0,2024-04-22
2024042201019563,CYCL,25,55,20.0,1600.0,32000.0,2024-04-22
2024042201019562,CYCL,25,16,13.0,1600.0,20800.0,2024-04-22
2024042201019561,CYCL,25,42,130.0,1600.0,208000.0,2024-04-22
2024042201019560,CYCL,25,25,120.0,1600.0,192000.0,2024-04-22
2024042201019559,CYCL,25,35,100.0,1600.0,160000.0,2024-04-22
2024042201019558,CYCL,25,35,35.0,1600.0,56000.0,2024-04-22
2024042201019557,RHGCL,45,45,10.0,344.9,3449.0,2024-04-22
2024042203007601,NUBL,53,16,660.0,625.6,412896.0,2024-04-22
2024042204007798,PMHPL,34,57,30.0,226.0,6780.0,2024-04-22
2024042204007797,PMHPL,51,57,100.0,226.0,22600.0,2024-04-22
2024042204007796,PMHPL,45,57,10.0,227.8,2278.0,2024-04-22
2024042201019556,CYCL,49,35,65.0,1600.0,104000.0,2024-04-22
2024042201019555,CYCL,49,5,170.0,1599.7,271949.0,2024-04-22
2024042201019554,CYCL,49,54,200.0,1599.0,319800.0,2024-04-22
2024042201019553,CYCL,49,34,54.0,1599.0,86346.0,2024-04-22
2024042201019552,CYCL,49,34,11.0,1590.0,17490.0,2024-04-22
2024042201019551,GCIL,36,49,11.0,493.0,5423.0,2024-04-22
2024042204007795,API,58,50,133.0,170.8,22716.4,2024-04-22
2024042204007794,API,44,50,267.0,170.8,45603.6,2024-04-22
2024042201019550,TSHL,72,13,10.0,521.0,5210.0,2024-04-22
2024042201019549,EBLD85,17,58,25.0,1091.4,27285.0,2024-04-22
2024042201019548,SMJC,52,64,820.0,367.6,301432.0,2024-04-22
2024042201019547,SMJC,63,64,100.0,367.6,36760.0,2024-04-22
2024042204007793,AKPL,22,64,49.0,167.0,8183.0,2024-04-22
2024042204007792,AKPL,52,64,100.0,167.0,16700.0,2024-04-22
2024042204007791,AKPL,41,64,10.0,167.0,1670.0,2024-04-22
2024042204007790,AKPL,59,64,181.0,167.0,30227.0,2024-04-22
2024042204007789,CHL,53,22,10.0,318.9,3189.0,2024-04-22
2024042201019546,VLUCL,42,38,41.0,481.0,19721.0,2024-04-22
2024042201019545,VLUCL,42,8,34.0,478.0,16252.0,2024-04-22
2024042201019544,VLUCL,42,44,30.0,478.0,14340.0,2024-04-22
2024042201019543,VLUCL,42,21,95.0,477.2,45334.0,2024-04-22
2024042203007600,ICFC,21,41,15.0,492.0,7380.0,2024-04-22
2024042204007788,MEN,26,44,59.0,520.0,30680.0,2024-04-22
2024042204007787,MEN,26,44,241.0,520.0,125320.0,2024-04-22
2024042203007599,ALICL,44,45,12.0,548.7,6584.4,2024-04-22
2024042203007598,ALICL,51,45,50.0,548.7,27435.0,2024-04-22
2024042203007597,NLIC,14,53,50.0,585.5,29275.0,2024-04-22
2024042201019542,MMKJL,47,49,10.0,420.0,4200.0,2024-04-22
2024042204007786,LEC,40,49,100.0,182.9,18290.0,2024-04-22
2024042203007596,MERO,32,51,10.0,612.0,6120.0,2024-04-22
2024042201019541,VLUCL,54,21,62.0,476.0,29512.0,2024-04-22
2024042201019540,GCIL,59,43,25.0,493.0,12325.0,2024-04-22
2024042203007595,ILBS,74,34,316.0,946.0,298936.0,2024-04-22
2024042203007594,ILBS,74,34,19.0,945.0,17955.0,2024-04-22
2024042203007593,ILBS,74,59,11.0,945.0,10395.0,2024-04-22
2024042203007592,ILBS,74,43,203.0,944.9,191814.7,2024-04-22
2024042203007591,ILBS,74,1,401.0,944.8,378864.8,2024-04-22
2024042203007590,ILBS,74,57,50.0,944.0,47200.0,2024-04-22
2024042203007589,ALBSL,62,48,10.0,715.0,7150.0,2024-04-22
2024042203007588,ALBSL,62,49,10.0,710.0,7100.0,2024-04-22
2024042203007587,ALBSL,62,57,10.0,709.0,7090.0,2024-04-22
2024042203007586,ALBSL,62,57,10.0,705.0,7050.0,2024-04-22
2024042201019539,PCBL,54,6,30.0,191.0,5730.0,2024-04-22
2024042204007785,NGPL,43,64,100.0,310.0,31000.0,2024-04-22
2024042201019538,NABIL,28,21,40.0,429.0,17160.0,2024-04-22
2024042203007585,CORBL,55,52,10.0,425.9,4259.0,2024-04-22
2024042203007584,SFCL,7,14,10.0,312.0,3120.0,2024-04-22
2024042201019537,BEDC,7,41,10.0,365.0,3650.0,2024-04-22
2024042203007583,GUFL,45,7,19.0,755.0,14345.0,2024-04-22
2024042201019536,UHEWA,4,53,200.0,402.0,80400.0,2024-04-22
2024042201019535,MLBS,34,6,100.0,1273.9,127390.0,2024-04-22
2024042201019534,SONA,35,38,10.0,446.4,4464.0,2024-04-22
2024042201019533,MANDU,48,17,10.0,726.0,7260.0,2024-04-22
2024042203007582,KSBBL,6,33,38.0,347.5,13205.0,2024-04-22
2024042203007581,KSBBL,6,32,12.0,347.0,4164.0,2024-04-22
2024042201019532,BHDC,50,50,10.0,479.9,4799.0,2024-04-22
2024042201019531,BHDC,50,32,10.0,479.0,4790.0,2024-04-22
2024042201019530,BNHC,54,32,10.0,455.0,4550.0,2024-04-22
2024042201019529,SBI,44,34,30.0,277.0,8310.0,2024-04-22
2024042201019528,SBI,44,42,10.0,275.0,2750.0,2024-04-22
2024042201019527,SBI,44,49,66.0,274.0,18084.0,2024-04-22
2024042201019526,SBI,44,58,328.0,272.0,89216.0,2024-04-22
2024042204007784,UMRH,58,48,10.0,337.1,3371.0,2024-04-22
2024042204007783,CHL,25,16,36.0,319.0,11484.0,2024-04-22
2024042204007782,GHL,72,16,30.0,149.1,4473.0,2024-04-22
2024042201019525,SHIVM,56,6,300.0,508.0,152400.0,2024-04-22
2024042201019524,SHIVM,56,34,14.0,508.0,7112.0,2024-04-22
2024042201019523,SHIVM,56,16,150.0,508.0,76200.0,2024-04-22
2024042201019522,SHIVM,56,22,137.0,508.0,69596.0,2024-04-22
2024042205002935,CHDC,32,6,10.0,777.1,7771.0,2024-04-22
2024042205002934,CHDC,43,6,10.0,777.8,7778.0,2024-04-22
2024042205002933,CHDC,22,6,30.0,780.0,23400.0,2024-04-22
2024042203007580,MSLB,22,6,20.0,1096.0,21920.0,2024-04-22
2024042201019521,DOLTI,95,6,50.0,452.4,22620.0,2024-04-22
2024042204007781,UAIL,50,67,20.0,524.9,10498.0,2024-04-22
2024042204007780,UAIL,50,45,100.0,524.0,52400.0,2024-04-22
2024042204007779,SJCL,13,40,130.0,271.1,35243.0,2024-04-22
2024042203007579,PMLI,7,22,10.0,501.0,5010.0,2024-04-22
2024042205002932,NRIC,34,22,10.0,710.1,7101.0,2024-04-22
2024042203007578,HLI,38,47,50.0,386.9,19345.0,2024-04-22
2024042203007577,BFC,22,53,500.0,344.0,172000.0,2024-04-22
2024042201019520,MBJC,42,42,10.0,300.0,3000.0,2024-04-22
2024042201019519,MKHL,58,21,600.0,494.9,296940.0,2024-04-22
2024042203007576,WNLB,35,34,80.0,1339.3,107144.0,2024-04-22
2024042203007575,WNLB,35,53,15.0,1339.0,20085.0,2024-04-22
2024042203007574,WNLB,35,26,100.0,1338.0,133800.0,2024-04-22
2024042201019518,NYADI,58,18,400.0,296.0,118400.0,2024-04-22
2024042205002931,NTC,13,42,12.0,825.3,9903.6,2024-04-22
2024042203007573,MLBL,47,45,126.0,314.0,39564.0,2024-04-22
2024042204007778,JOSHI,41,40,500.0,359.0,179500.0,2024-04-22
2024042204007777,JOSHI,41,51,115.0,359.0,41285.0,2024-04-22
2024042204007776,JOSHI,41,52,20.0,359.0,7180.0,2024-04-22
2024042204007775,JOSHI,41,26,50.0,358.0,17900.0,2024-04-22
2024042204007774,JOSHI,41,45,50.0,358.0,17900.0,2024-04-22
2024042204007773,JOSHI,41,35,85.0,357.5,30387.5,2024-04-22
2024042204007772,JOSHI,41,58,20.0,357.0,7140.0,2024-04-22
2024042204007771,JOSHI,41,25,300.0,357.0,107100.0,2024-04-22
2024042204007770,JOSHI,41,51,600.0,356.0,213600.0,2024-04-22
2024042204007769,JOSHI,41,58,10.0,356.0,3560.0,2024-04-22
2024042204007768,JOSHI,41,34,615.0,356.0,218940.0,2024-04-22
2024042204007767,JOSHI,41,67,200.0,356.0,71200.0,2024-04-22
2024042204007766,JOSHI,41,70,425.0,356.0,151300.0,2024-04-22
2024042204007765,JOSHI,41,54,100.0,355.9,35590.0,2024-04-22
2024042204007764,JOSHI,41,57,1505.0,355.4,534877.0,2024-04-22
2024042204007763,CHCL,58,94,60.0,439.0,26340.0,2024-04-22
2024042203007572,GUFL,45,57,40.0,755.0,30200.0,2024-04-22
2024042203007571,GUFL,6,57,10.0,756.0,7560.0,2024-04-22
2024042203007570,PFL,71,57,80.0,513.1,41048.0,2024-04-22
2024042201019517,ULHC,36,5,145.0,338.9,49140.5,2024-04-22
2024042201019516,ULHC,36,56,15.0,338.0,5070.0,2024-04-22
2024042201019515,ULHC,36,1,30.0,338.0,10140.0,2024-04-22
2024042204007762,SSHL,17,44,10.0,160.0,1600.0,2024-04-22
2024042205002930,CIT,58,17,76.0,2100.0,159600.0,2024-04-22
2024042201019514,MKLB,17,45,10.0,954.0,9540.0,2024-04-22
2024042201019513,MKHL,58,26,480.0,494.9,237552.0,2024-04-22
2024042201019512,MKHL,43,26,60.0,495.0,29700.0,2024-04-22
2024042205002929,NTC,49,42,10.0,826.0,8260.0,2024-04-22
2024042205002928,NTC,42,42,100.0,826.0,82600.0,2024-04-22
2024042205002927,NTC,42,42,50.0,826.0,41300.0,2024-04-22
2024042205002926,NTC,45,42,10.0,826.0,8260.0,2024-04-22
2024042205002925,NTC,57,42,50.0,826.0,41300.0,2024-04-22
2024042205002924,NTC,53,42,30.0,826.0,24780.0,2024-04-22
2024042205002923,NTC,39,42,30.0,826.8,24804.0,2024-04-22
2024042205002922,NTC,45,42,10.0,827.0,8270.0,2024-04-22
2024042205002921,NTC,48,42,40.0,827.0,33080.0,2024-04-22
2024042201019511,MKHC,18,20,690.0,323.0,222870.0,2024-04-22
2024042201019510,MKHC,18,83,100.0,322.0,32200.0,2024-04-22
2024042201019509,MKHC,18,35,100.0,320.0,32000.0,2024-04-22
2024042201019508,MKHC,18,38,70.0,320.0,22400.0,2024-04-22
2024042201019507,MKHC,18,42,40.0,320.0,12800.0,2024-04-22
2024042201019506,RHGCL,25,45,860.0,344.9,296614.0,2024-04-22
2024042201019505,RHGCL,25,16,40.0,344.9,13796.0,2024-04-22
2024042201019504,RHGCL,25,26,100.0,344.7,34470.0,2024-04-22
2024042201019503,RHGCL,25,51,10.0,344.7,3447.0,2024-04-22
2024042201019502,RHGCL,25,16,100.0,344.7,34470.0,2024-04-22
2024042201019501,RHGCL,25,54,200.0,344.5,68900.0,2024-04-22
2024042201019500,RHGCL,25,49,10.0,344.0,3440.0,2024-04-22
2024042201019499,RHGCL,25,59,100.0,344.0,34400.0,2024-04-22
2024042201019498,RHGCL,25,34,10.0,343.8,3438.0,2024-04-22
2024042201019497,RHGCL,25,71,1000.0,343.8,343800.0,2024-04-22
2024042201019496,RHGCL,25,16,250.0,343.0,85750.0,2024-04-22
2024042201019495,RHGCL,25,57,10.0,343.0,3430.0,2024-04-22
2024042201019494,RHGCL,25,62,10.0,343.0,3430.0,2024-04-22
2024042201019493,RHGCL,25,39,10.0,343.0,3430.0,2024-04-22
2024042201019492,RHGCL,25,16,300.0,342.7,102810.0,2024-04-22
2024042201019491,RHGCL,25,49,10.0,342.0,3420.0,2024-04-22
2024042201019490,RHGCL,25,41,50.0,342.0,17100.0,2024-04-22
2024042201019489,RHGCL,25,35,10.0,342.0,3420.0,2024-04-22
2024042201019488,RHGCL,25,45,10.0,342.0,3420.0,2024-04-22
2024042201019487,RHGCL,25,38,10.0,342.0,3420.0,2024-04-22
2024042201019486,RHGCL,25,45,10.0,341.0,3410.0,2024-04-22
2024042201019485,RHGCL,25,19,500.0,341.0,170500.0,2024-04-22
2024042201019484,RHGCL,25,7,10.0,341.0,3410.0,2024-04-22
2024042201019483,RHGCL,25,21,300.0,340.0,102000.0,2024-04-22
2024042201019482,RHGCL,25,21,400.0,340.0,136000.0,2024-04-22
2024042201019481,RHGCL,25,57,10.0,340.0,3400.0,2024-04-22
2024042201019480,RHGCL,25,4,10.0,340.0,3400.0,2024-04-22
2024042201019479,RHGCL,25,13,10.0,340.0,3400.0,2024-04-22
2024042201019478,RHGCL,25,34,200.0,340.0,68000.0,2024-04-22
2024042201019477,RHGCL,25,49,200.0,340.0,68000.0,2024-04-22
2024042201019476,RHGCL,25,16,250.0,339.5,84875.0,2024-04-22
2024042201019475,MHL,58,64,491.0,405.0,198855.0,2024-04-22
2024042201019474,MHL,58,34,280.0,404.5,113260.0,2024-04-22
2024042201019473,MHL,58,34,49.0,404.0,19796.0,2024-04-22
2024042204007761,RADHI,57,34,30.0,228.2,6846.0,2024-04-22
2024042204007760,UMHL,57,43,19.0,243.0,4617.0,2024-04-22
2024042204007759,JOSHI,29,57,500.0,355.4,177700.0,2024-04-22
2024042204007758,JOSHI,7,57,100.0,355.4,35540.0,2024-04-22
2024042203007569,KMCDB,33,5,100.0,757.5,75750.0,2024-04-22
2024042201019472,SCB,17,29,76.0,518.0,39368.0,2024-04-22
2024042201019471,SCB,17,11,24.0,518.0,12432.0,2024-04-22
2024042201019470,SNLI,43,34,10.0,584.0,5840.0,2024-04-22
2024042201019469,MKCL,22,11,20.0,852.0,17040.0,2024-04-22
2024042201019468,GBIME,38,22,900.0,173.1,155790.0,2024-04-22
2024042201019467,GBIME,58,22,70.0,174.0,12180.0,2024-04-22
2024042201019466,GBIME,36,22,10.0,174.1,1741.0,2024-04-22
2024042201019465,GBIME,58,22,20.0,174.3,3486.0,2024-04-22
2024042203007568,WNLB,35,57,41.0,1338.0,54858.0,2024-04-22
2024042203007567,WNLB,35,46,30.0,1338.0,40140.0,2024-04-22
2024042203007566,WNLB,35,71,20.0,1337.0,26740.0,2024-04-22
2024042203007565,WNLB,35,19,26.0,1330.0,34580.0,2024-04-22
2024042203007564,WNLB,35,41,11.0,1326.0,14586.0,2024-04-22
2024042203007563,WNLB,35,41,20.0,1325.0,26500.0,2024-04-22
2024042203007562,WNLB,35,44,10.0,1324.0,13240.0,2024-04-22
2024042203007561,WNLB,35,17,11.0,1324.0,14564.0,2024-04-22
2024042203007560,WNLB,35,45,40.0,1315.0,52600.0,2024-04-22
2024042203007559,WNLB,35,17,50.0,1314.9,65745.0,2024-04-22
2024042203007558,WNLB,35,11,25.0,1314.0,32850.0,2024-04-22
2024042203007557,WNLB,35,39,10.0,1314.0,13140.0,2024-04-22
2024042205002920,HRL,13,59,100.0,595.1,59510.0,2024-04-22
2024042205002919,HRL,13,59,50.0,595.1,29755.0,2024-04-22
2024042201019464,NWCL,42,80,20.0,725.0,14500.0,2024-04-22
2024042201019463,BEDC,13,41,10.0,365.0,3650.0,2024-04-22
2024042201019462,SHLB,45,38,10.0,1240.0,12400.0,2024-04-22
2024042204007757,UMHL,35,45,55.0,241.0,13255.0,2024-04-22
2024042201019461,HHL,4,53,10.0,360.0,3600.0,2024-04-22
2024042203007556,MPFL,3,49,398.0,371.0,147658.0,2024-04-22
2024042203007555,MPFL,11,49,12.0,371.0,4452.0,2024-04-22
2024042203007554,MPFL,14,49,30.0,371.0,11130.0,2024-04-22
2024042203007553,MPFL,26,49,35.0,371.0,12985.0,2024-04-22
2024042201019460,MHCL,28,71,20.0,383.0,7660.0,2024-04-22
2024042201019459,MHL,55,34,41.0,404.0,16564.0,2024-04-22
2024042201019458,MAKAR,43,1,410.0,383.0,157030.0,2024-04-22
2024042201019457,MAKAR,10,1,100.0,384.2,38420.0,2024-04-22
2024042201019456,MAKAR,13,1,200.0,384.2,76840.0,2024-04-22
2024042201019455,MAKAR,63,1,100.0,384.5,38450.0,2024-04-22
2024042201019454,MAKAR,33,1,500.0,385.0,192500.0,2024-04-22
2024042201019453,MAKAR,38,1,100.0,385.0,38500.0,2024-04-22
2024042201019452,MAKAR,38,1,500.0,385.1,192550.0,2024-04-22
2024042201019451,MAKAR,21,1,90.0,385.2,34668.0,2024-04-22
2024042201019450,JBLB,58,34,36.0,1291.0,46476.0,2024-04-22
2024042201019449,MHCL,4,71,200.0,383.0,76600.0,2024-04-22
2024042201019448,MHCL,1,71,129.0,383.0,49407.0,2024-04-22
2024042201019447,MHCL,62,71,65.0,383.0,24895.0,2024-04-22
2024042201019446,MHCL,17,71,250.0,383.2,95800.0,2024-04-22
2024042201019445,MHCL,49,71,10.0,385.0,3850.0,2024-04-22
2024042201019444,MHCL,35,71,300.0,385.0,115500.0,2024-04-22
2024042201019443,MHCL,13,71,200.0,385.0,77000.0,2024-04-22
2024042201019442,MHCL,62,71,100.0,385.0,38500.0,2024-04-22
2024042201019441,MHCL,44,71,100.0,386.0,38600.0,2024-04-22
2024042201019440,MHCL,42,71,10.0,386.1,3861.0,2024-04-22
2024042201019439,MHCL,22,71,100.0,386.2,38620.0,2024-04-22
2024042201019438,SONA,38,75,100.0,446.0,44600.0,2024-04-22
2024042201019437,SONA,21,75,200.0,446.0,89200.0,2024-04-22
2024042201019436,SONA,42,75,100.0,446.0,44600.0,2024-04-22
2024042201019435,SONA,13,75,20.0,446.0,8920.0,2024-04-22
2024042201019434,SONA,11,75,1000.0,446.0,446000.0,2024-04-22
2024042201019433,SONA,17,75,20.0,446.0,8920.0,2024-04-22
2024042201019432,SONA,6,75,10.0,446.0,4460.0,2024-04-22
2024042201019431,SONA,6,75,10.0,446.0,4460.0,2024-04-22
2024042201019430,SONA,41,75,300.0,446.4,133920.0,2024-04-22
2024042201019429,SONA,56,75,100.0,446.4,44640.0,2024-04-22
2024042201019428,SONA,34,75,140.0,446.4,62496.0,2024-04-22
2024042204007756,SJCL,52,19,10.0,274.5,2745.0,2024-04-22
2024042204007755,HURJA,48,41,10.0,282.0,2820.0,2024-04-22
2024042201019427,RNLI,42,49,170.0,421.8,71706.0,2024-04-22
2024042201019426,UHEWA,42,53,150.0,402.0,60300.0,2024-04-22
2024042203007552,RLFL,25,57,230.0,357.9,82317.0,2024-04-22
2024042201019425,SARBTM,96,38,20.0,799.0,15980.0,2024-04-22
2024042201019424,SARBTM,96,58,30.0,798.0,23940.0,2024-04-22
2024042204007754,HDHPC,45,45,180.0,131.9,23742.0,2024-04-22
2024042201019423,JBLB,58,34,10.0,1291.0,12910.0,2024-04-22
2024042201019422,MEL,58,58,200.0,233.0,46600.0,2024-04-22
2024042201019421,MEL,58,57,10.0,233.0,2330.0,2024-04-22
2024042201019420,MEL,58,34,283.0,232.0,65656.0,2024-04-22
2024042201019419,UHEWA,38,53,400.0,402.9,161160.0,2024-04-22
2024042201019418,UHEWA,45,53,640.0,403.0,257920.0,2024-04-22
2024042201019417,UHEWA,58,53,31.0,403.0,12493.0,2024-04-22
2024042201019416,UHEWA,26,53,43.0,403.2,17337.6,2024-04-22
2024042201019415,UHEWA,57,53,25.0,403.3,10082.5,2024-04-22
2024042201019414,UHEWA,42,53,850.0,404.0,343400.0,2024-04-22
2024042201019413,UHEWA,94,53,500.0,404.0,202000.0,2024-04-22
2024042201019412,UHEWA,11,53,10.0,404.1,4041.0,2024-04-22
2024042201019411,NICA,57,33,30.0,358.0,10740.0,2024-04-22
2024042203007551,PFL,71,51,100.0,513.1,51310.0,2024-04-22
2024042203007550,SINDU,7,42,150.0,349.0,52350.0,2024-04-22
2024042205002918,NRN,69,34,190.0,497.2,94468.0,2024-04-22
2024042204007753,API,44,32,400.0,170.8,68320.0,2024-04-22
2024042201019410,SMJC,52,56,169.0,369.0,62361.0,2024-04-22
2024042201019409,SMJC,52,44,31.0,368.0,11408.0,2024-04-22
2024042203007549,GUFL,45,52,41.0,755.0,30955.0,2024-04-22
2024042201019408,SONA,34,44,10.0,446.4,4464.0,2024-04-22
2024042201019407,HDL,42,57,68.0,1466.0,99688.0,2024-04-22
2024042201019406,NICA,8,89,840.0,357.1,299964.0,2024-04-22
2024042201019405,NICA,22,89,1000.0,357.1,357100.0,2024-04-22
2024042201019404,NICA,47,89,10.0,357.2,3572.0,2024-04-22
2024042201019403,NICA,33,89,700.0,357.2,250040.0,2024-04-22
2024042201019402,NICA,44,89,300.0,357.2,107160.0,2024-04-22
2024042201019401,NICA,22,89,140.0,357.7,50078.0,2024-04-22
2024042201019400,NICA,40,89,10.0,357.8,3578.0,2024-04-22
2024042203007548,JFL,58,58,10.0,435.0,4350.0,2024-04-22
2024042201019399,USHL,19,58,10.0,463.1,4631.0,2024-04-22
2024042201019398,MEHL,53,34,150.0,311.0,46650.0,2024-04-22
2024042203007547,SIFC,32,56,450.0,367.0,165150.0,2024-04-22
2024042203007546,SIFC,26,56,100.0,367.6,36760.0,2024-04-22
2024042203007545,SIFC,57,56,500.0,367.7,183850.0,2024-04-22
2024042201019397,SPHL,33,39,100.0,461.0,46100.0,2024-04-22
2024042201019396,SNLI,43,56,10.0,584.0,5840.0,2024-04-22
2024042201019395,SNLI,43,58,200.0,584.0,116800.0,2024-04-22
2024042201019394,SNLI,43,47,101.0,584.0,58984.0,2024-04-22
2024042201019393,SNLI,43,26,59.0,584.0,34456.0,2024-04-22
2024042204007752,NGPL,14,64,30.0,310.0,9300.0,2024-04-22
2024042201019392,NWCL,61,42,10.0,720.0,7200.0,2024-04-22
2024042204007751,NLG,60,47,19.0,751.0,14269.0,2024-04-22
2024042201019391,SRLI,33,34,100.0,427.0,42700.0,2024-04-22
2024042201019390,SHIVM,28,34,61.0,507.0,30927.0,2024-04-22
2024042201019389,SHIVM,56,34,200.0,507.0,101400.0,2024-04-22
2024042201019388,SHIVM,58,34,39.0,507.0,19773.0,2024-04-22
2024042204007750,AKPL,59,38,10.0,167.0,1670.0,2024-04-22
2024042201019387,SONA,48,58,100.0,447.0,44700.0,2024-04-22
2024042203007544,SJLIC,55,80,20.0,423.0,8460.0,2024-04-22
2024042203007543,SJLIC,34,80,50.0,423.0,21150.0,2024-04-22
2024042203007542,SJLIC,32,80,30.0,423.1,12693.0,2024-04-22
2024042201019386,BEDC,17,41,200.0,366.0,73200.0,2024-04-22
2024042204007749,CHL,53,16,10.0,319.0,3190.0,2024-04-22
2024042201019385,DOLTI,95,58,150.0,452.4,67860.0,2024-04-22
2024042201019384,HHL,49,32,100.0,360.2,36020.0,2024-04-22
2024042201019383,MKCL,50,42,10.0,851.5,8515.0,2024-04-22
2024042201019382,MCHL,42,41,380.0,389.1,147858.0,2024-04-22
2024042201019381,MCHL,1,41,953.0,392.0,373576.0,2024-04-22
2024042201019380,MCHL,4,41,20.0,392.3,7846.0,2024-04-22
2024042204007748,MEN,66,7,25.0,521.0,13025.0,2024-04-22
2024042204007747,HEI,66,43,10.0,581.7,5817.0,2024-04-22
2024042204007746,HEI,66,18,100.0,579.9,57990.0,2024-04-22
2024042204007745,SGIC,45,32,10.0,514.9,5149.0,2024-04-22
2024042201019379,KBL,45,32,100.0,132.0,13200.0,2024-04-22
2024042203007541,NFS,45,54,10.0,432.0,4320.0,2024-04-22
2024042201019378,TVCL,57,56,20.0,458.7,9174.0,2024-04-22
2024042205002917,CHDC,33,6,775.0,788.0,610700.0,2024-04-22
2024042201019377,MEHL,49,43,500.0,310.7,155350.0,2024-04-22
2024042204007744,NIL,37,51,135.0,792.0,106920.0,2024-04-22
2024042201019376,NICA,26,33,100.0,358.0,35800.0,2024-04-22
2024042203007540,NADEP,34,58,10.0,680.0,6800.0,2024-04-22
2024042203007539,NADEP,34,14,56.0,677.1,37917.6,2024-04-22
2024042201019375,MBL,22,19,10.0,167.0,1670.0,2024-04-22
2024042203007538,PFL,71,13,100.0,513.1,51310.0,2024-04-22
2024042203007537,USLB,75,66,10.0,1850.0,18500.0,2024-04-22
2024042201019374,ILI,42,52,30.0,550.0,16500.0,2024-04-22
2024042201019373,ILI,42,42,470.0,550.0,258500.0,2024-04-22
2024042204007743,NGPL,33,64,150.0,310.0,46500.0,2024-04-22
2024042204007742,MEN,16,44,10.0,521.9,5219.0,2024-04-22
2024042201019372,ILI,5,6,10.0,547.5,5475.0,2024-04-22
2024042201019371,BEDC,45,39,178.0,363.0,64614.0,2024-04-22
2024042201019370,BEDC,21,39,200.0,363.0,72600.0,2024-04-22
2024042201019369,BEDC,34,39,200.0,364.8,72960.0,2024-04-22
2024042201019368,BEDC,42,39,50.0,365.0,18250.0,2024-04-22
2024042201019367,BEDC,32,39,30.0,365.0,10950.0,2024-04-22
2024042201019366,BEDC,49,39,500.0,365.0,182500.0,2024-04-22
2024042201019365,BEDC,56,39,892.0,365.0,325580.0,2024-04-22
2024042201019364,USHEC,77,68,140.0,373.8,52332.0,2024-04-22
2024042201019363,USHEC,77,1,100.0,372.0,37200.0,2024-04-22
2024042201019362,USHEC,77,58,10.0,372.0,3720.0,2024-04-22
2024042201019361,USHEC,77,58,50.0,372.0,18600.0,2024-04-22
2024042201019360,USHEC,77,84,160.0,371.0,59360.0,2024-04-22
2024042201019359,USHEC,77,58,10.0,371.0,3710.0,2024-04-22
2024042201019358,USHEC,77,28,10.0,370.0,3700.0,2024-04-22
2024042201019357,USHEC,77,42,10.0,370.0,3700.0,2024-04-22
2024042201019356,USHEC,77,49,10.0,369.0,3690.0,2024-04-22
2024042201019355,GCIL,45,43,475.0,494.0,234650.0,2024-04-22
2024042204007741,NGPL,50,58,150.0,309.8,46470.0,2024-04-22
2024042204007740,PRIN,56,58,10.0,769.0,7690.0,2024-04-22
2024042203007536,GUFL,7,56,246.0,754.7,185656.2,2024-04-22
2024042203007535,GUFL,48,56,50.0,755.0,37750.0,2024-04-22
2024042203007534,GUFL,41,56,100.0,755.0,75500.0,2024-04-22
2024042203007533,GUFL,36,56,500.0,755.0,377500.0,2024-04-22
2024042203007532,GUFL,50,56,22.0,755.0,16610.0,2024-04-22
2024042203007531,GUFL,42,56,82.0,757.0,62074.0,2024-04-22
2024042201019354,CLI,17,58,30.0,438.9,13167.0,2024-04-22
2024042201019353,CLI,17,58,10.0,438.0,4380.0,2024-04-22
2024042201019352,CLI,17,64,10.0,436.0,4360.0,2024-04-22
2024042201019351,SARBTM,45,58,20.0,798.0,15960.0,2024-04-22
2024042204007739,SGIC,45,37,490.0,514.9,252301.0,2024-04-22
2024042201019350,RNLI,58,49,10.0,421.8,4218.0,2024-04-22
2024042201019349,RNLI,49,49,81.0,421.8,34165.8,2024-04-22
2024042201019348,BHPL,38,57,420.0,470.0,197400.0,2024-04-22
2024042203007530,JBBL,53,88,99.0,279.0,27621.0,2024-04-22
2024042203007529,JBBL,50,88,30.0,279.0,8370.0,2024-04-22
2024042203007528,JBBL,26,88,50.0,279.0,13950.0,2024-04-22
2024042203007527,JBBL,42,88,100.0,279.0,27900.0,2024-04-22
2024042203007526,JBBL,55,88,50.0,279.0,13950.0,2024-04-22
2024042203007525,JBBL,38,88,175.0,279.0,48825.0,2024-04-22
2024042203007524,JBBL,50,88,29.0,279.0,8091.0,2024-04-22
2024042203007523,JBBL,39,88,266.0,279.0,74214.0,2024-04-22
2024042204007738,SSHL,17,44,81.0,160.0,12960.0,2024-04-22
2024042204007737,SSHL,17,43,100.0,159.7,15970.0,2024-04-22
2024042204007736,SSHL,17,43,100.0,158.0,15800.0,2024-04-22
2024042204007735,SSHL,17,43,119.0,157.5,18742.5,2024-04-22
2024042204007734,RHPL,11,64,300.0,266.5,79950.0,2024-04-22
2024042205002916,SBCF,21,38,120.0,7.64,916.8,2024-04-22
2024042203007522,MSLB,22,57,104.0,1096.0,113984.0,2024-04-22
2024042201019347,RHGCL,75,58,10.0,339.0,3390.0,2024-04-22
2024042201019346,RHGCL,75,49,100.0,338.5,33850.0,2024-04-22
2024042201019345,RHGCL,75,39,20.0,337.9,6758.0,2024-04-22
2024042201019344,RHGCL,75,70,1000.0,336.0,336000.0,2024-04-22
2024042201019343,RHGCL,75,49,800.0,335.9,268720.0,2024-04-22
2024042201019342,RHGCL,75,17,185.0,334.0,61790.0,2024-04-22
2024042201019341,RHGCL,75,47,500.0,333.0,166500.0,2024-04-22
2024042201019340,RHGCL,75,16,250.0,332.5,83125.0,2024-04-22
2024042201019339,MKJC,34,32,10.0,442.0,4420.0,2024-04-22
2024042201019338,HHL,4,32,18.0,360.0,6480.0,2024-04-22
2024042201019337,HHL,95,32,82.0,360.0,29520.0,2024-04-22
2024042204007733,NGPL,48,58,50.0,309.8,15490.0,2024-04-22
2024042203007521,NMBMF,57,59,10.0,583.0,5830.0,2024-04-22
2024042203007520,PFL,1,62,333.0,513.0,170829.0,2024-04-22
2024042203007519,PFL,71,62,167.0,513.0,85671.0,2024-04-22
2024042204007732,SPIL,6,42,452.0,715.5,323406.0,2024-04-22
2024042204007731,SPIL,57,42,20.0,715.6,14312.0,2024-04-22
2024042204007730,SPIL,36,42,100.0,715.9,71590.0,2024-04-22
2024042204007729,SPIL,57,42,10.0,715.9,7159.0,2024-04-22
2024042204007728,SPIL,22,42,10.0,716.0,7160.0,2024-04-22
2024042203007518,GUFL,42,38,50.0,757.0,37850.0,2024-04-22
2024042201019336,MKHL,58,58,10.0,500.0,5000.0,2024-04-22
2024042203007517,ALICL,51,57,50.0,548.7,27435.0,2024-04-22
2024042203007516,NFS,57,62,80.0,431.0,34480.0,2024-04-22
2024042201019335,DOLTI,95,43,282.0,452.4,127576.8,2024-04-22
2024042201019334,DOLTI,39,43,50.0,452.5,22625.0,2024-04-22
2024042201019333,DOLTI,10,43,10.0,452.5,4525.0,2024-04-22
2024042201019332,DOLTI,32,43,458.0,453.0,207474.0,2024-04-22
2024042201019331,HHL,95,50,218.0,360.0,78480.0,2024-04-22
2024042201019330,HHL,44,50,782.0,360.0,281520.0,2024-04-22
2024042204007727,AKPL,59,17,200.0,167.0,33400.0,2024-04-22
2024042201019329,SNLI,62,4,64.0,583.0,37312.0,2024-04-22
2024042201019328,SNLI,13,4,36.0,583.1,20991.6,2024-04-22
2024042201019327,MEL,58,34,217.0,232.0,50344.0,2024-04-22
2024042204007726,SICL,34,35,180.0,680.2,122436.0,2024-04-22
2024042204007725,NGPL,8,71,300.0,309.7,92910.0,2024-04-22
2024042204007724,NGPL,17,71,700.0,309.7,216790.0,2024-04-22
2024042201019326,MANDU,65,52,10.0,725.2,7252.0,2024-04-22
2024042201019325,PCBL,19,44,300.0,191.9,57570.0,2024-04-22
2024042201019324,ULBSL,35,17,50.0,1348.0,67400.0,2024-04-22
2024042201019323,MLBS,34,6,85.0,1273.9,108281.5,2024-04-22
2024042201019322,MLBS,34,49,50.0,1267.0,63350.0,2024-04-22
2024042201019321,MLBS,34,35,65.0,1267.0,82355.0,2024-04-22
2024042201019320,MLBS,29,35,235.0,1267.0,297745.0,2024-04-22
2024042201019319,MLBS,29,42,100.0,1267.0,126700.0,2024-04-22
2024042201019318,MLBS,29,17,100.0,1264.0,126400.0,2024-04-22
2024042201019317,MLBS,29,1,235.0,1263.8,296993.0,2024-04-22
2024042201019316,MLBS,29,45,45.0,1249.5,56227.5,2024-04-22
2024042201019315,MLBS,29,42,10.0,1249.5,12495.0,2024-04-22
2024042201019314,MLBS,29,34,10.0,1249.5,12495.0,2024-04-22
2024042201019313,MLBS,29,45,100.0,1249.0,124900.0,2024-04-22
2024042201019312,MLBS,29,57,90.0,1249.0,112410.0,2024-04-22
2024042201019311,MLBS,29,26,75.0,1234.2,92565.0,2024-04-22
2024042203007515,NFS,16,62,210.0,431.0,90510.0,2024-04-22
2024042201019310,PRVU,45,34,36.0,137.9,4964.4,2024-04-22
2024042204007723,JOSHI,57,70,575.0,356.0,204700.0,2024-04-22
2024042204007722,JOSHI,57,22,150.0,356.0,53400.0,2024-04-22
2024042204007721,JOSHI,57,45,275.0,356.0,97900.0,2024-04-22
2024042201019309,RFPL,58,62,10.0,374.9,3749.0,2024-04-22
2024042204007720,RURU,58,21,20.0,530.0,10600.0,2024-04-22
2024042201019308,NBL,42,5,190.0,200.0,38000.0,2024-04-22
2024042205002915,HRL,1,55,10.0,595.5,5955.0,2024-04-22
2024042204007719,NGPL,17,51,300.0,309.7,92910.0,2024-04-22
2024042204007718,NGPL,32,51,50.0,309.7,15485.0,2024-04-22
2024042204007717,NGPL,57,51,500.0,309.7,154850.0,2024-04-22
2024042204007716,NGPL,45,51,100.0,309.8,30980.0,2024-04-22
2024042204007715,NGPL,75,51,50.0,309.8,15490.0,2024-04-22
2024042201019307,EBL,38,48,26.0,504.0,13104.0,2024-04-22
2024042201019306,SNLI,48,26,20.0,584.0,11680.0,2024-04-22
2024042204007714,API,44,25,500.0,170.8,85400.0,2024-04-22
2024042205002914,NTC,25,47,10.0,827.1,8271.0,2024-04-22
2024042201019305,MMKJL,47,42,1000.0,420.0,420000.0,2024-04-22
2024042201019304,MMKJL,47,45,10.0,420.0,4200.0,2024-04-22
2024042201019303,MMKJL,47,6,10.0,419.0,4190.0,2024-04-22
2024042201019302,MMKJL,47,47,50.0,419.0,20950.0,2024-04-22
2024042201019301,MMKJL,47,47,50.0,419.0,20950.0,2024-04-22
2024042201019300,MMKJL,47,39,230.0,419.0,96370.0,2024-04-22
2024042201019299,MMKJL,47,6,252.0,418.9,105562.8,2024-04-22
2024042201019298,MMKJL,47,47,10.0,418.0,4180.0,2024-04-22
2024042201019297,MMKJL,47,64,260.0,418.0,108680.0,2024-04-22
2024042203007514,PROFL,4,39,169.0,315.0,53235.0,2024-04-22
2024042203007513,PROFL,45,39,10.0,315.0,3150.0,2024-04-22
2024042203007512,PROFL,74,39,10.0,315.0,3150.0,2024-04-22
2024042203007511,PROFL,7,39,10.0,315.0,3150.0,2024-04-22
2024042203007510,PROFL,74,39,13.0,315.0,4095.0,2024-04-22
2024042203007509,PROFL,74,39,10.0,315.0,3150.0,2024-04-22
2024042203007508,PROFL,17,39,40.0,315.0,12600.0,2024-04-22
2024042201019296,SARBTM,57,58,50.0,798.0,39900.0,2024-04-22
2024042201019295,SONA,18,58,100.0,446.1,44610.0,2024-04-22
2024042203007507,NMBMF,22,7,60.0,583.0,34980.0,2024-04-22
2024042203007506,NMBMF,1,7,200.0,583.0,116600.0,2024-04-22
2024042203007505,NMBMF,11,7,34.0,583.0,19822.0,2024-04-22
2024042204007713,NGPL,64,64,2000.0,310.0,620000.0,2024-04-22
2024042201019294,VLUCL,34,21,100.0,476.0,47600.0,2024-04-22
2024042201019293,VLUCL,55,21,20.0,476.1,9522.0,2024-04-22
2024042201019292,VLUCL,42,21,18.0,477.0,8586.0,2024-04-22
2024042201019291,MANDU,45,39,10.0,736.0,7360.0,2024-04-22
2024042201019290,MANDU,45,54,10.0,735.0,7350.0,2024-04-22
2024042204007712,NHPC,57,16,300.0,145.6,43680.0,2024-04-22
2024042201019289,JBLB,58,57,15.0,1290.3,19354.5,2024-04-22
2024042201019288,JBLB,42,57,35.0,1290.4,45164.0,2024-04-22
2024042203007504,HLI,74,3,325.0,385.8,125385.0,2024-04-22
2024042203007503,HLI,66,3,25.0,385.8,9645.0,2024-04-22
2024042203007502,HLI,38,3,150.0,385.8,57870.0,2024-04-22
2024042203007501,JFL,58,32,55.0,433.0,23815.0,2024-04-22
2024042201019287,PHCL,36,50,500.0,296.0,148000.0,2024-04-22
2024042204007711,IGI,1,37,370.0,520.0,192400.0,2024-04-22
2024042201019286,SNLI,13,7,54.0,583.1,31487.4,2024-04-22
2024042201019285,KBSH,49,41,100.0,1040.0,104000.0,2024-04-22
2024042201019284,PHCL,42,34,10.0,299.0,2990.0,2024-04-22
2024042205002913,HIDCL,39,39,10.0,163.0,1630.0,2024-04-22
2024042201019283,DORDI,28,54,200.0,413.0,82600.0,2024-04-22
2024042204007710,AKPL,14,64,10.0,167.9,1679.0,2024-04-22
2024042201019282,DOLTI,32,3,42.0,453.0,19026.0,2024-04-22
2024042201019281,DOLTI,48,3,300.0,453.1,135930.0,2024-04-22
2024042201019280,DOLTI,34,3,158.0,455.0,71890.0,2024-04-22
2024042201019279,NRM,58,45,10.0,354.0,3540.0,2024-04-22
2024042201019278,TPC,57,58,30.0,485.0,14550.0,2024-04-22
2024042204007709,OHL,38,13,10.0,721.2,7212.0,2024-04-22
2024042201019277,MANDU,10,34,100.0,726.0,72600.0,2024-04-22
2024042201019276,SARBTM,57,35,50.0,798.0,39900.0,2024-04-22
2024042201019275,RHGCL,68,16,250.0,332.5,83125.0,2024-04-22
2024042201019274,RHGCL,68,44,50.0,332.0,16600.0,2024-04-22
2024042201019273,CYCL,25,34,46.0,1599.0,73554.0,2024-04-22
2024042201019272,CYCL,25,37,100.0,1598.9,159890.0,2024-04-22
2024042201019271,CYCL,25,59,35.0,1597.0,55895.0,2024-04-22
2024042201019270,CYCL,25,59,30.0,1596.5,47895.0,2024-04-22
2024042201019269,CYCL,25,26,50.0,1595.0,79750.0,2024-04-22
2024042201019268,CYCL,25,26,20.0,1590.0,31800.0,2024-04-22
2024042201019267,CYCL,25,42,65.0,1585.0,103025.0,2024-04-22
2024042201019266,CYCL,25,57,13.0,1583.0,20579.0,2024-04-22
2024042201019265,CYCL,25,34,100.0,1582.0,158200.0,2024-04-22
2024042201019264,CYCL,25,35,64.0,1581.0,101184.0,2024-04-22
2024042201019263,CYCL,25,56,170.0,1580.0,268600.0,2024-04-22
2024042201019262,CYCL,25,57,13.0,1580.0,20540.0,2024-04-22
2024042201019261,CYCL,25,71,19.0,1580.0,30020.0,2024-04-22
2024042201019260,CYCL,25,59,40.0,1579.9,63196.0,2024-04-22
2024042201019259,CYCL,25,34,80.0,1578.0,126240.0,2024-04-22
2024042201019258,CYCL,25,59,20.0,1577.6,31552.0,2024-04-22
2024042201019257,CYCL,25,59,15.0,1577.0,23655.0,2024-04-22
2024042201019256,CYCL,25,45,50.0,1576.0,78800.0,2024-04-22
2024042201019255,CYCL,25,51,20.0,1575.0,31500.0,2024-04-22
2024042201019254,CYCL,25,13,72.0,1575.0,113400.0,2024-04-22
2024042201019253,CYCL,25,34,50.0,1575.0,78750.0,2024-04-22
2024042201019252,CYCL,25,19,16.0,1574.0,25184.0,2024-04-22
2024042201019251,CYCL,25,25,12.0,1574.0,18888.0,2024-04-22
2024042201019250,HATHY,45,38,10.0,842.0,8420.0,2024-04-22
2024042201019249,NMB,53,49,10.0,173.0,1730.0,2024-04-22
2024042201019248,PPL,62,49,10.0,605.1,6051.0,2024-04-22
2024042203007500,CFCL,75,28,100.0,362.7,36270.0,2024-04-22
2024042201019247,MKHL,58,14,10.0,494.9,4949.0,2024-04-22
2024042203007499,ICFC,40,41,35.0,492.0,17220.0,2024-04-22
2024042204007708,UMHL,58,17,70.0,243.5,17045.0,2024-04-22
2024042201019246,SAHAS,8,58,30.0,500.4,15012.0,2024-04-22
2024042204007707,NIL,17,51,45.0,793.0,35685.0,2024-04-22
2024042201019245,MEHL,13,34,100.0,311.7,31170.0,2024-04-22
2024042201019244,MEHL,57,34,1000.0,311.8,311800.0,2024-04-22
2024042201019243,MEHL,48,34,200.0,311.8,62360.0,2024-04-22
2024042201019242,MEHL,28,34,50.0,311.9,15595.0,2024-04-22
2024042201019241,MKHL,58,38,10.0,494.9,4949.0,2024-04-22
2024042205002912,NTC,39,47,40.0,827.1,33084.0,2024-04-22
2024042201019240,NICA,54,33,30.0,358.0,10740.0,2024-04-22
2024042201019239,NICA,46,33,37.0,358.0,13246.0,2024-04-22
2024042203007498,GUFL,50,49,28.0,755.0,21140.0,2024-04-22
2024042203007497,GUFL,54,49,146.0,755.0,110230.0,2024-04-22
2024042203007496,GUFL,26,49,200.0,755.0,151000.0,2024-04-22
2024042203007495,GUFL,38,49,100.0,755.0,75500.0,2024-04-22
2024042203007494,GUFL,60,49,100.0,755.1,75510.0,2024-04-22
2024042203007493,GUFL,36,49,20.0,756.0,15120.0,2024-04-22
2024042203007492,NADEP,34,14,11.0,677.1,7448.1,2024-04-22
2024042203007491,NADEP,34,35,44.0,677.0,29788.0,2024-04-22
2024042203007490,NADEP,34,45,315.0,670.0,211050.0,2024-04-22
2024042201019238,LSL,22,52,10.0,148.7,1487.0,2024-04-22
2024042204007706,HEI,66,52,70.0,578.0,40460.0,2024-04-22
2024042204007705,HEI,66,66,20.0,570.6,11412.0,2024-04-22
2024042203007489,SAPDBL,35,58,50.0,290.2,14510.0,2024-04-22
2024042203007488,GBLBS,6,35,95.0,610.0,57950.0,2024-04-22
2024042203007487,GBLBS,6,35,100.0,610.0,61000.0,2024-04-22
2024042203007486,GBLBS,86,35,245.0,610.0,149450.0,2024-04-22
2024042201019237,EBL,43,6,50.0,504.0,25200.0,2024-04-22
2024042201019236,EBL,43,13,48.0,504.0,24192.0,2024-04-22
2024042201019235,SARBTM,48,57,40.0,799.0,31960.0,2024-04-22
2024042204007704,SSHL,55,43,100.0,157.4,15740.0,2024-04-22
2024042203007485,DDBL,33,57,162.0,680.0,110160.0,2024-04-22
2024042205002911,HRL,1,52,10.0,595.5,5955.0,2024-04-22
2024042203007484,SIFC,17,56,100.0,368.1,36810.0,2024-04-22
2024042203007483,SIFC,44,56,300.0,368.3,110490.0,2024-04-22
2024042203007482,SIFC,32,56,250.0,368.6,92150.0,2024-04-22
2024042201019234,LSL,58,41,100.0,148.2,14820.0,2024-04-22
2024042203007481,NFS,48,54,200.0,432.0,86400.0,2024-04-22
2024042201019233,ILI,10,58,200.0,550.1,110020.0,2024-04-22
2024042201019232,MKJC,49,43,19.0,444.0,8436.0,2024-04-22
2024042201019231,MKJC,49,45,80.0,443.0,35440.0,2024-04-22
2024042203007480,MFIL,6,26,10.0,498.0,4980.0,2024-04-22
2024042201019230,SGHC,49,11,10.0,316.0,3160.0,2024-04-22
2024042201019229,SGHC,49,36,415.0,316.0,131140.0,2024-04-22
2024042201019228,MEL,58,4,100.0,232.0,23200.0,2024-04-22
2024042201019227,MEL,58,54,50.0,232.0,11600.0,2024-04-22
2024042201019226,MEL,58,57,133.0,229.0,30457.0,2024-04-22
2024042201019225,NYADI,58,58,10.0,295.0,2950.0,2024-04-22
2024042201019224,NYADI,58,16,100.0,295.0,29500.0,2024-04-22
2024042201019223,NYADI,58,56,40.0,294.0,11760.0,2024-04-22
2024042201019222,NMB,46,49,10.0,173.0,1730.0,2024-04-22
2024042201019221,NBL,42,84,31.0,200.0,6200.0,2024-04-22
2024042201019220,NBL,34,84,20.0,200.0,4000.0,2024-04-22
2024042201019219,NBL,45,84,49.0,200.0,9800.0,2024-04-22
2024042204007703,HURJA,22,41,10.0,282.0,2820.0,2024-04-22
2024042204007702,HURJA,46,41,100.0,282.0,28200.0,2024-04-22
2024042201019218,SMHL,34,94,10.0,438.5,4385.0,2024-04-22
2024042201019217,SMHL,34,38,10.0,435.0,4350.0,2024-04-22
2024042201019216,SMHL,34,55,30.0,435.0,13050.0,2024-04-22
2024042201019215,HATHY,71,42,17.0,840.0,14280.0,2024-04-22
2024042201019214,HATHY,71,17,83.0,840.0,69720.0,2024-04-22
2024042204007701,MEN,66,57,75.0,521.0,39075.0,2024-04-22
2024042204007700,MEN,66,35,100.0,521.0,52100.0,2024-04-22
2024042201019213,PCBL,52,44,100.0,191.9,19190.0,2024-04-22
2024042201019212,NICA,46,48,133.0,358.0,47614.0,2024-04-22
2024042205002910,NRN,69,42,214.0,497.2,106400.8,2024-04-22
2024042205002909,NRN,26,42,100.0,497.2,49720.0,2024-04-22
2024042201019211,BNHC,53,7,10.0,461.0,4610.0,2024-04-22
2024042201019210,TVCL,34,39,70.0,458.8,32116.0,2024-04-22
2024042205002908,CHDC,33,5,30.0,788.0,23640.0,2024-04-22
2024042201019209,SNLI,13,55,10.0,583.1,5831.0,2024-04-22
2024042201019208,EBLD85,17,58,25.0,1091.0,27275.0,2024-04-22
2024042203007479,VLBS,86,4,70.0,691.0,48370.0,2024-04-22
2024042201019207,ULHC,58,1,10.0,338.0,3380.0,2024-04-22
2024042201019206,ULHC,58,52,10.0,337.8,3378.0,2024-04-22
2024042201019205,ULHC,58,52,10.0,337.7,3377.0,2024-04-22
2024042201019204,ULHC,58,49,10.0,336.0,3360.0,2024-04-22
2024042201019203,SHIVM,58,34,100.0,507.0,50700.0,2024-04-22
2024042201019202,SHIVM,58,1,120.0,507.0,60840.0,2024-04-22
2024042201019201,SHIVM,58,59,220.0,507.0,111540.0,2024-04-22
2024042204007699,NGPL,58,64,30.0,310.0,9300.0,2024-04-22
2024042204007698,JOSHI,46,45,210.0,356.0,74760.0,2024-04-22
2024042204007697,JOSHI,46,38,290.0,355.8,103182.0,2024-04-22
2024042203007478,PFL,71,38,83.0,513.0,42579.0,2024-04-22
2024042203007477,PFL,32,38,200.0,513.0,102600.0,2024-04-22
2024042203007476,PFL,32,38,50.0,513.1,25655.0,2024-04-22
2024042203007475,PFL,71,38,267.0,513.1,136997.7,2024-04-22
2024042204007696,RADHI,50,41,97.0,228.1,22125.7,2024-04-22
2024042204007695,RADHI,85,41,93.0,228.1,21213.3,2024-04-22
2024042203007474,GFCL,52,59,10.0,440.0,4400.0,2024-04-22
2024042201019200,KBL,38,32,80.0,132.0,10560.0,2024-04-22
2024042201019199,KBL,42,32,30.0,132.0,3960.0,2024-04-22
2024042201019198,KBL,45,32,44.0,132.0,5808.0,2024-04-22
2024042203007473,MFIL,32,26,10.0,498.0,4980.0,2024-04-22
2024042201019197,SARBTM,48,57,10.0,799.0,7990.0,2024-04-22
2024042201019196,SARBTM,48,5,20.0,799.0,15980.0,2024-04-22
2024042201019195,SARBTM,48,48,28.0,799.0,22372.0,2024-04-22
2024042204007694,MHNL,36,42,10.0,229.0,2290.0,2024-04-22
2024042201019194,SAMAJ,49,45,20.0,1780.0,35600.0,2024-04-22
2024042201019193,SAMAJ,57,45,25.0,1780.0,44500.0,2024-04-22
2024042201019192,SAMAJ,14,45,20.0,1780.0,35600.0,2024-04-22
2024042201019191,SAMAJ,19,45,10.0,1780.1,17801.0,2024-04-22
2024042201019190,SAMAJ,44,45,10.0,1781.0,17810.0,2024-04-22
2024042201019189,GCIL,45,17,25.0,493.0,12325.0,2024-04-22
2024042203007472,PMLI,35,43,23.0,495.0,11385.0,2024-04-22
2024042203007471,PMLI,11,43,27.0,495.0,13365.0,2024-04-22
2024042201019188,SCB,55,11,86.0,518.0,44548.0,2024-04-22
2024042201019187,SCB,55,7,10.0,518.0,5180.0,2024-04-22
2024042201019186,SCB,55,7,10.0,518.0,5180.0,2024-04-22
2024042201019185,SCB,55,33,30.0,518.0,15540.0,2024-04-22
2024042204007693,BARUN,17,16,25.0,234.0,5850.0,2024-04-22
2024042201019184,CLI,56,46,10.0,434.6,4346.0,2024-04-22
2024042204007692,JOSHI,58,38,72.0,355.8,25617.6,2024-04-22
2024042201019183,CITY,34,45,10.0,586.9,5869.0,2024-04-22
2024042201019182,CITY,34,52,10.0,583.0,5830.0,2024-04-22
2024042201019181,MHCL,25,8,130.0,388.0,50440.0,2024-04-22
2024042203007470,ACLBSL,48,42,20.0,760.0,15200.0,2024-04-22
2024042203007469,ACLBSL,48,16,10.0,760.0,7600.0,2024-04-22
2024042201019180,CYCL,29,25,500.0,1516.1,758050.0,2024-04-22
2024042201019179,CYCL,35,25,250.0,1516.1,379025.0,2024-04-22
2024042201019178,CYCL,29,25,200.0,1517.0,303400.0,2024-04-22
2024042201019177,CYCL,16,25,38.0,1517.0,57646.0,2024-04-22
2024042201019176,CYCL,16,25,10.0,1518.0,15180.0,2024-04-22
2024042201019175,CYCL,66,25,1010.0,1519.0,1534190.0,2024-04-22
2024042201019174,CYCL,57,25,65.0,1520.0,98800.0,2024-04-22
2024042201019173,CYCL,17,25,70.0,1520.0,106400.0,2024-04-22
2024042201019172,CYCL,17,25,17.0,1520.7,25851.9,2024-04-22
2024042201019171,CYCL,32,25,300.0,1523.0,456900.0,2024-04-22
2024042201019170,CYCL,33,25,50.0,1525.0,76250.0,2024-04-22
2024042201019169,CYCL,37,25,90.0,1525.0,137250.0,2024-04-22
2024042201019168,CYCL,1,25,10.0,1543.5,15435.0,2024-04-22
2024042201019167,CYCL,25,25,20.0,1543.6,30872.0,2024-04-22
2024042201019166,CYCL,17,25,10.0,1544.0,15440.0,2024-04-22
2024042201019165,CYCL,39,25,15.0,1544.0,23160.0,2024-04-22
2024042204007691,MEN,26,33,10.0,520.0,5200.0,2024-04-22
2024042201019164,UHEWA,57,41,10.0,410.0,4100.0,2024-04-22
2024042204007690,KKHC,17,60,10.0,225.2,2252.0,2024-04-22
2024042201019163,SPL,45,56,20.0,637.0,12740.0,2024-04-22
2024042201019162,SPL,58,56,20.0,637.0,12740.0,2024-04-22
2024042201019161,VLUCL,49,58,10.0,477.1,4771.0,2024-04-22
2024042203007468,WNLB,29,48,20.0,1313.2,26264.0,2024-04-22
2024042201019160,ILI,5,42,117.0,547.5,64057.5,2024-04-22
2024042201019159,ILI,54,42,200.0,547.6,109520.0,2024-04-22
2024042201019158,ILI,49,42,200.0,548.0,109600.0,2024-04-22
2024042201019157,ILI,4,42,50.0,548.0,27400.0,2024-04-22
2024042201019156,ILI,41,42,50.0,548.0,27400.0,2024-04-22
2024042201019155,ILI,49,42,100.0,549.0,54900.0,2024-04-22
2024042201019154,ILI,57,42,80.0,549.0,43920.0,2024-04-22
2024042201019153,ILI,72,42,430.0,549.0,236070.0,2024-04-22
2024042201019152,ILI,42,42,73.0,550.0,40150.0,2024-04-22
2024042204007689,UPPER,57,59,595.0,165.5,98472.5,2024-04-22
2024042204007688,UPPER,57,53,50.0,165.4,8270.0,2024-04-22
2024042204007687,UPPER,57,48,1155.0,165.4,191037.0,2024-04-22
2024042204007686,UPPER,57,45,200.0,165.3,33060.0,2024-04-22
2024042201019151,SBI,5,58,20.0,272.0,5440.0,2024-04-22
2024042204007685,NLG,56,47,10.0,751.0,7510.0,2024-04-22
2024042201019150,NRM,21,41,230.0,353.1,81213.0,2024-04-22
2024042201019149,NRM,6,41,60.0,353.1,21186.0,2024-04-22
2024042201019148,NRM,58,41,60.0,353.2,21192.0,2024-04-22
2024042201019147,NRM,17,41,50.0,353.3,17665.0,2024-04-22
2024042201019146,DOLTI,28,32,10.0,455.1,4551.0,2024-04-22
2024042203007467,SIFC,32,57,100.0,368.6,36860.0,2024-04-22
2024042203007466,SIFC,32,57,500.0,369.0,184500.0,2024-04-22
2024042203007465,SIFC,38,57,150.0,369.0,55350.0,2024-04-22
2024042204007684,RURU,4,5,329.0,528.1,173744.9,2024-04-22
2024042204007683,RURU,49,5,90.0,528.1,47529.0,2024-04-22
2024042204007682,RURU,57,5,50.0,528.2,26410.0,2024-04-22
2024042204007681,RURU,61,5,500.0,528.3,264150.0,2024-04-22
2024042204007680,RURU,71,5,20.0,528.4,10568.0,2024-04-22
2024042204007679,RURU,19,5,11.0,529.0,5819.0,2024-04-22
2024042201019145,ILI,42,7,20.0,550.0,11000.0,2024-04-22
2024042201019144,BHL,20,44,10.0,336.0,3360.0,2024-04-22
2024042205002907,NRN,3,34,310.0,497.5,154225.0,2024-04-22
2024042204007678,BPCL,43,58,244.0,294.0,71736.0,2024-04-22
2024042204007677,BPCL,41,58,300.0,294.0,88200.0,2024-04-22
2024042204007676,BPCL,58,58,26.0,294.0,7644.0,2024-04-22
2024042204007675,BPCL,34,58,35.0,294.1,10293.5,2024-04-22
2024042204007674,BPCL,57,58,100.0,294.1,29410.0,2024-04-22
2024042201019143,HHL,44,74,273.0,360.0,98280.0,2024-04-22
2024042201019142,HHL,6,74,50.0,360.0,18000.0,2024-04-22
2024042201019141,HHL,45,74,500.0,360.0,180000.0,2024-04-22
2024042201019140,HHL,39,74,100.0,360.0,36000.0,2024-04-22
2024042201019139,HHL,43,74,377.0,360.2,135795.4,2024-04-22
2024042201019138,PPL,62,42,20.0,605.1,12102.0,2024-04-22
2024042203007464,NFS,16,52,90.0,431.0,38790.0,2024-04-22
2024042203007463,GILB,45,29,10.0,985.0,9850.0,2024-04-22
2024042201019137,MSHL,45,21,13.0,615.2,7997.6,2024-04-22
2024042201019136,NMB,44,49,60.0,172.0,10320.0,2024-04-22
2024042205002906,HRL,94,57,100.0,596.0,59600.0,2024-04-22
2024042201019135,SANIMA,22,46,725.0,230.0,166750.0,2024-04-22
2024042201019134,SANIMA,38,46,500.0,230.0,115000.0,2024-04-22
2024042201019133,SANIMA,32,46,300.0,230.0,69000.0,2024-04-22
2024042201019132,SANIMA,32,46,20.0,230.0,4600.0,2024-04-22
2024042201019131,SANIMA,51,46,100.0,230.0,23000.0,2024-04-22
2024042201019130,SANIMA,58,46,10.0,230.0,2300.0,2024-04-22
2024042201019129,SANIMA,36,46,10.0,230.0,2300.0,2024-04-22
2024042201019128,SANIMA,44,46,19.0,230.0,4370.0,2024-04-22
2024042201019127,SANIMA,21,46,200.0,230.0,46000.0,2024-04-22
2024042201019126,SANIMA,58,46,64.0,230.0,14720.0,2024-04-22
2024042201019125,SANIMA,53,46,62.0,230.0,14260.0,2024-04-22
2024042201019124,SANIMA,8,46,90.0,230.1,20709.0,2024-04-22
2024042201019123,MKHL,34,21,10.0,500.0,5000.0,2024-04-22
2024042201019122,MKHL,34,45,10.0,495.0,4950.0,2024-04-22
2024042201019121,BHPL,38,8,45.0,470.0,21150.0,2024-04-22
2024042201019120,BHPL,34,8,100.0,470.0,47000.0,2024-04-22
2024042201019119,BHPL,63,8,20.0,470.0,9400.0,2024-04-22
2024042201019118,BHPL,34,8,100.0,471.0,47100.0,2024-04-22
2024042201019117,BHPL,39,8,90.0,471.0,42390.0,2024-04-22
2024042201019116,BHPL,57,8,50.0,471.4,23570.0,2024-04-22
2024042201019115,BHPL,51,8,50.0,471.4,23570.0,2024-04-22
2024042201019114,MKCL,54,35,10.0,851.1,8511.0,2024-04-22
2024042201019113,UHEWA,32,41,10.0,410.0,4100.0,2024-04-22
2024042201019112,UHEWA,32,58,20.0,409.0,8180.0,2024-04-22
2024042204007673,MEN,26,13,200.0,520.0,104000.0,2024-04-22
2024042203007462,ICFC,10,41,100.0,492.0,49200.0,2024-04-22
2024042204007672,MEN,16,7,10.0,521.0,5210.0,2024-04-22
2024042203007461,SKBBL,42,53,20.0,800.0,16000.0,2024-04-22
2024042203007460,SFCL,58,55,200.0,310.3,62060.0,2024-04-22
2024042203007459,SFCL,33,55,100.0,310.3,31030.0,2024-04-22
2024042203007458,SFCL,51,55,100.0,310.4,31040.0,2024-04-22
2024042203007457,SFCL,29,55,155.0,310.5,48127.5,2024-04-22
2024042203007456,SFCL,8,55,50.0,310.6,15530.0,2024-04-22
2024042203007455,SFCL,32,55,100.0,311.0,31100.0,2024-04-22
2024042203007454,SFCL,22,55,295.0,311.0,91745.0,2024-04-22
2024042201019111,EBL,41,13,70.0,504.0,35280.0,2024-04-22
2024042203007453,GILB,41,29,10.0,985.0,9850.0,2024-04-22
2024042201019110,GBBD85,52,49,40.0,994.0,39760.0,2024-04-22
2024042201019109,GBBD85,52,38,25.0,993.0,24825.0,2024-04-22
2024042203007452,CFCL,75,58,1000.0,362.7,362700.0,2024-04-22
2024042201019108,MKHC,42,42,60.0,320.5,19230.0,2024-04-22
2024042204007671,HDHPC,45,26,50.0,131.5,6575.0,2024-04-22
2024042204007670,HDHPC,45,58,20.0,131.4,2628.0,2024-04-22
2024042203007451,JBBL,39,91,34.0,279.0,9486.0,2024-04-22
2024042203007450,JBBL,1,91,666.0,279.3,186013.8,2024-04-22
2024042201019107,NABIL,4,64,133.0,430.0,57190.0,2024-04-22
2024042201019106,NABIL,4,22,67.0,429.0,28743.0,2024-04-22
2024042201019105,MANDU,65,56,420.0,725.2,304584.0,2024-04-22
2024042201019104,MANDU,54,56,10.0,725.3,7253.0,2024-04-22
2024042201019103,PRVU,22,34,10.0,137.9,1379.0,2024-04-22
2024042201019102,PHCL,37,71,1652.0,296.1,489157.2,2024-04-22
2024042201019101,PHCL,17,71,70.0,296.1,20727.0,2024-04-22
2024042201019100,PHCL,13,71,100.0,296.1,29610.0,2024-04-22
2024042201019099,PHCL,42,71,33.0,296.2,9774.6,2024-04-22
2024042201019098,PHCL,6,71,100.0,296.3,29630.0,2024-04-22
2024042201019097,PHCL,13,71,50.0,296.3,14815.0,2024-04-22
2024042201019096,PHCL,39,71,200.0,296.4,59280.0,2024-04-22
2024042201019095,PHCL,19,71,60.0,296.4,17784.0,2024-04-22
2024042201019094,PHCL,42,71,35.0,296.5,10377.5,2024-04-22
2024042204007669,TRH,49,54,50.0,719.0,35950.0,2024-04-22
2024042201019093,HATHY,42,52,22.0,838.1,18438.2,2024-04-22
2024042201019092,SNLI,62,18,17.0,583.0,9911.0,2024-04-22
2024042201019091,SNLI,58,18,43.0,583.0,25069.0,2024-04-22
2024042201019090,SNLI,43,18,10.0,583.0,5830.0,2024-04-22
2024042201019089,SNLI,58,18,20.0,583.0,11660.0,2024-04-22
2024042201019088,SNLI,6,18,10.0,583.1,5831.0,2024-04-22
2024042203007449,SJLIC,74,44,500.0,423.0,211500.0,2024-04-22
2024042204007668,UMHL,58,14,41.0,243.0,9963.0,2024-04-22
2024042201019087,CYCL,57,48,30.0,1550.0,46500.0,2024-04-22
2024042201019086,MKJC,42,45,100.0,443.0,44300.0,2024-04-22
2024042204007667,SGIC,32,37,10.0,514.9,5149.0,2024-04-22
2024042205002905,NIFRA,45,52,36.0,198.0,7128.0,2024-04-22
2024042205002904,NIFRA,45,22,64.0,198.0,12672.0,2024-04-22
2024042203007448,SHINE,6,50,20.0,359.0,7180.0,2024-04-22
2024042201019085,HHL,43,37,200.0,360.2,72040.0,2024-04-22
2024042205002903,HRL,13,17,20.0,595.1,11902.0,2024-04-22
2024042203007447,NFS,33,52,10.0,431.0,4310.0,2024-04-22
2024042201019084,DORDI,45,35,10.0,412.0,4120.0,2024-04-22
2024042203007446,SMB,36,41,10.0,1325.0,13250.0,2024-04-22
2024042203007445,JBBL,1,47,334.0,279.3,93286.2,2024-04-22
2024042203007444,JBBL,32,47,200.0,279.4,55880.0,2024-04-22
2024042203007443,JBBL,32,47,200.0,279.4,55880.0,2024-04-22
2024042203007442,JBBL,13,47,300.0,279.4,83820.0,2024-04-22
2024042203007441,JBBL,32,47,310.0,279.5,86645.0,2024-04-22
2024042203007440,JBBL,59,47,129.0,279.5,36055.5,2024-04-22
2024042203007439,JBBL,52,47,357.0,279.6,99817.2,2024-04-22
2024042203007438,JBBL,57,47,700.0,279.6,195720.0,2024-04-22
2024042203007437,JBBL,71,47,470.0,279.7,131459.0,2024-04-22
2024042201019083,MKLB,42,25,10.0,955.0,9550.0,2024-04-22
2024042201019082,GCIL,70,57,50.0,492.0,24600.0,2024-04-22
2024042201019081,GCIL,38,57,100.0,492.0,49200.0,2024-04-22
2024042201019080,GCIL,50,57,90.0,492.0,44280.0,2024-04-22
2024042201019079,BGWT,89,1,670.0,580.1,388667.0,2024-04-22
2024042201019078,BGWT,8,1,500.0,580.2,290100.0,2024-04-22
2024042201019077,BGWT,16,1,10.0,582.0,5820.0,2024-04-22
2024042201019076,BGWT,16,1,90.0,582.0,52380.0,2024-04-22
2024042201019075,BGWT,14,1,30.0,582.1,17463.0,2024-04-22
2024042201019074,MMKJL,25,64,140.0,418.0,58520.0,2024-04-22
2024042201019073,MMKJL,66,64,100.0,418.0,41800.0,2024-04-22
2024042204007666,NGPL,64,64,50.0,310.0,15500.0,2024-04-22
2024042201019072,CLI,56,42,200.0,435.0,87000.0,2024-04-22
2024042205002902,HIDCL,58,41,100.0,162.6,16260.0,2024-04-22
2024042201019071,MKHC,42,35,230.0,320.5,73715.0,2024-04-22
2024042201019070,MKHC,42,55,110.0,320.1,35211.0,2024-04-22
2024042203007436,PFL,71,72,170.0,513.1,87227.0,2024-04-22
2024042203007435,PFL,18,72,180.0,514.0,92520.0,2024-04-22
2024042201019069,TSHL,60,77,300.0,516.0,154800.0,2024-04-22
2024042201019068,MEL,38,57,20.0,229.0,4580.0,2024-04-22
2024042205002901,HRL,55,57,180.0,596.0,107280.0,2024-04-22
2024042205002900,HRL,55,91,20.0,596.0,11920.0,2024-04-22
2024042204007665,SJCL,13,64,800.0,271.1,216880.0,2024-04-22
2024042204007664,SJCL,51,64,200.0,271.2,54240.0,2024-04-22
2024042205002899,HRL,13,64,10.0,595.1,5951.0,2024-04-22
2024042201019067,CLI,56,46,10.0,434.6,4346.0,2024-04-22
2024042203007434,PMLI,11,38,70.0,495.0,34650.0,2024-04-22
2024042203007433,PMLI,48,38,30.0,495.2,14856.0,2024-04-22
2024042204007663,RBCL,48,54,10.0,12901.0,129010.0,2024-04-22
2024042205002898,NTC,39,54,10.0,827.1,8271.0,2024-04-22
2024042201019066,GBIME,48,48,175.0,174.4,30520.0,2024-04-22
2024042201019065,GBIME,48,57,100.0,174.4,17440.0,2024-04-22
2024042204007662,SALICO,42,57,50.0,612.0,30600.0,2024-04-22
2024042201019064,MEHL,28,10,100.0,311.9,31190.0,2024-04-22
2024042203007432,USLB,57,16,100.0,1850.0,185000.0,2024-04-22
2024042203007431,USLB,7,16,10.0,1850.0,18500.0,2024-04-22
2024042205002897,NIFRA,67,49,13.0,197.0,2561.0,2024-04-22
2024042204007661,HPPL,55,55,73.0,250.0,18250.0,2024-04-22
2024042204007660,HPPL,7,55,400.0,250.0,100000.0,2024-04-22
2024042204007659,HPPL,56,55,27.0,250.0,6750.0,2024-04-22
2024042201019063,CLI,56,55,10.0,434.6,4346.0,2024-04-22
2024042204007658,SPIL,57,51,100.0,716.1,71610.0,2024-04-22
2024042201019062,NYADI,58,56,10.0,294.0,2940.0,2024-04-22
2024042203007430,SWMF,59,22,14.0,735.0,10290.0,2024-04-22
2024042201019061,MAKAR,32,81,10.0,390.0,3900.0,2024-04-22
2024042203007429,SHINE,18,16,11.0,358.0,3938.0,2024-04-22
2024042203007428,NADEP,26,45,83.0,665.0,55195.0,2024-04-22
2024042203007427,NADEP,22,45,10.0,665.0,6650.0,2024-04-22
2024042203007426,NADEP,17,45,10.0,665.0,6650.0,2024-04-22
2024042203007425,NADEP,14,45,20.0,665.0,13300.0,2024-04-22
2024042203007424,NADEP,38,45,20.0,665.0,13300.0,2024-04-22
2024042203007423,NADEP,47,45,33.0,666.0,21978.0,2024-04-22
2024042201019060,TAMOR,60,42,10.0,379.0,3790.0,2024-04-22
2024042205002896,KEF,4,57,100.0,8.2,820.0,2024-04-22
2024042201019059,MMKJL,66,6,10.0,418.9,4189.0,2024-04-22
2024042204007657,NGPL,75,66,250.0,309.8,77450.0,2024-04-22
2024042204007656,MEN,54,57,100.0,521.0,52100.0,2024-04-22
2024042201019058,PPL,62,48,10.0,605.1,6051.0,2024-04-22
2024042204007655,API,48,42,300.0,171.0,51300.0,2024-04-22
2024042204007654,API,48,34,200.0,171.0,34200.0,2024-04-22
2024042201019057,MKCL,42,11,20.0,852.0,17040.0,2024-04-22
2024042201019056,MKCL,38,11,60.0,852.5,51150.0,2024-04-22
2024042204007653,UMRH,58,42,190.0,337.1,64049.0,2024-04-22
2024042204007652,UMRH,20,42,50.0,337.2,16860.0,2024-04-22
2024042204007651,UMRH,33,42,200.0,337.2,67440.0,2024-04-22
2024042204007650,UMRH,20,42,10.0,337.3,3373.0,2024-04-22
2024042203007422,SKBBL,42,14,80.0,800.0,64000.0,2024-04-22
2024042204007649,NGPL,28,64,100.0,310.0,31000.0,2024-04-22
2024042204007648,KKHC,17,60,10.0,225.2,2252.0,2024-04-22
2024042201019055,NICA,46,59,130.0,358.0,46540.0,2024-04-22
2024042204007647,RIDI,58,14,20.0,170.0,3400.0,2024-04-22
2024042201019054,GVL,34,6,10.0,423.4,4234.0,2024-04-22
2024042203007421,LICN,34,7,49.0,1316.2,64493.8,2024-04-22
2024042203007420,LICN,7,7,41.0,1316.2,53964.2,2024-04-22
2024042203007419,GMFBS,29,33,30.0,1096.0,32880.0,2024-04-22
2024042204007646,NICL,18,11,10.0,808.1,8081.0,2024-04-22
2024042203007418,JFL,58,45,20.0,431.4,8628.0,2024-04-22
2024042204007645,RADHI,85,45,407.0,228.1,92836.7,2024-04-22
2024042204007644,RADHI,25,45,20.0,228.2,4564.0,2024-04-22
2024042201019053,SHLB,58,49,100.0,1221.0,122100.0,2024-04-22
2024042201019052,SHLB,34,49,10.0,1222.0,12220.0,2024-04-22
2024042201019051,ULHC,58,28,545.0,333.5,181757.5,2024-04-22
2024042201019050,SBL,28,44,10.0,217.9,2179.0,2024-04-22
2024042201019049,BEDC,56,60,108.0,365.0,39420.0,2024-04-22
2024042201019048,BEDC,26,60,100.0,365.0,36500.0,2024-04-22
2024042201019047,BEDC,19,60,100.0,365.5,36550.0,2024-04-22
2024042201019046,BEDC,32,60,50.0,366.0,18300.0,2024-04-22
2024042201019045,BEDC,35,60,52.0,366.0,19032.0,2024-04-22
2024042201019044,MHL,55,50,14.0,401.5,5621.0,2024-04-22
2024042201019043,RNLI,49,7,40.0,421.8,16872.0,2024-04-22
2024042201019042,RNLI,57,7,18.0,422.0,7596.0,2024-04-22
2024042201019041,AHL,18,38,88.0,436.0,38368.0,2024-04-22
2024042201019040,AHL,54,38,20.0,436.1,8722.0,2024-04-22
2024042201019039,AHL,25,38,65.0,436.2,28353.0,2024-04-22
2024042201019038,AHL,5,38,27.0,437.5,11812.5,2024-04-22
2024042201019037,HDL,25,7,60.0,1465.6,87936.0,2024-04-22
2024042201019036,MKHL,58,47,180.0,494.9,89082.0,2024-04-22
2024042203007417,CFCL,75,42,40.0,362.7,14508.0,2024-04-22
2024042204007643,TRH,49,64,50.0,719.0,35950.0,2024-04-22
2024042201019035,SARBTM,57,41,20.0,798.0,15960.0,2024-04-22
2024042204007642,RIDI,38,14,20.0,170.0,3400.0,2024-04-22
2024042204007641,UPCL,35,17,10.0,195.4,1954.0,2024-04-22
2024042203007416,GBLBS,86,34,255.0,610.0,155550.0,2024-04-22
2024042203007415,GBLBS,62,34,30.0,610.0,18300.0,2024-04-22
2024042203007414,GBLBS,45,34,10.0,610.0,6100.0,2024-04-22
2024042203007413,GBLBS,50,34,50.0,610.0,30500.0,2024-04-22
2024042203007412,GBLBS,34,34,200.0,610.1,122020.0,2024-04-22
2024042203007411,GBLBS,41,34,455.0,611.0,278005.0,2024-04-22
2024042204007640,NIL,48,51,10.0,795.0,7950.0,2024-04-22
2024042201019034,SONA,1,36,100.0,446.1,44610.0,2024-04-22
2024042201019033,SONA,69,36,146.0,446.2,65145.2,2024-04-22
2024042201019032,HDL,6,13,50.0,1465.1,73255.0,2024-04-22
2024042201019031,HDL,58,13,35.0,1465.1,51278.5,2024-04-22
2024042203007410,SINDU,58,8,10.0,348.0,3480.0,2024-04-22
2024042203007409,ALICL,58,48,10.0,549.0,5490.0,2024-04-22
2024042204007639,UMHL,58,45,171.0,242.9,41535.9,2024-04-22
2024042203007408,SJLIC,50,19,100.0,423.0,42300.0,2024-04-22
2024042203007407,SJLIC,51,19,200.0,423.1,84620.0,2024-04-22
2024042205002895,SMATA,33,60,150.0,705.0,105750.0,2024-04-22
2024042205002894,SMATA,38,60,148.0,705.1,104354.8,2024-04-22
2024042201019030,SONA,69,57,774.0,446.2,345358.8,2024-04-22
2024042201019029,SONA,10,57,50.0,446.3,22315.0,2024-04-22
2024042201019028,SONA,22,57,76.0,446.3,33918.8,2024-04-22
2024042201019027,SONA,8,57,100.0,446.4,44640.0,2024-04-22
2024042203007406,GRDBL,51,58,51.0,390.0,19890.0,2024-04-22
2024042203007405,SLBBL,34,21,10.0,655.0,6550.0,2024-04-22
2024042204007638,RBCL,48,34,10.0,12901.0,129010.0,2024-04-22
2024042201019026,NICA,13,59,60.0,358.0,21480.0,2024-04-22
2024042201019025,NICA,41,59,10.0,358.5,3585.0,2024-04-22
2024042201019024,BNHC,48,58,30.0,457.0,13710.0,2024-04-22
2024042204007637,UPCL,57,6,200.0,195.0,39000.0,2024-04-22
2024042201019023,SMHL,94,94,180.0,430.0,77400.0,2024-04-22
2024042201019022,SMHL,42,94,500.0,430.0,215000.0,2024-04-22
2024042201019021,SMHL,49,94,120.0,430.0,51600.0,2024-04-22
2024042201019020,SMHL,53,94,200.0,430.1,86020.0,2024-04-22
2024042201019019,SONA,22,1,24.0,446.3,10711.2,2024-04-22
2024042201019018,SONA,50,1,41.0,446.3,18298.3,2024-04-22
2024042201019017,SONA,14,1,10.0,446.4,4464.0,2024-04-22
2024042201019016,SONA,45,1,25.0,446.5,11162.5,2024-04-22
2024042201019015,MANDU,65,56,120.0,726.0,87120.0,2024-04-22
2024042201019014,MKHL,56,58,10.0,495.0,4950.0,2024-04-22
2024042201019013,MKHL,56,38,10.0,495.0,4950.0,2024-04-22
2024042201019012,MKHL,56,48,30.0,495.0,14850.0,2024-04-22
2024042201019011,BGWT,14,48,20.0,582.1,11642.0,2024-04-22
2024042201019010,BGWT,57,48,10.0,584.0,5840.0,2024-04-22
2024042204007636,AKPL,59,36,109.0,167.0,18203.0,2024-04-22
2024042204007635,AKPL,54,36,50.0,167.0,8350.0,2024-04-22
2024042204007634,AKPL,43,36,116.0,167.0,19372.0,2024-04-22
2024042203007404,GBLBS,41,11,45.0,611.0,27495.0,2024-04-22
2024042203007403,GBLBS,48,11,10.0,611.0,6110.0,2024-04-22
2024042203007402,GBLBS,57,11,45.0,611.0,27495.0,2024-04-22
2024042201019009,SONA,6,44,100.0,447.0,44700.0,2024-04-22
2024042203007401,ALBSL,77,6,100.0,704.0,70400.0,2024-04-22
2024042204007633,CHL,58,49,1750.0,316.0,553000.0,2024-04-22
2024042204007632,CHL,70,49,250.0,316.0,79000.0,2024-04-22
2024042204007631,CHL,70,49,100.0,316.0,31600.0,2024-04-22
2024042204007630,CHL,64,49,150.0,316.0,47400.0,2024-04-22
2024042204007629,CHL,62,49,1000.0,316.1,316100.0,2024-04-22
2024042204007628,CHL,35,49,50.0,316.1,15805.0,2024-04-22
2024042204007627,CHL,64,49,200.0,316.2,63240.0,2024-04-22
2024042204007626,OHL,38,5,10.0,721.1,7211.0,2024-04-22
2024042204007625,OHL,72,5,300.0,721.1,216330.0,2024-04-22
2024042204007624,UPPER,56,57,1523.0,165.0,251295.0,2024-04-22
2024042204007623,UPPER,17,57,64.0,165.0,10560.0,2024-04-22
2024042204007622,UPPER,43,57,200.0,165.0,33000.0,2024-04-22
2024042204007621,UPPER,52,57,10.0,165.0,1650.0,2024-04-22
2024042204007620,UPPER,19,57,10.0,165.0,1650.0,2024-04-22
2024042204007619,UPPER,57,57,23.0,165.0,3795.0,2024-04-22
2024042204007618,TRH,57,64,50.0,719.0,35950.0,2024-04-22
2024042204007617,RIDI,49,38,1000.0,170.0,170000.0,2024-04-22
2024042204007616,RIDI,51,38,20.0,170.0,3400.0,2024-04-22
2024042204007615,RIDI,18,38,880.0,170.0,149600.0,2024-04-22
2024042204007614,RIDI,37,38,200.0,170.1,34020.0,2024-04-22
2024042204007613,RIDI,35,38,100.0,170.1,17010.0,2024-04-22
2024042204007612,RIDI,44,38,150.0,171.0,25650.0,2024-04-22
2024042204007611,NGPL,35,64,500.0,310.0,155000.0,2024-04-22
2024042201019008,TVCL,34,35,30.0,458.8,13764.0,2024-04-22
2024042203007400,SIFC,13,8,300.0,370.0,111000.0,2024-04-22
2024042203007399,SIFC,37,8,100.0,370.0,37000.0,2024-04-22
2024042203007398,SIFC,32,8,300.0,370.0,111000.0,2024-04-22
2024042203007397,SIFC,26,8,16.0,370.0,5920.0,2024-04-22
2024042203007396,SIFC,17,8,70.0,370.1,25907.0,2024-04-22
2024042201019007,SHIVM,21,59,100.0,507.0,50700.0,2024-04-22
2024042201019006,SHIVM,4,59,180.0,507.0,91260.0,2024-04-22
2024042203007395,NABBC,62,26,90.0,426.0,38340.0,2024-04-22
2024042203007394,NABBC,62,88,500.0,425.9,212950.0,2024-04-22
2024042203007393,NABBC,62,88,10.0,425.9,4259.0,2024-04-22
2024042203007392,NABBC,62,22,100.0,425.8,42580.0,2024-04-22
2024042205002893,HRL,4,58,10.0,595.0,5950.0,2024-04-22
2024042201019005,HHL,43,88,223.0,360.2,80324.6,2024-04-22
2024042201019004,HHL,3,88,100.0,360.3,36030.0,2024-04-22
2024042201019003,HHL,45,88,100.0,361.0,36100.0,2024-04-22
2024042201019002,HHL,58,88,19.0,361.0,6859.0,2024-04-22
2024042201019001,RNLI,57,68,11.0,422.0,4642.0,2024-04-22
2024042201019000,RNLI,57,80,60.0,422.0,25320.0,2024-04-22
2024042201018999,RNLI,57,64,11.0,422.0,4642.0,2024-04-22
2024042204007610,JOSHI,42,57,1000.0,355.3,355300.0,2024-04-22
2024042203007391,GILB,42,7,90.0,970.0,87300.0,2024-04-22
2024042203007390,GILB,19,7,10.0,970.0,9700.0,2024-04-22
2024042203007389,GILB,57,7,100.0,970.1,97010.0,2024-04-22
2024042203007388,RSDC,49,41,25.0,601.2,15030.0,2024-04-22
2024042203007387,ICFC,38,41,300.0,493.1,147930.0,2024-04-22
2024042201018998,MHL,56,11,10.0,401.0,4010.0,2024-04-22
2024042204007609,SJCL,58,40,10.0,273.0,2730.0,2024-04-22
2024042201018997,AVYAN,47,45,65.0,681.0,44265.0,2024-04-22
2024042201018996,DOLTI,28,6,50.0,455.1,22755.0,2024-04-22
2024042204007608,CHCL,60,94,200.0,439.0,87800.0,2024-04-22
2024042204007607,KKHC,57,34,10.0,229.5,2295.0,2024-04-22
2024042201018995,HATHY,57,17,50.0,840.0,42000.0,2024-04-22
2024042201018994,SMJC,52,58,90.0,367.5,33075.0,2024-04-22
2024042201018993,SMJC,63,58,10.0,368.9,3689.0,2024-04-22
2024042205002892,CHDC,33,59,140.0,786.0,110040.0,2024-04-22
2024042205002891,CHDC,33,45,55.0,785.0,43175.0,2024-04-22
2024042204007606,CHCL,28,33,25.0,438.2,10955.0,2024-04-22
2024042204007605,CHCL,33,33,30.0,438.3,13149.0,2024-04-22
2024042204007604,CHCL,48,33,20.0,438.3,8766.0,2024-04-22
2024042203007386,SJLIC,28,58,10.0,424.7,4247.0,2024-04-22
2024042201018992,NMB,44,49,2440.0,172.0,419680.0,2024-04-22
2024042201018991,NMB,51,49,50.0,172.1,8605.0,2024-04-22
2024042201018990,NMB,38,49,10.0,172.9,1729.0,2024-04-22
2024042203007385,MPFL,50,39,240.0,372.0,89280.0,2024-04-22
2024042201018989,UHEWA,57,41,25.0,403.1,10077.5,2024-04-22
2024042201018988,SNLI,35,26,31.0,584.0,18104.0,2024-04-22
2024042201018987,SNLI,35,4,10.0,584.0,5840.0,2024-04-22
2024042201018986,SNLI,35,45,130.0,584.0,75920.0,2024-04-22
2024042203007384,GUFL,17,29,100.0,759.0,75900.0,2024-04-22
2024042201018985,CITY,28,41,100.0,581.0,58100.0,2024-04-22
2024042201018984,USHL,25,50,280.0,464.0,129920.0,2024-04-22
2024042201018983,BNHC,48,42,70.0,457.0,31990.0,2024-04-22
2024042201018982,MKHL,39,48,50.0,495.0,24750.0,2024-04-22
2024042203007383,NFS,33,39,90.0,431.0,38790.0,2024-04-22
2024042203007382,GUFL,7,3,1580.0,754.7,1192426.0,2024-04-22
2024042203007381,GUFL,3,3,50.0,754.7,37735.0,2024-04-22
2024042203007380,GUFL,5,3,10.0,754.7,7547.0,2024-04-22
2024042203007379,GUFL,47,3,200.0,754.7,150940.0,2024-04-22
2024042203007378,GUFL,67,3,300.0,754.8,226440.0,2024-04-22
2024042203007377,GUFL,58,3,20.0,755.0,15100.0,2024-04-22
2024042203007376,GUFL,54,3,50.0,755.0,37750.0,2024-04-22
2024042203007375,GUFL,14,3,10.0,755.0,7550.0,2024-04-22
2024042203007374,GUFL,6,3,10.0,755.0,7550.0,2024-04-22
2024042203007373,GUFL,19,3,10.0,755.0,7550.0,2024-04-22
2024042203007372,GUFL,26,3,60.0,755.0,45300.0,2024-04-22
2024042203007371,GUFL,42,3,200.0,755.1,151020.0,2024-04-22
2024042203007370,GUFL,42,3,200.0,756.0,151200.0,2024-04-22
2024042203007369,GUFL,6,3,100.0,757.0,75700.0,2024-04-22
2024042203007368,GUFL,26,3,200.0,757.0,151400.0,2024-04-22
2024042201018981,SRLI,33,17,10.0,427.0,4270.0,2024-04-22
2024042201018980,SARBTM,57,44,30.0,798.0,23940.0,2024-04-22
2024042201018979,SARBTM,57,44,50.0,798.0,39900.0,2024-04-22
2024042203007367,RSDC,10,34,10.0,601.5,6015.0,2024-04-22
