transaction,symbol,buyer,seller,quantity,rate,amount,date
2024121601019411,TVCL,22,60,140.0,547.0,76580.0,2024-12-16
2024121601019410,TVCL,91,60,360.0,547.0,196920.0,2024-12-16
2024121605011986,NRN,60,89,10.0,984.0,9840.0,2024-12-16
2024121603017743,MDB,60,6,30.0,719.0,21570.0,2024-12-16
2024121604018508,CHL,71,49,10.0,433.0,4330.0,2024-12-16
2024121603017742,SAPDBL,71,42,50.0,1088.9,54445.0,2024-12-16
2024121603017741,SAPDBL,28,42,50.0,1088.9,54445.0,2024-12-16
2024121603017740,CFCL,52,14,130.0,612.6,79638.0,2024-12-16
2024121603017739,CFCL,62,14,20.0,612.6,12252.0,2024-12-16
2024121601019409,DOLTI,64,51,105.0,671.0,70455.0,2024-12-16
2024121601019408,DOLTI,11,51,70.0,671.5,47005.0,2024-12-16
2024121601019407,CYCL,77,49,50.0,1650.0,82500.0,2024-12-16
2024121601019406,MHL,66,45,10.0,917.0,9170.0,2024-12-16
2024121601019405,BEDC,56,62,10.0,630.0,6300.0,2024-12-16
2024121605011985,HATHY,16,56,10.0,1360.0,13600.0,2024-12-16
2024121603017738,NABBC,56,5,12.0,1275.0,15300.0,2024-12-16
2024121603017737,NABBC,56,77,25.0,1275.0,31875.0,2024-12-16
2024121603017736,NABBC,56,14,220.0,1275.0,280500.0,2024-12-16
2024121603017735,NABBC,56,28,120.0,1275.0,153000.0,2024-12-16
2024121603017734,NABBC,56,98,100.0,1275.0,127500.0,2024-12-16
2024121603017733,NABBC,56,5,23.0,1275.0,29325.0,2024-12-16
2024121605011984,SONA,28,6,50.0,460.4,23020.0,2024-12-16
2024121605011983,SMJC,45,57,40.0,534.0,21360.0,2024-12-16
2024121605011982,SMJC,45,3,200.0,534.0,106800.0,2024-12-16
2024121601019404,MHCL,65,58,150.0,554.4,83160.0,2024-12-16
2024121601019403,MLBS,28,64,10.0,1972.1,19721.0,2024-12-16
2024121601019402,HIDCLP,43,64,319.0,167.0,53273.0,2024-12-16
2024121601019401,HIDCLP,21,64,1000.0,167.0,167000.0,2024-12-16
2024121601019400,HIDCLP,58,64,330.0,167.0,55110.0,2024-12-16
2024121601019399,HIDCLP,17,64,3250.0,167.0,542750.0,2024-12-16
2024121601019398,HIDCLP,51,64,100.0,167.1,16710.0,2024-12-16
2024121603017732,LBBL,72,25,10.0,486.0,4860.0,2024-12-16
2024121601019397,AHL,26,54,90.0,705.0,63450.0,2024-12-16
2024121605011981,NRN,50,89,400.0,984.4,393760.0,2024-12-16
2024121605011980,NRIC,85,5,57.0,750.0,42750.0,2024-12-16
2024121605011979,NRIC,85,26,43.0,750.0,32250.0,2024-12-16
2024121604018507,CHCL,34,39,457.0,557.0,254549.0,2024-12-16
2024121601019396,NWCL,45,7,20.0,980.0,19600.0,2024-12-16
2024121605011978,NRM,34,1,12.0,441.0,5292.0,2024-12-16
2024121603017731,SAPDBL,29,42,90.0,1088.9,98001.0,2024-12-16
2024121603017730,SAPDBL,29,47,10.0,1088.9,10889.0,2024-12-16
2024121601019395,MLBS,29,53,10.0,1999.0,19990.0,2024-12-16
2024121604018506,UMHL,33,5,21.0,326.0,6846.0,2024-12-16
2024121604018505,UMHL,51,5,330.0,326.0,107580.0,2024-12-16
2024121604018504,NHDL,50,53,112.0,736.0,82432.0,2024-12-16
2024121604018503,NHDL,42,53,20.0,736.1,14722.0,2024-12-16
2024121603017729,NFS,41,33,10.0,1006.0,10060.0,2024-12-16
2024121603017728,NFS,8,33,15.0,1006.0,15090.0,2024-12-16
2024121601019394,MHCL,65,4,10.0,560.0,5600.0,2024-12-16
2024121601019393,MHCL,65,55,10.0,560.0,5600.0,2024-12-16
2024121601019392,MHCL,65,82,1000.0,559.8,559800.0,2024-12-16
2024121601019391,MHCL,65,16,250.0,559.0,139750.0,2024-12-16
2024121601019390,MHCL,65,45,200.0,557.5,111500.0,2024-12-16
2024121601019389,MHCL,65,58,10.0,557.0,5570.0,2024-12-16
2024121601019388,MHCL,65,59,100.0,557.0,55700.0,2024-12-16
2024121601019387,MHCL,65,5,200.0,556.0,111200.0,2024-12-16
2024121601019386,MHCL,65,71,20.0,556.0,11120.0,2024-12-16
2024121601019385,MHCL,65,45,100.0,556.0,55600.0,2024-12-16
2024121601019384,MHCL,65,58,10.0,556.0,5560.0,2024-12-16
2024121601019383,MHCL,65,61,90.0,555.0,49950.0,2024-12-16
2024121605011977,NTC,21,35,12.0,942.0,11304.0,2024-12-16
2024121605011976,NTC,38,35,21.0,942.0,19782.0,2024-12-16
2024121605011975,NTC,6,35,10.0,943.0,9430.0,2024-12-16
2024121603017727,SMPDA,35,49,10.0,938.0,9380.0,2024-12-16
2024121603017726,NFS,42,35,60.0,1008.0,60480.0,2024-12-16
2024121604018502,PPCL,35,17,355.0,281.4,99897.0,2024-12-16
2024121604018501,PPCL,35,42,80.0,281.3,22504.0,2024-12-16
2024121604018500,PPCL,35,5,200.0,281.0,56200.0,2024-12-16
2024121604018499,PPCL,35,14,100.0,280.0,28000.0,2024-12-16
2024121604018498,PPCL,35,52,90.0,280.0,25200.0,2024-12-16
2024121604018497,PPCL,35,7,1675.0,280.0,469000.0,2024-12-16
2024121604018496,PPCL,57,37,500.0,279.0,139500.0,2024-12-16
2024121603017725,NABBC,62,5,10.0,1275.0,12750.0,2024-12-16
2024121603017724,HLBSL,62,57,10.0,950.0,9500.0,2024-12-16
2024121601019382,RFPL,62,84,50.0,1013.0,50650.0,2024-12-16
2024121601019381,SANIMA,55,84,1461.0,308.6,450864.6,2024-12-16
2024121603017723,JFL,91,62,10.0,801.0,8010.0,2024-12-16
2024121604018495,DHPL,57,62,100.0,299.0,29900.0,2024-12-16
2024121605011974,CHDC,32,19,10.0,1621.9,16219.0,2024-12-16
2024121601019380,ADBL,36,84,57.0,321.0,18297.0,2024-12-16
2024121604018494,KKHC,62,41,10.0,406.9,4069.0,2024-12-16
2024121603017722,GMFIL,32,36,10.0,594.0,5940.0,2024-12-16
2024121605011973,CLI,44,57,10.0,679.0,6790.0,2024-12-16
2024121601019379,SCB,48,55,77.0,675.0,51975.0,2024-12-16
2024121601019378,SCB,48,42,20.0,675.0,13500.0,2024-12-16
2024121601019377,SCB,48,45,20.0,674.0,13480.0,2024-12-16
2024121601019376,SCB,48,25,163.0,674.0,109862.0,2024-12-16
2024121601019375,SCB,48,57,20.0,673.0,13460.0,2024-12-16
2024121601019374,BEDC,5,52,700.0,629.0,440300.0,2024-12-16
2024121601019373,BEDC,41,52,200.0,629.1,125820.0,2024-12-16
2024121605011972,CHDC,52,19,10.0,1621.9,16219.0,2024-12-16
2024121604018493,JOSHI,22,49,410.0,452.9,185689.0,2024-12-16
2024121604018492,JOSHI,22,62,10.0,452.9,4529.0,2024-12-16
2024121604018491,JOSHI,22,49,100.0,452.0,45200.0,2024-12-16
2024121604018490,JOSHI,22,42,20.0,452.0,9040.0,2024-12-16
2024121604018489,JOSHI,22,6,20.0,452.0,9040.0,2024-12-16
2024121604018488,JOSHI,22,36,20.0,452.0,9040.0,2024-12-16
2024121604018487,JOSHI,22,58,100.0,452.0,45200.0,2024-12-16
2024121604018486,JOSHI,22,38,100.0,451.0,45100.0,2024-12-16
2024121604018485,JOSHI,22,41,20.0,451.0,9020.0,2024-12-16
2024121604018484,JOSHI,22,58,93.0,451.0,41943.0,2024-12-16
2024121604018483,JOSHI,22,38,500.0,450.0,225000.0,2024-12-16
2024121604018482,JOSHI,22,22,200.0,450.0,90000.0,2024-12-16
2024121604018481,JOSHI,22,45,50.0,450.0,22500.0,2024-12-16
2024121601019372,MHCL,65,22,1140.0,554.4,632016.0,2024-12-16
2024121601019371,NABIL,7,35,27.0,512.9,13848.3,2024-12-16
2024121601019370,ULBSL,42,70,10.0,3083.2,30832.0,2024-12-16
2024121601019369,RFPL,60,84,20.0,1013.0,20260.0,2024-12-16
2024121603017721,MLBBL,70,43,10.0,1652.0,16520.0,2024-12-16
2024121601019368,UNLB,60,45,70.0,2529.0,177030.0,2024-12-16
2024121604018480,KPCL,60,17,50.0,537.0,26850.0,2024-12-16
2024121604018479,RIDI,33,26,200.0,227.2,45440.0,2024-12-16
2024121604018478,RIDI,48,26,86.0,227.2,19539.2,2024-12-16
2024121601019367,SRLI,22,42,10.0,419.0,4190.0,2024-12-16
2024121603017720,NICLBSL,36,28,25.0,672.0,16800.0,2024-12-16
2024121603017719,NICLBSL,58,28,10.0,672.0,6720.0,2024-12-16
2024121603017718,NICLBSL,58,28,10.0,673.0,6730.0,2024-12-16
2024121603017717,NABBC,28,5,70.0,1275.0,89250.0,2024-12-16
2024121603017716,NABBC,28,28,500.0,1273.9,636950.0,2024-12-16
2024121603017715,NABBC,28,34,50.0,1272.3,63615.0,2024-12-16
2024121603017714,NABBC,28,34,80.0,1270.0,101600.0,2024-12-16
2024121603017713,SAPDBL,71,47,50.0,1088.9,54445.0,2024-12-16
2024121603017712,NABBC,71,34,10.0,1270.0,12700.0,2024-12-16
2024121603017711,LBBL,14,25,11.0,486.0,5346.0,2024-12-16
2024121604018477,DHPL,57,14,10.0,299.0,2990.0,2024-12-16
2024121604018476,GHL,51,58,224.0,214.0,47936.0,2024-12-16
2024121604018475,GHL,51,32,276.0,214.0,59064.0,2024-12-16
2024121603017710,NABBC,20,34,10.0,1270.0,12700.0,2024-12-16
2024121603017709,NABBC,20,28,120.0,1265.3,151836.0,2024-12-16
2024121603017708,NABBC,20,61,200.0,1262.0,252400.0,2024-12-16
2024121603017707,NABBC,20,61,170.0,1261.0,214370.0,2024-12-16
2024121604018474,JOSHI,49,45,80.0,450.0,36000.0,2024-12-16
2024121601019366,MKHC,47,49,500.0,525.2,262600.0,2024-12-16
2024121601019365,SPL,80,57,10.0,969.0,9690.0,2024-12-16
2024121605011971,NRIC,47,26,10.0,750.0,7500.0,2024-12-16
2024121603017706,NFS,8,61,185.0,1006.0,186110.0,2024-12-16
2024121603017705,NFS,86,61,65.0,1006.0,65390.0,2024-12-16
2024121601019364,UHEWA,57,22,10.0,705.0,7050.0,2024-12-16
2024121604018473,JOSHI,72,13,10.0,449.8,4498.0,2024-12-16
2024121601019363,MEHL,57,25,58.0,456.9,26500.2,2024-12-16
2024121601019362,MEHL,57,58,42.0,455.0,19110.0,2024-12-16
2024121601019361,MMKJL,33,57,650.0,705.0,458250.0,2024-12-16
2024121603017704,MATRI,58,29,15.0,1254.0,18810.0,2024-12-16
2024121601019360,KBSH,64,64,100.0,3300.0,330000.0,2024-12-16
2024121601019359,KBSH,64,55,100.0,2754.0,275400.0,2024-12-16
2024121601019358,KBSH,64,54,10.0,2754.0,27540.0,2024-12-16
2024121601019357,KBSH,64,56,10.0,2740.0,27400.0,2024-12-16
2024121601019356,KBSH,64,45,50.0,2700.0,135000.0,2024-12-16
2024121601019355,KBSH,64,45,10.0,2700.0,27000.0,2024-12-16
2024121601019354,KBSH,64,28,450.0,2700.0,1215000.0,2024-12-16
2024121601019353,NYADI,58,83,10.0,364.0,3640.0,2024-12-16
2024121603017703,MLBBL,58,80,20.0,1652.0,33040.0,2024-12-16
2024121601019352,AHL,26,58,10.0,705.0,7050.0,2024-12-16
2024121604018472,NGPL,85,32,374.0,269.0,100606.0,2024-12-16
2024121604018471,NGPL,85,17,126.0,269.0,33894.0,2024-12-16
2024121603017702,MLBBL,40,80,20.0,1652.0,33040.0,2024-12-16
2024121601019351,MKJC,34,16,30.0,534.9,16047.0,2024-12-16
2024121603017701,JSLBB,34,1,50.0,1552.0,77600.0,2024-12-16
2024121601019350,SGHC,45,32,40.0,464.0,18560.0,2024-12-16
2024121601019349,SGHC,45,45,40.0,463.0,18520.0,2024-12-16
2024121601019348,SGHC,45,13,20.0,462.0,9240.0,2024-12-16
2024121604018470,KKHC,72,34,10.0,406.0,4060.0,2024-12-16
2024121604018469,UNHPL,69,58,185.0,291.8,53983.0,2024-12-16
2024121604018468,UNHPL,69,14,75.0,291.5,21862.5,2024-12-16
2024121604018467,UNHPL,69,26,90.0,291.0,26190.0,2024-12-16
2024121604018466,HURJA,33,99,100.0,234.0,23400.0,2024-12-16
2024121601019347,PPL,41,33,180.0,516.2,92916.0,2024-12-16
2024121605011970,VLUCL,65,66,27.0,676.9,18276.3,2024-12-16
2024121605011969,VLUCL,65,22,114.0,675.0,76950.0,2024-12-16
2024121601019346,MHCL,94,61,10.0,555.0,5550.0,2024-12-16
2024121601019345,MHCL,94,45,20.0,555.0,11100.0,2024-12-16
2024121603017700,JFL,57,35,59.0,798.1,47087.9,2024-12-16
2024121604018465,JOSHI,35,45,170.0,450.0,76500.0,2024-12-16
2024121604018464,JOSHI,35,38,50.0,450.0,22500.0,2024-12-16
2024121604018463,JOSHI,35,1,500.0,450.0,225000.0,2024-12-16
2024121604018462,JOSHI,35,3,320.0,450.0,144000.0,2024-12-16
2024121604018461,JOSHI,35,42,10.0,450.0,4500.0,2024-12-16
2024121604018460,JOSHI,35,39,10.0,450.0,4500.0,2024-12-16
2024121604018459,JOSHI,35,44,260.0,450.0,117000.0,2024-12-16
2024121604018458,JOSHI,35,48,150.0,449.9,67485.0,2024-12-16
2024121604018457,JOSHI,35,58,30.0,449.9,13497.0,2024-12-16
2024121603017699,MATRI,3,35,35.0,1250.5,43767.5,2024-12-16
2024121603017698,MATRI,39,35,10.0,1251.0,12510.0,2024-12-16
2024121603017697,MATRI,1,35,50.0,1251.0,62550.0,2024-12-16
2024121603017696,MATRI,48,35,100.0,1251.0,125100.0,2024-12-16
2024121603017695,MATRI,58,35,125.0,1251.1,156387.5,2024-12-16
2024121603017694,MATRI,42,35,10.0,1251.2,12512.0,2024-12-16
2024121603017693,MATRI,42,35,10.0,1251.3,12513.0,2024-12-16
2024121601019344,SARBTM,53,39,212.0,760.0,161120.0,2024-12-16
2024121601019343,SARBTM,21,39,170.0,760.7,129319.0,2024-12-16
2024121601019342,SARBTM,26,39,100.0,760.7,76070.0,2024-12-16
2024121601019341,SARBTM,35,39,10.0,760.8,7608.0,2024-12-16
2024121601019340,SARBTM,42,39,100.0,761.0,76100.0,2024-12-16
2024121601019339,SARBTM,45,39,20.0,762.0,15240.0,2024-12-16
2024121601019338,SARBTM,44,39,100.0,762.5,76250.0,2024-12-16
2024121601019337,SARBTM,34,39,203.0,762.7,154828.1,2024-12-16
2024121603017692,MDB,38,6,10.0,719.0,7190.0,2024-12-16
2024121601019336,DOLTI,11,38,10.0,671.5,6715.0,2024-12-16
2024121601019335,BEDC,33,62,50.0,630.0,31500.0,2024-12-16
2024121601019334,BEDC,49,62,115.0,630.0,72450.0,2024-12-16
2024121601019333,RFPL,62,84,10.0,1013.0,10130.0,2024-12-16
2024121601019332,RFPL,62,26,10.0,1012.0,10120.0,2024-12-16
2024121604018456,PPCL,57,32,1000.0,279.0,279000.0,2024-12-16
2024121601019331,BHPL,32,57,10.0,788.0,7880.0,2024-12-16
2024121604018455,API,19,38,200.0,265.2,53040.0,2024-12-16
2024121603017691,MLBBL,38,80,10.0,1652.0,16520.0,2024-12-16
2024121601019330,MEHL,44,58,100.0,455.0,45500.0,2024-12-16
2024121601019329,SBL,50,58,30.0,309.0,9270.0,2024-12-16
2024121603017690,ICFC,50,52,20.0,691.9,13838.0,2024-12-16
2024121603017689,ICFC,50,14,80.0,691.0,55280.0,2024-12-16
2024121604018454,AHPC,48,83,15.0,255.0,3825.0,2024-12-16
2024121601019328,CZBIL,25,45,10.0,217.6,2176.0,2024-12-16
2024121601019327,USHEC,43,25,10.0,575.0,5750.0,2024-12-16
2024121604018453,GHL,7,32,50.0,214.0,10700.0,2024-12-16
2024121604018452,RURU,42,36,10.0,703.0,7030.0,2024-12-16
2024121603017688,NABBC,17,26,47.0,1222.0,57434.0,2024-12-16
2024121603017687,NABBC,66,26,100.0,1223.0,122300.0,2024-12-16
2024121603017686,NABBC,58,26,142.0,1225.0,173950.0,2024-12-16
2024121603017685,NABBC,11,26,50.0,1225.2,61260.0,2024-12-16
2024121603017684,NABBC,66,26,36.0,1226.0,44136.0,2024-12-16
2024121603017683,NABBC,17,26,55.0,1226.4,67452.0,2024-12-16
2024121603017682,NABBC,34,26,200.0,1228.0,245600.0,2024-12-16
2024121603017681,NABBC,17,26,60.0,1228.1,73686.0,2024-12-16
2024121603017680,NABBC,91,26,40.0,1234.1,49364.0,2024-12-16
2024121603017679,NABBC,72,26,100.0,1234.2,123420.0,2024-12-16
2024121603017678,NABBC,43,26,200.0,1234.5,246900.0,2024-12-16
2024121603017677,NABBC,21,26,10.0,1235.0,12350.0,2024-12-16
2024121603017676,NABBC,17,26,50.0,1235.1,61755.0,2024-12-16
2024121603017675,NABBC,72,26,10.0,1256.5,12565.0,2024-12-16
2024121603017674,NABBC,56,26,400.0,1260.0,504000.0,2024-12-16
2024121605011968,STC,22,42,15.0,5700.0,85500.0,2024-12-16
2024121603017673,SLBSL,62,42,1000.0,1661.0,1661000.0,2024-12-16
2024121603017672,GRDBL,71,43,225.0,997.0,224325.0,2024-12-16
2024121603017671,GRDBL,71,53,25.0,990.0,24750.0,2024-12-16
2024121603017670,GMFIL,51,36,10.0,594.0,5940.0,2024-12-16
2024121601019326,CKHL,53,14,10.0,680.0,6800.0,2024-12-16
2024121604018451,HURJA,16,14,71.0,232.7,16521.7,2024-12-16
2024121604018450,HURJA,57,14,50.0,233.0,11650.0,2024-12-16
2024121604018449,HURJA,56,14,500.0,233.0,116500.0,2024-12-16
2024121604018448,HURJA,26,14,200.0,233.0,46600.0,2024-12-16
2024121604018447,HURJA,48,14,369.0,233.0,85977.0,2024-12-16
2024121604018446,HURJA,58,14,10.0,233.2,2332.0,2024-12-16
2024121604018445,UMRH,22,96,10.0,626.1,6261.0,2024-12-16
2024121603017669,SMFBS,49,64,10.0,1998.0,19980.0,2024-12-16
2024121605011967,NRM,13,49,10.0,440.2,4402.0,2024-12-16
2024121603017668,MLBL,21,1,20.0,394.0,7880.0,2024-12-16
2024121603017667,MLBL,21,41,100.0,393.0,39300.0,2024-12-16
2024121603017666,MLBL,21,57,100.0,392.9,39290.0,2024-12-16
2024121605011966,NRM,36,1,10.0,441.0,4410.0,2024-12-16
2024121601019325,MKHC,47,48,50.0,525.7,26285.0,2024-12-16
2024121605011965,BBC,56,1,70.0,6200.0,434000.0,2024-12-16
2024121603017665,SMPDA,1,49,10.0,938.0,9380.0,2024-12-16
2024121601019324,MHCL,65,57,100.0,554.4,55440.0,2024-12-16
2024121603017664,LICN,41,81,20.0,1180.0,23600.0,2024-12-16
2024121604018444,MEN,16,41,130.0,720.0,93600.0,2024-12-16
2024121605011964,HRL,95,35,30.0,808.8,24264.0,2024-12-16
2024121601019323,MHCL,65,89,2000.0,554.4,1108800.0,2024-12-16
2024121603017663,CFCL,29,33,100.0,614.9,61490.0,2024-12-16
2024121603017662,HLBSL,34,8,15.0,946.0,14190.0,2024-12-16
2024121603017661,HLBSL,34,34,105.0,945.9,99319.5,2024-12-16
2024121601019322,TVCL,34,83,15.0,548.9,8233.5,2024-12-16
2024121601019321,TVCL,34,80,45.0,548.0,24660.0,2024-12-16
2024121603017660,JFL,57,53,126.0,798.1,100560.6,2024-12-16
2024121603017659,JFL,6,53,10.0,798.9,7989.0,2024-12-16
2024121603017658,JFL,45,53,13.0,799.0,10387.0,2024-12-16
2024121603017657,JFL,16,53,100.0,799.0,79900.0,2024-12-16
2024121603017656,JFL,17,53,50.0,800.0,40000.0,2024-12-16
2024121603017655,JFL,48,53,201.0,800.0,160800.0,2024-12-16
2024121603017654,NABBC,69,61,30.0,1261.0,37830.0,2024-12-16
2024121604018443,HPPL,42,45,76.0,388.0,29488.0,2024-12-16
2024121604018442,HPPL,3,45,24.0,390.0,9360.0,2024-12-16
2024121604018441,GHL,58,32,350.0,214.0,74900.0,2024-12-16
2024121604018440,UPCL,35,34,32.0,277.5,8880.0,2024-12-16
2024121604018439,UPCL,35,61,70.0,277.5,19425.0,2024-12-16
2024121604018438,KKHC,35,41,10.0,406.9,4069.0,2024-12-16
2024121601019320,MKCL,38,17,10.0,1500.0,15000.0,2024-12-16
2024121601019319,AHL,52,50,10.0,709.0,7090.0,2024-12-16
2024121601019318,BGWT,16,59,10.0,969.0,9690.0,2024-12-16
2024121601019317,SARBTM,34,8,70.0,762.7,53389.0,2024-12-16
2024121603017653,CORBL,60,71,20.0,1627.0,32540.0,2024-12-16
2024121604018437,HDHPC,91,4,700.0,202.9,142030.0,2024-12-16
2024121601019316,KBSH,92,28,50.0,2700.0,135000.0,2024-12-16
2024121604018436,UAIL,59,42,100.0,634.0,63400.0,2024-12-16
2024121601019315,NESDO,66,52,10.0,2165.0,21650.0,2024-12-16
2024121601019314,SANIMA,13,26,30.0,308.8,9264.0,2024-12-16
2024121601019313,SANIMA,13,16,20.0,308.7,6174.0,2024-12-16
2024121603017652,NFS,86,57,100.0,1006.0,100600.0,2024-12-16
2024121603017651,SLBSL,62,6,140.0,1661.0,232540.0,2024-12-16
2024121603017650,RLFL,56,41,10.0,600.3,6003.0,2024-12-16
2024121601019312,MCHL,19,41,100.0,567.0,56700.0,2024-12-16
2024121604018435,KKHC,72,19,50.0,406.0,20300.0,2024-12-16
2024121603017649,NLIC,4,40,110.0,778.2,85602.0,2024-12-16
2024121603017648,NLIC,52,40,500.0,778.3,389150.0,2024-12-16
2024121603017647,NLIC,7,40,20.0,778.4,15568.0,2024-12-16
2024121603017646,NLIC,14,40,100.0,779.0,77900.0,2024-12-16
2024121603017645,NLIC,42,40,10.0,779.0,7790.0,2024-12-16
2024121601019311,MKHC,11,48,10.0,525.7,5257.0,2024-12-16
2024121603017644,ALICL,34,44,10.0,720.0,7200.0,2024-12-16
2024121603017643,KSBBL,36,33,58.0,448.4,26007.2,2024-12-16
2024121603017642,KSBBL,81,33,500.0,448.5,224250.0,2024-12-16
2024121603017641,KSBBL,62,33,500.0,448.5,224250.0,2024-12-16
2024121603017640,KSBBL,81,33,500.0,448.6,224300.0,2024-12-16
2024121603017639,KSBBL,49,33,100.0,448.6,44860.0,2024-12-16
2024121603017638,KSBBL,81,33,500.0,448.7,224350.0,2024-12-16
2024121603017637,KSBBL,91,33,200.0,449.0,89800.0,2024-12-16
2024121603017636,KSBBL,34,33,142.0,450.0,63900.0,2024-12-16
2024121603017635,JBBL,45,67,100.0,367.0,36700.0,2024-12-16
2024121603017634,SIFC,26,45,50.0,603.0,30150.0,2024-12-16
2024121604018434,AHPC,37,42,10.0,255.7,2557.0,2024-12-16
2024121604018433,HDHPC,58,4,100.0,202.9,20290.0,2024-12-16
2024121603017633,NMLBBL,35,46,100.0,672.0,67200.0,2024-12-16
2024121604018432,SHPC,35,22,90.0,525.9,47331.0,2024-12-16
2024121604018431,HDHPC,48,4,500.0,202.9,101450.0,2024-12-16
2024121601019310,SCB,58,50,30.0,669.0,20070.0,2024-12-16
2024121601019309,SCB,49,50,10.0,669.0,6690.0,2024-12-16
2024121601019308,SCB,58,50,460.0,669.0,307740.0,2024-12-16
2024121601019307,KBL,32,6,25.0,215.6,5390.0,2024-12-16
2024121603017632,GBBL,65,16,19.0,430.3,8175.7,2024-12-16
2024121605011963,VLUCL,52,22,41.0,675.0,27675.0,2024-12-16
2024121603017631,GRDBL,60,53,75.0,990.0,74250.0,2024-12-16
2024121603017630,GRDBL,60,17,30.0,990.0,29700.0,2024-12-16
2024121603017629,GRDBL,60,59,40.0,989.0,39560.0,2024-12-16
2024121603017628,GRDBL,60,44,55.0,988.0,54340.0,2024-12-16
2024121601019306,SMH,60,34,100.0,994.6,99460.0,2024-12-16
2024121601019305,SMH,60,42,20.0,994.6,19892.0,2024-12-16
2024121604018430,TRH,36,35,10.0,1068.6,10686.0,2024-12-16
2024121601019304,IHL,26,40,10.0,664.0,6640.0,2024-12-16
2024121604018429,UMRH,28,81,10.0,627.0,6270.0,2024-12-16
2024121604018428,HURJA,59,99,10.0,234.0,2340.0,2024-12-16
2024121604018427,SPIL,49,49,100.0,800.0,80000.0,2024-12-16
2024121601019303,HIDCLP,32,1,100.0,167.5,16750.0,2024-12-16
2024121603017627,SIFC,26,57,45.0,603.0,27135.0,2024-12-16
2024121603017626,SIFC,19,57,55.0,603.0,33165.0,2024-12-16
2024121603017625,NFS,86,57,155.0,1006.0,155930.0,2024-12-16
2024121603017624,BFC,49,41,200.0,750.2,150040.0,2024-12-16
2024121601019302,BHDC,56,36,25.0,629.0,15725.0,2024-12-16
2024121604018426,SHEL,34,58,400.0,243.8,97520.0,2024-12-16
2024121604018425,SHEL,47,58,427.0,244.0,104188.0,2024-12-16
2024121603017623,PMLI,33,58,80.0,546.3,43704.0,2024-12-16
2024121603017622,PMLI,33,58,110.0,546.5,60115.0,2024-12-16
2024121603017621,PMLI,41,58,40.0,546.6,21864.0,2024-12-16
2024121603017620,PMLI,6,58,265.0,547.0,144955.0,2024-12-16
2024121605011962,BBC,58,49,20.0,6249.0,124980.0,2024-12-16
2024121601019301,PPL,99,22,10.0,518.0,5180.0,2024-12-16
2024121605011961,NTC,58,43,10.0,944.0,9440.0,2024-12-16
2024121601019300,NYADI,48,83,70.0,364.0,25480.0,2024-12-16
2024121603017619,SADBL,32,44,44.0,421.0,18524.0,2024-12-16
2024121603017618,SADBL,48,44,356.0,421.0,149876.0,2024-12-16
2024121604018424,KPCL,44,17,10.0,537.0,5370.0,2024-12-16
2024121603017617,SINDU,38,14,10.0,909.0,9090.0,2024-12-16
2024121604018423,RADHI,58,38,19.0,385.6,7326.4,2024-12-16
2024121601019299,SPL,7,57,10.0,969.0,9690.0,2024-12-16
2024121601019298,NIMB,42,62,200.0,218.4,43680.0,2024-12-16
2024121601019297,TVCL,71,80,355.0,548.0,194540.0,2024-12-16
2024121605011960,SAHAS,16,13,165.0,485.0,80025.0,2024-12-16
2024121601019296,MKCL,38,1,10.0,1495.0,14950.0,2024-12-16
2024121605011959,SAHAS,17,13,15.0,485.0,7275.0,2024-12-16
2024121605011958,SAHAS,53,13,10.0,485.0,4850.0,2024-12-16
2024121605011957,SAHAS,42,13,20.0,485.0,9700.0,2024-12-16
2024121605011956,SAHAS,48,13,50.0,485.0,24250.0,2024-12-16
2024121605011955,SAHAS,58,13,20.0,485.0,9700.0,2024-12-16
2024121605011954,SAHAS,17,13,200.0,485.0,97000.0,2024-12-16
2024121605011953,RNLI,52,57,50.0,506.9,25345.0,2024-12-16
2024121601019295,MSHL,57,40,10.0,989.0,9890.0,2024-12-16
2024121604018422,KKHC,72,45,51.0,406.0,20706.0,2024-12-16
2024121604018421,KKHC,72,49,750.0,405.0,303750.0,2024-12-16
2024121605011952,VLUCL,6,66,100.0,676.9,67690.0,2024-12-16
2024121603017616,NABBC,56,18,500.0,1260.0,630000.0,2024-12-16
2024121605011951,VLUCL,43,66,10.0,676.9,6769.0,2024-12-16
2024121601019294,SCB,55,57,100.0,673.0,67300.0,2024-12-16
2024121601019293,SCB,55,50,100.0,672.0,67200.0,2024-12-16
2024121603017615,WNLB,45,58,10.0,2519.9,25199.0,2024-12-16
2024121603017614,JSLBB,35,36,13.0,1550.0,20150.0,2024-12-16
2024121603017613,JFL,48,39,50.0,800.0,40000.0,2024-12-16
2024121604018420,KKHC,62,49,50.0,405.0,20250.0,2024-12-16
2024121604018419,KKHC,62,49,50.0,405.0,20250.0,2024-12-16
2024121604018418,HDHPC,45,39,100.0,202.8,20280.0,2024-12-16
2024121604018417,JOSHI,48,57,100.0,449.9,44990.0,2024-12-16
2024121603017612,PROFL,58,58,72.0,644.0,46368.0,2024-12-16
2024121603017611,PROFL,58,21,28.0,644.0,18032.0,2024-12-16
2024121605011950,ILI,6,58,12.0,470.2,5642.4,2024-12-16
2024121604018416,UNHPL,38,26,10.0,291.0,2910.0,2024-12-16
2024121604018415,UMRH,8,81,50.0,627.0,31350.0,2024-12-16
2024121604018414,AKJCL,14,42,100.0,205.0,20500.0,2024-12-16
2024121604018413,BARUN,34,20,100.0,411.0,41100.0,2024-12-16
2024121604018412,BARUN,70,20,100.0,411.0,41100.0,2024-12-16
2024121604018411,BARUN,70,20,100.0,411.0,41100.0,2024-12-16
2024121604018410,BARUN,19,20,200.0,411.1,82220.0,2024-12-16
2024121604018409,BARUN,42,20,500.0,411.6,205800.0,2024-12-16
2024121604018408,BARUN,45,20,50.0,411.6,20580.0,2024-12-16
2024121604018407,BARUN,58,20,100.0,412.0,41200.0,2024-12-16
2024121604018406,BARUN,49,20,100.0,412.0,41200.0,2024-12-16
2024121604018405,BARUN,4,20,20.0,412.0,8240.0,2024-12-16
2024121604018404,BARUN,80,20,50.0,412.0,20600.0,2024-12-16
2024121604018403,BARUN,19,20,35.0,412.0,14420.0,2024-12-16
2024121601019292,MHL,66,66,10.0,917.0,9170.0,2024-12-16
2024121601019291,SPL,80,57,10.0,969.0,9690.0,2024-12-16
2024121604018402,NHPC,47,47,10.0,232.4,2324.0,2024-12-16
2024121604018401,SHEL,47,33,573.0,244.0,139812.0,2024-12-16
2024121604018400,UMHL,1,58,10.0,328.6,3286.0,2024-12-16
2024121604018399,UMHL,1,44,90.0,328.0,29520.0,2024-12-16
2024121601019290,CKHL,53,49,50.0,677.0,33850.0,2024-12-16
2024121601019289,CKHL,53,38,42.0,676.7,28421.4,2024-12-16
2024121603017610,MLBSL,5,59,10.0,2240.0,22400.0,2024-12-16
2024121603017609,SWBBL,65,62,308.0,891.0,274428.0,2024-12-16
2024121603017608,SWBBL,65,41,30.0,890.0,26700.0,2024-12-16
2024121603017607,SWBBL,65,34,50.0,890.0,44500.0,2024-12-16
2024121603017606,SWBBL,65,57,300.0,889.0,266700.0,2024-12-16
2024121603017605,SWBBL,65,19,100.0,889.0,88900.0,2024-12-16
2024121603017604,SWBBL,65,57,10.0,888.9,8889.0,2024-12-16
2024121603017603,SWBBL,65,41,73.0,888.8,64882.4,2024-12-16
2024121603017602,SWBBL,65,58,10.0,887.0,8870.0,2024-12-16
2024121603017601,SWBBL,65,40,10.0,885.0,8850.0,2024-12-16
2024121603017600,SWBBL,65,34,415.0,885.0,367275.0,2024-12-16
2024121603017599,SWBBL,65,42,17.0,885.0,15045.0,2024-12-16
2024121603017598,SWBBL,65,81,177.0,885.0,156645.0,2024-12-16
2024121603017597,USLB,10,35,20.0,1506.0,30120.0,2024-12-16
2024121601019288,NMB,52,35,83.0,241.6,20052.8,2024-12-16
2024121601019287,NMB,11,35,100.0,241.8,24180.0,2024-12-16
2024121601019286,NMB,80,35,817.0,241.9,197632.3,2024-12-16
2024121601019285,PRVU,45,48,53.0,222.0,11766.0,2024-12-16
2024121601019284,PRVU,7,48,47.0,222.0,10434.0,2024-12-16
2024121601019283,NICA,52,48,200.0,398.2,79640.0,2024-12-16
2024121604018398,OHL,34,48,50.0,908.0,45400.0,2024-12-16
2024121603017596,NFS,58,28,10.0,1008.0,10080.0,2024-12-16
2024121604018397,CHCL,58,39,20.0,557.0,11140.0,2024-12-16
2024121601019282,HHL,57,38,101.0,504.0,50904.0,2024-12-16
2024121604018396,NIL,44,17,200.0,913.0,182600.0,2024-12-16
2024121604018395,NIL,50,17,30.0,914.0,27420.0,2024-12-16
2024121604018394,NIL,42,17,100.0,914.0,91400.0,2024-12-16
2024121603017595,NFS,58,22,100.0,1007.0,100700.0,2024-12-16
2024121605011949,HATHY,16,87,12.0,1360.0,16320.0,2024-12-16
2024121604018393,UPCL,28,48,58.0,277.0,16066.0,2024-12-16
2024121604018392,RHPL,38,14,10.0,443.0,4430.0,2024-12-16
2024121601019281,TAMOR,77,48,750.0,514.0,385500.0,2024-12-16
2024121601019280,TAMOR,77,86,240.0,513.0,123120.0,2024-12-16
2024121601019279,TAMOR,77,21,10.0,511.0,5110.0,2024-12-16
2024121601019278,USHEC,66,1,10.0,580.0,5800.0,2024-12-16
2024121601019277,SMHL,91,49,10.0,1000.0,10000.0,2024-12-16
2024121603017594,NABBC,56,62,100.0,1257.6,125760.0,2024-12-16
2024121603017593,PMLI,6,13,205.0,547.0,112135.0,2024-12-16
2024121601019276,HIDCLP,6,57,100.0,167.5,16750.0,2024-12-16
2024121603017592,SFCL,57,55,103.0,689.0,70967.0,2024-12-16
2024121605011948,CIT,38,6,50.0,2157.0,107850.0,2024-12-16
2024121604018391,UMRH,28,81,5000.0,627.0,3135000.0,2024-12-16
2024121601019275,LSL,28,34,970.0,232.3,225331.0,2024-12-16
2024121601019274,LSL,8,34,50.0,232.3,11615.0,2024-12-16
2024121601019273,LSL,44,34,1000.0,232.4,232400.0,2024-12-16
2024121601019272,LSL,7,34,50.0,232.4,11620.0,2024-12-16
2024121601019271,LSL,28,34,1000.0,232.5,232500.0,2024-12-16
2024121601019270,LSL,11,34,100.0,232.5,23250.0,2024-12-16
2024121601019269,LSL,45,34,200.0,232.6,46520.0,2024-12-16
2024121601019268,LSL,48,34,1500.0,232.6,348900.0,2024-12-16
2024121601019267,LSL,45,34,30.0,232.6,6978.0,2024-12-16
2024121601019266,LSL,43,34,100.0,232.7,23270.0,2024-12-16
2024121601019265,MEHL,13,53,100.0,454.1,45410.0,2024-12-16
2024121604018390,AKJCL,14,39,150.0,205.0,30750.0,2024-12-16
2024121604018389,API,19,48,716.0,265.2,189883.2,2024-12-16
2024121604018388,API,45,48,15.0,265.2,3978.0,2024-12-16
2024121604018387,API,56,48,269.0,265.2,71338.8,2024-12-16
2024121603017591,GBBL,48,55,80.0,430.4,34432.0,2024-12-16
2024121601019264,DOLTI,11,8,100.0,671.5,67150.0,2024-12-16
2024121601019263,MMKJL,33,68,18.0,705.0,12690.0,2024-12-16
2024121601019262,MMKJL,6,68,40.0,705.1,28204.0,2024-12-16
2024121604018386,NGPL,51,17,79.0,269.0,21251.0,2024-12-16
2024121604018385,NGPL,51,49,21.0,268.9,5646.9,2024-12-16
2024121605011947,HDL,22,7,10.0,1325.5,13255.0,2024-12-16
2024121604018384,JOSHI,72,21,1000.0,449.8,449800.0,2024-12-16
2024121604018383,UMRH,21,28,10.0,630.0,6300.0,2024-12-16
2024121605011946,NIFRA,58,49,100.0,253.1,25310.0,2024-12-16
2024121601019261,MKHC,46,3,29.0,525.3,15233.7,2024-12-16
2024121601019260,MKHC,47,3,500.0,525.3,262650.0,2024-12-16
2024121601019259,MKHC,47,3,70.0,525.3,36771.0,2024-12-16
2024121601019258,MKHC,47,3,351.0,525.4,184415.4,2024-12-16
2024121604018382,BPCL,13,41,100.0,399.9,39990.0,2024-12-16
2024121603017590,KRBL,49,41,243.0,776.3,188640.9,2024-12-16
2024121603017589,KRBL,17,41,200.0,776.5,155300.0,2024-12-16
2024121603017588,KRBL,57,41,500.0,777.0,388500.0,2024-12-16
2024121603017587,KRBL,56,41,200.0,777.0,155400.0,2024-12-16
2024121603017586,KRBL,25,41,60.0,777.1,46626.0,2024-12-16
2024121603017585,KRBL,42,41,10.0,781.0,7810.0,2024-12-16
2024121603017584,KRBL,72,41,87.0,781.0,67947.0,2024-12-16
2024121603017583,NFS,57,57,10.0,1008.0,10080.0,2024-12-16
2024121603017582,NFS,38,57,30.0,1008.0,30240.0,2024-12-16
2024121603017581,NFS,26,57,30.0,1008.0,30240.0,2024-12-16
2024121604018381,RURU,42,6,344.0,705.0,242520.0,2024-12-16
2024121604018380,RURU,57,6,165.0,705.0,116325.0,2024-12-16
2024121604018379,RURU,26,6,10.0,705.2,7052.0,2024-12-16
2024121604018378,JOSHI,72,40,50.0,449.8,22490.0,2024-12-16
2024121601019257,RHGCL,29,42,50.0,499.0,24950.0,2024-12-16
2024121603017580,NUBL,8,29,30.0,690.0,20700.0,2024-12-16
2024121603017579,PFL,52,43,39.0,620.0,24180.0,2024-12-16
2024121601019256,BHDC,56,65,18.0,629.0,11322.0,2024-12-16
2024121601019255,BHDC,54,65,32.0,629.0,20128.0,2024-12-16
2024121604018377,NIL,45,41,69.0,915.0,63135.0,2024-12-16
2024121604018376,NIL,45,51,31.0,915.0,28365.0,2024-12-16
2024121601019254,HIDCLP,44,68,500.0,167.8,83900.0,2024-12-16
2024121603017578,JFL,48,45,50.0,800.0,40000.0,2024-12-16
2024121603017577,JFL,48,38,199.0,800.0,159200.0,2024-12-16
2024121605011945,HIDCL,10,29,490.0,244.0,119560.0,2024-12-16
2024121605011944,HIDCL,10,44,10.0,243.8,2438.0,2024-12-16
2024121605011943,VLUCL,52,58,59.0,675.0,39825.0,2024-12-16
2024121603017576,FOWAD,49,16,10.0,1230.0,12300.0,2024-12-16
2024121605011942,SAHAS,41,42,100.0,485.1,48510.0,2024-12-16
2024121605011941,SAHAS,38,42,30.0,485.1,14553.0,2024-12-16
2024121605011940,SAHAS,59,42,80.0,485.1,38808.0,2024-12-16
2024121601019253,NMB,80,42,33.0,241.9,7982.7,2024-12-16
2024121604018375,UMRH,28,28,60.0,630.0,37800.0,2024-12-16
2024121603017575,LBBL,100,21,490.0,481.7,236033.0,2024-12-16
2024121603017574,LBBL,34,21,10.0,482.0,4820.0,2024-12-16
2024121605011939,HATHY,49,42,50.0,1365.0,68250.0,2024-12-16
2024121603017573,NABBC,72,5,40.0,1256.5,50260.0,2024-12-16
2024121601019252,UNLB,38,57,10.0,2500.0,25000.0,2024-12-16
2024121601019251,UNLB,60,57,40.0,2501.0,100040.0,2024-12-16
2024121603017572,KSBBL,46,42,11.0,451.0,4961.0,2024-12-16
2024121601019250,MKJC,29,16,10.0,534.9,5349.0,2024-12-16
2024121603017571,JFL,5,38,101.0,800.0,80800.0,2024-12-16
2024121603017570,JFL,5,16,399.0,800.0,319200.0,2024-12-16
2024121601019249,TAMOR,3,62,235.0,510.7,120014.5,2024-12-16
2024121601019248,TAMOR,37,62,100.0,510.8,51080.0,2024-12-16
2024121601019247,TAMOR,45,62,60.0,510.9,30654.0,2024-12-16
2024121601019246,TAMOR,49,62,250.0,511.0,127750.0,2024-12-16
2024121601019245,TAMOR,6,62,50.0,511.0,25550.0,2024-12-16
2024121603017569,PFL,52,45,11.0,620.0,6820.0,2024-12-16
2024121603017568,PFL,13,45,27.0,620.0,16740.0,2024-12-16
2024121604018374,DHPL,45,38,10.0,300.0,3000.0,2024-12-16
2024121604018373,AHPC,48,39,100.0,255.0,25500.0,2024-12-16
2024121601019244,TPC,17,61,153.0,541.0,82773.0,2024-12-16
2024121601019243,TPC,17,49,200.0,541.0,108200.0,2024-12-16
2024121604018372,SHEL,47,33,977.0,244.0,238388.0,2024-12-16
2024121604018371,SHEL,47,49,23.0,244.0,5612.0,2024-12-16
2024121603017567,JFL,36,16,12.0,800.0,9600.0,2024-12-16
2024121601019242,RHGCL,57,42,10.0,499.0,4990.0,2024-12-16
2024121604018370,AKPL,57,6,88.0,239.0,21032.0,2024-12-16
2024121604018369,AKPL,57,49,12.0,238.3,2859.6,2024-12-16
2024121603017566,BFC,54,34,15.0,752.0,11280.0,2024-12-16
2024121603017565,EDBL,43,99,200.0,636.0,127200.0,2024-12-16
2024121601019241,CKHL,8,38,100.0,676.7,67670.0,2024-12-16
2024121604018368,UPPER,22,25,100.0,208.0,20800.0,2024-12-16
2024121604018367,UPPER,22,47,15.0,208.0,3120.0,2024-12-16
2024121603017564,JFL,58,16,79.0,800.0,63200.0,2024-12-16
2024121603017563,SFCL,42,55,50.0,689.0,34450.0,2024-12-16
2024121601019240,CYCL,77,49,419.0,1650.0,691350.0,2024-12-16
2024121601019239,CYCL,77,58,13.0,1650.0,21450.0,2024-12-16
2024121601019238,CYCL,77,37,100.0,1649.9,164990.0,2024-12-16
2024121601019237,CYCL,77,39,100.0,1649.1,164910.0,2024-12-16
2024121601019236,CYCL,77,66,10.0,1645.0,16450.0,2024-12-16
2024121601019235,CYCL,77,21,10.0,1645.0,16450.0,2024-12-16
2024121601019234,CYCL,77,51,10.0,1642.0,16420.0,2024-12-16
2024121601019233,CYCL,77,42,13.0,1640.0,21320.0,2024-12-16
2024121601019232,CYCL,77,51,39.0,1635.0,63765.0,2024-12-16
2024121601019231,CYCL,77,14,140.0,1634.0,228760.0,2024-12-16
2024121601019230,CYCL,77,42,50.0,1634.0,81700.0,2024-12-16
2024121601019229,CYCL,77,34,10.0,1632.0,16320.0,2024-12-16
2024121601019228,CYCL,77,33,86.0,1632.0,140352.0,2024-12-16
2024121603017562,JFL,57,74,250.0,798.1,199525.0,2024-12-16
2024121605011938,NRN,36,4,300.0,985.0,295500.0,2024-12-16
2024121605011937,NRN,57,4,630.0,985.0,620550.0,2024-12-16
2024121605011936,NRN,82,4,1974.0,985.0,1944390.0,2024-12-16
2024121605011935,NRN,50,4,200.0,985.1,197020.0,2024-12-16
2024121605011934,NRN,55,4,10.0,987.0,9870.0,2024-12-16
2024121605011933,NRN,70,4,400.0,987.0,394800.0,2024-12-16
2024121605011932,HIDCL,47,44,100.0,243.8,24380.0,2024-12-16
2024121603017561,BFC,49,49,40.0,750.2,30008.0,2024-12-16
2024121603017560,BFC,58,49,10.0,750.3,7503.0,2024-12-16
2024121601019227,SIKLES,65,57,200.0,788.9,157780.0,2024-12-16
2024121603017559,MLBSL,45,57,17.0,2232.0,37944.0,2024-12-16
2024121604018366,SJCL,58,90,20.0,354.0,7080.0,2024-12-16
2024121603017558,MDB,58,11,184.0,715.0,131560.0,2024-12-16
2024121603017557,MDB,32,11,25.0,715.0,17875.0,2024-12-16
2024121603017556,MDB,74,11,50.0,715.0,35750.0,2024-12-16
2024121603017555,MDB,34,11,100.0,715.0,71500.0,2024-12-16
2024121603017554,MDB,19,11,20.0,715.0,14300.0,2024-12-16
2024121603017553,MDB,65,11,221.0,715.1,158037.1,2024-12-16
2024121603017552,MDB,62,11,400.0,715.2,286080.0,2024-12-16
2024121605011931,SAHAS,59,37,300.0,485.1,145530.0,2024-12-16
2024121605011930,SAHAS,18,37,200.0,485.2,97040.0,2024-12-16
2024121601019226,NYADI,58,83,10.0,364.0,3640.0,2024-12-16
2024121603017551,SMFBS,32,70,28.0,1945.0,54460.0,2024-12-16
2024121603017550,SMFBS,34,70,20.0,1950.0,39000.0,2024-12-16
2024121603017549,SMFBS,43,70,10.0,1950.2,19502.0,2024-12-16
2024121603017548,SMFBS,14,70,27.0,1951.0,52677.0,2024-12-16
2024121603017547,SMFBS,38,70,25.0,1951.1,48777.5,2024-12-16
2024121603017546,SMFBS,71,70,50.0,1952.1,97605.0,2024-12-16
2024121603017545,SMFBS,6,70,40.0,1952.2,78088.0,2024-12-16
2024121601019225,BNHC,51,42,10.0,482.0,4820.0,2024-12-16
2024121604018365,GHL,7,85,300.0,213.6,64080.0,2024-12-16
2024121604018364,GHL,33,85,200.0,213.7,42740.0,2024-12-16
2024121603017544,RLFL,43,57,80.0,600.0,48000.0,2024-12-16
2024121604018363,MEN,16,40,425.0,720.0,306000.0,2024-12-16
2024121603017543,SAPDBL,75,62,40.0,1085.0,43400.0,2024-12-16
2024121604018362,API,50,58,100.0,266.0,26600.0,2024-12-16
2024121604018361,UPCL,58,48,32.0,277.0,8864.0,2024-12-16
2024121604018360,JOSHI,72,38,30.0,449.8,13494.0,2024-12-16
2024121601019224,NABIL,17,35,117.0,512.9,60009.3,2024-12-16
2024121601019223,NABIL,17,58,83.0,512.8,42562.4,2024-12-16
2024121604018359,JOSHI,72,38,100.0,449.8,44980.0,2024-12-16
2024121601019222,ADBL,36,58,50.0,321.0,16050.0,2024-12-16
2024121601019221,USHEC,77,1,10.0,580.0,5800.0,2024-12-16
2024121601019220,SCB,58,59,1000.0,669.0,669000.0,2024-12-16
2024121604018358,BARUN,19,56,215.0,412.0,88580.0,2024-12-16
2024121604018357,BARUN,14,56,65.0,412.0,26780.0,2024-12-16
2024121604018356,BARUN,45,56,720.0,413.0,297360.0,2024-12-16
2024121601019219,USHL,56,33,50.0,767.9,38395.0,2024-12-16
2024121604018355,JOSHI,72,56,100.0,449.8,44980.0,2024-12-16
2024121603017542,JBBL,55,41,100.0,366.1,36610.0,2024-12-16
2024121601019218,MMKJL,6,1,10.0,705.1,7051.0,2024-12-16
2024121603017541,ICFC,34,6,353.0,690.0,243570.0,2024-12-16
2024121603017540,ICFC,57,6,77.0,690.0,53130.0,2024-12-16
2024121603017539,ICFC,29,6,70.0,690.1,48307.0,2024-12-16
2024121603017538,ALBSL,57,10,80.0,830.0,66400.0,2024-12-16
2024121604018354,HDHPC,55,4,500.0,202.9,101450.0,2024-12-16
2024121605011929,SMJC,45,32,10.0,534.0,5340.0,2024-12-16
2024121603017537,RLFL,86,34,10.0,604.0,6040.0,2024-12-16
2024121603017536,GRDBL,44,44,45.0,988.0,44460.0,2024-12-16
2024121601019217,IHL,33,67,950.0,660.0,627000.0,2024-12-16
2024121604018353,CHCL,22,39,111.0,557.0,61827.0,2024-12-16
2024121604018352,SSHL,32,38,519.0,234.5,121705.5,2024-12-16
2024121604018351,SSHL,58,38,25.0,234.5,5862.5,2024-12-16
2024121604018350,SSHL,10,38,50.0,234.5,11725.0,2024-12-16
2024121604018349,SSHL,32,38,846.0,234.5,198387.0,2024-12-16
2024121604018348,SSHL,54,38,25.0,234.6,5865.0,2024-12-16
2024121604018347,AKJCL,14,38,90.0,205.0,18450.0,2024-12-16
2024121604018346,AKJCL,38,38,75.0,205.0,15375.0,2024-12-16
2024121604018345,AKJCL,19,38,35.0,205.9,7206.5,2024-12-16
2024121603017535,NMBMF,58,45,44.0,705.0,31020.0,2024-12-16
2024121603017534,NMBMF,58,45,31.0,705.0,21855.0,2024-12-16
2024121603017533,NMBMF,58,13,10.0,705.0,7050.0,2024-12-16
2024121603017532,NMBMF,58,26,15.0,703.0,10545.0,2024-12-16
2024121604018344,SHEL,34,58,500.0,243.8,121900.0,2024-12-16
2024121604018343,CGH,49,78,50.0,912.0,45600.0,2024-12-16
2024121603017531,SINDU,21,57,60.0,905.0,54300.0,2024-12-16
2024121604018342,AKPL,53,56,47.0,238.2,11195.4,2024-12-16
2024121604018341,AKPL,58,56,153.0,238.3,36459.9,2024-12-16
2024121604018340,HPPL,3,29,376.0,390.0,146640.0,2024-12-16
2024121601019216,NICA,49,81,246.0,399.0,98154.0,2024-12-16
2024121601019215,NICA,49,45,23.0,399.0,9177.0,2024-12-16
2024121601019214,NICA,49,32,50.0,398.9,19945.0,2024-12-16
2024121601019213,NICA,49,26,72.0,398.9,28720.8,2024-12-16
2024121601019212,NICA,49,52,109.0,398.9,43480.1,2024-12-16
2024121603017530,GMFBS,49,42,10.0,1709.0,17090.0,2024-12-16
2024121604018339,KPCL,42,57,50.0,530.4,26520.0,2024-12-16
2024121604018338,BARUN,45,57,30.0,413.0,12390.0,2024-12-16
2024121603017529,KSBBL,34,46,321.0,450.0,144450.0,2024-12-16
2024121604018337,AKJCL,19,44,165.0,205.9,33973.5,2024-12-16
2024121604018336,AKJCL,19,42,300.0,205.9,61770.0,2024-12-16
2024121603017528,GFCL,57,43,23.0,800.0,18400.0,2024-12-16
2024121603017527,GFCL,42,43,20.0,800.0,16000.0,2024-12-16
2024121603017526,GFCL,45,43,20.0,800.0,16000.0,2024-12-16
2024121603017525,GFCL,38,43,50.0,800.0,40000.0,2024-12-16
2024121603017524,GFCL,58,43,87.0,800.0,69600.0,2024-12-16
2024121601019211,MHCL,65,34,500.0,554.4,277200.0,2024-12-16
2024121601019210,SANIMA,55,84,1429.0,308.6,440989.4,2024-12-16
2024121601019209,SNLI,48,49,20.0,640.0,12800.0,2024-12-16
2024121605011928,HIDCL,11,44,100.0,243.8,24380.0,2024-12-16
2024121603017523,PROFL,8,45,130.0,641.2,83356.0,2024-12-16
2024121603017522,PROFL,80,45,170.0,642.0,109140.0,2024-12-16
2024121605011927,SONA,17,36,450.0,460.7,207315.0,2024-12-16
2024121604018335,UPCL,58,84,500.0,277.0,138500.0,2024-12-16
2024121604018334,UPCL,58,7,76.0,277.0,21052.0,2024-12-16
2024121604018333,JOSHI,58,57,100.0,449.9,44990.0,2024-12-16
2024121604018332,SHEL,28,49,100.0,244.0,24400.0,2024-12-16
2024121605011926,HATHY,16,42,22.0,1360.0,29920.0,2024-12-16
2024121601019208,CYCL,77,33,14.0,1632.0,22848.0,2024-12-16
2024121601019207,CYCL,77,6,186.0,1632.0,303552.0,2024-12-16
2024121604018331,HPPL,42,14,105.0,388.0,40740.0,2024-12-16
2024121604018330,HPPL,18,14,200.0,388.0,77600.0,2024-12-16
2024121604018329,HPPL,35,14,20.0,388.0,7760.0,2024-12-16
2024121604018328,HPPL,46,14,300.0,389.0,116700.0,2024-12-16
2024121604018327,HPPL,39,14,200.0,389.1,77820.0,2024-12-16
2024121604018326,HPPL,5,14,100.0,389.1,38910.0,2024-12-16
2024121604018325,HPPL,1,14,75.0,389.1,29182.5,2024-12-16
2024121601019206,PPL,41,59,300.0,516.2,154860.0,2024-12-16
2024121601019205,PPL,45,59,500.0,516.3,258150.0,2024-12-16
2024121601019204,PPL,77,59,200.0,516.4,103280.0,2024-12-16
2024121603017521,CFCL,21,36,48.0,614.0,29472.0,2024-12-16
2024121601019203,SPL,80,57,10.0,969.0,9690.0,2024-12-16
2024121604018324,SSHL,54,21,125.0,234.6,29325.0,2024-12-16
2024121601019202,ULHC,51,6,65.0,495.0,32175.0,2024-12-16
2024121601019201,ULHC,48,6,10.0,495.0,4950.0,2024-12-16
2024121604018323,RHPL,19,34,15.0,443.9,6658.5,2024-12-16
2024121605011925,HATHY,16,39,50.0,1360.0,68000.0,2024-12-16
2024121601019200,BHL,40,35,86.0,342.3,29437.8,2024-12-16
2024121603017520,SLBBL,58,35,40.0,910.0,36400.0,2024-12-16
2024121603017519,SLBBL,62,35,60.0,910.0,54600.0,2024-12-16
2024121603017518,SWBBL,50,81,10.0,885.0,8850.0,2024-12-16
2024121604018322,API,56,48,492.0,265.2,130478.4,2024-12-16
2024121604018321,API,4,48,12.0,265.3,3183.6,2024-12-16
2024121605011924,HRL,26,35,50.0,808.8,40440.0,2024-12-16
2024121605011923,HATHY,16,45,102.0,1360.0,138720.0,2024-12-16
2024121604018320,JOSHI,72,45,100.0,449.8,44980.0,2024-12-16
2024121603017517,JFL,17,16,100.0,800.0,80000.0,2024-12-16
2024121601019199,CKHL,64,38,500.0,676.7,338350.0,2024-12-16
2024121601019198,SPC,68,64,10.0,528.0,5280.0,2024-12-16
2024121603017516,ALICL,88,36,960.0,712.0,683520.0,2024-12-16
2024121603017515,ALICL,1,36,20.0,712.0,14240.0,2024-12-16
2024121603017514,ALICL,53,36,100.0,712.0,71200.0,2024-12-16
2024121603017513,ALICL,11,36,10.0,712.0,7120.0,2024-12-16
2024121603017512,ALICL,44,36,200.0,712.3,142460.0,2024-12-16
2024121603017511,ALICL,60,36,1000.0,712.7,712700.0,2024-12-16
2024121603017510,ALICL,45,36,200.0,713.0,142600.0,2024-12-16
2024121603017509,ALICL,52,36,500.0,713.0,356500.0,2024-12-16
2024121603017508,ALICL,41,36,100.0,713.0,71300.0,2024-12-16
2024121603017507,ALICL,55,36,500.0,713.1,356550.0,2024-12-16
2024121603017506,ALICL,13,36,185.0,713.1,131923.5,2024-12-16
2024121603017505,ALICL,42,36,27.0,713.3,19259.1,2024-12-16
2024121603017504,ALICL,47,36,200.0,715.0,143000.0,2024-12-16
2024121604018319,UPPER,88,47,490.0,208.0,101920.0,2024-12-16
2024121604018318,UPPER,88,50,1000.0,208.0,208000.0,2024-12-16
2024121604018317,UPPER,88,58,158.0,208.0,32864.0,2024-12-16
2024121604018316,UPPER,88,45,352.0,208.0,73216.0,2024-12-16
2024121603017503,GFCL,58,91,337.0,804.0,270948.0,2024-12-16
2024121603017502,GFCL,58,57,63.0,803.9,50645.7,2024-12-16
2024121604018315,AKJCL,38,26,25.0,205.0,5125.0,2024-12-16
2024121604018314,AKJCL,26,26,200.0,205.0,41000.0,2024-12-16
2024121604018313,AKJCL,48,26,15.0,205.0,3075.0,2024-12-16
2024121604018312,AKJCL,38,26,1000.0,205.0,205000.0,2024-12-16
2024121604018311,AKJCL,77,26,500.0,205.1,102550.0,2024-12-16
2024121604018310,AKJCL,7,26,125.0,205.1,25637.5,2024-12-16
2024121604018309,AKJCL,48,26,135.0,205.1,27688.5,2024-12-16
2024121603017501,NFS,26,1,40.0,1008.0,40320.0,2024-12-16
2024121603017500,NFS,26,36,30.0,1007.9,30237.0,2024-12-16
2024121605011922,NRN,51,58,25.0,989.0,24725.0,2024-12-16
2024121603017499,NABBC,21,5,10.0,1256.5,12565.0,2024-12-16
2024121603017498,MDB,49,34,10.0,720.0,7200.0,2024-12-16
2024121605011921,NRM,38,1,250.0,441.0,110250.0,2024-12-16
2024121605011920,NRM,42,1,210.0,441.0,92610.0,2024-12-16
2024121605011919,NRM,49,1,124.0,441.1,54696.4,2024-12-16
2024121603017497,SADBL,48,41,20.0,421.0,8420.0,2024-12-16
2024121603017496,JFL,6,16,100.0,800.0,80000.0,2024-12-16
2024121601019197,SPL,7,57,10.0,969.0,9690.0,2024-12-16
2024121604018308,AKPL,58,11,40.0,238.3,9532.0,2024-12-16
2024121604018307,AKJCL,48,43,65.0,205.1,13331.5,2024-12-16
2024121604018306,AKJCL,19,43,915.0,205.1,187666.5,2024-12-16
2024121604018305,AKJCL,42,43,20.0,205.6,4112.0,2024-12-16
2024121605011918,HRL,5,80,100.0,809.0,80900.0,2024-12-16
2024121601019196,DOLTI,11,55,320.0,671.5,214880.0,2024-12-16
2024121603017495,SINDU,62,62,100.0,903.0,90300.0,2024-12-16
2024121601019195,HBL,39,58,60.0,239.9,14394.0,2024-12-16
2024121603017494,RLFL,43,48,224.0,600.0,134400.0,2024-12-16
2024121603017493,RLFL,75,48,26.0,600.0,15600.0,2024-12-16
2024121603017492,RLFL,42,48,250.0,602.0,150500.0,2024-12-16
2024121604018304,UMHL,41,44,10.0,328.0,3280.0,2024-12-16
2024121601019194,BGWT,74,38,10.0,956.0,9560.0,2024-12-16
2024121601019193,JBLB,56,38,11.0,1530.0,16830.0,2024-12-16
2024121601019192,JBLB,7,38,100.0,1530.0,153000.0,2024-12-16
2024121601019191,JBLB,45,38,25.0,1530.0,38250.0,2024-12-16
2024121601019190,JBLB,51,38,10.0,1530.0,15300.0,2024-12-16
2024121603017491,GUFL,58,45,10.0,699.7,6997.0,2024-12-16
2024121603017490,JFL,57,58,73.0,798.1,58261.3,2024-12-16
2024121603017489,JFL,39,58,40.0,798.3,31932.0,2024-12-16
2024121603017488,JFL,7,58,10.0,798.3,7983.0,2024-12-16
2024121603017487,JFL,13,58,50.0,798.7,39935.0,2024-12-16
2024121603017486,JFL,42,58,27.0,798.7,21564.9,2024-12-16
2024121601019189,MHL,66,47,200.0,899.6,179920.0,2024-12-16
2024121601019188,MHL,66,67,500.0,899.6,449800.0,2024-12-16
2024121601019187,MHL,66,51,10.0,899.6,8996.0,2024-12-16
2024121601019186,MHL,66,64,300.0,899.6,269880.0,2024-12-16
2024121601019185,MHL,66,75,30.0,899.0,26970.0,2024-12-16
2024121601019184,MHL,66,64,10.0,899.0,8990.0,2024-12-16
2024121601019183,MHL,66,62,100.0,899.0,89900.0,2024-12-16
2024121601019182,MHL,66,39,95.0,899.0,85405.0,2024-12-16
2024121601019181,MHL,66,7,50.0,899.0,44950.0,2024-12-16
2024121601019180,MHL,66,42,10.0,899.0,8990.0,2024-12-16
2024121601019179,MHL,66,10,20.0,898.9,17978.0,2024-12-16
2024121601019178,MHL,66,38,40.0,897.6,35904.0,2024-12-16
2024121601019177,MHL,66,28,200.0,897.0,179400.0,2024-12-16
2024121601019176,MHL,66,43,500.0,897.0,448500.0,2024-12-16
2024121601019175,MHL,66,72,500.0,895.0,447500.0,2024-12-16
2024121601019174,MHL,66,25,50.0,895.0,44750.0,2024-12-16
2024121601019173,MHL,66,10,30.0,892.4,26772.0,2024-12-16
2024121601019172,MHL,66,58,100.0,890.0,89000.0,2024-12-16
2024121601019171,MHL,66,45,10.0,889.0,8890.0,2024-12-16
2024121601019170,MHL,66,39,100.0,880.0,88000.0,2024-12-16
2024121601019169,MHL,66,49,20.0,880.0,17600.0,2024-12-16
2024121601019168,MHL,66,21,100.0,880.0,88000.0,2024-12-16
2024121601019167,MHL,66,34,10.0,880.0,8800.0,2024-12-16
2024121601019166,MHL,66,35,10.0,880.0,8800.0,2024-12-16
2024121601019165,MHL,66,49,58.0,878.0,50924.0,2024-12-16
2024121604018303,BPCL,26,51,234.0,399.0,93366.0,2024-12-16
2024121601019164,NESDO,66,50,10.0,2162.0,21620.0,2024-12-16
2024121605011917,HDL,13,34,10.0,1328.8,13288.0,2024-12-16
2024121605011916,NTC,6,54,10.0,943.0,9430.0,2024-12-16
2024121601019163,NICA,80,6,39.0,398.1,15525.9,2024-12-16
2024121603017485,NFS,57,36,10.0,1007.9,10079.0,2024-12-16
2024121604018302,RIDI,48,57,100.0,227.2,22720.0,2024-12-16
2024121604018301,LEC,43,58,100.0,208.9,20890.0,2024-12-16
2024121601019162,NICA,33,34,287.0,398.2,114283.4,2024-12-16
2024121601019161,NICA,32,34,10.0,398.6,3986.0,2024-12-16
2024121603017484,NFS,86,55,100.0,1006.0,100600.0,2024-12-16
2024121605011915,SMJC,45,45,30.0,534.0,16020.0,2024-12-16
2024121605011914,SMJC,45,58,35.0,534.0,18690.0,2024-12-16
2024121601019160,MANDU,45,36,20.0,880.0,17600.0,2024-12-16
2024121605011913,HDL,17,13,25.0,1327.9,33197.5,2024-12-16
2024121605011912,HATHY,16,49,30.0,1360.0,40800.0,2024-12-16
2024121605011911,HATHY,16,39,100.0,1360.0,136000.0,2024-12-16
2024121605011910,HATHY,16,49,23.0,1360.0,31280.0,2024-12-16
2024121604018300,AHPC,26,39,200.0,255.0,51000.0,2024-12-16
2024121604018299,UMRH,28,6,10.0,631.9,6319.0,2024-12-16
2024121601019159,MKHL,77,86,71.0,631.0,44801.0,2024-12-16
2024121601019158,MKHL,77,25,30.0,630.0,18900.0,2024-12-16
2024121604018298,HURJA,59,99,10.0,234.0,2340.0,2024-12-16
2024121603017483,SHINE,66,45,62.0,467.0,28954.0,2024-12-16
2024121603017482,SHINE,66,20,50.0,467.0,23350.0,2024-12-16
2024121603017481,SHINE,66,3,100.0,466.9,46690.0,2024-12-16
2024121603017480,SHINE,66,40,500.0,466.9,233450.0,2024-12-16
2024121603017479,SHINE,66,74,200.0,466.9,93380.0,2024-12-16
2024121603017478,SHINE,66,22,80.0,466.0,37280.0,2024-12-16
2024121603017477,SHINE,66,34,1008.0,466.0,469728.0,2024-12-16
2024121603017476,NLIC,56,51,57.0,780.9,44511.3,2024-12-16
2024121604018297,BARUN,21,1,100.0,413.9,41390.0,2024-12-16
2024121605011909,NIFRA,49,43,180.0,253.8,45684.0,2024-12-16
2024121605011908,NIFRA,49,88,20.0,253.5,5070.0,2024-12-16
2024121601019157,KBL,57,6,45.0,215.6,9702.0,2024-12-16
2024121601019156,KBL,57,38,45.0,215.1,9679.5,2024-12-16
2024121604018296,GHL,57,32,50.0,214.0,10700.0,2024-12-16
2024121603017475,MATRI,44,29,10.0,1254.0,12540.0,2024-12-16
2024121603017474,MATRI,58,29,83.0,1254.0,104082.0,2024-12-16
2024121603017473,MATRI,35,29,36.0,1255.0,45180.0,2024-12-16
2024121603017472,MATRI,68,29,10.0,1255.0,12550.0,2024-12-16
2024121603017471,MATRI,42,29,20.0,1255.0,25100.0,2024-12-16
2024121604018295,IGI,58,5,100.0,589.0,58900.0,2024-12-16
2024121601019155,HIDCLP,51,55,500.0,167.1,83550.0,2024-12-16
2024121605011907,PHCL,4,33,70.0,535.0,37450.0,2024-12-16
2024121605011906,PHCL,34,33,30.0,535.4,16062.0,2024-12-16
2024121605011905,PHCL,58,33,500.0,535.4,267700.0,2024-12-16
2024121603017470,NUBL,34,90,23.0,700.0,16100.0,2024-12-16
2024121603017469,NUBL,34,58,10.0,700.0,7000.0,2024-12-16
2024121603017468,NUBL,34,5,17.0,698.1,11867.7,2024-12-16
2024121603017467,ALICL,34,56,42.0,719.9,30235.8,2024-12-16
2024121603017466,ALICL,34,25,558.0,715.0,398970.0,2024-12-16
2024121601019154,DORDI,48,21,10.0,523.2,5232.0,2024-12-16
2024121605011904,RNLI,52,32,11.0,506.9,5575.9,2024-12-16
2024121603017465,JSLBB,35,59,178.0,1530.0,272340.0,2024-12-16
2024121603017464,MDB,60,34,20.0,720.0,14400.0,2024-12-16
2024121604018294,RADHI,58,51,362.0,385.6,139587.2,2024-12-16
2024121601019153,IHL,26,40,10.0,664.0,6640.0,2024-12-16
2024121604018293,RHPL,38,22,45.0,443.0,19935.0,2024-12-16
2024121604018292,RHPL,34,22,155.0,443.0,68665.0,2024-12-16
2024121603017463,NFS,42,59,34.0,1006.5,34221.0,2024-12-16
2024121603017462,NFS,25,59,50.0,1007.0,50350.0,2024-12-16
2024121603017461,NFS,59,59,30.0,1007.9,30237.0,2024-12-16
2024121604018291,SGIC,51,21,20.0,668.0,13360.0,2024-12-16
2024121604018290,SGIC,51,7,190.0,668.0,126920.0,2024-12-16
2024121604018289,UNHPL,49,47,40.0,288.0,11520.0,2024-12-16
2024121603017460,PFL,13,95,50.0,620.0,31000.0,2024-12-16
2024121601019152,PCBL,45,54,500.0,259.0,129500.0,2024-12-16
2024121601019151,HIDCLP,57,68,149.0,167.8,25002.2,2024-12-16
2024121601019150,HIDCLP,57,47,351.0,167.5,58792.5,2024-12-16
2024121605011903,CLI,52,46,900.0,677.0,609300.0,2024-12-16
2024121601019149,BEDC,49,19,50.0,630.0,31500.0,2024-12-16
2024121603017459,ICFC,29,19,30.0,690.1,20703.0,2024-12-16
2024121605011902,SHIVM,34,84,70.0,569.0,39830.0,2024-12-16
2024121605011901,SHIVM,45,84,20.0,569.0,11380.0,2024-12-16
2024121605011900,SHIVM,34,84,50.0,569.0,28450.0,2024-12-16
2024121605011899,SHIVM,42,84,60.0,569.0,34140.0,2024-12-16
2024121605011898,NIFRA,58,65,200.0,253.1,50620.0,2024-12-16
2024121605011897,PHCL,63,99,440.0,535.5,235620.0,2024-12-16
2024121601019148,MHCL,65,33,500.0,554.4,277200.0,2024-12-16
2024121604018288,HDHPC,34,4,1000.0,202.9,202900.0,2024-12-16
2024121601019147,RFPL,62,35,1410.0,999.1,1408731.0,2024-12-16
2024121601019146,RFPL,55,35,30.0,999.6,29988.0,2024-12-16
2024121601019145,RFPL,62,35,30.0,1000.0,30000.0,2024-12-16
2024121601019144,RFPL,62,35,30.0,1012.0,30360.0,2024-12-16
2024121605011896,CIT,45,42,15.0,2158.0,32370.0,2024-12-16
2024121603017458,ICFC,52,14,70.0,691.0,48370.0,2024-12-16
2024121601019143,KBL,17,38,50.0,215.1,10755.0,2024-12-16
2024121601019142,MKHC,47,45,20.0,525.4,10508.0,2024-12-16
2024121601019141,MKHC,57,45,30.0,525.5,15765.0,2024-12-16
2024121601019140,RHGCL,57,58,10.0,494.1,4941.0,2024-12-16
2024121601019139,CYCL,77,6,14.0,1632.0,22848.0,2024-12-16
2024121601019138,CYCL,77,6,86.0,1630.0,140180.0,2024-12-16
2024121601019137,CYCL,77,4,100.0,1630.0,163000.0,2024-12-16
2024121601019136,CYCL,77,42,70.0,1630.0,114100.0,2024-12-16
2024121601019135,CYCL,77,6,200.0,1629.9,325980.0,2024-12-16
2024121601019134,CYCL,77,37,20.0,1629.0,32580.0,2024-12-16
2024121601019133,CYCL,77,57,10.0,1628.5,16285.0,2024-12-16
2024121605011895,GCIL,51,1,24.0,482.0,11568.0,2024-12-16
2024121605011894,GCIL,51,45,35.0,481.5,16852.5,2024-12-16
2024121605011893,GCIL,51,49,41.0,481.5,19741.5,2024-12-16
2024121604018287,AKJCL,42,35,30.0,205.6,6168.0,2024-12-16
2024121604018286,RHPL,34,4,70.0,443.0,31010.0,2024-12-16
2024121603017457,JFL,21,16,10.0,800.0,8000.0,2024-12-16
2024121604018285,NGPL,49,49,25.0,268.9,6722.5,2024-12-16
2024121604018284,BARUN,6,28,20.0,413.9,8278.0,2024-12-16
2024121601019132,MKHC,47,43,129.0,525.4,67776.6,2024-12-16
2024121601019131,MKHC,47,43,500.0,525.4,262700.0,2024-12-16
2024121601019130,MKHC,57,43,155.0,525.5,81452.5,2024-12-16
2024121603017456,GBBL,59,55,150.0,430.4,64560.0,2024-12-16
2024121604018283,BARUN,14,39,35.0,412.0,14420.0,2024-12-16
2024121604018282,BARUN,47,39,500.0,412.0,206000.0,2024-12-16
2024121604018281,BARUN,54,39,30.0,412.0,12360.0,2024-12-16
2024121604018280,BARUN,58,39,190.0,412.0,78280.0,2024-12-16
2024121604018279,BARUN,48,39,100.0,412.1,41210.0,2024-12-16
2024121604018278,BARUN,58,39,490.0,412.1,201929.0,2024-12-16
2024121604018277,BARUN,1,39,25.0,413.0,10325.0,2024-12-16
2024121604018276,BARUN,57,39,30.0,413.0,12390.0,2024-12-16
2024121604018275,BARUN,38,39,100.0,413.0,41300.0,2024-12-16
2024121605011892,SAHAS,50,76,90.0,486.0,43740.0,2024-12-16
2024121605011891,GCIL,4,22,11.0,481.0,5291.0,2024-12-16
2024121604018274,UMRH,52,66,270.0,625.0,168750.0,2024-12-16
2024121604018273,UMRH,50,66,100.0,626.0,62600.0,2024-12-16
2024121604018272,UMRH,63,66,130.0,626.0,81380.0,2024-12-16
2024121601019129,MBL,29,22,44.0,238.0,10472.0,2024-12-16
2024121601019128,DORDI,21,48,10.0,526.9,5269.0,2024-12-16
2024121601019127,USHL,58,49,1250.0,756.0,945000.0,2024-12-16
2024121604018271,SHEL,90,49,57.0,244.0,13908.0,2024-12-16
2024121604018270,SHEL,90,39,13.0,244.0,3172.0,2024-12-16
2024121604018269,SHEL,90,16,30.0,244.0,7320.0,2024-12-16
2024121603017455,NFS,57,1,20.0,1008.0,20160.0,2024-12-16
2024121605011890,SAEF,5,57,1650.0,11.2,18480.0,2024-12-16
2024121603017454,HLBSL,62,34,10.0,945.9,9459.0,2024-12-16
2024121603017453,HLBSL,62,49,90.0,945.0,85050.0,2024-12-16
2024121601019126,LSL,33,34,100.0,233.0,23300.0,2024-12-16
2024121601019125,LSL,11,34,100.0,233.0,23300.0,2024-12-16
2024121601019124,LSL,62,34,30.0,233.0,6990.0,2024-12-16
2024121601019123,LSL,44,34,85.0,233.0,19805.0,2024-12-16
2024121601019122,LSL,45,34,1400.0,233.0,326200.0,2024-12-16
2024121601019121,LSL,58,34,400.0,233.1,93240.0,2024-12-16
2024121601019120,LSL,22,34,500.0,233.2,116600.0,2024-12-16
2024121601019119,LSL,19,34,200.0,233.5,46700.0,2024-12-16
2024121601019118,MKHC,57,34,25.0,525.5,13137.5,2024-12-16
2024121601019117,MKHC,47,34,79.0,525.5,41514.5,2024-12-16
2024121603017452,NFS,34,1,50.0,1008.0,50400.0,2024-12-16
2024121603017451,SLBBL,62,34,40.0,910.0,36400.0,2024-12-16
2024121601019116,TVCL,34,83,10.0,548.9,5489.0,2024-12-16
2024121603017450,MPFL,32,35,260.0,719.0,186940.0,2024-12-16
2024121604018268,SHPC,60,22,10.0,525.9,5259.0,2024-12-16
2024121604018267,RIDI,48,38,100.0,227.2,22720.0,2024-12-16
2024121601019115,MEHL,57,58,100.0,455.0,45500.0,2024-12-16
2024121601019114,MEHL,22,58,358.0,455.0,162890.0,2024-12-16
2024121601019113,UHEWA,46,22,90.0,705.0,63450.0,2024-12-16
2024121603017449,JFL,42,16,100.0,800.0,80000.0,2024-12-16
2024121601019112,HBL,26,47,27.0,239.0,6453.0,2024-12-16
2024121601019111,SGHC,52,13,80.0,462.0,36960.0,2024-12-16
2024121604018266,BPCL,26,21,666.0,399.0,265734.0,2024-12-16
2024121604018265,UNHPL,49,17,80.0,288.0,23040.0,2024-12-16
2024121603017448,RLFL,75,49,100.0,600.0,60000.0,2024-12-16
2024121604018264,SHPC,91,19,50.0,525.0,26250.0,2024-12-16
2024121604018263,SHPC,55,19,50.0,525.2,26260.0,2024-12-16
2024121601019110,TVCL,71,62,35.0,548.0,19180.0,2024-12-16
2024121601019109,TVCL,17,62,165.0,548.0,90420.0,2024-12-16
2024121604018262,GLH,49,38,300.0,242.0,72600.0,2024-12-16
2024121603017447,PFL,13,26,423.0,620.0,262260.0,2024-12-16
2024121603017446,PFL,32,26,77.0,620.0,47740.0,2024-12-16
2024121605011889,RNLI,18,58,11.0,506.5,5571.5,2024-12-16
2024121601019108,SARBTM,34,14,227.0,762.7,173132.9,2024-12-16
2024121601019107,SARBTM,35,14,13.0,763.0,9919.0,2024-12-16
2024121601019106,SARBTM,58,14,50.0,763.0,38150.0,2024-12-16
2024121601019105,SARBTM,66,14,100.0,763.0,76300.0,2024-12-16
2024121601019104,SARBTM,58,14,100.0,763.6,76360.0,2024-12-16
2024121601019103,SARBTM,16,14,10.0,763.6,7636.0,2024-12-16
2024121604018261,HDHPC,45,59,123.0,202.8,24944.4,2024-12-16
2024121603017445,JFL,42,16,300.0,800.0,240000.0,2024-12-16
2024121605011888,NRN,70,42,100.0,987.0,98700.0,2024-12-16
2024121604018260,RADHI,56,51,45.0,385.6,17352.0,2024-12-16
2024121603017444,DDBL,28,13,34.0,863.0,29342.0,2024-12-16
2024121603017443,DDBL,41,13,100.0,864.0,86400.0,2024-12-16
2024121603017442,DDBL,22,13,10.0,865.0,8650.0,2024-12-16
2024121603017441,DDBL,22,13,20.0,865.0,17300.0,2024-12-16
2024121603017440,DDBL,59,13,130.0,865.0,112450.0,2024-12-16
2024121601019102,MEHL,22,1,110.0,455.0,50050.0,2024-12-16
2024121601019101,MEHL,44,1,40.0,455.1,18204.0,2024-12-16
2024121601019100,MHCL,65,49,10.0,554.4,5544.0,2024-12-16
2024121604018259,JOSHI,72,37,200.0,449.8,89960.0,2024-12-16
2024121603017439,SFCL,57,55,210.0,689.1,144711.0,2024-12-16
2024121603017438,LICN,32,39,10.0,1179.0,11790.0,2024-12-16
2024121601019099,KBL,32,36,200.0,215.0,43000.0,2024-12-16
2024121604018258,AKJCL,19,50,905.0,205.1,185615.5,2024-12-16
2024121604018257,AKJCL,59,50,810.0,205.2,166212.0,2024-12-16
2024121601019098,UNLB,60,48,40.0,2501.0,100040.0,2024-12-16
2024121603017437,SADBL,48,61,500.0,422.0,211000.0,2024-12-16
2024121604018256,UPPER,41,34,300.0,207.6,62280.0,2024-12-16
2024121601019097,MKJC,68,16,10.0,534.9,5349.0,2024-12-16
2024121604018255,RURU,26,38,40.0,705.2,28208.0,2024-12-16
2024121603017436,NFS,59,58,10.0,1007.9,10079.0,2024-12-16
2024121601019096,NICA,33,58,89.0,398.2,35439.8,2024-12-16
2024121601019095,NICA,68,58,50.0,398.2,19910.0,2024-12-16
2024121603017435,SWBBL,50,21,18.0,872.0,15696.0,2024-12-16
2024121605011887,ILI,14,54,100.0,470.1,47010.0,2024-12-16
2024121604018254,SHEL,46,16,100.0,244.0,24400.0,2024-12-16
2024121601019094,RAWA,57,58,10.0,789.9,7899.0,2024-12-16
2024121601019093,PRVU,7,57,453.0,222.0,100566.0,2024-12-16
2024121601019092,PRVU,26,57,50.0,222.0,11100.0,2024-12-16
2024121601019091,PRVU,29,57,25.0,222.0,5550.0,2024-12-16
2024121601019090,PRVU,58,57,50.0,222.0,11100.0,2024-12-16
2024121601019089,PRVU,38,57,50.0,222.0,11100.0,2024-12-16
2024121601019088,PRVU,22,57,10.0,222.0,2220.0,2024-12-16
2024121601019087,PRVU,58,57,132.0,222.0,29304.0,2024-12-16
2024121604018253,NHDL,42,86,10.0,736.1,7361.0,2024-12-16
2024121603017434,GFCL,57,39,50.0,802.0,40100.0,2024-12-16
2024121604018252,LEC,34,58,427.0,208.9,89200.3,2024-12-16
2024121604018251,LEC,34,26,100.0,208.5,20850.0,2024-12-16
2024121604018250,LEC,34,36,163.0,208.5,33985.5,2024-12-16
2024121604018249,LEC,34,34,210.0,208.5,43785.0,2024-12-16
2024121604018248,LEC,34,48,100.0,208.4,20840.0,2024-12-16
2024121603017433,MPFL,21,35,120.0,719.0,86280.0,2024-12-16
2024121603017432,LICN,45,81,20.0,1180.0,23600.0,2024-12-16
2024121605011886,HDL,94,71,31.0,1325.0,41075.0,2024-12-16
2024121605011885,HDL,19,71,65.0,1325.0,86125.0,2024-12-16
2024121601019086,AHL,35,26,36.0,701.5,25254.0,2024-12-16
2024121601019085,AHL,57,26,100.0,701.6,70160.0,2024-12-16
2024121601019084,AHL,35,26,39.0,702.0,27378.0,2024-12-16
2024121601019083,AHL,26,26,300.0,703.0,210900.0,2024-12-16
2024121601019082,AHL,26,26,100.0,704.0,70400.0,2024-12-16
2024121601019081,AHL,49,26,85.0,704.1,59848.5,2024-12-16
2024121601019080,AHL,26,26,190.0,705.0,133950.0,2024-12-16
2024121601019079,AHL,49,26,150.0,705.1,105765.0,2024-12-16
2024121601019078,CYCL,42,77,50.0,1558.2,77910.0,2024-12-16
2024121601019077,CYCL,35,77,20.0,1559.0,31180.0,2024-12-16
2024121601019076,CYCL,41,77,25.0,1560.0,39000.0,2024-12-16
2024121601019075,CYCL,49,77,65.0,1560.1,101406.5,2024-12-16
2024121601019074,CYCL,6,77,100.0,1563.1,156310.0,2024-12-16
2024121601019073,CYCL,21,77,100.0,1566.1,156610.0,2024-12-16
2024121601019072,CYCL,57,77,20.0,1566.1,31322.0,2024-12-16
2024121601019071,CYCL,52,77,10.0,1567.0,15670.0,2024-12-16
2024121601019070,CYCL,19,77,50.0,1570.0,78500.0,2024-12-16
2024121601019069,CYCL,7,77,10.0,1571.0,15710.0,2024-12-16
2024121601019068,CYCL,26,77,10.0,1571.0,15710.0,2024-12-16
2024121601019067,CYCL,6,77,50.0,1572.0,78600.0,2024-12-16
2024121601019066,CYCL,6,77,100.0,1572.1,157210.0,2024-12-16
2024121601019065,CYCL,17,77,20.0,1572.9,31458.0,2024-12-16
2024121601019064,CYCL,32,77,100.0,1575.0,157500.0,2024-12-16
2024121601019063,CYCL,61,77,150.0,1575.0,236250.0,2024-12-16
2024121601019062,CYCL,29,77,30.0,1577.8,47334.0,2024-12-16
2024121601019061,CYCL,6,77,30.0,1580.0,47400.0,2024-12-16
2024121601019060,CYCL,57,77,10.0,1580.0,15800.0,2024-12-16
2024121601019059,CYCL,38,77,10.0,1580.0,15800.0,2024-12-16
2024121601019058,CYCL,39,77,100.0,1580.0,158000.0,2024-12-16
2024121601019057,CYCL,58,77,10.0,1580.0,15800.0,2024-12-16
2024121601019056,CYCL,6,77,100.0,1580.1,158010.0,2024-12-16
2024121601019055,CYCL,29,77,50.0,1581.0,79050.0,2024-12-16
2024121601019054,CYCL,58,77,10.0,1582.1,15821.0,2024-12-16
2024121601019053,CYCL,43,77,15.0,1585.0,23775.0,2024-12-16
2024121601019052,CYCL,17,77,50.0,1585.1,79255.0,2024-12-16
2024121601019051,CYCL,39,77,50.0,1586.0,79300.0,2024-12-16
2024121601019050,CYCL,52,77,60.0,1600.0,96000.0,2024-12-16
2024121601019049,CYCL,97,77,20.0,1600.0,32000.0,2024-12-16
2024121601019048,CYCL,52,77,10.0,1600.0,16000.0,2024-12-16
2024121603017431,NLIC,58,14,27.0,779.0,21033.0,2024-12-16
2024121603017430,NLIC,58,14,50.0,779.0,38950.0,2024-12-16
2024121603017429,NLIC,72,14,20.0,779.2,15584.0,2024-12-16
2024121603017428,JFL,14,16,50.0,800.0,40000.0,2024-12-16
2024121603017427,JFL,42,58,39.0,798.7,31149.3,2024-12-16
2024121603017426,JFL,34,58,161.0,799.0,128639.0,2024-12-16
2024121601019047,SGHC,60,45,60.0,463.0,27780.0,2024-12-16
2024121601019046,SGHC,60,41,40.0,463.0,18520.0,2024-12-16
2024121604018247,NHPC,47,41,10.0,227.9,2279.0,2024-12-16
2024121604018246,NHPC,47,55,400.0,227.9,91160.0,2024-12-16
2024121604018245,NHPC,47,7,225.0,226.4,50940.0,2024-12-16
2024121604018244,NHPC,47,3,200.0,226.4,45280.0,2024-12-16
2024121604018243,NHPC,47,21,1000.0,226.4,226400.0,2024-12-16
2024121604018242,NHPC,47,41,500.0,226.4,113200.0,2024-12-16
2024121604018241,NHPC,47,53,82.0,226.0,18532.0,2024-12-16
2024121604018240,NHPC,47,11,1450.0,226.0,327700.0,2024-12-16
2024121604018239,NHPC,47,55,400.0,225.9,90360.0,2024-12-16
2024121604018238,NHPC,47,41,251.0,225.4,56575.4,2024-12-16
2024121604018237,NHPC,47,50,1200.0,225.4,270480.0,2024-12-16
2024121604018236,NHPC,47,52,150.0,225.4,33810.0,2024-12-16
2024121604018235,NHPC,47,4,515.0,225.4,116081.0,2024-12-16
2024121604018234,NHPC,47,41,231.0,225.4,52067.4,2024-12-16
2024121604018233,NHPC,47,26,101.0,225.4,22765.4,2024-12-16
2024121604018232,NHPC,47,13,1000.0,225.0,225000.0,2024-12-16
2024121604018231,NHPC,47,38,120.0,225.0,27000.0,2024-12-16
2024121604018230,NHPC,47,34,200.0,225.0,45000.0,2024-12-16
2024121604018229,NHPC,47,42,600.0,224.7,134820.0,2024-12-16
2024121604018228,NHPC,47,42,300.0,224.5,67350.0,2024-12-16
2024121604018227,NHPC,47,26,850.0,224.4,190740.0,2024-12-16
2024121604018226,NHPC,47,17,1000.0,224.4,224400.0,2024-12-16
2024121604018225,NHPC,47,63,700.0,224.2,156940.0,2024-12-16
2024121604018224,NHPC,47,34,1000.0,224.0,224000.0,2024-12-16
2024121604018223,NHPC,47,10,200.0,224.0,44800.0,2024-12-16
2024121604018222,NHPC,47,16,1000.0,224.0,224000.0,2024-12-16
2024121604018221,NHPC,47,89,500.0,224.0,112000.0,2024-12-16
2024121604018220,NHPC,47,3,100.0,223.9,22390.0,2024-12-16
2024121604018219,NHPC,47,38,400.0,223.0,89200.0,2024-12-16
2024121604018218,NHPC,47,34,500.0,223.0,111500.0,2024-12-16
2024121604018217,NHPC,47,7,500.0,222.0,111000.0,2024-12-16
2024121604018216,NHPC,47,57,250.0,222.0,55500.0,2024-12-16
2024121604018215,NHPC,47,11,200.0,222.0,44400.0,2024-12-16
2024121604018214,NHPC,47,57,10.0,222.0,2220.0,2024-12-16
2024121604018213,NHPC,47,58,500.0,222.0,111000.0,2024-12-16
2024121604018212,NHPC,47,57,600.0,221.5,132900.0,2024-12-16
2024121604018211,NHPC,47,57,500.0,221.0,110500.0,2024-12-16
2024121604018210,NHPC,47,51,60.0,221.0,13260.0,2024-12-16
2024121604018209,NHPC,47,34,1000.0,221.0,221000.0,2024-12-16
2024121604018208,NHPC,47,57,500.0,221.0,110500.0,2024-12-16
2024121604018207,NHPC,47,19,147.0,221.0,32487.0,2024-12-16
2024121601019045,NABIL,14,22,85.0,512.3,43545.5,2024-12-16
2024121603017425,NABBC,72,49,89.0,1256.0,111784.0,2024-12-16
2024121603017424,NABBC,72,43,35.0,1256.0,43960.0,2024-12-16
2024121603017423,ACLBSL,45,72,75.0,1002.0,75150.0,2024-12-16
2024121603017422,ACLBSL,29,72,60.0,1002.0,60120.0,2024-12-16
2024121603017421,ACLBSL,54,72,37.0,1002.0,37074.0,2024-12-16
2024121603017420,ACLBSL,54,72,50.0,1003.0,50150.0,2024-12-16
2024121603017419,ACLBSL,45,72,27.0,1004.0,27108.0,2024-12-16
2024121604018206,API,94,48,19.0,266.0,5054.0,2024-12-16
2024121604018205,GLH,49,43,200.0,242.0,48400.0,2024-12-16
2024121604018204,GLH,38,43,200.0,242.0,48400.0,2024-12-16
2024121604018203,GLH,62,43,600.0,242.0,145200.0,2024-12-16
2024121603017418,CFCL,57,45,60.0,615.0,36900.0,2024-12-16
2024121603017417,CFCL,57,13,100.0,615.0,61500.0,2024-12-16
2024121603017416,CFCL,57,6,100.0,614.5,61450.0,2024-12-16
2024121603017415,CFCL,57,36,27.0,614.4,16588.8,2024-12-16
2024121603017414,CFCL,57,1,23.0,614.4,14131.2,2024-12-16
2024121603017413,CFCL,57,49,80.0,613.0,49040.0,2024-12-16
2024121604018202,PPCL,34,50,926.0,278.2,257613.2,2024-12-16
2024121604018201,PPCL,17,50,84.0,278.2,23368.8,2024-12-16
2024121603017412,MPFL,32,34,50.0,720.0,36000.0,2024-12-16
2024121601019044,BGWT,16,59,30.0,969.0,29070.0,2024-12-16
2024121605011884,HATHY,39,17,200.0,1357.0,271400.0,2024-12-16
2024121605011883,HATHY,49,17,200.0,1358.0,271600.0,2024-12-16
2024121605011882,HATHY,58,17,100.0,1358.1,135810.0,2024-12-16
2024121605011881,VLUCL,45,66,65.0,676.9,43998.5,2024-12-16
2024121605011880,VLUCL,45,4,20.0,676.0,13520.0,2024-12-16
2024121605011879,VLUCL,45,49,90.0,675.0,60750.0,2024-12-16
2024121605011878,VLUCL,45,39,200.0,675.0,135000.0,2024-12-16
2024121605011877,VLUCL,45,1,625.0,675.0,421875.0,2024-12-16
2024121604018200,RIDI,48,38,14.0,227.2,3180.8,2024-12-16
2024121604018199,RIDI,34,38,100.0,227.2,22720.0,2024-12-16
2024121605011876,CIT,14,42,10.0,2158.0,21580.0,2024-12-16
2024121604018198,BARUN,14,28,50.0,413.9,20695.0,2024-12-16
2024121603017411,MNBBL,6,41,20.0,388.3,7766.0,2024-12-16
2024121603017410,JFL,34,11,20.0,799.0,15980.0,2024-12-16
2024121601019043,HIDCLP,86,47,149.0,167.5,24957.5,2024-12-16
2024121605011875,NRN,48,58,10.0,989.0,9890.0,2024-12-16
2024121603017409,BFC,32,34,222.0,752.0,166944.0,2024-12-16
2024121603017408,BFC,32,88,500.0,751.7,375850.0,2024-12-16
2024121603017407,BFC,32,35,90.0,751.6,67644.0,2024-12-16
2024121603017406,BFC,32,41,200.0,751.5,150300.0,2024-12-16
2024121603017405,BFC,32,11,100.0,751.0,75100.0,2024-12-16
2024121603017404,BFC,32,11,38.0,751.0,28538.0,2024-12-16
2024121603017403,BFC,32,46,50.0,750.5,37525.0,2024-12-16
2024121604018197,NHPC,58,36,89.0,220.2,19597.8,2024-12-16
2024121603017402,NMFBS,48,58,20.0,1237.0,24740.0,2024-12-16
2024121603017401,MSLB,29,58,20.0,1574.1,31482.0,2024-12-16
2024121604018196,CHL,45,4,50.0,431.5,21575.0,2024-12-16
2024121604018195,CHL,57,4,200.0,431.6,86320.0,2024-12-16
2024121604018194,CHL,57,4,200.0,432.0,86400.0,2024-12-16
2024121604018193,CHL,48,4,20.0,432.0,8640.0,2024-12-16
2024121605011874,GCIL,4,47,99.0,481.0,47619.0,2024-12-16
2024121604018192,API,56,56,17.0,265.2,4508.4,2024-12-16
2024121604018191,API,7,56,103.0,265.3,27325.9,2024-12-16
2024121601019042,MMKJL,33,1,1000.0,705.0,705000.0,2024-12-16
2024121601019041,SBI,6,35,20.0,447.0,8940.0,2024-12-16
2024121601019040,NBL,69,49,20.0,266.0,5320.0,2024-12-16
2024121601019039,NBL,69,36,100.0,265.9,26590.0,2024-12-16
2024121601019038,NBL,69,43,280.0,265.9,74452.0,2024-12-16
2024121604018190,CHL,49,49,472.0,433.0,204376.0,2024-12-16
2024121601019037,MEHL,44,18,60.0,455.1,27306.0,2024-12-16
2024121605011873,CLI,33,57,11.0,679.0,7469.0,2024-12-16
2024121603017400,RLFL,75,48,74.0,600.0,44400.0,2024-12-16
2024121603017399,RLFL,55,48,400.0,600.0,240000.0,2024-12-16
2024121603017398,RLFL,48,48,26.0,600.1,15602.6,2024-12-16
2024121603017397,NUBL,34,5,83.0,698.1,57942.3,2024-12-16
2024121603017396,NUBL,34,57,100.0,696.8,69680.0,2024-12-16
2024121603017395,NUBL,34,1,77.0,696.0,53592.0,2024-12-16
2024121603017394,NUBL,34,16,100.0,696.0,69600.0,2024-12-16
2024121603017393,NUBL,34,42,50.0,695.0,34750.0,2024-12-16
2024121603017392,NUBL,34,44,90.0,695.0,62550.0,2024-12-16
2024121601019036,SPC,36,34,180.0,526.0,94680.0,2024-12-16
2024121604018189,NICL,14,32,20.0,965.0,19300.0,2024-12-16
2024121604018188,NICL,22,32,30.0,968.0,29040.0,2024-12-16
2024121604018187,RHPL,34,35,150.0,443.0,66450.0,2024-12-16
2024121604018186,JOSHI,52,44,240.0,450.0,108000.0,2024-12-16
2024121604018185,JOSHI,52,4,20.0,450.0,9000.0,2024-12-16
2024121604018184,JOSHI,52,34,140.0,450.0,63000.0,2024-12-16
2024121604018183,JOSHI,52,43,100.0,449.9,44990.0,2024-12-16
2024121604018182,UPPER,88,45,234.0,208.0,48672.0,2024-12-16
2024121604018181,UPPER,88,43,200.0,208.0,41600.0,2024-12-16
2024121604018180,UPPER,88,37,200.0,208.0,41600.0,2024-12-16
2024121604018179,UPPER,88,74,900.0,208.0,187200.0,2024-12-16
2024121604018178,UPPER,88,42,100.0,207.9,20790.0,2024-12-16
2024121604018177,UPPER,88,85,366.0,207.9,76091.4,2024-12-16
2024121603017391,PFL,56,45,23.0,620.1,14262.3,2024-12-16
2024121603017390,PFL,45,45,39.0,622.0,24258.0,2024-12-16
2024121604018176,NHPC,58,25,49.0,220.2,10789.8,2024-12-16
2024121603017389,BFC,58,29,15.0,750.3,11254.5,2024-12-16
2024121603017388,NICLBSL,58,3,20.0,673.0,13460.0,2024-12-16
2024121603017387,NICLBSL,58,3,80.0,673.0,53840.0,2024-12-16
2024121601019035,ULHC,47,45,30.0,496.5,14895.0,2024-12-16
2024121601019034,NIMB,47,62,1000.0,218.4,218400.0,2024-12-16
2024121601019033,AVYAN,75,56,25.0,1060.0,26500.0,2024-12-16
2024121601019032,LSL,49,58,250.0,234.0,58500.0,2024-12-16
2024121605011872,HRL,39,80,500.0,809.0,404500.0,2024-12-16
2024121603017386,PROFL,48,21,30.0,644.0,19320.0,2024-12-16
2024121603017385,PROFL,48,81,20.0,644.0,12880.0,2024-12-16
2024121603017384,PROFL,48,49,20.0,643.9,12878.0,2024-12-16
2024121603017383,PROFL,48,59,820.0,643.9,527998.0,2024-12-16
2024121603017382,KSBBL,34,67,1037.0,450.0,466650.0,2024-12-16
2024121603017381,KSBBL,49,67,13.0,450.0,5850.0,2024-12-16
2024121603017380,KSBBL,34,67,50.0,450.0,22500.0,2024-12-16
2024121601019031,MMKJL,33,32,10.0,705.0,7050.0,2024-12-16
2024121601019030,MCHL,32,41,10.0,567.0,5670.0,2024-12-16
2024121604018175,UMRH,8,28,200.0,632.0,126400.0,2024-12-16
2024121604018174,UMRH,28,28,10.0,632.0,6320.0,2024-12-16
2024121603017379,GBLBS,66,94,135.0,785.7,106069.5,2024-12-16
2024121603017378,GBLBS,66,43,100.0,785.5,78550.0,2024-12-16
2024121603017377,GBLBS,66,21,100.0,780.0,78000.0,2024-12-16
2024121603017376,GBLBS,66,50,50.0,779.0,38950.0,2024-12-16
2024121603017375,GBLBS,66,35,20.0,779.0,15580.0,2024-12-16
2024121603017374,GBLBS,66,58,500.0,778.0,389000.0,2024-12-16
2024121603017373,GBLBS,66,50,50.0,772.0,38600.0,2024-12-16
2024121603017372,GBLBS,66,56,50.0,771.0,38550.0,2024-12-16
2024121603017371,GBLBS,66,44,35.0,766.2,26817.0,2024-12-16
2024121603017370,GBLBS,66,57,100.0,765.0,76500.0,2024-12-16
2024121603017369,GBLBS,66,6,10.0,764.0,7640.0,2024-12-16
2024121603017368,GBLBS,66,16,50.0,763.0,38150.0,2024-12-16
2024121601019029,MHCL,65,95,1167.0,554.4,646984.8,2024-12-16
2024121603017367,SFCL,13,42,20.0,690.0,13800.0,2024-12-16
2024121603017366,SFCL,13,49,10.0,690.0,6900.0,2024-12-16
2024121603017365,SFCL,13,14,470.0,690.0,324300.0,2024-12-16
2024121604018173,HURJA,48,13,231.0,233.0,53823.0,2024-12-16
2024121604018172,HURJA,38,13,730.0,233.0,170090.0,2024-12-16
2024121604018171,HURJA,32,13,17.0,233.0,3961.0,2024-12-16
2024121604018170,HURJA,49,13,32.0,233.9,7484.8,2024-12-16
2024121604018169,RHPL,34,56,15.0,443.0,6645.0,2024-12-16
2024121601019028,HIDCLP,54,28,1000.0,167.5,167500.0,2024-12-16
2024121604018168,NICL,1,54,100.0,970.2,97020.0,2024-12-16
2024121604018167,NHDL,42,62,20.0,736.1,14722.0,2024-12-16
2024121604018166,CHCL,34,39,312.0,557.0,173784.0,2024-12-16
2024121601019027,HHL,48,57,160.0,505.0,80800.0,2024-12-16
2024121601019026,HHL,48,35,10.0,505.0,5050.0,2024-12-16
2024121601019025,HHL,48,80,10.0,505.0,5050.0,2024-12-16
2024121601019024,HHL,48,57,10.0,505.0,5050.0,2024-12-16
2024121601019023,HHL,48,34,10.0,505.0,5050.0,2024-12-16
2024121603017364,JFL,48,16,350.0,800.0,280000.0,2024-12-16
2024121603017363,SWBBL,50,81,13.0,885.0,11505.0,2024-12-16
2024121603017362,SWBBL,50,88,87.0,883.0,76821.0,2024-12-16
2024121601019022,SARBTM,8,57,20.0,764.0,15280.0,2024-12-16
2024121601019021,USHL,58,45,50.0,756.0,37800.0,2024-12-16
2024121603017361,SADBL,48,38,46.0,421.0,19366.0,2024-12-16
2024121603017360,SADBL,71,38,200.0,421.1,84220.0,2024-12-16
2024121605011871,RNLI,18,38,11.0,506.5,5571.5,2024-12-16
2024121604018165,NGPL,55,59,90.0,268.0,24120.0,2024-12-16
2024121604018164,NGPL,26,59,110.0,268.9,29579.0,2024-12-16
2024121605011870,NIFRA,58,22,40.0,253.1,10124.0,2024-12-16
2024121603017359,LICN,32,58,40.0,1179.0,47160.0,2024-12-16
2024121605011869,NRIC,44,36,410.0,746.0,305860.0,2024-12-16
2024121605011868,NRIC,6,36,300.0,746.1,223830.0,2024-12-16
2024121605011867,NRIC,56,36,50.0,746.1,37305.0,2024-12-16
2024121605011866,NRIC,1,36,100.0,746.2,74620.0,2024-12-16
2024121605011865,NRIC,53,36,20.0,746.5,14930.0,2024-12-16
2024121605011864,NRIC,38,36,10.0,747.0,7470.0,2024-12-16
2024121605011863,NRIC,42,36,40.0,747.0,29880.0,2024-12-16
2024121605011862,NRIC,43,36,20.0,747.5,14950.0,2024-12-16
2024121604018163,JOSHI,72,40,200.0,449.8,89960.0,2024-12-16
2024121605011861,HIDCL,26,29,100.0,244.0,24400.0,2024-12-16
2024121605011860,HIDCL,45,29,10.0,244.0,2440.0,2024-12-16
2024121605011859,HIDCL,29,29,100.0,244.0,24400.0,2024-12-16
2024121605011858,HIDCL,42,29,30.0,244.0,7320.0,2024-12-16
2024121605011857,HIDCL,45,29,10.0,244.0,2440.0,2024-12-16
2024121605011856,HIDCL,53,29,300.0,244.0,73200.0,2024-12-16
2024121605011855,HIDCL,51,29,179.0,244.0,43676.0,2024-12-16
2024121604018162,HEI,42,49,69.0,635.0,43815.0,2024-12-16
2024121601019020,NYADI,94,49,2370.0,362.0,857940.0,2024-12-16
2024121601019019,NYADI,94,49,570.0,362.0,206340.0,2024-12-16
2024121601019018,SARBTM,22,57,14.0,764.0,10696.0,2024-12-16
2024121601019017,HBL,26,62,309.0,239.0,73851.0,2024-12-16
2024121601019016,HBL,5,62,50.0,239.0,11950.0,2024-12-16
2024121601019015,HBL,5,62,500.0,239.0,119500.0,2024-12-16
2024121601019014,HBL,35,62,11.0,239.0,2629.0,2024-12-16
2024121601019013,HBL,13,62,800.0,239.0,191200.0,2024-12-16
2024121601019012,HBL,51,62,50.0,239.0,11950.0,2024-12-16
2024121601019011,HBL,39,62,100.0,239.0,23900.0,2024-12-16
2024121601019010,HBL,11,62,100.0,239.0,23900.0,2024-12-16
2024121601019009,HBL,43,62,80.0,239.1,19128.0,2024-12-16
2024121603017358,NFS,62,1,150.0,1008.0,151200.0,2024-12-16
2024121604018161,SPIL,17,39,825.0,794.0,655050.0,2024-12-16
2024121604018160,SPIL,17,39,20.0,794.1,15882.0,2024-12-16
2024121604018159,SPIL,45,39,10.0,794.2,7942.0,2024-12-16
2024121604018158,SPIL,43,39,100.0,794.3,79430.0,2024-12-16
2024121604018157,SPIL,32,39,35.0,794.4,27804.0,2024-12-16
2024121603017357,SADBL,71,48,300.0,421.1,126330.0,2024-12-16
2024121605011854,RNLI,52,41,642.0,507.9,326071.8,2024-12-16
2024121605011853,RNLI,52,85,100.0,507.8,50780.0,2024-12-16
2024121605011852,RNLI,52,51,11.0,507.0,5577.0,2024-12-16
2024121605011851,RNLI,52,58,11.0,507.0,5577.0,2024-12-16
2024121605011850,RNLI,52,38,186.0,507.0,94302.0,2024-12-16
2024121605011849,RNLI,52,85,50.0,507.0,25350.0,2024-12-16
2024121605011848,HIDCL,52,43,400.0,244.2,97680.0,2024-12-16
2024121603017356,NFS,45,1,30.0,1008.0,30240.0,2024-12-16
2024121601019008,PRVU,58,45,25.0,222.0,5550.0,2024-12-16
2024121605011847,HRL,90,26,10.0,808.7,8087.0,2024-12-16
2024121601019007,SBI,34,28,382.0,446.0,170372.0,2024-12-16
2024121601019006,SBI,45,28,20.0,446.1,8922.0,2024-12-16
2024121601019005,SBI,48,28,50.0,446.1,22305.0,2024-12-16
2024121601019004,SBI,49,28,48.0,446.1,21412.8,2024-12-16
2024121601019003,SPHL,74,53,160.0,783.9,125424.0,2024-12-16
2024121601019002,SPHL,74,57,10.0,772.0,7720.0,2024-12-16
2024121604018156,HURJA,59,99,10.0,234.0,2340.0,2024-12-16
2024121601019001,KBL,22,38,150.0,215.1,32265.0,2024-12-16
2024121601019000,MHCL,65,58,633.0,554.4,350935.2,2024-12-16
2024121601018999,MHCL,38,58,357.0,554.5,197956.5,2024-12-16
2024121601018998,MHCL,13,58,10.0,554.8,5548.0,2024-12-16
2024121603017355,JFL,13,16,500.0,800.0,400000.0,2024-12-16
2024121604018155,SGIC,45,42,40.0,667.0,26680.0,2024-12-16
2024121604018154,SGIC,45,42,60.0,667.0,40020.0,2024-12-16
2024121604018153,SHL,56,57,500.0,473.4,236700.0,2024-12-16
2024121604018152,UAIL,6,42,220.0,634.0,139480.0,2024-12-16
2024121601018997,EBL,51,19,60.0,591.0,35460.0,2024-12-16
2024121603017354,NFS,18,1,50.0,1008.0,50400.0,2024-12-16
2024121605011846,HATHY,45,49,2.0,1355.0,2710.0,2024-12-16
2024121603017353,CFCL,45,49,20.0,613.0,12260.0,2024-12-16
2024121601018996,MMKJL,33,43,800.0,705.0,564000.0,2024-12-16
2024121604018151,HDHPC,34,57,100.0,202.7,20270.0,2024-12-16
2024121605011845,NRN,57,58,40.0,989.0,39560.0,2024-12-16
2024121605011844,HDL,53,51,200.0,1328.0,265600.0,2024-12-16
2024121601018995,MKJC,34,62,200.0,531.0,106200.0,2024-12-16
2024121603017352,HLBSL,62,49,110.0,945.0,103950.0,2024-12-16
2024121603017351,SHINE,39,7,500.0,465.0,232500.0,2024-12-16
2024121603017350,GLBSL,56,33,28.0,2030.0,56840.0,2024-12-16
2024121605011843,CLI,32,57,75.0,679.0,50925.0,2024-12-16
2024121601018994,UHEWA,46,66,10.0,705.0,7050.0,2024-12-16
2024121601018993,UHEWA,46,62,50.0,705.0,35250.0,2024-12-16
2024121601018992,UHEWA,46,58,100.0,705.0,70500.0,2024-12-16
2024121603017349,NMLBBL,17,46,100.0,672.0,67200.0,2024-12-16
2024121603017348,NMLBBL,42,46,148.0,672.0,99456.0,2024-12-16
2024121601018991,NMB,45,16,90.0,242.0,21780.0,2024-12-16
2024121604018150,UPPER,45,85,634.0,207.9,131808.6,2024-12-16
2024121604018149,UPPER,45,35,166.0,207.9,34511.4,2024-12-16
2024121601018990,GBIME,45,48,14.0,224.0,3136.0,2024-12-16
2024121601018989,GBIME,45,25,30.0,223.9,6717.0,2024-12-16
2024121605011842,HATHY,45,49,106.0,1360.0,144160.0,2024-12-16
2024121605011841,HATHY,45,39,615.0,1358.1,835231.5,2024-12-16
2024121601018988,RHGCL,77,42,20.0,499.0,9980.0,2024-12-16
2024121601018987,RHGCL,77,3,10.0,498.0,4980.0,2024-12-16
2024121603017347,GBBL,40,59,110.0,430.5,47355.0,2024-12-16
2024121605011840,MBJC,59,58,20.0,341.0,6820.0,2024-12-16
2024121603017346,NMBMF,58,26,10.0,703.0,7030.0,2024-12-16
2024121601018986,BGWT,58,48,20.0,956.0,19120.0,2024-12-16
2024121603017345,JFL,34,58,319.0,799.0,254881.0,2024-12-16
2024121603017344,JFL,35,58,100.0,799.0,79900.0,2024-12-16
2024121603017343,JFL,39,58,19.0,799.0,15181.0,2024-12-16
2024121603017342,PROFL,6,59,50.0,643.9,32195.0,2024-12-16
2024121605011839,HDL,19,41,35.0,1325.0,46375.0,2024-12-16
2024121604018148,GHL,48,32,400.0,214.0,85600.0,2024-12-16
2024121604018147,GHL,34,32,264.0,214.0,56496.0,2024-12-16
2024121604018146,UPCL,50,35,785.0,276.0,216660.0,2024-12-16
2024121604018145,UPCL,38,35,100.0,276.0,27600.0,2024-12-16
2024121604018144,UPCL,11,35,100.0,276.0,27600.0,2024-12-16
2024121604018143,UPCL,65,35,15.0,276.0,4140.0,2024-12-16
2024121601018985,MKHC,47,52,10.0,525.5,5255.0,2024-12-16
2024121601018984,MHCL,13,52,90.0,554.8,49932.0,2024-12-16
2024121601018983,MHCL,34,52,10.0,555.0,5550.0,2024-12-16
2024121603017341,MNBBL,21,7,10.0,389.0,3890.0,2024-12-16
2024121603017340,MLBBL,58,36,11.0,1652.0,18172.0,2024-12-16
2024121601018982,IHL,33,63,500.0,660.0,330000.0,2024-12-16
2024121601018981,SGHC,52,58,10.0,462.0,4620.0,2024-12-16
2024121601018980,BNHC,90,52,50.0,482.9,24145.0,2024-12-16
2024121605011838,ILI,14,58,12.0,470.1,5641.2,2024-12-16
2024121604018142,NHPC,1,25,1851.0,220.2,407590.2,2024-12-16
2024121604018141,NHPC,1,91,149.0,220.1,32794.9,2024-12-16
2024121604018140,JOSHI,72,43,1130.0,449.8,508274.0,2024-12-16
2024121604018139,JOSHI,49,43,2670.0,449.9,1201233.0,2024-12-16
2024121605011837,SONA,37,37,500.0,460.5,230250.0,2024-12-16
2024121605011836,SONA,90,37,480.0,460.5,221040.0,2024-12-16
2024121605011835,SONA,72,37,500.0,460.9,230450.0,2024-12-16
2024121605011834,SONA,34,37,20.0,461.0,9220.0,2024-12-16
2024121604018138,JOSHI,49,62,30.0,449.9,13497.0,2024-12-16
2024121601018979,IHL,33,67,2585.0,660.0,1706100.0,2024-12-16
2024121603017339,CFCL,49,34,114.0,613.0,69882.0,2024-12-16
2024121603017338,CFCL,14,34,20.0,613.0,12260.0,2024-12-16
2024121603017337,CFCL,58,34,50.0,613.0,30650.0,2024-12-16
2024121603017336,CFCL,19,34,48.0,613.5,29448.0,2024-12-16
2024121604018137,JOSHI,32,34,60.0,450.0,27000.0,2024-12-16
2024121604018136,JOSHI,32,44,100.0,450.0,45000.0,2024-12-16
2024121604018135,JOSHI,32,57,40.0,450.0,18000.0,2024-12-16
2024121601018978,GBIME,48,25,20.0,223.9,4478.0,2024-12-16
2024121603017335,MDB,65,38,50.0,715.1,35755.0,2024-12-16
2024121603017334,MDB,37,38,50.0,716.0,35800.0,2024-12-16
2024121603017333,MDB,35,38,50.0,716.0,35800.0,2024-12-16
2024121603017332,MDB,21,38,100.0,716.0,71600.0,2024-12-16
2024121604018134,LEC,57,26,90.0,208.0,18720.0,2024-12-16
2024121604018133,LEC,55,26,100.0,208.0,20800.0,2024-12-16
2024121604018132,LEC,18,26,100.0,208.0,20800.0,2024-12-16
2024121604018131,LEC,58,26,10.0,208.0,2080.0,2024-12-16
2024121604018130,LEC,11,26,100.0,208.0,20800.0,2024-12-16
2024121604018129,LEC,38,26,500.0,208.0,104000.0,2024-12-16
2024121605011833,NRM,49,58,76.0,441.1,33523.6,2024-12-16
2024121605011832,SHIVM,6,14,100.0,569.9,56990.0,2024-12-16
2024121604018128,HPPL,45,29,424.0,390.0,165360.0,2024-12-16
2024121601018977,NABIL,14,49,50.0,512.3,25615.0,2024-12-16
2024121601018976,RFPL,62,65,10.0,1012.0,10120.0,2024-12-16
2024121605011831,CHDC,74,65,70.0,1612.0,112840.0,2024-12-16
2024121601018975,EBL,65,5,181.0,591.5,107061.5,2024-12-16
2024121601018974,MMKJL,48,68,400.0,709.0,283600.0,2024-12-16
2024121605011830,ILI,58,55,25.0,470.1,11752.5,2024-12-16
2024121605011829,RNLI,18,34,11.0,506.5,5571.5,2024-12-16
2024121605011828,ILI,46,6,2.0,471.8,943.6,2024-12-16
2024121605011827,NTC,6,35,100.0,943.0,94300.0,2024-12-16
2024121605011826,SONA,59,8,100.0,461.2,46120.0,2024-12-16
2024121604018127,SHPC,58,91,52.0,525.0,27300.0,2024-12-16
2024121603017331,NFS,59,22,10.0,1007.9,10079.0,2024-12-16
2024121603017330,SADBL,74,58,500.0,421.1,210550.0,2024-12-16
2024121604018126,JOSHI,49,1,500.0,449.9,224950.0,2024-12-16
2024121601018973,MAKAR,54,75,10.0,615.0,6150.0,2024-12-16
2024121601018972,HHL,57,41,10.0,504.0,5040.0,2024-12-16
2024121601018971,PRVU,58,29,83.0,222.0,18426.0,2024-12-16
2024121601018970,KBL,32,49,50.0,215.0,10750.0,2024-12-16
2024121605011825,RNLI,62,49,145.0,506.6,73457.0,2024-12-16
2024121605011824,GCIL,49,44,11.0,481.0,5291.0,2024-12-16
2024121603017329,RLFL,48,50,324.0,600.1,194432.4,2024-12-16
2024121603017328,RLFL,45,50,100.0,600.1,60010.0,2024-12-16
2024121603017327,RLFL,6,50,170.0,600.1,102017.0,2024-12-16
2024121603017326,RLFL,34,50,100.0,600.1,60010.0,2024-12-16
2024121603017325,RLFL,28,50,100.0,600.1,60010.0,2024-12-16
2024121603017324,RLFL,41,50,50.0,600.2,30010.0,2024-12-16
2024121603017323,RLFL,34,50,500.0,600.3,300150.0,2024-12-16
2024121603017322,RLFL,35,50,20.0,601.0,12020.0,2024-12-16
2024121603017321,RLFL,91,50,500.0,601.0,300500.0,2024-12-16
2024121603017320,RLFL,43,50,100.0,601.0,60100.0,2024-12-16
2024121603017319,RLFL,58,50,36.0,601.0,21636.0,2024-12-16
2024121601018969,TSHL,34,70,10.0,859.9,8599.0,2024-12-16
2024121601018968,TSHL,34,70,10.0,859.9,8599.0,2024-12-16
2024121604018125,HDHPC,17,4,100.0,202.9,20290.0,2024-12-16
2024121603017318,GRDBL,32,59,10.0,989.0,9890.0,2024-12-16
2024121603017317,NFS,86,38,10.0,1006.0,10060.0,2024-12-16
2024121603017316,NFS,49,38,40.0,1007.0,40280.0,2024-12-16
2024121603017315,NFS,34,38,50.0,1007.0,50350.0,2024-12-16
2024121604018124,NGPL,26,5,390.0,268.9,104871.0,2024-12-16
2024121604018123,KKHC,26,49,311.0,399.0,124089.0,2024-12-16
2024121603017314,JFL,39,56,60.0,799.0,47940.0,2024-12-16
2024121603017313,JFL,48,56,25.0,799.0,19975.0,2024-12-16
2024121603017312,JFL,59,56,22.0,799.0,17578.0,2024-12-16
2024121603017311,JFL,6,56,200.0,799.0,159800.0,2024-12-16
2024121603017310,JFL,47,56,50.0,799.0,39950.0,2024-12-16
2024121603017309,JFL,42,56,10.0,799.0,7990.0,2024-12-16
2024121603017308,JFL,59,56,10.0,799.7,7997.0,2024-12-16
2024121603017307,JFL,8,56,123.0,799.9,98387.7,2024-12-16
2024121603017306,GFCL,58,11,60.0,800.0,48000.0,2024-12-16
2024121603017305,NABBC,48,43,15.0,1256.0,18840.0,2024-12-16
2024121604018122,AKJCL,59,50,190.0,205.2,38988.0,2024-12-16
2024121604018121,AKJCL,49,50,1000.0,205.3,205300.0,2024-12-16
2024121604018120,AKJCL,58,50,710.0,205.4,145834.0,2024-12-16
2024121604018119,AKJCL,14,50,100.0,205.5,20550.0,2024-12-16
2024121604018118,API,36,48,870.0,266.0,231420.0,2024-12-16
2024121604018117,API,36,49,130.0,265.3,34489.0,2024-12-16
2024121603017304,GRDBL,60,59,50.0,982.0,49100.0,2024-12-16
2024121605011823,HRL,90,13,10.0,808.7,8087.0,2024-12-16
2024121604018116,HEI,42,21,31.0,635.0,19685.0,2024-12-16
2024121601018967,ADBL,36,34,48.0,321.0,15408.0,2024-12-16
2024121603017303,JFL,8,58,300.0,799.9,239970.0,2024-12-16
2024121604018115,KKHC,45,49,25.0,399.0,9975.0,2024-12-16
2024121604018114,KKHC,34,49,564.0,399.0,225036.0,2024-12-16
2024121604018113,KKHC,57,49,200.0,400.0,80000.0,2024-12-16
2024121603017302,GBLBS,10,49,13.0,760.0,9880.0,2024-12-16
2024121601018966,MCHL,26,57,155.0,561.0,86955.0,2024-12-16
2024121601018965,MCHL,65,57,175.0,562.1,98367.5,2024-12-16
2024121601018964,MCHL,14,57,100.0,562.2,56220.0,2024-12-16
2024121601018963,RHGCL,57,44,10.0,498.0,4980.0,2024-12-16
2024121603017301,JFL,39,16,50.0,800.0,40000.0,2024-12-16
2024121601018962,TPC,33,49,20.0,541.0,10820.0,2024-12-16
2024121603017300,SFCL,33,14,130.0,690.0,89700.0,2024-12-16
2024121603017299,SFCL,33,50,150.0,690.0,103500.0,2024-12-16
2024121603017298,SFCL,33,58,10.0,690.0,6900.0,2024-12-16
2024121603017297,SFCL,33,33,10.0,689.9,6899.0,2024-12-16
2024121604018112,UMHL,51,55,100.0,326.0,32600.0,2024-12-16
2024121604018111,HDHPC,34,32,124.0,202.7,25134.8,2024-12-16
2024121604018110,HDHPC,40,32,44.0,202.8,8923.2,2024-12-16
2024121604018109,SICL,34,7,10.0,809.0,8090.0,2024-12-16
2024121603017296,JFL,8,25,10.0,799.9,7999.0,2024-12-16
2024121603017295,KRBL,72,45,50.0,781.0,39050.0,2024-12-16
2024121605011822,NIFRA,51,21,32.0,253.0,8096.0,2024-12-16
2024121604018108,LEC,25,90,247.0,208.0,51376.0,2024-12-16
2024121604018107,LEC,25,1,253.0,208.0,52624.0,2024-12-16
2024121604018106,LEC,58,1,100.0,208.0,20800.0,2024-12-16
2024121604018105,LEC,38,1,10.0,208.0,2080.0,2024-12-16
2024121604018104,LEC,41,1,50.0,208.0,10400.0,2024-12-16
2024121604018103,LEC,45,1,81.0,208.0,16848.0,2024-12-16
2024121604018102,LEC,42,1,21.0,208.0,4368.0,2024-12-16
2024121604018101,LEC,45,1,715.0,208.0,148720.0,2024-12-16
2024121601018961,NMB,80,36,192.0,241.9,46444.8,2024-12-16
2024121601018960,NMB,11,36,58.0,241.9,14030.2,2024-12-16
2024121603017294,FMDBL,58,49,65.0,749.0,48685.0,2024-12-16
2024121603017293,SFCL,57,33,10.0,689.9,6899.0,2024-12-16
2024121601018959,BHDC,33,65,50.0,630.0,31500.0,2024-12-16
2024121604018100,UPCL,55,7,65.0,277.0,18005.0,2024-12-16
2024121604018099,PPCL,17,58,46.0,278.2,12797.2,2024-12-16
2024121605011821,NRN,82,58,3026.0,985.0,2980610.0,2024-12-16
2024121605011820,NRN,44,58,100.0,985.0,98500.0,2024-12-16
2024121605011819,NRN,52,58,225.0,985.0,221625.0,2024-12-16
2024121605011818,NRN,41,58,50.0,985.0,49250.0,2024-12-16
2024121605011817,NRN,54,58,99.0,985.1,97524.9,2024-12-16
2024121603017292,MLBL,41,28,267.0,392.0,104664.0,2024-12-16
2024121601018958,SCB,66,25,50.0,674.0,33700.0,2024-12-16
2024121601018957,SCB,66,7,10.0,673.8,6738.0,2024-12-16
2024121601018956,SCB,66,42,500.0,673.0,336500.0,2024-12-16
2024121601018955,SCB,66,34,50.0,673.0,33650.0,2024-12-16
2024121601018954,SCB,66,32,500.0,673.0,336500.0,2024-12-16
2024121601018953,SCB,66,51,490.0,673.0,329770.0,2024-12-16
2024121601018952,SCB,66,16,200.0,672.9,134580.0,2024-12-16
2024121601018951,SCB,66,42,100.0,672.0,67200.0,2024-12-16
2024121603017291,PFL,42,56,170.0,622.0,105740.0,2024-12-16
2024121604018098,AKPL,58,6,10.0,239.0,2390.0,2024-12-16
2024121604018097,AKPL,63,6,200.0,239.0,47800.0,2024-12-16
2024121604018096,AKPL,49,6,867.0,239.0,207213.0,2024-12-16
2024121605011816,HDL,49,41,10.0,1325.0,13250.0,2024-12-16
2024121605011815,HDL,26,41,50.0,1325.0,66250.0,2024-12-16
2024121605011814,HDL,17,41,20.0,1325.0,26500.0,2024-12-16
2024121601018950,BEDC,49,49,135.0,630.0,85050.0,2024-12-16
2024121604018095,UAIL,67,5,100.0,630.0,63000.0,2024-12-16
2024121604018094,SSHL,32,62,154.0,234.5,36113.0,2024-12-16
2024121604018093,SSHL,48,62,50.0,234.5,11725.0,2024-12-16
2024121604018092,SSHL,67,62,200.0,234.6,46920.0,2024-12-16
2024121601018949,DOLTI,64,39,2550.0,671.0,1711050.0,2024-12-16
2024121601018948,DOLTI,43,39,500.0,671.1,335550.0,2024-12-16
2024121601018947,DOLTI,58,39,100.0,671.2,67120.0,2024-12-16
2024121601018946,DOLTI,58,39,50.0,671.2,33560.0,2024-12-16
2024121603017290,JFL,58,16,50.0,800.0,40000.0,2024-12-16
2024121603017289,MLBBL,58,13,11.0,1650.0,18150.0,2024-12-16
2024121603017288,MLBBL,58,90,10.0,1649.9,16499.0,2024-12-16
2024121603017287,MLBBL,58,90,10.0,1640.0,16400.0,2024-12-16
2024121604018091,UPCL,65,35,485.0,276.0,133860.0,2024-12-16
2024121604018090,UPCL,11,35,100.0,276.0,27600.0,2024-12-16
2024121604018089,UPCL,22,35,575.0,276.1,158757.5,2024-12-16
2024121605011813,ILI,58,38,12.0,470.1,5641.2,2024-12-16
2024121603017286,NFS,14,22,40.0,1007.9,40316.0,2024-12-16
2024121601018945,KBL,13,38,200.0,215.1,43020.0,2024-12-16
2024121604018088,SPDL,29,74,10.0,324.4,3244.0,2024-12-16
2024121604018087,SPDL,29,39,60.0,324.3,19458.0,2024-12-16
2024121604018086,AKPL,44,11,60.0,239.1,14346.0,2024-12-16
2024121604018085,MEN,34,46,100.0,720.1,72010.0,2024-12-16
2024121604018084,SHEL,42,16,70.0,244.0,17080.0,2024-12-16
2024121604018083,RADHI,45,32,500.0,385.5,192750.0,2024-12-16
2024121603017285,GFCL,58,34,13.0,800.0,10400.0,2024-12-16
2024121603017284,GFCL,58,34,50.0,800.0,40000.0,2024-12-16
2024121603017283,GFCL,38,34,40.0,800.0,32000.0,2024-12-16
2024121603017282,GFCL,26,34,47.0,800.0,37600.0,2024-12-16
2024121605011812,NRN,54,34,101.0,985.1,99495.1,2024-12-16
2024121605011811,NRN,67,34,10.0,985.1,9851.0,2024-12-16
2024121605011810,NRN,45,34,41.0,986.0,40426.0,2024-12-16
2024121603017281,SINDU,44,71,60.0,906.0,54360.0,2024-12-16
2024121601018944,SPHL,43,45,123.0,768.0,94464.0,2024-12-16
2024121601018943,SPHL,47,45,10.0,769.0,7690.0,2024-12-16
2024121601018942,SPHL,26,45,10.0,769.3,7693.0,2024-12-16
2024121601018941,NABIL,14,45,38.0,512.3,19467.4,2024-12-16
2024121604018082,NGPL,55,14,795.0,268.0,213060.0,2024-12-16
2024121604018081,NGPL,35,14,1000.0,268.1,268100.0,2024-12-16
2024121604018080,NGPL,56,14,300.0,268.4,80520.0,2024-12-16
2024121604018079,NGPL,62,14,100.0,268.4,26840.0,2024-12-16
2024121604018078,NGPL,48,14,50.0,268.4,13420.0,2024-12-16
2024121604018077,NGPL,48,14,1000.0,268.5,268500.0,2024-12-16
2024121604018076,NGPL,49,14,100.0,268.5,26850.0,2024-12-16
2024121604018075,NGPL,51,14,100.0,268.5,26850.0,2024-12-16
2024121604018074,NGPL,57,14,1005.0,268.5,269842.5,2024-12-16
2024121604018073,NGPL,22,14,20.0,268.7,5374.0,2024-12-16
2024121604018072,BARUN,47,28,27.0,413.9,11175.3,2024-12-16
2024121603017280,SJLIC,4,47,71.0,451.0,32021.0,2024-12-16
2024121603017279,SJLIC,57,47,40.0,451.0,18040.0,2024-12-16
2024121604018071,UMHL,51,22,170.0,326.0,55420.0,2024-12-16
2024121604018070,UMHL,38,22,30.0,326.5,9795.0,2024-12-16
2024121604018069,SHPC,58,42,1117.0,525.0,586425.0,2024-12-16
2024121604018068,SHPC,58,42,98.0,525.1,51459.8,2024-12-16
2024121601018940,NMB,11,90,42.0,241.9,10159.8,2024-12-16
2024121604018067,RIDI,65,57,216.0,227.1,49053.6,2024-12-16
2024121604018066,RIDI,81,57,463.0,227.1,105147.3,2024-12-16
2024121604018065,RIDI,33,57,121.0,227.3,27503.3,2024-12-16
2024121603017278,MLBSL,5,59,10.0,2240.0,22400.0,2024-12-16
2024121605011809,VLUCL,65,42,130.0,673.0,87490.0,2024-12-16
2024121604018064,AHPC,26,39,938.0,254.1,238345.8,2024-12-16
2024121604018063,AHPC,42,39,12.0,255.0,3060.0,2024-12-16
2024121603017277,RLFL,65,48,151.0,601.2,90781.2,2024-12-16
2024121603017276,RLFL,34,48,124.0,602.0,74648.0,2024-12-16
2024121603017275,RLFL,51,48,20.0,602.0,12040.0,2024-12-16
2024121603017274,RLFL,33,48,65.0,602.0,39130.0,2024-12-16
2024121603017273,RLFL,45,48,100.0,603.0,60300.0,2024-12-16
2024121603017272,RLFL,57,48,40.0,603.0,24120.0,2024-12-16
2024121603017271,SWBBL,50,88,113.0,883.0,99779.0,2024-12-16
2024121603017270,SWBBL,50,57,171.0,880.0,150480.0,2024-12-16
2024121603017269,SWBBL,50,57,20.0,880.0,17600.0,2024-12-16
2024121603017268,SWBBL,50,26,137.0,880.0,120560.0,2024-12-16
2024121603017267,SWBBL,50,28,388.0,877.9,340625.2,2024-12-16
2024121603017266,SWBBL,50,22,471.0,877.8,413443.8,2024-12-16
2024121603017265,BFC,49,58,200.0,750.2,150040.0,2024-12-16
2024121601018939,HHL,57,35,300.0,504.0,151200.0,2024-12-16
2024121603017264,PROFL,80,34,30.0,642.0,19260.0,2024-12-16
2024121603017263,JFL,42,16,500.0,800.0,400000.0,2024-12-16
2024121605011808,SHIVM,42,22,140.0,569.0,79660.0,2024-12-16
2024121601018938,MMKJL,33,43,90.0,705.0,63450.0,2024-12-16
2024121601018937,MMKJL,42,43,10.0,705.1,7051.0,2024-12-16
2024121601018936,MMKJL,6,43,50.0,705.1,35255.0,2024-12-16
2024121601018935,MMKJL,43,43,50.0,706.0,35300.0,2024-12-16
2024121601018934,SBL,50,49,28.0,307.0,8596.0,2024-12-16
2024121601018933,SBL,50,49,40.0,308.0,12320.0,2024-12-16
2024121605011807,HATHY,33,39,95.0,1358.1,129019.5,2024-12-16
2024121601018932,SNLI,48,51,10.0,640.0,6400.0,2024-12-16
2024121601018931,SNLI,48,58,10.0,640.0,6400.0,2024-12-16
2024121601018930,NYADI,48,49,60.0,365.0,21900.0,2024-12-16
2024121601018929,NYADI,48,49,40.0,365.0,14600.0,2024-12-16
2024121601018928,NYADI,48,42,100.0,364.9,36490.0,2024-12-16
2024121601018927,LSL,48,58,200.0,234.0,46800.0,2024-12-16
2024121601018926,SNLI,17,32,12.0,639.0,7668.0,2024-12-16
2024121601018925,NWCL,58,7,10.0,980.0,9800.0,2024-12-16
2024121604018062,NHPC,28,91,151.0,220.1,33235.1,2024-12-16
2024121604018061,HDHPC,34,4,100.0,202.9,20290.0,2024-12-16
2024121605011806,HRL,34,80,200.0,809.0,161800.0,2024-12-16
2024121605011805,HDL,17,71,80.0,1325.0,106000.0,2024-12-16
2024121605011804,HDL,49,71,30.0,1325.0,39750.0,2024-12-16
2024121605011803,HDL,57,71,50.0,1325.0,66250.0,2024-12-16
2024121605011802,HDL,4,71,40.0,1325.0,53000.0,2024-12-16
2024121605011801,HRL,59,80,20.0,809.0,16180.0,2024-12-16
2024121605011800,SONA,4,22,10.0,462.0,4620.0,2024-12-16
2024121605011799,SONA,4,55,10.0,462.0,4620.0,2024-12-16
2024121605011798,SONA,4,38,25.0,462.0,11550.0,2024-12-16
2024121605011797,HRL,13,28,11.0,809.0,8899.0,2024-12-16
2024121603017262,GLBSL,56,54,10.0,2030.0,20300.0,2024-12-16
2024121603017261,MPFL,1,58,30.0,720.0,21600.0,2024-12-16
2024121603017260,MPFL,1,45,60.0,720.0,43200.0,2024-12-16
2024121603017259,MPFL,1,33,90.0,720.0,64800.0,2024-12-16
2024121603017258,MPFL,1,38,104.0,720.0,74880.0,2024-12-16
2024121601018924,ANLB,59,42,10.0,4911.8,49118.0,2024-12-16
2024121603017257,SFCL,57,19,217.0,689.1,149534.7,2024-12-16
2024121603017256,SFCL,35,19,30.0,689.2,20676.0,2024-12-16
2024121603017255,SFCL,47,19,53.0,689.2,36527.6,2024-12-16
2024121603017254,SLBBL,62,41,150.0,910.0,136500.0,2024-12-16
2024121603017253,SLBBL,78,41,50.0,910.5,45525.0,2024-12-16
2024121603017252,DDBL,59,57,10.0,865.0,8650.0,2024-12-16
2024121601018923,GBIME,48,57,80.0,223.9,17912.0,2024-12-16
2024121604018060,NGPL,57,33,395.0,268.5,106057.5,2024-12-16
2024121604018059,NGPL,48,33,605.0,268.6,162503.0,2024-12-16
2024121601018922,RFPL,62,35,10.0,1012.0,10120.0,2024-12-16
2024121603017251,MPFL,21,58,45.0,719.0,32355.0,2024-12-16
2024121604018058,UPPER,34,32,11.0,207.8,2285.8,2024-12-16
2024121605011796,PHCL,63,45,10.0,535.5,5355.0,2024-12-16
2024121603017250,MDB,65,38,29.0,715.1,20737.9,2024-12-16
2024121603017249,MDB,45,38,221.0,715.1,158037.1,2024-12-16
2024121605011795,CLI,89,57,10.0,679.0,6790.0,2024-12-16
2024121605011794,CLI,89,20,45.0,678.0,30510.0,2024-12-16
2024121603017248,DDBL,36,13,60.0,866.9,52014.0,2024-12-16
2024121604018057,JOSHI,49,4,100.0,449.9,44990.0,2024-12-16
2024121603017247,MDB,45,47,79.0,715.1,56492.9,2024-12-16
2024121603017246,MDB,40,47,96.0,716.0,68736.0,2024-12-16
2024121601018921,SRLI,59,21,10.0,417.1,4171.0,2024-12-16
2024121604018056,SICL,26,56,11.0,803.0,8833.0,2024-12-16
2024121603017245,MDB,40,19,204.0,716.0,146064.0,2024-12-16
2024121601018920,PRVU,42,45,12.0,222.5,2670.0,2024-12-16
2024121601018919,PRVU,42,44,39.0,222.2,8665.8,2024-12-16
2024121601018918,SARBTM,1,41,30.0,763.6,22908.0,2024-12-16
2024121601018917,SARBTM,18,41,100.0,764.0,76400.0,2024-12-16
2024121601018916,SARBTM,16,41,19.0,764.0,14516.0,2024-12-16
2024121605011793,NRN,45,53,40.0,986.0,39440.0,2024-12-16
2024121605011792,NRN,55,53,10.0,986.0,9860.0,2024-12-16
2024121604018055,GLH,62,50,400.0,242.0,96800.0,2024-12-16
2024121603017244,LICN,16,81,45.0,1180.0,53100.0,2024-12-16
2024121601018915,HHL,57,52,89.0,504.0,44856.0,2024-12-16
2024121601018914,BHPL,32,57,10.0,788.0,7880.0,2024-12-16
2024121604018054,NIL,58,51,74.0,915.0,67710.0,2024-12-16
2024121601018913,MANDU,58,57,30.0,878.0,26340.0,2024-12-16
2024121601018912,IHL,33,91,50.0,660.0,33000.0,2024-12-16
2024121603017243,MLBBL,58,48,91.0,1639.9,149230.9,2024-12-16
2024121603017242,SWMF,34,26,10.0,772.9,7729.0,2024-12-16
2024121603017241,SWMF,34,51,10.0,768.0,7680.0,2024-12-16
2024121601018911,MKHL,77,86,366.0,631.0,230946.0,2024-12-16
2024121601018910,MKHL,77,58,25.0,631.0,15775.0,2024-12-16
2024121601018909,MKHL,77,45,100.0,630.0,63000.0,2024-12-16
2024121601018908,MKHL,77,48,10.0,630.0,6300.0,2024-12-16
2024121603017240,MDB,60,19,50.0,716.0,35800.0,2024-12-16
2024121604018053,AKPL,26,11,100.0,239.1,23910.0,2024-12-16
2024121603017239,GFCL,26,59,87.0,800.0,69600.0,2024-12-16
2024121603017238,GFCL,91,59,113.0,800.1,90411.3,2024-12-16
2024121603017237,NFS,86,95,300.0,1006.0,301800.0,2024-12-16
2024121605011791,NBF3,5,4,1980.0,9.16,18136.8,2024-12-16
2024121605011790,NBF3,13,4,2620.0,9.17,24025.4,2024-12-16
2024121605011789,NBF3,51,4,2000.0,9.18,18360.0,2024-12-16
2024121605011788,NBF3,51,4,1000.0,9.18,9180.0,2024-12-16
2024121605011787,NBF3,51,4,100.0,9.18,918.0,2024-12-16
2024121603017236,JFL,56,16,500.0,800.0,400000.0,2024-12-16
2024121601018907,NICA,53,41,254.0,398.0,101092.0,2024-12-16
2024121601018906,NICA,38,41,150.0,398.0,59700.0,2024-12-16
2024121601018905,NICA,51,41,50.0,398.0,19900.0,2024-12-16
2024121601018904,NICA,42,41,46.0,398.0,18308.0,2024-12-16
2024121604018052,LEC,45,41,10.0,208.0,2080.0,2024-12-16
2024121601018903,TAMOR,37,86,50.0,513.0,25650.0,2024-12-16
2024121605011786,NRIC,42,49,37.0,747.0,27639.0,2024-12-16
2024121605011785,NRIC,4,49,63.0,747.1,47067.3,2024-12-16
2024121604018051,OHL,42,39,10.0,909.0,9090.0,2024-12-16
2024121604018050,JOSHI,49,48,100.0,449.9,44990.0,2024-12-16
2024121603017235,MNBBL,42,17,50.0,388.4,19420.0,2024-12-16
2024121603017234,MNBBL,22,17,50.0,388.8,19440.0,2024-12-16
2024121601018902,SNLI,17,58,338.0,639.0,215982.0,2024-12-16
2024121601018901,SNLI,17,58,12.0,639.0,7668.0,2024-12-16
2024121604018049,RHPL,34,16,110.0,443.0,48730.0,2024-12-16
2024121604018048,RHPL,34,47,500.0,443.0,221500.0,2024-12-16
2024121601018900,BHDC,34,65,200.0,630.0,126000.0,2024-12-16
2024121605011784,MBJC,59,20,340.0,341.0,115940.0,2024-12-16
2024121605011783,MBJC,13,20,60.0,341.1,20466.0,2024-12-16
2024121603017233,GMFBS,14,61,33.0,1688.0,55704.0,2024-12-16
2024121603017232,GMFBS,45,61,100.0,1688.0,168800.0,2024-12-16
2024121603017231,GMFBS,45,61,10.0,1688.0,16880.0,2024-12-16
2024121601018899,SGHC,11,26,10.0,461.3,4613.0,2024-12-16
2024121603017230,RSDC,63,6,10.0,721.0,7210.0,2024-12-16
2024121604018047,AKPL,44,11,100.0,239.1,23910.0,2024-12-16
2024121603017229,JFL,42,16,500.0,800.0,400000.0,2024-12-16
2024121603017228,EDBL,43,43,500.0,636.0,318000.0,2024-12-16
2024121604018046,UPPER,55,48,124.0,207.5,25730.0,2024-12-16
2024121604018045,UPPER,44,48,76.0,207.5,15770.0,2024-12-16
2024121605011782,PHCL,63,16,10.0,535.5,5355.0,2024-12-16
2024121603017227,ALICL,47,25,30.0,715.0,21450.0,2024-12-16
2024121603017226,ALICL,38,25,40.0,715.0,28600.0,2024-12-16
2024121604018044,CGH,49,58,40.0,912.0,36480.0,2024-12-16
2024121601018898,NYADI,94,58,670.0,362.0,242540.0,2024-12-16
2024121601018897,NYADI,48,58,100.0,362.1,36210.0,2024-12-16
2024121601018896,NYADI,48,58,30.0,362.1,10863.0,2024-12-16
