transaction,symbol,buyer,seller,quantity,rate,amount,date
2024100804009958,RIDI,42,52,1470.0,236.2,347214.0,2024-10-08
2024100805008867,HRL,17,28,10.0,864.0,8640.0,2024-10-08
2024100805008866,HRL,48,28,10.0,864.3,8643.0,2024-10-08
2024100805008865,SAHAS,34,58,250.0,467.0,116750.0,2024-10-08
2024100803011118,FMDBL,57,42,10.0,782.1,7821.0,2024-10-08
2024100804009957,KPCL,49,35,10.0,488.0,4880.0,2024-10-08
2024100803011117,SAPDBL,71,10,80.0,564.2,45136.0,2024-10-08
2024100803011116,SAPDBL,56,10,100.0,564.3,56430.0,2024-10-08
2024100803011115,SAPDBL,57,10,20.0,564.4,11288.0,2024-10-08
2024100801013991,NIMB,57,48,61.0,240.6,14676.6,2024-10-08
2024100801013990,NIMB,58,48,40.0,240.7,9628.0,2024-10-08
2024100801013989,NIMB,58,48,849.0,240.7,204354.3,2024-10-08
2024100801013988,NIMB,45,48,300.0,240.8,72240.0,2024-10-08
2024100801013987,NIMB,48,48,50.0,240.8,12040.0,2024-10-08
2024100801013986,MBL,42,35,3681.0,253.0,931293.0,2024-10-08
2024100805008864,CIT,21,28,20.0,2236.9,44738.0,2024-10-08
2024100805008863,CIT,21,48,10.0,2235.0,22350.0,2024-10-08
2024100801013985,CITY,58,34,150.0,860.0,129000.0,2024-10-08
2024100805008862,NRIC,58,28,15.0,812.0,12180.0,2024-10-08
2024100801013984,SANIMA,58,4,10.0,358.0,3580.0,2024-10-08
2024100803011114,HLI,83,47,106.0,477.0,50562.0,2024-10-08
2024100803011113,HLI,59,47,104.0,477.1,49618.4,2024-10-08
2024100803011112,HLI,49,47,90.0,477.1,42939.0,2024-10-08
2024100804009956,BPCL,42,57,20.0,471.0,9420.0,2024-10-08
2024100804009955,BPCL,42,56,100.0,469.0,46900.0,2024-10-08
2024100804009954,BPCL,42,38,254.0,463.0,117602.0,2024-10-08
2024100801013983,NWCL,62,51,10.0,1020.0,10200.0,2024-10-08
2024100801013982,NWCL,67,51,50.0,1020.0,51000.0,2024-10-08
2024100803011111,NLIC,59,50,80.0,834.0,66720.0,2024-10-08
2024100801013981,MKHL,59,36,465.0,489.1,227431.5,2024-10-08
2024100804009953,JOSHI,33,46,10.0,309.1,3091.0,2024-10-08
2024100804009952,RIDI,50,1,200.0,236.3,47260.0,2024-10-08
2024100804009951,JOSHI,57,46,148.0,309.1,45746.8,2024-10-08
2024100803011110,GFCL,45,36,82.0,1063.1,87174.2,2024-10-08
2024100803011109,GFCL,58,36,50.0,1063.2,53160.0,2024-10-08
2024100803011108,GFCL,44,36,50.0,1065.0,53250.0,2024-10-08
2024100803011107,GFCL,25,36,27.0,1065.2,28760.4,2024-10-08
2024100803011106,GFCL,11,36,100.0,1065.2,106520.0,2024-10-08
2024100801013980,BNHC,98,98,500.0,459.8,229900.0,2024-10-08
2024100801013979,PRVU,42,48,100.0,249.5,24950.0,2024-10-08
2024100801013978,ULHC,38,42,10.0,389.2,3892.0,2024-10-08
2024100805008861,RNLI,59,52,20.0,499.0,9980.0,2024-10-08
2024100801013977,SRLI,33,49,100.0,447.9,44790.0,2024-10-08
2024100801013976,MANDU,62,13,10.0,953.0,9530.0,2024-10-08
2024100801013975,MANDU,45,13,10.0,953.0,9530.0,2024-10-08
2024100804009950,SHL,96,70,260.0,526.0,136760.0,2024-10-08
2024100804009949,SHL,8,70,100.0,526.2,52620.0,2024-10-08
2024100804009948,SHL,58,70,140.0,526.3,73682.0,2024-10-08
2024100803011105,ICFC,34,14,60.0,730.0,43800.0,2024-10-08
2024100803011104,ICFC,34,39,30.0,729.0,21870.0,2024-10-08
2024100801013974,NYADI,34,48,50.0,323.9,16195.0,2024-10-08
2024100804009947,RURU,48,64,20.0,841.1,16822.0,2024-10-08
2024100804009946,CHCL,45,25,13.0,580.0,7540.0,2024-10-08
2024100805008860,CLI,1,55,465.0,640.2,297693.0,2024-10-08
2024100805008859,CLI,26,55,20.0,640.2,12804.0,2024-10-08
2024100805008858,CLI,50,55,133.0,640.3,85159.9,2024-10-08
2024100805008857,CLI,53,55,50.0,640.3,32015.0,2024-10-08
2024100805008856,CLI,50,55,151.0,640.3,96685.3,2024-10-08
2024100805008855,CLI,46,55,100.0,640.4,64040.0,2024-10-08
2024100805008854,CLI,45,55,81.0,641.0,51921.0,2024-10-08
2024100804009945,IGI,29,36,42.0,608.29,25548.18,2024-10-08
2024100801013973,KBL,42,58,40.0,226.2,9048.0,2024-10-08
2024100801013972,EBL,42,6,15.0,614.0,9210.0,2024-10-08
2024100805008853,NRN,51,28,390.0,938.9,366171.0,2024-10-08
2024100805008852,NRN,51,22,10.0,937.0,9370.0,2024-10-08
2024100801013971,SANIMA,96,4,50.0,358.0,17900.0,2024-10-08
2024100804009944,UMHL,77,14,200.0,308.4,61680.0,2024-10-08
2024100803011103,GMFIL,14,28,10.0,597.0,5970.0,2024-10-08
2024100803011102,SHINE,90,34,50.0,490.0,24500.0,2024-10-08
2024100805008851,HIDCL,40,19,500.0,273.2,136600.0,2024-10-08
2024100805008850,HIDCL,26,19,200.0,273.2,54640.0,2024-10-08
2024100805008849,HIDCL,57,19,160.0,273.5,43760.0,2024-10-08
2024100804009943,KPCL,34,35,395.0,478.9,189165.5,2024-10-08
2024100804009942,KPCL,62,35,120.0,478.9,57468.0,2024-10-08
2024100801014612,MSHL,64,57,545.0,1037.3,565328.5,2024-10-08
2024100801014611,MSHL,64,14,218.0,1037.3,226131.4,2024-10-08
2024100801014610,MSHL,64,39,25.0,1037.3,25932.5,2024-10-08
2024100801014609,MSHL,64,64,10.0,1037.3,10373.0,2024-10-08
2024100801014608,MSHL,64,56,20.0,1037.3,20746.0,2024-10-08
2024100801014607,MSHL,64,45,100.0,1037.0,103700.0,2024-10-08
2024100801014606,MSHL,64,19,100.0,1037.0,103700.0,2024-10-08
2024100801014605,MSHL,64,22,110.0,1037.0,114070.0,2024-10-08
2024100801014604,MSHL,64,57,90.0,1037.0,93330.0,2024-10-08
2024100801014603,MSHL,64,58,100.0,1036.0,103600.0,2024-10-08
2024100801014602,MSHL,64,77,980.0,1035.0,1014300.0,2024-10-08
2024100801014601,MSHL,64,64,10.0,1020.2,10202.0,2024-10-08
2024100801014600,MSHL,64,40,100.0,1020.0,102000.0,2024-10-08
2024100801014599,MSHL,64,38,500.0,1020.0,510000.0,2024-10-08
2024100801014598,MSHL,64,57,50.0,1019.0,50950.0,2024-10-08
2024100801014597,MSHL,64,36,100.0,1015.0,101500.0,2024-10-08
2024100801014596,MSHL,64,33,100.0,1010.0,101000.0,2024-10-08
2024100801014595,MSHL,64,13,50.0,999.0,49950.0,2024-10-08
2024100801014594,MSHL,64,71,200.0,998.0,199600.0,2024-10-08
2024100801014593,MSHL,64,48,500.0,958.8,479400.0,2024-10-08
2024100801014592,MSHL,64,74,10.0,958.8,9588.0,2024-10-08
2024100801014591,MSHL,64,58,500.0,958.8,479400.0,2024-10-08
2024100801014590,MSHL,64,45,150.0,958.0,143700.0,2024-10-08
2024100801014589,MSHL,64,71,200.0,958.0,191600.0,2024-10-08
2024100801014588,MSHL,64,52,40.0,953.7,38148.0,2024-10-08
2024100801014587,MSHL,64,71,180.0,953.0,171540.0,2024-10-08
2024100801014586,MSHL,64,39,10.0,948.6,9486.0,2024-10-08
2024100801014585,MSHL,64,48,162.0,948.0,153576.0,2024-10-08
2024100801014584,MSHL,64,58,10.0,948.0,9480.0,2024-10-08
2024100801014583,MSHL,64,71,300.0,948.0,284400.0,2024-10-08
2024100801014582,MSHL,64,39,10.0,948.0,9480.0,2024-10-08
2024100801014581,MSHL,64,71,200.0,948.0,189600.0,2024-10-08
2024100801014580,MSHL,64,71,90.0,947.9,85311.0,2024-10-08
2024100801014579,MSHL,64,71,139.0,947.0,131633.0,2024-10-08
2024100801014578,MSHL,64,44,10.0,943.0,9430.0,2024-10-08
2024100801014577,MSHL,64,38,10.0,943.0,9430.0,2024-10-08
2024100801014576,MSHL,64,71,10.0,942.0,9420.0,2024-10-08
2024100801014575,MSHL,64,58,10.0,941.0,9410.0,2024-10-08
2024100801014574,MSHL,64,56,247.0,940.0,232180.0,2024-10-08
2024100803011763,NADEP,64,57,11.0,1066.9,11735.9,2024-10-08
2024100801014573,MLBS,29,37,10.0,1642.2,16422.0,2024-10-08
2024100801014572,MLBS,29,49,20.0,1634.0,32680.0,2024-10-08
2024100801014571,MLBS,29,1,90.0,1628.0,146520.0,2024-10-08
2024100803011762,NFS,11,42,10.0,1427.0,14270.0,2024-10-08
2024100801014570,NICA,71,29,15.0,480.0,7200.0,2024-10-08
2024100801014569,NICA,71,13,46.0,480.0,22080.0,2024-10-08
2024100801014568,NICA,71,37,139.0,480.0,66720.0,2024-10-08
2024100801014567,NICA,71,34,100.0,479.9,47990.0,2024-10-08
2024100801014566,GVL,74,45,263.0,559.0,147017.0,2024-10-08
2024100801014565,GVL,74,34,10.0,558.0,5580.0,2024-10-08
2024100801014564,GVL,74,3,10.0,557.0,5570.0,2024-10-08
2024100801014563,GVL,74,44,1000.0,556.0,556000.0,2024-10-08
2024100801014562,GVL,74,3,500.0,554.0,277000.0,2024-10-08
2024100801014561,GVL,74,3,100.0,553.8,55380.0,2024-10-08
2024100801014560,GVL,74,49,10.0,553.5,5535.0,2024-10-08
2024100801014559,GVL,74,48,107.0,550.0,58850.0,2024-10-08
2024100803011761,LBBL,72,16,50.0,482.0,24100.0,2024-10-08
2024100803011760,LBBL,72,14,10.0,481.9,4819.0,2024-10-08
2024100803011759,LBBL,72,14,10.0,481.8,4818.0,2024-10-08
2024100803011758,LBBL,72,14,10.0,481.7,4817.0,2024-10-08
2024100803011757,LBBL,72,14,10.0,481.6,4816.0,2024-10-08
2024100803011756,LBBL,72,14,10.0,481.5,4815.0,2024-10-08
2024100805009132,PHCL,35,71,30.0,390.0,11700.0,2024-10-08
2024100805009131,PHCL,65,71,90.0,390.0,35100.0,2024-10-08
2024100801014558,NICA,17,71,250.0,478.0,119500.0,2024-10-08
2024100801014557,GBIME,32,22,80.0,251.1,20088.0,2024-10-08
2024100801014556,RAWA,32,18,10.0,707.0,7070.0,2024-10-08
2024100801014555,HIDCLP,45,42,100.0,174.1,17410.0,2024-10-08
2024100803011755,BFC,32,51,10.0,611.0,6110.0,2024-10-08
2024100801014554,MAKAR,33,54,10.0,469.7,4697.0,2024-10-08
2024100803011754,MERO,56,42,20.0,770.0,15400.0,2024-10-08
2024100804010363,UPPER,47,56,63.0,217.0,13671.0,2024-10-08
2024100804010362,UPPER,44,56,609.0,217.0,132153.0,2024-10-08
2024100804010361,UPPER,19,56,150.0,217.2,32580.0,2024-10-08
2024100804010360,UPPER,58,56,10.0,217.2,2172.0,2024-10-08
2024100803011753,NICLBSL,41,57,20.0,745.0,14900.0,2024-10-08
2024100805009130,CLI,41,22,10.0,644.0,6440.0,2024-10-08
2024100805009129,CLI,41,56,85.0,642.9,54646.5,2024-10-08
2024100801014553,RAWA,88,18,10.0,707.0,7070.0,2024-10-08
2024100801014552,CZBIL,48,33,10.0,250.9,2509.0,2024-10-08
2024100801014551,CZBIL,48,58,50.0,250.4,12520.0,2024-10-08
2024100801014550,EHPL,60,48,50.0,821.0,41050.0,2024-10-08
2024100803011752,PROFL,3,45,10.0,622.0,6220.0,2024-10-08
2024100805009128,NRN,42,6,115.0,935.0,107525.0,2024-10-08
2024100805009127,NRN,11,6,200.0,935.0,187000.0,2024-10-08
2024100805009126,NRN,21,6,35.0,935.0,32725.0,2024-10-08
2024100804010359,API,8,22,154.0,299.0,46046.0,2024-10-08
2024100804010358,API,8,32,446.0,299.0,133354.0,2024-10-08
2024100801014549,TSHL,8,39,11.0,1027.0,11297.0,2024-10-08
2024100801014548,HHL,48,53,10.0,428.3,4283.0,2024-10-08
2024100805009125,SAHAS,45,42,65.0,469.9,30543.5,2024-10-08
2024100804010357,CGH,53,94,10.0,951.0,9510.0,2024-10-08
2024100805009124,SMJC,52,45,50.0,533.1,26655.0,2024-10-08
2024100803011751,SLBBL,58,36,137.0,1008.0,138096.0,2024-10-08
2024100803011750,SLBBL,58,38,100.0,1008.0,100800.0,2024-10-08
2024100803011749,SLBBL,58,49,20.0,1008.0,20160.0,2024-10-08
2024100803011748,SLBBL,58,28,500.0,1007.0,503500.0,2024-10-08
2024100803011747,SLBBL,58,41,50.0,1007.0,50350.0,2024-10-08
2024100803011746,SLBBL,58,17,193.0,997.0,192421.0,2024-10-08
2024100801014547,BHDC,50,57,10.0,590.0,5900.0,2024-10-08
2024100801014546,BHDC,50,21,90.0,590.0,53100.0,2024-10-08
2024100805009123,HATHY,49,65,2.0,1402.0,2804.0,2024-10-08
2024100803011745,PFL,1,10,17.0,620.0,10540.0,2024-10-08
2024100803011744,NLIC,65,49,189.0,843.0,159327.0,2024-10-08
2024100803011743,NLIC,65,45,40.0,843.0,33720.0,2024-10-08
2024100803011742,NLIC,65,14,76.0,842.0,63992.0,2024-10-08
2024100803011741,NLIC,65,45,50.0,841.0,42050.0,2024-10-08
2024100803011740,NLIC,65,55,70.0,841.0,58870.0,2024-10-08
2024100803011739,NLIC,65,11,120.0,841.0,100920.0,2024-10-08
2024100803011738,NLIC,65,21,30.0,840.8,25224.0,2024-10-08
2024100803011737,NLIC,65,49,200.0,840.0,168000.0,2024-10-08
2024100803011736,NLIC,65,38,100.0,839.0,83900.0,2024-10-08
2024100803011735,NLIC,65,58,55.0,839.0,46145.0,2024-10-08
2024100803011734,NLIC,65,6,10.0,839.0,8390.0,2024-10-08
2024100803011733,NLIC,65,46,60.0,838.0,50280.0,2024-10-08
2024100801014545,KDL,55,75,100.0,1058.4,105840.0,2024-10-08
2024100801014544,KDL,26,75,10.0,1058.5,10585.0,2024-10-08
2024100801014543,KDL,44,75,90.0,1060.0,95400.0,2024-10-08
2024100804010356,SHPC,35,45,10.0,549.8,5498.0,2024-10-08
2024100803011732,PFL,35,58,10.0,624.0,6240.0,2024-10-08
2024100801014542,SMH,16,53,10.0,1087.0,10870.0,2024-10-08
2024100803011731,BFC,41,16,10.0,604.0,6040.0,2024-10-08
2024100803011730,MPFL,21,55,10.0,698.0,6980.0,2024-10-08
2024100801014541,TSHL,28,70,10.0,1028.0,10280.0,2024-10-08
2024100801014540,TSHL,28,70,10.0,1028.0,10280.0,2024-10-08
2024100801014539,TSHL,28,70,10.0,1028.0,10280.0,2024-10-08
2024100801014538,SRLI,13,49,50.0,447.9,22395.0,2024-10-08
2024100801014537,KDL,44,91,10.0,1060.0,10600.0,2024-10-08
2024100803011729,NFS,91,32,10.0,1450.0,14500.0,2024-10-08
2024100803011728,NMLBBL,34,48,15.0,784.0,11760.0,2024-10-08
2024100801014536,ULBSL,38,77,20.0,3220.0,64400.0,2024-10-08
2024100801014535,C30MF,38,33,500.0,10.58,5290.0,2024-10-08
2024100803011727,GLBSL,58,38,10.0,1647.0,16470.0,2024-10-08
2024100803011726,MATRI,60,47,10.0,1435.0,14350.0,2024-10-08
2024100801014534,DOLTI,19,48,30.0,544.0,16320.0,2024-10-08
2024100801014533,SPC,70,42,10.0,529.9,5299.0,2024-10-08
2024100804010355,PRIN,36,39,10.0,984.0,9840.0,2024-10-08
2024100803011725,KRBL,29,57,20.0,597.9,11958.0,2024-10-08
2024100801014532,MEHL,55,57,170.0,379.6,64532.0,2024-10-08
2024100801014531,MEHL,55,46,250.0,379.5,94875.0,2024-10-08
2024100801014530,MEHL,55,57,120.0,378.9,45468.0,2024-10-08
2024100801014529,MEHL,55,45,10.0,378.0,3780.0,2024-10-08
2024100801014528,MEHL,55,10,40.0,377.0,15080.0,2024-10-08
2024100801014527,MEHL,55,58,10.0,377.0,3770.0,2024-10-08
2024100801014526,MEHL,55,21,10.0,376.9,3769.0,2024-10-08
2024100801014525,MEHL,55,16,250.0,376.5,94125.0,2024-10-08
2024100801014524,MEHL,55,70,150.0,375.0,56250.0,2024-10-08
2024100801014523,MEHL,55,49,990.0,373.0,369270.0,2024-10-08
2024100803011724,NFS,72,32,10.0,1450.0,14500.0,2024-10-08
2024100804010354,OHL,67,57,38.0,1005.0,38190.0,2024-10-08
2024100804010353,OHL,67,37,10.0,990.4,9904.0,2024-10-08
2024100804010352,OHL,67,1,92.0,987.0,90804.0,2024-10-08
2024100804010351,OHL,67,49,50.0,986.9,49345.0,2024-10-08
2024100804010350,OHL,67,34,10.0,979.2,9792.0,2024-10-08
2024100803011723,PMLI,33,50,437.0,570.0,249090.0,2024-10-08
2024100803011722,LICN,41,34,10.0,2099.0,20990.0,2024-10-08
2024100801014522,SNLI,4,57,93.0,601.0,55893.0,2024-10-08
2024100803011721,SINDU,88,5,10.0,640.0,6400.0,2024-10-08
2024100801014521,BGWT,47,49,128.0,953.7,122073.6,2024-10-08
2024100801014520,BGWT,47,43,100.0,953.7,95370.0,2024-10-08
2024100801014519,BGWT,47,49,30.0,953.0,28590.0,2024-10-08
2024100801014518,BGWT,47,58,10.0,953.0,9530.0,2024-10-08
2024100801014517,BGWT,47,68,200.0,953.0,190600.0,2024-10-08
2024100801014516,BGWT,47,45,100.0,953.0,95300.0,2024-10-08
2024100801014515,BGWT,47,45,100.0,952.0,95200.0,2024-10-08
2024100801014514,BGWT,47,61,100.0,952.0,95200.0,2024-10-08
2024100801014513,BGWT,47,61,200.0,952.0,190400.0,2024-10-08
2024100801014512,BGWT,47,48,100.0,950.0,95000.0,2024-10-08
2024100801014511,BGWT,47,55,683.0,950.0,648850.0,2024-10-08
2024100801014510,BGWT,47,57,100.0,950.0,95000.0,2024-10-08
2024100801014509,BGWT,47,17,30.0,950.0,28500.0,2024-10-08
2024100801014508,BGWT,47,57,10.0,950.0,9500.0,2024-10-08
2024100801014507,BGWT,47,57,40.0,950.0,38000.0,2024-10-08
2024100801014506,BGWT,47,35,69.0,948.0,65412.0,2024-10-08
2024100803011720,MERO,43,42,10.0,770.0,7700.0,2024-10-08
2024100803011719,MERO,43,58,10.0,765.0,7650.0,2024-10-08
2024100801014505,SMHL,14,49,20.0,589.0,11780.0,2024-10-08
2024100805009122,ENL,45,39,10.0,1149.0,11490.0,2024-10-08
2024100801014504,MBL,39,7,10.0,254.7,2547.0,2024-10-08
2024100805009121,MEL,53,66,100.0,292.5,29250.0,2024-10-08
2024100805009120,MEL,53,17,100.0,292.5,29250.0,2024-10-08
2024100801014503,CYCL,45,41,10.0,1537.9,15379.0,2024-10-08
2024100801014502,SNLI,52,38,10.0,606.0,6060.0,2024-10-08
2024100805009119,SMJC,52,52,300.0,533.1,159930.0,2024-10-08
2024100801014501,MAKAR,26,54,10.0,469.7,4697.0,2024-10-08
2024100801014500,KBSH,26,45,10.0,2088.0,20880.0,2024-10-08
2024100801014499,HBL,22,63,515.0,257.6,132664.0,2024-10-08
2024100801014498,HBL,14,63,970.0,257.7,249969.0,2024-10-08
2024100801014497,HBL,56,63,200.0,257.7,51540.0,2024-10-08
2024100801014496,HBL,58,63,280.0,259.0,72520.0,2024-10-08
2024100801014495,HBL,57,63,35.0,259.0,9065.0,2024-10-08
2024100803011718,EDBL,65,36,143.0,671.0,95953.0,2024-10-08
2024100803011717,EDBL,65,26,600.0,670.0,402000.0,2024-10-08
2024100803011716,EDBL,65,49,19.0,670.0,12730.0,2024-10-08
2024100803011715,EDBL,65,18,100.0,670.0,67000.0,2024-10-08
2024100803011714,EDBL,65,38,60.0,667.0,40020.0,2024-10-08
2024100803011713,EDBL,65,34,200.0,667.0,133400.0,2024-10-08
2024100803011712,EDBL,65,60,1000.0,666.0,666000.0,2024-10-08
2024100803011711,EDBL,65,58,350.0,665.9,233065.0,2024-10-08
2024100803011710,EDBL,65,26,300.0,665.9,199770.0,2024-10-08
2024100803011709,EDBL,65,61,100.0,665.0,66500.0,2024-10-08
2024100803011708,EDBL,65,52,16.0,665.0,10640.0,2024-10-08
2024100803011707,EDBL,65,71,100.0,664.0,66400.0,2024-10-08
2024100803011706,EDBL,65,22,90.0,663.0,59670.0,2024-10-08
2024100803011705,EDBL,65,21,88.0,660.4,58115.2,2024-10-08
2024100805009118,MBJC,38,10,90.0,337.1,30339.0,2024-10-08
2024100805009117,MBJC,49,10,10.0,337.2,3372.0,2024-10-08
2024100801014494,USHL,58,57,10.0,826.0,8260.0,2024-10-08
2024100805009116,RNLI,58,6,10.0,500.0,5000.0,2024-10-08
2024100805009115,SAHAS,40,42,10.0,469.9,4699.0,2024-10-08
2024100801014493,BGWT,32,16,10.0,921.1,9211.0,2024-10-08
2024100803011704,NLIC,16,46,10.0,838.0,8380.0,2024-10-08
2024100805009114,ILI,28,41,10.0,500.0,5000.0,2024-10-08
2024100801014492,TSHL,28,70,970.0,1028.0,997160.0,2024-10-08
2024100801014491,TSHL,28,19,10.0,937.6,9376.0,2024-10-08
2024100801014490,TSHL,28,39,10.0,933.5,9335.0,2024-10-08
2024100801014489,TSHL,28,16,10.0,930.0,9300.0,2024-10-08
2024100801014488,TSHL,28,74,60.0,923.1,55386.0,2024-10-08
2024100801014487,TSHL,28,1,10.0,918.0,9180.0,2024-10-08
2024100801014486,TSHL,28,32,10.0,918.0,9180.0,2024-10-08
2024100801014485,TSHL,28,70,10.0,917.0,9170.0,2024-10-08
2024100801014484,TSHL,28,6,10.0,915.0,9150.0,2024-10-08
2024100803011703,SFCL,37,13,400.0,621.0,248400.0,2024-10-08
2024100803011702,MDB,77,39,10.0,640.0,6400.0,2024-10-08
2024100803011701,NFS,96,51,10.0,1455.0,14550.0,2024-10-08
2024100801014483,MKCL,38,41,10.0,1419.0,14190.0,2024-10-08
2024100801014482,ULHC,34,34,10.0,393.0,3930.0,2024-10-08
2024100801014481,TSHL,64,6,10.0,915.0,9150.0,2024-10-08
2024100804010349,NGPL,64,45,400.0,430.0,172000.0,2024-10-08
2024100804010348,NGPL,64,16,100.0,430.0,43000.0,2024-10-08
2024100804010347,API,17,82,93.0,298.0,27714.0,2024-10-08
2024100804010346,API,58,82,10.0,298.0,2980.0,2024-10-08
2024100804010345,API,38,82,50.0,298.0,14900.0,2024-10-08
2024100804010344,API,42,82,167.0,298.0,49766.0,2024-10-08
2024100804010343,API,7,82,50.0,298.0,14900.0,2024-10-08
2024100804010342,API,14,82,30.0,298.0,8940.0,2024-10-08
2024100804010341,API,5,82,50.0,298.0,14900.0,2024-10-08
2024100804010340,API,50,82,50.0,298.0,14900.0,2024-10-08
2024100805009113,HRL,29,42,90.0,865.0,77850.0,2024-10-08
2024100805009112,HRL,29,22,10.0,865.0,8650.0,2024-10-08
2024100805009111,HRL,29,34,100.0,865.0,86500.0,2024-10-08
2024100805009110,NIFRA,60,49,276.0,285.0,78660.0,2024-10-08
2024100805009109,NIFRA,60,49,10.0,284.5,2845.0,2024-10-08
2024100805009108,NIFRA,60,52,190.0,284.5,54055.0,2024-10-08
2024100805009107,NIFRA,60,49,24.0,284.5,6828.0,2024-10-08
2024100801014480,GVL,74,74,10.0,544.1,5441.0,2024-10-08
2024100801014479,SRLI,33,49,10.0,447.9,4479.0,2024-10-08
2024100803011700,NLICL,33,34,100.0,615.0,61500.0,2024-10-08
2024100801014478,MKCL,56,41,10.0,1419.0,14190.0,2024-10-08
2024100801014477,MKCL,56,52,20.0,1410.0,28200.0,2024-10-08
2024100801014476,MKCL,56,38,10.0,1409.0,14090.0,2024-10-08
2024100803011699,NFS,88,51,405.0,1455.0,589275.0,2024-10-08
2024100803011698,NFS,88,6,10.0,1455.0,14550.0,2024-10-08
2024100803011697,NFS,88,80,150.0,1454.5,218175.0,2024-10-08
2024100803011696,NFS,88,44,50.0,1454.0,72700.0,2024-10-08
2024100803011695,NFS,88,6,10.0,1454.0,14540.0,2024-10-08
2024100803011694,NFS,88,49,370.0,1453.0,537610.0,2024-10-08
2024100803011693,NFS,88,34,400.0,1452.0,580800.0,2024-10-08
2024100803011692,NFS,88,20,200.0,1449.7,289940.0,2024-10-08
2024100803011691,NFS,88,29,40.0,1449.0,57960.0,2024-10-08
2024100803011690,NFS,88,21,50.0,1438.2,71910.0,2024-10-08
2024100803011689,NFS,88,21,30.0,1428.5,42855.0,2024-10-08
2024100803011688,NFS,88,1,300.0,1428.5,428550.0,2024-10-08
2024100803011687,NFS,88,1,30.0,1428.5,42855.0,2024-10-08
2024100803011686,NFS,88,6,50.0,1428.5,71425.0,2024-10-08
2024100803011685,NFS,88,44,15.0,1428.5,21427.5,2024-10-08
2024100803011684,NFS,88,46,10.0,1428.5,14285.0,2024-10-08
2024100803011683,NFS,88,36,20.0,1428.2,28564.0,2024-10-08
2024100803011682,NFS,88,35,100.0,1428.0,142800.0,2024-10-08
2024100803011681,NFS,88,41,150.0,1428.0,214200.0,2024-10-08
2024100803011680,NFS,88,3,500.0,1428.0,714000.0,2024-10-08
2024100803011679,NFS,88,14,40.0,1428.0,57120.0,2024-10-08
2024100803011678,NFS,88,57,10.0,1428.0,14280.0,2024-10-08
2024100803011677,NFS,88,69,500.0,1428.0,714000.0,2024-10-08
2024100803011676,NFS,88,11,10.0,1428.0,14280.0,2024-10-08
2024100803011675,NFS,88,74,500.0,1428.0,714000.0,2024-10-08
2024100803011674,NFS,88,34,25.0,1428.0,35700.0,2024-10-08
2024100803011673,NFS,88,74,1000.0,1428.0,1428000.0,2024-10-08
2024100803011672,NFS,88,59,10.0,1428.0,14280.0,2024-10-08
2024100803011671,NFS,88,45,20.0,1428.0,28560.0,2024-10-08
2024100803011670,NFS,88,16,1000.0,1427.8,1427800.0,2024-10-08
2024100803011669,NFS,88,16,10.0,1427.0,14270.0,2024-10-08
2024100803011668,NFS,88,52,500.0,1427.0,713500.0,2024-10-08
2024100803011667,NFS,88,72,1000.0,1427.0,1427000.0,2024-10-08
2024100803011666,NFS,88,6,25.0,1427.0,35675.0,2024-10-08
2024100803011665,NFS,88,25,300.0,1426.9,428070.0,2024-10-08
2024100803011664,NFS,88,34,20.0,1426.9,28538.0,2024-10-08
2024100803011663,NFS,88,14,400.0,1425.0,570000.0,2024-10-08
2024100803011662,NFS,88,57,180.0,1425.0,256500.0,2024-10-08
2024100803011661,NFS,88,74,1000.0,1425.0,1425000.0,2024-10-08
2024100803011660,NFS,88,74,560.0,1425.0,798000.0,2024-10-08
2024100801014475,SRLI,26,57,50.0,447.2,22360.0,2024-10-08
2024100804010339,HEI,45,6,20.0,659.0,13180.0,2024-10-08
2024100804010338,HEI,45,49,30.0,658.9,19767.0,2024-10-08
2024100801014474,BHDC,50,21,10.0,590.0,5900.0,2024-10-08
2024100801014473,BHDC,50,58,10.0,590.0,5900.0,2024-10-08
2024100801014472,BHDC,50,45,30.0,589.9,17697.0,2024-10-08
2024100805009106,HRL,58,49,100.0,864.9,86490.0,2024-10-08
2024100804010337,NHPC,10,29,200.0,222.0,44400.0,2024-10-08
2024100801014471,USHL,58,57,10.0,826.0,8260.0,2024-10-08
2024100801014470,RFPL,62,66,10.0,528.0,5280.0,2024-10-08
2024100804010336,BPCL,42,4,485.0,485.0,235225.0,2024-10-08
2024100801014469,MANDU,48,32,150.0,950.0,142500.0,2024-10-08
2024100804010335,SICL,17,36,10.0,856.5,8565.0,2024-10-08
2024100805009105,SAHAS,18,42,10.0,469.9,4699.0,2024-10-08
2024100801014468,TPC,44,48,10.0,459.0,4590.0,2024-10-08
2024100801014467,TPC,44,41,81.0,459.0,37179.0,2024-10-08
2024100801014466,TPC,44,58,100.0,458.0,45800.0,2024-10-08
2024100801014465,TPC,44,19,217.0,456.0,98952.0,2024-10-08
2024100801014464,TPC,44,19,100.0,456.0,45600.0,2024-10-08
2024100803011659,JBBL,13,43,50.0,356.0,17800.0,2024-10-08
2024100803011658,JBBL,35,43,71.0,356.0,25276.0,2024-10-08
2024100803011657,JBBL,47,43,58.0,356.5,20677.0,2024-10-08
2024100801014463,MCHL,52,21,10.0,489.0,4890.0,2024-10-08
2024100801014462,MCHL,52,57,10.0,486.0,4860.0,2024-10-08
2024100804010334,NLG,55,49,300.0,1302.0,390600.0,2024-10-08
2024100803011656,MLBL,21,1,10.0,404.0,4040.0,2024-10-08
2024100805009104,CHDC,40,1,245.0,1757.0,430465.0,2024-10-08
2024100805009103,CHDC,35,1,20.0,1757.0,35140.0,2024-10-08
2024100805009102,CHDC,11,1,20.0,1757.1,35142.0,2024-10-08
2024100805009101,CHDC,19,1,65.0,1757.1,114211.5,2024-10-08
2024100803011655,GMFIL,1,55,45.0,593.0,26685.0,2024-10-08
2024100801014461,MANDU,62,14,20.0,951.5,19030.0,2024-10-08
2024100801014460,BHL,34,82,110.0,442.0,48620.0,2024-10-08
2024100801014459,BHL,34,13,200.0,441.6,88320.0,2024-10-08
2024100801014458,BHL,34,58,75.0,441.5,33112.5,2024-10-08
2024100801014457,BHL,34,32,150.0,440.0,66000.0,2024-10-08
2024100801014456,BHL,34,58,10.0,440.0,4400.0,2024-10-08
2024100801014455,BHL,34,6,60.0,440.0,26400.0,2024-10-08
2024100801014454,BHL,34,65,30.0,438.0,13140.0,2024-10-08
2024100801014453,BHL,34,11,285.0,438.0,124830.0,2024-10-08
2024100801014452,BHL,34,58,10.0,437.4,4374.0,2024-10-08
2024100801014451,BHL,34,57,500.0,437.0,218500.0,2024-10-08
2024100801014450,BHL,34,49,10.0,435.5,4355.0,2024-10-08
2024100801014449,BHL,34,25,10.0,435.5,4355.0,2024-10-08
2024100801014448,BHL,34,42,300.0,435.0,130500.0,2024-10-08
2024100801014447,BHL,34,82,400.0,435.0,174000.0,2024-10-08
2024100801014446,BHL,34,58,100.0,435.0,43500.0,2024-10-08
2024100801014445,BHL,34,7,200.0,434.9,86980.0,2024-10-08
2024100801014444,BHL,34,54,50.0,434.0,21700.0,2024-10-08
2024100804010333,UAIL,42,11,10.0,639.2,6392.0,2024-10-08
2024100804010332,UAIL,53,11,50.0,639.3,31965.0,2024-10-08
2024100804010331,UAIL,50,11,50.0,639.4,31970.0,2024-10-08
2024100804010330,UAIL,26,11,50.0,639.5,31975.0,2024-10-08
2024100804010329,UAIL,44,11,40.0,639.5,25580.0,2024-10-08
2024100804010328,UAIL,29,11,100.0,639.6,63960.0,2024-10-08
2024100801014443,HBL,57,51,15.0,259.0,3885.0,2024-10-08
2024100805009100,SONA,49,48,290.0,476.3,138127.0,2024-10-08
2024100805009099,SONA,42,48,10.0,476.4,4764.0,2024-10-08
2024100803011654,NFS,39,41,100.0,1380.6,138060.0,2024-10-08
2024100803011653,NFS,44,41,50.0,1380.6,69030.0,2024-10-08
2024100803011652,NFS,17,41,10.0,1380.6,13806.0,2024-10-08
2024100803011651,NFS,51,41,100.0,1380.6,138060.0,2024-10-08
2024100803011650,NFS,11,41,100.0,1380.6,138060.0,2024-10-08
2024100803011649,NFS,45,41,25.0,1380.6,34515.0,2024-10-08
2024100803011648,NFS,39,41,10.0,1380.6,13806.0,2024-10-08
2024100803011647,NFS,43,41,10.0,1380.6,13806.0,2024-10-08
2024100803011646,NFS,6,41,20.0,1380.6,27612.0,2024-10-08
2024100803011645,NFS,17,41,10.0,1380.6,13806.0,2024-10-08
2024100803011644,NFS,13,41,50.0,1380.6,69030.0,2024-10-08
2024100803011643,NFS,34,41,60.0,1380.6,82836.0,2024-10-08
2024100803011642,NFS,52,41,20.0,1380.6,27612.0,2024-10-08
2024100803011641,NFS,96,41,100.0,1380.6,138060.0,2024-10-08
2024100803011640,NFS,7,41,10.0,1380.6,13806.0,2024-10-08
2024100803011639,NFS,14,41,40.0,1380.6,55224.0,2024-10-08
2024100803011638,NFS,6,41,100.0,1380.6,138060.0,2024-10-08
2024100803011637,NFS,58,41,10.0,1380.6,13806.0,2024-10-08
2024100803011636,NFS,57,41,20.0,1380.6,27612.0,2024-10-08
2024100803011635,NFS,16,41,100.0,1380.6,138060.0,2024-10-08
2024100803011634,NFS,57,41,50.0,1380.6,69030.0,2024-10-08
2024100803011633,NFS,33,41,20.0,1380.6,27612.0,2024-10-08
2024100803011632,NFS,38,41,50.0,1380.6,69030.0,2024-10-08
2024100803011631,NFS,16,41,333.0,1380.6,459739.8,2024-10-08
2024100803011630,NFS,55,41,55.0,1380.6,75933.0,2024-10-08
2024100803011629,NFS,58,41,10.0,1380.6,13806.0,2024-10-08
2024100803011628,NFS,58,41,50.0,1380.6,69030.0,2024-10-08
2024100803011627,NFS,28,41,10.0,1380.6,13806.0,2024-10-08
2024100803011626,NFS,45,41,10.0,1380.6,13806.0,2024-10-08
2024100803011625,NFS,35,41,150.0,1380.6,207090.0,2024-10-08
2024100803011624,NFS,36,41,20.0,1380.6,27612.0,2024-10-08
2024100803011623,NFS,49,41,11.0,1380.6,15186.6,2024-10-08
2024100803011622,NFS,46,41,20.0,1380.6,27612.0,2024-10-08
2024100803011621,NFS,57,41,40.0,1380.6,55224.0,2024-10-08
2024100803011620,NFS,7,41,10.0,1380.6,13806.0,2024-10-08
2024100803011619,NFS,5,41,50.0,1380.6,69030.0,2024-10-08
2024100803011618,NFS,61,41,200.0,1380.6,276120.0,2024-10-08
2024100803011617,NFS,14,41,50.0,1380.6,69030.0,2024-10-08
2024100803011616,NFS,42,41,133.0,1380.6,183619.8,2024-10-08
2024100803011615,NFS,90,41,50.0,1380.6,69030.0,2024-10-08
2024100803011614,NFS,49,41,10.0,1380.6,13806.0,2024-10-08
2024100803011613,NFS,49,41,100.0,1380.6,138060.0,2024-10-08
2024100803011612,NFS,21,41,20.0,1380.6,27612.0,2024-10-08
2024100803011611,NFS,58,41,10.0,1380.6,13806.0,2024-10-08
2024100803011610,NFS,16,41,1000.0,1380.6,1380600.0,2024-10-08
2024100803011609,NFS,45,41,123.0,1380.6,169813.8,2024-10-08
2024100803011608,NFS,34,41,10.0,1380.6,13806.0,2024-10-08
2024100803011607,NFS,17,41,50.0,1380.6,69030.0,2024-10-08
2024100803011606,NFS,37,41,50.0,1380.6,69030.0,2024-10-08
2024100803011605,NFS,33,41,20.0,1380.6,27612.0,2024-10-08
2024100803011604,NFS,1,41,10.0,1380.6,13806.0,2024-10-08
2024100803011603,NFS,17,41,50.0,1380.6,69030.0,2024-10-08
2024100803011602,NFS,41,41,100.0,1380.6,138060.0,2024-10-08
2024100803011601,NFS,6,41,20.0,1380.6,27612.0,2024-10-08
2024100803011600,NFS,13,41,10.0,1380.6,13806.0,2024-10-08
2024100803011599,NFS,21,41,50.0,1380.6,69030.0,2024-10-08
2024100803011598,NFS,57,41,10.0,1380.6,13806.0,2024-10-08
2024100803011597,NFS,52,41,100.0,1380.6,138060.0,2024-10-08
2024100803011596,NFS,69,41,500.0,1380.6,690300.0,2024-10-08
2024100803011595,NFS,8,41,200.0,1380.6,276120.0,2024-10-08
2024100803011594,NFS,43,41,100.0,1380.7,138070.0,2024-10-08
2024100803011593,NFS,34,41,10.0,1380.7,13807.0,2024-10-08
2024100803011592,NFS,57,41,100.0,1380.7,138070.0,2024-10-08
2024100803011591,NFS,6,41,20.0,1380.7,27614.0,2024-10-08
2024100803011590,NFS,6,41,20.0,1380.8,27616.0,2024-10-08
2024100803011589,NFS,22,41,1000.0,1381.0,1381000.0,2024-10-08
2024100803011588,NFS,21,41,10.0,1381.0,13810.0,2024-10-08
2024100803011587,NFS,58,41,10.0,1381.0,13810.0,2024-10-08
2024100803011586,NFS,57,41,50.0,1381.0,69050.0,2024-10-08
2024100803011585,NFS,51,41,100.0,1381.0,138100.0,2024-10-08
2024100803011584,NFS,17,41,20.0,1381.0,27620.0,2024-10-08
2024100803011583,NFS,26,41,18.0,1381.0,24858.0,2024-10-08
2024100803011582,NFS,74,41,100.0,1381.0,138100.0,2024-10-08
2024100803011581,NFS,51,41,10.0,1381.0,13810.0,2024-10-08
2024100803011580,NFS,42,41,60.0,1381.0,82860.0,2024-10-08
2024100803011579,NFS,6,41,50.0,1381.0,69050.0,2024-10-08
2024100803011578,NFS,57,41,50.0,1381.0,69050.0,2024-10-08
2024100803011577,NFS,57,41,50.0,1381.0,69050.0,2024-10-08
2024100803011576,NFS,38,41,10.0,1381.0,13810.0,2024-10-08
2024100803011575,NFS,34,41,50.0,1381.0,69050.0,2024-10-08
2024100803011574,NFS,25,41,10.0,1381.0,13810.0,2024-10-08
2024100803011573,NFS,56,41,50.0,1381.0,69050.0,2024-10-08
2024100803011572,NFS,45,41,15.0,1381.0,20715.0,2024-10-08
2024100803011571,NFS,18,41,50.0,1381.0,69050.0,2024-10-08
2024100803011570,NFS,55,41,200.0,1381.0,276200.0,2024-10-08
2024100803011569,NFS,57,41,100.0,1381.0,138100.0,2024-10-08
2024100803011568,NFS,45,41,100.0,1381.1,138110.0,2024-10-08
2024100803011567,NFS,19,41,10.0,1381.1,13811.0,2024-10-08
2024100803011566,NFS,21,41,10.0,1381.8,13818.0,2024-10-08
2024100803011565,NFS,58,41,20.0,1381.8,27636.0,2024-10-08
2024100803011564,NFS,77,41,100.0,1382.0,138200.0,2024-10-08
2024100803011563,NFS,32,41,100.0,1382.0,138200.0,2024-10-08
2024100803011562,NFS,34,41,500.0,1382.0,691000.0,2024-10-08
2024100803011561,NFS,35,41,200.0,1382.0,276400.0,2024-10-08
2024100803011560,NFS,22,41,10.0,1382.0,13820.0,2024-10-08
2024100803011559,NFS,28,41,325.0,1382.0,449150.0,2024-10-08
2024100803011558,NFS,41,41,200.0,1382.0,276400.0,2024-10-08
2024100803011557,NFS,37,41,100.0,1382.0,138200.0,2024-10-08
2024100803011556,NFS,49,41,10.0,1385.0,13850.0,2024-10-08
2024100803011555,NFS,49,41,20.0,1385.0,27700.0,2024-10-08
2024100803011554,NFS,58,41,10.0,1385.0,13850.0,2024-10-08
2024100803011553,NFS,7,41,100.0,1386.0,138600.0,2024-10-08
2024100803011552,NFS,44,41,100.0,1390.0,139000.0,2024-10-08
2024100803011551,NFS,57,41,10.0,1390.0,13900.0,2024-10-08
2024100803011550,NFS,55,41,10.0,1390.0,13900.0,2024-10-08
2024100803011549,NFS,6,41,20.0,1390.0,27800.0,2024-10-08
2024100803011548,NFS,41,41,20.0,1390.0,27800.0,2024-10-08
2024100803011547,NFS,42,41,10.0,1390.0,13900.0,2024-10-08
2024100803011546,NFS,6,41,50.0,1390.0,69500.0,2024-10-08
2024100803011545,NFS,29,41,20.0,1390.0,27800.0,2024-10-08
2024100803011544,NFS,45,41,10.0,1390.0,13900.0,2024-10-08
2024100803011543,NFS,58,41,20.0,1390.0,27800.0,2024-10-08
2024100803011542,NFS,13,41,40.0,1390.0,55600.0,2024-10-08
2024100803011541,NFS,49,41,100.0,1390.0,139000.0,2024-10-08
2024100803011540,NFS,42,41,20.0,1398.0,27960.0,2024-10-08
2024100803011539,NFS,58,41,10.0,1398.0,13980.0,2024-10-08
2024100803011538,NFS,13,41,10.0,1399.0,13990.0,2024-10-08
2024100803011537,NFS,21,41,100.0,1399.0,139900.0,2024-10-08
2024100803011536,NFS,32,41,20.0,1399.0,27980.0,2024-10-08
2024100803011535,NFS,10,41,100.0,1399.0,139900.0,2024-10-08
2024100803011534,NFS,21,41,10.0,1399.0,13990.0,2024-10-08
2024100803011533,NFS,57,41,100.0,1399.0,139900.0,2024-10-08
2024100803011532,JBBL,47,34,42.0,356.5,14973.0,2024-10-08
2024100803011531,CFCL,57,4,10.0,609.0,6090.0,2024-10-08
2024100803011530,GFCL,22,41,26.0,1065.0,27690.0,2024-10-08
2024100803011529,GFCL,22,25,90.0,1065.0,95850.0,2024-10-08
2024100804010327,MHNL,49,53,10.0,270.0,2700.0,2024-10-08
2024100803011528,SKBBL,22,21,50.0,938.0,46900.0,2024-10-08
2024100804010326,JOSHI,7,6,50.0,316.0,15800.0,2024-10-08
2024100804010325,JOSHI,7,17,160.0,315.2,50432.0,2024-10-08
2024100804010324,JOSHI,7,43,100.0,315.0,31500.0,2024-10-08
2024100804010323,JOSHI,7,49,25.0,315.0,7875.0,2024-10-08
2024100804010322,JOSHI,7,41,40.0,314.0,12560.0,2024-10-08
2024100804010321,JOSHI,7,61,100.0,314.0,31400.0,2024-10-08
2024100801014442,TAMOR,7,81,10.0,476.5,4765.0,2024-10-08
2024100805009098,SAHAS,56,58,100.0,469.0,46900.0,2024-10-08
2024100803011527,RLFL,58,59,10.0,608.0,6080.0,2024-10-08
2024100803011526,ALICL,62,42,10.0,714.0,7140.0,2024-10-08
2024100803011525,GRDBL,20,55,100.0,712.0,71200.0,2024-10-08
2024100803011524,HLI,54,80,89.0,476.2,42381.8,2024-10-08
2024100805009097,HRL,56,17,500.0,865.0,432500.0,2024-10-08
2024100805009096,HRL,56,58,400.0,865.0,346000.0,2024-10-08
2024100805009095,HRL,56,58,200.0,865.0,173000.0,2024-10-08
2024100805009094,HRL,56,48,100.0,865.0,86500.0,2024-10-08
2024100805009093,HRL,56,57,10.0,865.0,8650.0,2024-10-08
2024100805009092,HRL,56,34,386.0,865.0,333890.0,2024-10-08
2024100805009091,HRL,56,14,69.0,865.0,59685.0,2024-10-08
2024100805009090,HRL,56,28,227.0,864.9,196332.3,2024-10-08
2024100803011523,PROFL,29,42,20.0,620.0,12400.0,2024-10-08
2024100804010320,BPCL,42,25,100.0,487.9,48790.0,2024-10-08
2024100803011522,SFCL,37,45,50.0,621.0,31050.0,2024-10-08
2024100803011521,SFCL,4,45,10.0,621.0,6210.0,2024-10-08
2024100803011520,SFCL,22,45,50.0,621.0,31050.0,2024-10-08
2024100803011519,SFCL,33,45,40.0,622.0,24880.0,2024-10-08
2024100803011518,SFCL,47,45,50.0,622.0,31100.0,2024-10-08
2024100804010319,NLG,55,45,730.0,1302.0,950460.0,2024-10-08
2024100801014441,NBL,42,21,21.0,289.9,6087.9,2024-10-08
2024100801014440,GBIME,14,22,20.0,251.1,5022.0,2024-10-08
2024100801014439,PPL,86,25,100.0,467.0,46700.0,2024-10-08
2024100805009089,SMJC,1,58,10.0,537.9,5379.0,2024-10-08
2024100805009088,RNLI,62,58,11.0,499.0,5489.0,2024-10-08
2024100805009087,RNLI,62,6,12.0,498.4,5980.8,2024-10-08
2024100805009086,CMF1,5,11,5000.0,10.8,54000.0,2024-10-08
2024100803011517,SHINE,57,32,200.0,489.1,97820.0,2024-10-08
2024100805009085,MEL,42,33,100.0,290.0,29000.0,2024-10-08
2024100803011516,MDB,51,39,10.0,640.0,6400.0,2024-10-08
2024100801014438,EHPL,60,36,300.0,821.0,246300.0,2024-10-08
2024100801014437,GBIME,14,3,980.0,251.1,246078.0,2024-10-08
2024100801014436,GBIME,45,3,20.0,251.2,5024.0,2024-10-08
2024100801014435,TPC,26,19,100.0,456.0,45600.0,2024-10-08
2024100804010318,SALICO,42,63,10.0,763.0,7630.0,2024-10-08
2024100804010317,RHPL,50,58,500.0,382.0,191000.0,2024-10-08
2024100804010316,HURJA,42,52,10.0,222.6,2226.0,2024-10-08
2024100804010315,CHCL,14,65,10.0,579.0,5790.0,2024-10-08
2024100804010314,SPDL,22,52,501.0,303.1,151853.1,2024-10-08
2024100804010313,BPCL,42,49,50.0,485.0,24250.0,2024-10-08
2024100803011515,JBBL,35,36,69.0,356.0,24564.0,2024-10-08
2024100804010312,NHPC,40,29,186.0,222.0,41292.0,2024-10-08
2024100804010311,NHPC,40,38,14.0,222.0,3108.0,2024-10-08
2024100803011514,EDBL,98,21,302.0,657.3,198504.6,2024-10-08
2024100805009084,NRM,41,13,30.0,441.0,13230.0,2024-10-08
2024100803011513,MLBBL,53,46,26.0,1568.5,40781.0,2024-10-08
2024100801014434,MKHL,19,42,50.0,490.0,24500.0,2024-10-08
2024100801014433,MKJC,34,49,75.0,479.0,35925.0,2024-10-08
2024100801014432,MKJC,34,49,10.0,478.0,4780.0,2024-10-08
2024100801014431,MKJC,34,64,105.0,475.0,49875.0,2024-10-08
2024100801014430,MKJC,34,49,20.0,475.0,9500.0,2024-10-08
2024100801014429,MKJC,34,7,100.0,475.0,47500.0,2024-10-08
2024100801014428,MKJC,34,46,50.0,474.0,23700.0,2024-10-08
2024100801014427,MKJC,34,7,50.0,474.0,23700.0,2024-10-08
2024100801014426,MKJC,34,38,120.0,473.0,56760.0,2024-10-08
2024100801014425,MKJC,34,34,290.0,473.0,137170.0,2024-10-08
2024100801014424,PRVU,58,34,500.0,248.9,124450.0,2024-10-08
2024100801014423,CITY,58,34,22.0,860.0,18920.0,2024-10-08
2024100805009083,HATHY,32,55,140.0,1427.0,199780.0,2024-10-08
2024100801014422,RHGCL,32,22,445.0,386.4,171948.0,2024-10-08
2024100801014421,RHGCL,32,22,600.0,386.0,231600.0,2024-10-08
2024100801014420,RHGCL,32,62,50.0,386.0,19300.0,2024-10-08
2024100801014419,RHGCL,32,57,200.0,385.9,77180.0,2024-10-08
2024100801014418,RHGCL,32,16,106.0,385.0,40810.0,2024-10-08
2024100801014417,RHGCL,32,62,29.0,385.0,11165.0,2024-10-08
2024100801014416,RHGCL,32,57,100.0,384.9,38490.0,2024-10-08
2024100801014415,RHGCL,32,41,470.0,384.8,180856.0,2024-10-08
2024100805009082,HIDCL,8,41,350.0,274.0,95900.0,2024-10-08
2024100805009081,HIDCL,58,41,150.0,274.0,41100.0,2024-10-08
2024100805009080,SMATA,41,41,10.0,879.0,8790.0,2024-10-08
2024100801014414,MHL,57,34,10.0,717.0,7170.0,2024-10-08
2024100803011512,MLBL,42,59,10.0,405.0,4050.0,2024-10-08
2024100803011511,MLBL,42,54,25.0,404.0,10100.0,2024-10-08
2024100803011510,SKBBL,22,50,42.0,938.0,39396.0,2024-10-08
2024100804010310,AKPL,14,42,850.0,249.0,211650.0,2024-10-08
2024100804010309,AKPL,40,42,150.0,249.1,37365.0,2024-10-08
2024100803011509,GFCL,61,25,10.0,1065.0,10650.0,2024-10-08
2024100804010308,SHEL,49,49,100.0,242.0,24200.0,2024-10-08
2024100804010307,SHPC,45,13,130.0,545.2,70876.0,2024-10-08
2024100804010306,SHPC,5,13,750.0,545.6,409200.0,2024-10-08
2024100804010305,MEN,62,39,10.0,649.0,6490.0,2024-10-08
2024100801014413,NIMBPO,34,58,10.0,172.9,1729.0,2024-10-08
2024100801014412,SBI,38,38,85.0,461.5,39227.5,2024-10-08
2024100801014411,SBI,57,38,442.0,461.5,203983.0,2024-10-08
2024100801014410,ULHC,38,34,10.0,393.0,3930.0,2024-10-08
2024100803011508,SLBBL,29,17,40.0,991.0,39640.0,2024-10-08
2024100801014409,ULBSL,60,33,10.0,3218.0,32180.0,2024-10-08
2024100801014408,ULBSL,60,22,16.0,3141.6,50265.6,2024-10-08
2024100801014407,MHL,49,66,30.0,704.0,21120.0,2024-10-08
2024100801014406,MHL,4,66,10.0,704.1,7041.0,2024-10-08
2024100801014405,MHL,4,66,10.0,704.2,7042.0,2024-10-08
2024100801014404,PCBL,66,6,10.0,294.9,2949.0,2024-10-08
2024100803011507,GMFIL,11,55,21.0,593.0,12453.0,2024-10-08
2024100805009079,CIT,67,28,110.0,2236.9,246059.0,2024-10-08
2024100805009078,SAHAS,17,42,15.0,469.9,7048.5,2024-10-08
2024100804010304,SHPC,101,34,500.0,546.0,273000.0,2024-10-08
2024100801014403,KDL,35,75,11.0,1060.0,11660.0,2024-10-08
2024100801014402,KDL,39,75,50.0,1063.0,53150.0,2024-10-08
2024100801014401,KDL,18,75,100.0,1063.0,106300.0,2024-10-08
2024100801014400,KDL,16,75,20.0,1064.0,21280.0,2024-10-08
2024100801014399,KDL,41,75,10.0,1065.0,10650.0,2024-10-08
2024100805009077,HRL,42,28,773.0,864.9,668567.7,2024-10-08
2024100805009076,HRL,42,45,117.0,864.9,101193.3,2024-10-08
2024100805009075,HRL,42,98,100.0,864.8,86480.0,2024-10-08
2024100804010303,NLG,55,61,1000.0,1302.0,1302000.0,2024-10-08
2024100801014398,ANLB,53,49,50.0,4515.0,225750.0,2024-10-08
2024100801014397,SARBTM,49,35,200.0,778.0,155600.0,2024-10-08
2024100804010302,NLG,55,35,80.0,1302.0,104160.0,2024-10-08
2024100804010301,SJCL,38,58,100.0,328.0,32800.0,2024-10-08
2024100803011506,SHINE,48,38,150.0,490.0,73500.0,2024-10-08
2024100803011505,SINDU,38,5,300.0,640.0,192000.0,2024-10-08
2024100805009074,CHDC,66,21,10.0,1770.0,17700.0,2024-10-08
2024100803011504,SINDU,88,5,100.0,640.0,64000.0,2024-10-08
2024100801014396,TAMOR,47,81,125.0,476.5,59562.5,2024-10-08
2024100804010300,RIDI,6,14,10.0,239.5,2395.0,2024-10-08
2024100805009073,NMB50,34,14,800.0,10.25,8200.0,2024-10-08
2024100805009072,NRN,21,57,65.0,935.0,60775.0,2024-10-08
2024100805009071,NRN,42,57,35.0,935.0,32725.0,2024-10-08
2024100803011503,GBBL,53,52,10.0,457.9,4579.0,2024-10-08
2024100803011502,FMDBL,42,45,20.0,782.0,15640.0,2024-10-08
2024100804010299,DHPL,42,22,11.0,250.0,2750.0,2024-10-08
2024100803011501,JFL,7,43,10.0,620.9,6209.0,2024-10-08
2024100803011500,MNBBL,17,62,34.0,396.0,13464.0,2024-10-08
2024100803011499,MNBBL,14,62,113.0,397.0,44861.0,2024-10-08
2024100801014395,TSHL,34,19,100.0,905.0,90500.0,2024-10-08
2024100801014394,TSHL,34,38,60.0,904.0,54240.0,2024-10-08
2024100803011498,CFCL,58,58,117.0,602.0,70434.0,2024-10-08
2024100803011497,CFCL,42,58,10.0,602.0,6020.0,2024-10-08
2024100803011496,CFCL,46,58,10.0,602.0,6020.0,2024-10-08
2024100803011495,CFCL,58,58,100.0,602.1,60210.0,2024-10-08
2024100803011494,CFCL,88,58,50.0,602.2,30110.0,2024-10-08
2024100803011493,CFCL,62,58,68.0,604.0,41072.0,2024-10-08
2024100803011492,CFCL,22,58,40.0,604.1,24164.0,2024-10-08
2024100803011491,CFCL,51,58,50.0,605.0,30250.0,2024-10-08
2024100803011490,CFCL,44,58,55.0,605.1,33280.5,2024-10-08
2024100804010298,PPCL,11,55,47.0,258.3,12140.1,2024-10-08
2024100804010297,PPCL,34,55,80.0,259.0,20720.0,2024-10-08
2024100804010296,PPCL,25,55,300.0,259.0,77700.0,2024-10-08
2024100804010295,PPCL,45,55,473.0,260.0,122980.0,2024-10-08
2024100804010294,PPCL,26,55,100.0,260.1,26010.0,2024-10-08
2024100804010293,HDHPC,59,54,44.0,212.7,9358.8,2024-10-08
2024100803011489,GBBL,36,37,655.0,456.0,298680.0,2024-10-08
2024100803011488,GBBL,65,37,150.0,456.1,68415.0,2024-10-08
2024100803011487,GBBL,53,37,150.0,456.5,68475.0,2024-10-08
2024100805009070,HRL,53,6,100.0,864.0,86400.0,2024-10-08
2024100801014393,AHL,57,13,10.0,659.0,6590.0,2024-10-08
2024100804010292,MEN,39,39,10.0,649.0,6490.0,2024-10-08
2024100804010291,UAIL,32,26,32.0,640.0,20480.0,2024-10-08
2024100805009069,SAHAS,56,45,10.0,469.0,4690.0,2024-10-08
2024100804010290,GLH,42,45,40.0,250.0,10000.0,2024-10-08
2024100801014392,HIDCLP,49,17,200.0,174.3,34860.0,2024-10-08
2024100803011486,PFL,35,58,10.0,624.0,6240.0,2024-10-08
2024100803011485,PFL,35,44,50.0,621.0,31050.0,2024-10-08
2024100804010289,BPCL,42,1,150.0,485.0,72750.0,2024-10-08
2024100801014391,SGHC,49,34,30.0,384.0,11520.0,2024-10-08
2024100801014390,SGHC,59,34,65.0,385.0,25025.0,2024-10-08
2024100801014389,ULHC,34,34,10.0,393.0,3930.0,2024-10-08
2024100801014388,TSHL,17,64,10.0,901.1,9011.0,2024-10-08
2024100803011484,NLIC,34,46,10.0,838.0,8380.0,2024-10-08
2024100803011483,JFL,58,99,300.0,620.8,186240.0,2024-10-08
2024100804010288,UPCL,52,57,320.0,266.5,85280.0,2024-10-08
2024100805009068,RNLI,49,57,11.0,498.1,5479.1,2024-10-08
2024100805009067,CHDC,39,87,97.0,1759.0,170623.0,2024-10-08
2024100805009066,CHDC,39,66,123.0,1759.0,216357.0,2024-10-08
2024100801014387,MKHL,42,42,25.0,490.0,12250.0,2024-10-08
2024100801014386,HIDCLP,42,17,50.0,174.3,8715.0,2024-10-08
2024100804010287,UPCL,34,47,500.0,266.6,133300.0,2024-10-08
2024100805009065,NRN,42,58,21.0,935.0,19635.0,2024-10-08
2024100805009064,NRN,48,58,50.0,938.0,46900.0,2024-10-08
2024100804010286,GHL,58,67,140.0,216.0,30240.0,2024-10-08
2024100801014385,GVL,74,43,180.0,544.1,97938.0,2024-10-08
2024100801014384,GVL,40,43,20.0,544.2,10884.0,2024-10-08
2024100801014383,GVL,52,43,10.0,544.2,5442.0,2024-10-08
2024100801014382,GVL,58,43,40.0,545.0,21800.0,2024-10-08
2024100805009063,SHIVM,36,63,242.0,593.5,143627.0,2024-10-08
2024100805009062,SHIVM,38,63,58.0,594.0,34452.0,2024-10-08
2024100804010285,HDHPC,59,22,156.0,212.7,33181.2,2024-10-08
2024100805009061,NIFRA,53,45,325.0,283.9,92267.5,2024-10-08
2024100801014381,DOLTI,22,48,20.0,544.0,10880.0,2024-10-08
2024100801014380,DOLTI,41,48,300.0,544.0,163200.0,2024-10-08
2024100804010284,SHPC,42,34,200.0,546.0,109200.0,2024-10-08
2024100804010283,CGH,33,49,140.0,950.2,133028.0,2024-10-08
2024100803011482,JBBL,49,36,100.0,356.0,35600.0,2024-10-08
2024100804010282,HDHPC,45,67,460.0,212.3,97658.0,2024-10-08
2024100804010281,HDHPC,41,67,40.0,212.4,8496.0,2024-10-08
2024100803011481,KSBBL,33,42,10.0,462.9,4629.0,2024-10-08
2024100803011480,CBBL,44,57,30.0,994.8,29844.0,2024-10-08
2024100803011479,MNBBL,14,35,321.0,397.0,127437.0,2024-10-08
2024100803011478,MNBBL,14,62,66.0,397.0,26202.0,2024-10-08
2024100803011477,CBBL,47,57,59.0,994.8,58693.2,2024-10-08
2024100805009060,NIFRA,53,22,10.0,283.9,2839.0,2024-10-08
2024100804010280,HEI,45,5,23.0,658.9,15154.7,2024-10-08
2024100804010279,BPCL,45,13,500.0,488.0,244000.0,2024-10-08
2024100804010278,SHPC,45,34,1000.0,546.0,546000.0,2024-10-08
2024100803011476,SWMF,42,49,10.0,861.0,8610.0,2024-10-08
2024100804010277,HDHPC,49,22,470.0,212.7,99969.0,2024-10-08
2024100805009059,HDL,57,7,19.0,1340.1,25461.9,2024-10-08
2024100804010276,NLG,55,29,10000.0,1302.0,13020000.0,2024-10-08
2024100804010275,UMHL,45,33,288.0,308.0,88704.0,2024-10-08
2024100804010274,UMHL,46,33,15.0,308.5,4627.5,2024-10-08
2024100804010273,GHL,59,67,15.0,216.0,3240.0,2024-10-08
2024100803011475,HLI,59,80,100.0,477.0,47700.0,2024-10-08
2024100804010272,DHPL,42,45,10.0,249.9,2499.0,2024-10-08
2024100801014379,JBLB,45,47,20.0,1549.0,30980.0,2024-10-08
2024100804010271,BPCL,42,13,50.0,485.0,24250.0,2024-10-08
2024100804010270,BPCL,42,39,100.0,485.0,48500.0,2024-10-08
2024100804010269,BPCL,42,41,1000.0,480.0,480000.0,2024-10-08
2024100804010268,BPCL,42,48,165.0,480.0,79200.0,2024-10-08
2024100805009058,VLUCL,35,41,10.0,587.9,5879.0,2024-10-08
2024100801014378,MEHL,49,49,10.0,373.0,3730.0,2024-10-08
2024100804010267,NLG,55,1,200.0,1302.0,260400.0,2024-10-08
2024100804010266,CHCL,19,59,177.0,580.0,102660.0,2024-10-08
2024100804010265,CHCL,19,57,23.0,580.0,13340.0,2024-10-08
2024100801014377,KBL,42,38,376.0,226.1,85013.6,2024-10-08
2024100801014376,KBL,57,38,54.0,226.2,12214.8,2024-10-08
2024100801014375,KBL,49,38,10.0,226.2,2262.0,2024-10-08
2024100803011474,NLIC,52,67,276.0,832.9,229880.4,2024-10-08
2024100803011473,NLIC,6,67,10.0,833.0,8330.0,2024-10-08
2024100803011472,NLIC,45,67,50.0,833.0,41650.0,2024-10-08
2024100803011471,NLIC,44,67,10.0,833.0,8330.0,2024-10-08
2024100803011470,NLIC,1,67,200.0,833.0,166600.0,2024-10-08
2024100803011469,NLIC,58,67,12.0,833.0,9996.0,2024-10-08
2024100803011468,NLIC,51,67,500.0,833.1,416550.0,2024-10-08
2024100803011467,NLIC,22,67,105.0,833.2,87486.0,2024-10-08
2024100803011466,NLIC,42,67,100.0,833.3,83330.0,2024-10-08
2024100803011465,NLIC,1,67,50.0,833.3,41665.0,2024-10-08
2024100803011464,NLIC,11,67,50.0,834.0,41700.0,2024-10-08
2024100803011463,NLIC,21,67,350.0,834.0,291900.0,2024-10-08
2024100801014374,HIDCLP,41,17,100.0,174.3,17430.0,2024-10-08
2024100805009057,CHDC,39,59,92.0,1757.2,161662.4,2024-10-08
2024100805009056,CHDC,50,59,20.0,1757.2,35144.0,2024-10-08
2024100803011462,JFL,36,57,200.0,619.5,123900.0,2024-10-08
2024100801014373,SNLI,4,22,12.0,601.0,7212.0,2024-10-08
2024100801014372,NWCL,45,26,10.0,1020.0,10200.0,2024-10-08
2024100805009055,HRL,57,45,10.0,864.0,8640.0,2024-10-08
2024100805009054,HRL,4,45,10.0,864.0,8640.0,2024-10-08
2024100805009053,HRL,39,45,30.0,864.0,25920.0,2024-10-08
2024100804010264,BPCL,42,48,35.0,480.0,16800.0,2024-10-08
2024100804010263,AHPC,13,94,500.0,274.9,137450.0,2024-10-08
2024100801014371,DOLTI,96,26,140.0,555.0,77700.0,2024-10-08
2024100801014370,DOLTI,96,70,130.0,555.0,72150.0,2024-10-08
2024100801014369,DOLTI,96,74,300.0,554.9,166470.0,2024-10-08
2024100801014368,DOLTI,96,51,150.0,554.0,83100.0,2024-10-08
2024100801014367,DOLTI,96,46,50.0,550.8,27540.0,2024-10-08
2024100801014366,DOLTI,96,58,100.0,550.0,55000.0,2024-10-08
2024100801014365,DOLTI,96,26,30.0,550.0,16500.0,2024-10-08
2024100801014364,DOLTI,96,3,100.0,545.8,54580.0,2024-10-08
2024100804010262,DHPL,19,22,80.0,250.0,20000.0,2024-10-08
2024100803011461,NABBC,64,42,10.0,633.0,6330.0,2024-10-08
2024100801014363,EHPL,60,34,350.0,821.0,287350.0,2024-10-08
2024100803011460,PFL,1,34,18.0,620.0,11160.0,2024-10-08
2024100803011459,PFL,49,34,10.0,620.0,6200.0,2024-10-08
2024100803011458,PFL,58,34,52.0,620.0,32240.0,2024-10-08
2024100803011457,PFL,13,34,20.0,620.0,12400.0,2024-10-08
2024100803011456,NABBC,64,4,10.0,632.0,6320.0,2024-10-08
2024100803011455,NFS,49,66,22.0,1399.5,30789.0,2024-10-08
2024100803011454,NFS,58,66,65.0,1399.9,90993.5,2024-10-08
2024100803011453,NFS,34,66,81.0,1399.9,113391.9,2024-10-08
2024100803011452,NFS,54,66,15.0,1400.0,21000.0,2024-10-08
2024100803011451,NFS,58,66,17.0,1400.0,23800.0,2024-10-08
2024100803011450,ACLBSL,11,42,15.0,1039.7,15595.5,2024-10-08
2024100801014362,MEHL,6,32,140.0,368.5,51590.0,2024-10-08
2024100801014361,MEHL,95,32,200.0,369.0,73800.0,2024-10-08
2024100801014360,MEHL,66,32,500.0,369.0,184500.0,2024-10-08
2024100801014359,MEHL,42,32,100.0,369.0,36900.0,2024-10-08
2024100801014358,MEHL,39,32,500.0,369.1,184550.0,2024-10-08
2024100801014357,MEHL,25,32,50.0,370.0,18500.0,2024-10-08
2024100801014356,MEHL,22,32,10.0,370.0,3700.0,2024-10-08
2024100804010261,NGPL,6,49,40.0,430.0,17200.0,2024-10-08
2024100804010260,NGPL,6,47,460.0,430.0,197800.0,2024-10-08
2024100804010259,PPCL,14,34,10.0,263.0,2630.0,2024-10-08
2024100804010258,PPCL,14,34,55.0,262.0,14410.0,2024-10-08
2024100804010257,NLG,55,39,440.0,1302.0,572880.0,2024-10-08
2024100803011449,NLIC,13,59,20.0,834.1,16682.0,2024-10-08
2024100801014355,MANDU,48,13,350.0,949.0,332150.0,2024-10-08
2024100803011448,PMLI,42,3,10.0,567.0,5670.0,2024-10-08
2024100804010256,NHPC,28,38,45.0,222.0,9990.0,2024-10-08
2024100801014354,MANDU,58,13,50.0,949.0,47450.0,2024-10-08
2024100801014353,MANDU,58,13,50.0,949.2,47460.0,2024-10-08
2024100801014352,MANDU,34,13,50.0,949.9,47495.0,2024-10-08
2024100803011447,ALICL,34,42,100.0,714.0,71400.0,2024-10-08
2024100801014351,GBIME,38,22,35.0,251.5,8802.5,2024-10-08
2024100801014350,GBIME,38,58,20.0,251.4,5028.0,2024-10-08
2024100801014349,SBL,66,55,10.0,344.0,3440.0,2024-10-08
2024100803011446,FMDBL,77,66,10.0,782.0,7820.0,2024-10-08
2024100803011445,USLB,55,66,50.0,1505.0,75250.0,2024-10-08
2024100804010255,AKPL,32,26,50.0,249.7,12485.0,2024-10-08
2024100803011444,GFCL,17,63,100.0,1063.0,106300.0,2024-10-08
2024100803011443,MFIL,29,39,100.0,724.0,72400.0,2024-10-08
2024100803011442,RLFL,1,59,50.0,608.0,30400.0,2024-10-08
2024100803011441,RLFL,49,59,2000.0,608.0,1216000.0,2024-10-08
2024100803011440,RLFL,49,59,16.0,608.0,9728.0,2024-10-08
2024100803011439,RLFL,52,59,35.0,608.9,21311.5,2024-10-08
2024100803011438,RLFL,39,59,100.0,609.0,60900.0,2024-10-08
2024100804010254,RHPL,40,28,50.0,381.1,19055.0,2024-10-08
2024100804010253,SHEL,45,49,80.0,242.0,19360.0,2024-10-08
2024100803011437,BFC,29,51,10.0,611.0,6110.0,2024-10-08
2024100801014348,SIKLES,36,80,100.0,689.5,68950.0,2024-10-08
2024100801014347,TSHL,58,38,30.0,904.0,27120.0,2024-10-08
2024100801014346,EBL,44,57,200.0,613.5,122700.0,2024-10-08
2024100801014345,SRLI,41,49,700.0,447.9,313530.0,2024-10-08
2024100804010252,SPDL,44,52,1500.0,303.1,454650.0,2024-10-08
2024100804010251,SPDL,44,52,1500.0,303.1,454650.0,2024-10-08
2024100804010250,SPDL,44,52,829.0,303.1,251269.9,2024-10-08
2024100803011436,HLBSL,58,50,100.0,898.0,89800.0,2024-10-08
2024100804010249,NHPC,25,57,150.0,221.6,33240.0,2024-10-08
2024100804010248,NHPC,53,57,500.0,221.6,110800.0,2024-10-08
2024100804010247,NLG,55,57,370.0,1302.0,481740.0,2024-10-08
2024100804010246,SHEL,45,57,200.0,242.0,48400.0,2024-10-08
2024100804010245,RURU,57,38,400.0,844.9,337960.0,2024-10-08
2024100804010244,NLG,42,49,10.0,1303.0,13030.0,2024-10-08
2024100801014344,RHGCL,1,41,10.0,384.8,3848.0,2024-10-08
2024100803011435,SADBL,29,54,10.0,430.9,4309.0,2024-10-08
2024100803011434,BFC,49,32,260.0,601.0,156260.0,2024-10-08
2024100803011433,BFC,74,32,1000.0,601.0,601000.0,2024-10-08
2024100803011432,BFC,49,32,30.0,602.0,18060.0,2024-10-08
2024100803011431,BFC,32,32,20.0,602.0,12040.0,2024-10-08
2024100803011430,BFC,39,32,200.0,602.0,120400.0,2024-10-08
2024100803011429,BFC,14,32,50.0,602.0,30100.0,2024-10-08
2024100803011428,BFC,71,32,200.0,602.0,120400.0,2024-10-08
2024100803011427,BFC,17,32,300.0,603.0,180900.0,2024-10-08
2024100803011426,BFC,34,32,200.0,603.8,120760.0,2024-10-08
2024100803011425,BFC,7,32,240.0,605.0,145200.0,2024-10-08
2024100803011424,FMDBL,77,17,40.0,782.0,31280.0,2024-10-08
2024100801014343,EHPL,58,45,10.0,825.0,8250.0,2024-10-08
2024100801014342,PRVU,14,56,59.0,248.2,14643.8,2024-10-08
2024100801014341,C30MF,50,43,1000.0,10.47,10470.0,2024-10-08
2024100801014340,C30MF,58,43,1000.0,10.52,10520.0,2024-10-08
2024100801014339,C30MF,58,43,2500.0,10.56,26400.0,2024-10-08
2024100805009052,NTC,25,57,100.0,990.0,99000.0,2024-10-08
2024100803011423,SKBBL,22,50,12.0,938.0,11256.0,2024-10-08
2024100804010243,RHPL,22,28,100.0,381.1,38110.0,2024-10-08
2024100803011422,JBBL,49,36,10.0,356.0,3560.0,2024-10-08
2024100804010242,SSHL,48,7,50.0,216.3,10815.0,2024-10-08
2024100801014338,SRLI,42,49,200.0,447.9,89580.0,2024-10-08
2024100801014337,SRLI,52,49,15.0,448.0,6720.0,2024-10-08
2024100804010241,NIL,7,55,73.0,920.0,67160.0,2024-10-08
2024100804010240,NIL,86,55,100.0,921.1,92110.0,2024-10-08
2024100804010239,NIL,38,55,100.0,921.2,92120.0,2024-10-08
2024100804010238,NIL,11,55,100.0,921.2,92120.0,2024-10-08
2024100804010237,NIL,6,55,10.0,922.0,9220.0,2024-10-08
2024100804010236,NIL,18,55,200.0,922.0,184400.0,2024-10-08
2024100804010235,NIL,50,55,303.0,922.0,279366.0,2024-10-08
2024100804010234,NIL,49,55,50.0,922.0,46100.0,2024-10-08
2024100804010233,NIL,11,55,514.0,924.0,474936.0,2024-10-08
2024100805009051,NRN,42,58,175.0,935.0,163625.0,2024-10-08
2024100805009050,NRN,26,58,100.0,935.1,93510.0,2024-10-08
2024100805009049,NRN,48,58,100.0,935.1,93510.0,2024-10-08
2024100805009048,NRN,77,58,100.0,936.0,93600.0,2024-10-08
2024100805009047,NRN,22,58,500.0,936.0,468000.0,2024-10-08
2024100805009046,NRN,41,58,25.0,936.0,23400.0,2024-10-08
2024100803011421,SKBBL,21,50,327.0,938.0,306726.0,2024-10-08
2024100803011420,HLI,54,22,190.0,476.2,90478.0,2024-10-08
2024100804010232,BPCL,42,59,975.0,480.0,468000.0,2024-10-08
2024100805009045,CLI,19,16,200.0,642.0,128400.0,2024-10-08
2024100803011419,FMDBL,77,42,50.0,782.0,39100.0,2024-10-08
2024100804010231,UPCL,28,47,300.0,266.6,79980.0,2024-10-08
2024100803011418,JBBL,58,36,31.0,356.0,11036.0,2024-10-08
2024100803011417,JBBL,49,36,10.0,356.1,3561.0,2024-10-08
2024100803011416,JBBL,58,36,80.0,356.1,28488.0,2024-10-08
2024100803011415,PROFL,29,43,10.0,620.0,6200.0,2024-10-08
2024100803011414,PROFL,29,41,50.0,620.0,31000.0,2024-10-08
2024100803011413,PROFL,29,5,20.0,620.0,12400.0,2024-10-08
2024100803011412,PROFL,29,45,215.0,620.0,133300.0,2024-10-08
2024100805009044,SHIVM,38,1,122.0,594.0,72468.0,2024-10-08
2024100801014336,MKJC,34,34,10.0,473.0,4730.0,2024-10-08
2024100801014335,MKJC,34,14,200.0,472.0,94400.0,2024-10-08
2024100801014334,MKJC,34,37,100.0,470.0,47000.0,2024-10-08
2024100805009043,HATHY,32,6,28.0,1427.0,39956.0,2024-10-08
2024100803011411,SIFC,75,18,30.0,611.0,18330.0,2024-10-08
2024100805009042,VLUCL,18,42,10.0,584.0,5840.0,2024-10-08
2024100804010230,BPCL,42,17,50.0,480.0,24000.0,2024-10-08
2024100805009041,MEL,42,6,450.0,290.0,130500.0,2024-10-08
2024100805009040,MEL,32,6,50.0,291.0,14550.0,2024-10-08
2024100804010229,NLG,55,75,491.0,1302.0,639282.0,2024-10-08
2024100804010228,NLG,55,75,1009.0,1302.0,1313718.0,2024-10-08
2024100801014333,HHL,91,65,200.0,429.0,85800.0,2024-10-08
2024100805009039,HRL,39,50,220.0,864.0,190080.0,2024-10-08
2024100805009038,HRL,42,50,180.0,864.0,155520.0,2024-10-08
2024100805009037,HRL,39,50,100.0,864.1,86410.0,2024-10-08
2024100804010227,GHL,58,67,100.0,216.0,21600.0,2024-10-08
2024100804010226,UPPER,44,22,1000.0,217.0,217000.0,2024-10-08
2024100805009036,NRM,41,22,51.0,441.0,22491.0,2024-10-08
2024100805009035,NRM,29,22,100.0,441.0,44100.0,2024-10-08
2024100803011410,BFC,19,45,40.0,609.0,24360.0,2024-10-08
2024100805009034,NMB50,34,21,20500.0,10.25,210125.0,2024-10-08
2024100805009033,SHIVM,7,1,50.0,594.0,29700.0,2024-10-08
2024100805009032,SHIVM,59,1,20.0,594.0,11880.0,2024-10-08
2024100805009031,SHIVM,45,1,100.0,594.0,59400.0,2024-10-08
2024100805009030,SHIVM,56,1,38.0,594.0,22572.0,2024-10-08
2024100801014332,RFPL,77,66,230.0,520.3,119669.0,2024-10-08
2024100801014331,RFPL,62,66,200.0,520.5,104100.0,2024-10-08
2024100801014330,RFPL,34,66,70.0,520.6,36442.0,2024-10-08
2024100804010225,NIL,11,47,19.0,922.5,17527.5,2024-10-08
2024100805009029,SHIVM,11,35,75.0,594.5,44587.5,2024-10-08
2024100805009028,SHIVM,11,13,25.0,594.1,14852.5,2024-10-08
2024100804010224,NHPC,38,38,20.0,222.0,4440.0,2024-10-08
2024100801014329,RHGCL,42,38,300.0,380.0,114000.0,2024-10-08
2024100803011409,PMLI,33,50,203.0,570.0,115710.0,2024-10-08
2024100803011408,PMLI,33,39,1000.0,569.9,569900.0,2024-10-08
2024100803011407,PMLI,33,32,10.0,569.9,5699.0,2024-10-08
2024100803011406,PMLI,33,41,10.0,569.8,5698.0,2024-10-08
2024100803011405,PMLI,33,75,10.0,569.8,5698.0,2024-10-08
2024100803011404,PMLI,33,13,47.0,568.0,26696.0,2024-10-08
2024100803011403,PMLI,33,55,10.0,567.0,5670.0,2024-10-08
2024100801014328,SGHC,59,5,535.0,385.0,205975.0,2024-10-08
2024100801014327,SGHC,26,5,75.0,385.1,28882.5,2024-10-08
2024100803011402,ICFC,43,14,100.0,728.0,72800.0,2024-10-08
2024100803011401,MPFL,86,58,210.0,697.1,146391.0,2024-10-08
2024100801014326,KBL,42,57,180.0,226.1,40698.0,2024-10-08
2024100801014325,KBL,57,57,20.0,226.2,4524.0,2024-10-08
2024100801014324,KBL,38,57,50.0,226.2,11310.0,2024-10-08
2024100801014323,KBL,40,39,120.0,226.8,27216.0,2024-10-08
2024100803011400,GMFBS,38,21,20.0,1555.0,31100.0,2024-10-08
2024100803011399,GMFBS,52,21,10.0,1555.0,15550.0,2024-10-08
2024100804010223,UAIL,32,49,49.0,640.0,31360.0,2024-10-08
2024100804010222,UAIL,41,49,10.0,640.0,6400.0,2024-10-08
2024100804010221,UAIL,17,49,50.0,640.0,32000.0,2024-10-08
2024100804010220,UAIL,49,49,100.0,640.1,64010.0,2024-10-08
2024100804010219,UAIL,21,49,100.0,640.2,64020.0,2024-10-08
2024100804010218,UAIL,6,49,10.0,640.3,6403.0,2024-10-08
2024100801014322,C30MF,46,33,2000.0,10.58,21160.0,2024-10-08
2024100801014321,DLBS,38,39,10.0,1399.0,13990.0,2024-10-08
2024100801014320,CYCL,8,38,15.0,1525.0,22875.0,2024-10-08
2024100801014319,NBL,34,66,324.0,290.0,93960.0,2024-10-08
2024100801014318,NBL,34,49,100.0,290.0,29000.0,2024-10-08
2024100801014317,NBL,34,16,294.0,290.0,85260.0,2024-10-08
2024100801014316,NBL,34,49,100.0,290.0,29000.0,2024-10-08
2024100801014315,NBL,34,22,127.0,290.0,36830.0,2024-10-08
2024100801014314,NBL,34,59,4007.0,290.0,1162030.0,2024-10-08
2024100801014313,NBL,34,58,112.0,290.0,32480.0,2024-10-08
2024100801014312,NBL,34,13,36.0,290.0,10440.0,2024-10-08
2024100801014311,NBL,34,4,350.0,289.9,101465.0,2024-10-08
2024100801014310,NBL,34,59,50.0,289.9,14495.0,2024-10-08
2024100801014309,NBL,34,16,500.0,289.8,144900.0,2024-10-08
2024100803011398,USLB,55,57,50.0,1500.0,75000.0,2024-10-08
2024100805009027,HDL,57,18,50.0,1340.1,67005.0,2024-10-08
2024100804010217,UPCL,26,47,100.0,266.6,26660.0,2024-10-08
2024100804010216,UPCL,50,47,800.0,266.6,213280.0,2024-10-08
2024100804010215,UPCL,57,47,165.0,266.7,44005.5,2024-10-08
2024100801014308,TVCL,44,1,20.0,464.9,9298.0,2024-10-08
2024100801014307,GBIME,44,43,691.0,251.0,173441.0,2024-10-08
2024100801014306,GBIME,50,43,100.0,251.1,25110.0,2024-10-08
2024100801014305,GBIME,57,43,102.0,251.1,25612.2,2024-10-08
2024100801014304,TAMOR,47,75,10.0,467.3,4673.0,2024-10-08
2024100804010214,RHPL,22,52,500.0,381.1,190550.0,2024-10-08
2024100801014303,NIMB,57,57,139.0,240.6,33443.4,2024-10-08
2024100804010213,GLH,16,45,835.0,250.0,208750.0,2024-10-08
2024100804010212,GLH,16,57,165.0,250.0,41250.0,2024-10-08
2024100805009026,HDL,57,1,31.0,1340.1,41543.1,2024-10-08
2024100805009025,HDL,47,1,29.0,1340.1,38862.9,2024-10-08
2024100805009024,HDL,46,1,10.0,1340.2,13402.0,2024-10-08
2024100804010211,CHCL,49,57,10.0,580.0,5800.0,2024-10-08
2024100803011397,SFCL,29,13,50.0,623.0,31150.0,2024-10-08
2024100803011396,NFS,34,38,29.0,1399.9,40597.1,2024-10-08
2024100803011395,NFS,13,38,10.0,1400.0,14000.0,2024-10-08
2024100803011394,NFS,49,38,61.0,1400.0,85400.0,2024-10-08
2024100805009023,SAHAS,56,8,10.0,469.0,4690.0,2024-10-08
2024100805009022,SAHAS,56,50,25.0,469.0,11725.0,2024-10-08
2024100801014302,TAMOR,47,45,65.0,467.3,30374.5,2024-10-08
2024100804010210,BPCL,42,47,300.0,480.0,144000.0,2024-10-08
2024100803011393,NMFBS,37,56,10.0,1473.0,14730.0,2024-10-08
2024100803011392,CFCL,44,57,145.0,605.0,87725.0,2024-10-08
2024100804010209,UPPER,44,43,560.0,217.0,121520.0,2024-10-08
2024100804010208,UPPER,16,43,350.0,217.1,75985.0,2024-10-08
2024100804010207,NHPC,10,38,200.0,222.0,44400.0,2024-10-08
2024100804010206,UPPER,16,57,150.0,217.1,32565.0,2024-10-08
2024100804010205,UPPER,45,57,100.0,217.1,21710.0,2024-10-08
2024100804010204,UPPER,17,57,50.0,217.2,10860.0,2024-10-08
2024100804010203,UPPER,51,57,200.0,217.2,43440.0,2024-10-08
2024100801014301,C30MF,58,33,3000.0,10.58,31740.0,2024-10-08
2024100804010202,CGH,60,57,55.0,950.1,52255.5,2024-10-08
2024100803011391,SKBBL,21,58,39.0,938.0,36582.0,2024-10-08
2024100803011390,CFCL,35,57,155.0,607.0,94085.0,2024-10-08
2024100803011389,SKBBL,48,45,10.0,940.0,9400.0,2024-10-08
2024100803011388,CFCL,35,57,200.0,607.0,121400.0,2024-10-08
2024100803011387,CFCL,35,49,145.0,607.0,88015.0,2024-10-08
2024100803011386,WNLB,7,71,10.0,2656.9,26569.0,2024-10-08
2024100801014300,SARBTM,42,35,23.0,778.0,17894.0,2024-10-08
2024100801014299,SARBTM,42,48,10.0,778.0,7780.0,2024-10-08
2024100801014298,SARBTM,42,22,467.0,777.7,363185.9,2024-10-08
2024100804010201,NLG,55,49,200.0,1302.0,260400.0,2024-10-08
2024100801014297,GBIME,38,22,30.0,251.5,7545.0,2024-10-08
2024100804010200,NGPL,90,34,50.0,429.5,21475.0,2024-10-08
2024100803011385,SFCL,34,13,50.0,623.0,31150.0,2024-10-08
2024100803011384,GFCL,17,51,90.0,1063.0,95670.0,2024-10-08
2024100803011383,GFCL,58,51,10.0,1064.0,10640.0,2024-10-08
2024100804010199,PMHPL,56,34,20.0,261.0,5220.0,2024-10-08
2024100803011382,EDBL,98,47,500.0,657.3,328650.0,2024-10-08
2024100805009021,SONA,58,39,10.0,478.9,4789.0,2024-10-08
2024100801014296,SANIMA,58,4,100.0,358.0,35800.0,2024-10-08
2024100801014295,BHL,57,41,10.0,435.0,4350.0,2024-10-08
2024100804010198,AKPL,14,36,600.0,249.0,149400.0,2024-10-08
2024100804010197,SHEL,21,42,10.0,244.0,2440.0,2024-10-08
2024100803011381,NMBMF,42,38,10.0,706.8,7068.0,2024-10-08
2024100803011380,NMBMF,42,57,10.0,703.0,7030.0,2024-10-08
2024100805009020,SAHAS,11,50,10.0,469.0,4690.0,2024-10-08
2024100803011379,NFS,72,74,440.0,1425.0,627000.0,2024-10-08
2024100803011378,NFS,72,43,10.0,1424.0,14240.0,2024-10-08
2024100803011377,NFS,72,34,50.0,1424.0,71200.0,2024-10-08
2024100801014294,TAMOR,36,32,145.0,467.2,67744.0,2024-10-08
2024100803011376,MLBSL,5,10,10.0,2060.0,20600.0,2024-10-08
2024100801014293,BHDC,49,17,185.0,585.4,108299.0,2024-10-08
2024100801014292,BHDC,57,17,40.0,585.5,23420.0,2024-10-08
2024100801014291,BHDC,42,17,55.0,585.6,32208.0,2024-10-08
2024100801014290,BHDC,42,17,70.0,588.5,41195.0,2024-10-08
2024100803011375,USLB,43,51,27.0,1516.0,40932.0,2024-10-08
2024100803011374,USLB,43,58,10.0,1515.0,15150.0,2024-10-08
2024100803011373,USLB,43,91,150.0,1514.7,227205.0,2024-10-08
2024100803011372,USLB,43,58,10.0,1514.6,15146.0,2024-10-08
2024100803011371,USLB,43,75,50.0,1514.0,75700.0,2024-10-08
2024100803011370,USLB,43,75,50.0,1514.0,75700.0,2024-10-08
2024100803011369,USLB,43,62,10.0,1513.0,15130.0,2024-10-08
2024100803011368,USLB,43,62,10.0,1513.0,15130.0,2024-10-08
2024100803011367,USLB,43,45,30.0,1500.0,45000.0,2024-10-08
2024100803011366,USLB,43,45,29.0,1500.0,43500.0,2024-10-08
2024100803011365,USLB,43,43,28.0,1500.0,42000.0,2024-10-08
2024100803011364,USLB,43,57,50.0,1500.0,75000.0,2024-10-08
2024100803011363,USLB,43,62,16.0,1500.0,24000.0,2024-10-08
2024100803011362,USLB,43,62,100.0,1500.0,150000.0,2024-10-08
2024100803011361,USLB,43,81,80.0,1499.9,119992.0,2024-10-08
2024100803011360,USLB,43,62,10.0,1498.9,14989.0,2024-10-08
2024100803011359,USLB,43,7,40.0,1498.0,59920.0,2024-10-08
2024100801014289,GBIME,25,22,100.0,251.5,25150.0,2024-10-08
2024100805009019,SAHAS,6,50,50.0,469.0,23450.0,2024-10-08
2024100805009018,SMJC,53,41,260.0,533.0,138580.0,2024-10-08
2024100803011358,SHINE,48,63,850.0,490.0,416500.0,2024-10-08
2024100805009017,ENL,45,21,10.0,1150.0,11500.0,2024-10-08
2024100801014288,USHL,58,57,30.0,826.0,24780.0,2024-10-08
2024100801014287,USHL,58,42,260.0,825.0,214500.0,2024-10-08
2024100801014286,USHL,58,58,10.0,822.0,8220.0,2024-10-08
2024100801014285,USHL,58,21,80.0,822.0,65760.0,2024-10-08
2024100801014284,USHL,58,42,10.0,820.0,8200.0,2024-10-08
2024100801014283,USHL,58,22,10.0,819.0,8190.0,2024-10-08
2024100801014282,USHL,58,34,100.0,818.9,81890.0,2024-10-08
2024100804010196,RURU,35,38,10.0,844.9,8449.0,2024-10-08
2024100804010195,RURU,35,28,10.0,842.0,8420.0,2024-10-08
2024100803011357,PFL,35,44,10.0,621.0,6210.0,2024-10-08
2024100801014281,MEHL,22,42,10.0,370.0,3700.0,2024-10-08
2024100801014280,NABIL,54,41,10.0,591.0,5910.0,2024-10-08
2024100801014279,NABIL,54,51,10.0,591.0,5910.0,2024-10-08
2024100805009016,NRN,41,34,25.0,936.0,23400.0,2024-10-08
2024100805009015,NRN,48,34,25.0,937.0,23425.0,2024-10-08
2024100801014278,NIMB,34,1,100.0,241.0,24100.0,2024-10-08
2024100803011356,NICLBSL,32,57,10.0,745.0,7450.0,2024-10-08
2024100803011355,SIFC,98,34,140.0,615.0,86100.0,2024-10-08
2024100803011354,SIFC,98,58,50.0,614.9,30745.0,2024-10-08
2024100803011353,SIFC,98,22,10.0,612.8,6128.0,2024-10-08
2024100801014277,TPC,44,52,400.0,455.0,182000.0,2024-10-08
2024100801014276,TPC,44,37,100.0,454.0,45400.0,2024-10-08
2024100801014275,MKCL,41,20,10.0,1396.0,13960.0,2024-10-08
2024100804010194,NHDL,48,39,10.0,584.0,5840.0,2024-10-08
2024100803011352,NFS,49,16,90.0,1400.0,126000.0,2024-10-08
2024100801014274,KDL,44,16,100.0,1070.0,107000.0,2024-10-08
2024100801014273,KDL,19,16,30.0,1070.2,32106.0,2024-10-08
2024100801014272,KDL,45,16,20.0,1070.4,21408.0,2024-10-08
2024100801014271,KDL,22,16,20.0,1071.2,21424.0,2024-10-08
2024100801014270,KDL,53,16,50.0,1072.0,53600.0,2024-10-08
2024100801014269,KDL,52,16,10.0,1072.1,10721.0,2024-10-08
2024100801014268,KDL,38,16,30.0,1072.1,32163.0,2024-10-08
2024100801014267,KDL,32,16,100.0,1072.1,107210.0,2024-10-08
2024100803011351,ACLBSL,42,45,55.0,1038.1,57095.5,2024-10-08
2024100804010193,SHPC,45,34,200.0,546.0,109200.0,2024-10-08
2024100804010192,RIDI,45,41,600.0,238.7,143220.0,2024-10-08
2024100804010191,RIDI,45,66,16.0,237.1,3793.6,2024-10-08
2024100805009014,HIDCL,1,17,512.0,274.5,140544.0,2024-10-08
2024100805009013,HIDCL,1,47,777.0,274.0,212898.0,2024-10-08
2024100805009012,HIDCL,1,91,211.0,273.9,57792.9,2024-10-08
2024100804010190,KKHC,42,58,100.0,264.0,26400.0,2024-10-08
2024100804010189,RURU,29,42,16.0,841.3,13460.8,2024-10-08
2024100804010188,RURU,39,42,500.0,841.3,420650.0,2024-10-08
2024100804010187,SJCL,46,6,10.0,331.9,3319.0,2024-10-08
2024100805009011,HRL,36,45,100.0,864.9,86490.0,2024-10-08
2024100801014266,IHL,4,70,10.0,490.0,4900.0,2024-10-08
2024100804010186,HPPL,34,29,231.0,319.6,73827.6,2024-10-08
2024100804010185,HPPL,14,29,300.0,320.0,96000.0,2024-10-08
2024100804010184,HPPL,57,29,125.0,320.0,40000.0,2024-10-08
2024100804010183,HPPL,57,29,20.0,321.0,6420.0,2024-10-08
2024100804010182,HPPL,59,29,324.0,321.0,104004.0,2024-10-08
2024100805009010,NRM,29,26,200.0,441.0,88200.0,2024-10-08
2024100805009009,HIDCL,49,43,40.0,273.2,10928.0,2024-10-08
2024100805009008,HIDCL,19,43,110.0,273.2,30052.0,2024-10-08
2024100801014265,C30MF,58,43,3000.0,10.57,31710.0,2024-10-08
2024100804010181,SHL,4,26,581.0,522.0,303282.0,2024-10-08
2024100804010180,SHL,41,26,500.0,523.0,261500.0,2024-10-08
2024100804010179,SHL,36,26,250.0,526.0,131500.0,2024-10-08
2024100804010178,SHL,96,26,669.0,526.0,351894.0,2024-10-08
2024100804010177,UPCL,16,57,100.0,267.0,26700.0,2024-10-08
2024100805009007,SAHAS,57,50,10.0,469.0,4690.0,2024-10-08
2024100804010176,LEC,62,42,100.0,262.3,26230.0,2024-10-08
2024100804010175,LEC,34,42,803.0,262.3,210626.9,2024-10-08
2024100804010174,LEC,43,42,40.0,262.4,10496.0,2024-10-08
2024100804010173,LEC,69,42,560.0,263.0,147280.0,2024-10-08
2024100803011350,FMDBL,42,42,250.0,782.0,195500.0,2024-10-08
2024100804010172,AKJCL,11,43,20.0,212.0,4240.0,2024-10-08
2024100803011349,MNBBL,17,55,20.0,396.0,7920.0,2024-10-08
2024100801014264,KBL,38,38,100.0,226.2,22620.0,2024-10-08
2024100805009006,ILI,34,41,500.0,500.0,250000.0,2024-10-08
2024100804010171,SHPC,25,34,800.0,547.0,437600.0,2024-10-08
2024100803011348,MATRI,98,43,50.0,1439.0,71950.0,2024-10-08
2024100804010170,SPDL,33,41,31.0,307.0,9517.0,2024-10-08
2024100804010169,SPDL,33,45,50.0,307.0,15350.0,2024-10-08
2024100804010168,SPDL,33,57,100.0,305.0,30500.0,2024-10-08
2024100804010167,HDHPC,41,22,200.0,212.7,42540.0,2024-10-08
2024100801014263,MANDU,45,57,10.0,950.0,9500.0,2024-10-08
2024100804010166,SPDL,44,91,121.0,303.1,36675.1,2024-10-08
2024100801014262,LSL,74,58,325.0,252.4,82030.0,2024-10-08
2024100805009005,CIT,65,42,14.0,2233.1,31263.4,2024-10-08
2024100805009004,CIT,18,42,50.0,2234.0,111700.0,2024-10-08
2024100805009003,CIT,41,42,10.0,2234.0,22340.0,2024-10-08
2024100804010165,HEI,42,1,100.0,653.0,65300.0,2024-10-08
2024100805009002,ILI,42,6,10.0,499.9,4999.0,2024-10-08
2024100801014261,AHL,58,42,60.0,658.0,39480.0,2024-10-08
2024100803011347,KSBBL,33,71,77.0,461.9,35566.3,2024-10-08
2024100803011346,KSBBL,33,36,50.0,461.8,23090.0,2024-10-08
2024100803011345,KSBBL,33,57,32.0,461.6,14771.2,2024-10-08
2024100803011344,KSBBL,33,25,32.0,459.0,14688.0,2024-10-08
2024100804010164,JOSHI,17,34,18.0,314.0,5652.0,2024-10-08
2024100804010163,JOSHI,17,46,32.0,309.1,9891.2,2024-10-08
2024100804010162,BPCL,42,6,200.0,480.0,96000.0,2024-10-08
2024100801014260,SRLI,39,63,206.0,450.0,92700.0,2024-10-08
2024100801014259,SRLI,39,54,10.0,450.0,4500.0,2024-10-08
2024100801014258,SRLI,39,44,84.0,450.0,37800.0,2024-10-08
2024100801014257,GBIME,56,22,130.0,251.5,32695.0,2024-10-08
2024100801014256,NICA,17,57,200.0,478.0,95600.0,2024-10-08
2024100803011343,GMFIL,11,28,910.0,593.0,539630.0,2024-10-08
2024100801014255,SNLI,4,81,250.0,601.0,150250.0,2024-10-08
2024100803011342,SLBBL,58,58,32.0,990.0,31680.0,2024-10-08
2024100803011341,SLBBL,44,58,50.0,990.0,49500.0,2024-10-08
2024100803011340,SLBBL,58,58,18.0,990.0,17820.0,2024-10-08
2024100803011339,SLBBL,40,58,500.0,990.1,495050.0,2024-10-08
2024100803011338,NFS,49,34,58.0,1400.0,81200.0,2024-10-08
2024100803011337,NFS,49,26,291.0,1400.0,407400.0,2024-10-08
2024100801014254,PRVU,4,72,50.0,249.0,12450.0,2024-10-08
2024100803011336,GFCL,17,71,125.0,1063.0,132875.0,2024-10-08
2024100803011335,GFCL,45,71,339.0,1063.1,360390.9,2024-10-08
2024100803011334,GFCL,52,71,36.0,1065.0,38340.0,2024-10-08
2024100805009001,SAHAS,34,50,430.0,469.0,201670.0,2024-10-08
2024100803011333,SHINE,20,63,150.0,490.0,73500.0,2024-10-08
2024100804010161,SHPC,25,43,200.0,547.0,109400.0,2024-10-08
2024100804010160,RIDI,6,66,10.0,237.1,2371.0,2024-10-08
2024100803011332,CFCL,14,49,10.0,607.0,6070.0,2024-10-08
2024100801014253,NYADI,16,83,655.0,330.0,216150.0,2024-10-08
2024100801014252,NYADI,16,17,10.0,330.0,3300.0,2024-10-08
2024100801014251,NYADI,16,42,200.0,330.0,66000.0,2024-10-08
2024100801014250,NYADI,16,57,100.0,330.0,33000.0,2024-10-08
2024100801014249,NYADI,16,83,90.0,330.0,29700.0,2024-10-08
2024100801014248,NYADI,16,49,190.0,329.0,62510.0,2024-10-08
2024100801014247,NYADI,16,21,10.0,328.4,3284.0,2024-10-08
2024100801014246,NYADI,16,58,20.0,328.0,6560.0,2024-10-08
2024100801014245,NYADI,16,48,45.0,328.0,14760.0,2024-10-08
2024100801014244,NYADI,16,16,10.0,327.0,3270.0,2024-10-08
2024100801014243,NYADI,16,58,10.0,327.0,3270.0,2024-10-08
2024100801014242,NYADI,16,54,50.0,326.0,16300.0,2024-10-08
2024100801014241,NYADI,16,36,100.0,325.0,32500.0,2024-10-08
2024100801014240,NYADI,16,21,10.0,324.0,3240.0,2024-10-08
2024100801014239,MMKJL,57,53,280.0,490.0,137200.0,2024-10-08
2024100801014238,MMKJL,57,52,10.0,490.0,4900.0,2024-10-08
2024100801014237,MMKJL,57,58,10.0,489.0,4890.0,2024-10-08
2024100801014236,SARBTM,32,70,100.0,773.2,77320.0,2024-10-08
2024100805009000,VLUCL,38,58,260.0,583.3,151658.0,2024-10-08
2024100805008999,VLUCL,35,58,50.0,583.4,29170.0,2024-10-08
2024100805008998,VLUCL,6,58,15.0,584.0,8760.0,2024-10-08
2024100805008997,VLUCL,36,58,50.0,585.0,29250.0,2024-10-08
2024100801014235,BNHC,58,58,10.0,461.0,4610.0,2024-10-08
2024100803011331,CBBL,47,58,34.0,994.8,33823.2,2024-10-08
2024100801014234,AVYAN,58,29,21.0,910.0,19110.0,2024-10-08
2024100801014233,AVYAN,58,5,45.0,909.9,40945.5,2024-10-08
2024100803011330,NFS,74,26,109.0,1400.0,152600.0,2024-10-08
2024100803011329,NFS,74,51,891.0,1400.0,1247400.0,2024-10-08
2024100803011328,CFCL,22,74,60.0,604.1,36246.0,2024-10-08
2024100803011327,CFCL,58,74,10.0,605.0,6050.0,2024-10-08
2024100803011326,CFCL,57,74,100.0,605.0,60500.0,2024-10-08
2024100803011325,CFCL,51,74,10.0,605.0,6050.0,2024-10-08
2024100803011324,CFCL,41,74,320.0,605.0,193600.0,2024-10-08
2024100803011323,HLI,39,80,11.0,478.8,5266.8,2024-10-08
2024100801014232,UNLB,32,49,50.0,2500.0,125000.0,2024-10-08
2024100805008996,NRM,34,33,100.0,440.1,44010.0,2024-10-08
2024100801014231,BGWT,47,35,31.0,948.0,29388.0,2024-10-08
2024100801014230,BGWT,47,14,10.0,948.0,9480.0,2024-10-08
2024100801014229,BGWT,47,58,200.0,945.0,189000.0,2024-10-08
2024100801014228,BGWT,47,57,10.0,945.0,9450.0,2024-10-08
2024100801014227,BGWT,47,83,10.0,945.0,9450.0,2024-10-08
2024100801014226,BGWT,47,45,100.0,940.7,94070.0,2024-10-08
2024100801014225,BGWT,47,32,55.0,940.4,51722.0,2024-10-08
2024100801014224,BGWT,47,43,300.0,940.0,282000.0,2024-10-08
2024100801014223,BGWT,47,57,100.0,940.0,94000.0,2024-10-08
2024100801014222,BGWT,47,34,400.0,940.0,376000.0,2024-10-08
2024100801014221,BGWT,47,51,142.0,940.0,133480.0,2024-10-08
2024100801014220,BGWT,47,70,60.0,940.0,56400.0,2024-10-08
2024100801014219,BGWT,47,58,10.0,939.9,9399.0,2024-10-08
2024100801014218,BGWT,47,14,40.0,939.9,37596.0,2024-10-08
2024100801014217,BGWT,47,6,10.0,938.0,9380.0,2024-10-08
2024100801014216,BGWT,47,35,22.0,935.0,20570.0,2024-10-08
2024100801014215,CZBIL,56,41,800.0,250.0,200000.0,2024-10-08
2024100803011322,GFCL,52,34,39.0,1064.0,41496.0,2024-10-08
2024100805008995,SHIVM,56,50,64.0,594.0,38016.0,2024-10-08
2024100801014214,HIDCLP,45,45,650.0,174.1,113165.0,2024-10-08
2024100804010159,CGH,77,94,10.0,951.0,9510.0,2024-10-08
2024100805008994,NRM,34,13,50.0,440.1,22005.0,2024-10-08
2024100803011321,NFS,62,51,100.0,1400.0,140000.0,2024-10-08
2024100804010158,RADHI,94,19,500.0,393.0,196500.0,2024-10-08
2024100805008993,CLI,19,42,10.0,642.0,6420.0,2024-10-08
2024100801014213,MBL,49,7,10.0,254.7,2547.0,2024-10-08
2024100801014212,SARBTM,42,22,223.0,777.7,173427.1,2024-10-08
2024100801014211,SARBTM,42,49,100.0,776.0,77600.0,2024-10-08
2024100801014210,SARBTM,42,48,150.0,776.0,116400.0,2024-10-08
2024100801014209,SARBTM,42,48,10.0,775.0,7750.0,2024-10-08
2024100801014208,SARBTM,42,29,17.0,774.0,13158.0,2024-10-08
2024100804010157,SHPC,5,67,250.0,545.6,136400.0,2024-10-08
2024100804010156,SHPC,96,67,1650.0,546.0,900900.0,2024-10-08
2024100801014207,LSL,5,26,30.0,254.0,7620.0,2024-10-08
2024100803011320,PFL,38,44,40.0,621.0,24840.0,2024-10-08
2024100804010155,LEC,69,56,350.0,263.0,92050.0,2024-10-08
2024100801014206,NYADI,40,14,10.0,320.0,3200.0,2024-10-08
2024100804010154,GLH,14,57,35.0,250.0,8750.0,2024-10-08
2024100804010153,GLH,14,42,300.0,250.0,75000.0,2024-10-08
2024100804010152,GLH,14,57,1000.0,250.0,250000.0,2024-10-08
2024100804010151,GLH,14,45,10.0,250.0,2500.0,2024-10-08
2024100804010150,GLH,14,16,10.0,250.0,2500.0,2024-10-08
2024100804010149,GLH,14,34,25.0,250.0,6250.0,2024-10-08
2024100804010148,GLH,14,18,400.0,249.9,99960.0,2024-10-08
2024100804010147,GLH,14,57,200.0,249.7,49940.0,2024-10-08
2024100804010146,GLH,14,28,20.0,249.7,4994.0,2024-10-08
2024100803011319,GMFIL,11,39,99.0,593.0,58707.0,2024-10-08
2024100805008992,GCIL,45,35,500.0,501.0,250500.0,2024-10-08
2024100805008991,GCIL,4,35,100.0,501.0,50100.0,2024-10-08
2024100803011318,HLI,54,58,36.0,476.2,17143.2,2024-10-08
2024100803011317,HLI,34,58,500.0,476.3,238150.0,2024-10-08
2024100803011316,HLI,59,58,100.0,477.0,47700.0,2024-10-08
2024100803011315,HLI,83,58,194.0,477.0,92538.0,2024-10-08
2024100803011314,HLI,11,58,20.0,478.0,9560.0,2024-10-08
2024100804010145,HDHPC,45,58,700.0,212.3,148610.0,2024-10-08
2024100801014205,ADBL,44,42,80.0,381.4,30512.0,2024-10-08
2024100801014204,GBIME,56,42,270.0,251.5,67905.0,2024-10-08
2024100801014203,GBIME,25,42,215.0,251.6,54094.0,2024-10-08
2024100804010144,GHL,56,67,30.0,216.0,6480.0,2024-10-08
2024100804010143,GHL,38,67,243.0,216.0,52488.0,2024-10-08
2024100804010142,KKHC,34,32,1000.0,263.2,263200.0,2024-10-08
2024100804010141,UAIL,34,34,92.0,640.4,58916.8,2024-10-08
2024100804010140,UAIL,49,34,148.0,640.9,94853.2,2024-10-08
2024100804010139,SHPC,101,58,10.0,550.0,5500.0,2024-10-08
2024100804010138,SHPC,101,91,100.0,549.0,54900.0,2024-10-08
2024100804010137,SHPC,101,1,390.0,548.0,213720.0,2024-10-08
2024100801014202,GBIME,45,58,42.0,252.0,10584.0,2024-10-08
2024100801014201,GBIME,45,35,58.0,251.9,14610.2,2024-10-08
2024100803011313,NMLBBL,45,58,25.0,785.0,19625.0,2024-10-08
2024100805008990,NIFRA,53,57,1392.0,283.9,395188.8,2024-10-08
2024100805008989,NIFRA,33,57,4830.0,283.9,1371237.0,2024-10-08
2024100805008988,NIFRA,54,57,500.0,284.0,142000.0,2024-10-08
2024100805008987,NIFRA,57,57,78.0,284.0,22152.0,2024-10-08
2024100805008986,NIFRA,32,57,200.0,284.1,56820.0,2024-10-08
2024100805008985,NIFRA,21,57,3000.0,284.1,852300.0,2024-10-08
2024100801014200,MANDU,45,57,10.0,950.0,9500.0,2024-10-08
2024100801014199,MANDU,42,57,25.0,950.0,23750.0,2024-10-08
2024100801014198,MANDU,41,57,50.0,950.0,47500.0,2024-10-08
2024100801014197,MANDU,22,57,99.0,950.0,94050.0,2024-10-08
2024100803011312,EDBL,98,58,37.0,657.3,24320.1,2024-10-08
2024100804010136,BPCL,42,1,150.0,480.0,72000.0,2024-10-08
2024100804010135,BPCL,42,49,50.0,480.0,24000.0,2024-10-08
2024100804010134,BPCL,42,57,20.0,480.0,9600.0,2024-10-08
2024100804010133,BPCL,42,29,200.0,480.0,96000.0,2024-10-08
2024100804010132,BPCL,42,58,20.0,480.0,9600.0,2024-10-08
2024100801014196,BHDC,42,45,30.0,588.5,17655.0,2024-10-08
2024100805008984,CLI,18,56,10.0,642.9,6429.0,2024-10-08
2024100804010131,SGIC,43,45,60.0,646.1,38766.0,2024-10-08
2024100805008983,RNLI,35,22,11.0,498.0,5478.0,2024-10-08
2024100805008982,ILI,52,16,25.0,499.0,12475.0,2024-10-08
2024100805008981,ILI,41,16,20.0,499.0,9980.0,2024-10-08
2024100803011311,VLBS,44,28,50.0,862.1,43105.0,2024-10-08
2024100804010130,HDHPC,19,22,10.0,212.7,2127.0,2024-10-08
2024100805008980,SONA,49,42,540.0,476.2,257148.0,2024-10-08
2024100804010129,SPIL,17,55,100.0,865.0,86500.0,2024-10-08
2024100804010128,SPIL,32,55,500.0,865.0,432500.0,2024-10-08
2024100804010127,SPIL,32,55,281.0,865.0,243065.0,2024-10-08
2024100804010126,SPIL,13,55,100.0,865.5,86550.0,2024-10-08
2024100801014195,NWCL,17,38,20.0,1018.1,20362.0,2024-10-08
2024100803011310,NLIC,13,18,30.0,834.1,25023.0,2024-10-08
2024100803011309,GFCL,11,34,100.0,1064.0,106400.0,2024-10-08
2024100801014194,MANDU,8,14,25.0,951.5,23787.5,2024-10-08
2024100804010125,AHPC,63,94,570.0,274.9,156693.0,2024-10-08
2024100804010124,AHPC,63,50,200.0,274.8,54960.0,2024-10-08
2024100804010123,AHPC,63,14,40.0,274.8,10992.0,2024-10-08
2024100804010122,AHPC,63,45,190.0,274.2,52098.0,2024-10-08
2024100804010121,API,56,32,30.0,299.0,8970.0,2024-10-08
2024100801014193,PPL,59,45,10.0,466.0,4660.0,2024-10-08
2024100801014192,PPL,59,58,160.0,466.0,74560.0,2024-10-08
2024100801014191,DOLTI,41,52,140.0,544.0,76160.0,2024-10-08
2024100804010120,CHCL,48,57,170.0,580.0,98600.0,2024-10-08
2024100803011308,BFC,7,16,10.0,605.0,6050.0,2024-10-08
2024100801014190,GBIME,57,35,10.0,251.9,2519.0,2024-10-08
2024100803011307,PFL,35,33,10.0,624.5,6245.0,2024-10-08
2024100805008979,SHIVM,14,13,25.0,594.1,14852.5,2024-10-08
2024100805008978,SHIVM,25,13,10.0,594.1,5941.0,2024-10-08
2024100805008977,NIFRA,45,49,10.0,284.5,2845.0,2024-10-08
2024100801014189,HIDCLP,42,45,50.0,174.1,8705.0,2024-10-08
2024100801014188,HIDCLP,42,8,150.0,174.1,26115.0,2024-10-08
2024100803011306,NABBC,74,29,30.0,626.3,18789.0,2024-10-08
2024100804010119,CGH,38,94,25.0,951.0,23775.0,2024-10-08
2024100801014187,DLBS,38,35,28.0,1388.0,38864.0,2024-10-08
2024100805008976,NRIC,45,43,50.0,810.0,40500.0,2024-10-08
2024100805008975,NRIC,34,43,50.0,811.0,40550.0,2024-10-08
2024100804010118,UMHL,45,6,501.0,308.0,154308.0,2024-10-08
2024100804010117,SPDL,52,91,50.0,303.2,15160.0,2024-10-08
2024100801014186,JBLB,41,47,73.0,1549.0,113077.0,2024-10-08
2024100801014185,JBLB,41,34,13.0,1548.9,20135.7,2024-10-08
2024100801014184,JBLB,41,49,14.0,1548.5,21679.0,2024-10-08
2024100803011305,NMLBBL,7,57,40.0,783.1,31324.0,2024-10-08
2024100801014183,MHCL,57,41,10.0,387.0,3870.0,2024-10-08
2024100805008974,PHCL,72,45,65.0,395.6,25714.0,2024-10-08
2024100805008973,PHCL,72,34,450.0,395.4,177930.0,2024-10-08
2024100805008972,PHCL,72,34,100.0,395.0,39500.0,2024-10-08
2024100805008971,PHCL,72,54,100.0,395.0,39500.0,2024-10-08
2024100805008970,PHCL,72,28,20.0,395.0,7900.0,2024-10-08
2024100805008969,PHCL,72,55,15.0,395.0,5925.0,2024-10-08
2024100801014182,SCB,65,49,510.0,696.1,355011.0,2024-10-08
2024100801014181,SCB,39,49,90.0,697.0,62730.0,2024-10-08
2024100805008968,BBC,58,14,10.0,4250.0,42500.0,2024-10-08
2024100805008967,CLI,19,58,10.0,642.0,6420.0,2024-10-08
2024100805008966,SONA,58,39,49.0,478.9,23466.1,2024-10-08
2024100803011304,NFS,51,51,60.0,1400.0,84000.0,2024-10-08
2024100804010116,SSHL,5,7,50.0,217.0,10850.0,2024-10-08
2024100801014180,BNHC,33,45,140.0,460.0,64400.0,2024-10-08
2024100804010115,UPCL,57,14,35.0,266.7,9334.5,2024-10-08
2024100803011303,NMLBBL,7,58,10.0,785.0,7850.0,2024-10-08
2024100804010114,HDHPC,45,45,500.0,212.3,106150.0,2024-10-08
2024100804010113,HDHPC,8,45,500.0,212.4,106200.0,2024-10-08
2024100803011302,MFIL,57,45,100.0,725.0,72500.0,2024-10-08
2024100801014179,SGHC,19,34,15.0,389.0,5835.0,2024-10-08
2024100803011301,FMDBL,22,42,100.0,782.0,78200.0,2024-10-08
2024100803011300,NFS,11,51,10.0,1400.0,14000.0,2024-10-08
2024100801014178,BNHC,55,45,10.0,460.0,4600.0,2024-10-08
2024100801014177,SCB,39,58,10.0,697.0,6970.0,2024-10-08
2024100804010112,AHPC,58,45,10.0,274.2,2742.0,2024-10-08
2024100801014176,C30MF,32,33,500.0,10.58,5290.0,2024-10-08
2024100803011299,GFCL,45,36,65.0,1063.1,69101.5,2024-10-08
2024100803011298,GFCL,66,36,55.0,1064.0,58520.0,2024-10-08
2024100803011297,GFCL,53,36,130.0,1065.0,138450.0,2024-10-08
2024100805008965,SLCF,33,34,200.0,9.16,1832.0,2024-10-08
2024100803011296,SJLIC,5,6,60.0,490.0,29400.0,2024-10-08
2024100801014175,DORDI,22,34,95.0,427.0,40565.0,2024-10-08
2024100803011295,MSLB,43,35,100.0,1537.0,153700.0,2024-10-08
2024100801014174,EBL,83,57,50.0,613.5,30675.0,2024-10-08
2024100805008964,HIDCL,19,47,13.0,274.0,3562.0,2024-10-08
2024100804010111,UPCL,57,55,200.0,266.7,53340.0,2024-10-08
2024100803011294,SADBL,58,19,490.0,428.5,209965.0,2024-10-08
2024100804010110,GHL,58,17,10.0,217.0,2170.0,2024-10-08
2024100804010109,GHL,58,42,90.0,216.9,19521.0,2024-10-08
2024100803011293,BFC,45,32,1000.0,605.0,605000.0,2024-10-08
2024100803011292,BFC,34,32,825.0,605.0,499125.0,2024-10-08
2024100803011291,BFC,34,32,300.0,605.0,181500.0,2024-10-08
2024100803011290,BFC,39,32,250.0,605.0,151250.0,2024-10-08
2024100803011289,BFC,41,32,60.0,605.0,36300.0,2024-10-08
2024100803011288,BFC,57,32,200.0,605.0,121000.0,2024-10-08
2024100803011287,BFC,35,32,10.0,605.0,6050.0,2024-10-08
2024100803011286,BFC,6,32,150.0,605.0,90750.0,2024-10-08
2024100803011285,BFC,5,32,1000.0,605.0,605000.0,2024-10-08
2024100803011284,BFC,36,32,10.0,605.0,6050.0,2024-10-08
2024100803011283,BFC,35,32,10.0,606.0,6060.0,2024-10-08
2024100803011282,BFC,1,32,50.0,606.0,30300.0,2024-10-08
2024100803011281,BFC,1,32,133.0,606.9,80717.7,2024-10-08
2024100801014173,CKHL,8,61,10.0,654.0,6540.0,2024-10-08
2024100801014172,MANDU,22,48,43.0,950.0,40850.0,2024-10-08
2024100803011280,NFS,35,51,26.0,1400.0,36400.0,2024-10-08
2024100804010108,SSHL,21,7,200.0,217.0,43400.0,2024-10-08
2024100804010107,NICL,57,33,50.0,1010.0,50500.0,2024-10-08
2024100803011279,NABBC,74,4,10.0,626.3,6263.0,2024-10-08
2024100804010106,PMHPL,49,34,120.0,261.0,31320.0,2024-10-08
2024100801014171,NBL,58,38,25.0,288.8,7220.0,2024-10-08
2024100801014170,NBL,65,38,150.0,288.8,43320.0,2024-10-08
2024100803011278,MFIL,34,45,10.0,725.0,7250.0,2024-10-08
2024100803011277,NICLBSL,51,21,500.0,741.5,370750.0,2024-10-08
2024100803011276,NICLBSL,51,44,10.0,741.5,7415.0,2024-10-08
2024100804010105,NIL,22,47,70.0,922.5,64575.0,2024-10-08
2024100804010104,SALICO,41,44,28.0,750.0,21000.0,2024-10-08
2024100804010103,SALICO,4,44,100.0,750.0,75000.0,2024-10-08
2024100804010102,SALICO,22,44,50.0,750.0,37500.0,2024-10-08
2024100804010101,SALICO,13,44,50.0,750.0,37500.0,2024-10-08
2024100804010100,SALICO,17,44,500.0,750.0,375000.0,2024-10-08
2024100804010099,SALICO,18,44,300.0,750.0,225000.0,2024-10-08
2024100804010098,SALICO,38,44,10.0,754.0,7540.0,2024-10-08
2024100804010097,SALICO,94,44,48.0,754.0,36192.0,2024-10-08
2024100804010096,SALICO,98,44,90.0,754.0,67860.0,2024-10-08
2024100804010095,SALICO,13,44,114.0,754.0,85956.0,2024-10-08
2024100804010094,SALICO,17,44,100.0,754.1,75410.0,2024-10-08
2024100804010093,SALICO,38,44,10.0,754.1,7541.0,2024-10-08
2024100801014169,EBL,44,58,185.0,614.0,113590.0,2024-10-08
2024100803011275,NLIC,59,46,20.0,838.0,16760.0,2024-10-08
2024100804010092,NHPC,52,38,236.0,222.0,52392.0,2024-10-08
2024100804010091,NHPC,52,22,10.0,222.0,2220.0,2024-10-08
2024100804010090,NHPC,52,14,154.0,222.0,34188.0,2024-10-08
2024100804010089,NHPC,52,58,100.0,221.9,22190.0,2024-10-08
2024100805008963,SAHAS,39,50,100.0,469.0,46900.0,2024-10-08
2024100805008962,SAHAS,57,50,100.0,469.0,46900.0,2024-10-08
2024100805008961,SAHAS,34,50,85.0,469.0,39865.0,2024-10-08
2024100805008960,SAHAS,40,50,190.0,469.0,89110.0,2024-10-08
2024100803011274,NFS,40,51,100.0,1400.0,140000.0,2024-10-08
2024100804010088,UAIL,95,26,100.0,641.0,64100.0,2024-10-08
2024100805008959,CHDC,19,7,35.0,1757.1,61498.5,2024-10-08
2024100805008958,CHDC,22,7,25.0,1757.2,43930.0,2024-10-08
2024100801014168,SNLI,4,82,433.0,601.0,260233.0,2024-10-08
2024100801014167,SNLI,48,82,100.0,601.2,60120.0,2024-10-08
2024100801014166,SNLI,45,82,290.0,602.0,174580.0,2024-10-08
2024100801014165,SNLI,7,82,100.0,602.2,60220.0,2024-10-08
2024100801014164,SNLI,22,82,20.0,602.3,12046.0,2024-10-08
2024100801014163,SNLI,45,82,18.0,602.3,10841.4,2024-10-08
2024100801014162,SNLI,22,82,39.0,604.0,23556.0,2024-10-08
2024100801014161,RHGCL,42,57,98.0,379.0,37142.0,2024-10-08
2024100801014160,RHGCL,46,57,52.0,379.0,19708.0,2024-10-08
2024100803011273,NFS,66,51,70.0,1400.0,98000.0,2024-10-08
2024100804010087,DHPL,42,22,11.0,250.0,2750.0,2024-10-08
2024100803011272,NFS,4,51,10.0,1400.0,14000.0,2024-10-08
2024100805008957,HRL,42,49,200.0,864.0,172800.0,2024-10-08
2024100804010086,AHPC,38,26,100.0,274.2,27420.0,2024-10-08
2024100801014159,GBIME,38,58,200.0,252.0,50400.0,2024-10-08
2024100803011271,JFL,36,38,60.0,620.0,37200.0,2024-10-08
2024100804010085,RHPL,22,58,400.0,381.1,152440.0,2024-10-08
2024100804010084,RHPL,25,58,100.0,381.1,38110.0,2024-10-08
2024100803011270,SLBBL,58,58,482.0,990.0,477180.0,2024-10-08
2024100803011269,SLBBL,59,58,18.0,990.0,17820.0,2024-10-08
2024100803011268,FOWAD,34,6,10.0,1495.5,14955.0,2024-10-08
2024100803011267,SJLIC,5,17,500.0,490.0,245000.0,2024-10-08
2024100803011266,SJLIC,46,17,50.0,490.1,24505.0,2024-10-08
2024100803011265,SJLIC,21,17,50.0,491.0,24550.0,2024-10-08
2024100805008956,SHIVM,25,34,40.0,594.1,23764.0,2024-10-08
2024100805008955,SHIVM,47,34,10.0,594.2,5942.0,2024-10-08
2024100801014158,ADBL,44,22,151.0,381.4,57591.4,2024-10-08
2024100801014157,SBL,71,45,128.0,343.3,43942.4,2024-10-08
2024100803011264,NFS,57,51,100.0,1400.0,140000.0,2024-10-08
2024100803011263,MLBBL,71,90,30.0,1585.0,47550.0,2024-10-08
2024100804010083,CGH,40,42,52.0,950.2,49410.4,2024-10-08
2024100804010082,API,32,32,24.0,299.0,7176.0,2024-10-08
2024100804010081,SALICO,3,63,10.0,763.0,7630.0,2024-10-08
2024100803011262,GFCL,53,14,170.0,1065.0,181050.0,2024-10-08
2024100801014156,DOLTI,6,85,660.0,545.0,359700.0,2024-10-08
2024100803011261,CFCL,41,6,400.0,605.0,242000.0,2024-10-08
2024100803011260,CFCL,45,6,100.0,605.1,60510.0,2024-10-08
2024100805008954,RNLI,35,52,150.0,498.0,74700.0,2024-10-08
2024100801014155,DOLTI,41,14,10.0,544.0,5440.0,2024-10-08
2024100801014154,DOLTI,41,29,40.0,544.0,21760.0,2024-10-08
2024100804010080,SHPC,45,1,100.0,548.0,54800.0,2024-10-08
2024100801014153,MHCL,57,75,61.0,385.9,23539.9,2024-10-08
2024100805008953,RNLI,35,4,261.0,498.0,129978.0,2024-10-08
2024100805008952,RNLI,34,4,10.0,498.2,4982.0,2024-10-08
2024100805008951,RNLI,49,4,11.0,498.3,5481.3,2024-10-08
2024100803011259,SADBL,29,19,10.0,428.5,4285.0,2024-10-08
2024100804010079,SSHL,48,32,150.0,216.3,32445.0,2024-10-08
2024100804010078,SSHL,17,32,100.0,216.5,21650.0,2024-10-08
2024100801014152,HHL,14,33,100.0,430.0,43000.0,2024-10-08
2024100803011258,GMFIL,11,47,970.0,593.0,575210.0,2024-10-08
2024100803011257,GMFIL,11,47,30.0,593.1,17793.0,2024-10-08
2024100803011256,GFCL,34,14,50.0,1065.0,53250.0,2024-10-08
2024100803011255,MPFL,25,55,50.0,698.0,34900.0,2024-10-08
2024100803011254,PROFL,28,45,30.0,620.0,18600.0,2024-10-08
2024100803011253,GMFIL,11,13,70.0,593.1,41517.0,2024-10-08
2024100804010077,AKPL,57,26,10.0,249.7,2497.0,2024-10-08
2024100805008950,NRM,41,17,111.0,440.0,48840.0,2024-10-08
2024100805008949,NRM,49,17,29.0,440.0,12760.0,2024-10-08
2024100805008948,NRM,75,17,210.0,440.0,92400.0,2024-10-08
2024100803011252,SHINE,20,58,100.0,490.0,49000.0,2024-10-08
2024100804010076,UPCL,28,57,440.0,267.0,117480.0,2024-10-08
2024100801014151,RFPL,62,66,10.0,528.0,5280.0,2024-10-08
2024100801014150,RFPL,62,34,20.0,521.0,10420.0,2024-10-08
2024100803011251,BFC,45,49,10.0,612.0,6120.0,2024-10-08
2024100805008947,SAHAS,40,45,10.0,469.0,4690.0,2024-10-08
2024100803011250,GFCL,66,71,15.0,1064.0,15960.0,2024-10-08
2024100804010075,API,32,1,400.0,299.0,119600.0,2024-10-08
2024100804010074,API,32,22,100.0,299.0,29900.0,2024-10-08
2024100804010073,API,32,22,276.0,299.0,82524.0,2024-10-08
2024100804010072,API,32,57,200.0,298.9,59780.0,2024-10-08
2024100803011249,ALICL,41,34,488.0,713.0,347944.0,2024-10-08
2024100803011248,ALICL,42,34,12.0,713.0,8556.0,2024-10-08
2024100801014149,AHL,58,54,30.0,658.0,19740.0,2024-10-08
2024100803011247,GFCL,66,22,30.0,1064.0,31920.0,2024-10-08
2024100805008946,GCIL,41,18,10.0,505.0,5050.0,2024-10-08
2024100804010071,SHEL,21,42,10.0,244.0,2440.0,2024-10-08
2024100804010070,SHEL,21,38,50.0,242.0,12100.0,2024-10-08
2024100803011246,GBBL,65,57,1850.0,456.1,843785.0,2024-10-08
2024100803011245,GBBL,4,57,200.0,456.2,91240.0,2024-10-08
2024100803011244,FMDBL,57,66,90.0,782.1,70389.0,2024-10-08
2024100804010069,AHPC,72,26,50.0,274.2,13710.0,2024-10-08
2024100803011243,RLFL,52,67,450.0,608.9,274005.0,2024-10-08
2024100803011242,RLFL,34,67,50.0,609.0,30450.0,2024-10-08
2024100801014148,SIKLES,36,80,90.0,689.5,62055.0,2024-10-08
2024100803011241,SAPDBL,71,94,319.0,570.0,181830.0,2024-10-08
2024100803011240,SAPDBL,71,94,261.0,570.0,148770.0,2024-10-08
2024100803011239,SAPDBL,71,54,25.0,569.9,14247.5,2024-10-08
2024100803011238,SAPDBL,71,5,100.0,569.5,56950.0,2024-10-08
2024100803011237,SAPDBL,71,74,500.0,569.0,284500.0,2024-10-08
2024100803011236,SAPDBL,71,54,25.0,567.8,14195.0,2024-10-08
2024100803011235,SAPDBL,71,37,100.0,566.0,56600.0,2024-10-08
2024100803011234,SAPDBL,71,56,140.0,565.0,79100.0,2024-10-08
2024100801014147,C30MF,42,33,1500.0,10.58,15870.0,2024-10-08
2024100804010068,API,8,34,470.0,298.0,140060.0,2024-10-08
2024100804010067,UMHL,45,6,11.0,308.0,3388.0,2024-10-08
2024100804010066,UMHL,77,6,290.0,308.4,89436.0,2024-10-08
2024100801014146,PPL,52,58,50.0,466.0,23300.0,2024-10-08
2024100805008945,HRL,13,6,100.0,864.9,86490.0,2024-10-08
2024100804010065,HPPL,21,38,10.0,322.0,3220.0,2024-10-08
2024100804010064,NLG,55,1,300.0,1302.0,390600.0,2024-10-08
2024100804010063,RADHI,94,32,700.0,393.0,275100.0,2024-10-08
2024100801014145,HIDCLP,14,45,480.0,174.0,83520.0,2024-10-08
2024100805008944,HATHY,8,6,22.0,1427.0,31394.0,2024-10-08
2024100805008943,HATHY,57,6,100.0,1427.0,142700.0,2024-10-08
2024100805008942,HATHY,60,6,50.0,1427.1,71355.0,2024-10-08
2024100805008941,HATHY,56,6,128.0,1427.1,182668.8,2024-10-08
2024100805008940,HATHY,34,6,18.0,1427.5,25695.0,2024-10-08
2024100805008939,HATHY,48,6,14.0,1428.0,19992.0,2024-10-08
2024100805008938,HATHY,54,6,20.0,1428.5,28570.0,2024-10-08
2024100805008937,HATHY,7,6,10.0,1429.0,14290.0,2024-10-08
2024100801014144,DOLTI,35,29,60.0,544.0,32640.0,2024-10-08
2024100805008936,SHIVM,72,34,200.0,594.9,118980.0,2024-10-08
2024100804010062,SHPC,71,1,10.0,548.0,5480.0,2024-10-08
2024100804010061,UAIL,4,26,20.0,641.0,12820.0,2024-10-08
2024100803011233,ICFC,43,14,30.0,728.0,21840.0,2024-10-08
2024100805008935,HIDCL,60,47,50.0,274.0,13700.0,2024-10-08
2024100805008934,HIDCL,60,19,10.0,273.2,2732.0,2024-10-08
2024100805008933,HRL,42,14,10.0,864.0,8640.0,2024-10-08
2024100804010060,PPCL,14,34,20.0,262.0,5240.0,2024-10-08
2024100804010059,AHPC,32,50,849.0,274.1,232710.9,2024-10-08
2024100804010058,AHPC,35,50,466.0,274.1,127730.6,2024-10-08
2024100804010057,AHPC,41,50,185.0,274.2,50727.0,2024-10-08
2024100804010056,AHPC,39,50,500.0,274.3,137150.0,2024-10-08
2024100803011232,MFIL,29,22,20.0,724.0,14480.0,2024-10-08
2024100805008932,VLUCL,77,41,10.0,587.9,5879.0,2024-10-08
2024100804010055,CHCL,46,57,10.0,580.0,5800.0,2024-10-08
2024100804010054,CHCL,57,57,100.0,580.0,58000.0,2024-10-08
2024100804010053,CHCL,45,57,87.0,580.0,50460.0,2024-10-08
2024100804010052,CHCL,43,57,100.0,581.0,58100.0,2024-10-08
2024100804010051,GLH,42,22,10.0,247.0,2470.0,2024-10-08
2024100803011231,PROFL,5,45,100.0,620.0,62000.0,2024-10-08
2024100801014143,BGWT,47,35,48.0,935.0,44880.0,2024-10-08
2024100801014142,BGWT,47,57,100.0,935.0,93500.0,2024-10-08
2024100801014141,BGWT,47,13,13.0,934.9,12153.7,2024-10-08
2024100801014140,BGWT,47,13,19.0,934.9,17763.1,2024-10-08
2024100801014139,BGWT,47,42,10.0,934.8,9348.0,2024-10-08
2024100801014138,BGWT,47,58,50.0,933.8,46690.0,2024-10-08
2024100801014137,BGWT,47,21,300.0,933.0,279900.0,2024-10-08
2024100801014136,BGWT,47,32,10.0,933.0,9330.0,2024-10-08
2024100801014135,BGWT,47,57,10.0,933.0,9330.0,2024-10-08
2024100801014134,BGWT,47,10,100.0,932.9,93290.0,2024-10-08
2024100801014133,BGWT,47,45,150.0,932.7,139905.0,2024-10-08
2024100801014132,BGWT,47,11,140.0,932.6,130564.0,2024-10-08
2024100801014131,BGWT,47,16,50.0,930.0,46500.0,2024-10-08
2024100803011230,NUBL,34,8,10.0,728.0,7280.0,2024-10-08
2024100803011229,NADEP,65,50,54.0,1069.0,57726.0,2024-10-08
2024100803011228,JBBL,58,57,300.0,356.9,107070.0,2024-10-08
2024100803011227,USLB,58,7,10.0,1498.0,14980.0,2024-10-08
2024100803011226,USLB,58,41,50.0,1498.0,74900.0,2024-10-08
2024100803011225,USLB,58,57,40.0,1495.0,59800.0,2024-10-08
2024100803011224,NFS,58,51,110.0,1400.0,154000.0,2024-10-08
2024100803011223,RLFL,34,16,150.0,609.0,91350.0,2024-10-08
2024100801014130,SMH,52,53,10.0,1088.9,10889.0,2024-10-08
2024100803011222,NFS,6,51,100.0,1400.0,140000.0,2024-10-08
2024100804010050,UAIL,13,26,20.0,641.0,12820.0,2024-10-08
2024100804010049,UAIL,11,26,200.0,641.2,128240.0,2024-10-08
2024100804010048,UAIL,58,26,50.0,641.2,32060.0,2024-10-08
2024100804010047,UAIL,6,26,100.0,641.3,64130.0,2024-10-08
2024100804010046,UAIL,1,26,24.0,641.3,15391.2,2024-10-08
2024100801014129,NICA,39,37,12.0,480.0,5760.0,2024-10-08
2024100801014128,NICA,39,28,412.0,479.9,197718.8,2024-10-08
2024100804010045,PRIN,48,41,16.0,980.6,15689.6,2024-10-08
2024100801014127,BHPL,45,28,10.0,673.4,6734.0,2024-10-08
2024100803011221,NFS,7,51,80.0,1400.0,112000.0,2024-10-08
2024100804010044,RADHI,21,38,100.0,395.7,39570.0,2024-10-08
2024100804010043,RADHI,21,38,50.0,395.7,19785.0,2024-10-08
2024100804010042,RADHI,21,35,20.0,395.0,7900.0,2024-10-08
2024100803011220,ICFC,80,14,100.0,728.0,72800.0,2024-10-08
2024100804010041,HDHPC,45,38,930.0,212.3,197439.0,2024-10-08
2024100804010040,HDHPC,48,38,60.0,212.4,12744.0,2024-10-08
2024100804010039,NGPL,67,56,200.0,430.0,86000.0,2024-10-08
2024100801014126,NIMB,14,1,2000.0,241.0,482000.0,2024-10-08
2024100804010038,SHPC,96,26,350.0,546.0,191100.0,2024-10-08
2024100804010037,SHPC,26,26,150.0,546.1,81915.0,2024-10-08
2024100804010036,SHPC,47,26,500.0,546.1,273050.0,2024-10-08
2024100804010035,SHPC,88,26,100.0,546.1,54610.0,2024-10-08
2024100804010034,SHPC,42,26,100.0,546.5,54650.0,2024-10-08
2024100804010033,SHPC,45,26,500.0,548.0,274000.0,2024-10-08
2024100804010032,SHPC,45,26,100.0,549.0,54900.0,2024-10-08
2024100801014125,MHCL,57,13,20.0,384.0,7680.0,2024-10-08
2024100803011219,MPFL,86,11,20.0,697.1,13942.0,2024-10-08
2024100803011218,MPFL,29,11,10.0,697.2,6972.0,2024-10-08
2024100803011217,PMLI,25,55,50.0,567.0,28350.0,2024-10-08
2024100803011216,NFS,51,42,30.0,1399.9,41997.0,2024-10-08
2024100803011215,PROFL,42,45,100.0,620.0,62000.0,2024-10-08
2024100804010031,PRIN,36,39,10.0,984.0,9840.0,2024-10-08
2024100801014124,NICA,34,28,88.0,479.9,42231.2,2024-10-08
2024100801014123,NICA,34,28,500.0,479.8,239900.0,2024-10-08
2024100801014122,NICA,34,28,500.0,479.8,239900.0,2024-10-08
2024100801014121,NICA,34,28,500.0,479.7,239850.0,2024-10-08
2024100801014120,NICA,34,80,10.0,478.0,4780.0,2024-10-08
2024100801014119,NICA,34,39,100.0,478.0,47800.0,2024-10-08
2024100801014118,NICA,34,37,180.0,478.0,86040.0,2024-10-08
2024100801014117,NICA,34,42,22.0,478.0,10516.0,2024-10-08
2024100801014116,NICA,34,57,100.0,477.9,47790.0,2024-10-08
2024100803011214,CFCL,58,49,100.0,607.0,60700.0,2024-10-08
2024100803011213,NFS,6,51,210.0,1400.0,294000.0,2024-10-08
2024100801014115,NYADI,35,14,20.0,321.0,6420.0,2024-10-08
2024100805008931,HIDCL,42,19,30.0,273.2,8196.0,2024-10-08
2024100804010030,NIL,22,34,30.0,922.5,27675.0,2024-10-08
2024100804010029,RIDI,6,1,300.0,236.3,70890.0,2024-10-08
2024100804010028,CGH,7,94,55.0,951.0,52305.0,2024-10-08
2024100804010027,CGH,43,94,100.0,951.1,95110.0,2024-10-08
2024100804010026,SHPC,42,58,100.0,550.0,55000.0,2024-10-08
2024100804010025,SHPC,42,37,400.0,550.0,220000.0,2024-10-08
2024100804010024,RURU,18,42,112.0,843.5,94472.0,2024-10-08
2024100801014114,KBL,42,38,180.0,226.1,40698.0,2024-10-08
2024100801014113,KBL,37,38,100.0,226.2,22620.0,2024-10-08
2024100801014112,KBL,49,38,10.0,226.2,2262.0,2024-10-08
2024100801014111,KBL,42,38,160.0,226.2,36192.0,2024-10-08
2024100801014110,DOLTI,45,51,200.0,543.0,108600.0,2024-10-08
2024100801014109,PCBL,65,34,1418.0,291.9,413914.2,2024-10-08
2024100801014108,PCBL,56,34,516.0,292.0,150672.0,2024-10-08
2024100801014107,PCBL,66,34,550.0,292.0,160600.0,2024-10-08
2024100801014106,PCBL,66,34,216.0,292.0,63072.0,2024-10-08
2024100801014105,PCBL,55,34,300.0,292.1,87630.0,2024-10-08
2024100803011212,NUBL,34,14,30.0,728.0,21840.0,2024-10-08
2024100805008930,ILI,14,6,18.0,499.0,8982.0,2024-10-08
2024100804010023,UNHPL,22,19,14.0,272.0,3808.0,2024-10-08
2024100803011211,SLBBL,59,58,482.0,990.0,477180.0,2024-10-08
2024100803011210,SLBBL,28,58,100.0,990.0,99000.0,2024-10-08
2024100803011209,SLBBL,59,58,128.0,990.0,126720.0,2024-10-08
2024100803011208,SLBBL,59,58,500.0,990.1,495050.0,2024-10-08
2024100803011207,SLBBL,59,58,500.0,990.1,495050.0,2024-10-08
2024100803011206,SLBBL,59,58,500.0,990.1,495050.0,2024-10-08
2024100803011205,SLBBL,59,58,500.0,990.1,495050.0,2024-10-08
2024100803011204,SLBBL,41,58,150.0,990.2,148530.0,2024-10-08
2024100803011203,SLBBL,47,58,50.0,990.2,49510.0,2024-10-08
2024100803011202,SLBBL,59,58,90.0,990.3,89127.0,2024-10-08
2024100804010022,API,42,48,1.0,298.0,298.0,2024-10-08
2024100803011201,NFS,21,51,100.0,1400.0,140000.0,2024-10-08
2024100803011200,RLFL,1,16,50.0,609.0,30450.0,2024-10-08
2024100804010021,KKHC,36,19,70.0,264.0,18480.0,2024-10-08
2024100801014104,NABIL,57,58,17.0,591.0,10047.0,2024-10-08
2024100804010020,API,8,57,481.0,298.0,143338.0,2024-10-08
2024100804010019,API,13,57,20.0,298.5,5970.0,2024-10-08
2024100804010018,CGH,42,49,100.0,952.0,95200.0,2024-10-08
2024100805008929,HRL,42,8,160.0,864.0,138240.0,2024-10-08
2024100805008928,HRL,39,8,100.0,864.0,86400.0,2024-10-08
2024100805008927,HRL,33,8,50.0,864.0,43200.0,2024-10-08
2024100805008926,HRL,19,8,15.0,864.0,12960.0,2024-10-08
2024100805008925,HRL,42,8,20.0,864.0,17280.0,2024-10-08
2024100805008924,HRL,21,8,155.0,864.0,133920.0,2024-10-08
2024100805008923,HDL,34,25,10.0,1342.9,13429.0,2024-10-08
2024100804010017,NLG,55,50,124.0,1302.0,161448.0,2024-10-08
2024100803011199,JFL,36,16,23.0,620.0,14260.0,2024-10-08
2024100801014103,SBL,66,55,70.0,344.0,24080.0,2024-10-08
2024100804010016,RIDI,42,66,1470.0,236.2,347214.0,2024-10-08
2024100804010015,RIDI,42,66,530.0,236.2,125186.0,2024-10-08
