transaction,symbol,buyer,seller,quantity,rate,amount,date
2024121001015476,RFPL,62,7,10.0,1002.0,10020.0,2024-12-10
2024121004013317,CHL,45,48,370.0,413.0,152810.0,2024-12-10
2024121004013316,CHL,58,48,100.0,413.0,41300.0,2024-12-10
2024121004013315,CHL,44,48,30.0,413.0,12390.0,2024-12-10
2024121001015475,SGHC,13,43,10.0,460.0,4600.0,2024-12-10
2024121001015474,SGHC,13,57,91.0,459.9,41850.9,2024-12-10
2024121004013314,BPCL,18,57,10.0,414.0,4140.0,2024-12-10
2024121003013050,SHINE,22,46,10.0,455.5,4555.0,2024-12-10
2024121005010862,NRN,38,58,10.0,1079.9,10799.0,2024-12-10
2024121001015473,BHDC,38,56,40.0,634.0,25360.0,2024-12-10
2024121001015472,MLBS,37,34,20.0,2157.0,43140.0,2024-12-10
2024121003013049,HLI,85,42,381.0,461.0,175641.0,2024-12-10
2024121003013048,HLI,58,42,551.0,461.0,254011.0,2024-12-10
2024121003013047,HLI,58,42,1000.0,462.0,462000.0,2024-12-10
2024121005010861,HDL,49,42,5.0,1368.0,6840.0,2024-12-10
2024121005010860,HDL,57,42,10.0,1368.0,13680.0,2024-12-10
2024121003013046,GMFIL,32,7,10.0,632.8,6328.0,2024-12-10
2024121001015471,UHEWA,32,49,20.0,734.0,14680.0,2024-12-10
2024121001015470,UHEWA,32,19,60.0,733.0,43980.0,2024-12-10
2024121001015469,UHEWA,32,14,20.0,733.0,14660.0,2024-12-10
2024121001015468,UHEWA,32,14,80.0,732.0,58560.0,2024-12-10
2024121001015467,UHEWA,32,54,90.0,730.0,65700.0,2024-12-10
2024121003013045,MLBBL,99,40,59.0,1675.0,98825.0,2024-12-10
2024121003013044,MLBBL,99,16,50.0,1670.0,83500.0,2024-12-10
2024121003013043,MLBBL,99,49,21.0,1670.0,35070.0,2024-12-10
2024121003013042,MLBBL,99,6,40.0,1669.0,66760.0,2024-12-10
2024121003013041,MLBBL,99,67,100.0,1668.0,166800.0,2024-12-10
2024121003013040,MLBBL,99,22,30.0,1652.0,49560.0,2024-12-10
2024121003013039,JFL,41,41,10.0,947.9,9479.0,2024-12-10
2024121005010859,MEL,29,45,10.0,313.3,3133.0,2024-12-10
2024121005010858,NRN,45,36,500.0,1063.8,531900.0,2024-12-10
2024121004013313,UMRH,28,17,10.0,643.9,6439.0,2024-12-10
2024121004013312,KKHC,96,14,10.0,465.5,4655.0,2024-12-10
2024121004013311,CHL,16,45,10.0,413.5,4135.0,2024-12-10
2024121005010857,NIFRA,40,39,146.0,255.0,37230.0,2024-12-10
2024121005010856,NIFRA,40,62,54.0,255.0,13770.0,2024-12-10
2024121001015466,DOLTI,58,22,457.0,693.0,316701.0,2024-12-10
2024121001015465,DOLTI,58,42,500.0,693.0,346500.0,2024-12-10
2024121001015464,DOLTI,58,48,250.0,692.0,173000.0,2024-12-10
2024121001015463,DOLTI,58,42,263.0,692.0,181996.0,2024-12-10
2024121001015462,DOLTI,58,58,10.0,690.0,6900.0,2024-12-10
2024121001015461,DOLTI,58,10,20.0,690.0,13800.0,2024-12-10
2024121003013038,NADEP,58,42,20.0,995.5,19910.0,2024-12-10
2024121001015460,MKCL,39,60,30.0,1548.0,46440.0,2024-12-10
2024121005010855,MEL,53,45,200.0,318.0,63600.0,2024-12-10
2024121003013037,GFCL,53,34,10.0,844.0,8440.0,2024-12-10
2024121004013310,AKPL,53,72,915.0,246.0,225090.0,2024-12-10
2024121004013309,AKPL,53,11,39.0,245.6,9578.4,2024-12-10
2024121003013036,MDB,75,71,108.0,752.0,81216.0,2024-12-10
2024121004013308,MHNL,50,34,35.0,278.0,9730.0,2024-12-10
2024121004013307,MHNL,50,77,137.0,278.0,38086.0,2024-12-10
2024121004013306,MHNL,50,45,90.0,277.0,24930.0,2024-12-10
2024121004013305,MHNL,50,4,38.0,276.0,10488.0,2024-12-10
2024121003013035,JFL,41,35,20.0,947.9,18958.0,2024-12-10
2024121005010854,VLUCL,34,62,10.0,668.9,6689.0,2024-12-10
2024121001015459,TPC,29,36,48.0,552.5,26520.0,2024-12-10
2024121001015458,CZBIL,33,45,50.0,217.7,10885.0,2024-12-10
2024121001015457,CZBIL,33,45,50.0,216.0,10800.0,2024-12-10
2024121005010853,SHIVM,55,77,657.0,562.0,369234.0,2024-12-10
2024121005010852,SHIVM,55,32,20.0,562.0,11240.0,2024-12-10
2024121005010851,SHIVM,55,45,323.0,562.0,181526.0,2024-12-10
2024121005010850,MEL,55,45,143.0,318.0,45474.0,2024-12-10
2024121005010849,MEL,55,54,10.0,318.0,3180.0,2024-12-10
2024121005010848,MEL,55,38,10.0,318.0,3180.0,2024-12-10
2024121005010847,MEL,55,35,30.0,318.0,9540.0,2024-12-10
2024121005010846,MEL,55,34,1000.0,317.0,317000.0,2024-12-10
2024121005010845,MEL,55,42,10.0,316.0,3160.0,2024-12-10
2024121005010844,MEL,55,42,257.0,316.0,81212.0,2024-12-10
2024121005010843,MEL,55,42,240.0,316.0,75840.0,2024-12-10
2024121001015456,PCBL,39,57,753.0,253.7,191036.1,2024-12-10
2024121001015455,PCBL,57,57,500.0,253.8,126900.0,2024-12-10
2024121003013034,NABBC,69,13,30.0,1158.0,34740.0,2024-12-10
2024121003013033,GILB,1,26,10.0,1265.0,12650.0,2024-12-10
2024121003013032,JFL,41,59,350.0,947.9,331765.0,2024-12-10
2024121001015454,SAMAJ,56,38,14.0,3647.3,51062.2,2024-12-10
2024121001015453,SAMAJ,56,1,30.0,3647.0,109410.0,2024-12-10
2024121001015452,SAMAJ,56,41,10.0,3646.9,36469.0,2024-12-10
2024121001015451,SAMAJ,56,38,17.0,3646.0,61982.0,2024-12-10
2024121001015450,SAMAJ,56,42,19.0,3645.0,69255.0,2024-12-10
2024121001015449,SAMAJ,56,11,10.0,3645.0,36450.0,2024-12-10
2024121004013304,NHDL,29,57,10.0,737.0,7370.0,2024-12-10
2024121003013031,NABBC,56,13,200.0,1158.0,231600.0,2024-12-10
2024121003013030,CORBL,29,22,10.0,1647.0,16470.0,2024-12-10
2024121001015448,BEDC,56,70,10.0,567.9,5679.0,2024-12-10
2024121004013303,LEC,10,32,1210.0,211.5,255915.0,2024-12-10
2024121005010842,NRN,42,14,93.0,1065.0,99045.0,2024-12-10
2024121004013302,RURU,42,14,36.0,716.1,25779.6,2024-12-10
2024121004013301,RURU,14,14,114.0,716.2,81646.8,2024-12-10
2024121004013300,RURU,4,14,100.0,716.3,71630.0,2024-12-10
2024121004013299,RURU,48,14,100.0,718.0,71800.0,2024-12-10
2024121003013029,MLBSL,70,18,100.0,2550.0,255000.0,2024-12-10
2024121003013028,NABBC,20,13,41.0,1158.0,47478.0,2024-12-10
2024121003013027,NABBC,20,13,80.0,1158.0,92640.0,2024-12-10
2024121003013026,NABBC,20,42,10.0,1155.0,11550.0,2024-12-10
2024121003013025,NABBC,20,50,50.0,1154.0,57700.0,2024-12-10
2024121003013024,NABBC,20,13,109.0,1153.8,125764.2,2024-12-10
2024121003013023,NABBC,20,58,10.0,1151.0,11510.0,2024-12-10
2024121003013022,GRDBL,20,41,12.0,1015.0,12180.0,2024-12-10
2024121003013021,SMB,94,60,10.0,2735.0,27350.0,2024-12-10
2024121003013020,GRDBL,60,41,18.0,1015.0,18270.0,2024-12-10
2024121003013019,GRDBL,60,41,53.0,1015.0,53795.0,2024-12-10
2024121003013018,GRDBL,60,46,103.0,1015.0,104545.0,2024-12-10
2024121003013017,GRDBL,60,51,53.0,1011.0,53583.0,2024-12-10
2024121003013016,GRDBL,60,4,120.0,1010.0,121200.0,2024-12-10
2024121003013015,GRDBL,60,21,40.0,1010.0,40400.0,2024-12-10
2024121003013014,GRDBL,60,34,700.0,1010.0,707000.0,2024-12-10
2024121003013013,GRDBL,60,34,100.0,1009.9,100990.0,2024-12-10
2024121003013012,GRDBL,60,62,30.0,1009.8,30294.0,2024-12-10
2024121003013011,GRDBL,60,43,83.0,1007.7,83639.1,2024-12-10
2024121001015447,TSHL,66,47,10.0,884.0,8840.0,2024-12-10
2024121003013010,SLBSL,66,38,10.0,1825.0,18250.0,2024-12-10
2024121003013009,JFL,41,22,300.0,947.9,284370.0,2024-12-10
2024121001015446,TAMOR,88,62,30.0,525.0,15750.0,2024-12-10
2024121003013008,MDB,36,71,100.0,752.0,75200.0,2024-12-10
2024121003013007,MDB,49,71,50.0,752.0,37600.0,2024-12-10
2024121003013006,SAPDBL,71,43,10.0,1089.0,10890.0,2024-12-10
2024121003013005,CORBL,71,29,19.0,1646.0,31274.0,2024-12-10
2024121003013004,CORBL,71,35,14.0,1645.0,23030.0,2024-12-10
2024121003013003,CORBL,71,48,50.0,1645.0,82250.0,2024-12-10
2024121003013002,CORBL,71,42,10.0,1640.0,16400.0,2024-12-10
2024121003013001,CORBL,71,48,50.0,1640.0,82000.0,2024-12-10
2024121004013298,SHL,58,8,100.0,487.9,48790.0,2024-12-10
2024121001015445,MMKJL,13,48,10.0,705.0,7050.0,2024-12-10
2024121001015444,MKHC,13,44,10.0,502.0,5020.0,2024-12-10
2024121001015443,MCHL,7,56,10.0,568.0,5680.0,2024-12-10
2024121001015442,MCHL,7,44,10.0,566.0,5660.0,2024-12-10
2024121003013000,SIFC,38,22,10.0,637.0,6370.0,2024-12-10
2024121001015441,MKHC,45,47,19.0,499.4,9488.6,2024-12-10
2024121001015440,MKHC,87,47,11.0,500.0,5500.0,2024-12-10
2024121004013297,SHPC,45,47,102.0,549.3,56028.6,2024-12-10
2024121004013296,SHPC,45,47,50.0,549.5,27475.0,2024-12-10
2024121004013295,SHPC,35,47,150.0,550.0,82500.0,2024-12-10
2024121004013294,SHPC,41,47,18.0,550.0,9900.0,2024-12-10
2024121004013293,SHPC,19,47,30.0,550.0,16500.0,2024-12-10
2024121004013292,SHPC,58,47,100.0,551.0,55100.0,2024-12-10
2024121004013291,SHPC,45,47,3550.0,551.7,1958535.0,2024-12-10
2024121001015439,SARBTM,47,66,81.0,753.0,60993.0,2024-12-10
2024121001015438,SARBTM,47,6,500.0,753.0,376500.0,2024-12-10
2024121001015437,SARBTM,47,51,76.0,753.0,57228.0,2024-12-10
2024121001015436,SARBTM,47,26,270.0,752.9,203283.0,2024-12-10
2024121001015435,SARBTM,47,42,40.0,752.0,30080.0,2024-12-10
2024121001015434,SARBTM,47,39,1033.0,750.0,774750.0,2024-12-10
2024121004013290,SHL,4,34,100.0,488.0,48800.0,2024-12-10
2024121003012999,LICN,42,86,60.0,1251.5,75090.0,2024-12-10
2024121003012998,LICN,49,86,10.0,1252.1,12521.0,2024-12-10
2024121003012997,LICN,58,86,15.0,1254.0,18810.0,2024-12-10
2024121003012996,LICN,69,86,15.0,1255.0,18825.0,2024-12-10
2024121004013289,GLH,11,42,400.0,247.1,98840.0,2024-12-10
2024121003012995,SLBBL,1,97,1166.0,934.0,1089044.0,2024-12-10
2024121003012994,SLBBL,95,97,30.0,935.0,28050.0,2024-12-10
2024121003012993,SLBBL,68,97,435.0,939.2,408552.0,2024-12-10
2024121004013288,GLH,42,56,10.0,248.0,2480.0,2024-12-10
2024121001015433,BGWT,44,58,10.0,982.0,9820.0,2024-12-10
2024121004013287,SPDL,44,41,10.0,323.2,3232.0,2024-12-10
2024121003012992,MLBSL,28,6,10.0,2580.0,25800.0,2024-12-10
2024121003012991,NFS,44,17,250.0,1125.0,281250.0,2024-12-10
2024121001015432,GVL,6,17,100.0,545.0,54500.0,2024-12-10
2024121001015431,GVL,44,17,50.0,545.0,27250.0,2024-12-10
2024121001015430,GVL,51,17,300.0,545.1,163530.0,2024-12-10
2024121001015429,GVL,89,17,50.0,546.0,27300.0,2024-12-10
2024121003012990,MLBBL,90,22,10.0,1652.0,16520.0,2024-12-10
2024121001015428,RAWA,13,16,126.0,793.0,99918.0,2024-12-10
2024121001015427,RAWA,41,16,100.0,793.2,79320.0,2024-12-10
2024121001015426,RAWA,57,16,50.0,794.0,39700.0,2024-12-10
2024121001015425,RAWA,79,16,50.0,794.1,39705.0,2024-12-10
2024121001015424,RAWA,13,16,25.0,795.0,19875.0,2024-12-10
2024121001015423,RAWA,77,16,90.0,796.0,71640.0,2024-12-10
2024121004013286,RADHI,6,34,10.0,387.0,3870.0,2024-12-10
2024121001015422,SPL,39,5,10.0,972.0,9720.0,2024-12-10
2024121004013285,SPIL,41,39,30.0,815.1,24453.0,2024-12-10
2024121004013284,SPIL,45,39,20.0,816.0,16320.0,2024-12-10
2024121004013283,SPIL,18,39,50.0,816.1,40805.0,2024-12-10
2024121003012989,JBBL,21,39,108.0,380.1,41050.8,2024-12-10
2024121003012988,JBBL,34,39,300.0,380.2,114060.0,2024-12-10
2024121003012987,JBBL,58,39,25.0,380.2,9505.0,2024-12-10
2024121004013282,NGPL,39,84,483.0,275.0,132825.0,2024-12-10
2024121004013281,NGPL,26,84,100.0,275.0,27500.0,2024-12-10
2024121004013280,NGPL,74,84,160.0,275.0,44000.0,2024-12-10
2024121004013279,NGPL,58,84,50.0,275.1,13755.0,2024-12-10
2024121004013278,NGPL,57,84,750.0,275.1,206325.0,2024-12-10
2024121004013277,NGPL,58,84,17.0,275.1,4676.7,2024-12-10
2024121004013276,NGPL,56,84,500.0,275.1,137550.0,2024-12-10
2024121004013275,NGPL,45,84,410.0,275.2,112832.0,2024-12-10
2024121004013274,NGPL,34,84,30.0,275.3,8259.0,2024-12-10
2024121005010841,NRN,58,58,378.0,1079.9,408202.2,2024-12-10
2024121005010840,NRN,58,16,500.0,1079.0,539500.0,2024-12-10
2024121005010839,NRN,58,56,10.0,1079.0,10790.0,2024-12-10
2024121005010838,NRN,58,53,45.0,1078.5,48532.5,2024-12-10
2024121005010837,NRN,58,66,65.0,1078.5,70102.5,2024-12-10
2024121005010836,NRN,58,58,727.0,1075.0,781525.0,2024-12-10
2024121005010835,NRN,58,4,500.0,1070.0,535000.0,2024-12-10
2024121005010834,NRN,58,35,111.0,1070.0,118770.0,2024-12-10
2024121005010833,NRN,58,58,164.0,1070.0,175480.0,2024-12-10
2024121003012986,MLBBL,58,22,10.0,1652.0,16520.0,2024-12-10
2024121001015421,SPC,58,6,50.0,524.4,26220.0,2024-12-10
2024121001015420,NYADI,58,58,10.0,353.9,3539.0,2024-12-10
2024121003012985,SMPDA,14,50,467.0,960.0,448320.0,2024-12-10
2024121003012984,SMPDA,25,50,33.0,960.1,31683.3,2024-12-10
2024121001015419,SBL,50,19,60.0,307.0,18420.0,2024-12-10
2024121001015418,TSHL,35,47,10.0,884.0,8840.0,2024-12-10
2024121003012983,JSLBB,35,54,10.0,1590.0,15900.0,2024-12-10
2024121003012982,JFL,41,34,10.0,947.9,9479.0,2024-12-10
2024121001015417,UHEWA,34,54,10.0,730.0,7300.0,2024-12-10
2024121001015416,USHL,58,34,100.0,770.0,77000.0,2024-12-10
2024121004013273,RHPL,52,62,10.0,458.0,4580.0,2024-12-10
2024121003012981,PFL,62,70,87.0,667.9,58107.3,2024-12-10
2024121003012980,PFL,62,49,370.0,667.0,246790.0,2024-12-10
2024121003012979,PFL,62,58,13.0,666.9,8669.7,2024-12-10
2024121003012978,PFL,62,19,250.0,666.9,166725.0,2024-12-10
2024121003012977,PFL,62,38,100.0,666.8,66680.0,2024-12-10
2024121003012976,PFL,62,38,90.0,666.7,60003.0,2024-12-10
2024121003012975,PFL,62,6,90.0,666.6,59994.0,2024-12-10
2024121003012974,JFL,41,57,160.0,947.9,151664.0,2024-12-10
2024121005010832,HATHY,69,26,76.0,1410.0,107160.0,2024-12-10
2024121005010831,HATHY,69,41,39.0,1410.0,54990.0,2024-12-10
2024121005010830,HATHY,69,33,35.0,1409.9,49346.5,2024-12-10
2024121003012973,GMFIL,57,7,10.0,632.8,6328.0,2024-12-10
2024121003012972,MATRI,57,14,40.0,1278.0,51120.0,2024-12-10
2024121004013272,UMRH,77,17,10.0,643.9,6439.0,2024-12-10
2024121004013271,IGI,59,34,50.0,598.0,29900.0,2024-12-10
2024121004013270,IGI,59,57,50.0,598.0,29900.0,2024-12-10
2024121001015415,DORDI,44,56,10.0,537.2,5372.0,2024-12-10
2024121001015414,BHDC,47,56,57.0,630.0,35910.0,2024-12-10
2024121001015413,BHDC,16,56,200.0,630.0,126000.0,2024-12-10
2024121001015412,BHDC,47,56,200.0,630.1,126020.0,2024-12-10
2024121001015411,BHDC,59,56,100.0,630.2,63020.0,2024-12-10
2024121001015410,BHDC,53,56,30.0,631.0,18930.0,2024-12-10
2024121001015409,BHDC,46,56,80.0,631.0,50480.0,2024-12-10
2024121001015408,BHDC,21,56,20.0,631.0,12620.0,2024-12-10
2024121001015407,BHDC,21,56,20.0,631.0,12620.0,2024-12-10
2024121001015406,BHDC,47,56,13.0,631.3,8206.9,2024-12-10
2024121001015405,BHDC,6,56,30.0,632.0,18960.0,2024-12-10
2024121001015404,BHDC,42,56,250.0,632.0,158000.0,2024-12-10
2024121003012971,SLBSL,72,38,100.0,1825.0,182500.0,2024-12-10
2024121001015403,SPC,49,10,206.0,519.0,106914.0,2024-12-10
2024121001015402,SPC,1,10,10.0,519.1,5191.0,2024-12-10
2024121001015401,SPC,51,10,50.0,519.5,25975.0,2024-12-10
2024121001015400,SPC,49,10,200.0,520.0,104000.0,2024-12-10
2024121001015399,SPC,45,10,45.0,520.0,23400.0,2024-12-10
2024121001015398,SPC,58,10,40.0,520.0,20800.0,2024-12-10
2024121001015397,SPC,62,10,200.0,520.0,104000.0,2024-12-10
2024121001015396,SPC,32,10,300.0,520.0,156000.0,2024-12-10
2024121001015395,SPC,49,10,20.0,520.0,10400.0,2024-12-10
2024121001015394,SPC,33,10,100.0,521.0,52100.0,2024-12-10
2024121001015393,SPC,58,10,19.0,522.0,9918.0,2024-12-10
2024121001015392,SPC,37,10,10.0,523.0,5230.0,2024-12-10
2024121003012970,LICN,69,52,20.0,1255.0,25100.0,2024-12-10
2024121003012969,LICN,42,52,40.0,1255.0,50200.0,2024-12-10
2024121003012968,LICN,32,52,190.0,1255.0,238450.0,2024-12-10
2024121003012967,LICN,38,52,35.0,1255.1,43928.5,2024-12-10
2024121003012966,MLBBL,14,22,20.0,1652.0,33040.0,2024-12-10
2024121003012965,SLBSL,66,38,50.0,1825.0,91250.0,2024-12-10
2024121003012964,SLBSL,66,45,10.0,1823.6,18236.0,2024-12-10
2024121003012963,SLBSL,66,19,50.0,1823.1,91155.0,2024-12-10
2024121003012962,SLBSL,66,45,20.0,1823.0,36460.0,2024-12-10
2024121003012961,SLBSL,66,58,37.0,1823.0,67451.0,2024-12-10
2024121003012960,SLBSL,66,51,33.0,1823.0,60159.0,2024-12-10
2024121001015391,MHL,66,61,10.0,895.0,8950.0,2024-12-10
2024121003012959,MLBSL,64,28,100.0,2592.0,259200.0,2024-12-10
2024121003012958,MLBSL,64,6,105.0,2380.0,249900.0,2024-12-10
2024121003012957,MLBSL,64,42,100.0,2364.3,236430.0,2024-12-10
2024121003012956,MLBSL,64,80,50.0,2364.3,118215.0,2024-12-10
2024121003012955,MLBSL,64,52,59.0,2363.6,139452.4,2024-12-10
2024121003012954,MLBSL,64,14,21.0,2363.0,49623.0,2024-12-10
2024121003012953,MLBSL,64,94,10.0,2362.0,23620.0,2024-12-10
2024121003012952,MLBSL,64,38,10.0,2361.0,23610.0,2024-12-10
2024121003012951,MLBSL,64,25,154.0,2357.0,362978.0,2024-12-10
2024121003012950,MLBSL,64,58,21.0,2356.0,49476.0,2024-12-10
2024121003012949,MLBSL,64,34,50.0,2346.1,117305.0,2024-12-10
2024121003012948,MLBSL,64,74,472.0,2346.0,1107312.0,2024-12-10
2024121003012947,MLBSL,64,29,100.0,2346.0,234600.0,2024-12-10
2024121003012946,MLBSL,64,96,50.0,2340.0,117000.0,2024-12-10
2024121003012945,MLBSL,64,29,60.0,2330.7,139842.0,2024-12-10
2024121003012944,JFL,41,51,100.0,947.9,94790.0,2024-12-10
2024121003012943,KRBL,71,45,10.0,817.0,8170.0,2024-12-10
2024121001015390,NWCL,71,58,10.0,1019.0,10190.0,2024-12-10
2024121004013269,NHPC,94,46,432.0,224.2,96854.4,2024-12-10
2024121004013268,NHPC,21,46,450.0,224.5,101025.0,2024-12-10
2024121004013267,NHPC,45,46,38.0,224.5,8531.0,2024-12-10
2024121003012942,KRBL,38,45,251.0,817.0,205067.0,2024-12-10
2024121003012941,KRBL,38,6,150.0,816.9,122535.0,2024-12-10
2024121003012940,KRBL,38,47,50.0,815.0,40750.0,2024-12-10
2024121003012939,KRBL,38,14,10.0,814.0,8140.0,2024-12-10
2024121003012938,KRBL,38,51,15.0,814.0,12210.0,2024-12-10
2024121003012937,KRBL,38,82,300.0,813.9,244170.0,2024-12-10
2024121003012936,KRBL,38,5,224.0,812.0,181888.0,2024-12-10
2024121004013266,PPCL,38,96,150.0,292.9,43935.0,2024-12-10
2024121004013265,PPCL,38,35,50.0,292.0,14600.0,2024-12-10
2024121004013264,KKHC,4,28,10.0,470.0,4700.0,2024-12-10
2024121003012935,NFS,34,82,10.0,1125.1,11251.0,2024-12-10
2024121003012934,NFS,49,82,90.0,1126.0,101340.0,2024-12-10
2024121001015389,MHCL,65,69,10.0,525.0,5250.0,2024-12-10
2024121001015388,NICA,32,42,110.0,405.0,44550.0,2024-12-10
2024121001015387,SMHL,65,65,110.0,1030.0,113300.0,2024-12-10
2024121001015386,SMHL,65,38,300.0,1030.0,309000.0,2024-12-10
2024121001015385,SMHL,65,40,10.0,1029.0,10290.0,2024-12-10
2024121001015384,SMHL,65,58,10.0,1029.0,10290.0,2024-12-10
2024121001015383,SMHL,65,34,10.0,1027.0,10270.0,2024-12-10
2024121001015382,SMHL,65,58,10.0,1027.0,10270.0,2024-12-10
2024121001015381,SMHL,65,38,30.0,1026.0,30780.0,2024-12-10
2024121001015380,SMHL,65,38,10.0,1025.0,10250.0,2024-12-10
2024121001015379,SMHL,65,52,10.0,1025.0,10250.0,2024-12-10
2024121001015378,SMHL,65,57,10.0,1024.9,10249.0,2024-12-10
2024121001015377,SMHL,65,53,50.0,1024.9,51245.0,2024-12-10
2024121001015376,SMHL,65,62,50.0,1024.7,51235.0,2024-12-10
2024121001015375,SMHL,65,48,790.0,1024.0,808960.0,2024-12-10
2024121001015374,SMHL,65,54,100.0,1023.9,102390.0,2024-12-10
2024121004013263,UMHL,11,42,30.0,342.0,10260.0,2024-12-10
2024121005010829,VLUCL,65,62,120.0,668.9,80268.0,2024-12-10
2024121005010828,VLUCL,65,45,60.0,668.8,40128.0,2024-12-10
2024121005010827,VLUCL,65,54,100.0,668.0,66800.0,2024-12-10
2024121005010826,VLUCL,65,58,80.0,665.0,53200.0,2024-12-10
2024121005010825,VLUCL,65,42,220.0,663.0,145860.0,2024-12-10
2024121004013262,UPPER,42,45,100.0,212.8,21280.0,2024-12-10
2024121003012933,SFCL,22,99,24.0,719.1,17258.4,2024-12-10
2024121003012932,SFCL,44,99,26.0,720.0,18720.0,2024-12-10
2024121003012931,ALICL,1,44,100.0,730.0,73000.0,2024-12-10
2024121003012930,ALICL,1,44,100.0,730.0,73000.0,2024-12-10
2024121003012929,SLBSL,5,32,55.0,1822.0,100210.0,2024-12-10
2024121003012928,SLBSL,5,17,10.0,1822.0,18220.0,2024-12-10
2024121003012927,SLBSL,5,17,14.0,1820.0,25480.0,2024-12-10
2024121003012926,SLBSL,5,1,18.0,1819.7,32754.6,2024-12-10
2024121003012925,PFL,40,6,10.0,666.6,6666.0,2024-12-10
2024121001015373,RFPL,62,39,20.0,1002.0,20040.0,2024-12-10
2024121003012924,SLBSL,39,1,82.0,1819.7,149215.4,2024-12-10
2024121003012923,SLBSL,39,19,50.0,1818.1,90905.0,2024-12-10
2024121003012922,SLBSL,39,6,126.0,1818.0,229068.0,2024-12-10
2024121003012921,SLBSL,39,36,14.0,1818.0,25452.0,2024-12-10
2024121003012920,SLBSL,39,17,28.0,1800.0,50400.0,2024-12-10
2024121003012919,SLBSL,39,42,190.0,1787.3,339587.0,2024-12-10
2024121003012918,SLBSL,39,49,10.0,1787.3,17873.0,2024-12-10
2024121003012917,SMB,94,3,50.0,2735.0,136750.0,2024-12-10
2024121001015372,BHDC,50,56,30.0,634.0,19020.0,2024-12-10
2024121004013261,UMRH,50,17,20.0,643.9,12878.0,2024-12-10
2024121001015371,MANDU,42,35,48.0,890.0,42720.0,2024-12-10
2024121001015370,MANDU,48,35,50.0,891.0,44550.0,2024-12-10
2024121001015369,MANDU,32,35,13.0,891.0,11583.0,2024-12-10
2024121005010824,NRIC,49,34,82.0,772.0,63304.0,2024-12-10
2024121005010823,NRIC,28,34,99.0,772.0,76428.0,2024-12-10
2024121005010822,NRIC,7,34,20.0,772.0,15440.0,2024-12-10
2024121005010821,NRIC,5,34,200.0,772.1,154420.0,2024-12-10
2024121005010820,NRIC,1,34,100.0,772.1,77210.0,2024-12-10
2024121005010819,NRIC,49,34,50.0,772.1,38605.0,2024-12-10
2024121005010818,NRIC,28,34,49.0,772.1,37832.9,2024-12-10
2024121001015368,MKJC,75,34,10.0,550.0,5500.0,2024-12-10
2024121004013260,API,49,53,50.0,273.0,13650.0,2024-12-10
2024121004013259,HURJA,33,41,100.0,238.8,23880.0,2024-12-10
2024121003012916,SMFBS,62,41,34.0,2135.8,72617.2,2024-12-10
2024121003012915,SMFBS,62,44,10.0,2135.0,21350.0,2024-12-10
2024121003012914,SMFBS,62,42,250.0,2135.0,533750.0,2024-12-10
2024121003012913,SMFBS,62,65,100.0,2131.0,213100.0,2024-12-10
2024121003012912,SMFBS,62,14,50.0,2131.0,106550.0,2024-12-10
2024121003012911,SMFBS,62,38,20.0,2122.0,42440.0,2024-12-10
2024121003012910,SMFBS,62,74,36.0,2122.0,76392.0,2024-12-10
2024121003012909,MNBBL,57,34,20.0,391.9,7838.0,2024-12-10
2024121003012908,GMFBS,57,38,10.0,1857.0,18570.0,2024-12-10
2024121004013258,NHDL,56,25,439.0,730.5,320689.5,2024-12-10
2024121004013257,NHDL,38,25,12.0,733.1,8797.2,2024-12-10
2024121004013256,NHDL,35,25,49.0,735.0,36015.0,2024-12-10
2024121003012907,BFC,29,22,500.0,774.9,387450.0,2024-12-10
2024121001015367,SBI,36,58,499.0,454.0,226546.0,2024-12-10
2024121001015366,SBI,36,39,90.0,454.0,40860.0,2024-12-10
2024121001015365,SBI,36,8,250.0,453.9,113475.0,2024-12-10
2024121001015364,SBI,36,17,20.0,452.5,9050.0,2024-12-10
2024121001015363,SBI,36,39,141.0,452.0,63732.0,2024-12-10
2024121001015362,CKHL,49,14,127.0,673.0,85471.0,2024-12-10
2024121001015361,CKHL,62,14,30.0,673.0,20190.0,2024-12-10
2024121001015360,CKHL,70,14,190.0,673.1,127889.0,2024-12-10
2024121001015359,CKHL,32,14,50.0,675.0,33750.0,2024-12-10
2024121001015358,CKHL,14,14,80.0,675.3,54024.0,2024-12-10
2024121001015357,CKHL,62,14,23.0,675.4,15534.2,2024-12-10
2024121001015356,MHCL,58,69,10.0,525.0,5250.0,2024-12-10
2024121001015355,HBL,14,62,100.0,239.8,23980.0,2024-12-10
2024121005010817,NRM,36,45,10.0,453.0,4530.0,2024-12-10
2024121005010816,NRM,36,42,10.0,453.0,4530.0,2024-12-10
2024121005010815,NRM,36,55,50.0,452.9,22645.0,2024-12-10
2024121005010814,NRM,36,7,10.0,452.0,4520.0,2024-12-10
2024121005010813,NRM,36,42,10.0,452.0,4520.0,2024-12-10
2024121005010812,NRM,36,58,10.0,452.0,4520.0,2024-12-10
2024121005010811,NRM,36,57,44.0,450.0,19800.0,2024-12-10
2024121001015354,MHCL,22,69,20.0,525.0,10500.0,2024-12-10
2024121003012906,JFL,71,42,20.0,948.0,18960.0,2024-12-10
2024121001015353,TAMOR,7,62,10.0,525.0,5250.0,2024-12-10
2024121003012905,BFC,13,41,140.0,773.0,108220.0,2024-12-10
2024121005010810,SHIVM,48,45,100.0,562.0,56200.0,2024-12-10
2024121004013255,HDHPC,38,17,300.0,208.0,62400.0,2024-12-10
2024121003012904,SINDU,38,34,20.0,994.0,19880.0,2024-12-10
2024121003012903,SINDU,38,34,30.0,990.0,29700.0,2024-12-10
2024121003012902,SMFBS,38,74,64.0,2122.0,135808.0,2024-12-10
2024121003012901,SMFBS,38,45,100.0,2121.0,212100.0,2024-12-10
2024121003012900,SMFBS,38,33,100.0,2120.0,212000.0,2024-12-10
2024121003012899,SMFBS,38,70,36.0,2120.0,76320.0,2024-12-10
2024121005010809,HATHY,47,33,15.0,1409.9,21148.5,2024-12-10
2024121004013254,LEC,35,38,200.0,211.0,42200.0,2024-12-10
2024121004013253,BARUN,29,37,50.0,431.3,21565.0,2024-12-10
2024121003012898,BFC,86,41,10.0,773.0,7730.0,2024-12-10
2024121001015352,EHPL,42,49,10.0,736.0,7360.0,2024-12-10
2024121003012897,JFL,41,26,200.0,947.9,189580.0,2024-12-10
2024121003012896,GRDBL,32,43,10.0,1007.7,10077.0,2024-12-10
2024121001015351,USHL,58,32,580.0,770.0,446600.0,2024-12-10
2024121001015350,USHL,49,32,30.0,770.1,23103.0,2024-12-10
2024121001015349,USHL,26,32,30.0,770.1,23103.0,2024-12-10
2024121001015348,USHL,45,32,50.0,771.0,38550.0,2024-12-10
2024121001015347,USHL,37,32,10.0,771.1,7711.0,2024-12-10
2024121003012895,MLBL,41,44,20.0,410.0,8200.0,2024-12-10
2024121001015346,BHDC,42,41,250.0,632.0,158000.0,2024-12-10
2024121004013252,UMRH,28,17,10.0,643.9,6439.0,2024-12-10
2024121003012894,GUFL,17,13,10.0,727.0,7270.0,2024-12-10
2024121005010808,HDL,57,74,40.0,1368.0,54720.0,2024-12-10
2024121004013251,KKHC,39,49,262.0,474.9,124423.8,2024-12-10
2024121004013250,KKHC,39,36,50.0,443.7,22185.0,2024-12-10
2024121004013249,KKHC,39,18,250.0,443.7,110925.0,2024-12-10
2024121004013248,KKHC,39,3,689.0,443.7,305709.3,2024-12-10
2024121004013247,KKHC,39,28,100.0,443.7,44370.0,2024-12-10
2024121004013246,KKHC,39,35,500.0,443.7,221850.0,2024-12-10
2024121004013245,KKHC,39,38,200.0,443.7,88740.0,2024-12-10
2024121004013244,KKHC,39,42,955.0,443.7,423733.5,2024-12-10
2024121004013243,KKHC,39,51,10.0,443.7,4437.0,2024-12-10
2024121004013242,KKHC,39,58,1000.0,443.7,443700.0,2024-12-10
2024121004013241,KKHC,39,52,100.0,443.7,44370.0,2024-12-10
2024121004013240,KKHC,39,58,1000.0,443.7,443700.0,2024-12-10
2024121004013239,KKHC,39,18,60.0,443.7,26622.0,2024-12-10
2024121004013238,KKHC,39,96,500.0,443.7,221850.0,2024-12-10
2024121004013237,KKHC,39,32,100.0,443.7,44370.0,2024-12-10
2024121004013236,KKHC,39,51,16.0,443.7,7099.2,2024-12-10
2024121004013235,KKHC,39,22,10.0,443.7,4437.0,2024-12-10
2024121004013234,KKHC,39,57,400.0,443.7,177480.0,2024-12-10
2024121004013233,KKHC,39,22,200.0,443.7,88740.0,2024-12-10
2024121004013232,KKHC,39,32,10.0,443.7,4437.0,2024-12-10
2024121004013231,KKHC,39,45,100.0,443.7,44370.0,2024-12-10
2024121004013230,KKHC,39,22,100.0,443.7,44370.0,2024-12-10
2024121004013229,KKHC,39,38,20.0,443.7,8874.0,2024-12-10
2024121004013228,KKHC,39,22,100.0,443.7,44370.0,2024-12-10
2024121004013227,KKHC,39,22,50.0,443.7,22185.0,2024-12-10
2024121004013226,KKHC,39,20,85.0,443.7,37714.5,2024-12-10
2024121004013225,KKHC,39,26,500.0,443.7,221850.0,2024-12-10
2024121004013224,KKHC,39,34,50.0,443.7,22185.0,2024-12-10
2024121004013223,KKHC,39,20,50.0,443.7,22185.0,2024-12-10
2024121004013222,KKHC,39,38,200.0,443.7,88740.0,2024-12-10
2024121004013221,KKHC,39,48,80.0,443.6,35488.0,2024-12-10
2024121004013220,KKHC,39,51,10.0,443.6,4436.0,2024-12-10
2024121004013219,KKHC,39,43,30.0,443.5,13305.0,2024-12-10
2024121004013218,KKHC,39,17,30.0,443.5,13305.0,2024-12-10
2024121004013217,KKHC,39,43,40.0,443.5,17740.0,2024-12-10
2024121004013216,KKHC,39,35,100.0,443.5,44350.0,2024-12-10
2024121004013215,KKHC,39,28,1000.0,443.5,443500.0,2024-12-10
2024121004013214,KKHC,39,57,200.0,443.5,88700.0,2024-12-10
2024121004013213,KKHC,39,28,100.0,443.5,44350.0,2024-12-10
2024121004013212,KKHC,39,20,50.0,443.4,22170.0,2024-12-10
2024121004013211,KKHC,39,57,150.0,443.0,66450.0,2024-12-10
2024121004013210,KKHC,39,6,300.0,443.0,132900.0,2024-12-10
2024121004013209,KKHC,39,57,500.0,443.0,221500.0,2024-12-10
2024121004013208,KKHC,39,1,200.0,443.0,88600.0,2024-12-10
2024121004013207,KKHC,39,73,75.0,443.0,33225.0,2024-12-10
2024121004013206,KKHC,39,45,10.0,443.0,4430.0,2024-12-10
2024121004013205,KKHC,39,52,200.0,443.0,88600.0,2024-12-10
2024121004013204,KKHC,39,58,20.0,443.0,8860.0,2024-12-10
2024121004013203,KKHC,39,42,300.0,443.0,132900.0,2024-12-10
2024121004013202,KKHC,39,59,200.0,443.0,88600.0,2024-12-10
2024121004013201,KKHC,39,95,500.0,442.6,221300.0,2024-12-10
2024121004013200,KKHC,39,45,143.0,442.6,63291.8,2024-12-10
2024121004013199,KKHC,39,26,17.0,442.6,7524.2,2024-12-10
2024121004013198,KKHC,39,35,170.0,442.6,75242.0,2024-12-10
2024121004013197,KKHC,39,42,50.0,442.6,22130.0,2024-12-10
2024121004013196,KKHC,39,22,1000.0,442.6,442600.0,2024-12-10
2024121004013195,KKHC,39,22,2000.0,442.6,885200.0,2024-12-10
2024121004013194,KKHC,39,58,34.0,442.6,15048.4,2024-12-10
2024121004013193,KKHC,39,28,100.0,442.6,44260.0,2024-12-10
2024121004013192,KKHC,39,75,240.0,442.6,106224.0,2024-12-10
2024121004013191,KKHC,39,58,60.0,442.2,26532.0,2024-12-10
2024121004013190,KKHC,39,54,200.0,442.2,88440.0,2024-12-10
2024121004013189,KKHC,39,38,100.0,442.2,44220.0,2024-12-10
2024121004013188,KKHC,39,62,900.0,442.2,397980.0,2024-12-10
2024121004013187,KKHC,39,17,10.0,442.1,4421.0,2024-12-10
2024121004013186,KKHC,39,16,100.0,442.0,44200.0,2024-12-10
2024121004013185,KKHC,39,42,100.0,442.0,44200.0,2024-12-10
2024121004013184,KKHC,39,48,1000.0,442.0,442000.0,2024-12-10
2024121004013183,KKHC,39,58,10.0,442.0,4420.0,2024-12-10
2024121004013182,KKHC,39,21,15.0,442.0,6630.0,2024-12-10
2024121004013181,KKHC,39,37,16.0,442.0,7072.0,2024-12-10
2024121004013180,KKHC,39,58,100.0,442.0,44200.0,2024-12-10
2024121004013179,KKHC,39,57,200.0,442.0,88400.0,2024-12-10
2024121004013178,KKHC,39,65,48.0,442.0,21216.0,2024-12-10
2024121004013177,KKHC,39,22,20.0,442.0,8840.0,2024-12-10
2024121004013176,KKHC,39,58,50.0,441.8,22090.0,2024-12-10
2024121004013175,KKHC,39,54,1400.0,441.8,618520.0,2024-12-10
2024121004013174,KKHC,39,45,10.0,441.8,4418.0,2024-12-10
2024121004013173,KKHC,39,32,100.0,441.8,44180.0,2024-12-10
2024121004013172,KKHC,39,16,30.0,441.6,13248.0,2024-12-10
2024121004013171,KKHC,39,25,200.0,441.6,88320.0,2024-12-10
2024121004013170,KKHC,39,35,200.0,441.6,88320.0,2024-12-10
2024121004013169,KKHC,39,69,200.0,441.6,88320.0,2024-12-10
2024121004013168,KKHC,39,69,100.0,441.6,44160.0,2024-12-10
2024121004013167,KKHC,39,22,20.0,441.6,8832.0,2024-12-10
2024121004013166,KKHC,39,45,200.0,441.0,88200.0,2024-12-10
2024121004013165,KKHC,39,17,50.0,441.0,22050.0,2024-12-10
2024121004013164,KKHC,39,57,1250.0,441.0,551250.0,2024-12-10
2024121004013163,KKHC,39,26,16.0,441.0,7056.0,2024-12-10
2024121004013162,KKHC,39,45,10.0,441.0,4410.0,2024-12-10
2024121004013161,KKHC,39,45,200.0,441.0,88200.0,2024-12-10
2024121004013160,KKHC,39,45,50.0,440.0,22000.0,2024-12-10
2024121004013159,KKHC,39,11,16.0,440.0,7040.0,2024-12-10
2024121004013158,KKHC,39,4,16.0,440.0,7040.0,2024-12-10
2024121004013157,KKHC,39,53,500.0,440.0,220000.0,2024-12-10
2024121004013156,KKHC,39,21,200.0,440.0,88000.0,2024-12-10
2024121004013155,KKHC,39,6,10.0,440.0,4400.0,2024-12-10
2024121004013154,KKHC,39,71,90.0,440.0,39600.0,2024-12-10
2024121004013153,KKHC,39,58,50.0,440.0,22000.0,2024-12-10
2024121004013152,KKHC,39,58,12.0,440.0,5280.0,2024-12-10
2024121004013151,KKHC,39,58,1200.0,440.0,528000.0,2024-12-10
2024121004013150,KKHC,39,14,200.0,440.0,88000.0,2024-12-10
2024121004013149,KKHC,39,57,1000.0,440.0,440000.0,2024-12-10
2024121004013148,KKHC,39,42,10.0,440.0,4400.0,2024-12-10
2024121004013147,KKHC,39,22,100.0,440.0,44000.0,2024-12-10
2024121004013146,KKHC,39,45,485.0,440.0,213400.0,2024-12-10
2024121004013145,KKHC,39,4,125.0,436.0,54500.0,2024-12-10
2024121004013144,KKHC,39,70,10.0,436.0,4360.0,2024-12-10
2024121004013143,KKHC,39,5,50.0,436.0,21800.0,2024-12-10
2024121004013142,KKHC,39,6,200.0,436.0,87200.0,2024-12-10
2024121004013141,KKHC,39,19,90.0,435.0,39150.0,2024-12-10
2024121004013140,KKHC,39,38,300.0,434.0,130200.0,2024-12-10
2024121004013139,KKHC,39,38,10.0,434.0,4340.0,2024-12-10
2024121004013138,KKHC,39,39,1000.0,434.0,434000.0,2024-12-10
2024121004013137,KKHC,39,72,500.0,433.4,216700.0,2024-12-10
2024121004013136,KKHC,39,58,50.0,432.0,21600.0,2024-12-10
2024121004013135,KKHC,39,34,10.0,430.0,4300.0,2024-12-10
2024121004013134,KKHC,39,58,1100.0,428.6,471460.0,2024-12-10
2024121004013133,KKHC,39,22,16.0,428.5,6856.0,2024-12-10
2024121004013132,KKHC,39,71,500.0,428.4,214200.0,2024-12-10
2024121004013131,KKHC,39,42,1000.0,428.4,428400.0,2024-12-10
2024121004013130,KKHC,39,42,100.0,428.4,42840.0,2024-12-10
2024121004013129,KKHC,39,45,200.0,428.4,85680.0,2024-12-10
2024121004013128,KKHC,39,14,252.0,428.4,107956.8,2024-12-10
2024121004013127,KKHC,39,17,200.0,428.0,85600.0,2024-12-10
2024121004013126,KKHC,39,17,211.0,428.0,90308.0,2024-12-10
2024121004013125,KKHC,39,56,30.0,428.0,12840.0,2024-12-10
2024121004013124,KKHC,39,67,200.0,428.0,85600.0,2024-12-10
2024121004013123,KKHC,39,70,500.0,428.0,214000.0,2024-12-10
2024121004013122,KKHC,39,49,1027.0,428.0,439556.0,2024-12-10
2024121004013121,KKHC,39,42,16.0,428.0,6848.0,2024-12-10
2024121004013120,KKHC,39,55,16.0,428.0,6848.0,2024-12-10
2024121004013119,KKHC,39,49,200.0,427.5,85500.0,2024-12-10
2024121004013118,KKHC,39,47,50.0,427.1,21355.0,2024-12-10
2024121004013117,KKHC,39,49,10.0,427.1,4271.0,2024-12-10
2024121004013116,KKHC,39,43,100.0,427.0,42700.0,2024-12-10
2024121004013115,KKHC,39,35,500.0,427.0,213500.0,2024-12-10
2024121004013114,KKHC,39,17,10.0,427.0,4270.0,2024-12-10
2024121004013113,KKHC,39,95,800.0,427.0,341600.0,2024-12-10
2024121004013112,KKHC,39,28,100.0,427.0,42700.0,2024-12-10
2024121004013111,KKHC,39,42,50.0,427.0,21350.0,2024-12-10
2024121004013110,KKHC,39,35,200.0,427.0,85400.0,2024-12-10
2024121004013109,KKHC,39,59,206.0,427.0,87962.0,2024-12-10
2024121004013108,KKHC,39,13,1100.0,427.0,469700.0,2024-12-10
2024121004013107,KKHC,39,45,1000.0,426.5,426500.0,2024-12-10
2024121004013106,KKHC,39,17,200.0,426.3,85260.0,2024-12-10
2024121004013105,KKHC,39,53,80.0,426.3,34104.0,2024-12-10
2024121004013104,KKHC,39,71,10.0,426.3,4263.0,2024-12-10
2024121004013103,KKHC,39,20,500.0,426.0,213000.0,2024-12-10
2024121004013102,KKHC,39,21,1000.0,426.0,426000.0,2024-12-10
2024121004013101,KKHC,39,40,50.0,426.0,21300.0,2024-12-10
2024121004013100,KKHC,39,42,10.0,426.0,4260.0,2024-12-10
2024121004013099,KKHC,39,58,125.0,426.0,53250.0,2024-12-10
2024121004013098,KKHC,39,16,100.0,425.0,42500.0,2024-12-10
2024121004013097,KKHC,39,49,500.0,425.0,212500.0,2024-12-10
2024121004013096,KKHC,39,50,16.0,424.9,6798.4,2024-12-10
2024121004013095,KKHC,39,57,1000.0,424.0,424000.0,2024-12-10
2024121001015345,CITY,34,42,10.0,921.0,9210.0,2024-12-10
2024121003012893,LICN,49,14,50.0,1256.0,62800.0,2024-12-10
2024121001015344,MEHL,17,83,20.0,442.3,8846.0,2024-12-10
2024121001015343,CYCL,62,28,20.0,1650.0,33000.0,2024-12-10
2024121001015342,H8020,35,62,19800.0,10.14,200772.0,2024-12-10
2024121001015341,H8020,42,62,500.0,10.16,5080.0,2024-12-10
2024121001015340,H8020,94,62,17800.0,10.16,180848.0,2024-12-10
2024121001015339,H8020,8,62,500.0,10.17,5085.0,2024-12-10
2024121004013094,UMHL,1,37,40.0,342.5,13700.0,2024-12-10
2024121004013093,UMHL,1,91,110.0,342.0,37620.0,2024-12-10
2024121001015338,MMKJL,39,1,200.0,704.0,140800.0,2024-12-10
2024121005010807,MEL,29,77,390.0,313.3,122187.0,2024-12-10
2024121005010806,MEL,13,77,500.0,313.4,156700.0,2024-12-10
2024121005010805,MEL,25,77,110.0,313.5,34485.0,2024-12-10
2024121003012892,JFL,41,29,33.0,947.9,31280.7,2024-12-10
2024121001015337,KBL,42,57,380.0,215.2,81776.0,2024-12-10
2024121001015336,SRLI,85,21,10.0,429.0,4290.0,2024-12-10
2024121005010804,SMJC,60,10,500.0,546.1,273050.0,2024-12-10
2024121001015335,IHL,60,34,10.0,700.0,7000.0,2024-12-10
2024121001015334,SIKLES,34,64,70.0,783.1,54817.0,2024-12-10
2024121005010803,MBJC,1,58,190.0,355.6,67564.0,2024-12-10
2024121003012891,GFCL,13,34,30.0,844.0,25320.0,2024-12-10
2024121004013092,NIL,47,13,10.0,929.4,9294.0,2024-12-10
2024121004013091,HPPL,38,47,100.0,411.0,41100.0,2024-12-10
2024121003012890,JFL,41,42,50.0,947.9,47395.0,2024-12-10
2024121001015333,RHGCL,26,14,40.0,489.0,19560.0,2024-12-10
2024121003012889,JFL,41,26,200.0,947.9,189580.0,2024-12-10
2024121003012888,JFL,41,13,10.0,947.9,9479.0,2024-12-10
2024121003012887,JFL,41,50,50.0,947.5,47375.0,2024-12-10
2024121003012886,JFL,41,33,100.0,947.0,94700.0,2024-12-10
2024121003012885,JFL,41,10,150.0,947.0,142050.0,2024-12-10
2024121003012884,JFL,41,6,100.0,947.0,94700.0,2024-12-10
2024121003012883,JFL,41,36,100.0,947.0,94700.0,2024-12-10
2024121003012882,JFL,41,44,25.0,947.0,23675.0,2024-12-10
2024121003012881,JFL,41,41,100.0,947.0,94700.0,2024-12-10
2024121003012880,JFL,41,38,50.0,946.5,47325.0,2024-12-10
2024121003012879,JFL,41,58,10.0,946.0,9460.0,2024-12-10
2024121003012878,JFL,41,42,50.0,945.9,47295.0,2024-12-10
2024121003012877,JFL,41,4,50.0,945.8,47290.0,2024-12-10
2024121003012876,JFL,41,6,130.0,945.0,122850.0,2024-12-10
2024121003012875,JFL,41,17,50.0,945.0,47250.0,2024-12-10
2024121003012874,JFL,41,29,99.0,945.0,93555.0,2024-12-10
2024121003012873,JFL,41,32,30.0,945.0,28350.0,2024-12-10
2024121003012872,JFL,41,42,55.0,945.0,51975.0,2024-12-10
2024121003012871,JFL,41,43,1000.0,945.0,945000.0,2024-12-10
2024121003012870,JFL,41,52,90.0,945.0,85050.0,2024-12-10
2024121003012869,JFL,41,36,300.0,945.0,283500.0,2024-12-10
2024121003012868,JFL,41,38,30.0,945.0,28350.0,2024-12-10
2024121003012867,JFL,41,19,90.0,945.0,85050.0,2024-12-10
2024121003012866,JFL,41,4,10.0,945.0,9450.0,2024-12-10
2024121003012865,JFL,41,58,112.0,945.0,105840.0,2024-12-10
2024121003012864,JFL,41,17,50.0,945.0,47250.0,2024-12-10
2024121003012863,JFL,41,3,100.0,945.0,94500.0,2024-12-10
2024121003012862,JFL,41,50,200.0,945.0,189000.0,2024-12-10
2024121003012861,JFL,41,14,80.0,945.0,75600.0,2024-12-10
2024121003012860,JFL,41,21,90.0,945.0,85050.0,2024-12-10
2024121001015332,BHPL,32,37,10.0,768.8,7688.0,2024-12-10
2024121001015331,TVCL,45,25,20.0,508.9,10178.0,2024-12-10
2024121001015330,TVCL,45,58,10.0,508.0,5080.0,2024-12-10
2024121004013090,KKHC,14,39,400.0,399.5,159800.0,2024-12-10
2024121004013089,KKHC,26,39,500.0,399.5,199750.0,2024-12-10
2024121004013088,KKHC,74,39,100.0,399.5,39950.0,2024-12-10
2024121004013087,KKHC,7,39,1000.0,400.0,400000.0,2024-12-10
2024121004013086,KKHC,58,39,1000.0,402.0,402000.0,2024-12-10
2024121004013085,KKHC,29,39,200.0,404.0,80800.0,2024-12-10
2024121004013084,KKHC,57,39,100.0,404.8,40480.0,2024-12-10
2024121004013083,KKHC,54,39,20.0,404.8,8096.0,2024-12-10
2024121004013082,KKHC,62,39,200.0,404.8,80960.0,2024-12-10
2024121004013081,KKHC,71,39,300.0,404.9,121470.0,2024-12-10
2024121004013080,KKHC,59,39,10.0,404.9,4049.0,2024-12-10
2024121004013079,KKHC,34,39,21.0,404.9,8502.9,2024-12-10
2024121004013078,KKHC,74,39,50.0,404.9,20245.0,2024-12-10
2024121004013077,KKHC,35,39,10.0,405.0,4050.0,2024-12-10
2024121004013076,KKHC,28,39,1000.0,405.8,405800.0,2024-12-10
2024121004013075,KKHC,48,39,500.0,405.8,202900.0,2024-12-10
2024121004013074,KKHC,45,39,300.0,405.8,121740.0,2024-12-10
2024121004013073,KKHC,62,39,200.0,405.8,81160.0,2024-12-10
2024121004013072,KKHC,53,39,200.0,406.0,81200.0,2024-12-10
2024121004013071,KKHC,34,39,500.0,406.0,203000.0,2024-12-10
2024121004013070,KKHC,36,39,250.0,406.7,101675.0,2024-12-10
2024121004013069,KKHC,38,39,240.0,406.7,97608.0,2024-12-10
2024121004013068,KKHC,6,39,100.0,406.7,40670.0,2024-12-10
2024121004013067,KKHC,57,39,30.0,406.7,12201.0,2024-12-10
2024121004013066,KKHC,51,39,7000.0,406.9,2848300.0,2024-12-10
2024121004013065,KKHC,11,39,300.0,407.0,122100.0,2024-12-10
2024121004013064,KKHC,16,39,200.0,407.0,81400.0,2024-12-10
2024121004013063,KKHC,67,39,100.0,407.0,40700.0,2024-12-10
2024121004013062,KKHC,57,39,200.0,407.0,81400.0,2024-12-10
2024121004013061,KKHC,53,39,100.0,407.0,40700.0,2024-12-10
2024121004013060,KKHC,22,39,50.0,407.1,20355.0,2024-12-10
2024121004013059,KKHC,58,39,200.0,407.6,81520.0,2024-12-10
2024121004013058,KKHC,74,39,90.0,407.6,36684.0,2024-12-10
2024121004013057,KKHC,48,39,80.0,407.7,32616.0,2024-12-10
2024121004013056,KKHC,44,39,100.0,408.0,40800.0,2024-12-10
2024121004013055,KKHC,51,39,100.0,408.0,40800.0,2024-12-10
2024121004013054,KKHC,58,39,100.0,408.0,40800.0,2024-12-10
2024121004013053,KKHC,42,39,200.0,408.7,81740.0,2024-12-10
2024121004013052,KKHC,96,39,1000.0,408.7,408700.0,2024-12-10
2024121004013051,KKHC,71,39,2500.0,409.6,1024000.0,2024-12-10
2024121004013050,KKHC,42,39,2000.0,409.7,819400.0,2024-12-10
2024121004013049,KKHC,14,39,500.0,410.0,205000.0,2024-12-10
2024121004013048,KKHC,34,39,100.0,410.0,41000.0,2024-12-10
2024121004013047,KKHC,22,39,100.0,410.0,41000.0,2024-12-10
2024121004013046,KKHC,42,39,50.0,410.0,20500.0,2024-12-10
2024121004013045,KKHC,38,39,50.0,410.0,20500.0,2024-12-10
2024121004013044,KKHC,43,39,200.0,410.0,82000.0,2024-12-10
2024121004013043,KKHC,20,39,10.0,410.0,4100.0,2024-12-10
2024121004013042,KKHC,16,39,100.0,410.0,41000.0,2024-12-10
2024121004013041,KKHC,48,39,20.0,410.0,8200.0,2024-12-10
2024121004013040,KKHC,42,39,50.0,410.0,20500.0,2024-12-10
2024121004013039,KKHC,39,39,25.0,410.0,10250.0,2024-12-10
2024121004013038,KKHC,22,39,500.0,410.2,205100.0,2024-12-10
2024121004013037,KKHC,47,39,500.0,410.3,205150.0,2024-12-10
2024121004013036,KKHC,84,39,1000.0,410.6,410600.0,2024-12-10
2024121004013035,KKHC,71,39,500.0,410.9,205450.0,2024-12-10
2024121004013034,KKHC,74,39,200.0,411.0,82200.0,2024-12-10
2024121004013033,KKHC,35,39,500.0,411.0,205500.0,2024-12-10
2024121004013032,KKHC,58,39,45.0,411.0,18495.0,2024-12-10
2024121004013031,KKHC,45,39,250.0,411.0,102750.0,2024-12-10
2024121004013030,KKHC,16,39,20.0,411.7,8234.0,2024-12-10
2024121004013029,KKHC,35,39,12.0,412.0,4944.0,2024-12-10
2024121004013028,KKHC,46,39,1000.0,412.0,412000.0,2024-12-10
2024121004013027,KKHC,58,39,84.0,412.0,34608.0,2024-12-10
2024121004013026,KKHC,81,39,1000.0,412.0,412000.0,2024-12-10
2024121004013025,KKHC,32,39,200.0,412.0,82400.0,2024-12-10
2024121004013024,KKHC,36,39,100.0,412.0,41200.0,2024-12-10
2024121004013023,KKHC,39,39,511.0,412.2,210634.2,2024-12-10
2024121004013022,KKHC,17,39,100.0,412.2,41220.0,2024-12-10
2024121004013021,KKHC,48,39,1000.0,413.0,413000.0,2024-12-10
2024121004013020,KKHC,26,39,300.0,413.0,123900.0,2024-12-10
2024121004013019,KKHC,28,39,10.0,413.0,4130.0,2024-12-10
2024121004013018,KKHC,69,39,50.0,413.0,20650.0,2024-12-10
2024121004013017,KKHC,81,39,100.0,414.0,41400.0,2024-12-10
2024121004013016,KKHC,43,39,100.0,415.5,41550.0,2024-12-10
2024121004013015,KKHC,43,39,100.0,415.8,41580.0,2024-12-10
2024121004013014,KKHC,74,39,300.0,416.5,124950.0,2024-12-10
2024121004013013,KKHC,74,39,900.0,416.5,374850.0,2024-12-10
2024121004013012,KKHC,96,39,500.0,417.4,208700.0,2024-12-10
2024121004013011,KKHC,10,39,500.0,417.7,208850.0,2024-12-10
2024121004013010,KKHC,42,39,124.0,418.0,51832.0,2024-12-10
2024121004013009,UMRH,34,3,218.0,642.2,139999.6,2024-12-10
2024121004013008,UMRH,22,3,57.0,642.4,36616.8,2024-12-10
2024121004013007,UMRH,89,3,25.0,643.0,16075.0,2024-12-10
2024121003012859,MNBBL,50,34,433.0,391.9,169692.7,2024-12-10
2024121004013006,LEC,35,52,50.0,211.0,10550.0,2024-12-10
2024121004013005,LEC,35,45,450.0,211.0,94950.0,2024-12-10
2024121004013004,LEC,35,54,300.0,210.9,63270.0,2024-12-10
2024121001015329,RFPL,62,60,500.0,1045.5,522750.0,2024-12-10
2024121001015328,RFPL,62,45,300.0,1045.5,313650.0,2024-12-10
2024121001015327,RFPL,62,58,100.0,1045.5,104550.0,2024-12-10
2024121001015326,RFPL,62,61,450.0,1045.5,470475.0,2024-12-10
2024121001015325,RFPL,62,49,10.0,1045.5,10455.0,2024-12-10
2024121001015324,RFPL,62,67,20.0,1045.0,20900.0,2024-12-10
2024121001015323,RFPL,62,47,10.0,1031.5,10315.0,2024-12-10
2024121001015322,RFPL,62,85,100.0,1031.5,103150.0,2024-12-10
2024121001015321,RFPL,62,68,100.0,1031.4,103140.0,2024-12-10
2024121001015320,RFPL,62,5,10.0,1031.4,10314.0,2024-12-10
2024121001015319,RFPL,62,41,10.0,1031.4,10314.0,2024-12-10
2024121001015318,RFPL,62,85,200.0,1031.0,206200.0,2024-12-10
2024121001015317,RFPL,62,85,300.0,1031.0,309300.0,2024-12-10
2024121001015316,RFPL,62,38,450.0,1031.0,463950.0,2024-12-10
2024121001015315,RFPL,62,85,450.0,1031.0,463950.0,2024-12-10
2024121001015314,RFPL,62,45,10.0,1031.0,10310.0,2024-12-10
2024121001015313,RFPL,62,38,50.0,1031.0,51550.0,2024-12-10
2024121001015312,RFPL,62,62,150.0,1030.2,154530.0,2024-12-10
2024121001015311,RFPL,62,58,285.0,1030.2,293607.0,2024-12-10
2024121001015310,RFPL,62,35,10.0,1030.0,10300.0,2024-12-10
2024121001015309,RFPL,62,53,10.0,1030.0,10300.0,2024-12-10
2024121001015308,RFPL,62,44,10.0,1030.0,10300.0,2024-12-10
2024121001015307,RFPL,62,38,10.0,1030.0,10300.0,2024-12-10
2024121001015306,RFPL,62,85,50.0,1030.0,51500.0,2024-12-10
2024121001015305,RFPL,62,94,1000.0,1030.0,1030000.0,2024-12-10
2024121001015304,RFPL,62,57,2000.0,1030.0,2060000.0,2024-12-10
2024121001015303,RFPL,62,11,100.0,1030.0,103000.0,2024-12-10
2024121001015302,RFPL,62,51,400.0,1030.0,412000.0,2024-12-10
2024121001015301,RFPL,62,58,10.0,1030.0,10300.0,2024-12-10
2024121001015300,RFPL,62,49,100.0,1030.0,103000.0,2024-12-10
2024121001015299,RFPL,62,45,10.0,1030.0,10300.0,2024-12-10
2024121001015298,RFPL,62,47,10.0,1030.0,10300.0,2024-12-10
2024121001015297,RFPL,62,35,10.0,1030.0,10300.0,2024-12-10
2024121001015296,RFPL,62,57,100.0,1030.0,103000.0,2024-12-10
2024121001015295,RFPL,62,51,200.0,1029.5,205900.0,2024-12-10
2024121001015294,RFPL,62,82,45.0,1029.5,46327.5,2024-12-10
2024121001015293,RFPL,62,62,207.0,1029.0,213003.0,2024-12-10
2024121001015292,RFPL,62,26,10.0,1029.0,10290.0,2024-12-10
2024121001015291,RFPL,62,6,10.0,1027.5,10275.0,2024-12-10
2024121001015290,RFPL,62,57,50.0,1027.0,51350.0,2024-12-10
2024121001015289,RFPL,62,66,10.0,1027.0,10270.0,2024-12-10
2024121001015288,RFPL,62,46,10.0,1026.1,10261.0,2024-12-10
2024121001015287,RFPL,62,84,200.0,1026.1,205220.0,2024-12-10
2024121001015286,RFPL,62,58,10.0,1026.1,10261.0,2024-12-10
2024121001015285,RFPL,62,48,150.0,1026.1,153915.0,2024-12-10
2024121001015284,RFPL,62,57,1000.0,1026.1,1026100.0,2024-12-10
2024121001015283,RFPL,62,42,300.0,1026.0,307800.0,2024-12-10
2024121001015282,RFPL,62,49,200.0,1026.0,205200.0,2024-12-10
2024121001015281,RFPL,62,58,10.0,1026.0,10260.0,2024-12-10
2024121001015280,RFPL,62,44,100.0,1026.0,102600.0,2024-12-10
2024121001015279,RFPL,62,47,10.0,1026.0,10260.0,2024-12-10
2024121001015278,RFPL,62,22,10.0,1025.9,10259.0,2024-12-10
2024121001015277,RFPL,62,47,25.0,1025.8,25645.0,2024-12-10
2024121001015276,RFPL,62,49,110.0,1025.7,112827.0,2024-12-10
2024121001015275,RFPL,62,49,1000.0,1025.7,1025700.0,2024-12-10
2024121001015274,RFPL,62,4,10.0,1025.7,10257.0,2024-12-10
2024121001015273,RFPL,62,49,1000.0,1025.6,1025600.0,2024-12-10
2024121001015272,RFPL,62,49,500.0,1025.3,512650.0,2024-12-10
2024121001015271,RFPL,62,28,10.0,1025.3,10253.0,2024-12-10
2024121001015270,RFPL,62,58,10.0,1025.3,10253.0,2024-12-10
2024121001015269,RFPL,62,28,10.0,1025.3,10253.0,2024-12-10
2024121001015268,RFPL,62,49,1000.0,1025.3,1025300.0,2024-12-10
2024121001015267,RFPL,62,34,200.0,1025.1,205020.0,2024-12-10
2024121001015266,RFPL,62,56,10.0,1025.1,10251.0,2024-12-10
2024121001015265,RFPL,62,48,40.0,1025.1,41004.0,2024-12-10
2024121001015264,RFPL,62,4,1000.0,1025.1,1025100.0,2024-12-10
2024121001015263,RFPL,62,51,10.0,1025.1,10251.0,2024-12-10
2024121001015262,RFPL,62,92,300.0,1025.1,307530.0,2024-12-10
2024121001015261,RFPL,62,10,300.0,1025.0,307500.0,2024-12-10
2024121001015260,RFPL,62,41,20.0,1025.0,20500.0,2024-12-10
2024121001015259,RFPL,62,17,50.0,1025.0,51250.0,2024-12-10
2024121001015258,RFPL,62,21,50.0,1025.0,51250.0,2024-12-10
2024121001015257,RFPL,62,38,100.0,1025.0,102500.0,2024-12-10
2024121001015256,RFPL,62,7,10.0,1025.0,10250.0,2024-12-10
2024121001015255,RFPL,62,21,250.0,1025.0,256250.0,2024-12-10
2024121001015254,RFPL,62,21,250.0,1025.0,256250.0,2024-12-10
2024121001015253,RFPL,62,35,10.0,1025.0,10250.0,2024-12-10
2024121001015252,RFPL,62,92,300.0,1025.0,307500.0,2024-12-10
2024121001015251,RFPL,62,57,60.0,1025.0,61500.0,2024-12-10
2024121001015250,RFPL,62,66,10.0,1025.0,10250.0,2024-12-10
2024121001015249,RFPL,62,50,10.0,1025.0,10250.0,2024-12-10
2024121001015248,RFPL,62,38,100.0,1025.0,102500.0,2024-12-10
2024121001015247,RFPL,62,45,10.0,1025.0,10250.0,2024-12-10
2024121001015246,RFPL,62,66,10.0,1025.0,10250.0,2024-12-10
2024121001015245,RFPL,62,68,300.0,1025.0,307500.0,2024-12-10
2024121001015244,RFPL,62,57,200.0,1025.0,205000.0,2024-12-10
2024121003012858,SLBSL,62,14,12.0,1787.0,21444.0,2024-12-10
2024121001015243,RFPL,62,44,100.0,1025.0,102500.0,2024-12-10
2024121001015242,RFPL,62,49,10.0,1025.0,10250.0,2024-12-10
2024121003012857,SLBSL,62,42,10.0,1787.0,17870.0,2024-12-10
2024121001015241,RFPL,62,51,10.0,1025.0,10250.0,2024-12-10
2024121003012856,SLBSL,62,34,14.0,1785.0,24990.0,2024-12-10
2024121001015240,RFPL,62,19,700.0,1025.0,717500.0,2024-12-10
2024121001015239,RFPL,62,35,10.0,1025.0,10250.0,2024-12-10
2024121003012855,SLBSL,62,57,10.0,1780.0,17800.0,2024-12-10
2024121001015238,RFPL,62,37,40.0,1025.0,41000.0,2024-12-10
2024121001015237,RFPL,62,42,10.0,1025.0,10250.0,2024-12-10
2024121001015236,RFPL,62,44,1000.0,1025.0,1025000.0,2024-12-10
2024121001015235,RFPL,62,36,10.0,1025.0,10250.0,2024-12-10
2024121003012854,SLBSL,62,66,54.0,1778.0,96012.0,2024-12-10
2024121001015234,RFPL,62,58,10.0,1025.0,10250.0,2024-12-10
2024121001015233,RFPL,62,33,10.0,1025.0,10250.0,2024-12-10
2024121001015232,RFPL,62,14,10.0,1025.0,10250.0,2024-12-10
2024121001015231,RFPL,62,7,20.0,1025.0,20500.0,2024-12-10
2024121001015230,RFPL,62,8,500.0,1025.0,512500.0,2024-12-10
2024121001015229,RFPL,62,58,10.0,1025.0,10250.0,2024-12-10
2024121001015228,RFPL,62,58,10.0,1025.0,10250.0,2024-12-10
2024121001015227,RFPL,62,13,10.0,1025.0,10250.0,2024-12-10
2024121001015226,RFPL,62,35,30.0,1025.0,30750.0,2024-12-10
2024121001015225,RFPL,62,49,10.0,1025.0,10250.0,2024-12-10
2024121001015224,RFPL,62,49,10.0,1025.0,10250.0,2024-12-10
2024121001015223,RFPL,62,41,10.0,1025.0,10250.0,2024-12-10
2024121001015222,RFPL,62,34,60.0,1025.0,61500.0,2024-12-10
2024121001015221,RFPL,62,81,10.0,1025.0,10250.0,2024-12-10
2024121001015220,RFPL,62,84,200.0,1025.0,205000.0,2024-12-10
2024121001015219,RFPL,62,49,10.0,1025.0,10250.0,2024-12-10
2024121001015218,RFPL,62,6,150.0,1025.0,153750.0,2024-12-10
2024121001015217,RFPL,62,59,10.0,1025.0,10250.0,2024-12-10
2024121001015216,RFPL,62,57,10.0,1025.0,10250.0,2024-12-10
2024121001015215,RFPL,62,60,250.0,1025.0,256250.0,2024-12-10
2024121001015214,RFPL,62,54,10.0,1025.0,10250.0,2024-12-10
2024121001015213,RFPL,62,45,10.0,1025.0,10250.0,2024-12-10
2024121001015212,RFPL,62,44,10.0,1025.0,10250.0,2024-12-10
2024121001015211,RFPL,62,56,10.0,1025.0,10250.0,2024-12-10
2024121001015210,RFPL,62,77,140.0,1025.0,143500.0,2024-12-10
2024121001015209,RFPL,62,50,100.0,1024.9,102490.0,2024-12-10
2024121001015208,RFPL,62,33,20.0,1024.0,20480.0,2024-12-10
2024121001015207,RFPL,62,21,10.0,1024.0,10240.0,2024-12-10
2024121001015206,RFPL,62,17,50.0,1021.0,51050.0,2024-12-10
2024121001015205,RFPL,62,29,1000.0,1020.0,1020000.0,2024-12-10
2024121001015204,RFPL,62,49,1005.0,1020.0,1025100.0,2024-12-10
2024121001015203,RFPL,62,29,500.0,1020.0,510000.0,2024-12-10
2024121001015202,RFPL,62,58,40.0,1020.0,40800.0,2024-12-10
2024121001015201,RFPL,62,51,10.0,1020.0,10200.0,2024-12-10
2024121001015200,RFPL,62,58,500.0,1020.0,510000.0,2024-12-10
2024121001015199,RFPL,62,36,10.0,1020.0,10200.0,2024-12-10
2024121001015198,RFPL,62,77,10.0,1020.0,10200.0,2024-12-10
2024121001015197,RFPL,62,58,10.0,1020.0,10200.0,2024-12-10
2024121001015196,RFPL,62,67,10.0,1020.0,10200.0,2024-12-10
2024121001015195,RFPL,62,49,10.0,1020.0,10200.0,2024-12-10
2024121001015194,RFPL,62,7,10.0,1020.0,10200.0,2024-12-10
2024121001015193,RFPL,62,82,70.0,1019.4,71358.0,2024-12-10
2024121001015192,RFPL,62,17,50.0,1019.0,50950.0,2024-12-10
2024121001015191,RFPL,62,34,200.0,1019.0,203800.0,2024-12-10
2024121001015190,RFPL,62,1,10.0,1015.0,10150.0,2024-12-10
2024121001015189,RFPL,62,84,200.0,1015.0,203000.0,2024-12-10
2024121001015188,RFPL,62,17,50.0,1015.0,50750.0,2024-12-10
2024121001015187,RFPL,62,4,10.0,1015.0,10150.0,2024-12-10
2024121001015186,RFPL,62,57,10.0,1015.0,10150.0,2024-12-10
2024121001015185,RFPL,62,39,10.0,1015.0,10150.0,2024-12-10
2024121001015184,RFPL,62,58,10.0,1015.0,10150.0,2024-12-10
2024121001015183,RFPL,62,4,10.0,1015.0,10150.0,2024-12-10
2024121001015182,RFPL,62,35,10.0,1015.0,10150.0,2024-12-10
2024121001015181,RFPL,62,6,10.0,1015.0,10150.0,2024-12-10
2024121001015180,RFPL,62,14,10.0,1015.0,10150.0,2024-12-10
2024121001015179,RFPL,62,3,60.0,1014.0,60840.0,2024-12-10
2024121001015178,RFPL,62,21,10.0,1012.0,10120.0,2024-12-10
2024121001015177,RFPL,62,44,10.0,1012.0,10120.0,2024-12-10
2024121001015176,RFPL,62,17,50.0,1011.0,50550.0,2024-12-10
2024121001015175,RFPL,62,32,10.0,1011.0,10110.0,2024-12-10
2024121001015174,RFPL,62,32,50.0,1010.0,50500.0,2024-12-10
2024121001015173,RFPL,62,7,10.0,1010.0,10100.0,2024-12-10
2024121001015172,RFPL,62,41,10.0,1010.0,10100.0,2024-12-10
2024121001015171,RFPL,62,26,10.0,1010.0,10100.0,2024-12-10
2024121001015170,RFPL,62,34,50.0,1010.0,50500.0,2024-12-10
2024121001015169,RFPL,62,41,180.0,1010.0,181800.0,2024-12-10
2024121005010802,SMJC,56,55,10.0,550.0,5500.0,2024-12-10
2024121004013003,NHPC,57,26,45.0,225.0,10125.0,2024-12-10
2024121004013002,UMHL,21,91,10.0,342.0,3420.0,2024-12-10
2024121004013001,UMHL,21,55,20.0,341.1,6822.0,2024-12-10
2024121001015168,GBIME,57,22,20.0,221.7,4434.0,2024-12-10
2024121001015167,SNLI,17,10,20.0,649.0,12980.0,2024-12-10
2024121003012853,SMPDA,14,38,10.0,975.0,9750.0,2024-12-10
2024121003012852,MLBBL,60,22,10.0,1652.0,16520.0,2024-12-10
2024121001015166,KDL,22,66,50.0,1161.0,58050.0,2024-12-10
2024121001015165,MHL,66,61,10.0,895.0,8950.0,2024-12-10
2024121004013000,NICL,34,7,80.0,975.3,78024.0,2024-12-10
2024121003012851,JFL,41,13,35.0,944.9,33071.5,2024-12-10
2024121005010801,ENL,58,13,25.0,1385.0,34625.0,2024-12-10
2024121001015164,EHPL,48,49,50.0,736.0,36800.0,2024-12-10
2024121001015163,NABIL,32,48,80.0,508.1,40648.0,2024-12-10
2024121001015162,NABIL,22,48,20.0,508.2,10164.0,2024-12-10
2024121004012999,SHEL,4,6,133.0,251.4,33436.2,2024-12-10
2024121004012998,SHEL,4,45,167.0,251.1,41933.7,2024-12-10
2024121005010800,SHIVM,38,37,12.0,561.0,6732.0,2024-12-10
2024121004012997,JOSHI,22,25,2679.0,477.0,1277883.0,2024-12-10
2024121004012996,JOSHI,22,22,1091.0,454.9,496295.9,2024-12-10
2024121004012995,JOSHI,22,22,1000.0,454.9,454900.0,2024-12-10
2024121004012994,JOSHI,22,55,50.0,453.9,22695.0,2024-12-10
2024121004012993,JOSHI,22,54,25.0,453.9,11347.5,2024-12-10
2024121004012992,JOSHI,22,41,500.0,453.9,226950.0,2024-12-10
2024121004012991,JOSHI,22,46,25.0,453.9,11347.5,2024-12-10
2024121004012990,JOSHI,22,71,500.0,453.9,226950.0,2024-12-10
2024121004012989,JOSHI,22,13,100.0,453.9,45390.0,2024-12-10
2024121004012988,JOSHI,22,34,25.0,453.9,11347.5,2024-12-10
2024121004012987,JOSHI,22,62,200.0,453.9,90780.0,2024-12-10
2024121004012986,JOSHI,22,57,800.0,453.9,363120.0,2024-12-10
2024121004012985,JOSHI,22,6,1890.0,453.9,857871.0,2024-12-10
2024121004012984,JOSHI,22,26,300.0,453.9,136170.0,2024-12-10
2024121004012983,JOSHI,22,28,200.0,453.9,90780.0,2024-12-10
2024121004012982,JOSHI,22,19,50.0,453.9,22695.0,2024-12-10
2024121004012981,JOSHI,22,22,1000.0,453.9,453900.0,2024-12-10
2024121004012980,JOSHI,22,22,2000.0,453.9,907800.0,2024-12-10
2024121004012979,JOSHI,22,44,200.0,453.9,90780.0,2024-12-10
2024121004012978,JOSHI,22,63,791.0,453.9,359034.9,2024-12-10
2024121004012977,JOSHI,22,49,40.0,453.9,18156.0,2024-12-10
2024121004012976,JOSHI,22,56,10.0,453.9,4539.0,2024-12-10
2024121004012975,JOSHI,22,62,1500.0,453.9,680850.0,2024-12-10
2024121004012974,JOSHI,22,13,20.0,453.9,9078.0,2024-12-10
2024121004012973,JOSHI,22,50,100.0,453.9,45390.0,2024-12-10
2024121004012972,JOSHI,22,75,200.0,453.7,90740.0,2024-12-10
2024121004012971,JOSHI,22,49,40.0,453.7,18148.0,2024-12-10
2024121004012970,JOSHI,22,42,50.0,453.7,22685.0,2024-12-10
2024121004012969,JOSHI,22,19,500.0,453.7,226850.0,2024-12-10
2024121004012968,JOSHI,22,58,1000.0,453.7,453700.0,2024-12-10
2024121004012967,JOSHI,22,38,500.0,453.7,226850.0,2024-12-10
2024121004012966,JOSHI,22,28,300.0,453.7,136110.0,2024-12-10
2024121004012965,JOSHI,22,49,220.0,453.7,99814.0,2024-12-10
2024121004012964,JOSHI,22,44,1000.0,453.5,453500.0,2024-12-10
2024121004012963,JOSHI,22,72,85.0,453.3,38530.5,2024-12-10
2024121004012962,JOSHI,22,44,100.0,453.3,45330.0,2024-12-10
2024121004012961,JOSHI,22,32,200.0,453.3,90660.0,2024-12-10
2024121004012960,JOSHI,22,22,100.0,453.1,45310.0,2024-12-10
2024121004012959,JOSHI,22,47,100.0,453.1,45310.0,2024-12-10
2024121004012958,JOSHI,22,81,270.0,453.1,122337.0,2024-12-10
2024121004012957,JOSHI,22,8,50.0,453.0,22650.0,2024-12-10
2024121004012956,JOSHI,22,58,10.0,453.0,4530.0,2024-12-10
2024121004012955,JOSHI,22,47,50.0,453.0,22650.0,2024-12-10
2024121004012954,JOSHI,22,41,500.0,453.0,226500.0,2024-12-10
2024121004012953,JOSHI,22,16,10.0,453.0,4530.0,2024-12-10
2024121004012952,JOSHI,22,17,30.0,453.0,13590.0,2024-12-10
2024121004012951,JOSHI,22,7,111.0,453.0,50283.0,2024-12-10
2024121004012950,JOSHI,22,35,10.0,453.0,4530.0,2024-12-10
2024121004012949,JOSHI,22,41,10.0,453.0,4530.0,2024-12-10
2024121004012948,JOSHI,22,47,100.0,453.0,45300.0,2024-12-10
2024121004012947,JOSHI,22,45,12.0,453.0,5436.0,2024-12-10
2024121004012946,JOSHI,22,34,100.0,453.0,45300.0,2024-12-10
2024121004012945,JOSHI,22,34,20.0,453.0,9060.0,2024-12-10
2024121004012944,JOSHI,22,13,100.0,453.0,45300.0,2024-12-10
2024121004012943,JOSHI,22,69,20.0,453.0,9060.0,2024-12-10
2024121004012942,JOSHI,22,38,100.0,453.0,45300.0,2024-12-10
2024121004012941,JOSHI,22,41,200.0,452.9,90580.0,2024-12-10
2024121004012940,JOSHI,22,16,400.0,452.8,181120.0,2024-12-10
2024121004012939,JOSHI,22,45,20.0,452.8,9056.0,2024-12-10
2024121004012938,JOSHI,22,34,500.0,452.8,226400.0,2024-12-10
2024121004012937,JOSHI,22,37,400.0,452.8,181120.0,2024-12-10
2024121004012936,JOSHI,22,54,50.0,452.0,22600.0,2024-12-10
2024121004012935,JOSHI,22,34,50.0,452.0,22600.0,2024-12-10
2024121004012934,JOSHI,22,58,100.0,452.0,45200.0,2024-12-10
2024121004012933,JOSHI,22,6,100.0,452.0,45200.0,2024-12-10
2024121004012932,JOSHI,22,49,1459.0,452.0,659468.0,2024-12-10
2024121004012931,JOSHI,22,21,10.0,452.0,4520.0,2024-12-10
2024121004012930,JOSHI,22,45,78.0,451.0,35178.0,2024-12-10
2024121004012929,JOSHI,22,62,1000.0,450.9,450900.0,2024-12-10
2024121004012928,JOSHI,22,56,20.0,450.0,9000.0,2024-12-10
2024121004012927,JOSHI,22,57,20.0,450.0,9000.0,2024-12-10
2024121004012926,JOSHI,22,58,10.0,449.8,4498.0,2024-12-10
2024121004012925,JOSHI,22,58,97.0,449.0,43553.0,2024-12-10
2024121004012924,JOSHI,22,34,10.0,449.0,4490.0,2024-12-10
2024121004012923,JOSHI,22,47,100.0,448.8,44880.0,2024-12-10
2024121004012922,JOSHI,22,17,96.0,448.8,43084.8,2024-12-10
2024121004012921,JOSHI,22,1,100.0,448.8,44880.0,2024-12-10
2024121004012920,JOSHI,22,47,15.0,448.8,6732.0,2024-12-10
2024121004012919,JOSHI,22,42,20.0,448.0,8960.0,2024-12-10
2024121004012918,JOSHI,22,34,50.0,447.6,22380.0,2024-12-10
2024121004012917,JOSHI,22,33,50.0,447.6,22380.0,2024-12-10
2024121004012916,JOSHI,22,34,150.0,447.6,67140.0,2024-12-10
2024121004012915,JOSHI,22,54,1000.0,447.6,447600.0,2024-12-10
2024121004012914,JOSHI,22,22,400.0,447.6,179040.0,2024-12-10
2024121004012913,JOSHI,22,45,50.0,447.0,22350.0,2024-12-10
2024121004012912,JOSHI,22,84,200.0,446.0,89200.0,2024-12-10
2024121004012911,JOSHI,22,17,500.0,446.0,223000.0,2024-12-10
2024121004012910,JOSHI,22,22,100.0,446.0,44600.0,2024-12-10
2024121004012909,JOSHI,22,49,10.0,445.9,4459.0,2024-12-10
2024121004012908,JOSHI,22,28,500.0,445.7,222850.0,2024-12-10
2024121004012907,JOSHI,22,65,100.0,445.7,44570.0,2024-12-10
2024121004012906,JOSHI,22,47,972.0,445.7,433220.4,2024-12-10
2024121004012905,JOSHI,22,54,1000.0,445.0,445000.0,2024-12-10
2024121004012904,JOSHI,22,32,333.0,445.0,148185.0,2024-12-10
2024121004012903,JOSHI,22,17,20.0,445.0,8900.0,2024-12-10
2024121004012902,JOSHI,22,57,20.0,445.0,8900.0,2024-12-10
2024121004012901,JOSHI,22,69,50.0,445.0,22250.0,2024-12-10
2024121004012900,JOSHI,22,4,150.0,445.0,66750.0,2024-12-10
2024121004012899,JOSHI,22,46,290.0,444.9,129021.0,2024-12-10
2024121004012898,JOSHI,22,47,100.0,444.9,44490.0,2024-12-10
2024121004012897,JOSHI,22,47,100.0,444.9,44490.0,2024-12-10
2024121004012896,JOSHI,22,49,70.0,444.9,31143.0,2024-12-10
2024121004012895,JOSHI,22,7,48.0,444.7,21345.6,2024-12-10
2024121004012894,JOSHI,22,8,1000.0,444.5,444500.0,2024-12-10
2024121004012893,JOSHI,22,56,10.0,444.3,4443.0,2024-12-10
2024121004012892,JOSHI,22,33,1000.0,444.0,444000.0,2024-12-10
2024121004012891,JOSHI,22,96,2000.0,444.0,888000.0,2024-12-10
2024121004012890,JOSHI,22,26,1000.0,444.0,444000.0,2024-12-10
2024121004012889,JOSHI,22,34,500.0,444.0,222000.0,2024-12-10
2024121004012888,JOSHI,22,42,20.0,444.0,8880.0,2024-12-10
2024121004012887,JOSHI,22,8,1000.0,444.0,444000.0,2024-12-10
2024121004012886,JOSHI,22,70,50.0,444.0,22200.0,2024-12-10
2024121004012885,JOSHI,22,38,100.0,443.7,44370.0,2024-12-10
2024121004012884,JOSHI,22,22,100.0,443.0,44300.0,2024-12-10
2024121004012883,JOSHI,22,50,1100.0,443.0,487300.0,2024-12-10
2024121004012882,JOSHI,22,45,120.0,443.0,53160.0,2024-12-10
2024121004012881,JOSHI,22,49,70.0,443.0,31010.0,2024-12-10
2024121004012880,JOSHI,22,57,110.0,442.9,48719.0,2024-12-10
2024121004012879,JOSHI,22,28,10.0,442.0,4420.0,2024-12-10
2024121004012878,JOSHI,22,42,273.0,442.0,120666.0,2024-12-10
2024121004012877,JOSHI,22,34,130.0,442.0,57460.0,2024-12-10
2024121004012876,JOSHI,22,49,150.0,441.0,66150.0,2024-12-10
2024121004012875,JOSHI,22,11,200.0,441.0,88200.0,2024-12-10
2024121004012874,JOSHI,22,19,950.0,440.0,418000.0,2024-12-10
2024121004012873,JOSHI,22,55,100.0,440.0,44000.0,2024-12-10
2024121004012872,JOSHI,22,49,30.0,440.0,13200.0,2024-12-10
2024121004012871,JOSHI,22,25,200.0,440.0,88000.0,2024-12-10
2024121004012870,JOSHI,22,13,105.0,440.0,46200.0,2024-12-10
2024121004012869,JOSHI,22,6,20.0,440.0,8800.0,2024-12-10
2024121004012868,JOSHI,22,32,100.0,440.0,44000.0,2024-12-10
2024121004012867,JOSHI,22,7,930.0,440.0,409200.0,2024-12-10
2024121004012866,JOSHI,22,49,10.0,440.0,4400.0,2024-12-10
2024121004012865,JOSHI,22,36,100.0,440.0,44000.0,2024-12-10
2024121004012864,JOSHI,22,39,250.0,439.9,109975.0,2024-12-10
2024121004012863,JOSHI,22,34,20.0,439.0,8780.0,2024-12-10
2024121004012862,JOSHI,22,36,500.0,439.0,219500.0,2024-12-10
2024121004012861,JOSHI,22,39,330.0,439.0,144870.0,2024-12-10
2024121004012860,JOSHI,22,21,100.0,438.9,43890.0,2024-12-10
2024121004012859,JOSHI,22,50,200.0,437.0,87400.0,2024-12-10
2024121004012858,SSHL,45,45,10.0,243.8,2438.0,2024-12-10
2024121003012850,EDBL,6,5,416.0,667.1,277513.6,2024-12-10
2024121003012849,EDBL,14,5,274.0,668.0,183032.0,2024-12-10
2024121003012848,EDBL,42,5,10.0,668.1,6681.0,2024-12-10
2024121001015161,MKCL,42,17,30.0,1541.0,46230.0,2024-12-10
2024121004012857,HPPL,57,33,100.0,410.0,41000.0,2024-12-10
2024121004012856,HPPL,14,33,100.0,410.1,41010.0,2024-12-10
2024121001015160,SCB,58,45,217.0,662.0,143654.0,2024-12-10
2024121003012847,JSLBB,49,58,15.0,1571.0,23565.0,2024-12-10
2024121001015159,DLBS,45,49,50.0,1600.0,80000.0,2024-12-10
2024121003012846,EDBL,62,44,448.0,671.0,300608.0,2024-12-10
2024121003012845,EDBL,62,28,12.0,671.0,8052.0,2024-12-10
2024121003012844,EDBL,62,71,40.0,669.8,26792.0,2024-12-10
2024121001015158,TAMOR,4,62,100.0,525.0,52500.0,2024-12-10
2024121005010799,ILI,34,58,12.0,477.0,5724.0,2024-12-10
2024121003012843,MLBBL,58,22,10.0,1652.0,16520.0,2024-12-10
2024121001015157,RFPL,58,41,20.0,1010.0,20200.0,2024-12-10
2024121001015156,RFPL,58,49,10.0,1010.0,10100.0,2024-12-10
2024121001015155,RFPL,58,51,10.0,1010.0,10100.0,2024-12-10
2024121001015154,RFPL,58,5,10.0,1010.0,10100.0,2024-12-10
2024121001015153,RFPL,58,58,10.0,1010.0,10100.0,2024-12-10
2024121001015152,RFPL,58,49,10.0,1010.0,10100.0,2024-12-10
2024121001015151,RFPL,58,49,10.0,1010.0,10100.0,2024-12-10
2024121001015150,RFPL,58,34,10.0,1010.0,10100.0,2024-12-10
2024121001015149,RFPL,58,56,10.0,1010.0,10100.0,2024-12-10
2024121001015148,RFPL,58,34,10.0,1010.0,10100.0,2024-12-10
2024121001015147,RFPL,58,11,10.0,1009.9,10099.0,2024-12-10
2024121001015146,RFPL,58,17,50.0,1009.0,50450.0,2024-12-10
2024121001015145,RFPL,58,48,100.0,1008.0,100800.0,2024-12-10
2024121001015144,RFPL,58,38,10.0,1008.0,10080.0,2024-12-10
2024121001015143,RFPL,58,35,10.0,1008.0,10080.0,2024-12-10
2024121001015142,RFPL,58,38,10.0,1006.0,10060.0,2024-12-10
2024121001015141,RFPL,58,58,10.0,1006.0,10060.0,2024-12-10
2024121001015140,RFPL,58,48,10.0,1006.0,10060.0,2024-12-10
2024121001015139,RFPL,58,58,120.0,1006.0,120720.0,2024-12-10
2024121001015138,RFPL,58,96,10.0,1006.0,10060.0,2024-12-10
2024121001015137,RFPL,58,89,550.0,1005.0,552750.0,2024-12-10
2024121003012842,NMBMF,56,66,10.0,718.9,7189.0,2024-12-10
2024121005010798,HIDCL,56,34,200.0,248.5,49700.0,2024-12-10
2024121003012841,JFL,41,21,210.0,944.9,198429.0,2024-12-10
2024121003012840,SHINE,29,57,100.0,456.0,45600.0,2024-12-10
2024121003012839,SHINE,42,57,129.0,456.0,58824.0,2024-12-10
2024121003012838,SMFBS,60,70,64.0,2120.0,135680.0,2024-12-10
2024121003012837,SMFBS,60,62,200.0,2118.0,423600.0,2024-12-10
2024121003012836,SMFBS,60,33,300.0,2111.4,633420.0,2024-12-10
2024121003012835,SMFBS,60,42,100.0,2105.0,210500.0,2024-12-10
2024121003012834,SMFBS,60,3,23.0,2105.0,48415.0,2024-12-10
2024121003012833,SMFBS,60,45,140.0,2100.0,294000.0,2024-12-10
2024121003012832,SMFBS,60,45,100.0,2100.0,210000.0,2024-12-10
2024121003012831,SMFBS,60,17,23.0,2100.0,48300.0,2024-12-10
2024121003012830,SMFBS,60,45,200.0,2095.0,419000.0,2024-12-10
2024121003012829,SMFBS,60,45,50.0,2080.0,104000.0,2024-12-10
2024121003012828,SLBSL,66,66,46.0,1778.0,81788.0,2024-12-10
2024121003012827,SLBSL,66,57,270.0,1777.0,479790.0,2024-12-10
2024121003012826,SLBSL,66,34,10.0,1776.9,17769.0,2024-12-10
2024121003012825,SLBSL,66,26,100.0,1765.6,176560.0,2024-12-10
2024121003012824,SLBSL,66,57,10.0,1764.7,17647.0,2024-12-10
2024121003012823,SLBSL,66,62,14.0,1764.7,24705.8,2024-12-10
2024121003012822,SLBSL,66,18,20.0,1764.6,35292.0,2024-12-10
2024121003012821,SLBSL,66,66,50.0,1764.5,88225.0,2024-12-10
2024121003012820,SLBSL,66,42,14.0,1764.0,24696.0,2024-12-10
2024121003012819,SLBSL,66,94,100.0,1764.0,176400.0,2024-12-10
2024121003012818,SLBSL,66,34,35.0,1764.0,61740.0,2024-12-10
2024121003012817,SLBSL,66,34,10.0,1763.9,17639.0,2024-12-10
2024121003012816,SLBSL,66,19,100.0,1763.0,176300.0,2024-12-10
2024121003012815,SLBSL,66,62,100.0,1750.0,175000.0,2024-12-10
2024121003012814,SLBSL,66,41,11.0,1750.0,19250.0,2024-12-10
2024121003012813,SLBSL,66,57,10.0,1749.0,17490.0,2024-12-10
2024121003012812,SLBSL,66,44,100.0,1749.0,174900.0,2024-12-10
2024121005010797,SMATA,58,48,55.0,855.0,47025.0,2024-12-10
2024121004012855,NGPL,48,34,360.0,275.4,99144.0,2024-12-10
2024121004012854,SHL,58,82,100.0,487.9,48790.0,2024-12-10
2024121003012811,JFL,41,26,120.0,944.9,113388.0,2024-12-10
2024121001015136,SPC,58,22,20.0,522.0,10440.0,2024-12-10
2024121001015135,SPC,58,22,10.0,523.0,5230.0,2024-12-10
2024121005010796,CHDC,7,41,20.0,1659.0,33180.0,2024-12-10
2024121004012853,JOSHI,18,22,20.0,415.2,8304.0,2024-12-10
2024121004012852,JOSHI,1,22,500.0,416.5,208250.0,2024-12-10
2024121004012851,JOSHI,21,22,50.0,417.0,20850.0,2024-12-10
2024121004012850,JOSHI,71,22,300.0,417.6,125280.0,2024-12-10
2024121004012849,JOSHI,57,22,400.0,417.6,167040.0,2024-12-10
2024121004012848,JOSHI,48,22,100.0,417.6,41760.0,2024-12-10
2024121004012847,JOSHI,74,22,280.0,417.7,116956.0,2024-12-10
2024121004012846,JOSHI,13,22,500.0,421.4,210700.0,2024-12-10
2024121004012845,JOSHI,74,22,70.0,421.7,29519.0,2024-12-10
2024121004012844,JOSHI,16,22,3000.0,422.0,1266000.0,2024-12-10
2024121004012843,JOSHI,7,22,100.0,422.0,42200.0,2024-12-10
2024121004012842,JOSHI,6,22,200.0,422.0,84400.0,2024-12-10
2024121004012841,JOSHI,74,22,70.0,423.7,29659.0,2024-12-10
2024121004012840,JOSHI,58,22,100.0,424.4,42440.0,2024-12-10
2024121004012839,JOSHI,35,22,100.0,424.4,42440.0,2024-12-10
2024121004012838,JOSHI,54,22,30.0,424.4,12732.0,2024-12-10
2024121004012837,JOSHI,50,22,500.0,424.4,212200.0,2024-12-10
2024121004012836,JOSHI,62,22,200.0,424.4,84880.0,2024-12-10
2024121004012835,JOSHI,22,22,100.0,424.4,42440.0,2024-12-10
2024121004012834,JOSHI,49,22,1000.0,424.4,424400.0,2024-12-10
2024121004012833,JOSHI,51,22,100.0,424.4,42440.0,2024-12-10
2024121004012832,JOSHI,57,22,10.0,424.4,4244.0,2024-12-10
2024121004012831,JOSHI,95,22,500.0,424.4,212200.0,2024-12-10
2024121004012830,JOSHI,7,22,100.0,424.5,42450.0,2024-12-10
2024121004012829,JOSHI,5,22,25.0,424.5,10612.5,2024-12-10
2024121004012828,JOSHI,48,22,100.0,424.5,42450.0,2024-12-10
2024121004012827,JOSHI,51,22,10.0,424.9,4249.0,2024-12-10
2024121004012826,JOSHI,48,22,100.0,425.0,42500.0,2024-12-10
2024121004012825,JOSHI,1,22,1000.0,425.0,425000.0,2024-12-10
2024121004012824,JOSHI,7,22,100.0,425.0,42500.0,2024-12-10
2024121004012823,JOSHI,35,22,500.0,425.0,212500.0,2024-12-10
2024121004012822,JOSHI,22,22,100.0,425.0,42500.0,2024-12-10
2024121004012821,JOSHI,22,22,50.0,425.0,21250.0,2024-12-10
2024121004012820,JOSHI,55,22,200.0,425.3,85060.0,2024-12-10
2024121004012819,JOSHI,5,22,1000.0,425.7,425700.0,2024-12-10
2024121004012818,JOSHI,19,22,200.0,426.3,85260.0,2024-12-10
2024121004012817,JOSHI,71,22,100.0,426.3,42630.0,2024-12-10
2024121004012816,JOSHI,44,22,250.0,426.4,106600.0,2024-12-10
2024121004012815,JOSHI,58,22,10.0,426.5,4265.0,2024-12-10
2024121004012814,JOSHI,58,22,100.0,426.9,42690.0,2024-12-10
2024121004012813,JOSHI,42,22,50.0,427.0,21350.0,2024-12-10
2024121004012812,JOSHI,66,22,200.0,427.3,85460.0,2024-12-10
2024121003012810,JFL,41,96,1000.0,944.9,944900.0,2024-12-10
2024121004012811,JOSHI,11,22,10.0,427.5,4275.0,2024-12-10
2024121004012810,JOSHI,58,22,32.0,427.5,13680.0,2024-12-10
2024121004012809,JOSHI,48,22,50.0,428.0,21400.0,2024-12-10
2024121003012809,MLBBL,53,22,10.0,1652.0,16520.0,2024-12-10
2024121004012808,JOSHI,38,22,30.0,428.0,12840.0,2024-12-10
2024121004012807,JOSHI,17,22,30.0,428.0,12840.0,2024-12-10
2024121004012806,JOSHI,17,22,10.0,428.3,4283.0,2024-12-10
2024121004012805,JOSHI,28,22,580.0,429.3,248994.0,2024-12-10
2024121004012804,JOSHI,39,22,1000.0,429.3,429300.0,2024-12-10
2024121004012803,JOSHI,63,22,200.0,430.0,86000.0,2024-12-10
2024121004012802,JOSHI,45,22,500.0,430.0,215000.0,2024-12-10
2024121004012801,JOSHI,28,22,10.0,430.0,4300.0,2024-12-10
2024121004012800,JOSHI,44,22,500.0,430.0,215000.0,2024-12-10
2024121004012799,JOSHI,39,22,50.0,430.0,21500.0,2024-12-10
2024121004012798,JOSHI,32,22,400.0,430.0,172000.0,2024-12-10
2024121004012797,JOSHI,58,22,15.0,430.0,6450.0,2024-12-10
2024121004012796,JOSHI,74,22,70.0,430.1,30107.0,2024-12-10
2024121004012795,JOSHI,45,22,100.0,430.2,43020.0,2024-12-10
2024121004012794,JOSHI,74,22,1000.0,430.5,430500.0,2024-12-10
2024121004012793,JOSHI,37,22,100.0,431.1,43110.0,2024-12-10
2024121004012792,JOSHI,42,22,50.0,432.0,21600.0,2024-12-10
2024121004012791,JOSHI,7,22,100.0,432.0,43200.0,2024-12-10
2024121004012790,JOSHI,39,22,50.0,432.0,21600.0,2024-12-10
2024121004012789,JOSHI,34,22,20.0,432.0,8640.0,2024-12-10
2024121004012788,JOSHI,33,22,55.0,433.0,23815.0,2024-12-10
2024121004012787,JOSHI,34,22,35.0,433.0,15155.0,2024-12-10
2024121004012786,JOSHI,38,22,100.0,433.3,43330.0,2024-12-10
2024121004012785,JOSHI,77,22,250.0,433.5,108375.0,2024-12-10
2024121004012784,JOSHI,17,22,10.0,433.5,4335.0,2024-12-10
2024121004012783,JOSHI,38,22,90.0,433.5,39015.0,2024-12-10
2024121004012782,JOSHI,54,22,150.0,433.9,65085.0,2024-12-10
2024121004012781,JOSHI,55,22,500.0,434.0,217000.0,2024-12-10
2024121004012780,JOSHI,33,22,350.0,434.3,152005.0,2024-12-10
2024121004012779,JOSHI,96,22,200.0,434.5,86900.0,2024-12-10
2024121004012778,JOSHI,39,22,108.0,435.0,46980.0,2024-12-10
2024121004012777,UMRH,28,17,10.0,643.9,6439.0,2024-12-10
2024121001015134,IHL,58,45,10.0,697.0,6970.0,2024-12-10
2024121005010795,STC,17,41,10.0,5775.0,57750.0,2024-12-10
2024121005010794,SAHAS,57,39,100.0,490.0,49000.0,2024-12-10
2024121003012808,JFL,41,6,25.0,944.9,23622.5,2024-12-10
2024121003012807,NICLBSL,100,34,200.0,678.3,135660.0,2024-12-10
2024121004012776,IGI,33,57,200.0,598.0,119600.0,2024-12-10
2024121005010793,SAHAS,57,62,500.0,490.0,245000.0,2024-12-10
2024121001015133,MANDU,58,55,20.0,891.2,17824.0,2024-12-10
2024121003012806,MLBL,21,44,10.0,410.0,4100.0,2024-12-10
2024121003012805,PROFL,57,62,10.0,664.0,6640.0,2024-12-10
2024121004012775,SHPC,52,58,100.0,551.8,55180.0,2024-12-10
2024121004012774,NGPL,52,34,360.0,275.4,99144.0,2024-12-10
2024121003012804,NFS,13,39,10.0,1130.0,11300.0,2024-12-10
2024121003012803,NFS,13,57,100.0,1129.9,112990.0,2024-12-10
2024121003012802,NFS,13,57,10.0,1129.0,11290.0,2024-12-10
2024121005010792,CHDC,76,54,10.0,1659.0,16590.0,2024-12-10
2024121003012801,GUFL,58,13,10.0,727.0,7270.0,2024-12-10
2024121001015132,SPC,58,6,10.0,524.4,5244.0,2024-12-10
2024121005010791,NRM,44,57,56.0,450.0,25200.0,2024-12-10
2024121005010790,NRM,44,51,200.0,450.0,90000.0,2024-12-10
2024121005010789,NRM,44,7,10.0,450.0,4500.0,2024-12-10
2024121005010788,NRM,44,16,100.0,450.0,45000.0,2024-12-10
2024121005010787,NRM,44,58,10.0,450.0,4500.0,2024-12-10
2024121005010786,NRM,44,42,10.0,450.0,4500.0,2024-12-10
2024121005010785,NRM,44,4,10.0,450.0,4500.0,2024-12-10
2024121005010784,NRM,44,49,10.0,450.0,4500.0,2024-12-10
2024121005010783,NRM,44,11,10.0,450.0,4500.0,2024-12-10
2024121005010782,NRM,44,49,20.0,450.0,9000.0,2024-12-10
2024121005010781,NRM,44,11,10.0,449.7,4497.0,2024-12-10
2024121005010780,NRM,44,69,20.0,449.6,8992.0,2024-12-10
2024121005010779,NRM,44,45,34.0,446.0,15164.0,2024-12-10
2024121001015131,PRVU,38,34,10.0,223.9,2239.0,2024-12-10
2024121005010778,VLUCL,59,87,51.0,662.5,33787.5,2024-12-10
2024121001015130,SARBTM,80,39,467.0,750.0,350250.0,2024-12-10
2024121001015129,SARBTM,80,57,23.0,750.0,17250.0,2024-12-10
2024121001015128,SARBTM,80,48,10.0,749.0,7490.0,2024-12-10
2024121004012773,NHPC,40,26,55.0,225.0,12375.0,2024-12-10
2024121004012772,RURU,39,80,10.0,722.0,7220.0,2024-12-10
2024121004012771,RURU,39,80,10.0,722.0,7220.0,2024-12-10
2024121001015127,SPC,68,6,10.0,524.4,5244.0,2024-12-10
2024121004012770,AKPL,34,11,500.0,245.6,122800.0,2024-12-10
2024121005010777,BBC,45,34,20.0,6420.0,128400.0,2024-12-10
2024121004012769,UNHPL,49,57,10.0,290.0,2900.0,2024-12-10
2024121003012800,NFS,44,55,42.0,1125.0,47250.0,2024-12-10
2024121003012799,NFS,45,55,300.0,1125.1,337530.0,2024-12-10
2024121004012768,PRIN,56,17,10.0,979.0,9790.0,2024-12-10
2024121003012798,GBBL,65,21,314.0,436.0,136904.0,2024-12-10
2024121001015126,TVCL,57,58,10.0,508.0,5080.0,2024-12-10
2024121001015125,NMB,57,54,10.0,238.0,2380.0,2024-12-10
2024121001015124,BEDC,53,70,105.0,569.9,59839.5,2024-12-10
2024121001015123,BEDC,34,70,11.0,570.0,6270.0,2024-12-10
2024121001015122,BEDC,34,70,11.0,571.0,6281.0,2024-12-10
2024121003012797,SLBSL,45,66,209.0,1674.9,350054.1,2024-12-10
2024121003012796,SLBSL,10,66,10.0,1675.0,16750.0,2024-12-10
2024121003012795,SLBSL,36,66,100.0,1680.0,168000.0,2024-12-10
2024121003012794,SLBSL,34,66,54.0,1683.7,90919.8,2024-12-10
2024121003012793,SLBSL,44,66,65.0,1685.0,109525.0,2024-12-10
2024121003012792,SLBSL,26,66,240.0,1686.0,404640.0,2024-12-10
2024121003012791,SLBSL,45,66,200.0,1696.0,339200.0,2024-12-10
2024121003012790,SLBSL,4,66,25.0,1700.0,42500.0,2024-12-10
2024121003012789,SLBSL,66,66,30.0,1700.0,51000.0,2024-12-10
2024121003012788,SLBSL,33,66,30.0,1702.0,51060.0,2024-12-10
2024121003012787,SLBSL,58,66,10.0,1702.0,17020.0,2024-12-10
2024121003012786,SLBSL,63,66,200.0,1706.0,341200.0,2024-12-10
2024121003012785,SLBSL,66,66,50.0,1709.0,85450.0,2024-12-10
2024121003012784,SLBSL,66,66,30.0,1709.0,51270.0,2024-12-10
2024121003012783,SLBSL,58,66,40.0,1709.0,68360.0,2024-12-10
2024121003012782,SLBSL,42,66,452.0,1710.0,772920.0,2024-12-10
2024121003012781,NFS,51,33,10.0,1128.0,11280.0,2024-12-10
2024121001015121,SMHL,65,48,10.0,1024.0,10240.0,2024-12-10
2024121003012780,JFL,41,38,50.0,944.9,47245.0,2024-12-10
2024121004012767,UAIL,38,16,38.0,647.0,24586.0,2024-12-10
2024121004012766,UAIL,38,4,100.0,647.0,64700.0,2024-12-10
2024121004012765,SSHL,38,32,350.0,242.0,84700.0,2024-12-10
2024121004012764,SSHL,49,32,50.0,242.1,12105.0,2024-12-10
2024121001015120,DOLTI,64,41,20.0,687.0,13740.0,2024-12-10
2024121001015119,CITY,35,45,20.0,916.0,18320.0,2024-12-10
2024121001015118,CITY,49,45,150.0,917.4,137610.0,2024-12-10
2024121001015117,CITY,14,45,30.0,918.0,27540.0,2024-12-10
2024121004012763,LEC,55,3,975.0,210.0,204750.0,2024-12-10
2024121004012762,LEC,14,3,100.0,210.0,21000.0,2024-12-10
2024121004012761,LEC,59,3,325.0,210.0,68250.0,2024-12-10
2024121001015116,BNHC,34,14,750.0,508.0,381000.0,2024-12-10
2024121001015115,NYADI,33,58,10.0,353.9,3539.0,2024-12-10
2024121005010776,HATHY,81,59,171.0,1391.5,237946.5,2024-12-10
2024121005010775,HATHY,42,59,100.0,1395.0,139500.0,2024-12-10
2024121005010774,HATHY,4,59,79.0,1395.0,110205.0,2024-12-10
2024121003012779,JFL,41,25,650.0,944.9,614185.0,2024-12-10
2024121003012778,ALBSL,52,58,10.0,850.0,8500.0,2024-12-10
2024121004012760,BARUN,29,57,430.0,431.3,185459.0,2024-12-10
2024121004012759,BARUN,39,57,100.0,431.3,43130.0,2024-12-10
2024121004012758,BARUN,62,57,90.0,431.5,38835.0,2024-12-10
2024121004012757,BARUN,35,57,60.0,431.5,25890.0,2024-12-10
2024121004012756,BARUN,41,57,50.0,431.5,21575.0,2024-12-10
2024121004012755,BARUN,35,57,70.0,431.6,30212.0,2024-12-10
2024121004012754,BARUN,58,57,200.0,431.9,86380.0,2024-12-10
2024121004012753,AKJCL,16,14,916.0,209.0,191444.0,2024-12-10
2024121004012752,AKJCL,57,14,200.0,209.1,41820.0,2024-12-10
2024121004012751,AKJCL,49,14,300.0,209.1,62730.0,2024-12-10
2024121004012750,AKJCL,1,14,200.0,209.2,41840.0,2024-12-10
2024121004012749,AKJCL,62,14,50.0,209.2,10460.0,2024-12-10
2024121004012748,AKJCL,39,14,100.0,209.2,20920.0,2024-12-10
2024121004012747,AKJCL,49,14,34.0,209.3,7116.2,2024-12-10
2024121004012746,AKJCL,38,14,100.0,209.4,20940.0,2024-12-10
2024121004012745,SPDL,70,43,12.0,324.0,3888.0,2024-12-10
2024121004012744,CGH,54,78,10.0,922.0,9220.0,2024-12-10
2024121004012743,SGIC,58,57,30.0,686.0,20580.0,2024-12-10
2024121004012742,IGI,29,41,50.0,597.3,29865.0,2024-12-10
2024121003012777,SAPDBL,74,43,10.0,1089.0,10890.0,2024-12-10
2024121001015114,PRVU,45,45,400.0,222.5,89000.0,2024-12-10
2024121001015113,PRVU,57,45,200.0,222.5,44500.0,2024-12-10
2024121001015112,PRVU,35,45,200.0,222.6,44520.0,2024-12-10
2024121001015111,PRVU,13,45,200.0,222.7,44540.0,2024-12-10
2024121003012776,SAPDBL,49,75,10.0,1082.0,10820.0,2024-12-10
2024121003012775,PROFL,35,62,100.0,664.0,66400.0,2024-12-10
2024121001015110,NBL,49,29,10.0,267.0,2670.0,2024-12-10
2024121001015109,NBL,59,29,80.0,267.0,21360.0,2024-12-10
2024121001015108,RAWA,57,54,10.0,800.0,8000.0,2024-12-10
2024121003012774,MATRI,4,14,10.0,1278.0,12780.0,2024-12-10
2024121003012773,MATRI,44,14,50.0,1278.0,63900.0,2024-12-10
2024121003012772,MATRI,68,14,10.0,1278.0,12780.0,2024-12-10
2024121003012771,MATRI,34,14,20.0,1278.0,25560.0,2024-12-10
2024121003012770,MATRI,41,14,100.0,1278.1,127810.0,2024-12-10
2024121003012769,MATRI,44,14,33.0,1278.1,42177.3,2024-12-10
2024121003012768,MATRI,49,14,10.0,1278.2,12782.0,2024-12-10
2024121004012741,RHPL,52,60,81.0,458.0,37098.0,2024-12-10
2024121004012740,RHPL,58,60,100.0,458.0,45800.0,2024-12-10
2024121004012739,RHPL,29,60,50.0,458.0,22900.0,2024-12-10
2024121004012738,RHPL,39,60,50.0,458.0,22900.0,2024-12-10
2024121004012737,RHPL,16,60,1000.0,458.1,458100.0,2024-12-10
2024121004012736,RHPL,49,60,301.0,458.1,137888.1,2024-12-10
2024121004012735,RHPL,34,60,500.0,458.3,229150.0,2024-12-10
2024121004012734,RHPL,58,60,645.0,458.4,295668.0,2024-12-10
2024121004012733,RHPL,42,60,273.0,458.9,125279.7,2024-12-10
2024121003012767,NABBC,25,13,60.0,1137.0,68220.0,2024-12-10
2024121003012766,NABBC,56,13,40.0,1137.0,45480.0,2024-12-10
2024121005010773,GCIL,21,37,100.0,475.2,47520.0,2024-12-10
2024121005010772,HRL,26,22,50.0,819.8,40990.0,2024-12-10
2024121005010771,HRL,26,34,443.0,819.0,362817.0,2024-12-10
2024121004012732,HURJA,88,38,500.0,237.0,118500.0,2024-12-10
2024121003012765,SADBL,38,49,10.0,444.0,4440.0,2024-12-10
2024121003012764,BFC,33,41,50.0,773.0,38650.0,2024-12-10
2024121001015107,AVYAN,74,22,30.0,1130.0,33900.0,2024-12-10
2024121001015106,AVYAN,74,62,310.0,1130.0,350300.0,2024-12-10
2024121004012731,UMRH,28,17,10.0,643.9,6439.0,2024-12-10
2024121003012763,SKBBL,34,22,10.0,920.0,9200.0,2024-12-10
2024121001015105,BNHC,49,6,85.0,507.9,43171.5,2024-12-10
2024121001015104,BNHC,49,17,50.0,507.0,25350.0,2024-12-10
2024121001015103,BNHC,49,58,10.0,506.0,5060.0,2024-12-10
2024121003012762,JFL,41,49,50.0,944.9,47245.0,2024-12-10
2024121003012761,LICN,38,10,45.0,1255.1,56479.5,2024-12-10
2024121003012760,LICN,49,10,20.0,1255.1,25102.0,2024-12-10
2024121001015102,IHL,60,34,10.0,700.0,7000.0,2024-12-10
2024121001015101,IHL,60,75,100.0,699.9,69990.0,2024-12-10
2024121004012730,SHPC,64,58,100.0,551.8,55180.0,2024-12-10
2024121001015100,SPL,7,5,10.0,972.0,9720.0,2024-12-10
2024121001015099,ULHC,7,7,10.0,497.0,4970.0,2024-12-10
2024121004012729,JOSHI,39,47,50.0,435.0,21750.0,2024-12-10
2024121001015098,KBL,42,42,500.0,215.2,107600.0,2024-12-10
2024121004012728,UMRH,89,7,775.0,643.0,498325.0,2024-12-10
2024121005010770,CIT,62,44,15.0,2172.5,32587.5,2024-12-10
2024121004012727,HURJA,94,66,20.0,238.9,4778.0,2024-12-10
2024121003012759,SMPDA,32,38,10.0,975.0,9750.0,2024-12-10
2024121005010769,HIDCL,41,34,46.0,248.5,11431.0,2024-12-10
2024121005010768,HIDCL,41,54,54.0,248.4,13413.6,2024-12-10
2024121005010767,HDL,5,53,10.0,1368.8,13688.0,2024-12-10
2024121005010766,HDL,5,55,90.0,1368.8,123192.0,2024-12-10
2024121004012726,SHEL,58,45,33.0,251.1,8286.3,2024-12-10
2024121001015097,SCB,45,45,200.0,662.0,132400.0,2024-12-10
2024121004012725,AKPL,58,11,30.0,245.6,7368.0,2024-12-10
2024121004012724,UPPER,53,45,100.0,212.8,21280.0,2024-12-10
2024121003012758,ACLBSL,13,35,30.0,1061.0,31830.0,2024-12-10
2024121003012757,ACLBSL,50,35,200.0,1061.4,212280.0,2024-12-10
2024121003012756,ACLBSL,38,35,20.0,1064.0,21280.0,2024-12-10
2024121001015096,CYCL,62,38,13.0,1649.4,21442.2,2024-12-10
2024121001015095,CYCL,62,8,10.0,1648.0,16480.0,2024-12-10
2024121001015094,CYCL,62,58,20.0,1648.0,32960.0,2024-12-10
2024121001015093,CYCL,62,51,13.0,1645.0,21385.0,2024-12-10
2024121001015092,CYCL,62,43,50.0,1642.0,82100.0,2024-12-10
2024121001015091,CYCL,62,21,168.0,1638.0,275184.0,2024-12-10
2024121001015090,CYCL,62,57,21.0,1631.0,34251.0,2024-12-10
2024121001015089,CYCL,62,5,40.0,1630.0,65200.0,2024-12-10
2024121001015088,CYCL,62,5,10.0,1627.0,16270.0,2024-12-10
2024121001015087,SMHL,65,49,10.0,1015.0,10150.0,2024-12-10
2024121001015086,UNLB,14,55,10.0,2520.0,25200.0,2024-12-10
2024121005010765,SMJC,56,57,470.0,551.0,258970.0,2024-12-10
2024121003012755,JBBL,58,48,50.0,380.2,19010.0,2024-12-10
2024121005010764,SEF,41,26,2000.0,9.75,19500.0,2024-12-10
2024121001015085,NICA,32,37,200.0,405.0,81000.0,2024-12-10
2024121005010763,NRM,42,45,100.0,446.0,44600.0,2024-12-10
2024121004012723,RADHI,32,58,700.0,385.7,269990.0,2024-12-10
2024121004012722,RADHI,32,41,240.0,385.0,92400.0,2024-12-10
2024121003012754,GUFL,25,32,134.0,723.1,96895.4,2024-12-10
2024121003012753,GUFL,57,32,400.0,723.1,289240.0,2024-12-10
2024121003012752,GUFL,57,32,100.0,723.1,72310.0,2024-12-10
2024121003012751,GUFL,14,32,500.0,724.0,362000.0,2024-12-10
2024121003012750,GUFL,45,32,25.0,725.0,18125.0,2024-12-10
2024121003012749,GUFL,54,32,70.0,725.0,50750.0,2024-12-10
2024121003012748,GUFL,57,32,20.0,725.0,14500.0,2024-12-10
2024121003012747,GUFL,34,32,100.0,725.0,72500.0,2024-12-10
2024121003012746,GUFL,32,32,100.0,725.0,72500.0,2024-12-10
2024121003012745,GUFL,39,32,40.0,725.0,29000.0,2024-12-10
2024121003012744,GUFL,13,32,201.0,725.5,145825.5,2024-12-10
2024121003012743,GUFL,45,32,160.0,727.0,116320.0,2024-12-10
2024121001015084,BHPL,77,38,149.0,765.1,113999.9,2024-12-10
2024121001015083,BHPL,49,38,10.0,765.1,7651.0,2024-12-10
2024121001015082,BHPL,4,38,30.0,765.2,22956.0,2024-12-10
2024121001015081,BHPL,32,38,11.0,768.7,8455.7,2024-12-10
2024121005010762,SAHAS,57,41,10.0,490.0,4900.0,2024-12-10
2024121003012742,NFS,44,41,180.0,1125.0,202500.0,2024-12-10
2024121001015080,CZBIL,5,45,400.0,216.0,86400.0,2024-12-10
2024121001015079,EHPL,17,49,100.0,736.0,73600.0,2024-12-10
2024121001015078,CZBIL,14,45,10.0,216.0,2160.0,2024-12-10
2024121001015077,CZBIL,6,45,100.0,216.0,21600.0,2024-12-10
2024121001015076,CZBIL,51,45,150.0,216.0,32400.0,2024-12-10
2024121001015075,CZBIL,14,45,90.0,216.1,19449.0,2024-12-10
2024121004012721,UMRH,28,7,10.0,643.0,6430.0,2024-12-10
2024121004012720,AKPL,7,11,500.0,245.6,122800.0,2024-12-10
2024121004012719,AKPL,6,11,931.0,245.6,228653.6,2024-12-10
2024121004012718,MEN,20,58,424.0,706.0,299344.0,2024-12-10
2024121004012717,MEN,22,58,20.0,706.0,14120.0,2024-12-10
2024121004012716,MEN,8,58,500.0,706.0,353000.0,2024-12-10
2024121004012715,MEN,4,58,306.0,706.2,216097.2,2024-12-10
2024121004012714,MEN,58,58,150.0,706.3,105945.0,2024-12-10
2024121004012713,SHEL,58,6,50.0,251.4,12570.0,2024-12-10
2024121001015074,KBL,42,35,1950.0,215.2,419640.0,2024-12-10
2024121001015073,SRLI,85,25,200.0,429.0,85800.0,2024-12-10
2024121004012712,NGPL,49,34,57.0,275.4,15697.8,2024-12-10
2024121004012711,RHPL,42,59,15.0,458.9,6883.5,2024-12-10
2024121001015072,TAMOR,32,19,200.0,525.0,105000.0,2024-12-10
2024121001015071,TAMOR,39,19,100.0,525.1,52510.0,2024-12-10
2024121001015070,MHL,66,61,320.0,895.0,286400.0,2024-12-10
2024121001015069,MHL,66,45,190.0,894.0,169860.0,2024-12-10
2024121001015068,MHL,66,49,300.0,892.0,267600.0,2024-12-10
2024121001015067,MHL,66,42,10.0,890.0,8900.0,2024-12-10
2024121001015066,MHL,66,45,300.0,887.0,266100.0,2024-12-10
2024121001015065,MHL,66,20,100.0,885.0,88500.0,2024-12-10
2024121001015064,MHL,66,36,10.0,885.0,8850.0,2024-12-10
2024121001015063,MHL,66,52,10.0,885.0,8850.0,2024-12-10
2024121001015062,MHL,66,7,50.0,884.0,44200.0,2024-12-10
2024121001015061,MHL,66,49,10.0,882.0,8820.0,2024-12-10
2024121001015060,MHL,66,45,100.0,880.0,88000.0,2024-12-10
2024121001015059,MHL,66,66,100.0,880.0,88000.0,2024-12-10
2024121001015058,PPL,47,51,90.0,515.6,46404.0,2024-12-10
2024121001015057,PPL,22,51,10.0,516.0,5160.0,2024-12-10
2024121004012710,NGPL,45,7,90.0,275.2,24768.0,2024-12-10
2024121004012709,NGPL,33,7,240.0,275.3,66072.0,2024-12-10
2024121003012741,GBBL,54,59,30.0,436.3,13089.0,2024-12-10
2024121004012708,AKJCL,49,48,66.0,209.3,13813.8,2024-12-10
2024121004012707,AKJCL,58,48,50.0,209.3,10465.0,2024-12-10
2024121004012706,AKJCL,32,48,19.0,209.3,3976.7,2024-12-10
2024121004012705,AKJCL,56,48,100.0,209.4,20940.0,2024-12-10
2024121004012704,AKJCL,58,48,65.0,209.4,13611.0,2024-12-10
2024121004012703,MHNL,8,4,212.0,276.0,58512.0,2024-12-10
2024121001015056,NABIL,42,21,100.0,509.0,50900.0,2024-12-10
2024121003012740,JFL,41,42,1190.0,944.9,1124431.0,2024-12-10
2024121004012702,RHPL,44,14,200.0,459.0,91800.0,2024-12-10
2024121001015055,SNLI,17,22,12.0,649.0,7788.0,2024-12-10
2024121001015054,SNLI,17,7,20.0,649.0,12980.0,2024-12-10
2024121001015053,SNLI,17,38,12.0,649.0,7788.0,2024-12-10
2024121001015052,SNLI,17,48,20.0,649.0,12980.0,2024-12-10
2024121003012739,GFCL,6,34,46.0,844.0,38824.0,2024-12-10
2024121003012738,GFCL,6,44,30.0,843.0,25290.0,2024-12-10
2024121003012737,GFCL,6,42,24.0,840.1,20162.4,2024-12-10
2024121004012701,UAIL,6,50,10.0,646.0,6460.0,2024-12-10
2024121003012736,BFC,33,5,100.0,773.0,77300.0,2024-12-10
2024121005010761,VLUCL,59,25,10.0,662.5,6625.0,2024-12-10
2024121003012735,PFL,32,19,40.0,663.0,26520.0,2024-12-10
2024121004012700,RIDI,21,1,470.0,235.0,110450.0,2024-12-10
2024121004012699,RIDI,94,1,27.0,235.0,6345.0,2024-12-10
2024121004012698,CGH,4,14,200.0,920.0,184000.0,2024-12-10
2024121004012697,MEN,44,56,40.0,706.4,28256.0,2024-12-10
2024121004012696,BARUN,13,14,100.0,432.0,43200.0,2024-12-10
2024121004012695,HDHPC,52,17,300.0,208.0,62400.0,2024-12-10
2024121003012734,ICFC,52,52,10.0,703.0,7030.0,2024-12-10
2024121001015051,UNLB,58,48,65.0,2519.0,163735.0,2024-12-10
2024121004012694,IGI,43,57,40.0,598.0,23920.0,2024-12-10
2024121001015050,BEDC,87,38,200.0,572.0,114400.0,2024-12-10
2024121003012733,LBBL,21,57,10.0,495.0,4950.0,2024-12-10
2024121004012693,HDHPC,5,17,30.0,208.0,6240.0,2024-12-10
2024121004012692,NLG,77,38,200.0,920.0,184000.0,2024-12-10
2024121005010760,PHCL,22,66,10.0,557.0,5570.0,2024-12-10
2024121005010759,NTC,38,49,10.0,955.0,9550.0,2024-12-10
2024121005010758,SAHAS,57,17,155.0,490.0,75950.0,2024-12-10
2024121005010757,SAHAS,22,17,150.0,490.0,73500.0,2024-12-10
2024121005010756,SAHAS,3,17,195.0,490.0,95550.0,2024-12-10
2024121001015049,PRVU,22,34,10.0,223.9,2239.0,2024-12-10
2024121001015048,PRVU,22,1,70.0,223.0,15610.0,2024-12-10
2024121001015047,PRVU,22,99,657.0,223.0,146511.0,2024-12-10
2024121004012691,RIDI,45,50,955.0,236.0,225380.0,2024-12-10
2024121004012690,RIDI,45,58,20.0,236.0,4720.0,2024-12-10
2024121004012689,RIDI,45,82,25.0,236.0,5900.0,2024-12-10
2024121003012732,LICN,49,45,10.0,1255.1,12551.0,2024-12-10
2024121001015046,BNHC,39,58,15.0,506.0,7590.0,2024-12-10
2024121004012688,SALICO,47,50,20.0,701.1,14022.0,2024-12-10
2024121003012731,JFL,41,34,10.0,944.9,9449.0,2024-12-10
2024121001015045,MANDU,58,52,3.0,877.1,2631.3,2024-12-10
2024121003012730,JFL,41,57,100.0,944.9,94490.0,2024-12-10
2024121004012687,SHPC,51,58,50.0,551.8,27590.0,2024-12-10
2024121005010755,HDL,57,13,50.0,1368.0,68400.0,2024-12-10
2024121001015044,SIKLES,34,48,10.0,783.1,7831.0,2024-12-10
2024121003012729,NLIC,57,52,10.0,793.0,7930.0,2024-12-10
2024121003012728,ICFC,43,52,38.0,703.0,26714.0,2024-12-10
2024121003012727,ICFC,43,58,12.0,703.0,8436.0,2024-12-10
2024121003012726,JFL,41,18,1000.0,944.9,944900.0,2024-12-10
2024121004012686,PPCL,8,35,10.0,292.0,2920.0,2024-12-10
2024121003012725,NFS,44,37,200.0,1125.0,225000.0,2024-12-10
2024121003012724,PROFL,50,42,100.0,657.0,65700.0,2024-12-10
2024121003012723,PROFL,38,42,100.0,658.0,65800.0,2024-12-10
2024121004012685,RBCL,41,32,10.0,17188.0,171880.0,2024-12-10
2024121005010754,SHIVM,45,45,300.0,562.0,168600.0,2024-12-10
2024121003012722,KRBL,39,5,20.0,812.0,16240.0,2024-12-10
2024121004012684,PMHPL,6,38,20.0,284.5,5690.0,2024-12-10
2024121003012721,SLBBL,53,44,50.0,949.0,47450.0,2024-12-10
2024121004012683,API,11,53,100.0,273.0,27300.0,2024-12-10
2024121004012682,API,34,53,523.0,273.0,142779.0,2024-12-10
2024121004012681,API,59,53,210.0,273.1,57351.0,2024-12-10
2024121001015043,SANIMA,32,53,221.0,307.5,67957.5,2024-12-10
2024121001015042,SANIMA,42,53,50.0,307.5,15375.0,2024-12-10
2024121001015041,SANIMA,45,53,10.0,307.5,3075.0,2024-12-10
2024121001015040,SANIMA,41,53,19.0,307.9,5850.1,2024-12-10
2024121005010753,NRIC,57,34,271.0,772.1,209239.1,2024-12-10
2024121005010752,NRIC,25,34,329.0,773.0,254317.0,2024-12-10
2024121005010751,NRN,53,58,492.0,1063.8,523389.6,2024-12-10
2024121005010750,NRN,56,58,7000.0,1063.8,7446600.0,2024-12-10
2024121005010749,NRN,25,58,100.0,1063.8,106380.0,2024-12-10
2024121005010748,NRN,38,58,10.0,1063.8,10638.0,2024-12-10
2024121005010747,NRN,57,58,10.0,1063.8,10638.0,2024-12-10
2024121005010746,NRN,54,58,200.0,1063.8,212760.0,2024-12-10
2024121005010745,NRN,29,58,20.0,1063.8,21276.0,2024-12-10
2024121005010744,NRN,13,58,10.0,1063.8,10638.0,2024-12-10
2024121005010743,NRN,38,58,30.0,1063.8,31914.0,2024-12-10
2024121005010742,NRN,13,58,50.0,1063.8,53190.0,2024-12-10
2024121005010741,NRN,29,58,20.0,1063.8,21276.0,2024-12-10
2024121005010740,NRN,25,58,2058.0,1063.8,2189300.4,2024-12-10
2024121005010739,HATHY,4,59,141.0,1395.0,196695.0,2024-12-10
2024121005010738,HATHY,28,59,50.0,1395.0,69750.0,2024-12-10
2024121005010737,HATHY,53,59,50.0,1395.1,69755.0,2024-12-10
2024121005010736,HATHY,60,59,11.0,1395.1,15346.1,2024-12-10
2024121005010735,HATHY,42,59,20.0,1396.0,27920.0,2024-12-10
2024121005010734,HATHY,57,59,78.0,1396.0,108888.0,2024-12-10
2024121004012680,UMRH,22,64,143.0,642.4,91863.2,2024-12-10
2024121004012679,UMRH,22,64,60.0,642.6,38556.0,2024-12-10
2024121004012678,UMRH,65,64,577.0,642.8,370895.6,2024-12-10
2024121004012677,UMRH,36,64,400.0,642.8,257120.0,2024-12-10
2024121004012676,SHPC,51,58,100.0,551.8,55180.0,2024-12-10
2024121005010733,CMF2,21,13,22750.0,9.55,217262.5,2024-12-10
2024121001015039,SPL,80,5,50.0,974.0,48700.0,2024-12-10
2024121001015038,SPL,80,16,150.0,973.0,145950.0,2024-12-10
2024121003012720,LBBL,46,57,12.0,495.0,5940.0,2024-12-10
2024121004012675,UMRH,28,7,10.0,643.0,6430.0,2024-12-10
2024121003012719,SHINE,42,98,156.0,456.0,71136.0,2024-12-10
2024121003012718,SHINE,13,98,344.0,456.0,156864.0,2024-12-10
2024121001015037,MEHL,45,83,170.0,443.0,75310.0,2024-12-10
2024121001015036,MEHL,26,83,50.0,443.0,22150.0,2024-12-10
2024121001015035,MEHL,57,83,260.0,443.0,115180.0,2024-12-10
2024121004012674,API,59,38,50.0,273.1,13655.0,2024-12-10
2024121004012673,API,59,68,90.0,273.1,24579.0,2024-12-10
2024121001015034,ANLB,45,49,10.0,4900.3,49003.0,2024-12-10
2024121001015033,CITY,49,26,90.0,921.0,82890.0,2024-12-10
2024121001015032,CITY,49,22,10.0,920.9,9209.0,2024-12-10
2024121003012717,PFL,70,38,10.0,666.7,6667.0,2024-12-10
2024121003012716,SIFC,60,22,10.0,637.0,6370.0,2024-12-10
2024121001015031,SGHC,45,57,100.0,459.9,45990.0,2024-12-10
2024121001015030,TVCL,57,29,30.0,508.0,15240.0,2024-12-10
2024121003012715,EDBL,57,71,270.0,669.8,180846.0,2024-12-10
2024121003012714,EDBL,57,38,30.0,669.0,20070.0,2024-12-10
2024121004012672,NGPL,33,48,50.0,275.3,13765.0,2024-12-10
2024121001015029,NABIL,49,36,22.0,508.2,11180.4,2024-12-10
2024121005010732,HDL,57,26,100.0,1368.0,136800.0,2024-12-10
2024121003012713,JFL,41,32,100.0,944.9,94490.0,2024-12-10
2024121003012712,GBBL,65,38,100.0,436.0,43600.0,2024-12-10
2024121003012711,GBBL,53,38,50.0,436.1,21805.0,2024-12-10
2024121003012710,GBBL,29,38,150.0,436.1,65415.0,2024-12-10
2024121005010731,CLI,21,45,61.0,689.0,42029.0,2024-12-10
2024121001015028,SBI,42,39,84.0,452.0,37968.0,2024-12-10
2024121001015027,BGWT,50,35,40.0,970.0,38800.0,2024-12-10
2024121001015026,BGWT,74,35,10.0,975.0,9750.0,2024-12-10
2024121004012671,DHPL,34,57,100.0,312.0,31200.0,2024-12-10
2024121005010730,NTC,95,49,55.0,955.0,52525.0,2024-12-10
2024121005010729,NTC,25,49,20.0,955.0,19100.0,2024-12-10
2024121005010728,NTC,58,49,10.0,955.0,9550.0,2024-12-10
2024121005010727,NTC,49,49,40.0,955.0,38200.0,2024-12-10
2024121003012709,SWBBL,58,22,86.0,892.7,76772.2,2024-12-10
2024121005010726,SHIVM,38,14,45.0,561.0,25245.0,2024-12-10
2024121003012708,RLFL,60,59,250.0,636.0,159000.0,2024-12-10
2024121003012707,VLBS,51,47,10.0,892.0,8920.0,2024-12-10
2024121001015025,PCBL,22,57,899.0,253.8,228166.2,2024-12-10
2024121001015024,PCBL,42,57,100.0,253.9,25390.0,2024-12-10
2024121001015023,NICA,32,51,129.0,405.0,52245.0,2024-12-10
2024121003012706,JFL,41,42,180.0,944.9,170082.0,2024-12-10
2024121003012705,ICFC,42,58,10.0,703.0,7030.0,2024-12-10
2024121003012704,SLBSL,42,49,48.0,1710.0,82080.0,2024-12-10
2024121003012703,MNBBL,6,32,150.0,391.6,58740.0,2024-12-10
2024121001015022,BGWT,32,58,10.0,982.0,9820.0,2024-12-10
2024121001015021,NWCL,17,58,30.0,1019.0,30570.0,2024-12-10
2024121003012702,NFS,44,16,117.0,1125.0,131625.0,2024-12-10
2024121003012701,NFS,39,16,150.0,1125.0,168750.0,2024-12-10
2024121003012700,NFS,17,16,10.0,1125.0,11250.0,2024-12-10
2024121003012699,NFS,35,16,10.0,1125.0,11250.0,2024-12-10
2024121003012698,NFS,18,16,50.0,1125.0,56250.0,2024-12-10
2024121003012697,NFS,58,16,30.0,1125.0,33750.0,2024-12-10
2024121003012696,NFS,45,16,10.0,1125.0,11250.0,2024-12-10
2024121003012695,NFS,4,16,93.0,1126.0,104718.0,2024-12-10
2024121003012694,NFS,13,16,30.0,1127.0,33810.0,2024-12-10
2024121004012670,CHL,6,45,100.0,413.5,41350.0,2024-12-10
2024121004012669,CHL,57,45,410.0,413.5,169535.0,2024-12-10
2024121004012668,CHL,44,45,30.0,413.6,12408.0,2024-12-10
2024121004012667,CHL,36,45,114.0,413.6,47150.4,2024-12-10
2024121001015020,ULHC,7,6,485.0,497.0,241045.0,2024-12-10
2024121001015019,ULHC,54,6,15.0,497.0,7455.0,2024-12-10
2024121004012666,NLG,77,50,600.0,920.0,552000.0,2024-12-10
2024121003012693,MLBBL,98,22,10.0,1655.0,16550.0,2024-12-10
2024121003012692,SADBL,43,53,100.0,441.8,44180.0,2024-12-10
2024121005010725,PHCL,38,25,15.0,554.1,8311.5,2024-12-10
2024121003012691,JFL,41,58,30.0,944.9,28347.0,2024-12-10
2024121001015018,MHL,66,77,10.0,880.0,8800.0,2024-12-10
2024121004012665,GLH,58,56,100.0,248.0,24800.0,2024-12-10
2024121005010724,ILI,34,54,12.0,477.0,5724.0,2024-12-10
2024121003012690,NLICL,48,94,482.0,588.0,283416.0,2024-12-10
2024121001015017,BHDC,21,56,10.0,634.0,6340.0,2024-12-10
2024121005010723,CLI,21,32,39.0,689.0,26871.0,2024-12-10
2024121005010722,CLI,38,32,90.0,689.0,62010.0,2024-12-10
2024121003012689,NMLBBL,17,38,10.0,687.0,6870.0,2024-12-10
2024121003012688,JFL,41,41,250.0,944.9,236225.0,2024-12-10
2024121001015016,TVCL,57,22,30.0,502.1,15063.0,2024-12-10
2024121001015015,DOLTI,64,38,500.0,687.0,343500.0,2024-12-10
2024121004012664,NHPC,45,57,462.0,224.5,103719.0,2024-12-10
2024121004012663,UMRH,28,7,10.0,643.0,6430.0,2024-12-10
2024121004012662,SSHL,32,53,500.0,243.0,121500.0,2024-12-10
2024121004012661,SJCL,52,59,50.0,370.2,18510.0,2024-12-10
2024121004012660,NHPC,1,57,300.0,224.5,67350.0,2024-12-10
2024121003012687,JFL,41,1,400.0,944.9,377960.0,2024-12-10
2024121003012686,MLBSL,6,64,10.0,2301.0,23010.0,2024-12-10
2024121001015014,IHL,58,56,49.0,697.0,34153.0,2024-12-10
2024121004012659,CGH,18,57,200.0,920.1,184020.0,2024-12-10
2024121005010721,HATHY,57,13,22.0,1396.0,30712.0,2024-12-10
2024121005010720,HATHY,32,13,198.0,1397.0,276606.0,2024-12-10
2024121003012685,RLFL,54,59,19.0,636.0,12084.0,2024-12-10
2024121004012658,SPDL,26,43,75.0,324.0,24300.0,2024-12-10
2024121004012657,HURJA,88,42,585.0,237.0,138645.0,2024-12-10
2024121004012656,HURJA,41,42,100.0,237.1,23710.0,2024-12-10
2024121004012655,HURJA,26,42,100.0,237.1,23710.0,2024-12-10
2024121004012654,HURJA,77,42,100.0,237.1,23710.0,2024-12-10
2024121004012653,HURJA,61,42,15.0,237.1,3556.5,2024-12-10
2024121004012652,HURJA,33,42,100.0,238.8,23880.0,2024-12-10
2024121005010719,NRN,25,42,40.0,1063.8,42552.0,2024-12-10
2024121004012651,DHPL,21,16,155.0,313.0,48515.0,2024-12-10
2024121004012650,NHPC,22,57,100.0,224.5,22450.0,2024-12-10
2024121004012649,LEC,59,45,175.0,210.0,36750.0,2024-12-10
2024121004012648,LEC,74,45,25.0,210.0,5250.0,2024-12-10
2024121001015013,KDL,3,6,10.0,1167.0,11670.0,2024-12-10
2024121005010718,CIT,62,25,50.0,2172.5,108625.0,2024-12-10
2024121001015012,SPL,32,72,15.0,961.1,14416.5,2024-12-10
2024121001015011,SPL,34,72,20.0,962.0,19240.0,2024-12-10
2024121001015010,SPL,45,72,55.0,963.1,52970.5,2024-12-10
2024121001015009,SPL,25,72,130.0,963.2,125216.0,2024-12-10
2024121001015008,SPL,43,72,30.0,965.0,28950.0,2024-12-10
2024121001015007,TSHL,49,45,30.0,877.0,26310.0,2024-12-10
2024121003012684,SIFC,64,22,312.0,637.0,198744.0,2024-12-10
2024121003012683,SIFC,64,4,500.0,636.8,318400.0,2024-12-10
2024121001015006,BHDC,57,56,120.0,634.0,76080.0,2024-12-10
2024121001015005,BHDC,40,56,100.0,634.0,63400.0,2024-12-10
2024121001015004,BHDC,62,56,100.0,634.0,63400.0,2024-12-10
2024121001015003,BHDC,38,56,90.0,634.1,57069.0,2024-12-10
2024121001015002,BHDC,38,56,40.0,634.5,25380.0,2024-12-10
2024121001015001,BHDC,36,56,50.0,635.0,31750.0,2024-12-10
2024121001015000,BHDC,26,56,20.0,635.0,12700.0,2024-12-10
2024121001014999,BHDC,64,56,50.0,635.5,31775.0,2024-12-10
2024121001014998,BHDC,45,56,100.0,636.0,63600.0,2024-12-10
2024121001014997,BHDC,64,56,50.0,636.0,31800.0,2024-12-10
2024121001014996,BHDC,39,56,50.0,636.1,31805.0,2024-12-10
2024121003012682,JBBL,57,39,20.0,381.0,7620.0,2024-12-10
2024121003012681,JFL,41,13,180.0,944.9,170082.0,2024-12-10
2024121003012680,JFL,41,48,200.0,944.9,188980.0,2024-12-10
2024121004012647,UPPER,8,45,50.0,212.8,10640.0,2024-12-10
2024121005010717,HDL,57,44,100.0,1368.0,136800.0,2024-12-10
2024121003012679,PROFL,42,45,10.0,664.0,6640.0,2024-12-10
2024121001014995,TPC,29,42,452.0,552.5,249730.0,2024-12-10
2024121005010716,HRL,42,34,11.0,819.0,9009.0,2024-12-10
2024121001014994,SNLI,17,48,192.0,649.0,124608.0,2024-12-10
2024121001014993,SNLI,17,45,100.0,648.0,64800.0,2024-12-10
2024121001014992,SNLI,17,49,10.0,648.0,6480.0,2024-12-10
2024121001014991,SNLI,17,85,198.0,648.0,128304.0,2024-12-10
2024121003012678,HLI,21,10,50.0,463.9,23195.0,2024-12-10
2024121003012677,MLBL,21,44,10.0,410.0,4100.0,2024-12-10
2024121003012676,SLBBL,68,43,65.0,939.2,61048.0,2024-12-10
2024121003012675,SLBBL,45,43,200.0,940.0,188000.0,2024-12-10
2024121003012674,SLBBL,42,43,100.0,940.0,94000.0,2024-12-10
2024121003012673,SLBBL,19,43,20.0,940.0,18800.0,2024-12-10
2024121003012672,SLBBL,5,43,25.0,941.0,23525.0,2024-12-10
2024121003012671,SLBBL,78,43,50.0,947.0,47350.0,2024-12-10
2024121005010715,HATHY,22,91,10.0,1401.0,14010.0,2024-12-10
2024121003012670,HLI,58,3,449.0,461.0,206989.0,2024-12-10
2024121003012669,HLI,25,3,195.0,461.1,89914.5,2024-12-10
2024121003012668,HLI,45,3,100.0,461.1,46110.0,2024-12-10
2024121003012667,HLI,21,3,50.0,461.2,23060.0,2024-12-10
2024121003012666,HLI,45,3,25.0,462.0,11550.0,2024-12-10
2024121003012665,HLI,34,3,181.0,462.1,83640.1,2024-12-10
2024121005010714,NRM,41,45,280.0,446.0,124880.0,2024-12-10
2024121005010713,NRM,81,45,941.0,446.0,419686.0,2024-12-10
2024121005010712,NRM,59,45,45.0,446.5,20092.5,2024-12-10
2024121003012664,ILBS,45,56,20.0,970.0,19400.0,2024-12-10
