transaction,symbol,buyer,seller,quantity,rate,amount,date
2024063003014525,NFS,40,45,10.0,970.0,9700.0,2024-06-30
2024063001022513,MMKJL,82,64,340.0,502.5,170850.0,2024-06-30
2024063001022512,MKJC,64,29,10.0,698.0,6980.0,2024-06-30
2024063001022511,EHPL,41,49,50.0,546.0,27300.0,2024-06-30
2024063001022510,EHPL,41,39,180.0,546.0,98280.0,2024-06-30
2024063003014524,GMFBS,62,65,300.0,1652.1,495630.0,2024-06-30
2024063004009685,UMHL,10,41,353.0,237.5,83837.5,2024-06-30
2024063004009684,UMHL,10,45,107.0,236.0,25252.0,2024-06-30
2024063004009683,UMHL,10,53,40.0,236.0,9440.0,2024-06-30
2024063001022509,PHCL,17,50,10.0,308.0,3080.0,2024-06-30
2024063003014523,GMFBS,62,39,1000.0,1652.1,1652100.0,2024-06-30
2024063001022508,MAKAR,34,39,10.0,454.0,4540.0,2024-06-30
2024063001022507,RHGCL,32,34,100.0,339.5,33950.0,2024-06-30
2024063003014522,KMCDB,77,72,30.0,1075.0,32250.0,2024-06-30
2024063003014521,FMDBL,11,34,50.0,650.1,32505.0,2024-06-30
2024063001022506,NIMB,34,17,10.0,151.5,1515.0,2024-06-30
2024063003014520,KRBL,34,45,40.0,445.0,17800.0,2024-06-30
2024063001022505,KDL,1,34,75.0,1166.2,87465.0,2024-06-30
2024063001022504,SIKLES,80,83,500.0,690.0,345000.0,2024-06-30
2024063003014519,SIFC,3,41,10.0,457.4,4574.0,2024-06-30
2024063001022503,MKJC,29,71,10.0,695.0,6950.0,2024-06-30
2024063003014518,ALBSL,34,41,10.0,973.9,9739.0,2024-06-30
2024063003014517,HLBSL,45,46,100.0,1298.9,129890.0,2024-06-30
2024063003014516,HLBSL,45,32,300.0,1298.8,389640.0,2024-06-30
2024063001022502,NRM,45,16,30.0,388.9,11667.0,2024-06-30
2024063001022501,NRM,45,70,30.0,387.9,11637.0,2024-06-30
2024063001022500,NRM,45,70,40.0,387.0,15480.0,2024-06-30
2024063003014515,PMLI,49,34,84.0,485.0,40740.0,2024-06-30
2024063004009682,NGPL,45,38,10.0,303.0,3030.0,2024-06-30
2024063001022499,MEHL,47,57,433.0,344.8,149298.4,2024-06-30
2024063001022498,MEHL,47,25,72.0,344.5,24804.0,2024-06-30
2024063001022497,MEHL,47,33,200.0,344.0,68800.0,2024-06-30
2024063001022496,MEHL,47,33,100.0,343.0,34300.0,2024-06-30
2024063001022495,MEHL,47,58,108.0,343.0,37044.0,2024-06-30
2024063001022494,MEHL,47,47,10.0,343.0,3430.0,2024-06-30
2024063001022493,MEHL,47,4,17.0,343.0,5831.0,2024-06-30
2024063001022492,MEHL,47,58,10.0,342.9,3429.0,2024-06-30
2024063001022491,MEHL,47,62,50.0,342.9,17145.0,2024-06-30
2024063003014514,HLBSL,38,18,50.0,1298.6,64930.0,2024-06-30
2024063003014513,HLBSL,38,81,200.0,1298.0,259600.0,2024-06-30
2024063003014512,HLBSL,38,35,150.0,1298.0,194700.0,2024-06-30
2024063003014511,HLBSL,38,96,100.0,1297.9,129790.0,2024-06-30
2024063003014510,KSBBL,38,56,75.0,370.0,27750.0,2024-06-30
2024063003014509,KSBBL,38,22,25.0,369.0,9225.0,2024-06-30
2024063003014508,ICFC,13,34,15.0,559.0,8385.0,2024-06-30
2024063004009681,GHL,44,13,320.0,145.3,46496.0,2024-06-30
2024063004009680,GHL,39,13,480.0,145.4,69792.0,2024-06-30
2024063004009679,GHL,41,13,100.0,145.5,14550.0,2024-06-30
2024063001022490,HATHY,44,13,60.0,918.1,55086.0,2024-06-30
2024063001022489,MAKAR,13,36,10.0,457.0,4570.0,2024-06-30
2024063003014507,SFCL,36,61,12.0,437.0,5244.0,2024-06-30
2024063003014506,PFL,29,42,70.0,603.0,42210.0,2024-06-30
2024063003014505,PFL,19,42,200.0,603.0,120600.0,2024-06-30
2024063003014504,PFL,40,42,200.0,603.0,120600.0,2024-06-30
2024063003014503,PFL,25,42,100.0,603.0,60300.0,2024-06-30
2024063003014502,PFL,22,42,20.0,603.2,12064.0,2024-06-30
2024063003014501,PFL,58,42,100.0,603.7,60370.0,2024-06-30
2024063003014500,PFL,28,42,10.0,603.7,6037.0,2024-06-30
2024063003014499,PFL,41,42,200.0,604.0,120800.0,2024-06-30
2024063003014498,PFL,42,42,50.0,604.0,30200.0,2024-06-30
2024063003014497,PFL,54,42,20.0,604.0,12080.0,2024-06-30
2024063003014496,PFL,16,42,100.0,604.0,60400.0,2024-06-30
2024063003014495,PFL,14,42,500.0,604.0,302000.0,2024-06-30
2024063003014494,PFL,22,42,10.0,604.0,6040.0,2024-06-30
2024063003014493,PFL,16,42,400.0,604.0,241600.0,2024-06-30
2024063003014492,PFL,34,42,200.0,604.1,120820.0,2024-06-30
2024063003014491,PFL,50,42,70.0,604.1,42287.0,2024-06-30
2024063003014490,PFL,17,42,50.0,604.2,30210.0,2024-06-30
2024063003014489,PFL,53,42,200.0,604.5,120900.0,2024-06-30
2024063005004229,NRIC,42,42,1595.0,634.0,1011230.0,2024-06-30
2024063005004228,NRIC,4,42,200.0,634.0,126800.0,2024-06-30
2024063005004227,NRIC,47,42,50.0,635.0,31750.0,2024-06-30
2024063005004226,NRIC,43,42,30.0,635.0,19050.0,2024-06-30
2024063005004225,NRIC,14,42,100.0,635.0,63500.0,2024-06-30
2024063005004224,NRIC,28,42,100.0,635.0,63500.0,2024-06-30
2024063005004223,NRIC,34,42,100.0,635.0,63500.0,2024-06-30
2024063005004222,NRIC,17,42,150.0,635.0,95250.0,2024-06-30
2024063005004221,NRIC,36,42,50.0,635.0,31750.0,2024-06-30
2024063005004220,NRIC,36,42,20.0,635.0,12700.0,2024-06-30
2024063005004219,NRIC,51,42,100.0,635.0,63500.0,2024-06-30
2024063005004218,NRIC,65,42,505.0,635.0,320675.0,2024-06-30
2024063001022488,MKJC,96,29,10.0,698.0,6980.0,2024-06-30
2024063001022487,CITY,37,14,100.0,676.0,67600.0,2024-06-30
2024063001022486,CITY,39,14,135.0,676.5,91327.5,2024-06-30
2024063004009678,UMRH,80,48,500.0,442.0,221000.0,2024-06-30
2024063001022485,MKJC,8,29,10.0,698.0,6980.0,2024-06-30
2024063001022484,SARBTM,16,42,10.0,772.0,7720.0,2024-06-30
2024063004009677,NHDL,57,26,433.0,521.0,225593.0,2024-06-30
2024063004009676,NHDL,39,26,67.0,521.1,34913.7,2024-06-30
2024063003014488,SIFC,41,41,10.0,457.4,4574.0,2024-06-30
2024063001022483,TPC,62,1,10.0,530.9,5309.0,2024-06-30
2024063003014487,RSDC,58,58,50.0,650.0,32500.0,2024-06-30
2024063003014486,KRBL,74,62,80.0,441.0,35280.0,2024-06-30
2024063003014485,KRBL,62,62,20.0,441.1,8822.0,2024-06-30
2024063003014484,NFS,52,69,10.0,975.0,9750.0,2024-06-30
2024063001022482,ADBL,28,55,10.0,259.0,2590.0,2024-06-30
2024063001022481,ADBL,28,55,100.0,258.0,25800.0,2024-06-30
2024063004009675,UPPER,22,17,498.0,153.1,76243.8,2024-06-30
2024063001022480,MKJC,28,29,10.0,698.0,6980.0,2024-06-30
2024063001022479,KBSH,56,42,10.0,1450.0,14500.0,2024-06-30
2024063004009674,MHNL,49,33,690.0,237.0,163530.0,2024-06-30
2024063004009673,MHNL,14,33,10.0,237.1,2371.0,2024-06-30
2024063004009672,MHNL,47,33,300.0,238.2,71460.0,2024-06-30
2024063001022478,MKCL,69,69,30.0,1274.0,38220.0,2024-06-30
2024063003014483,NFS,72,69,10.0,975.0,9750.0,2024-06-30
2024063001022477,CITY,5,35,10.0,679.0,6790.0,2024-06-30
2024063003014482,SFCL,63,39,21.0,436.2,9160.2,2024-06-30
2024063004009671,SALICO,39,55,10.0,679.1,6791.0,2024-06-30
2024063004009670,SALICO,39,28,18.0,676.1,12169.8,2024-06-30
2024063001022476,CLI,7,38,10.0,471.5,4715.0,2024-06-30
2024063004009669,RADHI,6,34,110.0,246.0,27060.0,2024-06-30
2024063003014481,PFL,22,32,37.0,605.0,22385.0,2024-06-30
2024063003014480,NFS,41,87,1000.0,966.0,966000.0,2024-06-30
2024063003014479,NFS,41,49,2400.0,966.0,2318400.0,2024-06-30
2024063003014478,NFS,71,69,10.0,975.0,9750.0,2024-06-30
2024063003014477,NFS,71,71,10.0,967.0,9670.0,2024-06-30
2024063003014476,NFS,71,71,10.0,967.0,9670.0,2024-06-30
2024063004009668,CHL,34,8,10.0,307.0,3070.0,2024-06-30
2024063003014475,SFCL,45,61,10.0,437.0,4370.0,2024-06-30
2024063001022475,VLUCL,34,38,20.0,509.9,10198.0,2024-06-30
2024063001022474,CYCL,34,62,10.0,1472.9,14729.0,2024-06-30
2024063004009667,DHPL,35,35,10.0,202.8,2028.0,2024-06-30
2024063001022473,MKJC,60,29,10.0,698.0,6980.0,2024-06-30
2024063003014474,GFCL,60,13,20.0,588.0,11760.0,2024-06-30
2024063004009666,RADHI,29,34,50.0,246.0,12300.0,2024-06-30
2024063004009665,RADHI,47,34,20.0,246.0,4920.0,2024-06-30
2024063004009664,RADHI,39,34,50.0,246.1,12305.0,2024-06-30
2024063004009663,RADHI,45,34,20.0,246.1,4922.0,2024-06-30
2024063003014473,PFL,19,32,100.0,605.0,60500.0,2024-06-30
2024063003014472,PFL,59,32,96.0,605.0,58080.0,2024-06-30
2024063003014471,PFL,6,32,120.0,605.0,72600.0,2024-06-30
2024063003014470,PFL,70,32,150.0,605.0,90750.0,2024-06-30
2024063003014469,PFL,50,32,50.0,605.0,30250.0,2024-06-30
2024063003014468,PFL,94,32,100.0,605.0,60500.0,2024-06-30
2024063003014467,PFL,25,32,100.0,605.0,60500.0,2024-06-30
2024063003014466,PFL,21,32,130.0,605.0,78650.0,2024-06-30
2024063003014465,PFL,43,32,14.0,605.0,8470.0,2024-06-30
2024063003014464,PFL,57,32,10.0,605.1,6051.0,2024-06-30
2024063003014463,PFL,17,32,251.0,605.5,151980.5,2024-06-30
2024063003014462,ACLBSL,35,42,76.0,1050.0,79800.0,2024-06-30
2024063003014461,ACLBSL,35,42,150.0,1050.0,157500.0,2024-06-30
2024063003014460,ACLBSL,35,58,13.0,1050.0,13650.0,2024-06-30
2024063003014459,ACLBSL,35,42,13.0,1049.0,13637.0,2024-06-30
2024063003014458,ACLBSL,35,48,50.0,1049.0,52450.0,2024-06-30
2024063003014457,ACLBSL,35,34,55.0,1048.7,57678.5,2024-06-30
2024063003014456,ACLBSL,35,58,43.0,1048.5,45085.5,2024-06-30
2024063003014455,SAPDBL,38,34,10.0,362.0,3620.0,2024-06-30
2024063004009662,IGI,40,38,136.0,512.4,69686.4,2024-06-30
2024063001022472,SMJC,91,42,544.0,400.0,217600.0,2024-06-30
2024063001022471,SMJC,91,6,30.0,400.0,12000.0,2024-06-30
2024063001022470,SMJC,91,59,10.0,400.0,4000.0,2024-06-30
2024063001022469,SMJC,91,42,93.0,399.0,37107.0,2024-06-30
2024063001022468,SMJC,91,26,408.0,399.0,162792.0,2024-06-30
2024063001022467,SMJC,91,7,10.0,399.0,3990.0,2024-06-30
2024063001022466,SMJC,91,21,10.0,399.0,3990.0,2024-06-30
2024063001022465,SMJC,91,42,30.0,399.0,11970.0,2024-06-30
2024063001022464,SMJC,91,94,865.0,398.0,344270.0,2024-06-30
2024063001022463,PCBL,44,84,11.0,193.0,2123.0,2024-06-30
2024063001022462,KBL,48,34,161.0,135.0,21735.0,2024-06-30
2024063001022461,KBL,48,50,600.0,134.9,80940.0,2024-06-30
2024063001022460,KBL,48,38,339.0,134.8,45697.2,2024-06-30
2024063003014454,KMCDB,95,72,20.0,1075.0,21500.0,2024-06-30
2024063001022459,NYADI,4,11,126.0,333.0,41958.0,2024-06-30
2024063001022458,NYADI,58,11,10.0,333.0,3330.0,2024-06-30
2024063001022457,MKJC,8,29,10.0,698.0,6980.0,2024-06-30
2024063003014453,RLFL,16,14,249.0,427.7,106497.3,2024-06-30
2024063003014452,SLBSL,16,38,10.0,1225.0,12250.0,2024-06-30
2024063001022456,SGHC,53,57,20.0,333.0,6660.0,2024-06-30
2024063001022455,SGHC,53,45,10.0,333.0,3330.0,2024-06-30
2024063001022454,GVL,18,29,500.0,582.2,291100.0,2024-06-30
2024063001022453,HDL,29,41,15.0,1160.9,17413.5,2024-06-30
2024063001022452,MKJC,64,29,10.0,698.0,6980.0,2024-06-30
2024063004009661,HURJA,58,38,407.0,273.0,111111.0,2024-06-30
2024063004009660,HURJA,58,3,100.0,272.8,27280.0,2024-06-30
2024063004009659,HURJA,58,19,100.0,272.3,27230.0,2024-06-30
2024063004009658,HURJA,58,38,500.0,271.0,135500.0,2024-06-30
2024063004009657,HURJA,58,34,29.0,270.1,7832.9,2024-06-30
2024063004009656,HURJA,58,67,100.0,270.0,27000.0,2024-06-30
2024063004009655,HURJA,58,45,207.0,270.0,55890.0,2024-06-30
2024063004009654,HURJA,58,14,10.0,270.0,2700.0,2024-06-30
2024063004009653,HURJA,58,58,547.0,270.0,147690.0,2024-06-30
2024063003014451,PMLI,49,25,10.0,485.0,4850.0,2024-06-30
2024063001022451,MANDU,65,14,14.0,1080.0,15120.0,2024-06-30
2024063001022450,MANDU,65,16,71.0,1079.9,76672.9,2024-06-30
2024063001022449,MANDU,65,3,10.0,1079.9,10799.0,2024-06-30
2024063001022448,MANDU,65,49,50.0,1079.9,53995.0,2024-06-30
2024063001022447,MANDU,65,17,10.0,1075.0,10750.0,2024-06-30
2024063001022446,MANDU,65,32,10.0,1075.0,10750.0,2024-06-30
2024063001022445,MANDU,65,87,100.0,1074.0,107400.0,2024-06-30
2024063001022444,MANDU,65,58,10.0,1073.9,10739.0,2024-06-30
2024063001022443,MANDU,65,8,10.0,1073.0,10730.0,2024-06-30
2024063001022442,MANDU,65,85,200.0,1071.0,214200.0,2024-06-30
2024063001022441,MANDU,65,57,15.0,1071.0,16065.0,2024-06-30
2024063001022440,EHPL,65,39,20.0,546.0,10920.0,2024-06-30
2024063001022439,EHPL,65,58,10.0,545.8,5458.0,2024-06-30
2024063001022438,EHPL,65,45,100.0,545.0,54500.0,2024-06-30
2024063001022437,EHPL,65,45,90.0,542.0,48780.0,2024-06-30
2024063003014450,SJLIC,52,68,100.0,400.6,40060.0,2024-06-30
2024063003014449,NFS,52,71,10.0,967.0,9670.0,2024-06-30
2024063003014448,NFS,28,71,10.0,967.0,9670.0,2024-06-30
2024063003014447,GBLBS,33,47,10.0,758.0,7580.0,2024-06-30
2024063001022436,MKJC,56,29,1199.0,698.0,836902.0,2024-06-30
2024063001022435,MKJC,56,71,500.0,639.5,319750.0,2024-06-30
2024063001022434,MKJC,56,64,150.0,631.8,94770.0,2024-06-30
2024063001022433,MKJC,56,71,500.0,631.5,315750.0,2024-06-30
2024063001022432,MKJC,56,77,10.0,630.0,6300.0,2024-06-30
2024063001022431,MKJC,56,44,10.0,630.0,6300.0,2024-06-30
2024063001022430,MKJC,56,49,323.0,629.9,203457.7,2024-06-30
2024063001022429,MKJC,56,17,20.0,628.7,12574.0,2024-06-30
2024063001022428,MKJC,56,17,11.0,628.4,6912.4,2024-06-30
2024063001022427,MKJC,56,53,20.0,628.3,12566.0,2024-06-30
2024063001022426,MKJC,56,42,100.0,628.0,62800.0,2024-06-30
2024063001022425,MKJC,56,70,100.0,628.0,62800.0,2024-06-30
2024063001022424,MKJC,56,52,30.0,627.0,18810.0,2024-06-30
2024063001022423,MKJC,56,29,100.0,626.2,62620.0,2024-06-30
2024063001022422,MKJC,56,42,447.0,626.0,279822.0,2024-06-30
2024063001022421,MKJC,56,13,300.0,626.0,187800.0,2024-06-30
2024063001022420,MKJC,56,42,30.0,625.0,18750.0,2024-06-30
2024063001022419,MKJC,56,51,10.0,625.0,6250.0,2024-06-30
2024063001022418,MKJC,56,84,200.0,624.9,124980.0,2024-06-30
2024063001022417,MKJC,56,4,10.0,622.0,6220.0,2024-06-30
2024063001022416,MKJC,56,49,100.0,619.0,61900.0,2024-06-30
2024063001022415,MKJC,56,26,10.0,618.9,6189.0,2024-06-30
2024063001022414,MKJC,56,49,20.0,616.0,12320.0,2024-06-30
2024063001022413,SHIVM,84,5,70.0,472.6,33082.0,2024-06-30
2024063001022412,SHIVM,38,5,30.0,472.6,14178.0,2024-06-30
2024063003014446,ILBS,18,70,50.0,1186.5,59325.0,2024-06-30
2024063004009652,GHL,7,64,10.0,146.8,1468.0,2024-06-30
2024063001022411,EHPL,70,45,10.0,542.0,5420.0,2024-06-30
2024063001022410,MEL,1,14,759.0,219.0,166221.0,2024-06-30
2024063001022409,MEL,1,33,10.0,219.0,2190.0,2024-06-30
2024063001022408,MEL,1,58,10.0,219.0,2190.0,2024-06-30
2024063001022407,MEL,1,48,10.0,219.0,2190.0,2024-06-30
2024063001022406,MEL,1,21,10.0,219.0,2190.0,2024-06-30
2024063001022405,MEL,1,52,10.0,218.9,2189.0,2024-06-30
2024063001022404,MEL,1,58,10.0,218.9,2189.0,2024-06-30
2024063001022403,MEL,1,64,110.0,218.5,24035.0,2024-06-30
2024063001022402,MEL,1,34,10.0,218.0,2180.0,2024-06-30
2024063001022401,MEL,1,52,10.0,218.0,2180.0,2024-06-30
2024063001022400,MEL,1,58,10.0,218.0,2180.0,2024-06-30
2024063001022399,MEL,1,54,241.0,218.0,52538.0,2024-06-30
2024063003014445,KLBSL,51,43,10.0,1000.0,10000.0,2024-06-30
2024063004009651,NGPL,42,6,50.0,302.0,15100.0,2024-06-30
2024063004009650,NGPL,34,6,200.0,302.1,60420.0,2024-06-30
2024063004009649,NGPL,71,6,50.0,302.1,15105.0,2024-06-30
2024063003014444,NFS,41,85,500.0,966.0,483000.0,2024-06-30
2024063003014443,MSLB,58,22,111.0,1317.1,146198.1,2024-06-30
2024063001022398,USHEC,49,35,10.0,460.0,4600.0,2024-06-30
2024063003014442,SFCL,71,61,10.0,437.0,4370.0,2024-06-30
2024063001022397,ANLB,60,47,10.0,2350.0,23500.0,2024-06-30
2024063001022396,MEL,34,54,10.0,218.0,2180.0,2024-06-30
2024063001022395,DORDI,32,58,39.0,437.0,17043.0,2024-06-30
2024063001022394,DORDI,32,39,11.0,436.5,4801.5,2024-06-30
2024063005004217,NRN,35,45,50.0,650.0,32500.0,2024-06-30
2024063001022393,BHPL,35,58,25.0,644.7,16117.5,2024-06-30
2024063001022392,BHPL,35,42,200.0,644.6,128920.0,2024-06-30
2024063001022391,BHPL,35,45,80.0,640.0,51200.0,2024-06-30
2024063005004216,NTC,54,57,25.0,809.0,20225.0,2024-06-30
2024063003014441,SWBBL,44,36,10.0,845.0,8450.0,2024-06-30
2024063003014440,JFL,42,32,300.0,596.0,178800.0,2024-06-30
2024063005004215,CHDC,96,6,10.0,986.0,9860.0,2024-06-30
2024063003014439,HLBSL,60,14,200.0,1291.1,258220.0,2024-06-30
2024063004009648,PRIN,14,65,20.0,764.9,15298.0,2024-06-30
2024063001022390,DORDI,14,39,10.0,436.5,4365.0,2024-06-30
2024063004009647,SHEL,16,32,10.0,153.4,1534.0,2024-06-30
2024063001022389,SPHL,8,35,10.0,564.0,5640.0,2024-06-30
2024063001022388,GVL,66,52,76.0,591.9,44984.4,2024-06-30
2024063001022387,GVL,66,1,311.0,591.9,184080.9,2024-06-30
2024063001022386,GVL,66,35,10.0,591.0,5910.0,2024-06-30
2024063001022385,GVL,66,26,100.0,591.0,59100.0,2024-06-30
2024063001022384,GVL,66,4,10.0,590.0,5900.0,2024-06-30
2024063001022383,GVL,66,1,300.0,590.0,177000.0,2024-06-30
2024063001022382,GVL,66,32,100.0,590.0,59000.0,2024-06-30
2024063001022381,GVL,66,42,10.0,590.0,5900.0,2024-06-30
2024063001022380,GVL,66,3,10.0,590.0,5900.0,2024-06-30
2024063001022379,GVL,66,56,10.0,590.0,5900.0,2024-06-30
2024063001022378,GVL,66,62,63.0,590.0,37170.0,2024-06-30
2024063001022377,AVYAN,62,18,50.0,942.0,47100.0,2024-06-30
2024063001022376,BHL,62,32,10.0,349.9,3499.0,2024-06-30
2024063001022375,MHL,49,62,600.0,530.0,318000.0,2024-06-30
2024063001022374,MHL,4,62,100.0,530.0,53000.0,2024-06-30
2024063001022373,MHL,66,62,100.0,535.0,53500.0,2024-06-30
2024063001022372,MHL,72,62,200.0,535.0,107000.0,2024-06-30
2024063001022371,MHL,49,62,500.0,535.1,267550.0,2024-06-30
2024063001022370,TVCL,62,41,500.0,489.0,244500.0,2024-06-30
2024063003014438,GBLBS,49,61,200.0,756.0,151200.0,2024-06-30
2024063004009646,PMHPL,52,1,259.0,227.0,58793.0,2024-06-30
2024063004009645,PMHPL,52,33,310.0,226.0,70060.0,2024-06-30
2024063004009644,PMHPL,52,66,10.0,225.9,2259.0,2024-06-30
2024063004009643,PMHPL,52,42,10.0,224.0,2240.0,2024-06-30
2024063003014437,KRBL,52,36,10.0,445.0,4450.0,2024-06-30
2024063001022369,SPC,35,63,60.0,551.0,33060.0,2024-06-30
2024063001022368,SPC,38,63,50.0,555.0,27750.0,2024-06-30
2024063001022367,SPC,55,63,10.0,556.0,5560.0,2024-06-30
2024063001022366,SPC,58,63,10.0,556.2,5562.0,2024-06-30
2024063001022365,SPC,34,63,20.0,556.3,11126.0,2024-06-30
2024063001022364,TAMOR,42,17,10.0,391.9,3919.0,2024-06-30
2024063003014436,SADBL,56,34,100.0,308.0,30800.0,2024-06-30
2024063003014435,SADBL,56,36,40.0,307.0,12280.0,2024-06-30
2024063004009642,NHPC,4,35,100.0,138.4,13840.0,2024-06-30
2024063003014434,NMLBBL,32,57,30.0,661.0,19830.0,2024-06-30
2024063003014433,NMLBBL,57,57,50.0,662.0,33100.0,2024-06-30
2024063003014432,NMLBBL,22,57,20.0,662.0,13240.0,2024-06-30
2024063001022363,MANDU,52,57,285.0,1071.0,305235.0,2024-06-30
2024063003014431,SDLBSL,41,19,40.0,1040.0,41600.0,2024-06-30
2024063003014430,SDLBSL,7,19,10.0,1040.0,10400.0,2024-06-30
2024063005004214,SMATA,49,42,100.0,958.0,95800.0,2024-06-30
2024063001022362,CKHL,42,47,10.0,603.0,6030.0,2024-06-30
2024063001022361,SONA,45,41,65.0,431.0,28015.0,2024-06-30
2024063004009641,IGI,34,45,10.0,514.0,5140.0,2024-06-30
2024063004009640,IGI,34,21,10.0,513.9,5139.0,2024-06-30
2024063004009639,UPCL,35,21,30.0,187.0,5610.0,2024-06-30
2024063003014429,NFS,41,92,2230.0,966.0,2154180.0,2024-06-30
2024063003014428,NADEP,34,91,10.0,800.1,8001.0,2024-06-30
2024063001022360,AVYAN,36,18,10.0,942.0,9420.0,2024-06-30
2024063001022359,AVYAN,36,49,10.0,939.0,9390.0,2024-06-30
2024063001022358,AVYAN,36,58,10.0,934.9,9349.0,2024-06-30
2024063001022357,AVYAN,36,58,10.0,932.0,9320.0,2024-06-30
2024063001022356,AVYAN,36,45,10.0,932.0,9320.0,2024-06-30
2024063003014427,GLBSL,7,44,10.0,1740.0,17400.0,2024-06-30
2024063003014426,MFIL,42,81,40.0,530.1,21204.0,2024-06-30
2024063003014425,NFS,41,11,50.0,966.0,48300.0,2024-06-30
2024063004009638,IGI,40,21,10.0,513.9,5139.0,2024-06-30
2024063003014424,MERO,66,4,95.0,676.0,64220.0,2024-06-30
2024063001022355,MANDU,52,25,500.0,1071.0,535500.0,2024-06-30
2024063004009637,UMRH,74,59,195.0,440.2,85839.0,2024-06-30
2024063004009636,UMRH,29,59,100.0,440.2,44020.0,2024-06-30
2024063004009635,UMRH,67,59,105.0,440.2,46221.0,2024-06-30
2024063004009634,UMRH,4,59,100.0,440.3,44030.0,2024-06-30
2024063004009633,NHPC,21,43,45.0,138.0,6210.0,2024-06-30
2024063003014423,NFS,41,20,3000.0,966.0,2898000.0,2024-06-30
2024063003014422,NFS,22,20,1000.0,985.0,985000.0,2024-06-30
2024063001022354,MHL,35,7,44.0,542.9,23887.6,2024-06-30
2024063001022353,MHL,35,57,96.0,542.0,52032.0,2024-06-30
2024063001022352,MHL,35,57,10.0,542.0,5420.0,2024-06-30
2024063001022351,MHL,35,33,10.0,542.0,5420.0,2024-06-30
2024063001022350,MHL,35,42,500.0,542.0,271000.0,2024-06-30
2024063001022349,MHL,35,7,10.0,541.5,5415.0,2024-06-30
2024063001022348,MHL,35,8,15.0,541.3,8119.5,2024-06-30
2024063001022347,MHL,35,57,10.0,540.0,5400.0,2024-06-30
2024063001022346,MHL,35,59,10.0,540.0,5400.0,2024-06-30
2024063001022345,MHL,35,44,50.0,539.0,26950.0,2024-06-30
2024063001022344,MHL,35,34,10.0,538.0,5380.0,2024-06-30
2024063001022343,MHL,35,41,135.0,537.1,72508.5,2024-06-30
2024063001022342,MHL,35,66,100.0,537.0,53700.0,2024-06-30
2024063001022341,MBL,44,35,586.0,165.0,96690.0,2024-06-30
2024063001022340,MBL,8,35,200.0,165.0,33000.0,2024-06-30
2024063001022339,MBL,22,35,10.0,165.0,1650.0,2024-06-30
2024063001022338,MBL,17,35,28.0,165.0,4620.0,2024-06-30
2024063001022337,MBL,5,35,100.0,165.0,16500.0,2024-06-30
2024063001022336,MBL,36,35,114.0,165.0,18810.0,2024-06-30
2024063001022335,MBL,11,35,439.0,165.1,72478.9,2024-06-30
2024063001022334,MBL,22,35,23.0,165.1,3797.3,2024-06-30
2024063001022333,CYCL,57,48,10.0,1460.3,14603.0,2024-06-30
2024063001022332,GVL,80,62,20.0,590.0,11800.0,2024-06-30
2024063001022331,GVL,80,57,500.0,589.9,294950.0,2024-06-30
2024063001022330,GVL,80,26,600.0,583.0,349800.0,2024-06-30
2024063001022329,GVL,80,26,880.0,583.0,513040.0,2024-06-30
2024063004009632,CHL,29,8,10.0,307.0,3070.0,2024-06-30
2024063003014421,ICFC,26,55,241.0,560.0,134960.0,2024-06-30
2024063003014420,ICFC,26,4,10.0,560.0,5600.0,2024-06-30
2024063003014419,ICFC,26,34,100.0,560.0,56000.0,2024-06-30
2024063003014418,ICFC,26,25,34.0,560.0,19040.0,2024-06-30
2024063003014417,ICFC,26,14,1000.0,559.0,559000.0,2024-06-30
2024063003014416,ICFC,26,59,1615.0,559.0,902785.0,2024-06-30
2024063001022328,GVL,66,26,100.0,583.0,58300.0,2024-06-30
2024063001022327,MMKJL,82,64,300.0,502.5,150750.0,2024-06-30
2024063001022326,MMKJL,58,64,100.0,503.0,50300.0,2024-06-30
2024063001022325,TVCL,62,41,100.0,489.0,48900.0,2024-06-30
2024063003014415,VLBS,70,65,85.0,1015.2,86292.0,2024-06-30
2024063003014414,VLBS,45,65,100.0,1015.3,101530.0,2024-06-30
2024063003014413,LBBL,1,25,349.0,370.2,129199.8,2024-06-30
2024063003014412,CFCL,58,56,350.0,452.0,158200.0,2024-06-30
2024063003014411,CFCL,57,56,150.0,452.0,67800.0,2024-06-30
2024063001022324,IHL,21,34,10.0,425.0,4250.0,2024-06-30
2024063004009631,SSHL,42,57,200.0,168.7,33740.0,2024-06-30
2024063005004213,CIT,6,25,21.0,2079.0,43659.0,2024-06-30
2024063003014410,KMCDB,77,72,23.0,1075.0,24725.0,2024-06-30
2024063003014409,KMCDB,77,49,77.0,1074.9,82767.3,2024-06-30
2024063001022323,MKHC,83,29,140.0,328.0,45920.0,2024-06-30
2024063001022322,MKHC,83,38,10.0,328.0,3280.0,2024-06-30
2024063001022321,MKHC,83,41,300.0,328.0,98400.0,2024-06-30
2024063001022320,MKHC,83,58,10.0,327.8,3278.0,2024-06-30
2024063001022319,MKHC,83,42,40.0,327.0,13080.0,2024-06-30
2024063001022318,BHPL,45,45,20.0,640.0,12800.0,2024-06-30
2024063001022317,BHPL,45,55,10.0,640.0,6400.0,2024-06-30
2024063001022316,BHPL,45,7,40.0,639.0,25560.0,2024-06-30
2024063001022315,RHGCL,18,58,10.0,339.0,3390.0,2024-06-30
2024063001022314,UNLB,88,34,90.0,1975.0,177750.0,2024-06-30
2024063001022313,UNLB,51,34,10.0,1975.1,19751.0,2024-06-30
2024063004009630,UMRH,43,35,474.0,440.5,208797.0,2024-06-30
2024063001022312,SMJC,44,94,40.0,398.0,15920.0,2024-06-30
2024063001022311,SMJC,44,51,10.0,398.0,3980.0,2024-06-30
2024063001022310,SMJC,44,51,150.0,397.3,59595.0,2024-06-30
2024063003014408,GUFL,14,61,10.0,700.0,7000.0,2024-06-30
2024063003014407,ICFC,58,59,70.0,559.0,39130.0,2024-06-30
2024063004009629,BARUN,45,25,200.0,302.2,60440.0,2024-06-30
2024063005004212,NIBSF2,4,58,500.0,7.96,3980.0,2024-06-30
2024063005004211,NIBSF2,51,58,1000.0,7.97,7970.0,2024-06-30
2024063003014406,NFS,41,25,200.0,967.0,193400.0,2024-06-30
2024063003014405,NFS,41,41,150.0,967.0,145050.0,2024-06-30
2024063003014404,NFS,41,62,100.0,967.0,96700.0,2024-06-30
2024063003014403,NFS,41,57,150.0,958.8,143820.0,2024-06-30
2024063003014402,NFS,41,16,100.0,958.8,95880.0,2024-06-30
2024063003014401,NFS,41,88,200.0,949.6,189920.0,2024-06-30
2024063003014400,NFS,41,32,500.0,949.6,474800.0,2024-06-30
2024063003014399,NFS,41,32,100.0,949.6,94960.0,2024-06-30
2024063003014398,NFS,41,44,20.0,949.0,18980.0,2024-06-30
2024063003014397,NFS,41,25,300.0,949.0,284700.0,2024-06-30
2024063003014396,NFS,41,33,50.0,949.0,47450.0,2024-06-30
2024063003014395,NFS,41,96,2000.0,948.6,1897200.0,2024-06-30
2024063003014394,NFS,41,71,3000.0,948.6,2845800.0,2024-06-30
2024063003014393,NFS,41,44,10.0,948.2,9482.0,2024-06-30
2024063003014392,NFS,41,53,2000.0,948.2,1896400.0,2024-06-30
2024063003014391,NFS,41,22,1000.0,948.2,948200.0,2024-06-30
2024063003014390,NFS,41,49,100.0,948.0,94800.0,2024-06-30
2024063003014389,NFS,41,32,100.0,948.0,94800.0,2024-06-30
2024063003014388,NFS,41,45,10.0,948.0,9480.0,2024-06-30
2024063003014387,NFS,41,17,100.0,948.0,94800.0,2024-06-30
2024063003014386,NFS,41,53,2000.0,948.0,1896000.0,2024-06-30
2024063003014385,NFS,41,53,900.0,947.0,852300.0,2024-06-30
2024063003014384,NFS,41,52,18.0,940.0,16920.0,2024-06-30
2024063003014383,NFS,41,32,100.0,933.0,93300.0,2024-06-30
2024063003014382,NFS,41,45,1000.0,931.0,931000.0,2024-06-30
2024063003014381,NFS,41,49,850.0,930.0,790500.0,2024-06-30
2024063003014380,NFS,41,17,100.0,929.6,92960.0,2024-06-30
2024063003014379,NFS,41,71,50.0,929.4,46470.0,2024-06-30
2024063003014378,NFS,41,28,10.0,929.4,9294.0,2024-06-30
2024063003014377,NFS,41,57,50.0,929.2,46460.0,2024-06-30
2024063003014376,NFS,41,53,500.0,929.2,464600.0,2024-06-30
2024063003014375,NFS,41,34,100.0,929.0,92900.0,2024-06-30
2024063003014374,NFS,41,17,50.0,929.0,46450.0,2024-06-30
2024063003014373,NFS,41,38,30.0,929.0,27870.0,2024-06-30
2024063003014372,NFS,41,36,10.0,928.2,9282.0,2024-06-30
2024063003014371,NFS,41,62,50.0,928.2,46410.0,2024-06-30
2024063003014370,NFS,41,42,17.0,928.2,15779.4,2024-06-30
2024063003014369,NFS,41,42,50.0,925.0,46250.0,2024-06-30
2024063003014368,NFS,41,32,100.0,925.0,92500.0,2024-06-30
2024063003014367,NFS,41,17,20.0,925.0,18500.0,2024-06-30
2024063003014366,NFS,41,56,100.0,924.1,92410.0,2024-06-30
2024063003014365,NFS,41,40,750.0,924.0,693000.0,2024-06-30
2024063003014364,NFS,41,44,11.0,923.9,10162.9,2024-06-30
2024063003014363,NFS,41,49,1000.0,923.1,923100.0,2024-06-30
2024063003014362,NFS,41,82,50.0,923.0,46150.0,2024-06-30
2024063003014361,NFS,41,22,10.0,922.0,9220.0,2024-06-30
2024063003014360,NFS,41,41,50.0,921.0,46050.0,2024-06-30
2024063003014359,NFS,41,26,23.0,921.0,21183.0,2024-06-30
2024063003014358,NFS,41,17,200.0,921.0,184200.0,2024-06-30
2024063003014357,NFS,41,53,100.0,920.0,92000.0,2024-06-30
2024063003014356,NFS,41,32,10.0,920.0,9200.0,2024-06-30
2024063003014355,NFS,41,19,110.0,920.0,101200.0,2024-06-30
2024063003014354,NFS,41,32,70.0,919.0,64330.0,2024-06-30
2024063003014353,NFS,41,36,50.0,918.0,45900.0,2024-06-30
2024063003014352,NFS,41,17,500.0,918.0,459000.0,2024-06-30
2024063003014351,NFS,41,41,100.0,915.0,91500.0,2024-06-30
2024063003014350,NFS,41,7,90.0,915.0,82350.0,2024-06-30
2024063003014349,NFS,41,28,10.0,915.0,9150.0,2024-06-30
2024063003014348,NFS,41,57,50.0,915.0,45750.0,2024-06-30
2024063003014347,NFS,41,49,680.0,915.0,622200.0,2024-06-30
2024063003014346,NFS,41,29,1256.0,914.9,1149114.4,2024-06-30
2024063003014345,NFS,41,56,90.0,914.0,82260.0,2024-06-30
2024063003014344,NFS,41,17,500.0,914.0,457000.0,2024-06-30
2024063003014343,NFS,41,74,400.0,913.7,365480.0,2024-06-30
2024063003014342,NFS,41,3,500.0,913.0,456500.0,2024-06-30
2024063003014341,NFS,41,29,1000.0,912.9,912900.0,2024-06-30
2024063003014340,NFS,41,44,100.0,912.9,91290.0,2024-06-30
2024063003014339,NFS,41,44,50.0,912.9,45645.0,2024-06-30
2024063003014338,NFS,41,42,110.0,912.0,100320.0,2024-06-30
2024063003014337,NFS,41,58,100.0,912.0,91200.0,2024-06-30
2024063003014336,NFS,41,17,50.0,911.0,45550.0,2024-06-30
2024063003014335,NFS,41,49,50.0,911.0,45550.0,2024-06-30
2024063003014334,NFS,41,52,850.0,910.0,773500.0,2024-06-30
2024063003014333,NFS,41,38,150.0,910.0,136500.0,2024-06-30
2024063003014332,NFS,41,32,50.0,910.0,45500.0,2024-06-30
2024063003014331,NFS,41,32,110.0,909.9,100089.0,2024-06-30
2024063003014330,NFS,41,32,110.0,908.9,99979.0,2024-06-30
2024063003014329,NFS,41,17,200.0,908.8,181760.0,2024-06-30
2024063003014328,NFS,41,32,500.0,907.8,453900.0,2024-06-30
2024063003014327,NFS,41,39,255.0,907.0,231285.0,2024-06-30
2024063003014326,NFS,41,35,15.0,907.0,13605.0,2024-06-30
2024063003014325,NFS,41,57,205.0,907.0,185935.0,2024-06-30
2024063003014324,NFS,41,20,500.0,906.0,453000.0,2024-06-30
2024063003014323,NFS,41,50,50.0,905.0,45250.0,2024-06-30
2024063003014322,NFS,41,42,30.0,905.0,27150.0,2024-06-30
2024063003014321,NFS,41,43,10.0,905.0,9050.0,2024-06-30
2024063003014320,NFS,41,20,139.0,904.0,125656.0,2024-06-30
2024063003014319,NFS,41,17,100.0,902.0,90200.0,2024-06-30
2024063003014318,NFS,41,49,20.0,902.0,18040.0,2024-06-30
2024063003014317,NFS,41,51,20.0,900.6,18012.0,2024-06-30
2024063003014316,NFS,41,13,200.0,900.0,180000.0,2024-06-30
2024063003014315,NFS,41,22,100.0,900.0,90000.0,2024-06-30
2024063003014314,NFS,41,47,85.0,900.0,76500.0,2024-06-30
2024063003014313,NFS,41,14,10.0,900.0,9000.0,2024-06-30
2024063003014312,NFS,41,28,10.0,900.0,9000.0,2024-06-30
2024063003014311,NFS,41,55,510.0,900.0,459000.0,2024-06-30
2024063003014310,NFS,41,49,20.0,900.0,18000.0,2024-06-30
2024063003014309,NFS,41,55,510.0,900.0,459000.0,2024-06-30
2024063003014308,NFS,41,42,340.0,900.0,306000.0,2024-06-30
2024063003014307,NFS,41,37,100.0,899.6,89960.0,2024-06-30
2024063003014306,NFS,41,51,550.0,899.6,494780.0,2024-06-30
2024063003014305,NFS,41,22,500.0,899.0,449500.0,2024-06-30
2024063003014304,NFS,41,13,640.0,899.0,575360.0,2024-06-30
2024063003014303,NFS,41,17,10.0,899.0,8990.0,2024-06-30
2024063003014302,NFS,41,58,99.0,898.0,88902.0,2024-06-30
2024063003014301,NFS,41,6,10.0,897.6,8976.0,2024-06-30
2024063003014300,NFS,41,16,100.0,897.6,89760.0,2024-06-30
2024063003014299,NFS,41,14,10.0,897.6,8976.0,2024-06-30
2024063003014298,NFS,41,41,150.0,897.5,134625.0,2024-06-30
2024063003014297,NFS,41,57,200.0,897.0,179400.0,2024-06-30
2024063003014296,NFS,41,19,15.0,897.0,13455.0,2024-06-30
2024063003014295,NFS,41,7,50.0,897.0,44850.0,2024-06-30
2024063003014294,NFS,41,22,1000.0,897.0,897000.0,2024-06-30
2024063003014293,NFS,41,22,1500.0,897.0,1345500.0,2024-06-30
2024063003014292,NFS,41,17,10.0,897.0,8970.0,2024-06-30
2024063003014291,NFS,41,72,200.0,896.0,179200.0,2024-06-30
2024063003014290,NFS,41,56,2500.0,896.0,2240000.0,2024-06-30
2024063003014289,NFS,41,43,500.0,895.0,447500.0,2024-06-30
2024063003014288,NFS,41,51,15.0,895.0,13425.0,2024-06-30
2024063003014287,NFS,41,53,1000.0,895.0,895000.0,2024-06-30
2024063003014286,NFS,41,38,65.0,894.0,58110.0,2024-06-30
2024063003014285,NFS,41,52,34.0,890.0,30260.0,2024-06-30
2024063003014284,NFS,41,42,20.0,888.0,17760.0,2024-06-30
2024063003014283,NFS,41,13,10.0,885.0,8850.0,2024-06-30
2024063003014282,NFS,41,58,10.0,884.0,8840.0,2024-06-30
2024063003014281,NFS,41,47,100.0,882.0,88200.0,2024-06-30
2024063003014280,NFS,41,3,100.0,882.0,88200.0,2024-06-30
2024063003014279,NFS,41,38,30.0,880.0,26400.0,2024-06-30
2024063003014278,NFS,41,3,100.0,880.0,88000.0,2024-06-30
2024063003014277,NFS,41,34,20.0,880.0,17600.0,2024-06-30
2024063003014276,NFS,41,49,20.0,880.0,17600.0,2024-06-30
2024063003014275,NFS,41,56,554.0,879.0,486966.0,2024-06-30
2024063001022309,USHEC,17,58,10.0,460.0,4600.0,2024-06-30
2024063001022308,MHCL,33,5,10.0,399.0,3990.0,2024-06-30
2024063003014274,NFS,5,56,446.0,879.0,392034.0,2024-06-30
2024063003014273,ICFC,57,59,200.0,559.0,111800.0,2024-06-30
2024063001022307,CITY,19,35,10.0,679.0,6790.0,2024-06-30
2024063001022306,DOLTI,29,85,172.0,406.7,69952.4,2024-06-30
2024063001022305,DOLTI,17,85,20.0,407.0,8140.0,2024-06-30
2024063001022304,DOLTI,21,85,200.0,408.0,81600.0,2024-06-30
2024063001022303,DOLTI,17,85,29.0,408.1,11834.9,2024-06-30
2024063001022302,DOLTI,11,85,70.0,409.0,28630.0,2024-06-30
2024063001022301,DOLTI,47,85,200.0,409.7,81940.0,2024-06-30
2024063001022300,DOLTI,57,85,100.0,409.7,40970.0,2024-06-30
2024063001022299,DOLTI,16,85,100.0,410.0,41000.0,2024-06-30
2024063001022298,DOLTI,41,85,300.0,410.0,123000.0,2024-06-30
2024063001022297,DOLTI,59,85,1000.0,410.0,410000.0,2024-06-30
2024063001022296,DOLTI,21,85,100.0,410.0,41000.0,2024-06-30
2024063001022295,DOLTI,34,85,100.0,410.0,41000.0,2024-06-30
2024063001022294,DOLTI,57,85,500.0,410.0,205000.0,2024-06-30
2024063001022293,DOLTI,38,85,50.0,410.0,20500.0,2024-06-30
2024063001022292,DOLTI,14,85,1000.0,410.1,410100.0,2024-06-30
2024063001022291,DOLTI,52,85,200.0,410.1,82020.0,2024-06-30
2024063001022290,DOLTI,32,85,350.0,410.3,143605.0,2024-06-30
2024063001022289,DOLTI,17,85,10.0,410.6,4106.0,2024-06-30
2024063001022288,DOLTI,42,85,100.0,410.6,41060.0,2024-06-30
2024063001022287,DOLTI,41,85,300.0,410.7,123210.0,2024-06-30
2024063001022286,DOLTI,52,85,90.0,410.7,36963.0,2024-06-30
2024063001022285,DOLTI,42,85,1000.0,410.9,410900.0,2024-06-30
2024063001022284,SMHL,65,84,200.0,599.0,119800.0,2024-06-30
2024063004009628,BARUN,45,45,200.0,302.2,60440.0,2024-06-30
2024063003014272,GMFIL,58,18,100.0,431.4,43140.0,2024-06-30
2024063004009627,HPPL,19,89,380.0,299.0,113620.0,2024-06-30
2024063004009626,HPPL,35,89,120.0,300.0,36000.0,2024-06-30
2024063003014271,ALBSL,28,34,100.0,961.0,96100.0,2024-06-30
2024063003014270,ALBSL,38,34,100.0,961.1,96110.0,2024-06-30
2024063003014269,SMB,17,91,10.0,1605.0,16050.0,2024-06-30
2024063003014268,VLBS,45,26,93.0,1015.4,94432.2,2024-06-30
2024063003014267,VLBS,38,26,21.0,1016.0,21336.0,2024-06-30
2024063001022283,TVCL,62,41,190.0,489.0,92910.0,2024-06-30
2024063001022282,TVCL,62,45,30.0,489.0,14670.0,2024-06-30
2024063001022281,TVCL,62,25,80.0,488.9,39112.0,2024-06-30
2024063003014266,PROFL,62,46,15.0,404.0,6060.0,2024-06-30
2024063001022280,SMHL,65,16,170.0,600.0,102000.0,2024-06-30
2024063001022279,SMHL,65,18,500.0,600.0,300000.0,2024-06-30
2024063001022278,SMHL,65,57,10.0,600.0,6000.0,2024-06-30
2024063001022277,SMHL,65,45,10.0,600.0,6000.0,2024-06-30
2024063001022276,SMHL,65,11,500.0,600.0,300000.0,2024-06-30
2024063001022275,SMHL,65,58,10.0,599.5,5995.0,2024-06-30
2024063003014265,GBLBS,49,41,25.0,756.0,18900.0,2024-06-30
2024063001022274,NWCL,69,81,10.0,889.0,8890.0,2024-06-30
2024063003014264,GILB,74,67,255.0,1357.0,346035.0,2024-06-30
2024063003014263,GILB,34,67,100.0,1357.1,135710.0,2024-06-30
2024063003014262,GILB,50,67,100.0,1357.5,135750.0,2024-06-30
2024063003014261,GILB,61,67,200.0,1357.5,271500.0,2024-06-30
2024063003014260,GILB,54,67,10.0,1358.0,13580.0,2024-06-30
2024063003014259,GMFBS,62,21,15.0,1652.1,24781.5,2024-06-30
2024063003014258,GMFBS,39,21,45.0,1652.2,74349.0,2024-06-30
2024063001022273,USHL,36,57,100.0,537.1,53710.0,2024-06-30
2024063003014257,LLBS,49,42,10.0,1200.0,12000.0,2024-06-30
2024063001022272,DLBS,11,49,50.0,1236.0,61800.0,2024-06-30
2024063003014256,ACLBSL,35,58,57.0,1048.5,59764.5,2024-06-30
2024063003014255,ACLBSL,35,17,20.0,1048.0,20960.0,2024-06-30
2024063003014254,ACLBSL,35,58,290.0,1048.0,303920.0,2024-06-30
2024063003014253,ACLBSL,35,58,33.0,1048.0,34584.0,2024-06-30
2024063004009625,HPPL,35,29,380.0,300.0,114000.0,2024-06-30
2024063003014252,NICLBSL,34,3,10.0,630.0,6300.0,2024-06-30
2024063005004210,NRN,60,34,50.0,649.0,32450.0,2024-06-30
2024063005004209,NRN,47,34,450.0,649.0,292050.0,2024-06-30
2024063004009624,UPCL,25,50,10.0,186.6,1866.0,2024-06-30
2024063005004208,NIFRA,48,57,46.0,188.9,8689.4,2024-06-30
2024063004009623,UMRH,80,48,500.0,442.0,221000.0,2024-06-30
2024063001022271,NICA,62,16,47.0,394.1,18522.7,2024-06-30
2024063001022270,NICA,34,16,53.0,394.2,20892.6,2024-06-30
2024063001022269,MKCL,28,69,10.0,1274.0,12740.0,2024-06-30
2024063003014251,SDLBSL,1,49,151.0,1050.0,158550.0,2024-06-30
2024063003014250,SDLBSL,1,58,99.0,1045.0,103455.0,2024-06-30
2024063001022268,NIMB,19,57,10.0,151.9,1519.0,2024-06-30
2024063004009622,SGIC,84,6,850.0,518.3,440555.0,2024-06-30
2024063004009621,SGIC,28,6,300.0,518.3,155490.0,2024-06-30
2024063004009620,SGIC,35,6,500.0,519.0,259500.0,2024-06-30
2024063004009619,SGIC,54,6,20.0,519.0,10380.0,2024-06-30
2024063004009618,SGIC,19,6,50.0,519.0,25950.0,2024-06-30
2024063004009617,SGIC,38,6,20.0,519.0,10380.0,2024-06-30
2024063004009616,SGIC,41,6,200.0,519.1,103820.0,2024-06-30
2024063004009615,SGIC,52,6,60.0,519.2,31152.0,2024-06-30
2024063003014249,NFS,5,74,500.0,879.0,439500.0,2024-06-30
2024063001022267,MKHC,45,42,60.0,327.0,19620.0,2024-06-30
2024063001022266,MKHC,45,68,200.0,327.0,65400.0,2024-06-30
2024063001022265,MKHC,45,35,100.0,325.9,32590.0,2024-06-30
2024063001022264,MKHC,45,11,140.0,323.0,45220.0,2024-06-30
2024063003014248,CFCL,45,36,20.0,452.5,9050.0,2024-06-30
2024063004009614,MEN,45,44,500.0,582.0,291000.0,2024-06-30
2024063004009613,MEN,45,57,40.0,582.0,23280.0,2024-06-30
2024063004009612,MEN,45,58,11.0,582.0,6402.0,2024-06-30
2024063004009611,MEN,45,32,290.0,581.4,168606.0,2024-06-30
2024063004009610,MEN,45,45,20.0,581.4,11628.0,2024-06-30
2024063004009609,MEN,45,17,60.0,581.3,34878.0,2024-06-30
2024063004009608,MEN,45,48,100.0,581.0,58100.0,2024-06-30
2024063004009607,MEN,45,45,100.0,581.0,58100.0,2024-06-30
2024063004009606,MEN,45,72,10.0,581.0,5810.0,2024-06-30
2024063004009605,MEN,45,45,99.0,581.0,57519.0,2024-06-30
2024063004009604,MEN,45,45,200.0,578.0,115600.0,2024-06-30
2024063004009603,RADHI,36,54,328.0,247.0,81016.0,2024-06-30
2024063004009602,RADHI,36,18,474.0,247.0,117078.0,2024-06-30
2024063004009601,RADHI,36,22,18.0,247.0,4446.0,2024-06-30
2024063004009600,RADHI,36,50,180.0,247.0,44460.0,2024-06-30
2024063005004207,HRL,19,42,30.0,539.7,16191.0,2024-06-30
2024063005004206,HRL,36,42,200.0,540.0,108000.0,2024-06-30
2024063005004205,HRL,58,42,20.0,540.0,10800.0,2024-06-30
2024063005004204,HRL,57,42,120.0,540.0,64800.0,2024-06-30
2024063005004203,HRL,46,42,368.0,540.0,198720.0,2024-06-30
2024063005004202,HRL,33,42,1200.0,540.1,648120.0,2024-06-30
2024063005004201,HRL,38,42,100.0,540.1,54010.0,2024-06-30
2024063005004200,HRL,22,42,10.0,540.5,5405.0,2024-06-30
2024063005004199,HRL,45,42,509.0,540.5,275114.5,2024-06-30
2024063005004198,HRL,17,42,100.0,540.6,54060.0,2024-06-30
2024063005004197,HRL,39,42,50.0,540.6,27030.0,2024-06-30
2024063005004196,HRL,16,42,198.0,540.9,107098.2,2024-06-30
2024063003014247,ICFC,77,38,537.0,558.0,299646.0,2024-06-30
2024063003014246,RSDC,49,62,20.0,647.0,12940.0,2024-06-30
2024063004009599,UNHPL,58,21,10.0,237.0,2370.0,2024-06-30
2024063004009598,UNHPL,58,39,10.0,236.8,2368.0,2024-06-30
2024063001022263,SRLI,33,56,10.0,425.1,4251.0,2024-06-30
2024063003014245,SDLBSL,1,58,180.0,1045.0,188100.0,2024-06-30
2024063003014244,SDLBSL,1,43,20.0,1043.1,20862.0,2024-06-30
2024063003014243,PROFL,51,46,38.0,404.0,15352.0,2024-06-30
2024063003014242,SDLBSL,57,43,50.0,1043.1,52155.0,2024-06-30
2024063003014241,SHINE,42,6,679.0,373.4,253538.6,2024-06-30
2024063003014240,SHINE,42,6,121.0,373.4,45181.4,2024-06-30
2024063004009597,SHPC,26,60,100.0,316.3,31630.0,2024-06-30
2024063003014239,JFL,16,32,100.0,596.0,59600.0,2024-06-30
2024063003014238,JFL,1,32,100.0,596.0,59600.0,2024-06-30
2024063003014237,JFL,42,32,100.0,596.0,59600.0,2024-06-30
2024063003014236,JFL,21,32,180.0,596.1,107298.0,2024-06-30
2024063003014235,JFL,17,32,50.0,596.1,29805.0,2024-06-30
2024063003014234,JFL,16,32,1000.0,596.3,596300.0,2024-06-30
2024063003014233,JFL,35,32,20.0,596.4,11928.0,2024-06-30
2024063001022262,NRM,32,70,10.0,387.0,3870.0,2024-06-30
2024063004009596,BARUN,45,34,40.0,302.2,12088.0,2024-06-30
2024063003014232,JBBL,42,8,11.0,282.5,3107.5,2024-06-30
2024063003014231,JBBL,42,3,39.0,282.0,10998.0,2024-06-30
2024063001022261,BHPL,42,7,20.0,639.0,12780.0,2024-06-30
2024063001022260,CYCL,55,62,14.0,1472.9,20620.6,2024-06-30
2024063003014230,PMLI,49,48,10.0,485.0,4850.0,2024-06-30
2024063001022259,MANDU,45,14,50.0,1071.1,53555.0,2024-06-30
2024063003014229,SDLBSL,41,43,20.0,1043.1,20862.0,2024-06-30
2024063001022258,DOLTI,52,79,10.0,410.7,4107.0,2024-06-30
2024063001022257,VLUCL,57,43,10.0,509.0,5090.0,2024-06-30
2024063003014228,JBBL,57,3,15.0,282.0,4230.0,2024-06-30
2024063003014227,JBBL,57,58,20.0,282.0,5640.0,2024-06-30
2024063003014226,KMCDB,77,49,223.0,1074.9,239702.7,2024-06-30
2024063003014225,KMCDB,77,1,100.0,1074.0,107400.0,2024-06-30
2024063003014224,KMCDB,77,38,50.0,1073.0,53650.0,2024-06-30
2024063003014223,KMCDB,77,34,14.0,1071.9,15006.6,2024-06-30
2024063003014222,KMCDB,77,35,330.0,1071.8,353694.0,2024-06-30
2024063003014221,KMCDB,77,49,100.0,1071.8,107180.0,2024-06-30
2024063003014220,KMCDB,77,29,100.0,1071.0,107100.0,2024-06-30
2024063003014219,KMCDB,77,42,200.0,1070.0,214000.0,2024-06-30
2024063003014218,KMCDB,77,54,180.0,1070.0,192600.0,2024-06-30
2024063003014217,KMCDB,77,85,111.0,1069.9,118758.9,2024-06-30
2024063003014216,KMCDB,77,69,92.0,1068.9,98338.8,2024-06-30
2024063003014215,NMLBBL,22,6,100.0,662.0,66200.0,2024-06-30
2024063003014214,NMLBBL,14,6,100.0,662.1,66210.0,2024-06-30
2024063003014213,GUFL,6,61,43.0,700.0,30100.0,2024-06-30
2024063003014212,GUFL,6,37,355.0,700.0,248500.0,2024-06-30
2024063003014211,GUFL,6,36,60.0,700.0,42000.0,2024-06-30
2024063003014210,GUFL,6,5,42.0,698.0,29316.0,2024-06-30
2024063001022256,MKHC,42,71,100.0,322.5,32250.0,2024-06-30
2024063003014209,RLFL,18,14,70.0,427.7,29939.0,2024-06-30
2024063003014208,RLFL,18,57,100.0,427.6,42760.0,2024-06-30
2024063003014207,RLFL,18,26,200.0,427.5,85500.0,2024-06-30
2024063003014206,RLFL,18,55,20.0,427.5,8550.0,2024-06-30
2024063003014205,RLFL,18,45,10.0,425.0,4250.0,2024-06-30
2024063003014204,LBBL,1,49,100.0,370.2,37020.0,2024-06-30
2024063003014203,SINDU,46,34,10.0,401.9,4019.0,2024-06-30
2024063004009595,SHEL,88,32,450.0,153.4,69030.0,2024-06-30
2024063004009594,SHEL,88,21,50.0,153.0,7650.0,2024-06-30
2024063003014202,GFCL,58,13,15.0,588.0,8820.0,2024-06-30
2024063003014201,GFCL,64,13,100.0,588.0,58800.0,2024-06-30
2024063003014200,GFCL,7,13,20.0,588.0,11760.0,2024-06-30
2024063003014199,GFCL,62,13,10.0,588.0,5880.0,2024-06-30
2024063003014198,GFCL,58,13,30.0,588.5,17655.0,2024-06-30
2024063003014197,GMFBS,39,36,80.0,1652.2,132176.0,2024-06-30
2024063004009593,NHDL,39,38,13.0,521.1,6774.3,2024-06-30
2024063004009592,SGIC,55,22,30.0,520.0,15600.0,2024-06-30
2024063005004195,HIDCL,48,4,281.0,160.3,45044.3,2024-06-30
2024063001022255,SAMAJ,58,80,10.0,2653.0,26530.0,2024-06-30
2024063001022254,SAMAJ,58,6,40.0,2548.7,101948.0,2024-06-30
2024063001022253,NIMB,43,1,91.0,151.4,13777.4,2024-06-30
2024063001022252,NIMB,51,1,10.0,151.5,1515.0,2024-06-30
2024063001022251,BNHC,39,63,20.0,641.0,12820.0,2024-06-30
2024063004009591,BARUN,45,57,15.0,302.2,4533.0,2024-06-30
2024063004009590,BARUN,45,57,85.0,302.2,25687.0,2024-06-30
2024063003014196,JFL,57,32,107.0,597.0,63879.0,2024-06-30
2024063005004194,NTC,11,57,20.0,809.0,16180.0,2024-06-30
2024063005004193,NTC,38,57,40.0,809.0,32360.0,2024-06-30
2024063005004192,NTC,54,57,23.0,809.0,18607.0,2024-06-30
2024063005004191,NTC,42,57,38.0,809.0,30742.0,2024-06-30
2024063003014195,MLBL,32,39,1108.0,315.3,349352.4,2024-06-30
2024063003014194,MLBL,43,39,100.0,315.3,31530.0,2024-06-30
2024063003014193,MLBL,50,39,62.0,315.4,19554.8,2024-06-30
2024063003014192,MLBL,42,39,630.0,315.5,198765.0,2024-06-30
2024063003014191,MLBL,47,39,100.0,316.0,31600.0,2024-06-30
2024063001022250,MKCL,39,77,40.0,1273.0,50920.0,2024-06-30
2024063001022249,MKCL,57,77,500.0,1274.0,637000.0,2024-06-30
2024063001022248,MKCL,13,77,10.0,1275.0,12750.0,2024-06-30
2024063003014190,HLBSL,45,45,100.0,1298.0,129800.0,2024-06-30
2024063003014189,HLBSL,45,46,300.0,1297.9,389370.0,2024-06-30
2024063004009589,AHPC,45,19,1170.0,149.1,174447.0,2024-06-30
2024063004009588,NHDL,39,13,100.0,521.1,52110.0,2024-06-30
2024063001022247,MAKAR,34,42,180.0,454.0,81720.0,2024-06-30
2024063001022246,MAKAR,46,42,20.0,456.0,9120.0,2024-06-30
2024063001022245,MAKAR,42,36,10.0,457.0,4570.0,2024-06-30
2024063004009587,GLH,14,14,300.0,205.8,61740.0,2024-06-30
2024063004009586,SGIC,26,22,20.0,520.0,10400.0,2024-06-30
2024063001022244,NYADI,25,21,90.0,335.0,30150.0,2024-06-30
2024063001022243,NYADI,25,21,160.0,335.0,53600.0,2024-06-30
2024063001022242,NRM,59,41,571.0,385.1,219892.1,2024-06-30
2024063001022241,EBL,58,38,170.0,518.0,88060.0,2024-06-30
2024063004009585,TRH,33,11,26.0,754.5,19617.0,2024-06-30
2024063003014188,RSDC,67,58,60.0,650.0,39000.0,2024-06-30
2024063003014187,SFCL,35,4,179.0,435.6,77972.4,2024-06-30
2024063003014186,SFCL,6,4,100.0,436.0,43600.0,2024-06-30
2024063003014185,SFCL,42,4,21.0,436.1,9158.1,2024-06-30
2024063003014184,SADBL,56,49,82.0,305.9,25083.8,2024-06-30
2024063003014183,SADBL,56,59,180.0,305.9,55062.0,2024-06-30
2024063003014182,GUFL,59,5,10.0,698.0,6980.0,2024-06-30
2024063003014181,GUFL,19,5,250.0,698.0,174500.0,2024-06-30
2024063003014180,GUFL,7,5,50.0,698.0,34900.0,2024-06-30
2024063003014179,GUFL,34,5,20.0,698.0,13960.0,2024-06-30
2024063003014178,GUFL,57,5,50.0,698.0,34900.0,2024-06-30
2024063003014177,GUFL,58,5,60.0,698.0,41880.0,2024-06-30
2024063003014176,GUFL,45,5,150.0,698.5,104775.0,2024-06-30
2024063003014175,GUFL,57,5,50.0,698.5,34925.0,2024-06-30
2024063003014174,GUFL,55,5,101.0,698.8,70578.8,2024-06-30
2024063003014173,GUFL,7,5,10.0,699.0,6990.0,2024-06-30
2024063003014172,GUFL,26,5,157.0,699.0,109743.0,2024-06-30
2024063003014171,GUFL,29,5,50.0,699.1,34955.0,2024-06-30
2024063004009584,CHCL,1,42,130.0,431.1,56043.0,2024-06-30
2024063001022240,NWCL,19,57,40.0,887.2,35488.0,2024-06-30
2024063005004190,HRL,3,13,70.0,541.0,37870.0,2024-06-30
2024063003014170,PFL,6,45,95.0,605.1,57484.5,2024-06-30
2024063003014169,SIFC,46,41,12.0,457.4,5488.8,2024-06-30
2024063003014168,MPFL,22,46,70.0,510.0,35700.0,2024-06-30
2024063003014167,MPFL,41,46,100.0,510.0,51000.0,2024-06-30
2024063003014166,MPFL,70,46,200.0,510.0,102000.0,2024-06-30
2024063003014165,MPFL,46,46,290.0,510.0,147900.0,2024-06-30
2024063003014164,MPFL,60,46,1155.0,510.0,589050.0,2024-06-30
2024063003014163,MPFL,92,46,182.0,510.2,92856.4,2024-06-30
2024063004009583,SGIC,45,22,50.0,520.0,26000.0,2024-06-30
2024063004009582,HURJA,32,58,100.0,270.0,27000.0,2024-06-30
2024063003014162,GFCL,58,91,70.0,588.5,41195.0,2024-06-30
2024063003014161,GFCL,58,91,10.0,588.7,5887.0,2024-06-30
2024063003014160,GFCL,33,91,70.0,588.8,41216.0,2024-06-30
2024063003014159,NICLBSL,32,17,10.0,630.0,6300.0,2024-06-30
2024063005004189,CIT,62,50,54.0,2076.0,112104.0,2024-06-30
2024063005004188,CIT,13,50,11.0,2076.0,22836.0,2024-06-30
2024063001022239,ILI,22,42,45.0,415.1,18679.5,2024-06-30
2024063001022238,HDL,26,6,4.0,1160.0,4640.0,2024-06-30
2024063001022237,HDL,26,53,16.0,1160.0,18560.0,2024-06-30
2024063001022236,HDL,34,53,69.0,1160.0,80040.0,2024-06-30
2024063001022235,HATHY,13,25,10.0,918.7,9187.0,2024-06-30
2024063001022234,HATHY,53,25,10.0,918.8,9188.0,2024-06-30
2024063003014158,ICFC,77,25,200.0,558.0,111600.0,2024-06-30
2024063003014157,HLI,22,25,32.0,369.0,11808.0,2024-06-30
2024063003014156,HLI,50,25,30.0,369.0,11070.0,2024-06-30
2024063003014155,HLI,48,25,38.0,369.0,14022.0,2024-06-30
2024063003014154,GRDBL,44,58,25.0,439.0,10975.0,2024-06-30
2024063005004187,SAEF,28,60,25000.0,10.15,253750.0,2024-06-30
2024063003014153,KMCDB,62,69,208.0,1068.9,222331.2,2024-06-30
2024063001022233,HATHY,43,44,190.0,923.9,175541.0,2024-06-30
2024063001022232,HATHY,43,22,22.0,923.5,20317.0,2024-06-30
2024063001022231,HATHY,43,59,50.0,920.0,46000.0,2024-06-30
2024063001022230,HATHY,43,44,23.0,920.0,21160.0,2024-06-30
2024063001022229,HATHY,43,39,50.0,919.0,45950.0,2024-06-30
2024063005004186,HIDCL,19,4,10.0,160.3,1603.0,2024-06-30
2024063001022228,DOLTI,1,57,100.0,411.0,41100.0,2024-06-30
2024063003014152,LBBL,1,57,15.0,370.2,5553.0,2024-06-30
2024063003014151,KMCDB,62,85,89.0,1069.9,95221.1,2024-06-30
2024063003014150,ACLBSL,35,58,367.0,1048.0,384616.0,2024-06-30
2024063003014149,ACLBSL,35,58,33.0,1045.0,34485.0,2024-06-30
2024063001022227,RHGCL,13,6,135.0,335.0,45225.0,2024-06-30
2024063004009581,BPCL,33,36,500.0,288.2,144100.0,2024-06-30
2024063001022226,NMB,48,36,100.0,182.2,18220.0,2024-06-30
2024063003014148,NMBMF,42,48,10.0,683.0,6830.0,2024-06-30
2024063001022225,SHIVM,16,13,29.0,473.0,13717.0,2024-06-30
2024063005004185,NIFRA,42,57,115.0,188.9,21723.5,2024-06-30
2024063005004184,NIFRA,42,36,25.0,188.9,4722.5,2024-06-30
2024063005004183,NIFRA,42,16,10.0,188.8,1888.0,2024-06-30
2024063004009580,HDHPC,42,39,25.0,124.8,3120.0,2024-06-30
2024063004009579,JOSHI,29,50,10.0,284.9,2849.0,2024-06-30
2024063003014147,FMDBL,41,38,20.0,651.0,13020.0,2024-06-30
2024063003014146,SDLBSL,57,43,100.0,1043.1,104310.0,2024-06-30
2024063003014145,SDLBSL,92,43,10.0,1043.1,10431.0,2024-06-30
2024063005004182,NRIC,65,57,64.0,635.0,40640.0,2024-06-30
2024063003014144,GFCL,33,45,30.0,588.8,17664.0,2024-06-30
2024063001022224,IHL,35,34,10.0,425.0,4250.0,2024-06-30
2024063001022223,IHL,35,56,10.0,425.0,4250.0,2024-06-30
2024063001022222,IHL,35,29,30.0,424.5,12735.0,2024-06-30
2024063003014143,ACLBSL,34,95,53.0,1026.0,54378.0,2024-06-30
2024063001022221,RBCLPO,6,7,10.0,10215.0,102150.0,2024-06-30
2024063003014142,JBBL,34,64,25.0,280.0,7000.0,2024-06-30
2024063001022220,SMJC,65,50,100.0,396.9,39690.0,2024-06-30
2024063004009578,UPCL,25,21,10.0,187.0,1870.0,2024-06-30
2024063001022219,CYCL,57,59,160.0,1460.3,233648.0,2024-06-30
2024063001022218,CYCL,57,59,20.0,1461.0,29220.0,2024-06-30
2024063001022217,CYCL,34,59,20.0,1462.0,29240.0,2024-06-30
2024063004009577,UPPER,6,17,290.0,153.0,44370.0,2024-06-30
2024063004009576,UPPER,45,17,100.0,153.0,15300.0,2024-06-30
2024063004009575,UPPER,25,17,50.0,153.1,7655.0,2024-06-30
2024063001022216,DORDI,44,19,10.0,435.1,4351.0,2024-06-30
2024063004009574,SJCL,57,58,10.0,260.0,2600.0,2024-06-30
2024063004009573,SJCL,57,22,40.0,259.9,10396.0,2024-06-30
2024063003014141,PFL,57,45,10.0,605.1,6051.0,2024-06-30
2024063001022215,RHGCL,43,6,765.0,335.0,256275.0,2024-06-30
2024063003014140,PFL,43,45,70.0,605.0,42350.0,2024-06-30
2024063003014139,GBBL,45,57,150.0,352.7,52905.0,2024-06-30
2024063001022214,BGWT,45,22,10.0,912.0,9120.0,2024-06-30
2024063003014138,JFL,42,36,200.0,596.4,119280.0,2024-06-30
2024063005004181,SMATA,67,59,50.0,957.2,47860.0,2024-06-30
2024063003014137,SJLIC,74,58,9.0,397.0,3573.0,2024-06-30
2024063005004180,NRIC,33,35,10.0,636.0,6360.0,2024-06-30
2024063001022213,NYADI,57,21,140.0,335.0,46900.0,2024-06-30
2024063001022212,CITY,5,26,10.0,680.0,6800.0,2024-06-30
2024063004009572,UAIL,5,36,50.0,548.0,27400.0,2024-06-30
2024063004009571,SHEL,51,50,818.0,152.0,124336.0,2024-06-30
2024063003014136,ILBS,77,42,80.0,1187.0,94960.0,2024-06-30
2024063003014135,GUFL,26,45,743.0,699.0,519357.0,2024-06-30
2024063003014134,GUFL,11,45,100.0,699.1,69910.0,2024-06-30
2024063005004179,NRN,34,45,85.0,650.0,55250.0,2024-06-30
2024063005004178,NRN,34,38,360.0,650.0,234000.0,2024-06-30
2024063005004177,NRN,34,62,55.0,649.9,35744.5,2024-06-30
2024063005004176,HRL,42,13,10.0,541.0,5410.0,2024-06-30
2024063003014133,GBLBS,49,42,90.0,756.0,68040.0,2024-06-30
2024063003014132,GBLBS,16,42,10.0,756.0,7560.0,2024-06-30
2024063003014131,NADEP,34,43,10.0,810.0,8100.0,2024-06-30
2024063003014130,NADEP,34,49,15.0,809.0,12135.0,2024-06-30
2024063003014129,NADEP,34,36,20.0,809.0,16180.0,2024-06-30
2024063003014128,NADEP,34,14,100.0,807.0,80700.0,2024-06-30
2024063001022211,MKHC,42,65,70.0,322.5,22575.0,2024-06-30
2024063001022210,MKHC,62,65,10.0,322.6,3226.0,2024-06-30
2024063001022209,MKHC,49,65,20.0,322.6,6452.0,2024-06-30
2024063001022208,NICA,34,25,25.0,394.2,9855.0,2024-06-30
2024063001022207,SAMAJ,58,6,60.0,2548.7,152922.0,2024-06-30
2024063001022206,SAMAJ,58,62,30.0,2548.0,76440.0,2024-06-30
2024063001022205,SAMAJ,58,49,50.0,2548.0,127400.0,2024-06-30
2024063001022204,SAMAJ,58,4,10.0,2500.0,25000.0,2024-06-30
2024063001022203,SAMAJ,58,5,10.0,2500.0,25000.0,2024-06-30
2024063001022202,SAMAJ,58,26,10.0,2500.0,25000.0,2024-06-30
2024063001022201,SAMAJ,58,7,40.0,2499.9,99996.0,2024-06-30
2024063001022200,SAMAJ,58,49,50.0,2499.0,124950.0,2024-06-30
2024063001022199,SAMAJ,58,49,10.0,2499.0,24990.0,2024-06-30
2024063001022198,SAMAJ,58,39,70.0,2499.0,174930.0,2024-06-30
2024063001022197,SAMAJ,58,16,10.0,2498.0,24980.0,2024-06-30
2024063001022196,BGWT,65,33,25.0,912.0,22800.0,2024-06-30
2024063001022195,SMHL,65,18,456.0,599.0,273144.0,2024-06-30
2024063001022194,SMHL,29,18,44.0,599.1,26360.4,2024-06-30
2024063001022193,SNLI,32,49,10.0,450.1,4501.0,2024-06-30
2024063003014127,MPFL,92,44,18.0,510.2,9183.6,2024-06-30
2024063004009570,SGIC,52,36,20.0,519.2,10384.0,2024-06-30
2024063003014126,SINDU,14,34,10.0,401.9,4019.0,2024-06-30
2024063003014125,KRBL,62,41,30.0,441.1,13233.0,2024-06-30
2024063001022192,UNLB,84,56,100.0,1975.2,197520.0,2024-06-30
2024063003014124,CFCL,59,70,450.0,451.7,203265.0,2024-06-30
2024063003014123,CFCL,52,70,30.0,451.7,13551.0,2024-06-30
2024063003014122,CFCL,45,70,30.0,451.7,13551.0,2024-06-30
2024063003014121,MDB,58,70,150.0,492.6,73890.0,2024-06-30
2024063003014120,MDB,29,70,50.0,492.7,24635.0,2024-06-30
2024063003014119,NFS,5,74,154.0,879.0,135366.0,2024-06-30
2024063003014118,NFS,36,74,1021.0,879.0,897459.0,2024-06-30
2024063003014117,NFS,21,74,200.0,879.1,175820.0,2024-06-30
2024063003014116,NFS,21,74,50.0,879.2,43960.0,2024-06-30
2024063003014115,NFS,38,74,200.0,880.0,176000.0,2024-06-30
2024063003014114,NFS,51,74,375.0,880.0,330000.0,2024-06-30
2024063001022191,SBL,22,6,900.0,238.6,214740.0,2024-06-30
2024063001022190,SBL,50,6,100.0,240.0,24000.0,2024-06-30
2024063003014113,GFCL,60,34,50.0,589.0,29450.0,2024-06-30
2024063005004175,NRN,47,39,50.0,649.0,32450.0,2024-06-30
2024063004009569,RIDI,18,22,10.0,160.0,1600.0,2024-06-30
2024063001022189,MKJC,49,49,50.0,616.0,30800.0,2024-06-30
2024063003014112,NMBMF,45,49,196.0,678.2,132927.2,2024-06-30
2024063004009568,NHPC,49,43,20.0,138.0,2760.0,2024-06-30
2024063003014111,SFCL,45,4,250.0,437.0,109250.0,2024-06-30
2024063004009567,GHL,39,45,20.0,145.4,2908.0,2024-06-30
2024063003014110,ACLBSL,35,58,67.0,1045.0,70015.0,2024-06-30
2024063003014109,ACLBSL,35,59,13.0,1045.0,13585.0,2024-06-30
2024063003014108,ACLBSL,35,1,50.0,1044.0,52200.0,2024-06-30
2024063003014107,ACLBSL,35,45,13.0,1044.0,13572.0,2024-06-30
2024063003014106,ACLBSL,35,41,10.0,1044.0,10440.0,2024-06-30
2024063003014105,ACLBSL,35,5,28.0,1041.9,29173.2,2024-06-30
2024063003014104,ACLBSL,35,54,20.0,1041.0,20820.0,2024-06-30
2024063003014103,ACLBSL,35,56,70.0,1040.0,72800.0,2024-06-30
2024063003014102,ACLBSL,35,49,10.0,1040.0,10400.0,2024-06-30
2024063003014101,ACLBSL,35,21,69.0,1040.0,71760.0,2024-06-30
2024063003014100,ACLBSL,35,19,50.0,1039.9,51995.0,2024-06-30
2024063001022188,ILI,29,32,400.0,415.0,166000.0,2024-06-30
2024063001022187,ILI,38,32,100.0,415.1,41510.0,2024-06-30
2024063001022186,NWCL,80,49,93.0,888.0,82584.0,2024-06-30
2024063001022185,SPL,55,16,100.0,750.0,75000.0,2024-06-30
2024063001022184,SPL,55,42,68.0,750.0,51000.0,2024-06-30
2024063001022183,SPL,58,42,45.0,750.0,33750.0,2024-06-30
2024063001022182,SPL,56,42,20.0,750.0,15000.0,2024-06-30
2024063001022181,SPL,19,42,90.0,750.8,67572.0,2024-06-30
2024063001022180,PCBL,50,48,78.0,191.7,14952.6,2024-06-30
2024063001022179,PCBL,52,48,20.0,191.7,3834.0,2024-06-30
2024063001022178,KBL,20,48,225.0,134.2,30195.0,2024-06-30
2024063001022177,KBL,40,48,165.0,134.3,22159.5,2024-06-30
2024063005004174,CHDC,28,17,33.0,985.1,32508.3,2024-06-30
2024063005004173,CHDC,45,17,467.0,985.1,460041.7,2024-06-30
2024063001022176,SARBTM,6,33,300.0,770.0,231000.0,2024-06-30
2024063001022175,MANDU,45,60,200.0,1071.1,214220.0,2024-06-30
2024063001022174,MMKJL,49,59,50.0,506.0,25300.0,2024-06-30
2024063001022173,MKLB,45,69,10.0,1219.9,12199.0,2024-06-30
2024063001022172,MKLB,45,34,70.0,1210.5,84735.0,2024-06-30
2024063004009566,UMRH,45,62,100.0,443.0,44300.0,2024-06-30
2024063003014099,HLBSL,45,38,200.0,1296.0,259200.0,2024-06-30
2024063003014098,HLBSL,45,96,100.0,1293.7,129370.0,2024-06-30
2024063003014097,SJLIC,19,45,500.0,400.1,200050.0,2024-06-30
2024063005004172,HRL,16,32,10.0,540.9,5409.0,2024-06-30
2024063001022171,NRM,59,34,50.0,385.1,19255.0,2024-06-30
2024063001022170,NRM,38,34,40.0,385.1,15404.0,2024-06-30
2024063004009565,KPCL,48,42,468.0,447.0,209196.0,2024-06-30
2024063004009564,KPCL,62,42,10.0,447.1,4471.0,2024-06-30
2024063004009563,KPCL,34,42,22.0,447.1,9836.2,2024-06-30
2024063003014096,RSDC,38,58,113.0,650.0,73450.0,2024-06-30
2024063003014095,RSDC,38,17,27.0,649.9,17547.3,2024-06-30
2024063004009562,CHCL,10,42,10.0,431.1,4311.0,2024-06-30
2024063001022169,MAKAR,4,36,10.0,457.0,4570.0,2024-06-30
2024063001022168,MAKAR,4,46,10.0,456.0,4560.0,2024-06-30
2024063001022167,NYADI,57,94,200.0,335.0,67000.0,2024-06-30
2024063001022166,NYADI,57,44,100.0,335.0,33500.0,2024-06-30
2024063001022165,NYADI,57,7,60.0,335.0,20100.0,2024-06-30
2024063001022164,DOLTI,95,57,300.0,411.0,123300.0,2024-06-30
2024063004009561,UAIL,38,36,100.0,548.0,54800.0,2024-06-30
2024063004009560,UAIL,50,36,294.0,548.0,161112.0,2024-06-30
2024063004009559,UAIL,50,36,175.0,548.1,95917.5,2024-06-30
2024063004009558,UAIL,4,36,18.0,548.1,9865.8,2024-06-30
2024063004009557,AKJCL,22,11,18.0,204.5,3681.0,2024-06-30
2024063004009556,AKJCL,57,11,10.0,204.9,2049.0,2024-06-30
2024063001022163,NWCL,66,49,30.0,888.0,26640.0,2024-06-30
2024063003014094,ICFC,42,59,15.0,559.0,8385.0,2024-06-30
2024063003014093,RSDC,6,42,17.0,647.0,10999.0,2024-06-30
2024063003014092,RSDC,58,42,30.0,647.0,19410.0,2024-06-30
2024063003014091,RSDC,35,42,100.0,647.0,64700.0,2024-06-30
2024063003014090,RSDC,91,42,100.0,647.1,64710.0,2024-06-30
2024063003014089,RSDC,58,42,80.0,648.8,51904.0,2024-06-30
2024063003014088,RSDC,52,42,80.0,648.8,51904.0,2024-06-30
2024063003014087,CFCL,62,36,30.0,452.5,13575.0,2024-06-30
2024063003014086,CFCL,62,45,20.0,452.0,9040.0,2024-06-30
2024063003014085,ALBSL,41,41,10.0,973.9,9739.0,2024-06-30
2024063003014084,PFL,43,35,16.0,605.0,9680.0,2024-06-30
2024063003014083,PFL,6,35,20.0,605.0,12100.0,2024-06-30
2024063003014082,PFL,55,35,10.0,605.0,6050.0,2024-06-30
2024063003014081,PFL,54,35,20.0,605.0,12100.0,2024-06-30
2024063001022162,MEL,1,54,10.0,218.0,2180.0,2024-06-30
2024063003014080,PROFL,39,46,400.0,404.0,161600.0,2024-06-30
2024063001022161,KDL,1,39,30.0,1166.2,34986.0,2024-06-30
2024063005004171,HIDCL,7,57,113.0,160.2,18102.6,2024-06-30
2024063001022160,NWCL,7,49,100.0,888.0,88800.0,2024-06-30
2024063001022159,HDL,34,35,16.0,1160.0,18560.0,2024-06-30
2024063001022158,HDL,34,57,15.0,1160.0,17400.0,2024-06-30
2024063001022157,SARBTM,6,34,40.0,770.0,30800.0,2024-06-30
2024063001022156,SARBTM,42,34,20.0,770.0,15400.0,2024-06-30
2024063001022155,SARBTM,52,34,200.0,770.0,154000.0,2024-06-30
2024063001022154,SARBTM,44,34,30.0,770.0,23100.0,2024-06-30
2024063001022153,SARBTM,42,34,10.0,770.1,7701.0,2024-06-30
2024063001022152,BGWT,65,62,275.0,912.0,250800.0,2024-06-30
2024063003014079,MPFL,60,59,30.0,510.0,15300.0,2024-06-30
2024063003014078,MPFL,43,59,50.0,510.2,25510.0,2024-06-30
2024063004009555,GLH,43,35,50.0,206.0,10300.0,2024-06-30
2024063001022151,IHL,21,29,10.0,424.5,4245.0,2024-06-30
2024063001022150,BHDC,35,51,100.0,572.0,57200.0,2024-06-30
2024063001022149,HDL,58,57,15.0,1160.0,17400.0,2024-06-30
2024063001022148,HDL,57,57,10.0,1160.0,11600.0,2024-06-30
2024063001022147,HDL,42,57,40.0,1160.0,46400.0,2024-06-30
2024063001022146,HDL,38,57,20.0,1160.0,23200.0,2024-06-30
2024063005004170,HIDCL,71,4,250.0,160.3,40075.0,2024-06-30
2024063004009554,RIDI,4,22,73.0,160.0,11680.0,2024-06-30
2024063005004169,CHDC,96,6,10.0,986.0,9860.0,2024-06-30
2024063001022145,SPHL,45,49,10.0,564.0,5640.0,2024-06-30
2024063003014077,ICFC,77,45,352.0,558.0,196416.0,2024-06-30
2024063003014076,ICFC,44,45,118.0,558.1,65855.8,2024-06-30
2024063003014075,ICFC,13,45,30.0,558.2,16746.0,2024-06-30
2024063003014074,PFL,7,38,10.0,605.0,6050.0,2024-06-30
2024063003014073,PFL,48,38,50.0,605.0,30250.0,2024-06-30
2024063003014072,PFL,13,38,150.0,605.0,90750.0,2024-06-30
2024063003014071,PFL,57,38,500.0,605.0,302500.0,2024-06-30
2024063003014070,PFL,43,38,20.0,605.0,12100.0,2024-06-30
2024063003014069,PFL,55,38,300.0,605.0,181500.0,2024-06-30
2024063003014068,PFL,38,38,30.0,605.0,18150.0,2024-06-30
2024063003014067,PFL,32,38,272.0,605.0,164560.0,2024-06-30
2024063003014066,PFL,34,38,462.0,605.1,279556.2,2024-06-30
2024063003014065,PFL,50,38,200.0,605.2,121040.0,2024-06-30
2024063005004168,CHDC,45,48,33.0,985.1,32508.3,2024-06-30
2024063005004167,CHDC,35,48,297.0,985.1,292574.7,2024-06-30
2024063005004166,CHDC,32,48,50.0,985.2,49260.0,2024-06-30
2024063001022144,NWCL,42,49,110.0,888.0,97680.0,2024-06-30
2024063004009553,RIDI,4,42,179.0,160.0,28640.0,2024-06-30
2024063003014064,PFL,50,25,200.0,605.2,121040.0,2024-06-30
2024063001022143,ULHC,25,19,72.0,392.9,28288.8,2024-06-30
2024063001022142,ULHC,25,22,20.0,392.6,7852.0,2024-06-30
2024063001022141,ULHC,25,45,10.0,391.5,3915.0,2024-06-30
2024063001022140,ULHC,25,38,10.0,390.0,3900.0,2024-06-30
2024063001022139,ULHC,25,36,188.0,387.0,72756.0,2024-06-30
2024063005004165,LUK,43,17,650.0,8.6,5590.0,2024-06-30
2024063003014063,CORBL,84,87,145.0,516.2,74849.0,2024-06-30
2024063003014062,FMDBL,45,38,11.0,651.0,7161.0,2024-06-30
2024063003014061,MPFL,43,7,150.0,510.2,76530.0,2024-06-30
2024063001022138,NBL,25,7,51.0,204.0,10404.0,2024-06-30
2024063001022137,NBL,28,7,694.0,204.0,141576.0,2024-06-30
2024063001022136,RFPL,95,8,530.0,353.0,187090.0,2024-06-30
2024063003014060,NFS,40,53,295.0,880.1,259629.5,2024-06-30
2024063001022135,PPL,58,57,200.0,450.0,90000.0,2024-06-30
2024063003014059,PFL,50,45,100.0,605.2,60520.0,2024-06-30
2024063003014058,JFL,42,32,100.0,597.0,59700.0,2024-06-30
2024063003014057,JFL,38,32,50.0,597.0,29850.0,2024-06-30
2024063003014056,JFL,41,32,35.0,597.0,20895.0,2024-06-30
2024063003014055,JFL,28,32,20.0,598.0,11960.0,2024-06-30
2024063003014054,HLBSL,38,38,100.0,1296.0,129600.0,2024-06-30
2024063003014053,HLBSL,38,26,150.0,1295.8,194370.0,2024-06-30
2024063003014052,HLBSL,38,96,50.0,1295.0,64750.0,2024-06-30
2024063005004164,CIT,38,13,21.0,2076.9,43614.9,2024-06-30
2024063003014051,SDLBSL,92,43,200.0,1044.0,208800.0,2024-06-30
2024063001022134,MBL,22,42,977.0,165.1,161302.7,2024-06-30
2024063001022133,MBL,58,42,21.0,165.1,3467.1,2024-06-30
2024063001022132,SPL,19,56,10.0,750.8,7508.0,2024-06-30
2024063005004163,NRN,58,35,350.0,647.0,226450.0,2024-06-30
2024063001022131,MSHL,34,39,20.0,645.0,12900.0,2024-06-30
2024063001022130,GBIME,57,42,100.0,172.5,17250.0,2024-06-30
2024063001022129,MHL,66,57,50.0,536.7,26835.0,2024-06-30
2024063001022128,NMB,48,74,227.0,182.2,41359.4,2024-06-30
2024063004009552,SSHL,88,45,458.0,169.0,77402.0,2024-06-30
2024063004009551,GLH,43,49,181.0,206.0,37286.0,2024-06-30
2024063003014050,HLBSL,49,46,300.0,1293.8,388140.0,2024-06-30
2024063001022127,TPC,91,1,10.0,530.9,5309.0,2024-06-30
2024063003014049,CFCL,14,45,80.0,452.0,36160.0,2024-06-30
2024063003014048,HLBSL,60,16,560.0,1291.1,723016.0,2024-06-30
2024063003014047,HLBSL,38,16,940.0,1291.1,1213634.0,2024-06-30
2024063003014046,MNBBL,38,45,10.0,338.3,3383.0,2024-06-30
2024063004009550,NHDL,1,38,500.0,521.2,260600.0,2024-06-30
2024063004009549,NHDL,57,38,100.0,522.0,52200.0,2024-06-30
2024063004009548,NHDL,56,38,50.0,522.0,26100.0,2024-06-30
2024063004009547,NHDL,6,38,37.0,522.1,19317.7,2024-06-30
2024063004009546,AHPC,59,38,20.0,149.0,2980.0,2024-06-30
2024063001022126,SMJC,44,41,1179.0,395.2,465940.8,2024-06-30
2024063005004162,HIDCL,7,58,300.0,160.2,48060.0,2024-06-30
2024063005004161,NRN,58,60,2505.0,647.0,1620735.0,2024-06-30
2024063005004160,NRN,34,60,120.0,647.0,77640.0,2024-06-30
2024063005004159,NRN,38,60,100.0,647.0,64700.0,2024-06-30
2024063005004158,NRN,34,60,85.0,647.0,54995.0,2024-06-30
2024063005004157,NRN,45,60,940.0,647.1,608274.0,2024-06-30
2024063005004156,NRN,25,60,100.0,648.0,64800.0,2024-06-30
2024063001022125,NABIL,35,1,20.0,452.0,9040.0,2024-06-30
2024063001022124,NABIL,35,16,180.0,452.0,81360.0,2024-06-30
2024063004009545,HURJA,58,36,343.0,268.3,92026.9,2024-06-30
2024063004009544,HURJA,36,36,500.0,268.3,134150.0,2024-06-30
2024063004009543,HURJA,22,36,20.0,268.4,5368.0,2024-06-30
2024063004009542,HURJA,45,36,27.0,269.0,7263.0,2024-06-30
2024063004009541,HURJA,36,36,60.0,269.0,16140.0,2024-06-30
2024063004009540,HURJA,8,36,50.0,269.0,13450.0,2024-06-30
2024063003014045,SHINE,16,6,10.0,374.0,3740.0,2024-06-30
2024063001022123,TVCL,62,25,20.0,488.9,9778.0,2024-06-30
2024063001022122,TVCL,62,16,200.0,488.0,97600.0,2024-06-30
2024063001022121,TVCL,62,42,10.0,488.0,4880.0,2024-06-30
2024063001022120,TVCL,62,45,10.0,487.2,4872.0,2024-06-30
2024063001022119,TVCL,62,51,20.0,487.2,9744.0,2024-06-30
2024063001022118,TVCL,62,52,10.0,486.0,4860.0,2024-06-30
2024063001022117,TVCL,62,39,100.0,486.0,48600.0,2024-06-30
2024063001022116,TVCL,62,21,70.0,485.5,33985.0,2024-06-30
2024063001022115,TVCL,62,8,50.0,485.5,24275.0,2024-06-30
2024063001022114,TVCL,62,25,10.0,485.5,4855.0,2024-06-30
2024063001022113,PPL,25,35,100.0,453.0,45300.0,2024-06-30
2024063003014044,SADBL,50,41,20.0,305.0,6100.0,2024-06-30
2024063003014043,MDB,28,58,200.0,493.0,98600.0,2024-06-30
2024063001022112,MKHL,19,52,50.0,475.2,23760.0,2024-06-30
2024063003014042,SDLBSL,51,58,21.0,1045.0,21945.0,2024-06-30
2024063003014041,DDBL,33,1,113.0,768.0,86784.0,2024-06-30
2024063003014040,DDBL,52,1,500.0,768.0,384000.0,2024-06-30
2024063003014039,HLI,48,57,93.0,369.0,34317.0,2024-06-30
2024063003014038,HLI,58,57,82.0,369.0,30258.0,2024-06-30
2024063004009539,SICL,22,26,100.0,679.2,67920.0,2024-06-30
2024063001022111,HDL,38,13,30.0,1160.0,34800.0,2024-06-30
2024063004009538,AKJCL,7,35,10.0,205.0,2050.0,2024-06-30
2024063005004155,HRL,8,13,183.0,541.0,99003.0,2024-06-30
2024063005004154,HRL,8,44,66.0,541.0,35706.0,2024-06-30
2024063005004153,HRL,8,45,10.0,541.0,5410.0,2024-06-30
2024063005004152,HRL,8,38,10.0,541.0,5410.0,2024-06-30
2024063005004151,HRL,8,49,31.0,541.0,16771.0,2024-06-30
2024063001022110,RHGCL,29,38,10.0,339.6,3396.0,2024-06-30
2024063004009537,HPPL,58,29,500.0,300.0,150000.0,2024-06-30
2024063004009536,HPPL,67,29,1160.0,300.0,348000.0,2024-06-30
2024063004009535,HPPL,42,29,30.0,300.0,9000.0,2024-06-30
2024063004009534,HPPL,19,29,430.0,300.0,129000.0,2024-06-30
2024063005004150,HRL,16,25,10.0,540.9,5409.0,2024-06-30
2024063001022109,CZBIL,51,41,140.0,161.9,22666.0,2024-06-30
2024063001022108,NICGF2,26,58,100.0,8.82,882.0,2024-06-30
2024063003014037,JFL,6,6,100.0,597.1,59710.0,2024-06-30
2024063001022107,MHCL,26,46,50.0,395.0,19750.0,2024-06-30
2024063004009533,SPDL,45,36,167.0,235.0,39245.0,2024-06-30
2024063001022106,TVCL,49,55,100.0,485.3,48530.0,2024-06-30
2024063003014036,ALICL,34,4,10.0,548.0,5480.0,2024-06-30
2024063004009532,API,42,49,123.0,165.9,20405.7,2024-06-30
2024063003014035,ACLBSL,35,19,50.0,1027.0,51350.0,2024-06-30
2024063003014034,ACLBSL,55,19,10.0,1027.0,10270.0,2024-06-30
2024063001022105,SRLI,42,48,40.0,425.2,17008.0,2024-06-30
2024063005004149,CHDC,39,6,100.0,986.0,98600.0,2024-06-30
2024063003014033,PFL,34,1,38.0,605.1,22993.8,2024-06-30
2024063003014032,PFL,16,1,800.0,605.1,484080.0,2024-06-30
2024063003014031,PFL,34,1,100.0,605.1,60510.0,2024-06-30
2024063003014030,PFL,41,1,20.0,605.1,12102.0,2024-06-30
2024063004009531,AKJCL,57,50,190.0,204.9,38931.0,2024-06-30
2024063003014029,PROFL,4,46,10.0,404.1,4041.0,2024-06-30
2024063003014028,PROFL,19,46,100.0,404.1,40410.0,2024-06-30
2024063003014027,NMBMF,45,6,85.0,678.2,57647.0,2024-06-30
2024063003014026,MPFL,60,54,805.0,510.0,410550.0,2024-06-30
2024063003014025,MPFL,41,54,195.0,510.2,99489.0,2024-06-30
2024063004009530,SHEL,55,50,1920.0,152.0,291840.0,2024-06-30
2024063005004148,CHDC,14,6,20.0,986.0,19720.0,2024-06-30
2024063004009529,AHPC,59,8,1000.0,149.0,149000.0,2024-06-30
2024063003014024,CBBL,48,52,30.0,820.0,24600.0,2024-06-30
2024063001022104,DLBS,26,38,15.0,1238.0,18570.0,2024-06-30
2024063001022103,BGWT,65,41,20.0,912.0,18240.0,2024-06-30
2024063004009528,AHPC,59,19,1355.0,149.0,201895.0,2024-06-30
2024063004009527,AHPC,10,19,90.0,149.0,13410.0,2024-06-30
2024063004009526,AHPC,42,19,15.0,149.0,2235.0,2024-06-30
2024063001022102,MKCL,42,58,40.0,1280.0,51200.0,2024-06-30
2024063004009525,HDHPC,35,5,10.0,124.3,1243.0,2024-06-30
2024063001022101,SMH,32,71,50.0,788.0,39400.0,2024-06-30
2024063001022100,SMH,1,71,16.0,789.0,12624.0,2024-06-30
2024063001022099,SMH,14,71,200.0,789.0,157800.0,2024-06-30
2024063001022098,SMH,58,71,10.0,790.1,7901.0,2024-06-30
2024063001022097,SMH,63,71,20.0,790.1,15802.0,2024-06-30
2024063001022096,SMH,89,71,100.0,791.0,79100.0,2024-06-30
2024063001022095,SMH,11,71,170.0,792.0,134640.0,2024-06-30
2024063005004147,HRL,16,57,20.0,540.9,10818.0,2024-06-30
2024063004009524,PMHPL,52,57,210.0,222.6,46746.0,2024-06-30
2024063001022094,BGWT,65,22,200.0,912.0,182400.0,2024-06-30
2024063003014023,SADBL,50,34,66.0,305.0,20130.0,2024-06-30
2024063003014022,BFC,32,17,121.0,470.0,56870.0,2024-06-30
2024063003014021,BFC,32,33,20.0,470.0,9400.0,2024-06-30
2024063003014020,BFC,32,29,100.0,470.0,47000.0,2024-06-30
2024063003014019,BFC,32,41,259.0,470.0,121730.0,2024-06-30
2024063004009523,IGI,40,66,864.0,512.4,442713.6,2024-06-30
2024063004009522,IGI,56,66,19.0,512.5,9737.5,2024-06-30
2024063004009521,IGI,19,66,20.0,513.0,10260.0,2024-06-30
2024063004009520,IGI,49,66,500.0,513.0,256500.0,2024-06-30
2024063004009519,IGI,14,66,50.0,513.0,25650.0,2024-06-30
2024063004009518,IGI,34,66,500.0,513.0,256500.0,2024-06-30
2024063004009517,IGI,40,66,47.0,513.0,24111.0,2024-06-30
2024063001022093,HDL,53,34,10.0,1160.0,11600.0,2024-06-30
2024063003014018,KMCDB,62,54,20.0,1070.0,21400.0,2024-06-30
2024063003014017,SFCL,32,4,290.0,437.0,126730.0,2024-06-30
2024063003014016,SFCL,33,4,10.0,437.0,4370.0,2024-06-30
2024063003014015,SFCL,42,4,150.0,437.0,65550.0,2024-06-30
2024063001022092,SPL,3,42,77.0,751.6,57873.2,2024-06-30
2024063001022091,DORDI,39,58,20.0,437.0,8740.0,2024-06-30
2024063001022090,DORDI,39,57,80.0,437.0,34960.0,2024-06-30
2024063001022089,DOLTI,26,57,200.0,411.0,82200.0,2024-06-30
2024063001022088,DOLTI,25,57,42.0,411.0,17262.0,2024-06-30
2024063001022087,HHL,58,57,150.0,355.6,53340.0,2024-06-30
2024063001022086,HHL,59,57,150.0,355.7,53355.0,2024-06-30
2024063001022085,VLUCL,57,42,20.0,510.0,10200.0,2024-06-30
2024063001022084,VLUCL,57,45,10.0,509.0,5090.0,2024-06-30
2024063001022083,IHL,35,29,50.0,424.5,21225.0,2024-06-30
2024063003014014,CFCL,14,45,20.0,452.0,9040.0,2024-06-30
2024063005004146,NRN,45,55,10.0,647.1,6471.0,2024-06-30
2024063004009516,GHL,65,64,44.0,146.8,6459.2,2024-06-30
2024063004009515,GHL,65,4,956.0,145.5,139098.0,2024-06-30
2024063003014013,MPFL,41,57,200.0,510.2,102040.0,2024-06-30
2024063004009514,CHL,26,59,16.0,305.0,4880.0,2024-06-30
2024063004009513,CHL,1,59,70.0,305.0,21350.0,2024-06-30
2024063001022082,MAKAR,4,36,10.0,457.0,4570.0,2024-06-30
2024063001022081,SHLB,42,42,30.0,1732.5,51975.0,2024-06-30
2024063005004145,CHDC,32,6,324.0,986.0,319464.0,2024-06-30
2024063005004144,CHDC,1,6,10.0,986.1,9861.0,2024-06-30
2024063001022080,MKJC,49,52,60.0,614.0,36840.0,2024-06-30
2024063001022079,MKHC,45,11,500.0,323.0,161500.0,2024-06-30
2024063005004143,NRN,45,45,50.0,647.1,32355.0,2024-06-30
2024063003014012,PFL,14,56,40.0,605.9,24236.0,2024-06-30
2024063003014011,PFL,14,58,10.0,605.2,6052.0,2024-06-30
2024063003014010,PFL,41,38,45.0,605.1,27229.5,2024-06-30
2024063001022078,SARBTM,38,42,10.0,772.0,7720.0,2024-06-30
2024063003014009,RLFL,29,45,10.0,425.0,4250.0,2024-06-30
2024063001022077,NYADI,62,7,40.0,335.0,13400.0,2024-06-30
2024063005004142,HRL,16,17,20.0,540.9,10818.0,2024-06-30
2024063003014008,SDLBSL,51,43,29.0,1045.0,30305.0,2024-06-30
2024063003014007,SDLBSL,1,43,76.0,1045.0,79420.0,2024-06-30
2024063003014006,SDLBSL,14,43,95.0,1045.0,99275.0,2024-06-30
2024063003014005,FMDBL,4,38,10.0,651.0,6510.0,2024-06-30
2024063001022076,IHL,21,29,10.0,424.5,4245.0,2024-06-30
2024063001022075,IHL,21,58,10.0,424.4,4244.0,2024-06-30
2024063001022074,IHL,21,49,10.0,423.0,4230.0,2024-06-30
2024063003014004,SDLBSL,14,19,60.0,1045.0,62700.0,2024-06-30
2024063003014003,SDLBSL,54,19,40.0,1046.0,41840.0,2024-06-30
2024063001022073,TAMOR,42,83,1000.0,391.9,391900.0,2024-06-30
2024063004009512,CHCL,1,42,54.0,431.1,23279.4,2024-06-30
2024063004009511,CHCL,1,3,46.0,431.1,19830.6,2024-06-30
2024063003014002,SHINE,13,6,195.0,374.0,72930.0,2024-06-30
2024063003014001,JFL,7,34,100.0,598.0,59800.0,2024-06-30
2024063001022072,BNT,32,36,10.0,12601.0,126010.0,2024-06-30
2024063001022071,RFPL,95,32,10.0,353.0,3530.0,2024-06-30
2024063004009510,AKPL,57,32,150.0,159.0,23850.0,2024-06-30
2024063005004141,ENL,45,63,10.0,997.0,9970.0,2024-06-30
2024063005004140,ENL,45,45,10.0,995.0,9950.0,2024-06-30
2024063001022070,HDL,14,34,40.0,1160.0,46400.0,2024-06-30
2024063003014000,SLBSL,34,38,26.0,1225.0,31850.0,2024-06-30
2024063003013999,SLBSL,34,58,14.0,1220.0,17080.0,2024-06-30
2024063001022069,HDL,34,34,10.0,1160.0,11600.0,2024-06-30
2024063003013998,NFS,51,38,60.0,880.0,52800.0,2024-06-30
2024063003013997,SINDU,86,41,130.0,400.0,52000.0,2024-06-30
2024063004009509,AHPC,42,19,150.0,149.0,22350.0,2024-06-30
2024063003013996,SADBL,51,34,50.0,305.0,15250.0,2024-06-30
2024063004009508,SJCL,57,22,10.0,259.9,2599.0,2024-06-30
2024063004009507,SJCL,57,51,40.0,258.0,10320.0,2024-06-30
2024063004009506,SJCL,57,22,20.0,258.0,5160.0,2024-06-30
2024063004009505,SJCL,57,22,20.0,258.0,5160.0,2024-06-30
2024063004009504,SJCL,57,42,20.0,257.0,5140.0,2024-06-30
2024063003013995,MFIL,35,59,10.0,531.0,5310.0,2024-06-30
2024063005004139,CHDC,1,35,20.0,986.1,19722.0,2024-06-30
2024063001022068,USHEC,49,49,10.0,456.1,4561.0,2024-06-30
2024063004009503,RADHI,49,49,23.0,246.0,5658.0,2024-06-30
2024063004009502,RADHI,35,49,37.0,246.0,9102.0,2024-06-30
2024063003013994,SFCL,80,52,230.0,437.9,100717.0,2024-06-30
2024063001022067,EBL,16,22,120.0,517.3,62076.0,2024-06-30
2024063001022066,EBL,39,22,100.0,517.5,51750.0,2024-06-30
2024063004009501,AKPL,57,16,200.0,159.0,31800.0,2024-06-30
2024063001022065,MKLB,81,34,30.0,1210.5,36315.0,2024-06-30
2024063003013993,SIFC,36,48,200.0,454.0,90800.0,2024-06-30
2024063001022064,NICA,34,37,10.0,394.2,3942.0,2024-06-30
2024063004009500,SALICO,14,28,20.0,676.1,13522.0,2024-06-30
2024063003013992,ICFC,35,59,100.0,559.0,55900.0,2024-06-30
2024063001022063,NWCL,50,21,100.0,887.2,88720.0,2024-06-30
2024063001022062,SMJC,44,42,310.0,395.2,122512.0,2024-06-30
2024063003013991,HLBSL,87,46,100.0,1293.8,129380.0,2024-06-30
2024063001022061,VLUCL,42,58,10.0,503.0,5030.0,2024-06-30
2024063001022060,SRLI,58,48,10.0,425.2,4252.0,2024-06-30
2024063001022059,TAMOR,42,51,50.0,391.0,19550.0,2024-06-30
2024063001022058,MMKJL,82,46,65.0,502.5,32662.5,2024-06-30
2024063001022057,MMKJL,55,46,50.0,503.0,25150.0,2024-06-30
2024063001022056,MMKJL,55,46,20.0,504.0,10080.0,2024-06-30
2024063001022055,MMKJL,45,46,315.0,505.0,159075.0,2024-06-30
2024063001022054,MMKJL,65,46,50.0,506.0,25300.0,2024-06-30
2024063004009499,SGIC,52,44,420.0,519.2,218064.0,2024-06-30
2024063003013990,NFS,51,44,50.0,880.0,44000.0,2024-06-30
2024063001022053,JALPA,45,7,30.0,1276.0,38280.0,2024-06-30
2024063003013989,SADBL,66,34,200.0,305.0,61000.0,2024-06-30
2024063003013988,LBBL,8,16,180.0,371.5,66870.0,2024-06-30
2024063001022052,HDL,52,34,10.0,1160.0,11600.0,2024-06-30
2024063004009498,SSHL,32,25,350.0,168.6,59010.0,2024-06-30
2024063004009497,SSHL,48,25,150.0,168.6,25290.0,2024-06-30
2024063003013987,MNBBL,44,41,11.0,338.2,3720.2,2024-06-30
2024063004009496,SICL,5,28,41.0,676.8,27748.8,2024-06-30
2024063004009495,SICL,48,28,10.0,676.8,6768.0,2024-06-30
2024063004009494,SICL,22,28,12.0,677.0,8124.0,2024-06-30
2024063004009493,SICL,39,28,50.0,677.0,33850.0,2024-06-30
2024063004009492,SICL,44,28,500.0,677.0,338500.0,2024-06-30
2024063004009491,SICL,1,28,200.0,677.0,135400.0,2024-06-30
2024063004009490,SICL,56,28,83.0,677.0,56191.0,2024-06-30
2024063004009489,SICL,5,28,50.0,677.1,33855.0,2024-06-30
2024063004009488,SICL,42,28,14.0,677.1,9479.4,2024-06-30
2024063004009487,SICL,41,28,15.0,677.1,10156.5,2024-06-30
2024063004009486,SICL,58,28,25.0,678.0,16950.0,2024-06-30
2024063003013986,FMDBL,59,59,80.0,650.0,52000.0,2024-06-30
2024063004009485,API,93,49,10.0,165.9,1659.0,2024-06-30
2024063004009484,RADHI,57,50,20.0,247.0,4940.0,2024-06-30
2024063001022051,NABIL,57,49,50.0,451.5,22575.0,2024-06-30
2024063001022050,NABIL,38,49,50.0,451.5,22575.0,2024-06-30
2024063003013985,NMBMF,22,49,100.0,678.5,67850.0,2024-06-30
2024063001022049,ILI,14,36,100.0,415.1,41510.0,2024-06-30
2024063001022048,MBJC,67,16,110.0,293.2,32252.0,2024-06-30
2024063001022047,MBJC,51,16,500.0,293.3,146650.0,2024-06-30
2024063001022046,MBJC,6,16,300.0,293.4,88020.0,2024-06-30
2024063001022045,MBJC,52,16,25.0,293.4,7335.0,2024-06-30
2024063001022044,MBJC,8,16,50.0,293.6,14680.0,2024-06-30
2024063001022043,MBJC,52,16,15.0,293.7,4405.5,2024-06-30
2024063001022042,BEDC,34,17,10.0,423.9,4239.0,2024-06-30
2024063001022041,BEDC,38,21,10.0,423.5,4235.0,2024-06-30
2024063005004138,CIT,41,13,32.0,2076.9,66460.8,2024-06-30
2024063001022040,PHCL,45,56,413.0,302.0,124726.0,2024-06-30
2024063001022039,PHCL,47,56,50.0,302.0,15100.0,2024-06-30
2024063001022038,PHCL,38,56,40.0,302.0,12080.0,2024-06-30
2024063001022037,PHCL,3,56,1000.0,302.0,302000.0,2024-06-30
2024063001022036,PHCL,45,56,300.0,303.0,90900.0,2024-06-30
2024063001022035,PHCL,3,56,1000.0,303.0,303000.0,2024-06-30
2024063001022034,PHCL,49,56,20.0,303.3,6066.0,2024-06-30
2024063001022033,PHCL,74,56,200.0,303.4,60680.0,2024-06-30
2024063001022032,PHCL,48,56,10.0,304.0,3040.0,2024-06-30
2024063001022031,PHCL,66,56,10.0,304.0,3040.0,2024-06-30
2024063001022030,PHCL,55,56,86.0,304.9,26221.4,2024-06-30
2024063001022029,PHCL,57,56,50.0,305.0,15250.0,2024-06-30
2024063001022028,PHCL,48,56,90.0,305.0,27450.0,2024-06-30
2024063001022027,PHCL,49,56,30.0,305.7,9171.0,2024-06-30
2024063001022026,PHCL,22,56,50.0,305.9,15295.0,2024-06-30
2024063001022025,PHCL,58,56,548.0,307.0,168236.0,2024-06-30
2024063001022024,PHCL,8,56,90.0,308.0,27720.0,2024-06-30
2024063001022023,PHCL,57,56,13.0,308.0,4004.0,2024-06-30
2024063004009483,GLH,25,43,700.0,206.0,144200.0,2024-06-30
2024063004009482,GLH,38,43,190.0,206.0,39140.0,2024-06-30
2024063001022022,JBLB,58,57,10.0,1310.0,13100.0,2024-06-30
2024063003013984,ICFC,58,25,20.0,560.0,11200.0,2024-06-30
2024063001022021,HDL,58,34,20.0,1160.0,23200.0,2024-06-30
2024063003013983,FMDBL,13,38,100.0,651.0,65100.0,2024-06-30
2024063004009481,GLH,58,49,500.0,206.1,103050.0,2024-06-30
2024063001022020,MEL,52,44,220.0,216.3,47586.0,2024-06-30
2024063001022019,MEL,29,44,80.0,216.4,17312.0,2024-06-30
2024063001022018,MEL,10,44,200.0,217.0,43400.0,2024-06-30
2024063001022017,MEL,58,44,20.0,217.0,4340.0,2024-06-30
2024063001022016,MEL,1,44,640.0,217.1,138944.0,2024-06-30
2024063005004137,HRL,16,45,190.0,540.9,102771.0,2024-06-30
2024063005004136,HRL,16,48,10.0,540.8,5408.0,2024-06-30
2024063005004135,HRL,16,34,42.0,540.7,22709.4,2024-06-30
2024063003013982,SJLIC,45,68,50.0,400.6,20030.0,2024-06-30
2024063004009480,IGI,40,45,10.0,514.0,5140.0,2024-06-30
2024063003013981,KMCDB,62,49,111.0,1069.9,118758.9,2024-06-30
2024063001022015,RAWA,41,35,10.0,558.0,5580.0,2024-06-30
2024063004009479,BPCL,33,42,50.0,289.0,14450.0,2024-06-30
2024063001022014,SBI,5,14,10.0,289.9,2899.0,2024-06-30
2024063005004134,SMATA,77,42,25.0,958.0,23950.0,2024-06-30
2024063001022013,UHEWA,63,39,11.0,454.0,4994.0,2024-06-30
2024063001022012,UHEWA,42,39,150.0,455.0,68250.0,2024-06-30
2024063001022011,UHEWA,52,39,100.0,455.0,45500.0,2024-06-30
2024063001022010,UHEWA,49,39,50.0,455.0,22750.0,2024-06-30
2024063001022009,UHEWA,62,39,95.0,456.0,43320.0,2024-06-30
2024063001022008,UHEWA,65,39,500.0,456.0,228000.0,2024-06-30
2024063001022007,UHEWA,66,39,430.0,456.5,196295.0,2024-06-30
2024063001022006,UHEWA,63,39,145.0,456.6,66207.0,2024-06-30
2024063001022005,UHEWA,45,39,10.0,456.7,4567.0,2024-06-30
2024063001022004,UHEWA,57,39,50.0,456.8,22840.0,2024-06-30
2024063001022003,GCIL,6,58,400.0,466.0,186400.0,2024-06-30
2024063003013980,GRDBL,44,51,343.0,439.0,150577.0,2024-06-30
2024063005004133,NRIC,65,91,231.0,635.0,146685.0,2024-06-30
2024063005004132,NRIC,36,91,78.0,635.0,49530.0,2024-06-30
2024063005004131,NRIC,22,91,30.0,635.0,19050.0,2024-06-30
2024063005004130,NRIC,28,91,27.0,635.0,17145.0,2024-06-30
2024063005004129,NRIC,64,91,110.0,635.1,69861.0,2024-06-30
2024063005004128,NRIC,59,91,24.0,635.1,15242.4,2024-06-30
2024063004009478,UPPER,20,44,417.0,153.1,63842.7,2024-06-30
2024063004009477,UPPER,22,44,58.0,153.1,8879.8,2024-06-30
2024063004009476,UPPER,50,44,100.0,153.1,15310.0,2024-06-30
2024063004009475,UPPER,45,44,76.0,153.1,11635.6,2024-06-30
2024063004009474,UPPER,42,44,10.0,153.2,1532.0,2024-06-30
2024063004009473,UPPER,47,44,150.0,153.5,23025.0,2024-06-30
2024063004009472,UPPER,43,44,100.0,153.5,15350.0,2024-06-30
2024063004009471,UPPER,32,44,130.0,153.5,19955.0,2024-06-30
2024063003013979,DDBL,85,44,1000.0,768.1,768100.0,2024-06-30
2024063004009470,SPDL,45,55,333.0,235.0,78255.0,2024-06-30
2024063003013978,LICN,34,58,10.0,1341.0,13410.0,2024-06-30
2024063001022002,MKHL,77,38,500.0,475.0,237500.0,2024-06-30
2024063004009469,UMHL,14,41,96.0,234.4,22502.4,2024-06-30
2024063001022001,PRVU,53,59,100.0,138.0,13800.0,2024-06-30
2024063001022000,PRVU,22,59,40.0,138.0,5520.0,2024-06-30
2024063001021999,NIMB,33,57,10.0,151.9,1519.0,2024-06-30
2024063001021998,MEL,1,43,10.0,217.1,2171.0,2024-06-30
2024063004009468,RADHI,35,42,100.0,246.0,24600.0,2024-06-30
2024063001021997,MKLB,81,69,20.0,1210.5,24210.0,2024-06-30
2024063001021996,SMH,11,47,30.0,792.0,23760.0,2024-06-30
2024063003013977,HLBSL,38,44,60.0,1291.1,77466.0,2024-06-30
2024063003013976,HLBSL,45,44,500.0,1291.2,645600.0,2024-06-30
2024063003013975,HLBSL,49,44,190.0,1291.2,245328.0,2024-06-30
2024063005004127,CIT,54,13,17.0,2076.9,35307.3,2024-06-30
2024063001021995,ILI,35,11,10.0,415.2,4152.0,2024-06-30
2024063001021994,MHCL,26,48,30.0,395.0,11850.0,2024-06-30
2024063001021993,MHCL,35,48,45.0,395.0,17775.0,2024-06-30
2024063001021992,MHCL,54,48,100.0,395.0,39500.0,2024-06-30
2024063001021991,MHCL,60,48,78.0,395.0,30810.0,2024-06-30
2024063001021990,MHCL,22,48,150.0,395.1,59265.0,2024-06-30
2024063001021989,MHCL,35,48,100.0,395.2,39520.0,2024-06-30
2024063001021988,CLI,34,48,10.0,471.1,4711.0,2024-06-30
2024063001021987,HDL,43,34,10.0,1160.0,11600.0,2024-06-30
2024063003013974,SADBL,56,34,691.0,305.0,210755.0,2024-06-30
2024063003013973,SAPDBL,42,38,91.0,360.0,32760.0,2024-06-30
2024063003013972,SJLIC,19,59,30.0,400.1,12003.0,2024-06-30
2024063001021986,SPL,3,42,16.0,751.0,12016.0,2024-06-30
2024063004009467,NLG,57,71,10.0,742.0,7420.0,2024-06-30
2024063003013971,SDLBSL,14,35,305.0,1045.0,318725.0,2024-06-30
2024063001021985,SONA,51,13,80.0,432.0,34560.0,2024-06-30
2024063001021984,SONA,51,49,10.0,432.0,4320.0,2024-06-30
2024063001021983,SONA,51,57,10.0,432.0,4320.0,2024-06-30
2024063003013970,CFCL,58,36,16.0,452.5,7240.0,2024-06-30
2024063001021982,NICA,34,47,857.0,394.2,337829.4,2024-06-30
2024063003013969,PROFL,35,91,150.0,403.1,60465.0,2024-06-30
2024063003013968,PROFL,52,91,100.0,403.2,40320.0,2024-06-30
2024063003013967,PROFL,34,91,50.0,404.0,20200.0,2024-06-30
2024063003013966,HLBSL,60,46,100.0,1293.8,129380.0,2024-06-30
2024063005004126,NRN,34,60,15.0,647.0,9705.0,2024-06-30
2024063005004125,NRN,69,60,1000.0,647.0,647000.0,2024-06-30
2024063005004124,NRN,46,60,100.0,647.7,64770.0,2024-06-30
2024063005004123,NRN,33,60,285.0,647.8,184623.0,2024-06-30
2024063003013965,RSDC,7,58,420.0,650.0,273000.0,2024-06-30
2024063003013964,RSDC,7,33,80.0,648.8,51904.0,2024-06-30
2024063001021981,DORDI,44,36,110.0,435.1,47861.0,2024-06-30
2024063003013963,SABSL,32,14,20.0,966.0,19320.0,2024-06-30
2024063001021980,MAKAR,34,38,10.0,454.0,4540.0,2024-06-30
2024063001021979,MAKAR,7,38,10.0,454.1,4541.0,2024-06-30
2024063001021978,MAKAR,7,38,10.0,454.2,4542.0,2024-06-30
2024063001021977,MAKAR,7,38,10.0,454.4,4544.0,2024-06-30
2024063001021976,MAKAR,46,38,30.0,455.0,13650.0,2024-06-30
2024063001021975,PRVU,22,38,112.0,138.0,15456.0,2024-06-30
2024063001021974,MKHL,77,90,200.0,475.0,95000.0,2024-06-30
2024063004009466,GHL,63,4,500.0,145.5,72750.0,2024-06-30
2024063001021973,HATHY,41,58,200.0,919.0,183800.0,2024-06-30
2024063003013962,NLIC,33,17,70.0,572.0,40040.0,2024-06-30
2024063001021972,MKLB,35,69,30.0,1210.5,36315.0,2024-06-30
2024063001021971,PRVU,22,42,848.0,138.0,117024.0,2024-06-30
2024063001021970,PRVU,58,42,363.0,138.0,50094.0,2024-06-30
2024063001021969,PRVU,34,42,100.0,138.0,13800.0,2024-06-30
2024063001021968,PRVU,55,42,10.0,138.0,1380.0,2024-06-30
2024063001021967,PRVU,48,42,21.0,138.0,2898.0,2024-06-30
2024063001021966,PRVU,38,42,100.0,138.0,13800.0,2024-06-30
2024063001021965,PRVU,26,42,58.0,138.0,8004.0,2024-06-30
2024063003013961,SAPDBL,42,87,54.0,360.0,19440.0,2024-06-30
2024063001021964,MKLB,35,71,20.0,1210.5,24210.0,2024-06-30
2024063004009465,UMRH,67,39,10.0,440.2,4402.0,2024-06-30
2024063005004122,HRL,45,57,100.0,540.5,54050.0,2024-06-30
2024063004009464,RIDI,4,57,48.0,160.0,7680.0,2024-06-30
2024063004009463,RIDI,42,57,1152.0,160.0,184320.0,2024-06-30
2024063001021963,HHL,58,58,10.0,355.6,3556.0,2024-06-30
2024063003013960,SMFBS,58,36,10.0,1484.0,14840.0,2024-06-30
2024063001021962,MHCL,1,57,20.0,396.0,7920.0,2024-06-30
2024063004009462,AHPC,45,19,20.0,149.1,2982.0,2024-06-30
2024063004009461,HPPL,19,26,890.0,300.0,267000.0,2024-06-30
2024063004009460,AHPC,42,33,135.0,149.0,20115.0,2024-06-30
2024063004009459,AHPC,19,33,90.0,149.0,13410.0,2024-06-30
2024063004009458,AHPC,38,33,200.0,149.0,29800.0,2024-06-30
2024063004009457,AHPC,34,33,25.0,149.0,3725.0,2024-06-30
2024063004009456,AHPC,1,33,50.0,149.0,7450.0,2024-06-30
2024063005004121,HRL,45,3,20.0,540.5,10810.0,2024-06-30
2024063003013959,PFL,41,57,50.0,605.1,30255.0,2024-06-30
2024063001021961,SHIVM,39,58,566.0,472.5,267435.0,2024-06-30
2024063003013958,PFL,43,57,200.0,605.2,121040.0,2024-06-30
2024063001021960,SHIVM,21,58,200.0,472.5,94500.0,2024-06-30
2024063001021959,SHIVM,39,58,30.0,472.5,14175.0,2024-06-30
2024063001021958,SHIVM,57,58,200.0,472.5,94500.0,2024-06-30
2024063001021957,SHIVM,34,58,200.0,472.5,94500.0,2024-06-30
2024063001021956,SHIVM,39,58,69.0,472.5,32602.5,2024-06-30
2024063005004120,HRL,45,7,31.0,540.5,16755.5,2024-06-30
2024063004009455,NIL,16,49,20.0,785.0,15700.0,2024-06-30
2024063003013957,HLI,44,57,10.0,369.3,3693.0,2024-06-30
2024063004009454,NHPC,14,43,200.0,138.0,27600.0,2024-06-30
2024063004009453,NHPC,80,8,41.0,137.5,5637.5,2024-06-30
2024063004009452,NHPC,34,8,55.0,137.5,7562.5,2024-06-30
2024063004009451,NHPC,57,8,484.0,137.5,66550.0,2024-06-30
2024063003013956,SKBBL,62,29,199.0,796.0,158404.0,2024-06-30
2024063003013955,SKBBL,21,29,10.0,796.0,7960.0,2024-06-30
2024063003013954,SKBBL,57,29,100.0,796.0,79600.0,2024-06-30
2024063003013953,SKBBL,91,29,65.0,797.0,51805.0,2024-06-30
2024063003013952,SKBBL,41,29,50.0,797.0,39850.0,2024-06-30
2024063003013951,SKBBL,21,29,10.0,797.0,7970.0,2024-06-30
2024063003013950,SKBBL,42,29,13.0,797.0,10361.0,2024-06-30
2024063003013949,SKBBL,58,29,103.0,797.0,82091.0,2024-06-30
2024063003013948,SKBBL,18,29,200.0,797.1,159420.0,2024-06-30
2024063003013947,SKBBL,22,29,100.0,797.1,79710.0,2024-06-30
2024063001021955,MHL,66,62,10.0,536.7,5367.0,2024-06-30
2024063004009450,AHPC,34,19,500.0,149.1,74550.0,2024-06-30
2024063005004119,SMATA,42,38,750.0,958.0,718500.0,2024-06-30
2024063001021954,SMJC,44,38,1005.0,395.2,397176.0,2024-06-30
2024063004009449,PPCL,33,35,10.0,232.0,2320.0,2024-06-30
2024063001021953,SONA,56,56,10.0,430.1,4301.0,2024-06-30
2024063001021952,BHDC,16,51,40.0,574.0,22960.0,2024-06-30
2024063005004118,NTC,42,57,10.0,809.0,8090.0,2024-06-30
2024063001021951,RFPL,95,51,200.0,353.0,70600.0,2024-06-30
2024063001021950,RFPL,95,58,10.0,353.0,3530.0,2024-06-30
2024063001021949,RFPL,95,53,190.0,352.9,67051.0,2024-06-30
2024063001021948,LSL,6,56,10.0,149.9,1499.0,2024-06-30
2024063003013946,GUFL,54,45,30.0,700.0,21000.0,2024-06-30
2024063003013945,GUFL,54,1,20.0,700.0,14000.0,2024-06-30
2024063004009448,UMRH,57,62,100.0,443.0,44300.0,2024-06-30
2024063003013944,ALBSL,28,63,100.0,961.0,96100.0,2024-06-30
2024063003013943,JFL,41,32,65.0,597.0,38805.0,2024-06-30
2024063003013942,JBBL,19,64,140.0,280.0,39200.0,2024-06-30
2024063003013941,JBBL,19,25,60.0,280.0,16800.0,2024-06-30
2024063004009447,AHPC,34,19,200.0,149.1,29820.0,2024-06-30
2024063004009446,RBCL,42,7,10.0,12950.0,129500.0,2024-06-30
2024063003013940,GUFL,59,1,10.0,700.0,7000.0,2024-06-30
2024063004009445,UMRH,80,10,25.0,443.8,11095.0,2024-06-30
2024063004009444,UMRH,80,53,275.0,443.1,121852.5,2024-06-30
2024063001021947,SMJC,44,22,300.0,395.2,118560.0,2024-06-30
2024063001021946,NYADI,7,7,200.0,335.0,67000.0,2024-06-30
2024063001021945,NYADI,1,7,20.0,335.0,6700.0,2024-06-30
2024063001021944,ULHC,37,36,60.0,387.0,23220.0,2024-06-30
2024063001021943,NMB,48,59,555.0,182.4,101232.0,2024-06-30
2024063001021942,PHCL,57,25,10.0,308.0,3080.0,2024-06-30
2024063004009443,GHL,11,4,200.0,145.5,29100.0,2024-06-30
2024063004009442,GHL,42,4,685.0,145.5,99667.5,2024-06-30
2024063004009441,GHL,5,4,100.0,145.5,14550.0,2024-06-30
2024063004009440,GHL,45,4,350.0,145.5,50925.0,2024-06-30
2024063004009439,GHL,65,4,209.0,145.5,30409.5,2024-06-30
2024063004009438,BPCL,1,42,19.0,289.0,5491.0,2024-06-30
2024063001021941,NWCL,58,42,10.0,888.0,8880.0,2024-06-30
2024063003013939,MFIL,34,36,40.0,528.1,21124.0,2024-06-30
2024063003013938,MFIL,38,36,10.0,528.2,5282.0,2024-06-30
2024063003013937,NUBL,38,49,10.0,654.0,6540.0,2024-06-30
2024063003013936,NUBL,1,49,50.0,654.0,32700.0,2024-06-30
2024063003013935,JFL,45,32,50.0,597.0,29850.0,2024-06-30
2024063003013934,JFL,45,32,50.0,597.0,29850.0,2024-06-30
2024063001021940,NICA,34,48,55.0,394.2,21681.0,2024-06-30
2024063003013933,BFC,72,41,50.0,470.0,23500.0,2024-06-30
2024063003013932,BFC,72,26,50.0,469.9,23495.0,2024-06-30
2024063004009437,UPPER,63,17,100.0,153.6,15360.0,2024-06-30
2024063005004117,NTC,42,28,100.0,809.0,80900.0,2024-06-30
2024063004009436,RIDI,42,41,260.0,160.0,41600.0,2024-06-30
2024063004009435,RIDI,42,38,400.0,160.0,64000.0,2024-06-30
2024063004009434,RIDI,42,38,1188.0,160.0,190080.0,2024-06-30
2024063001021939,RHGCL,32,38,20.0,339.6,6792.0,2024-06-30
2024063004009433,RIDI,52,16,100.0,159.2,15920.0,2024-06-30
2024063004009432,RIDI,38,16,300.0,159.3,47790.0,2024-06-30
2024063004009431,RIDI,36,16,50.0,159.5,7975.0,2024-06-30
2024063003013931,MPFL,60,21,1010.0,510.0,515100.0,2024-06-30
2024063003013930,MPFL,48,21,200.0,510.0,102000.0,2024-06-30
2024063003013929,MPFL,58,21,450.0,510.0,229500.0,2024-06-30
2024063003013928,MPFL,56,21,175.0,510.1,89267.5,2024-06-30
2024063003013927,MPFL,43,21,300.0,510.1,153030.0,2024-06-30
2024063003013926,MPFL,36,21,200.0,510.1,102020.0,2024-06-30
2024063003013925,MPFL,17,21,200.0,510.2,102040.0,2024-06-30
2024063003013924,MPFL,55,21,20.0,510.2,10204.0,2024-06-30
2024063003013923,MPFL,53,21,445.0,510.2,227039.0,2024-06-30
2024063001021938,SPL,50,42,130.0,751.0,97630.0,2024-06-30
2024063001021937,SPL,37,42,150.0,751.2,112680.0,2024-06-30
2024063001021936,SPL,49,42,20.0,751.3,15026.0,2024-06-30
2024063001021935,SPL,6,42,20.0,751.3,15026.0,2024-06-30
2024063001021934,SPL,34,42,50.0,751.5,37575.0,2024-06-30
2024063001021933,SPL,19,42,114.0,751.6,85682.4,2024-06-30
2024063004009430,JOSHI,4,35,50.0,283.0,14150.0,2024-06-30
2024063004009429,JOSHI,20,35,677.0,283.0,191591.0,2024-06-30
2024063003013922,GFCL,57,32,10.0,589.0,5890.0,2024-06-30
2024063003013921,GFCL,17,32,50.0,589.0,29450.0,2024-06-30
2024063003013920,GFCL,29,32,50.0,589.1,29455.0,2024-06-30
2024063003013919,GFCL,38,32,300.0,589.3,176790.0,2024-06-30
2024063003013918,GFCL,6,32,10.0,589.9,5899.0,2024-06-30
2024063001021932,NRM,32,41,10.0,386.0,3860.0,2024-06-30
2024063001021931,SONA,56,38,295.0,430.1,126879.5,2024-06-30
2024063001021930,SONA,37,38,100.0,430.1,43010.0,2024-06-30
2024063001021929,SONA,41,38,20.0,430.1,8602.0,2024-06-30
2024063001021928,SONA,1,38,10.0,430.1,4301.0,2024-06-30
2024063001021927,SONA,42,38,260.0,430.2,111852.0,2024-06-30
2024063001021926,SONA,25,38,10.0,430.2,4302.0,2024-06-30
2024063001021925,SONA,49,38,100.0,430.3,43030.0,2024-06-30
2024063001021924,NYADI,1,59,80.0,335.0,26800.0,2024-06-30
2024063001021923,NYADI,45,59,20.0,335.0,6700.0,2024-06-30
2024063003013917,MLBL,21,39,10.0,316.9,3169.0,2024-06-30
2024063001021922,SPC,63,5,100.0,557.0,55700.0,2024-06-30
2024063001021921,SPC,58,5,78.0,557.1,43453.8,2024-06-30
2024063001021920,SPL,19,55,20.0,751.6,15032.0,2024-06-30
2024063001021919,MKHL,77,32,65.0,475.0,30875.0,2024-06-30
2024063001021918,PHCL,57,69,10.0,308.0,3080.0,2024-06-30
2024063004009428,LEC,17,45,500.0,176.0,88000.0,2024-06-30
2024063003013916,GLBSL,17,41,20.0,1737.1,34742.0,2024-06-30
2024063003013915,GLBSL,36,41,20.0,1737.2,34744.0,2024-06-30
2024063003013914,GLBSL,58,41,12.0,1737.2,20846.4,2024-06-30
2024063003013913,GLBSL,38,41,10.0,1739.0,17390.0,2024-06-30
2024063003013912,GLBSL,38,41,10.0,1739.2,17392.0,2024-06-30
2024063003013911,GLBSL,42,41,15.0,1739.3,26089.5,2024-06-30
2024063003013910,GLBSL,38,41,10.0,1739.4,17394.0,2024-06-30
2024063004009427,API,39,38,10.0,165.0,1650.0,2024-06-30
2024063004009426,API,39,40,87.0,165.0,14355.0,2024-06-30
2024063001021917,NIMB,46,33,20.0,151.5,3030.0,2024-06-30
2024063001021916,KBL,40,50,35.0,134.3,4700.5,2024-06-30
2024063001021915,KBL,58,50,965.0,134.6,129889.0,2024-06-30
2024063004009425,UNHPL,44,39,10.0,236.8,2368.0,2024-06-30
2024063004009424,UNHPL,44,17,990.0,235.2,232848.0,2024-06-30
2024063004009423,UNHPL,44,21,500.0,235.0,117500.0,2024-06-30
2024063003013909,JFL,45,32,100.0,597.0,59700.0,2024-06-30
2024063003013908,JFL,45,32,150.0,597.0,89550.0,2024-06-30
2024063004009422,MEN,38,45,200.0,581.0,116200.0,2024-06-30
2024063004009421,SICL,34,26,10.0,679.2,6792.0,2024-06-30
2024063001021914,DOLTI,25,51,35.0,411.0,14385.0,2024-06-30
2024063001021913,DOLTI,25,58,10.0,411.0,4110.0,2024-06-30
2024063001021912,DOLTI,25,80,13.0,411.0,5343.0,2024-06-30
2024063001021911,BHPL,86,58,345.0,636.5,219592.5,2024-06-30
2024063005004116,CIT,56,13,10.0,2076.9,20769.0,2024-06-30
2024063003013907,SADBL,56,47,90.0,305.0,27450.0,2024-06-30
2024063003013906,CORBL,84,87,50.0,520.0,26000.0,2024-06-30
2024063003013905,JFL,51,45,30.0,598.4,17952.0,2024-06-30
2024063001021910,SIKLES,66,34,500.0,694.0,347000.0,2024-06-30
2024063003013904,NUBL,49,26,130.0,654.0,85020.0,2024-06-30
2024063004009420,GHL,65,48,1944.0,145.5,282852.0,2024-06-30
2024063004009419,GHL,56,48,50.0,145.6,7280.0,2024-06-30
2024063004009418,GHL,43,48,50.0,146.5,7325.0,2024-06-30
2024063001021909,MEL,1,34,350.0,217.1,75985.0,2024-06-30
2024063004009417,SHL,56,67,100.0,420.2,42020.0,2024-06-30
2024063003013903,GUFL,25,69,50.0,700.0,35000.0,2024-06-30
2024063005004115,CHDC,32,17,376.0,986.0,370736.0,2024-06-30
2024063005004114,CHDC,44,17,14.0,986.0,13804.0,2024-06-30
2024063005004113,CHDC,96,17,10.0,986.1,9861.0,2024-06-30
2024063005004112,CHDC,39,17,50.0,986.2,49310.0,2024-06-30
2024063005004111,CHDC,19,17,50.0,986.7,49335.0,2024-06-30
2024063003013902,HLBSL,87,96,50.0,1295.0,64750.0,2024-06-30
2024063003013901,HLBSL,87,81,100.0,1293.9,129390.0,2024-06-30
2024063003013900,HLBSL,87,39,50.0,1292.0,64600.0,2024-06-30
2024063001021908,SARBTM,34,42,60.0,772.0,46320.0,2024-06-30
2024063001021907,NRM,48,41,50.0,386.0,19300.0,2024-06-30
2024063001021906,NRM,32,41,10.0,386.0,3860.0,2024-06-30
2024063003013899,SFCL,42,52,20.0,437.9,8758.0,2024-06-30
2024063001021905,NRM,7,41,10.0,386.0,3860.0,2024-06-30
2024063001021904,NRM,22,41,10.0,386.0,3860.0,2024-06-30
2024063001021903,NRM,32,41,39.0,386.0,15054.0,2024-06-30
2024063001021902,NRM,36,41,300.0,386.0,115800.0,2024-06-30
2024063004009416,DHPL,58,43,100.0,200.0,20000.0,2024-06-30
2024063004009415,DHPL,58,39,280.0,200.0,56000.0,2024-06-30
2024063004009414,AKPL,57,36,50.0,159.0,7950.0,2024-06-30
2024063003013898,ICFC,29,25,146.0,560.0,81760.0,2024-06-30
2024063003013897,ICFC,29,48,82.0,560.0,45920.0,2024-06-30
2024063001021901,HDL,17,7,10.0,1160.0,11600.0,2024-06-30
2024063001021900,GBIME,28,42,10.0,172.5,1725.0,2024-06-30
2024063001021899,TVCL,54,59,50.0,485.5,24275.0,2024-06-30
2024063001021898,GVL,18,42,1000.0,582.2,582200.0,2024-06-30
2024063001021897,TAMOR,42,19,10.0,391.0,3910.0,2024-06-30
2024063001021896,TAMOR,42,85,930.0,390.0,362700.0,2024-06-30
2024063001021895,NICA,6,47,20.0,395.0,7900.0,2024-06-30
2024063001021894,MEHL,58,4,83.0,343.0,28469.0,2024-06-30
2024063001021893,MEHL,58,45,50.0,342.0,17100.0,2024-06-30
2024063001021892,EBL,58,29,59.0,518.0,30562.0,2024-06-30
2024063001021891,EBL,58,21,191.0,518.0,98938.0,2024-06-30
2024063003013896,SMFBS,84,22,23.0,1441.0,33143.0,2024-06-30
2024063003013895,ALBSL,28,14,15.0,961.0,14415.0,2024-06-30
2024063001021890,SMHL,65,14,100.0,599.0,59900.0,2024-06-30
2024063001021889,PPL,45,58,10.0,452.0,4520.0,2024-06-30
2024063001021888,PPL,45,7,10.0,452.0,4520.0,2024-06-30
2024063001021887,PPL,45,28,10.0,452.0,4520.0,2024-06-30
2024063001021886,PPL,45,57,10.0,452.0,4520.0,2024-06-30
2024063001021885,PPL,45,55,10.0,451.5,4515.0,2024-06-30
2024063004009413,KKHC,34,35,10.0,221.0,2210.0,2024-06-30
2024063001021884,NRM,48,19,10.0,386.0,3860.0,2024-06-30
2024063003013894,LLBS,19,58,50.0,1200.0,60000.0,2024-06-30
2024063001021883,VLUCL,77,42,80.0,510.0,40800.0,2024-06-30
2024063001021882,VLUCL,77,35,10.0,510.0,5100.0,2024-06-30
2024063001021881,VLUCL,77,54,10.0,510.0,5100.0,2024-06-30
2024063001021880,VLUCL,77,49,10.0,510.0,5100.0,2024-06-30
2024063001021879,VLUCL,77,43,100.0,509.9,50990.0,2024-06-30
2024063001021878,VLUCL,77,77,10.0,509.0,5090.0,2024-06-30
2024063001021877,VLUCL,77,58,10.0,509.0,5090.0,2024-06-30
2024063001021876,VLUCL,77,42,10.0,509.0,5090.0,2024-06-30
2024063001021875,VLUCL,77,35,10.0,509.0,5090.0,2024-06-30
2024063001021874,VLUCL,77,59,10.0,509.0,5090.0,2024-06-30
2024063001021873,VLUCL,77,22,10.0,508.0,5080.0,2024-06-30
2024063001021872,VLUCL,77,42,10.0,508.0,5080.0,2024-06-30
2024063001021871,VLUCL,77,57,10.0,508.0,5080.0,2024-06-30
2024063001021870,VLUCL,77,35,10.0,508.0,5080.0,2024-06-30
2024063001021869,VLUCL,77,66,10.0,508.0,5080.0,2024-06-30
2024063001021868,VLUCL,77,35,10.0,508.0,5080.0,2024-06-30
2024063001021867,VLUCL,77,58,10.0,507.9,5079.0,2024-06-30
2024063001021866,VLUCL,77,58,10.0,507.0,5070.0,2024-06-30
2024063001021865,VLUCL,77,1,10.0,507.0,5070.0,2024-06-30
2024063001021864,VLUCL,77,11,10.0,507.0,5070.0,2024-06-30
2024063001021863,VLUCL,77,32,50.0,506.0,25300.0,2024-06-30
2024063001021862,VLUCL,77,58,10.0,505.9,5059.0,2024-06-30
2024063001021861,VLUCL,77,32,50.0,505.0,25250.0,2024-06-30
2024063001021860,VLUCL,77,22,70.0,505.0,35350.0,2024-06-30
2024063001021859,VLUCL,77,16,10.0,505.0,5050.0,2024-06-30
2024063001021858,VLUCL,77,34,10.0,505.0,5050.0,2024-06-30
2024063001021857,VLUCL,77,57,10.0,505.0,5050.0,2024-06-30
2024063001021856,VLUCL,77,33,50.0,505.0,25250.0,2024-06-30
2024063001021855,VLUCL,77,48,80.0,504.0,40320.0,2024-06-30
2024063001021854,VLUCL,77,32,100.0,504.0,50400.0,2024-06-30
2024063001021853,VLUCL,77,7,200.0,504.0,100800.0,2024-06-30
2024063004009412,SHL,34,57,200.0,420.2,84040.0,2024-06-30
2024063004009411,SHEL,6,50,10.0,152.0,1520.0,2024-06-30
2024063003013893,JFL,45,32,350.0,597.0,208950.0,2024-06-30
2024063003013892,JFL,3,32,100.0,597.0,59700.0,2024-06-30
2024063003013891,JFL,60,32,50.0,597.1,29855.0,2024-06-30
2024063004009410,UPCL,45,21,46.0,187.0,8602.0,2024-06-30
2024063004009409,UPCL,45,42,54.0,187.0,10098.0,2024-06-30
2024063001021852,AHL,42,29,30.0,503.0,15090.0,2024-06-30
2024063001021851,AHL,13,29,40.0,503.0,20120.0,2024-06-30
2024063003013890,SDLBSL,14,38,40.0,1045.0,41800.0,2024-06-30
2024063003013889,SDLBSL,57,38,10.0,1046.7,10467.0,2024-06-30
2024063001021850,SHIVM,3,13,45.0,473.0,21285.0,2024-06-30
2024063001021849,UHEWA,45,49,10.0,456.7,4567.0,2024-06-30
2024063001021848,MKHC,94,11,540.0,323.0,174420.0,2024-06-30
2024063001021847,MKHC,59,11,10.0,323.1,3231.0,2024-06-30
2024063001021846,MKHC,62,11,10.0,323.1,3231.0,2024-06-30
2024063001021845,RHGCL,13,32,500.0,336.0,168000.0,2024-06-30
2024063003013888,MNBBL,45,71,30.0,339.0,10170.0,2024-06-30
2024063004009408,UMRH,80,53,25.0,443.1,11077.5,2024-06-30
2024063004009407,UMRH,80,63,475.0,443.0,210425.0,2024-06-30
2024063001021844,GCIL,6,6,22.0,466.0,10252.0,2024-06-30
2024063001021843,BGWT,65,58,474.0,912.0,432288.0,2024-06-30
2024063001021842,BGWT,45,58,31.0,912.0,28272.0,2024-06-30
2024063001021841,BGWT,57,58,10.0,912.1,9121.0,2024-06-30
2024063001021840,MKHL,77,58,100.0,475.0,47500.0,2024-06-30
2024063003013887,MNBBL,58,45,10.0,338.3,3383.0,2024-06-30
2024063001021839,SARBTM,33,45,36.0,770.5,27738.0,2024-06-30
