transaction,symbol,buyer,seller,quantity,rate,amount,date
2025032603010201,NMBMF,45,45,10.0,730.9,7309.0,2025-03-26
2025032604011511,CGH,53,35,45.0,862.0,38790.0,2025-03-26
2025032604011510,UPCL,35,7,10.0,284.0,2840.0,2025-03-26
2025032601014103,MAKAR,62,49,10.0,698.0,6980.0,2025-03-26
2025032601014102,ULBSL,62,13,10.0,3425.0,34250.0,2025-03-26
2025032601014101,EHPL,56,44,10.0,698.0,6980.0,2025-03-26
2025032601014100,NBL,32,57,214.0,247.4,52943.6,2025-03-26
2025032601014099,NBL,38,57,42.0,247.4,10390.8,2025-03-26
2025032601014098,SNLI,57,57,50.0,643.0,32150.0,2025-03-26
2025032605012970,SONA,57,40,18.0,466.0,8388.0,2025-03-26
2025032604011509,AHPC,38,32,100.0,251.0,25100.0,2025-03-26
2025032604011508,AHPC,22,32,930.0,251.0,233430.0,2025-03-26
2025032605012969,PHCL,98,38,310.0,576.0,178560.0,2025-03-26
2025032605012968,PHCL,44,38,500.0,576.1,288050.0,2025-03-26
2025032605012967,PHCL,98,38,500.0,577.0,288500.0,2025-03-26
2025032605012966,PHCL,58,38,200.0,577.0,115400.0,2025-03-26
2025032603010200,NFS,34,42,15.0,688.0,10320.0,2025-03-26
2025032603010199,SADBL,94,95,726.0,404.5,293667.0,2025-03-26
2025032603010198,SADBL,94,34,14.0,404.4,5661.6,2025-03-26
2025032603010197,SADBL,94,60,40.0,404.3,16172.0,2025-03-26
2025032603010196,SADBL,94,6,200.0,404.0,80800.0,2025-03-26
2025032603010195,SADBL,94,13,40.0,404.0,16160.0,2025-03-26
2025032603010194,SADBL,94,25,200.0,403.0,80600.0,2025-03-26
2025032603010193,SADBL,94,34,200.0,402.9,80580.0,2025-03-26
2025032603010192,SADBL,94,13,80.0,402.0,32160.0,2025-03-26
2025032603010191,SHINE,69,47,11.0,411.5,4526.5,2025-03-26
2025032605012965,HIDCL,1,55,524.0,263.5,138074.0,2025-03-26
2025032605012964,HIDCL,1,44,1300.0,263.5,342550.0,2025-03-26
2025032605012963,HIDCL,1,22,350.0,263.4,92190.0,2025-03-26
2025032605012962,HIDCL,1,40,100.0,263.3,26330.0,2025-03-26
2025032605012961,HIDCL,1,8,50.0,263.3,13165.0,2025-03-26
2025032605012960,HIDCL,1,19,210.0,263.3,55293.0,2025-03-26
2025032605012959,HIDCL,1,38,100.0,263.1,26310.0,2025-03-26
2025032605012958,HIDCL,1,49,268.0,263.1,70510.8,2025-03-26
2025032605012957,HIDCL,1,45,98.0,263.1,25783.8,2025-03-26
2025032603010190,NABBC,28,49,40.0,1670.0,66800.0,2025-03-26
2025032604011507,JOSHI,17,5,99.0,351.0,34749.0,2025-03-26
2025032604011506,MHNL,58,49,50.0,263.0,13150.0,2025-03-26
2025032604011505,MHNL,41,49,50.0,263.0,13150.0,2025-03-26
2025032604011504,UMHL,64,70,13.0,439.8,5717.4,2025-03-26
2025032604011503,UMHL,64,91,87.0,439.8,38262.6,2025-03-26
2025032604011502,UMHL,64,57,100.0,439.0,43900.0,2025-03-26
2025032605012956,HRL,34,47,300.0,979.0,293700.0,2025-03-26
2025032601014097,SBL,50,58,10.0,279.0,2790.0,2025-03-26
2025032603010189,SMPDA,50,45,10.0,949.0,9490.0,2025-03-26
2025032603010188,SMPDA,50,58,10.0,948.5,9485.0,2025-03-26
2025032603010187,MERO,43,43,28.0,710.0,19880.0,2025-03-26
2025032603010186,MERO,29,43,100.0,710.0,71000.0,2025-03-26
2025032603010185,MERO,22,43,10.0,710.0,7100.0,2025-03-26
2025032603010184,MERO,84,43,64.0,710.1,45446.4,2025-03-26
2025032601014096,GMLI,55,13,1400.0,2285.0,3199000.0,2025-03-26
2025032603010183,GMFBS,64,13,200.0,1565.3,313060.0,2025-03-26
2025032603010182,GMFBS,13,13,100.0,1566.2,156620.0,2025-03-26
2025032603010181,GMFBS,6,13,50.0,1570.2,78510.0,2025-03-26
2025032603010180,GMFBS,41,13,30.0,1570.8,47124.0,2025-03-26
2025032601014095,USHL,86,59,30.0,730.0,21900.0,2025-03-26
2025032601014094,RHGCL,80,41,10.0,529.0,5290.0,2025-03-26
2025032603010179,GRDBL,71,80,100.0,1373.0,137300.0,2025-03-26
2025032601014093,MKHC,71,1,80.0,526.0,42080.0,2025-03-26
2025032601014092,MKHC,71,41,20.0,525.0,10500.0,2025-03-26
2025032604011501,HURJA,29,34,10.0,234.0,2340.0,2025-03-26
2025032603010178,NMBMF,62,4,20.0,731.0,14620.0,2025-03-26
2025032601014091,HBL,56,22,10.0,234.5,2345.0,2025-03-26
2025032601014090,GMLI,55,56,270.0,2285.0,616950.0,2025-03-26
2025032601014089,GMLI,38,56,30.0,2285.1,68553.0,2025-03-26
2025032601014088,MKHC,56,41,50.0,525.0,26250.0,2025-03-26
2025032603010177,BFC,55,57,20.0,549.8,10996.0,2025-03-26
2025032601014087,TVCL,86,17,455.0,512.4,233142.0,2025-03-26
2025032601014086,TVCL,86,16,300.0,512.0,153600.0,2025-03-26
2025032603010176,SHINE,53,91,136.0,409.0,55624.0,2025-03-26
2025032603010175,SHINE,50,91,1130.0,409.0,462170.0,2025-03-26
2025032603010174,SHINE,7,91,574.0,409.1,234823.4,2025-03-26
2025032603010173,SHINE,57,91,160.0,410.0,65600.0,2025-03-26
2025032601014085,KBL,42,34,80.0,203.9,16312.0,2025-03-26
2025032603010172,MLBSL,74,37,10.0,2220.0,22200.0,2025-03-26
2025032601014084,TAMOR,49,69,10.0,505.8,5058.0,2025-03-26
2025032601014083,TAMOR,45,69,500.0,506.0,253000.0,2025-03-26
2025032601014082,TAMOR,45,69,150.0,506.0,75900.0,2025-03-26
2025032601014081,TAMOR,34,69,20.0,506.0,10120.0,2025-03-26
2025032601014080,TAMOR,49,69,50.0,507.0,25350.0,2025-03-26
2025032601014079,TAMOR,80,69,170.0,507.1,86207.0,2025-03-26
2025032601014078,TAMOR,34,69,95.0,508.0,48260.0,2025-03-26
2025032603010171,GUFL,39,48,30.0,580.0,17400.0,2025-03-26
2025032604011500,SHEL,48,38,13.0,251.0,3263.0,2025-03-26
2025032604011499,SHEL,48,3,50.0,250.9,12545.0,2025-03-26
2025032604011498,SHEL,48,32,50.0,250.0,12500.0,2025-03-26
2025032604011497,SHEL,48,62,397.0,250.0,99250.0,2025-03-26
2025032604011496,RHPL,57,1,100.0,378.7,37870.0,2025-03-26
2025032601014077,DOLTI,58,43,10.0,682.6,6826.0,2025-03-26
2025032605012955,GCIL,38,58,100.0,533.3,53330.0,2025-03-26
2025032604011495,DHPL,74,49,110.0,390.0,42900.0,2025-03-26
2025032604011494,DHPL,4,49,40.0,390.2,15608.0,2025-03-26
2025032601014076,AHL,22,49,10.0,720.0,7200.0,2025-03-26
2025032603010170,SHINE,46,47,10.0,411.5,4115.0,2025-03-26
2025032603010169,ICFC,50,21,100.0,600.0,60000.0,2025-03-26
2025032601014075,EBL,5,34,304.0,603.0,183312.0,2025-03-26
2025032603010168,EDBL,34,64,15.0,639.0,9585.0,2025-03-26
2025032603010167,EDBL,34,89,20.0,638.0,12760.0,2025-03-26
2025032603010166,EDBL,34,47,30.0,638.0,19140.0,2025-03-26
2025032603010165,EDBL,34,1,15.0,636.0,9540.0,2025-03-26
2025032603010164,EDBL,34,34,30.0,635.1,19053.0,2025-03-26
2025032603010163,LICN,59,58,10.0,1014.9,10149.0,2025-03-26
2025032601014074,NYADI,41,49,33.0,574.0,18942.0,2025-03-26
2025032601014073,NYADI,41,71,50.0,574.0,28700.0,2025-03-26
2025032601014072,NYADI,41,74,17.0,574.0,9758.0,2025-03-26
2025032605012954,HRL,45,35,100.0,980.0,98000.0,2025-03-26
2025032603010162,MFIL,45,38,54.0,606.0,32724.0,2025-03-26
2025032603010161,MFIL,45,28,200.0,605.9,121180.0,2025-03-26
2025032603010160,MFIL,45,33,10.0,605.5,6055.0,2025-03-26
2025032603010159,MFIL,45,45,10.0,605.5,6055.0,2025-03-26
2025032603010158,MFIL,45,64,20.0,603.0,12060.0,2025-03-26
2025032603010157,MFIL,45,33,16.0,602.0,9632.0,2025-03-26
2025032603010156,MFIL,45,69,190.0,601.2,114228.0,2025-03-26
2025032605012953,NIFRA,4,41,50.0,262.6,13130.0,2025-03-26
2025032601014071,KBSH,4,34,10.0,2417.0,24170.0,2025-03-26
2025032603010155,VLBS,32,44,10.0,843.0,8430.0,2025-03-26
2025032605012952,GCIL,38,37,100.0,533.4,53340.0,2025-03-26
2025032605012951,CIT,38,95,25.0,1954.0,48850.0,2025-03-26
2025032601014070,MEHL,42,21,35.0,532.9,18651.5,2025-03-26
2025032601014069,TSHL,42,35,100.0,789.9,78990.0,2025-03-26
2025032601014068,SARBTM,42,91,337.0,782.0,263534.0,2025-03-26
2025032601014067,HIDCLP,94,17,100.0,175.0,17500.0,2025-03-26
2025032601014066,HIDCLP,94,45,140.0,175.0,24500.0,2025-03-26
2025032601014065,HIDCLP,94,58,40.0,175.0,7000.0,2025-03-26
2025032601014064,HIDCLP,94,14,1000.0,175.0,175000.0,2025-03-26
2025032601014063,HIDCLP,94,38,500.0,175.0,87500.0,2025-03-26
2025032601014062,HIDCLP,94,55,762.0,175.0,133350.0,2025-03-26
2025032601014061,HIDCLP,94,32,500.0,174.9,87450.0,2025-03-26
2025032601014060,HIDCLP,94,3,500.0,174.9,87450.0,2025-03-26
2025032601014059,HIDCLP,94,38,430.0,174.8,75164.0,2025-03-26
2025032603010154,GMFBS,6,17,10.0,1588.0,15880.0,2025-03-26
2025032601014058,GMLI,92,59,10.0,2299.0,22990.0,2025-03-26
2025032601014057,GMLI,92,35,10.0,2299.0,22990.0,2025-03-26
2025032601014056,GMLI,92,56,350.0,2299.0,804650.0,2025-03-26
2025032601014055,GMLI,92,1,10.0,2298.9,22989.0,2025-03-26
2025032601014054,GMLI,92,66,55.0,2298.9,126439.5,2025-03-26
2025032601014053,GMLI,92,57,10.0,2298.8,22988.0,2025-03-26
2025032601014052,GMLI,92,26,30.0,2298.8,68964.0,2025-03-26
2025032601014051,GMLI,92,4,10.0,2298.5,22985.0,2025-03-26
2025032601014050,GMLI,92,16,10.0,2285.1,22851.0,2025-03-26
2025032604011493,UNHPL,43,1,651.0,297.4,193607.4,2025-03-26
2025032601014049,MEHL,58,21,10.0,532.9,5329.0,2025-03-26
2025032605012950,HIDCL,45,58,200.0,263.0,52600.0,2025-03-26
2025032601014048,SGHC,49,57,13.0,545.0,7085.0,2025-03-26
2025032603010153,NABBC,20,85,30.0,1680.0,50400.0,2025-03-26
2025032603010152,NABBC,20,1,10.0,1680.0,16800.0,2025-03-26
2025032603010151,NABBC,20,49,10.0,1679.0,16790.0,2025-03-26
2025032601014047,MEHL,20,21,10.0,532.9,5329.0,2025-03-26
2025032604011492,DHPL,16,99,100.0,391.0,39100.0,2025-03-26
2025032601014046,NICA,35,13,55.0,368.8,20284.0,2025-03-26
2025032601014045,MBL,34,16,20.0,225.5,4510.0,2025-03-26
2025032603010150,SKBBL,55,57,10.0,786.0,7860.0,2025-03-26
2025032604011491,HPPL,57,13,10.0,588.0,5880.0,2025-03-26
2025032605012949,MEL,55,16,230.0,314.1,72243.0,2025-03-26
2025032605012948,MEL,55,14,10.0,314.0,3140.0,2025-03-26
2025032605012947,MEL,55,49,200.0,314.0,62800.0,2025-03-26
2025032605012946,MEL,55,49,20.0,314.0,6280.0,2025-03-26
2025032605012945,MEL,55,16,30.0,314.0,9420.0,2025-03-26
2025032605012944,MEL,55,29,10.0,314.0,3140.0,2025-03-26
2025032605012943,MEL,55,65,500.0,313.9,156950.0,2025-03-26
2025032605012942,MEL,55,58,40.0,313.9,12556.0,2025-03-26
2025032605012941,MEL,55,65,1000.0,313.8,313800.0,2025-03-26
2025032605012940,MEL,55,19,190.0,313.7,59603.0,2025-03-26
2025032605012939,MEL,55,25,190.0,313.6,59584.0,2025-03-26
2025032605012938,MEL,55,38,10.0,313.1,3131.0,2025-03-26
2025032605012937,MEL,55,57,100.0,313.0,31300.0,2025-03-26
2025032605012936,MEL,55,16,470.0,313.0,147110.0,2025-03-26
2025032605012935,NRIC,96,58,32.0,1284.0,41088.0,2025-03-26
2025032605012934,NRIC,96,45,50.0,1284.0,64200.0,2025-03-26
2025032605012933,NRIC,96,25,27.0,1280.1,34562.7,2025-03-26
2025032605012932,NRIC,96,22,25.0,1280.0,32000.0,2025-03-26
2025032605012931,NRIC,96,46,36.0,1280.0,46080.0,2025-03-26
2025032605012930,NRIC,96,48,30.0,1280.0,38400.0,2025-03-26
2025032603010149,NFS,45,57,168.0,690.0,115920.0,2025-03-26
2025032603010148,NFS,45,77,312.0,690.0,215280.0,2025-03-26
2025032604011490,UMHL,3,32,500.0,438.6,219300.0,2025-03-26
2025032603010147,PFL,49,38,193.0,432.0,83376.0,2025-03-26
2025032603010146,ALICL,44,63,10.0,729.0,7290.0,2025-03-26
2025032605012929,CHDC,48,57,10.0,2170.9,21709.0,2025-03-26
2025032605012928,SONA,16,40,40.0,466.0,18640.0,2025-03-26
2025032605012927,SONA,16,45,100.0,466.0,46600.0,2025-03-26
2025032605012926,SONA,16,42,50.0,466.0,23300.0,2025-03-26
2025032605012925,SONA,16,58,40.0,466.0,18640.0,2025-03-26
2025032605012924,SONA,16,32,20.0,465.0,9300.0,2025-03-26
2025032601014044,CYCL,33,67,40.0,1595.0,63800.0,2025-03-26
2025032601014043,CYCL,49,67,10.0,1596.0,15960.0,2025-03-26
2025032601014042,CYCL,48,67,100.0,1596.1,159610.0,2025-03-26
2025032605012923,NRIC,28,48,10.0,1280.0,12800.0,2025-03-26
2025032605012922,HDL,28,34,69.0,1199.0,82731.0,2025-03-26
2025032604011489,RURU,57,58,90.0,724.0,65160.0,2025-03-26
2025032604011488,RURU,80,58,50.0,724.0,36200.0,2025-03-26
2025032604011487,RURU,40,58,10.0,724.0,7240.0,2025-03-26
2025032604011486,RURU,43,58,50.0,724.1,36205.0,2025-03-26
2025032604011485,RURU,41,58,100.0,724.2,72420.0,2025-03-26
2025032601014041,SPC,58,21,40.0,518.0,20720.0,2025-03-26
2025032604011484,NHPC,6,99,1000.0,207.0,207000.0,2025-03-26
2025032604011483,NHPC,88,99,200.0,207.0,41400.0,2025-03-26
2025032604011482,NHPC,21,99,50.0,207.0,10350.0,2025-03-26
2025032604011481,NHPC,90,99,120.0,207.0,24840.0,2025-03-26
2025032604011480,NHPC,49,99,100.0,207.3,20730.0,2025-03-26
2025032604011479,GHL,99,91,600.0,278.0,166800.0,2025-03-26
2025032604011478,GHL,99,5,500.0,277.0,138500.0,2025-03-26
2025032604011477,GHL,99,34,1000.0,277.0,277000.0,2025-03-26
2025032604011476,GHL,99,5,500.0,277.0,138500.0,2025-03-26
2025032604011475,GHL,99,6,800.0,277.0,221600.0,2025-03-26
2025032604011474,GHL,99,16,100.0,276.9,27690.0,2025-03-26
2025032601014040,MKHC,34,41,30.0,525.0,15750.0,2025-03-26
2025032601014039,NWCL,38,34,100.0,941.0,94100.0,2025-03-26
2025032601014038,SBL,28,1,394.0,277.1,109177.4,2025-03-26
2025032601014037,SBL,8,1,300.0,277.2,83160.0,2025-03-26
2025032601014036,SBL,18,1,50.0,277.3,13865.0,2025-03-26
2025032603010145,SFCL,44,32,50.0,526.2,26310.0,2025-03-26
2025032605012921,HRL,91,41,258.0,982.0,253356.0,2025-03-26
2025032605012920,HRL,91,5,10.0,982.0,9820.0,2025-03-26
2025032605012919,HRL,91,57,50.0,982.0,49100.0,2025-03-26
2025032605012918,HRL,91,17,30.0,982.0,29460.0,2025-03-26
2025032605012917,HRL,91,35,10.0,982.0,9820.0,2025-03-26
2025032605012916,HRL,91,49,10.0,982.0,9820.0,2025-03-26
2025032605012915,HRL,91,35,10.0,981.5,9815.0,2025-03-26
2025032605012914,HRL,91,37,10.0,981.0,9810.0,2025-03-26
2025032605012913,HRL,91,64,31.0,981.0,30411.0,2025-03-26
2025032605012912,HRL,91,49,30.0,981.0,29430.0,2025-03-26
2025032605012911,HRL,91,42,10.0,981.0,9810.0,2025-03-26
2025032605012910,HRL,91,58,10.0,981.0,9810.0,2025-03-26
2025032605012909,HRL,91,50,31.0,980.9,30407.9,2025-03-26
2025032605012908,HRL,91,57,200.0,980.5,196100.0,2025-03-26
2025032605012907,HRL,91,17,31.0,980.5,30395.5,2025-03-26
2025032605012906,HRL,91,68,20.0,980.0,19600.0,2025-03-26
2025032605012905,HRL,91,29,20.0,980.0,19600.0,2025-03-26
2025032605012904,HRL,91,32,30.0,980.0,29400.0,2025-03-26
2025032605012903,HRL,91,66,199.0,980.0,195020.0,2025-03-26
2025032601014035,MEHL,38,21,100.0,532.9,53290.0,2025-03-26
2025032601014034,MEHL,38,6,100.0,532.0,53200.0,2025-03-26
2025032603010144,NABBC,69,17,258.0,1661.0,428538.0,2025-03-26
2025032603010143,NABBC,8,17,100.0,1661.0,166100.0,2025-03-26
2025032603010142,NABBC,49,17,100.0,1661.1,166110.0,2025-03-26
2025032603010141,NABBC,69,17,42.0,1662.0,69804.0,2025-03-26
2025032601014033,MEHL,5,48,49.0,532.0,26068.0,2025-03-26
2025032605012902,HRL,34,19,23.0,979.0,22517.0,2025-03-26
2025032605012901,HRL,49,19,100.0,979.0,97900.0,2025-03-26
2025032605012900,HRL,53,19,10.0,979.0,9790.0,2025-03-26
2025032605012899,HRL,17,19,249.0,979.0,243771.0,2025-03-26
2025032605012898,HRL,41,19,10.0,979.1,9791.0,2025-03-26
2025032605012897,HRL,4,19,100.0,979.2,97920.0,2025-03-26
2025032605012896,HRL,1,19,10.0,979.2,9792.0,2025-03-26
2025032605012895,HRL,18,19,69.0,979.2,67564.8,2025-03-26
2025032605012894,HRL,17,19,70.0,979.3,68551.0,2025-03-26
2025032605012893,HRL,7,19,359.0,979.4,351604.6,2025-03-26
2025032604011473,GHL,21,16,200.0,276.9,55380.0,2025-03-26
2025032601014032,MEHL,46,48,21.0,532.0,11172.0,2025-03-26
2025032604011472,SJCL,58,34,20.0,318.0,6360.0,2025-03-26
2025032601014031,SAMAJ,44,58,15.0,2510.0,37650.0,2025-03-26
2025032605012892,HRL,34,66,100.0,980.0,98000.0,2025-03-26
2025032605012891,HRL,34,55,10.0,980.0,9800.0,2025-03-26
2025032605012890,HRL,34,6,200.0,980.0,196000.0,2025-03-26
2025032605012889,HRL,34,45,10.0,980.0,9800.0,2025-03-26
2025032605012888,HRL,34,35,25.0,980.0,24500.0,2025-03-26
2025032605012887,HRL,34,50,155.0,980.0,151900.0,2025-03-26
2025032604011471,JOSHI,1,5,100.0,351.0,35100.0,2025-03-26
2025032604011470,SGIC,35,14,500.0,581.0,290500.0,2025-03-26
2025032601014030,EHPL,84,56,386.0,685.0,264410.0,2025-03-26
2025032601014029,EHPL,65,56,14.0,685.1,9591.4,2025-03-26
2025032601014028,EHPL,4,56,100.0,686.0,68600.0,2025-03-26
2025032604011469,API,22,59,205.0,269.0,55145.0,2025-03-26
2025032604011468,API,22,62,400.0,269.0,107600.0,2025-03-26
2025032601014027,SNLI,22,49,1.0,630.2,630.2,2025-03-26
2025032603010140,FMDBL,25,44,63.0,750.0,47250.0,2025-03-26
2025032603010139,NLIC,49,38,50.0,767.0,38350.0,2025-03-26
2025032605012886,HATHY,38,69,130.0,1250.0,162500.0,2025-03-26
2025032601014026,GMLI,55,38,10.0,2285.0,22850.0,2025-03-26
2025032605012885,HRL,42,50,300.0,980.0,294000.0,2025-03-26
2025032605012884,HRL,42,49,200.0,979.9,195980.0,2025-03-26
2025032601014025,LSL,42,43,90.0,217.0,19530.0,2025-03-26
2025032604011467,GHL,11,16,200.0,276.9,55380.0,2025-03-26
2025032604011466,NHPC,40,49,25.0,207.8,5195.0,2025-03-26
2025032603010138,NLIC,49,95,200.0,767.0,153400.0,2025-03-26
2025032603010137,NLIC,49,35,100.0,767.0,76700.0,2025-03-26
2025032601014024,GVL,59,41,10.0,463.9,4639.0,2025-03-26
2025032604011465,API,94,34,500.0,268.9,134450.0,2025-03-26
2025032604011464,UAIL,58,54,50.0,634.2,31710.0,2025-03-26
2025032604011463,AHPC,72,58,52.0,251.5,13078.0,2025-03-26
2025032603010136,SINDU,28,22,20.0,1068.0,21360.0,2025-03-26
2025032603010135,SINDU,29,22,10.0,1069.0,10690.0,2025-03-26
2025032601014023,LSL,22,54,69.0,216.3,14924.7,2025-03-26
2025032601014022,LSL,22,54,31.0,216.3,6705.3,2025-03-26
2025032604011462,BPCL,42,18,43.0,385.0,16555.0,2025-03-26
2025032604011461,BPCL,7,18,135.0,385.0,51975.0,2025-03-26
2025032604011460,BPCL,17,18,30.0,385.0,11550.0,2025-03-26
2025032604011459,BPCL,56,18,30.0,386.0,11580.0,2025-03-26
2025032604011458,BPCL,58,18,15.0,387.0,5805.0,2025-03-26
2025032604011457,BPCL,33,18,177.0,387.0,68499.0,2025-03-26
2025032604011456,BPCL,45,18,50.0,388.0,19400.0,2025-03-26
2025032604011455,BPCL,29,18,10.0,388.0,3880.0,2025-03-26
2025032604011454,BPCL,43,18,50.0,389.0,19450.0,2025-03-26
2025032604011453,BPCL,29,18,10.0,389.1,3891.0,2025-03-26
2025032603010134,MDB,49,32,300.0,616.0,184800.0,2025-03-26
2025032605012883,NIFRA,43,41,25.0,262.6,6565.0,2025-03-26
2025032601014021,SRLI,74,50,50.0,414.0,20700.0,2025-03-26
2025032605012882,CIT,52,95,30.0,1954.0,58620.0,2025-03-26
2025032605012881,NIFRA,51,52,64.0,262.1,16774.4,2025-03-26
2025032605012880,HATHY,49,69,1000.0,1250.0,1250000.0,2025-03-26
2025032605012879,HATHY,14,69,20.0,1250.0,25000.0,2025-03-26
2025032605012878,HATHY,45,69,720.0,1255.0,903600.0,2025-03-26
2025032605012877,HATHY,8,69,10.0,1260.0,12600.0,2025-03-26
2025032605012876,HATHY,26,69,349.0,1261.0,440089.0,2025-03-26
2025032605012875,HATHY,49,69,145.0,1262.5,183062.5,2025-03-26
2025032604011452,GHL,11,71,300.0,276.9,83070.0,2025-03-26
2025032604011451,UMRH,49,25,10.0,618.0,6180.0,2025-03-26
2025032603010133,PFL,49,87,50.0,432.0,21600.0,2025-03-26
2025032603010132,PFL,49,58,20.0,432.0,8640.0,2025-03-26
2025032603010131,PFL,49,22,550.0,431.9,237545.0,2025-03-26
2025032603010130,PFL,49,17,10.0,431.5,4315.0,2025-03-26
2025032603010129,PFL,49,45,157.0,430.0,67510.0,2025-03-26
2025032604011450,AHPC,22,41,50.0,251.0,12550.0,2025-03-26
2025032605012874,SAHAS,41,46,10.0,492.0,4920.0,2025-03-26
2025032605012873,SAHAS,41,41,81.0,491.9,39843.9,2025-03-26
2025032603010128,NFS,34,32,21.0,688.0,14448.0,2025-03-26
2025032603010127,NFS,34,58,54.0,686.0,37044.0,2025-03-26
2025032604011449,RHPL,57,1,270.0,378.7,102249.0,2025-03-26
2025032604011448,RHPL,52,1,30.0,378.7,11361.0,2025-03-26
2025032601014020,MAKAR,62,49,10.0,698.0,6980.0,2025-03-26
2025032604011447,UMRH,76,25,10.0,618.0,6180.0,2025-03-26
2025032601014019,PRVU,42,58,10.0,209.0,2090.0,2025-03-26
2025032603010126,NFS,42,58,71.0,686.0,48706.0,2025-03-26
2025032603010125,NFS,29,58,75.0,686.9,51517.5,2025-03-26
2025032603010124,ALICL,18,58,50.0,727.4,36370.0,2025-03-26
2025032604011446,UMHL,22,91,108.0,439.8,47498.4,2025-03-26
2025032603010123,MLBL,60,55,10.0,399.9,3999.0,2025-03-26
2025032601014018,MHL,62,25,45.0,700.0,31500.0,2025-03-26
2025032601014017,MHL,1,25,90.0,700.0,63000.0,2025-03-26
2025032601014016,MHL,51,25,15.0,701.0,10515.0,2025-03-26
2025032604011445,SHEL,65,45,3000.0,249.1,747300.0,2025-03-26
2025032601014015,ULHC,91,58,500.0,518.0,259000.0,2025-03-26
2025032605012872,NRN,88,60,100.0,1415.0,141500.0,2025-03-26
2025032601014014,USHEC,39,4,80.0,598.9,47912.0,2025-03-26
2025032603010122,GRDBL,80,40,36.0,1371.0,49356.0,2025-03-26
2025032604011444,GLH,49,52,10.0,240.0,2400.0,2025-03-26
2025032604011443,GLH,49,5,212.0,240.0,50880.0,2025-03-26
2025032601014013,HIDCLP,34,38,70.0,174.8,12236.0,2025-03-26
2025032601014012,HIDCLP,34,44,500.0,174.7,87350.0,2025-03-26
2025032601014011,HIDCLP,34,38,500.0,174.5,87250.0,2025-03-26
2025032601014010,HIDCLP,34,38,120.0,174.5,20940.0,2025-03-26
2025032601014009,HIDCLP,34,60,3810.0,174.0,662940.0,2025-03-26
2025032601014008,NYADI,41,74,43.0,574.0,24682.0,2025-03-26
2025032601014007,NYADI,41,29,100.0,573.9,57390.0,2025-03-26
2025032601014006,NYADI,41,1,20.0,573.9,11478.0,2025-03-26
2025032601014005,NYADI,41,50,100.0,573.0,57300.0,2025-03-26
2025032601014004,NYADI,41,32,100.0,573.0,57300.0,2025-03-26
2025032601014003,NYADI,41,8,772.0,573.0,442356.0,2025-03-26
2025032601014002,NYADI,41,37,500.0,572.0,286000.0,2025-03-26
2025032601014001,NYADI,41,38,150.0,571.9,85785.0,2025-03-26
2025032601014000,NYADI,41,38,25.0,570.8,14270.0,2025-03-26
2025032601013999,NYADI,41,36,100.0,570.0,57000.0,2025-03-26
2025032601013998,NYADI,41,92,90.0,570.0,51300.0,2025-03-26
2025032601013997,TSHL,41,35,10.0,789.9,7899.0,2025-03-26
2025032601013996,TPC,38,57,160.0,503.0,80480.0,2025-03-26
2025032601013995,NMB,29,57,200.0,247.5,49500.0,2025-03-26
2025032604011442,UPPER,36,59,10.0,200.0,2000.0,2025-03-26
2025032603010121,NABBC,69,42,30.0,1662.0,49860.0,2025-03-26
2025032604011441,UNHPL,26,36,500.0,298.0,149000.0,2025-03-26
2025032604011440,GLH,17,5,100.0,240.0,24000.0,2025-03-26
2025032601013994,GMLI,55,35,10.0,2285.0,22850.0,2025-03-26
2025032601013993,NABIL,29,22,591.0,481.0,284271.0,2025-03-26
2025032601013992,MKCL,39,54,10.0,1565.0,15650.0,2025-03-26
2025032601013991,CYCL,4,45,10.0,1605.0,16050.0,2025-03-26
2025032603010120,MATRI,47,14,11.0,1181.1,12992.1,2025-03-26
2025032603010119,MATRI,58,14,10.0,1181.4,11814.0,2025-03-26
2025032603010118,MATRI,39,14,10.0,1182.0,11820.0,2025-03-26
2025032603010117,MATRI,58,14,20.0,1182.0,23640.0,2025-03-26
2025032605012871,VLUCL,45,57,27.0,673.0,18171.0,2025-03-26
2025032605012870,VLUCL,45,21,10.0,667.0,6670.0,2025-03-26
2025032605012869,VLUCL,45,54,10.0,666.0,6660.0,2025-03-26
2025032605012868,VLUCL,45,45,10.0,666.0,6660.0,2025-03-26
2025032605012867,VLUCL,45,44,10.0,666.0,6660.0,2025-03-26
2025032605012866,VLUCL,45,39,10.0,665.0,6650.0,2025-03-26
2025032605012865,VLUCL,45,42,10.0,664.5,6645.0,2025-03-26
2025032605012864,VLUCL,45,52,10.0,664.5,6645.0,2025-03-26
2025032605012863,VLUCL,45,58,10.0,664.0,6640.0,2025-03-26
2025032605012862,VLUCL,45,58,10.0,664.0,6640.0,2025-03-26
2025032605012861,VLUCL,45,17,143.0,663.9,94937.7,2025-03-26
2025032605012860,VLUCL,45,38,40.0,663.4,26536.0,2025-03-26
2025032605012859,VLUCL,45,58,200.0,663.4,132680.0,2025-03-26
2025032605012858,VLUCL,45,17,400.0,663.0,265200.0,2025-03-26
2025032601013990,SNLI,32,57,34.0,643.0,21862.0,2025-03-26
2025032605012857,SONA,38,22,400.0,464.1,185640.0,2025-03-26
2025032604011439,UPPER,58,59,693.0,200.0,138600.0,2025-03-26
2025032604011438,UPPER,58,32,107.0,200.0,21400.0,2025-03-26
2025032601013989,TPC,38,42,40.0,502.9,20116.0,2025-03-26
2025032603010116,SINDU,58,25,10.0,1070.0,10700.0,2025-03-26
2025032603010115,SLBSL,42,42,100.0,1956.0,195600.0,2025-03-26
2025032603010114,JFL,48,3,20.0,508.0,10160.0,2025-03-26
2025032605012856,CLI,51,57,50.0,501.9,25095.0,2025-03-26
2025032605012855,SMATA,39,16,10.0,812.2,8122.0,2025-03-26
2025032605012854,HATHY,49,65,10.0,1262.0,12620.0,2025-03-26
2025032601013988,CITY,50,21,40.0,844.9,33796.0,2025-03-26
2025032601013987,RFPL,47,1,675.0,690.0,465750.0,2025-03-26
2025032601013986,RFPL,45,1,25.0,690.0,17250.0,2025-03-26
2025032605012853,HRL,34,50,500.0,980.0,490000.0,2025-03-26
2025032603010113,SLBBL,62,28,15.0,994.2,14913.0,2025-03-26
2025032603010112,SLBBL,62,65,80.0,994.0,79520.0,2025-03-26
2025032603010111,SLBBL,62,58,1000.0,993.0,993000.0,2025-03-26
2025032603010110,SLBBL,62,62,65.0,987.4,64181.0,2025-03-26
2025032603010109,SLBBL,62,29,40.0,987.0,39480.0,2025-03-26
2025032604011437,BARUN,34,57,200.0,507.8,101560.0,2025-03-26
2025032605012852,NRN,55,60,10.0,1414.0,14140.0,2025-03-26
2025032605012851,SMJC,19,14,10.0,584.6,5846.0,2025-03-26
2025032605012850,HRL,91,50,990.0,980.0,970200.0,2025-03-26
2025032605012849,HRL,91,81,10.0,979.9,9799.0,2025-03-26
2025032604011436,UPCL,45,35,107.0,283.0,30281.0,2025-03-26
2025032604011435,SHPC,52,45,12.0,459.0,5508.0,2025-03-26
2025032601013985,DOLTI,58,43,69.0,682.5,47092.5,2025-03-26
2025032601013984,DOLTI,58,43,29.0,682.4,19789.6,2025-03-26
2025032601013983,MKHC,3,1,22.0,526.0,11572.0,2025-03-26
2025032601013982,MKHC,3,47,38.0,521.0,19798.0,2025-03-26
2025032603010108,PMLI,45,87,305.0,561.0,171105.0,2025-03-26
2025032603010107,PMLI,45,87,95.0,563.0,53485.0,2025-03-26
2025032603010106,MSLB,7,74,10.0,1259.0,12590.0,2025-03-26
2025032603010105,MSLB,7,52,10.0,1255.0,12550.0,2025-03-26
2025032603010104,MSLB,7,42,10.0,1255.0,12550.0,2025-03-26
2025032603010103,MSLB,7,48,10.0,1250.0,12500.0,2025-03-26
2025032603010102,MSLB,7,58,10.0,1250.0,12500.0,2025-03-26
2025032603010101,KMCDB,97,38,74.0,1050.0,77700.0,2025-03-26
2025032603010100,KMCDB,97,85,32.0,1050.0,33600.0,2025-03-26
2025032603010099,KMCDB,97,52,20.0,1049.8,20996.0,2025-03-26
2025032603010098,GFCL,49,48,10.0,663.0,6630.0,2025-03-26
2025032603010097,GFCL,49,45,50.0,662.5,33125.0,2025-03-26
2025032601013981,ULBSL,16,34,10.0,3380.0,33800.0,2025-03-26
2025032605012848,SAHAS,48,34,10.0,491.0,4910.0,2025-03-26
2025032605012847,SAHAS,34,41,200.0,491.9,98380.0,2025-03-26
2025032603010096,DDBL,42,43,38.0,776.5,29507.0,2025-03-26
2025032605012846,HRL,6,50,55.0,980.0,53900.0,2025-03-26
2025032601013980,AVYAN,55,11,10.0,1000.1,10001.0,2025-03-26
2025032601013979,AVYAN,45,11,60.0,1000.1,60006.0,2025-03-26
2025032604011434,GLH,17,11,100.0,239.0,23900.0,2025-03-26
2025032603010095,SLBSL,42,20,14.0,1956.0,27384.0,2025-03-26
2025032604011433,NIL,42,50,40.0,748.0,29920.0,2025-03-26
2025032604011432,AHPC,22,59,300.0,251.0,75300.0,2025-03-26
2025032603010094,GRDBL,80,34,200.0,1371.0,274200.0,2025-03-26
2025032605012845,SMJC,35,8,10.0,589.0,5890.0,2025-03-26
2025032604011431,OHL,85,44,43.0,872.0,37496.0,2025-03-26
2025032604011430,RIDI,43,14,260.0,219.1,56966.0,2025-03-26
2025032601013978,NABIL,32,48,140.0,482.0,67480.0,2025-03-26
2025032601013977,NABIL,32,54,10.0,481.9,4819.0,2025-03-26
2025032604011429,API,94,38,20.0,268.9,5378.0,2025-03-26
2025032604011428,UPPER,58,32,33.0,200.0,6600.0,2025-03-26
2025032604011427,HPPL,42,13,10.0,588.0,5880.0,2025-03-26
2025032605012844,HATHY,26,44,100.0,1261.0,126100.0,2025-03-26
2025032605012843,CLI,7,6,10.0,501.6,5016.0,2025-03-26
2025032601013976,UNLB,34,39,15.0,2205.0,33075.0,2025-03-26
2025032605012842,NRN,33,60,10.0,1414.0,14140.0,2025-03-26
2025032605012841,GCIL,19,37,56.0,533.4,29870.4,2025-03-26
2025032601013975,MEHL,41,48,20.0,532.0,10640.0,2025-03-26
2025032601013974,GMLI,55,54,10.0,2285.0,22850.0,2025-03-26
2025032601013973,UHEWA,58,45,10.0,750.0,7500.0,2025-03-26
2025032601013972,UHEWA,17,45,10.0,750.0,7500.0,2025-03-26
2025032601013971,UHEWA,49,45,500.0,750.0,375000.0,2025-03-26
2025032601013970,UHEWA,17,45,10.0,750.0,7500.0,2025-03-26
2025032601013969,UHEWA,43,45,100.0,751.0,75100.0,2025-03-26
2025032601013968,UHEWA,57,45,70.0,751.0,52570.0,2025-03-26
2025032601013967,SRLI,53,50,10.0,414.0,4140.0,2025-03-26
2025032603010093,VLBS,53,44,10.0,843.0,8430.0,2025-03-26
2025032601013966,EHPL,65,56,60.0,685.1,41106.0,2025-03-26
2025032601013965,EHPL,70,56,200.0,685.2,137040.0,2025-03-26
2025032601013964,EHPL,36,56,300.0,686.0,205800.0,2025-03-26
2025032601013963,EHPL,80,56,50.0,686.0,34300.0,2025-03-26
2025032601013962,EHPL,38,56,300.0,686.1,205830.0,2025-03-26
2025032601013961,EHPL,53,56,50.0,687.0,34350.0,2025-03-26
2025032601013960,EHPL,49,56,10.0,687.1,6871.0,2025-03-26
2025032601013959,EHPL,80,56,30.0,690.0,20700.0,2025-03-26
2025032604011426,GHL,42,16,160.0,276.9,44304.0,2025-03-26
2025032604011425,GHL,42,4,40.0,276.2,11048.0,2025-03-26
2025032603010092,LBBL,42,59,100.0,418.0,41800.0,2025-03-26
2025032605012840,HRL,39,19,10.0,980.0,9800.0,2025-03-26
2025032605012839,HRL,39,32,31.0,980.0,30380.0,2025-03-26
2025032605012838,HRL,39,26,150.0,980.0,147000.0,2025-03-26
2025032605012837,HRL,39,43,51.0,980.0,49980.0,2025-03-26
2025032603010091,MLBL,28,55,73.0,399.9,29192.7,2025-03-26
2025032603010090,MLBL,28,55,100.0,399.9,39990.0,2025-03-26
2025032603010089,MLBL,28,57,1000.0,399.9,399900.0,2025-03-26
2025032603010088,MLBL,28,38,50.0,399.9,19995.0,2025-03-26
2025032603010087,MLBL,28,1,100.0,399.8,39980.0,2025-03-26
2025032603010086,MLBL,28,56,610.0,399.7,243817.0,2025-03-26
2025032603010085,MLBL,28,35,400.0,399.6,159840.0,2025-03-26
2025032603010084,MLBL,28,48,40.0,399.0,15960.0,2025-03-26
2025032603010083,MLBL,28,35,50.0,399.0,19950.0,2025-03-26
2025032603010082,MLBL,28,55,20.0,398.0,7960.0,2025-03-26
2025032603010081,MLBL,28,58,10.0,396.0,3960.0,2025-03-26
2025032603010080,MLBL,28,14,47.0,396.0,18612.0,2025-03-26
2025032603010079,SAPDBL,91,21,150.0,1095.0,164250.0,2025-03-26
2025032603010078,NLICL,49,54,10.0,626.0,6260.0,2025-03-26
2025032603010077,JFL,49,22,65.0,512.9,33338.5,2025-03-26
2025032603010076,JFL,49,33,50.0,512.8,25640.0,2025-03-26
2025032603010075,JFL,49,58,10.0,512.1,5121.0,2025-03-26
2025032603010074,JFL,49,34,310.0,512.0,158720.0,2025-03-26
2025032603010073,JFL,49,58,10.0,512.0,5120.0,2025-03-26
2025032603010072,JFL,49,1,285.0,512.0,145920.0,2025-03-26
2025032603010071,JFL,49,36,100.0,511.1,51110.0,2025-03-26
2025032603010070,JFL,49,55,20.0,511.0,10220.0,2025-03-26
2025032603010069,JFL,49,58,10.0,511.0,5110.0,2025-03-26
2025032603010068,JFL,49,32,100.0,510.8,51080.0,2025-03-26
2025032603010067,JFL,49,14,10.0,510.0,5100.0,2025-03-26
2025032603010066,JFL,49,13,150.0,510.0,76500.0,2025-03-26
2025032603010065,JFL,49,45,200.0,509.4,101880.0,2025-03-26
2025032603010064,JFL,49,47,130.0,509.3,66209.0,2025-03-26
2025032603010063,JFL,49,42,90.0,509.2,45828.0,2025-03-26
2025032603010062,JFL,49,8,50.0,509.0,25450.0,2025-03-26
2025032603010061,JFL,49,49,10.0,509.0,5090.0,2025-03-26
2025032604011424,HURJA,49,46,200.0,233.3,46660.0,2025-03-26
2025032601013958,ULBSL,62,17,21.0,3422.0,71862.0,2025-03-26
2025032601013957,GMLI,55,62,50.0,2285.0,114250.0,2025-03-26
2025032601013956,SCB,17,22,681.0,629.0,428349.0,2025-03-26
2025032601013955,SCB,57,22,135.0,629.1,84928.5,2025-03-26
2025032601013954,SCB,34,22,14.0,631.0,8834.0,2025-03-26
2025032605012836,SMATA,39,57,11.0,812.2,8934.2,2025-03-26
2025032603010060,NFS,29,14,25.0,686.9,17172.5,2025-03-26
2025032604011423,UMHL,58,91,155.0,439.8,68169.0,2025-03-26
2025032603010059,NLIC,35,42,20.0,766.3,15326.0,2025-03-26
2025032601013953,MLBS,26,42,30.0,1730.0,51900.0,2025-03-26
2025032605012835,SMJC,26,8,10.0,589.0,5890.0,2025-03-26
2025032605012834,CHDC,48,50,10.0,2171.0,21710.0,2025-03-26
2025032604011422,GHL,5,4,10.0,276.2,2762.0,2025-03-26
2025032604011421,DHPL,40,66,50.0,392.0,19600.0,2025-03-26
2025032604011420,DHPL,40,89,100.0,391.0,39100.0,2025-03-26
2025032601013952,NESDO,66,19,15.0,1815.0,27225.0,2025-03-26
2025032603010058,EDBL,4,34,20.0,635.1,12702.0,2025-03-26
2025032601013951,UHEWA,57,55,30.0,751.0,22530.0,2025-03-26
2025032604011419,UNHPL,45,36,50.0,298.0,14900.0,2025-03-26
2025032605012833,CHDC,60,45,16.0,2167.0,34672.0,2025-03-26
2025032605012832,CHDC,60,45,10.0,2167.1,21671.0,2025-03-26
2025032601013950,JBLB,42,45,40.0,1334.0,53360.0,2025-03-26
2025032601013949,SGHC,8,57,80.0,545.0,43600.0,2025-03-26
2025032603010057,MFIL,42,69,100.0,601.2,60120.0,2025-03-26
2025032603010056,PFL,58,45,100.0,430.0,43000.0,2025-03-26
2025032603010055,PFL,58,53,100.0,429.0,42900.0,2025-03-26
2025032604011418,SGIC,58,5,100.0,582.0,58200.0,2025-03-26
2025032601013948,GMLI,55,56,50.0,2285.0,114250.0,2025-03-26
2025032603010054,NLIC,35,26,224.0,766.3,171651.2,2025-03-26
2025032603010053,NLIC,18,26,26.0,766.4,19926.4,2025-03-26
2025032603010052,NLIC,58,26,100.0,766.5,76650.0,2025-03-26
2025032603010051,NLIC,56,26,50.0,766.6,38330.0,2025-03-26
2025032601013947,NABIL,29,48,80.0,481.0,38480.0,2025-03-26
2025032603010050,LBBL,28,59,100.0,418.0,41800.0,2025-03-26
2025032601013946,USHL,86,40,23.0,730.0,16790.0,2025-03-26
2025032601013945,MKHL,42,10,76.0,683.0,51908.0,2025-03-26
2025032601013944,MKHL,10,10,50.0,683.0,34150.0,2025-03-26
2025032601013943,MKHL,10,10,54.0,683.0,36882.0,2025-03-26
2025032601013942,MKHL,10,10,85.0,683.1,58063.5,2025-03-26
2025032601013941,MKHL,10,10,15.0,683.1,10246.5,2025-03-26
2025032601013940,MKHL,6,10,500.0,683.5,341750.0,2025-03-26
2025032601013939,MKHL,10,10,75.0,684.2,51315.0,2025-03-26
2025032601013938,MKHL,32,10,1000.0,684.3,684300.0,2025-03-26
2025032601013937,MKHL,36,10,50.0,684.5,34225.0,2025-03-26
2025032601013936,MKHL,35,10,10.0,685.0,6850.0,2025-03-26
2025032601013935,MKHL,36,10,50.0,685.0,34250.0,2025-03-26
2025032601013934,MKHL,10,10,40.0,685.1,27404.0,2025-03-26
2025032601013933,MKHL,44,10,1000.0,685.5,685500.0,2025-03-26
2025032601013932,MKHL,10,10,100.0,685.7,68570.0,2025-03-26
2025032601013931,MKHL,10,10,100.0,685.9,68590.0,2025-03-26
2025032601013930,MKHL,10,10,200.0,687.2,137440.0,2025-03-26
2025032601013929,MKHL,34,10,300.0,688.0,206400.0,2025-03-26
2025032601013928,MKHL,10,10,200.0,688.3,137660.0,2025-03-26
2025032601013927,MKHL,49,10,235.0,688.7,161844.5,2025-03-26
2025032601013926,MKHL,10,10,200.0,688.8,137760.0,2025-03-26
2025032601013925,MKHL,33,10,20.0,688.9,13778.0,2025-03-26
2025032601013924,MKHL,45,10,500.0,689.0,344500.0,2025-03-26
2025032601013923,MKHL,33,10,20.0,691.1,13822.0,2025-03-26
2025032601013922,MKHL,38,10,100.0,693.0,69300.0,2025-03-26
2025032601013921,MKHL,33,10,20.0,693.1,13862.0,2025-03-26
2025032605012831,GCIL,49,49,1.0,523.0,523.0,2025-03-26
2025032605012830,GCIL,38,41,50.0,533.3,26665.0,2025-03-26
2025032604011417,GHL,22,35,800.0,276.0,220800.0,2025-03-26
2025032604011416,GHL,32,35,200.0,276.1,55220.0,2025-03-26
2025032604011415,HEI,34,22,60.0,600.0,36000.0,2025-03-26
2025032604011414,SJCL,58,34,300.0,318.0,95400.0,2025-03-26
2025032601013920,TAMOR,34,29,10.0,508.0,5080.0,2025-03-26
2025032601013919,TAMOR,34,17,20.0,508.0,10160.0,2025-03-26
2025032601013918,TAMOR,34,41,75.0,508.0,38100.0,2025-03-26
2025032601013917,GMLI,55,4,1000.0,2285.0,2285000.0,2025-03-26
2025032604011413,LEC,94,26,86.0,208.9,17965.4,2025-03-26
2025032604011412,LEC,94,43,100.0,208.9,20890.0,2025-03-26
2025032603010049,NMLBBL,8,48,100.0,658.0,65800.0,2025-03-26
2025032605012829,SONA,85,42,360.0,464.0,167040.0,2025-03-26
2025032605012828,SONA,65,42,440.0,464.0,204160.0,2025-03-26
2025032605012827,SONA,17,42,200.0,464.1,92820.0,2025-03-26
2025032603010048,SAPDBL,58,44,15.0,1100.0,16500.0,2025-03-26
2025032601013916,PRVU,42,44,30.0,209.0,6270.0,2025-03-26
2025032601013915,TAMOR,80,6,10.0,507.1,5071.0,2025-03-26
2025032604011411,RHPL,16,45,290.0,379.0,109910.0,2025-03-26
2025032604011410,RHPL,16,5,110.0,379.0,41690.0,2025-03-26
2025032603010047,KSBBL,39,95,90.0,438.0,39420.0,2025-03-26
2025032603010046,MLBL,17,14,153.0,396.0,60588.0,2025-03-26
2025032603010045,MLBL,17,63,147.0,396.0,58212.0,2025-03-26
2025032603010044,SINDU,29,59,40.0,1069.0,42760.0,2025-03-26
2025032603010043,SINDU,22,59,30.0,1069.0,32070.0,2025-03-26
2025032604011409,API,94,76,500.0,268.9,134450.0,2025-03-26
2025032604011408,MHNL,41,48,20.0,264.0,5280.0,2025-03-26
2025032601013914,SCB,34,42,24.0,631.0,15144.0,2025-03-26
2025032601013913,SCB,34,45,100.0,631.0,63100.0,2025-03-26
2025032601013912,SCB,34,6,39.0,631.0,24609.0,2025-03-26
2025032603010042,SINDU,14,25,10.0,1070.0,10700.0,2025-03-26
2025032601013911,HIDCLP,28,32,978.0,173.3,169487.4,2025-03-26
2025032601013910,HIDCLP,38,32,10.0,173.3,1733.0,2025-03-26
2025032601013909,HIDCLP,94,32,2000.0,173.4,346800.0,2025-03-26
2025032601013908,HIDCLP,94,32,2012.0,173.5,349082.0,2025-03-26
2025032604011407,SHPC,32,48,10.0,459.1,4591.0,2025-03-26
2025032604011406,UPPER,45,32,20.0,200.0,4000.0,2025-03-26
2025032601013907,NICA,35,8,200.0,368.8,73760.0,2025-03-26
2025032605012826,HDL,58,21,130.0,1200.0,156000.0,2025-03-26
2025032605012825,HDL,58,49,70.0,1199.0,83930.0,2025-03-26
2025032603010041,PROFL,52,51,89.0,530.7,47232.3,2025-03-26
2025032603010040,PROFL,57,51,85.0,530.7,45109.5,2025-03-26
2025032601013906,ADBL,38,58,992.0,282.0,279744.0,2025-03-26
2025032601013905,ADBL,35,58,75.0,282.0,21150.0,2025-03-26
2025032601013904,ADBL,34,58,20.0,282.0,5640.0,2025-03-26
2025032601013903,ADBL,6,58,259.0,282.0,73038.0,2025-03-26
2025032604011405,UMHL,64,91,200.0,439.8,87960.0,2025-03-26
2025032604011404,CHCL,64,44,151.0,480.1,72495.1,2025-03-26
2025032604011403,CHCL,64,29,145.0,480.0,69600.0,2025-03-26
2025032603010039,ICFC,5,21,180.0,600.0,108000.0,2025-03-26
2025032603010038,ICFC,5,49,20.0,599.5,11990.0,2025-03-26
2025032604011402,RHPL,41,5,100.0,379.0,37900.0,2025-03-26
2025032603010037,SJLIC,25,50,44.0,439.9,19355.6,2025-03-26
2025032603010036,SJLIC,25,45,10.0,439.8,4398.0,2025-03-26
2025032603010035,NMBMF,45,62,20.0,730.0,14600.0,2025-03-26
2025032601013902,SMHL,65,45,500.0,880.1,440050.0,2025-03-26
2025032604011401,CHL,58,38,50.0,514.0,25700.0,2025-03-26
2025032605012824,HIDCL,44,45,302.0,263.1,79456.2,2025-03-26
2025032605012823,HIDCL,44,49,698.0,263.1,183643.8,2025-03-26
2025032601013901,MEHL,20,48,10.0,532.9,5329.0,2025-03-26
2025032603010034,GUFL,39,32,10.0,580.0,5800.0,2025-03-26
2025032603010033,GUFL,39,36,60.0,580.0,34800.0,2025-03-26
2025032603010032,NFS,39,32,79.0,688.0,54352.0,2025-03-26
2025032603010031,NFS,39,7,100.0,688.0,68800.0,2025-03-26
2025032603010030,NFS,39,49,166.0,687.8,114174.8,2025-03-26
2025032603010029,NFS,39,43,25.0,686.9,17172.5,2025-03-26
2025032603010028,NFS,39,49,90.0,686.9,61821.0,2025-03-26
2025032605012822,CHDC,28,50,10.0,2171.0,21710.0,2025-03-26
2025032603010027,SMB,40,45,72.0,2369.0,170568.0,2025-03-26
2025032603010026,SMB,40,29,28.0,2368.9,66329.2,2025-03-26
2025032603010025,MATRI,36,45,23.0,1184.0,27232.0,2025-03-26
2025032605012821,HDL,49,49,30.0,1199.0,35970.0,2025-03-26
2025032605012820,HRL,49,43,30.0,980.0,29400.0,2025-03-26
2025032601013900,KDL,7,62,50.0,1092.6,54630.0,2025-03-26
2025032604011400,HURJA,25,34,75.0,234.0,17550.0,2025-03-26
2025032604011399,HURJA,41,34,100.0,234.0,23400.0,2025-03-26
2025032603010024,CBBL,4,57,20.0,832.0,16640.0,2025-03-26
2025032603010023,CBBL,51,57,36.0,832.0,29952.0,2025-03-26
2025032604011398,RIDI,38,25,20.0,219.5,4390.0,2025-03-26
2025032605012819,HRL,17,55,30.0,979.3,29379.0,2025-03-26
2025032605012818,HRL,57,55,20.0,979.3,19586.0,2025-03-26
2025032605012817,SAHAS,14,41,719.0,491.9,353676.1,2025-03-26
2025032605012816,SAHAS,14,36,51.0,491.9,25086.9,2025-03-26
2025032605012815,SAHAS,14,32,50.0,491.8,24590.0,2025-03-26
2025032605012814,SAHAS,14,45,10.0,491.6,4916.0,2025-03-26
2025032605012813,SAHAS,14,58,10.0,491.3,4913.0,2025-03-26
2025032605012812,SAHAS,14,41,100.0,491.2,49120.0,2025-03-26
2025032604011397,UPPER,39,32,100.0,200.0,20000.0,2025-03-26
2025032604011396,UPPER,50,32,80.0,200.0,16000.0,2025-03-26
2025032604011395,UPPER,45,32,316.0,200.0,63200.0,2025-03-26
2025032604011394,UPPER,16,32,300.0,200.0,60000.0,2025-03-26
2025032604011393,UPPER,13,32,244.0,200.0,48800.0,2025-03-26
2025032605012811,PHCL,29,32,21.0,578.0,12138.0,2025-03-26
2025032605012810,PHCL,38,32,25.0,578.0,14450.0,2025-03-26
2025032605012809,PHCL,98,32,365.0,578.0,210970.0,2025-03-26
2025032604011392,SPDL,70,89,11.0,320.9,3529.9,2025-03-26
2025032604011391,SPDL,70,42,15.0,320.0,4800.0,2025-03-26
2025032603010022,PFL,45,45,115.0,430.0,49450.0,2025-03-26
2025032603010021,PFL,53,45,10.0,430.0,4300.0,2025-03-26
2025032603010020,PFL,58,45,288.0,430.0,123840.0,2025-03-26
2025032601013899,BNT,57,38,10.0,13094.0,130940.0,2025-03-26
2025032605012808,HRL,57,38,10.0,979.3,9793.0,2025-03-26
2025032603010019,SWMF,77,14,75.0,732.0,54900.0,2025-03-26
2025032603010018,CORBL,71,42,10.0,1767.2,17672.0,2025-03-26
2025032605012807,PHCL,98,6,135.0,578.0,78030.0,2025-03-26
2025032605012806,PHCL,62,6,115.0,578.0,66470.0,2025-03-26
2025032604011390,AHPC,58,58,10.0,251.5,2515.0,2025-03-26
2025032605012805,CLI,58,28,48.0,501.6,24076.8,2025-03-26
2025032604011389,UPPER,5,49,100.0,200.3,20030.0,2025-03-26
2025032603010017,MPFL,17,6,100.0,630.0,63000.0,2025-03-26
2025032603010016,MPFL,17,83,14.0,630.0,8820.0,2025-03-26
2025032603010015,MPFL,17,44,200.0,629.9,125980.0,2025-03-26
2025032603010014,MPFL,17,49,360.0,629.8,226728.0,2025-03-26
2025032603010013,MPFL,17,63,104.0,629.0,65416.0,2025-03-26
2025032603010012,MPFL,17,58,10.0,629.0,6290.0,2025-03-26
2025032601013898,BGWT,49,49,11.0,1008.0,11088.0,2025-03-26
2025032605012804,GCIL,38,35,1000.0,533.3,533300.0,2025-03-26
2025032601013897,NICA,35,59,1000.0,368.8,368800.0,2025-03-26
2025032601013896,NICA,35,41,100.0,368.0,36800.0,2025-03-26
2025032603010011,SHINE,57,34,250.0,410.0,102500.0,2025-03-26
2025032603010010,SJLIC,53,57,770.0,438.3,337491.0,2025-03-26
2025032603010009,SJLIC,32,57,50.0,438.3,21915.0,2025-03-26
2025032603010008,SJLIC,34,57,100.0,438.4,43840.0,2025-03-26
2025032603010007,SJLIC,43,57,80.0,438.5,35080.0,2025-03-26
2025032604011388,HDHPC,3,14,400.0,196.8,78720.0,2025-03-26
2025032604011387,SPIL,22,44,65.0,815.0,52975.0,2025-03-26
2025032605012803,HDL,22,21,20.0,1200.0,24000.0,2025-03-26
2025032601013895,SBL,48,1,200.0,278.0,55600.0,2025-03-26
2025032601013894,SBL,1,1,10.0,278.0,2780.0,2025-03-26
2025032601013893,SBL,28,1,21.0,278.1,5840.1,2025-03-26
2025032601013892,MHCL,45,58,25.0,512.0,12800.0,2025-03-26
2025032605012802,SHIVM,45,68,10.0,527.0,5270.0,2025-03-26
2025032603010006,GRDBL,8,80,40.0,1373.0,54920.0,2025-03-26
2025032603010005,MLBL,61,38,10.0,395.4,3954.0,2025-03-26
2025032601013891,SMHL,42,45,10.0,885.0,8850.0,2025-03-26
2025032601013890,MANDU,41,38,100.0,877.0,87700.0,2025-03-26
2025032601013889,BHPL,26,45,10.0,1034.0,10340.0,2025-03-26
2025032603010004,NMBMF,62,75,90.0,725.0,65250.0,2025-03-26
2025032605012801,HRL,58,43,46.0,980.0,45080.0,2025-03-26
2025032605012800,HRL,58,34,130.0,979.9,127387.0,2025-03-26
2025032605012799,HRL,58,59,10.0,979.8,9798.0,2025-03-26
2025032605012798,HRL,58,70,255.0,979.8,249849.0,2025-03-26
2025032601013888,MKHC,59,58,90.0,520.0,46800.0,2025-03-26
2025032601013887,MKHC,42,58,10.0,520.0,5200.0,2025-03-26
2025032601013886,MEHL,11,58,50.0,533.0,26650.0,2025-03-26
2025032603010003,HLI,33,38,10.0,426.5,4265.0,2025-03-26
2025032605012797,HRL,17,70,20.0,979.8,19596.0,2025-03-26
2025032603010002,SINDU,22,59,35.0,1069.0,37415.0,2025-03-26
2025032603010001,SINDU,56,59,10.0,1069.0,10690.0,2025-03-26
2025032601013885,EBL,76,49,50.0,604.0,30200.0,2025-03-26
2025032605012796,HRL,36,70,25.0,979.8,24495.0,2025-03-26
2025032603010000,ALBSL,25,41,10.0,843.0,8430.0,2025-03-26
2025032604011386,RIDI,25,32,20.0,219.1,4382.0,2025-03-26
2025032601013884,CZBIL,34,32,55.0,208.2,11451.0,2025-03-26
2025032601013883,MBL,34,45,900.0,225.0,202500.0,2025-03-26
2025032601013882,MBL,74,45,100.0,225.0,22500.0,2025-03-26
2025032604011385,IGI,52,45,18.0,569.0,10242.0,2025-03-26
2025032601013881,HEIP,16,6,10.0,369.9,3699.0,2025-03-26
2025032604011384,RURU,40,67,10.0,729.0,7290.0,2025-03-26
2025032604011383,AHPC,45,58,378.0,251.5,95067.0,2025-03-26
2025032601013880,DOLTI,58,43,10.0,682.4,6824.0,2025-03-26
2025032601013879,RFPL,47,11,15.0,696.0,10440.0,2025-03-26
2025032601013878,RFPL,47,21,45.0,695.0,31275.0,2025-03-26
2025032605012795,HATHY,26,21,51.0,1261.0,64311.0,2025-03-26
2025032604011382,HPPL,25,17,2555.0,581.2,1484966.0,2025-03-26
2025032604011381,HPPL,50,17,490.0,581.3,284837.0,2025-03-26
2025032604011380,HPPL,35,17,140.0,585.0,81900.0,2025-03-26
2025032604011379,HPPL,41,17,100.0,585.1,58510.0,2025-03-26
2025032604011378,UPCL,50,35,278.0,283.0,78674.0,2025-03-26
2025032601013877,BHDC,57,35,20.0,576.0,11520.0,2025-03-26
2025032605012794,HRL,57,57,20.0,979.3,19586.0,2025-03-26
2025032604011377,UMHL,57,91,100.0,439.8,43980.0,2025-03-26
2025032601013876,SGHC,28,57,217.0,545.0,118265.0,2025-03-26
2025032601013875,SGHC,81,57,90.0,545.1,49059.0,2025-03-26
2025032601013874,USHL,86,14,50.0,730.0,36500.0,2025-03-26
2025032601013873,TAMOR,14,41,100.0,507.5,50750.0,2025-03-26
2025032603009999,GMFIL,34,45,100.0,500.0,50000.0,2025-03-26
2025032601013872,MEHL,82,58,100.0,533.0,53300.0,2025-03-26
2025032605012793,SONA,65,52,10.0,464.0,4640.0,2025-03-26
2025032603009998,JBBL,28,38,89.0,340.0,30260.0,2025-03-26
2025032603009997,JBBL,58,38,11.0,341.0,3751.0,2025-03-26
2025032601013871,TPC,49,48,626.0,500.0,313000.0,2025-03-26
2025032605012792,SAHAS,48,42,25.0,491.0,12275.0,2025-03-26
2025032604011376,NGPL,39,67,500.0,267.4,133700.0,2025-03-26
2025032601013870,USHEC,39,41,220.0,599.0,131780.0,2025-03-26
2025032601013869,DOLTI,7,43,10.0,682.4,6824.0,2025-03-26
2025032605012791,SAHAS,64,42,15.0,491.0,7365.0,2025-03-26
2025032605012790,CLI,58,13,10.0,500.1,5001.0,2025-03-26
2025032601013868,NABIL,13,45,50.0,481.9,24095.0,2025-03-26
2025032601013867,NABIL,13,32,500.0,481.9,240950.0,2025-03-26
2025032601013866,NABIL,13,52,895.0,481.9,431300.5,2025-03-26
2025032601013865,NABIL,13,54,50.0,481.8,24090.0,2025-03-26
2025032603009996,MPFL,49,58,80.0,629.0,50320.0,2025-03-26
2025032603009995,MPFL,49,35,20.0,629.0,12580.0,2025-03-26
2025032605012789,SMJC,19,49,10.0,584.6,5846.0,2025-03-26
2025032601013864,GMLI,55,85,250.0,2285.0,571250.0,2025-03-26
2025032601013863,HIDCLP,94,85,488.0,173.5,84668.0,2025-03-26
2025032601013862,HIDCLP,45,85,12.0,173.6,2083.2,2025-03-26
2025032604011375,HURJA,29,50,10.0,234.5,2345.0,2025-03-26
2025032603009994,NFS,42,44,119.0,686.0,81634.0,2025-03-26
2025032603009993,PMLI,45,40,50.0,563.0,28150.0,2025-03-26
2025032605012788,SMJC,19,58,10.0,584.6,5846.0,2025-03-26
2025032603009992,SLBBL,7,58,10.0,971.0,9710.0,2025-03-26
2025032605012787,NIFRA,19,41,36.0,262.6,9453.6,2025-03-26
2025032605012786,NIFRA,19,34,64.0,262.2,16780.8,2025-03-26
2025032604011374,TRH,50,19,20.0,1056.0,21120.0,2025-03-26
2025032601013861,PRVU,42,50,500.0,209.0,104500.0,2025-03-26
2025032604011373,AKJCL,54,34,50.0,202.4,10120.0,2025-03-26
2025032603009991,GILB,14,42,10.0,1257.0,12570.0,2025-03-26
2025032604011372,API,94,55,929.0,268.9,249808.1,2025-03-26
2025032603009990,ILBS,6,45,72.0,908.0,65376.0,2025-03-26
2025032603009989,ILBS,66,45,50.0,909.0,45450.0,2025-03-26
2025032603009988,ILBS,55,45,50.0,910.0,45500.0,2025-03-26
2025032603009987,ILBS,35,45,200.0,910.0,182000.0,2025-03-26
2025032603009986,ILBS,11,45,10.0,910.0,9100.0,2025-03-26
2025032603009985,ILBS,21,45,200.0,910.0,182000.0,2025-03-26
2025032603009984,ILBS,70,45,80.0,910.1,72808.0,2025-03-26
2025032603009983,ILBS,35,45,21.0,910.1,19112.1,2025-03-26
2025032603009982,ILBS,38,45,10.0,910.1,9101.0,2025-03-26
2025032603009981,ILBS,7,45,20.0,910.2,18204.0,2025-03-26
2025032603009980,ILBS,49,45,15.0,910.3,13654.5,2025-03-26
2025032603009979,ILBS,42,45,10.0,913.0,9130.0,2025-03-26
2025032603009978,ILBS,48,45,150.0,914.4,137160.0,2025-03-26
2025032603009977,ILBS,45,45,50.0,915.0,45750.0,2025-03-26
2025032603009976,ILBS,56,45,80.0,915.0,73200.0,2025-03-26
2025032603009975,ILBS,42,45,12.0,915.0,10980.0,2025-03-26
2025032603009974,ILBS,45,45,15.0,915.0,13725.0,2025-03-26
2025032603009973,ILBS,57,45,10.0,915.0,9150.0,2025-03-26
2025032603009972,ILBS,22,45,10.0,916.0,9160.0,2025-03-26
2025032603009971,ILBS,51,45,100.0,916.0,91600.0,2025-03-26
2025032603009970,ILBS,34,45,81.0,916.1,74204.1,2025-03-26
2025032603009969,ILBS,45,45,200.0,916.5,183300.0,2025-03-26
2025032603009968,ILBS,11,45,40.0,918.1,36724.0,2025-03-26
2025032603009967,ILBS,42,45,55.0,918.5,50517.5,2025-03-26
2025032603009966,ILBS,17,45,108.0,919.0,99252.0,2025-03-26
2025032603009965,ILBS,6,45,10.0,919.0,9190.0,2025-03-26
2025032603009964,ILBS,70,45,200.0,919.1,183820.0,2025-03-26
2025032603009963,ILBS,74,45,50.0,920.0,46000.0,2025-03-26
2025032605012785,NRM,34,53,35.0,463.0,16205.0,2025-03-26
2025032605012784,SAHAS,51,53,50.0,490.5,24525.0,2025-03-26
2025032604011371,LEC,60,38,10.0,208.5,2085.0,2025-03-26
2025032601013860,DLBS,48,57,10.0,1555.0,15550.0,2025-03-26
2025032603009962,NMFBS,7,6,15.0,1195.0,17925.0,2025-03-26
2025032603009961,NMFBS,3,6,142.0,1195.0,169690.0,2025-03-26
2025032603009960,NMFBS,35,6,25.0,1195.1,29877.5,2025-03-26
2025032603009959,NMFBS,36,6,80.0,1195.2,95616.0,2025-03-26
2025032603009958,NMFBS,52,6,10.0,1195.3,11953.0,2025-03-26
2025032603009957,NMFBS,39,6,13.0,1197.0,15561.0,2025-03-26
2025032601013859,SCB,46,6,50.0,631.0,31550.0,2025-03-26
2025032604011370,UPPER,41,49,60.0,200.3,12018.0,2025-03-26
2025032604011369,UPPER,41,85,40.0,200.3,8012.0,2025-03-26
2025032604011368,UAIL,48,54,50.0,634.2,31710.0,2025-03-26
2025032605012783,NIFRA,83,34,936.0,262.2,245419.2,2025-03-26
2025032605012782,HDL,28,1,131.0,1197.0,156807.0,2025-03-26
2025032605012781,HDL,42,1,10.0,1197.0,11970.0,2025-03-26
2025032605012780,HDL,42,1,10.0,1197.0,11970.0,2025-03-26
2025032605012779,HDL,25,1,42.0,1197.2,50282.4,2025-03-26
2025032605012778,HDL,16,1,40.0,1198.0,47920.0,2025-03-26
2025032605012777,HDL,56,1,17.0,1198.0,20366.0,2025-03-26
2025032605012776,HDL,42,1,30.0,1198.0,35940.0,2025-03-26
2025032605012775,HDL,45,1,10.0,1198.0,11980.0,2025-03-26
2025032605012774,HDL,17,1,10.0,1198.0,11980.0,2025-03-26
2025032605012773,HDL,57,1,10.0,1198.0,11980.0,2025-03-26
2025032605012772,HDL,47,1,210.0,1198.0,251580.0,2025-03-26
2025032605012771,HDL,58,1,11.0,1198.0,13178.0,2025-03-26
2025032605012770,HDL,20,1,278.0,1198.0,333044.0,2025-03-26
2025032605012769,HDL,45,1,400.0,1198.1,479240.0,2025-03-26
2025032605012768,HDL,39,1,125.0,1198.2,149775.0,2025-03-26
2025032605012767,HDL,49,1,20.0,1199.0,23980.0,2025-03-26
2025032605012766,HDL,49,1,55.0,1199.0,65945.0,2025-03-26
2025032605012765,HDL,42,1,20.0,1199.0,23980.0,2025-03-26
2025032605012764,HDL,26,1,71.0,1199.1,85136.1,2025-03-26
2025032601013858,HIDCLP,45,60,500.0,174.0,87000.0,2025-03-26
2025032601013857,HIDCLP,1,60,1100.0,174.0,191400.0,2025-03-26
2025032601013856,ULHC,80,58,20.0,518.0,10360.0,2025-03-26
2025032603009956,RLFL,29,18,130.0,525.0,68250.0,2025-03-26
2025032603009955,RLFL,58,18,10.0,525.0,5250.0,2025-03-26
2025032603009954,RLFL,57,18,50.0,525.0,26250.0,2025-03-26
2025032603009953,RLFL,29,18,110.0,525.0,57750.0,2025-03-26
2025032604011367,DHPL,74,4,100.0,390.0,39000.0,2025-03-26
2025032604011366,DHPL,57,4,1000.0,390.1,390100.0,2025-03-26
2025032604011365,UMHL,22,91,100.0,439.8,43980.0,2025-03-26
2025032604011364,KKHC,53,44,10.0,334.3,3343.0,2025-03-26
2025032605012763,NIFRA,83,52,64.0,262.2,16780.8,2025-03-26
2025032603009952,LBBL,28,59,500.0,418.0,209000.0,2025-03-26
2025032605012762,CHDC,60,40,12.0,2167.0,26004.0,2025-03-26
2025032603009951,NUBL,20,34,30.0,665.0,19950.0,2025-03-26
2025032604011363,SHEL,65,19,500.0,249.1,124550.0,2025-03-26
2025032604011362,UPPER,21,85,10.0,200.3,2003.0,2025-03-26
2025032603009950,RLFL,58,34,20.0,525.7,10514.0,2025-03-26
2025032603009949,JBBL,58,6,29.0,341.0,9889.0,2025-03-26
2025032603009948,HLI,58,46,30.0,426.0,12780.0,2025-03-26
2025032604011361,API,76,55,71.0,268.9,19091.9,2025-03-26
2025032604011360,API,76,42,29.0,268.9,7798.1,2025-03-26
2025032604011359,AHPC,72,19,10.0,251.9,2519.0,2025-03-26
2025032601013855,MEHL,49,58,10.0,533.0,5330.0,2025-03-26
2025032605012761,HDL,49,21,40.0,1200.0,48000.0,2025-03-26
2025032603009947,KMCDB,25,58,108.0,1048.0,113184.0,2025-03-26
2025032603009946,KMCDB,25,50,10.0,1048.0,10480.0,2025-03-26
2025032603009945,KMCDB,25,59,45.0,1048.0,47160.0,2025-03-26
2025032605012760,SMATA,39,55,70.0,812.2,56854.0,2025-03-26
2025032603009944,ALBSL,58,57,50.0,835.0,41750.0,2025-03-26
2025032601013854,SGHC,22,42,180.0,548.0,98640.0,2025-03-26
2025032601013853,SGHC,22,34,10.0,547.5,5475.0,2025-03-26
2025032601013852,KBL,36,34,196.0,203.9,39964.4,2025-03-26
2025032601013851,KBL,36,34,100.0,203.9,20390.0,2025-03-26
2025032601013850,KBL,36,14,500.0,203.7,101850.0,2025-03-26
2025032601013849,KBL,36,58,204.0,203.1,41432.4,2025-03-26
2025032604011358,UPCL,50,63,145.0,283.0,41035.0,2025-03-26
2025032605012759,HIDCL,45,17,260.0,263.0,68380.0,2025-03-26
2025032605012758,HIDCL,41,17,10.0,263.0,2630.0,2025-03-26
2025032605012757,HIDCL,64,17,100.0,263.0,26300.0,2025-03-26
2025032605012756,HIDCL,57,17,130.0,263.0,34190.0,2025-03-26
2025032603009943,SJLIC,58,50,40.0,439.9,17596.0,2025-03-26
2025032601013848,SMHL,65,29,200.0,880.1,176020.0,2025-03-26
2025032604011357,UPPER,13,41,400.0,200.0,80000.0,2025-03-26
2025032603009942,FMDBL,36,4,570.0,749.0,426930.0,2025-03-26
2025032601013847,MCHL,43,32,80.0,557.0,44560.0,2025-03-26
2025032601013846,MCHL,43,57,10.0,556.9,5569.0,2025-03-26
2025032605012755,HRL,57,70,200.0,979.8,195960.0,2025-03-26
2025032603009941,PFL,58,32,55.0,430.0,23650.0,2025-03-26
2025032604011356,HDHPC,3,52,500.0,196.8,98400.0,2025-03-26
2025032604011355,HDHPC,5,52,50.0,196.9,9845.0,2025-03-26
2025032603009940,VLBS,13,42,100.0,831.0,83100.0,2025-03-26
2025032601013845,RFPL,45,45,10.0,690.0,6900.0,2025-03-26
2025032601013844,RFPL,50,45,70.0,690.0,48300.0,2025-03-26
2025032604011354,GLH,48,5,188.0,240.0,45120.0,2025-03-26
2025032604011353,GLH,48,17,592.0,240.0,142080.0,2025-03-26
2025032604011352,GLH,48,59,220.0,240.0,52800.0,2025-03-26
2025032605012754,HRL,18,48,331.0,979.2,324115.2,2025-03-26
2025032605012753,HRL,50,48,169.0,979.3,165501.7,2025-03-26
2025032603009939,BFC,55,38,20.0,548.0,10960.0,2025-03-26
2025032603009938,BFC,51,38,70.0,549.0,38430.0,2025-03-26
2025032603009937,BFC,47,38,80.0,549.0,43920.0,2025-03-26
2025032605012752,HATHY,7,52,100.0,1262.0,126200.0,2025-03-26
2025032605012751,HATHY,7,6,100.0,1262.0,126200.0,2025-03-26
2025032604011351,UMHL,64,91,500.0,439.8,219900.0,2025-03-26
2025032604011350,UNHPL,62,36,100.0,298.0,29800.0,2025-03-26
2025032604011349,GHL,22,19,3000.0,276.0,828000.0,2025-03-26
2025032601013843,ADBL,6,19,70.0,282.0,19740.0,2025-03-26
2025032604011348,UPCL,50,36,77.0,283.0,21791.0,2025-03-26
2025032601013842,MKJC,29,58,10.0,534.9,5349.0,2025-03-26
2025032601013841,ULHC,62,58,10.0,518.0,5180.0,2025-03-26
2025032603009936,SLBSL,86,86,980.0,1989.0,1949220.0,2025-03-26
2025032603009935,SLBSL,86,13,10.0,1989.0,19890.0,2025-03-26
2025032603009934,SLBSL,86,57,10.0,1982.0,19820.0,2025-03-26
2025032603009933,SKBBL,41,48,60.0,785.8,47148.0,2025-03-26
2025032603009932,SADBL,57,13,100.0,402.0,40200.0,2025-03-26
2025032605012750,SAHAS,26,42,100.0,491.0,49100.0,2025-03-26
2025032605012749,SAHAS,22,42,50.0,491.0,24550.0,2025-03-26
2025032603009931,SMB,42,45,10.0,2368.0,23680.0,2025-03-26
2025032603009930,HLI,58,42,160.0,426.0,68160.0,2025-03-26
2025032601013840,PPL,17,45,50.0,518.0,25900.0,2025-03-26
2025032601013839,PPL,35,45,100.0,519.0,51900.0,2025-03-26
2025032605012748,MEL,57,16,480.0,313.0,150240.0,2025-03-26
2025032605012747,MEL,64,16,50.0,313.0,15650.0,2025-03-26
2025032601013838,SRLI,6,50,30.0,414.0,12420.0,2025-03-26
2025032601013837,SRLI,19,50,77.0,414.0,31878.0,2025-03-26
2025032601013836,SRLI,3,50,50.0,414.0,20700.0,2025-03-26
2025032601013835,SRLI,36,50,241.0,414.2,99822.2,2025-03-26
2025032601013834,SRLI,1,50,45.0,414.5,18652.5,2025-03-26
2025032603009929,MFIL,42,80,200.0,600.0,120000.0,2025-03-26
2025032605012746,CHDC,59,50,325.0,2171.0,705575.0,2025-03-26
2025032605012745,CHDC,59,46,175.0,2170.9,379907.5,2025-03-26
2025032601013833,DOLTI,58,43,10.0,682.4,6824.0,2025-03-26
2025032601013832,SNLI,62,58,12.0,641.3,7695.6,2025-03-26
2025032603009928,PFL,58,78,65.0,430.0,27950.0,2025-03-26
2025032604011347,AKJCL,58,34,10.0,202.4,2024.0,2025-03-26
2025032603009927,SINDU,34,25,20.0,1070.0,21400.0,2025-03-26
2025032603009926,SINDU,17,25,50.0,1070.0,53500.0,2025-03-26
2025032603009925,SINDU,45,25,10.0,1070.0,10700.0,2025-03-26
2025032603009924,SINDU,57,25,45.0,1070.0,48150.0,2025-03-26
2025032603009923,SINDU,16,25,100.0,1070.0,107000.0,2025-03-26
2025032603009922,SINDU,49,25,10.0,1070.0,10700.0,2025-03-26
2025032603009921,SINDU,57,25,130.0,1070.1,139113.0,2025-03-26
2025032603009920,NFS,34,57,10.0,685.1,6851.0,2025-03-26
2025032604011346,GHL,22,16,20.0,276.9,5538.0,2025-03-26
2025032605012744,HRL,32,43,173.0,980.0,169540.0,2025-03-26
2025032605012743,HRL,32,1,20.0,980.0,19600.0,2025-03-26
2025032605012742,HRL,32,49,10.0,980.0,9800.0,2025-03-26
2025032605012741,HRL,32,1,2000.0,980.0,1960000.0,2025-03-26
2025032605012740,HRL,32,28,10.0,980.0,9800.0,2025-03-26
2025032605012739,HRL,32,17,41.0,980.0,40180.0,2025-03-26
2025032605012738,HRL,32,45,70.0,980.0,68600.0,2025-03-26
2025032605012737,HRL,32,43,10.0,980.0,9800.0,2025-03-26
2025032605012736,HRL,32,45,50.0,980.0,49000.0,2025-03-26
2025032605012735,HRL,32,3,100.0,980.0,98000.0,2025-03-26
2025032605012734,HRL,32,42,20.0,980.0,19600.0,2025-03-26
2025032605012733,HRL,32,45,20.0,980.0,19600.0,2025-03-26
2025032605012732,HRL,32,52,150.0,980.0,147000.0,2025-03-26
2025032605012731,HRL,32,62,97.0,980.0,95060.0,2025-03-26
2025032605012730,HRL,32,38,175.0,980.0,171500.0,2025-03-26
2025032605012729,HRL,32,41,10.0,980.0,9800.0,2025-03-26
2025032605012728,HRL,32,19,70.0,980.0,68600.0,2025-03-26
2025032605012727,HRL,32,34,10.0,980.0,9800.0,2025-03-26
2025032605012726,HRL,32,26,20.0,980.0,19600.0,2025-03-26
2025032605012725,HRL,32,13,255.0,980.0,249900.0,2025-03-26
2025032605012724,HRL,32,47,10.0,980.0,9800.0,2025-03-26
2025032605012723,HRL,32,54,10.0,980.0,9800.0,2025-03-26
2025032605012722,HRL,32,6,70.0,980.0,68600.0,2025-03-26
2025032605012721,HRL,32,1,100.0,979.9,97990.0,2025-03-26
2025032605012720,HRL,32,7,10.0,979.9,9799.0,2025-03-26
2025032605012719,HRL,32,21,1000.0,979.9,979900.0,2025-03-26
2025032605012718,HRL,32,4,403.0,979.9,394899.7,2025-03-26
2025032605012717,HRL,32,41,86.0,979.8,84262.8,2025-03-26
2025032603009919,SKBBL,19,32,30.0,784.8,23544.0,2025-03-26
2025032603009918,SKBBL,49,32,40.0,785.3,31412.0,2025-03-26
2025032605012716,NRIC,34,25,62.0,1280.1,79366.2,2025-03-26
2025032601013831,GBIME,34,16,76.0,217.0,16492.0,2025-03-26
2025032601013830,GBIME,34,26,24.0,217.0,5208.0,2025-03-26
2025032605012715,NRIC,34,50,18.0,1280.0,23040.0,2025-03-26
2025032605012714,NRIC,34,38,20.0,1280.0,25600.0,2025-03-26
2025032605012713,GCIL,38,60,20.0,533.3,10666.0,2025-03-26
2025032601013829,HIDCLP,35,44,500.0,174.1,87050.0,2025-03-26
2025032601013828,HBL,56,42,10.0,234.0,2340.0,2025-03-26
2025032601013827,MEHL,40,58,100.0,533.0,53300.0,2025-03-26
2025032604011345,SICL,48,41,100.0,780.0,78000.0,2025-03-26
2025032603009917,NLICL,21,54,100.0,626.0,62600.0,2025-03-26
2025032603009916,NLICL,76,54,344.0,626.0,215344.0,2025-03-26
2025032601013826,CYCL,4,45,50.0,1605.0,80250.0,2025-03-26
2025032601013825,CYCL,4,65,10.0,1605.0,16050.0,2025-03-26
2025032603009915,CBBL,51,34,14.0,832.0,11648.0,2025-03-26
2025032605012712,SMJC,52,51,44.0,589.9,25955.6,2025-03-26
2025032605012711,SMJC,52,42,31.0,588.0,18228.0,2025-03-26
2025032605012710,SMJC,52,65,80.0,588.0,47040.0,2025-03-26
2025032605012709,SMJC,52,21,10.0,587.0,5870.0,2025-03-26
2025032605012708,SMJC,52,57,25.0,587.0,14675.0,2025-03-26
2025032605012707,ILI,44,48,2.0,448.0,896.0,2025-03-26
2025032604011344,UPPER,13,45,40.0,200.0,8000.0,2025-03-26
2025032601013824,NIMB,7,54,800.0,209.7,167760.0,2025-03-26
2025032601013823,NIMB,7,57,300.0,209.7,62910.0,2025-03-26
2025032601013822,NIMB,7,35,2535.0,209.7,531589.5,2025-03-26
2025032603009914,SINDU,57,45,270.0,1070.1,288927.0,2025-03-26
2025032603009913,SINDU,62,45,100.0,1070.2,107020.0,2025-03-26
2025032601013821,MEHL,7,58,100.0,533.0,53300.0,2025-03-26
2025032604011343,SHPC,52,45,265.0,459.0,121635.0,2025-03-26
2025032604011342,SHPC,41,45,10.0,459.1,4591.0,2025-03-26
2025032605012706,GCIL,38,29,200.0,533.3,106660.0,2025-03-26
2025032603009912,LICN,5,57,20.0,1006.0,20120.0,2025-03-26
2025032603009911,LICN,21,57,30.0,1007.0,30210.0,2025-03-26
2025032605012705,STC,22,60,10.0,5195.0,51950.0,2025-03-26
2025032605012704,HRL,50,22,31.0,979.3,30358.3,2025-03-26
2025032605012703,GCIL,38,38,104.0,533.3,55463.2,2025-03-26
2025032605012702,GCIL,38,29,10.0,533.2,5332.0,2025-03-26
2025032605012701,GCIL,38,29,10.0,533.1,5331.0,2025-03-26
2025032605012700,GCIL,38,39,150.0,533.0,79950.0,2025-03-26
2025032605012699,GCIL,38,14,11.0,533.0,5863.0,2025-03-26
2025032605012698,GCIL,38,5,100.0,533.0,53300.0,2025-03-26
2025032605012697,GCIL,38,32,20.0,533.0,10660.0,2025-03-26
2025032605012696,GCIL,38,33,34.0,533.0,18122.0,2025-03-26
2025032605012695,GCIL,38,14,500.0,533.0,266500.0,2025-03-26
2025032605012694,GCIL,38,42,30.0,533.0,15990.0,2025-03-26
2025032604011341,CGH,53,38,10.0,862.0,8620.0,2025-03-26
2025032603009910,JBBL,6,6,50.0,341.0,17050.0,2025-03-26
2025032604011340,GHL,5,16,10.0,276.9,2769.0,2025-03-26
2025032601013820,RHGCL,58,45,50.0,525.0,26250.0,2025-03-26
2025032605012693,HDL,26,45,25.0,1199.1,29977.5,2025-03-26
2025032605012692,HDL,58,45,10.0,1199.3,11993.0,2025-03-26
2025032603009909,MDB,49,65,560.0,616.0,344960.0,2025-03-26
2025032603009908,MDB,37,65,250.0,616.0,154000.0,2025-03-26
2025032603009907,MDB,42,65,10.0,617.0,6170.0,2025-03-26
2025032603009906,KMCDB,97,59,14.0,1036.1,14505.4,2025-03-26
2025032601013819,NMB,76,43,104.0,248.0,25792.0,2025-03-26
2025032605012691,HATHY,7,91,150.0,1260.0,189000.0,2025-03-26
2025032603009905,SFCL,44,55,85.0,526.2,44727.0,2025-03-26
2025032603009904,SFCL,38,55,15.0,526.3,7894.5,2025-03-26
2025032604011339,GHL,3,22,500.0,276.1,138050.0,2025-03-26
2025032604011338,GHL,3,22,1180.0,276.1,325798.0,2025-03-26
2025032604011337,GHL,19,22,1700.0,276.2,469540.0,2025-03-26
2025032604011336,GHL,56,22,500.0,276.2,138100.0,2025-03-26
2025032603009903,MERO,42,43,65.0,735.0,47775.0,2025-03-26
2025032603009902,MERO,42,19,11.0,734.9,8083.9,2025-03-26
2025032603009901,MERO,42,55,24.0,734.9,17637.6,2025-03-26
2025032605012690,SHIVM,51,38,140.0,525.1,73514.0,2025-03-26
2025032605012689,SHIVM,94,38,155.0,525.1,81390.5,2025-03-26
2025032605012688,SHIVM,34,38,13.0,526.0,6838.0,2025-03-26
2025032605012687,SHIVM,58,38,42.0,526.0,22092.0,2025-03-26
2025032605012686,HDL,58,21,10.0,1200.0,12000.0,2025-03-26
2025032603009900,SINDU,62,37,100.0,1070.2,107020.0,2025-03-26
2025032603009899,PFL,22,78,50.0,430.0,21500.0,2025-03-26
2025032604011335,HEI,34,47,40.0,600.0,24000.0,2025-03-26
2025032601013818,MKHC,48,47,62.0,521.0,32302.0,2025-03-26
2025032601013817,MKHC,48,36,38.0,521.0,19798.0,2025-03-26
2025032601013816,MKJC,42,34,35.0,535.0,18725.0,2025-03-26
2025032605012685,CLI,58,45,10.0,500.1,5001.0,2025-03-26
2025032601013815,GMLI,55,45,10.0,2285.0,22850.0,2025-03-26
2025032601013814,BHL,46,57,80.0,332.0,26560.0,2025-03-26
2025032601013813,MHCL,58,58,10.0,512.0,5120.0,2025-03-26
2025032604011334,RIDI,29,54,10.0,219.6,2196.0,2025-03-26
2025032604011333,RIDI,29,16,10.0,219.5,2195.0,2025-03-26
2025032604011332,SGIC,35,5,400.0,582.0,232800.0,2025-03-26
2025032604011331,SGIC,35,58,20.0,582.0,11640.0,2025-03-26
2025032604011330,SGIC,35,22,10.0,582.0,5820.0,2025-03-26
2025032604011329,SGIC,35,34,20.0,582.0,11640.0,2025-03-26
2025032604011328,SGIC,35,29,50.0,581.8,29090.0,2025-03-26
2025032604011327,SGIC,35,45,300.0,581.7,174510.0,2025-03-26
2025032601013812,HHL,77,7,50.0,498.0,24900.0,2025-03-26
2025032601013811,HHL,77,42,50.0,498.0,24900.0,2025-03-26
2025032601013810,HHL,77,58,100.0,498.0,49800.0,2025-03-26
2025032604011326,CGH,53,42,45.0,862.0,38790.0,2025-03-26
2025032601013809,SBL,50,1,25.0,278.7,6967.5,2025-03-26
2025032601013808,NBL,38,81,10.0,248.0,2480.0,2025-03-26
2025032604011325,JOSHI,25,21,125.0,350.0,43750.0,2025-03-26
2025032604011324,JOSHI,58,21,69.0,350.0,24150.0,2025-03-26
2025032604011323,JOSHI,97,21,500.0,350.1,175050.0,2025-03-26
2025032604011322,JOSHI,11,21,50.0,350.1,17505.0,2025-03-26
2025032601013807,EBL,62,17,30.0,604.5,18135.0,2025-03-26
2025032601013806,EBL,62,17,50.0,604.0,30200.0,2025-03-26
2025032601013805,EBL,62,45,20.0,604.0,12080.0,2025-03-26
2025032603009898,SLBBL,62,29,10.0,987.0,9870.0,2025-03-26
2025032601013804,DOLTI,58,43,10.0,682.4,6824.0,2025-03-26
2025032604011321,NGPL,91,4,260.0,267.5,69550.0,2025-03-26
2025032601013803,SARBTM,25,91,120.0,782.0,93840.0,2025-03-26
2025032601013802,SARBTM,59,91,100.0,782.0,78200.0,2025-03-26
2025032601013801,SARBTM,51,91,200.0,782.1,156420.0,2025-03-26
2025032601013800,SARBTM,53,91,150.0,782.2,117330.0,2025-03-26
2025032601013799,SARBTM,46,91,44.0,784.0,34496.0,2025-03-26
2025032601013798,SARBTM,58,91,12.0,784.0,9408.0,2025-03-26
2025032601013797,SARBTM,65,91,37.0,784.0,29008.0,2025-03-26
2025032604011320,API,22,25,200.0,268.8,53760.0,2025-03-26
2025032601013796,NWCL,16,60,360.0,940.0,338400.0,2025-03-26
2025032601013795,NWCL,36,60,10.0,940.0,9400.0,2025-03-26
2025032601013794,NWCL,65,60,10.0,941.0,9410.0,2025-03-26
2025032601013793,NWCL,51,60,10.0,941.0,9410.0,2025-03-26
2025032601013792,NWCL,57,60,10.0,941.1,9411.0,2025-03-26
2025032603009897,MLBSL,34,37,10.0,2220.0,22200.0,2025-03-26
2025032603009896,JBBL,42,6,50.0,341.0,17050.0,2025-03-26
2025032603009895,MDB,42,92,10.0,617.0,6170.0,2025-03-26
2025032601013791,HBL,42,56,980.0,233.0,228340.0,2025-03-26
2025032601013790,HBL,42,19,64.0,232.9,14905.6,2025-03-26
2025032601013789,HBL,42,58,200.0,232.8,46560.0,2025-03-26
2025032601013788,HBL,42,81,890.0,232.8,207192.0,2025-03-26
2025032604011319,NHPC,6,49,67.0,207.8,13922.6,2025-03-26
2025032604011318,NHPC,6,58,433.0,207.7,89934.1,2025-03-26
2025032601013787,TVCL,86,11,80.0,510.1,40808.0,2025-03-26
2025032601013786,TVCL,46,11,20.0,511.0,10220.0,2025-03-26
2025032601013785,MANDU,41,77,20.0,877.0,17540.0,2025-03-26
2025032603009894,HLI,58,41,100.0,426.0,42600.0,2025-03-26
2025032604011317,SHEL,65,41,370.0,249.1,92167.0,2025-03-26
2025032604011316,SHEL,51,41,420.0,249.1,104622.0,2025-03-26
2025032604011315,SHEL,14,41,200.0,249.2,49840.0,2025-03-26
2025032605012684,HIDCL,57,14,100.0,263.0,26300.0,2025-03-26
2025032605012683,NRN,48,60,50.0,1414.0,70700.0,2025-03-26
2025032605012682,NRN,1,60,129.0,1414.0,182406.0,2025-03-26
2025032605012681,NRN,49,60,100.0,1414.1,141410.0,2025-03-26
2025032601013784,CITY,34,44,20.0,845.0,16900.0,2025-03-26
2025032605012680,NRIC,75,25,240.0,1280.1,307224.0,2025-03-26
2025032605012679,NRIC,75,83,60.0,1280.0,76800.0,2025-03-26
2025032604011314,MEN,52,41,14.0,576.0,8064.0,2025-03-26
2025032605012678,SHIVM,58,26,50.0,526.0,26300.0,2025-03-26
2025032604011313,GHL,5,16,10.0,276.9,2769.0,2025-03-26
2025032603009893,GUFL,55,38,150.0,579.0,86850.0,2025-03-26
2025032603009892,HLI,33,41,10.0,426.9,4269.0,2025-03-26
2025032601013783,ULHC,45,21,80.0,510.0,40800.0,2025-03-26
2025032605012677,HRL,18,49,100.0,979.2,97920.0,2025-03-26
2025032603009891,CORBL,71,35,36.0,1767.2,63619.2,2025-03-26
2025032603009890,CORBL,22,35,14.0,1767.3,24742.2,2025-03-26
2025032604011312,API,58,42,500.0,268.9,134450.0,2025-03-26
2025032603009889,SINDU,62,57,99.0,1070.2,105949.8,2025-03-26
2025032603009888,SINDU,62,57,100.0,1070.2,107020.0,2025-03-26
2025032603009887,SINDU,42,57,27.0,1070.2,28895.4,2025-03-26
2025032603009886,SINDU,62,57,190.0,1070.2,203338.0,2025-03-26
2025032603009885,SINDU,51,57,14.0,1070.2,14982.8,2025-03-26
2025032603009884,SINDU,58,57,70.0,1070.3,74921.0,2025-03-26
2025032604011311,UMHL,62,32,1000.0,438.4,438400.0,2025-03-26
2025032601013782,EHPL,80,34,10.0,690.0,6900.0,2025-03-26
2025032604011310,SHEL,14,48,50.0,249.2,12460.0,2025-03-26
2025032601013781,USHEC,39,4,80.0,599.8,47984.0,2025-03-26
2025032601013780,USHEC,39,50,50.0,599.0,29950.0,2025-03-26
2025032601013779,USHEC,39,58,10.0,599.0,5990.0,2025-03-26
2025032601013778,USHEC,39,38,260.0,597.0,155220.0,2025-03-26
2025032603009883,MLBL,21,63,253.0,396.0,100188.0,2025-03-26
2025032605012676,CHDC,29,46,25.0,2170.9,54272.5,2025-03-26
2025032605012675,CHDC,29,33,25.0,2170.0,54250.0,2025-03-26
2025032605012674,CHDC,29,57,50.0,2170.0,108500.0,2025-03-26
2025032605012673,NRM,34,32,150.0,463.0,69450.0,2025-03-26
2025032601013777,SPC,39,21,470.0,518.0,243460.0,2025-03-26
2025032605012672,NRIC,40,83,90.0,1280.0,115200.0,2025-03-26
2025032603009882,GFCL,45,48,10.0,663.0,6630.0,2025-03-26
2025032603009881,GFCL,45,74,100.0,662.9,66290.0,2025-03-26
2025032603009880,GFCL,45,45,70.0,662.8,46396.0,2025-03-26
2025032603009879,BFC,47,50,200.0,549.0,109800.0,2025-03-26
2025032605012671,GCIL,19,59,44.0,532.9,23447.6,2025-03-26
2025032605012670,GCIL,39,59,36.0,532.9,19184.4,2025-03-26
2025032603009878,NABBC,69,62,200.0,1662.0,332400.0,2025-03-26
2025032603009877,NABBC,33,62,50.0,1662.4,83120.0,2025-03-26
2025032603009876,NABBC,69,62,40.0,1664.0,66560.0,2025-03-26
2025032601013776,ULHC,62,58,20.0,518.0,10360.0,2025-03-26
2025032601013775,ULHC,62,92,50.0,517.9,25895.0,2025-03-26
2025032603009875,GRDBL,71,29,42.0,1372.0,57624.0,2025-03-26
2025032603009874,GRDBL,58,29,13.0,1372.0,17836.0,2025-03-26
2025032601013774,MSHL,58,58,50.0,879.1,43955.0,2025-03-26
2025032603009873,NFS,34,58,100.0,685.1,68510.0,2025-03-26
2025032605012669,NRIC,40,43,20.0,1280.0,25600.0,2025-03-26
2025032603009872,PMLI,45,77,10.0,563.0,5630.0,2025-03-26
2025032604011309,SJCL,58,32,49.0,318.0,15582.0,2025-03-26
2025032604011308,SPDL,84,34,10.0,319.0,3190.0,2025-03-26
2025032603009871,HLI,58,26,200.0,426.0,85200.0,2025-03-26
2025032601013773,NYADI,32,92,10.0,570.0,5700.0,2025-03-26
2025032603009870,SINDU,49,33,19.0,1070.9,20347.1,2025-03-26
2025032601013772,ULHC,45,55,10.0,510.0,5100.0,2025-03-26
2025032601013771,SCB,55,6,11.0,631.0,6941.0,2025-03-26
2025032603009869,MFIL,42,1,55.0,600.0,33000.0,2025-03-26
2025032601013770,ULHC,45,92,10.0,510.0,5100.0,2025-03-26
2025032603009868,SINDU,58,42,30.0,1070.3,32109.0,2025-03-26
2025032605012668,SAHAS,51,58,100.0,491.0,49100.0,2025-03-26
2025032605012667,SAHAS,51,22,440.0,491.0,216040.0,2025-03-26
2025032601013769,ULBSL,16,38,32.0,3380.0,108160.0,2025-03-26
2025032601013768,ULBSL,55,38,10.0,3390.0,33900.0,2025-03-26
2025032601013767,ULBSL,62,38,10.0,3390.0,33900.0,2025-03-26
2025032601013766,ULBSL,62,38,10.0,3392.0,33920.0,2025-03-26
2025032601013765,ULBSL,62,38,10.0,3393.0,33930.0,2025-03-26
2025032601013764,ULBSL,35,38,18.0,3395.0,61110.0,2025-03-26
2025032604011307,API,76,42,200.0,268.9,53780.0,2025-03-26
2025032601013763,MKCL,39,35,20.0,1565.0,31300.0,2025-03-26
2025032604011306,PMHPL,57,52,300.0,287.8,86340.0,2025-03-26
2025032604011305,UMHL,64,91,250.0,439.8,109950.0,2025-03-26
2025032605012666,SONA,65,6,50.0,464.0,23200.0,2025-03-26
2025032603009867,FMDBL,36,38,50.0,749.0,37450.0,2025-03-26
2025032603009866,HLI,58,33,20.0,426.0,8520.0,2025-03-26
2025032601013762,TAMOR,80,62,70.0,507.1,35497.0,2025-03-26
2025032601013761,TAMOR,80,62,200.0,507.1,101420.0,2025-03-26
2025032601013760,TAMOR,8,62,100.0,507.2,50720.0,2025-03-26
2025032601013759,TAMOR,36,62,30.0,507.5,15225.0,2025-03-26
2025032604011304,OHL,85,17,170.0,871.0,148070.0,2025-03-26
2025032603009865,PMLI,45,41,107.0,563.0,60241.0,2025-03-26
2025032603009864,RLFL,32,45,100.0,525.8,52580.0,2025-03-26
2025032605012665,VLUCL,67,17,100.0,663.0,66300.0,2025-03-26
2025032605012664,VLUCL,67,54,10.0,662.9,6629.0,2025-03-26
2025032601013758,ULBSL,62,1,10.0,3395.0,33950.0,2025-03-26
2025032603009863,VLBS,42,44,200.0,843.0,168600.0,2025-03-26
2025032603009862,MERO,42,55,19.0,734.9,13963.1,2025-03-26
2025032603009861,MERO,42,7,11.0,733.0,8063.0,2025-03-26
2025032604011303,API,45,16,20.0,268.8,5376.0,2025-03-26
2025032605012663,SBCF,4,45,800.0,8.81,7048.0,2025-03-26
2025032605012662,SBCF,17,45,200.0,8.81,1762.0,2025-03-26
2025032604011302,DHPL,40,89,235.0,391.0,91885.0,2025-03-26
2025032601013757,MKHC,62,36,90.0,521.0,46890.0,2025-03-26
2025032601013756,NYADI,32,91,350.0,570.0,199500.0,2025-03-26
2025032605012661,HRL,91,4,50.0,979.9,48995.0,2025-03-26
2025032605012660,HIDCL,41,49,200.0,263.1,52620.0,2025-03-26
2025032605012659,HIDCL,1,49,102.0,263.1,26836.2,2025-03-26
2025032601013755,KBL,22,58,97.0,203.0,19691.0,2025-03-26
2025032601013754,DOLTI,58,88,150.0,682.0,102300.0,2025-03-26
2025032601013753,DOLTI,58,6,100.0,682.0,68200.0,2025-03-26
2025032601013752,DOLTI,58,43,10.0,682.0,6820.0,2025-03-26
2025032601013751,DOLTI,58,43,59.0,682.0,40238.0,2025-03-26
2025032604011301,KKHC,49,28,280.0,333.5,93380.0,2025-03-26
2025032604011300,KKHC,34,28,200.0,333.6,66720.0,2025-03-26
2025032604011299,KKHC,36,28,150.0,333.6,50040.0,2025-03-26
2025032603009860,JFL,48,7,500.0,508.0,254000.0,2025-03-26
2025032601013750,SNLI,62,38,12.0,641.3,7695.6,2025-03-26
2025032601013749,RHGCL,58,70,175.0,525.0,91875.0,2025-03-26
2025032601013748,RHGCL,58,70,25.0,525.0,13125.0,2025-03-26
2025032603009859,NLICL,34,34,10.0,630.0,6300.0,2025-03-26
2025032605012658,NRIC,40,58,67.0,1280.0,85760.0,2025-03-26
2025032605012657,SHIVM,58,42,50.0,526.0,26300.0,2025-03-26
2025032605012656,HATHY,7,57,35.0,1260.0,44100.0,2025-03-26
2025032604011298,RIDI,26,59,150.0,219.0,32850.0,2025-03-26
2025032604011297,RIDI,35,59,50.0,219.0,10950.0,2025-03-26
2025032605012655,SONA,41,42,50.0,465.0,23250.0,2025-03-26
2025032601013747,SNLI,62,55,10.0,641.3,6413.0,2025-03-26
2025032601013746,MHCL,58,58,120.0,512.0,61440.0,2025-03-26
2025032604011296,CHL,6,28,600.0,515.0,309000.0,2025-03-26
2025032604011295,DHPL,42,89,165.0,391.0,64515.0,2025-03-26
2025032603009858,CORBL,22,35,26.0,1767.3,45949.8,2025-03-26
2025032603009857,CORBL,48,35,20.0,1768.0,35360.0,2025-03-26
2025032603009856,CORBL,42,35,10.0,1768.0,17680.0,2025-03-26
2025032603009855,CORBL,44,35,80.0,1770.0,141600.0,2025-03-26
2025032603009854,CORBL,48,35,10.0,1770.1,17701.0,2025-03-26
2025032603009853,CORBL,42,35,10.0,1773.0,17730.0,2025-03-26
2025032603009852,CORBL,42,35,84.0,1774.0,149016.0,2025-03-26
2025032603009851,CORBL,38,35,10.0,1775.0,17750.0,2025-03-26
2025032604011294,UMHL,62,81,1560.0,438.4,683904.0,2025-03-26
2025032604011293,UMHL,39,81,10000.0,438.5,4385000.0,2025-03-26
2025032604011292,UMHL,34,81,790.0,438.6,346494.0,2025-03-26
2025032604011291,UMHL,57,81,150.0,438.7,65805.0,2025-03-26
2025032605012654,NRN,1,14,11.0,1414.0,15554.0,2025-03-26
2025032601013745,MEHL,20,58,20.0,533.0,10660.0,2025-03-26
2025032601013744,MEHL,20,35,60.0,533.0,31980.0,2025-03-26
2025032601013743,MEHL,20,45,10.0,529.0,5290.0,2025-03-26
2025032601013742,MEHL,20,6,10.0,525.0,5250.0,2025-03-26
2025032605012653,NRN,99,60,400.0,1415.0,566000.0,2025-03-26
2025032603009850,GRDBL,58,38,10.0,1372.0,13720.0,2025-03-26
2025032601013741,NMB,76,43,100.0,248.0,24800.0,2025-03-26
2025032601013740,KDL,58,62,20.0,1092.5,21850.0,2025-03-26
2025032601013739,KDL,49,62,100.0,1093.1,109310.0,2025-03-26
2025032603009849,NICLBSL,49,49,60.0,645.0,38700.0,2025-03-26
2025032601013738,UHEWA,45,55,25.0,753.0,18825.0,2025-03-26
2025032601013737,UHEWA,45,55,10.0,753.0,7530.0,2025-03-26
2025032601013736,NBL,38,14,58.0,247.4,14349.2,2025-03-26
2025032601013735,NBL,58,14,20.0,247.8,4956.0,2025-03-26
2025032601013734,NBL,75,14,12.0,247.8,2973.6,2025-03-26
2025032604011290,BARUN,57,42,16.0,507.9,8126.4,2025-03-26
2025032604011289,BARUN,57,32,50.0,507.9,25395.0,2025-03-26
2025032604011288,BARUN,57,6,40.0,507.8,20312.0,2025-03-26
2025032604011287,BARUN,57,43,40.0,507.8,20312.0,2025-03-26
2025032604011286,BARUN,57,29,34.0,507.8,17265.2,2025-03-26
2025032604011285,BARUN,57,44,150.0,507.7,76155.0,2025-03-26
2025032604011284,BARUN,57,57,170.0,507.6,86292.0,2025-03-26
2025032603009848,SAPDBL,44,44,50.0,1100.0,55000.0,2025-03-26
2025032605012652,NIFRA,51,39,443.0,262.1,116110.3,2025-03-26
2025032604011283,MHNL,41,56,450.0,263.0,118350.0,2025-03-26
2025032601013733,MKCL,39,16,10.0,1565.0,15650.0,2025-03-26
2025032605012651,HDL,26,6,38.0,1199.1,45565.8,2025-03-26
2025032605012650,HATHY,38,57,10.0,1260.0,12600.0,2025-03-26
2025032604011282,DHPL,42,59,88.0,391.0,34408.0,2025-03-26
2025032604011281,DHPL,55,59,412.0,391.0,161092.0,2025-03-26
2025032605012649,HRL,49,4,47.0,979.9,46055.3,2025-03-26
2025032605012648,HRL,49,52,20.0,979.9,19598.0,2025-03-26
2025032605012647,HRL,49,62,33.0,979.9,32336.7,2025-03-26
2025032604011280,GHL,3,22,20.0,276.1,5522.0,2025-03-26
2025032601013732,CZBIL,34,57,102.0,208.2,21236.4,2025-03-26
2025032601013731,CZBIL,6,57,258.0,208.2,53715.6,2025-03-26
2025032601013730,CZBIL,41,57,10.0,208.5,2085.0,2025-03-26
2025032604011279,GHL,53,16,300.0,276.9,83070.0,2025-03-26
2025032603009847,SADBL,39,20,150.0,401.0,60150.0,2025-03-26
2025032605012646,SAHAS,78,22,60.0,491.0,29460.0,2025-03-26
2025032605012645,SAHAS,78,58,20.0,491.0,9820.0,2025-03-26
2025032601013729,MANDU,16,5,45.0,875.1,39379.5,2025-03-26
2025032604011278,AHPC,45,58,122.0,251.5,30683.0,2025-03-26
2025032604011277,NIL,42,58,159.0,748.0,118932.0,2025-03-26
2025032604011276,NIL,47,58,25.0,748.0,18700.0,2025-03-26
2025032604011275,NIL,51,58,101.0,748.1,75558.1,2025-03-26
2025032604011274,NIL,45,58,20.0,748.2,14964.0,2025-03-26
2025032604011273,NIL,41,58,10.0,749.0,7490.0,2025-03-26
2025032604011272,NIL,41,58,10.0,749.1,7491.0,2025-03-26
2025032604011271,NIL,42,58,25.0,749.1,18727.5,2025-03-26
2025032601013728,CITY,50,44,10.0,845.0,8450.0,2025-03-26
2025032601013727,CITY,50,44,50.0,841.0,42050.0,2025-03-26
2025032605012644,CLI,59,43,37.0,500.0,18500.0,2025-03-26
2025032601013726,KBL,22,48,100.0,203.0,20300.0,2025-03-26
2025032601013725,KBL,22,59,286.0,203.0,58058.0,2025-03-26
2025032605012643,NIFRA,51,55,400.0,262.1,104840.0,2025-03-26
2025032603009846,SFCL,16,32,150.0,526.3,78945.0,2025-03-26
2025032604011270,DHPL,55,52,353.0,391.0,138023.0,2025-03-26
2025032601013724,BNT,45,34,10.0,13050.0,130500.0,2025-03-26
2025032605012642,ILI,65,51,93.0,457.1,42510.3,2025-03-26
2025032601013723,GSY,42,25,400.0,9.0,3600.0,2025-03-26
2025032601013722,TAMOR,63,41,25.0,508.0,12700.0,2025-03-26
2025032604011269,SHPC,58,48,152.0,460.0,69920.0,2025-03-26
2025032604011268,SHPC,58,77,48.0,460.0,22080.0,2025-03-26
2025032603009845,JBBL,58,6,71.0,341.0,24211.0,2025-03-26
2025032603009844,JBBL,58,34,79.0,341.0,26939.0,2025-03-26
2025032603009843,JBBL,58,34,100.0,341.0,34100.0,2025-03-26
2025032603009842,JBBL,58,34,100.0,341.0,34100.0,2025-03-26
2025032603009841,JBBL,58,53,30.0,341.0,10230.0,2025-03-26
2025032603009840,JBBL,58,57,50.0,341.0,17050.0,2025-03-26
2025032603009839,JBBL,58,16,16.0,341.0,5456.0,2025-03-26
2025032605012641,HRL,17,45,11.0,979.0,10769.0,2025-03-26
2025032605012640,NRIC,40,59,53.0,1280.0,67840.0,2025-03-26
2025032603009838,SMB,45,33,29.0,2358.0,68382.0,2025-03-26
2025032603009837,SMB,53,33,10.0,2359.0,23590.0,2025-03-26
2025032603009836,PMLI,45,49,500.0,563.0,281500.0,2025-03-26
2025032603009835,SKBBL,32,32,25.0,785.9,19647.5,2025-03-26
2025032603009834,NLIC,14,16,30.0,767.0,23010.0,2025-03-26
2025032603009833,NLIC,42,16,10.0,767.0,7670.0,2025-03-26
2025032605012639,ILI,65,42,12.0,457.1,5485.2,2025-03-26
2025032605012638,VLUCL,45,37,100.0,662.0,66200.0,2025-03-26
2025032604011267,NHDL,1,44,460.0,794.0,365240.0,2025-03-26
2025032604011266,NHDL,1,29,85.0,794.0,67490.0,2025-03-26
2025032604011265,NHDL,1,49,455.0,780.0,354900.0,2025-03-26
2025032605012637,HRL,17,28,10.0,979.0,9790.0,2025-03-26
2025032605012636,HRL,45,28,10.0,979.1,9791.0,2025-03-26
2025032605012635,HRL,62,28,180.0,979.1,176238.0,2025-03-26
2025032603009832,MFIL,42,47,90.0,600.0,54000.0,2025-03-26
2025032603009831,MFIL,43,47,100.0,600.5,60050.0,2025-03-26
2025032603009830,MFIL,42,47,10.0,601.0,6010.0,2025-03-26
2025032601013721,SRLI,1,58,15.0,414.5,6217.5,2025-03-26
2025032604011264,GHL,3,50,200.0,276.1,55220.0,2025-03-26
2025032603009829,MFIL,33,69,20.0,601.2,12024.0,2025-03-26
2025032604011263,UMHL,57,54,50.0,438.7,21935.0,2025-03-26
2025032603009828,NABBC,69,49,200.0,1664.0,332800.0,2025-03-26
2025032603009827,NABBC,45,49,20.0,1664.0,33280.0,2025-03-26
2025032603009826,NABBC,69,49,260.0,1665.0,432900.0,2025-03-26
2025032603009825,NABBC,69,49,100.0,1666.0,166600.0,2025-03-26
2025032603009824,NABBC,26,49,20.0,1670.0,33400.0,2025-03-26
2025032603009823,RLFL,29,57,200.0,525.0,105000.0,2025-03-26
2025032603009822,NICLBSL,58,32,28.0,643.5,18018.0,2025-03-26
2025032605012634,SAHAS,22,58,10.0,491.0,4910.0,2025-03-26
2025032604011262,NGPL,16,14,100.0,267.6,26760.0,2025-03-26
2025032601013720,SANIMA,65,42,500.0,299.2,149600.0,2025-03-26
2025032601013719,MANDU,42,45,50.0,875.1,43755.0,2025-03-26
2025032605012633,SHIVM,21,68,200.0,527.0,105400.0,2025-03-26
2025032604011261,SSHL,19,50,265.0,228.0,60420.0,2025-03-26
2025032604011260,SSHL,26,50,200.0,228.1,45620.0,2025-03-26
2025032604011259,SSHL,57,50,95.0,228.1,21669.5,2025-03-26
2025032601013718,LSL,43,43,10.0,217.0,2170.0,2025-03-26
2025032604011258,SHL,21,52,100.0,482.0,48200.0,2025-03-26
2025032604011257,SHL,14,52,100.0,482.1,48210.0,2025-03-26
2025032605012632,RNLI,36,96,699.0,537.5,375712.5,2025-03-26
2025032605012631,RNLI,36,16,300.0,536.0,160800.0,2025-03-26
2025032605012630,RNLI,36,74,490.0,536.0,262640.0,2025-03-26
2025032605012629,RNLI,36,36,200.0,535.9,107180.0,2025-03-26
2025032605012628,RNLI,36,45,250.0,535.8,133950.0,2025-03-26
2025032605012627,RNLI,36,58,11.0,535.5,5890.5,2025-03-26
2025032605012626,RNLI,36,21,50.0,535.0,26750.0,2025-03-26
2025032603009821,HLBSL,42,44,165.0,950.1,156766.5,2025-03-26
2025032603009820,GLBSL,1,34,10.0,2748.0,27480.0,2025-03-26
2025032601013717,EHPL,80,34,10.0,690.0,6900.0,2025-03-26
2025032603009819,MDB,37,16,50.0,616.0,30800.0,2025-03-26
2025032604011256,UPCL,49,65,101.0,282.0,28482.0,2025-03-26
2025032604011255,UPCL,56,65,1000.0,282.0,282000.0,2025-03-26
2025032604011254,UPCL,46,65,53.0,282.0,14946.0,2025-03-26
2025032604011253,UPCL,64,65,2000.0,282.1,564200.0,2025-03-26
2025032604011252,UPCL,45,65,46.0,282.1,12976.6,2025-03-26
2025032604011251,UPCL,22,65,500.0,282.2,141100.0,2025-03-26
2025032604011250,UPCL,55,65,1000.0,282.2,282200.0,2025-03-26
2025032604011249,UPCL,52,65,200.0,282.2,56440.0,2025-03-26
2025032604011248,UPCL,62,65,100.0,282.3,28230.0,2025-03-26
2025032601013716,TPC,58,48,100.0,503.0,50300.0,2025-03-26
2025032603009818,SJLIC,76,50,51.0,439.9,22434.9,2025-03-26
2025032604011247,NHDL,66,49,10.0,780.0,7800.0,2025-03-26
2025032603009817,SJLIC,29,50,365.0,439.9,160563.5,2025-03-26
2025032603009816,SJLIC,29,52,185.0,439.9,81381.5,2025-03-26
2025032603009815,SJLIC,29,52,100.0,439.8,43980.0,2025-03-26
2025032604011246,UMRH,49,3,10.0,607.0,6070.0,2025-03-26
2025032601013715,RFPL,47,75,500.0,690.0,345000.0,2025-03-26
2025032601013714,GMLI,35,44,220.0,2286.0,502920.0,2025-03-26
2025032603009814,HLI,58,34,10.0,426.0,4260.0,2025-03-26
2025032601013713,NMB,29,46,30.0,247.5,7425.0,2025-03-26
2025032601013712,NMB,57,46,70.0,247.5,17325.0,2025-03-26
2025032601013711,GMLI,96,22,10.0,2300.0,23000.0,2025-03-26
2025032601013710,GMLI,96,49,10.0,2300.0,23000.0,2025-03-26
2025032601013709,GMLI,96,49,10.0,2300.0,23000.0,2025-03-26
2025032601013708,GMLI,96,58,10.0,2300.0,23000.0,2025-03-26
2025032601013707,GMLI,96,42,10.0,2300.0,23000.0,2025-03-26
2025032601013706,GMLI,96,34,10.0,2300.0,23000.0,2025-03-26
2025032601013705,GMLI,96,19,10.0,2300.0,23000.0,2025-03-26
2025032601013704,GMLI,96,57,10.0,2300.0,23000.0,2025-03-26
2025032601013703,GMLI,96,55,10.0,2300.0,23000.0,2025-03-26
2025032601013702,GMLI,96,19,10.0,2300.0,23000.0,2025-03-26
2025032601013701,GMLI,96,58,10.0,2300.0,23000.0,2025-03-26
2025032601013700,GMLI,96,48,10.0,2300.0,23000.0,2025-03-26
2025032601013699,GMLI,96,45,100.0,2299.9,229990.0,2025-03-26
2025032601013698,GMLI,96,35,10.0,2299.8,22998.0,2025-03-26
2025032601013697,GMLI,96,19,45.0,2299.0,103455.0,2025-03-26
2025032601013696,GMLI,96,35,10.0,2298.0,22980.0,2025-03-26
2025032601013695,GMLI,96,74,10.0,2290.0,22900.0,2025-03-26
2025032603009813,NMBMF,62,67,10.0,725.0,7250.0,2025-03-26
2025032604011245,UMHL,64,53,1000.0,439.8,439800.0,2025-03-26
2025032605012625,HATHY,34,57,10.0,1260.0,12600.0,2025-03-26
2025032605012624,PHCL,62,16,10.0,578.0,5780.0,2025-03-26
2025032601013694,USHEC,42,38,140.0,597.0,83580.0,2025-03-26
2025032601013693,USHEC,42,26,50.0,596.0,29800.0,2025-03-26
2025032601013692,NICA,42,1,15.0,367.0,5505.0,2025-03-26
2025032603009812,GUFL,33,38,10.0,579.1,5791.0,2025-03-26
2025032601013691,PPL,17,11,12.0,518.0,6216.0,2025-03-26
2025032601013690,MCHL,11,32,20.0,557.0,11140.0,2025-03-26
2025032604011244,NIL,35,42,20.0,750.0,15000.0,2025-03-26
2025032605012623,HATHY,49,57,145.0,1260.0,182700.0,2025-03-26
2025032605012622,HATHY,49,42,150.0,1260.0,189000.0,2025-03-26
2025032605012621,HATHY,49,14,388.0,1257.0,487716.0,2025-03-26
2025032605012620,HATHY,49,54,10.0,1255.0,12550.0,2025-03-26
2025032605012619,HATHY,49,22,100.0,1255.0,125500.0,2025-03-26
2025032605012618,HATHY,49,42,54.0,1255.0,67770.0,2025-03-26
2025032605012617,HATHY,49,41,153.0,1255.0,192015.0,2025-03-26
2025032601013689,MKCL,42,41,10.0,1569.9,15699.0,2025-03-26
2025032601013688,MKCL,42,88,30.0,1567.0,47010.0,2025-03-26
2025032603009811,MERO,42,7,83.0,733.0,60839.0,2025-03-26
2025032603009810,MERO,42,39,155.0,733.0,113615.0,2025-03-26
2025032603009809,MERO,42,57,200.0,730.0,146000.0,2025-03-26
2025032603009808,MERO,42,5,168.0,725.0,121800.0,2025-03-26
2025032603009807,MERO,42,43,63.0,725.0,45675.0,2025-03-26
2025032603009806,MERO,42,58,38.0,724.0,27512.0,2025-03-26
2025032603009805,MERO,42,57,15.0,724.0,10860.0,2025-03-26
2025032603009804,MERO,42,33,10.0,723.9,7239.0,2025-03-26
2025032603009803,MERO,42,42,20.0,723.8,14476.0,2025-03-26
2025032603009802,MERO,42,43,20.0,723.7,14474.0,2025-03-26
2025032603009801,MERO,42,49,24.0,720.0,17280.0,2025-03-26
2025032603009800,MERO,42,45,20.0,720.0,14400.0,2025-03-26
2025032603009799,MERO,42,34,15.0,720.0,10800.0,2025-03-26
2025032603009798,MERO,42,58,50.0,720.0,36000.0,2025-03-26
2025032603009797,MERO,42,1,631.0,720.0,454320.0,2025-03-26
2025032603009796,MERO,42,45,210.0,719.9,151179.0,2025-03-26
2025032603009795,MERO,42,99,200.0,719.0,143800.0,2025-03-26
2025032603009794,MERO,42,49,67.0,718.9,48166.3,2025-03-26
2025032603009793,MERO,42,1,11.0,715.0,7865.0,2025-03-26
2025032603009792,HLI,58,13,100.0,426.0,42600.0,2025-03-26
2025032603009791,HLI,58,58,100.0,426.0,42600.0,2025-03-26
2025032601013687,MSHL,33,58,100.0,879.1,87910.0,2025-03-26
2025032601013686,NICA,37,1,50.0,367.0,18350.0,2025-03-26
2025032603009790,SINDU,51,37,80.0,1070.2,85616.0,2025-03-26
2025032603009789,SINDU,6,37,20.0,1070.2,21404.0,2025-03-26
2025032601013685,KBL,14,59,14.0,203.0,2842.0,2025-03-26
2025032601013684,KBL,14,62,186.0,203.0,37758.0,2025-03-26
2025032605012616,HRL,62,49,450.0,979.1,440595.0,2025-03-26
2025032603009788,JBBL,28,34,115.0,340.0,39100.0,2025-03-26
2025032603009787,JBBL,28,58,30.0,340.0,10200.0,2025-03-26
2025032603009786,JBBL,28,13,100.0,340.0,34000.0,2025-03-26
2025032603009785,JBBL,28,10,1000.0,340.0,340000.0,2025-03-26
2025032603009784,JBBL,28,1,100.0,339.7,33970.0,2025-03-26
2025032603009783,JBBL,28,8,100.0,339.0,33900.0,2025-03-26
2025032603009782,JBBL,28,80,100.0,339.0,33900.0,2025-03-26
2025032603009781,JBBL,28,14,200.0,339.0,67800.0,2025-03-26
2025032603009780,JBBL,28,63,337.0,339.0,114243.0,2025-03-26
2025032603009779,JBBL,42,63,100.0,339.0,33900.0,2025-03-26
2025032605012615,PHCL,65,49,20.0,578.5,11570.0,2025-03-26
2025032603009778,BFC,47,49,20.0,549.0,10980.0,2025-03-26
2025032605012614,HATHY,45,42,4.0,1235.0,4940.0,2025-03-26
2025032605012613,MEL,64,35,10.0,313.0,3130.0,2025-03-26
2025032601013683,SPC,41,21,200.0,518.0,103600.0,2025-03-26
2025032605012612,HRL,62,53,100.0,979.1,97910.0,2025-03-26
2025032603009777,MATRI,32,45,11.0,1184.0,13024.0,2025-03-26
2025032603009776,GRDBL,41,80,100.0,1373.0,137300.0,2025-03-26
2025032604011243,DHPL,55,89,25.0,391.0,9775.0,2025-03-26
2025032604011242,DHPL,70,89,475.0,391.0,185725.0,2025-03-26
2025032604011241,HDHPC,5,55,10.0,196.9,1969.0,2025-03-26
2025032604011240,NGPL,91,14,50.0,267.2,13360.0,2025-03-26
2025032605012611,NIFRA,51,52,54.0,262.1,14153.4,2025-03-26
2025032603009775,JBBL,26,63,100.0,339.0,33900.0,2025-03-26
2025032603009774,SADBL,39,16,20.0,401.0,8020.0,2025-03-26
2025032603009773,PROFL,57,51,400.0,530.7,212280.0,2025-03-26
2025032603009772,PROFL,90,51,100.0,531.0,53100.0,2025-03-26
2025032604011239,HDHPC,6,55,10.0,197.0,1970.0,2025-03-26
2025032601013682,MEHL,33,6,55.0,525.0,28875.0,2025-03-26
2025032601013681,MEHL,67,6,160.0,525.0,84000.0,2025-03-26
2025032601013680,MEHL,63,6,50.0,526.0,26300.0,2025-03-26
2025032603009771,VLBS,42,53,62.0,844.0,52328.0,2025-03-26
2025032603009770,VLBS,42,6,300.0,843.0,252900.0,2025-03-26
2025032603009769,VLBS,42,57,20.0,843.0,16860.0,2025-03-26
2025032603009768,VLBS,42,57,77.0,840.0,64680.0,2025-03-26
2025032603009767,MLBL,37,38,17.0,395.3,6720.1,2025-03-26
2025032603009766,MLBL,58,38,33.0,396.0,13068.0,2025-03-26
2025032605012610,SFMF,19,42,10000.0,10.3,103000.0,2025-03-26
2025032603009765,CBBL,1,50,13.0,832.0,10816.0,2025-03-26
2025032603009764,CBBL,41,50,10.0,832.0,8320.0,2025-03-26
2025032603009763,CBBL,52,50,30.0,832.1,24963.0,2025-03-26
2025032603009762,MLBL,58,34,17.0,396.0,6732.0,2025-03-26
2025032605012609,HRL,87,62,67.0,979.9,65653.3,2025-03-26
2025032605012608,HRL,87,51,33.0,979.9,32336.7,2025-03-26
2025032601013679,RFPL,47,57,200.0,690.0,138000.0,2025-03-26
2025032601013678,RFPL,1,57,300.0,690.2,207060.0,2025-03-26
2025032603009761,NABBC,26,42,10.0,1670.0,16700.0,2025-03-26
2025032604011238,PPCL,42,55,10.0,309.0,3090.0,2025-03-26
2025032601013677,CITY,50,13,30.0,840.0,25200.0,2025-03-26
2025032601013676,CITY,50,42,15.0,840.0,12600.0,2025-03-26
2025032601013675,CITY,50,44,50.0,840.0,42000.0,2025-03-26
2025032601013674,CITY,50,52,10.0,840.0,8400.0,2025-03-26
2025032601013673,CITY,50,50,20.0,840.0,16800.0,2025-03-26
2025032601013672,CITY,50,39,280.0,840.0,235200.0,2025-03-26
2025032601013671,CITY,50,56,20.0,839.9,16798.0,2025-03-26
2025032601013670,TPC,58,48,300.0,503.0,150900.0,2025-03-26
2025032604011237,CGH,94,42,100.0,862.0,86200.0,2025-03-26
2025032605012607,CLI,73,43,10.0,501.0,5010.0,2025-03-26
2025032605012606,CLI,34,43,110.0,501.0,55110.0,2025-03-26
2025032603009760,MSLB,7,7,10.0,1250.0,12500.0,2025-03-26
2025032603009759,ICFC,3,17,376.0,598.0,224848.0,2025-03-26
2025032603009758,ICFC,57,17,15.0,598.0,8970.0,2025-03-26
2025032603009757,ICFC,5,17,869.0,598.0,519662.0,2025-03-26
2025032603009756,ICFC,50,17,80.0,598.1,47848.0,2025-03-26
2025032603009755,ICFC,33,17,10.0,598.2,5982.0,2025-03-26
2025032603009754,ICFC,45,17,100.0,599.0,59900.0,2025-03-26
2025032603009753,ICFC,22,17,50.0,599.1,29955.0,2025-03-26
2025032601013669,TVCL,86,17,25.0,512.4,12810.0,2025-03-26
2025032601013668,UHEWA,17,55,70.0,753.1,52717.0,2025-03-26
2025032601013667,AVYAN,45,52,90.0,1000.1,90009.0,2025-03-26
2025032601013666,AVYAN,7,52,20.0,1000.2,20004.0,2025-03-26
2025032601013665,KDL,64,34,100.0,1093.0,109300.0,2025-03-26
2025032601013664,SNLI,6,57,16.0,643.0,10288.0,2025-03-26
2025032604011236,UMHL,34,65,10.0,438.6,4386.0,2025-03-26
2025032603009752,MLBL,38,34,13.0,396.0,5148.0,2025-03-26
2025032601013663,MKHC,46,36,52.0,521.0,27092.0,2025-03-26
2025032605012605,MBJC,51,75,1504.0,316.4,475865.6,2025-03-26
2025032605012604,MBJC,6,75,90.0,316.7,28503.0,2025-03-26
2025032605012603,MBJC,25,75,56.0,316.8,17740.8,2025-03-26
2025032605012602,MBJC,67,75,150.0,317.0,47550.0,2025-03-26
2025032604011235,SGIC,28,32,10.0,580.5,5805.0,2025-03-26
2025032603009751,NLICL,76,48,156.0,626.0,97656.0,2025-03-26
2025032603009750,NLICL,49,48,60.0,626.0,37560.0,2025-03-26
2025032604011234,RHPL,58,5,330.0,379.0,125070.0,2025-03-26
2025032605012601,CIT,34,22,10.0,1954.9,19549.0,2025-03-26
2025032601013662,SGHC,26,42,50.0,548.0,27400.0,2025-03-26
2025032604011233,API,76,16,80.0,268.8,21504.0,2025-03-26
2025032603009749,SFCL,16,41,482.0,526.3,253676.6,2025-03-26
2025032604011232,GHL,5,22,10.0,277.0,2770.0,2025-03-26
2025032601013661,PRVU,17,39,35.0,209.9,7346.5,2025-03-26
2025032604011231,PRIN,42,45,100.0,919.0,91900.0,2025-03-26
2025032604011230,PRIN,42,45,200.0,919.0,183800.0,2025-03-26
2025032604011229,JOSHI,29,57,10.0,352.0,3520.0,2025-03-26
2025032601013660,MSHL,8,41,10.0,890.0,8900.0,2025-03-26
2025032603009748,SFCL,16,26,30.0,526.3,15789.0,2025-03-26
2025032603009747,GILB,41,50,40.0,1250.0,50000.0,2025-03-26
2025032603009746,GILB,49,50,180.0,1250.0,225000.0,2025-03-26
2025032601013659,NIMB,44,81,33.0,209.2,6903.6,2025-03-26
2025032605012600,CLI,73,41,69.0,501.5,34603.5,2025-03-26
2025032601013658,NYADI,87,8,78.0,573.0,44694.0,2025-03-26
2025032605012599,NRM,58,53,60.0,463.0,27780.0,2025-03-26
2025032601013657,SMH,40,47,10.0,935.0,9350.0,2025-03-26
2025032605012598,SMJC,45,57,15.0,587.0,8805.0,2025-03-26
2025032605012597,SMJC,45,58,10.0,586.8,5868.0,2025-03-26
2025032605012596,NRIC,40,49,270.0,1280.0,345600.0,2025-03-26
2025032605012595,NRIC,42,49,380.0,1280.0,486400.0,2025-03-26
2025032605012594,NRIC,58,49,200.0,1280.1,256020.0,2025-03-26
2025032605012593,NRIC,49,49,150.0,1280.1,192015.0,2025-03-26
2025032601013656,GMLI,92,19,480.0,2299.0,1103520.0,2025-03-26
2025032601013655,GMLI,92,58,10.0,2299.0,22990.0,2025-03-26
2025032601013654,GMLI,92,47,200.0,2299.0,459800.0,2025-03-26
2025032601013653,GMLI,92,21,10.0,2299.0,22990.0,2025-03-26
2025032601013652,GMLI,92,6,50.0,2299.0,114950.0,2025-03-26
2025032601013651,GMLI,92,1,50.0,2298.0,114900.0,2025-03-26
2025032603009745,SFCL,16,34,20.0,526.3,10526.0,2025-03-26
2025032601013650,BEDC,47,56,90.0,782.0,70380.0,2025-03-26
2025032601013649,BEDC,47,42,310.0,780.0,241800.0,2025-03-26
2025032601013648,BEDC,47,42,400.0,780.0,312000.0,2025-03-26
2025032601013647,BEDC,47,44,200.0,780.0,156000.0,2025-03-26
2025032601013646,BEDC,47,29,500.0,780.0,390000.0,2025-03-26
2025032603009744,NFS,42,38,44.0,684.0,30096.0,2025-03-26
2025032605012592,HATHY,38,47,38.0,1254.0,47652.0,2025-03-26
2025032603009743,PFL,49,78,15.0,430.0,6450.0,2025-03-26
2025032605012591,MMF1,36,42,100.0,8.33,833.0,2025-03-26
2025032605012590,HIDCL,1,62,4000.0,263.1,1052400.0,2025-03-26
2025032601013645,NIMB,44,35,50.0,209.2,10460.0,2025-03-26
2025032605012589,HRL,41,51,300.0,979.9,293970.0,2025-03-26
2025032604011228,RBCL,67,17,18.0,14540.0,261720.0,2025-03-26
2025032605012588,HRL,17,57,60.0,979.0,58740.0,2025-03-26
2025032601013644,GMLI,55,84,395.0,2285.0,902575.0,2025-03-26
2025032601013643,GMLI,70,84,40.0,2285.1,91404.0,2025-03-26
2025032604011227,SHEL,57,48,217.0,249.4,54119.8,2025-03-26
2025032603009742,PROFL,51,51,26.0,532.0,13832.0,2025-03-26
2025032605012587,SMJC,19,6,10.0,584.6,5846.0,2025-03-26
2025032601013642,NMB,76,43,66.0,248.0,16368.0,2025-03-26
2025032601013641,NMB,76,58,24.0,247.9,5949.6,2025-03-26
2025032605012586,HRL,17,38,20.0,979.0,19580.0,2025-03-26
2025032604011226,GHL,3,45,1000.0,276.1,276100.0,2025-03-26
2025032603009741,SKBBL,13,56,6.0,785.0,4710.0,2025-03-26
2025032603009740,SKBBL,13,57,37.0,785.0,29045.0,2025-03-26
2025032604011225,MEN,52,45,11.0,576.0,6336.0,2025-03-26
2025032604011224,NIL,39,48,10.0,751.9,7519.0,2025-03-26
2025032601013640,MKJC,26,34,100.0,535.0,53500.0,2025-03-26
2025032601013639,SGHC,26,29,250.0,548.0,137000.0,2025-03-26
2025032603009739,SKBBL,13,11,17.0,785.0,13345.0,2025-03-26
2025032605012585,MEL,64,58,10.0,313.0,3130.0,2025-03-26
2025032603009738,LBBL,43,75,60.0,417.3,25038.0,2025-03-26
2025032604011223,AKJCL,55,41,165.0,202.3,33379.5,2025-03-26
2025032604011222,AKJCL,55,58,423.0,202.3,85572.9,2025-03-26
2025032604011221,AKJCL,55,49,131.0,202.3,26501.3,2025-03-26
2025032601013638,SNLI,62,55,10.0,641.3,6413.0,2025-03-26
2025032601013637,SRLI,1,48,11.0,414.5,4559.5,2025-03-26
2025032604011220,DHPL,70,47,25.0,391.0,9775.0,2025-03-26
2025032605012584,HATHY,45,47,55.0,1254.0,68970.0,2025-03-26
2025032601013636,SRLI,1,49,47.0,414.5,19481.5,2025-03-26
2025032601013635,SRLI,55,49,25.0,414.7,10367.5,2025-03-26
2025032605012583,ILI,13,44,12.0,457.0,5484.0,2025-03-26
2025032605012582,GCIL,7,42,10.0,533.0,5330.0,2025-03-26
2025032603009737,MFIL,42,1,100.0,601.0,60100.0,2025-03-26
2025032603009736,MFIL,42,57,90.0,601.0,54090.0,2025-03-26
2025032603009735,MFIL,42,45,100.0,600.9,60090.0,2025-03-26
2025032604011219,HURJA,11,38,475.0,234.0,111150.0,2025-03-26
2025032604011218,HURJA,11,42,200.0,234.0,46800.0,2025-03-26
2025032604011217,HURJA,11,41,20.0,234.0,4680.0,2025-03-26
2025032605012581,SONA,48,58,10.0,463.4,4634.0,2025-03-26
2025032604011216,UMRH,49,53,30.0,607.0,18210.0,2025-03-26
2025032604011215,UMRH,41,53,70.0,607.1,42497.0,2025-03-26
2025032603009734,LBBL,57,35,69.0,418.0,28842.0,2025-03-26
2025032604011214,UPPER,13,25,316.0,200.0,63200.0,2025-03-26
2025032601013634,CZBIL,19,51,16.0,209.0,3344.0,2025-03-26
2025032601013633,CZBIL,19,22,144.0,209.0,30096.0,2025-03-26
2025032604011213,AHPC,45,42,450.0,251.5,113175.0,2025-03-26
2025032604011212,AHPC,45,10,50.0,251.3,12565.0,2025-03-26
2025032605012580,NTC,58,52,4.0,896.0,3584.0,2025-03-26
2025032605012579,NTC,58,34,11.0,896.0,9856.0,2025-03-26
2025032603009733,GMFIL,68,44,10.0,500.0,5000.0,2025-03-26
2025032603009732,GRDBL,71,40,14.0,1375.9,19262.6,2025-03-26
2025032604011211,HDHPC,29,55,200.0,197.0,39400.0,2025-03-26
2025032604011210,HDHPC,58,55,10.0,197.0,1970.0,2025-03-26
2025032604011209,HDHPC,29,55,100.0,197.0,19700.0,2025-03-26
2025032604011208,HDHPC,58,55,702.0,197.0,138294.0,2025-03-26
2025032604011207,AKJCL,52,7,152.0,201.1,30567.2,2025-03-26
2025032604011206,AKJCL,13,7,200.0,201.1,40220.0,2025-03-26
2025032604011205,AKJCL,58,7,1000.0,201.2,201200.0,2025-03-26
2025032604011204,AKJCL,54,7,200.0,201.3,40260.0,2025-03-26
2025032604011203,AKJCL,56,7,20.0,202.0,4040.0,2025-03-26
2025032604011202,JOSHI,58,44,1.0,350.2,350.2,2025-03-26
2025032604011201,JOSHI,43,44,180.0,350.2,63036.0,2025-03-26
2025032601013632,LSL,22,75,10.0,216.3,2163.0,2025-03-26
2025032603009731,SJLIC,76,52,50.0,439.9,21995.0,2025-03-26
2025032603009730,SWMF,34,14,10.0,732.0,7320.0,2025-03-26
2025032605012578,SHIVM,41,13,10.0,526.1,5261.0,2025-03-26
2025032605012577,SHIVM,48,13,19.0,526.3,9999.7,2025-03-26
2025032604011200,AHPC,22,88,200.0,251.0,50200.0,2025-03-26
2025032601013631,MEHL,21,6,100.0,529.0,52900.0,2025-03-26
2025032604011199,BARUN,58,62,1000.0,506.1,506100.0,2025-03-26
2025032603009729,WNLB,3,1,37.0,2920.0,108040.0,2025-03-26
2025032601013630,NICA,14,1,35.0,367.0,12845.0,2025-03-26
2025032601013629,NICA,14,22,65.0,367.0,23855.0,2025-03-26
2025032605012576,HRL,49,51,17.0,979.9,16658.3,2025-03-26
2025032605012575,HRL,49,45,531.0,979.9,520326.9,2025-03-26
2025032605012574,HRL,49,49,252.0,979.0,246708.0,2025-03-26
2025032605012573,HRL,60,49,198.0,979.0,193842.0,2025-03-26
2025032604011198,GHL,45,22,506.0,277.0,140162.0,2025-03-26
2025032604011197,GHL,45,41,200.0,277.0,55400.0,2025-03-26
2025032604011196,GHL,45,16,500.0,277.0,138500.0,2025-03-26
2025032604011195,GHL,45,38,50.0,277.0,13850.0,2025-03-26
2025032604011194,GHL,45,19,206.0,277.0,57062.0,2025-03-26
2025032604011193,GHL,45,60,673.0,276.9,186353.7,2025-03-26
2025032603009728,PMLI,45,21,10.0,563.0,5630.0,2025-03-26
2025032601013628,GMLI,92,6,30.0,2299.0,68970.0,2025-03-26
2025032601013627,GMLI,92,58,60.0,2298.0,137880.0,2025-03-26
2025032601013626,GMLI,92,7,10.0,2297.9,22979.0,2025-03-26
2025032601013625,PRVU,93,39,10.0,209.9,2099.0,2025-03-26
2025032604011192,LEC,35,39,52.0,208.0,10816.0,2025-03-26
2025032604011191,UNHPL,26,21,33.0,299.9,9896.7,2025-03-26
2025032604011190,UNHPL,26,35,80.0,299.8,23984.0,2025-03-26
2025032604011189,UNHPL,26,21,1000.0,299.7,299700.0,2025-03-26
2025032604011188,UNHPL,26,48,387.0,298.0,115326.0,2025-03-26
2025032604011187,UNHPL,26,48,164.0,298.0,48872.0,2025-03-26
2025032603009727,PROFL,34,62,200.0,531.0,106200.0,2025-03-26
2025032601013624,MKHC,59,45,100.0,520.0,52000.0,2025-03-26
2025032604011186,PMHPL,45,26,10.0,287.9,2879.0,2025-03-26
2025032604011185,NHDL,58,49,50.0,780.0,39000.0,2025-03-26
2025032601013623,KBL,5,14,254.0,202.8,51511.2,2025-03-26
2025032605012572,SONA,22,58,10.0,466.0,4660.0,2025-03-26
2025032605012571,MBJC,67,20,50.0,317.0,15850.0,2025-03-26
2025032601013622,MKCL,39,6,10.0,1565.0,15650.0,2025-03-26
2025032601013621,ADBL,6,19,90.0,282.0,25380.0,2025-03-26
2025032601013620,ADBL,58,19,10.0,282.1,2821.0,2025-03-26
2025032604011184,RHPL,58,45,10.0,379.0,3790.0,2025-03-26
2025032603009726,PMLI,45,58,10.0,563.0,5630.0,2025-03-26
2025032603009725,PMLI,45,80,90.0,563.0,50670.0,2025-03-26
2025032603009724,PMLI,45,58,12.0,563.0,6756.0,2025-03-26
2025032603009723,PMLI,45,38,104.0,563.0,58552.0,2025-03-26
2025032603009722,PMLI,45,45,12.0,562.5,6750.0,2025-03-26
2025032603009721,SADBL,41,16,100.0,401.0,40100.0,2025-03-26
2025032604011183,GHL,25,60,500.0,276.9,138450.0,2025-03-26
2025032603009720,RLFL,29,58,100.0,525.0,52500.0,2025-03-26
2025032605012570,NRIC,49,65,150.0,1280.1,192015.0,2025-03-26
2025032601013619,SANIMA,58,42,585.0,300.0,175500.0,2025-03-26
2025032604011182,JOSHI,11,29,50.0,350.1,17505.0,2025-03-26
2025032605012569,HRL,60,25,142.0,979.0,139018.0,2025-03-26
2025032603009719,BFC,57,49,100.0,549.0,54900.0,2025-03-26
2025032603009718,PMLI,45,49,12.0,561.0,6732.0,2025-03-26
2025032605012568,HRL,60,17,50.0,979.0,48950.0,2025-03-26
2025032601013618,MEHL,67,75,340.0,525.0,178500.0,2025-03-26
2025032601013617,MEHL,46,75,10.0,526.2,5262.0,2025-03-26
2025032601013616,MEHL,19,75,50.0,527.0,26350.0,2025-03-26
2025032601013615,MEHL,46,75,10.0,527.1,5271.0,2025-03-26
2025032601013614,MEHL,21,75,20.0,528.0,10560.0,2025-03-26
2025032601013613,CYCL,25,57,10.0,1606.0,16060.0,2025-03-26
