transaction,symbol,buyer,seller,quantity,rate,amount,date
2024062003016739,SFCL,45,59,50.0,434.5,21725.0,2024-06-20
2024062004010277,NGPL,45,17,10.0,310.0,3100.0,2024-06-20
2024062004010276,UMRH,40,91,10.0,404.1,4041.0,2024-06-20
2024062001020861,MAKAR,3,16,100.0,402.0,40200.0,2024-06-20
2024062001020860,MAKAR,45,16,200.0,402.1,80420.0,2024-06-20
2024062003016738,SMFBS,36,84,29.0,1332.0,38628.0,2024-06-20
2024062003016737,SMFBS,42,84,17.0,1333.0,22661.0,2024-06-20
2024062003016736,SMFBS,41,84,130.0,1340.0,174200.0,2024-06-20
2024062003016735,SMFBS,42,84,14.0,1340.3,18764.2,2024-06-20
2024062003016734,SMFBS,43,84,10.0,1345.1,13451.0,2024-06-20
2024062003016733,PFL,22,33,150.0,619.8,92970.0,2024-06-20
2024062003016732,SWMF,65,4,10.0,882.9,8829.0,2024-06-20
2024062003016731,SWMF,65,58,50.0,878.0,43900.0,2024-06-20
2024062003016730,SWMF,65,14,50.0,877.0,43850.0,2024-06-20
2024062003016729,SWMF,65,38,10.0,877.0,8770.0,2024-06-20
2024062003016728,SWMF,65,25,20.0,877.0,17540.0,2024-06-20
2024062001020859,SNLI,45,59,294.0,464.0,136416.0,2024-06-20
2024062001020858,SNLI,45,59,166.0,464.0,77024.0,2024-06-20
2024062001020857,SNLI,45,59,450.0,464.1,208845.0,2024-06-20
2024062001020856,SNLI,45,59,90.0,464.3,41787.0,2024-06-20
2024062003016727,SIFC,13,42,50.0,443.5,22175.0,2024-06-20
2024062001020855,MANDU,65,13,75.0,1004.0,75300.0,2024-06-20
2024062003016726,ILBS,77,14,10.0,1199.9,11999.0,2024-06-20
2024062004010275,KPCL,67,36,80.0,460.0,36800.0,2024-06-20
2024062004010274,KPCL,67,42,400.0,458.0,183200.0,2024-06-20
2024062004010273,KPCL,67,42,220.0,457.0,100540.0,2024-06-20
2024062004010272,KPCL,67,50,300.0,456.0,136800.0,2024-06-20
2024062003016725,GILB,39,28,10.0,1520.0,15200.0,2024-06-20
2024062003016724,GILB,69,28,20.0,1520.0,30400.0,2024-06-20
2024062003016723,GILB,69,91,16.0,1520.0,24320.0,2024-06-20
2024062004010271,SHPC,67,37,107.0,320.4,34282.8,2024-06-20
2024062004010270,SHPC,41,37,50.0,320.5,16025.0,2024-06-20
2024062004010269,SHPC,25,37,10.0,320.5,3205.0,2024-06-20
2024062004010268,SHPC,41,37,100.0,321.0,32100.0,2024-06-20
2024062001020854,AVYAN,92,57,60.0,900.0,54000.0,2024-06-20
2024062003016722,GILB,88,17,15.0,1519.8,22797.0,2024-06-20
2024062001020853,MANDU,26,45,40.0,1010.0,40400.0,2024-06-20
2024062003016721,WNLB,52,39,10.0,1545.0,15450.0,2024-06-20
2024062003016720,EDBL,52,21,10.0,375.9,3759.0,2024-06-20
2024062001020852,NWCL,52,88,40.0,859.9,34396.0,2024-06-20
2024062001020851,NWCL,52,58,10.0,852.9,8529.0,2024-06-20
2024062001020850,NWCL,52,52,30.0,852.0,25560.0,2024-06-20
2024062001020849,NWCL,52,57,20.0,850.0,17000.0,2024-06-20
2024062001020848,AHL,34,58,10.0,500.0,5000.0,2024-06-20
2024062003016719,MFIL,34,26,88.0,520.0,45760.0,2024-06-20
2024062003016718,MFIL,34,19,97.0,519.9,50430.3,2024-06-20
2024062001020847,MKLB,51,34,200.0,1390.0,278000.0,2024-06-20
2024062001020846,MKLB,35,34,100.0,1390.0,139000.0,2024-06-20
2024062001020845,NMB,49,34,100.0,191.0,19100.0,2024-06-20
2024062003016717,GRDBL,58,14,10.0,420.3,4203.0,2024-06-20
2024062003016716,MPFL,14,74,50.0,506.5,25325.0,2024-06-20
2024062003016715,GRDBL,58,1,40.0,420.3,16812.0,2024-06-20
2024062003016714,RSDC,35,33,100.0,662.0,66200.0,2024-06-20
2024062003016713,CFCL,19,35,10.0,438.0,4380.0,2024-06-20
2024062004010267,SICL,58,19,55.0,690.0,37950.0,2024-06-20
2024062004010266,SSHL,58,8,1000.0,177.0,177000.0,2024-06-20
2024062005005140,CHDC,50,8,380.0,1022.0,388360.0,2024-06-20
2024062005005139,CHDC,6,8,1120.0,1022.0,1144640.0,2024-06-20
2024062003016712,ILBS,62,14,20.0,1199.9,23998.0,2024-06-20
2024062003016711,GILB,58,17,35.0,1519.8,53193.0,2024-06-20
2024062003016710,GILB,58,69,20.0,1519.8,30396.0,2024-06-20
2024062003016709,GILB,58,1,14.0,1519.8,21277.2,2024-06-20
2024062003016708,GILB,58,17,50.0,1519.8,75990.0,2024-06-20
2024062003016707,GILB,58,39,50.0,1519.8,75990.0,2024-06-20
2024062003016706,GILB,58,35,100.0,1519.8,151980.0,2024-06-20
2024062003016705,GILB,58,69,150.0,1519.0,227850.0,2024-06-20
2024062003016704,GILB,58,20,10.0,1519.0,15190.0,2024-06-20
2024062003016703,GILB,58,58,17.0,1519.0,25823.0,2024-06-20
2024062003016702,GILB,58,17,16.0,1519.0,24304.0,2024-06-20
2024062003016701,GILB,58,28,90.0,1519.0,136710.0,2024-06-20
2024062003016700,GILB,58,48,78.0,1519.0,118482.0,2024-06-20
2024062003016699,GILB,58,33,100.0,1519.0,151900.0,2024-06-20
2024062003016698,GILB,58,41,62.0,1518.0,94116.0,2024-06-20
2024062003016697,GILB,58,65,215.0,1518.0,326370.0,2024-06-20
2024062003016696,GILB,58,19,20.0,1518.0,30360.0,2024-06-20
2024062003016695,GILB,58,28,78.0,1518.0,118404.0,2024-06-20
2024062003016694,GILB,58,14,50.0,1517.0,75850.0,2024-06-20
2024062003016693,GILB,58,11,100.0,1517.0,151700.0,2024-06-20
2024062003016692,GILB,58,14,10.0,1517.0,15170.0,2024-06-20
2024062003016691,GILB,58,14,20.0,1516.0,30320.0,2024-06-20
2024062003016690,GILB,58,5,200.0,1510.0,302000.0,2024-06-20
2024062003016689,GILB,58,5,300.0,1508.0,452400.0,2024-06-20
2024062003016688,GILB,58,45,50.0,1508.0,75400.0,2024-06-20
2024062003016687,GILB,58,45,100.0,1504.0,150400.0,2024-06-20
2024062003016686,GILB,58,96,50.0,1502.0,75100.0,2024-06-20
2024062003016685,GILB,58,96,30.0,1501.0,45030.0,2024-06-20
2024062003016684,GILB,58,96,20.0,1501.0,30020.0,2024-06-20
2024062003016683,GILB,58,33,100.0,1500.0,150000.0,2024-06-20
2024062003016682,GILB,58,69,50.0,1500.0,75000.0,2024-06-20
2024062003016681,GILB,58,56,17.0,1500.0,25500.0,2024-06-20
2024062003016680,GILB,58,51,20.0,1500.0,30000.0,2024-06-20
2024062003016679,GILB,58,13,20.0,1499.9,29998.0,2024-06-20
2024062003016678,GILB,58,6,100.0,1499.4,149940.0,2024-06-20
2024062003016677,GILB,58,54,70.0,1499.4,104958.0,2024-06-20
2024062003016676,GILB,58,17,50.0,1499.0,74950.0,2024-06-20
2024062003016675,GILB,58,62,90.0,1499.0,134910.0,2024-06-20
2024062003016674,GILB,58,6,200.0,1496.5,299300.0,2024-06-20
2024062003016673,GILB,58,14,150.0,1494.0,224100.0,2024-06-20
2024062003016672,GILB,58,7,300.0,1492.0,447600.0,2024-06-20
2024062003016671,GILB,58,14,100.0,1490.0,149000.0,2024-06-20
2024062003016670,GILB,58,41,50.0,1490.0,74500.0,2024-06-20
2024062003016669,GILB,58,14,150.0,1489.9,223485.0,2024-06-20
2024062003016668,GILB,58,69,100.0,1489.1,148910.0,2024-06-20
2024062003016667,GILB,58,69,80.0,1489.0,119120.0,2024-06-20
2024062003016666,GILB,58,69,318.0,1489.0,473502.0,2024-06-20
2024062005005138,ENL,41,38,10.0,968.0,9680.0,2024-06-20
2024062005005137,SFEF,5,17,4175.0,7.89,32940.75,2024-06-20
2024062005005136,SFEF,52,17,2000.0,7.9,15800.0,2024-06-20
2024062005005135,SFEF,78,17,1825.0,7.9,14417.5,2024-06-20
2024062005005134,SFEF,21,17,1000.0,7.91,7910.0,2024-06-20
2024062005005133,SFEF,28,17,1000.0,7.92,7920.0,2024-06-20
2024062003016665,JBBL,42,1,1000.0,286.0,286000.0,2024-06-20
2024062001020844,NRM,38,58,10.0,391.7,3917.0,2024-06-20
2024062003016664,GUFL,41,42,111.0,774.9,86013.9,2024-06-20
2024062003016663,NUBL,38,59,10.0,670.0,6700.0,2024-06-20
2024062003016662,NUBL,38,50,10.0,670.0,6700.0,2024-06-20
2024062003016661,JFL,71,69,10.0,555.0,5550.0,2024-06-20
2024062001020843,SARBTM,71,34,10.0,784.0,7840.0,2024-06-20
2024062001020842,NABIL,28,25,300.0,470.1,141030.0,2024-06-20
2024062001020841,KBL,48,53,36.0,137.8,4960.8,2024-06-20
2024062001020840,KBL,48,35,10.0,137.7,1377.0,2024-06-20
2024062001020839,KBL,48,22,777.0,137.5,106837.5,2024-06-20
2024062001020838,KBL,48,45,90.0,137.5,12375.0,2024-06-20
2024062001020837,KBL,48,35,407.0,137.4,55921.8,2024-06-20
2024062003016660,CORBL,96,38,10.0,507.5,5075.0,2024-06-20
2024062003016659,CORBL,96,41,80.0,507.0,40560.0,2024-06-20
2024062003016658,CORBL,96,21,10.0,506.9,5069.0,2024-06-20
2024062001020836,NRM,32,14,10.0,391.0,3910.0,2024-06-20
2024062001020835,PRVU,16,22,10.0,141.9,1419.0,2024-06-20
2024062001020834,TAMOR,16,21,40.0,395.0,15800.0,2024-06-20
2024062003016657,RSDC,57,33,50.0,662.0,33100.0,2024-06-20
2024062003016656,RSDC,32,33,100.0,662.0,66200.0,2024-06-20
2024062003016655,RSDC,13,33,20.0,662.0,13240.0,2024-06-20
2024062003016654,RSDC,38,33,100.0,662.0,66200.0,2024-06-20
2024062003016653,RSDC,29,33,13.0,662.0,8606.0,2024-06-20
2024062003016652,GILB,65,69,10.0,1489.0,14890.0,2024-06-20
2024062003016651,SABSL,11,54,10.0,1081.0,10810.0,2024-06-20
2024062004010265,UMRH,7,35,10.0,405.5,4055.0,2024-06-20
2024062001020833,SARBTM,45,13,106.0,781.0,82786.0,2024-06-20
2024062001020832,SARBTM,5,13,700.0,781.0,546700.0,2024-06-20
2024062001020831,SARBTM,95,13,109.0,781.1,85139.9,2024-06-20
2024062001020830,SARBTM,52,13,15.0,781.1,11716.5,2024-06-20
2024062001020829,SARBTM,74,13,70.0,781.1,54677.0,2024-06-20
2024062003016650,MPFL,60,74,10.0,506.5,5065.0,2024-06-20
2024062001020828,KBL,93,35,70.0,137.4,9618.0,2024-06-20
2024062001020827,SMHL,49,25,10.0,629.0,6290.0,2024-06-20
2024062003016649,GFCL,49,45,10.0,549.0,5490.0,2024-06-20
2024062004010264,SSHL,22,44,10.0,178.0,1780.0,2024-06-20
2024062001020826,USHL,20,35,10.0,549.0,5490.0,2024-06-20
2024062003016648,NLIC,39,40,22.0,591.0,13002.0,2024-06-20
2024062001020825,TAMOR,88,21,30.0,395.0,11850.0,2024-06-20
2024062001020824,TAMOR,88,26,10.0,395.0,3950.0,2024-06-20
2024062001020823,TAMOR,88,80,30.0,395.0,11850.0,2024-06-20
2024062001020822,TAMOR,88,35,10.0,394.9,3949.0,2024-06-20
2024062001020821,TAMOR,88,56,10.0,393.0,3930.0,2024-06-20
2024062001020820,TAMOR,88,64,10.0,392.6,3926.0,2024-06-20
2024062001020819,RHGCL,29,45,10.0,348.9,3489.0,2024-06-20
2024062003016647,GFCL,26,45,10.0,549.0,5490.0,2024-06-20
2024062001020818,ADBL,28,17,10.0,261.0,2610.0,2024-06-20
2024062004010263,BARUN,64,64,358.0,309.5,110801.0,2024-06-20
2024062004010262,BARUN,64,45,50.0,309.3,15465.0,2024-06-20
2024062004010261,BARUN,64,62,192.0,309.0,59328.0,2024-06-20
2024062004010260,SSHL,58,54,2000.0,177.0,354000.0,2024-06-20
2024062001020817,MEHL,21,17,23.0,348.8,8022.4,2024-06-20
2024062001020816,MHCL,21,3,10.0,409.8,4098.0,2024-06-20
2024062003016646,WNLB,21,39,10.0,1545.0,15450.0,2024-06-20
2024062003016645,CFCL,34,35,10.0,438.0,4380.0,2024-06-20
2024062005005132,ENL,34,38,10.0,968.0,9680.0,2024-06-20
2024062003016644,GFCL,62,45,10.0,549.0,5490.0,2024-06-20
2024062003016643,GILB,62,69,10.0,1489.0,14890.0,2024-06-20
2024062003016642,GILB,62,69,62.0,1489.0,92318.0,2024-06-20
2024062003016641,GILB,62,33,30.0,1489.0,44670.0,2024-06-20
2024062003016640,GILB,62,35,200.0,1488.0,297600.0,2024-06-20
2024062003016639,GILB,62,56,400.0,1486.0,594400.0,2024-06-20
2024062003016638,GILB,62,33,270.0,1480.0,399600.0,2024-06-20
2024062003016637,GILB,62,45,38.0,1462.0,55556.0,2024-06-20
2024062003016636,ALICL,62,34,10.0,562.0,5620.0,2024-06-20
2024062001020815,ANLB,44,44,35.0,2500.0,87500.0,2024-06-20
2024062004010259,AKJCL,83,35,50.0,212.0,10600.0,2024-06-20
2024062001020814,NMB,49,43,1000.0,191.0,191000.0,2024-06-20
2024062004010258,BARUN,8,41,400.0,308.0,123200.0,2024-06-20
2024062001020813,KBL,48,34,33.0,137.0,4521.0,2024-06-20
2024062001020812,SMJC,91,77,140.0,399.8,55972.0,2024-06-20
2024062001020811,SMJC,91,59,10.0,399.5,3995.0,2024-06-20
2024062001020810,SMJC,91,16,1000.0,399.0,399000.0,2024-06-20
2024062001020809,SMJC,91,36,10.0,399.0,3990.0,2024-06-20
2024062001020808,SMJC,91,57,10.0,399.0,3990.0,2024-06-20
2024062001020807,SMJC,91,22,10.0,399.0,3990.0,2024-06-20
2024062001020806,SMJC,91,45,10.0,398.0,3980.0,2024-06-20
2024062001020805,SMJC,91,16,10.0,398.0,3980.0,2024-06-20
2024062001020804,SMJC,91,58,10.0,397.0,3970.0,2024-06-20
2024062001020803,SMJC,91,92,200.0,396.9,79380.0,2024-06-20
2024062001020802,SMJC,91,58,500.0,395.0,197500.0,2024-06-20
2024062001020801,SMJC,91,11,500.0,395.0,197500.0,2024-06-20
2024062001020800,SMJC,91,10,100.0,394.0,39400.0,2024-06-20
2024062001020799,SMJC,91,58,10.0,394.0,3940.0,2024-06-20
2024062001020798,SMJC,91,65,330.0,394.0,130020.0,2024-06-20
2024062001020797,SMJC,91,35,10.0,393.0,3930.0,2024-06-20
2024062001020796,SMJC,91,3,640.0,393.0,251520.0,2024-06-20
2024062003016635,SFCL,45,59,10.0,434.5,4345.0,2024-06-20
2024062003016634,GLBSL,45,49,15.0,1790.0,26850.0,2024-06-20
2024062001020795,AVYAN,4,45,12.0,899.0,10788.0,2024-06-20
2024062001020794,AVYAN,28,45,58.0,900.0,52200.0,2024-06-20
2024062001020793,AVYAN,14,45,20.0,900.0,18000.0,2024-06-20
2024062001020792,AVYAN,28,45,10.0,900.0,9000.0,2024-06-20
2024062001020791,AVYAN,4,45,100.0,900.1,90010.0,2024-06-20
2024062001020790,AVYAN,50,45,20.0,900.1,18002.0,2024-06-20
2024062001020789,PCBL,56,49,100.0,198.0,19800.0,2024-06-20
2024062001020788,PCBL,56,47,1000.0,198.0,198000.0,2024-06-20
2024062001020787,PCBL,56,45,300.0,198.0,59400.0,2024-06-20
2024062001020786,PCBL,56,56,20.0,197.9,3958.0,2024-06-20
2024062001020785,PCBL,56,50,500.0,197.0,98500.0,2024-06-20
2024062001020784,PCBL,56,38,500.0,197.0,98500.0,2024-06-20
2024062001020783,PCBL,56,64,496.0,197.0,97712.0,2024-06-20
2024062001020782,PCBL,56,25,500.0,197.0,98500.0,2024-06-20
2024062001020781,PCBL,56,10,250.0,197.0,49250.0,2024-06-20
2024062001020780,PCBL,56,45,16.0,196.5,3144.0,2024-06-20
2024062001020779,PCBL,56,57,255.0,196.5,50107.5,2024-06-20
2024062001020778,PCBL,56,35,15.0,196.4,2946.0,2024-06-20
2024062004010257,CHL,45,33,10.0,318.9,3189.0,2024-06-20
2024062004010256,SJCL,58,87,50.0,262.0,13100.0,2024-06-20
2024062001020777,UHEWA,32,17,10.0,480.1,4801.0,2024-06-20
2024062003016633,PROFL,22,18,253.0,401.0,101453.0,2024-06-20
2024062003016632,PROFL,58,18,747.0,401.0,299547.0,2024-06-20
2024062001020776,HDL,16,32,65.0,1269.0,82485.0,2024-06-20
2024062005005131,CHDC,58,47,20.0,1029.0,20580.0,2024-06-20
2024062005005130,CHDC,58,33,20.0,1029.0,20580.0,2024-06-20
2024062005005129,CHDC,58,55,10.0,1028.0,10280.0,2024-06-20
2024062005005128,CHDC,58,47,50.0,1025.1,51255.0,2024-06-20
2024062001020775,BHPL,58,20,10.0,724.0,7240.0,2024-06-20
2024062003016631,KSBBL,65,47,99.0,366.8,36313.2,2024-06-20
2024062001020774,USHEC,60,1,10.0,457.0,4570.0,2024-06-20
2024062005005127,NRN,58,60,2500.0,658.0,1645000.0,2024-06-20
2024062005005126,NRN,58,60,500.0,658.1,329050.0,2024-06-20
2024062005005125,NRN,53,60,100.0,658.2,65820.0,2024-06-20
2024062003016630,PFL,22,88,100.0,619.8,61980.0,2024-06-20
2024062003016629,PFL,22,57,50.0,619.7,30985.0,2024-06-20
2024062003016628,PFL,22,8,70.0,619.5,43365.0,2024-06-20
2024062003016627,PFL,22,35,240.0,619.0,148560.0,2024-06-20
2024062003016626,PFL,22,57,410.0,619.0,253790.0,2024-06-20
2024062003016625,PFL,22,58,75.0,619.0,46425.0,2024-06-20
2024062003016624,PFL,22,36,100.0,619.0,61900.0,2024-06-20
2024062003016623,PFL,22,25,316.0,619.0,195604.0,2024-06-20
2024062003016622,PFL,22,16,40.0,618.9,24756.0,2024-06-20
2024062001020773,BEDC,34,39,38.0,402.0,15276.0,2024-06-20
2024062001020772,BEDC,13,39,100.0,402.0,40200.0,2024-06-20
2024062001020771,BEDC,50,39,362.0,402.0,145524.0,2024-06-20
2024062004010255,SHEL,59,45,10.0,159.0,1590.0,2024-06-20
2024062004010254,BARUN,8,37,300.0,308.0,92400.0,2024-06-20
2024062003016621,NMBMF,45,20,10.0,701.2,7012.0,2024-06-20
2024062003016620,NFS,45,40,30.0,760.4,22812.0,2024-06-20
2024062001020770,RNLI,57,40,11.0,423.1,4654.1,2024-06-20
2024062003016619,SLBSL,21,17,25.0,1264.0,31600.0,2024-06-20
2024062001020769,DORDI,14,17,20.0,416.0,8320.0,2024-06-20
2024062001020768,BGWT,14,65,50.0,950.0,47500.0,2024-06-20
2024062003016618,MPFL,32,74,300.0,506.5,151950.0,2024-06-20
2024062001020767,MCHL,52,42,50.0,419.9,20995.0,2024-06-20
2024062001020766,MCHL,52,4,10.0,417.0,4170.0,2024-06-20
2024062003016617,PFL,39,38,10.0,616.0,6160.0,2024-06-20
2024062003016616,PFL,16,38,150.0,616.1,92415.0,2024-06-20
2024062003016615,PFL,32,38,100.0,616.5,61650.0,2024-06-20
2024062003016614,PFL,7,38,80.0,618.0,49440.0,2024-06-20
2024062003016613,GUFL,41,67,300.0,774.9,232470.0,2024-06-20
2024062003016612,GUFL,41,45,50.0,774.0,38700.0,2024-06-20
2024062003016611,GUFL,41,11,30.0,774.0,23220.0,2024-06-20
2024062003016610,GUFL,41,32,150.0,773.5,116025.0,2024-06-20
2024062003016609,GUFL,41,17,90.0,773.0,69570.0,2024-06-20
2024062003016608,GUFL,41,34,100.0,773.0,77300.0,2024-06-20
2024062003016607,GUFL,41,48,100.0,773.0,77300.0,2024-06-20
2024062003016606,GUFL,41,45,200.0,773.0,154600.0,2024-06-20
2024062003016605,GUFL,41,16,10.0,773.0,7730.0,2024-06-20
2024062001020765,KDL,38,50,239.0,1170.0,279630.0,2024-06-20
2024062003016604,GUFL,41,62,35.0,772.0,27020.0,2024-06-20
2024062001020764,SHLB,91,58,10.0,1840.0,18400.0,2024-06-20
2024062003016603,NMFBS,81,46,25.0,1330.0,33250.0,2024-06-20
2024062003016602,NMFBS,81,20,25.0,1329.9,33247.5,2024-06-20
2024062003016601,NMFBS,81,42,50.0,1329.0,66450.0,2024-06-20
2024062003016600,SDLBSL,19,72,100.0,1237.0,123700.0,2024-06-20
2024062003016599,PFL,7,45,20.0,618.0,12360.0,2024-06-20
2024062001020763,MEL,16,4,60.0,224.0,13440.0,2024-06-20
2024062001020762,MEL,16,17,40.0,224.0,8960.0,2024-06-20
2024062003016598,NICLBSL,58,52,10.0,645.0,6450.0,2024-06-20
2024062003016597,GBLBS,33,45,10.0,770.0,7700.0,2024-06-20
2024062001020761,SRLI,44,33,200.0,430.5,86100.0,2024-06-20
2024062001020760,SRLI,74,33,75.0,430.5,32287.5,2024-06-20
2024062001020759,SRLI,52,33,100.0,430.5,43050.0,2024-06-20
2024062001020758,NABIL,33,4,50.0,470.5,23525.0,2024-06-20
2024062001020757,MANDU,65,28,339.0,1019.2,345508.8,2024-06-20
2024062001020756,MANDU,65,56,1000.0,1019.1,1019100.0,2024-06-20
2024062001020755,MANDU,65,53,100.0,1019.0,101900.0,2024-06-20
2024062001020754,MANDU,65,58,10.0,1019.0,10190.0,2024-06-20
2024062001020753,MANDU,65,29,200.0,1019.0,203800.0,2024-06-20
2024062001020752,MANDU,65,17,100.0,1018.0,101800.0,2024-06-20
2024062001020751,MANDU,65,66,80.0,1018.0,81440.0,2024-06-20
2024062001020750,MANDU,65,66,245.0,1016.3,248993.5,2024-06-20
2024062001020749,MANDU,65,35,10.0,1016.0,10160.0,2024-06-20
2024062001020748,MANDU,65,66,80.0,1016.0,81280.0,2024-06-20
2024062001020747,MANDU,65,71,100.0,1015.0,101500.0,2024-06-20
2024062001020746,MANDU,65,38,150.0,1015.0,152250.0,2024-06-20
2024062001020745,MANDU,65,45,500.0,1015.0,507500.0,2024-06-20
2024062001020744,MANDU,65,52,10.0,1014.8,10148.0,2024-06-20
2024062001020743,MANDU,65,36,500.0,1014.7,507350.0,2024-06-20
2024062001020742,MANDU,65,39,10.0,1014.6,10146.0,2024-06-20
2024062001020741,MANDU,65,19,70.0,1014.6,71022.0,2024-06-20
2024062001020740,MANDU,65,21,100.0,1013.0,101300.0,2024-06-20
2024062001020739,MANDU,65,71,100.0,1012.5,101250.0,2024-06-20
2024062001020738,MANDU,65,57,500.0,1012.0,506000.0,2024-06-20
2024062001020737,MANDU,65,19,50.0,1011.9,50595.0,2024-06-20
2024062001020736,MANDU,65,5,300.0,1011.0,303300.0,2024-06-20
2024062001020735,MANDU,65,19,200.0,1010.0,202000.0,2024-06-20
2024062001020734,MANDU,65,58,180.0,1010.0,181800.0,2024-06-20
2024062001020733,MANDU,65,32,10.0,1010.0,10100.0,2024-06-20
2024062001020732,MANDU,65,57,10.0,1010.0,10100.0,2024-06-20
2024062001020731,MANDU,65,71,100.0,1010.0,101000.0,2024-06-20
2024062001020730,MANDU,65,16,10.0,1010.0,10100.0,2024-06-20
2024062001020729,MANDU,65,65,120.0,1009.9,121188.0,2024-06-20
2024062001020728,MANDU,65,21,86.0,1009.0,86774.0,2024-06-20
2024062001020727,MANDU,65,45,95.0,1008.0,95760.0,2024-06-20
2024062001020726,MANDU,65,48,10.0,1006.0,10060.0,2024-06-20
2024062001020725,MANDU,65,60,500.0,1005.0,502500.0,2024-06-20
2024062001020724,MANDU,65,41,10.0,1005.0,10050.0,2024-06-20
2024062001020723,MANDU,65,43,50.0,1005.0,50250.0,2024-06-20
2024062001020722,MANDU,65,38,65.0,1005.0,65325.0,2024-06-20
2024062001020721,GCIL,6,47,94.0,476.1,44753.4,2024-06-20
2024062001020720,GCIL,6,47,36.0,477.0,17172.0,2024-06-20
2024062004010253,MHNL,47,58,10.0,240.0,2400.0,2024-06-20
2024062001020719,USHEC,22,1,20.0,457.0,9140.0,2024-06-20
2024062004010252,HDHPC,28,22,1350.0,128.1,172935.0,2024-06-20
2024062004010251,HDHPC,16,22,2144.0,128.1,274646.4,2024-06-20
2024062004010250,HDHPC,57,22,256.0,128.1,32793.6,2024-06-20
2024062003016596,ILBS,66,14,32.0,1199.9,38396.8,2024-06-20
2024062003016595,ILBS,66,56,19.0,1198.0,22762.0,2024-06-20
2024062003016594,ILBS,66,14,50.0,1195.0,59750.0,2024-06-20
2024062003016593,ILBS,66,6,19.0,1195.0,22705.0,2024-06-20
2024062003016592,ILBS,66,45,10.0,1190.0,11900.0,2024-06-20
2024062004010249,IGI,40,39,10.0,522.0,5220.0,2024-06-20
2024062003016591,SAPDBL,88,57,100.0,349.9,34990.0,2024-06-20
2024062003016590,MERO,58,57,50.0,681.0,34050.0,2024-06-20
2024062004010248,HDHPC,26,42,10.0,128.2,1282.0,2024-06-20
2024062004010247,BARUN,64,62,58.0,309.0,17922.0,2024-06-20
2024062004010246,BARUN,64,57,42.0,309.0,12978.0,2024-06-20
2024062004010245,BARUN,64,41,100.0,309.0,30900.0,2024-06-20
2024062004010244,BARUN,64,42,100.0,308.8,30880.0,2024-06-20
2024062001020718,NBL,50,14,70.0,209.0,14630.0,2024-06-20
2024062001020717,CITY,39,14,250.0,690.0,172500.0,2024-06-20
2024062001020716,CITY,51,14,50.0,690.0,34500.0,2024-06-20
2024062001020715,BHDC,14,14,625.0,582.0,363750.0,2024-06-20
2024062004010243,CHL,35,42,10.0,319.0,3190.0,2024-06-20
2024062004010242,NHPC,55,19,50.0,144.8,7240.0,2024-06-20
2024062003016589,GILB,62,45,10.0,1462.0,14620.0,2024-06-20
2024062001020714,MKCL,1,17,40.0,1135.3,45412.0,2024-06-20
2024062003016588,HLI,7,42,29.0,378.0,10962.0,2024-06-20
2024062003016587,HLI,36,42,100.0,378.0,37800.0,2024-06-20
2024062003016586,HLI,49,42,100.0,378.0,37800.0,2024-06-20
2024062003016585,HLI,42,42,21.0,378.0,7938.0,2024-06-20
2024062003016584,HLI,56,42,50.0,379.0,18950.0,2024-06-20
2024062001020713,USHEC,38,1,10.0,457.0,4570.0,2024-06-20
2024062001020712,USHEC,38,59,30.0,456.0,13680.0,2024-06-20
2024062003016583,MPFL,38,41,100.0,506.7,50670.0,2024-06-20
2024062001020711,SANIMA,38,50,10.0,250.0,2500.0,2024-06-20
2024062001020710,NRM,43,38,200.0,390.0,78000.0,2024-06-20
2024062003016582,SLBSL,16,58,75.0,1263.0,94725.0,2024-06-20
2024062003016581,SLBSL,16,46,25.0,1260.0,31500.0,2024-06-20
2024062003016580,SLBSL,16,58,14.0,1260.0,17640.0,2024-06-20
2024062003016579,SLBSL,16,55,13.0,1260.0,16380.0,2024-06-20
2024062003016578,SLBSL,16,42,24.0,1260.0,30240.0,2024-06-20
2024062003016577,SLBSL,16,48,18.0,1254.0,22572.0,2024-06-20
2024062003016576,SLBSL,16,38,28.0,1241.0,34748.0,2024-06-20
2024062003016575,FMDBL,33,59,100.0,663.0,66300.0,2024-06-20
2024062001020709,PRVU,33,22,10.0,141.9,1419.0,2024-06-20
2024062003016574,SINDU,11,43,117.0,388.0,45396.0,2024-06-20
2024062001020708,DOLTI,13,32,37.0,417.0,15429.0,2024-06-20
2024062001020707,DOLTI,13,42,40.0,416.9,16676.0,2024-06-20
2024062003016573,SDLBSL,39,1,17.0,1273.9,21656.3,2024-06-20
2024062003016572,SDLBSL,39,22,139.0,1272.8,176919.2,2024-06-20
2024062003016571,SDLBSL,39,3,60.0,1272.0,76320.0,2024-06-20
2024062003016570,SDLBSL,39,57,17.0,1271.9,21622.3,2024-06-20
2024062003016569,SDLBSL,39,42,476.0,1270.0,604520.0,2024-06-20
2024062003016568,SDLBSL,39,69,200.0,1270.0,254000.0,2024-06-20
2024062003016567,SDLBSL,39,38,100.0,1270.0,127000.0,2024-06-20
2024062003016566,SDLBSL,39,17,50.0,1270.0,63500.0,2024-06-20
2024062003016565,SDLBSL,39,22,15.0,1270.0,19050.0,2024-06-20
2024062003016564,SDLBSL,39,48,500.0,1270.0,635000.0,2024-06-20
2024062003016563,SDLBSL,39,28,16.0,1269.9,20318.4,2024-06-20
2024062003016562,SDLBSL,39,41,100.0,1268.0,126800.0,2024-06-20
2024062003016561,SDLBSL,39,49,200.0,1268.0,253600.0,2024-06-20
2024062003016560,SDLBSL,39,34,50.0,1268.0,63400.0,2024-06-20
2024062003016559,SDLBSL,39,41,100.0,1268.0,126800.0,2024-06-20
2024062003016558,SDLBSL,39,17,17.0,1266.0,21522.0,2024-06-20
2024062003016557,SDLBSL,39,42,13.0,1266.0,16458.0,2024-06-20
2024062003016556,SDLBSL,39,47,100.0,1265.0,126500.0,2024-06-20
2024062003016555,SDLBSL,39,67,50.0,1265.0,63250.0,2024-06-20
2024062003016554,SDLBSL,39,22,50.0,1264.8,63240.0,2024-06-20
2024062003016553,SDLBSL,39,59,12.0,1263.0,15156.0,2024-06-20
2024062003016552,SDLBSL,39,1,100.0,1262.9,126290.0,2024-06-20
2024062003016551,SDLBSL,39,45,50.0,1262.2,63110.0,2024-06-20
2024062003016550,SDLBSL,39,45,50.0,1262.1,63105.0,2024-06-20
2024062003016549,SDLBSL,39,51,17.0,1262.0,21454.0,2024-06-20
2024062003016548,SDLBSL,39,49,17.0,1260.0,21420.0,2024-06-20
2024062003016547,SDLBSL,39,42,32.0,1260.0,40320.0,2024-06-20
2024062003016546,SDLBSL,39,22,13.0,1260.0,16380.0,2024-06-20
2024062003016545,SDLBSL,39,17,12.0,1260.0,15120.0,2024-06-20
2024062003016544,SDLBSL,39,53,74.0,1260.0,93240.0,2024-06-20
2024062003016543,SDLBSL,39,21,17.0,1260.0,21420.0,2024-06-20
2024062003016542,SDLBSL,39,39,17.0,1260.0,21420.0,2024-06-20
2024062003016541,SDLBSL,39,44,250.0,1258.0,314500.0,2024-06-20
2024062003016540,SDLBSL,39,38,80.0,1255.0,100400.0,2024-06-20
2024062003016539,SDLBSL,39,7,17.0,1255.0,21335.0,2024-06-20
2024062003016538,SDLBSL,39,19,17.0,1255.0,21335.0,2024-06-20
2024062003016537,SDLBSL,39,44,66.0,1255.0,82830.0,2024-06-20
2024062003016536,SDLBSL,39,57,50.0,1255.0,62750.0,2024-06-20
2024062003016535,SDLBSL,39,44,200.0,1254.0,250800.0,2024-06-20
2024062003016534,SDLBSL,39,53,47.0,1253.0,58891.0,2024-06-20
2024062003016533,SDLBSL,39,49,82.0,1253.0,102746.0,2024-06-20
2024062003016532,SDLBSL,39,58,18.0,1252.0,22536.0,2024-06-20
2024062003016531,SDLBSL,39,13,30.0,1252.0,37560.0,2024-06-20
2024062003016530,SDLBSL,39,58,100.0,1251.9,125190.0,2024-06-20
2024062003016529,SDLBSL,39,65,150.0,1251.8,187770.0,2024-06-20
2024062003016528,SDLBSL,39,52,17.0,1251.0,21267.0,2024-06-20
2024062003016527,SDLBSL,39,33,148.0,1245.0,184260.0,2024-06-20
2024062003016526,SDLBSL,39,48,10.0,1245.0,12450.0,2024-06-20
2024062003016525,SDLBSL,39,38,37.0,1240.1,45883.7,2024-06-20
2024062001020706,SMJC,37,3,60.0,393.0,23580.0,2024-06-20
2024062004010241,SGIC,26,6,10.0,530.0,5300.0,2024-06-20
2024062004010240,SGIC,26,58,10.0,529.9,5299.0,2024-06-20
2024062001020705,BEDC,50,28,318.0,402.0,127836.0,2024-06-20
2024062001020704,BEDC,57,28,50.0,403.0,20150.0,2024-06-20
2024062001020703,BEDC,57,28,32.0,404.0,12928.0,2024-06-20
2024062001020702,NABIL,28,34,520.0,470.1,244452.0,2024-06-20
2024062001020701,NABIL,45,34,150.0,470.2,70530.0,2024-06-20
2024062001020700,NABIL,34,34,10.0,470.4,4704.0,2024-06-20
2024062003016524,HLI,63,8,10.0,379.8,3798.0,2024-06-20
2024062003016523,MLBSL,5,42,10.0,1912.0,19120.0,2024-06-20
2024062004010239,BARUN,8,36,120.0,308.0,36960.0,2024-06-20
2024062004010238,BARUN,45,36,500.0,308.1,154050.0,2024-06-20
2024062004010237,SPIL,36,64,10.0,793.0,7930.0,2024-06-20
2024062004010236,SPIL,36,26,20.0,793.0,15860.0,2024-06-20
2024062003016522,SDLBSL,19,38,30.0,1240.1,37203.0,2024-06-20
2024062003016521,SDLBSL,19,55,30.0,1240.0,37200.0,2024-06-20
2024062003016520,SAPDBL,55,49,395.0,349.8,138171.0,2024-06-20
2024062004010235,API,57,44,500.0,169.0,84500.0,2024-06-20
2024062001020699,ANLB,63,17,30.0,2492.0,74760.0,2024-06-20
2024062001020698,ANLB,42,17,10.0,2493.0,24930.0,2024-06-20
2024062004010234,RHPL,6,42,200.0,270.7,54140.0,2024-06-20
2024062004010233,PRIN,60,38,420.0,769.0,322980.0,2024-06-20
2024062003016519,BFC,38,62,100.0,453.0,45300.0,2024-06-20
2024062001020697,PPL,56,41,50.0,450.0,22500.0,2024-06-20
2024062003016518,KRBL,33,45,98.0,436.0,42728.0,2024-06-20
2024062003016517,KRBL,54,45,42.0,436.0,18312.0,2024-06-20
2024062001020696,MKHC,45,48,83.0,326.0,27058.0,2024-06-20
2024062001020695,MKHC,45,35,17.0,325.9,5540.3,2024-06-20
2024062001020694,MKHC,45,58,500.0,325.0,162500.0,2024-06-20
2024062004010232,HPPL,16,47,200.0,265.0,53000.0,2024-06-20
2024062004010231,HPPL,16,38,300.0,264.9,79470.0,2024-06-20
2024062004010230,HPPL,16,67,100.0,264.0,26400.0,2024-06-20
2024062005005124,CIT,58,52,12.0,2112.2,25346.4,2024-06-20
2024062005005123,HRL,58,46,20.0,543.5,10870.0,2024-06-20
2024062004010229,RURU,58,80,91.0,624.0,56784.0,2024-06-20
2024062001020693,USHL,77,19,340.0,548.0,186320.0,2024-06-20
2024062004010228,RURU,42,67,200.0,623.0,124600.0,2024-06-20
2024062001020692,SBL,22,4,200.0,245.0,49000.0,2024-06-20
2024062004010227,SSHL,59,44,100.0,178.0,17800.0,2024-06-20
2024062004010226,UAIL,29,45,465.0,559.0,259935.0,2024-06-20
2024062004010225,UAIL,29,85,35.0,558.5,19547.5,2024-06-20
2024062001020691,VLUCL,26,57,268.0,506.1,135634.8,2024-06-20
2024062001020690,VLUCL,58,57,132.0,506.5,66858.0,2024-06-20
2024062001020689,PHCL,26,70,350.0,326.0,114100.0,2024-06-20
2024062001020688,PHCL,26,58,50.0,325.9,16295.0,2024-06-20
2024062003016516,VLBS,48,14,200.0,1006.0,201200.0,2024-06-20
2024062003016515,PROFL,58,34,500.0,401.0,200500.0,2024-06-20
2024062001020687,SPHL,40,34,146.0,534.0,77964.0,2024-06-20
2024062001020686,GCIL,6,85,100.0,477.0,47700.0,2024-06-20
2024062001020685,IHL,35,34,50.0,423.0,21150.0,2024-06-20
2024062001020684,IHL,35,14,50.0,421.0,21050.0,2024-06-20
2024062001020683,RHGCL,32,36,10.0,348.0,3480.0,2024-06-20
2024062003016514,GUFL,47,36,70.0,771.0,53970.0,2024-06-20
2024062001020682,KDL,28,55,170.0,1169.0,198730.0,2024-06-20
2024062001020681,NRM,8,14,280.0,391.0,109480.0,2024-06-20
2024062001020680,MANDU,65,43,44.0,1004.0,44176.0,2024-06-20
2024062001020679,PPL,43,43,148.0,448.0,66304.0,2024-06-20
2024062001020678,PPL,8,43,100.0,448.0,44800.0,2024-06-20
2024062001020677,PPL,25,43,50.0,448.0,22400.0,2024-06-20
2024062001020676,PPL,35,43,48.0,448.0,21504.0,2024-06-20
2024062001020675,PPL,26,43,14.0,448.0,6272.0,2024-06-20
2024062001020674,PPL,59,43,10.0,448.0,4480.0,2024-06-20
2024062001020673,PPL,86,43,200.0,448.0,89600.0,2024-06-20
2024062001020672,PPL,18,43,500.0,448.1,224050.0,2024-06-20
2024062001020671,PPL,56,43,50.0,448.1,22405.0,2024-06-20
2024062001020670,PPL,26,43,50.0,448.2,22410.0,2024-06-20
2024062001020669,PPL,57,43,10.0,448.9,4489.0,2024-06-20
2024062001020668,PPL,42,43,100.0,449.0,44900.0,2024-06-20
2024062001020667,PCBL,42,35,25.0,196.4,4910.0,2024-06-20
2024062004010224,SSHL,58,72,100.0,177.0,17700.0,2024-06-20
2024062004010223,SSHL,34,72,50.0,177.1,8855.0,2024-06-20
2024062004010222,SSHL,57,72,100.0,177.1,17710.0,2024-06-20
2024062003016513,ALBSL,38,18,233.0,966.4,225171.2,2024-06-20
2024062003016512,ALBSL,33,18,64.0,966.5,61856.0,2024-06-20
2024062003016511,ALBSL,33,18,133.0,966.6,128557.8,2024-06-20
2024062003016510,ALBSL,34,18,10.0,967.0,9670.0,2024-06-20
2024062003016509,ALBSL,43,18,10.0,974.9,9749.0,2024-06-20
2024062001020666,PPL,45,41,100.0,450.0,45000.0,2024-06-20
2024062001020665,SNLI,45,58,10.0,464.3,4643.0,2024-06-20
2024062003016508,GUFL,47,35,96.0,771.0,74016.0,2024-06-20
2024062003016507,GUFL,47,29,85.0,771.0,65535.0,2024-06-20
2024062001020664,RHGCL,32,49,600.0,348.0,208800.0,2024-06-20
2024062004010221,LEC,49,26,10.0,182.0,1820.0,2024-06-20
2024062001020663,MKLB,22,34,14.0,1395.0,19530.0,2024-06-20
2024062004010220,SHL,34,6,230.0,425.2,97796.0,2024-06-20
2024062004010219,SHL,44,6,100.0,425.3,42530.0,2024-06-20
2024062004010218,SHEL,56,59,93.0,158.5,14740.5,2024-06-20
2024062003016506,NFS,18,46,250.0,760.5,190125.0,2024-06-20
2024062003016505,NFS,14,46,10.0,761.0,7610.0,2024-06-20
2024062003016504,NFS,62,46,40.0,762.9,30516.0,2024-06-20
2024062001020662,BEDC,57,57,318.0,404.0,128472.0,2024-06-20
2024062001020661,BEDC,57,57,182.0,404.0,73528.0,2024-06-20
2024062001020660,ILI,48,57,57.0,427.5,24367.5,2024-06-20
2024062001020659,ILI,5,57,590.0,427.5,252225.0,2024-06-20
2024062001020658,ILI,58,57,50.0,427.7,21385.0,2024-06-20
2024062001020657,ILI,19,57,93.0,427.8,39785.4,2024-06-20
2024062001020656,ILI,57,57,10.0,427.8,4278.0,2024-06-20
2024062001020655,MHCL,53,54,283.0,406.0,114898.0,2024-06-20
2024062001020654,MHCL,11,54,50.0,406.2,20310.0,2024-06-20
2024062001020653,MHCL,45,54,115.0,406.3,46724.5,2024-06-20
2024062001020652,MHCL,45,54,200.0,406.4,81280.0,2024-06-20
2024062001020651,MHCL,49,54,452.0,406.6,183783.2,2024-06-20
2024062001020650,TVCL,63,34,180.0,460.1,82818.0,2024-06-20
2024062001020649,TVCL,59,34,100.0,462.0,46200.0,2024-06-20
2024062001020648,PPL,34,41,10.0,450.0,4500.0,2024-06-20
2024062003016503,SAPDBL,52,49,55.0,349.8,19239.0,2024-06-20
2024062001020647,SMJC,48,35,10.0,393.0,3930.0,2024-06-20
2024062005005122,SMATA,38,48,156.0,1024.0,159744.0,2024-06-20
2024062005005121,SMATA,38,21,144.0,1024.0,147456.0,2024-06-20
2024062001020646,KBSH,16,72,10.0,1545.0,15450.0,2024-06-20
2024062001020645,KBSH,44,72,20.0,1546.0,30920.0,2024-06-20
2024062001020644,RHGCL,32,34,10.0,348.0,3480.0,2024-06-20
2024062001020643,RHGCL,32,58,165.0,346.0,57090.0,2024-06-20
2024062001020642,CLI,16,56,10.0,482.0,4820.0,2024-06-20
2024062005005120,NRN,45,72,50.0,660.0,33000.0,2024-06-20
2024062004010217,HPPL,45,67,100.0,264.0,26400.0,2024-06-20
2024062001020641,SMJC,60,65,380.0,392.1,148998.0,2024-06-20
2024062001020640,MHL,66,58,60.0,499.0,29940.0,2024-06-20
2024062001020639,TSHL,60,58,315.0,538.0,169470.0,2024-06-20
2024062001020638,TSHL,60,51,105.0,536.6,56343.0,2024-06-20
2024062001020637,TSHL,60,38,80.0,536.5,42920.0,2024-06-20
2024062003016502,MPFL,67,41,300.0,506.7,152010.0,2024-06-20
2024062001020636,NWCL,47,57,30.0,850.0,25500.0,2024-06-20
2024062001020635,GVL,66,34,200.0,578.0,115600.0,2024-06-20
2024062001020634,GVL,66,51,300.0,577.0,173100.0,2024-06-20
2024062004010216,NGPL,44,37,27.0,309.0,8343.0,2024-06-20
2024062004010215,NGPL,67,37,83.0,309.0,25647.0,2024-06-20
2024062001020633,SHIVM,17,10,100.0,487.1,48710.0,2024-06-20
2024062001020632,SHIVM,35,10,20.0,487.1,9742.0,2024-06-20
2024062005005119,HRL,42,46,49.0,543.5,26631.5,2024-06-20
2024062004010214,GLH,40,45,110.0,218.7,24057.0,2024-06-20
2024062001020631,RFPL,57,13,10.0,369.0,3690.0,2024-06-20
2024062001020630,RFPL,57,57,100.0,368.0,36800.0,2024-06-20
2024062005005118,STC,54,13,20.0,4600.0,92000.0,2024-06-20
2024062001020629,VLUCL,57,50,10.0,506.7,5067.0,2024-06-20
2024062001020628,MKCL,4,51,20.0,1136.0,22720.0,2024-06-20
2024062001020627,BHPL,35,34,130.0,725.0,94250.0,2024-06-20
2024062001020626,BHPL,35,36,50.0,701.7,35085.0,2024-06-20
2024062001020625,BHPL,35,29,10.0,701.7,7017.0,2024-06-20
2024062001020624,BHPL,35,58,10.0,701.0,7010.0,2024-06-20
2024062001020623,BHPL,35,40,300.0,701.0,210300.0,2024-06-20
2024062003016501,NMBMF,44,55,20.0,709.7,14194.0,2024-06-20
2024062003016500,NMBMF,44,20,10.0,709.0,7090.0,2024-06-20
2024062003016499,NMBMF,44,7,20.0,708.0,14160.0,2024-06-20
2024062001020622,MHCL,34,3,50.0,409.8,20490.0,2024-06-20
2024062004010213,OHL,50,58,11.0,760.0,8360.0,2024-06-20
2024062004010212,OHL,50,22,124.0,760.0,94240.0,2024-06-20
2024062005005117,HRL,42,56,51.0,543.5,27718.5,2024-06-20
2024062003016498,NMFBS,45,29,10.0,1322.0,13220.0,2024-06-20
2024062003016497,KMCDB,77,4,152.0,1160.0,176320.0,2024-06-20
2024062003016496,KMCDB,77,49,48.0,1141.3,54782.4,2024-06-20
2024062003016495,SAPDBL,34,58,11.0,349.0,3839.0,2024-06-20
2024062001020621,SBL,48,22,100.0,244.5,24450.0,2024-06-20
2024062003016494,SADBL,22,32,50.0,308.3,15415.0,2024-06-20
2024062003016493,SIFC,41,29,10.0,444.0,4440.0,2024-06-20
2024062003016492,SIFC,41,58,10.0,444.0,4440.0,2024-06-20
2024062001020620,MANDU,65,41,10.0,1004.0,10040.0,2024-06-20
2024062001020619,BHDC,14,21,30.0,582.0,17460.0,2024-06-20
2024062001020618,AHL,63,57,100.0,498.0,49800.0,2024-06-20
2024062001020617,NWCL,21,57,40.0,850.0,34000.0,2024-06-20
2024062005005116,NTC,34,51,10.0,816.9,8169.0,2024-06-20
2024062001020616,CKHL,34,14,10.0,593.0,5930.0,2024-06-20
2024062001020615,CKHL,34,74,40.0,593.0,23720.0,2024-06-20
2024062001020614,HDL,34,35,10.0,1269.1,12691.0,2024-06-20
2024062004010211,KPCL,53,42,80.0,457.0,36560.0,2024-06-20
2024062001020613,SHLB,91,42,50.0,1816.0,90800.0,2024-06-20
2024062001020612,RNLI,57,82,52.0,423.1,22001.2,2024-06-20
2024062001020611,RNLI,34,82,45.0,423.3,19048.5,2024-06-20
2024062001020610,RNLI,16,82,200.0,423.4,84680.0,2024-06-20
2024062004010210,MEN,38,25,100.0,609.9,60990.0,2024-06-20
2024062005005115,SMATA,38,21,156.0,1024.0,159744.0,2024-06-20
2024062005005114,SMATA,38,42,100.0,1023.0,102300.0,2024-06-20
2024062005005113,SMATA,38,29,101.0,1022.9,103312.9,2024-06-20
2024062005005112,SMATA,38,4,20.0,1020.0,20400.0,2024-06-20
2024062005005111,SMATA,38,48,23.0,1020.0,23460.0,2024-06-20
2024062005005110,SMATA,38,45,16.0,1020.0,16320.0,2024-06-20
2024062005005109,SMATA,38,38,84.0,1019.0,85596.0,2024-06-20
2024062003016491,VLBS,48,94,100.0,1006.0,100600.0,2024-06-20
2024062001020609,MKLB,35,11,200.0,1390.0,278000.0,2024-06-20
2024062001020608,BHPL,58,53,50.0,701.0,35050.0,2024-06-20
2024062001020607,NABIL,34,56,10.0,470.4,4704.0,2024-06-20
2024062004010209,RIDI,57,57,10.0,167.1,1671.0,2024-06-20
2024062005005108,NIFRA,42,35,362.0,191.3,69250.6,2024-06-20
2024062001020606,EHPL,62,6,10.0,549.0,5490.0,2024-06-20
2024062001020605,EHPL,62,34,10.0,548.8,5488.0,2024-06-20
2024062001020604,EHPL,62,29,250.0,546.0,136500.0,2024-06-20
2024062001020603,NICA,45,50,72.0,401.1,28879.2,2024-06-20
2024062001020602,NICA,35,50,30.0,401.1,12033.0,2024-06-20
2024062001020601,NICA,5,50,90.0,401.1,36099.0,2024-06-20
2024062001020600,NICA,42,50,166.0,401.1,66582.6,2024-06-20
2024062001020599,NICA,62,50,642.0,401.1,257506.2,2024-06-20
2024062001020598,GCIL,52,60,40.0,478.0,19120.0,2024-06-20
2024062004010208,JOSHI,59,43,281.0,294.6,82782.6,2024-06-20
2024062004010207,JOSHI,39,43,219.0,294.7,64539.3,2024-06-20
2024062004010206,UMHL,55,42,149.0,240.0,35760.0,2024-06-20
2024062004010205,UMHL,17,42,150.0,240.2,36030.0,2024-06-20
2024062004010204,API,57,38,239.0,169.0,40391.0,2024-06-20
2024062004010203,API,50,38,665.0,169.1,112451.5,2024-06-20
2024062004010202,API,14,38,96.0,169.4,16262.4,2024-06-20
2024062001020597,MANDU,65,32,1000.0,1004.0,1004000.0,2024-06-20
2024062003016490,KRBL,86,44,10.0,437.0,4370.0,2024-06-20
2024062001020596,JBLB,45,45,88.0,1336.0,117568.0,2024-06-20
2024062003016489,NABBC,6,45,60.0,550.0,33000.0,2024-06-20
2024062003016488,NABBC,6,59,40.0,548.0,21920.0,2024-06-20
2024062005005107,CHDC,69,55,10.0,1028.0,10280.0,2024-06-20
2024062003016487,FMDBL,59,59,100.0,663.0,66300.0,2024-06-20
2024062003016486,FMDBL,14,59,43.0,663.0,28509.0,2024-06-20
2024062003016485,MNBBL,25,51,31.0,340.2,10546.2,2024-06-20
2024062004010201,AHPC,57,39,200.0,154.9,30980.0,2024-06-20
2024062001020595,GVL,35,34,10.0,578.0,5780.0,2024-06-20
2024062003016484,FOWAD,55,29,10.0,1259.9,12599.0,2024-06-20
2024062004010200,GLH,44,45,10.0,218.7,2187.0,2024-06-20
2024062001020594,MEHL,34,58,140.0,348.8,48832.0,2024-06-20
2024062001020593,MEHL,34,35,10.0,347.0,3470.0,2024-06-20
2024062004010199,KKHC,34,6,10.0,231.8,2318.0,2024-06-20
2024062003016483,JFL,4,69,20.0,555.0,11100.0,2024-06-20
2024062003016482,JFL,4,44,80.0,555.0,44400.0,2024-06-20
2024062004010198,TRH,17,6,277.0,765.9,212154.3,2024-06-20
2024062004010197,TRH,17,42,40.0,765.9,30636.0,2024-06-20
2024062004010196,TRH,17,13,22.0,765.5,16841.0,2024-06-20
2024062004010195,TRH,17,43,100.0,765.5,76550.0,2024-06-20
2024062004010194,TRH,17,49,21.0,765.0,16065.0,2024-06-20
2024062004010193,TRH,17,13,40.0,764.0,30560.0,2024-06-20
2024062001020592,NICA,17,42,20.0,402.0,8040.0,2024-06-20
2024062003016481,DDBL,13,42,50.0,792.0,39600.0,2024-06-20
2024062001020591,DOLTI,26,87,20.0,416.5,8330.0,2024-06-20
2024062003016480,ICFC,37,87,86.0,530.0,45580.0,2024-06-20
2024062003016479,ICFC,14,87,514.0,530.0,272420.0,2024-06-20
2024062001020590,BGWT,38,65,50.0,950.0,47500.0,2024-06-20
2024062001020589,MKLB,72,34,10.0,1395.0,13950.0,2024-06-20
2024062004010192,UPPER,41,16,300.0,158.2,47460.0,2024-06-20
2024062004010191,NHPC,7,72,1000.0,145.0,145000.0,2024-06-20
2024062003016478,MDB,28,67,10.0,481.0,4810.0,2024-06-20
2024062003016477,SADBL,62,58,400.0,308.0,123200.0,2024-06-20
2024062001020588,PCBL,32,39,83.0,196.0,16268.0,2024-06-20
2024062001020587,PCBL,5,39,50.0,196.0,9800.0,2024-06-20
2024062001020586,PCBL,42,39,150.0,196.1,29415.0,2024-06-20
2024062001020585,PCBL,52,39,20.0,196.2,3924.0,2024-06-20
2024062001020584,PCBL,21,39,115.0,196.2,22563.0,2024-06-20
2024062001020583,PCBL,59,39,82.0,196.3,16096.6,2024-06-20
2024062001020582,GBIME,59,4,100.0,177.8,17780.0,2024-06-20
2024062001020581,RAWA,42,40,10.0,549.0,5490.0,2024-06-20
2024062001020580,BHL,14,58,360.0,349.0,125640.0,2024-06-20
2024062001020579,BHL,14,39,140.0,348.6,48804.0,2024-06-20
2024062004010190,NHDL,57,57,129.0,520.3,67118.7,2024-06-20
2024062001020578,SPHL,40,57,40.0,534.0,21360.0,2024-06-20
2024062001020577,SPHL,14,57,30.0,534.0,16020.0,2024-06-20
2024062003016476,NMBMF,40,3,59.0,700.0,41300.0,2024-06-20
2024062003016475,NMBMF,38,3,10.0,700.0,7000.0,2024-06-20
2024062003016474,NMBMF,38,3,20.0,701.0,14020.0,2024-06-20
2024062003016473,NMBMF,44,3,467.0,701.1,327413.7,2024-06-20
2024062001020576,BHDC,14,3,10.0,582.0,5820.0,2024-06-20
2024062001020575,VLUCL,58,34,200.0,506.5,101300.0,2024-06-20
2024062001020574,HATHY,29,4,22.0,903.0,19866.0,2024-06-20
2024062001020573,HDL,25,35,10.0,1269.1,12691.0,2024-06-20
2024062004010189,NIL,42,50,10.0,790.0,7900.0,2024-06-20
2024062003016472,GBLBS,38,41,10.0,774.6,7746.0,2024-06-20
2024062001020572,GVL,66,34,566.0,578.0,327148.0,2024-06-20
2024062001020571,GVL,66,16,434.0,575.0,249550.0,2024-06-20
2024062001020570,MHL,66,33,243.0,505.0,122715.0,2024-06-20
2024062001020569,MHL,66,58,90.0,505.0,45450.0,2024-06-20
2024062001020568,MHL,66,33,10.0,505.0,5050.0,2024-06-20
2024062001020567,MHL,66,7,10.0,505.0,5050.0,2024-06-20
2024062001020566,MHL,66,58,10.0,505.0,5050.0,2024-06-20
2024062001020565,MHL,66,49,10.0,505.0,5050.0,2024-06-20
2024062001020564,MHL,66,49,10.0,504.0,5040.0,2024-06-20
2024062001020563,MHL,66,26,500.0,503.0,251500.0,2024-06-20
2024062001020562,MHL,66,44,10.0,503.0,5030.0,2024-06-20
2024062001020561,MHL,66,70,500.0,502.9,251450.0,2024-06-20
2024062001020560,MHL,66,57,230.0,502.0,115460.0,2024-06-20
2024062001020559,MHL,66,4,10.0,500.0,5000.0,2024-06-20
2024062001020558,MHL,66,52,20.0,500.0,10000.0,2024-06-20
2024062001020557,MHL,66,7,347.0,500.0,173500.0,2024-06-20
2024062004010188,RADHI,6,53,40.0,265.4,10616.0,2024-06-20
2024062004010187,RADHI,6,17,135.0,265.0,35775.0,2024-06-20
2024062004010186,NICL,59,58,15.0,833.0,12495.0,2024-06-20
2024062001020556,PPL,14,41,10.0,450.0,4500.0,2024-06-20
2024062001020555,MANDU,65,59,1703.0,1004.0,1709812.0,2024-06-20
2024062003016471,NABBC,66,59,200.0,548.0,109600.0,2024-06-20
2024062003016470,NABBC,33,59,100.0,549.0,54900.0,2024-06-20
2024062003016469,NABBC,42,59,100.0,549.0,54900.0,2024-06-20
2024062003016468,NABBC,16,59,200.0,550.0,110000.0,2024-06-20
2024062003016467,NABBC,82,59,360.0,550.0,198000.0,2024-06-20
2024062001020554,MANDU,65,74,400.0,1004.0,401600.0,2024-06-20
2024062003016466,RSDC,29,35,287.0,662.0,189994.0,2024-06-20
2024062003016465,RSDC,55,35,100.0,662.0,66200.0,2024-06-20
2024062003016464,RSDC,28,35,26.0,662.0,17212.0,2024-06-20
2024062003016463,RSDC,8,35,10.0,662.1,6621.0,2024-06-20
2024062003016462,RSDC,49,35,75.0,662.1,49657.5,2024-06-20
2024062003016461,GILB,35,33,10.0,1480.0,14800.0,2024-06-20
2024062003016460,PFL,35,41,10.0,618.0,6180.0,2024-06-20
2024062003016459,GILB,62,33,10.0,1480.0,14800.0,2024-06-20
2024062001020553,SPHL,57,57,10.0,537.0,5370.0,2024-06-20
2024062003016458,GFCL,57,29,50.0,546.0,27300.0,2024-06-20
2024062001020552,NMB,49,57,1984.0,191.0,378944.0,2024-06-20
2024062001020551,NICA,62,50,100.0,401.1,40110.0,2024-06-20
2024062003016457,SMFBS,52,44,10.0,1390.0,13900.0,2024-06-20
2024062004010185,SHEL,38,45,200.0,159.0,31800.0,2024-06-20
2024062005005106,NRN,58,60,2165.0,658.0,1424570.0,2024-06-20
2024062005005105,NRN,6,60,20.0,658.1,13162.0,2024-06-20
2024062005005104,NRN,58,60,500.0,658.1,329050.0,2024-06-20
2024062005005103,NRN,7,60,20.0,658.1,13162.0,2024-06-20
2024062005005102,NRN,58,60,20.0,658.5,13170.0,2024-06-20
2024062005005101,NRN,13,60,200.0,659.0,131800.0,2024-06-20
2024062005005100,NRN,13,60,100.0,659.0,65900.0,2024-06-20
2024062005005099,NRN,41,60,20.0,659.0,13180.0,2024-06-20
2024062005005098,NRN,18,60,55.0,659.0,36245.0,2024-06-20
2024062003016456,GILB,60,33,10.0,1480.0,14800.0,2024-06-20
2024062003016455,BFC,57,22,28.0,452.1,12658.8,2024-06-20
2024062003016454,BFC,6,22,10.0,452.2,4522.0,2024-06-20
2024062003016453,BFC,38,22,20.0,452.2,9044.0,2024-06-20
2024062003016452,BFC,45,22,200.0,452.3,90460.0,2024-06-20
2024062003016451,BFC,42,22,20.0,452.3,9046.0,2024-06-20
2024062003016450,BFC,16,22,10.0,452.3,4523.0,2024-06-20
2024062003016449,BFC,38,22,212.0,452.4,95908.8,2024-06-20
2024062001020550,RHGCL,52,22,50.0,342.0,17100.0,2024-06-20
2024062003016448,NUBL,44,6,100.0,667.0,66700.0,2024-06-20
2024062004010184,KKHC,6,6,100.0,231.8,23180.0,2024-06-20
2024062001020549,BEDC,57,58,18.0,404.0,7272.0,2024-06-20
2024062003016447,PROFL,58,21,150.0,401.0,60150.0,2024-06-20
2024062003016446,PROFL,58,36,80.0,401.0,32080.0,2024-06-20
2024062003016445,PROFL,58,51,10.0,401.0,4010.0,2024-06-20
2024062003016444,PROFL,58,34,1210.0,401.0,485210.0,2024-06-20
2024062003016443,PROFL,58,8,2000.0,400.9,801800.0,2024-06-20
2024062003016442,PROFL,58,81,100.0,400.9,40090.0,2024-06-20
2024062003016441,PROFL,58,47,153.0,400.8,61322.4,2024-06-20
2024062003016440,PROFL,58,33,50.0,400.6,20030.0,2024-06-20
2024062003016439,RSDC,49,29,325.0,662.1,215182.5,2024-06-20
2024062003016438,RSDC,49,29,100.0,662.2,66220.0,2024-06-20
2024062003016437,RSDC,38,29,10.0,662.3,6623.0,2024-06-20
2024062003016436,RSDC,58,29,65.0,663.0,43095.0,2024-06-20
2024062001020548,SCB,26,8,200.0,564.0,112800.0,2024-06-20
2024062005005097,CHDC,6,74,880.0,1022.0,899360.0,2024-06-20
2024062005005096,CHDC,36,74,10.0,1022.1,10221.0,2024-06-20
2024062005005095,CHDC,20,74,100.0,1022.1,102210.0,2024-06-20
2024062005005094,CHDC,65,74,120.0,1022.2,122664.0,2024-06-20
2024062005005093,CHDC,57,74,300.0,1023.0,306900.0,2024-06-20
2024062005005092,CHDC,77,74,390.0,1024.0,399360.0,2024-06-20
2024062005005091,CHDC,36,74,190.0,1025.0,194750.0,2024-06-20
2024062005005090,CHDC,36,74,10.0,1025.1,10251.0,2024-06-20
2024062001020547,NYADI,14,4,10.0,300.0,3000.0,2024-06-20
2024062005005089,HRL,33,14,1017.0,543.1,552332.7,2024-06-20
2024062001020546,NIMB,62,57,20.0,155.0,3100.0,2024-06-20
2024062003016435,SIFC,81,57,35.0,443.1,15508.5,2024-06-20
2024062004010183,HDHPC,57,42,10.0,128.2,1282.0,2024-06-20
2024062004010182,NGPL,67,25,200.0,309.0,61800.0,2024-06-20
2024062001020545,AVYAN,25,14,34.0,905.0,30770.0,2024-06-20
2024062001020544,SAMAJ,42,36,10.0,2530.0,25300.0,2024-06-20
2024062001020543,MCHL,38,43,50.0,418.0,20900.0,2024-06-20
2024062001020542,MCHL,38,29,50.0,417.0,20850.0,2024-06-20
2024062001020541,NRM,32,14,10.0,391.0,3910.0,2024-06-20
2024062003016434,GUFL,45,51,100.0,770.0,77000.0,2024-06-20
2024062003016433,GUFL,45,6,560.0,770.0,431200.0,2024-06-20
2024062003016432,GUFL,45,6,250.0,770.0,192500.0,2024-06-20
2024062001020540,NWCL,21,7,50.0,850.0,42500.0,2024-06-20
2024062004010181,NGPL,67,7,200.0,309.0,61800.0,2024-06-20
2024062003016431,NMBMF,44,45,33.0,701.1,23136.3,2024-06-20
2024062004010180,UPCL,22,38,10.0,191.0,1910.0,2024-06-20
2024062004010179,UPPER,41,22,800.0,158.2,126560.0,2024-06-20
2024062003016430,PFL,35,22,29.0,617.0,17893.0,2024-06-20
2024062005005088,NRN,70,72,310.0,660.0,204600.0,2024-06-20
2024062005005087,NRN,70,65,190.0,659.9,125381.0,2024-06-20
2024062005005086,NRN,41,65,10.0,659.9,6599.0,2024-06-20
2024062001020539,HHL,84,6,50.0,364.0,18200.0,2024-06-20
2024062001020538,HHL,34,6,100.0,364.0,36400.0,2024-06-20
2024062001020537,HHL,51,6,390.0,364.0,141960.0,2024-06-20
2024062004010178,API,14,58,64.0,169.4,10841.6,2024-06-20
2024062001020536,SIKLES,63,49,190.0,609.8,115862.0,2024-06-20
2024062001020535,SIKLES,63,38,10.0,605.0,6050.0,2024-06-20
2024062004010177,MEN,14,11,63.0,609.8,38417.4,2024-06-20
2024062001020534,KBL,51,34,25.0,137.0,3425.0,2024-06-20
2024062001020533,CITY,51,17,50.0,690.0,34500.0,2024-06-20
2024062003016429,MLBL,42,36,100.0,318.6,31860.0,2024-06-20
2024062003016428,GBBL,64,44,10.0,358.0,3580.0,2024-06-20
2024062003016427,GBBL,17,44,19.0,358.0,6802.0,2024-06-20
2024062003016426,SKBBL,45,55,100.0,811.0,81100.0,2024-06-20
2024062001020532,CLI,16,52,10.0,482.0,4820.0,2024-06-20
2024062001020531,MANDU,65,3,675.0,1004.0,677700.0,2024-06-20
2024062001020530,NICD88,62,34,5.0,980.1,4900.5,2024-06-20
2024062001020529,MBL,48,45,40.0,169.5,6780.0,2024-06-20
2024062003016425,GBLBS,6,42,145.0,768.1,111374.5,2024-06-20
2024062003016424,GBLBS,8,42,210.0,768.2,161322.0,2024-06-20
2024062003016423,GBLBS,6,42,20.0,768.3,15366.0,2024-06-20
2024062003016422,GBLBS,25,42,25.0,770.0,19250.0,2024-06-20
2024062003016421,SLBSL,16,38,100.0,1241.0,124100.0,2024-06-20
2024062003016420,SLBSL,32,38,52.0,1242.0,64584.0,2024-06-20
2024062003016419,SLBSL,5,38,30.0,1243.0,37290.0,2024-06-20
2024062003016418,KMCDB,77,49,52.0,1141.3,59347.6,2024-06-20
2024062003016417,KMCDB,77,34,1000.0,1137.0,1137000.0,2024-06-20
2024062003016416,KMCDB,77,13,10.0,1090.0,10900.0,2024-06-20
2024062003016415,KMCDB,77,56,400.0,1090.0,436000.0,2024-06-20
2024062003016414,KMCDB,77,56,400.0,1090.0,436000.0,2024-06-20
2024062003016413,KMCDB,77,61,400.0,1090.0,436000.0,2024-06-20
2024062003016412,KMCDB,77,82,31.0,1090.0,33790.0,2024-06-20
2024062003016411,KMCDB,77,55,14.0,1090.0,15260.0,2024-06-20
2024062003016410,KMCDB,77,60,500.0,1090.0,545000.0,2024-06-20
2024062003016409,KMCDB,77,33,69.0,1089.0,75141.0,2024-06-20
2024062003016408,KMCDB,77,59,10.0,1088.8,10888.0,2024-06-20
2024062003016407,KMCDB,77,60,100.0,1088.0,108800.0,2024-06-20
2024062003016406,KMCDB,77,60,100.0,1088.0,108800.0,2024-06-20
2024062003016405,KMCDB,77,60,100.0,1088.0,108800.0,2024-06-20
2024062003016404,KMCDB,77,26,200.0,1088.0,217600.0,2024-06-20
2024062003016403,KMCDB,77,16,500.0,1088.0,544000.0,2024-06-20
2024062003016402,KMCDB,77,67,390.0,1088.0,424320.0,2024-06-20
2024062003016401,KMCDB,77,16,500.0,1087.0,543500.0,2024-06-20
2024062003016400,KMCDB,77,60,10.0,1086.9,10869.0,2024-06-20
2024062003016399,KMCDB,77,60,10.0,1086.8,10868.0,2024-06-20
2024062003016398,KMCDB,77,60,10.0,1086.7,10867.0,2024-06-20
2024062003016397,KMCDB,77,60,10.0,1086.2,10862.0,2024-06-20
2024062003016396,KMCDB,77,16,500.0,1086.0,543000.0,2024-06-20
2024062003016395,KMCDB,77,45,100.0,1086.0,108600.0,2024-06-20
2024062003016394,KMCDB,77,45,100.0,1086.0,108600.0,2024-06-20
2024062003016393,KMCDB,77,45,100.0,1086.0,108600.0,2024-06-20
2024062003016392,KMCDB,77,26,200.0,1086.0,217200.0,2024-06-20
2024062003016391,KMCDB,77,62,50.0,1086.0,54300.0,2024-06-20
2024062003016390,KMCDB,77,49,12.0,1086.0,13032.0,2024-06-20
2024062003016389,KMCDB,77,45,100.0,1085.0,108500.0,2024-06-20
2024062003016388,KMCDB,77,42,50.0,1085.0,54250.0,2024-06-20
2024062003016387,KMCDB,77,47,49.0,1084.0,53116.0,2024-06-20
2024062003016386,KMCDB,77,26,14.0,1082.0,15148.0,2024-06-20
2024062003016385,KMCDB,77,55,14.0,1080.0,15120.0,2024-06-20
2024062003016384,KMCDB,77,40,200.0,1079.0,215800.0,2024-06-20
2024062003016383,KMCDB,77,6,50.0,1078.0,53900.0,2024-06-20
2024062003016382,KMCDB,77,34,236.0,1077.0,254172.0,2024-06-20
2024062003016381,KMCDB,77,55,20.0,1076.0,21520.0,2024-06-20
2024062003016380,KMCDB,77,55,100.0,1075.0,107500.0,2024-06-20
2024062003016379,KMCDB,77,45,500.0,1074.6,537300.0,2024-06-20
2024062003016378,KMCDB,77,26,200.0,1072.0,214400.0,2024-06-20
2024062003016377,KMCDB,77,56,400.0,1071.1,428440.0,2024-06-20
2024062003016376,KMCDB,77,57,181.0,1070.0,193670.0,2024-06-20
2024062003016375,KMCDB,77,13,200.0,1069.9,213980.0,2024-06-20
2024062003016374,KMCDB,77,13,40.0,1069.9,42796.0,2024-06-20
2024062003016373,KMCDB,77,5,36.0,1069.8,38512.8,2024-06-20
2024062003016372,KMCDB,77,13,52.0,1069.7,55624.4,2024-06-20
2024062003016371,KMCDB,77,13,60.0,1069.4,64164.0,2024-06-20
2024062003016370,KMCDB,77,55,100.0,1068.0,106800.0,2024-06-20
2024062003016369,KMCDB,77,13,20.0,1067.9,21358.0,2024-06-20
2024062005005085,NRIC,42,45,345.0,636.5,219592.5,2024-06-20
2024062005005084,NRIC,42,45,500.0,636.5,318250.0,2024-06-20
2024062005005083,NRIC,48,45,145.0,637.0,92365.0,2024-06-20
2024062005005082,NRIC,53,45,10.0,637.0,6370.0,2024-06-20
2024062004010176,AKJCL,7,35,10.0,212.0,2120.0,2024-06-20
2024062001020528,GCIL,6,49,11.0,477.0,5247.0,2024-06-20
2024062003016368,NLICL,44,66,60.0,544.3,32658.0,2024-06-20
2024062003016367,NLICL,38,66,50.0,544.3,27215.0,2024-06-20
2024062003016366,NLICL,54,66,300.0,544.4,163320.0,2024-06-20
2024062003016365,NLICL,38,66,40.0,544.5,21780.0,2024-06-20
2024062003016364,GFCL,41,39,317.0,545.9,173050.3,2024-06-20
2024062003016363,GFCL,47,39,10.0,546.0,5460.0,2024-06-20
2024062003016362,GFCL,29,39,50.0,546.0,27300.0,2024-06-20
2024062001020527,BGWT,49,39,171.0,949.2,162313.2,2024-06-20
2024062001020526,BGWT,16,39,29.0,949.3,27529.7,2024-06-20
2024062001020525,SMH,29,49,10.0,804.0,8040.0,2024-06-20
2024062001020524,MBL,26,45,508.0,169.4,86055.2,2024-06-20
2024062001020523,RNLI,34,51,136.0,423.3,57568.8,2024-06-20
2024062003016361,ILBS,21,62,76.0,1184.1,89991.6,2024-06-20
2024062003016360,ILBS,42,62,80.0,1189.9,95192.0,2024-06-20
2024062003016359,SHINE,45,8,31.0,380.1,11783.1,2024-06-20
2024062003016358,SHINE,34,8,500.0,380.1,190050.0,2024-06-20
2024062003016357,SHINE,38,8,459.0,380.1,174465.9,2024-06-20
2024062003016356,SHINE,17,8,10.0,380.8,3808.0,2024-06-20
2024062001020522,BHPL,58,35,50.0,685.0,34250.0,2024-06-20
2024062004010175,CHCL,35,49,22.0,433.5,9537.0,2024-06-20
2024062001020521,GBIME,74,35,50.0,177.6,8880.0,2024-06-20
2024062001020520,SARBTM,83,34,50.0,783.0,39150.0,2024-06-20
2024062001020519,PRVU,14,43,350.0,141.2,49420.0,2024-06-20
2024062001020518,NABIL,25,4,80.0,470.5,37640.0,2024-06-20
2024062001020517,NABIL,25,39,120.0,470.4,56448.0,2024-06-20
2024062005005081,NRN,18,18,100.0,659.0,65900.0,2024-06-20
2024062003016355,GUFL,16,6,100.0,770.0,77000.0,2024-06-20
2024062003016354,KRBL,47,77,100.0,436.0,43600.0,2024-06-20
2024062001020516,TVCL,63,45,20.0,460.1,9202.0,2024-06-20
2024062003016353,NFS,56,1,217.0,763.0,165571.0,2024-06-20
2024062003016352,NFS,56,56,38.0,763.0,28994.0,2024-06-20
2024062001020515,MKJC,56,6,550.0,540.0,297000.0,2024-06-20
2024062004010174,HDHPC,41,42,600.0,128.2,76920.0,2024-06-20
2024062001020514,SPL,29,29,10.0,768.9,7689.0,2024-06-20
2024062003016351,SFCL,56,28,300.0,434.4,130320.0,2024-06-20
2024062003016350,JBBL,26,34,50.0,285.7,14285.0,2024-06-20
2024062001020513,MHCL,49,54,200.0,406.6,81320.0,2024-06-20
2024062004010173,RIDI,57,35,20.0,167.1,3342.0,2024-06-20
2024062005005080,HRL,50,42,14.0,543.9,7614.6,2024-06-20
2024062005005079,HRL,50,22,40.0,543.9,21756.0,2024-06-20
2024062005005078,HRL,50,50,46.0,543.6,25005.6,2024-06-20
2024062003016349,PROFL,22,52,100.0,400.0,40000.0,2024-06-20
2024062003016348,NLIC,53,38,31.0,591.7,18342.7,2024-06-20
2024062003016347,GBLBS,53,41,10.0,774.6,7746.0,2024-06-20
2024062001020512,SARBTM,74,34,50.0,781.1,39055.0,2024-06-20
2024062003016346,SLBSL,72,48,10.0,1254.0,12540.0,2024-06-20
2024062004010172,MEN,48,42,402.0,609.0,244818.0,2024-06-20
2024062001020511,GVL,66,38,100.0,571.0,57100.0,2024-06-20
2024062001020510,GVL,35,16,16.0,575.0,9200.0,2024-06-20
2024062005005077,NTC,25,45,14.0,810.0,11340.0,2024-06-20
2024062005005076,NTC,19,45,20.0,810.0,16200.0,2024-06-20
2024062005005075,NTC,21,45,20.0,810.0,16200.0,2024-06-20
2024062005005074,NTC,48,45,20.0,810.0,16200.0,2024-06-20
2024062005005073,NTC,25,45,10.0,810.0,8100.0,2024-06-20
2024062005005072,NTC,58,45,300.0,810.0,243000.0,2024-06-20
2024062005005071,NTC,39,45,66.0,810.0,53460.0,2024-06-20
2024062005005070,NTC,33,45,40.0,810.2,32408.0,2024-06-20
2024062005005069,NTC,58,45,10.0,810.4,8104.0,2024-06-20
2024062001020509,SPC,49,3,10.0,583.0,5830.0,2024-06-20
2024062001020508,SPC,49,80,95.0,580.0,55100.0,2024-06-20
2024062001020507,SPC,49,57,50.0,580.0,29000.0,2024-06-20
2024062003016345,PROFL,22,61,60.0,400.0,24000.0,2024-06-20
2024062004010171,UAIL,48,85,100.0,558.5,55850.0,2024-06-20
2024062004010170,UAIL,58,85,50.0,559.0,27950.0,2024-06-20
2024062004010169,UAIL,41,85,100.0,559.0,55900.0,2024-06-20
2024062004010168,UAIL,56,85,20.0,559.0,11180.0,2024-06-20
2024062004010167,UAIL,55,85,100.0,559.0,55900.0,2024-06-20
2024062004010166,UAIL,49,85,35.0,559.0,19565.0,2024-06-20
2024062004010165,UAIL,39,85,10.0,559.0,5590.0,2024-06-20
2024062003016344,USLB,62,96,520.0,1759.0,914680.0,2024-06-20
2024062003016343,USLB,62,45,50.0,1750.0,87500.0,2024-06-20
2024062004010164,NGPL,67,44,10.0,309.0,3090.0,2024-06-20
2024062001020506,SANIMA,28,57,30.0,249.4,7482.0,2024-06-20
2024062003016342,SHINE,57,38,20.0,380.9,7618.0,2024-06-20
2024062005005068,CIT,52,52,30.0,2112.2,63366.0,2024-06-20
2024062005005067,CIT,19,52,13.0,2112.2,27458.6,2024-06-20
2024062005005066,CIT,29,52,30.0,2112.5,63375.0,2024-06-20
2024062004010163,DHPL,3,38,185.0,209.0,38665.0,2024-06-20
2024062004010162,CGH,28,71,87.0,850.1,73958.7,2024-06-20
2024062004010161,CGH,26,71,13.0,850.1,11051.3,2024-06-20
2024062001020505,GCIL,6,25,1000.0,477.0,477000.0,2024-06-20
2024062004010160,NGPL,67,53,29.0,309.0,8961.0,2024-06-20
2024062001020504,MKLB,45,81,50.0,1390.0,69500.0,2024-06-20
2024062001020503,MKLB,42,81,30.0,1391.0,41730.0,2024-06-20
2024062003016341,ILBS,42,5,20.0,1189.9,23798.0,2024-06-20
2024062003016340,GUFL,47,6,181.0,770.0,139370.0,2024-06-20
2024062004010159,IGI,45,45,20.0,521.0,10420.0,2024-06-20
2024062004010158,LEC,45,26,10.0,182.0,1820.0,2024-06-20
2024062003016339,GUFL,49,6,150.0,770.0,115500.0,2024-06-20
2024062001020502,USHEC,49,59,10.0,456.0,4560.0,2024-06-20
2024062001020501,MBJC,21,88,300.0,297.1,89130.0,2024-06-20
2024062005005065,HRL,59,50,10.0,543.6,5436.0,2024-06-20
2024062001020500,MMKJL,50,64,80.0,462.0,36960.0,2024-06-20
2024062001020499,MMKJL,41,64,100.0,463.0,46300.0,2024-06-20
2024062001020498,MMKJL,52,64,210.0,463.0,97230.0,2024-06-20
2024062005005064,NRN,18,58,20.0,659.0,13180.0,2024-06-20
2024062001020497,RHGCL,21,58,228.0,346.0,78888.0,2024-06-20
2024062001020496,RHGCL,21,58,272.0,345.0,93840.0,2024-06-20
2024062004010157,UPPER,41,26,352.0,158.2,55686.4,2024-06-20
2024062001020495,IHL,42,14,100.0,421.0,42100.0,2024-06-20
2024062001020494,BHDC,14,41,800.0,582.0,465600.0,2024-06-20
2024062001020493,BHDC,14,32,10.0,582.0,5820.0,2024-06-20
2024062001020492,USHEC,5,59,10.0,456.0,4560.0,2024-06-20
2024062004010156,HDHPC,8,42,1500.0,128.2,192300.0,2024-06-20
2024062003016338,SWBBL,44,57,10.0,874.0,8740.0,2024-06-20
2024062003016337,SWBBL,44,32,40.0,874.0,34960.0,2024-06-20
2024062004010155,JOSHI,39,43,281.0,294.7,82810.7,2024-06-20
2024062004010154,JOSHI,42,43,219.0,294.7,64539.3,2024-06-20
2024062001020491,MANDU,65,43,50.0,1004.0,50200.0,2024-06-20
2024062003016336,DDBL,13,53,100.0,792.0,79200.0,2024-06-20
2024062001020490,MANDU,65,42,100.0,1004.0,100400.0,2024-06-20
2024062001020489,MKHC,53,42,10.0,324.1,3241.0,2024-06-20
2024062004010153,UMRH,7,21,80.0,405.0,32400.0,2024-06-20
2024062003016335,PROFL,45,33,300.0,400.6,120180.0,2024-06-20
2024062001020488,SARBTM,45,38,100.0,782.0,78200.0,2024-06-20
2024062005005063,HRL,45,50,10.0,543.6,5436.0,2024-06-20
2024062003016334,GUFL,74,6,20.0,770.0,15400.0,2024-06-20
2024062004010152,UPPER,41,49,108.0,158.2,17085.6,2024-06-20
2024062001020487,MHL,66,40,10.0,499.0,4990.0,2024-06-20
2024062001020486,NABIL,58,74,50.0,470.4,23520.0,2024-06-20
2024062005005062,HRL,33,29,130.0,543.1,70603.0,2024-06-20
2024062005005061,HRL,11,29,50.0,543.2,27160.0,2024-06-20
2024062005005060,HRL,25,29,350.0,543.2,190120.0,2024-06-20
2024062005005059,HRL,49,29,20.0,543.3,10866.0,2024-06-20
2024062005005058,HRL,13,29,50.0,543.5,27175.0,2024-06-20
2024062003016333,GBLBS,25,46,475.0,770.0,365750.0,2024-06-20
2024062003016332,SDLBSL,19,51,77.0,1237.0,95249.0,2024-06-20
2024062003016331,SDLBSL,19,38,123.0,1240.1,152532.3,2024-06-20
2024062003016330,SDLBSL,19,16,17.0,1240.0,21080.0,2024-06-20
2024062001020485,MANDU,65,44,200.0,1004.0,200800.0,2024-06-20
2024062004010151,NLG,57,22,10.0,758.9,7589.0,2024-06-20
2024062004010150,NLG,57,49,44.0,752.9,33127.6,2024-06-20
2024062004010149,NLG,57,38,30.0,752.9,22587.0,2024-06-20
2024062004010148,MEN,48,43,45.0,609.0,27405.0,2024-06-20
2024062003016329,CFCL,34,34,650.0,435.1,282815.0,2024-06-20
2024062003016328,CFCL,50,34,20.0,435.2,8704.0,2024-06-20
2024062003016327,CFCL,42,34,30.0,436.0,13080.0,2024-06-20
2024062003016326,CFCL,19,34,250.0,436.1,109025.0,2024-06-20
2024062003016325,CFCL,22,34,50.0,436.2,21810.0,2024-06-20
2024062001020484,MKLB,52,34,100.0,1391.1,139110.0,2024-06-20
2024062003016324,SADBL,62,36,200.0,308.0,61600.0,2024-06-20
2024062004010147,HEI,34,32,34.0,586.0,19924.0,2024-06-20
2024062004010146,HEI,48,32,100.0,586.0,58600.0,2024-06-20
2024062004010145,HEI,17,32,515.0,586.0,301790.0,2024-06-20
2024062004010144,HEI,44,32,300.0,586.1,175830.0,2024-06-20
2024062004010143,HEI,46,32,51.0,587.0,29937.0,2024-06-20
2024062001020483,EBL,11,45,529.0,528.0,279312.0,2024-06-20
2024062001020482,EBL,11,6,1361.0,527.9,718471.9,2024-06-20
2024062001020481,EBL,11,48,110.0,527.8,58058.0,2024-06-20
2024062003016323,LICN,7,55,10.0,1365.0,13650.0,2024-06-20
2024062003016322,LICN,7,55,10.0,1364.0,13640.0,2024-06-20
2024062003016321,LICN,7,7,10.0,1363.9,13639.0,2024-06-20
2024062003016320,LICN,7,41,20.0,1363.0,27260.0,2024-06-20
2024062003016319,LICN,7,22,50.0,1362.0,68100.0,2024-06-20
2024062004010142,SPDL,60,65,900.0,258.9,233010.0,2024-06-20
2024062004010141,SHL,34,45,270.0,425.2,114804.0,2024-06-20
2024062003016318,SFCL,45,45,250.0,435.0,108750.0,2024-06-20
2024062004010140,UPPER,22,49,10.0,158.2,1582.0,2024-06-20
2024062004010139,CHCL,1,56,200.0,433.0,86600.0,2024-06-20
2024062001020480,GVL,66,34,975.0,578.0,563550.0,2024-06-20
2024062001020479,GVL,66,72,25.0,575.0,14375.0,2024-06-20
2024062003016317,SHINE,38,39,100.0,380.1,38010.0,2024-06-20
2024062001020478,GCIL,6,58,200.0,477.0,95400.0,2024-06-20
2024062003016316,GLBSL,29,49,10.0,1790.0,17900.0,2024-06-20
2024062004010138,RURU,42,29,200.0,623.0,124600.0,2024-06-20
2024062004010137,AHPC,58,54,10.0,154.5,1545.0,2024-06-20
2024062001020477,GCIL,6,14,11.0,477.0,5247.0,2024-06-20
2024062003016315,HLBSL,8,35,200.0,1270.0,254000.0,2024-06-20
2024062001020476,IHL,35,34,20.0,423.0,8460.0,2024-06-20
2024062003016314,SABSL,51,50,60.0,1072.0,64320.0,2024-06-20
2024062004010136,GLH,72,45,310.0,218.7,67797.0,2024-06-20
2024062004010135,GLH,72,72,190.0,217.9,41401.0,2024-06-20
2024062001020475,NABIL,28,25,913.0,470.1,429201.3,2024-06-20
2024062001020474,NABIL,1,25,138.0,470.2,64887.6,2024-06-20
2024062001020473,NABIL,34,25,105.0,470.3,49381.5,2024-06-20
2024062004010134,SALICO,36,21,10.0,694.9,6949.0,2024-06-20
2024062004010133,SALICO,36,49,100.0,690.0,69000.0,2024-06-20
2024062005005057,NTC,32,51,10.0,816.9,8169.0,2024-06-20
2024062003016313,PROFL,22,56,475.0,400.0,190000.0,2024-06-20
2024062001020472,SARBTM,74,56,100.0,781.1,78110.0,2024-06-20
2024062001020471,SARBTM,51,56,100.0,782.0,78200.0,2024-06-20
2024062003016312,ICFC,14,49,486.0,530.0,257580.0,2024-06-20
2024062003016311,ICFC,45,49,85.0,530.0,45050.0,2024-06-20
2024062003016310,ICFC,53,49,500.0,530.0,265000.0,2024-06-20
2024062003016309,ICFC,47,49,10.0,530.0,5300.0,2024-06-20
2024062003016308,ICFC,49,49,300.0,530.0,159000.0,2024-06-20
2024062003016307,ICFC,32,49,200.0,530.0,106000.0,2024-06-20
2024062003016306,ICFC,91,49,500.0,530.0,265000.0,2024-06-20
2024062003016305,ICFC,40,49,19.0,530.0,10070.0,2024-06-20
2024062004010132,PMHPL,49,25,200.0,235.0,47000.0,2024-06-20
2024062004010131,PMHPL,49,20,100.0,235.0,23500.0,2024-06-20
2024062004010130,PMHPL,49,13,200.0,235.0,47000.0,2024-06-20
2024062004010129,LEC,37,40,10.0,182.0,1820.0,2024-06-20
2024062004010128,RADHI,22,59,500.0,264.1,132050.0,2024-06-20
2024062004010127,RADHI,29,59,500.0,264.2,132100.0,2024-06-20
2024062003016304,GMFIL,19,40,40.0,417.5,16700.0,2024-06-20
2024062001020470,NYADI,14,49,10.0,300.0,3000.0,2024-06-20
2024062001020469,NYADI,14,33,10.0,300.0,3000.0,2024-06-20
2024062003016303,MPFL,14,41,50.0,506.7,25335.0,2024-06-20
2024062001020468,RAWA,1,49,111.0,562.0,62382.0,2024-06-20
2024062001020467,RAWA,1,59,100.0,561.8,56180.0,2024-06-20
2024062001020466,RAWA,1,33,10.0,560.9,5609.0,2024-06-20
2024062001020465,RAWA,1,38,10.0,560.0,5600.0,2024-06-20
2024062001020464,RAWA,1,58,140.0,560.0,78400.0,2024-06-20
2024062001020463,RAWA,1,90,129.0,560.0,72240.0,2024-06-20
2024062001020462,NABIL,58,74,150.0,470.4,70560.0,2024-06-20
2024062001020461,SONA,58,29,316.0,443.8,140240.8,2024-06-20
2024062001020460,SONA,58,42,10.0,443.0,4430.0,2024-06-20
2024062001020459,SONA,58,14,864.0,443.0,382752.0,2024-06-20
2024062001020458,BHPL,58,53,10.0,701.0,7010.0,2024-06-20
2024062003016302,GUFL,49,62,100.0,770.0,77000.0,2024-06-20
2024062001020457,RFPL,44,57,10.0,368.0,3680.0,2024-06-20
2024062001020456,BHPL,35,53,100.0,701.0,70100.0,2024-06-20
2024062001020455,BHPL,35,22,500.0,698.0,349000.0,2024-06-20
2024062004010126,NHDL,57,50,283.0,520.3,147244.9,2024-06-20
2024062001020454,NRM,43,42,50.0,390.0,19500.0,2024-06-20
2024062001020453,NRM,43,41,30.0,390.0,11700.0,2024-06-20
2024062001020452,NRM,43,36,300.0,390.0,117000.0,2024-06-20
2024062001020451,NRM,43,14,258.0,390.0,100620.0,2024-06-20
2024062001020450,NRM,43,59,95.0,389.9,37040.5,2024-06-20
2024062003016301,NADEP,17,45,10.0,825.0,8250.0,2024-06-20
2024062003016300,GFCL,53,52,10.0,549.9,5499.0,2024-06-20
2024062001020449,ILI,42,50,20.0,428.0,8560.0,2024-06-20
2024062001020448,CYCL,42,36,30.0,1471.0,44130.0,2024-06-20
2024062001020447,HDL,42,38,50.0,1269.0,63450.0,2024-06-20
2024062001020446,HDL,47,38,15.0,1269.0,19035.0,2024-06-20
2024062001020445,HDL,45,38,20.0,1269.0,25380.0,2024-06-20
2024062001020444,MKJC,16,6,100.0,540.0,54000.0,2024-06-20
2024062001020443,NRM,32,59,10.0,389.9,3899.0,2024-06-20
2024062001020442,SPHL,49,57,10.0,537.0,5370.0,2024-06-20
2024062001020441,MKHC,53,49,10.0,324.1,3241.0,2024-06-20
2024062001020440,HATHY,29,49,10.0,903.0,9030.0,2024-06-20
2024062001020439,TAMOR,6,59,150.0,392.0,58800.0,2024-06-20
2024062001020438,TAMOR,40,59,20.0,392.6,7852.0,2024-06-20
2024062001020437,TAMOR,65,59,330.0,392.6,129558.0,2024-06-20
2024062001020436,SONA,34,40,100.0,442.5,44250.0,2024-06-20
2024062003016299,LLBS,32,14,144.0,1190.0,171360.0,2024-06-20
2024062003016298,LLBS,95,14,170.0,1195.0,203150.0,2024-06-20
2024062003016297,LLBS,74,14,80.0,1197.0,95760.0,2024-06-20
2024062004010125,SICL,62,55,200.0,690.0,138000.0,2024-06-20
2024062004010124,SHEL,21,35,954.0,158.3,151018.2,2024-06-20
2024062004010123,SHEL,21,35,46.0,158.3,7281.8,2024-06-20
2024062004010122,GHL,13,55,200.0,147.6,29520.0,2024-06-20
2024062004010121,GHL,26,55,100.0,147.6,14760.0,2024-06-20
2024062004010120,GHL,58,55,15.0,147.7,2215.5,2024-06-20
2024062004010119,GHL,40,55,370.0,147.7,54649.0,2024-06-20
2024062004010118,AHPC,58,19,50.0,154.5,7725.0,2024-06-20
2024062001020435,SCB,57,8,43.0,564.0,24252.0,2024-06-20
2024062003016296,JBBL,52,57,1150.0,285.0,327750.0,2024-06-20
2024062003016295,JBBL,45,57,100.0,285.1,28510.0,2024-06-20
2024062001020434,MEL,19,17,160.0,224.0,35840.0,2024-06-20
2024062001020433,CKHL,34,74,10.0,593.0,5930.0,2024-06-20
2024062004010117,HURJA,53,20,205.0,296.0,60680.0,2024-06-20
2024062001020432,SPC,33,36,217.0,571.0,123907.0,2024-06-20
2024062001020431,SPC,7,36,50.0,571.7,28585.0,2024-06-20
2024062001020430,SPC,59,36,33.0,573.0,18909.0,2024-06-20
2024062001020429,SAMAJ,42,36,10.0,2530.0,25300.0,2024-06-20
2024062001020428,NRM,8,38,20.0,389.0,7780.0,2024-06-20
2024062001020427,ADBL,42,32,200.0,259.4,51880.0,2024-06-20
2024062001020426,ADBL,6,32,100.0,260.0,26000.0,2024-06-20
2024062003016294,BFC,38,47,88.0,452.4,39811.2,2024-06-20
2024062001020425,NIMB,45,57,20.0,155.0,3100.0,2024-06-20
2024062001020424,ILI,22,50,50.0,428.0,21400.0,2024-06-20
2024062001020423,ILI,22,41,10.0,428.0,4280.0,2024-06-20
2024062001020422,ILI,22,32,40.0,428.0,17120.0,2024-06-20
2024062003016293,MPFL,32,41,300.0,506.8,152040.0,2024-06-20
2024062001020421,HATHY,29,87,12.0,903.0,10836.0,2024-06-20
2024062001020420,HATHY,29,43,22.0,903.0,19866.0,2024-06-20
2024062001020419,HATHY,29,59,40.0,903.0,36120.0,2024-06-20
2024062003016292,SJLIC,48,58,135.0,405.2,54702.0,2024-06-20
2024062001020418,PCBL,59,58,18.0,196.3,3533.4,2024-06-20
2024062004010116,SSHL,58,17,1185.0,177.0,209745.0,2024-06-20
2024062004010115,SSHL,35,17,10.0,177.0,1770.0,2024-06-20
2024062004010114,SSHL,20,17,200.0,177.1,35420.0,2024-06-20
2024062004010113,SSHL,16,17,405.0,177.1,71725.5,2024-06-20
2024062003016291,SAPDBL,34,49,40.0,349.8,13992.0,2024-06-20
2024062003016290,SAPDBL,34,34,200.0,349.8,69960.0,2024-06-20
2024062003016289,SAPDBL,34,34,200.0,349.7,69940.0,2024-06-20
2024062003016288,SAPDBL,34,18,90.0,349.7,31473.0,2024-06-20
2024062003016287,GUFL,50,72,199.0,770.0,153230.0,2024-06-20
2024062004010112,SHEL,21,42,271.0,158.3,42899.3,2024-06-20
2024062004010111,SHEL,57,42,2649.0,158.9,420926.1,2024-06-20
2024062003016286,PFL,16,38,500.0,616.1,308050.0,2024-06-20
2024062004010110,HPPL,44,32,414.0,263.1,108923.4,2024-06-20
2024062004010109,HPPL,33,32,286.0,263.2,75275.2,2024-06-20
2024062001020417,MEHL,47,58,53.0,348.8,18486.4,2024-06-20
2024062001020416,MEHL,47,42,10.0,348.0,3480.0,2024-06-20
2024062001020415,MEHL,47,49,387.0,347.9,134637.3,2024-06-20
2024062001020414,MEHL,47,22,50.0,347.8,17390.0,2024-06-20
2024062003016285,ALBSL,59,57,20.0,974.9,19498.0,2024-06-20
2024062001020413,RNLI,34,46,319.0,423.3,135032.7,2024-06-20
2024062001020412,RNLI,47,46,50.0,423.4,21170.0,2024-06-20
2024062001020411,RNLI,44,46,42.0,423.5,17787.0,2024-06-20
2024062001020410,RNLI,36,46,200.0,423.5,84700.0,2024-06-20
2024062001020409,RNLI,45,46,789.0,423.5,334141.5,2024-06-20
2024062003016284,MNBBL,35,51,50.0,340.3,17015.0,2024-06-20
2024062003016283,MNBBL,45,51,10.0,340.3,3403.0,2024-06-20
2024062003016282,MNBBL,26,51,180.0,340.3,61254.0,2024-06-20
2024062003016281,NFS,58,56,10.0,763.0,7630.0,2024-06-20
2024062004010108,BARUN,8,66,95.0,308.0,29260.0,2024-06-20
2024062004010107,BARUN,8,49,70.0,308.0,21560.0,2024-06-20
2024062004010106,BARUN,8,58,139.0,308.0,42812.0,2024-06-20
2024062004010105,BARUN,8,38,250.0,307.9,76975.0,2024-06-20
2024062004010104,BARUN,8,34,50.0,307.9,15395.0,2024-06-20
2024062004010103,BARUN,8,34,50.0,307.9,15395.0,2024-06-20
2024062003016280,FOWAD,55,25,12.0,1256.0,15072.0,2024-06-20
2024062003016279,MERO,58,55,18.0,681.0,12258.0,2024-06-20
2024062003016278,MERO,50,55,63.0,681.0,42903.0,2024-06-20
2024062003016277,MERO,45,55,70.0,681.1,47677.0,2024-06-20
2024062003016276,MERO,57,55,64.0,681.1,43590.4,2024-06-20
2024062001020408,TVCL,63,58,150.0,460.1,69015.0,2024-06-20
2024062003016275,FMDBL,14,57,140.0,663.0,92820.0,2024-06-20
2024062001020407,CLI,16,56,10.0,482.0,4820.0,2024-06-20
2024062001020406,CLI,16,16,10.0,482.0,4820.0,2024-06-20
2024062001020405,CLI,16,22,220.0,482.0,106040.0,2024-06-20
2024062001020404,CLI,16,48,10.0,482.0,4820.0,2024-06-20
2024062001020403,CLI,16,44,200.0,481.8,96360.0,2024-06-20
2024062001020402,CLI,16,22,10.0,481.8,4818.0,2024-06-20
2024062001020401,CLI,16,49,10.0,481.0,4810.0,2024-06-20
2024062001020400,CLI,16,58,10.0,481.0,4810.0,2024-06-20
2024062001020399,UNLB,14,67,10.0,2000.0,20000.0,2024-06-20
2024062004010102,SGIC,45,45,48.0,529.0,25392.0,2024-06-20
2024062003016274,EDBL,36,49,400.0,374.2,149680.0,2024-06-20
2024062004010101,UNHPL,58,39,258.0,237.0,61146.0,2024-06-20
2024062004010100,UNHPL,55,39,42.0,237.0,9954.0,2024-06-20
2024062004010099,SSHL,39,44,200.0,178.0,35600.0,2024-06-20
2024062001020398,MEL,19,63,140.0,224.0,31360.0,2024-06-20
2024062001020397,MEL,21,63,360.0,224.0,80640.0,2024-06-20
2024062003016273,SIFC,18,29,60.0,443.0,26580.0,2024-06-20
2024062003016272,GRDBL,57,26,470.0,420.2,197494.0,2024-06-20
2024062003016271,GRDBL,50,26,30.0,426.0,12780.0,2024-06-20
2024062001020396,MMKJL,52,21,10.0,463.0,4630.0,2024-06-20
2024062005005056,HRL,44,50,27.0,543.6,14677.2,2024-06-20
2024062005005055,HRL,44,58,20.0,543.6,10872.0,2024-06-20
2024062005005054,HRL,44,38,53.0,543.6,28810.8,2024-06-20
2024062003016270,SFCL,55,45,22.0,435.0,9570.0,2024-06-20
2024062005005053,HIDCL,58,42,447.0,160.9,71922.3,2024-06-20
2024062003016269,ACLBSL,48,34,10.0,970.0,9700.0,2024-06-20
2024062001020395,IHL,35,34,200.0,423.0,84600.0,2024-06-20
2024062004010098,HDHPC,34,42,2000.0,128.2,256400.0,2024-06-20
2024062003016268,NLIC,39,25,200.0,591.0,118200.0,2024-06-20
2024062001020394,TAMOR,65,25,10.0,392.6,3926.0,2024-06-20
2024062003016267,SDLBSL,26,16,83.0,1240.0,102920.0,2024-06-20
2024062005005052,HRL,65,38,80.0,543.6,43488.0,2024-06-20
2024062005005051,HRL,17,38,91.0,543.6,49467.6,2024-06-20
2024062004010097,GHL,13,57,470.0,147.9,69513.0,2024-06-20
2024062004010096,GHL,13,57,30.0,147.8,4434.0,2024-06-20
2024062001020393,GVL,66,72,475.0,575.0,273125.0,2024-06-20
2024062001020392,GVL,66,34,500.0,575.0,287500.0,2024-06-20
2024062001020391,GVL,66,44,25.0,574.9,14372.5,2024-06-20
2024062001020390,SBL,48,22,100.0,244.5,24450.0,2024-06-20
2024062001020389,BHDC,46,49,110.0,580.1,63811.0,2024-06-20
2024062001020388,BNHC,71,39,101.0,671.1,67781.1,2024-06-20
2024062001020387,BNHC,71,39,500.0,671.1,335550.0,2024-06-20
2024062001020386,BNHC,71,39,299.0,671.1,200658.9,2024-06-20
2024062001020385,BNHC,34,39,100.0,671.2,67120.0,2024-06-20
2024062001020384,RFPL,55,6,10.0,366.0,3660.0,2024-06-20
2024062001020383,MKJC,6,6,50.0,540.0,27000.0,2024-06-20
2024062004010095,SSHL,25,88,500.0,177.2,88600.0,2024-06-20
2024062001020382,EHPL,51,10,18.0,540.0,9720.0,2024-06-20
2024062001020381,EHPL,38,10,32.0,540.0,17280.0,2024-06-20
2024062001020380,RNLI,5,39,17.0,423.7,7202.9,2024-06-20
2024062004010094,GLH,40,72,300.0,217.9,65370.0,2024-06-20
2024062001020379,SIKLES,63,49,110.0,609.8,67078.0,2024-06-20
2024062001020378,SIKLES,63,58,10.0,609.0,6090.0,2024-06-20
2024062001020377,SIKLES,63,38,60.0,606.0,36360.0,2024-06-20
2024062001020376,SIKLES,63,34,10.0,605.0,6050.0,2024-06-20
2024062001020375,SIKLES,63,49,10.0,605.0,6050.0,2024-06-20
2024062001020374,NESDO,34,51,10.0,2098.0,20980.0,2024-06-20
2024062001020373,BGWT,58,65,200.0,950.0,190000.0,2024-06-20
2024062003016266,SFCL,56,48,28.0,434.4,12163.2,2024-06-20
2024062003016265,SFCL,42,48,20.0,434.5,8690.0,2024-06-20
2024062003016264,SFCL,45,48,68.0,434.5,29546.0,2024-06-20
2024062003016263,SFCL,50,48,34.0,434.6,14776.4,2024-06-20
2024062003016262,SFCL,58,48,50.0,434.8,21740.0,2024-06-20
2024062001020372,BHPL,34,53,10.0,701.0,7010.0,2024-06-20
2024062004010093,AKPL,48,18,189.0,163.5,30901.5,2024-06-20
2024062004010092,UAIL,13,25,94.0,559.0,52546.0,2024-06-20
2024062003016261,KMCDB,57,38,90.0,1054.1,94869.0,2024-06-20
2024062003016260,KMCDB,14,38,400.0,1054.5,421800.0,2024-06-20
2024062001020371,ULHC,55,66,77.0,393.0,30261.0,2024-06-20
2024062001020370,ULHC,14,66,350.0,393.0,137550.0,2024-06-20
2024062001020369,ULHC,16,66,63.0,393.0,24759.0,2024-06-20
2024062001020368,ULHC,13,66,10.0,393.3,3933.0,2024-06-20
2024062003016259,PROFL,22,6,100.0,400.0,40000.0,2024-06-20
2024062001020367,CLI,45,40,10.0,480.5,4805.0,2024-06-20
2024062004010091,UMRH,47,94,229.0,404.0,92516.0,2024-06-20
2024062001020366,BHDC,46,51,80.0,580.1,46408.0,2024-06-20
2024062003016258,KRBL,36,44,210.0,437.0,91770.0,2024-06-20
2024062003016257,CFCL,35,35,170.0,438.0,74460.0,2024-06-20
2024062003016256,CFCL,35,25,150.0,438.0,65700.0,2024-06-20
2024062001020365,MCHL,57,19,20.0,415.8,8316.0,2024-06-20
2024062004010090,JOSHI,42,43,28.0,294.7,8251.6,2024-06-20
2024062004010089,JOSHI,33,43,200.0,295.0,59000.0,2024-06-20
2024062004010088,JOSHI,21,43,100.0,295.0,29500.0,2024-06-20
2024062004010087,JOSHI,21,43,172.0,295.0,50740.0,2024-06-20
2024062004010086,GHL,58,57,10.0,147.8,1478.0,2024-06-20
2024062001020364,BGWT,16,58,60.0,949.3,56958.0,2024-06-20
2024062004010085,MEN,48,38,60.0,609.0,36540.0,2024-06-20
2024062004010084,NHPC,57,72,500.0,145.0,72500.0,2024-06-20
2024062004010083,NHPC,58,72,107.0,145.0,15515.0,2024-06-20
2024062004010082,NHPC,35,72,100.0,145.1,14510.0,2024-06-20
2024062004010081,HDHPC,11,42,50.0,128.2,6410.0,2024-06-20
2024062001020363,MKCL,48,38,50.0,1135.0,56750.0,2024-06-20
2024062003016255,GMFBS,38,45,124.0,1315.0,163060.0,2024-06-20
2024062003016254,GMFBS,38,10,30.0,1314.0,39420.0,2024-06-20
2024062001020362,CLI,45,22,12.0,480.5,5766.0,2024-06-20
2024062001020361,CLI,16,22,47.0,480.5,22583.5,2024-06-20
2024062001020360,CLI,58,22,41.0,480.6,19704.6,2024-06-20
2024062005005050,NRIC,48,45,49.0,637.1,31217.9,2024-06-20
2024062001020359,SPL,84,45,200.0,757.1,151420.0,2024-06-20
2024062001020358,SPL,4,45,55.0,757.6,41668.0,2024-06-20
2024062003016253,KRBL,36,39,90.0,437.0,39330.0,2024-06-20
2024062003016252,KRBL,47,39,100.0,438.0,43800.0,2024-06-20
2024062001020357,NICA,6,42,30.0,402.0,12060.0,2024-06-20
2024062001020356,NICA,6,48,70.0,401.2,28084.0,2024-06-20
2024062003016251,GUFL,50,41,1801.0,770.0,1386770.0,2024-06-20
2024062003016250,GUFL,7,41,50.0,770.0,38500.0,2024-06-20
2024062003016249,GUFL,58,41,19.0,770.0,14630.0,2024-06-20
2024062003016248,GUFL,26,41,50.0,770.0,38500.0,2024-06-20
2024062003016247,GUFL,26,41,80.0,770.0,61600.0,2024-06-20
2024062003016246,ICFC,40,59,231.0,530.0,122430.0,2024-06-20
2024062003016245,ICFC,48,59,100.0,530.0,53000.0,2024-06-20
2024062003016244,ICFC,42,59,194.0,530.0,102820.0,2024-06-20
2024062003016243,ICFC,91,59,300.0,530.1,159030.0,2024-06-20
2024062003016242,ICFC,57,59,175.0,530.2,92785.0,2024-06-20
2024062003016241,RLFL,29,60,10.0,405.0,4050.0,2024-06-20
2024062003016240,SJLIC,62,34,100.0,405.9,40590.0,2024-06-20
2024062004010080,MEN,38,8,40.0,608.7,24348.0,2024-06-20
2024062004010079,MEN,57,8,60.0,608.8,36528.0,2024-06-20
2024062003016239,PFL,35,25,184.0,619.0,113896.0,2024-06-20
2024062003016238,PFL,35,41,50.0,619.0,30950.0,2024-06-20
2024062003016237,PFL,35,35,100.0,619.0,61900.0,2024-06-20
2024062003016236,PFL,35,53,56.0,619.0,34664.0,2024-06-20
2024062003016235,PFL,35,53,10.0,619.0,6190.0,2024-06-20
2024062003016234,PFL,35,34,140.0,619.0,86660.0,2024-06-20
2024062003016233,PFL,35,10,30.0,618.0,18540.0,2024-06-20
2024062003016232,PFL,35,45,50.0,618.0,30900.0,2024-06-20
2024062003016231,PFL,35,6,20.0,618.0,12360.0,2024-06-20
2024062003016230,PFL,35,22,160.0,617.9,98864.0,2024-06-20
2024062003016229,PFL,35,36,100.0,617.0,61700.0,2024-06-20
2024062001020355,GVL,35,44,125.0,574.9,71862.5,2024-06-20
2024062001020354,GVL,35,40,375.0,574.0,215250.0,2024-06-20
2024062003016228,NFS,62,17,30.0,762.9,22887.0,2024-06-20
2024062001020353,SRLI,57,33,90.0,431.0,38790.0,2024-06-20
2024062001020352,BEDC,50,48,300.0,402.0,120600.0,2024-06-20
2024062001020351,BEDC,1,48,200.0,402.5,80500.0,2024-06-20
2024062004010078,GLH,3,72,10.0,217.9,2179.0,2024-06-20
2024062003016227,PFL,1,36,100.0,617.1,61710.0,2024-06-20
2024062005005049,NRN,18,52,10.0,659.0,6590.0,2024-06-20
2024062005005048,NRN,18,14,50.0,659.0,32950.0,2024-06-20
2024062005005047,NRN,18,80,265.0,659.0,174635.0,2024-06-20
2024062001020350,MKHL,16,14,10.0,452.0,4520.0,2024-06-20
2024062001020349,MKHL,16,32,10.0,452.0,4520.0,2024-06-20
2024062001020348,MKHL,16,35,10.0,452.0,4520.0,2024-06-20
2024062001020347,DOLTI,50,25,180.0,416.0,74880.0,2024-06-20
2024062001020346,DOLTI,57,25,10.0,416.0,4160.0,2024-06-20
2024062001020345,DOLTI,57,25,10.0,416.0,4160.0,2024-06-20
2024062001020344,USHEC,66,16,10.0,450.0,4500.0,2024-06-20
2024062004010077,SPIL,36,11,85.0,792.9,67396.5,2024-06-20
2024062001020343,CITY,32,22,190.0,692.0,131480.0,2024-06-20
2024062001020342,CITY,32,38,110.0,690.0,75900.0,2024-06-20
2024062005005046,HRL,38,22,60.0,543.9,32634.0,2024-06-20
2024062005005045,HRL,38,49,10.0,543.9,5439.0,2024-06-20
2024062005005044,HRL,38,8,30.0,543.9,16317.0,2024-06-20
2024062001020341,HATHY,29,13,100.0,902.0,90200.0,2024-06-20
2024062003016226,GBBL,47,44,150.0,358.5,53775.0,2024-06-20
2024062003016225,PROFL,22,53,100.0,400.0,40000.0,2024-06-20
2024062003016224,PROFL,22,35,55.0,400.0,22000.0,2024-06-20
2024062004010076,SPDL,39,57,100.0,264.0,26400.0,2024-06-20
2024062001020340,GBIME,6,42,50.0,177.8,8890.0,2024-06-20
2024062005005043,ENL,54,49,10.0,965.0,9650.0,2024-06-20
2024062001020339,SMJC,60,50,10.0,392.1,3921.0,2024-06-20
2024062005005042,HIDCL,45,43,700.0,160.1,112070.0,2024-06-20
2024062005005041,HIDCL,41,43,100.0,160.2,16020.0,2024-06-20
2024062005005040,HIDCL,49,43,200.0,160.3,32060.0,2024-06-20
2024062004010075,RADHI,59,17,100.0,265.0,26500.0,2024-06-20
2024062004010074,RADHI,45,17,165.0,265.0,43725.0,2024-06-20
2024062004010073,RADHI,34,17,100.0,265.0,26500.0,2024-06-20
2024062004010072,GHL,45,57,70.0,147.8,10346.0,2024-06-20
2024062004010071,GHL,17,57,40.0,147.8,5912.0,2024-06-20
2024062004010070,GHL,21,57,100.0,147.8,14780.0,2024-06-20
2024062004010069,GHL,42,57,80.0,147.8,11824.0,2024-06-20
2024062001020338,MEHL,38,48,130.0,341.0,44330.0,2024-06-20
2024062001020337,MEHL,45,48,270.0,341.1,92097.0,2024-06-20
2024062001020336,MEHL,34,48,150.0,341.1,51165.0,2024-06-20
2024062001020335,MEHL,42,48,10.0,341.1,3411.0,2024-06-20
2024062005005039,NRN,58,58,100.0,658.0,65800.0,2024-06-20
2024062001020334,CYCL,21,36,27.0,1471.0,39717.0,2024-06-20
2024062001020333,CYCL,62,36,88.0,1471.3,129474.4,2024-06-20
2024062004010068,UAIL,42,14,100.0,560.0,56000.0,2024-06-20
2024062001020332,TAMOR,65,58,10.0,392.6,3926.0,2024-06-20
2024062005005038,CHDC,69,33,10.0,1029.0,10290.0,2024-06-20
2024062003016223,GUFL,58,29,100.0,771.0,77100.0,2024-06-20
2024062004010067,MHNL,47,4,5855.0,235.3,1377681.5,2024-06-20
2024062004010066,MHNL,34,4,100.0,235.5,23550.0,2024-06-20
2024062004010065,MHNL,11,4,400.0,236.2,94480.0,2024-06-20
2024062004010064,MHNL,44,4,500.0,237.0,118500.0,2024-06-20
2024062004010063,MHNL,52,4,100.0,237.5,23750.0,2024-06-20
2024062004010062,MHNL,64,4,100.0,238.0,23800.0,2024-06-20
2024062004010061,MHNL,43,4,250.0,238.0,59500.0,2024-06-20
2024062004010060,MHNL,46,4,100.0,238.0,23800.0,2024-06-20
2024062004010059,MHNL,52,4,50.0,238.2,11910.0,2024-06-20
2024062004010058,MHNL,26,4,30.0,238.2,7146.0,2024-06-20
2024062004010057,MHNL,68,4,100.0,238.5,23850.0,2024-06-20
2024062004010056,MHNL,37,4,105.0,238.5,25042.5,2024-06-20
2024062004010055,MHNL,36,4,400.0,239.0,95600.0,2024-06-20
2024062004010054,MHNL,48,4,100.0,239.0,23900.0,2024-06-20
2024062004010053,MHNL,41,4,250.0,239.0,59750.0,2024-06-20
2024062004010052,MHNL,68,4,500.0,239.0,119500.0,2024-06-20
2024062004010051,MHNL,1,4,110.0,239.0,26290.0,2024-06-20
2024062004010050,MHNL,32,4,50.0,239.0,11950.0,2024-06-20
2024062004010049,MHNL,57,4,500.0,239.1,119550.0,2024-06-20
2024062004010048,MHNL,45,4,250.0,239.1,59775.0,2024-06-20
2024062004010047,MHNL,32,4,100.0,239.2,23920.0,2024-06-20
2024062004010046,MHNL,32,4,50.0,240.0,12000.0,2024-06-20
2024062004010045,IGI,50,45,475.0,521.0,247475.0,2024-06-20
2024062001020331,BGWT,49,65,30.0,950.0,28500.0,2024-06-20
2024062003016222,GLBSL,21,49,40.0,1790.0,71600.0,2024-06-20
2024062003016221,GLBSL,57,49,30.0,1790.0,53700.0,2024-06-20
2024062003016220,GLBSL,62,49,150.0,1790.0,268500.0,2024-06-20
2024062003016219,GLBSL,76,49,10.0,1790.5,17905.0,2024-06-20
2024062003016218,GLBSL,34,49,10.0,1791.0,17910.0,2024-06-20
2024062003016217,GLBSL,45,49,50.0,1800.0,90000.0,2024-06-20
2024062003016216,GLBSL,57,49,10.0,1800.0,18000.0,2024-06-20
2024062003016215,GLBSL,45,49,40.0,1800.0,72000.0,2024-06-20
2024062003016214,GLBSL,48,49,25.0,1801.0,45025.0,2024-06-20
2024062003016213,GLBSL,57,49,10.0,1801.0,18010.0,2024-06-20
2024062003016212,GLBSL,68,49,10.0,1801.0,18010.0,2024-06-20
2024062003016211,GLBSL,42,49,23.0,1801.2,41427.6,2024-06-20
2024062003016210,GLBSL,42,49,16.0,1802.1,28833.6,2024-06-20
2024062001020330,MKJC,56,6,300.0,540.0,162000.0,2024-06-20
2024062003016209,MLBSL,5,38,10.0,1911.0,19110.0,2024-06-20
2024062001020329,TAMOR,65,17,20.0,392.6,7852.0,2024-06-20
2024062003016208,GUFL,26,81,70.0,770.0,53900.0,2024-06-20
2024062003016207,GUFL,44,81,10.0,770.1,7701.0,2024-06-20
2024062003016206,GUFL,44,81,10.0,770.2,7702.0,2024-06-20
2024062003016205,GUFL,44,81,10.0,770.3,7703.0,2024-06-20
2024062005005037,NRN,58,57,800.0,658.0,526400.0,2024-06-20
2024062005005036,NRN,7,57,1000.0,658.1,658100.0,2024-06-20
2024062005005035,NRN,58,57,500.0,658.1,329050.0,2024-06-20
2024062005005034,NRN,34,57,200.0,658.1,131620.0,2024-06-20
2024062004010044,RADHI,41,16,126.0,265.0,33390.0,2024-06-20
2024062004010043,RADHI,14,16,374.0,265.0,99110.0,2024-06-20
2024062004010042,RADHI,14,16,90.0,265.0,23850.0,2024-06-20
2024062001020328,MHCL,49,65,159.0,406.6,64649.4,2024-06-20
2024062001020327,NBL,50,25,100.0,209.0,20900.0,2024-06-20
2024062003016204,SAPDBL,32,18,80.0,349.7,27976.0,2024-06-20
2024062003016203,SAPDBL,32,65,20.0,349.0,6980.0,2024-06-20
2024062005005033,CIT,33,48,20.0,2113.0,42260.0,2024-06-20
2024062001020326,MANDU,65,38,35.0,1005.0,35175.0,2024-06-20
2024062001020325,TSHL,66,51,100.0,536.6,53660.0,2024-06-20
2024062004010041,UAIL,4,14,10.0,560.0,5600.0,2024-06-20
2024062004010040,KKHC,58,17,600.0,230.0,138000.0,2024-06-20
2024062003016202,LBBL,71,22,50.0,378.8,18940.0,2024-06-20
2024062001020324,SPL,4,22,10.0,757.6,7576.0,2024-06-20
2024062001020323,MANDU,65,49,10.0,1005.0,10050.0,2024-06-20
2024062001020322,GCIL,6,41,11.0,477.0,5247.0,2024-06-20
2024062001020321,GCIL,6,50,11.0,477.0,5247.0,2024-06-20
2024062001020320,GCIL,6,17,400.0,477.0,190800.0,2024-06-20
2024062001020319,GCIL,6,45,220.0,476.5,104830.0,2024-06-20
2024062004010039,NGPL,67,54,100.0,309.0,30900.0,2024-06-20
2024062003016201,SHINE,38,51,725.0,380.1,275572.5,2024-06-20
2024062003016200,SHINE,39,51,10.0,380.2,3802.0,2024-06-20
2024062003016199,SHINE,52,51,13.0,380.2,4942.6,2024-06-20
2024062003016198,SHINE,42,51,162.0,380.3,61608.6,2024-06-20
2024062003016197,SHINE,55,51,90.0,380.4,34236.0,2024-06-20
2024062001020318,HDL,45,52,80.0,1269.0,101520.0,2024-06-20
2024062001020317,HDL,22,52,10.0,1269.1,12691.0,2024-06-20
2024062001020316,HDL,17,52,10.0,1269.1,12691.0,2024-06-20
2024062001020315,HDL,51,52,30.0,1269.1,38073.0,2024-06-20
2024062001020314,SCB,52,8,20.0,564.0,11280.0,2024-06-20
2024062001020313,USHL,50,19,30.0,548.0,16440.0,2024-06-20
2024062005005032,CIT,19,50,37.0,2112.2,78151.4,2024-06-20
2024062005005031,CIT,44,50,13.0,2112.5,27462.5,2024-06-20
2024062001020312,ILI,43,32,10.0,428.0,4280.0,2024-06-20
2024062001020311,ILI,43,58,10.0,427.9,4279.0,2024-06-20
2024062004010038,KPCL,53,42,100.0,456.0,45600.0,2024-06-20
2024062001020310,GCIL,53,45,30.0,476.5,14295.0,2024-06-20
2024062003016196,MLBL,42,4,87.0,318.6,27718.2,2024-06-20
2024062003016195,MLBL,54,4,100.0,318.6,31860.0,2024-06-20
2024062001020309,BHL,20,39,10.0,348.6,3486.0,2024-06-20
2024062003016194,MNBBL,26,49,20.0,340.3,6806.0,2024-06-20
2024062001020308,SMJC,60,58,200.0,392.1,78420.0,2024-06-20
2024062001020307,DORDI,37,62,109.0,416.0,45344.0,2024-06-20
2024062001020306,VLUCL,58,41,80.0,506.5,40520.0,2024-06-20
2024062003016193,WNLB,38,41,11.0,1520.6,16726.6,2024-06-20
2024062003016192,WNLB,57,41,10.0,1523.0,15230.0,2024-06-20
2024062003016191,WNLB,57,41,10.0,1524.0,15240.0,2024-06-20
2024062003016190,WNLB,67,41,29.0,1524.1,44198.9,2024-06-20
2024062003016189,WNLB,21,41,20.0,1525.0,30500.0,2024-06-20
2024062003016188,WNLB,3,41,11.0,1528.0,16808.0,2024-06-20
2024062003016187,WNLB,7,41,10.0,1530.0,15300.0,2024-06-20
2024062004010037,HEI,46,59,20.0,587.0,11740.0,2024-06-20
2024062004010036,HEI,38,59,30.0,587.1,17613.0,2024-06-20
2024062003016186,JFL,55,44,20.0,555.0,11100.0,2024-06-20
2024062001020305,MANDU,65,35,700.0,1005.0,703500.0,2024-06-20
2024062001020304,SGHC,50,67,35.0,327.0,11445.0,2024-06-20
2024062001020303,NBL,57,52,238.0,209.1,49765.8,2024-06-20
2024062005005030,NRN,34,80,355.0,659.0,233945.0,2024-06-20
2024062005005029,NRN,34,19,345.0,659.0,227355.0,2024-06-20
2024062001020302,SMHL,26,25,300.0,625.0,187500.0,2024-06-20
2024062001020301,SMHL,61,25,290.0,625.0,181250.0,2024-06-20
2024062001020300,SMHL,67,25,500.0,625.0,312500.0,2024-06-20
2024062001020299,SMHL,58,25,10.0,625.0,6250.0,2024-06-20
2024062001020298,SMHL,52,25,400.0,625.1,250040.0,2024-06-20
2024062003016185,SWBBL,29,32,60.0,874.0,52440.0,2024-06-20
2024062001020297,NESDO,32,34,30.0,2099.0,62970.0,2024-06-20
2024062003016184,SKBBL,53,32,93.0,810.5,75376.5,2024-06-20
2024062003016183,SKBBL,26,32,50.0,811.0,40550.0,2024-06-20
2024062005005028,NICGF,32,38,4500.0,9.64,43380.0,2024-06-20
2024062005005027,HRL,38,8,20.0,543.9,10878.0,2024-06-20
2024062005005026,HRL,38,57,50.0,543.7,27185.0,2024-06-20
2024062004010035,LEC,49,40,10.0,182.0,1820.0,2024-06-20
2024062003016182,GLBSL,58,58,10.0,1809.9,18099.0,2024-06-20
2024062001020296,SMHL,52,59,300.0,625.1,187530.0,2024-06-20
2024062003016181,SINDU,14,43,10.0,388.0,3880.0,2024-06-20
2024062001020295,NICA,1,48,30.0,401.2,12036.0,2024-06-20
2024062003016180,NFS,56,29,245.0,761.0,186445.0,2024-06-20
2024062003016179,NFS,45,29,300.0,761.1,228330.0,2024-06-20
2024062003016178,NFS,45,29,55.0,762.0,41910.0,2024-06-20
2024062003016177,GUFL,47,29,15.0,771.0,11565.0,2024-06-20
2024062001020294,NWCL,21,48,60.0,850.0,51000.0,2024-06-20
2024062001020293,NWCL,52,48,90.0,850.0,76500.0,2024-06-20
2024062003016176,SDLBSL,26,50,17.0,1240.0,21080.0,2024-06-20
2024062001020292,HBL,47,57,200.0,177.5,35500.0,2024-06-20
2024062004010034,MEN,34,38,200.0,609.0,121800.0,2024-06-20
2024062001020291,GVL,66,45,150.0,571.0,85650.0,2024-06-20
2024062001020290,GVL,66,42,10.0,570.0,5700.0,2024-06-20
2024062001020289,GVL,66,58,250.0,569.0,142250.0,2024-06-20
2024062003016175,PFL,16,38,350.0,616.1,215635.0,2024-06-20
2024062003016174,PFL,45,38,500.0,616.1,308050.0,2024-06-20
2024062003016173,PFL,39,38,500.0,616.2,308100.0,2024-06-20
2024062003016172,PFL,39,38,50.0,616.2,30810.0,2024-06-20
2024062003016171,PFL,49,38,25.0,616.5,15412.5,2024-06-20
2024062003016170,PFL,16,38,575.0,617.0,354775.0,2024-06-20
2024062001020288,KDL,38,50,145.0,1170.0,169650.0,2024-06-20
2024062001020287,KDL,38,8,10.0,1170.0,11700.0,2024-06-20
2024062001020286,KDL,38,71,90.0,1159.0,104310.0,2024-06-20
2024062001020285,KDL,38,22,70.0,1158.8,81116.0,2024-06-20
2024062001020284,KDL,38,22,79.0,1158.0,91482.0,2024-06-20
2024062004010033,MEN,39,38,240.0,609.0,146160.0,2024-06-20
2024062001020283,ULHC,16,45,437.0,393.0,171741.0,2024-06-20
2024062001020282,ULHC,44,45,63.0,393.1,24765.3,2024-06-20
2024062003016169,SWMF,60,49,50.0,874.2,43710.0,2024-06-20
2024062001020281,MKCL,41,55,10.0,1136.0,11360.0,2024-06-20
2024062001020280,SNLI,45,28,54.0,464.0,25056.0,2024-06-20
2024062005005025,HRL,17,58,187.0,543.6,101653.2,2024-06-20
2024062001020279,MANDU,65,21,400.0,1005.0,402000.0,2024-06-20
2024062003016168,PROFL,52,35,45.0,400.0,18000.0,2024-06-20
2024062003016167,PROFL,52,58,25.0,400.0,10000.0,2024-06-20
2024062003016166,PROFL,52,26,200.0,400.0,80000.0,2024-06-20
2024062003016165,PROFL,52,18,200.0,400.0,80000.0,2024-06-20
2024062003016164,PROFL,52,38,250.0,400.0,100000.0,2024-06-20
2024062003016163,PROFL,52,49,80.0,400.0,32000.0,2024-06-20
2024062003016162,SIFC,18,50,150.0,443.0,66450.0,2024-06-20
2024062001020278,TVCL,17,25,30.0,461.0,13830.0,2024-06-20
2024062001020277,SMJC,60,77,100.0,392.1,39210.0,2024-06-20
2024062004010032,CHCL,38,65,32.0,433.0,13856.0,2024-06-20
2024062003016161,NLIC,47,38,10.0,591.7,5917.0,2024-06-20
2024062004010031,MHNL,47,32,10.0,243.0,2430.0,2024-06-20
2024062003016160,DDBL,49,4,300.0,791.6,237480.0,2024-06-20
2024062004010030,RIDI,3,45,680.0,167.0,113560.0,2024-06-20
2024062004010029,RIDI,25,45,1000.0,167.0,167000.0,2024-06-20
2024062004010028,RIDI,42,45,171.0,167.0,28557.0,2024-06-20
2024062001020276,SMJC,60,58,10.0,392.1,3921.0,2024-06-20
2024062003016159,USLB,54,42,10.0,1750.0,17500.0,2024-06-20
2024062004010027,GLH,44,45,70.0,218.7,15309.0,2024-06-20
2024062004010026,GLH,44,57,2000.0,218.6,437200.0,2024-06-20
2024062004010025,GLH,44,45,930.0,218.0,202740.0,2024-06-20
2024062005005024,CHDC,36,71,290.0,1025.0,297250.0,2024-06-20
2024062004010024,GLH,3,57,25.0,217.9,5447.5,2024-06-20
2024062004010023,API,50,11,165.0,169.1,27901.5,2024-06-20
2024062004010022,API,54,11,100.0,169.1,16910.0,2024-06-20
2024062004010021,API,5,11,100.0,169.1,16910.0,2024-06-20
2024062004010020,API,47,11,100.0,169.1,16910.0,2024-06-20
2024062004010019,API,41,11,300.0,169.1,50730.0,2024-06-20
2024062004010018,API,28,11,240.0,169.2,40608.0,2024-06-20
2024062003016158,LICN,7,29,120.0,1360.0,163200.0,2024-06-20
2024062001020275,SHIVM,83,25,1000.0,487.1,487100.0,2024-06-20
2024062003016157,KSBBL,62,47,40.0,365.3,14612.0,2024-06-20
2024062004010017,UMRH,47,36,594.0,404.0,239976.0,2024-06-20
2024062004010016,UMRH,80,36,42.0,404.0,16968.0,2024-06-20
2024062004010015,UMRH,72,36,200.0,404.1,80820.0,2024-06-20
2024062004010014,UMRH,8,36,94.0,404.1,37985.4,2024-06-20
2024062001020274,MHCL,49,38,900.0,406.6,365940.0,2024-06-20
2024062001020273,USHEC,38,1,10.0,457.0,4570.0,2024-06-20
2024062004010013,MEN,39,36,35.0,609.0,21315.0,2024-06-20
2024062004010012,MEN,39,13,25.0,609.0,15225.0,2024-06-20
2024062004010011,MEN,39,41,400.0,609.0,243600.0,2024-06-20
2024062004010010,KPCL,45,45,101.0,454.0,45854.0,2024-06-20
2024062003016156,GFCL,41,45,123.0,545.9,67145.7,2024-06-20
2024062003016155,PROFL,16,74,300.0,399.0,119700.0,2024-06-20
2024062005005023,HRL,17,58,10.0,543.6,5436.0,2024-06-20
2024062005005022,HRL,17,58,12.0,543.6,6523.2,2024-06-20
2024062005005021,HRL,42,58,19.0,543.6,10328.4,2024-06-20
2024062003016154,PROFL,58,49,920.0,400.0,368000.0,2024-06-20
2024062003016153,PROFL,58,39,500.0,400.0,200000.0,2024-06-20
2024062003016152,PROFL,58,45,80.0,400.0,32000.0,2024-06-20
2024062003016151,PROFL,58,71,500.0,399.9,199950.0,2024-06-20
2024062003016150,GFCL,58,45,50.0,545.9,27295.0,2024-06-20
2024062001020272,SONA,4,14,136.0,443.0,60248.0,2024-06-20
2024062001020271,RAWA,1,90,200.0,560.0,112000.0,2024-06-20
2024062001020270,RAWA,1,57,10.0,560.0,5600.0,2024-06-20
2024062001020269,RAWA,1,65,50.0,559.6,27980.0,2024-06-20
2024062001020268,RAWA,1,28,135.0,558.0,75330.0,2024-06-20
2024062001020267,RAWA,1,49,160.0,557.9,89264.0,2024-06-20
2024062001020266,RAWA,1,35,10.0,556.9,5569.0,2024-06-20
2024062001020265,RAWA,1,36,200.0,555.0,111000.0,2024-06-20
2024062001020264,RAWA,1,58,10.0,555.0,5550.0,2024-06-20
2024062001020263,RAWA,1,45,100.0,554.0,55400.0,2024-06-20
2024062001020262,RAWA,1,47,25.0,550.5,13762.5,2024-06-20
2024062001020261,RAWA,1,29,100.0,550.0,55000.0,2024-06-20
2024062003016149,LLBS,74,26,120.0,1197.0,143640.0,2024-06-20
2024062003016148,MDB,28,44,17.0,481.0,8177.0,2024-06-20
2024062003016147,MDB,8,44,300.0,481.0,144300.0,2024-06-20
2024062003016146,MDB,62,44,130.0,481.0,62530.0,2024-06-20
2024062003016145,MDB,74,44,200.0,481.1,96220.0,2024-06-20
2024062003016144,MDB,34,44,12.0,481.2,5774.4,2024-06-20
2024062003016143,MDB,88,44,332.0,481.2,159758.4,2024-06-20
2024062003016142,MDB,7,44,100.0,483.0,48300.0,2024-06-20
2024062004010009,SPDL,89,51,100.0,264.1,26410.0,2024-06-20
2024062004010008,HDHPC,51,42,1000.0,128.2,128200.0,2024-06-20
2024062003016141,MPFL,19,34,107.0,508.0,54356.0,2024-06-20
2024062003016140,MPFL,19,51,309.0,508.0,156972.0,2024-06-20
2024062003016139,MPFL,19,34,84.0,508.0,42672.0,2024-06-20
2024062003016138,CFCL,34,17,100.0,438.0,43800.0,2024-06-20
2024062003016137,NFS,45,4,25.0,762.0,19050.0,2024-06-20
2024062001020260,KBSH,49,38,10.0,1560.0,15600.0,2024-06-20
2024062001020259,KBSH,49,69,10.0,1559.9,15599.0,2024-06-20
2024062005005020,HRL,42,49,50.0,543.6,27180.0,2024-06-20
2024062001020258,MHCL,49,42,489.0,406.5,198778.5,2024-06-20
2024062003016136,GUFL,47,41,800.0,771.0,616800.0,2024-06-20
2024062001020257,MMKJL,52,54,140.0,463.0,64820.0,2024-06-20
2024062001020256,SONA,4,6,64.0,443.0,28352.0,2024-06-20
2024062001020255,SBL,58,4,26.0,245.0,6370.0,2024-06-20
2024062001020254,NIMB,41,29,100.0,154.8,15480.0,2024-06-20
2024062001020253,NIMB,54,29,100.0,154.8,15480.0,2024-06-20
2024062001020252,MANDU,65,21,855.0,1005.0,859275.0,2024-06-20
2024062001020251,MANDU,19,21,100.0,1005.0,100500.0,2024-06-20
2024062001020250,MANDU,65,21,55.0,1005.0,55275.0,2024-06-20
2024062001020249,KBL,55,34,10.0,137.0,1370.0,2024-06-20
2024062004010007,CGH,26,55,87.0,850.1,73958.7,2024-06-20
2024062004010006,CGH,37,55,20.0,851.0,17020.0,2024-06-20
2024062001020248,ILI,57,52,10.0,427.8,4278.0,2024-06-20
2024062003016135,PFL,16,52,100.0,617.0,61700.0,2024-06-20
2024062001020247,VLUCL,35,50,15.0,506.7,7600.5,2024-06-20
2024062001020246,VLUCL,38,50,270.0,506.7,136809.0,2024-06-20
2024062004010005,SHEL,57,7,300.0,158.9,47670.0,2024-06-20
2024062004010004,UMHL,55,32,700.0,240.0,168000.0,2024-06-20
2024062003016134,SFCL,25,40,833.0,437.0,364021.0,2024-06-20
2024062003016133,SFCL,25,70,100.0,437.0,43700.0,2024-06-20
2024062003016132,SFCL,25,42,375.0,436.5,163687.5,2024-06-20
2024062003016131,SFCL,25,42,100.0,436.0,43600.0,2024-06-20
2024062003016130,SFCL,25,35,30.0,435.0,13050.0,2024-06-20
2024062003016129,SFCL,25,38,300.0,435.0,130500.0,2024-06-20
2024062003016128,SFCL,25,14,200.0,435.0,87000.0,2024-06-20
2024062003016127,SFCL,25,34,500.0,435.0,217500.0,2024-06-20
2024062003016126,SFCL,25,64,500.0,435.0,217500.0,2024-06-20
2024062003016125,SFCL,25,57,62.0,434.8,26957.6,2024-06-20
2024062001020245,PPL,47,13,13.0,451.0,5863.0,2024-06-20
2024062001020244,PPL,47,34,17.0,451.0,7667.0,2024-06-20
2024062003016124,NLIC,39,42,50.0,591.0,29550.0,2024-06-20
2024062003016123,JSLBB,42,29,10.0,1383.0,13830.0,2024-06-20
2024062004010003,LEC,36,40,10.0,182.0,1820.0,2024-06-20
2024062004010002,LEC,36,61,490.0,181.9,89131.0,2024-06-20
2024062005005019,NTC,39,45,309.0,810.0,250290.0,2024-06-20
2024062005005018,NTC,41,45,10.0,810.0,8100.0,2024-06-20
2024062005005017,NTC,45,45,12.0,810.0,9720.0,2024-06-20
2024062005005016,NTC,55,45,60.0,810.0,48600.0,2024-06-20
2024062005005015,NTC,63,45,19.0,810.0,15390.0,2024-06-20
2024062005005014,NTC,42,45,40.0,810.1,32404.0,2024-06-20
2024062005005013,NTC,29,45,50.0,810.3,40515.0,2024-06-20
2024062003016122,NUBL,45,50,90.0,670.0,60300.0,2024-06-20
2024062003016121,JFL,25,59,30.0,554.7,16641.0,2024-06-20
2024062001020243,DOLTI,57,63,40.0,416.0,16640.0,2024-06-20
2024062001020242,DOLTI,52,63,10.0,416.1,4161.0,2024-06-20
2024062005005012,NIFRA,54,35,1113.0,191.4,213028.2,2024-06-20
2024062001020241,MKCL,48,52,10.0,1135.0,11350.0,2024-06-20
2024062003016120,MNBBL,7,48,10.0,340.4,3404.0,2024-06-20
2024062003016119,SLBBL,33,33,350.0,809.0,283150.0,2024-06-20
2024062003016118,SLBBL,33,56,300.0,808.9,242670.0,2024-06-20
2024062004010001,BARUN,63,34,1000.0,307.3,307300.0,2024-06-20
2024062001020240,HDL,39,26,36.0,1270.0,45720.0,2024-06-20
2024062001020239,HDL,39,33,20.0,1270.0,25400.0,2024-06-20
2024062004010000,CHCL,6,57,20.0,433.5,8670.0,2024-06-20
2024062001020238,SONA,6,6,436.0,443.0,193148.0,2024-06-20
2024062001020237,GCIL,6,85,34.0,476.0,16184.0,2024-06-20
2024062001020236,GCIL,34,85,20.0,476.0,9520.0,2024-06-20
2024062001020235,VLUCL,3,50,18.0,507.0,9126.0,2024-06-20
2024062001020234,VLUCL,3,19,282.0,507.0,142974.0,2024-06-20
2024062003016117,SIFC,18,29,50.0,443.0,22150.0,2024-06-20
2024062003016116,GRDBL,57,26,18.0,420.2,7563.6,2024-06-20
2024062003016115,GRDBL,57,26,100.0,422.0,42200.0,2024-06-20
2024062003016114,GRDBL,14,26,200.0,422.0,84400.0,2024-06-20
2024062003016113,GRDBL,57,26,20.0,425.0,8500.0,2024-06-20
2024062003016112,GRDBL,26,26,20.0,425.6,8512.0,2024-06-20
2024062003016111,GRDBL,44,26,142.0,425.6,60435.2,2024-06-20
2024062003016110,PFL,21,6,30.0,618.0,18540.0,2024-06-20
2024062003016109,PFL,21,32,18.0,617.9,11122.2,2024-06-20
2024062001020233,PRVU,21,43,100.0,141.9,14190.0,2024-06-20
2024062003016108,FMDBL,14,87,119.0,663.0,78897.0,2024-06-20
2024062004009999,OHL,50,22,10.0,760.0,7600.0,2024-06-20
2024062001020232,HDL,48,33,30.0,1270.0,38100.0,2024-06-20
2024062001020231,MHCL,38,42,11.0,406.5,4471.5,2024-06-20
2024062001020230,JALPA,38,28,10.0,1365.0,13650.0,2024-06-20
2024062004009998,BARUN,63,39,150.0,307.3,46095.0,2024-06-20
2024062004009997,BARUN,38,39,500.0,307.3,153650.0,2024-06-20
2024062004009996,BARUN,72,39,550.0,307.3,169015.0,2024-06-20
2024062001020229,USHEC,49,1,10.0,457.0,4570.0,2024-06-20
2024062004009995,UPPER,54,54,70.0,158.0,11060.0,2024-06-20
2024062003016107,NABBC,82,52,20.0,550.0,11000.0,2024-06-20
2024062004009994,KPCL,48,42,400.0,456.0,182400.0,2024-06-20
2024062004009993,KPCL,48,29,100.0,456.0,45600.0,2024-06-20
2024062001020228,RAWA,42,5,63.0,549.0,34587.0,2024-06-20
2024062003016106,PROFL,16,56,500.0,399.0,199500.0,2024-06-20
2024062004009992,GLH,3,49,700.0,217.9,152530.0,2024-06-20
2024062001020227,USHL,54,19,20.0,548.0,10960.0,2024-06-20
2024062003016105,NFS,58,4,30.0,762.0,22860.0,2024-06-20
2024062001020226,MEL,21,14,10.0,224.0,2240.0,2024-06-20
2024062001020225,SIKLES,37,58,10.0,597.1,5971.0,2024-06-20
2024062001020224,SMJC,35,65,120.0,393.0,47160.0,2024-06-20
2024062001020223,SMJC,35,42,180.0,393.0,70740.0,2024-06-20
2024062003016104,MNBBL,44,48,1000.0,340.4,340400.0,2024-06-20
2024062001020222,MHCL,38,47,989.0,406.5,402028.5,2024-06-20
2024062001020221,MHCL,11,47,135.0,406.5,54877.5,2024-06-20
2024062001020220,MHCL,45,47,170.0,406.6,69122.0,2024-06-20
2024062001020219,SRLI,26,33,100.0,431.0,43100.0,2024-06-20
2024062001020218,SRLI,34,33,42.0,431.0,18102.0,2024-06-20
2024062001020217,SRLI,49,33,100.0,431.1,43110.0,2024-06-20
2024062001020216,AVYAN,88,34,10.0,902.0,9020.0,2024-06-20
2024062001020215,MANDU,65,54,100.0,1005.0,100500.0,2024-06-20
2024062001020214,KBL,32,26,164.0,136.9,22451.6,2024-06-20
2024062001020213,KBL,44,26,36.0,136.9,4928.4,2024-06-20
2024062004009991,HDHPC,58,42,30.0,128.2,3846.0,2024-06-20
2024062003016103,PFL,16,35,125.0,617.0,77125.0,2024-06-20
