transaction,symbol,buyer,seller,quantity,rate,amount,date
2024122204012512,CHL,91,19,20.0,393.8,7876.0,2024-12-22
2024122204012511,CHL,91,48,100.0,393.7,39370.0,2024-12-22
2024122204012510,CHL,91,75,20.0,393.6,7872.0,2024-12-22
2024122204012509,CHL,91,22,40.0,393.5,15740.0,2024-12-22
2024122203012477,GBBL,6,45,50.0,401.0,20050.0,2024-12-22
2024122201021098,HBL,22,25,200.0,229.0,45800.0,2024-12-22
2024122201021097,RFPL,83,39,15.0,940.0,14100.0,2024-12-22
2024122203012476,SMFBS,70,18,10.0,1983.0,19830.0,2024-12-22
2024122201021096,MKJC,57,72,89.0,513.0,45657.0,2024-12-22
2024122203012475,ALICL,57,56,100.0,712.0,71200.0,2024-12-22
2024122203012474,NUBL,55,16,10.0,673.3,6733.0,2024-12-22
2024122203012473,MSLB,44,84,58.0,1480.0,85840.0,2024-12-22
2024122203012472,MSLB,44,22,90.0,1469.0,132210.0,2024-12-22
2024122203012471,MSLB,44,57,270.0,1468.0,396360.0,2024-12-22
2024122203012470,MSLB,44,42,18.0,1467.0,26406.0,2024-12-22
2024122201021095,PPL,53,41,100.0,576.0,57600.0,2024-12-22
2024122201021094,MEHL,34,49,10.0,450.0,4500.0,2024-12-22
2024122203012469,HLBSL,34,42,20.0,925.0,18500.0,2024-12-22
2024122204012508,SALICO,46,51,10.0,695.0,6950.0,2024-12-22
2024122201021093,HBL,22,42,500.0,229.0,114500.0,2024-12-22
2024122203012468,SAPDBL,5,28,221.0,1009.0,222989.0,2024-12-22
2024122203012467,SAPDBL,72,28,20.0,1015.0,20300.0,2024-12-22
2024122203012466,SAPDBL,6,28,30.0,1015.0,30450.0,2024-12-22
2024122203012465,SAPDBL,81,28,179.0,1025.5,183564.5,2024-12-22
2024122203012464,SAPDBL,43,28,200.0,1026.0,205200.0,2024-12-22
2024122203012463,SAPDBL,41,28,250.0,1026.0,256500.0,2024-12-22
2024122203012462,MLBBL,58,98,50.0,1630.0,81500.0,2024-12-22
2024122203012461,MLBBL,58,98,200.0,1640.0,328000.0,2024-12-22
2024122201021092,RFPL,7,81,30.0,950.0,28500.0,2024-12-22
2024122201021091,MEHL,55,49,10.0,450.0,4500.0,2024-12-22
2024122201021090,CZBIL,51,45,30.0,213.7,6411.0,2024-12-22
2024122201021089,SPC,58,14,10.0,514.9,5149.0,2024-12-22
2024122204012507,NLG,55,58,14.0,927.0,12978.0,2024-12-22
2024122204012506,JOSHI,17,49,10.0,450.1,4501.0,2024-12-22
2024122203012460,GMFIL,51,57,10.0,575.0,5750.0,2024-12-22
2024122203012459,GMFIL,51,7,100.0,570.0,57000.0,2024-12-22
2024122203012458,GMFIL,51,14,15.0,570.0,8550.0,2024-12-22
2024122203012457,NABBC,62,48,10.0,1244.0,12440.0,2024-12-22
2024122203012456,KRBL,35,36,10.0,777.99,7779.9,2024-12-22
2024122201021088,MLBS,8,57,10.0,2295.1,22951.0,2024-12-22
2024122204012505,RIDI,6,8,15.0,218.0,3270.0,2024-12-22
2024122204012504,RIDI,39,8,250.0,218.0,54500.0,2024-12-22
2024122201021087,SBL,50,56,10.0,306.0,3060.0,2024-12-22
2024122201021086,SBL,50,43,40.0,305.9,12236.0,2024-12-22
2024122205011776,CHDC,50,52,10.0,1574.0,15740.0,2024-12-22
2024122205011775,CHDC,50,34,30.0,1570.0,47100.0,2024-12-22
2024122201021085,TAMOR,16,1,10.0,512.0,5120.0,2024-12-22
2024122205011774,HIDCL,1,53,60.0,232.8,13968.0,2024-12-22
2024122205011773,HIDCL,1,55,140.0,232.0,32480.0,2024-12-22
2024122201021084,MKJC,29,72,10.0,513.0,5130.0,2024-12-22
2024122203012455,CORBL,29,5,10.0,1518.0,15180.0,2024-12-22
2024122203012454,BFC,33,5,305.0,701.0,213805.0,2024-12-22
2024122203012453,BFC,33,58,100.0,700.0,70000.0,2024-12-22
2024122203012452,BFC,33,49,45.0,700.0,31500.0,2024-12-22
2024122203012451,BFC,33,55,200.0,700.0,140000.0,2024-12-22
2024122203012450,BFC,33,43,750.0,699.9,524925.0,2024-12-22
2024122203012449,BFC,33,57,50.0,699.8,34990.0,2024-12-22
2024122203012448,BFC,33,32,70.0,695.0,48650.0,2024-12-22
2024122203012447,BFC,33,5,500.0,695.0,347500.0,2024-12-22
2024122203012446,BFC,33,13,100.0,693.7,69370.0,2024-12-22
2024122203012445,BFC,33,53,108.0,693.5,74898.0,2024-12-22
2024122203012444,BFC,33,45,500.0,693.0,346500.0,2024-12-22
2024122203012443,BFC,33,45,412.0,693.0,285516.0,2024-12-22
2024122203012442,BFC,33,41,500.0,692.0,346000.0,2024-12-22
2024122203012441,BFC,33,43,360.0,692.0,249120.0,2024-12-22
2024122204012503,HURJA,33,51,2000.0,225.0,450000.0,2024-12-22
2024122204012502,AHPC,26,65,200.0,241.9,48380.0,2024-12-22
2024122203012440,MLBL,4,43,86.0,384.0,33024.0,2024-12-22
2024122203012439,MLBL,4,43,914.0,384.0,350976.0,2024-12-22
2024122204012501,AHPC,4,65,120.0,241.9,29028.0,2024-12-22
2024122201021083,BEDC,56,45,10.0,711.7,7117.0,2024-12-22
2024122201021082,SGHC,45,32,20.0,466.0,9320.0,2024-12-22
2024122201021081,RHGCL,45,57,20.0,487.0,9740.0,2024-12-22
2024122204012500,SJCL,13,45,100.0,350.6,35060.0,2024-12-22
2024122204012499,RURU,6,21,27.0,682.0,18414.0,2024-12-22
2024122204012498,RURU,6,49,10.0,681.9,6819.0,2024-12-22
2024122204012497,RURU,6,18,54.0,680.0,36720.0,2024-12-22
2024122203012438,GRDBL,6,43,10.0,989.0,9890.0,2024-12-22
2024122204012496,TRH,36,26,13.0,1050.0,13650.0,2024-12-22
2024122203012437,SLBSL,67,17,10.0,1835.2,18352.0,2024-12-22
2024122203012436,NLIC,39,53,10.0,759.0,7590.0,2024-12-22
2024122201021080,UNLB,38,10,31.0,2500.0,77500.0,2024-12-22
2024122201021079,UNLB,38,58,15.0,2499.0,37485.0,2024-12-22
2024122201021078,UNLB,38,38,20.0,2499.0,49980.0,2024-12-22
2024122201021077,UNLB,38,47,10.0,2499.0,24990.0,2024-12-22
2024122201021076,UNLB,38,68,14.0,2498.8,34983.2,2024-12-22
2024122201021075,UNLB,38,45,10.0,2496.8,24968.0,2024-12-22
2024122201021074,UNLB,38,58,10.0,2480.0,24800.0,2024-12-22
2024122201021073,UNLB,38,45,100.0,2460.0,246000.0,2024-12-22
2024122201021072,UNLB,38,33,90.0,2438.0,219420.0,2024-12-22
2024122201021071,UNLB,70,33,110.0,2438.0,268180.0,2024-12-22
2024122201021070,UNLB,70,77,50.0,2438.0,121900.0,2024-12-22
2024122201021069,UNLB,70,48,140.0,2438.0,341320.0,2024-12-22
2024122203012435,NMBMF,38,49,10.0,700.0,7000.0,2024-12-22
2024122203012434,KRBL,16,21,10.0,769.0,7690.0,2024-12-22
2024122203012433,SAPDBL,14,54,10.0,1036.0,10360.0,2024-12-22
2024122203012432,EDBL,22,20,374.0,603.4,225671.6,2024-12-22
2024122203012431,EDBL,43,20,95.0,603.5,57332.5,2024-12-22
2024122203012430,EDBL,44,20,31.0,604.0,18724.0,2024-12-22
2024122203012429,JFL,41,58,100.0,932.0,93200.0,2024-12-22
2024122203012428,JFL,41,62,10.0,931.6,9316.0,2024-12-22
2024122203012427,JFL,41,45,500.0,931.0,465500.0,2024-12-22
2024122203012426,JFL,41,49,20.0,931.0,18620.0,2024-12-22
2024122203012425,JFL,41,55,200.0,930.0,186000.0,2024-12-22
2024122203012424,JFL,41,7,375.0,928.0,348000.0,2024-12-22
2024122203012423,JFL,41,34,200.0,928.0,185600.0,2024-12-22
2024122203012422,JFL,41,48,1885.0,926.1,1745698.5,2024-12-22
2024122203012421,JFL,41,7,100.0,922.0,92200.0,2024-12-22
2024122203012420,JFL,41,44,100.0,919.0,91900.0,2024-12-22
2024122203012419,JFL,41,57,522.0,919.0,479718.0,2024-12-22
2024122203012418,JFL,41,53,500.0,919.0,459500.0,2024-12-22
2024122203012417,JFL,41,57,50.0,919.0,45950.0,2024-12-22
2024122203012416,JFL,41,26,500.0,919.0,459500.0,2024-12-22
2024122203012415,JFL,41,14,10.0,918.0,9180.0,2024-12-22
2024122203012414,JFL,41,85,50.0,918.0,45900.0,2024-12-22
2024122203012413,JFL,41,57,100.0,914.9,91490.0,2024-12-22
2024122203012412,JFL,41,34,100.0,914.9,91490.0,2024-12-22
2024122203012411,JFL,41,60,400.0,914.9,365960.0,2024-12-22
2024122203012410,JFL,41,17,100.0,914.9,91490.0,2024-12-22
2024122203012409,JFL,41,13,400.0,914.9,365960.0,2024-12-22
2024122203012408,JFL,41,34,200.0,914.9,182980.0,2024-12-22
2024122203012407,JFL,41,39,40.0,914.9,36596.0,2024-12-22
2024122203012406,JFL,41,53,50.0,914.9,45745.0,2024-12-22
2024122203012405,JFL,41,57,100.0,914.9,91490.0,2024-12-22
2024122203012404,JFL,41,44,250.0,914.9,228725.0,2024-12-22
2024122203012403,JFL,41,32,63.0,914.9,57638.7,2024-12-22
2024122203012402,JFL,41,45,140.0,914.9,128086.0,2024-12-22
2024122203012401,JFL,41,13,45.0,914.0,41130.0,2024-12-22
2024122203012400,JFL,41,26,120.0,914.0,109680.0,2024-12-22
2024122203012399,JFL,41,13,50.0,914.0,45700.0,2024-12-22
2024122203012398,JFL,41,13,50.0,914.0,45700.0,2024-12-22
2024122203012397,JFL,41,26,50.0,912.9,45645.0,2024-12-22
2024122203012396,JFL,41,22,100.0,912.9,91290.0,2024-12-22
2024122203012395,JFL,41,49,68.0,912.9,62077.2,2024-12-22
2024122203012394,JFL,41,35,33.0,912.9,30125.7,2024-12-22
2024122203012393,JFL,41,13,20.0,912.9,18258.0,2024-12-22
2024122203012392,JFL,41,4,10.0,912.3,9123.0,2024-12-22
2024122203012391,JFL,41,14,100.0,912.3,91230.0,2024-12-22
2024122203012390,JFL,41,92,100.0,912.0,91200.0,2024-12-22
2024122203012389,JFL,41,16,179.0,912.0,163248.0,2024-12-22
2024122203012388,JFL,41,39,15.0,912.0,13680.0,2024-12-22
2024122203012387,JFL,41,35,100.0,912.0,91200.0,2024-12-22
2024122203012386,JFL,41,35,100.0,912.0,91200.0,2024-12-22
2024122203012385,JFL,41,34,200.0,912.0,182400.0,2024-12-22
2024122203012384,JFL,41,8,100.0,912.0,91200.0,2024-12-22
2024122203012383,JFL,41,45,100.0,911.8,91180.0,2024-12-22
2024122203012382,JFL,41,21,398.0,911.8,362896.4,2024-12-22
2024122203012381,JFL,41,32,100.0,911.6,91160.0,2024-12-22
2024122203012380,JFL,41,46,160.0,911.6,145856.0,2024-12-22
2024122203012379,JFL,41,44,40.0,911.6,36464.0,2024-12-22
2024122203012378,JFL,41,42,377.0,911.6,343673.2,2024-12-22
2024122203012377,JFL,41,43,10.0,911.6,9116.0,2024-12-22
2024122203012376,JFL,41,13,50.0,911.6,45580.0,2024-12-22
2024122203012375,JFL,41,34,10.0,911.6,9116.0,2024-12-22
2024122203012374,JFL,41,77,1670.0,911.6,1522372.0,2024-12-22
2024122203012373,JFL,41,57,50.0,911.5,45575.0,2024-12-22
2024122203012372,JFL,41,44,1000.0,911.0,911000.0,2024-12-22
2024122203012371,JFL,41,34,200.0,911.0,182200.0,2024-12-22
2024122203012370,JFL,41,38,60.0,911.0,54660.0,2024-12-22
2024122203012369,JFL,41,58,195.0,911.0,177645.0,2024-12-22
2024122203012368,JFL,41,13,20.0,911.0,18220.0,2024-12-22
2024122203012367,JFL,41,19,25.0,911.0,22775.0,2024-12-22
2024122203012366,JFL,41,11,30.0,911.0,27330.0,2024-12-22
2024122203012365,JFL,41,93,10.0,911.0,9110.0,2024-12-22
2024122203012364,JFL,41,6,200.0,911.0,182200.0,2024-12-22
2024122203012363,JFL,41,58,20.0,911.0,18220.0,2024-12-22
2024122203012362,JFL,41,34,1000.0,910.8,910800.0,2024-12-22
2024122203012361,JFL,41,49,100.0,910.0,91000.0,2024-12-22
2024122203012360,JFL,41,57,40.0,910.0,36400.0,2024-12-22
2024122203012359,JFL,41,49,53.0,910.0,48230.0,2024-12-22
2024122203012358,JFL,41,17,10.0,909.8,9098.0,2024-12-22
2024122203012357,JFL,41,16,100.0,909.8,90980.0,2024-12-22
2024122203012356,JFL,41,60,1000.0,909.8,909800.0,2024-12-22
2024122203012355,JFL,41,43,130.0,909.8,118274.0,2024-12-22
2024122203012354,JFL,41,17,75.0,909.0,68175.0,2024-12-22
2024122203012353,JFL,41,5,52.0,909.0,47268.0,2024-12-22
2024122203012352,JFL,41,6,500.0,909.0,454500.0,2024-12-22
2024122203012351,JFL,41,42,100.0,909.0,90900.0,2024-12-22
2024122203012350,JFL,41,46,20.0,907.8,18156.0,2024-12-22
2024122203012349,JFL,41,54,100.0,907.5,90750.0,2024-12-22
2024122203012348,JFL,41,32,200.0,907.0,181400.0,2024-12-22
2024122203012347,JFL,41,44,40.0,907.0,36280.0,2024-12-22
2024122203012346,JFL,41,50,100.0,907.0,90700.0,2024-12-22
2024122203012345,JFL,41,35,75.0,907.0,68025.0,2024-12-22
2024122203012344,JFL,41,6,200.0,907.0,181400.0,2024-12-22
2024122203012343,JFL,41,14,50.0,907.0,45350.0,2024-12-22
2024122203012342,JFL,41,26,50.0,907.0,45350.0,2024-12-22
2024122203012341,JFL,41,26,150.0,907.0,136050.0,2024-12-22
2024122203012340,JFL,41,14,200.0,907.0,181400.0,2024-12-22
2024122203012339,JFL,41,14,1000.0,907.0,907000.0,2024-12-22
2024122203012338,JFL,41,38,50.0,907.0,45350.0,2024-12-22
2024122203012337,JFL,41,34,200.0,907.0,181400.0,2024-12-22
2024122203012336,JFL,41,38,100.0,906.7,90670.0,2024-12-22
2024122203012335,JFL,41,37,40.0,906.7,36268.0,2024-12-22
2024122203012334,JFL,41,28,200.0,906.7,181340.0,2024-12-22
2024122203012333,JFL,41,46,20.0,906.6,18132.0,2024-12-22
2024122203012332,JFL,41,16,100.0,906.0,90600.0,2024-12-22
2024122203012331,JFL,41,48,200.0,906.0,181200.0,2024-12-22
2024122203012330,JFL,41,43,100.0,905.0,90500.0,2024-12-22
2024122203012329,JFL,41,32,100.0,905.0,90500.0,2024-12-22
2024122203012328,JFL,41,22,85.0,905.0,76925.0,2024-12-22
2024122203012327,JFL,41,58,50.0,905.0,45250.0,2024-12-22
2024122203012326,JFL,41,41,500.0,905.0,452500.0,2024-12-22
2024122203012325,JFL,41,25,150.0,905.0,135750.0,2024-12-22
2024122203012324,JFL,41,57,10.0,904.7,9047.0,2024-12-22
2024122203012323,JFL,41,74,200.0,904.0,180800.0,2024-12-22
2024122203012322,JFL,41,58,550.0,903.7,497035.0,2024-12-22
2024122203012321,JFL,41,22,500.0,903.7,451850.0,2024-12-22
2024122203012320,JFL,41,10,10.0,903.7,9037.0,2024-12-22
2024122203012319,JFL,41,51,50.0,903.5,45175.0,2024-12-22
2024122203012318,JFL,41,50,100.0,903.0,90300.0,2024-12-22
2024122203012317,JFL,41,29,40.0,903.0,36120.0,2024-12-22
2024122203012316,JFL,41,11,10.0,903.0,9030.0,2024-12-22
2024122203012315,JFL,41,95,200.0,902.7,180540.0,2024-12-22
2024122203012314,JFL,41,98,50.0,902.7,45135.0,2024-12-22
2024122203012313,JFL,41,94,200.0,902.7,180540.0,2024-12-22
2024122203012312,JFL,41,87,720.0,902.7,649944.0,2024-12-22
2024122203012311,JFL,41,47,50.0,902.7,45135.0,2024-12-22
2024122203012310,JFL,41,84,500.0,902.5,451250.0,2024-12-22
2024122203012309,JFL,41,51,1000.0,902.5,902500.0,2024-12-22
2024122203012308,JFL,41,1,20.0,902.5,18050.0,2024-12-22
2024122203012307,JFL,41,1,140.0,902.5,126350.0,2024-12-22
2024122203012306,JFL,41,6,100.0,902.4,90240.0,2024-12-22
2024122203012305,JFL,41,17,300.0,902.4,270720.0,2024-12-22
2024122203012304,JFL,41,45,255.0,902.4,230112.0,2024-12-22
2024122203012303,JFL,41,32,100.0,902.0,90200.0,2024-12-22
2024122203012302,JFL,41,6,1000.0,902.0,902000.0,2024-12-22
2024122203012301,JFL,41,81,1000.0,902.0,902000.0,2024-12-22
2024122203012300,JFL,41,39,500.0,902.0,451000.0,2024-12-22
2024122203012299,JFL,41,29,250.0,902.0,225500.0,2024-12-22
2024122203012298,JFL,41,65,500.0,902.0,451000.0,2024-12-22
2024122203012297,JFL,41,17,50.0,902.0,45100.0,2024-12-22
2024122203012296,JFL,41,36,100.0,902.0,90200.0,2024-12-22
2024122203012295,JFL,41,42,200.0,902.0,180400.0,2024-12-22
2024122203012294,JFL,41,57,200.0,902.0,180400.0,2024-12-22
2024122203012293,JFL,41,21,100.0,902.0,90200.0,2024-12-22
2024122203012292,JFL,41,36,460.0,902.0,414920.0,2024-12-22
2024122203012291,JFL,41,34,200.0,902.0,180400.0,2024-12-22
2024122203012290,JFL,41,38,50.0,901.6,45080.0,2024-12-22
2024122203012289,JFL,41,26,90.0,901.0,81090.0,2024-12-22
2024122203012288,JFL,41,17,200.0,901.0,180200.0,2024-12-22
2024122203012287,JFL,41,57,100.0,900.0,90000.0,2024-12-22
2024122203012286,JFL,41,52,110.0,900.0,99000.0,2024-12-22
2024122203012285,JFL,41,45,50.0,900.0,45000.0,2024-12-22
2024122203012284,JFL,41,65,500.0,900.0,450000.0,2024-12-22
2024122203012283,JFL,41,63,350.0,900.0,315000.0,2024-12-22
2024122203012282,JFL,41,17,20.0,900.0,18000.0,2024-12-22
2024122203012281,JFL,41,1,200.0,900.0,180000.0,2024-12-22
2024122203012280,JFL,41,58,90.0,900.0,81000.0,2024-12-22
2024122203012279,JFL,41,42,100.0,900.0,90000.0,2024-12-22
2024122203012278,JFL,41,50,90.0,900.0,81000.0,2024-12-22
2024122203012277,JFL,41,42,50.0,900.0,45000.0,2024-12-22
2024122203012276,JFL,41,34,20.0,900.0,18000.0,2024-12-22
2024122203012275,JFL,41,34,100.0,899.0,89900.0,2024-12-22
2024122203012274,JFL,41,7,1000.0,899.0,899000.0,2024-12-22
2024122203012273,JFL,41,70,100.0,899.0,89900.0,2024-12-22
2024122203012272,JFL,41,48,100.0,898.1,89810.0,2024-12-22
2024122203012271,JFL,41,34,122.0,897.9,109543.8,2024-12-22
2024122203012270,JFL,41,63,190.0,897.6,170544.0,2024-12-22
2024122203012269,JFL,41,13,200.0,897.6,179520.0,2024-12-22
2024122203012268,JFL,41,49,10.0,897.5,8975.0,2024-12-22
2024122203012267,JFL,41,40,50.0,897.0,44850.0,2024-12-22
2024122203012266,JFL,41,60,230.0,897.0,206310.0,2024-12-22
2024122203012265,JFL,41,34,200.0,897.0,179400.0,2024-12-22
2024122203012264,JFL,41,41,100.0,897.0,89700.0,2024-12-22
2024122203012263,JFL,41,13,500.0,897.0,448500.0,2024-12-22
2024122203012262,JFL,41,35,20.0,897.0,17940.0,2024-12-22
2024122203012261,JFL,41,14,425.0,896.5,381012.5,2024-12-22
2024122203012260,JFL,41,8,400.0,896.5,358600.0,2024-12-22
2024122203012259,JFL,41,4,400.0,896.0,358400.0,2024-12-22
2024122203012258,JFL,41,32,100.0,895.0,89500.0,2024-12-22
2024122203012257,JFL,41,58,89.0,895.0,79655.0,2024-12-22
2024122203012256,JFL,41,58,10.0,895.0,8950.0,2024-12-22
2024122203012255,JFL,41,7,50.0,895.0,44750.0,2024-12-22
2024122203012254,JFL,41,21,10.0,894.5,8945.0,2024-12-22
2024122203012253,JFL,41,34,100.0,894.0,89400.0,2024-12-22
2024122203012252,JFL,41,38,100.0,892.5,89250.0,2024-12-22
2024122203012251,JFL,41,6,400.0,892.5,357000.0,2024-12-22
2024122203012250,JFL,41,38,250.0,892.0,223000.0,2024-12-22
2024122203012249,JFL,41,29,400.0,892.0,356800.0,2024-12-22
2024122203012248,JFL,41,58,100.0,892.0,89200.0,2024-12-22
2024122203012247,JFL,41,72,500.0,891.0,445500.0,2024-12-22
2024122203012246,JFL,41,48,50.0,890.4,44520.0,2024-12-22
2024122203012245,JFL,41,74,1297.0,890.4,1154848.8,2024-12-22
2024122203012244,JFL,41,39,50.0,890.0,44500.0,2024-12-22
2024122203012243,JFL,41,44,1000.0,890.0,890000.0,2024-12-22
2024122203012242,JFL,41,45,199.0,890.0,177110.0,2024-12-22
2024122203012241,JFL,41,80,50.0,890.0,44500.0,2024-12-22
2024122203012240,JFL,41,13,20.0,890.0,17800.0,2024-12-22
2024122203012239,JFL,41,52,500.0,890.0,445000.0,2024-12-22
2024122203012238,JFL,41,1,500.0,890.0,445000.0,2024-12-22
2024122203012237,JFL,41,38,200.0,890.0,178000.0,2024-12-22
2024122203012236,JFL,41,22,60.0,890.0,53400.0,2024-12-22
2024122203012235,JFL,41,45,200.0,890.0,178000.0,2024-12-22
2024122203012234,JFL,41,35,100.0,890.0,89000.0,2024-12-22
2024122203012233,JFL,41,43,1000.0,890.0,890000.0,2024-12-22
2024122203012232,JFL,41,33,100.0,890.0,89000.0,2024-12-22
2024122203012231,JFL,41,46,20.0,889.4,17788.0,2024-12-22
2024122203012230,JFL,41,38,30.0,889.0,26670.0,2024-12-22
2024122203012229,JFL,41,80,200.0,885.0,177000.0,2024-12-22
2024122203012228,JFL,41,47,20.0,882.9,17658.0,2024-12-22
2024122203012227,JFL,41,5,450.0,882.0,396900.0,2024-12-22
2024122203012226,JFL,41,19,250.0,880.0,220000.0,2024-12-22
2024122203012225,JFL,41,1,100.0,880.0,88000.0,2024-12-22
2024122203012224,JFL,41,26,1000.0,880.0,880000.0,2024-12-22
2024122203012223,JFL,41,8,20.0,880.0,17600.0,2024-12-22
2024122203012222,JFL,41,57,50.0,878.0,43900.0,2024-12-22
2024122203012221,JFL,41,3,300.0,878.0,263400.0,2024-12-22
2024122203012220,JFL,41,16,10.0,877.0,8770.0,2024-12-22
2024122203012219,JFL,41,1,20.0,877.0,17540.0,2024-12-22
2024122203012218,JFL,41,35,330.0,875.0,288750.0,2024-12-22
2024122203012217,JFL,41,43,190.0,875.0,166250.0,2024-12-22
2024122203012216,JFL,41,8,310.0,873.0,270630.0,2024-12-22
2024122203012215,JFL,41,49,20.0,872.0,17440.0,2024-12-22
2024122203012214,JFL,8,34,10.0,837.0,8370.0,2024-12-22
2024122204012495,GLH,34,40,10.0,239.9,2399.0,2024-12-22
2024122201021068,MLBS,28,66,50.0,2335.0,116750.0,2024-12-22
2024122203012213,SAPDBL,28,54,80.0,1036.0,82880.0,2024-12-22
2024122203012212,HLBSL,42,43,10.0,915.0,9150.0,2024-12-22
2024122203012211,NABBC,55,20,98.0,1236.0,121128.0,2024-12-22
2024122203012210,NABBC,55,58,20.0,1235.0,24700.0,2024-12-22
2024122203012209,NABBC,55,38,500.0,1235.0,617500.0,2024-12-22
2024122203012208,NABBC,55,52,20.0,1235.0,24700.0,2024-12-22
2024122203012207,NABBC,55,86,20.0,1235.0,24700.0,2024-12-22
2024122203012206,NABBC,55,42,25.0,1235.0,30875.0,2024-12-22
2024122203012205,NABBC,55,16,20.0,1235.0,24700.0,2024-12-22
2024122203012204,NABBC,55,20,100.0,1235.0,123500.0,2024-12-22
2024122203012203,NABBC,55,5,180.0,1234.0,222120.0,2024-12-22
2024122203012202,NABBC,55,56,100.0,1234.0,123400.0,2024-12-22
2024122203012201,NABBC,55,6,20.0,1230.0,24600.0,2024-12-22
2024122203012200,NABBC,55,57,40.0,1230.0,49200.0,2024-12-22
2024122203012199,NABBC,55,1,300.0,1225.0,367500.0,2024-12-22
2024122203012198,NABBC,55,53,167.0,1225.0,204575.0,2024-12-22
2024122203012197,NABBC,55,34,200.0,1224.0,244800.0,2024-12-22
2024122203012196,NABBC,55,95,200.0,1224.0,244800.0,2024-12-22
2024122203012195,NABBC,55,16,20.0,1220.0,24400.0,2024-12-22
2024122203012194,NABBC,55,52,70.0,1220.0,85400.0,2024-12-22
2024122204012494,AKPL,17,32,407.0,235.0,95645.0,2024-12-22
2024122204012493,AKPL,17,52,411.0,235.0,96585.0,2024-12-22
2024122204012492,AKPL,17,57,100.0,234.0,23400.0,2024-12-22
2024122204012491,AKPL,17,42,109.0,234.0,25506.0,2024-12-22
2024122204012490,AKPL,17,34,300.0,233.0,69900.0,2024-12-22
2024122204012489,AKPL,17,25,473.0,233.0,110209.0,2024-12-22
2024122203012193,JBBL,62,22,10.0,356.8,3568.0,2024-12-22
2024122201021067,RHGCL,52,45,10.0,488.0,4880.0,2024-12-22
2024122201021066,RFPL,7,84,20.0,936.0,18720.0,2024-12-22
2024122203012192,SAPDBL,43,25,10.0,1036.0,10360.0,2024-12-22
2024122201021065,MHCL,65,94,186.0,551.0,102486.0,2024-12-22
2024122201021064,MHCL,65,44,500.0,550.9,275450.0,2024-12-22
2024122201021063,MHCL,65,35,210.0,550.0,115500.0,2024-12-22
2024122201021062,MHCL,65,17,100.0,550.0,55000.0,2024-12-22
2024122201021061,MHCL,65,58,35.0,550.0,19250.0,2024-12-22
2024122201021060,MHCL,65,32,300.0,550.0,165000.0,2024-12-22
2024122201021059,MHCL,65,58,10.0,550.0,5500.0,2024-12-22
2024122201021058,MHCL,65,4,269.0,550.0,147950.0,2024-12-22
2024122201021057,MHCL,65,4,1060.0,549.8,582788.0,2024-12-22
2024122201021056,MHCL,65,21,200.0,549.7,109940.0,2024-12-22
2024122201021055,MHCL,65,35,1000.0,549.0,549000.0,2024-12-22
2024122201021054,MHCL,65,64,200.0,548.9,109780.0,2024-12-22
2024122201021053,MHCL,65,58,110.0,548.9,60379.0,2024-12-22
2024122201021052,MHCL,65,32,220.0,548.0,120560.0,2024-12-22
2024122201021051,MHCL,65,94,100.0,547.9,54790.0,2024-12-22
2024122201021050,MHCL,65,32,400.0,547.0,218800.0,2024-12-22
2024122201021049,MHCL,65,36,100.0,547.0,54700.0,2024-12-22
2024122201021048,BHL,65,42,10.0,347.5,3475.0,2024-12-22
2024122201021047,RAWA,90,42,10.0,765.0,7650.0,2024-12-22
2024122203012191,USLB,32,26,10.0,1514.0,15140.0,2024-12-22
2024122201021046,SPHL,32,45,10.0,786.9,7869.0,2024-12-22
2024122203012190,MSLB,32,29,10.0,1466.0,14660.0,2024-12-22
2024122203012189,NABBC,71,52,10.0,1220.0,12200.0,2024-12-22
2024122203012188,SLBSL,66,17,10.0,1835.2,18352.0,2024-12-22
2024122201021045,PPL,53,22,50.0,576.0,28800.0,2024-12-22
2024122201021044,BHPL,92,22,40.0,830.5,33220.0,2024-12-22
2024122201021043,MEHL,99,49,10.0,446.6,4466.0,2024-12-22
2024122204012488,UNHPL,49,42,10.0,277.0,2770.0,2024-12-22
2024122201021042,MKHC,56,32,500.0,506.0,253000.0,2024-12-22
2024122201021041,MLBS,56,64,20.0,2341.9,46838.0,2024-12-22
2024122201021040,MLBS,56,64,20.0,2341.9,46838.0,2024-12-22
2024122201021039,MLBS,56,58,200.0,2142.0,428400.0,2024-12-22
2024122201021038,MLBS,56,77,147.0,2141.0,314727.0,2024-12-22
2024122201021037,MLBS,56,70,100.0,2127.7,212770.0,2024-12-22
2024122201021036,MLBS,56,6,15.0,2127.0,31905.0,2024-12-22
2024122201021035,MLBS,56,69,50.0,2122.6,106130.0,2024-12-22
2024122201021034,MLBS,56,58,10.0,2122.0,21220.0,2024-12-22
2024122201021033,MLBS,56,22,20.0,2121.6,42432.0,2024-12-22
2024122201021032,MLBS,56,70,80.0,2121.6,169728.0,2024-12-22
2024122201021031,MLBS,56,91,60.0,2118.5,127110.0,2024-12-22
2024122201021030,MLBS,56,91,50.0,2118.5,105925.0,2024-12-22
2024122201021029,MLBS,56,50,50.0,2117.5,105875.0,2024-12-22
2024122201021028,MLBS,56,42,50.0,2117.5,105875.0,2024-12-22
2024122201021027,MLBS,56,70,100.0,2117.0,211700.0,2024-12-22
2024122201021026,MLBS,56,42,50.0,2117.0,105850.0,2024-12-22
2024122201021025,MLBS,56,43,20.0,2115.0,42300.0,2024-12-22
2024122201021024,MLBS,56,40,20.0,2103.2,42064.0,2024-12-22
2024122201021023,MLBS,56,3,10.0,2103.0,21030.0,2024-12-22
2024122201021022,MLBS,56,40,20.0,2100.0,42000.0,2024-12-22
2024122203012187,SINDU,49,36,100.0,872.0,87200.0,2024-12-22
2024122201021021,ULHC,43,60,130.0,486.0,63180.0,2024-12-22
2024122201021020,ULHC,75,60,20.0,489.0,9780.0,2024-12-22
2024122204012487,KKHC,96,58,210.0,378.0,79380.0,2024-12-22
2024122204012486,KKHC,96,58,1000.0,378.0,378000.0,2024-12-22
2024122204012485,KKHC,96,94,100.0,378.0,37800.0,2024-12-22
2024122204012484,KKHC,96,11,50.0,378.0,18900.0,2024-12-22
2024122204012483,KKHC,96,49,80.0,378.0,30240.0,2024-12-22
2024122204012482,KKHC,96,11,50.0,377.0,18850.0,2024-12-22
2024122204012481,KKHC,96,11,50.0,376.9,18845.0,2024-12-22
2024122204012480,KKHC,96,8,1000.0,375.0,375000.0,2024-12-22
2024122204012479,KKHC,96,13,1000.0,375.0,375000.0,2024-12-22
2024122204012478,KKHC,96,1,500.0,375.0,187500.0,2024-12-22
2024122204012477,KKHC,96,34,150.0,375.0,56250.0,2024-12-22
2024122204012476,KKHC,96,37,1780.0,373.0,663940.0,2024-12-22
2024122204012475,KKHC,96,43,30.0,372.0,11160.0,2024-12-22
2024122201021019,MHL,6,49,10.0,875.0,8750.0,2024-12-22
2024122203012186,SMB,70,56,20.0,3660.2,73204.0,2024-12-22
2024122203012185,SMB,70,34,29.0,3095.0,89755.0,2024-12-22
2024122203012184,SMB,70,17,200.0,3054.6,610920.0,2024-12-22
2024122203012183,SMB,70,41,100.0,3054.6,305460.0,2024-12-22
2024122203012182,SMB,70,6,16.0,3054.6,48873.6,2024-12-22
2024122203012181,SMB,70,36,10.0,3054.0,30540.0,2024-12-22
2024122203012180,SMB,70,34,60.0,3054.0,183240.0,2024-12-22
2024122203012179,SMB,70,17,652.0,3054.0,1991208.0,2024-12-22
2024122203012178,SMB,70,46,50.0,3054.0,152700.0,2024-12-22
2024122203012177,SMB,70,1,100.0,3054.0,305400.0,2024-12-22
2024122203012176,SMB,70,32,10.0,3054.0,30540.0,2024-12-22
2024122203012175,SMB,70,5,10.0,3053.9,30539.0,2024-12-22
2024122203012174,SMB,70,33,10.0,3052.9,30529.0,2024-12-22
2024122203012173,SMB,70,34,17.0,3000.0,51000.0,2024-12-22
2024122203012172,SMB,70,56,200.0,2994.8,598960.0,2024-12-22
2024122203012171,SMB,70,13,50.0,2994.8,149740.0,2024-12-22
2024122203012170,SMB,70,56,100.0,2994.8,299480.0,2024-12-22
2024122203012169,SMB,70,56,260.0,2994.8,778648.0,2024-12-22
2024122205011772,NBF2,40,48,100.0,9.44,944.0,2024-12-22
2024122203012168,SMFBS,74,18,10.0,1983.0,19830.0,2024-12-22
2024122201021018,RAWA,57,45,10.0,765.0,7650.0,2024-12-22
2024122201021017,RAWA,57,4,10.0,760.5,7605.0,2024-12-22
2024122201021016,RAWA,57,13,10.0,760.0,7600.0,2024-12-22
2024122201021015,RAWA,57,13,10.0,759.9,7599.0,2024-12-22
2024122203012167,MFIL,34,57,70.0,663.3,46431.0,2024-12-22
2024122201021014,BNHC,57,34,10.0,477.0,4770.0,2024-12-22
2024122201021013,MHCL,14,36,20.0,547.0,10940.0,2024-12-22
2024122204012474,SPIL,44,1,10.0,792.0,7920.0,2024-12-22
2024122205011771,PHCL,44,17,10.0,531.9,5319.0,2024-12-22
2024122205011770,PHCL,44,38,10.0,531.0,5310.0,2024-12-22
2024122205011769,PHCL,44,35,10.0,531.0,5310.0,2024-12-22
2024122203012166,EDBL,44,44,69.0,604.0,41676.0,2024-12-22
2024122203012165,CFCL,34,34,28.0,596.0,16688.0,2024-12-22
2024122203012164,CFCL,29,34,80.0,596.0,47680.0,2024-12-22
2024122201021012,BEDC,17,45,10.0,711.7,7117.0,2024-12-22
2024122204012473,HURJA,77,51,20.0,225.0,4500.0,2024-12-22
2024122204012472,HURJA,21,51,500.0,225.0,112500.0,2024-12-22
2024122204012471,HURJA,21,51,400.0,225.0,90000.0,2024-12-22
2024122204012470,HURJA,58,51,45.0,225.0,10125.0,2024-12-22
2024122204012469,HURJA,34,51,1000.0,225.0,225000.0,2024-12-22
2024122204012468,HURJA,6,51,60.0,225.0,13500.0,2024-12-22
2024122204012467,HURJA,14,51,150.0,225.0,33750.0,2024-12-22
2024122204012466,HURJA,18,51,200.0,225.0,45000.0,2024-12-22
2024122204012465,HURJA,33,51,2799.0,225.1,630054.9,2024-12-22
2024122204012464,HURJA,4,51,750.0,225.2,168900.0,2024-12-22
2024122201021011,MSHL,62,99,10.0,974.0,9740.0,2024-12-22
2024122201021010,MHCL,58,36,100.0,547.0,54700.0,2024-12-22
2024122204012463,UPCL,35,82,10.0,269.0,2690.0,2024-12-22
2024122203012163,SLBSL,35,17,10.0,1835.2,18352.0,2024-12-22
2024122203012162,CORBL,84,5,20.0,1518.0,30360.0,2024-12-22
2024122205011768,NRM,36,18,20.0,433.9,8678.0,2024-12-22
2024122204012462,SSHL,43,38,10.0,230.0,2300.0,2024-12-22
2024122201021009,MHCL,65,36,10.0,547.0,5470.0,2024-12-22
2024122203012161,SIFC,53,58,50.0,575.0,28750.0,2024-12-22
2024122203012160,SIFC,42,58,100.0,575.0,57500.0,2024-12-22
2024122203012159,SIFC,17,58,50.0,575.0,28750.0,2024-12-22
2024122201021008,TAMOR,58,57,30.0,518.0,15540.0,2024-12-22
2024122201021007,TAMOR,58,41,50.0,517.0,25850.0,2024-12-22
2024122201021006,TAMOR,58,48,10.0,515.0,5150.0,2024-12-22
2024122201021005,TAMOR,58,48,490.0,514.0,251860.0,2024-12-22
2024122201021004,TAMOR,58,19,220.0,513.9,113058.0,2024-12-22
2024122201021003,IHL,26,19,10.0,680.0,6800.0,2024-12-22
2024122205011767,NRIC,29,29,357.0,725.0,258825.0,2024-12-22
2024122205011766,NRIC,26,29,50.0,725.0,36250.0,2024-12-22
2024122205011765,NRIC,1,29,21.0,725.0,15225.0,2024-12-22
2024122205011764,NRIC,6,29,50.0,725.0,36250.0,2024-12-22
2024122205011763,NRIC,59,29,50.0,725.0,36250.0,2024-12-22
2024122205011762,NRIC,32,29,19.0,725.0,13775.0,2024-12-22
2024122205011761,NRIC,52,29,10.0,725.0,7250.0,2024-12-22
2024122205011760,NRIC,35,29,70.0,725.0,50750.0,2024-12-22
2024122205011759,NRIC,35,29,82.0,725.0,59450.0,2024-12-22
2024122205011758,NRIC,38,29,50.0,725.0,36250.0,2024-12-22
2024122205011757,NRIC,45,29,20.0,725.0,14500.0,2024-12-22
2024122205011756,NRIC,59,29,18.0,725.0,13050.0,2024-12-22
2024122205011755,NRIC,37,29,50.0,725.0,36250.0,2024-12-22
2024122205011754,NRIC,41,29,50.0,725.0,36250.0,2024-12-22
2024122205011753,NRIC,16,29,75.0,725.0,54375.0,2024-12-22
2024122205011752,NRIC,39,29,200.0,725.0,145000.0,2024-12-22
2024122205011751,NRIC,90,29,200.0,725.0,145000.0,2024-12-22
2024122205011750,NRIC,41,29,25.0,725.0,18125.0,2024-12-22
2024122205011749,NRIC,39,29,100.0,725.0,72500.0,2024-12-22
2024122205011748,NRIC,8,29,500.0,725.0,362500.0,2024-12-22
2024122205011747,NRIC,42,29,30.0,725.1,21753.0,2024-12-22
2024122205011746,NRIC,50,29,250.0,725.1,181275.0,2024-12-22
2024122205011745,NRIC,34,29,50.0,725.3,36265.0,2024-12-22
2024122205011744,NRIC,25,29,200.0,726.0,145200.0,2024-12-22
2024122205011743,NRIC,21,29,100.0,726.0,72600.0,2024-12-22
2024122205011742,NRIC,38,29,93.0,726.8,67592.4,2024-12-22
2024122205011741,NRIC,57,29,100.0,727.0,72700.0,2024-12-22
2024122205011740,NRIC,86,29,100.0,727.0,72700.0,2024-12-22
2024122205011739,NRIC,46,29,50.0,727.3,36365.0,2024-12-22
2024122205011738,NRIC,6,29,30.0,727.3,21819.0,2024-12-22
2024122204012461,HEI,22,7,14.0,630.0,8820.0,2024-12-22
2024122201021002,KBSH,48,6,10.0,2615.0,26150.0,2024-12-22
2024122201021001,CKHL,21,48,260.0,771.0,200460.0,2024-12-22
2024122201021000,CKHL,62,48,240.0,771.0,185040.0,2024-12-22
2024122201020999,KBSH,49,6,10.0,2615.0,26150.0,2024-12-22
2024122201020998,BEDC,74,56,75.0,711.0,53325.0,2024-12-22
2024122201020997,USHL,58,45,50.0,750.0,37500.0,2024-12-22
2024122203012158,SMPDA,1,21,10.0,928.0,9280.0,2024-12-22
2024122201020996,GBIME,11,64,190.0,218.5,41515.0,2024-12-22
2024122201020995,GBIME,54,64,10.0,218.6,2186.0,2024-12-22
2024122203012157,HLI,45,52,35.0,445.0,15575.0,2024-12-22
2024122203012156,HLI,45,37,65.0,444.5,28892.5,2024-12-22
2024122205011737,NIFRA,64,32,22.0,244.0,5368.0,2024-12-22
2024122205011736,NIFRA,64,45,10.0,243.9,2439.0,2024-12-22
2024122205011735,NIFRA,64,45,190.0,243.3,46227.0,2024-12-22
2024122205011734,NIFRA,64,35,428.0,242.7,103875.6,2024-12-22
2024122203012155,KRBL,38,36,182.0,777.99,141594.18,2024-12-22
2024122203012154,KRBL,38,77,100.0,777.0,77700.0,2024-12-22
2024122203012153,KRBL,38,39,228.0,776.5,177042.0,2024-12-22
2024122203012152,KRBL,38,71,90.0,775.0,69750.0,2024-12-22
2024122203012151,NABBC,38,52,10.0,1220.0,12200.0,2024-12-22
2024122201020994,SANIMA,14,55,100.0,299.0,29900.0,2024-12-22
2024122203012150,SINDU,88,49,10.0,887.5,8875.0,2024-12-22
2024122203012149,SINDU,88,71,290.0,887.0,257230.0,2024-12-22
2024122203012148,GUFL,34,35,10.0,668.9,6689.0,2024-12-22
2024122201020993,SRLI,41,35,50.0,417.8,20890.0,2024-12-22
2024122203012147,JFL,50,41,1000.0,850.7,850700.0,2024-12-22
2024122203012146,JFL,62,41,100.0,850.9,85090.0,2024-12-22
2024122203012145,JFL,57,41,500.0,854.6,427300.0,2024-12-22
2024122203012144,JFL,58,41,90.0,854.6,76914.0,2024-12-22
2024122203012143,JFL,13,41,20.0,854.6,17092.0,2024-12-22
2024122203012142,JFL,44,41,30.0,854.9,25647.0,2024-12-22
2024122203012141,JFL,35,41,200.0,854.9,170980.0,2024-12-22
2024122203012140,JFL,57,41,50.0,854.9,42745.0,2024-12-22
2024122203012139,JFL,55,41,30.0,854.9,25647.0,2024-12-22
2024122203012138,JFL,41,41,30.0,854.9,25647.0,2024-12-22
2024122203012137,JFL,14,41,20.0,854.9,17098.0,2024-12-22
2024122203012136,JFL,7,41,100.0,854.9,85490.0,2024-12-22
2024122203012135,JFL,44,41,500.0,855.0,427500.0,2024-12-22
2024122203012134,JFL,62,41,90.0,855.0,76950.0,2024-12-22
2024122203012133,JFL,35,41,100.0,855.0,85500.0,2024-12-22
2024122203012132,JFL,34,41,90.0,855.0,76950.0,2024-12-22
2024122203012131,JFL,41,41,20.0,855.0,17100.0,2024-12-22
2024122203012130,JFL,42,41,40.0,855.6,34224.0,2024-12-22
2024122203012129,JFL,26,41,50.0,855.6,42780.0,2024-12-22
2024122203012128,JFL,67,41,300.0,855.6,256680.0,2024-12-22
2024122203012127,JFL,58,41,600.0,855.6,513360.0,2024-12-22
2024122203012126,JFL,41,41,10.0,855.6,8556.0,2024-12-22
2024122203012125,JFL,13,41,10.0,855.6,8556.0,2024-12-22
2024122203012124,JFL,44,41,1000.0,855.6,855600.0,2024-12-22
2024122203012123,JFL,58,41,1000.0,855.6,855600.0,2024-12-22
2024122203012122,JFL,62,41,10.0,855.6,8556.0,2024-12-22
2024122203012121,JFL,38,41,500.0,855.6,427800.0,2024-12-22
2024122203012120,JFL,45,41,150.0,855.6,128340.0,2024-12-22
2024122203012119,JFL,46,41,200.0,855.6,171120.0,2024-12-22
2024122203012118,JFL,58,41,1000.0,855.6,855600.0,2024-12-22
2024122203012117,JFL,98,41,50.0,855.6,42780.0,2024-12-22
2024122203012116,JFL,49,41,1000.0,855.6,855600.0,2024-12-22
2024122203012115,JFL,38,41,300.0,855.6,256680.0,2024-12-22
2024122203012114,JFL,50,41,1000.0,855.6,855600.0,2024-12-22
2024122203012113,JFL,99,41,400.0,855.6,342240.0,2024-12-22
2024122203012112,JFL,71,41,300.0,855.9,256770.0,2024-12-22
2024122203012111,JFL,42,41,350.0,856.0,299600.0,2024-12-22
2024122203012110,JFL,49,41,20.0,856.0,17120.0,2024-12-22
2024122203012109,JFL,6,41,30.0,856.0,25680.0,2024-12-22
2024122203012108,JFL,34,41,100.0,856.0,85600.0,2024-12-22
2024122203012107,JFL,16,41,100.0,856.0,85600.0,2024-12-22
2024122203012106,JFL,75,41,50.0,856.0,42800.0,2024-12-22
2024122203012105,JFL,58,41,500.0,856.0,428000.0,2024-12-22
2024122203012104,JFL,34,41,200.0,856.0,171200.0,2024-12-22
2024122203012103,JFL,72,41,500.0,856.0,428000.0,2024-12-22
2024122203012102,JFL,55,41,100.0,856.0,85600.0,2024-12-22
2024122203012101,JFL,16,41,280.0,856.0,239680.0,2024-12-22
2024122203012100,JFL,57,41,500.0,856.1,428050.0,2024-12-22
2024122203012099,JFL,44,41,500.0,856.1,428050.0,2024-12-22
2024122203012098,JFL,19,41,100.0,856.1,85610.0,2024-12-22
2024122203012097,JFL,47,41,57.0,856.5,48820.5,2024-12-22
2024122203012096,JFL,63,41,200.0,856.6,171320.0,2024-12-22
2024122203012095,JFL,38,41,200.0,857.0,171400.0,2024-12-22
2024122203012094,JFL,8,41,90.0,857.5,77175.0,2024-12-22
2024122203012093,JFL,80,41,50.0,857.5,42875.0,2024-12-22
2024122203012092,JFL,55,41,500.0,858.0,429000.0,2024-12-22
2024122203012091,JFL,14,41,50.0,858.0,42900.0,2024-12-22
2024122203012090,JFL,54,41,100.0,858.5,85850.0,2024-12-22
2024122203012089,JFL,5,41,150.0,858.5,128775.0,2024-12-22
2024122203012088,JFL,57,41,50.0,858.5,42925.0,2024-12-22
2024122203012087,JFL,57,41,50.0,858.5,42925.0,2024-12-22
2024122203012086,JFL,47,41,50.0,858.5,42925.0,2024-12-22
2024122203012085,JFL,33,41,20.0,858.5,17170.0,2024-12-22
2024122203012084,JFL,5,41,150.0,858.5,128775.0,2024-12-22
2024122203012083,JFL,57,41,100.0,858.5,85850.0,2024-12-22
2024122203012082,JFL,26,41,200.0,858.5,171700.0,2024-12-22
2024122203012081,JFL,42,41,40.0,858.5,34340.0,2024-12-22
2024122203012080,JFL,55,41,50.0,858.5,42925.0,2024-12-22
2024122203012079,JFL,40,41,1000.0,858.5,858500.0,2024-12-22
2024122203012078,JFL,40,41,1000.0,858.5,858500.0,2024-12-22
2024122203012077,JFL,4,41,1500.0,859.0,1288500.0,2024-12-22
2024122203012076,JFL,49,41,1000.0,859.0,859000.0,2024-12-22
2024122203012075,JFL,35,41,500.0,860.0,430000.0,2024-12-22
2024122203012074,JFL,45,41,100.0,860.0,86000.0,2024-12-22
2024122203012073,JFL,49,41,500.0,860.0,430000.0,2024-12-22
2024122203012072,JFL,49,41,78.0,860.0,67080.0,2024-12-22
2024122203012071,JFL,36,41,45.0,860.0,38700.0,2024-12-22
2024122203012070,JFL,32,41,20.0,860.0,17200.0,2024-12-22
2024122203012069,JFL,19,41,25.0,860.0,21500.0,2024-12-22
2024122203012068,JFL,7,41,500.0,860.0,430000.0,2024-12-22
2024122203012067,JFL,34,41,20.0,860.0,17200.0,2024-12-22
2024122203012066,JFL,58,41,50.0,860.0,43000.0,2024-12-22
2024122203012065,JFL,26,41,50.0,860.7,43035.0,2024-12-22
2024122203012064,JFL,1,41,300.0,861.5,258450.0,2024-12-22
2024122203012063,JFL,17,41,10.0,861.5,8615.0,2024-12-22
2024122203012062,JFL,58,41,540.0,862.0,465480.0,2024-12-22
2024122203012061,JFL,6,41,200.0,862.0,172400.0,2024-12-22
2024122203012060,JFL,17,41,100.0,862.4,86240.0,2024-12-22
2024122203012059,JFL,34,41,200.0,862.4,172480.0,2024-12-22
2024122203012058,JFL,47,41,10.0,862.4,8624.0,2024-12-22
2024122203012057,JFL,56,41,30.0,862.4,25872.0,2024-12-22
2024122203012056,JFL,62,41,200.0,862.4,172480.0,2024-12-22
2024122203012055,JFL,45,41,74.0,862.4,63817.6,2024-12-22
2024122201020992,MLBS,28,40,10.0,2100.0,21000.0,2024-12-22
2024122201020991,EHPL,42,48,10.0,726.4,7264.0,2024-12-22
2024122204012460,AKJCL,42,43,500.0,198.2,99100.0,2024-12-22
2024122204012459,NGPL,55,53,142.0,255.5,36281.0,2024-12-22
2024122201020990,MEHL,99,62,270.0,446.6,120582.0,2024-12-22
2024122203012054,NFS,62,22,10.0,1055.0,10550.0,2024-12-22
2024122204012458,SPDL,62,26,300.0,317.0,95100.0,2024-12-22
2024122205011733,VLUCL,32,52,20.0,648.0,12960.0,2024-12-22
2024122201020989,UHEWA,50,52,10.0,680.0,6800.0,2024-12-22
2024122204012457,AKJCL,45,13,10.0,198.0,1980.0,2024-12-22
2024122204012456,GHL,58,26,15.0,204.0,3060.0,2024-12-22
2024122201020988,MKJC,58,72,100.0,513.0,51300.0,2024-12-22
2024122203012053,MDB,58,58,50.0,684.3,34215.0,2024-12-22
2024122203012052,MDB,45,58,100.0,684.4,68440.0,2024-12-22
2024122203012051,SINDU,32,71,10.0,887.0,8870.0,2024-12-22
2024122203012050,SINDU,32,48,10.0,879.0,8790.0,2024-12-22
2024122203012049,SINDU,32,37,80.0,875.0,70000.0,2024-12-22
2024122204012455,BARUN,4,32,106.0,404.9,42919.4,2024-12-22
2024122204012454,BARUN,4,18,54.0,403.0,21762.0,2024-12-22
2024122204012453,BARUN,4,90,50.0,402.0,20100.0,2024-12-22
2024122203012048,SIFC,17,1,100.0,575.0,57500.0,2024-12-22
2024122204012452,AKJCL,45,45,607.0,198.0,120186.0,2024-12-22
2024122204012451,AKJCL,38,45,500.0,198.0,99000.0,2024-12-22
2024122204012450,AKJCL,13,45,300.0,198.0,59400.0,2024-12-22
2024122204012449,AKJCL,6,45,383.0,198.0,75834.0,2024-12-22
2024122204012448,AKJCL,32,45,200.0,198.1,39620.0,2024-12-22
2024122201020987,BEDC,74,92,100.0,710.0,71000.0,2024-12-22
2024122201020986,BEDC,74,48,1000.0,710.0,710000.0,2024-12-22
2024122201020985,BEDC,74,41,10.0,710.0,7100.0,2024-12-22
2024122201020984,BEDC,74,58,28.0,710.0,19880.0,2024-12-22
2024122201020983,BEDC,74,72,500.0,709.0,354500.0,2024-12-22
2024122203012047,JFL,45,38,426.0,862.4,367382.4,2024-12-22
2024122203012046,JFL,14,38,74.0,862.5,63825.0,2024-12-22
2024122201020982,SPL,14,48,10.0,980.0,9800.0,2024-12-22
2024122205011732,SBCF,49,34,100.0,9.11,911.0,2024-12-22
2024122201020981,SCB,36,16,28.0,665.0,18620.0,2024-12-22
2024122204012447,NLG,55,98,130.0,927.0,120510.0,2024-12-22
2024122201020980,SRLI,1,42,10.0,417.0,4170.0,2024-12-22
2024122201020979,SRLI,6,42,200.0,417.0,83400.0,2024-12-22
2024122201020978,SRLI,6,42,30.0,417.0,12510.0,2024-12-22
2024122201020977,SRLI,21,42,100.0,417.0,41700.0,2024-12-22
2024122201020976,SRLI,42,42,10.0,417.0,4170.0,2024-12-22
2024122201020975,AHL,53,45,10.0,710.0,7100.0,2024-12-22
2024122201020974,AHL,53,16,54.0,710.0,38340.0,2024-12-22
2024122201020973,AHL,53,49,10.0,708.0,7080.0,2024-12-22
2024122203012045,JFL,14,51,26.0,862.5,22425.0,2024-12-22
2024122203012044,JFL,34,51,100.0,862.5,86250.0,2024-12-22
2024122203012043,JFL,61,51,50.0,863.0,43150.0,2024-12-22
2024122203012042,JFL,80,51,100.0,863.0,86300.0,2024-12-22
2024122203012041,JFL,51,51,140.0,863.0,120820.0,2024-12-22
2024122203012040,JFL,80,51,100.0,863.1,86310.0,2024-12-22
2024122203012039,JFL,74,51,184.0,870.0,160080.0,2024-12-22
2024122204012446,SHPC,45,62,10.0,518.0,5180.0,2024-12-22
2024122201020972,UHEWA,50,43,351.0,680.0,238680.0,2024-12-22
2024122201020971,UHEWA,33,43,500.0,680.1,340050.0,2024-12-22
2024122201020970,UHEWA,81,43,100.0,680.1,68010.0,2024-12-22
2024122201020969,UHEWA,45,43,49.0,680.1,33324.9,2024-12-22
2024122201020968,RHGCL,90,45,10.0,488.0,4880.0,2024-12-22
2024122201020967,PRVU,11,42,100.0,215.0,21500.0,2024-12-22
2024122201020966,KBL,58,21,30.0,209.1,6273.0,2024-12-22
2024122205011731,NRN,58,52,20.0,948.9,18978.0,2024-12-22
2024122205011730,NRN,58,22,50.0,948.0,47400.0,2024-12-22
2024122205011729,NRN,58,89,30.0,945.0,28350.0,2024-12-22
2024122205011728,NRN,58,38,400.0,944.0,377600.0,2024-12-22
2024122205011727,NRN,58,45,200.0,944.0,188800.0,2024-12-22
2024122205011726,NTC,22,49,14.0,943.0,13202.0,2024-12-22
2024122204012445,NGPL,49,53,15.0,255.5,3832.5,2024-12-22
2024122201020965,MANDU,42,49,100.0,875.5,87550.0,2024-12-22
2024122203012038,SADBL,6,32,40.0,404.9,16196.0,2024-12-22
2024122203012037,SMFBS,44,74,100.0,1956.2,195620.0,2024-12-22
2024122201020964,BEDC,74,58,107.0,710.0,75970.0,2024-12-22
2024122201020963,BEDC,74,42,150.0,710.0,106500.0,2024-12-22
2024122201020962,BEDC,74,82,133.0,710.0,94430.0,2024-12-22
2024122201020961,BEDC,74,8,10.0,709.0,7090.0,2024-12-22
2024122205011725,SAHAS,34,57,55.0,470.0,25850.0,2024-12-22
2024122205011724,SAHAS,49,57,200.0,470.1,94020.0,2024-12-22
2024122205011723,SAHAS,46,57,220.0,470.1,103422.0,2024-12-22
2024122205011722,SAHAS,49,57,50.0,470.1,23505.0,2024-12-22
2024122205011721,SAHAS,49,57,25.0,470.1,11752.5,2024-12-22
2024122205011720,SAHAS,17,57,200.0,470.1,94020.0,2024-12-22
2024122205011719,SAHAS,48,57,100.0,470.4,47040.0,2024-12-22
2024122205011718,SAHAS,34,57,200.0,470.4,94080.0,2024-12-22
2024122205011717,SAHAS,19,57,100.0,470.5,47050.0,2024-12-22
2024122201020960,MHCL,57,36,360.0,547.0,196920.0,2024-12-22
2024122201020959,MHCL,57,7,40.0,546.9,21876.0,2024-12-22
2024122204012444,HDHPC,54,49,30.0,194.8,5844.0,2024-12-22
2024122201020958,SIKLES,61,14,10.0,854.9,8549.0,2024-12-22
2024122203012036,NFS,41,22,100.0,1055.0,105500.0,2024-12-22
2024122201020957,KDL,42,42,10.0,1190.0,11900.0,2024-12-22
2024122203012035,CORBL,71,13,10.0,1500.0,15000.0,2024-12-22
2024122204012443,UPPER,4,58,250.0,202.0,50500.0,2024-12-22
2024122204012442,JOSHI,22,4,25.0,450.0,11250.0,2024-12-22
2024122201020956,NICA,7,59,70.0,390.0,27300.0,2024-12-22
2024122201020955,NICA,7,38,100.0,390.0,39000.0,2024-12-22
2024122201020954,NICA,7,6,30.0,390.0,11700.0,2024-12-22
2024122201020953,IHL,33,7,82.0,676.1,55440.2,2024-12-22
2024122201020952,DORDI,66,48,20.0,537.3,10746.0,2024-12-22
2024122205011716,SHIVM,47,34,100.0,566.0,56600.0,2024-12-22
2024122203012034,PROFL,34,91,13.0,625.0,8125.0,2024-12-22
2024122203012033,PROFL,35,91,50.0,625.0,31250.0,2024-12-22
2024122203012032,PROFL,58,91,288.0,625.0,180000.0,2024-12-22
2024122203012031,PROFL,51,91,20.0,625.1,12502.0,2024-12-22
2024122203012030,PROFL,62,91,29.0,625.3,18133.7,2024-12-22
2024122204012441,NHDL,50,77,800.0,742.0,593600.0,2024-12-22
2024122204012440,LEC,45,22,10.0,199.5,1995.0,2024-12-22
2024122204012439,RIDI,74,4,10.0,220.0,2200.0,2024-12-22
2024122201020951,CZBIL,95,21,621.0,213.2,132397.2,2024-12-22
2024122201020950,CZBIL,44,21,79.0,213.2,16842.8,2024-12-22
2024122201020949,HHL,16,45,300.0,522.0,156600.0,2024-12-22
2024122201020948,HHL,16,61,500.0,522.0,261000.0,2024-12-22
2024122201020947,HHL,59,16,20.0,519.2,10384.0,2024-12-22
2024122203012029,LICN,91,57,20.0,1150.0,23000.0,2024-12-22
2024122203012028,NMFBS,57,57,67.0,1235.0,82745.0,2024-12-22
2024122203012027,SINDU,14,37,10.0,875.0,8750.0,2024-12-22
2024122205011715,VLUCL,34,49,200.0,648.1,129620.0,2024-12-22
2024122204012438,UMHL,58,41,260.0,321.5,83590.0,2024-12-22
2024122201020946,MHCL,65,35,1000.0,542.1,542100.0,2024-12-22
2024122201020945,PPL,53,46,10.0,576.0,5760.0,2024-12-22
2024122201020944,MSHL,90,99,10.0,974.0,9740.0,2024-12-22
2024122203012026,GRDBL,57,4,100.0,972.1,97210.0,2024-12-22
2024122204012437,CGH,41,58,140.0,907.0,126980.0,2024-12-22
2024122201020943,BGWT,58,58,30.0,960.0,28800.0,2024-12-22
2024122204012436,API,42,22,61.0,249.5,15219.5,2024-12-22
2024122204012435,API,56,22,39.0,249.9,9746.1,2024-12-22
2024122205011714,SAHAS,18,5,200.0,470.6,94120.0,2024-12-22
2024122204012434,SHEL,47,1,23.0,235.0,5405.0,2024-12-22
2024122204012433,SHEL,5,1,176.0,235.0,41360.0,2024-12-22
2024122201020942,SMH,96,25,10.0,1023.0,10230.0,2024-12-22
2024122204012432,PMHPL,45,19,10.0,272.0,2720.0,2024-12-22
2024122201020941,ADBL,6,1,11.0,323.2,3555.2,2024-12-22
2024122201020940,PRVU,48,34,10.0,214.5,2145.0,2024-12-22
2024122203012025,NFS,53,41,100.0,1032.0,103200.0,2024-12-22
2024122203012024,NFS,44,41,17.0,1032.0,17544.0,2024-12-22
2024122203012023,NFS,7,41,20.0,1032.0,20640.0,2024-12-22
2024122203012022,NFS,35,41,50.0,1032.0,51600.0,2024-12-22
2024122203012021,NFS,57,41,10.0,1032.0,10320.0,2024-12-22
2024122203012020,NFS,55,41,20.0,1032.0,20640.0,2024-12-22
2024122203012019,NFS,22,41,20.0,1032.0,20640.0,2024-12-22
2024122203012018,NFS,55,41,20.0,1032.0,20640.0,2024-12-22
2024122203012017,NFS,57,41,15.0,1032.0,15480.0,2024-12-22
2024122203012016,NFS,14,41,100.0,1032.0,103200.0,2024-12-22
2024122203012015,NFS,54,41,100.0,1032.0,103200.0,2024-12-22
2024122203012014,NFS,52,41,450.0,1032.0,464400.0,2024-12-22
2024122203012013,NFS,41,41,1000.0,1032.0,1032000.0,2024-12-22
2024122203012012,NFS,1,41,30.0,1032.0,30960.0,2024-12-22
2024122203012011,NFS,57,41,1500.0,1032.0,1548000.0,2024-12-22
2024122203012010,NFS,5,41,150.0,1032.0,154800.0,2024-12-22
2024122203012009,NFS,68,41,50.0,1032.0,51600.0,2024-12-22
2024122203012008,NFS,71,41,115.0,1032.0,118680.0,2024-12-22
2024122203012007,NFS,45,41,150.0,1032.0,154800.0,2024-12-22
2024122203012006,NFS,42,41,20.0,1032.0,20640.0,2024-12-22
2024122203012005,NFS,54,41,10.0,1032.0,10320.0,2024-12-22
2024122203012004,NFS,32,41,100.0,1032.0,103200.0,2024-12-22
2024122203012003,NFS,59,41,100.0,1032.0,103200.0,2024-12-22
2024122203012002,NFS,58,41,10.0,1032.0,10320.0,2024-12-22
2024122203012001,NFS,43,41,300.0,1032.3,309690.0,2024-12-22
2024122203012000,NFS,51,41,100.0,1033.0,103300.0,2024-12-22
2024122203011999,NFS,11,41,100.0,1033.0,103300.0,2024-12-22
2024122203011998,NFS,34,41,50.0,1034.4,51720.0,2024-12-22
2024122203011997,NFS,34,41,100.0,1034.6,103460.0,2024-12-22
2024122203011996,NFS,6,41,100.0,1034.6,103460.0,2024-12-22
2024122203011995,NFS,39,41,17.0,1034.9,17593.3,2024-12-22
2024122203011994,NFS,57,41,100.0,1034.9,103490.0,2024-12-22
2024122203011993,NFS,13,41,10.0,1034.9,10349.0,2024-12-22
2024122203011992,NFS,39,41,150.0,1034.9,155235.0,2024-12-22
2024122203011991,NFS,21,41,50.0,1034.9,51745.0,2024-12-22
2024122203011990,NFS,48,41,300.0,1034.9,310470.0,2024-12-22
2024122203011989,NFS,53,41,10.0,1034.9,10349.0,2024-12-22
2024122203011988,NFS,35,41,50.0,1035.0,51750.0,2024-12-22
2024122203011987,NFS,34,41,400.0,1035.0,414000.0,2024-12-22
2024122203011986,NFS,34,41,50.0,1035.0,51750.0,2024-12-22
2024122203011985,NFS,57,41,100.0,1035.0,103500.0,2024-12-22
2024122203011984,NFS,50,41,500.0,1035.0,517500.0,2024-12-22
2024122203011983,NFS,51,41,100.0,1035.0,103500.0,2024-12-22
2024122203011982,NFS,41,41,100.0,1035.0,103500.0,2024-12-22
2024122203011981,NFS,25,41,220.0,1035.0,227700.0,2024-12-22
2024122203011980,NFS,38,41,10.0,1035.0,10350.0,2024-12-22
2024122203011979,NFS,38,41,10.0,1035.0,10350.0,2024-12-22
2024122203011978,NFS,43,41,150.0,1035.0,155250.0,2024-12-22
2024122203011977,NFS,38,41,100.0,1035.9,103590.0,2024-12-22
2024122203011976,NFS,48,41,100.0,1035.9,103590.0,2024-12-22
2024122203011975,NFS,11,41,11.0,1035.9,11394.9,2024-12-22
2024122203011974,NFS,57,41,20.0,1035.9,20718.0,2024-12-22
2024122203011973,NFS,54,41,500.0,1035.9,517950.0,2024-12-22
2024122203011972,NFS,55,41,10.0,1035.9,10359.0,2024-12-22
2024122203011971,NFS,36,41,200.0,1035.9,207180.0,2024-12-22
2024122203011970,NFS,94,41,200.0,1035.9,207180.0,2024-12-22
2024122203011969,NFS,34,41,165.0,1035.9,170923.5,2024-12-22
2024122203011968,NFS,7,41,100.0,1035.9,103590.0,2024-12-22
2024122203011967,NFS,52,41,430.0,1036.0,445480.0,2024-12-22
2024122203011966,NFS,52,41,450.0,1036.0,466200.0,2024-12-22
2024122203011965,NFS,7,41,10.0,1036.0,10360.0,2024-12-22
2024122203011964,NFS,80,41,30.0,1036.0,31080.0,2024-12-22
2024122203011963,NFS,44,41,50.0,1036.0,51800.0,2024-12-22
2024122203011962,NFS,49,41,100.0,1036.0,103600.0,2024-12-22
2024122203011961,NFS,44,41,50.0,1036.0,51800.0,2024-12-22
2024122203011960,NFS,8,41,20.0,1036.0,20720.0,2024-12-22
2024122203011959,NFS,5,41,50.0,1036.0,51800.0,2024-12-22
2024122203011958,NFS,13,41,10.0,1036.0,10360.0,2024-12-22
2024122203011957,NFS,38,41,100.0,1036.0,103600.0,2024-12-22
2024122203011956,NFS,17,41,100.0,1036.0,103600.0,2024-12-22
2024122203011955,NFS,4,41,20.0,1036.0,20720.0,2024-12-22
2024122203011954,NFS,4,41,20.0,1036.0,20720.0,2024-12-22
2024122203011953,NFS,61,41,500.0,1036.0,518000.0,2024-12-22
2024122203011952,NFS,22,41,50.0,1036.0,51800.0,2024-12-22
2024122203011951,NFS,39,41,200.0,1036.0,207200.0,2024-12-22
2024122203011950,NFS,44,41,69.0,1036.9,71546.1,2024-12-22
2024122203011949,NFS,14,41,100.0,1037.0,103700.0,2024-12-22
2024122203011948,NFS,38,41,200.0,1037.0,207400.0,2024-12-22
2024122203011947,NFS,32,41,20.0,1037.0,20740.0,2024-12-22
2024122203011946,NFS,18,41,1000.0,1037.3,1037300.0,2024-12-22
2024122203011945,NFS,57,41,20.0,1037.9,20758.0,2024-12-22
2024122203011944,NFS,38,41,10.0,1038.0,10380.0,2024-12-22
2024122203011943,NFS,5,41,50.0,1038.0,51900.0,2024-12-22
2024122203011942,NFS,54,41,10.0,1038.8,10388.0,2024-12-22
2024122203011941,NFS,55,41,20.0,1038.8,20776.0,2024-12-22
2024122203011940,NFS,1,41,10.0,1038.8,10388.0,2024-12-22
2024122203011939,NFS,58,41,10.0,1038.8,10388.0,2024-12-22
2024122203011938,NFS,21,41,10.0,1038.8,10388.0,2024-12-22
2024122203011937,NFS,39,41,13.0,1038.8,13504.4,2024-12-22
2024122203011936,NFS,47,41,50.0,1038.9,51945.0,2024-12-22
2024122203011935,NFS,57,41,523.0,1039.0,543397.0,2024-12-22
2024122203011934,NFS,43,41,100.0,1039.0,103900.0,2024-12-22
2024122203011933,NFS,65,41,100.0,1039.0,103900.0,2024-12-22
2024122203011932,NFS,26,41,50.0,1039.0,51950.0,2024-12-22
2024122203011931,NFS,74,41,65.0,1039.8,67587.0,2024-12-22
2024122203011930,NFS,1,41,200.0,1039.8,207960.0,2024-12-22
2024122203011929,NFS,8,41,200.0,1039.8,207960.0,2024-12-22
2024122203011928,NFS,55,41,450.0,1039.8,467910.0,2024-12-22
2024122203011927,NFS,63,41,10.0,1040.0,10400.0,2024-12-22
2024122203011926,NFS,5,41,20.0,1040.0,20800.0,2024-12-22
2024122203011925,NFS,28,41,70.0,1040.0,72800.0,2024-12-22
2024122203011924,NFS,48,41,150.0,1040.0,156000.0,2024-12-22
2024122203011923,NFS,42,41,450.0,1040.0,468000.0,2024-12-22
2024122203011922,NFS,49,41,19.0,1040.0,19760.0,2024-12-22
2024122203011921,NFS,42,41,450.0,1040.0,468000.0,2024-12-22
2024122203011920,NFS,57,41,20.0,1040.0,20800.0,2024-12-22
2024122203011919,NFS,43,41,10.0,1040.0,10400.0,2024-12-22
2024122203011918,NFS,74,41,500.0,1040.0,520000.0,2024-12-22
2024122203011917,NFS,1,41,50.0,1040.0,52000.0,2024-12-22
2024122203011916,NFS,62,41,100.0,1040.0,104000.0,2024-12-22
2024122203011915,NFS,39,41,100.0,1040.0,104000.0,2024-12-22
2024122203011914,NFS,34,41,20.0,1040.0,20800.0,2024-12-22
2024122203011913,NFS,34,41,20.0,1040.0,20800.0,2024-12-22
2024122203011912,NFS,37,41,50.0,1040.0,52000.0,2024-12-22
2024122203011911,NFS,36,41,50.0,1040.0,52000.0,2024-12-22
2024122203011910,NFS,58,41,80.0,1040.0,83200.0,2024-12-22
2024122203011909,NFS,38,41,10.0,1040.0,10400.0,2024-12-22
2024122203011908,NFS,38,41,10.0,1040.0,10400.0,2024-12-22
2024122203011907,NFS,39,41,100.0,1040.8,104080.0,2024-12-22
2024122203011906,NFS,47,41,200.0,1041.0,208200.0,2024-12-22
2024122203011905,NFS,55,41,20.0,1041.8,20836.0,2024-12-22
2024122203011904,NFS,49,41,10.0,1042.0,10420.0,2024-12-22
2024122203011903,NFS,58,41,100.0,1042.0,104200.0,2024-12-22
2024122203011902,NFS,34,41,10.0,1042.0,10420.0,2024-12-22
2024122203011901,NFS,61,41,400.0,1043.0,417200.0,2024-12-22
2024122203011900,NFS,57,41,10.0,1043.7,10437.0,2024-12-22
2024122203011899,NFS,58,41,20.0,1043.8,20876.0,2024-12-22
2024122203011898,NFS,74,41,65.0,1043.9,67853.5,2024-12-22
2024122203011897,NFS,41,41,10.0,1043.9,10439.0,2024-12-22
2024122203011896,NFS,41,41,50.0,1043.9,52195.0,2024-12-22
2024122203011895,NFS,28,41,50.0,1044.8,52240.0,2024-12-22
2024122203011894,NFS,57,41,80.0,1044.8,83584.0,2024-12-22
2024122203011893,NFS,33,41,70.0,1045.0,73150.0,2024-12-22
2024122203011892,NFS,34,41,10.0,1045.0,10450.0,2024-12-22
2024122203011891,NFS,26,41,200.0,1045.0,209000.0,2024-12-22
2024122203011890,NFS,6,41,10.0,1045.0,10450.0,2024-12-22
2024122203011889,NFS,57,41,100.0,1045.0,104500.0,2024-12-22
2024122203011888,NFS,26,41,30.0,1045.0,31350.0,2024-12-22
2024122203011887,NFS,11,41,10.0,1045.0,10450.0,2024-12-22
2024122203011886,NFS,19,41,10.0,1045.0,10450.0,2024-12-22
2024122203011885,NFS,28,41,100.0,1045.0,104500.0,2024-12-22
2024122203011884,NFS,67,41,100.0,1045.0,104500.0,2024-12-22
2024122203011883,NFS,45,41,50.0,1045.0,52250.0,2024-12-22
2024122203011882,NFS,36,41,50.0,1045.0,52250.0,2024-12-22
2024122203011881,NFS,1,41,200.0,1045.7,209140.0,2024-12-22
2024122203011880,NFS,49,41,50.0,1045.7,52285.0,2024-12-22
2024122203011879,NFS,58,41,30.0,1045.8,31374.0,2024-12-22
2024122203011878,NFS,58,41,30.0,1046.0,31380.0,2024-12-22
2024122203011877,NFS,41,41,100.0,1046.0,104600.0,2024-12-22
2024122203011876,NFS,19,41,20.0,1046.8,20936.0,2024-12-22
2024122203011875,NFS,49,41,10.0,1046.8,10468.0,2024-12-22
2024122203011874,NFS,58,41,100.0,1047.0,104700.0,2024-12-22
2024122203011873,NFS,6,41,10.0,1047.0,10470.0,2024-12-22
2024122203011872,NFS,44,41,100.0,1047.0,104700.0,2024-12-22
2024122203011871,NFS,19,41,10.0,1047.0,10470.0,2024-12-22
2024122203011870,NFS,45,41,200.0,1047.0,209400.0,2024-12-22
2024122203011869,NFS,17,41,20.0,1047.7,20954.0,2024-12-22
2024122203011868,NFS,14,41,20.0,1047.7,20954.0,2024-12-22
2024122203011867,NFS,19,41,20.0,1048.0,20960.0,2024-12-22
2024122203011866,NFS,58,41,10.0,1048.0,10480.0,2024-12-22
2024122203011865,NFS,58,41,80.0,1048.6,83888.0,2024-12-22
2024122203011864,NFS,57,41,10.0,1048.6,10486.0,2024-12-22
2024122203011863,NFS,41,41,10.0,1048.6,10486.0,2024-12-22
2024122203011862,NFS,57,41,20.0,1048.6,20972.0,2024-12-22
2024122203011861,NFS,17,41,20.0,1049.0,20980.0,2024-12-22
2024122203011860,NFS,6,41,50.0,1050.0,52500.0,2024-12-22
2024122203011859,NFS,18,41,500.0,1050.0,525000.0,2024-12-22
2024122203011858,NFS,36,41,10.0,1050.0,10500.0,2024-12-22
2024122203011857,NFS,45,41,20.0,1050.0,21000.0,2024-12-22
2024122203011856,NFS,55,41,20.0,1050.0,21000.0,2024-12-22
2024122203011855,NFS,38,41,10.0,1050.0,10500.0,2024-12-22
2024122203011854,NFS,58,41,140.0,1050.0,147000.0,2024-12-22
2024122203011853,NFS,89,41,1000.0,1050.0,1050000.0,2024-12-22
2024122203011852,NFS,38,41,10.0,1050.0,10500.0,2024-12-22
2024122203011851,NFS,13,41,20.0,1050.0,21000.0,2024-12-22
2024122203011850,NFS,45,41,40.0,1050.0,42000.0,2024-12-22
2024122203011849,NFS,34,41,150.0,1050.0,157500.0,2024-12-22
2024122203011848,NFS,4,41,10.0,1050.0,10500.0,2024-12-22
2024122203011847,NFS,26,41,125.0,1050.0,131250.0,2024-12-22
2024122203011846,NFS,50,41,100.0,1050.0,105000.0,2024-12-22
2024122203011845,NFS,13,41,100.0,1050.0,105000.0,2024-12-22
2024122203011844,NFS,42,41,100.0,1050.0,105000.0,2024-12-22
2024122203011843,NFS,58,41,20.0,1050.0,21000.0,2024-12-22
2024122203011842,NFS,67,41,100.0,1050.0,105000.0,2024-12-22
2024122203011841,NFS,48,41,50.0,1050.0,52500.0,2024-12-22
2024122203011840,NFS,1,41,10.0,1050.0,10500.0,2024-12-22
2024122203011839,NFS,41,41,20.0,1050.6,21012.0,2024-12-22
2024122203011838,NFS,45,41,50.0,1050.6,52530.0,2024-12-22
2024122203011837,NFS,3,41,135.0,1051.0,141885.0,2024-12-22
2024122203011836,NFS,28,41,200.0,1051.0,210200.0,2024-12-22
2024122203011835,NFS,1,41,10.0,1051.0,10510.0,2024-12-22
2024122203011834,NFS,17,41,100.0,1051.1,105110.0,2024-12-22
2024122203011833,NFS,17,41,100.0,1051.1,105110.0,2024-12-22
2024122203011832,NFS,44,41,123.0,1051.4,129322.2,2024-12-22
2024122203011831,NFS,5,41,15.0,1052.0,15780.0,2024-12-22
2024122203011830,NFS,89,41,40.0,1052.5,42100.0,2024-12-22
2024122203011829,NFS,92,41,100.0,1052.6,105260.0,2024-12-22
2024122203011828,NFS,49,41,10.0,1053.0,10530.0,2024-12-22
2024122203011827,NFS,38,41,10.0,1053.0,10530.0,2024-12-22
2024122203011826,NFS,16,41,50.0,1053.0,52650.0,2024-12-22
2024122204012431,HURJA,33,59,5000.0,225.1,1125500.0,2024-12-22
2024122201020939,MEHL,99,59,510.0,446.6,227766.0,2024-12-22
2024122201020938,MEHL,68,59,990.0,446.7,442233.0,2024-12-22
2024122204012430,GHL,42,26,1000.0,204.0,204000.0,2024-12-22
2024122204012429,SHPC,45,62,10.0,518.0,5180.0,2024-12-22
2024122203011825,JFL,48,49,20.0,872.0,17440.0,2024-12-22
2024122203011824,JFL,48,47,80.0,872.0,69760.0,2024-12-22
2024122203011823,PROFL,64,58,17.0,625.9,10640.3,2024-12-22
2024122203011822,SLBSL,62,45,250.0,1799.3,449825.0,2024-12-22
2024122203011821,SLBSL,66,45,30.0,1800.0,54000.0,2024-12-22
2024122203011820,SLBSL,34,45,10.0,1800.0,18000.0,2024-12-22
2024122203011819,SLBSL,57,45,10.0,1800.0,18000.0,2024-12-22
2024122203011818,SLBSL,58,45,100.0,1801.1,180110.0,2024-12-22
2024122203011817,SLBSL,37,45,200.0,1805.3,361060.0,2024-12-22
2024122203011816,SLBSL,34,45,10.0,1807.0,18070.0,2024-12-22
2024122203011815,SLBSL,77,45,16.0,1812.0,28992.0,2024-12-22
2024122203011814,SLBSL,84,45,16.0,1812.0,28992.0,2024-12-22
2024122203011813,SLBSL,58,45,10.0,1814.1,18141.0,2024-12-22
2024122203011812,SLBSL,36,45,100.0,1820.2,182020.0,2024-12-22
2024122203011811,SLBSL,26,45,10.0,1820.9,18209.0,2024-12-22
2024122203011810,SLBSL,26,45,10.0,1821.0,18210.0,2024-12-22
2024122203011809,SLBSL,36,45,70.0,1822.1,127547.0,2024-12-22
2024122203011808,SLBSL,58,45,20.0,1822.2,36444.0,2024-12-22
2024122203011807,SLBSL,42,45,50.0,1825.0,91250.0,2024-12-22
2024122203011806,SLBSL,45,45,25.0,1826.0,45650.0,2024-12-22
2024122203011805,SLBSL,25,45,50.0,1827.0,91350.0,2024-12-22
2024122203011804,SLBSL,17,45,10.0,1828.0,18280.0,2024-12-22
2024122201020937,HBL,57,42,50.0,229.5,11475.0,2024-12-22
2024122203011803,RLFL,38,38,10.0,572.0,5720.0,2024-12-22
2024122203011802,RLFL,48,38,10.0,573.0,5730.0,2024-12-22
2024122204012428,SPDL,44,26,50.0,317.0,15850.0,2024-12-22
2024122203011801,SADBL,34,32,20.0,404.9,8098.0,2024-12-22
2024122203011800,SADBL,34,13,80.0,404.9,32392.0,2024-12-22
2024122205011713,NIFRA,28,35,45.0,242.7,10921.5,2024-12-22
2024122204012427,SHPC,45,62,10.0,518.0,5180.0,2024-12-22
2024122204012426,SHEL,5,42,630.0,235.0,148050.0,2024-12-22
2024122204012425,SHEL,32,42,100.0,235.1,23510.0,2024-12-22
2024122204012424,SHEL,91,42,250.0,235.1,58775.0,2024-12-22
2024122204012423,SHEL,38,42,150.0,235.1,35265.0,2024-12-22
2024122204012422,NGPL,55,13,200.0,255.1,51020.0,2024-12-22
2024122205011712,HIDCL,50,55,50.0,232.0,11600.0,2024-12-22
2024122201020936,UHEWA,45,43,61.0,680.1,41486.1,2024-12-22
2024122203011799,MERO,46,74,30.0,709.0,21270.0,2024-12-22
2024122201020935,HIDCLP,14,19,2000.0,164.0,328000.0,2024-12-22
2024122201020934,NMB,66,44,387.0,239.0,92493.0,2024-12-22
2024122201020933,NMB,66,43,50.0,238.9,11945.0,2024-12-22
2024122201020932,NMB,66,32,210.0,238.0,49980.0,2024-12-22
2024122201020931,NMB,66,41,25.0,238.0,5950.0,2024-12-22
2024122201020930,NMB,66,50,100.0,238.0,23800.0,2024-12-22
2024122201020929,NMB,66,44,1517.0,238.0,361046.0,2024-12-22
2024122201020928,NMB,66,6,100.0,237.9,23790.0,2024-12-22
2024122201020927,NMB,66,16,111.0,236.3,26229.3,2024-12-22
2024122205011711,MEL,48,40,100.0,311.0,31100.0,2024-12-22
2024122203011798,JFL,74,35,16.0,870.0,13920.0,2024-12-22
2024122204012421,HURJA,21,17,10.0,225.5,2255.0,2024-12-22
2024122204012420,RURU,57,18,10.0,680.0,6800.0,2024-12-22
2024122204012419,RIDI,34,4,10.0,220.0,2200.0,2024-12-22
2024122201020926,PPL,34,49,40.0,577.0,23080.0,2024-12-22
2024122201020925,PPL,34,16,10.0,577.0,5770.0,2024-12-22
2024122205011710,MEL,1,17,10.0,309.1,3091.0,2024-12-22
2024122201020924,NIMBPO,46,4,10.0,165.0,1650.0,2024-12-22
2024122204012418,SALICO,34,19,28.0,692.1,19378.8,2024-12-22
2024122203011797,JFL,19,35,84.0,870.0,73080.0,2024-12-22
2024122203011796,JFL,19,56,16.0,868.0,13888.0,2024-12-22
2024122205011709,GCIL,80,32,10.0,504.0,5040.0,2024-12-22
2024122201020923,MHL,90,49,10.0,875.0,8750.0,2024-12-22
2024122203011795,USLB,50,26,10.0,1514.0,15140.0,2024-12-22
2024122203011794,ALBSL,32,58,30.0,801.0,24030.0,2024-12-22
2024122205011708,GCIL,32,32,100.0,504.0,50400.0,2024-12-22
2024122205011707,GCIL,45,32,10.0,504.5,5045.0,2024-12-22
2024122205011706,GCIL,36,32,203.0,504.5,102413.5,2024-12-22
2024122201020922,CKHL,62,21,100.0,771.0,77100.0,2024-12-22
2024122201020921,AHL,41,21,110.0,707.0,77770.0,2024-12-22
2024122204012417,AKPL,25,25,10.0,233.0,2330.0,2024-12-22
2024122204012416,SGIC,38,50,20.0,658.0,13160.0,2024-12-22
2024122203011793,BFC,14,43,120.0,692.0,83040.0,2024-12-22
2024122203011792,BFC,14,42,10.0,691.9,6919.0,2024-12-22
2024122203011791,BFC,14,41,470.0,691.0,324770.0,2024-12-22
2024122203011790,SWBBL,50,38,10.0,880.0,8800.0,2024-12-22
2024122203011789,GBLBS,7,6,10.0,759.0,7590.0,2024-12-22
2024122204012415,CGH,41,7,80.0,907.0,72560.0,2024-12-22
2024122203011788,NADEP,42,81,63.0,930.0,58590.0,2024-12-22
2024122203011787,SAPDBL,41,8,250.0,1026.0,256500.0,2024-12-22
2024122204012414,NHPC,52,35,250.0,214.0,53500.0,2024-12-22
2024122204012413,NHPC,52,25,500.0,214.0,107000.0,2024-12-22
2024122204012412,NHPC,52,45,1000.0,214.0,214000.0,2024-12-22
2024122204012411,NHPC,52,1,250.0,214.0,53500.0,2024-12-22
2024122205011705,SHIVM,13,34,25.0,566.0,14150.0,2024-12-22
2024122204012410,NHDL,50,34,100.0,742.9,74290.0,2024-12-22
2024122204012409,NHDL,50,42,200.0,741.0,148200.0,2024-12-22
2024122204012408,NHDL,50,17,282.0,740.0,208680.0,2024-12-22
2024122204012407,NHDL,50,33,500.0,729.3,364650.0,2024-12-22
2024122204012406,NHDL,50,42,10.0,729.3,7293.0,2024-12-22
2024122204012405,NHDL,50,84,13.0,729.0,9477.0,2024-12-22
2024122204012404,NHDL,50,45,56.0,728.0,40768.0,2024-12-22
2024122204012403,NHDL,50,49,70.0,727.0,50890.0,2024-12-22
2024122204012402,NHDL,50,11,70.0,723.0,50610.0,2024-12-22
2024122204012401,NHDL,50,17,100.0,723.0,72300.0,2024-12-22
2024122204012400,NHDL,50,57,27.0,722.1,19496.7,2024-12-22
2024122204012399,NHDL,50,50,50.0,722.0,36100.0,2024-12-22
2024122204012398,NHDL,50,58,70.0,722.0,50540.0,2024-12-22
2024122204012397,NHDL,50,45,100.0,721.0,72100.0,2024-12-22
2024122204012396,NHDL,50,20,100.0,720.0,72000.0,2024-12-22
2024122204012395,NHDL,50,45,384.0,720.0,276480.0,2024-12-22
2024122204012394,NHDL,50,4,150.0,719.0,107850.0,2024-12-22
2024122204012393,NHDL,50,82,50.0,717.0,35850.0,2024-12-22
2024122204012392,NHDL,50,17,13.0,716.3,9311.9,2024-12-22
2024122204012391,NHDL,50,4,100.0,716.0,71600.0,2024-12-22
2024122204012390,NHDL,50,4,17.0,715.0,12155.0,2024-12-22
2024122204012389,NHDL,50,35,120.0,715.0,85800.0,2024-12-22
2024122204012388,NHDL,50,21,10.0,715.0,7150.0,2024-12-22
2024122204012387,NHDL,50,45,100.0,714.0,71400.0,2024-12-22
2024122204012386,NHDL,50,4,50.0,714.0,35700.0,2024-12-22
2024122204012385,NHDL,50,35,1000.0,709.9,709900.0,2024-12-22
2024122204012384,NHDL,50,21,301.0,709.0,213409.0,2024-12-22
2024122204012383,NHDL,50,6,4900.0,709.0,3474100.0,2024-12-22
2024122205011704,SAHAS,36,50,410.0,470.6,192946.0,2024-12-22
2024122205011703,SAHAS,33,50,85.0,470.7,40009.5,2024-12-22
2024122201020920,KDL,3,42,525.0,1190.0,624750.0,2024-12-22
2024122201020919,KDL,3,48,10.0,1190.0,11900.0,2024-12-22
2024122201020918,KDL,3,45,35.0,1190.0,41650.0,2024-12-22
2024122201020917,KDL,3,42,200.0,1189.9,237980.0,2024-12-22
2024122201020916,KDL,3,36,200.0,1189.0,237800.0,2024-12-22
2024122201020915,KDL,3,39,30.0,1188.0,35640.0,2024-12-22
2024122201020914,MANDU,91,48,10.0,877.0,8770.0,2024-12-22
2024122201020913,BHDC,74,38,200.0,674.0,134800.0,2024-12-22
2024122201020912,BHDC,74,36,100.0,674.0,67400.0,2024-12-22
2024122201020911,BHDC,74,38,95.0,674.0,64030.0,2024-12-22
2024122201020910,BHDC,74,41,250.0,673.9,168475.0,2024-12-22
2024122201020909,MKHC,38,32,200.0,506.0,101200.0,2024-12-22
2024122204012382,AKPL,34,42,10.0,234.0,2340.0,2024-12-22
2024122205011702,NIFRA,34,59,9.0,238.5,2146.5,2024-12-22
2024122203011786,JFL,80,53,110.0,863.1,94941.0,2024-12-22
2024122203011785,JFL,6,53,25.0,863.9,21597.5,2024-12-22
2024122203011784,JFL,43,53,20.0,864.0,17280.0,2024-12-22
2024122203011783,JFL,34,53,60.0,864.0,51840.0,2024-12-22
2024122203011782,JFL,49,53,50.0,865.0,43250.0,2024-12-22
2024122203011781,JFL,35,53,500.0,865.0,432500.0,2024-12-22
2024122203011780,JFL,29,53,235.0,865.0,203275.0,2024-12-22
2024122201020908,SPC,68,14,10.0,514.9,5149.0,2024-12-22
2024122201020907,MAKAR,42,63,10.0,615.0,6150.0,2024-12-22
2024122203011779,JFL,29,42,65.0,865.0,56225.0,2024-12-22
2024122203011778,JFL,45,42,50.0,865.0,43250.0,2024-12-22
2024122203011777,JFL,47,42,200.0,866.0,173200.0,2024-12-22
2024122203011776,JFL,16,42,20.0,866.4,17328.0,2024-12-22
2024122203011775,JFL,29,42,100.0,867.0,86700.0,2024-12-22
2024122203011774,JFL,47,42,100.0,867.5,86750.0,2024-12-22
2024122203011773,SIFC,17,13,50.0,575.0,28750.0,2024-12-22
2024122204012381,RURU,35,18,10.0,680.0,6800.0,2024-12-22
2024122201020906,BHDC,62,36,50.0,672.0,33600.0,2024-12-22
2024122204012380,NLG,55,22,140.0,927.0,129780.0,2024-12-22
2024122201020905,BGWT,57,58,300.0,960.0,288000.0,2024-12-22
2024122201020904,TAMOR,16,49,480.0,512.0,245760.0,2024-12-22
2024122205011701,NIFRA,56,35,100.0,242.7,24270.0,2024-12-22
2024122201020903,GBIME,45,45,100.0,218.6,21860.0,2024-12-22
2024122201020902,BEDC,74,82,40.0,710.0,28400.0,2024-12-22
2024122201020901,BEDC,74,41,200.0,709.0,141800.0,2024-12-22
2024122201020900,BEDC,74,34,200.0,709.0,141800.0,2024-12-22
2024122201020899,BEDC,74,7,60.0,709.0,42540.0,2024-12-22
2024122201020898,AVYAN,45,25,10.0,1006.0,10060.0,2024-12-22
2024122205011700,HDL,57,49,10.0,1335.0,13350.0,2024-12-22
2024122205011699,VLUCL,32,38,60.0,648.0,38880.0,2024-12-22
2024122201020897,MKHC,28,6,497.0,505.0,250985.0,2024-12-22
2024122201020896,MKHC,55,6,50.0,505.0,25250.0,2024-12-22
2024122201020895,MKHC,75,6,200.0,505.0,101000.0,2024-12-22
2024122201020894,MKHC,57,6,400.0,505.1,202040.0,2024-12-22
2024122201020893,MKHC,87,6,295.0,505.1,149004.5,2024-12-22
2024122201020892,MKHC,47,6,800.0,505.7,404560.0,2024-12-22
2024122201020891,MKHC,34,6,2000.0,505.8,1011600.0,2024-12-22
2024122201020890,MKHC,47,6,790.0,505.8,399582.0,2024-12-22
2024122201020889,MKHC,47,6,506.0,506.0,256036.0,2024-12-22
2024122201020888,MKHC,47,6,800.0,506.0,404800.0,2024-12-22
2024122201020887,MKHC,47,6,800.0,506.0,404800.0,2024-12-22
2024122201020886,MKHC,47,6,500.0,506.0,253000.0,2024-12-22
2024122201020885,MKHC,47,6,2000.0,506.5,1013000.0,2024-12-22
2024122201020884,MKHC,35,6,362.0,506.5,183353.0,2024-12-22
2024122201020883,BHPL,92,34,20.0,830.5,16610.0,2024-12-22
2024122201020882,SMH,46,41,10.0,1007.0,10070.0,2024-12-22
2024122204012379,OHL,55,41,10.0,887.0,8870.0,2024-12-22
2024122201020881,SARBTM,42,42,15.0,770.0,11550.0,2024-12-22
2024122201020880,SARBTM,42,5,10.0,770.0,7700.0,2024-12-22
2024122201020879,SARBTM,42,16,10.0,770.0,7700.0,2024-12-22
2024122203011772,NFS,16,42,40.0,1053.0,42120.0,2024-12-22
2024122204012378,CGH,25,13,45.0,906.1,40774.5,2024-12-22
2024122205011698,SONA,50,25,50.0,465.1,23255.0,2024-12-22
2024122205011697,GCIL,43,37,100.0,504.9,50490.0,2024-12-22
2024122201020878,LSL,65,43,220.0,233.0,51260.0,2024-12-22
2024122204012377,CGH,32,7,420.0,907.0,380940.0,2024-12-22
2024122204012376,CGH,32,57,80.0,907.0,72560.0,2024-12-22
2024122204012375,JOSHI,22,49,100.0,450.0,45000.0,2024-12-22
2024122204012374,JOSHI,22,26,3000.0,450.0,1350000.0,2024-12-22
2024122204012373,JOSHI,22,62,49.0,449.9,22045.1,2024-12-22
2024122204012372,JOSHI,22,14,100.0,449.9,44990.0,2024-12-22
2024122204012371,JOSHI,22,40,300.0,449.0,134700.0,2024-12-22
2024122204012370,JOSHI,22,45,100.0,445.0,44500.0,2024-12-22
2024122205011696,HDL,49,19,4.0,1335.0,5340.0,2024-12-22
2024122205011695,HDL,45,19,20.0,1335.0,26700.0,2024-12-22
2024122205011694,GCIL,36,25,50.0,504.5,25225.0,2024-12-22
2024122205011693,MEL,36,40,10.0,311.0,3110.0,2024-12-22
2024122204012369,SHPC,45,34,70.0,520.0,36400.0,2024-12-22
2024122203011771,BFC,28,41,30.0,691.0,20730.0,2024-12-22
2024122204012368,NHPC,54,42,186.0,213.7,39748.2,2024-12-22
2024122205011692,CLI,42,58,18.0,669.8,12056.4,2024-12-22
2024122205011691,CLI,42,57,10.0,666.0,6660.0,2024-12-22
2024122205011690,CLI,42,59,10.0,666.0,6660.0,2024-12-22
2024122205011689,CLI,42,54,10.0,666.0,6660.0,2024-12-22
2024122205011688,CLI,42,32,10.0,666.0,6660.0,2024-12-22
2024122205011687,CLI,42,83,10.0,666.0,6660.0,2024-12-22
2024122205011686,CLI,42,42,32.0,666.0,21312.0,2024-12-22
2024122203011770,SADBL,47,35,10.0,401.2,4012.0,2024-12-22
2024122203011769,SADBL,47,35,90.0,401.3,36117.0,2024-12-22
2024122201020877,BHDC,35,81,70.0,673.0,47110.0,2024-12-22
2024122205011685,CHDC,50,34,235.0,1570.0,368950.0,2024-12-22
2024122205011684,CHDC,50,48,30.0,1567.0,47010.0,2024-12-22
2024122203011768,NMLBBL,84,33,56.0,662.0,37072.0,2024-12-22
2024122204012367,CHCL,84,66,200.0,563.9,112780.0,2024-12-22
2024122203011767,NFS,48,22,40.0,1055.0,42200.0,2024-12-22
2024122203011766,NFS,48,59,60.0,1053.0,63180.0,2024-12-22
2024122203011765,SADBL,45,13,10.0,404.9,4049.0,2024-12-22
2024122203011764,MFIL,25,4,50.0,664.0,33200.0,2024-12-22
2024122201020876,BHL,19,14,30.0,343.0,10290.0,2024-12-22
2024122201020875,MKHC,35,45,500.0,506.5,253250.0,2024-12-22
2024122201020874,RFPL,45,8,380.0,952.1,361798.0,2024-12-22
2024122201020873,RFPL,45,34,10.0,952.0,9520.0,2024-12-22
2024122201020872,RFPL,45,35,10.0,945.0,9450.0,2024-12-22
2024122203011763,MLBL,59,43,86.0,384.0,33024.0,2024-12-22
2024122203011762,MLBL,59,43,414.0,384.0,158976.0,2024-12-22
2024122201020871,MHCL,65,52,10.0,542.1,5421.0,2024-12-22
2024122203011761,VLBS,11,42,12.0,824.0,9888.0,2024-12-22
2024122203011760,NFS,89,42,240.0,1052.5,252600.0,2024-12-22
2024122204012366,UPCL,35,82,20.0,269.0,5380.0,2024-12-22
2024122201020870,GBIME,11,29,960.0,218.5,209760.0,2024-12-22
2024122201020869,AVYAN,66,45,18.0,1024.8,18446.4,2024-12-22
2024122201020868,AVYAN,66,46,10.0,1020.0,10200.0,2024-12-22
2024122201020867,AVYAN,66,35,30.0,1006.1,30183.0,2024-12-22
2024122201020866,SGHC,45,32,75.0,466.9,35017.5,2024-12-22
2024122203011759,NFS,89,11,100.0,1052.5,105250.0,2024-12-22
2024122203011758,RSDC,32,41,100.0,712.5,71250.0,2024-12-22
2024122201020865,SBI,29,32,382.0,426.0,162732.0,2024-12-22
2024122201020864,SBI,66,32,200.0,426.0,85200.0,2024-12-22
2024122201020863,SBI,66,32,418.0,426.0,178068.0,2024-12-22
2024122203011757,JFL,22,56,40.0,868.0,34720.0,2024-12-22
2024122203011756,SFCL,39,34,30.0,651.0,19530.0,2024-12-22
2024122201020862,CYCL,77,28,200.0,1567.9,313580.0,2024-12-22
2024122201020861,SPHL,32,77,10.0,783.0,7830.0,2024-12-22
2024122201020860,SPHL,32,77,11.0,786.9,8655.9,2024-12-22
2024122201020859,MBL,40,42,500.0,233.0,116500.0,2024-12-22
2024122203011755,SJLIC,59,58,375.0,448.0,168000.0,2024-12-22
2024122203011754,SJLIC,25,58,50.0,448.1,22405.0,2024-12-22
2024122203011753,MNBBL,34,10,50.0,367.0,18350.0,2024-12-22
2024122203011752,MNBBL,42,10,50.0,367.0,18350.0,2024-12-22
2024122203011751,MNBBL,58,10,14.0,367.0,5138.0,2024-12-22
2024122203011750,MNBBL,57,10,100.0,367.1,36710.0,2024-12-22
2024122205011683,CIT,56,57,275.0,2070.0,569250.0,2024-12-22
2024122201020858,ADBL,60,57,252.0,323.1,81421.2,2024-12-22
2024122201020857,ADBL,6,57,48.0,323.1,15508.8,2024-12-22
2024122201020856,MEHL,57,49,100.0,450.0,45000.0,2024-12-22
2024122204012365,SPIL,42,45,11.0,789.0,8679.0,2024-12-22
2024122203011749,MNBBL,45,53,15.0,367.9,5518.5,2024-12-22
2024122204012364,SHPC,45,21,100.0,520.0,52000.0,2024-12-22
2024122204012363,SHPC,45,81,50.0,520.0,26000.0,2024-12-22
2024122204012362,SHPC,45,33,580.0,519.9,301542.0,2024-12-22
2024122201020855,MHCL,65,45,1970.0,542.1,1067937.0,2024-12-22
2024122201020854,MHCL,14,45,10.0,542.2,5422.0,2024-12-22
2024122201020853,MHCL,77,45,20.0,543.0,10860.0,2024-12-22
2024122205011682,GCIL,43,54,19.0,504.8,9591.2,2024-12-22
2024122203011748,BFC,28,35,20.0,691.0,13820.0,2024-12-22
2024122203011747,NFS,34,59,20.0,1053.0,21060.0,2024-12-22
2024122201020852,MMKJL,13,59,20.0,677.6,13552.0,2024-12-22
2024122203011746,KRBL,68,39,10.0,776.5,7765.0,2024-12-22
2024122201020851,NABIL,62,54,10.0,502.9,5029.0,2024-12-22
2024122203011745,MFIL,52,4,45.0,664.0,29880.0,2024-12-22
2024122201020850,BHPL,92,13,140.0,830.5,116270.0,2024-12-22
2024122201020849,BHPL,34,13,60.0,830.5,49830.0,2024-12-22
2024122204012361,JOSHI,42,55,25.0,442.0,11050.0,2024-12-22
2024122203011744,SFCL,25,19,60.0,650.1,39006.0,2024-12-22
2024122201020848,AHL,41,19,70.0,707.0,49490.0,2024-12-22
2024122201020847,MHL,66,16,200.0,867.0,173400.0,2024-12-22
2024122201020846,KBL,48,1,150.0,209.0,31350.0,2024-12-22
2024122201020845,KBL,60,1,250.0,209.1,52275.0,2024-12-22
2024122204012360,HURJA,1,17,30.0,225.5,6765.0,2024-12-22
2024122204012359,HURJA,1,34,20.0,225.2,4504.0,2024-12-22
2024122203011743,NFS,39,59,10.0,1053.0,10530.0,2024-12-22
2024122203011742,JFL,11,56,10.0,868.0,8680.0,2024-12-22
2024122203011741,JFL,36,56,11.0,868.0,9548.0,2024-12-22
2024122203011740,JFL,57,56,100.0,868.0,86800.0,2024-12-22
2024122203011739,JFL,6,56,20.0,868.0,17360.0,2024-12-22
2024122203011738,JFL,33,56,150.0,868.0,130200.0,2024-12-22
2024122203011737,JFL,56,56,100.0,868.0,86800.0,2024-12-22
2024122203011736,JFL,57,56,20.0,869.0,17380.0,2024-12-22
2024122203011735,JFL,48,56,50.0,870.0,43500.0,2024-12-22
2024122203011734,JFL,58,56,52.0,870.0,45240.0,2024-12-22
2024122203011733,JFL,44,56,202.0,870.0,175740.0,2024-12-22
2024122203011732,JFL,11,56,10.0,870.0,8700.0,2024-12-22
2024122203011731,JFL,42,56,50.0,870.0,43500.0,2024-12-22
2024122203011730,JFL,45,56,60.0,870.0,52200.0,2024-12-22
2024122203011729,JFL,47,56,136.0,870.0,118320.0,2024-12-22
2024122204012358,SHPC,45,57,100.0,518.0,51800.0,2024-12-22
2024122204012357,PPCL,57,38,500.0,284.0,142000.0,2024-12-22
2024122204012356,PPCL,52,38,200.0,284.0,56800.0,2024-12-22
2024122204012355,PPCL,45,38,500.0,284.0,142000.0,2024-12-22
2024122204012354,PPCL,11,38,100.0,284.0,28400.0,2024-12-22
2024122204012353,PPCL,49,38,10.0,285.0,2850.0,2024-12-22
2024122204012352,PPCL,6,38,250.0,285.0,71250.0,2024-12-22
2024122204012351,PPCL,42,38,250.0,285.0,71250.0,2024-12-22
2024122204012350,PPCL,22,38,200.0,285.0,57000.0,2024-12-22
2024122204012349,PPCL,57,38,264.0,285.0,75240.0,2024-12-22
2024122204012348,PPCL,42,38,1000.0,285.1,285100.0,2024-12-22
2024122204012347,PPCL,42,38,100.0,285.6,28560.0,2024-12-22
2024122201020844,SNLI,34,45,300.0,622.0,186600.0,2024-12-22
2024122201020843,MKHL,45,47,10.0,625.0,6250.0,2024-12-22
2024122205011681,HRL,59,34,20.0,787.1,15742.0,2024-12-22
2024122204012346,AKPL,17,42,1800.0,234.0,421200.0,2024-12-22
2024122204012345,HDHPC,17,49,35.0,194.8,6818.0,2024-12-22
2024122205011680,SAHAS,42,49,200.0,471.0,94200.0,2024-12-22
2024122205011679,SONA,58,19,150.0,465.0,69750.0,2024-12-22
2024122201020842,MHCL,65,7,10.0,546.9,5469.0,2024-12-22
2024122201020841,SPL,33,54,10.0,982.0,9820.0,2024-12-22
2024122201020840,SPL,33,55,40.0,981.7,39268.0,2024-12-22
2024122204012344,UMRH,69,29,50.0,618.0,30900.0,2024-12-22
2024122205011678,NRIC,6,29,120.0,727.3,87276.0,2024-12-22
2024122205011677,NRIC,7,29,150.0,728.0,109200.0,2024-12-22
2024122204012343,UMRH,16,29,102.0,618.0,63036.0,2024-12-22
2024122201020839,MKHC,35,11,10.0,506.5,5065.0,2024-12-22
2024122201020838,MKHC,35,87,50.0,506.5,25325.0,2024-12-22
2024122201020837,BGWT,16,52,10.0,965.9,9659.0,2024-12-22
2024122204012342,API,57,6,100.0,250.0,25000.0,2024-12-22
2024122203011728,NABBC,38,52,10.0,1220.0,12200.0,2024-12-22
2024122201020836,EBL,99,55,241.0,585.0,140985.0,2024-12-22
2024122201020835,EBL,99,43,40.0,584.9,23396.0,2024-12-22
2024122201020834,EBL,99,4,100.0,584.0,58400.0,2024-12-22
2024122201020833,EBL,99,45,300.0,584.0,175200.0,2024-12-22
2024122201020832,EBL,99,1,100.0,584.0,58400.0,2024-12-22
2024122201020831,EBL,99,4,65.0,584.0,37960.0,2024-12-22
2024122201020830,EBL,99,45,70.0,583.9,40873.0,2024-12-22
2024122201020829,EBL,99,38,40.0,583.9,23356.0,2024-12-22
2024122201020828,EBL,99,13,400.0,583.5,233400.0,2024-12-22
2024122205011676,SHIVM,58,34,140.0,566.0,79240.0,2024-12-22
2024122205011675,SHIVM,57,34,100.0,566.1,56610.0,2024-12-22
2024122205011674,SHIVM,58,34,20.0,566.5,11330.0,2024-12-22
2024122204012341,AKJCL,6,34,117.0,198.0,23166.0,2024-12-22
2024122204012340,AKJCL,8,34,15.0,198.0,2970.0,2024-12-22
2024122204012339,AKJCL,6,34,100.0,198.0,19800.0,2024-12-22
2024122204012338,AKJCL,96,34,28.0,198.0,5544.0,2024-12-22
2024122204012337,AKJCL,5,34,490.0,198.1,97069.0,2024-12-22
2024122204012336,DHPL,38,8,50.0,308.0,15400.0,2024-12-22
2024122204012335,DHPL,82,8,82.0,308.0,25256.0,2024-12-22
2024122203011727,NMFBS,42,49,10.0,1238.0,12380.0,2024-12-22
2024122201020827,SGHC,45,57,25.0,466.0,11650.0,2024-12-22
2024122201020826,NIMB,40,45,73.0,213.0,15549.0,2024-12-22
2024122201020825,NIMB,16,45,14.0,213.0,2982.0,2024-12-22
2024122201020824,NIMB,1,45,13.0,213.3,2772.9,2024-12-22
2024122201020823,HIDCLP,14,3,30.0,164.0,4920.0,2024-12-22
2024122204012334,NLG,55,1,100.0,927.0,92700.0,2024-12-22
2024122203011726,GILB,47,49,25.0,1153.0,28825.0,2024-12-22
2024122203011725,GILB,47,49,10.0,1154.0,11540.0,2024-12-22
2024122201020822,CYCL,77,14,12.0,1554.9,18658.8,2024-12-22
2024122203011724,FMDBL,42,25,310.0,751.0,232810.0,2024-12-22
2024122203011723,CFCL,39,38,11.0,597.0,6567.0,2024-12-22
2024122201020821,SIKLES,46,44,100.0,850.0,85000.0,2024-12-22
2024122204012333,JOSHI,38,55,15.0,442.0,6630.0,2024-12-22
2024122205011673,SHIVM,52,52,500.0,567.8,283900.0,2024-12-22
2024122201020820,GVL,52,21,192.0,545.0,104640.0,2024-12-22
2024122201020819,GVL,52,6,100.0,545.0,54500.0,2024-12-22
2024122201020818,GVL,52,6,10.0,545.0,5450.0,2024-12-22
2024122201020817,GVL,52,55,10.0,545.0,5450.0,2024-12-22
2024122204012332,CHCL,84,45,20.0,563.9,11278.0,2024-12-22
2024122204012331,CHCL,84,21,11.0,562.0,6182.0,2024-12-22
2024122204012330,CHCL,84,20,100.0,562.0,56200.0,2024-12-22
2024122204012329,CHCL,84,49,31.0,561.9,17418.9,2024-12-22
2024122201020816,MCHL,58,43,285.0,612.0,174420.0,2024-12-22
2024122201020815,MCHL,58,43,80.0,612.0,48960.0,2024-12-22
2024122201020814,MCHL,33,43,100.0,612.0,61200.0,2024-12-22
2024122201020813,MCHL,20,43,100.0,613.0,61300.0,2024-12-22
2024122204012328,HURJA,42,17,22.0,225.5,4961.0,2024-12-22
2024122205011672,NTC,26,49,10.0,943.0,9430.0,2024-12-22
2024122201020812,MAKAR,42,63,50.0,615.0,30750.0,2024-12-22
2024122201020811,MAKAR,59,63,20.0,615.0,12300.0,2024-12-22
2024122204012327,GHL,42,32,200.0,203.1,40620.0,2024-12-22
2024122204012326,NGPL,55,67,490.0,255.1,124999.0,2024-12-22
2024122204012325,NGPL,13,67,10.0,255.1,2551.0,2024-12-22
2024122204012324,UPCL,77,82,50.0,269.0,13450.0,2024-12-22
2024122204012323,HEI,22,86,15.0,630.0,9450.0,2024-12-22
2024122205011671,VLUCL,68,49,40.0,648.1,25924.0,2024-12-22
2024122203011722,NFS,89,49,220.0,1052.5,231550.0,2024-12-22
2024122201020810,NICA,56,75,500.0,389.9,194950.0,2024-12-22
2024122205011670,NIFRA,14,35,30.0,242.7,7281.0,2024-12-22
2024122203011721,JBBL,6,57,82.0,355.0,29110.0,2024-12-22
2024122201020809,NABIL,54,54,50.0,502.9,25145.0,2024-12-22
2024122203011720,SMFBS,18,28,35.0,1956.2,68467.0,2024-12-22
2024122203011719,SMFBS,38,28,50.0,1960.0,98000.0,2024-12-22
2024122203011718,SMFBS,29,28,10.0,1960.0,19600.0,2024-12-22
2024122205011669,SMJC,57,51,480.0,525.1,252048.0,2024-12-22
2024122203011717,NMLBBL,84,42,128.0,662.0,84736.0,2024-12-22
2024122203011716,NMLBBL,84,17,516.0,661.9,341540.4,2024-12-22
2024122201020808,EHPL,80,43,970.0,722.0,700340.0,2024-12-22
2024122201020807,EHPL,42,43,30.0,725.0,21750.0,2024-12-22
2024122203011715,GFCL,42,17,20.0,779.0,15580.0,2024-12-22
2024122204012322,JOSHI,29,94,1846.0,441.1,814270.6,2024-12-22
2024122204012321,JOSHI,52,94,500.0,441.2,220600.0,2024-12-22
2024122204012320,JOSHI,74,94,70.0,441.9,30933.0,2024-12-22
2024122204012319,CHL,26,22,10.0,393.5,3935.0,2024-12-22
2024122201020806,MKHC,35,11,15.0,506.5,7597.5,2024-12-22
2024122203011714,KRBL,95,39,10.0,776.5,7765.0,2024-12-22
2024122201020805,CYCL,77,37,10.0,1562.2,15622.0,2024-12-22
2024122204012318,UPPER,4,38,50.0,202.0,10100.0,2024-12-22
2024122201020804,LSL,37,43,200.0,233.0,46600.0,2024-12-22
2024122201020803,LSL,28,43,50.0,233.0,11650.0,2024-12-22
2024122201020802,LSL,55,43,78.0,233.0,18174.0,2024-12-22
2024122201020801,LSL,44,43,172.0,233.5,40162.0,2024-12-22
2024122201020800,LSL,49,43,116.0,233.6,27097.6,2024-12-22
2024122201020799,LSL,64,43,1000.0,234.0,234000.0,2024-12-22
2024122203011713,JFL,47,43,64.0,870.0,55680.0,2024-12-22
2024122203011712,JFL,38,43,100.0,870.0,87000.0,2024-12-22
2024122203011711,JFL,80,43,100.0,871.3,87130.0,2024-12-22
2024122204012317,DHPL,42,43,860.0,309.0,265740.0,2024-12-22
2024122204012316,DHPL,42,54,140.0,309.0,43260.0,2024-12-22
2024122204012315,UMRH,69,38,10.0,619.0,6190.0,2024-12-22
2024122205011668,MEL,48,40,300.0,311.0,93300.0,2024-12-22
2024122204012314,NIL,22,49,20.0,909.9,18198.0,2024-12-22
2024122201020798,SCB,29,16,10.0,665.0,6650.0,2024-12-22
2024122201020797,SCB,35,16,10.0,665.0,6650.0,2024-12-22
2024122204012313,SHL,66,25,100.0,465.8,46580.0,2024-12-22
2024122203011710,RLFL,38,35,30.0,572.0,17160.0,2024-12-22
2024122203011709,RLFL,34,35,70.0,572.0,40040.0,2024-12-22
2024122203011708,RLFL,45,35,100.0,572.1,57210.0,2024-12-22
2024122203011707,BFC,45,43,750.0,690.5,517875.0,2024-12-22
2024122204012312,HDHPC,42,49,512.0,194.8,99737.6,2024-12-22
2024122205011667,CIT,45,57,12.0,2070.0,24840.0,2024-12-22
2024122204012311,DHPL,82,45,200.0,308.0,61600.0,2024-12-22
2024122204012310,PRIN,21,65,35.0,940.1,32903.5,2024-12-22
2024122204012309,PRIN,10,65,15.0,940.1,14101.5,2024-12-22
2024122204012308,SHEL,38,32,50.0,235.1,11755.0,2024-12-22
2024122204012307,JOSHI,74,55,100.0,442.0,44200.0,2024-12-22
2024122201020796,DOLTI,16,14,10.0,691.0,6910.0,2024-12-22
2024122201020795,CZBIL,6,39,630.0,213.1,134253.0,2024-12-22
2024122204012306,UPCL,41,58,404.0,268.0,108272.0,2024-12-22
2024122204012305,UPCL,58,58,190.0,268.3,50977.0,2024-12-22
2024122204012304,UPCL,57,58,100.0,268.4,26840.0,2024-12-22
2024122204012303,SHPC,34,33,200.0,519.9,103980.0,2024-12-22
2024122204012302,SHEL,13,1,321.0,236.0,75756.0,2024-12-22
2024122204012301,SHEL,13,42,879.0,236.0,207444.0,2024-12-22
2024122204012300,SHEL,13,52,350.0,235.9,82565.0,2024-12-22
2024122204012299,SHEL,13,48,140.0,235.2,32928.0,2024-12-22
2024122203011706,SHINE,46,25,10.0,439.9,4399.0,2024-12-22
2024122203011705,BFC,45,45,70.0,690.5,48335.0,2024-12-22
2024122201020794,DORDI,19,45,1029.0,537.2,552778.8,2024-12-22
2024122201020793,DORDI,56,45,10.0,537.2,5372.0,2024-12-22
2024122201020792,DORDI,88,45,200.0,537.2,107440.0,2024-12-22
2024122201020791,DORDI,88,45,200.0,537.3,107460.0,2024-12-22
2024122201020790,DORDI,88,45,40.0,537.4,21496.0,2024-12-22
2024122203011704,NFS,45,59,10.0,1053.0,10530.0,2024-12-22
2024122201020789,USHL,58,33,107.0,750.0,80250.0,2024-12-22
2024122201020788,USHL,60,33,43.0,750.1,32254.3,2024-12-22
2024122203011703,ICFC,66,45,969.0,671.0,650199.0,2024-12-22
2024122203011702,ICFC,66,49,500.0,671.0,335500.0,2024-12-22
2024122203011701,ICFC,66,19,200.0,670.0,134000.0,2024-12-22
2024122203011700,ICFC,66,41,70.0,670.0,46900.0,2024-12-22
2024122203011699,ICFC,66,7,386.0,670.0,258620.0,2024-12-22
2024122203011698,ICFC,66,44,150.0,669.0,100350.0,2024-12-22
2024122203011697,ICFC,66,44,100.0,668.0,66800.0,2024-12-22
2024122203011696,ICFC,66,44,100.0,667.0,66700.0,2024-12-22
2024122203011695,ICFC,66,44,25.0,666.0,16650.0,2024-12-22
2024122201020787,SMHL,65,47,10.0,1052.5,10525.0,2024-12-22
2024122203011694,EDBL,43,5,405.0,603.5,244417.5,2024-12-22
2024122203011693,EDBL,48,5,195.0,603.6,117702.0,2024-12-22
2024122203011692,NFS,49,74,100.0,1053.0,105300.0,2024-12-22
2024122201020786,SARBTM,62,14,210.0,765.0,160650.0,2024-12-22
2024122201020785,SARBTM,51,14,500.0,765.1,382550.0,2024-12-22
2024122201020784,SARBTM,41,14,100.0,766.0,76600.0,2024-12-22
2024122201020783,SARBTM,39,14,300.0,766.0,229800.0,2024-12-22
2024122201020782,SARBTM,29,14,350.0,766.2,268170.0,2024-12-22
2024122201020781,SARBTM,95,14,90.0,766.3,68967.0,2024-12-22
2024122201020780,SARBTM,58,14,450.0,766.4,344880.0,2024-12-22
2024122204012298,NIL,4,44,10.0,909.6,9096.0,2024-12-22
2024122205011666,HIDCL,58,55,10.0,232.0,2320.0,2024-12-22
2024122203011691,PROFL,58,52,10.0,626.0,6260.0,2024-12-22
2024122201020779,MKJC,68,72,211.0,513.0,108243.0,2024-12-22
2024122201020778,MKJC,68,67,789.0,511.0,403179.0,2024-12-22
2024122205011665,NRIC,26,62,18.0,728.0,13104.0,2024-12-22
2024122204012297,HDHPC,52,49,200.0,194.8,38960.0,2024-12-22
2024122205011664,GCIL,43,25,81.0,504.8,40888.8,2024-12-22
2024122204012296,SSHL,63,50,1002.0,229.6,230059.2,2024-12-22
2024122204012295,SSHL,14,50,100.0,229.6,22960.0,2024-12-22
2024122204012294,SSHL,22,50,14.0,229.7,3215.8,2024-12-22
2024122204012293,SSHL,58,50,870.0,229.7,199839.0,2024-12-22
2024122204012292,SSHL,45,50,244.0,229.7,56046.8,2024-12-22
2024122204012291,SSHL,25,50,770.0,230.0,177100.0,2024-12-22
2024122205011663,GCIL,45,25,29.0,504.8,14639.2,2024-12-22
2024122205011662,GCIL,45,44,71.0,504.8,35840.8,2024-12-22
2024122201020777,AVYAN,49,65,20.0,1006.0,20120.0,2024-12-22
2024122205011661,RNLI,42,29,10.0,495.3,4953.0,2024-12-22
2024122205011660,CHDC,32,11,200.0,1565.2,313040.0,2024-12-22
2024122205011659,CHDC,45,11,200.0,1565.3,313060.0,2024-12-22
2024122205011658,CHDC,39,11,100.0,1566.0,156600.0,2024-12-22
2024122205011657,SAHAS,33,32,15.0,470.7,7060.5,2024-12-22
2024122205011656,SAHAS,58,32,100.0,470.7,47070.0,2024-12-22
2024122205011655,SAHAS,16,32,330.0,470.7,155331.0,2024-12-22
2024122205011654,SAHAS,41,32,55.0,470.8,25894.0,2024-12-22
2024122203011690,GMFBS,74,14,10.0,1680.0,16800.0,2024-12-22
2024122201020776,BEDC,36,7,740.0,709.0,524660.0,2024-12-22
2024122204012290,RIDI,39,14,100.0,218.0,21800.0,2024-12-22
2024122201020775,MKCL,41,57,60.0,1482.1,88926.0,2024-12-22
2024122204012289,UMRH,16,41,10.0,618.0,6180.0,2024-12-22
2024122205011653,GCIL,36,41,11.0,504.5,5549.5,2024-12-22
2024122205011652,CIT,58,57,30.0,2070.0,62100.0,2024-12-22
2024122203011689,JFL,62,47,20.0,872.0,17440.0,2024-12-22
2024122204012288,MEN,8,59,2300.0,719.5,1654850.0,2024-12-22
2024122201020774,SNLI,34,58,12.0,622.0,7464.0,2024-12-22
2024122201020773,SNLI,34,58,24.0,621.5,14916.0,2024-12-22
2024122203011688,PROFL,80,52,132.0,626.0,82632.0,2024-12-22
2024122203011687,PROFL,80,41,68.0,626.0,42568.0,2024-12-22
2024122204012287,HURJA,33,42,366.0,225.1,82386.6,2024-12-22
2024122204012286,HURJA,25,42,134.0,225.2,30176.8,2024-12-22
2024122201020772,MKHC,35,45,48.0,506.5,24312.0,2024-12-22
2024122201020771,MKHC,34,45,165.0,506.5,83572.5,2024-12-22
2024122201020770,MKHC,55,45,500.0,506.6,253300.0,2024-12-22
2024122201020769,MKHC,33,45,15.0,506.6,7599.0,2024-12-22
2024122201020768,KBL,48,45,300.0,209.0,62700.0,2024-12-22
2024122204012285,SHL,66,16,100.0,465.8,46580.0,2024-12-22
2024122204012284,MEN,22,14,188.0,720.0,135360.0,2024-12-22
2024122204012283,MEN,22,54,112.0,720.0,80640.0,2024-12-22
2024122201020767,SAMAJ,16,56,13.0,3386.0,44018.0,2024-12-22
2024122204012282,SSHL,25,17,115.0,230.0,26450.0,2024-12-22
2024122204012281,SSHL,25,71,115.0,229.8,26427.0,2024-12-22
2024122203011686,JBBL,6,25,50.0,355.0,17750.0,2024-12-22
2024122203011685,JBBL,6,41,100.0,355.0,35500.0,2024-12-22
2024122203011684,JBBL,6,42,110.0,354.9,39039.0,2024-12-22
2024122204012280,NGPL,36,53,100.0,255.6,25560.0,2024-12-22
2024122203011683,NFS,41,11,20.0,1053.0,21060.0,2024-12-22
2024122201020766,NWCL,58,51,10.0,954.0,9540.0,2024-12-22
2024122201020765,NIMB,58,55,220.0,214.0,47080.0,2024-12-22
2024122201020764,NIMB,58,98,30.0,214.0,6420.0,2024-12-22
2024122201020763,NABIL,42,52,20.0,502.3,10046.0,2024-12-22
2024122204012279,GHL,50,26,131.0,204.0,26724.0,2024-12-22
2024122204012278,GHL,50,32,69.0,204.0,14076.0,2024-12-22
2024122203011682,EDBL,48,42,100.0,603.6,60360.0,2024-12-22
2024122203011681,NABBC,58,45,35.0,1202.0,42070.0,2024-12-22
2024122203011680,NABBC,91,45,35.0,1203.5,42122.5,2024-12-22
2024122203011679,NABBC,71,45,30.0,1204.0,36120.0,2024-12-22
2024122201020762,MSHL,45,45,70.0,957.1,66997.0,2024-12-22
2024122204012277,NHPC,54,4,20.0,213.7,4274.0,2024-12-22
2024122204012276,NHPC,57,4,20.0,213.8,4276.0,2024-12-22
2024122204012275,NHPC,58,4,10.0,213.9,2139.0,2024-12-22
2024122204012274,NHPC,38,4,250.0,213.9,53475.0,2024-12-22
2024122203011678,GMFBS,58,32,20.0,1673.0,33460.0,2024-12-22
2024122203011677,GMFBS,49,32,10.0,1673.1,16731.0,2024-12-22
2024122203011676,MSLB,32,22,80.0,1458.5,116680.0,2024-12-22
2024122204012273,DHPL,82,48,500.0,308.0,154000.0,2024-12-22
2024122203011675,JFL,84,47,100.0,872.0,87200.0,2024-12-22
2024122201020761,GBIME,11,64,100.0,218.5,21850.0,2024-12-22
2024122201020760,NMB,49,16,39.0,236.3,9215.7,2024-12-22
2024122204012272,HPPL,21,44,10.0,393.9,3939.0,2024-12-22
2024122204012271,SHL,36,6,100.0,465.0,46500.0,2024-12-22
2024122203011674,GRDBL,84,7,10.0,990.0,9900.0,2024-12-22
2024122203011673,MPFL,17,58,10.0,682.0,6820.0,2024-12-22
2024122203011672,SIFC,74,43,100.0,575.0,57500.0,2024-12-22
2024122204012270,MHNL,19,45,10.0,269.9,2699.0,2024-12-22
2024122205011651,CLI,63,18,60.0,664.5,39870.0,2024-12-22
2024122204012269,GHL,42,32,10.0,203.1,2031.0,2024-12-22
2024122204012268,GHL,44,32,40.0,203.2,8128.0,2024-12-22
2024122204012267,SSHL,56,71,85.0,229.8,19533.0,2024-12-22
2024122204012266,UMRH,16,72,290.0,618.0,179220.0,2024-12-22
2024122205011650,RNLI,42,14,89.0,495.3,44081.7,2024-12-22
2024122205011649,RNLI,7,14,100.0,495.3,49530.0,2024-12-22
2024122205011648,RNLI,57,14,52.0,495.3,25755.6,2024-12-22
2024122205011647,RNLI,5,14,19.0,495.4,9412.6,2024-12-22
2024122201020759,MSHL,57,45,10.0,970.0,9700.0,2024-12-22
2024122201020758,MSHL,57,45,50.0,969.9,48495.0,2024-12-22
2024122201020757,NIMB,16,38,86.0,213.0,18318.0,2024-12-22
2024122201020756,NIMB,5,38,100.0,213.0,21300.0,2024-12-22
2024122201020755,NIMB,25,38,50.0,213.0,10650.0,2024-12-22
2024122201020754,NIMB,53,38,100.0,213.0,21300.0,2024-12-22
2024122201020753,NIMB,46,38,40.0,213.0,8520.0,2024-12-22
2024122201020752,NIMB,29,38,50.0,213.0,10650.0,2024-12-22
2024122201020751,NIMB,57,38,654.0,213.0,139302.0,2024-12-22
2024122201020750,NIMB,45,38,100.0,213.1,21310.0,2024-12-22
2024122201020749,NIMB,48,38,100.0,213.1,21310.0,2024-12-22
2024122201020748,NIMB,1,38,250.0,213.1,53275.0,2024-12-22
2024122203011671,GFCL,38,16,70.0,776.0,54320.0,2024-12-22
2024122203011670,GFCL,38,57,20.0,776.0,15520.0,2024-12-22
2024122201020747,NIMB,58,38,500.0,213.1,106550.0,2024-12-22
2024122201020746,NIMB,5,38,99.0,213.1,21096.9,2024-12-22
2024122201020745,NIMB,66,38,1000.0,213.1,213100.0,2024-12-22
2024122201020744,NIMB,57,38,333.0,213.1,70962.3,2024-12-22
2024122201020743,NIMB,6,38,100.0,213.1,21310.0,2024-12-22
2024122201020742,NIMB,48,38,50.0,213.2,10660.0,2024-12-22
2024122201020741,NIMB,21,38,100.0,213.2,21320.0,2024-12-22
2024122201020740,NIMB,41,38,1288.0,213.2,274601.6,2024-12-22
2024122204012265,UAIL,42,58,61.0,624.0,38064.0,2024-12-22
2024122204012264,UAIL,45,58,39.0,625.0,24375.0,2024-12-22
2024122203011669,NMBMF,58,22,10.0,699.9,6999.0,2024-12-22
2024122205011646,VLUCL,68,17,10.0,648.1,6481.0,2024-12-22
2024122205011645,NIFRA,38,35,500.0,242.7,121350.0,2024-12-22
2024122205011644,NIFRA,42,35,3925.0,242.7,952597.5,2024-12-22
2024122205011643,NIFRA,4,35,374.0,243.0,90882.0,2024-12-22
2024122205011642,RNLI,5,46,11.0,495.4,5449.4,2024-12-22
2024122204012263,AKJCL,42,45,10.0,198.2,1982.0,2024-12-22
2024122204012262,AKJCL,45,45,1000.0,198.2,198200.0,2024-12-22
2024122204012261,NLG,55,11,60.0,927.0,55620.0,2024-12-22
2024122201020739,HBL,86,42,20.0,229.5,4590.0,2024-12-22
2024122201020738,HBL,86,22,980.0,229.5,224910.0,2024-12-22
2024122201020737,BEDC,74,82,827.0,710.0,587170.0,2024-12-22
2024122201020736,BEDC,74,39,100.0,710.0,71000.0,2024-12-22
2024122201020735,BEDC,74,41,63.0,710.0,44730.0,2024-12-22
2024122201020734,BEDC,74,49,10.0,709.8,7098.0,2024-12-22
2024122201020733,TAMOR,46,49,20.0,512.0,10240.0,2024-12-22
2024122201020732,TAMOR,40,49,500.0,512.0,256000.0,2024-12-22
2024122201020731,EBL,49,38,10.0,583.9,5839.0,2024-12-22
2024122205011641,NTC,14,49,43.0,943.0,40549.0,2024-12-22
2024122204012260,DHPL,16,54,10.0,309.0,3090.0,2024-12-22
2024122201020730,SPL,6,61,500.0,980.0,490000.0,2024-12-22
2024122204012259,GLH,57,18,10.0,238.0,2380.0,2024-12-22
2024122204012258,NHPC,57,1,200.0,214.0,42800.0,2024-12-22
2024122205011640,SHIVM,39,52,240.0,567.8,136272.0,2024-12-22
2024122205011639,SHIVM,39,94,10.0,567.8,5678.0,2024-12-22
2024122204012257,NGPL,57,39,50.0,256.0,12800.0,2024-12-22
2024122201020729,UNLB,34,6,20.0,2425.0,48500.0,2024-12-22
2024122201020728,UNLB,14,6,20.0,2436.0,48720.0,2024-12-22
2024122201020727,UNLB,18,6,20.0,2436.0,48720.0,2024-12-22
2024122203011668,SADBL,47,41,10.0,401.3,4013.0,2024-12-22
2024122204012256,JOSHI,48,55,50.0,442.0,22100.0,2024-12-22
2024122204012255,JOSHI,54,55,200.0,443.0,88600.0,2024-12-22
2024122204012254,JOSHI,49,55,50.0,443.0,22150.0,2024-12-22
2024122204012253,JOSHI,74,55,60.0,443.1,26586.0,2024-12-22
2024122204012252,JOSHI,57,55,500.0,443.2,221600.0,2024-12-22
2024122201020726,TPC,37,34,30.0,530.2,15906.0,2024-12-22
2024122203011667,KSBBL,44,58,471.0,431.5,203236.5,2024-12-22
2024122203011666,KSBBL,57,58,20.0,431.5,8630.0,2024-12-22
2024122203011665,KSBBL,19,58,23.0,431.5,9924.5,2024-12-22
2024122203011664,KSBBL,4,58,299.0,431.5,129018.5,2024-12-22
2024122203011663,KSBBL,41,58,187.0,431.6,80709.2,2024-12-22
2024122201020725,MEHL,68,58,10.0,446.7,4467.0,2024-12-22
2024122203011662,SJLIC,17,38,28.0,449.0,12572.0,2024-12-22
2024122204012251,RADHI,42,58,300.0,350.0,105000.0,2024-12-22
2024122203011661,NLIC,58,45,25.0,757.8,18945.0,2024-12-22
2024122201020724,SANIMA,29,55,400.0,299.0,119600.0,2024-12-22
2024122201020723,SANIMA,29,21,100.0,299.0,29900.0,2024-12-22
2024122204012250,SJCL,88,1,500.0,350.5,175250.0,2024-12-22
2024122201020722,SRLI,8,49,10.0,417.8,4178.0,2024-12-22
2024122203011660,NABBC,71,56,70.0,1204.0,84280.0,2024-12-22
2024122203011659,NABBC,6,56,30.0,1210.0,36300.0,2024-12-22
2024122204012249,NHDL,44,16,20.0,705.1,14102.0,2024-12-22
2024122204012248,NHDL,52,16,20.0,705.2,14104.0,2024-12-22
2024122201020721,PRVU,39,42,40.0,215.0,8600.0,2024-12-22
2024122203011658,JFL,44,6,50.0,872.2,43610.0,2024-12-22
2024122203011657,JFL,39,6,112.0,872.2,97686.4,2024-12-22
2024122205011638,GCIL,36,38,50.0,504.5,25225.0,2024-12-22
2024122203011656,MDB,84,59,10.0,689.0,6890.0,2024-12-22
2024122201020720,SBI,66,8,82.0,426.0,34932.0,2024-12-22
2024122201020719,SBI,49,8,75.0,426.0,31950.0,2024-12-22
2024122201020718,SBI,66,8,43.0,426.0,18318.0,2024-12-22
2024122204012247,NGPL,36,39,10.0,256.0,2560.0,2024-12-22
2024122205011637,NRN,39,35,10.0,943.0,9430.0,2024-12-22
2024122205011636,NRN,57,35,40.0,943.0,37720.0,2024-12-22
2024122205011635,NRN,51,35,50.0,943.0,47150.0,2024-12-22
2024122204012246,AKPL,17,42,81.0,234.0,18954.0,2024-12-22
2024122204012245,AKPL,17,42,1019.0,234.0,238446.0,2024-12-22
2024122205011634,HRL,41,17,100.0,788.0,78800.0,2024-12-22
2024122205011633,GCIL,36,71,13.0,504.5,6558.5,2024-12-22
2024122203011655,PMLI,34,50,190.0,510.0,96900.0,2024-12-22
2024122203011654,PMLI,17,50,10.0,510.0,5100.0,2024-12-22
2024122205011632,SHIVM,58,26,50.0,566.5,28325.0,2024-12-22
2024122205011631,SHIVM,42,26,90.0,567.0,51030.0,2024-12-22
2024122203011653,SMPDA,42,77,91.0,917.0,83447.0,2024-12-22
2024122205011630,PHCL,44,4,10.0,529.1,5291.0,2024-12-22
2024122201020717,MKJC,21,67,300.0,511.1,153330.0,2024-12-22
2024122201020716,MKJC,64,67,100.0,512.0,51200.0,2024-12-22
2024122201020715,MKJC,21,67,50.0,512.0,25600.0,2024-12-22
2024122203011652,SFCL,25,95,15.0,650.1,9751.5,2024-12-22
2024122203011651,SFCL,65,95,100.0,650.1,65010.0,2024-12-22
2024122203011650,SFCL,5,95,100.0,650.2,65020.0,2024-12-22
2024122203011649,SFCL,14,95,20.0,650.2,13004.0,2024-12-22
2024122203011648,SFCL,35,95,233.0,650.3,151519.9,2024-12-22
2024122203011647,SFCL,6,95,12.0,650.8,7809.6,2024-12-22
2024122201020714,MMKJL,13,47,10.0,677.6,6776.0,2024-12-22
2024122203011646,RLFL,34,74,30.0,572.0,17160.0,2024-12-22
2024122203011645,MPFL,1,58,100.0,682.0,68200.0,2024-12-22
2024122205011629,NIFRA,4,6,31.0,243.0,7533.0,2024-12-22
2024122201020713,CITY,59,45,10.0,859.9,8599.0,2024-12-22
2024122204012244,AKJCL,51,13,200.0,198.2,39640.0,2024-12-22
2024122203011644,CFCL,39,52,39.0,597.0,23283.0,2024-12-22
2024122203011643,CFCL,52,52,100.0,597.0,59700.0,2024-12-22
2024122203011642,CFCL,48,52,11.0,597.0,6567.0,2024-12-22
2024122204012243,BARUN,34,42,13.0,400.0,5200.0,2024-12-22
2024122204012242,AKJCL,58,42,200.0,198.3,39660.0,2024-12-22
2024122204012241,HEI,22,51,100.0,629.9,62990.0,2024-12-22
2024122204012240,HEI,22,34,300.0,627.8,188340.0,2024-12-22
2024122204012239,HEI,22,21,61.0,627.0,38247.0,2024-12-22
2024122205011628,NTC,68,48,100.0,944.0,94400.0,2024-12-22
2024122204012238,GLH,28,32,40.0,237.2,9488.0,2024-12-22
2024122203011641,ALICL,18,56,10.0,712.0,7120.0,2024-12-22
2024122205011627,SAHAS,58,49,100.0,471.0,47100.0,2024-12-22
2024122204012237,HDHPC,46,40,54.0,194.5,10503.0,2024-12-22
2024122204012236,HDHPC,49,40,146.0,194.5,28397.0,2024-12-22
2024122201020712,RFPL,74,42,10.0,952.0,9520.0,2024-12-22
2024122201020711,RFPL,74,92,200.0,951.2,190240.0,2024-12-22
2024122201020710,RFPL,74,92,100.0,945.0,94500.0,2024-12-22
2024122201020709,RFPL,74,92,90.0,943.0,84870.0,2024-12-22
2024122204012235,HEI,7,21,100.0,627.0,62700.0,2024-12-22
2024122205011626,NIFRA,4,25,95.0,243.0,23085.0,2024-12-22
2024122201020708,SPL,70,14,10.0,980.0,9800.0,2024-12-22
2024122201020707,LSL,44,34,509.0,234.6,119411.4,2024-12-22
2024122201020706,LSL,44,19,1526.0,234.5,357847.0,2024-12-22
2024122201020705,LSL,44,43,100.0,234.5,23450.0,2024-12-22
2024122201020704,LSL,44,44,200.0,234.5,46900.0,2024-12-22
2024122201020703,LSL,44,44,300.0,234.4,70320.0,2024-12-22
2024122201020702,LSL,44,14,50.0,234.0,11700.0,2024-12-22
2024122201020701,LSL,44,46,145.0,234.0,33930.0,2024-12-22
2024122201020700,LSL,44,21,100.0,234.0,23400.0,2024-12-22
2024122201020699,LSL,44,52,70.0,234.0,16380.0,2024-12-22
2024122203011640,FMDBL,42,28,190.0,751.0,142690.0,2024-12-22
2024122203011639,FMDBL,32,28,150.0,752.0,112800.0,2024-12-22
2024122203011638,FMDBL,50,28,10.0,752.0,7520.0,2024-12-22
2024122203011637,FMDBL,26,28,100.0,752.0,75200.0,2024-12-22
2024122203011636,FMDBL,48,28,40.0,754.1,30164.0,2024-12-22
2024122203011635,FMDBL,57,28,10.0,754.1,7541.0,2024-12-22
2024122201020698,TSHL,6,11,10.0,865.0,8650.0,2024-12-22
2024122205011625,NICFC,13,38,100.0,9.1,910.0,2024-12-22
2024122201020697,SBL,55,56,187.0,306.0,57222.0,2024-12-22
2024122203011634,SFCL,38,34,10.0,651.0,6510.0,2024-12-22
2024122205011624,SONA,62,48,50.0,467.8,23390.0,2024-12-22
2024122205011623,SONA,62,25,50.0,467.8,23390.0,2024-12-22
2024122205011622,CIT,34,57,20.0,2070.0,41400.0,2024-12-22
2024122205011621,HRL,46,57,190.0,790.0,150100.0,2024-12-22
2024122205011620,HRL,46,38,40.0,790.0,31600.0,2024-12-22
2024122205011619,HRL,46,42,60.0,790.0,47400.0,2024-12-22
2024122205011618,HRL,46,1,200.0,789.9,157980.0,2024-12-22
2024122205011617,HRL,46,18,10.0,789.0,7890.0,2024-12-22
2024122203011633,NFS,19,57,10.0,1053.0,10530.0,2024-12-22
2024122201020696,AHL,58,19,40.0,708.0,28320.0,2024-12-22
2024122203011632,NFS,89,19,400.0,1052.5,421000.0,2024-12-22
2024122204012234,DHPL,82,42,500.0,308.0,154000.0,2024-12-22
2024122201020695,EHPL,42,82,50.0,725.0,36250.0,2024-12-22
2024122201020694,MANDU,57,48,40.0,877.0,35080.0,2024-12-22
2024122203011631,GFCL,58,57,50.0,776.0,38800.0,2024-12-22
2024122203011630,MLBBL,58,26,51.0,1645.0,83895.0,2024-12-22
2024122203011629,MLBL,85,43,460.0,384.0,176640.0,2024-12-22
2024122203011628,MLBL,85,40,40.0,384.0,15360.0,2024-12-22
2024122203011627,EDBL,49,44,31.0,604.0,18724.0,2024-12-22
2024122201020693,HBL,56,22,10.0,229.5,2295.0,2024-12-22
2024122204012233,UMRH,16,6,98.0,618.0,60564.0,2024-12-22
2024122203011626,ICFC,42,44,75.0,666.0,49950.0,2024-12-22
2024122205011616,SHIVM,58,57,150.0,566.5,84975.0,2024-12-22
2024122204012232,UPPER,6,58,100.0,203.0,20300.0,2024-12-22
2024122203011625,ILBS,59,26,100.0,930.0,93000.0,2024-12-22
2024122205011615,NTC,14,34,167.0,943.0,157481.0,2024-12-22
2024122205011614,NTC,38,34,10.0,944.0,9440.0,2024-12-22
2024122205011613,NTC,57,34,23.0,944.0,21712.0,2024-12-22
2024122205011612,NTC,13,34,10.0,944.0,9440.0,2024-12-22
2024122205011611,NTC,49,34,90.0,944.0,84960.0,2024-12-22
2024122203011624,SWBBL,50,41,30.0,881.0,26430.0,2024-12-22
2024122203011623,SWBBL,50,57,73.0,880.7,64291.1,2024-12-22
2024122203011622,SWBBL,50,25,90.0,880.6,79254.0,2024-12-22
