transaction,symbol,buyer,seller,quantity,rate,amount,date
2025063001018167,SGHC,56,52,220.0,391.0,86020.0,2025-06-30
2025063001018166,SGHC,52,52,100.0,392.0,39200.0,2025-06-30
2025063001018165,SGHC,43,52,180.0,392.0,70560.0,2025-06-30
2025063001018164,NMIC,55,52,70.0,1640.0,114800.0,2025-06-30
2025063003011103,SLBBL,41,4,50.0,885.0,44250.0,2025-06-30
2025063003011102,MLBL,43,66,32.0,382.4,12236.8,2025-06-30
2025063001018163,EHPL,58,48,50.0,545.7,27285.0,2025-06-30
2025063001018162,NMIC,55,38,100.0,1640.0,164000.0,2025-06-30
2025063003011101,MPFL,32,22,40.0,575.1,23004.0,2025-06-30
2025063004023525,RURU,14,92,100.0,712.1,71210.0,2025-06-30
2025063001018161,NMB,50,4,200.0,245.0,49000.0,2025-06-30
2025063001018160,NMIC,55,39,180.0,1640.0,295200.0,2025-06-30
2025063004023524,BARUN,80,29,240.0,411.2,98688.0,2025-06-30
2025063004023523,BARUN,94,29,160.0,412.0,65920.0,2025-06-30
2025063004023522,PMHPL,88,26,277.0,402.0,111354.0,2025-06-30
2025063004023521,PMHPL,88,19,10.0,401.7,4017.0,2025-06-30
2025063004023520,PMHPL,88,48,500.0,401.0,200500.0,2025-06-30
2025063004023519,PMHPL,88,44,10.0,400.0,4000.0,2025-06-30
2025063004023518,PMHPL,88,19,500.0,400.0,200000.0,2025-06-30
2025063004023517,PMHPL,88,29,10.0,400.0,4000.0,2025-06-30
2025063004023516,PMHPL,88,50,120.0,400.0,48000.0,2025-06-30
2025063004023515,PMHPL,88,38,128.0,400.0,51200.0,2025-06-30
2025063003011100,GRDBL,60,58,11.0,1326.0,14586.0,2025-06-30
2025063004023514,AKPL,42,32,200.0,263.1,52620.0,2025-06-30
2025063003011099,NMFBS,53,19,100.0,1231.0,123100.0,2025-06-30
2025063005010576,GCIL,29,19,10.0,493.0,4930.0,2025-06-30
2025063005010575,GCIL,58,19,10.0,493.5,4935.0,2025-06-30
2025063004023513,SHEL,70,36,76.0,286.3,21758.8,2025-06-30
2025063001018159,DOLTI,57,34,12.0,550.1,6601.2,2025-06-30
2025063001018158,DOLTI,6,34,10.0,551.0,5510.0,2025-06-30
2025063001018157,GMLI,55,34,30.0,2231.0,66930.0,2025-06-30
2025063001018156,GMLI,55,42,20.0,2231.0,44620.0,2025-06-30
2025063001018155,SCB,49,58,35.0,617.0,21595.0,2025-06-30
2025063001018154,SCB,1,58,55.0,617.0,33935.0,2025-06-30
2025063001018153,SCB,58,58,100.0,617.0,61700.0,2025-06-30
2025063004023512,API,8,50,50.0,290.7,14535.0,2025-06-30
2025063003011098,SINDU,33,58,20.0,819.0,16380.0,2025-06-30
2025063003011097,SINDU,33,45,30.0,819.0,24570.0,2025-06-30
2025063003011096,SINDU,33,41,50.0,818.0,40900.0,2025-06-30
2025063004023511,AKPL,42,57,200.0,263.1,52620.0,2025-06-30
2025063003011095,GMFIL,34,48,300.0,470.1,141030.0,2025-06-30
2025063004023510,RIDI,49,44,650.0,259.5,168675.0,2025-06-30
2025063004023509,RIDI,21,44,350.0,259.7,90895.0,2025-06-30
2025063004023508,API,41,37,200.0,290.5,58100.0,2025-06-30
2025063004023507,API,5,37,250.0,290.5,72625.0,2025-06-30
2025063004023506,API,72,37,50.0,290.6,14530.0,2025-06-30
2025063005010574,SONA,17,7,85.0,447.9,38071.5,2025-06-30
2025063005010573,SONA,17,38,25.0,447.8,11195.0,2025-06-30
2025063001018152,GVL,17,4,10.0,472.0,4720.0,2025-06-30
2025063004023505,UPPER,35,6,10.0,195.3,1953.0,2025-06-30
2025063004023504,PPCL,83,6,117.0,377.8,44202.6,2025-06-30
2025063004023503,PPCL,57,6,100.0,377.9,37790.0,2025-06-30
2025063004023502,PPCL,35,6,40.0,377.9,15116.0,2025-06-30
2025063004023501,PPCL,58,6,43.0,378.0,16254.0,2025-06-30
2025063005010572,SMJC,26,53,50.0,530.0,26500.0,2025-06-30
2025063005010571,NRM,53,4,20.0,438.0,8760.0,2025-06-30
2025063004023500,NGPL,56,38,10.0,395.0,3950.0,2025-06-30
2025063001018151,KBL,85,56,1000.0,209.0,209000.0,2025-06-30
2025063003011094,PFL,55,45,300.0,395.0,118500.0,2025-06-30
2025063003011093,PFL,29,45,200.0,395.0,79000.0,2025-06-30
2025063003011092,PFL,4,45,50.0,395.0,19750.0,2025-06-30
2025063003011091,PFL,51,45,20.0,395.0,7900.0,2025-06-30
2025063003011090,PFL,34,45,300.0,395.0,118500.0,2025-06-30
2025063003011089,PFL,4,45,100.0,395.0,39500.0,2025-06-30
2025063003011088,PFL,39,45,50.0,395.0,19750.0,2025-06-30
2025063003011087,PFL,38,45,10.0,395.0,3950.0,2025-06-30
2025063003011086,PFL,38,45,159.0,395.0,62805.0,2025-06-30
2025063003011085,PFL,63,45,100.0,395.1,39510.0,2025-06-30
2025063003011084,PFL,8,45,50.0,396.0,19800.0,2025-06-30
2025063003011083,PFL,58,45,25.0,396.0,9900.0,2025-06-30
2025063003011082,PFL,42,45,75.0,396.2,29715.0,2025-06-30
2025063001018150,TSHL,46,45,90.0,629.0,56610.0,2025-06-30
2025063004023499,GLH,22,45,200.0,269.9,53980.0,2025-06-30
2025063004023498,CHL,58,7,200.0,346.0,69200.0,2025-06-30
2025063004023497,CHL,58,38,240.0,346.0,83040.0,2025-06-30
2025063003011081,NABBC,20,58,10.0,1605.0,16050.0,2025-06-30
2025063003011080,NABBC,20,45,12.0,1597.0,19164.0,2025-06-30
2025063003011079,NABBC,20,61,50.0,1594.8,79740.0,2025-06-30
2025063003011078,NABBC,20,57,38.0,1594.0,60572.0,2025-06-30
2025063004023496,UNHPL,4,19,80.0,450.1,36008.0,2025-06-30
2025063004023495,RADHI,39,42,992.0,782.0,775744.0,2025-06-30
2025063004023494,RADHI,39,62,40.0,782.0,31280.0,2025-06-30
2025063004023493,RADHI,39,29,500.0,781.9,390950.0,2025-06-30
2025063004023492,RADHI,39,95,18.0,781.0,14058.0,2025-06-30
2025063001018149,TPC,48,39,700.0,416.0,291200.0,2025-06-30
2025063001018148,MAKAR,50,14,50.0,595.1,29755.0,2025-06-30
2025063003011077,MFIL,16,77,100.0,583.9,58390.0,2025-06-30
2025063001018147,CREST,21,42,78.0,1364.0,106392.0,2025-06-30
2025063003011076,GRDBL,60,91,50.0,1326.0,66300.0,2025-06-30
2025063003011075,GRDBL,60,35,54.0,1306.0,70524.0,2025-06-30
2025063003011074,GRDBL,60,42,300.0,1306.0,391800.0,2025-06-30
2025063003011073,GRDBL,60,36,20.0,1303.5,26070.0,2025-06-30
2025063003011072,GRDBL,60,45,40.0,1303.4,52136.0,2025-06-30
2025063005010570,SMJC,19,5,10.0,532.0,5320.0,2025-06-30
2025063005010569,SONA,38,26,65.0,446.1,28996.5,2025-06-30
2025063005010568,SONA,55,26,50.0,446.2,22310.0,2025-06-30
2025063005010567,SONA,10,26,100.0,446.2,44620.0,2025-06-30
2025063005010566,SONA,49,26,100.0,446.2,44620.0,2025-06-30
2025063005010565,SONA,58,26,100.0,446.2,44620.0,2025-06-30
2025063005010564,SONA,41,26,85.0,447.8,38063.0,2025-06-30
2025063004023491,GHL,17,34,50.0,247.4,12370.0,2025-06-30
2025063004023490,GHL,42,34,200.0,247.5,49500.0,2025-06-30
2025063004023489,GHL,93,34,20.0,247.6,4952.0,2025-06-30
2025063004023488,GHL,34,34,50.0,247.6,12380.0,2025-06-30
2025063004023487,GHL,48,34,475.0,247.6,117610.0,2025-06-30
2025063001018146,NMIC,55,34,200.0,1640.0,328000.0,2025-06-30
2025063004023486,SSHL,45,42,300.0,239.0,71700.0,2025-06-30
2025063004023485,SSHL,36,42,500.0,239.0,119500.0,2025-06-30
2025063004023484,SSHL,52,42,100.0,239.0,23900.0,2025-06-30
2025063004023483,SSHL,55,42,100.0,239.0,23900.0,2025-06-30
2025063004023482,SSHL,47,42,50.0,239.0,11950.0,2025-06-30
2025063004023481,SSHL,14,42,10.0,239.0,2390.0,2025-06-30
2025063004023480,SSHL,67,42,200.0,239.0,47800.0,2025-06-30
2025063004023479,SSHL,58,42,15.0,239.0,3585.0,2025-06-30
2025063004023478,SSHL,56,42,50.0,239.1,11955.0,2025-06-30
2025063003011071,GMFBS,42,35,50.0,1530.0,76500.0,2025-06-30
2025063003011070,MLBL,44,42,21.0,382.1,8024.1,2025-06-30
2025063001018145,GMLI,55,42,10.0,2231.0,22310.0,2025-06-30
2025063003011069,GRDBL,14,33,19.0,1300.0,24700.0,2025-06-30
2025063003011068,GRDBL,29,33,181.0,1300.0,235300.0,2025-06-30
2025063004023477,UMHL,5,62,10.0,553.2,5532.0,2025-06-30
2025063005010563,MEL,62,13,70.0,317.0,22190.0,2025-06-30
2025063005010562,MEL,62,13,300.0,317.0,95100.0,2025-06-30
2025063003011067,ACLBSL,49,44,45.0,1035.0,46575.0,2025-06-30
2025063001018144,DORDI,38,52,43.0,305.0,13115.0,2025-06-30
2025063001018143,DORDI,14,52,100.0,305.0,30500.0,2025-06-30
2025063001018142,GBIME,28,22,386.0,242.7,93682.2,2025-06-30
2025063001018141,GBIME,28,57,100.0,242.7,24270.0,2025-06-30
2025063001018140,GBIME,28,42,100.0,242.7,24270.0,2025-06-30
2025063001018139,GBIME,28,35,100.0,242.7,24270.0,2025-06-30
2025063001018138,GBIME,28,57,20.0,242.7,4854.0,2025-06-30
2025063001018137,GBIME,28,6,800.0,242.7,194160.0,2025-06-30
2025063001018136,GBIME,28,6,10.0,242.1,2421.0,2025-06-30
2025063001018135,GBIME,28,42,1000.0,242.0,242000.0,2025-06-30
2025063001018134,GBIME,28,45,185.0,242.0,44770.0,2025-06-30
2025063001018133,GBIME,28,41,100.0,242.0,24200.0,2025-06-30
2025063001018132,GBIME,28,25,1000.0,242.0,242000.0,2025-06-30
2025063001018131,GBIME,28,28,1000.0,242.0,242000.0,2025-06-30
2025063001018130,GBIME,28,6,50.0,242.0,12100.0,2025-06-30
2025063001018129,GBIME,28,57,10.0,242.0,2420.0,2025-06-30
2025063001018128,GBIME,28,41,3000.0,242.0,726000.0,2025-06-30
2025063001018127,GBIME,28,3,100.0,242.0,24200.0,2025-06-30
2025063001018126,GBIME,28,4,450.0,242.0,108900.0,2025-06-30
2025063001018125,GBIME,28,55,500.0,242.0,121000.0,2025-06-30
2025063001018124,GBIME,28,33,200.0,242.0,48400.0,2025-06-30
2025063001018123,GBIME,28,11,100.0,242.0,24200.0,2025-06-30
2025063001018122,GBIME,28,58,223.0,242.0,53966.0,2025-06-30
2025063001018121,GBIME,28,34,500.0,242.0,121000.0,2025-06-30
2025063001018120,GBIME,28,36,85.0,242.0,20570.0,2025-06-30
2025063001018119,GBIME,28,58,162.0,242.0,39204.0,2025-06-30
2025063001018118,GBIME,28,44,527.0,242.0,127534.0,2025-06-30
2025063001018117,GBIME,28,25,200.0,242.0,48400.0,2025-06-30
2025063001018116,GBIME,28,1,240.0,242.0,58080.0,2025-06-30
2025063001018115,GBIME,28,29,960.0,242.0,232320.0,2025-06-30
2025063001018114,GBIME,28,1,100.0,242.0,24200.0,2025-06-30
2025063001018113,GBIME,28,50,100.0,242.0,24200.0,2025-06-30
2025063001018112,GBIME,28,42,466.0,242.0,112772.0,2025-06-30
2025063001018111,GBIME,28,35,2000.0,242.0,484000.0,2025-06-30
2025063001018110,GBIME,28,52,500.0,242.0,121000.0,2025-06-30
2025063001018109,GBIME,28,52,1000.0,242.0,242000.0,2025-06-30
2025063001018108,GBIME,28,54,15.0,242.0,3630.0,2025-06-30
2025063001018107,GBIME,28,22,20.0,242.0,4840.0,2025-06-30
2025063001018106,GBIME,28,32,150.0,242.0,36300.0,2025-06-30
2025063001018105,GBIME,28,22,35.0,242.0,8470.0,2025-06-30
2025063001018104,GBIME,28,22,20.0,242.0,4840.0,2025-06-30
2025063001018103,GBIME,28,16,1000.0,241.8,241800.0,2025-06-30
2025063001018102,GBIME,28,58,10.0,241.7,2417.0,2025-06-30
2025063001018101,GBIME,28,101,10.0,241.7,2417.0,2025-06-30
2025063001018100,GBIME,28,42,400.0,241.7,96680.0,2025-06-30
2025063001018099,GBIME,28,62,100.0,241.6,24160.0,2025-06-30
2025063001018098,GBIME,28,6,100.0,241.5,24150.0,2025-06-30
2025063001018097,GBIME,28,41,1866.0,241.3,450265.8,2025-06-30
2025063005010561,SAHAS,28,60,10.0,590.0,5900.0,2025-06-30
2025063005010560,SAHAS,16,45,23.0,589.0,13547.0,2025-06-30
2025063003011066,SLBBL,57,38,100.0,884.1,88410.0,2025-06-30
2025063005010559,HIDCL,1,59,200.0,284.8,56960.0,2025-06-30
2025063004023476,RHPL,38,48,100.0,371.0,37100.0,2025-06-30
2025063004023475,RHPL,38,59,100.0,371.0,37100.0,2025-06-30
2025063004023474,RHPL,38,42,70.0,371.0,25970.0,2025-06-30
2025063004023473,RHPL,38,57,182.0,371.0,67522.0,2025-06-30
2025063004023472,UMHL,39,44,10.0,555.0,5550.0,2025-06-30
2025063004023471,API,72,21,150.0,290.6,43590.0,2025-06-30
2025063004023470,API,32,21,300.0,290.7,87210.0,2025-06-30
2025063004023469,API,16,21,50.0,290.7,14535.0,2025-06-30
2025063005010558,MEL,81,13,50.0,317.0,15850.0,2025-06-30
2025063005010557,ILI,58,42,12.0,439.0,5268.0,2025-06-30
2025063005010556,ILI,58,22,105.0,439.0,46095.0,2025-06-30
2025063005010555,ILI,58,55,20.0,438.9,8778.0,2025-06-30
2025063003011065,LBBL,99,94,50.0,435.0,21750.0,2025-06-30
2025063003011064,LBBL,99,13,30.0,434.8,13044.0,2025-06-30
2025063003011063,LBBL,99,62,200.0,433.9,86780.0,2025-06-30
2025063003011062,LBBL,99,16,20.0,433.8,8676.0,2025-06-30
2025063001018096,NESDO,19,38,20.0,1533.0,30660.0,2025-06-30
2025063001018095,EBL,42,47,40.0,643.0,25720.0,2025-06-30
2025063001018094,EBL,42,39,60.0,643.0,38580.0,2025-06-30
2025063003011061,GRDBL,29,42,300.0,1300.0,390000.0,2025-06-30
2025063004023468,SHEL,42,36,50.0,286.3,14315.0,2025-06-30
2025063004023467,NLG,69,94,75.0,780.0,58500.0,2025-06-30
2025063004023466,TRH,41,33,40.0,918.0,36720.0,2025-06-30
2025063004023465,BPCL,34,54,116.0,835.0,96860.0,2025-06-30
2025063004023464,MEN,49,8,40.0,606.9,24276.0,2025-06-30
2025063005010554,SONA,48,7,100.0,447.9,44790.0,2025-06-30
2025063004023463,UNHPL,43,19,43.0,450.1,19354.3,2025-06-30
2025063004023462,UNHPL,43,51,957.0,450.0,430650.0,2025-06-30
2025063005010553,HIDCL,7,45,44.0,284.0,12496.0,2025-06-30
2025063005010552,HIDCL,1,45,500.0,284.0,142000.0,2025-06-30
2025063005010551,HIDCL,42,45,100.0,284.0,28400.0,2025-06-30
2025063005010550,HIDCL,47,45,100.0,284.0,28400.0,2025-06-30
2025063005010549,HIDCL,4,45,500.0,284.0,142000.0,2025-06-30
2025063005010548,HIDCL,34,45,45.0,284.0,12780.0,2025-06-30
2025063005010547,HIDCL,70,45,540.0,284.0,153360.0,2025-06-30
2025063005010546,HIDCL,16,45,300.0,284.1,85230.0,2025-06-30
2025063005010545,HIDCL,45,45,300.0,284.1,85230.0,2025-06-30
2025063005010544,HIDCL,51,45,128.0,284.1,36364.8,2025-06-30
2025063005010543,HIDCL,11,45,573.0,284.1,162789.3,2025-06-30
2025063005010542,HIDCL,16,45,420.0,284.3,119406.0,2025-06-30
2025063001018093,NMIC,55,45,70.0,1640.0,114800.0,2025-06-30
2025063004023461,SHL,59,50,500.0,553.4,276700.0,2025-06-30
2025063004023460,PMHPL,62,22,50.0,399.9,19995.0,2025-06-30
2025063001018092,SBI,36,44,100.0,397.0,39700.0,2025-06-30
2025063001018091,SBI,36,38,95.0,397.0,37715.0,2025-06-30
2025063004023459,BARUN,41,52,100.0,412.9,41290.0,2025-06-30
2025063004023458,UPCL,16,32,250.0,408.0,102000.0,2025-06-30
2025063004023457,SHEL,39,32,85.0,286.2,24327.0,2025-06-30
2025063004023456,SHEL,16,32,240.0,286.2,68688.0,2025-06-30
2025063005010541,SLCF,32,45,584.0,10.04,5863.36,2025-06-30
2025063004023455,SHEL,38,32,500.0,286.2,143100.0,2025-06-30
2025063004023454,SHEL,32,32,10.0,286.2,2862.0,2025-06-30
2025063004023453,SHEL,57,32,165.0,286.2,47223.0,2025-06-30
2025063004023452,CHCL,16,34,275.0,545.0,149875.0,2025-06-30
2025063004023451,CHCL,16,71,400.0,545.0,218000.0,2025-06-30
2025063004023450,CHCL,16,42,25.0,545.0,13625.0,2025-06-30
2025063005010540,SONA,19,7,231.0,447.9,103464.9,2025-06-30
2025063005010539,SONA,19,42,10.0,447.9,4479.0,2025-06-30
2025063005010538,SONA,19,50,259.0,447.9,116006.1,2025-06-30
2025063004023449,TRH,70,47,10.0,919.0,9190.0,2025-06-30
2025063001018090,BEDC,70,34,500.0,647.1,323550.0,2025-06-30
2025063001018089,CREST,3,34,10.0,1362.1,13621.0,2025-06-30
2025063001018088,BHDC,14,34,30.0,478.6,14358.0,2025-06-30
2025063004023448,SHPC,44,34,195.0,606.0,118170.0,2025-06-30
2025063004023447,SHPC,44,34,200.0,606.0,121200.0,2025-06-30
2025063003011060,NMLBBL,42,58,10.0,649.8,6498.0,2025-06-30
2025063001018087,GMLI,55,49,10.0,2231.0,22310.0,2025-06-30
2025063004023446,PMHPL,7,38,417.0,400.0,166800.0,2025-06-30
2025063004023445,PMHPL,7,41,483.0,400.0,193200.0,2025-06-30
2025063001018086,GVL,6,4,10.0,472.0,4720.0,2025-06-30
2025063001018085,NMIC,55,45,10.0,1640.0,16400.0,2025-06-30
2025063001018084,BHL,45,14,100.0,214.7,21470.0,2025-06-30
2025063001018083,BHL,45,45,10.0,214.7,2147.0,2025-06-30
2025063001018082,BHL,45,51,150.0,214.6,32190.0,2025-06-30
2025063001018081,NICA,59,36,30.0,341.0,10230.0,2025-06-30
2025063004023444,UMHL,11,44,10.0,555.0,5550.0,2025-06-30
2025063005010537,HRL,38,43,100.0,891.0,89100.0,2025-06-30
2025063001018080,ULBSL,38,22,10.0,3373.0,33730.0,2025-06-30
2025063001018079,NMIC,55,3,20.0,1640.0,32800.0,2025-06-30
2025063004023443,NIL,14,32,15.0,679.9,10198.5,2025-06-30
2025063003011059,SAPDBL,45,36,38.0,1090.0,41420.0,2025-06-30
2025063001018078,GMLI,55,34,200.0,2231.0,446200.0,2025-06-30
2025063005010536,NRIC,34,3,10.0,1233.0,12330.0,2025-06-30
2025063001018077,TPC,58,60,100.0,421.0,42100.0,2025-06-30
2025063001018076,MHCL,38,34,300.0,435.1,130530.0,2025-06-30
2025063001018075,MHCL,33,34,100.0,435.4,43540.0,2025-06-30
2025063001018074,MHCL,36,34,100.0,435.5,43550.0,2025-06-30
2025063001018073,TAMOR,33,58,10.0,516.0,5160.0,2025-06-30
2025063001018072,TAMOR,33,58,10.0,515.0,5150.0,2025-06-30
2025063001018071,TAMOR,33,38,10.0,515.0,5150.0,2025-06-30
2025063004023442,IGI,50,57,27.0,519.0,14013.0,2025-06-30
2025063004023441,HURJA,98,28,104.0,253.0,26312.0,2025-06-30
2025063001018070,SNLI,42,7,13.0,464.0,6032.0,2025-06-30
2025063001018069,SNLI,42,7,40.0,464.0,18560.0,2025-06-30
2025063004023440,HURJA,26,28,1396.0,253.0,353188.0,2025-06-30
2025063001018068,SNLI,38,7,11.0,464.0,5104.0,2025-06-30
2025063001018067,SNLI,77,7,78.0,464.0,36192.0,2025-06-30
2025063001018066,SNLI,49,7,10.0,464.1,4641.0,2025-06-30
2025063001018065,SNLI,64,7,180.0,464.1,83538.0,2025-06-30
2025063004023439,UMHL,28,44,186.0,555.0,103230.0,2025-06-30
2025063004023438,UMHL,28,47,14.0,555.0,7770.0,2025-06-30
2025063004023437,RIDI,43,44,155.0,260.0,40300.0,2025-06-30
2025063004023436,NLG,69,94,410.0,781.5,320415.0,2025-06-30
2025063004023435,NLG,44,94,15.0,781.8,11727.0,2025-06-30
2025063001018064,NMIC,55,59,1500.0,1640.0,2460000.0,2025-06-30
2025063003011058,LICN,38,7,50.0,855.9,42795.0,2025-06-30
2025063005010535,SBCF,33,45,500.0,9.61,4805.0,2025-06-30
2025063001018063,MKHC,42,45,70.0,440.0,30800.0,2025-06-30
2025063001018062,MKHC,42,45,20.0,440.0,8800.0,2025-06-30
2025063001018061,MKHC,34,45,10.0,440.2,4402.0,2025-06-30
2025063004023434,HURJA,26,45,104.0,253.0,26312.0,2025-06-30
2025063004023433,HURJA,26,45,1000.0,253.0,253000.0,2025-06-30
2025063004023432,HURJA,57,45,100.0,253.0,25300.0,2025-06-30
2025063004023431,HURJA,26,45,1500.0,253.0,379500.0,2025-06-30
2025063004023430,HURJA,74,45,100.0,253.0,25300.0,2025-06-30
2025063004023429,HURJA,25,45,100.0,253.0,25300.0,2025-06-30
2025063004023428,HURJA,57,45,200.0,253.0,50600.0,2025-06-30
2025063004023427,HURJA,72,45,500.0,253.0,126500.0,2025-06-30
2025063004023426,HURJA,38,45,200.0,253.0,50600.0,2025-06-30
2025063004023425,HURJA,55,45,710.0,253.0,179630.0,2025-06-30
2025063004023424,HURJA,53,45,300.0,253.0,75900.0,2025-06-30
2025063004023423,HURJA,16,45,500.0,253.0,126500.0,2025-06-30
2025063004023422,HURJA,17,45,450.0,253.0,113850.0,2025-06-30
2025063004023421,HURJA,34,45,146.0,253.0,36938.0,2025-06-30
2025063004023420,HURJA,41,45,1000.0,253.1,253100.0,2025-06-30
2025063004023419,HURJA,56,45,3000.0,253.1,759300.0,2025-06-30
2025063004023418,HURJA,57,45,90.0,253.1,22779.0,2025-06-30
2025063001018060,NMIC,55,64,10.0,1640.0,16400.0,2025-06-30
2025063005010534,HDL,35,50,10.0,1195.0,11950.0,2025-06-30
2025063004023417,JOSHI,42,45,20.0,328.7,6574.0,2025-06-30
2025063004023416,CGH,32,48,100.0,955.0,95500.0,2025-06-30
2025063004023415,CGH,45,48,100.0,955.0,95500.0,2025-06-30
2025063005010533,HRL,44,48,24.0,890.0,21360.0,2025-06-30
2025063005010532,HRL,58,48,48.0,890.1,42724.8,2025-06-30
2025063005010531,HRL,6,48,358.0,890.1,318655.8,2025-06-30
2025063005010530,HRL,4,48,50.0,890.5,44525.0,2025-06-30
2025063005010529,HRL,21,48,20.0,890.5,17810.0,2025-06-30
2025063005010528,GCIL,58,36,150.0,493.5,74025.0,2025-06-30
2025063004023414,GHL,49,20,100.0,248.9,24890.0,2025-06-30
2025063004023413,DHPL,74,50,400.0,326.9,130760.0,2025-06-30
2025063001018059,MANDU,4,17,80.0,853.1,68248.0,2025-06-30
2025063001018058,MANDU,54,17,100.0,853.2,85320.0,2025-06-30
2025063005010527,SHIVM,22,17,100.0,504.1,50410.0,2025-06-30
2025063004023412,MHNL,56,33,210.0,287.9,60459.0,2025-06-30
2025063004023411,MHNL,56,19,690.0,287.9,198651.0,2025-06-30
2025063004023410,MHNL,56,13,100.0,287.8,28780.0,2025-06-30
2025063001018057,SHLB,59,49,20.0,1871.0,37420.0,2025-06-30
2025063005010526,NRIC,55,11,1000.0,1230.0,1230000.0,2025-06-30
2025063003011057,GMFIL,45,55,45.0,470.9,21190.5,2025-06-30
2025063005010525,HATHY,41,45,25.0,1194.0,29850.0,2025-06-30
2025063004023409,KPCL,32,49,10.0,549.9,5499.0,2025-06-30
2025063001018056,NMIC,55,58,10.0,1640.0,16400.0,2025-06-30
2025063001018055,SHLB,47,49,50.0,1871.0,93550.0,2025-06-30
2025063003011056,NICLBSL,58,45,10.0,617.7,6177.0,2025-06-30
2025063001018054,DOLTI,35,42,10.0,556.9,5569.0,2025-06-30
2025063004023408,AHPC,37,71,394.0,284.0,111896.0,2025-06-30
2025063004023407,AHPC,33,71,1000.0,284.0,284000.0,2025-06-30
2025063004023406,AHPC,54,71,250.0,284.0,71000.0,2025-06-30
2025063004023405,AHPC,28,71,100.0,284.0,28400.0,2025-06-30
2025063004023404,AHPC,94,71,50.0,284.0,14200.0,2025-06-30
2025063004023403,AHPC,59,71,173.0,284.0,49132.0,2025-06-30
2025063004023402,AHPC,22,71,300.0,284.0,85200.0,2025-06-30
2025063004023401,AHPC,55,71,600.0,284.0,170400.0,2025-06-30
2025063004023400,AHPC,11,71,100.0,284.0,28400.0,2025-06-30
2025063004023399,AHPC,11,71,148.0,284.0,42032.0,2025-06-30
2025063004023398,AHPC,94,71,50.0,284.1,14205.0,2025-06-30
2025063004023397,AHPC,46,71,20.0,284.1,5682.0,2025-06-30
2025063004023396,AHPC,29,71,815.0,284.1,231541.5,2025-06-30
2025063004023395,HDHPC,4,8,490.0,196.6,96334.0,2025-06-30
2025063004023394,HDHPC,28,8,10.0,196.8,1968.0,2025-06-30
2025063001018053,SNLI,26,42,10.0,464.2,4642.0,2025-06-30
2025063004023393,GLH,65,7,500.0,269.0,134500.0,2025-06-30
2025063005010524,HRL,48,43,35.0,891.0,31185.0,2025-06-30
2025063005010523,NRIC,55,38,53.0,1230.0,65190.0,2025-06-30
2025063001018052,NIMB,45,37,315.0,213.0,67095.0,2025-06-30
2025063001018051,NIMB,45,22,10.0,213.0,2130.0,2025-06-30
2025063001018050,NIMB,45,45,675.0,213.0,143775.0,2025-06-30
2025063004023392,AKJCL,45,70,300.0,210.6,63180.0,2025-06-30
2025063001018049,CREST,52,22,20.0,1362.0,27240.0,2025-06-30
2025063001018048,BHDC,39,65,50.0,483.0,24150.0,2025-06-30
2025063004023391,SHEL,4,36,290.0,286.3,83027.0,2025-06-30
2025063001018047,GMLI,55,45,100.0,2231.0,223100.0,2025-06-30
2025063004023390,UAIL,29,34,100.0,576.0,57600.0,2025-06-30
2025063001018046,SRLI,55,51,10.0,392.0,3920.0,2025-06-30
2025063004023389,JOSHI,48,29,102.0,328.0,33456.0,2025-06-30
2025063001018045,GBIME,85,41,100.0,241.0,24100.0,2025-06-30
2025063003011055,SAPDBL,45,44,150.0,1090.0,163500.0,2025-06-30
2025063005010522,NIFRA,22,51,10.0,270.3,2703.0,2025-06-30
2025063004023388,AHPC,47,47,70.0,284.2,19894.0,2025-06-30
2025063004023387,HURJA,100,51,656.0,254.8,167148.8,2025-06-30
2025063004023386,HURJA,100,49,250.0,254.6,63650.0,2025-06-30
2025063004023385,HURJA,100,20,200.0,254.0,50800.0,2025-06-30
2025063004023384,HURJA,100,70,132.0,254.0,33528.0,2025-06-30
2025063004023383,HURJA,100,44,762.0,253.5,193167.0,2025-06-30
2025063004023382,HURJA,100,56,500.0,253.2,126600.0,2025-06-30
2025063001018044,CKHL,34,35,10.0,634.0,6340.0,2025-06-30
2025063001018043,CREST,49,42,10.0,1364.0,13640.0,2025-06-30
2025063004023381,SHPC,49,44,300.0,606.6,181980.0,2025-06-30
2025063003011054,ALICL,94,7,69.0,498.0,34362.0,2025-06-30
2025063003011053,SINDU,53,45,10.0,819.0,8190.0,2025-06-30
2025063003011052,SINDU,53,41,40.0,818.8,32752.0,2025-06-30
2025063003011051,SINDU,53,41,50.0,818.0,40900.0,2025-06-30
2025063005010521,SAHAS,38,60,200.0,590.0,118000.0,2025-06-30
2025063001018042,NMIC,55,38,10.0,1640.0,16400.0,2025-06-30
2025063005010520,HATHY,59,45,50.0,1194.0,59700.0,2025-06-30
2025063004023380,UNHPL,66,58,40.0,449.0,17960.0,2025-06-30
2025063003011050,RSDC,10,38,20.0,669.8,13396.0,2025-06-30
2025063003011049,HLBSL,54,44,70.0,930.0,65100.0,2025-06-30
2025063003011048,HLBSL,58,44,10.0,931.0,9310.0,2025-06-30
2025063003011047,HLBSL,36,44,10.0,932.1,9321.0,2025-06-30
2025063003011046,HLBSL,84,44,80.0,932.2,74576.0,2025-06-30
2025063004023379,UNHPL,68,51,43.0,450.0,19350.0,2025-06-30
2025063005010519,MEL,32,13,150.0,317.0,47550.0,2025-06-30
2025063004023378,AKJCL,19,70,50.0,210.6,10530.0,2025-06-30
2025063001018041,LSL,44,17,100.0,217.0,21700.0,2025-06-30
2025063003011045,MSLB,58,58,10.0,1195.0,11950.0,2025-06-30
2025063003011044,MSLB,58,38,10.0,1195.0,11950.0,2025-06-30
2025063003011043,MSLB,58,48,30.0,1195.0,35850.0,2025-06-30
2025063005010518,SAHAS,8,60,5508.0,590.0,3249720.0,2025-06-30
2025063005010517,SAHAS,8,47,526.0,590.0,310340.0,2025-06-30
2025063005010516,SAHAS,8,6,500.0,589.9,294950.0,2025-06-30
2025063005010515,SAHAS,8,22,2000.0,589.9,1179800.0,2025-06-30
2025063005010514,SAHAS,8,32,1000.0,589.8,589800.0,2025-06-30
2025063005010513,SAHAS,8,49,200.0,589.8,117960.0,2025-06-30
2025063005010512,SAHAS,8,4,266.0,589.7,156860.2,2025-06-30
2025063004023377,AKPL,42,69,50.0,263.1,13155.0,2025-06-30
2025063004023376,UPCL,16,63,500.0,408.0,204000.0,2025-06-30
2025063001018040,MKJC,41,42,190.0,526.0,99940.0,2025-06-30
2025063001018039,MKJC,11,42,100.0,526.1,52610.0,2025-06-30
2025063001018038,MKJC,57,42,380.0,527.0,200260.0,2025-06-30
2025063001018037,MKJC,6,42,430.0,528.5,227255.0,2025-06-30
2025063004023375,HPPL,45,48,134.0,515.2,69036.8,2025-06-30
2025063004023374,HPPL,56,48,2222.0,515.2,1144774.4,2025-06-30
2025063004023373,HPPL,3,48,919.0,515.9,474112.1,2025-06-30
2025063004023372,HPPL,35,48,500.0,516.0,258000.0,2025-06-30
2025063004023371,HPPL,62,48,25.0,517.4,12935.0,2025-06-30
2025063004023370,HPPL,17,48,100.0,517.4,51740.0,2025-06-30
2025063004023369,HPPL,39,48,100.0,517.5,51750.0,2025-06-30
2025063004023368,UPCL,16,57,443.0,408.0,180744.0,2025-06-30
2025063003011042,JBBL,26,42,100.0,321.9,32190.0,2025-06-30
2025063004023367,AKJCL,34,74,200.0,210.6,42120.0,2025-06-30
2025063004023366,CGH,49,48,12.0,956.0,11472.0,2025-06-30
2025063003011041,SMFBS,45,7,30.0,1650.0,49500.0,2025-06-30
2025063001018036,DORDI,13,52,400.0,306.0,122400.0,2025-06-30
2025063004023365,HURJA,57,53,25.0,253.1,6327.5,2025-06-30
2025063003011040,ACLBSL,6,44,50.0,1035.0,51750.0,2025-06-30
2025063004023364,SHEL,57,38,35.0,286.2,10017.0,2025-06-30
2025063004023363,SHEL,45,38,465.0,286.2,133083.0,2025-06-30
2025063004023362,NGPL,38,38,450.0,395.0,177750.0,2025-06-30
2025063004023361,NGPL,38,35,50.0,395.0,19750.0,2025-06-30
2025063004023360,NGPL,38,7,500.0,395.0,197500.0,2025-06-30
2025063004023359,NGPL,38,38,500.0,394.9,197450.0,2025-06-30
2025063001018035,SPC,57,55,200.0,511.0,102200.0,2025-06-30
2025063001018034,SPC,45,55,300.0,511.1,153330.0,2025-06-30
2025063001018033,NWCL,58,48,30.0,860.0,25800.0,2025-06-30
2025063004023358,UPCL,16,21,149.0,408.0,60792.0,2025-06-30
2025063004023357,BPCL,43,32,50.0,835.1,41755.0,2025-06-30
2025063004023356,BPCL,6,32,388.0,835.1,324018.8,2025-06-30
2025063004023355,UNHPL,34,34,50.0,450.9,22545.0,2025-06-30
2025063005010511,NIFRA,22,96,64.0,270.3,17299.2,2025-06-30
2025063001018032,BHPL,33,58,20.0,727.0,14540.0,2025-06-30
2025063004023354,RIDI,42,44,50.0,260.0,13000.0,2025-06-30
2025063004023353,PPCL,48,8,100.0,378.1,37810.0,2025-06-30
2025063001018031,BHPL,70,37,25.0,718.3,17957.5,2025-06-30
2025063001018030,BHPL,49,37,30.0,718.4,21552.0,2025-06-30
2025063001018029,BHPL,58,37,20.0,719.0,14380.0,2025-06-30
2025063001018028,BHPL,70,37,35.0,726.0,25410.0,2025-06-30
2025063003011039,SAPDBL,72,57,10.0,1100.0,11000.0,2025-06-30
2025063004023352,RIDI,25,44,100.0,260.0,26000.0,2025-06-30
2025063003011038,SAPDBL,53,57,170.0,1100.0,187000.0,2025-06-30
2025063003011037,SAPDBL,53,11,185.0,1100.0,203500.0,2025-06-30
2025063001018027,GVL,51,36,2740.0,468.1,1282594.0,2025-06-30
2025063001018026,GVL,96,36,30.0,469.0,14070.0,2025-06-30
2025063001018025,GVL,45,36,50.0,469.0,23450.0,2025-06-30
2025063001018024,GVL,25,36,100.0,470.0,47000.0,2025-06-30
2025063001018023,GVL,29,36,62.0,470.0,29140.0,2025-06-30
2025063001018022,GVL,49,36,19.0,471.0,8949.0,2025-06-30
2025063001018021,HHL,45,45,201.0,381.3,76641.3,2025-06-30
2025063001018020,HHL,3,45,299.0,381.3,114008.7,2025-06-30
2025063001018019,SPC,45,55,20.0,514.9,10298.0,2025-06-30
2025063001018018,SPC,45,45,80.0,513.0,41040.0,2025-06-30
2025063001018017,NMIC,55,26,50.0,1640.0,82000.0,2025-06-30
2025063005010510,MBJC,3,56,30.0,319.9,9597.0,2025-06-30
2025063005010509,MBJC,3,37,90.0,319.0,28710.0,2025-06-30
2025063005010508,MBJC,3,48,700.0,319.0,223300.0,2025-06-30
2025063005010507,MBJC,3,32,10.0,319.0,3190.0,2025-06-30
2025063005010506,MBJC,3,17,50.0,319.0,15950.0,2025-06-30
2025063005010505,MBJC,3,49,100.0,318.9,31890.0,2025-06-30
2025063005010504,MBJC,3,45,20.0,318.9,6378.0,2025-06-30
2025063001018016,KBL,85,11,100.0,209.0,20900.0,2025-06-30
2025063001018015,KBL,85,37,1000.0,209.0,209000.0,2025-06-30
2025063001018014,KBL,85,41,105.0,209.0,21945.0,2025-06-30
2025063001018013,KBL,85,86,2000.0,209.0,418000.0,2025-06-30
2025063001018012,KBL,85,80,400.0,208.9,83560.0,2025-06-30
2025063001018011,KBL,85,44,1000.0,208.9,208900.0,2025-06-30
2025063001018010,KBL,85,80,400.0,208.8,83520.0,2025-06-30
2025063001018009,KBL,85,25,500.0,208.8,104400.0,2025-06-30
2025063001018008,KBL,85,62,200.0,208.7,41740.0,2025-06-30
2025063001018007,KBL,85,7,50.0,208.5,10425.0,2025-06-30
2025063001018006,KBL,85,49,250.0,208.5,52125.0,2025-06-30
2025063001018005,KBL,85,58,2305.0,208.5,480592.5,2025-06-30
2025063001018004,BHL,55,51,50.0,214.6,10730.0,2025-06-30
2025063004023351,UNHPL,55,34,230.0,450.9,103707.0,2025-06-30
2025063004023350,UNHPL,55,98,170.0,450.9,76653.0,2025-06-30
2025063004023349,UNHPL,55,62,100.0,450.8,45080.0,2025-06-30
2025063005010503,SAHAS,16,41,100.0,589.0,58900.0,2025-06-30
2025063001018003,KBSH,51,57,10.0,1899.9,18999.0,2025-06-30
2025063001018002,OMPL,78,46,10.0,1352.0,13520.0,2025-06-30
2025063004023348,OHL,8,62,18.0,866.0,15588.0,2025-06-30
2025063003011036,SIFC,84,26,70.0,521.0,36470.0,2025-06-30
2025063003011035,SIFC,84,34,10.0,521.0,5210.0,2025-06-30
2025063003011034,SIFC,84,38,50.0,520.9,26045.0,2025-06-30
2025063003011033,SIFC,84,38,10.0,520.0,5200.0,2025-06-30
2025063003011032,SIFC,84,32,100.0,519.0,51900.0,2025-06-30
2025063003011031,SIFC,84,38,10.0,518.9,5189.0,2025-06-30
2025063003011030,GRDBL,48,45,10.0,1303.4,13034.0,2025-06-30
2025063004023347,UPPER,26,42,596.0,195.0,116220.0,2025-06-30
2025063004023346,UPPER,49,42,240.0,195.0,46800.0,2025-06-30
2025063004023345,UPPER,42,42,24.0,195.0,4680.0,2025-06-30
2025063004023344,UPPER,49,42,100.0,195.1,19510.0,2025-06-30
2025063004023343,UPPER,25,42,30.0,195.1,5853.0,2025-06-30
2025063004023342,UPPER,49,42,10.0,195.3,1953.0,2025-06-30
2025063001018001,NICA,42,28,18.0,340.5,6129.0,2025-06-30
2025063003011029,PROFL,17,38,10.0,479.5,4795.0,2025-06-30
2025063001018000,NMIC,55,78,20.0,1640.0,32800.0,2025-06-30
2025063003011028,LBBL,77,1,87.0,432.0,37584.0,2025-06-30
2025063001017999,AVYAN,42,36,10.0,996.0,9960.0,2025-06-30
2025063004023341,GLH,26,45,10.0,269.9,2699.0,2025-06-30
2025063004023340,GLH,26,56,30.0,269.1,8073.0,2025-06-30
2025063004023339,UPCL,99,21,300.0,408.0,122400.0,2025-06-30
2025063004023338,UPCL,16,21,51.0,408.0,20808.0,2025-06-30
2025063004023337,UPCL,16,43,75.0,408.0,30600.0,2025-06-30
2025063004023336,UPCL,16,19,100.0,408.0,40800.0,2025-06-30
2025063004023335,UPCL,16,36,24.0,408.0,9792.0,2025-06-30
2025063005010502,SAHAS,16,36,300.0,589.0,176700.0,2025-06-30
2025063003011027,MERO,46,38,80.0,756.0,60480.0,2025-06-30
2025063003011026,MERO,46,63,120.0,756.0,90720.0,2025-06-30
2025063004023334,HPPL,34,5,150.0,518.0,77700.0,2025-06-30
2025063004023333,UNHPL,68,63,57.0,450.0,25650.0,2025-06-30
2025063004023332,UNHPL,45,63,500.0,450.0,225000.0,2025-06-30
2025063004023331,UNHPL,48,63,443.0,450.0,199350.0,2025-06-30
2025063004023330,RADHI,62,62,10.0,782.0,7820.0,2025-06-30
2025063001017998,PPL,42,38,10.0,386.0,3860.0,2025-06-30
2025063005010501,HDL,42,50,20.0,1195.0,23900.0,2025-06-30
2025063004023329,HPPL,48,5,100.0,518.0,51800.0,2025-06-30
2025063004023328,CGH,42,48,100.0,956.0,95600.0,2025-06-30
2025063004023327,CGH,49,48,50.0,956.0,47800.0,2025-06-30
2025063003011025,MERO,42,63,100.0,756.0,75600.0,2025-06-30
2025063001017997,UHEWA,49,32,49.0,535.0,26215.0,2025-06-30
2025063001017996,UHEWA,49,58,10.0,535.0,5350.0,2025-06-30
2025063001017995,UHEWA,49,58,10.0,535.0,5350.0,2025-06-30
2025063001017994,UHEWA,49,58,10.0,535.0,5350.0,2025-06-30
2025063001017993,UHEWA,49,65,10.0,535.0,5350.0,2025-06-30
2025063001017992,UHEWA,49,42,50.0,535.0,26750.0,2025-06-30
2025063001017991,UHEWA,49,42,311.0,534.7,166291.7,2025-06-30
2025063001017990,UHEWA,49,14,40.0,534.5,21380.0,2025-06-30
2025063001017989,UHEWA,49,37,10.0,534.4,5344.0,2025-06-30
2025063004023326,UPPER,49,51,180.0,195.3,35154.0,2025-06-30
2025063004023325,BARUN,49,43,475.0,413.0,196175.0,2025-06-30
2025063004023324,BARUN,49,57,80.0,412.9,33032.0,2025-06-30
2025063004023323,BARUN,49,29,20.0,412.9,8258.0,2025-06-30
2025063004023322,BARUN,49,4,25.0,412.0,10300.0,2025-06-30
2025063001017988,BHL,17,45,100.0,214.5,21450.0,2025-06-30
2025063004023321,NLG,36,94,53.0,781.8,41435.4,2025-06-30
2025063004023320,NLG,88,94,39.0,782.0,30498.0,2025-06-30
2025063003011024,GUFL,38,58,26.0,529.5,13767.0,2025-06-30
2025063001017987,NMIC,55,38,10.0,1640.0,16400.0,2025-06-30
2025063004023319,UPCL,77,36,500.0,408.0,204000.0,2025-06-30
2025063001017986,SRLI,14,51,40.0,392.0,15680.0,2025-06-30
2025063003011023,MFIL,32,45,41.0,583.9,23939.9,2025-06-30
2025063004023318,CHL,34,38,500.0,346.0,173000.0,2025-06-30
2025063003011022,SIFC,6,58,100.0,518.6,51860.0,2025-06-30
2025063003011021,ILBS,62,51,250.0,839.0,209750.0,2025-06-30
2025063005010500,HRL,48,25,50.0,891.0,44550.0,2025-06-30
2025063005010499,HRL,48,91,15.0,891.0,13365.0,2025-06-30
2025063001017985,NMIC,55,42,100.0,1640.0,164000.0,2025-06-30
2025063003011020,NLICL,49,35,10.0,587.0,5870.0,2025-06-30
2025063004023317,PMHPL,53,41,27.0,400.0,10800.0,2025-06-30
2025063004023316,PMHPL,53,16,63.0,399.9,25193.7,2025-06-30
2025063004023315,UMHL,50,49,1500.0,555.0,832500.0,2025-06-30
2025063004023314,PMHPL,94,16,111.0,399.9,44388.9,2025-06-30
2025063003011019,SAPDBL,45,38,171.0,1090.0,186390.0,2025-06-30
2025063003011018,SAPDBL,8,38,36.0,1090.0,39240.0,2025-06-30
2025063001017984,GBIME,85,3,200.0,241.0,48200.0,2025-06-30
2025063005010498,NIFRA,22,41,50.0,270.3,13515.0,2025-06-30
2025063005010497,NIFRA,22,38,200.0,270.3,54060.0,2025-06-30
2025063004023313,LEC,56,34,172.0,213.8,36773.6,2025-06-30
2025063004023312,LEC,56,7,28.0,213.7,5983.6,2025-06-30
2025063003011017,JBBL,41,42,90.0,321.9,28971.0,2025-06-30
2025063005010496,SAHAS,16,59,980.0,589.0,577220.0,2025-06-30
2025063003011016,MSLB,34,55,10.0,1185.0,11850.0,2025-06-30
2025063003011015,MSLB,57,55,10.0,1187.0,11870.0,2025-06-30
2025063001017983,TPC,48,91,100.0,416.0,41600.0,2025-06-30
2025063001017982,GMLI,55,71,90.0,2231.0,200790.0,2025-06-30
2025063003011014,NLIC,34,25,100.0,729.0,72900.0,2025-06-30
2025063004023311,AKPL,25,34,50.0,263.0,13150.0,2025-06-30
2025063004023310,PPCL,57,8,100.0,378.1,37810.0,2025-06-30
2025063001017981,SARBTM,62,38,38.0,843.0,32034.0,2025-06-30
2025063001017980,SARBTM,62,6,10.0,842.0,8420.0,2025-06-30
2025063001017979,NWCL,58,48,70.0,860.0,60200.0,2025-06-30
2025063004023309,HURJA,57,57,85.0,253.1,21513.5,2025-06-30
2025063001017978,GMLI,55,57,20.0,2231.0,44620.0,2025-06-30
2025063001017977,SMH,34,57,105.0,820.0,86100.0,2025-06-30
2025063001017976,SMH,45,57,15.0,820.1,12301.5,2025-06-30
2025063001017975,MLBS,42,58,10.0,1584.0,15840.0,2025-06-30
2025063001017974,TPC,58,60,40.0,421.0,16840.0,2025-06-30
2025063001017973,TPC,58,34,100.0,420.0,42000.0,2025-06-30
2025063001017972,TPC,58,56,20.0,420.0,8400.0,2025-06-30
2025063001017971,TPC,58,45,50.0,420.0,21000.0,2025-06-30
2025063001017970,TPC,58,17,100.0,420.0,42000.0,2025-06-30
2025063001017969,TPC,58,7,190.0,420.0,79800.0,2025-06-30
2025063001017968,NABIL,54,6,16.0,491.0,7856.0,2025-06-30
2025063004023308,MHNL,32,19,100.0,287.9,28790.0,2025-06-30
2025063004023307,MHNL,32,53,100.0,287.8,28780.0,2025-06-30
2025063003011013,CORBL,34,22,10.0,2320.0,23200.0,2025-06-30
2025063005010495,NBF3,40,50,100.0,9.84,984.0,2025-06-30
2025063001017967,NMIC,55,25,30.0,1640.0,49200.0,2025-06-30
2025063003011012,WNLB,25,36,100.0,2120.0,212000.0,2025-06-30
2025063003011011,WNLB,25,49,50.0,2120.0,106000.0,2025-06-30
2025063003011010,FMDBL,49,16,704.0,735.0,517440.0,2025-06-30
2025063001017966,HIDCLP,20,48,424.0,205.5,87132.0,2025-06-30
2025063001017965,HIDCLP,1,48,1000.0,205.5,205500.0,2025-06-30
2025063001017964,HIDCLP,47,48,200.0,205.5,41100.0,2025-06-30
2025063001017963,HIDCLP,45,48,50.0,205.5,10275.0,2025-06-30
2025063001017962,HIDCLP,48,48,100.0,205.5,20550.0,2025-06-30
2025063001017961,HIDCLP,51,48,200.0,205.5,41100.0,2025-06-30
2025063001017960,HIDCLP,7,48,500.0,205.6,102800.0,2025-06-30
2025063001017959,HIDCLP,45,48,1000.0,206.0,206000.0,2025-06-30
2025063001017958,HIDCLP,8,48,100.0,206.0,20600.0,2025-06-30
2025063003011009,GRDBL,29,42,300.0,1300.0,390000.0,2025-06-30
2025063001017957,MKCL,17,42,20.0,1470.0,29400.0,2025-06-30
2025063001017956,MKCL,38,42,30.0,1470.0,44100.0,2025-06-30
2025063001017955,BHDC,66,67,10.0,478.5,4785.0,2025-06-30
2025063001017954,BHDC,43,67,90.0,478.6,43074.0,2025-06-30
2025063001017953,DOLTI,57,59,10.0,550.1,5501.0,2025-06-30
2025063001017952,OMPL,59,101,10.0,1359.0,13590.0,2025-06-30
2025063001017951,PRVU,48,38,300.0,205.5,61650.0,2025-06-30
2025063001017950,PRVU,42,38,200.0,206.0,41200.0,2025-06-30
2025063004023306,SHEL,26,36,50.0,286.3,14315.0,2025-06-30
2025063001017949,AHL,29,42,200.0,611.9,122380.0,2025-06-30
2025063001017948,MKHC,34,68,990.0,440.2,435798.0,2025-06-30
2025063001017947,MKHC,19,68,10.0,441.1,4411.0,2025-06-30
2025063001017946,KBSH,81,14,10.0,1881.0,18810.0,2025-06-30
2025063004023305,HURJA,34,41,300.0,253.0,75900.0,2025-06-30
2025063004023304,BPCL,91,36,10.0,837.0,8370.0,2025-06-30
2025063005010494,NRN,58,32,310.0,2032.0,629920.0,2025-06-30
2025063001017945,BHPL,58,58,10.0,727.0,7270.0,2025-06-30
2025063001017944,GMLI,55,14,10.0,2231.0,22310.0,2025-06-30
2025063001017943,KDL,47,54,270.0,1083.0,292410.0,2025-06-30
2025063001017942,KDL,45,54,40.0,1084.0,43360.0,2025-06-30
2025063001017941,KDL,47,54,90.0,1084.0,97560.0,2025-06-30
2025063001017940,KDL,74,54,100.0,1084.1,108410.0,2025-06-30
2025063003011008,SLBSL,11,58,80.0,1395.0,111600.0,2025-06-30
2025063004023303,AKJCL,58,11,82.0,211.8,17367.6,2025-06-30
2025063001017939,NBL,45,6,500.0,254.1,127050.0,2025-06-30
2025063003011007,LICN,6,5,115.0,856.0,98440.0,2025-06-30
2025063004023302,UPPER,42,38,22.0,195.0,4290.0,2025-06-30
2025063004023301,UPPER,36,38,30.0,195.1,5853.0,2025-06-30
2025063004023300,UPPER,26,38,200.0,195.1,39020.0,2025-06-30
2025063001017938,NMIC,55,22,10.0,1640.0,16400.0,2025-06-30
2025063001017937,NABIL,45,11,20.0,491.9,9838.0,2025-06-30
2025063004023299,SHEL,45,36,300.0,286.3,85890.0,2025-06-30
2025063004023298,AKJCL,58,45,348.0,211.8,73706.4,2025-06-30
2025063004023297,AKJCL,58,40,70.0,210.7,14749.0,2025-06-30
2025063005010493,SAHAS,38,59,20.0,589.0,11780.0,2025-06-30
2025063003011006,SINDU,17,41,150.0,818.0,122700.0,2025-06-30
2025063004023296,OHL,16,42,217.0,867.0,188139.0,2025-06-30
2025063004023295,OHL,16,21,100.0,866.9,86690.0,2025-06-30
2025063004023294,UMRH,80,34,50.0,588.0,29400.0,2025-06-30
2025063004023293,BPCL,6,48,59.0,835.1,49270.9,2025-06-30
2025063003011005,GRDBL,29,57,200.0,1300.0,260000.0,2025-06-30
2025063004023292,RIDI,4,44,21.0,260.0,5460.0,2025-06-30
2025063004023291,RIDI,4,38,979.0,260.0,254540.0,2025-06-30
2025063004023290,SSHL,58,22,100.0,239.0,23900.0,2025-06-30
2025063001017936,BHDC,65,65,50.0,483.0,24150.0,2025-06-30
2025063001017935,MHCL,1,59,100.0,436.0,43600.0,2025-06-30
2025063004023289,PMHPL,56,16,178.0,399.9,71182.2,2025-06-30
2025063001017934,CZBIL,74,34,2300.0,208.0,478400.0,2025-06-30
2025063001017933,MKHC,34,42,10.0,442.0,4420.0,2025-06-30
2025063001017932,PURE,55,33,25.0,914.0,22850.0,2025-06-30
2025063005010492,SHIVM,1,54,207.0,504.0,104328.0,2025-06-30
2025063005010491,SHIVM,41,54,25.0,504.1,12602.5,2025-06-30
2025063005010490,SHIVM,42,54,118.0,504.1,59483.8,2025-06-30
2025063005010489,GCIL,25,36,10.0,493.5,4935.0,2025-06-30
2025063001017931,DORDI,34,52,15.0,306.0,4590.0,2025-06-30
2025063001017930,DORDI,52,52,50.0,306.0,15300.0,2025-06-30
2025063001017929,DORDI,49,52,20.0,306.0,6120.0,2025-06-30
2025063001017928,DORDI,25,52,764.0,306.5,234166.0,2025-06-30
2025063001017927,DORDI,34,52,150.0,307.0,46050.0,2025-06-30
2025063004023288,AKPL,25,59,100.0,263.0,26300.0,2025-06-30
2025063003011004,LBBL,77,7,1000.0,432.0,432000.0,2025-06-30
2025063003011003,LBBL,77,41,100.0,431.0,43100.0,2025-06-30
2025063003011002,LBBL,77,22,10.0,430.0,4300.0,2025-06-30
2025063001017926,GMLI,55,6,740.0,2231.0,1650940.0,2025-06-30
2025063001017925,BHDC,21,65,664.0,483.0,320712.0,2025-06-30
2025063001017924,BHDC,21,56,100.0,482.0,48200.0,2025-06-30
2025063001017923,BHDC,21,16,146.0,480.0,70080.0,2025-06-30
2025063001017922,BHDC,21,63,90.0,478.6,43074.0,2025-06-30
2025063003011001,KSBBL,4,42,44.0,453.1,19936.4,2025-06-30
2025063003011000,KSBBL,4,58,120.0,453.1,54372.0,2025-06-30
2025063003010999,KSBBL,4,16,100.0,453.0,45300.0,2025-06-30
2025063003010998,KSBBL,4,32,116.0,453.0,52548.0,2025-06-30
2025063001017921,TPC,58,7,10.0,420.0,4200.0,2025-06-30
2025063001017920,TPC,58,53,300.0,419.0,125700.0,2025-06-30
2025063001017919,TPC,58,39,90.0,419.0,37710.0,2025-06-30
2025063001017918,TPC,58,22,100.0,418.0,41800.0,2025-06-30
2025063004023287,TRH,41,64,10.0,918.0,9180.0,2025-06-30
2025063001017917,BEDC,41,48,100.0,650.0,65000.0,2025-06-30
2025063001017916,KBL,51,58,20.0,208.5,4170.0,2025-06-30
2025063004023286,RIDI,58,38,20.0,260.0,5200.0,2025-06-30
2025063005010488,HRL,32,91,50.0,891.0,44550.0,2025-06-30
2025063003010997,PROFL,55,38,27.0,479.5,12946.5,2025-06-30
2025063001017915,NMIC,55,35,10.0,1640.0,16400.0,2025-06-30
2025063004023285,NGPL,60,59,93.0,395.0,36735.0,2025-06-30
2025063004023284,NGPL,60,7,97.0,395.0,38315.0,2025-06-30
2025063004023283,NGPL,60,32,10.0,394.9,3949.0,2025-06-30
2025063005010487,HIDCL,16,34,80.0,284.3,22744.0,2025-06-30
2025063004023282,TRH,38,5,10.0,915.0,9150.0,2025-06-30
2025063004023281,SHEL,33,36,200.0,286.3,57260.0,2025-06-30
2025063001017914,BHPL,70,38,35.0,726.0,25410.0,2025-06-30
2025063001017913,BHPL,70,57,50.0,726.0,36300.0,2025-06-30
2025063001017912,CYCL,48,57,10.0,1622.0,16220.0,2025-06-30
2025063005010486,STC,54,46,160.0,5030.0,804800.0,2025-06-30
2025063005010485,STC,6,46,40.0,5031.0,201240.0,2025-06-30
2025063005010484,STC,62,46,80.0,5032.0,402560.0,2025-06-30
2025063005010483,STC,65,46,40.0,5035.2,201408.0,2025-06-30
2025063005010482,STC,55,46,10.0,5049.5,50495.0,2025-06-30
2025063005010481,STC,54,46,10.0,5049.5,50495.0,2025-06-30
2025063001017911,BEDC,70,14,31.0,647.1,20060.1,2025-06-30
2025063001017910,BEDC,25,14,19.0,648.0,12312.0,2025-06-30
2025063001017909,BEDC,57,14,50.0,648.0,32400.0,2025-06-30
2025063003010996,SLBSL,11,58,15.0,1395.0,20925.0,2025-06-30
2025063004023280,RIDI,3,38,60.0,260.0,15600.0,2025-06-30
2025063004023279,RIDI,3,34,920.0,260.0,239200.0,2025-06-30
2025063004023278,RIDI,3,5,20.0,260.0,5200.0,2025-06-30
2025063004023277,AKPL,36,1,30.0,263.4,7902.0,2025-06-30
2025063003010995,SAPDBL,38,11,115.0,1100.0,126500.0,2025-06-30
2025063003010994,SAPDBL,38,49,35.0,1100.0,38500.0,2025-06-30
2025063005010480,SONA,41,1,105.0,447.8,47019.0,2025-06-30
2025063004023276,AHPC,35,47,105.0,284.2,29841.0,2025-06-30
2025063001017908,NMIC,55,35,500.0,1640.0,820000.0,2025-06-30
2025063001017907,PURE,55,40,34.0,914.0,31076.0,2025-06-30
2025063001017906,PURE,34,40,10.0,914.0,9140.0,2025-06-30
2025063001017905,PURE,32,40,10.0,914.1,9141.0,2025-06-30
2025063001017904,PURE,54,40,46.0,914.2,42053.2,2025-06-30
2025063003010993,GBBL,62,58,107.0,391.9,41933.3,2025-06-30
2025063004023275,HPPL,22,5,40.0,518.0,20720.0,2025-06-30
2025063004023274,HPPL,80,5,170.0,518.1,88077.0,2025-06-30
2025063004023273,HPPL,46,5,100.0,518.2,51820.0,2025-06-30
2025063004023272,HPPL,46,5,10.0,518.5,5185.0,2025-06-30
2025063004023271,HPPL,52,5,25.0,519.0,12975.0,2025-06-30
2025063004023270,HPPL,21,5,20.0,519.0,10380.0,2025-06-30
2025063004023269,HPPL,45,5,44.0,519.0,22836.0,2025-06-30
2025063005010479,NIFRA,95,5,45.0,270.1,12154.5,2025-06-30
2025063005010478,NIFRA,42,5,20.0,270.1,5402.0,2025-06-30
2025063005010477,NIFRA,51,5,100.0,270.1,27010.0,2025-06-30
2025063005010476,NIFRA,14,5,295.0,270.2,79709.0,2025-06-30
2025063005010475,NIFRA,48,5,40.0,270.2,10808.0,2025-06-30
2025063004023268,MEN,28,52,12.0,608.0,7296.0,2025-06-30
2025063001017903,DLBS,67,19,500.0,1465.1,732550.0,2025-06-30
2025063004023267,UAIL,57,34,82.0,576.0,47232.0,2025-06-30
2025063003010992,SINDU,17,64,10.0,818.0,8180.0,2025-06-30
2025063003010991,SINDU,17,42,140.0,818.0,114520.0,2025-06-30
2025063004023266,NGPL,18,61,413.0,393.8,162639.4,2025-06-30
2025063004023265,NGPL,51,61,250.0,393.8,98450.0,2025-06-30
2025063004023264,NGPL,57,61,977.0,394.0,384938.0,2025-06-30
2025063004023263,SSHL,58,45,302.0,239.0,72178.0,2025-06-30
2025063004023262,SSHL,17,45,200.0,239.0,47800.0,2025-06-30
2025063004023261,SSHL,17,45,4000.0,239.0,956000.0,2025-06-30
2025063004023260,SSHL,5,45,100.0,239.0,23900.0,2025-06-30
2025063004023259,SSHL,22,45,500.0,239.0,119500.0,2025-06-30
2025063004023258,SSHL,38,45,2000.0,239.0,478000.0,2025-06-30
2025063004023257,SSHL,47,45,50.0,239.0,11950.0,2025-06-30
2025063004023256,SSHL,22,45,500.0,239.1,119550.0,2025-06-30
2025063004023255,SSHL,4,45,43.0,239.1,10281.3,2025-06-30
2025063004023254,SSHL,40,45,500.0,239.1,119550.0,2025-06-30
2025063004023253,SSHL,37,45,1000.0,239.1,239100.0,2025-06-30
2025063004023252,SSHL,52,45,100.0,239.1,23910.0,2025-06-30
2025063004023251,SSHL,47,45,50.0,239.1,11955.0,2025-06-30
2025063004023250,SSHL,37,45,655.0,239.2,156676.0,2025-06-30
2025063004023249,UNHPL,48,22,557.0,450.0,250650.0,2025-06-30
2025063004023248,UNHPL,70,22,200.0,450.0,90000.0,2025-06-30
2025063001017902,NMIC,55,45,100.0,1640.0,164000.0,2025-06-30
2025063004023247,RIDI,16,5,121.0,260.0,31460.0,2025-06-30
2025063004023246,RADHI,63,91,92.0,779.0,71668.0,2025-06-30
2025063004023245,RADHI,53,91,108.0,779.0,84132.0,2025-06-30
2025063001017901,BHL,13,58,37.0,214.0,7918.0,2025-06-30
2025063001017900,BHL,38,58,200.0,214.0,42800.0,2025-06-30
2025063001017899,BHL,6,58,500.0,214.0,107000.0,2025-06-30
2025063001017898,BHL,34,58,30.0,214.0,6420.0,2025-06-30
2025063001017897,BHL,36,58,100.0,214.0,21400.0,2025-06-30
2025063001017896,BHL,14,58,33.0,214.0,7062.0,2025-06-30
2025063003010990,NLICL,19,33,10.0,586.0,5860.0,2025-06-30
2025063003010989,NLICL,19,11,40.0,586.0,23440.0,2025-06-30
2025063003010988,NLICL,19,7,148.0,586.0,86728.0,2025-06-30
2025063004023244,AKJCL,38,40,200.0,210.7,42140.0,2025-06-30
2025063004023243,AKJCL,62,40,150.0,210.7,31605.0,2025-06-30
2025063004023242,AKJCL,26,40,50.0,210.7,10535.0,2025-06-30
2025063001017895,OMPL,62,101,600.0,1359.0,815400.0,2025-06-30
2025063003010987,GBLBS,48,34,928.0,808.0,749824.0,2025-06-30
2025063001017894,BNHC,42,8,275.0,500.3,137582.5,2025-06-30
2025063001017893,BNHC,22,8,10.0,500.4,5004.0,2025-06-30
2025063001017892,BNHC,6,8,40.0,500.5,20020.0,2025-06-30
2025063003010986,NLIC,32,8,402.0,728.0,292656.0,2025-06-30
2025063005010474,NRN,32,33,400.0,2031.0,812400.0,2025-06-30
2025063005010473,NRN,22,33,100.0,2032.0,203200.0,2025-06-30
2025063005010472,HDL,72,50,223.0,1195.0,266485.0,2025-06-30
2025063001017891,GMLI,55,49,10.0,2231.0,22310.0,2025-06-30
2025063001017890,SGHC,43,8,105.0,392.0,41160.0,2025-06-30
2025063004023241,API,94,49,759.0,290.4,220413.6,2025-06-30
2025063004023240,API,58,49,50.0,290.5,14525.0,2025-06-30
2025063004023239,API,41,49,91.0,290.5,26435.5,2025-06-30
2025063004023238,API,41,49,100.0,290.6,29060.0,2025-06-30
2025063004023237,KKHC,41,58,49.0,389.0,19061.0,2025-06-30
2025063001017889,SANIMA,58,34,13.0,324.4,4217.2,2025-06-30
2025063004023236,HURJA,34,57,54.0,253.0,13662.0,2025-06-30
2025063004023235,HURJA,56,57,710.0,253.0,179630.0,2025-06-30
2025063004023234,HURJA,57,57,44.0,253.1,11136.4,2025-06-30
2025063004023233,HURJA,14,57,112.0,253.1,28347.2,2025-06-30
2025063004023232,NGPL,57,58,23.0,394.0,9062.0,2025-06-30
2025063001017888,SANIMA,17,26,256.0,324.0,82944.0,2025-06-30
2025063004023231,AHPC,29,6,185.0,284.1,52558.5,2025-06-30
2025063004023230,AHPC,26,6,15.0,284.1,4261.5,2025-06-30
2025063005010471,NRIC,55,3,35.0,1228.0,42980.0,2025-06-30
2025063005010470,NTC,21,45,20.0,839.5,16790.0,2025-06-30
2025063001017887,NMIC,55,26,950.0,1640.0,1558000.0,2025-06-30
2025063004023229,KKHC,41,38,86.0,389.0,33454.0,2025-06-30
2025063004023228,KKHC,34,38,200.0,389.0,77800.0,2025-06-30
2025063001017886,OMPL,35,101,10.0,1359.0,13590.0,2025-06-30
2025063001017885,RFPL,96,42,41.0,577.0,23657.0,2025-06-30
2025063001017884,GBIME,85,69,361.0,241.0,87001.0,2025-06-30
2025063001017883,SBI,51,5,120.0,395.0,47400.0,2025-06-30
2025063004023227,UAIL,42,34,100.0,576.0,57600.0,2025-06-30
2025063001017882,KBL,57,58,675.0,208.5,140737.5,2025-06-30
2025063001017881,KBL,57,42,50.0,208.5,10425.0,2025-06-30
2025063001017880,KBL,57,80,275.0,208.5,57337.5,2025-06-30
2025063004023226,UPCL,41,36,50.0,408.0,20400.0,2025-06-30
2025063005010469,CLI,49,47,73.0,461.1,33660.3,2025-06-30
2025063005010468,CLI,49,47,26.0,461.1,11988.6,2025-06-30
2025063001017879,PURE,54,58,10.0,914.2,9142.0,2025-06-30
2025063004023225,NGPL,32,58,35.0,394.0,13790.0,2025-06-30
2025063004023224,NGPL,40,58,100.0,394.0,39400.0,2025-06-30
2025063004023223,NGPL,35,58,10.0,394.0,3940.0,2025-06-30
2025063004023222,NGPL,6,58,32.0,394.0,12608.0,2025-06-30
2025063003010985,SINDU,35,42,100.0,818.0,81800.0,2025-06-30
2025063004023221,HDHPC,48,48,480.0,197.0,94560.0,2025-06-30
2025063004023220,HDHPC,48,38,20.0,196.9,3938.0,2025-06-30
2025063001017878,BHL,14,49,200.0,214.0,42800.0,2025-06-30
2025063003010984,LICN,42,5,100.0,856.0,85600.0,2025-06-30
2025063001017877,DOLTI,57,50,500.0,550.1,275050.0,2025-06-30
2025063001017876,SPC,89,57,200.0,512.0,102400.0,2025-06-30
2025063001017875,SPC,25,57,35.0,512.0,17920.0,2025-06-30
2025063003010983,GBBL,21,58,75.0,391.9,29392.5,2025-06-30
2025063001017874,PCBL,20,4,1033.0,244.5,252568.5,2025-06-30
2025063004023219,NLG,88,40,100.0,782.0,78200.0,2025-06-30
2025063004023218,NLG,88,94,50.0,782.0,39100.0,2025-06-30
2025063004023217,NLG,88,91,442.0,782.0,345644.0,2025-06-30
2025063004023216,NLG,88,8,50.0,781.9,39095.0,2025-06-30
2025063004023215,NLG,88,44,41.0,781.8,32053.8,2025-06-30
2025063003010982,MLBL,26,66,150.0,382.4,57360.0,2025-06-30
2025063003010981,NUBL,59,39,60.0,694.0,41640.0,2025-06-30
2025063003010980,NUBL,59,5,40.0,694.0,27760.0,2025-06-30
2025063004023214,AKPL,25,38,50.0,263.0,13150.0,2025-06-30
2025063004023213,SHL,16,42,5000.0,555.0,2775000.0,2025-06-30
2025063004023212,SHL,16,90,100.0,555.0,55500.0,2025-06-30
2025063004023211,SHL,16,34,100.0,555.0,55500.0,2025-06-30
2025063004023210,SHL,16,7,638.0,555.0,354090.0,2025-06-30
2025063001017873,TPC,58,39,210.0,419.0,87990.0,2025-06-30
2025063001017872,TPC,58,26,540.0,418.7,226098.0,2025-06-30
2025063001017871,TPC,58,38,50.0,417.0,20850.0,2025-06-30
2025063001017870,TPC,58,32,100.0,417.0,41700.0,2025-06-30
2025063001017869,TPC,58,38,100.0,417.0,41700.0,2025-06-30
2025063001017868,CZBIL,56,40,10.0,208.9,2089.0,2025-06-30
2025063001017867,KBL,34,80,100.0,208.5,20850.0,2025-06-30
2025063001017866,PURE,54,82,160.0,917.0,146720.0,2025-06-30
2025063001017865,PURE,54,1,10.0,915.0,9150.0,2025-06-30
2025063001017864,PURE,54,38,10.0,915.0,9150.0,2025-06-30
2025063001017863,PURE,54,42,10.0,915.0,9150.0,2025-06-30
2025063001017862,PURE,54,45,10.0,915.0,9150.0,2025-06-30
2025063004023209,BPCL,6,33,553.0,835.1,461810.3,2025-06-30
2025063004023208,BPCL,38,33,147.0,835.1,122759.7,2025-06-30
2025063003010979,MLBSL,57,8,16.0,2130.2,34083.2,2025-06-30
2025063005010467,SAHAS,28,4,274.0,589.7,161577.8,2025-06-30
2025063005010466,SAHAS,28,42,155.0,589.1,91310.5,2025-06-30
2025063005010465,SAHAS,28,14,71.0,588.6,41790.6,2025-06-30
2025063001017861,KBL,85,49,250.0,208.0,52000.0,2025-06-30
2025063001017860,NIMB,44,45,100.0,213.0,21300.0,2025-06-30
2025063004023207,NGPL,26,7,50.0,395.0,19750.0,2025-06-30
2025063005010464,HATHY,38,91,20.0,1195.0,23900.0,2025-06-30
2025063005010463,HATHY,38,37,80.0,1194.0,95520.0,2025-06-30
2025063004023206,AKPL,25,45,190.0,263.0,49970.0,2025-06-30
2025063004023205,AKPL,48,45,50.0,263.0,13150.0,2025-06-30
2025063004023204,AKPL,47,45,500.0,263.0,131500.0,2025-06-30
2025063004023203,AKPL,28,45,20.0,263.0,5260.0,2025-06-30
2025063004023202,AKPL,36,45,240.0,263.0,63120.0,2025-06-30
2025063004023201,NGPL,6,58,654.0,394.0,257676.0,2025-06-30
2025063004023200,NGPL,33,58,199.0,394.4,78485.6,2025-06-30
2025063004023199,NGPL,51,58,200.0,394.9,78980.0,2025-06-30
2025063004023198,NGPL,28,58,47.0,394.9,18560.3,2025-06-30
2025063004023197,RADHI,53,56,200.0,779.0,155800.0,2025-06-30
2025063004023196,RADHI,38,56,100.0,779.1,77910.0,2025-06-30
2025063004023195,GLH,45,56,50.0,269.1,13455.0,2025-06-30
2025063004023194,GLH,32,56,20.0,269.5,5390.0,2025-06-30
2025063004023193,RADHI,34,62,10.0,782.0,7820.0,2025-06-30
2025063001017859,GMLI,55,75,480.0,2231.0,1070880.0,2025-06-30
2025063004023192,API,41,48,100.0,290.6,29060.0,2025-06-30
2025063001017858,NYADI,58,62,20.0,433.8,8676.0,2025-06-30
2025063003010978,MDB,48,26,40.0,586.0,23440.0,2025-06-30
2025063003010977,MDB,48,22,20.0,586.0,11720.0,2025-06-30
2025063001017857,RFPL,48,42,111.0,577.0,64047.0,2025-06-30
2025063004023191,AHPC,26,49,85.0,284.1,24148.5,2025-06-30
2025063004023190,NHPC,57,39,77.0,210.9,16239.3,2025-06-30
2025063004023189,NHPC,84,39,100.0,211.0,21100.0,2025-06-30
2025063004023188,NHPC,32,39,500.0,211.0,105500.0,2025-06-30
2025063004023187,NHPC,49,39,1026.0,211.0,216486.0,2025-06-30
2025063004023186,NHPC,53,39,297.0,211.9,62934.3,2025-06-30
2025063003010976,GILB,38,39,15.0,1263.0,18945.0,2025-06-30
2025063003010975,GILB,58,39,20.0,1270.0,25400.0,2025-06-30
2025063004023185,CHL,51,26,960.0,345.1,331296.0,2025-06-30
2025063004023184,CHL,4,26,20.0,345.3,6906.0,2025-06-30
2025063005010462,HIDCL,59,59,175.0,284.8,49840.0,2025-06-30
2025063001017856,NMIC,55,59,1510.0,1640.0,2476400.0,2025-06-30
2025063003010974,ICFC,45,57,32.0,603.0,19296.0,2025-06-30
2025063001017855,PPL,39,1,30.0,385.8,11574.0,2025-06-30
2025063004023183,RIDI,44,5,50.0,260.0,13000.0,2025-06-30
2025063005010461,SAHAS,60,14,29.0,589.0,17081.0,2025-06-30
2025063001017854,CYCL,4,33,23.0,1610.1,37032.3,2025-06-30
2025063001017853,CYCL,19,33,77.0,1615.0,124355.0,2025-06-30
2025063004023182,SHEL,45,7,75.0,286.2,21465.0,2025-06-30
2025063004023181,SHEL,56,7,25.0,286.4,7160.0,2025-06-30
2025063003010973,JFL,49,7,90.0,458.1,41229.0,2025-06-30
2025063004023180,AHPC,52,47,1000.0,284.2,284200.0,2025-06-30
2025063004023179,KKHC,53,58,10.0,390.3,3903.0,2025-06-30
2025063004023178,KKHC,53,13,190.0,390.2,74138.0,2025-06-30
2025063001017852,NICA,42,53,62.0,340.5,21111.0,2025-06-30
2025063001017851,NICA,25,53,288.0,340.5,98064.0,2025-06-30
2025063003010972,WNLB,53,11,10.0,2120.0,21200.0,2025-06-30
2025063003010971,WNLB,53,21,10.0,2119.8,21198.0,2025-06-30
2025063004023177,CHL,42,38,200.0,346.0,69200.0,2025-06-30
2025063001017850,RFPL,39,42,200.0,577.0,115400.0,2025-06-30
2025063005010460,ENL,58,39,10.0,1052.9,10529.0,2025-06-30
2025063005010459,NIFRA,6,38,200.0,270.3,54060.0,2025-06-30
2025063004023176,PPCL,58,6,957.0,378.0,361746.0,2025-06-30
2025063004023175,PPCL,48,6,43.0,378.0,16254.0,2025-06-30
2025063005010458,NRN,56,99,307.0,2030.1,623240.7,2025-06-30
2025063005010457,NRN,69,99,20.0,2030.2,40604.0,2025-06-30
2025063005010456,NRN,56,99,38.0,2035.0,77330.0,2025-06-30
2025063004023174,SHPC,38,44,200.0,606.6,121320.0,2025-06-30
2025063004023173,SHPC,38,26,200.0,606.0,121200.0,2025-06-30
2025063004023172,SHPC,38,17,100.0,606.0,60600.0,2025-06-30
2025063004023171,RHPL,51,57,18.0,371.0,6678.0,2025-06-30
2025063001017849,BHDC,66,1,79.0,478.5,37801.5,2025-06-30
2025063001017848,BHDC,42,1,10.0,478.5,4785.0,2025-06-30
2025063001017847,BHDC,29,1,100.0,478.6,47860.0,2025-06-30
2025063004023170,PRIN,60,44,97.0,859.8,83400.6,2025-06-30
2025063004023169,PRIN,60,44,90.0,859.0,77310.0,2025-06-30
2025063004023168,PRIN,60,44,100.0,858.8,85880.0,2025-06-30
2025063004023167,PRIN,60,44,100.0,857.9,85790.0,2025-06-30
2025063004023166,PRIN,60,35,30.0,857.0,25710.0,2025-06-30
2025063004023165,PRIN,60,50,83.0,856.9,71122.7,2025-06-30
2025063004023164,AKPL,36,58,10.0,263.0,2630.0,2025-06-30
2025063004023163,RADHI,32,95,50.0,779.1,38955.0,2025-06-30
2025063004023162,RADHI,17,95,42.0,780.0,32760.0,2025-06-30
2025063004023161,BPCL,38,19,20.0,835.1,16702.0,2025-06-30
2025063004023160,BPCL,64,19,30.0,835.1,25053.0,2025-06-30
2025063001017846,TPC,48,62,130.0,416.0,54080.0,2025-06-30
2025063001017845,TPC,57,62,310.0,416.1,128991.0,2025-06-30
2025063003010970,BFC,1,62,115.0,468.0,53820.0,2025-06-30
2025063004023159,MEN,35,62,315.0,607.8,191457.0,2025-06-30
2025063001017844,NMIC,55,13,50.0,1640.0,82000.0,2025-06-30
2025063003010969,JFL,49,48,155.0,458.1,71005.5,2025-06-30
2025063003010968,JFL,45,48,45.0,458.4,20628.0,2025-06-30
2025063001017843,MMKJL,48,42,150.0,550.0,82500.0,2025-06-30
2025063004023158,SHPC,11,3,12.0,605.0,7260.0,2025-06-30
2025063001017842,BHDC,32,16,654.0,480.0,313920.0,2025-06-30
2025063001017841,BHDC,32,16,23.0,480.0,11040.0,2025-06-30
2025063001017840,BHDC,32,21,50.0,478.9,23945.0,2025-06-30
2025063005010455,SAHAS,60,59,121.0,589.0,71269.0,2025-06-30
2025063001017839,LSL,55,35,11.0,215.1,2366.1,2025-06-30
2025063001017838,NBL,1,4,408.0,254.9,103999.2,2025-06-30
2025063001017837,NBL,1,44,500.0,254.8,127400.0,2025-06-30
2025063001017836,NBL,1,72,500.0,254.5,127250.0,2025-06-30
2025063001017835,NBL,1,41,100.0,254.5,25450.0,2025-06-30
2025063001017834,NBL,1,4,1000.0,254.5,254500.0,2025-06-30
2025063001017833,NBL,1,45,955.0,254.3,242856.5,2025-06-30
2025063001017832,NBL,1,42,20.0,254.3,5086.0,2025-06-30
2025063001017831,NBL,1,55,25.0,254.2,6355.0,2025-06-30
2025063001017830,NBL,1,26,500.0,254.2,127100.0,2025-06-30
2025063001017829,NBL,1,56,978.0,254.1,248509.8,2025-06-30
2025063004023157,CHCL,29,56,370.0,544.1,201317.0,2025-06-30
2025063004023156,CHCL,14,56,20.0,544.1,10882.0,2025-06-30
2025063004023155,NHPC,53,8,100.0,211.9,21190.0,2025-06-30
2025063004023154,PMHPL,94,16,286.0,399.9,114371.4,2025-06-30
2025063004023153,JOSHI,48,48,150.0,328.0,49200.0,2025-06-30
2025063004023152,JOSHI,48,55,322.0,328.0,105616.0,2025-06-30
2025063004023151,SHEL,49,65,280.0,286.9,80332.0,2025-06-30
2025063004023150,CGH,49,56,10.0,957.9,9579.0,2025-06-30
2025063004023149,SPDL,39,28,1000.0,409.0,409000.0,2025-06-30
2025063003010967,GRDBL,29,42,162.0,1300.0,210600.0,2025-06-30
2025063003010966,GRDBL,43,42,138.0,1301.0,179538.0,2025-06-30
2025063004023148,BARUN,42,43,206.0,413.0,85078.0,2025-06-30
2025063004023147,BARUN,42,99,24.0,413.0,9912.0,2025-06-30
2025063004023146,BARUN,42,10,10.0,412.5,4125.0,2025-06-30
2025063003010965,ACLBSL,42,44,50.0,1035.0,51750.0,2025-06-30
2025063003010964,SINDU,11,42,45.0,818.0,36810.0,2025-06-30
2025063003010963,SINDU,11,52,55.0,817.1,44940.5,2025-06-30
2025063003010962,LICN,26,5,15.0,856.0,12840.0,2025-06-30
2025063001017828,NMIC,55,41,100.0,1640.0,164000.0,2025-06-30
2025063004023145,GLH,58,45,89.0,269.9,24021.1,2025-06-30
2025063001017827,NMIC,55,55,200.0,1640.0,328000.0,2025-06-30
2025063005010454,NRM,32,4,40.0,438.0,17520.0,2025-06-30
2025063005010453,NRM,32,58,10.0,438.0,4380.0,2025-06-30
2025063005010452,NRM,32,42,10.0,438.0,4380.0,2025-06-30
2025063005010451,NRM,32,35,10.0,437.9,4379.0,2025-06-30
2025063005010450,NRM,32,54,90.0,437.0,39330.0,2025-06-30
2025063005010449,NRM,32,25,50.0,437.0,21850.0,2025-06-30
2025063005010448,NRM,32,42,30.0,437.0,13110.0,2025-06-30
2025063004023144,SSHL,37,32,345.0,239.2,82524.0,2025-06-30
2025063004023143,SSHL,49,32,150.0,239.3,35895.0,2025-06-30
2025063004023142,SSHL,51,32,100.0,239.3,23930.0,2025-06-30
2025063004023141,SSHL,41,32,105.0,239.3,25126.5,2025-06-30
2025063003010961,GFCL,35,57,10.0,599.0,5990.0,2025-06-30
2025063004023140,SPDL,50,62,233.0,407.1,94854.3,2025-06-30
2025063004023139,SPDL,39,62,20.0,407.2,8144.0,2025-06-30
2025063004023138,SPDL,34,62,100.0,407.2,40720.0,2025-06-30
2025063004023137,SPDL,58,62,150.0,407.2,61080.0,2025-06-30
2025063004023136,SPDL,22,62,50.0,407.4,20370.0,2025-06-30
2025063004023135,SPDL,39,62,764.0,407.5,311330.0,2025-06-30
2025063004023134,SPDL,58,62,50.0,408.0,20400.0,2025-06-30
2025063004023133,SPDL,47,62,130.0,408.0,53040.0,2025-06-30
2025063004023132,SPDL,34,62,200.0,408.0,81600.0,2025-06-30
2025063004023131,SPDL,42,62,800.0,408.0,326400.0,2025-06-30
2025063004023130,SPDL,43,62,500.0,408.1,204050.0,2025-06-30
2025063004023129,HURJA,14,62,188.0,253.1,47582.8,2025-06-30
2025063004023128,HURJA,50,62,50.0,253.1,12655.0,2025-06-30
2025063004023127,HURJA,57,62,262.0,253.1,66312.2,2025-06-30
2025063005010447,GCIL,29,70,30.0,493.0,14790.0,2025-06-30
2025063005010446,NRN,56,83,20.0,2035.0,40700.0,2025-06-30
2025063005010445,NRN,56,5,42.0,2035.0,85470.0,2025-06-30
2025063004023126,NGPL,28,7,23.0,395.0,9085.0,2025-06-30
2025063004023125,NGPL,28,26,150.0,395.0,59250.0,2025-06-30
2025063004023124,NGPL,28,35,10.0,395.0,3950.0,2025-06-30
2025063004023123,NGPL,28,57,50.0,395.0,19750.0,2025-06-30
2025063004023122,NGPL,28,37,20.0,395.0,7900.0,2025-06-30
2025063004023121,NGPL,28,48,247.0,395.0,97565.0,2025-06-30
2025063003010960,GUFL,36,1,10.0,534.0,5340.0,2025-06-30
2025063001017826,GMLI,55,36,10.0,2231.0,22310.0,2025-06-30
2025063004023120,UMHL,50,7,840.0,555.9,466956.0,2025-06-30
2025063004023119,UMHL,50,47,100.0,555.8,55580.0,2025-06-30
2025063004023118,UMHL,50,19,60.0,555.5,33330.0,2025-06-30
2025063004023117,UMHL,50,49,100.0,555.4,55540.0,2025-06-30
2025063004023116,UMHL,50,48,100.0,555.0,55500.0,2025-06-30
2025063004023115,UMHL,50,91,250.0,555.0,138750.0,2025-06-30
2025063004023114,UMHL,50,59,50.0,555.0,27750.0,2025-06-30
2025063001017825,PURE,54,21,24.0,914.2,21940.8,2025-06-30
2025063001017824,PURE,42,21,80.0,914.3,73144.0,2025-06-30
2025063001017823,TPC,57,22,390.0,416.1,162279.0,2025-06-30
2025063004023113,AKJCL,38,45,152.0,211.8,32193.6,2025-06-30
2025063003010959,VLBS,60,38,100.0,812.0,81200.0,2025-06-30
2025063003010958,VLBS,48,38,100.0,812.0,81200.0,2025-06-30
2025063003010957,VLBS,49,38,180.0,812.1,146178.0,2025-06-30
2025063004023112,JOSHI,45,55,50.0,328.0,16400.0,2025-06-30
2025063003010956,PFL,52,45,500.0,396.1,198050.0,2025-06-30
2025063003010955,PFL,57,45,500.0,396.2,198100.0,2025-06-30
2025063003010954,SINDU,16,44,12.0,817.0,9804.0,2025-06-30
2025063003010953,SINDU,4,44,155.0,817.0,126635.0,2025-06-30
2025063004023111,HDHPC,4,59,310.0,196.6,60946.0,2025-06-30
2025063004023110,HDHPC,57,59,1000.0,196.7,196700.0,2025-06-30
2025063004023109,HDHPC,19,59,10.0,196.7,1967.0,2025-06-30
2025063004023108,HDHPC,5,59,100.0,196.8,19680.0,2025-06-30
2025063004023107,HDHPC,48,59,80.0,196.8,15744.0,2025-06-30
2025063001017822,DOLTI,57,59,130.0,550.1,71513.0,2025-06-30
2025063001017821,NMB,50,90,750.0,245.0,183750.0,2025-06-30
2025063004023106,CHCL,14,37,80.0,544.1,43528.0,2025-06-30
2025063004023105,AKPL,36,53,400.0,263.0,105200.0,2025-06-30
2025063004023104,AKPL,36,25,50.0,262.9,13145.0,2025-06-30
2025063001017820,GMLI,55,44,260.0,2231.0,580060.0,2025-06-30
2025063001017819,SGHC,38,8,130.0,392.0,50960.0,2025-06-30
2025063001017818,SGHC,56,8,50.0,392.0,19600.0,2025-06-30
2025063004023103,NIL,41,13,11.0,678.1,7459.1,2025-06-30
2025063001017817,MCHL,7,35,10.0,545.0,5450.0,2025-06-30
2025063001017816,MCHL,7,58,10.0,545.0,5450.0,2025-06-30
2025063001017815,MCHL,7,36,10.0,545.0,5450.0,2025-06-30
2025063004023102,UNHPL,70,14,50.0,450.0,22500.0,2025-06-30
2025063004023101,UMRH,48,34,35.0,588.0,20580.0,2025-06-30
2025063004023100,UMRH,48,91,35.0,588.0,20580.0,2025-06-30
2025063004023099,UMRH,48,50,430.0,588.0,252840.0,2025-06-30
2025063001017814,TPC,57,50,200.0,416.1,83220.0,2025-06-30
2025063003010952,MERO,49,63,100.0,756.0,75600.0,2025-06-30
2025063004023098,PMHPL,49,16,198.0,399.9,79180.2,2025-06-30
2025063001017813,SHLB,49,38,10.0,1870.0,18700.0,2025-06-30
2025063004023097,UPPER,58,51,10.0,195.3,1953.0,2025-06-30
2025063001017812,CZBIL,74,14,514.0,208.0,106912.0,2025-06-30
2025063001017811,NMIC,55,5,10.0,1640.0,16400.0,2025-06-30
2025063004023096,RIDI,34,5,100.0,260.0,26000.0,2025-06-30
2025063001017810,BHPL,49,37,30.0,719.1,21573.0,2025-06-30
2025063004023095,NICL,21,13,30.0,582.0,17460.0,2025-06-30
2025063004023094,NICL,57,13,20.0,582.0,11640.0,2025-06-30
2025063005010444,RNLI,52,62,50.0,441.0,22050.0,2025-06-30
2025063005010443,CLI,49,39,20.0,461.1,9222.0,2025-06-30
2025063005010442,SHIVM,42,8,82.0,504.1,41336.2,2025-06-30
2025063004023093,PMHPL,26,16,164.0,399.9,65583.6,2025-06-30
2025063004023092,PMHPL,26,42,500.0,399.9,199950.0,2025-06-30
2025063004023091,PMHPL,26,49,50.0,399.9,19995.0,2025-06-30
2025063004023090,PMHPL,26,57,286.0,399.0,114114.0,2025-06-30
2025063004023089,NHDL,38,22,20.0,683.0,13660.0,2025-06-30
2025063005010441,HDL,44,50,10.0,1195.0,11950.0,2025-06-30
2025063001017809,SIKLES,45,64,10.0,869.2,8692.0,2025-06-30
2025063001017808,NMIC,55,55,100.0,1640.0,164000.0,2025-06-30
2025063001017807,PURE,42,35,10.0,914.3,9143.0,2025-06-30
2025063004023088,SJCL,26,95,70.0,320.1,22407.0,2025-06-30
2025063004023087,SJCL,1,95,250.0,320.2,80050.0,2025-06-30
2025063005010440,HRL,6,58,142.0,890.1,126394.2,2025-06-30
2025063005010439,HRL,6,58,68.0,890.3,60540.4,2025-06-30
2025063003010951,SAPDBL,72,49,10.0,1100.0,11000.0,2025-06-30
2025063004023086,UAIL,52,34,10.0,576.0,5760.0,2025-06-30
2025063001017806,EHPL,53,48,400.0,545.7,218280.0,2025-06-30
2025063004023085,BARUN,14,99,976.0,413.0,403088.0,2025-06-30
2025063004023084,BARUN,14,38,24.0,413.0,9912.0,2025-06-30
2025063004023083,BARUN,14,96,2000.0,412.9,825800.0,2025-06-30
2025063004023082,BARUN,14,56,1000.0,412.9,412900.0,2025-06-30
2025063004023081,BARUN,14,25,1000.0,412.0,412000.0,2025-06-30
2025063001017805,PURE,42,38,10.0,914.3,9143.0,2025-06-30
2025063004023080,NGPL,98,48,483.0,395.0,190785.0,2025-06-30
2025063004023079,NGPL,98,57,100.0,395.0,39500.0,2025-06-30
2025063004023078,NGPL,98,37,100.0,395.0,39500.0,2025-06-30
2025063004023077,NGPL,98,32,200.0,395.0,79000.0,2025-06-30
2025063004023076,NGPL,98,45,100.0,395.0,39500.0,2025-06-30
2025063004023075,NGPL,98,55,17.0,395.0,6715.0,2025-06-30
2025063004023074,KKHC,58,13,10.0,390.2,3902.0,2025-06-30
2025063005010438,SONA,41,22,10.0,447.8,4478.0,2025-06-30
2025063003010950,SAPDBL,62,49,10.0,1100.0,11000.0,2025-06-30
2025063001017804,NYADI,7,5,100.0,427.1,42710.0,2025-06-30
2025063003010949,SMPDA,60,45,36.0,934.0,33624.0,2025-06-30
2025063004023073,UMHL,39,60,100.0,553.1,55310.0,2025-06-30
2025063004023072,BPCL,64,58,100.0,835.1,83510.0,2025-06-30
2025063003010948,SINDU,32,52,10.0,817.1,8171.0,2025-06-30
2025063001017803,CITY,48,48,90.0,820.1,73809.0,2025-06-30
2025063001017802,CITY,39,48,20.0,820.1,16402.0,2025-06-30
2025063003010947,SAPDBL,8,64,14.0,1090.0,15260.0,2025-06-30
2025063001017801,GBIME,49,41,1134.0,241.3,273634.2,2025-06-30
2025063001017800,GBIME,49,57,100.0,241.1,24110.0,2025-06-30
2025063001017799,GBIME,85,22,232.0,241.0,55912.0,2025-06-30
2025063001017798,GBIME,85,75,1070.0,241.0,257870.0,2025-06-30
2025063001017797,GBIME,85,3,200.0,241.0,48200.0,2025-06-30
2025063001017796,GBIME,85,47,100.0,241.0,24100.0,2025-06-30
2025063001017795,GBIME,85,13,1000.0,241.0,241000.0,2025-06-30
2025063001017794,GBIME,85,22,10.0,241.0,2410.0,2025-06-30
2025063001017793,GBIME,85,4,1000.0,241.0,241000.0,2025-06-30
2025063001017792,GBIME,85,17,10.0,241.0,2410.0,2025-06-30
2025063001017791,GBIME,85,62,834.0,241.0,200994.0,2025-06-30
2025063001017790,GBIME,85,25,31.0,241.0,7471.0,2025-06-30
2025063001017789,GBIME,85,17,30.0,241.0,7230.0,2025-06-30
2025063004023071,KPCL,26,85,184.0,545.1,100298.4,2025-06-30
2025063004023070,KPCL,42,85,89.0,545.2,48522.8,2025-06-30
2025063004023069,KPCL,66,85,100.0,546.0,54600.0,2025-06-30
2025063004023068,KPCL,16,85,100.0,546.5,54650.0,2025-06-30
2025063003010946,MLBSL,26,43,10.0,2130.2,21302.0,2025-06-30
2025063001017788,GBIME,43,17,70.0,241.0,16870.0,2025-06-30
2025063001017787,GBIME,43,16,250.0,241.0,60250.0,2025-06-30
2025063001017786,GBIME,43,8,500.0,240.9,120450.0,2025-06-30
2025063001017785,GBIME,43,35,500.0,240.9,120450.0,2025-06-30
2025063001017784,GBIME,43,38,100.0,240.4,24040.0,2025-06-30
2025063001017783,RFPL,43,42,50.0,577.0,28850.0,2025-06-30
2025063005010437,CLI,49,42,141.0,461.1,65015.1,2025-06-30
2025063005010436,CLI,4,42,59.0,461.2,27210.8,2025-06-30
2025063003010945,MERO,91,63,200.0,756.0,151200.0,2025-06-30
2025063001017782,BHDC,16,16,477.0,480.0,228960.0,2025-06-30
2025063001017781,BHDC,16,42,23.0,480.0,11040.0,2025-06-30
2025063004023067,NGPL,28,45,135.0,394.9,53311.5,2025-06-30
2025063004023066,GLH,6,45,62.0,269.9,16733.8,2025-06-30
2025063004023065,GLH,6,58,473.0,269.9,127662.7,2025-06-30
2025063004023064,GLH,6,38,65.0,269.9,17543.5,2025-06-30
2025063001017780,RFPL,11,5,20.0,575.0,11500.0,2025-06-30
2025063001017779,RFPL,19,5,10.0,575.0,5750.0,2025-06-30
2025063001017778,RFPL,80,5,50.0,576.0,28800.0,2025-06-30
2025063004023063,IGI,50,1,73.0,519.0,37887.0,2025-06-30
2025063004023062,IGI,47,1,127.0,519.0,65913.0,2025-06-30
2025063004023061,IGI,46,1,200.0,519.1,103820.0,2025-06-30
2025063001017777,TAMOR,50,54,750.0,513.1,384825.0,2025-06-30
2025063001017776,TAMOR,38,54,50.0,514.0,25700.0,2025-06-30
2025063005010435,SAHAS,42,56,239.0,588.2,140579.8,2025-06-30
2025063005010434,SAHAS,17,56,20.0,588.5,11770.0,2025-06-30
2025063005010433,SAHAS,94,56,25.0,588.5,14712.5,2025-06-30
2025063005010432,SAHAS,17,56,16.0,588.6,9417.6,2025-06-30
2025063005010431,SAHAS,58,56,50.0,588.6,29430.0,2025-06-30
2025063003010944,SINDU,25,42,15.0,818.0,12270.0,2025-06-30
2025063005010430,SAHAS,35,56,190.0,588.6,111834.0,2025-06-30
2025063004023060,AKPL,36,53,100.0,263.0,26300.0,2025-06-30
2025063003010943,ALICL,94,45,500.0,498.0,249000.0,2025-06-30
2025063003010942,ALICL,94,6,870.0,498.0,433260.0,2025-06-30
2025063003010941,ALICL,94,88,533.0,496.0,264368.0,2025-06-30
2025063003010940,ALICL,94,49,28.0,496.0,13888.0,2025-06-30
2025063001017775,BHL,14,49,255.0,214.0,54570.0,2025-06-30
2025063005010429,NRIC,55,17,13.0,1227.0,15951.0,2025-06-30
2025063004023059,PPCL,48,8,100.0,378.0,37800.0,2025-06-30
2025063001017774,BHL,14,11,12.0,214.0,2568.0,2025-06-30
2025063004023058,PMHPL,56,4,35.0,398.0,13930.0,2025-06-30
2025063005010428,NRN,56,26,11.0,2030.1,22331.1,2025-06-30
2025063004023057,RADHI,17,51,300.0,780.0,234000.0,2025-06-30
2025063003010939,ICFC,47,57,100.0,603.0,60300.0,2025-06-30
2025063001017773,PPL,42,6,100.0,385.5,38550.0,2025-06-30
2025063004023056,GLH,34,38,100.0,269.9,26990.0,2025-06-30
2025063001017772,NMIC,55,13,10.0,1640.0,16400.0,2025-06-30
2025063004023055,PMHPL,56,33,75.0,398.0,29850.0,2025-06-30
2025063001017771,NABIL,25,42,253.0,492.0,124476.0,2025-06-30
2025063003010938,JFL,57,52,40.0,459.0,18360.0,2025-06-30
2025063005010427,MEL,49,34,107.0,320.0,34240.0,2025-06-30
2025063005010426,MEL,49,58,10.0,320.0,3200.0,2025-06-30
2025063005010425,MEL,49,22,10.0,320.0,3200.0,2025-06-30
2025063005010424,MEL,49,58,10.0,320.0,3200.0,2025-06-30
2025063005010423,MEL,49,35,10.0,320.0,3200.0,2025-06-30
2025063005010422,MEL,49,38,10.0,320.0,3200.0,2025-06-30
2025063005010421,MEL,49,52,10.0,320.0,3200.0,2025-06-30
2025063005010420,MEL,49,50,210.0,320.0,67200.0,2025-06-30
2025063005010419,MEL,49,47,490.0,319.5,156555.0,2025-06-30
2025063005010418,MEL,49,26,175.0,319.0,55825.0,2025-06-30
2025063005010417,MEL,49,47,233.0,319.0,74327.0,2025-06-30
2025063005010416,MEL,49,41,10.0,319.0,3190.0,2025-06-30
2025063005010415,MEL,49,52,100.0,318.9,31890.0,2025-06-30
2025063005010414,MEL,49,52,100.0,318.8,31880.0,2025-06-30
2025063005010413,MEL,49,26,125.0,318.7,39837.5,2025-06-30
2025063005010412,MEL,49,13,390.0,317.0,123630.0,2025-06-30
2025063003010937,CBBL,4,17,70.0,904.0,63280.0,2025-06-30
2025063003010936,CBBL,14,17,50.0,904.0,45200.0,2025-06-30
2025063003010935,CBBL,38,17,80.0,905.0,72400.0,2025-06-30
2025063005010411,MEL,81,13,100.0,317.0,31700.0,2025-06-30
2025063003010934,ALICL,6,39,13.0,495.4,6440.2,2025-06-30
2025063003010933,GRDBL,43,4,50.0,1301.0,65050.0,2025-06-30
2025063005010410,SMATA,68,35,10.0,815.0,8150.0,2025-06-30
2025063005010409,SMATA,68,45,20.0,815.0,16300.0,2025-06-30
2025063001017770,GMLI,55,42,20.0,2231.0,44620.0,2025-06-30
2025063003010932,WNLB,42,58,10.0,2119.0,21190.0,2025-06-30
2025063004023054,HURJA,100,44,138.0,253.5,34983.0,2025-06-30
2025063004023053,HURJA,100,16,1112.0,253.4,281780.8,2025-06-30
2025063004023052,HURJA,100,101,250.0,253.2,63300.0,2025-06-30
2025063004023051,UPCL,16,43,460.0,407.0,187220.0,2025-06-30
2025063004023050,GLH,32,14,75.0,269.5,20212.5,2025-06-30
2025063005010408,GCIL,55,86,10.0,496.0,4960.0,2025-06-30
2025063004023049,RIDI,21,62,150.0,259.7,38955.0,2025-06-30
2025063004023048,API,41,50,250.0,290.5,72625.0,2025-06-30
2025063005010407,SAHAS,28,59,200.0,589.0,117800.0,2025-06-30
2025063004023047,AHPC,94,47,1000.0,284.2,284200.0,2025-06-30
2025063005010406,HDL,49,55,171.0,1195.0,204345.0,2025-06-30
2025063005010405,HDL,49,54,50.0,1195.0,59750.0,2025-06-30
2025063003010931,GBBL,62,4,100.0,391.0,39100.0,2025-06-30
2025063004023046,SHEL,4,65,30.0,286.9,8607.0,2025-06-30
2025063004023045,SPDL,42,45,500.0,408.0,204000.0,2025-06-30
2025063005010404,HRL,6,14,380.0,890.3,338314.0,2025-06-30
2025063004023044,UPCL,35,43,150.0,407.0,61050.0,2025-06-30
2025063004023043,SHEL,45,6,460.0,286.2,131652.0,2025-06-30
2025063004023042,SHEL,14,6,90.0,286.2,25758.0,2025-06-30
2025063004023041,SHEL,13,6,100.0,286.2,28620.0,2025-06-30
2025063004023040,SHEL,47,6,300.0,286.2,85860.0,2025-06-30
2025063004023039,SHEL,8,6,50.0,286.3,14315.0,2025-06-30
2025063001017769,HIDCLP,58,48,16.0,206.9,3310.4,2025-06-30
2025063005010403,GCIL,29,19,291.0,493.0,143463.0,2025-06-30
2025063005010402,GCIL,35,19,50.0,493.0,24650.0,2025-06-30
2025063005010401,GCIL,32,19,200.0,493.0,98600.0,2025-06-30
2025063005010400,GCIL,14,19,89.0,493.0,43877.0,2025-06-30
2025063005010399,GCIL,22,19,1500.0,493.1,739650.0,2025-06-30
2025063005010398,GCIL,48,19,100.0,493.1,49310.0,2025-06-30
2025063005010397,GCIL,52,19,100.0,493.1,49310.0,2025-06-30
2025063005010396,GCIL,16,19,20.0,493.1,9862.0,2025-06-30
2025063005010395,GCIL,34,19,60.0,493.2,29592.0,2025-06-30
2025063005010394,GCIL,22,19,500.0,493.2,246600.0,2025-06-30
2025063005010393,GCIL,22,19,200.0,493.2,98640.0,2025-06-30
2025063005010392,GCIL,25,19,10.0,493.2,4932.0,2025-06-30
2025063005010391,GCIL,22,19,670.0,493.3,330511.0,2025-06-30
2025063005010390,GCIL,52,19,100.0,493.5,49350.0,2025-06-30
2025063005010389,GCIL,34,19,60.0,493.5,29610.0,2025-06-30
2025063003010930,MPFL,32,62,61.0,575.0,35075.0,2025-06-30
2025063003010929,MPFL,6,62,19.0,575.0,10925.0,2025-06-30
2025063003010928,MPFL,35,62,100.0,575.0,57500.0,2025-06-30
2025063003010927,MPFL,32,62,70.0,575.1,40257.0,2025-06-30
2025063005010388,SAHAS,35,34,10.0,588.6,5886.0,2025-06-30
2025063004023038,RADHI,17,34,25.0,780.0,19500.0,2025-06-30
2025063004023037,RADHI,57,34,75.0,781.0,58575.0,2025-06-30
2025063005010387,HATHY,34,37,10.0,1194.0,11940.0,2025-06-30
2025063001017768,EBL,54,39,50.0,643.0,32150.0,2025-06-30
2025063005010386,SAHAS,37,59,179.0,589.0,105431.0,2025-06-30
2025063005010385,SAHAS,37,38,21.0,589.0,12369.0,2025-06-30
2025063004023036,PMHPL,56,52,458.0,398.0,182284.0,2025-06-30
2025063001017767,NABIL,56,42,235.0,492.0,115620.0,2025-06-30
2025063004023035,UNHPL,70,25,50.0,450.0,22500.0,2025-06-30
2025063004023034,UNHPL,57,25,50.0,450.1,22505.0,2025-06-30
2025063003010926,SADBL,77,32,703.0,400.9,281832.7,2025-06-30
2025063003010925,SADBL,77,49,200.0,400.0,80000.0,2025-06-30
2025063003010924,SADBL,77,57,100.0,400.0,40000.0,2025-06-30
2025063003010923,SADBL,77,14,49.0,400.0,19600.0,2025-06-30
2025063003010922,SADBL,77,58,650.0,399.6,259740.0,2025-06-30
2025063003010921,SADBL,77,58,298.0,399.0,118902.0,2025-06-30
2025063001017766,ADBL,45,64,43.0,286.2,12306.6,2025-06-30
2025063005010384,MEL,17,13,10.0,317.0,3170.0,2025-06-30
2025063004023033,HEI,47,32,15.0,565.0,8475.0,2025-06-30
2025063004023032,MEN,35,38,500.0,607.8,303900.0,2025-06-30
2025063003010920,LICN,38,5,10.0,856.0,8560.0,2025-06-30
2025063004023031,UNHPL,35,98,130.0,450.9,58617.0,2025-06-30
2025063004023030,SHEL,96,65,262.0,286.9,75167.8,2025-06-30
2025063004023029,SHEL,96,57,100.0,286.9,28690.0,2025-06-30
2025063001017765,BHL,54,34,123.0,213.2,26223.6,2025-06-30
2025063001017764,BHL,52,34,51.0,213.2,10873.2,2025-06-30
2025063001017763,BHL,58,34,500.0,214.0,107000.0,2025-06-30
2025063001017762,BHL,68,34,326.0,214.0,69764.0,2025-06-30
2025063003010919,SAPDBL,8,55,100.0,1090.0,109000.0,2025-06-30
2025063004023028,UPCL,17,43,1000.0,407.0,407000.0,2025-06-30
2025063004023027,UPCL,22,43,50.0,407.0,20350.0,2025-06-30
2025063004023026,UPCL,36,43,300.0,407.0,122100.0,2025-06-30
2025063004023025,UPCL,72,43,40.0,407.0,16280.0,2025-06-30
2025063003010918,SFCL,26,39,256.0,465.4,119142.4,2025-06-30
2025063003010917,SFCL,57,39,300.0,465.5,139650.0,2025-06-30
2025063003010916,SFCL,7,39,107.0,465.7,49829.9,2025-06-30
2025063003010915,SFCL,45,39,137.0,468.0,64116.0,2025-06-30
2025063001017761,NBL,89,56,22.0,254.1,5590.2,2025-06-30
2025063001017760,EBL,42,39,30.0,643.0,19290.0,2025-06-30
2025063004023024,AKPL,36,48,600.0,263.0,157800.0,2025-06-30
2025063001017759,SANIMA,58,40,100.0,324.0,32400.0,2025-06-30
2025063001017758,SANIMA,58,1,97.0,324.0,31428.0,2025-06-30
2025063003010914,RLFL,14,59,132.0,462.0,60984.0,2025-06-30
2025063003010913,RLFL,14,34,100.0,460.0,46000.0,2025-06-30
2025063003010912,RLFL,14,45,23.0,458.0,10534.0,2025-06-30
2025063005010383,HRL,6,36,52.0,890.3,46295.6,2025-06-30
2025063004023023,GHL,48,6,25.0,247.6,6190.0,2025-06-30
2025063004023022,PMHPL,87,52,42.0,398.0,16716.0,2025-06-30
2025063005010382,CIT,62,34,120.0,1890.0,226800.0,2025-06-30
2025063005010381,NIFRA,52,16,30.0,270.4,8112.0,2025-06-30
2025063004023021,NGPL,28,3,110.0,394.9,43439.0,2025-06-30
2025063001017757,NMIC,55,21,10.0,1640.0,16400.0,2025-06-30
2025063005010380,KDBY,54,43,4200.0,9.71,40782.0,2025-06-30
2025063001017756,GBIME,45,82,95.0,240.0,22800.0,2025-06-30
2025063004023020,UPCL,72,4,60.0,407.0,24420.0,2025-06-30
2025063004023019,UPCL,55,4,50.0,407.0,20350.0,2025-06-30
2025063004023018,UPCL,42,4,90.0,407.1,36639.0,2025-06-30
2025063004023017,HURJA,57,57,500.0,253.1,126550.0,2025-06-30
2025063004023016,CGH,49,16,100.0,956.0,95600.0,2025-06-30
2025063004023015,AHPC,22,47,825.0,284.2,234465.0,2025-06-30
2025063003010911,SINDU,38,45,22.0,819.0,18018.0,2025-06-30
2025063003010910,SINDU,38,53,18.0,818.9,14740.2,2025-06-30
2025063003010909,MFIL,32,22,150.0,583.9,87585.0,2025-06-30
2025063001017755,OMPL,46,101,10.0,1360.0,13600.0,2025-06-30
2025063001017754,OMPL,44,101,100.0,1365.0,136500.0,2025-06-30
2025063001017753,OMPL,42,101,60.0,1367.0,82020.0,2025-06-30
2025063004023014,JOSHI,58,55,145.0,328.0,47560.0,2025-06-30
2025063001017752,OMPL,42,58,10.0,1367.0,13670.0,2025-06-30
2025063003010908,SINDU,32,41,20.0,817.1,16342.0,2025-06-30
2025063004023013,AKPL,13,48,100.0,263.0,26300.0,2025-06-30
2025063001017751,GBIME,45,50,129.0,240.0,30960.0,2025-06-30
2025063004023012,API,94,57,63.0,290.4,18295.2,2025-06-30
2025063004023011,API,55,57,68.0,290.4,19747.2,2025-06-30
2025063005010379,NRN,66,45,45.0,2030.0,91350.0,2025-06-30
2025063003010907,SAPDBL,58,55,100.0,1090.0,109000.0,2025-06-30
2025063003010906,SAPDBL,17,55,100.0,1090.0,109000.0,2025-06-30
2025063004023010,AHPC,22,32,675.0,284.2,191835.0,2025-06-30
2025063004023009,AHPC,25,32,375.0,284.2,106575.0,2025-06-30
2025063004023008,AHPC,94,32,50.0,284.2,14210.0,2025-06-30
2025063004023007,AHPC,63,32,400.0,284.2,113680.0,2025-06-30
2025063004023006,PPCL,32,44,100.0,380.0,38000.0,2025-06-30
2025063003010905,PROFL,55,26,190.0,477.0,90630.0,2025-06-30
2025063001017750,MKCL,56,19,90.0,1470.1,132309.0,2025-06-30
2025063004023005,DHPL,45,62,90.0,326.0,29340.0,2025-06-30
2025063004023004,DHPL,32,62,50.0,326.1,16305.0,2025-06-30
2025063001017749,MMKJL,48,34,100.0,550.0,55000.0,2025-06-30
2025063003010904,GRDBL,43,34,50.0,1301.0,65050.0,2025-06-30
2025063003010903,SINDU,52,53,32.0,818.9,26204.8,2025-06-30
2025063003010902,SINDU,52,22,18.0,818.0,14724.0,2025-06-30
2025063001017748,NMIC,55,48,20.0,1640.0,32800.0,2025-06-30
2025063004023003,API,16,50,50.0,290.5,14525.0,2025-06-30
2025063001017747,GVL,49,3,481.0,471.0,226551.0,2025-06-30
2025063004023002,RADHI,57,8,25.0,780.9,19522.5,2025-06-30
2025063003010901,MLBL,44,66,475.0,382.1,181497.5,2025-06-30
2025063003010900,MLBL,42,66,125.0,382.1,47762.5,2025-06-30
2025063003010899,LICN,38,5,50.0,856.0,42800.0,2025-06-30
2025063005010378,NTC,45,45,30.0,839.5,25185.0,2025-06-30
2025063003010898,SIFC,6,32,10.0,518.6,5186.0,2025-06-30
2025063001017746,NICA,35,38,10.0,341.0,3410.0,2025-06-30
2025063001017745,GMLI,55,6,300.0,2231.0,669300.0,2025-06-30
2025063004023001,UPCL,59,36,500.0,408.0,204000.0,2025-06-30
2025063003010897,MFIL,41,22,50.0,583.9,29195.0,2025-06-30
2025063003010896,PROFL,41,26,60.0,477.0,28620.0,2025-06-30
2025063003010895,PROFL,41,45,150.0,477.0,71550.0,2025-06-30
2025063005010377,HIDCL,1,49,140.0,284.9,39886.0,2025-06-30
2025063005010376,HIDCL,1,17,60.0,284.8,17088.0,2025-06-30
2025063001017744,TAMOR,50,54,490.0,513.1,251419.0,2025-06-30
2025063001017743,TAMOR,13,54,200.0,513.3,102660.0,2025-06-30
2025063001017742,TAMOR,89,54,20.0,513.4,10268.0,2025-06-30
2025063001017741,TAMOR,85,54,90.0,513.5,46215.0,2025-06-30
2025063001017740,KBL,85,34,440.0,208.0,91520.0,2025-06-30
2025063001017739,KBL,32,34,30.0,208.0,6240.0,2025-06-30
2025063004023000,BPCL,64,13,387.0,835.1,323183.7,2025-06-30
2025063004022999,BPCL,45,13,13.0,836.0,10868.0,2025-06-30
2025063005010375,SAHAS,33,38,40.0,589.0,23560.0,2025-06-30
2025063005010374,SAHAS,33,48,110.0,589.0,64790.0,2025-06-30
2025063004022998,GLH,45,25,50.0,269.1,13455.0,2025-06-30
2025063003010894,GBLBS,48,25,115.0,808.0,92920.0,2025-06-30
2025063001017738,GVL,49,3,19.0,471.0,8949.0,2025-06-30
2025063004022997,NGPL,28,34,100.0,394.9,39490.0,2025-06-30
2025063004022996,NGPL,28,38,283.0,394.9,111756.7,2025-06-30
2025063005010373,NRN,66,14,55.0,2030.0,111650.0,2025-06-30
2025063005010372,NRN,38,14,10.0,2030.0,20300.0,2025-06-30
2025063005010371,NRN,36,14,58.0,2030.0,117740.0,2025-06-30
2025063005010370,NRN,36,14,59.0,2030.1,119775.9,2025-06-30
2025063004022995,RIDI,57,5,209.0,260.0,54340.0,2025-06-30
2025063004022994,RIDI,57,58,791.0,260.0,205660.0,2025-06-30
2025063001017737,NMIC,55,57,10.0,1640.0,16400.0,2025-06-30
2025063004022993,SHPC,11,88,13.0,605.0,7865.0,2025-06-30
2025063001017736,SNLI,38,7,20.0,465.0,9300.0,2025-06-30
2025063004022992,UPCL,59,36,500.0,408.0,204000.0,2025-06-30
2025063001017735,PPL,42,62,113.0,385.5,43561.5,2025-06-30
2025063004022991,NGPL,58,38,50.0,394.9,19745.0,2025-06-30
2025063003010893,LICN,34,5,25.0,856.0,21400.0,2025-06-30
2025063005010369,CHDC,58,20,188.0,2570.0,483160.0,2025-06-30
2025063005010368,CHDC,58,58,12.0,2569.9,30838.8,2025-06-30
2025063004022990,NGPL,33,50,300.0,394.4,118320.0,2025-06-30
2025063001017734,GMLI,55,8,500.0,2231.0,1115500.0,2025-06-30
2025063001017733,ADBL,58,45,140.0,287.0,40180.0,2025-06-30
2025063001017732,RSY,66,21,100.0,9.18,918.0,2025-06-30
2025063001017731,RSY,66,77,100.0,9.18,918.0,2025-06-30
2025063001017730,RSY,66,4,100.0,9.18,918.0,2025-06-30
2025063001017729,RSY,66,42,200.0,9.0,1800.0,2025-06-30
2025063004022989,PPCL,32,44,10.0,380.0,3800.0,2025-06-30
2025063001017728,CREST,83,22,20.0,1361.0,27220.0,2025-06-30
2025063001017727,CREST,61,22,80.0,1364.0,109120.0,2025-06-30
2025063001017726,MHL,35,45,10.0,578.9,5789.0,2025-06-30
2025063003010892,LICN,50,5,50.0,856.0,42800.0,2025-06-30
2025063003010891,LICN,34,5,46.0,856.0,39376.0,2025-06-30
2025063003010890,LICN,32,5,60.0,856.0,51360.0,2025-06-30
2025063003010889,LICN,35,5,82.0,856.0,70192.0,2025-06-30
2025063005010367,SAHAS,44,48,80.0,589.0,47120.0,2025-06-30
2025063001017725,SRLI,87,34,92.0,391.9,36054.8,2025-06-30
2025063001017724,SRLI,35,34,20.0,392.0,7840.0,2025-06-30
2025063001017723,SRLI,4,34,88.0,392.0,34496.0,2025-06-30
2025063003010888,LICN,34,26,20.0,857.0,17140.0,2025-06-30
2025063004022988,RBCL,47,26,10.0,14456.0,144560.0,2025-06-30
2025063001017722,PRVU,45,42,37.0,206.0,7622.0,2025-06-30
2025063001017721,PRVU,14,42,100.0,206.5,20650.0,2025-06-30
2025063004022987,MHNL,11,19,190.0,287.9,54701.0,2025-06-30
2025063003010887,CBBL,38,48,20.0,905.0,18100.0,2025-06-30
2025063001017720,BHDC,6,42,20.0,480.0,9600.0,2025-06-30
2025063001017719,BHDC,6,59,30.0,479.9,14397.0,2025-06-30
2025063001017718,NIMB,50,41,200.0,212.0,42400.0,2025-06-30
2025063004022986,PRIN,59,48,100.0,856.1,85610.0,2025-06-30
2025063003010886,GMFIL,45,48,490.0,470.0,230300.0,2025-06-30
2025063001017717,NMIC,3,34,10.0,1644.0,16440.0,2025-06-30
2025063001017716,OMPL,42,21,10.0,1367.0,13670.0,2025-06-30
2025063001017715,MKHC,58,68,355.0,442.0,156910.0,2025-06-30
2025063001017714,MKHC,42,68,100.0,442.0,44200.0,2025-06-30
2025063001017713,MKHC,35,68,145.0,442.0,64090.0,2025-06-30
2025063001017712,MKHC,19,68,10.0,442.1,4421.0,2025-06-30
2025063001017711,MKHC,52,68,190.0,442.3,84037.0,2025-06-30
2025063001017710,MKHC,99,68,200.0,442.4,88480.0,2025-06-30
2025063004022985,SPDL,42,7,500.0,408.0,204000.0,2025-06-30
2025063005010366,HRL,58,91,20.0,891.0,17820.0,2025-06-30
2025063003010885,NLIC,32,26,98.0,728.0,71344.0,2025-06-30
2025063003010884,NLIC,14,26,502.0,728.1,365506.2,2025-06-30
2025063004022984,AKPL,58,48,300.0,263.0,78900.0,2025-06-30
2025063004022983,AKPL,58,38,100.0,263.0,26300.0,2025-06-30
2025063004022982,PPCL,42,44,110.0,380.0,41800.0,2025-06-30
2025063004022981,PPCL,42,49,90.0,379.0,34110.0,2025-06-30
2025063005010365,NRN,36,57,11.0,2030.1,22331.1,2025-06-30
2025063001017709,CZBIL,22,38,100.0,208.1,20810.0,2025-06-30
2025063001017708,CZBIL,22,50,77.0,208.1,16023.7,2025-06-30
2025063004022980,NGPL,58,38,342.0,394.9,135055.8,2025-06-30
2025063005010364,SAHAS,6,48,300.0,589.0,176700.0,2025-06-30
2025063003010883,ILBS,62,51,58.0,839.0,48662.0,2025-06-30
2025063004022979,SHPC,14,88,487.0,605.0,294635.0,2025-06-30
2025063004022978,SHPC,14,59,13.0,605.0,7865.0,2025-06-30
2025063004022977,AKPL,36,44,200.0,263.0,52600.0,2025-06-30
2025063004022976,AKPL,36,55,90.0,263.0,23670.0,2025-06-30
2025063001017707,CREST,61,22,100.0,1364.0,136400.0,2025-06-30
2025063001017706,CREST,61,44,10.0,1363.9,13639.0,2025-06-30
2025063001017705,CREST,61,49,10.0,1362.0,13620.0,2025-06-30
2025063004022975,PMHPL,62,48,151.0,397.5,60022.5,2025-06-30
2025063005010363,NRN,85,5,100.0,2035.0,203500.0,2025-06-30
2025063001017704,BHL,68,45,10.0,214.0,2140.0,2025-06-30
2025063001017703,BHL,68,34,200.0,214.0,42800.0,2025-06-30
2025063001017702,BHL,68,59,464.0,214.0,99296.0,2025-06-30
2025063001017701,SGHC,71,8,195.0,392.1,76459.5,2025-06-30
2025063004022974,NGPL,6,58,1814.0,394.0,714716.0,2025-06-30
2025063004022973,NGPL,22,58,400.0,394.0,157600.0,2025-06-30
2025063004022972,NGPL,45,58,776.0,394.0,305744.0,2025-06-30
2025063004022971,NGPL,45,58,200.0,394.0,78800.0,2025-06-30
2025063004022970,NGPL,4,58,400.0,394.0,157600.0,2025-06-30
2025063004022969,NGPL,57,58,1000.0,394.0,394000.0,2025-06-30
2025063004022968,NGPL,57,58,100.0,394.1,39410.0,2025-06-30
2025063004022967,NGPL,99,58,265.0,394.1,104436.5,2025-06-30
2025063004022966,NGPL,38,58,100.0,394.2,39420.0,2025-06-30
2025063004022965,NGPL,97,58,2390.0,394.3,942377.0,2025-06-30
2025063004022964,SGIC,62,47,10.0,538.0,5380.0,2025-06-30
2025063004022963,PMHPL,29,57,14.0,399.0,5586.0,2025-06-30
2025063004022962,NIL,32,50,63.0,677.1,42657.3,2025-06-30
2025063004022961,NIL,32,41,32.0,677.1,21667.2,2025-06-30
2025063001017700,MEHL,70,57,95.0,428.0,40660.0,2025-06-30
2025063004022960,UPCL,6,36,426.0,408.0,173808.0,2025-06-30
2025063004022959,UPCL,6,58,14.0,408.0,5712.0,2025-06-30
2025063004022958,UPCL,6,46,500.0,407.9,203950.0,2025-06-30
2025063004022957,UPCL,6,45,20.0,407.8,8156.0,2025-06-30
2025063001017699,NMIC,55,78,20.0,1640.0,32800.0,2025-06-30
2025063004022956,JOSHI,41,55,83.0,328.0,27224.0,2025-06-30
2025063004022955,JOSHI,41,58,217.0,328.0,71176.0,2025-06-30
2025063004022954,JOSHI,41,58,600.0,328.0,196800.0,2025-06-30
2025063004022953,JOSHI,41,45,100.0,328.0,32800.0,2025-06-30
2025063003010882,SAPDBL,39,49,145.0,1105.0,160225.0,2025-06-30
2025063003010881,SAPDBL,39,46,155.0,1105.0,171275.0,2025-06-30
2025063003010880,SAPDBL,39,11,200.0,1104.9,220980.0,2025-06-30
2025063001017698,OMPL,42,56,10.0,1367.0,13670.0,2025-06-30
2025063001017697,OMPL,42,57,20.0,1367.0,27340.0,2025-06-30
2025063001017696,OMPL,42,3,10.0,1367.0,13670.0,2025-06-30
2025063001017695,OMPL,42,35,10.0,1366.0,13660.0,2025-06-30
2025063001017694,OMPL,42,56,10.0,1365.0,13650.0,2025-06-30
2025063001017693,OMPL,42,42,90.0,1365.0,122850.0,2025-06-30
2025063001017692,OMPL,42,34,200.0,1360.1,272020.0,2025-06-30
2025063001017691,OMPL,42,57,50.0,1360.0,68000.0,2025-06-30
2025063001017690,OMPL,42,95,20.0,1360.0,27200.0,2025-06-30
2025063001017689,PRVU,14,57,100.0,206.5,20650.0,2025-06-30
2025063004022952,AHPC,63,57,1500.0,284.2,426300.0,2025-06-30
2025063004022951,SJCL,52,95,150.0,321.0,48150.0,2025-06-30
2025063004022950,SJCL,77,95,100.0,321.0,32100.0,2025-06-30
2025063004022949,SJCL,51,95,100.0,321.0,32100.0,2025-06-30
2025063004022948,SJCL,53,95,20.0,321.0,6420.0,2025-06-30
2025063004022947,SJCL,1,95,170.0,321.1,54587.0,2025-06-30
2025063004022946,SJCL,41,95,130.0,321.2,41756.0,2025-06-30
2025063003010879,NADEP,64,51,20.0,841.0,16820.0,2025-06-30
2025063003010878,NADEP,64,57,20.0,840.0,16800.0,2025-06-30
2025063003010877,NADEP,64,57,50.0,840.0,42000.0,2025-06-30
2025063003010876,NADEP,64,28,30.0,840.0,25200.0,2025-06-30
2025063003010875,NADEP,64,37,30.0,840.0,25200.0,2025-06-30
2025063003010874,NADEP,64,55,10.0,839.9,8399.0,2025-06-30
2025063003010873,NADEP,64,55,10.0,839.8,8398.0,2025-06-30
2025063003010872,NADEP,64,50,30.0,839.0,25170.0,2025-06-30
2025063005010362,MBJC,46,45,30.0,318.9,9567.0,2025-06-30
2025063005010361,MBJC,46,82,90.0,318.9,28701.0,2025-06-30
2025063005010360,SEF,59,4,500.0,10.01,5005.0,2025-06-30
2025063001017688,USHEC,51,89,30.0,429.0,12870.0,2025-06-30
2025063004022945,GLH,26,14,20.0,269.5,5390.0,2025-06-30
2025063004022944,HEI,47,42,60.0,562.5,33750.0,2025-06-30
2025063001017687,CYCL,19,35,13.0,1615.0,20995.0,2025-06-30
2025063004022943,MEN,35,53,25.0,607.8,15195.0,2025-06-30
2025063004022942,MEN,35,25,100.0,607.7,60770.0,2025-06-30
2025063004022941,MEN,35,6,25.0,607.0,15175.0,2025-06-30
2025063004022940,MEN,35,39,318.0,607.0,193026.0,2025-06-30
2025063001017686,MBL,22,60,267.0,221.9,59247.3,2025-06-30
2025063001017685,MBL,22,35,170.0,221.9,37723.0,2025-06-30
2025063001017684,MBL,22,4,463.0,221.5,102554.5,2025-06-30
2025063001017683,MBL,22,42,100.0,221.0,22100.0,2025-06-30
2025063003010871,NUBL,59,5,460.0,694.0,319240.0,2025-06-30
2025063001017682,CITY,39,34,10.0,820.1,8201.0,2025-06-30
2025063003010870,GRDBL,48,42,15.0,1303.4,19551.0,2025-06-30
2025063001017681,KBL,32,49,70.0,208.0,14560.0,2025-06-30
2025063001017680,KBL,16,49,170.0,208.0,35360.0,2025-06-30
2025063001017679,KBL,29,49,10.0,208.1,2081.0,2025-06-30
2025063004022939,SHPC,21,59,87.0,605.0,52635.0,2025-06-30
2025063004022938,SHPC,21,29,413.0,605.0,249865.0,2025-06-30
2025063001017678,NMIC,55,49,10.0,1640.0,16400.0,2025-06-30
2025063001017677,RFPL,21,42,67.0,577.0,38659.0,2025-06-30
2025063001017676,RFPL,32,42,81.0,577.0,46737.0,2025-06-30
2025063004022937,IGI,42,57,50.0,520.0,26000.0,2025-06-30
2025063003010869,MNBBL,42,32,160.0,356.5,57040.0,2025-06-30
2025063004022936,HPPL,42,13,10.0,520.0,5200.0,2025-06-30
2025063004022935,HPPL,42,6,10.0,519.9,5199.0,2025-06-30
2025063003010868,FMDBL,56,16,60.0,735.0,44100.0,2025-06-30
2025063003010867,FMDBL,50,16,500.0,735.0,367500.0,2025-06-30
2025063003010866,FMDBL,48,16,250.0,735.2,183800.0,2025-06-30
2025063003010865,FMDBL,6,16,75.0,735.2,55140.0,2025-06-30
2025063003010864,FMDBL,58,16,11.0,736.0,8096.0,2025-06-30
2025063005010359,NIFRA,7,16,477.0,270.4,128980.8,2025-06-30
2025063005010358,NIFRA,7,21,23.0,270.3,6216.9,2025-06-30
2025063005010357,MEL,21,57,200.0,316.1,63220.0,2025-06-30
2025063003010863,GBBL,62,35,50.0,391.0,19550.0,2025-06-30
2025063001017675,UNLB,17,41,100.0,2100.0,210000.0,2025-06-30
2025063001017674,UNLB,57,41,46.0,2100.0,96600.0,2025-06-30
2025063003010862,SKBBL,34,35,10.0,803.0,8030.0,2025-06-30
2025063001017673,SMH,34,45,10.0,820.0,8200.0,2025-06-30
2025063004022934,RADHI,17,94,133.0,779.1,103620.3,2025-06-30
2025063004022933,RADHI,21,94,100.0,779.1,77910.0,2025-06-30
2025063004022932,RADHI,52,94,100.0,780.0,78000.0,2025-06-30
2025063005010356,SAHAS,35,17,200.0,588.6,117720.0,2025-06-30
2025063005010355,SAHAS,37,17,200.0,588.6,117720.0,2025-06-30
2025063004022931,LEC,89,34,190.0,213.8,40622.0,2025-06-30
2025063005010354,SMJC,26,32,40.0,530.0,21200.0,2025-06-30
2025063005010353,STC,54,13,10.0,5050.0,50500.0,2025-06-30
2025063003010861,MSLB,14,48,40.0,1195.0,47800.0,2025-06-30
2025063001017672,TVCL,39,50,141.0,522.0,73602.0,2025-06-30
2025063001017671,TVCL,39,45,59.0,521.0,30739.0,2025-06-30
2025063004022930,CGH,89,56,10.0,957.9,9579.0,2025-06-30
2025063001017670,PRVU,45,4,19.0,206.0,3914.0,2025-06-30
2025063003010860,MFIL,4,38,20.0,583.5,11670.0,2025-06-30
2025063001017669,NIMB,32,45,25.0,213.0,5325.0,2025-06-30
2025063004022929,SHEL,35,57,100.0,286.9,28690.0,2025-06-30
2025063001017668,SNLI,64,22,12.0,464.1,5569.2,2025-06-30
2025063004022928,NICL,41,25,10.0,582.2,5822.0,2025-06-30
2025063004022927,IGI,1,28,10.0,521.0,5210.0,2025-06-30
2025063004022926,AKPL,54,55,10.0,263.0,2630.0,2025-06-30
2025063001017667,SRLI,4,34,212.0,392.0,83104.0,2025-06-30
2025063001017666,SRLI,40,34,88.0,392.0,34496.0,2025-06-30
2025063001017665,SRLI,40,34,100.0,392.1,39210.0,2025-06-30
2025063003010859,ALICL,55,49,15.0,496.0,7440.0,2025-06-30
2025063003010858,SADBL,44,21,30.0,398.0,11940.0,2025-06-30
2025063003010857,GMFIL,45,48,500.0,470.0,235000.0,2025-06-30
2025063005010352,CHDC,11,56,147.0,2561.0,376467.0,2025-06-30
2025063001017664,NWCL,58,47,10.0,860.0,8600.0,2025-06-30
2025063003010856,SLBSL,69,49,100.0,1394.0,139400.0,2025-06-30
2025063004022925,PRIN,59,92,91.0,856.1,77905.1,2025-06-30
2025063005010351,SAHAS,28,48,10.0,589.0,5890.0,2025-06-30
2025063001017663,NMIC,55,28,100.0,1640.0,164000.0,2025-06-30
2025063003010855,SKBBL,4,25,20.0,803.0,16060.0,2025-06-30
2025063005010350,NRIC,6,66,100.0,1226.5,122650.0,2025-06-30
2025063001017662,RFPL,16,5,10.0,578.4,5784.0,2025-06-30
2025063001017661,PCBL,20,42,300.0,244.5,73350.0,2025-06-30
2025063004022924,AKPL,36,17,100.0,263.0,26300.0,2025-06-30
2025063005010349,SHIVM,35,8,28.0,504.1,14114.8,2025-06-30
2025063005010348,NIFRA,1,45,50.0,270.2,13510.0,2025-06-30
2025063004022923,NHDL,38,50,130.0,683.0,88790.0,2025-06-30
2025063003010854,FOWAD,17,34,375.0,1090.0,408750.0,2025-06-30
2025063003010853,FOWAD,57,34,60.0,1090.1,65406.0,2025-06-30
2025063003010852,FOWAD,57,34,200.0,1090.2,218040.0,2025-06-30
2025063003010851,FOWAD,64,34,22.0,1091.1,24004.2,2025-06-30
2025063003010850,FOWAD,49,34,35.0,1091.2,38192.0,2025-06-30
2025063003010849,FOWAD,16,34,100.0,1091.3,109130.0,2025-06-30
2025063003010848,FOWAD,64,34,50.0,1091.4,54570.0,2025-06-30
2025063003010847,FOWAD,58,34,10.0,1093.0,10930.0,2025-06-30
2025063003010846,FOWAD,39,34,200.0,1093.0,218600.0,2025-06-30
2025063003010845,FOWAD,59,34,20.0,1095.0,21900.0,2025-06-30
2025063003010844,FOWAD,56,34,10.0,1097.0,10970.0,2025-06-30
2025063003010843,FOWAD,22,34,51.0,1097.1,55952.1,2025-06-30
2025063003010842,FOWAD,56,34,10.0,1097.1,10971.0,2025-06-30
2025063003010841,FOWAD,42,34,100.0,1098.0,109800.0,2025-06-30
2025063003010840,FOWAD,49,34,12.0,1098.2,13178.4,2025-06-30
2025063003010839,FOWAD,58,34,10.0,1098.3,10983.0,2025-06-30
2025063003010838,FOWAD,35,34,398.0,1099.0,437402.0,2025-06-30
2025063003010837,FOWAD,48,34,71.0,1099.1,78036.1,2025-06-30
2025063003010836,FOWAD,16,34,20.0,1099.1,21982.0,2025-06-30
2025063003010835,FOWAD,7,34,100.0,1099.2,109920.0,2025-06-30
2025063005010347,HATHY,38,58,30.0,1193.0,35790.0,2025-06-30
2025063005010346,HATHY,35,58,25.0,1193.0,29825.0,2025-06-30
2025063005010345,HATHY,58,58,300.0,1193.0,357900.0,2025-06-30
2025063001017660,IHL,43,36,10.0,529.9,5299.0,2025-06-30
2025063004022922,HDHPC,48,48,15.0,196.8,2952.0,2025-06-30
2025063001017659,HHL,6,41,50.0,383.0,19150.0,2025-06-30
2025063001017658,OMPL,58,95,10.0,1360.0,13600.0,2025-06-30
2025063005010344,RNLI,48,62,100.0,441.0,44100.0,2025-06-30
2025063001017657,NYADI,58,62,20.0,433.8,8676.0,2025-06-30
2025063001017656,TAMOR,85,83,410.0,513.5,210535.0,2025-06-30
2025063001017655,TAMOR,51,83,90.0,514.0,46260.0,2025-06-30
2025063001017654,OMPL,58,95,70.0,1360.0,95200.0,2025-06-30
2025063004022921,UMHL,38,13,99.0,555.0,54945.0,2025-06-30
2025063003010834,SAPDBL,72,46,10.0,1105.0,11050.0,2025-06-30
2025063004022920,NHPC,53,42,78.0,211.9,16528.2,2025-06-30
2025063005010343,HIDCL,11,58,127.0,284.1,36080.7,2025-06-30
2025063005010342,HIDCL,58,58,350.0,284.1,99435.0,2025-06-30
2025063005010341,HIDCL,54,58,351.0,284.1,99719.1,2025-06-30
2025063003010833,GRDBL,43,53,62.0,1300.1,80606.2,2025-06-30
2025063004022919,NGPL,91,38,325.0,394.9,128342.5,2025-06-30
2025063004022918,NGPL,91,43,265.0,394.9,104648.5,2025-06-30
2025063004022917,SHEL,42,59,400.0,287.0,114800.0,2025-06-30
2025063004022916,SHPC,63,82,500.0,604.0,302000.0,2025-06-30
2025063004022915,HURJA,46,44,250.0,253.5,63375.0,2025-06-30
2025063001017653,LSL,44,17,31.0,217.0,6727.0,2025-06-30
2025063001017652,LSL,44,42,69.0,217.0,14973.0,2025-06-30
2025063004022914,DHPL,59,50,100.0,326.9,32690.0,2025-06-30
2025063005010340,SAHAS,37,58,31.0,588.6,18246.6,2025-06-30
2025063005010339,SAHAS,58,58,10.0,588.9,5889.0,2025-06-30
2025063004022913,PMHPL,99,57,700.0,399.0,279300.0,2025-06-30
2025063004022912,PMHPL,99,45,300.0,399.0,119700.0,2025-06-30
2025063004022911,API,55,16,280.0,290.4,81312.0,2025-06-30
2025063004022910,API,41,16,20.0,290.5,5810.0,2025-06-30
2025063003010832,WNLB,42,21,10.0,2119.9,21199.0,2025-06-30
2025063004022909,BPCL,45,29,42.0,836.0,35112.0,2025-06-30
2025063003010831,KSBBL,19,32,50.0,453.0,22650.0,2025-06-30
2025063003010830,KSBBL,58,32,24.0,453.0,10872.0,2025-06-30
2025063001017651,MKCL,56,19,10.0,1475.4,14754.0,2025-06-30
2025063001017650,MKCL,56,17,10.0,1474.0,14740.0,2025-06-30
2025063001017649,MKCL,56,58,10.0,1473.0,14730.0,2025-06-30
2025063005010338,CLI,72,97,1.0,455.3,455.3,2025-06-30
2025063001017648,CREST,83,58,10.0,1361.0,13610.0,2025-06-30
2025063004022908,JOSHI,60,41,200.0,327.0,65400.0,2025-06-30
2025063001017647,JBLB,13,11,13.0,1316.0,17108.0,2025-06-30
2025063001017646,RFPL,32,6,119.0,577.0,68663.0,2025-06-30
2025063001017645,RFPL,96,6,100.0,577.0,57700.0,2025-06-30
2025063001017644,RFPL,29,6,50.0,577.1,28855.0,2025-06-30
2025063001017643,RFPL,41,6,100.0,578.0,57800.0,2025-06-30
2025063001017642,RFPL,11,6,100.0,578.0,57800.0,2025-06-30
2025063001017641,RFPL,49,6,10.0,578.3,5783.0,2025-06-30
2025063001017640,RFPL,49,6,51.0,578.3,29493.3,2025-06-30
2025063001017639,RFPL,56,6,100.0,578.4,57840.0,2025-06-30
2025063005010337,MMF1,58,18,200.0,8.96,1792.0,2025-06-30
2025063001017638,GMLI,55,33,40.0,2231.0,89240.0,2025-06-30
2025063003010829,SINDU,41,55,10.0,818.0,8180.0,2025-06-30
2025063003010828,PFL,88,36,10.0,398.0,3980.0,2025-06-30
2025063003010827,NUBL,59,50,40.0,694.0,27760.0,2025-06-30
2025063003010826,NUBL,7,50,10.0,694.0,6940.0,2025-06-30
2025063003010825,NUBL,58,50,30.0,694.5,20835.0,2025-06-30
2025063003010824,GRDBL,4,53,20.0,1300.1,26002.0,2025-06-30
2025063001017637,KBL,57,80,625.0,208.5,130312.5,2025-06-30
2025063005010336,SHIVM,1,26,200.0,504.0,100800.0,2025-06-30
2025063005010335,SHIVM,38,26,10.0,504.0,5040.0,2025-06-30
2025063005010334,SHIVM,17,26,10.0,504.0,5040.0,2025-06-30
2025063005010333,SHIVM,13,26,460.0,504.1,231886.0,2025-06-30
2025063005010332,SHIVM,28,26,220.0,504.1,110902.0,2025-06-30
2025063004022907,PPCL,48,7,342.0,378.0,129276.0,2025-06-30
2025063004022906,PPCL,59,7,200.0,378.1,75620.0,2025-06-30
2025063003010823,CBBL,38,57,41.0,904.5,37084.5,2025-06-30
2025063004022905,SPDL,42,19,2200.0,408.0,897600.0,2025-06-30
2025063001017636,NMB,50,28,500.0,245.0,122500.0,2025-06-30
2025063001017635,NMB,50,42,425.0,245.0,104125.0,2025-06-30
2025063001017634,NMB,50,21,194.0,245.0,47530.0,2025-06-30
2025063001017633,NMB,50,49,500.0,245.0,122500.0,2025-06-30
2025063001017632,NMB,50,35,127.0,245.0,31115.0,2025-06-30
2025063001017631,NMB,50,42,10.0,245.0,2450.0,2025-06-30
2025063001017630,NMB,50,58,25.0,245.0,6125.0,2025-06-30
2025063001017629,NMB,50,51,1000.0,245.0,245000.0,2025-06-30
2025063001017628,NMB,50,26,14.0,245.0,3430.0,2025-06-30
2025063001017627,NMB,50,64,10.0,245.0,2450.0,2025-06-30
2025063001017626,NMB,50,22,573.0,245.0,140385.0,2025-06-30
2025063001017625,NMB,50,17,837.0,245.0,205065.0,2025-06-30
2025063001017624,NMB,50,14,300.0,244.9,73470.0,2025-06-30
2025063001017623,NMB,50,6,1000.0,244.5,244500.0,2025-06-30
2025063001017622,NMB,50,85,1150.0,244.5,281175.0,2025-06-30
2025063001017621,NMB,50,42,10.0,244.5,2445.0,2025-06-30
2025063001017620,NMB,50,16,100.0,244.0,24400.0,2025-06-30
2025063001017619,NMB,50,16,100.0,244.0,24400.0,2025-06-30
2025063001017618,NMB,50,5,200.0,244.0,48800.0,2025-06-30
2025063001017617,NMB,50,28,500.0,244.0,122000.0,2025-06-30
2025063001017616,NMB,50,42,10.0,244.0,2440.0,2025-06-30
2025063001017615,NMB,50,42,10.0,244.0,2440.0,2025-06-30
2025063001017614,NMB,50,52,400.0,244.0,97600.0,2025-06-30
2025063001017613,NMB,50,13,168.0,244.0,40992.0,2025-06-30
