transaction,symbol,buyer,seller,quantity,rate,amount,date
2025012103014286,GRDBL,72,92,100.0,1273.9,127390.0,2025-01-21
2025012104013327,UMRH,13,70,10.0,652.0,6520.0,2025-01-21
2025012101024849,MKCL,13,41,10.0,1564.0,15640.0,2025-01-21
2025012103014285,NABBC,51,55,11.0,1130.0,12430.0,2025-01-21
2025012101024848,BEDC,55,81,370.0,740.0,273800.0,2025-01-21
2025012101024847,BEDC,45,81,100.0,740.0,74000.0,2025-01-21
2025012101024846,BEDC,45,81,10.0,740.0,7400.0,2025-01-21
2025012101024845,BEDC,59,81,200.0,740.0,148000.0,2025-01-21
2025012101024844,BEDC,59,81,100.0,740.1,74010.0,2025-01-21
2025012103014284,SINDU,43,87,12.0,1030.1,12361.2,2025-01-21
2025012101024843,DOLTI,41,45,252.0,841.0,211932.0,2025-01-21
2025012101024842,DOLTI,45,45,49.0,841.0,41209.0,2025-01-21
2025012101024841,DOLTI,58,45,10.0,842.0,8420.0,2025-01-21
2025012101024840,DOLTI,58,45,200.0,842.0,168400.0,2025-01-21
2025012101024839,DOLTI,39,45,80.0,842.0,67360.0,2025-01-21
2025012101024838,DOLTI,13,45,150.0,842.1,126315.0,2025-01-21
2025012101024837,DOLTI,90,45,40.0,842.2,33688.0,2025-01-21
2025012101024836,DOLTI,11,45,160.0,843.0,134880.0,2025-01-21
2025012101024835,DOLTI,57,45,59.0,843.1,49742.9,2025-01-21
2025012104013326,RIDI,45,38,500.0,224.5,112250.0,2025-01-21
2025012105017378,RNLI,16,22,10.0,524.9,5249.0,2025-01-21
2025012105017377,MEL,32,1,10.0,356.0,3560.0,2025-01-21
2025012101024834,SMHL,65,42,525.0,1281.0,672525.0,2025-01-21
2025012101024833,MCHL,42,42,10.0,639.0,6390.0,2025-01-21
2025012103014283,SMPDA,42,50,10.0,929.0,9290.0,2025-01-21
2025012104013325,HDHPC,42,42,31.0,194.0,6014.0,2025-01-21
2025012104013324,HDHPC,22,42,30.0,194.0,5820.0,2025-01-21
2025012104013323,HDHPC,58,42,100.0,194.0,19400.0,2025-01-21
2025012104013322,HDHPC,35,42,50.0,194.0,9700.0,2025-01-21
2025012104013321,HDHPC,38,42,39.0,194.0,7566.0,2025-01-21
2025012103014282,SINDU,72,52,5100.0,1030.0,5253000.0,2025-01-21
2025012104013320,HDHPC,1,42,750.0,194.2,145650.0,2025-01-21
2025012103014281,JFL,5,43,10.0,516.0,5160.0,2025-01-21
2025012101024832,USHEC,6,77,10.0,680.0,6800.0,2025-01-21
2025012101024831,DOLTI,19,64,50.0,845.0,42250.0,2025-01-21
2025012105017376,GCIL,39,8,469.0,512.0,240128.0,2025-01-21
2025012105017375,GCIL,39,5,11.0,512.0,5632.0,2025-01-21
2025012105017374,GCIL,39,58,20.0,511.9,10238.0,2025-01-21
2025012103014280,GFCL,39,8,41.0,717.0,29397.0,2025-01-21
2025012103014279,GFCL,39,58,249.0,717.0,178533.0,2025-01-21
2025012103014278,GFCL,39,48,180.0,716.9,129042.0,2025-01-21
2025012103014277,GFCL,39,6,30.0,716.8,21504.0,2025-01-21
2025012104013319,SHPC,14,84,10.0,471.0,4710.0,2025-01-21
2025012105017373,SMJC,48,18,210.0,569.0,119490.0,2025-01-21
2025012105017372,SMJC,48,4,210.0,568.0,119280.0,2025-01-21
2025012105017371,SMJC,48,70,70.0,568.0,39760.0,2025-01-21
2025012105017370,SMJC,48,7,10.0,568.0,5680.0,2025-01-21
2025012104013318,RADHI,88,63,22.0,348.9,7675.8,2025-01-21
2025012104013317,RADHI,88,37,68.0,347.5,23630.0,2025-01-21
2025012104013316,RADHI,88,34,20.0,347.5,6950.0,2025-01-21
2025012104013315,API,35,48,300.0,265.0,79500.0,2025-01-21
2025012101024830,MLBS,43,14,10.0,2168.0,21680.0,2025-01-21
2025012104013314,UMRH,69,70,10.0,652.0,6520.0,2025-01-21
2025012104013313,MEN,50,57,10.0,596.0,5960.0,2025-01-21
2025012104013312,AKPL,50,56,10.0,233.9,2339.0,2025-01-21
2025012101024829,SBL,50,57,50.0,277.9,13895.0,2025-01-21
2025012105017369,MBJC,8,25,90.0,357.0,32130.0,2025-01-21
2025012105017368,MBJC,8,17,10.0,357.0,3570.0,2025-01-21
2025012103014276,SMB,17,71,32.0,2617.2,83750.4,2025-01-21
2025012103014275,SMB,22,71,18.0,2618.0,47124.0,2025-01-21
2025012104013311,SSHL,50,32,100.0,225.9,22590.0,2025-01-21
2025012103014274,GRDBL,72,71,350.0,1273.9,445865.0,2025-01-21
2025012101024828,EHPL,71,36,20.0,795.0,15900.0,2025-01-21
2025012103014273,MDB,53,7,36.0,625.0,22500.0,2025-01-21
2025012103014272,MDB,34,7,190.0,625.0,118750.0,2025-01-21
2025012103014271,MDB,50,7,124.0,625.1,77512.4,2025-01-21
2025012103014270,MDB,57,7,150.0,625.2,93780.0,2025-01-21
2025012101024827,SPHL,72,99,10.0,850.0,8500.0,2025-01-21
2025012104013310,PPCL,49,26,50.0,295.3,14765.0,2025-01-21
2025012104013309,PPCL,22,26,50.0,295.5,14775.0,2025-01-21
2025012105017367,HRL,47,54,200.0,838.0,167600.0,2025-01-21
2025012101024826,MKCL,56,41,10.0,1564.0,15640.0,2025-01-21
2025012101024825,SPHL,56,99,10.0,850.0,8500.0,2025-01-21
2025012105017366,HRL,47,34,31.0,838.0,25978.0,2025-01-21
2025012105017365,NRM,34,45,10.0,510.2,5102.0,2025-01-21
2025012104013308,SHEL,49,52,10.0,249.4,2494.0,2025-01-21
2025012101024824,RHGCL,87,33,10.0,622.0,6220.0,2025-01-21
2025012101024823,DLBS,33,57,10.0,1849.4,18494.0,2025-01-21
2025012105017364,KEF,49,51,100.0,9.37,937.0,2025-01-21
2025012105017363,KEF,49,42,200.0,9.19,1838.0,2025-01-21
2025012101024822,TPC,70,39,10.0,575.8,5758.0,2025-01-21
2025012101024821,IHL,21,58,54.0,730.0,39420.0,2025-01-21
2025012101024820,IHL,21,43,10.0,730.0,7300.0,2025-01-21
2025012101024819,IHL,21,81,36.0,730.0,26280.0,2025-01-21
2025012103014269,NABBC,17,86,110.0,1140.0,125400.0,2025-01-21
2025012103014268,MFIL,35,18,10.0,629.9,6299.0,2025-01-21
2025012101024818,USHEC,32,25,10.0,678.0,6780.0,2025-01-21
2025012101024817,DLBS,13,57,35.0,1819.0,63665.0,2025-01-21
2025012101024816,DLBS,57,57,10.0,1820.0,18200.0,2025-01-21
2025012101024815,SMHL,28,35,94.0,1306.0,122764.0,2025-01-21
2025012101024814,SMHL,28,37,50.0,1305.7,65285.0,2025-01-21
2025012101024813,SMHL,28,6,100.0,1305.7,130570.0,2025-01-21
2025012101024812,SMHL,28,19,40.0,1305.7,52228.0,2025-01-21
2025012101024811,SMHL,28,62,100.0,1305.6,130560.0,2025-01-21
2025012101024810,SMHL,28,46,43.0,1300.0,55900.0,2025-01-21
2025012101024809,SMHL,28,51,10.0,1300.0,13000.0,2025-01-21
2025012101024808,SMHL,28,58,10.0,1300.0,13000.0,2025-01-21
2025012101024807,SMHL,28,48,10.0,1300.0,13000.0,2025-01-21
2025012101024806,SMHL,28,62,200.0,1300.0,260000.0,2025-01-21
2025012101024805,SMHL,28,34,500.0,1300.0,650000.0,2025-01-21
2025012101024804,SMHL,28,77,10.0,1300.0,13000.0,2025-01-21
2025012101024803,SMHL,28,6,100.0,1299.4,129940.0,2025-01-21
2025012101024802,SMHL,28,36,23.0,1299.0,29877.0,2025-01-21
2025012101024801,SMHL,28,58,10.0,1299.0,12990.0,2025-01-21
2025012101024800,SMHL,28,6,90.0,1297.4,116766.0,2025-01-21
2025012101024799,SMHL,28,21,30.0,1295.0,38850.0,2025-01-21
2025012101024798,SMHL,28,16,10.0,1295.0,12950.0,2025-01-21
2025012101024797,SMHL,28,48,10.0,1295.0,12950.0,2025-01-21
2025012101024796,SMHL,28,47,10.0,1295.0,12950.0,2025-01-21
2025012101024795,SMHL,28,3,50.0,1295.0,64750.0,2025-01-21
2025012103014267,GLBSL,38,36,10.0,2380.0,23800.0,2025-01-21
2025012103014266,RLFL,74,11,10.0,530.0,5300.0,2025-01-21
2025012101024794,HIDCLP,32,64,200.0,161.5,32300.0,2025-01-21
2025012104013307,MEN,32,57,10.0,596.0,5960.0,2025-01-21
2025012104013306,NHDL,88,22,200.0,891.0,178200.0,2025-01-21
2025012101024793,MHL,66,62,200.0,1006.5,201300.0,2025-01-21
2025012101024792,MHL,66,64,60.0,1006.5,60390.0,2025-01-21
2025012101024791,MHL,66,75,35.0,1006.5,35227.5,2025-01-21
2025012101024790,MHL,66,45,179.0,1006.0,180074.0,2025-01-21
2025012101024789,MHL,66,25,300.0,1006.0,301800.0,2025-01-21
2025012101024788,MHL,66,26,200.0,1006.0,201200.0,2025-01-21
2025012101024787,MHL,66,45,200.0,1005.0,201000.0,2025-01-21
2025012101024786,MHL,66,67,500.0,1000.0,500000.0,2025-01-21
2025012101024785,MHL,66,56,1000.0,1000.0,1000000.0,2025-01-21
2025012101024784,MHL,66,67,950.0,997.0,947150.0,2025-01-21
2025012101024783,MHL,66,66,400.0,987.0,394800.0,2025-01-21
2025012101024782,MHL,66,66,9990.0,986.4,9854136.0,2025-01-21
2025012101024781,MHL,66,75,460.0,938.4,431664.0,2025-01-21
2025012101024780,MHL,66,49,10.0,938.4,9384.0,2025-01-21
2025012101024779,MHL,66,70,42.0,938.4,39412.8,2025-01-21
2025012101024778,MHL,66,21,10.0,938.4,9384.0,2025-01-21
2025012101024777,MHL,66,64,90.0,938.4,84456.0,2025-01-21
2025012101024776,MHL,66,43,100.0,938.3,93830.0,2025-01-21
2025012101024775,MHL,66,34,50.0,938.0,46900.0,2025-01-21
2025012101024774,MHL,66,56,10.0,938.0,9380.0,2025-01-21
2025012101024773,MHL,66,14,10.0,936.3,9363.0,2025-01-21
2025012101024772,MHL,66,14,10.0,936.3,9363.0,2025-01-21
2025012101024771,MHL,66,38,10.0,936.0,9360.0,2025-01-21
2025012101024770,MHL,66,26,10.0,936.0,9360.0,2025-01-21
2025012101024769,MHL,66,66,50.0,936.0,46800.0,2025-01-21
2025012101024768,MHL,66,52,10.0,935.0,9350.0,2025-01-21
2025012101024767,MHL,66,43,380.0,933.3,354654.0,2025-01-21
2025012101024766,MHL,66,35,30.0,933.3,27999.0,2025-01-21
2025012101024765,MHL,66,49,10.0,933.1,9331.0,2025-01-21
2025012101024764,MHL,66,71,140.0,933.0,130620.0,2025-01-21
2025012101024763,MHL,66,49,130.0,933.0,121290.0,2025-01-21
2025012101024762,MHL,66,42,10.0,933.0,9330.0,2025-01-21
2025012101024761,MHL,66,51,200.0,933.0,186600.0,2025-01-21
2025012101024760,MHL,66,6,450.0,933.0,419850.0,2025-01-21
2025012101024759,MHL,66,21,60.0,931.8,55908.0,2025-01-21
2025012101024758,MHL,66,49,10.0,931.0,9310.0,2025-01-21
2025012101024757,MHL,66,57,10.0,931.0,9310.0,2025-01-21
2025012101024756,MHL,66,42,10.0,930.0,9300.0,2025-01-21
2025012101024755,MHL,66,58,10.0,930.0,9300.0,2025-01-21
2025012101024754,MHL,66,32,10.0,930.0,9300.0,2025-01-21
2025012101024753,MHL,66,59,10.0,930.0,9300.0,2025-01-21
2025012101024752,MHL,66,42,10.0,929.2,9292.0,2025-01-21
2025012101024751,MHL,66,25,10.0,929.0,9290.0,2025-01-21
2025012101024750,MHL,66,46,10.0,929.0,9290.0,2025-01-21
2025012101024749,MHL,66,74,100.0,928.0,92800.0,2025-01-21
2025012101024748,MHL,66,49,69.0,928.0,64032.0,2025-01-21
2025012101024747,MHL,66,54,10.0,925.0,9250.0,2025-01-21
2025012101024746,MHL,66,81,10.0,925.0,9250.0,2025-01-21
2025012101024745,MHL,66,34,150.0,924.4,138660.0,2025-01-21
2025012101024744,MHL,66,14,20.0,924.1,18482.0,2025-01-21
2025012101024743,MHL,66,14,10.0,924.1,9241.0,2025-01-21
2025012101024742,MHL,66,29,200.0,924.0,184800.0,2025-01-21
2025012101024741,MHL,66,4,10.0,922.0,9220.0,2025-01-21
2025012101024740,MHL,66,42,10.0,922.0,9220.0,2025-01-21
2025012101024739,MHL,66,38,10.0,920.0,9200.0,2025-01-21
2025012101024738,MHL,66,50,10.0,920.0,9200.0,2025-01-21
2025012101024737,MHL,66,51,10.0,920.0,9200.0,2025-01-21
2025012101024736,MHL,66,29,10.0,919.0,9190.0,2025-01-21
2025012101024735,MHL,66,22,60.0,918.0,55080.0,2025-01-21
2025012101024734,MHL,66,14,10.0,916.0,9160.0,2025-01-21
2025012103014265,GFCL,42,41,46.0,716.2,32945.2,2025-01-21
2025012105017362,SONA,13,38,40.0,475.0,19000.0,2025-01-21
2025012105017361,SONA,13,53,10.0,475.0,4750.0,2025-01-21
2025012103014264,FMDBL,50,13,80.0,715.0,57200.0,2025-01-21
2025012103014263,NABBC,20,13,430.0,1115.0,479450.0,2025-01-21
2025012103014262,NABBC,45,13,20.0,1115.0,22300.0,2025-01-21
2025012103014261,NABBC,4,13,50.0,1115.0,55750.0,2025-01-21
2025012103014260,NABBC,44,13,100.0,1116.0,111600.0,2025-01-21
2025012103014259,NABBC,85,13,100.0,1116.1,111610.0,2025-01-21
2025012103014258,NABBC,17,13,500.0,1122.6,561300.0,2025-01-21
2025012103014257,NABBC,56,13,100.0,1122.7,112270.0,2025-01-21
2025012103014256,NABBC,22,13,50.0,1125.0,56250.0,2025-01-21
2025012103014255,NABBC,28,13,480.0,1127.0,540960.0,2025-01-21
2025012103014254,NABBC,21,13,170.0,1128.0,191760.0,2025-01-21
2025012103014253,GRDBL,72,60,445.0,1273.9,566885.5,2025-01-21
2025012104013305,HPPL,59,7,500.0,514.0,257000.0,2025-01-21
2025012103014252,SFCL,80,54,20.0,575.0,11500.0,2025-01-21
2025012104013304,SHPC,45,84,460.0,471.0,216660.0,2025-01-21
2025012104013303,SHPC,45,59,80.0,470.8,37664.0,2025-01-21
2025012104013302,SHPC,45,44,100.0,470.8,47080.0,2025-01-21
2025012104013301,SHPC,45,45,60.0,470.5,28230.0,2025-01-21
2025012101024733,BEDC,47,45,100.0,741.9,74190.0,2025-01-21
2025012101024732,BEDC,26,45,10.0,741.9,7419.0,2025-01-21
2025012101024731,BEDC,14,45,200.0,743.0,148600.0,2025-01-21
2025012101024730,BEDC,33,45,687.0,744.5,511471.5,2025-01-21
2025012104013300,RURU,22,45,20.0,731.2,14624.0,2025-01-21
2025012101024729,TVCL,45,6,50.0,583.7,29185.0,2025-01-21
2025012103014251,HLI,62,43,10.0,466.9,4669.0,2025-01-21
2025012103014250,ALICL,62,1,10.0,733.5,7335.0,2025-01-21
2025012101024728,NESDO,69,62,10.0,2231.0,22310.0,2025-01-21
2025012104013299,RURU,62,35,10.0,739.0,7390.0,2025-01-21
2025012103014249,WNLB,62,82,10.0,2841.0,28410.0,2025-01-21
2025012105017360,NRN,77,29,10.0,1172.0,11720.0,2025-01-21
2025012104013298,HDHPC,1,57,250.0,194.1,48525.0,2025-01-21
2025012104013297,RIDI,42,38,10.0,224.5,2245.0,2025-01-21
2025012101024727,PPL,19,42,2940.0,600.0,1764000.0,2025-01-21
2025012101024726,PPL,25,42,70.0,600.1,42007.0,2025-01-21
2025012103014248,LBBL,42,25,10.0,449.9,4499.0,2025-01-21
2025012101024725,RFPL,3,42,10.0,1209.0,12090.0,2025-01-21
2025012101024724,EHPL,42,36,10.0,795.0,7950.0,2025-01-21
2025012101024723,SPC,58,1,65.0,566.9,36848.5,2025-01-21
2025012101024722,SPC,58,42,25.0,566.8,14170.0,2025-01-21
2025012101024721,SPC,58,34,10.0,566.8,5668.0,2025-01-21
2025012103014247,JFL,80,53,15.0,515.7,7735.5,2025-01-21
2025012101024720,MAKAR,53,33,10.0,673.0,6730.0,2025-01-21
2025012105017359,SMJC,46,7,10.0,568.0,5680.0,2025-01-21
2025012101024719,CYCL,48,53,50.0,1524.0,76200.0,2025-01-21
2025012101024718,SCB,14,17,190.0,680.0,129200.0,2025-01-21
2025012101024717,SCB,14,17,20.0,680.0,13600.0,2025-01-21
2025012101024716,SCB,14,13,23.0,680.0,15640.0,2025-01-21
2025012101024715,SCB,14,39,28.0,680.0,19040.0,2025-01-21
2025012101024714,MEHL,19,14,264.0,530.0,139920.0,2025-01-21
2025012101024713,MEHL,32,14,50.0,530.0,26500.0,2025-01-21
2025012101024712,MEHL,57,14,10.0,530.0,5300.0,2025-01-21
2025012101024711,MEHL,52,14,240.0,530.0,127200.0,2025-01-21
2025012103014246,SJLIC,71,55,20.0,451.0,9020.0,2025-01-21
2025012101024710,SARBTM,60,26,29.0,785.1,22767.9,2025-01-21
2025012101024709,SARBTM,55,26,32.0,785.1,25123.2,2025-01-21
2025012101024708,SARBTM,49,26,500.0,785.2,392600.0,2025-01-21
2025012101024707,SARBTM,48,26,200.0,785.3,157060.0,2025-01-21
2025012101024706,SARBTM,5,26,30.0,786.0,23580.0,2025-01-21
2025012101024705,SARBTM,39,26,50.0,786.0,39300.0,2025-01-21
2025012101024704,SARBTM,34,26,25.0,786.0,19650.0,2025-01-21
2025012101024703,SARBTM,45,26,300.0,786.0,235800.0,2025-01-21
2025012101024702,SARBTM,19,26,113.0,786.0,88818.0,2025-01-21
2025012104013296,CHL,39,4,908.0,450.0,408600.0,2025-01-21
2025012104013295,CHL,39,4,1000.0,450.0,450000.0,2025-01-21
2025012104013294,CHL,39,4,1000.0,450.0,450000.0,2025-01-21
2025012104013293,CHL,17,4,50.0,450.0,22500.0,2025-01-21
2025012104013292,CHL,32,4,210.0,450.1,94521.0,2025-01-21
2025012103014245,SINDU,72,55,5370.0,1030.0,5531100.0,2025-01-21
2025012103014244,SINDU,22,55,10.0,1030.1,10301.0,2025-01-21
2025012103014243,SINDU,88,55,10.0,1030.1,10301.0,2025-01-21
2025012103014242,SINDU,49,55,300.0,1030.1,309030.0,2025-01-21
2025012103014241,SINDU,8,55,10.0,1030.1,10301.0,2025-01-21
2025012101024701,PPL,63,29,10.0,605.0,6050.0,2025-01-21
2025012101024700,BEDC,33,34,20.0,744.5,14890.0,2025-01-21
2025012101024699,RHGCL,34,33,62.0,622.0,38564.0,2025-01-21
2025012101024698,RHGCL,34,39,315.0,620.0,195300.0,2025-01-21
2025012101024697,RHGCL,34,57,100.0,620.0,62000.0,2025-01-21
2025012101024696,RHGCL,34,21,500.0,620.0,310000.0,2025-01-21
2025012101024695,RHGCL,34,29,23.0,619.0,14237.0,2025-01-21
2025012101024694,TAMOR,44,49,30.0,570.0,17100.0,2025-01-21
2025012101024693,TAMOR,44,29,10.0,570.0,5700.0,2025-01-21
2025012101024692,TAMOR,44,6,10.0,570.0,5700.0,2025-01-21
2025012103014240,GRDBL,72,34,100.0,1273.9,127390.0,2025-01-21
2025012103014239,ALBSL,34,6,45.0,832.0,37440.0,2025-01-21
2025012103014238,ALBSL,34,4,11.0,830.0,9130.0,2025-01-21
2025012103014237,ALBSL,34,72,19.0,830.0,15770.0,2025-01-21
2025012103014236,ALBSL,34,36,22.0,830.0,18260.0,2025-01-21
2025012103014235,ALBSL,34,53,10.0,829.9,8299.0,2025-01-21
2025012103014234,ALBSL,34,47,11.0,826.0,9086.0,2025-01-21
2025012103014233,ALBSL,34,41,11.0,826.0,9086.0,2025-01-21
2025012103014232,ALBSL,34,22,360.0,825.5,297180.0,2025-01-21
2025012103014231,ALBSL,34,48,13.0,825.4,10730.2,2025-01-21
2025012103014230,ALBSL,34,13,50.0,825.4,41270.0,2025-01-21
2025012103014229,ALBSL,34,59,98.0,825.4,80889.2,2025-01-21
2025012103014228,ALBSL,34,35,225.0,825.3,185692.5,2025-01-21
2025012103014227,ALBSL,34,84,50.0,825.0,41250.0,2025-01-21
2025012103014226,ALBSL,34,48,65.0,825.0,53625.0,2025-01-21
2025012103014225,ALBSL,34,19,10.0,825.0,8250.0,2025-01-21
2025012104013291,NLG,55,49,100.0,1084.0,108400.0,2025-01-21
2025012105017358,MEL,40,70,186.0,357.0,66402.0,2025-01-21
2025012101024691,NICA,47,57,200.0,359.0,71800.0,2025-01-21
2025012101024690,NICA,47,62,150.0,359.0,53850.0,2025-01-21
2025012101024689,NICA,47,26,50.0,359.0,17950.0,2025-01-21
2025012101024688,NICA,47,41,80.0,359.0,28720.0,2025-01-21
2025012105017357,PHCL,32,21,124.0,576.0,71424.0,2025-01-21
2025012105017356,PHCL,60,21,376.0,576.0,216576.0,2025-01-21
2025012104013290,HPPL,47,10,200.0,512.2,102440.0,2025-01-21
2025012101024687,MLBS,25,46,10.0,2209.0,22090.0,2025-01-21
2025012105017355,NRIC,55,7,500.0,870.9,435450.0,2025-01-21
2025012104013289,KKHC,7,44,10.0,378.0,3780.0,2025-01-21
2025012101024686,DOLTI,28,64,10.0,845.0,8450.0,2025-01-21
2025012101024685,DOLTI,28,64,10.0,845.0,8450.0,2025-01-21
2025012103014224,NABBC,28,86,71.0,1140.0,80940.0,2025-01-21
2025012103014223,NABBC,28,34,109.0,1139.0,124151.0,2025-01-21
2025012103014222,NABBC,28,43,150.0,1139.0,170850.0,2025-01-21
2025012103014221,NABBC,28,38,50.0,1138.0,56900.0,2025-01-21
2025012103014220,NABBC,28,45,20.0,1131.0,22620.0,2025-01-21
2025012104013288,API,74,59,246.0,266.0,65436.0,2025-01-21
2025012104013287,API,74,58,421.0,266.0,111986.0,2025-01-21
2025012104013286,API,74,17,100.0,266.0,26600.0,2025-01-21
2025012104013285,API,74,58,20.0,266.0,5320.0,2025-01-21
2025012104013284,API,74,14,126.0,266.0,33516.0,2025-01-21
2025012104013283,API,74,57,330.0,266.0,87780.0,2025-01-21
2025012104013282,API,74,11,100.0,266.0,26600.0,2025-01-21
2025012104013281,API,74,25,57.0,266.0,15162.0,2025-01-21
2025012104013280,API,74,1,100.0,265.6,26560.0,2025-01-21
2025012101024684,NABIL,38,22,100.0,483.4,48340.0,2025-01-21
2025012101024683,GBIME,32,1,30.0,219.0,6570.0,2025-01-21
2025012104013279,SGIC,34,32,495.0,691.1,342094.5,2025-01-21
2025012104013278,SGIC,49,32,10.0,691.3,6913.0,2025-01-21
2025012104013277,SGIC,49,32,30.0,691.4,20742.0,2025-01-21
2025012104013276,SGIC,14,32,115.0,691.6,79534.0,2025-01-21
2025012104013275,SGIC,33,32,130.0,691.7,89921.0,2025-01-21
2025012104013274,SGIC,53,32,150.0,693.0,103950.0,2025-01-21
2025012104013273,TRH,22,32,280.0,1152.1,322588.0,2025-01-21
2025012104013272,UMHL,44,22,77.0,336.5,25910.5,2025-01-21
2025012104013271,UMHL,51,22,100.0,336.5,33650.0,2025-01-21
2025012104013270,UMHL,32,22,100.0,336.7,33670.0,2025-01-21
2025012101024682,BHPL,92,34,50.0,1133.0,56650.0,2025-01-21
2025012105017354,GCIL,13,29,11.0,511.5,5626.5,2025-01-21
2025012105017353,GCIL,13,51,10.0,511.0,5110.0,2025-01-21
2025012105017352,GCIL,13,57,11.0,511.0,5621.0,2025-01-21
2025012105017351,GCIL,13,45,11.0,511.0,5621.0,2025-01-21
2025012101024681,UNLB,60,57,53.0,2692.0,142676.0,2025-01-21
2025012101024680,UNLB,60,45,15.0,2690.0,40350.0,2025-01-21
2025012101024679,UNLB,60,45,30.0,2690.0,80700.0,2025-01-21
2025012101024678,UNLB,60,17,50.0,2689.0,134450.0,2025-01-21
2025012101024677,UNLB,60,47,10.0,2689.0,26890.0,2025-01-21
2025012101024676,UNLB,60,22,10.0,2688.0,26880.0,2025-01-21
2025012101024675,UNLB,60,55,82.0,2688.0,220416.0,2025-01-21
2025012101024674,MLBS,64,36,10.0,2205.0,22050.0,2025-01-21
2025012103014219,WNLB,64,82,10.0,2841.0,28410.0,2025-01-21
2025012101024673,CITY,59,48,10.0,915.0,9150.0,2025-01-21
2025012101024672,SIKLES,16,45,45.0,904.0,40680.0,2025-01-21
2025012101024671,SIKLES,16,22,10.0,903.0,9030.0,2025-01-21
2025012101024670,SIKLES,16,95,45.0,901.0,40545.0,2025-01-21
2025012104013269,BARUN,54,45,172.0,434.0,74648.0,2025-01-21
2025012101024669,RFPL,62,57,10.0,1209.9,12099.0,2025-01-21
2025012101024668,RFPL,62,62,10.0,1209.0,12090.0,2025-01-21
2025012101024667,MSHL,62,19,10.0,949.0,9490.0,2025-01-21
2025012101024666,MSHL,62,48,10.0,941.0,9410.0,2025-01-21
2025012101024665,MSHL,62,33,30.0,940.0,28200.0,2025-01-21
2025012101024664,NESDO,63,62,10.0,2231.1,22311.0,2025-01-21
2025012103014218,VLBS,32,45,20.0,812.0,16240.0,2025-01-21
2025012105017350,SMJC,45,42,120.0,566.0,67920.0,2025-01-21
2025012103014217,SAPDBL,91,35,10.0,1273.0,12730.0,2025-01-21
2025012104013268,AHPC,42,32,10.0,252.0,2520.0,2025-01-21
2025012101024663,RHGCL,52,29,50.0,619.0,30950.0,2025-01-21
2025012101024662,RHGCL,52,55,50.0,618.0,30900.0,2025-01-21
2025012105017349,MEL,58,70,10.0,357.0,3570.0,2025-01-21
2025012101024661,NYADI,58,56,10.0,600.0,6000.0,2025-01-21
2025012104013267,SGIC,53,13,350.0,693.0,242550.0,2025-01-21
2025012101024660,SGHC,88,80,31.0,561.0,17391.0,2025-01-21
2025012101024659,AHL,88,33,100.0,803.0,80300.0,2025-01-21
2025012101024658,AHL,88,44,200.0,803.0,160600.0,2025-01-21
2025012101024657,AHL,88,20,200.0,802.0,160400.0,2025-01-21
2025012101024656,AHL,88,4,10.0,802.0,8020.0,2025-01-21
2025012101024655,AHL,88,44,500.0,801.0,400500.0,2025-01-21
2025012101024654,AHL,88,6,100.0,800.0,80000.0,2025-01-21
2025012101024653,AHL,88,45,10.0,800.0,8000.0,2025-01-21
2025012101024652,AHL,88,57,39.0,799.9,31196.1,2025-01-21
2025012101024651,AHL,88,16,100.0,799.9,79990.0,2025-01-21
2025012101024650,AHL,88,45,73.0,799.0,58327.0,2025-01-21
2025012105017348,NRIC,55,48,100.0,870.9,87090.0,2025-01-21
2025012101024649,MAKAR,14,33,20.0,673.0,13460.0,2025-01-21
2025012101024648,SMH,14,34,15.0,1089.0,16335.0,2025-01-21
2025012101024647,SMH,14,80,155.0,1088.9,168779.5,2025-01-21
2025012101024646,SMH,14,48,10.0,1070.3,10703.0,2025-01-21
2025012101024645,BEDC,33,8,293.0,744.5,218138.5,2025-01-21
2025012101024644,BEDC,42,8,295.0,745.0,219775.0,2025-01-21
2025012101024643,BEDC,56,8,15.0,745.0,11175.0,2025-01-21
2025012101024642,BEDC,57,8,20.0,745.0,14900.0,2025-01-21
2025012101024641,BEDC,39,8,500.0,745.0,372500.0,2025-01-21
2025012101024640,BEDC,13,8,30.0,745.0,22350.0,2025-01-21
2025012101024639,BEDC,57,8,600.0,745.1,447060.0,2025-01-21
2025012101024638,BEDC,59,8,100.0,745.1,74510.0,2025-01-21
2025012101024637,BEDC,63,8,10.0,745.1,7451.0,2025-01-21
2025012101024636,BEDC,25,8,50.0,747.0,37350.0,2025-01-21
2025012101024635,BEDC,60,8,155.0,747.0,115785.0,2025-01-21
2025012101024634,BEDC,52,8,200.0,748.0,149600.0,2025-01-21
2025012101024633,BEDC,39,8,100.0,748.0,74800.0,2025-01-21
2025012101024632,BEDC,54,8,180.0,748.1,134658.0,2025-01-21
2025012101024631,BEDC,40,8,30.0,749.0,22470.0,2025-01-21
2025012103014216,ICFC,50,44,50.0,626.9,31345.0,2025-01-21
2025012103014215,ICFC,50,44,100.0,626.0,62600.0,2025-01-21
2025012103014214,ICFC,50,44,100.0,625.9,62590.0,2025-01-21
2025012103014213,ICFC,50,55,50.0,625.8,31290.0,2025-01-21
2025012101024630,SARBTM,19,50,160.0,786.0,125760.0,2025-01-21
2025012101024629,SARBTM,22,50,180.0,787.0,141660.0,2025-01-21
2025012101024628,SARBTM,44,50,20.0,787.9,15758.0,2025-01-21
2025012105017347,PHCL,65,34,270.0,580.0,156600.0,2025-01-21
2025012105017346,PHCL,65,45,10.0,580.0,5800.0,2025-01-21
2025012105017345,PHCL,65,51,200.0,580.0,116000.0,2025-01-21
2025012105017344,PHCL,65,35,50.0,580.0,29000.0,2025-01-21
2025012105017343,PHCL,65,41,10.0,580.0,5800.0,2025-01-21
2025012105017342,PHCL,65,4,10.0,580.0,5800.0,2025-01-21
2025012105017341,PHCL,65,56,10.0,580.0,5800.0,2025-01-21
2025012105017340,PHCL,65,6,10.0,580.0,5800.0,2025-01-21
2025012105017339,PHCL,65,58,10.0,580.0,5800.0,2025-01-21
2025012105017338,PHCL,65,57,395.0,580.0,229100.0,2025-01-21
2025012105017337,PHCL,65,38,500.0,579.0,289500.0,2025-01-21
2025012105017336,PHCL,65,39,500.0,579.0,289500.0,2025-01-21
2025012105017335,PHCL,65,14,10.0,578.0,5780.0,2025-01-21
2025012105017334,PHCL,65,39,465.0,578.0,268770.0,2025-01-21
2025012105017333,PHCL,65,38,50.0,577.0,28850.0,2025-01-21
2025012101024627,MMKJL,65,20,10.0,775.0,7750.0,2025-01-21
2025012104013266,HPPL,58,7,180.0,514.0,92520.0,2025-01-21
2025012104013265,HPPL,58,35,10.0,514.0,5140.0,2025-01-21
2025012104013264,HPPL,58,71,320.0,513.9,164448.0,2025-01-21
2025012104013263,HPPL,58,56,490.0,513.0,251370.0,2025-01-21
2025012105017332,HRL,26,62,10.0,839.0,8390.0,2025-01-21
2025012103014212,NMLBBL,56,45,20.0,659.0,13180.0,2025-01-21
2025012105017331,CHDC,96,50,660.0,1775.0,1171500.0,2025-01-21
2025012105017330,CHDC,96,1,40.0,1775.0,71000.0,2025-01-21
2025012105017329,CHDC,96,54,100.0,1775.0,177500.0,2025-01-21
2025012105017328,CHDC,96,39,100.0,1775.0,177500.0,2025-01-21
2025012105017327,CHDC,96,25,100.0,1774.9,177490.0,2025-01-21
2025012105017326,NRIC,55,47,146.0,875.0,127750.0,2025-01-21
2025012105017325,NRIC,55,42,10.0,875.0,8750.0,2025-01-21
2025012105017324,NRIC,55,26,25.0,875.0,21875.0,2025-01-21
2025012105017323,NRIC,55,48,10.0,875.0,8750.0,2025-01-21
2025012105017322,NRIC,55,39,53.0,875.0,46375.0,2025-01-21
2025012105017321,NRIC,55,1,12.0,875.0,10500.0,2025-01-21
2025012105017320,NRIC,55,4,50.0,875.0,43750.0,2025-01-21
2025012105017319,NRIC,55,57,22.0,875.0,19250.0,2025-01-21
2025012105017318,NRIC,55,34,11.0,875.0,9625.0,2025-01-21
2025012105017317,NRIC,55,49,200.0,875.0,175000.0,2025-01-21
2025012105017316,NRIC,55,51,50.0,875.0,43750.0,2025-01-21
2025012105017315,NRIC,55,28,53.0,875.0,46375.0,2025-01-21
2025012105017314,NRIC,55,57,100.0,875.0,87500.0,2025-01-21
2025012105017313,NRIC,55,28,20.0,875.0,17500.0,2025-01-21
2025012105017312,NRIC,55,45,85.0,875.0,74375.0,2025-01-21
2025012105017311,NRIC,55,6,54.0,875.0,47250.0,2025-01-21
2025012105017310,NRIC,55,21,10.0,875.0,8750.0,2025-01-21
2025012105017309,NRIC,55,48,20.0,875.0,17500.0,2025-01-21
2025012105017308,NRIC,55,1,100.0,875.0,87500.0,2025-01-21
2025012105017307,NRIC,55,46,67.0,875.0,58625.0,2025-01-21
2025012105017306,NRIC,55,19,50.0,875.0,43750.0,2025-01-21
2025012105017305,NRIC,55,6,50.0,875.0,43750.0,2025-01-21
2025012105017304,NRIC,55,19,21.0,875.0,18375.0,2025-01-21
2025012105017303,NRIC,55,8,1500.0,875.0,1312500.0,2025-01-21
2025012105017302,NRIC,55,40,50.0,874.9,43745.0,2025-01-21
2025012105017301,NRIC,55,40,100.0,874.2,87420.0,2025-01-21
2025012105017300,NRIC,55,26,50.0,874.1,43705.0,2025-01-21
2025012105017299,NRIC,55,59,10.0,874.0,8740.0,2025-01-21
2025012105017298,NRIC,55,38,50.0,874.0,43700.0,2025-01-21
2025012105017297,NRIC,55,26,1000.0,874.0,874000.0,2025-01-21
2025012105017296,NRIC,55,64,62.0,874.0,54188.0,2025-01-21
2025012105017295,NRIC,55,57,10.0,874.0,8740.0,2025-01-21
2025012105017294,NRIC,55,34,133.0,874.0,116242.0,2025-01-21
2025012105017293,NRIC,55,45,172.0,874.0,150328.0,2025-01-21
2025012105017292,NRIC,55,32,100.0,874.0,87400.0,2025-01-21
2025012105017291,NRIC,55,58,56.0,873.6,48921.6,2025-01-21
2025012105017290,NRIC,55,57,100.0,873.0,87300.0,2025-01-21
2025012105017289,NRIC,55,88,388.0,873.0,338724.0,2025-01-21
2025012101024626,PCBL,1,91,50.0,242.0,12100.0,2025-01-21
2025012101024625,PCBL,1,51,124.0,240.0,29760.0,2025-01-21
2025012101024624,PCBL,1,34,300.0,240.0,72000.0,2025-01-21
2025012101024623,PCBL,1,49,16.0,239.9,3838.4,2025-01-21
2025012101024622,PCBL,1,22,10.0,238.0,2380.0,2025-01-21
2025012105017288,NRN,60,29,220.0,1172.0,257840.0,2025-01-21
2025012105017287,STC,44,13,30.0,5360.0,160800.0,2025-01-21
2025012105017286,STC,44,36,20.0,5359.9,107198.0,2025-01-21
2025012105017285,STC,44,38,30.0,5350.0,160500.0,2025-01-21
2025012105017284,STC,44,6,10.0,5340.0,53400.0,2025-01-21
2025012105017283,STC,44,48,10.0,5339.0,53390.0,2025-01-21
2025012104013262,HURJA,33,35,100.0,229.9,22990.0,2025-01-21
2025012104013261,KPCL,44,57,100.0,540.0,54000.0,2025-01-21
2025012101024621,MBL,34,45,10.0,223.0,2230.0,2025-01-21
2025012103014211,JFL,80,44,500.0,515.7,257850.0,2025-01-21
2025012103014210,GUFL,50,49,264.0,606.0,159984.0,2025-01-21
2025012103014209,GUFL,42,49,131.0,607.0,79517.0,2025-01-21
2025012103014208,GUFL,49,49,10.0,608.0,6080.0,2025-01-21
2025012103014207,GUFL,38,49,10.0,609.0,6090.0,2025-01-21
2025012101024620,TVCL,70,6,40.0,583.7,23348.0,2025-01-21
2025012103014206,PFL,70,14,20.0,402.0,8040.0,2025-01-21
2025012103014205,PFL,70,38,15.0,402.0,6030.0,2025-01-21
2025012103014204,PFL,70,6,165.0,401.0,66165.0,2025-01-21
2025012101024619,PRVU,42,40,500.0,221.2,110600.0,2025-01-21
2025012103014203,NABBC,21,21,30.0,1128.0,33840.0,2025-01-21
2025012104013260,UPCL,35,49,20.0,281.9,5638.0,2025-01-21
2025012104013259,UPCL,35,35,100.0,281.0,28100.0,2025-01-21
2025012101024618,RAWA,57,34,10.0,807.0,8070.0,2025-01-21
2025012104013258,PPCL,38,19,400.0,296.9,118760.0,2025-01-21
2025012104013257,BPCL,32,58,28.0,383.8,10746.4,2025-01-21
2025012104013256,BPCL,32,58,13.0,382.0,4966.0,2025-01-21
2025012104013255,BPCL,32,49,59.0,382.0,22538.0,2025-01-21
2025012104013254,BPCL,32,21,50.0,381.9,19095.0,2025-01-21
2025012104013253,SSHL,22,47,50.0,225.9,11295.0,2025-01-21
2025012103014202,SKBBL,32,47,10.0,807.9,8079.0,2025-01-21
2025012104013252,UNHPL,100,57,290.0,307.0,89030.0,2025-01-21
2025012104013251,UNHPL,100,39,1000.0,307.0,307000.0,2025-01-21
2025012104013250,UNHPL,100,49,10.0,307.0,3070.0,2025-01-21
2025012104013249,UNHPL,100,5,40.0,307.0,12280.0,2025-01-21
2025012104013248,UNHPL,100,42,100.0,306.3,30630.0,2025-01-21
2025012104013247,UNHPL,100,11,200.0,306.3,61260.0,2025-01-21
2025012104013246,UNHPL,100,34,370.0,306.0,113220.0,2025-01-21
2025012101024617,MAKAR,11,33,20.0,673.0,13460.0,2025-01-21
2025012103014201,KSBBL,84,53,40.0,435.0,17400.0,2025-01-21
2025012103014200,NMFBS,45,5,10.0,1291.0,12910.0,2025-01-21
2025012103014199,NMFBS,45,54,10.0,1290.0,12900.0,2025-01-21
2025012101024616,HHL,45,7,200.0,562.0,112400.0,2025-01-21
2025012104013245,HDHPC,38,42,446.0,194.0,86524.0,2025-01-21
2025012103014198,MDB,57,42,50.0,625.2,31260.0,2025-01-21
2025012105017282,SAHAS,17,6,30.0,483.2,14496.0,2025-01-21
2025012105017281,SAHAS,39,6,100.0,483.2,48320.0,2025-01-21
2025012105017280,SAHAS,40,6,90.0,483.2,43488.0,2025-01-21
2025012105017279,SAHAS,4,6,30.0,483.3,14499.0,2025-01-21
2025012105017278,SAHAS,17,6,500.0,483.3,241650.0,2025-01-21
2025012105017277,SAHAS,43,6,100.0,483.3,48330.0,2025-01-21
2025012105017276,SAHAS,42,6,100.0,483.3,48330.0,2025-01-21
2025012105017275,SAHAS,49,6,50.0,483.4,24170.0,2025-01-21
2025012105017274,MBJC,53,17,80.0,357.0,28560.0,2025-01-21
2025012105017273,MBJC,53,45,100.0,357.0,35700.0,2025-01-21
2025012105017272,MBJC,53,54,20.0,357.0,7140.0,2025-01-21
2025012103014197,GRDBL,72,46,10.0,1273.9,12739.0,2025-01-21
2025012101024615,HHL,29,39,1000.0,560.1,560100.0,2025-01-21
2025012105017271,CHDC,39,43,116.0,1774.7,205865.2,2025-01-21
2025012101024614,PPL,88,29,10.0,605.0,6050.0,2025-01-21
2025012101024613,MKHC,47,48,800.0,570.1,456080.0,2025-01-21
2025012104013244,NIL,48,42,10.0,943.0,9430.0,2025-01-21
2025012101024612,NYADI,49,43,10.0,598.0,5980.0,2025-01-21
2025012104013243,SPDL,36,58,10.0,326.5,3265.0,2025-01-21
2025012101024611,SMHL,86,3,10.0,1295.0,12950.0,2025-01-21
2025012103014196,SAPDBL,17,72,10.0,1295.8,12958.0,2025-01-21
2025012105017270,PHCL,60,56,329.0,576.0,189504.0,2025-01-21
2025012101024610,UNLB,49,55,42.0,2615.0,109830.0,2025-01-21
2025012101024609,UNLB,64,55,40.0,2616.0,104640.0,2025-01-21
2025012104013242,HDHPC,38,1,265.0,194.0,51410.0,2025-01-21
2025012101024608,SARBTM,44,42,30.0,787.9,23637.0,2025-01-21
2025012105017269,SONA,34,45,10.0,475.0,4750.0,2025-01-21
2025012103014195,SJLIC,29,49,484.0,448.0,216832.0,2025-01-21
2025012103014194,SJLIC,29,49,1000.0,448.0,448000.0,2025-01-21
2025012103014193,SJLIC,42,49,50.0,448.0,22400.0,2025-01-21
2025012103014192,SJLIC,45,49,16.0,448.0,7168.0,2025-01-21
2025012103014191,SJLIC,44,49,150.0,448.0,67200.0,2025-01-21
2025012103014190,SJLIC,46,49,130.0,448.0,58240.0,2025-01-21
2025012103014189,SJLIC,48,49,50.0,448.0,22400.0,2025-01-21
2025012103014188,SJLIC,16,49,2000.0,448.0,896000.0,2025-01-21
2025012103014187,SJLIC,21,49,340.0,448.0,152320.0,2025-01-21
2025012103014186,SJLIC,52,49,10.0,448.1,4481.0,2025-01-21
2025012103014185,SJLIC,58,49,290.0,448.1,129949.0,2025-01-21
2025012103014184,SJLIC,35,49,300.0,448.2,134460.0,2025-01-21
2025012103014183,SJLIC,38,49,180.0,449.0,80820.0,2025-01-21
2025012103014182,GRDBL,72,47,200.0,1273.9,254780.0,2025-01-21
2025012104013241,OHL,7,45,89.0,893.0,79477.0,2025-01-21
2025012101024607,MKJC,57,5,10.0,568.0,5680.0,2025-01-21
2025012104013240,JOSHI,34,57,111.0,411.3,45654.3,2025-01-21
2025012104013239,JOSHI,65,57,400.0,411.5,164600.0,2025-01-21
2025012104013238,JOSHI,59,57,45.0,412.0,18540.0,2025-01-21
2025012103014181,MNBBL,59,41,293.0,367.7,107736.1,2025-01-21
2025012103014180,MNBBL,17,41,50.0,367.7,18385.0,2025-01-21
2025012103014179,MNBBL,38,41,100.0,368.0,36800.0,2025-01-21
2025012103014178,MNBBL,21,41,19.0,368.0,6992.0,2025-01-21
2025012103014177,MNBBL,42,41,100.0,368.0,36800.0,2025-01-21
2025012103014176,MNBBL,35,41,45.0,368.0,16560.0,2025-01-21
2025012105017268,HDL,47,38,10.0,1170.0,11700.0,2025-01-21
2025012104013237,DHPL,34,38,98.0,312.0,30576.0,2025-01-21
2025012103014175,NFS,34,13,20.0,755.0,15100.0,2025-01-21
2025012103014174,NFS,43,13,100.0,755.0,75500.0,2025-01-21
2025012103014173,NFS,43,13,20.0,755.1,15102.0,2025-01-21
2025012103014172,NFS,45,13,10.0,755.1,7551.0,2025-01-21
2025012104013236,RIDI,60,38,80.0,224.5,17960.0,2025-01-21
2025012104013235,RIDI,60,81,420.0,224.5,94290.0,2025-01-21
2025012105017267,HATHY,60,11,10.0,1365.0,13650.0,2025-01-21
2025012105017266,NRM,58,16,420.0,510.0,214200.0,2025-01-21
2025012104013234,PRIN,62,47,10.0,998.0,9980.0,2025-01-21
2025012104013233,PRIN,62,16,10.0,995.0,9950.0,2025-01-21
2025012101024606,BHPL,62,34,209.0,1133.0,236797.0,2025-01-21
2025012101024605,BHPL,62,67,70.0,1132.0,79240.0,2025-01-21
2025012101024604,BHPL,62,61,100.0,1125.0,112500.0,2025-01-21
2025012101024603,BHPL,62,42,100.0,1106.0,110600.0,2025-01-21
2025012101024602,BHPL,62,53,11.0,1106.0,12166.0,2025-01-21
2025012101024601,BHPL,62,42,10.0,1105.0,11050.0,2025-01-21
2025012105017265,NIFRA,45,36,10.0,251.0,2510.0,2025-01-21
2025012101024600,ULBSL,36,38,10.0,4155.0,41550.0,2025-01-21
2025012103014171,SLBBL,52,13,50.0,907.0,45350.0,2025-01-21
2025012103014170,SLBBL,52,7,60.0,904.0,54240.0,2025-01-21
2025012103014169,SLBBL,52,34,50.0,898.0,44900.0,2025-01-21
2025012105017264,CIT,39,25,10.0,1985.0,19850.0,2025-01-21
2025012104013232,SSHL,52,39,161.0,225.0,36225.0,2025-01-21
2025012104013231,SSHL,39,39,200.0,225.0,45000.0,2025-01-21
2025012104013230,SSHL,26,39,1711.0,225.1,385146.1,2025-01-21
2025012104013229,SSHL,57,39,89.0,225.2,20042.8,2025-01-21
2025012104013228,SSHL,57,39,11.0,225.4,2479.4,2025-01-21
2025012105017263,SHIVM,48,36,10.0,556.4,5564.0,2025-01-21
2025012103014168,NABBC,28,37,50.0,1127.0,56350.0,2025-01-21
2025012101024599,SRLI,48,1,117.0,426.0,49842.0,2025-01-21
2025012101024598,SRLI,6,1,89.0,426.0,37914.0,2025-01-21
2025012101024597,SRLI,7,1,20.0,426.1,8522.0,2025-01-21
2025012101024596,SRLI,62,1,74.0,426.1,31531.4,2025-01-21
2025012105017262,SONA,29,34,10.0,474.5,4745.0,2025-01-21
2025012105017261,SONA,29,22,100.0,474.0,47400.0,2025-01-21
2025012105017260,SONA,29,44,39.0,474.0,18486.0,2025-01-21
2025012105017259,SONA,29,16,320.0,473.0,151360.0,2025-01-21
2025012105017258,SONA,29,38,25.0,473.0,11825.0,2025-01-21
2025012105017257,SONA,29,29,500.0,473.0,236500.0,2025-01-21
2025012105017256,PHCL,44,38,200.0,577.0,115400.0,2025-01-21
2025012103014167,GUFL,34,34,10.0,609.0,6090.0,2025-01-21
2025012104013227,SHPC,70,45,40.0,470.5,18820.0,2025-01-21
2025012104013226,SHPC,70,10,50.0,470.4,23520.0,2025-01-21
2025012104013225,SHPC,70,16,500.0,470.0,235000.0,2025-01-21
2025012104013224,SHPC,70,22,70.0,470.0,32900.0,2025-01-21
2025012104013223,SHPC,70,60,240.0,470.0,112800.0,2025-01-21
2025012104013222,SHPC,70,90,100.0,469.9,46990.0,2025-01-21
2025012101024595,CKHL,44,38,100.0,796.0,79600.0,2025-01-21
2025012101024594,CKHL,44,18,270.0,796.0,214920.0,2025-01-21
2025012103014166,ACLBSL,62,49,10.0,1024.9,10249.0,2025-01-21
2025012101024593,SPC,49,34,10.0,566.8,5668.0,2025-01-21
2025012103014165,HLI,70,17,20.0,466.8,9336.0,2025-01-21
2025012104013221,AKPL,7,56,100.0,233.9,23390.0,2025-01-21
2025012103014164,JFL,57,43,20.0,516.0,10320.0,2025-01-21
2025012104013220,NGPL,90,38,200.0,266.2,53240.0,2025-01-21
2025012105017255,SONA,71,32,599.0,471.0,282129.0,2025-01-21
2025012105017254,SONA,59,32,50.0,471.0,23550.0,2025-01-21
2025012105017253,SONA,7,32,60.0,471.0,28260.0,2025-01-21
2025012105017252,SONA,1,32,100.0,471.0,47100.0,2025-01-21
2025012105017251,SONA,42,32,100.0,471.1,47110.0,2025-01-21
2025012105017250,SONA,58,32,300.0,471.2,141360.0,2025-01-21
2025012105017249,SONA,38,32,400.0,471.3,188520.0,2025-01-21
2025012105017248,SONA,50,32,43.0,472.0,20296.0,2025-01-21
2025012103014163,MSLB,32,74,10.0,1416.0,14160.0,2025-01-21
2025012103014162,KSBBL,57,13,107.0,433.2,46352.4,2025-01-21
2025012104013219,UMRH,77,70,10.0,652.0,6520.0,2025-01-21
2025012101024592,KBL,18,77,20.0,196.0,3920.0,2025-01-21
2025012104013218,JOSHI,5,62,322.0,413.0,132986.0,2025-01-21
2025012104013217,JOSHI,5,45,150.0,413.0,61950.0,2025-01-21
2025012104013216,JOSHI,5,45,28.0,412.0,11536.0,2025-01-21
2025012104013215,DHPL,42,1,120.0,312.2,37464.0,2025-01-21
2025012101024591,NBL,5,38,100.0,248.0,24800.0,2025-01-21
2025012101024590,KDL,42,42,20.0,1097.0,21940.0,2025-01-21
2025012105017247,SMJC,43,42,180.0,566.0,101880.0,2025-01-21
2025012105017246,SAHAS,14,36,74.0,484.0,35816.0,2025-01-21
2025012103014161,GRDBL,72,71,400.0,1273.9,509560.0,2025-01-21
2025012104013214,SSHL,26,47,20.0,225.9,4518.0,2025-01-21
2025012105017245,CHDC,96,43,154.0,1774.7,273303.8,2025-01-21
2025012105017244,CHDC,96,7,100.0,1774.6,177460.0,2025-01-21
2025012105017243,CHDC,96,22,100.0,1774.3,177430.0,2025-01-21
2025012105017242,CHDC,96,32,91.0,1774.0,161434.0,2025-01-21
2025012105017241,CHDC,96,38,30.0,1772.0,53160.0,2025-01-21
2025012105017240,CHDC,96,44,525.0,1770.1,929302.5,2025-01-21
2025012105017239,CHDC,56,44,437.0,1770.1,773533.7,2025-01-21
2025012105017238,CHDC,56,44,20.0,1770.0,35400.0,2025-01-21
2025012105017237,CHDC,56,33,43.0,1770.0,76110.0,2025-01-21
2025012103014160,ALICL,18,1,10.0,733.5,7335.0,2025-01-21
2025012101024589,SBL,37,57,10.0,277.9,2779.0,2025-01-21
2025012101024588,MKJC,29,5,10.0,568.0,5680.0,2025-01-21
2025012105017236,HRL,29,62,200.0,839.0,167800.0,2025-01-21
2025012104013213,AHPC,34,32,50.0,252.0,12600.0,2025-01-21
2025012101024587,USHL,40,54,20.0,856.9,17138.0,2025-01-21
2025012101024586,USHL,40,42,30.0,856.5,25695.0,2025-01-21
2025012101024585,USHL,40,37,50.0,856.0,42800.0,2025-01-21
2025012101024584,ULBSL,62,49,10.0,4125.0,41250.0,2025-01-21
2025012103014159,SWMF,16,21,79.0,743.9,58768.1,2025-01-21
2025012104013212,NGPL,49,38,50.0,266.2,13310.0,2025-01-21
2025012104013211,NGPL,49,45,450.0,266.2,119790.0,2025-01-21
2025012104013210,NHPC,49,21,178.0,215.0,38270.0,2025-01-21
2025012104013209,NHPC,49,45,178.0,215.0,38270.0,2025-01-21
2025012104013208,NHPC,49,20,89.0,215.0,19135.0,2025-01-21
2025012105017235,NRIC,55,49,10.0,870.9,8709.0,2025-01-21
2025012104013207,API,35,35,200.0,265.0,53000.0,2025-01-21
2025012105017234,VLUCL,57,32,100.0,702.0,70200.0,2025-01-21
2025012101024583,SPC,16,57,107.0,565.0,60455.0,2025-01-21
2025012101024582,SPC,20,57,293.0,565.0,165545.0,2025-01-21
2025012103014158,JFL,80,74,50.0,515.7,25785.0,2025-01-21
2025012103014157,GRDBL,72,74,20.0,1273.9,25478.0,2025-01-21
2025012104013206,UNHPL,20,92,1060.0,305.5,323830.0,2025-01-21
2025012104013205,UNHPL,19,92,20.0,305.6,6112.0,2025-01-21
2025012104013204,UNHPL,91,92,500.0,305.8,152900.0,2025-01-21
2025012104013203,UNHPL,36,92,995.0,306.1,304569.5,2025-01-21
2025012104013202,UNHPL,38,92,425.0,306.1,130092.5,2025-01-21
2025012104013201,SHEL,75,13,450.0,249.0,112050.0,2025-01-21
2025012104013200,SHEL,51,13,100.0,249.0,24900.0,2025-01-21
2025012104013199,SHEL,91,13,150.0,249.0,37350.0,2025-01-21
2025012104013198,SHEL,50,13,100.0,249.0,24900.0,2025-01-21
2025012104013197,SHEL,37,13,250.0,249.0,62250.0,2025-01-21
2025012104013196,SHEL,61,13,600.0,249.0,149400.0,2025-01-21
2025012104013195,SHEL,47,13,100.0,249.0,24900.0,2025-01-21
2025012104013194,SHEL,35,13,30.0,249.0,7470.0,2025-01-21
2025012104013193,SHEL,6,13,500.0,249.0,124500.0,2025-01-21
2025012104013192,SHEL,38,13,20.0,249.0,4980.0,2025-01-21
2025012104013191,SHEL,35,13,200.0,249.1,49820.0,2025-01-21
2025012104013190,SHEL,35,13,300.0,249.1,74730.0,2025-01-21
2025012104013189,SHEL,59,13,200.0,249.3,49860.0,2025-01-21
2025012101024581,MEHL,95,34,1000.0,531.0,531000.0,2025-01-21
2025012105017233,HATHY,38,11,10.0,1365.0,13650.0,2025-01-21
2025012103014156,HLBSL,58,45,50.0,942.0,47100.0,2025-01-21
2025012103014155,HLBSL,80,45,200.0,942.0,188400.0,2025-01-21
2025012103014154,HLBSL,22,45,25.0,945.0,23625.0,2025-01-21
2025012103014153,HLBSL,5,45,10.0,945.0,9450.0,2025-01-21
2025012103014152,HLBSL,48,45,10.0,945.0,9450.0,2025-01-21
2025012103014151,HLBSL,33,45,100.0,950.0,95000.0,2025-01-21
2025012103014150,HLBSL,5,45,10.0,950.0,9500.0,2025-01-21
2025012103014149,HLBSL,38,45,100.0,950.0,95000.0,2025-01-21
2025012103014148,HLBSL,48,45,13.0,950.1,12351.3,2025-01-21
2025012103014147,HLBSL,6,45,20.0,952.0,19040.0,2025-01-21
2025012104013188,UMRH,69,70,10.0,652.0,6520.0,2025-01-21
2025012103014146,MERO,39,22,10.0,659.8,6598.0,2025-01-21
2025012104013187,HPPL,43,56,10.0,513.0,5130.0,2025-01-21
2025012101024580,HIDCLP,71,64,320.0,161.5,51680.0,2025-01-21
2025012101024579,HIDCLP,71,47,680.0,161.5,109820.0,2025-01-21
2025012103014145,SAPDBL,17,72,10.0,1273.3,12733.0,2025-01-21
2025012101024578,SPC,58,34,10.0,566.8,5668.0,2025-01-21
2025012104013186,HPPL,94,4,500.0,512.1,256050.0,2025-01-21
2025012105017232,ILI,58,55,75.0,478.5,35887.5,2025-01-21
2025012104013185,NLG,55,70,20.0,1084.0,21680.0,2025-01-21
2025012103014144,KSBBL,44,53,300.0,435.0,130500.0,2025-01-21
2025012103014143,LLBS,34,34,79.0,1119.9,88472.1,2025-01-21
2025012103014142,LLBS,34,57,21.0,1118.9,23496.9,2025-01-21
2025012103014141,LLBS,34,34,20.0,1118.0,22360.0,2025-01-21
2025012103014140,LLBS,34,34,10.0,1115.0,11150.0,2025-01-21
2025012103014139,LLBS,34,34,10.0,1114.0,11140.0,2025-01-21
2025012103014138,LLBS,34,47,40.0,1112.0,44480.0,2025-01-21
2025012103014137,LLBS,34,58,10.0,1110.9,11109.0,2025-01-21
2025012103014136,LLBS,34,35,100.0,1110.0,111000.0,2025-01-21
2025012103014135,LLBS,34,11,10.0,1108.0,11080.0,2025-01-21
2025012104013184,RIDI,74,57,300.0,224.0,67200.0,2025-01-21
2025012103014134,SMPDA,74,50,10.0,929.0,9290.0,2025-01-21
2025012101024577,SARBTM,22,38,40.0,787.0,31480.0,2025-01-21
2025012104013183,UPPER,25,38,90.0,200.4,18036.0,2025-01-21
2025012104013182,UPPER,57,38,30.0,200.5,6015.0,2025-01-21
2025012104013181,UPPER,19,38,95.0,200.5,19047.5,2025-01-21
2025012104013180,UPPER,62,38,76.0,200.5,15238.0,2025-01-21
2025012104013179,UPPER,55,38,10.0,200.6,2006.0,2025-01-21
2025012101024576,HBL,81,38,195.0,227.0,44265.0,2025-01-21
2025012101024575,HBL,81,34,20.0,227.0,4540.0,2025-01-21
2025012101024574,HBL,81,52,502.0,226.0,113452.0,2025-01-21
2025012101024573,HBL,81,57,12.0,226.0,2712.0,2025-01-21
2025012101024572,HBL,81,11,171.0,226.0,38646.0,2025-01-21
2025012101024571,HBL,81,13,100.0,225.9,22590.0,2025-01-21
2025012105017231,NRM,58,81,500.0,510.0,255000.0,2025-01-21
2025012101024570,DOLTI,57,64,10.0,843.1,8431.0,2025-01-21
2025012105017230,SMJC,43,67,100.0,566.0,56600.0,2025-01-21
2025012103014133,GRDBL,72,20,500.0,1273.9,636950.0,2025-01-21
2025012101024569,SMHL,65,45,18.0,1281.0,23058.0,2025-01-21
2025012103014132,SLBSL,66,45,300.0,1866.1,559830.0,2025-01-21
2025012103014131,JBBL,48,25,100.0,349.0,34900.0,2025-01-21
2025012103014130,ICFC,48,55,50.0,625.8,31290.0,2025-01-21
2025012103014129,ICFC,48,44,50.0,625.7,31285.0,2025-01-21
2025012103014128,GBBL,48,49,10.0,381.0,3810.0,2025-01-21
2025012101024568,SMH,42,48,490.0,1070.3,524447.0,2025-01-21
2025012101024567,ULHC,77,58,150.0,545.0,81750.0,2025-01-21
2025012101024566,ULHC,56,58,1000.0,545.0,545000.0,2025-01-21
2025012101024565,ULHC,1,58,200.0,545.0,109000.0,2025-01-21
2025012101024564,ULHC,34,58,500.0,545.0,272500.0,2025-01-21
2025012101024563,ULHC,14,58,50.0,545.1,27255.0,2025-01-21
2025012101024562,ULHC,42,58,40.0,546.1,21844.0,2025-01-21
2025012101024561,ULHC,40,58,50.0,547.1,27355.0,2025-01-21
2025012101024560,ULHC,45,58,10.0,548.0,5480.0,2025-01-21
2025012105017229,NRN,86,88,300.0,1173.0,351900.0,2025-01-21
2025012105017228,NRN,86,49,200.0,1173.0,234600.0,2025-01-21
2025012103014127,JSLBB,34,62,10.0,1580.0,15800.0,2025-01-21
2025012105017227,NRM,58,21,240.0,510.0,122400.0,2025-01-21
2025012105017226,NRIC,34,56,23.0,871.0,20033.0,2025-01-21
2025012104013178,HDHPC,91,57,50.0,194.1,9705.0,2025-01-21
2025012101024559,MKCL,36,8,20.0,1560.0,31200.0,2025-01-21
2025012101024558,KDL,74,45,10.0,1096.9,10969.0,2025-01-21
2025012103014126,SAPDBL,41,37,50.0,1248.4,62420.0,2025-01-21
2025012103014125,SAPDBL,41,28,130.0,1248.4,162292.0,2025-01-21
2025012103014124,SAPDBL,41,57,293.0,1248.4,365781.2,2025-01-21
2025012103014123,SAPDBL,41,72,650.0,1248.4,811460.0,2025-01-21
2025012103014122,SAPDBL,41,26,20.0,1248.4,24968.0,2025-01-21
2025012103014121,SAPDBL,41,22,130.0,1248.4,162292.0,2025-01-21
2025012103014120,SAPDBL,41,72,10.0,1248.4,12484.0,2025-01-21
2025012103014119,SAPDBL,41,59,300.0,1248.0,374400.0,2025-01-21
2025012103014118,SAPDBL,41,52,25.0,1248.0,31200.0,2025-01-21
2025012103014117,SAPDBL,41,71,200.0,1248.0,249600.0,2025-01-21
2025012103014116,SAPDBL,41,66,50.0,1248.0,62400.0,2025-01-21
2025012103014115,SAPDBL,41,38,100.0,1248.0,124800.0,2025-01-21
2025012103014114,SAPDBL,41,20,300.0,1248.0,374400.0,2025-01-21
2025012103014113,SAPDBL,41,71,200.0,1248.0,249600.0,2025-01-21
2025012103014112,SAPDBL,41,46,200.0,1248.0,249600.0,2025-01-21
2025012103014111,SAPDBL,41,5,1980.0,1248.0,2471040.0,2025-01-21
2025012103014110,SAPDBL,41,74,100.0,1248.0,124800.0,2025-01-21
2025012103014109,SAPDBL,41,38,100.0,1248.0,124800.0,2025-01-21
2025012103014108,SAPDBL,41,71,500.0,1248.0,624000.0,2025-01-21
2025012103014107,SAPDBL,41,26,400.0,1248.0,499200.0,2025-01-21
2025012103014106,SAPDBL,41,91,200.0,1245.0,249000.0,2025-01-21
2025012103014105,SAPDBL,41,96,1000.0,1239.0,1239000.0,2025-01-21
2025012103014104,SAPDBL,41,38,100.0,1239.0,123900.0,2025-01-21
2025012103014103,SAPDBL,41,42,100.0,1237.0,123700.0,2025-01-21
2025012103014102,SAPDBL,41,68,140.0,1233.1,172634.0,2025-01-21
2025012103014101,SAPDBL,41,72,410.0,1233.0,505530.0,2025-01-21
2025012103014100,SAPDBL,41,74,500.0,1233.0,616500.0,2025-01-21
2025012103014099,SAPDBL,41,77,200.0,1233.0,246600.0,2025-01-21
2025012103014098,SAPDBL,41,72,1000.0,1233.0,1233000.0,2025-01-21
2025012103014097,SAPDBL,41,36,150.0,1233.0,184950.0,2025-01-21
2025012103014096,SAPDBL,41,38,50.0,1233.0,61650.0,2025-01-21
2025012103014095,SAPDBL,41,41,50.0,1233.0,61650.0,2025-01-21
2025012103014094,SAPDBL,41,71,200.0,1229.0,245800.0,2025-01-21
2025012103014093,SAPDBL,41,34,64.0,1226.0,78464.0,2025-01-21
2025012103014092,SAPDBL,41,71,500.0,1226.0,613000.0,2025-01-21
2025012103014091,SAPDBL,41,74,50.0,1225.0,61250.0,2025-01-21
2025012103014090,SAPDBL,41,39,176.0,1224.0,215424.0,2025-01-21
2025012103014089,SAPDBL,41,48,200.0,1224.0,244800.0,2025-01-21
2025012103014088,SAPDBL,41,38,200.0,1224.0,244800.0,2025-01-21
2025012103014087,SAPDBL,41,16,200.0,1224.0,244800.0,2025-01-21
2025012103014086,SAPDBL,41,60,30.0,1224.0,36720.0,2025-01-21
2025012103014085,SAPDBL,41,51,10.0,1224.0,12240.0,2025-01-21
2025012103014084,SAPDBL,41,3,350.0,1224.0,428400.0,2025-01-21
2025012103014083,SAPDBL,41,14,50.0,1224.0,61200.0,2025-01-21
2025012103014082,SAPDBL,41,46,1000.0,1224.0,1224000.0,2025-01-21
2025012103014081,SAPDBL,41,38,50.0,1224.0,61200.0,2025-01-21
2025012103014080,SAPDBL,41,6,1499.0,1224.0,1834776.0,2025-01-21
2025012103014079,SAPDBL,41,7,13.0,1224.0,15912.0,2025-01-21
2025012103014078,SAPDBL,41,4,50.0,1224.0,61200.0,2025-01-21
2025012103014077,SAPDBL,41,34,50.0,1224.0,61200.0,2025-01-21
2025012103014076,SAPDBL,41,46,100.0,1224.0,122400.0,2025-01-21
2025012103014075,SAPDBL,41,58,344.0,1224.0,421056.0,2025-01-21
2025012103014074,SAPDBL,41,32,122.0,1224.0,149328.0,2025-01-21
2025012103014073,SAPDBL,41,32,100.0,1222.9,122290.0,2025-01-21
2025012103014072,SAPDBL,41,45,200.0,1222.9,244580.0,2025-01-21
2025012103014071,SAPDBL,41,32,50.0,1222.9,61145.0,2025-01-21
2025012103014070,SAPDBL,41,33,153.0,1222.9,187103.7,2025-01-21
2025012103014069,SAPDBL,41,38,50.0,1222.9,61145.0,2025-01-21
2025012103014068,SAPDBL,41,71,100.0,1222.0,122200.0,2025-01-21
2025012103014067,SAPDBL,41,58,15.0,1222.0,18330.0,2025-01-21
2025012103014066,SAPDBL,41,28,39.0,1222.0,47658.0,2025-01-21
2025012103014065,SAPDBL,41,74,140.0,1222.0,171080.0,2025-01-21
2025012103014064,SAPDBL,41,20,300.0,1222.0,366600.0,2025-01-21
2025012103014063,SAPDBL,41,46,69.0,1222.0,84318.0,2025-01-21
2025012103014062,SAPDBL,41,46,300.0,1222.0,366600.0,2025-01-21
2025012103014061,SAPDBL,41,29,500.0,1222.0,611000.0,2025-01-21
2025012103014060,SAPDBL,41,14,364.0,1222.0,444808.0,2025-01-21
2025012103014059,SAPDBL,41,51,10.0,1221.8,12218.0,2025-01-21
2025012103014058,SAPDBL,41,38,40.0,1221.8,48872.0,2025-01-21
2025012103014057,SAPDBL,41,25,10.0,1221.8,12218.0,2025-01-21
2025012103014056,SAPDBL,41,29,2000.0,1221.8,2443600.0,2025-01-21
2025012103014055,SAPDBL,41,5,24.0,1221.0,29304.0,2025-01-21
2025012103014054,SAPDBL,41,45,100.0,1221.0,122100.0,2025-01-21
2025012103014053,SAPDBL,41,13,20.0,1221.0,24420.0,2025-01-21
2025012103014052,SAPDBL,41,74,55.0,1221.0,67155.0,2025-01-21
2025012103014051,SAPDBL,41,44,170.0,1221.0,207570.0,2025-01-21
2025012103014050,SAPDBL,41,29,50.0,1220.0,61000.0,2025-01-21
2025012103014049,SAPDBL,41,72,40.0,1220.0,48800.0,2025-01-21
2025012103014048,SAPDBL,41,8,50.0,1220.0,61000.0,2025-01-21
2025012103014047,SAPDBL,41,26,500.0,1220.0,610000.0,2025-01-21
2025012103014046,SAPDBL,41,58,340.0,1220.0,414800.0,2025-01-21
2025012103014045,SAPDBL,41,7,110.0,1220.0,134200.0,2025-01-21
2025012103014044,SAPDBL,41,26,67.0,1220.0,81740.0,2025-01-21
2025012103014043,SAPDBL,41,38,100.0,1220.0,122000.0,2025-01-21
2025012103014042,SAPDBL,41,49,100.0,1219.9,121990.0,2025-01-21
2025012103014041,SAPDBL,41,64,500.0,1219.9,609950.0,2025-01-21
2025012103014040,SAPDBL,41,38,100.0,1219.9,121990.0,2025-01-21
2025012103014039,SAPDBL,41,38,100.0,1219.9,121990.0,2025-01-21
2025012103014038,SAPDBL,41,26,50.0,1219.0,60950.0,2025-01-21
2025012103014037,SAPDBL,41,65,500.0,1219.0,609500.0,2025-01-21
2025012103014036,SAPDBL,41,71,300.0,1219.0,365700.0,2025-01-21
2025012103014035,SAPDBL,41,38,50.0,1218.9,60945.0,2025-01-21
2025012103014034,SAPDBL,41,56,1318.0,1218.0,1605324.0,2025-01-21
2025012103014033,SAPDBL,41,29,100.0,1218.0,121800.0,2025-01-21
2025012103014032,SAPDBL,41,55,130.0,1218.0,158340.0,2025-01-21
2025012103014031,SAPDBL,41,72,200.0,1218.0,243600.0,2025-01-21
2025012103014030,SAPDBL,41,34,750.0,1218.0,913500.0,2025-01-21
2025012103014029,SAPDBL,41,84,500.0,1217.8,608900.0,2025-01-21
2025012103014028,SAPDBL,41,29,500.0,1217.8,608900.0,2025-01-21
2025012103014027,SAPDBL,41,61,200.0,1217.8,243560.0,2025-01-21
2025012103014026,SAPDBL,41,8,300.0,1217.0,365100.0,2025-01-21
2025012103014025,SAPDBL,41,32,250.0,1217.0,304250.0,2025-01-21
2025012103014024,SAPDBL,41,46,100.0,1217.0,121700.0,2025-01-21
2025012103014023,SAPDBL,41,57,100.0,1215.0,121500.0,2025-01-21
2025012103014022,SAPDBL,41,14,50.0,1215.0,60750.0,2025-01-21
2025012103014021,SAPDBL,41,38,200.0,1215.0,243000.0,2025-01-21
2025012103014020,SAPDBL,41,25,427.0,1215.0,518805.0,2025-01-21
2025012103014019,SAPDBL,41,28,10.0,1215.0,12150.0,2025-01-21
2025012103014018,SAPDBL,41,38,300.0,1214.3,364290.0,2025-01-21
2025012103014017,SAPDBL,41,57,100.0,1214.0,121400.0,2025-01-21
2025012103014016,SAPDBL,41,13,10.0,1214.0,12140.0,2025-01-21
2025012103014015,SAPDBL,41,5,100.0,1213.8,121380.0,2025-01-21
2025012103014014,SAPDBL,41,29,50.0,1213.0,60650.0,2025-01-21
2025012103014013,SAPDBL,41,72,200.0,1213.0,242600.0,2025-01-21
2025012103014012,SAPDBL,41,68,10.0,1212.0,12120.0,2025-01-21
2025012103014011,SAPDBL,41,51,200.0,1212.0,242400.0,2025-01-21
2025012103014010,SAPDBL,41,38,200.0,1210.0,242000.0,2025-01-21
2025012103014009,SAPDBL,41,64,50.0,1210.0,60500.0,2025-01-21
2025012103014008,SAPDBL,41,45,300.0,1210.0,363000.0,2025-01-21
2025012103014007,SAPDBL,41,28,10.0,1205.0,12050.0,2025-01-21
2025012103014006,SAPDBL,41,29,500.0,1205.0,602500.0,2025-01-21
2025012103014005,SAPDBL,41,6,53.0,1205.0,63865.0,2025-01-21
2025012103014004,SAPDBL,41,38,64.0,1205.0,77120.0,2025-01-21
2025012103014003,SAPDBL,41,18,200.0,1205.0,241000.0,2025-01-21
2025012103014002,SAPDBL,41,1,16.0,1203.7,19259.2,2025-01-21
2025012103014001,SAPDBL,41,95,510.0,1203.6,613836.0,2025-01-21
2025012103014000,SAPDBL,41,5,10.0,1203.6,12036.0,2025-01-21
2025012103013999,SAPDBL,41,8,20.0,1203.0,24060.0,2025-01-21
2025012103013998,SAPDBL,41,14,20.0,1203.0,24060.0,2025-01-21
2025012103013997,SAPDBL,41,34,10.0,1202.0,12020.0,2025-01-21
2025012103013996,SAPDBL,41,29,1250.0,1201.0,1501250.0,2025-01-21
2025012103013995,SAPDBL,41,87,1730.0,1200.0,2076000.0,2025-01-21
2025012103013994,SAPDBL,41,8,50.0,1200.0,60000.0,2025-01-21
2025012103013993,SAPDBL,41,72,50.0,1200.0,60000.0,2025-01-21
2025012103013992,SAPDBL,41,56,70.0,1200.0,84000.0,2025-01-21
2025012103013991,SAPDBL,41,45,100.0,1200.0,120000.0,2025-01-21
2025012103013990,SAPDBL,41,29,1000.0,1200.0,1200000.0,2025-01-21
2025012103013989,SAPDBL,41,38,249.0,1200.0,298800.0,2025-01-21
2025012103013988,SAPDBL,41,16,64.0,1200.0,76800.0,2025-01-21
2025012103013987,SAPDBL,41,28,10.0,1200.0,12000.0,2025-01-21
2025012103013986,SAPDBL,41,91,480.0,1200.0,576000.0,2025-01-21
2025012103013985,SAPDBL,41,37,200.0,1200.0,240000.0,2025-01-21
2025012103013984,SAPDBL,41,32,63.0,1200.0,75600.0,2025-01-21
2025012103013983,SAPDBL,41,32,63.0,1200.0,75600.0,2025-01-21
2025012103013982,SAPDBL,41,66,200.0,1200.0,240000.0,2025-01-21
2025012103013981,SAPDBL,41,26,500.0,1199.5,599750.0,2025-01-21
2025012103013980,SAPDBL,41,29,500.0,1199.0,599500.0,2025-01-21
2025012103013979,SAPDBL,41,16,200.0,1199.0,239800.0,2025-01-21
2025012103013978,SAPDBL,41,8,100.0,1199.0,119900.0,2025-01-21
2025012103013977,SAPDBL,41,34,10.0,1199.0,11990.0,2025-01-21
2025012103013976,SAPDBL,41,16,53.0,1199.0,63547.0,2025-01-21
2025012103013975,SAPDBL,41,34,237.0,1199.0,284163.0,2025-01-21
2025012103013974,SAPDBL,41,13,100.0,1198.0,119800.0,2025-01-21
2025012103013973,SAPDBL,41,29,500.0,1198.0,599000.0,2025-01-21
2025012103013972,SAPDBL,41,19,53.0,1198.0,63494.0,2025-01-21
2025012103013971,SAPDBL,41,19,53.0,1198.0,63494.0,2025-01-21
2025012103013970,SAPDBL,41,52,102.0,1197.0,122094.0,2025-01-21
2025012103013969,SAPDBL,41,18,200.0,1197.0,239400.0,2025-01-21
2025012103013968,SAPDBL,41,29,100.0,1197.0,119700.0,2025-01-21
2025012103013967,SAPDBL,41,59,300.0,1196.4,358920.0,2025-01-21
2025012103013966,SAPDBL,41,21,47.0,1196.0,56212.0,2025-01-21
2025012103013965,SAPDBL,41,88,270.0,1196.0,322920.0,2025-01-21
2025012103013964,SAPDBL,41,19,500.0,1195.0,597500.0,2025-01-21
2025012103013963,SAPDBL,41,52,500.0,1194.3,597150.0,2025-01-21
2025012103013962,SAPDBL,41,52,500.0,1194.0,597000.0,2025-01-21
2025012103013961,SAPDBL,41,17,10.0,1194.0,11940.0,2025-01-21
2025012103013960,SAPDBL,41,74,10.0,1194.0,11940.0,2025-01-21
2025012103013959,SAPDBL,41,38,50.0,1193.9,59695.0,2025-01-21
2025012103013958,SAPDBL,41,78,50.0,1193.4,59670.0,2025-01-21
2025012103013957,SAPDBL,41,98,310.0,1193.4,369954.0,2025-01-21
2025012103013956,SAPDBL,41,84,2000.0,1193.4,2386800.0,2025-01-21
2025012103013955,SAPDBL,41,71,50.0,1193.4,59670.0,2025-01-21
2025012103013954,SAPDBL,41,52,500.0,1192.5,596250.0,2025-01-21
2025012103013953,SAPDBL,41,52,500.0,1192.0,596000.0,2025-01-21
2025012103013952,SAPDBL,41,87,1000.0,1190.0,1190000.0,2025-01-21
2025012103013951,SAPDBL,41,45,59.0,1190.0,70210.0,2025-01-21
2025012103013950,SAPDBL,41,52,50.0,1190.0,59500.0,2025-01-21
2025012103013949,SAPDBL,41,50,50.0,1190.0,59500.0,2025-01-21
2025012103013948,SAPDBL,41,72,100.0,1189.0,118900.0,2025-01-21
2025012103013947,SAPDBL,41,45,100.0,1185.0,118500.0,2025-01-21
2025012103013946,SAPDBL,41,52,1000.0,1185.0,1185000.0,2025-01-21
2025012103013945,SAPDBL,41,38,100.0,1185.0,118500.0,2025-01-21
2025012103013944,SAPDBL,41,72,10.0,1184.0,11840.0,2025-01-21
2025012103013943,SAPDBL,41,42,50.0,1183.0,59150.0,2025-01-21
2025012103013942,SAPDBL,41,58,30.0,1180.0,35400.0,2025-01-21
2025012103013941,SAPDBL,41,28,1008.0,1180.0,1189440.0,2025-01-21
2025012103013940,SAPDBL,41,72,50.0,1180.0,59000.0,2025-01-21
2025012103013939,SAPDBL,41,13,200.0,1180.0,236000.0,2025-01-21
2025012103013938,SAPDBL,41,6,66.0,1180.0,77880.0,2025-01-21
2025012103013937,SAPDBL,41,58,1000.0,1179.5,1179500.0,2025-01-21
2025012103013936,SAPDBL,41,21,50.0,1179.5,58975.0,2025-01-21
2025012103013935,SAPDBL,41,78,50.0,1178.0,58900.0,2025-01-21
2025012103013934,SAPDBL,41,84,39.0,1175.0,45825.0,2025-01-21
2025012103013933,SAPDBL,41,71,300.0,1175.0,352500.0,2025-01-21
2025012103013932,SAPDBL,41,58,324.0,1175.0,380700.0,2025-01-21
2025012103013931,SAPDBL,41,34,10.0,1174.0,11740.0,2025-01-21
2025012103013930,SAPDBL,41,26,250.0,1173.9,293475.0,2025-01-21
2025012103013929,SAPDBL,71,41,50.0,1122.1,56105.0,2025-01-21
2025012103013928,SAPDBL,39,41,100.0,1123.1,112310.0,2025-01-21
2025012103013927,SAPDBL,8,41,300.0,1123.1,336930.0,2025-01-21
2025012103013926,SAPDBL,57,41,10.0,1123.2,11232.0,2025-01-21
2025012103013925,SAPDBL,57,41,50.0,1129.0,56450.0,2025-01-21
2025012103013924,SAPDBL,71,41,1000.0,1131.9,1131900.0,2025-01-21
2025012103013923,SAPDBL,41,41,500.0,1136.9,568450.0,2025-01-21
2025012103013922,SAPDBL,34,41,100.0,1136.9,113690.0,2025-01-21
2025012103013921,SAPDBL,41,41,500.0,1136.9,568450.0,2025-01-21
2025012103013920,SAPDBL,44,41,120.0,1136.9,136428.0,2025-01-21
2025012103013919,SAPDBL,45,41,700.0,1136.9,795830.0,2025-01-21
2025012103013918,SAPDBL,87,41,100.0,1136.9,113690.0,2025-01-21
2025012103013917,SAPDBL,87,41,300.0,1136.9,341070.0,2025-01-21
2025012103013916,SAPDBL,39,41,450.0,1136.9,511605.0,2025-01-21
2025012103013915,SAPDBL,50,41,300.0,1136.9,341070.0,2025-01-21
2025012103013914,SAPDBL,56,41,500.0,1137.0,568500.0,2025-01-21
2025012103013913,SAPDBL,60,41,50.0,1137.9,56895.0,2025-01-21
2025012103013912,SAPDBL,74,41,500.0,1137.9,568950.0,2025-01-21
2025012103013911,SAPDBL,71,41,400.0,1137.9,455160.0,2025-01-21
2025012103013910,SAPDBL,68,41,150.0,1141.7,171255.0,2025-01-21
2025012103013909,SAPDBL,8,41,100.0,1142.0,114200.0,2025-01-21
2025012103013908,SAPDBL,41,41,300.0,1142.0,342600.0,2025-01-21
2025012103013907,SAPDBL,10,41,50.0,1142.0,57100.0,2025-01-21
2025012103013906,SAPDBL,1,41,500.0,1142.0,571000.0,2025-01-21
2025012103013905,SAPDBL,75,41,1000.0,1142.7,1142700.0,2025-01-21
2025012103013904,SAPDBL,32,41,50.0,1144.2,57210.0,2025-01-21
2025012103013903,SAPDBL,96,41,400.0,1144.2,457680.0,2025-01-21
2025012103013902,SAPDBL,47,41,400.0,1144.2,457680.0,2025-01-21
2025012103013901,SAPDBL,60,41,80.0,1144.9,91592.0,2025-01-21
2025012103013900,SAPDBL,78,41,400.0,1145.0,458000.0,2025-01-21
2025012103013899,SAPDBL,38,41,100.0,1145.0,114500.0,2025-01-21
2025012103013898,SAPDBL,72,41,1000.0,1146.0,1146000.0,2025-01-21
2025012103013897,SAPDBL,16,41,35.0,1146.6,40131.0,2025-01-21
2025012103013896,SAPDBL,96,41,1000.0,1146.6,1146600.0,2025-01-21
2025012103013895,SAPDBL,45,41,30.0,1146.6,34398.0,2025-01-21
2025012103013894,SAPDBL,75,41,2000.0,1146.6,2293200.0,2025-01-21
2025012103013893,SAPDBL,41,41,1000.0,1147.0,1147000.0,2025-01-21
2025012103013892,SAPDBL,41,41,1000.0,1147.0,1147000.0,2025-01-21
2025012103013891,SAPDBL,14,41,90.0,1147.2,103248.0,2025-01-21
2025012103013890,SAPDBL,35,41,50.0,1148.8,57440.0,2025-01-21
2025012103013889,SAPDBL,16,41,200.0,1148.8,229760.0,2025-01-21
2025012103013888,SAPDBL,14,41,10.0,1148.8,11488.0,2025-01-21
2025012103013887,SAPDBL,41,41,1000.0,1149.0,1149000.0,2025-01-21
2025012103013886,SAPDBL,58,41,430.0,1149.0,494070.0,2025-01-21
2025012103013885,SAPDBL,92,41,10.0,1150.0,11500.0,2025-01-21
2025012103013884,SAPDBL,78,41,50.0,1151.0,57550.0,2025-01-21
2025012103013883,SAPDBL,39,41,33.0,1151.0,37983.0,2025-01-21
2025012103013882,SAPDBL,71,41,50.0,1151.0,57550.0,2025-01-21
2025012103013881,SAPDBL,92,41,982.0,1151.8,1131067.6,2025-01-21
2025012103013880,SAPDBL,39,41,100.0,1153.0,115300.0,2025-01-21
2025012103013879,SAPDBL,99,41,200.0,1153.1,230620.0,2025-01-21
2025012103013878,SAPDBL,42,41,10.0,1155.0,11550.0,2025-01-21
2025012103013877,SAPDBL,92,41,863.0,1156.4,997973.2,2025-01-21
2025012103013876,SAPDBL,40,41,100.0,1157.0,115700.0,2025-01-21
2025012103013875,SAPDBL,88,41,1000.0,1158.2,1158200.0,2025-01-21
2025012103013874,SAPDBL,71,41,53.0,1160.0,61480.0,2025-01-21
2025012103013873,SAPDBL,41,41,2000.0,1160.0,2320000.0,2025-01-21
2025012103013872,SAPDBL,1,41,20.0,1160.0,23200.0,2025-01-21
2025012103013871,SAPDBL,80,41,400.0,1160.1,464040.0,2025-01-21
2025012103013870,SAPDBL,80,41,4000.0,1160.1,4640400.0,2025-01-21
2025012103013869,SAPDBL,65,41,100.0,1160.1,116010.0,2025-01-21
2025012103013868,SAPDBL,80,41,169.0,1160.1,196056.9,2025-01-21
2025012103013867,SAPDBL,21,41,50.0,1160.2,58010.0,2025-01-21
2025012103013866,SAPDBL,71,41,50.0,1160.2,58010.0,2025-01-21
2025012105017225,NRM,58,13,490.0,510.0,249900.0,2025-01-21
2025012105017224,NRM,48,13,10.0,510.1,5101.0,2025-01-21
2025012104013177,UMRH,100,70,25.0,652.0,16300.0,2025-01-21
2025012104013176,UMRH,100,39,300.0,650.7,195210.0,2025-01-21
2025012104013175,UMRH,100,19,140.0,650.0,91000.0,2025-01-21
2025012104013174,UMRH,100,19,100.0,650.0,65000.0,2025-01-21
2025012104013173,UMRH,100,16,100.0,650.0,65000.0,2025-01-21
2025012104013172,UMRH,100,34,200.0,650.0,130000.0,2025-01-21
2025012104013171,UMRH,100,25,190.0,649.5,123405.0,2025-01-21
2025012104013170,UMRH,100,34,1000.0,649.0,649000.0,2025-01-21
2025012104013169,UMRH,100,8,100.0,649.0,64900.0,2025-01-21
2025012104013168,UMRH,100,50,50.0,649.0,32450.0,2025-01-21
2025012104013167,UMRH,100,4,480.0,649.0,311520.0,2025-01-21
2025012104013166,UMRH,100,37,715.0,648.5,463677.5,2025-01-21
2025012104013165,UMRH,100,66,250.0,646.9,161725.0,2025-01-21
2025012104013164,UMRH,100,34,850.0,646.0,549100.0,2025-01-21
2025012103013865,PFL,11,6,35.0,401.0,14035.0,2025-01-21
2025012105017223,SHIVM,26,59,100.0,556.3,55630.0,2025-01-21
2025012101024557,MKJC,49,5,10.0,569.0,5690.0,2025-01-21
2025012101024556,MHCL,48,54,20.0,547.0,10940.0,2025-01-21
2025012101024555,MHCL,48,1,480.0,547.0,262560.0,2025-01-21
2025012101024554,GBIME,43,1,1000.0,219.0,219000.0,2025-01-21
2025012103013864,SLBSL,66,50,90.0,1866.1,167949.0,2025-01-21
2025012103013863,SLBSL,26,50,150.0,1866.2,279930.0,2025-01-21
2025012103013862,SLBSL,62,50,100.0,1866.2,186620.0,2025-01-21
2025012103013861,SLBSL,75,50,40.0,1866.3,74652.0,2025-01-21
2025012103013860,SLBSL,36,50,20.0,1866.5,37330.0,2025-01-21
2025012104013163,BARUN,54,47,300.0,434.0,130200.0,2025-01-21
2025012104013162,BARUN,54,13,28.0,434.0,12152.0,2025-01-21
2025012103013859,SLBSL,56,43,11.0,1936.6,21302.6,2025-01-21
2025012103013858,SLBSL,56,34,100.0,1936.0,193600.0,2025-01-21
2025012103013857,SLBSL,56,38,50.0,1935.0,96750.0,2025-01-21
2025012103013856,SLBSL,56,57,15.0,1935.0,29025.0,2025-01-21
2025012103013855,SLBSL,56,62,200.0,1935.0,387000.0,2025-01-21
2025012103013854,SLBSL,56,14,700.0,1930.0,1351000.0,2025-01-21
2025012103013853,SLBSL,56,8,12.0,1930.0,23160.0,2025-01-21
2025012103013852,SLBSL,56,57,50.0,1930.0,96500.0,2025-01-21
2025012103013851,SLBSL,56,72,50.0,1928.8,96440.0,2025-01-21
2025012103013850,SLBSL,56,58,10.0,1927.8,19278.0,2025-01-21
2025012103013849,SLBSL,56,28,30.0,1927.5,57825.0,2025-01-21
2025012103013848,SLBSL,56,72,20.0,1925.0,38500.0,2025-01-21
2025012103013847,SLBSL,56,41,14.0,1925.0,26950.0,2025-01-21
2025012103013846,SLBSL,56,33,50.0,1924.5,96225.0,2025-01-21
2025012103013845,SLBSL,56,38,10.0,1920.0,19200.0,2025-01-21
2025012103013844,SLBSL,56,48,200.0,1920.0,384000.0,2025-01-21
2025012103013843,SLBSL,56,58,10.0,1912.0,19120.0,2025-01-21
2025012103013842,SLBSL,56,38,10.0,1912.0,19120.0,2025-01-21
2025012103013841,SLBSL,56,38,10.0,1910.4,19104.0,2025-01-21
2025012103013840,SLBSL,56,11,160.0,1910.0,305600.0,2025-01-21
2025012103013839,SLBSL,56,52,100.0,1905.0,190500.0,2025-01-21
2025012103013838,SLBSL,56,22,70.0,1900.0,133000.0,2025-01-21
2025012103013837,SLBSL,56,22,100.0,1900.0,190000.0,2025-01-21
2025012103013836,SLBSL,56,41,300.0,1900.0,570000.0,2025-01-21
2025012103013835,SLBSL,56,42,18.0,1900.0,34200.0,2025-01-21
2025012103013834,SLBSL,56,43,100.0,1899.9,189990.0,2025-01-21
2025012103013833,SLBSL,56,36,50.0,1899.7,94985.0,2025-01-21
2025012103013832,SLBSL,56,51,10.0,1895.0,18950.0,2025-01-21
2025012103013831,SLBSL,56,55,10.0,1893.0,18930.0,2025-01-21
2025012103013830,SLBSL,56,25,10.0,1893.0,18930.0,2025-01-21
2025012103013829,SLBSL,56,49,20.0,1892.0,37840.0,2025-01-21
2025012104013161,RIDI,74,29,400.0,224.0,89600.0,2025-01-21
2025012101024553,USHL,56,37,15.0,856.0,12840.0,2025-01-21
2025012103013828,SWMF,34,11,10.0,748.0,7480.0,2025-01-21
2025012103013827,SWMF,34,39,87.0,746.0,64902.0,2025-01-21
2025012103013826,GILB,34,45,10.0,1183.0,11830.0,2025-01-21
2025012105017222,NRIC,55,58,10.0,870.9,8709.0,2025-01-21
2025012104013160,NGPL,25,45,50.0,266.2,13310.0,2025-01-21
2025012101024552,TAMOR,44,28,10.0,568.0,5680.0,2025-01-21
2025012104013159,SGIC,13,13,50.0,693.0,34650.0,2025-01-21
2025012105017221,CHDC,56,32,10.0,1767.0,17670.0,2025-01-21
2025012101024551,CYCL,25,38,12.0,1520.1,18241.2,2025-01-21
2025012104013158,UNHPL,1,11,300.0,306.3,91890.0,2025-01-21
2025012101024550,DOLTI,57,62,210.0,843.1,177051.0,2025-01-21
2025012101024549,DOLTI,38,62,280.0,843.2,236096.0,2025-01-21
2025012103013825,ILBS,56,62,10.0,942.0,9420.0,2025-01-21
2025012101024548,BHPL,62,91,100.0,1085.0,108500.0,2025-01-21
2025012101024547,MHL,45,44,100.0,915.0,91500.0,2025-01-21
2025012105017220,SONA,50,88,430.0,472.0,202960.0,2025-01-21
2025012105017219,SONA,5,88,20.0,472.1,9442.0,2025-01-21
2025012105017218,CLI,19,28,307.0,704.0,216128.0,2025-01-21
2025012105017217,CLI,19,42,10.0,704.0,7040.0,2025-01-21
2025012105017216,CLI,19,34,10.0,704.0,7040.0,2025-01-21
2025012105017215,CLI,19,34,100.0,703.9,70390.0,2025-01-21
2025012105017214,CLI,19,19,100.0,703.9,70390.0,2025-01-21
2025012105017213,CLI,19,49,10.0,703.9,7039.0,2025-01-21
2025012105017212,CLI,19,94,453.0,703.5,318685.5,2025-01-21
2025012105017211,CLI,19,35,10.0,703.0,7030.0,2025-01-21
2025012104013157,GLH,48,65,10.0,252.9,2529.0,2025-01-21
2025012104013156,NICL,14,53,131.0,993.5,130148.5,2025-01-21
2025012105017210,MBJC,54,54,70.0,357.0,24990.0,2025-01-21
2025012105017209,MBJC,54,25,30.0,357.0,10710.0,2025-01-21
2025012105017208,SAHAS,1,36,50.0,484.0,24200.0,2025-01-21
2025012101024546,JBLB,49,26,46.0,1333.0,61318.0,2025-01-21
2025012101024545,NWCL,26,49,10.0,1000.0,10000.0,2025-01-21
2025012101024544,SMH,42,49,10.0,1070.3,10703.0,2025-01-21
2025012105017207,NRM,7,45,10.0,510.2,5102.0,2025-01-21
2025012103013824,SINDU,57,82,200.0,1031.0,206200.0,2025-01-21
2025012101024543,UNLB,38,34,50.0,2677.9,133895.0,2025-01-21
2025012105017206,NRN,60,62,10.0,1172.0,11720.0,2025-01-21
2025012101024542,NBL,4,59,900.0,247.0,222300.0,2025-01-21
2025012105017205,NTC,52,58,53.0,885.0,46905.0,2025-01-21
2025012105017204,NTC,52,62,30.0,885.0,26550.0,2025-01-21
2025012105017203,NTC,52,17,100.0,885.0,88500.0,2025-01-21
2025012105017202,NTC,52,41,100.0,885.0,88500.0,2025-01-21
2025012105017201,NTC,52,38,10.0,885.0,8850.0,2025-01-21
2025012105017200,NTC,52,47,100.0,885.0,88500.0,2025-01-21
2025012105017199,NTC,52,35,15.0,885.0,13275.0,2025-01-21
2025012105017198,NTC,52,39,26.0,884.9,23007.4,2025-01-21
2025012105017197,NTC,52,49,10.0,884.0,8840.0,2025-01-21
2025012105017196,NTC,52,33,50.0,883.0,44150.0,2025-01-21
2025012103013823,SIFC,42,45,25.0,526.0,13150.0,2025-01-21
2025012104013155,SGIC,13,45,10.0,693.0,6930.0,2025-01-21
2025012104013154,BARUN,45,13,100.0,434.0,43400.0,2025-01-21
2025012104013153,UMRH,69,34,10.0,646.0,6460.0,2025-01-21
2025012105017195,CIT,49,39,10.0,1978.0,19780.0,2025-01-21
2025012105017194,MEL,16,36,1000.0,356.1,356100.0,2025-01-21
2025012103013822,PFL,32,6,200.0,400.1,80020.0,2025-01-21
2025012104013152,NGPL,50,26,100.0,266.1,26610.0,2025-01-21
2025012103013821,DDBL,65,55,10.0,780.0,7800.0,2025-01-21
2025012103013820,DDBL,65,45,145.0,779.5,113027.5,2025-01-21
2025012103013819,DDBL,65,32,300.0,778.9,233670.0,2025-01-21
2025012103013818,DDBL,65,57,150.0,775.0,116250.0,2025-01-21
2025012103013817,NABBC,28,29,30.0,1127.0,33810.0,2025-01-21
2025012105017193,GCIL,53,37,11.0,510.0,5610.0,2025-01-21
2025012104013151,UMHL,49,42,50.0,337.0,16850.0,2025-01-21
2025012101024541,SBL,50,57,25.0,277.9,6947.5,2025-01-21
2025012103013816,SIFC,34,74,493.0,525.0,258825.0,2025-01-21
2025012103013815,SIFC,57,74,100.0,525.1,52510.0,2025-01-21
2025012103013814,SIFC,34,74,100.0,526.0,52600.0,2025-01-21
2025012103013813,SIFC,50,74,30.0,526.0,15780.0,2025-01-21
2025012103013812,SIFC,21,74,37.0,526.0,19462.0,2025-01-21
2025012103013811,SIFC,40,74,240.0,526.1,126264.0,2025-01-21
2025012104013150,PMHPL,57,51,39.0,285.1,11118.9,2025-01-21
2025012104013149,PMHPL,26,51,20.0,285.3,5706.0,2025-01-21
2025012104013148,PMHPL,46,51,10.0,286.2,2862.0,2025-01-21
2025012104013147,PMHPL,21,51,150.0,288.0,43200.0,2025-01-21
2025012104013146,PMHPL,38,51,100.0,288.0,28800.0,2025-01-21
2025012105017192,NIFRA,71,32,54.0,250.0,13500.0,2025-01-21
2025012101024540,SARBTM,32,42,10.0,787.9,7879.0,2025-01-21
2025012103013810,SINDU,8,11,100.0,1030.1,103010.0,2025-01-21
2025012103013809,NFS,45,17,11.0,756.0,8316.0,2025-01-21
2025012104013145,NLG,55,45,12.0,1084.0,13008.0,2025-01-21
2025012104013144,SALICO,58,45,500.0,733.6,366800.0,2025-01-21
2025012104013143,BARUN,46,39,400.0,433.0,173200.0,2025-01-21
2025012104013142,BARUN,13,39,100.0,433.1,43310.0,2025-01-21
2025012101024539,SPHL,4,99,10.0,850.0,8500.0,2025-01-21
2025012101024538,MSHL,42,33,10.0,940.0,9400.0,2025-01-21
2025012103013808,HLBSL,42,39,20.0,956.0,19120.0,2025-01-21
2025012103013807,HLI,70,4,150.0,466.8,70020.0,2025-01-21
2025012101024537,ULHC,33,42,495.0,548.0,271260.0,2025-01-21
2025012104013141,HPPL,94,56,100.0,512.1,51210.0,2025-01-21
2025012105017191,HRL,21,62,432.0,839.0,362448.0,2025-01-21
2025012105017190,HRL,21,8,68.0,838.0,56984.0,2025-01-21
2025012101024536,NYADI,25,56,36.0,600.0,21600.0,2025-01-21
2025012105017189,NIFRA,71,35,21.0,250.0,5250.0,2025-01-21
2025012105017188,NIFRA,8,35,249.0,250.0,62250.0,2025-01-21
2025012103013806,SFCL,57,32,140.0,575.0,80500.0,2025-01-21
2025012103013805,SFCL,57,57,642.0,575.0,369150.0,2025-01-21
2025012104013140,BARUN,38,13,72.0,434.0,31248.0,2025-01-21
2025012104013139,PRIN,62,47,10.0,997.0,9970.0,2025-01-21
2025012104013138,UMRH,59,34,100.0,646.0,64600.0,2025-01-21
2025012105017187,NRIC,55,19,10.0,870.9,8709.0,2025-01-21
2025012105017186,CHDC,39,33,10.0,1770.0,17700.0,2025-01-21
2025012105017185,HDL,47,39,37.0,1170.0,43290.0,2025-01-21
2025012105017184,HDL,66,39,13.0,1170.0,15210.0,2025-01-21
2025012105017183,HDL,26,39,50.0,1170.0,58500.0,2025-01-21
2025012103013804,GRDBL,72,8,40.0,1273.9,50956.0,2025-01-21
2025012103013803,SMPDA,42,50,10.0,929.0,9290.0,2025-01-21
2025012105017182,VLUCL,29,42,39.0,697.0,27183.0,2025-01-21
2025012105017181,VLUCL,6,42,66.0,697.0,46002.0,2025-01-21
2025012105017180,VLUCL,57,42,500.0,697.1,348550.0,2025-01-21
2025012105017179,VLUCL,45,42,55.0,697.3,38351.5,2025-01-21
2025012105017178,NRM,58,5,100.0,510.1,51010.0,2025-01-21
2025012105017177,CHDC,56,1,300.0,1767.0,530100.0,2025-01-21
2025012103013802,JFL,80,40,226.0,515.7,116548.2,2025-01-21
2025012104013137,HPPL,75,71,170.0,513.9,87363.0,2025-01-21
2025012105017176,VLUCL,17,69,49.0,704.0,34496.0,2025-01-21
2025012101024535,EBL,34,10,10.0,599.9,5999.0,2025-01-21
2025012104013136,CHCL,55,25,75.0,500.0,37500.0,2025-01-21
2025012103013801,RLFL,51,90,100.0,527.0,52700.0,2025-01-21
2025012101024534,DOLTI,74,64,100.0,845.0,84500.0,2025-01-21
2025012101024533,MHCL,57,1,10.0,547.0,5470.0,2025-01-21
2025012103013800,HLI,70,22,10.0,466.8,4668.0,2025-01-21
2025012103013799,MDB,50,22,10.0,625.1,6251.0,2025-01-21
2025012101024532,TVCL,22,35,372.0,583.0,216876.0,2025-01-21
2025012103013798,CFCL,6,22,438.0,540.1,236563.8,2025-01-21
2025012103013797,CFCL,35,22,102.0,541.0,55182.0,2025-01-21
2025012103013796,CFCL,85,22,200.0,541.1,108220.0,2025-01-21
2025012103013795,CFCL,53,22,260.0,541.2,140712.0,2025-01-21
2025012105017175,PHCL,60,13,85.0,576.0,48960.0,2025-01-21
2025012104013135,KKHC,59,44,10.0,378.0,3780.0,2025-01-21
2025012103013794,PMLI,49,16,12.0,578.0,6936.0,2025-01-21
2025012103013793,GFCL,6,6,20.0,716.8,14336.0,2025-01-21
2025012105017174,HRL,29,8,132.0,838.8,110721.6,2025-01-21
2025012104013134,GHL,4,8,10.0,204.0,2040.0,2025-01-21
2025012103013792,GMFIL,29,38,112.0,486.0,54432.0,2025-01-21
2025012103013791,GMFIL,29,36,88.0,485.0,42680.0,2025-01-21
2025012104013133,PPCL,40,62,93.0,296.0,27528.0,2025-01-21
2025012105017173,CHDC,56,56,1.0,1767.0,1767.0,2025-01-21
2025012104013132,SHEL,59,34,80.0,249.3,19944.0,2025-01-21
2025012104013131,SHEL,48,34,100.0,249.4,24940.0,2025-01-21
2025012104013130,SHEL,16,34,145.0,249.4,36163.0,2025-01-21
2025012105017172,NRM,58,34,800.0,510.0,408000.0,2025-01-21
2025012103013790,SIFC,40,49,10.0,526.1,5261.0,2025-01-21
2025012103013789,GRDBL,72,28,46.0,1273.9,58599.4,2025-01-21
2025012101024531,MHCL,45,49,10.0,545.0,5450.0,2025-01-21
2025012104013129,PPCL,90,62,66.0,296.0,19536.0,2025-01-21
2025012104013128,PPCL,90,34,134.0,296.0,39664.0,2025-01-21
2025012103013788,NFS,41,17,30.0,756.0,22680.0,2025-01-21
2025012104013127,UMRH,77,22,50.0,645.0,32250.0,2025-01-21
2025012103013787,NFS,41,21,70.0,755.6,52892.0,2025-01-21
2025012104013126,BARUN,38,41,190.0,434.0,82460.0,2025-01-21
2025012101024530,NWCL,26,38,300.0,1000.0,300000.0,2025-01-21
2025012101024529,CITY,77,11,50.0,914.9,45745.0,2025-01-21
2025012101024528,CITY,77,42,12.0,914.9,10978.8,2025-01-21
2025012101024527,CITY,77,35,10.0,913.0,9130.0,2025-01-21
2025012101024526,SARBTM,19,19,27.0,786.0,21222.0,2025-01-21
2025012101024525,SARBTM,49,19,35.0,786.0,27510.0,2025-01-21
2025012103013786,PMLI,49,53,50.0,578.0,28900.0,2025-01-21
2025012103013785,KSBBL,43,53,435.0,435.0,189225.0,2025-01-21
2025012104013125,RIDI,43,11,1.0,220.0,220.0,2025-01-21
2025012104013124,SHPC,43,60,10.0,470.0,4700.0,2025-01-21
2025012104013123,HPPL,94,14,190.0,512.1,97299.0,2025-01-21
2025012105017171,NRM,58,4,1050.0,510.0,535500.0,2025-01-21
2025012105017170,SAHAS,33,36,40.0,484.0,19360.0,2025-01-21
2025012105017169,MEL,14,70,50.0,357.0,17850.0,2025-01-21
2025012104013122,CHCL,55,26,156.0,500.0,78000.0,2025-01-21
2025012105017168,NRM,58,17,493.0,510.0,251430.0,2025-01-21
2025012104013121,AKPL,7,58,50.0,233.9,11695.0,2025-01-21
2025012101024524,TSHL,35,17,10.0,863.0,8630.0,2025-01-21
2025012101024523,SNLI,49,19,50.0,637.0,31850.0,2025-01-21
2025012104013120,NGPL,50,49,100.0,266.1,26610.0,2025-01-21
2025012105017167,SAHAS,33,22,160.0,484.0,77440.0,2025-01-21
2025012105017166,SAHAS,45,22,40.0,484.0,19360.0,2025-01-21
2025012104013119,HDHPC,22,1,235.0,194.3,45660.5,2025-01-21
2025012104013118,HDHPC,22,45,15.0,194.1,2911.5,2025-01-21
2025012104013117,AKPL,35,32,230.0,233.5,53705.0,2025-01-21
2025012101024522,KBSH,20,49,10.0,2445.0,24450.0,2025-01-21
2025012101024521,BEDC,42,38,500.0,750.0,375000.0,2025-01-21
2025012104013116,NHDL,88,45,150.0,893.0,133950.0,2025-01-21
2025012103013784,PFL,5,38,70.0,402.0,28140.0,2025-01-21
2025012103013783,PFL,5,22,10.0,401.0,4010.0,2025-01-21
2025012103013782,PFL,5,42,20.0,400.1,8002.0,2025-01-21
2025012105017165,SHIVM,39,36,50.0,556.4,27820.0,2025-01-21
2025012101024520,RHGCL,54,8,20.0,616.0,12320.0,2025-01-21
2025012104013115,DHPL,42,57,490.0,312.0,152880.0,2025-01-21
2025012104013114,DHPL,42,7,20.0,312.0,6240.0,2025-01-21
2025012104013113,AKJCL,40,55,60.0,194.5,11670.0,2025-01-21
2025012103013781,NFS,38,21,30.0,755.6,22668.0,2025-01-21
2025012104013112,API,35,42,50.0,265.0,13250.0,2025-01-21
2025012104013111,API,35,53,100.0,265.0,26500.0,2025-01-21
2025012104013110,API,35,4,100.0,265.0,26500.0,2025-01-21
2025012104013109,API,35,42,200.0,265.0,53000.0,2025-01-21
2025012104013108,API,35,57,50.0,265.0,13250.0,2025-01-21
2025012104013107,API,35,40,1260.0,265.0,333900.0,2025-01-21
2025012104013106,API,35,45,55.0,265.0,14575.0,2025-01-21
2025012104013105,API,35,3,1413.0,264.9,374303.7,2025-01-21
2025012104013104,UNHPL,49,5,10.0,307.0,3070.0,2025-01-21
2025012101024519,MEHL,52,49,600.0,530.0,318000.0,2025-01-21
2025012105017164,SAHAS,45,38,10.0,484.0,4840.0,2025-01-21
2025012103013780,PROFL,52,55,100.0,546.0,54600.0,2025-01-21
2025012104013103,GLH,48,41,100.0,252.3,25230.0,2025-01-21
2025012103013779,NLIC,43,50,20.0,822.0,16440.0,2025-01-21
2025012103013778,NLIC,35,50,50.0,822.0,41100.0,2025-01-21
2025012103013777,NLIC,45,50,20.0,822.0,16440.0,2025-01-21
2025012103013776,NLIC,6,50,50.0,822.2,41110.0,2025-01-21
2025012103013775,NLIC,38,50,357.0,822.3,293561.1,2025-01-21
2025012103013774,NLIC,1,50,500.0,822.3,411150.0,2025-01-21
2025012101024518,MCHL,54,42,10.0,639.0,6390.0,2025-01-21
2025012103013773,MDB,26,70,10.0,626.0,6260.0,2025-01-21
2025012101024517,USHEC,63,77,10.0,680.0,6800.0,2025-01-21
2025012103013772,ALICL,43,1,10.0,733.5,7335.0,2025-01-21
2025012103013771,NABBC,28,56,440.0,1127.0,495880.0,2025-01-21
2025012103013770,NABBC,21,56,100.0,1127.0,112700.0,2025-01-21
2025012103013769,NABBC,55,56,800.0,1127.0,901600.0,2025-01-21
2025012103013768,NABBC,49,56,20.0,1127.0,22540.0,2025-01-21
2025012103013767,NABBC,17,56,500.0,1128.0,564000.0,2025-01-21
2025012103013766,JBBL,21,25,38.0,349.0,13262.0,2025-01-21
2025012103013765,JBBL,21,45,112.0,349.0,39088.0,2025-01-21
2025012101024516,HEIP,17,17,10.0,456.8,4568.0,2025-01-21
2025012105017163,HRL,29,34,31.0,838.8,26002.8,2025-01-21
2025012105017162,PHCL,60,3,10.0,576.0,5760.0,2025-01-21
2025012104013102,HPPL,35,71,10.0,513.9,5139.0,2025-01-21
2025012104013101,JOSHI,49,45,10.0,412.0,4120.0,2025-01-21
2025012104013100,MEN,34,57,42.0,596.0,25032.0,2025-01-21
2025012104013099,MEN,49,57,20.0,597.0,11940.0,2025-01-21
2025012101024515,KBL,18,13,469.0,196.0,91924.0,2025-01-21
2025012101024514,KBL,39,13,10.0,196.0,1960.0,2025-01-21
2025012101024513,KBL,96,13,21.0,196.0,4116.0,2025-01-21
2025012101024512,SHLB,50,32,10.0,2530.1,25301.0,2025-01-21
2025012101024511,MMKJL,42,20,150.0,775.0,116250.0,2025-01-21
2025012101024510,MMKJL,7,20,130.0,775.0,100750.0,2025-01-21
2025012103013764,JBBL,32,52,65.0,348.9,22678.5,2025-01-21
2025012103013763,GRDBL,72,52,100.0,1273.9,127390.0,2025-01-21
2025012101024509,SPC,20,19,170.0,565.0,96050.0,2025-01-21
2025012101024508,SPC,34,19,30.0,565.5,16965.0,2025-01-21
2025012101024507,KBSH,53,49,40.0,2445.0,97800.0,2025-01-21
2025012101024506,KBSH,53,42,10.0,2445.0,24450.0,2025-01-21
2025012101024505,BGWT,47,39,100.0,1055.5,105550.0,2025-01-21
2025012101024504,BGWT,7,39,200.0,1056.0,211200.0,2025-01-21
2025012105017161,HIDCL,42,8,350.0,236.9,82915.0,2025-01-21
2025012104013098,SICL,26,28,10.0,803.9,8039.0,2025-01-21
2025012104013097,SICL,26,49,156.0,803.0,125268.0,2025-01-21
2025012104013096,SICL,26,42,10.0,803.0,8030.0,2025-01-21
2025012104013095,SICL,26,49,47.0,802.9,37736.3,2025-01-21
2025012104013094,SICL,26,43,15.0,802.9,12043.5,2025-01-21
2025012104013093,SICL,26,34,250.0,802.0,200500.0,2025-01-21
2025012104013092,SICL,26,34,50.0,801.0,40050.0,2025-01-21
2025012104013091,SICL,26,52,50.0,801.0,40050.0,2025-01-21
2025012104013090,SICL,26,37,12.0,801.0,9612.0,2025-01-21
2025012101024503,MANDU,57,42,147.0,959.0,140973.0,2025-01-21
2025012101024502,MANDU,13,42,50.0,960.0,48000.0,2025-01-21
2025012105017160,NRM,58,42,923.0,510.0,470730.0,2025-01-21
2025012105017159,SONA,50,37,200.0,472.0,94400.0,2025-01-21
2025012101024501,MKJC,29,5,10.0,570.0,5700.0,2025-01-21
2025012101024500,MHL,66,42,10.0,915.0,9150.0,2025-01-21
2025012104013089,RADHI,3,34,10.0,347.5,3475.0,2025-01-21
2025012101024499,RFPL,3,62,20.0,1210.0,24200.0,2025-01-21
2025012101024498,ULHC,33,95,180.0,548.0,98640.0,2025-01-21
2025012103013762,PROFL,57,49,200.0,545.0,109000.0,2025-01-21
2025012105017158,CLI,68,94,47.0,703.5,33064.5,2025-01-21
2025012105017157,CLI,68,45,10.0,703.0,7030.0,2025-01-21
2025012104013088,KPCL,32,57,345.0,540.0,186300.0,2025-01-21
2025012104013087,KPCL,32,22,155.0,539.9,83684.5,2025-01-21
2025012105017156,RNLI,21,91,11.0,524.0,5764.0,2025-01-21
2025012105017155,SHIVM,65,36,120.0,556.4,66768.0,2025-01-21
2025012105017154,SHIVM,32,36,20.0,556.5,11130.0,2025-01-21
2025012104013086,BARUN,38,13,168.0,434.0,72912.0,2025-01-21
2025012104013085,BARUN,38,44,70.0,434.0,30380.0,2025-01-21
2025012104013084,UMRH,69,34,10.0,646.0,6460.0,2025-01-21
2025012105017153,CHDC,56,43,40.0,1767.0,70680.0,2025-01-21
2025012105017152,CHDC,39,43,30.0,1767.1,53013.0,2025-01-21
2025012105017151,CHDC,36,43,30.0,1767.2,53016.0,2025-01-21
2025012104013083,JOSHI,34,45,100.0,412.0,41200.0,2025-01-21
2025012104013082,JOSHI,34,45,20.0,412.0,8240.0,2025-01-21
2025012101024497,BHDC,14,99,30.0,710.0,21300.0,2025-01-21
2025012101024496,BHDC,14,51,10.0,708.0,7080.0,2025-01-21
2025012101024495,BHDC,14,58,10.0,706.0,7060.0,2025-01-21
2025012101024494,BHDC,14,20,280.0,705.9,197652.0,2025-01-21
2025012103013761,SMPDA,41,42,24.0,911.1,21866.4,2025-01-21
2025012103013760,SMPDA,42,42,302.0,912.0,275424.0,2025-01-21
2025012103013759,SMPDA,41,42,74.0,912.1,67495.4,2025-01-21
2025012105017150,HIDCL,42,34,200.0,236.9,47380.0,2025-01-21
2025012103013758,SFCL,29,57,65.0,575.0,37375.0,2025-01-21
2025012101024493,NYADI,38,56,300.0,600.0,180000.0,2025-01-21
2025012105017149,NRIC,55,88,212.0,873.0,185076.0,2025-01-21
2025012105017148,NRIC,55,49,100.0,873.0,87300.0,2025-01-21
2025012105017147,NRIC,55,25,50.0,873.0,43650.0,2025-01-21
2025012105017146,NRIC,55,41,102.0,873.0,89046.0,2025-01-21
2025012105017145,NRIC,55,57,200.0,873.0,174600.0,2025-01-21
2025012105017144,NRIC,55,46,30.0,873.0,26190.0,2025-01-21
2025012105017143,NRIC,55,74,50.0,873.0,43650.0,2025-01-21
2025012105017142,NRIC,55,58,65.0,873.0,56745.0,2025-01-21
2025012105017141,NRIC,55,49,35.0,873.0,30555.0,2025-01-21
2025012105017140,NRIC,55,43,30.0,872.9,26187.0,2025-01-21
2025012105017139,NRIC,55,53,100.0,872.8,87280.0,2025-01-21
2025012105017138,NRIC,55,39,10.0,872.8,8728.0,2025-01-21
2025012105017137,NRIC,55,55,500.0,872.0,436000.0,2025-01-21
2025012105017136,NRIC,55,49,20.0,872.0,17440.0,2025-01-21
2025012105017135,NRIC,55,52,200.0,871.0,174200.0,2025-01-21
2025012105017134,NRIC,55,13,296.0,871.0,257816.0,2025-01-21
2025012105017133,CHDC,83,33,47.0,1770.0,83190.0,2025-01-21
2025012105017132,CHDC,83,14,50.0,1770.0,88500.0,2025-01-21
2025012105017131,CHDC,83,41,10.0,1770.0,17700.0,2025-01-21
2025012105017130,CHDC,83,64,150.0,1770.0,265500.0,2025-01-21
2025012105017129,CHDC,83,14,12.0,1770.0,21240.0,2025-01-21
2025012105017128,CHDC,83,19,98.0,1770.0,173460.0,2025-01-21
2025012105017127,CHDC,83,14,133.0,1770.0,235410.0,2025-01-21
2025012104013081,HPPL,94,57,200.0,512.1,102420.0,2025-01-21
2025012105017126,NIFRA,60,36,10.0,251.0,2510.0,2025-01-21
2025012105017125,VLUCL,45,36,20.0,697.3,13946.0,2025-01-21
2025012104013080,HDHPC,38,67,250.0,194.0,48500.0,2025-01-21
2025012104013079,HDHPC,17,67,785.0,194.0,152290.0,2025-01-21
2025012104013078,HDHPC,32,67,1000.0,194.1,194100.0,2025-01-21
2025012104013077,HDHPC,49,67,25.0,194.1,4852.5,2025-01-21
2025012101024492,SIKLES,77,95,15.0,901.0,13515.0,2025-01-21
2025012101024491,AHL,77,45,10.0,799.0,7990.0,2025-01-21
2025012101024490,KBL,59,77,150.0,196.3,29445.0,2025-01-21
2025012105017124,HRL,52,62,579.0,839.0,485781.0,2025-01-21
2025012105017123,HRL,52,14,272.0,838.9,228180.8,2025-01-21
2025012105017122,PHCL,60,19,100.0,576.0,57600.0,2025-01-21
2025012105017121,MEL,43,48,314.0,357.7,112317.8,2025-01-21
2025012105017120,MEL,43,35,10.0,357.6,3576.0,2025-01-21
2025012105017119,MEL,43,38,176.0,357.6,62937.6,2025-01-21
2025012105017118,SMJC,43,45,10.0,566.0,5660.0,2025-01-21
2025012103013757,NFS,14,17,59.0,756.0,44604.0,2025-01-21
2025012103013756,NFS,14,38,41.0,756.0,30996.0,2025-01-21
2025012101024489,NICA,8,41,100.0,359.0,35900.0,2025-01-21
2025012101024488,NBL,87,59,30.0,247.8,7434.0,2025-01-21
2025012103013755,LBBL,66,25,10.0,449.9,4499.0,2025-01-21
2025012105017117,MEL,34,35,50.0,357.0,17850.0,2025-01-21
2025012104013076,SGIC,13,38,420.0,693.0,291060.0,2025-01-21
2025012104013075,SGIC,13,47,20.0,691.7,13834.0,2025-01-21
2025012103013754,EDBL,49,44,100.0,581.0,58100.0,2025-01-21
2025012105017116,CIT,49,39,19.0,1979.0,37601.0,2025-01-21
2025012104013074,CHCL,22,26,144.0,500.0,72000.0,2025-01-21
2025012101024487,SMH,22,80,10.0,1088.9,10889.0,2025-01-21
2025012101024486,SIKLES,3,32,40.0,900.0,36000.0,2025-01-21
2025012101024485,SIKLES,34,32,60.0,900.0,54000.0,2025-01-21
2025012104013073,SJCL,3,77,45.0,355.2,15984.0,2025-01-21
2025012104013072,SJCL,50,77,300.0,355.3,106590.0,2025-01-21
2025012104013071,SJCL,57,77,50.0,355.3,17765.0,2025-01-21
2025012103013753,BFC,53,39,10.0,615.0,6150.0,2025-01-21
2025012103013752,JFL,80,14,241.0,515.7,124283.7,2025-01-21
2025012105017115,NRN,60,65,200.0,1172.0,234400.0,2025-01-21
2025012101024484,UHEWA,50,70,345.0,845.1,291559.5,2025-01-21
2025012101024483,UHEWA,65,70,70.0,847.0,59290.0,2025-01-21
2025012101024482,UHEWA,39,70,60.0,847.0,50820.0,2025-01-21
2025012105017114,SMATA,40,42,10.0,849.0,8490.0,2025-01-21
2025012105017113,NRM,58,7,10.0,510.0,5100.0,2025-01-21
2025012104013070,SGIC,14,92,45.0,691.6,31122.0,2025-01-21
2025012105017112,CHDC,36,86,16.0,1769.9,28318.4,2025-01-21
2025012103013751,RLFL,51,41,100.0,527.0,52700.0,2025-01-21
2025012104013069,UMRH,77,34,10.0,646.0,6460.0,2025-01-21
2025012105017111,NRM,58,38,10.0,510.0,5100.0,2025-01-21
2025012105017110,HDL,26,19,50.0,1170.0,58500.0,2025-01-21
2025012105017109,HRL,29,34,237.0,838.8,198795.6,2025-01-21
2025012104013068,HEI,32,29,21.0,642.6,13494.6,2025-01-21
2025012104013067,HEI,48,29,144.0,644.0,92736.0,2025-01-21
2025012103013750,PFL,17,42,30.0,400.1,12003.0,2025-01-21
2025012103013749,GRDBL,72,75,2500.0,1273.9,3184750.0,2025-01-21
2025012103013748,USLB,57,56,50.0,1500.0,75000.0,2025-01-21
2025012105017108,MBJC,44,25,10.0,357.0,3570.0,2025-01-21
2025012103013747,SMFBS,56,14,10.0,1924.0,19240.0,2025-01-21
2025012103013746,BFC,53,35,50.0,614.9,30745.0,2025-01-21
2025012101024481,EBL,13,10,16.0,599.9,9598.4,2025-01-21
2025012103013745,SWBBL,22,6,33.0,865.0,28545.0,2025-01-21
2025012103013744,SWBBL,22,42,120.0,865.0,103800.0,2025-01-21
2025012105017107,HRL,49,13,1.0,836.0,836.0,2025-01-21
2025012101024480,SGHC,32,80,100.0,561.0,56100.0,2025-01-21
2025012101024479,SGHC,81,80,25.0,561.0,14025.0,2025-01-21
2025012101024478,SGHC,21,80,100.0,561.1,56110.0,2025-01-21
2025012101024477,SGHC,92,80,1115.0,561.5,626072.5,2025-01-21
2025012101024476,SGHC,32,80,30.0,562.0,16860.0,2025-01-21
2025012105017106,NRM,58,11,200.0,510.0,102000.0,2025-01-21
2025012104013066,PRIN,62,6,91.0,995.0,90545.0,2025-01-21
2025012104013065,PRIN,62,45,40.0,995.0,39800.0,2025-01-21
2025012104013064,PRIN,62,48,100.0,995.0,99500.0,2025-01-21
2025012104013063,JOSHI,38,45,50.0,413.0,20650.0,2025-01-21
2025012101024475,NYADI,6,5,50.0,601.0,30050.0,2025-01-21
2025012104013062,NLG,55,6,250.0,1084.0,271000.0,2025-01-21
2025012101024474,KBL,96,50,979.0,196.0,191884.0,2025-01-21
2025012101024473,KBL,34,50,180.0,196.0,35280.0,2025-01-21
2025012101024472,KBL,75,50,661.0,196.1,129622.1,2025-01-21
2025012103013743,SWBBL,50,42,10.0,865.0,8650.0,2025-01-21
2025012105017105,NRM,58,45,100.0,510.0,51000.0,2025-01-21
2025012101024471,SHLB,57,45,10.0,2530.2,25302.0,2025-01-21
2025012103013742,PROFL,45,55,170.0,546.0,92820.0,2025-01-21
2025012105017104,GCIL,29,13,383.0,510.9,195674.7,2025-01-21
2025012105017103,GCIL,29,59,23.0,510.0,11730.0,2025-01-21
2025012105017102,GCIL,29,38,22.0,510.0,11220.0,2025-01-21
2025012105017101,GCIL,29,25,11.0,510.0,5610.0,2025-01-21
2025012105017100,GCIL,29,48,300.0,510.0,153000.0,2025-01-21
2025012105017099,GCIL,29,51,11.0,510.0,5610.0,2025-01-21
2025012105017098,GCIL,29,58,400.0,510.0,204000.0,2025-01-21
2025012105017097,GCIL,29,45,11.0,510.0,5610.0,2025-01-21
2025012105017096,GCIL,29,22,31.0,510.0,15810.0,2025-01-21
2025012105017095,GCIL,29,62,256.0,510.0,130560.0,2025-01-21
2025012105017094,GCIL,29,39,31.0,509.9,15806.9,2025-01-21
2025012105017093,GCIL,29,29,11.0,509.3,5602.3,2025-01-21
2025012105017092,GCIL,29,22,10.0,509.3,5093.0,2025-01-21
2025012103013741,SFCL,42,57,100.0,575.0,57500.0,2025-01-21
2025012105017091,NRM,58,42,490.0,510.0,249900.0,2025-01-21
2025012103013740,NLIC,1,42,400.0,822.3,328920.0,2025-01-21
2025012103013739,NLIC,1,42,100.0,822.3,82230.0,2025-01-21
2025012103013738,NABBC,56,55,100.0,1128.1,112810.0,2025-01-21
2025012101024470,BHDC,56,20,20.0,705.9,14118.0,2025-01-21
2025012104013061,SGIC,47,47,80.0,691.7,55336.0,2025-01-21
2025012101024469,SARBTM,49,34,65.0,786.0,51090.0,2025-01-21
2025012101024468,SARBTM,48,34,10.0,786.0,7860.0,2025-01-21
2025012103013737,SFCL,57,57,50.0,575.0,28750.0,2025-01-21
2025012105017090,NRN,60,57,120.0,1172.0,140640.0,2025-01-21
2025012103013736,RLFL,86,41,300.0,526.8,158040.0,2025-01-21
2025012104013060,HEI,48,16,50.0,644.0,32200.0,2025-01-21
2025012103013735,SADBL,53,59,352.0,390.0,137280.0,2025-01-21
2025012103013734,PFL,22,52,170.0,400.1,68017.0,2025-01-21
2025012103013733,PFL,4,52,25.0,401.0,10025.0,2025-01-21
2025012103013732,PFL,48,52,300.0,401.0,120300.0,2025-01-21
2025012101024467,MKHL,45,70,10.0,653.9,6539.0,2025-01-21
2025012104013059,OHL,36,45,140.0,893.0,125020.0,2025-01-21
2025012104013058,OHL,53,45,51.0,896.0,45696.0,2025-01-21
2025012105017089,MBJC,6,45,150.0,355.4,53310.0,2025-01-21
2025012101024466,NWCL,26,29,10.0,1000.0,10000.0,2025-01-21
2025012101024465,NWCL,26,58,100.0,1000.0,100000.0,2025-01-21
2025012101024464,NWCL,26,49,10.0,1000.0,10000.0,2025-01-21
2025012101024463,TSHL,42,36,90.0,856.0,77040.0,2025-01-21
2025012104013057,UNHPL,38,56,500.0,306.1,153050.0,2025-01-21
2025012105017088,ENL,95,52,60.0,1190.0,71400.0,2025-01-21
2025012103013731,SINDU,34,82,10.0,1031.0,10310.0,2025-01-21
2025012104013056,HDHPC,49,34,25.0,194.1,4852.5,2025-01-21
2025012101024462,BHPL,62,13,100.0,1085.0,108500.0,2025-01-21
2025012105017087,MEL,32,38,200.0,357.6,71520.0,2025-01-21
2025012104013055,GLH,45,41,353.0,250.1,88285.3,2025-01-21
2025012104013054,GLH,13,41,10.0,250.2,2502.0,2025-01-21
2025012104013053,GLH,42,41,100.0,250.5,25050.0,2025-01-21
2025012104013052,GLH,21,41,50.0,250.6,12530.0,2025-01-21
2025012104013051,GLH,11,41,65.0,251.0,16315.0,2025-01-21
2025012104013050,GLH,48,41,20.0,251.9,5038.0,2025-01-21
2025012104013049,GLH,48,41,402.0,252.0,101304.0,2025-01-21
2025012104013048,KKHC,59,25,10.0,375.1,3751.0,2025-01-21
2025012104013047,IGI,13,59,105.0,594.2,62391.0,2025-01-21
2025012104013046,IGI,37,59,300.0,594.4,178320.0,2025-01-21
2025012104013045,IGI,82,59,370.0,594.6,220002.0,2025-01-21
2025012104013044,IGI,6,59,50.0,595.0,29750.0,2025-01-21
2025012104013043,IGI,37,59,300.0,595.0,178500.0,2025-01-21
2025012104013042,IGI,22,59,50.0,595.1,29755.0,2025-01-21
2025012104013041,IGI,26,59,50.0,596.0,29800.0,2025-01-21
2025012101024461,KBL,59,44,250.0,196.8,49200.0,2025-01-21
2025012101024460,RHGCL,54,52,100.0,616.0,61600.0,2025-01-21
2025012101024459,NYADI,57,19,199.0,598.0,119002.0,2025-01-21
2025012101024458,NYADI,56,19,301.0,598.0,179998.0,2025-01-21
2025012101024457,NYADI,21,19,500.0,598.1,299050.0,2025-01-21
2025012104013040,RIDI,74,43,158.0,224.0,35392.0,2025-01-21
2025012101024456,MHCL,45,39,50.0,545.0,27250.0,2025-01-21
2025012104013039,RHPL,58,6,80.0,448.0,35840.0,2025-01-21
2025012104013038,RHPL,57,6,219.0,448.1,98133.9,2025-01-21
2025012101024455,NBL,4,45,307.0,247.0,75829.0,2025-01-21
2025012101024454,NBL,58,45,33.0,247.0,8151.0,2025-01-21
2025012101024453,NBL,20,45,500.0,247.1,123550.0,2025-01-21
2025012101024452,NBL,7,45,300.0,247.1,74130.0,2025-01-21
2025012101024451,NBL,58,45,210.0,247.1,51891.0,2025-01-21
2025012101024450,NBL,6,45,500.0,247.5,123750.0,2025-01-21
2025012101024449,NBL,26,45,250.0,247.8,61950.0,2025-01-21
2025012105017086,GCIL,37,26,99.0,509.1,50400.9,2025-01-21
2025012105017085,GCIL,38,26,43.0,509.1,21891.3,2025-01-21
2025012105017084,SMATA,42,51,20.0,849.0,16980.0,2025-01-21
2025012101024448,SIKLES,34,42,10.0,900.0,9000.0,2025-01-21
2025012104013037,BPCL,6,42,113.0,380.1,42951.3,2025-01-21
2025012104013036,BPCL,13,42,155.0,381.0,59055.0,2025-01-21
2025012104013035,RADHI,3,37,10.0,346.5,3465.0,2025-01-21
2025012104013034,SHL,34,1,100.0,500.0,50000.0,2025-01-21
2025012104013033,SPDL,51,34,1780.0,325.7,579746.0,2025-01-21
2025012104013032,SPDL,45,34,920.0,326.0,299920.0,2025-01-21
2025012105017083,SHIVM,32,49,80.0,556.5,44520.0,2025-01-21
2025012105017082,SMJC,43,32,10.0,566.0,5660.0,2025-01-21
2025012101024447,PPL,19,62,425.0,600.0,255000.0,2025-01-21
2025012101024446,PPL,71,62,100.0,600.0,60000.0,2025-01-21
2025012101024445,PPL,8,62,100.0,600.0,60000.0,2025-01-21
2025012101024444,PPL,88,62,200.0,600.0,120000.0,2025-01-21
2025012101024443,PPL,45,62,163.0,600.0,97800.0,2025-01-21
2025012101024442,PPL,53,62,100.0,601.0,60100.0,2025-01-21
2025012103013730,FMDBL,50,38,170.0,715.0,121550.0,2025-01-21
2025012105017081,HRL,52,52,20.0,838.0,16760.0,2025-01-21
2025012104013031,HURJA,52,35,880.0,229.9,202312.0,2025-01-21
2025012104013030,HURJA,52,32,40.0,229.9,9196.0,2025-01-21
2025012104013029,HURJA,52,66,80.0,229.8,18384.0,2025-01-21
2025012104013028,NHDL,88,45,90.0,893.0,80370.0,2025-01-21
2025012104013027,NHDL,88,29,160.0,892.0,142720.0,2025-01-21
2025012103013729,GRDBL,72,71,300.0,1273.9,382170.0,2025-01-21
2025012105017080,CLI,59,19,50.0,702.0,35100.0,2025-01-21
2025012104013026,GLH,48,48,271.0,252.0,68292.0,2025-01-21
2025012104013025,GLH,48,48,127.0,252.0,32004.0,2025-01-21
2025012101024441,TPC,50,43,203.0,575.0,116725.0,2025-01-21
2025012101024440,TPC,62,43,97.0,575.0,55775.0,2025-01-21
2025012105017079,HDL,45,50,20.0,1170.0,23400.0,2025-01-21
2025012105017078,HDL,50,50,10.0,1170.0,11700.0,2025-01-21
2025012105017077,HDL,35,50,10.0,1170.0,11700.0,2025-01-21
2025012105017076,HDL,35,50,12.0,1170.0,14040.0,2025-01-21
2025012105017075,HDL,14,50,20.0,1170.0,23400.0,2025-01-21
2025012105017074,HDL,35,50,50.0,1170.0,58500.0,2025-01-21
2025012105017073,HDL,38,50,10.0,1170.0,11700.0,2025-01-21
2025012105017072,HDL,58,50,10.0,1170.0,11700.0,2025-01-21
2025012105017071,HDL,56,50,277.0,1170.0,324090.0,2025-01-21
2025012105017070,SONA,50,57,100.0,472.0,47200.0,2025-01-21
2025012105017069,SONA,50,55,187.0,472.0,88264.0,2025-01-21
2025012103013728,GUFL,42,50,69.0,607.0,41883.0,2025-01-21
2025012103013727,GUFL,55,50,75.0,609.0,45675.0,2025-01-21
2025012103013726,GUFL,32,50,56.0,609.0,34104.0,2025-01-21
2025012104013024,UNHPL,38,26,500.0,306.1,153050.0,2025-01-21
2025012105017068,NIFRA,8,26,251.0,250.0,62750.0,2025-01-21
2025012105017067,NIFRA,56,26,60.0,250.0,15000.0,2025-01-21
2025012105017066,NIFRA,22,26,89.0,250.0,22250.0,2025-01-21
2025012101024439,SANIMA,25,40,50.0,293.0,14650.0,2025-01-21
2025012103013725,SMPDA,42,50,41.0,929.0,38089.0,2025-01-21
2025012103013724,SMPDA,42,48,40.0,928.9,37156.0,2025-01-21
2025012103013723,SMPDA,42,13,19.0,928.5,17641.5,2025-01-21
2025012103013722,SMPDA,42,39,14.0,925.0,12950.0,2025-01-21
2025012103013721,SMPDA,42,5,36.0,920.0,33120.0,2025-01-21
2025012103013720,SMPDA,42,22,50.0,920.0,46000.0,2025-01-21
2025012103013719,GUFL,55,34,50.0,609.5,30475.0,2025-01-21
2025012101024438,BGWT,74,57,104.0,1060.0,110240.0,2025-01-21
2025012104013023,AKJCL,89,34,10.0,194.4,1944.0,2025-01-21
2025012103013718,VLBS,34,26,10.0,821.8,8218.0,2025-01-21
2025012105017065,NRIC,75,13,204.0,871.0,177684.0,2025-01-21
2025012105017064,GCIL,38,13,23.0,509.1,11709.3,2025-01-21
2025012103013717,JFL,62,19,200.0,516.0,103200.0,2025-01-21
2025012101024437,TSHL,54,36,100.0,856.8,85680.0,2025-01-21
2025012101024436,TSHL,25,36,10.0,856.9,8569.0,2025-01-21
2025012101024435,TSHL,36,36,100.0,857.0,85700.0,2025-01-21
2025012101024434,TSHL,37,36,200.0,857.1,171420.0,2025-01-21
2025012105017063,NRIC,75,39,10.0,871.0,8710.0,2025-01-21
2025012103013716,NICLBSL,63,42,40.0,649.8,25992.0,2025-01-21
2025012103013715,NICLBSL,63,65,20.0,649.8,12996.0,2025-01-21
2025012103013714,NICLBSL,63,44,100.0,648.0,64800.0,2025-01-21
2025012103013713,NICLBSL,63,44,60.0,647.9,38874.0,2025-01-21
2025012103013712,NICLBSL,63,32,10.0,646.0,6460.0,2025-01-21
2025012103013711,NADEP,58,50,10.0,942.9,9429.0,2025-01-21
2025012101024433,SARBTM,33,42,10.0,787.9,7879.0,2025-01-21
2025012103013710,GLBSL,42,36,10.0,2380.0,23800.0,2025-01-21
2025012104013022,HEI,48,28,100.0,644.0,64400.0,2025-01-21
2025012101024432,SPL,7,33,20.0,975.0,19500.0,2025-01-21
2025012101024431,SPL,7,43,10.0,970.0,9700.0,2025-01-21
2025012103013709,JFL,25,19,100.0,516.0,51600.0,2025-01-21
2025012105017062,NRN,60,21,300.0,1172.0,351600.0,2025-01-21
2025012105017061,NRN,60,8,100.0,1171.0,117100.0,2025-01-21
2025012105017060,NRN,60,5,50.0,1170.0,58500.0,2025-01-21
2025012105017059,HRL,52,35,29.0,838.0,24302.0,2025-01-21
2025012103013708,SMFBS,34,14,10.0,1924.0,19240.0,2025-01-21
2025012101024430,HIDCLP,67,47,325.0,161.5,52487.5,2025-01-21
2025012101024429,BNHC,38,71,20.0,512.1,10242.0,2025-01-21
2025012101024428,MKJC,29,5,10.0,570.0,5700.0,2025-01-21
2025012101024427,TVCL,42,35,128.0,583.0,74624.0,2025-01-21
2025012101024426,TVCL,42,38,30.0,582.0,17460.0,2025-01-21
2025012101024425,SRLI,51,45,10.0,427.0,4270.0,2025-01-21
2025012104013021,SPDL,45,67,80.0,326.0,26080.0,2025-01-21
2025012104013020,SPDL,22,67,920.0,326.0,299920.0,2025-01-21
2025012101024424,MANDU,88,49,34.0,959.0,32606.0,2025-01-21
2025012101024423,BEDC,62,81,35.0,754.0,26390.0,2025-01-21
2025012101024422,BEDC,62,81,965.0,750.0,723750.0,2025-01-21
2025012105017058,NRM,58,48,269.0,510.0,137190.0,2025-01-21
2025012105017057,NRM,50,48,26.0,510.0,13260.0,2025-01-21
2025012104013019,UNHPL,38,48,500.0,306.1,153050.0,2025-01-21
2025012104013018,MHNL,19,49,10.0,259.9,2599.0,2025-01-21
2025012104013017,KKHC,19,14,210.0,373.0,78330.0,2025-01-21
2025012104013016,KKHC,89,14,40.0,374.0,14960.0,2025-01-21
2025012103013707,PROFL,29,55,10.0,546.0,5460.0,2025-01-21
2025012104013015,RHPL,57,3,201.0,448.1,90068.1,2025-01-21
2025012104013014,RHPL,80,3,299.0,448.4,134071.6,2025-01-21
2025012101024421,MKHC,47,13,10.0,570.1,5701.0,2025-01-21
2025012105017056,VLUCL,57,41,141.0,705.0,99405.0,2025-01-21
2025012105017055,VLUCL,57,42,143.0,705.0,100815.0,2025-01-21
2025012105017054,VLUCL,57,66,10.0,705.0,7050.0,2025-01-21
2025012105017053,VLUCL,57,48,10.0,705.0,7050.0,2025-01-21
2025012105017052,VLUCL,57,58,10.0,705.0,7050.0,2025-01-21
2025012105017051,VLUCL,57,35,10.0,705.0,7050.0,2025-01-21
2025012105017050,VLUCL,57,52,10.0,705.0,7050.0,2025-01-21
2025012105017049,VLUCL,57,90,10.0,704.5,7045.0,2025-01-21
2025012105017048,VLUCL,57,3,10.0,704.4,7044.0,2025-01-21
2025012105017047,VLUCL,57,6,10.0,704.0,7040.0,2025-01-21
2025012105017046,VLUCL,57,71,500.0,703.0,351500.0,2025-01-21
2025012105017045,VLUCL,57,38,10.0,703.0,7030.0,2025-01-21
2025012105017044,VLUCL,57,58,11.0,702.0,7722.0,2025-01-21
2025012105017043,VLUCL,57,58,115.0,702.0,80730.0,2025-01-21
2025012103013706,GUFL,32,16,206.0,609.0,125454.0,2025-01-21
2025012103013705,GRDBL,72,71,350.0,1273.9,445865.0,2025-01-21
2025012103013704,CFCL,53,48,10.0,541.2,5412.0,2025-01-21
2025012104013013,UAIL,38,38,40.0,670.0,26800.0,2025-01-21
2025012104013012,RIDI,43,42,1.0,220.0,220.0,2025-01-21
2025012103013703,GILB,45,57,21.0,1168.0,24528.0,2025-01-21
2025012101024420,NABIL,55,22,50.0,483.4,24170.0,2025-01-21
2025012101024419,TSHL,44,42,10.0,864.0,8640.0,2025-01-21
2025012103013702,SMPDA,42,56,37.0,918.0,33966.0,2025-01-21
2025012101024418,MEHL,7,21,30.0,531.0,15930.0,2025-01-21
2025012101024417,MEHL,7,21,10.0,530.9,5309.0,2025-01-21
2025012101024416,TPC,60,39,10.0,575.8,5758.0,2025-01-21
2025012101024415,NICA,19,13,100.0,358.0,35800.0,2025-01-21
2025012103013701,SWBBL,41,42,10.0,865.0,8650.0,2025-01-21
2025012103013700,GBBL,49,49,130.0,381.0,49530.0,2025-01-21
2025012105017042,CHDC,69,52,10.0,1769.0,17690.0,2025-01-21
2025012103013699,BFC,53,71,1000.0,614.9,614900.0,2025-01-21
2025012105017041,SHIVM,36,49,20.0,556.5,11130.0,2025-01-21
2025012101024414,SARBTM,48,22,90.0,786.0,70740.0,2025-01-21
2025012101024413,KBL,75,38,1800.0,196.1,352980.0,2025-01-21
2025012101024412,KBL,50,38,200.0,196.2,39240.0,2025-01-21
2025012103013698,NABBC,6,56,50.0,1130.0,56500.0,2025-01-21
2025012104013011,HPPL,94,14,250.0,512.1,128025.0,2025-01-21
2025012103013697,GBBL,54,17,103.0,380.0,39140.0,2025-01-21
2025012101024411,IHL,26,81,20.0,730.0,14600.0,2025-01-21
2025012104013010,UMHL,45,42,99.0,337.9,33452.1,2025-01-21
2025012105017040,NRIC,75,45,78.0,871.0,67938.0,2025-01-21
2025012104013009,SGIC,45,38,80.0,693.0,55440.0,2025-01-21
2025012101024410,BNHC,58,44,10.0,515.0,5150.0,2025-01-21
