transaction,symbol,buyer,seller,quantity,rate,amount,date
2024122901024110,RAWA,57,42,10.0,783.9,7839.0,2024-12-29
2024122901024109,RAWA,57,40,63.0,780.0,49140.0,2024-12-29
2024122903019646,MDB,44,48,30.0,695.8,20874.0,2024-12-29
2024122901024108,LSL,35,22,10.0,239.0,2390.0,2024-12-29
2024122904012008,KKHC,52,32,200.0,367.9,73580.0,2024-12-29
2024122901024107,UHEWA,32,25,100.0,699.9,69990.0,2024-12-29
2024122901024106,UHEWA,32,1,170.0,699.0,118830.0,2024-12-29
2024122901024105,UHEWA,32,22,10.0,695.0,6950.0,2024-12-29
2024122901024104,UHEWA,32,52,10.0,694.0,6940.0,2024-12-29
2024122901024103,UHEWA,32,58,10.0,694.0,6940.0,2024-12-29
2024122901024102,UHEWA,32,26,100.0,694.0,69400.0,2024-12-29
2024122901024101,EHPL,42,51,110.0,754.9,83039.0,2024-12-29
2024122901024100,EHPL,42,70,100.0,754.8,75480.0,2024-12-29
2024122901024099,EHPL,42,45,80.0,754.0,60320.0,2024-12-29
2024122901024098,EHPL,42,57,10.0,753.0,7530.0,2024-12-29
2024122901024097,EHPL,42,57,10.0,753.0,7530.0,2024-12-29
2024122901024096,EHPL,42,57,40.0,751.7,30068.0,2024-12-29
2024122901024095,EHPL,42,58,150.0,751.0,112650.0,2024-12-29
2024122903019645,NFS,72,8,350.0,1002.0,350700.0,2024-12-29
2024122901024094,KBSH,41,7,10.0,2537.0,25370.0,2024-12-29
2024122903019644,JSLBB,48,38,11.0,1661.9,18280.9,2024-12-29
2024122903019643,JSLBB,48,58,89.0,1640.0,145960.0,2024-12-29
2024122901024093,MCHL,39,39,500.0,606.0,303000.0,2024-12-29
2024122905011010,MEL,55,57,259.0,315.8,81792.2,2024-12-29
2024122905011009,MEL,55,33,500.0,315.1,157550.0,2024-12-29
2024122905011008,MEL,55,21,200.0,315.0,63000.0,2024-12-29
2024122905011007,MEL,55,34,100.0,315.0,31500.0,2024-12-29
2024122905011006,MEL,55,38,1000.0,315.0,315000.0,2024-12-29
2024122905011005,MEL,55,17,10.0,315.0,3150.0,2024-12-29
2024122905011004,MEL,55,65,270.0,315.0,85050.0,2024-12-29
2024122905011003,MEL,55,65,470.0,315.0,148050.0,2024-12-29
2024122905011002,MEL,55,4,10.0,315.0,3150.0,2024-12-29
2024122905011001,MEL,55,51,100.0,315.0,31500.0,2024-12-29
2024122905011000,MEL,55,58,10.0,315.0,3150.0,2024-12-29
2024122905010999,MEL,55,35,10.0,315.0,3150.0,2024-12-29
2024122905010998,MEL,55,38,31.0,315.0,9765.0,2024-12-29
2024122905010997,MEL,55,45,10.0,315.0,3150.0,2024-12-29
2024122905010996,MEL,55,48,10.0,315.0,3150.0,2024-12-29
2024122905010995,MEL,55,58,10.0,315.0,3150.0,2024-12-29
2024122904012007,JOSHI,71,6,10.0,420.0,4200.0,2024-12-29
2024122903019642,SJLIC,71,42,10.0,447.9,4479.0,2024-12-29
2024122903019641,GMFBS,74,92,10.0,1824.0,18240.0,2024-12-29
2024122904012006,AKPL,50,19,100.0,231.0,23100.0,2024-12-29
2024122905010994,STC,49,45,10.0,5617.0,56170.0,2024-12-29
2024122903019640,ILBS,45,45,20.0,965.0,19300.0,2024-12-29
2024122901024092,MKHC,13,25,10.0,508.8,5088.0,2024-12-29
2024122901024091,SBL,50,11,64.0,306.0,19584.0,2024-12-29
2024122901024090,SBL,50,11,100.0,305.0,30500.0,2024-12-29
2024122901024089,SBL,50,38,50.0,305.0,15250.0,2024-12-29
2024122901024088,SBL,50,22,20.0,305.0,6100.0,2024-12-29
2024122901024087,SBL,50,45,82.0,305.0,25010.0,2024-12-29
2024122901024086,SBL,50,5,100.0,304.9,30490.0,2024-12-29
2024122901024085,SBL,50,17,18.0,304.5,5481.0,2024-12-29
2024122901024084,SBL,50,34,74.0,304.5,22533.0,2024-12-29
2024122901024083,SBL,50,35,190.0,304.2,57798.0,2024-12-29
2024122903019639,BFC,50,34,10.0,638.9,6389.0,2024-12-29
2024122905010993,HIDCL,58,58,200.0,234.9,46980.0,2024-12-29
2024122901024082,NYADI,58,42,10.0,428.0,4280.0,2024-12-29
2024122903019638,MLBBL,58,33,10.0,1584.9,15849.0,2024-12-29
2024122903019637,NFS,72,45,100.0,1002.0,100200.0,2024-12-29
2024122901024081,SGHC,45,29,160.0,461.0,73760.0,2024-12-29
2024122905010992,SMATA,58,5,10.0,839.0,8390.0,2024-12-29
2024122904012005,UMRH,77,77,10.0,610.0,6100.0,2024-12-29
2024122901024080,CYCL,77,57,84.0,1650.0,138600.0,2024-12-29
2024122901024079,CYCL,77,21,66.0,1648.9,108827.4,2024-12-29
2024122904012004,RHPL,58,77,100.0,420.0,42000.0,2024-12-29
2024122904012003,DHPL,26,25,10.0,300.3,3003.0,2024-12-29
2024122905010991,HATHY,69,33,29.0,1355.0,39295.0,2024-12-29
2024122905010990,HATHY,69,11,40.0,1353.9,54156.0,2024-12-29
2024122905010989,HATHY,69,45,10.0,1353.8,13538.0,2024-12-29
2024122905010988,HATHY,69,25,30.0,1350.0,40500.0,2024-12-29
2024122905010987,HATHY,69,49,22.0,1350.0,29700.0,2024-12-29
2024122905010986,HATHY,69,21,20.0,1342.0,26840.0,2024-12-29
2024122905010985,HATHY,69,41,65.0,1340.0,87100.0,2024-12-29
2024122905010984,HATHY,69,8,50.0,1340.0,67000.0,2024-12-29
2024122905010983,HATHY,69,25,10.0,1327.0,13270.0,2024-12-29
2024122905010982,HATHY,69,74,24.0,1327.0,31848.0,2024-12-29
2024122905010981,HIDCL,1,13,100.0,235.0,23500.0,2024-12-29
2024122903019636,SWBBL,95,11,10.0,889.8,8898.0,2024-12-29
2024122904012002,UNHPL,49,42,10.0,278.9,2789.0,2024-12-29
2024122903019635,SKBBL,49,51,16.0,936.0,14976.0,2024-12-29
2024122903019634,SKBBL,49,48,14.0,936.0,13104.0,2024-12-29
2024122904012001,SHEL,49,52,370.0,237.0,87690.0,2024-12-29
2024122904012000,SHEL,49,38,250.0,237.0,59250.0,2024-12-29
2024122904011999,SHEL,49,55,100.0,237.0,23700.0,2024-12-29
2024122904011998,SHEL,49,49,200.0,237.0,47400.0,2024-12-29
2024122904011997,SHEL,49,22,80.0,237.0,18960.0,2024-12-29
2024122904011996,SHEL,49,60,1000.0,236.5,236500.0,2024-12-29
2024122901024078,HIDCLP,28,32,10.0,169.5,1695.0,2024-12-29
2024122903019633,NFS,59,57,50.0,1003.0,50150.0,2024-12-29
2024122903019632,NFS,59,57,30.0,1003.0,30090.0,2024-12-29
2024122903019631,MLBBL,99,33,10.0,1584.9,15849.0,2024-12-29
2024122904011995,JOSHI,71,10,10.0,416.1,4161.0,2024-12-29
2024122901024077,USHEC,25,13,10.0,594.0,5940.0,2024-12-29
2024122904011994,AKJCL,4,32,30.0,197.0,5910.0,2024-12-29
2024122904011993,JOSHI,71,34,100.0,416.1,41610.0,2024-12-29
2024122904011992,CGH,14,34,20.0,900.0,18000.0,2024-12-29
2024122904011991,CGH,32,34,200.0,900.0,180000.0,2024-12-29
2024122904011990,CGH,17,34,20.0,900.0,18000.0,2024-12-29
2024122904011989,CGH,16,34,20.0,900.1,18002.0,2024-12-29
2024122903019630,LBBL,34,17,35.0,473.7,16579.5,2024-12-29
2024122903019629,LBBL,47,17,10.0,473.8,4738.0,2024-12-29
2024122903019628,LBBL,42,17,234.0,474.0,110916.0,2024-12-29
2024122903019627,LBBL,34,17,50.0,475.0,23750.0,2024-12-29
2024122903019626,LICN,3,48,10.0,1145.0,11450.0,2024-12-29
2024122903019625,LICN,3,34,40.0,1140.0,45600.0,2024-12-29
2024122903019624,HLBSL,62,57,20.0,960.0,19200.0,2024-12-29
2024122903019623,HLBSL,62,59,40.0,955.1,38204.0,2024-12-29
2024122904011988,JOSHI,71,34,20.0,416.1,8322.0,2024-12-29
2024122903019622,SLBSL,62,95,10.0,1987.0,19870.0,2024-12-29
2024122901024076,HEIP,22,34,10.0,457.0,4570.0,2024-12-29
2024122904011987,JOSHI,22,6,211.0,420.0,88620.0,2024-12-29
2024122904011986,JOSHI,22,22,50.0,420.0,21000.0,2024-12-29
2024122904011985,JOSHI,22,36,100.0,420.0,42000.0,2024-12-29
2024122904011984,JOSHI,22,17,30.0,420.0,12600.0,2024-12-29
2024122904011983,JOSHI,22,57,20.0,420.0,8400.0,2024-12-29
2024122904011982,JOSHI,22,13,20.0,420.0,8400.0,2024-12-29
2024122904011981,JOSHI,22,45,528.0,420.0,221760.0,2024-12-29
2024122904011980,JOSHI,22,57,240.0,419.8,100752.0,2024-12-29
2024122904011979,JOSHI,22,58,500.0,419.8,209900.0,2024-12-29
2024122904011978,JOSHI,22,42,104.0,419.0,43576.0,2024-12-29
2024122904011977,JOSHI,22,34,15.0,419.0,6285.0,2024-12-29
2024122904011976,JOSHI,22,49,182.0,418.9,76239.8,2024-12-29
2024122901024075,SPHL,56,85,114.0,810.0,92340.0,2024-12-29
2024122901024074,SPHL,56,32,10.0,809.0,8090.0,2024-12-29
2024122901024073,SPHL,56,44,200.0,806.8,161360.0,2024-12-29
2024122901024072,SPHL,56,1,10.0,804.0,8040.0,2024-12-29
2024122901024071,SPHL,56,58,66.0,803.0,52998.0,2024-12-29
2024122901024070,SPHL,56,85,170.0,802.0,136340.0,2024-12-29
2024122901024069,SPHL,56,49,10.0,800.7,8007.0,2024-12-29
2024122901024068,SPHL,56,22,10.0,800.0,8000.0,2024-12-29
2024122901024067,SPHL,56,51,172.0,799.0,137428.0,2024-12-29
2024122901024066,SPHL,56,81,100.0,798.0,79800.0,2024-12-29
2024122901024065,SPHL,56,14,100.0,795.0,79500.0,2024-12-29
2024122901024064,SPHL,56,47,20.0,795.0,15900.0,2024-12-29
2024122901024063,SPHL,56,14,40.0,794.0,31760.0,2024-12-29
2024122901024062,SPHL,56,49,10.0,789.0,7890.0,2024-12-29
2024122901024061,SPHL,56,10,500.0,785.4,392700.0,2024-12-29
2024122901024060,SPHL,56,56,100.0,785.0,78500.0,2024-12-29
2024122901024059,SPHL,56,4,80.0,785.0,62800.0,2024-12-29
2024122901024058,SPHL,56,8,28.0,780.0,21840.0,2024-12-29
2024122901024057,RHGCL,56,34,50.0,521.1,26055.0,2024-12-29
2024122901024056,MSHL,57,62,10.0,947.9,9479.0,2024-12-29
2024122905010980,SONA,57,56,25.0,454.0,11350.0,2024-12-29
2024122905010979,SONA,57,56,45.0,453.0,20385.0,2024-12-29
2024122905010978,SONA,57,58,10.0,453.0,4530.0,2024-12-29
2024122905010977,SONA,57,77,10.0,453.0,4530.0,2024-12-29
2024122905010976,SONA,57,56,10.0,452.0,4520.0,2024-12-29
2024122903019621,RLFL,57,29,10.0,561.8,5618.0,2024-12-29
2024122901024055,DLBS,57,34,10.0,1760.0,17600.0,2024-12-29
2024122905010975,STC,44,39,10.0,5670.0,56700.0,2024-12-29
2024122904011975,KPCL,44,57,10.0,524.9,5249.0,2024-12-29
2024122903019620,JFL,61,72,10.0,833.4,8334.0,2024-12-29
2024122903019619,GRDBL,6,16,10.0,880.0,8800.0,2024-12-29
2024122904011974,MHNL,19,22,10.0,260.0,2600.0,2024-12-29
2024122901024054,MHL,35,45,10.0,850.0,8500.0,2024-12-29
2024122903019618,CBBL,57,52,500.0,930.1,465050.0,2024-12-29
2024122903019617,MDB,32,48,10.0,695.8,6958.0,2024-12-29
2024122903019616,GLBSL,74,67,70.0,2460.1,172207.0,2024-12-29
2024122903019615,GLBSL,1,67,11.0,2462.0,27082.0,2024-12-29
2024122903019614,GLBSL,22,67,20.0,2465.0,49300.0,2024-12-29
2024122903019613,GLBSL,49,67,10.0,2467.0,24670.0,2024-12-29
2024122903019612,GLBSL,33,67,100.0,2468.0,246800.0,2024-12-29
2024122903019611,GLBSL,39,67,15.0,2468.1,37021.5,2024-12-29
2024122903019610,GLBSL,19,67,10.0,2470.0,24700.0,2024-12-29
2024122903019609,GLBSL,49,67,30.0,2472.0,74160.0,2024-12-29
2024122903019608,GLBSL,34,67,20.0,2473.1,49462.0,2024-12-29
2024122903019607,GLBSL,19,67,20.0,2480.0,49600.0,2024-12-29
2024122903019606,GLBSL,40,67,10.0,2480.0,24800.0,2024-12-29
2024122903019605,GLBSL,57,67,10.0,2481.0,24810.0,2024-12-29
2024122903019604,GLBSL,6,67,10.0,2485.0,24850.0,2024-12-29
2024122903019603,GLBSL,55,67,60.0,2485.0,149100.0,2024-12-29
2024122903019602,GLBSL,25,67,104.0,2485.0,258440.0,2024-12-29
2024122905010974,SONA,39,41,10.0,450.7,4507.0,2024-12-29
2024122901024053,BEDC,41,51,10.0,699.0,6990.0,2024-12-29
2024122901024052,BEDC,41,87,150.0,699.0,104850.0,2024-12-29
2024122901024051,BEDC,41,13,30.0,698.0,20940.0,2024-12-29
2024122901024050,BEDC,41,58,100.0,697.9,69790.0,2024-12-29
2024122901024049,BEDC,41,49,10.0,697.0,6970.0,2024-12-29
2024122901024048,BEDC,41,58,200.0,695.9,139180.0,2024-12-29
2024122901024047,BEDC,41,45,500.0,695.0,347500.0,2024-12-29
2024122901024046,SANIMA,42,7,149.0,302.1,45012.9,2024-12-29
2024122901024045,HHL,39,48,10.0,507.1,5071.0,2024-12-29
2024122901024044,UHEWA,42,48,24.0,680.0,16320.0,2024-12-29
2024122901024043,UHEWA,16,48,300.0,680.1,204030.0,2024-12-29
2024122901024042,UHEWA,33,48,500.0,680.2,340100.0,2024-12-29
2024122901024041,UHEWA,50,48,136.0,680.2,92507.2,2024-12-29
2024122901024040,SMH,39,40,10.0,1016.0,10160.0,2024-12-29
2024122901024039,USHEC,39,13,10.0,594.0,5940.0,2024-12-29
2024122901024038,ANLB,39,62,50.0,6530.0,326500.0,2024-12-29
2024122901024037,ANLB,39,54,11.0,6064.0,66704.0,2024-12-29
2024122901024036,HBL,33,85,400.0,239.1,95640.0,2024-12-29
2024122905010973,HRL,86,25,28.0,796.0,22288.0,2024-12-29
2024122901024035,MHCL,71,51,10.0,527.3,5273.0,2024-12-29
2024122905010972,NRM,43,3,10.0,438.9,4389.0,2024-12-29
2024122903019601,LBBL,71,25,10.0,476.0,4760.0,2024-12-29
2024122901024034,PPL,82,85,20.0,530.0,10600.0,2024-12-29
2024122901024033,PPL,82,49,10.0,530.0,5300.0,2024-12-29
2024122901024032,MMKJL,13,78,10.0,679.0,6790.0,2024-12-29
2024122901024031,SGHC,45,29,10.0,461.0,4610.0,2024-12-29
2024122901024030,PRVU,38,45,360.0,241.1,86796.0,2024-12-29
2024122901024029,PRVU,57,45,100.0,241.1,24110.0,2024-12-29
2024122901024028,CZBIL,1,34,10.0,221.9,2219.0,2024-12-29
2024122904011973,RHPL,38,56,10.0,428.0,4280.0,2024-12-29
2024122905010971,NRN,57,1,70.0,999.0,69930.0,2024-12-29
2024122905010970,NRN,57,1,30.0,999.0,29970.0,2024-12-29
2024122905010969,SHIVM,38,58,10.0,555.0,5550.0,2024-12-29
2024122904011972,AKPL,49,14,410.0,230.0,94300.0,2024-12-29
2024122904011971,AKPL,49,99,302.0,230.0,69460.0,2024-12-29
2024122903019600,MLBBL,38,33,10.0,1584.9,15849.0,2024-12-29
2024122904011970,HURJA,38,57,350.0,224.4,78540.0,2024-12-29
2024122903019599,KSBBL,46,45,21.0,432.9,9090.9,2024-12-29
2024122903019598,KSBBL,46,47,40.0,432.8,17312.0,2024-12-29
2024122903019597,GFCL,21,84,20.0,777.1,15542.0,2024-12-29
2024122903019596,GFCL,35,84,10.0,778.0,7780.0,2024-12-29
2024122903019595,GFCL,45,84,50.0,778.0,38900.0,2024-12-29
2024122903019594,GFCL,87,84,10.0,778.0,7780.0,2024-12-29
2024122903019593,GFCL,26,84,200.0,778.0,155600.0,2024-12-29
2024122903019592,GFCL,57,84,160.0,778.0,124480.0,2024-12-29
2024122903019591,GFCL,21,84,50.0,778.1,38905.0,2024-12-29
2024122903019590,PROFL,26,58,390.0,609.0,237510.0,2024-12-29
2024122903019589,PROFL,45,58,10.0,609.0,6090.0,2024-12-29
2024122903019588,CORBL,60,58,21.0,1312.0,27552.0,2024-12-29
2024122905010968,VLUCL,34,34,41.0,657.0,26937.0,2024-12-29
2024122905010967,VLUCL,34,14,10.0,657.0,6570.0,2024-12-29
2024122905010966,VLUCL,34,41,40.0,656.0,26240.0,2024-12-29
2024122905010965,VLUCL,34,6,10.0,656.0,6560.0,2024-12-29
2024122905010964,VLUCL,34,3,10.0,655.8,6558.0,2024-12-29
2024122905010963,VLUCL,34,70,89.0,655.0,58295.0,2024-12-29
2024122904011969,API,19,34,10.0,260.0,2600.0,2024-12-29
2024122903019587,PFL,49,34,20.0,577.0,11540.0,2024-12-29
2024122903019586,PFL,58,34,100.0,577.0,57700.0,2024-12-29
2024122903019585,PFL,19,34,50.0,578.0,28900.0,2024-12-29
2024122903019584,PFL,45,34,50.0,578.0,28900.0,2024-12-29
2024122901024027,TPC,22,8,10.0,532.0,5320.0,2024-12-29
2024122903019583,NFS,72,22,480.0,1002.0,480960.0,2024-12-29
2024122905010962,SLCF,17,58,200.0,9.63,1926.0,2024-12-29
2024122903019582,BFC,50,57,139.0,635.0,88265.0,2024-12-29
2024122903019581,BFC,32,57,61.0,635.0,38735.0,2024-12-29
2024122901024026,MAKAR,44,17,10.0,602.0,6020.0,2024-12-29
2024122903019580,SLBBL,82,36,15.0,910.0,13650.0,2024-12-29
2024122903019579,GLBSL,33,61,47.0,2487.0,116889.0,2024-12-29
2024122903019578,GRDBL,41,16,58.0,880.0,51040.0,2024-12-29
2024122903019577,RLFL,25,29,338.0,558.0,188604.0,2024-12-29
2024122903019576,RLFL,34,29,100.0,558.1,55810.0,2024-12-29
2024122903019575,RLFL,94,29,737.0,558.1,411319.7,2024-12-29
2024122903019574,RLFL,26,29,150.0,558.5,83775.0,2024-12-29
2024122903019573,RLFL,41,29,100.0,558.6,55860.0,2024-12-29
2024122903019572,RLFL,57,29,50.0,559.0,27950.0,2024-12-29
2024122903019571,RLFL,29,29,55.0,560.0,30800.0,2024-12-29
2024122903019570,RLFL,34,29,50.0,560.0,28000.0,2024-12-29
2024122903019569,RLFL,38,29,20.0,560.0,11200.0,2024-12-29
2024122903019568,RLFL,21,29,10.0,560.0,5600.0,2024-12-29
2024122903019567,RLFL,57,29,550.0,560.0,308000.0,2024-12-29
2024122903019566,RLFL,13,29,140.0,561.0,78540.0,2024-12-29
2024122901024025,MHCL,67,63,1740.0,526.0,915240.0,2024-12-29
2024122901024024,MHCL,67,53,10.0,525.0,5250.0,2024-12-29
2024122901024023,MHCL,67,45,300.0,525.0,157500.0,2024-12-29
2024122901024022,MHCL,67,57,60.0,524.0,31440.0,2024-12-29
2024122901024021,MHCL,67,19,10.0,524.0,5240.0,2024-12-29
2024122901024020,MHCL,67,62,58.0,524.0,30392.0,2024-12-29
2024122901024019,MHCL,67,4,60.0,524.0,31440.0,2024-12-29
2024122901024018,MHCL,67,55,50.0,524.0,26200.0,2024-12-29
2024122901024017,MHCL,67,29,160.0,524.0,83840.0,2024-12-29
2024122904011968,SICL,42,57,10.0,799.0,7990.0,2024-12-29
2024122903019565,GFCL,42,58,250.0,779.0,194750.0,2024-12-29
2024122903019564,SLBSL,72,95,26.0,1987.0,51662.0,2024-12-29
2024122903019563,SLBSL,72,45,100.0,1986.0,198600.0,2024-12-29
2024122903019562,SLBSL,72,26,13.0,1970.6,25617.8,2024-12-29
2024122903019561,SLBSL,72,49,44.0,1970.0,86680.0,2024-12-29
2024122903019560,SLBSL,72,50,300.0,1970.0,591000.0,2024-12-29
2024122903019559,SLBSL,72,66,10.0,1970.0,19700.0,2024-12-29
2024122903019558,SLBSL,72,5,100.0,1970.0,197000.0,2024-12-29
2024122903019557,SLBSL,72,42,10.0,1970.0,19700.0,2024-12-29
2024122903019556,SLBSL,72,57,10.0,1970.0,19700.0,2024-12-29
2024122903019555,SLBSL,72,86,200.0,1970.0,394000.0,2024-12-29
2024122903019554,SLBSL,72,35,100.0,1969.4,196940.0,2024-12-29
2024122903019553,SLBSL,72,52,10.0,1969.0,19690.0,2024-12-29
2024122903019552,SLBSL,72,34,17.0,1969.0,33473.0,2024-12-29
2024122903019551,SLBSL,72,66,10.0,1969.0,19690.0,2024-12-29
2024122903019550,SLBSL,72,45,50.0,1960.0,98000.0,2024-12-29
2024122901024016,USHEC,72,13,10.0,594.0,5940.0,2024-12-29
2024122901024015,BHPL,41,58,10.0,828.0,8280.0,2024-12-29
2024122903019549,GRDBL,60,41,20.0,886.0,17720.0,2024-12-29
2024122905010961,NRN,60,13,10.0,1000.0,10000.0,2024-12-29
2024122901024014,RAWA,92,40,11.0,780.0,8580.0,2024-12-29
2024122901024013,TAMOR,71,1,10.0,495.2,4952.0,2024-12-29
2024122903019548,SMPDA,21,48,10.0,940.0,9400.0,2024-12-29
2024122904011967,CHCL,13,51,25.0,570.0,14250.0,2024-12-29
2024122904011966,AKPL,28,66,630.0,229.2,144396.0,2024-12-29
2024122904011965,AKPL,47,66,805.0,229.3,184586.5,2024-12-29
2024122904011964,AKPL,22,66,50.0,229.4,11470.0,2024-12-29
2024122904011963,AKPL,83,66,50.0,229.5,11475.0,2024-12-29
2024122904011962,AKPL,56,66,11.0,229.6,2525.6,2024-12-29
2024122901024012,SBI,66,52,10.0,430.0,4300.0,2024-12-29
2024122901024011,UNLB,36,34,20.0,2530.0,50600.0,2024-12-29
2024122901024010,UNLB,36,77,10.0,2520.0,25200.0,2024-12-29
2024122901024009,SCB,76,49,10.0,672.0,6720.0,2024-12-29
2024122904011961,UMRH,69,77,10.0,610.0,6100.0,2024-12-29
2024122901024008,SPC,68,95,11.0,508.8,5596.8,2024-12-29
2024122903019547,SMPDA,1,48,10.0,940.0,9400.0,2024-12-29
2024122903019546,JFL,49,72,50.0,833.4,41670.0,2024-12-29
2024122901024007,SMHL,28,38,10.0,1200.1,12001.0,2024-12-29
2024122901024006,MBL,16,49,4630.0,238.1,1102403.0,2024-12-29
2024122901024005,MBL,43,49,100.0,238.1,23810.0,2024-12-29
2024122901024004,MBL,33,49,400.0,238.1,95240.0,2024-12-29
2024122901024003,MBL,28,49,110.0,238.2,26202.0,2024-12-29
2024122901024002,MBL,41,49,50.0,238.2,11910.0,2024-12-29
2024122901024001,MBL,42,49,710.0,239.0,169690.0,2024-12-29
2024122901024000,MKHL,58,49,100.0,625.0,62500.0,2024-12-29
2024122903019545,MLBL,38,6,290.0,389.0,112810.0,2024-12-29
2024122903019544,MLBL,38,21,10.0,389.0,3890.0,2024-12-29
2024122903019543,GMFIL,41,49,20.0,546.0,10920.0,2024-12-29
2024122903019542,GMFIL,34,49,20.0,546.0,10920.0,2024-12-29
2024122903019541,GMFIL,36,49,10.0,549.8,5498.0,2024-12-29
2024122901023999,RHGCL,38,34,15.0,521.1,7816.5,2024-12-29
2024122904011960,RIDI,38,58,60.0,219.8,13188.0,2024-12-29
2024122901023998,RFPL,34,46,100.0,1020.0,102000.0,2024-12-29
2024122905010960,SAHAS,57,34,10.0,472.0,4720.0,2024-12-29
2024122905010959,SAHAS,32,34,90.0,472.0,42480.0,2024-12-29
2024122903019540,GUFL,34,55,10.0,657.0,6570.0,2024-12-29
2024122905010958,NRIC,34,11,34.0,729.0,24786.0,2024-12-29
2024122901023997,SIKLES,43,44,30.0,816.0,24480.0,2024-12-29
2024122904011959,SPIL,44,81,50.0,800.0,40000.0,2024-12-29
2024122904011958,SPIL,44,29,12.0,799.9,9598.8,2024-12-29
2024122904011957,SPIL,44,6,10.0,795.0,7950.0,2024-12-29
2024122904011956,SPIL,44,17,28.0,793.0,22204.0,2024-12-29
2024122904011955,SPIL,44,42,30.0,792.9,23787.0,2024-12-29
2024122904011954,SPIL,44,14,20.0,791.0,15820.0,2024-12-29
2024122903019539,NFS,72,44,480.0,1002.0,480960.0,2024-12-29
2024122903019538,NFS,6,44,20.0,1002.1,20042.0,2024-12-29
2024122905010957,ILI,58,29,12.0,470.5,5646.0,2024-12-29
2024122905010956,ILI,58,29,12.0,470.5,5646.0,2024-12-29
2024122903019537,MFIL,58,53,95.0,650.0,61750.0,2024-12-29
2024122903019536,MFIL,57,53,100.0,650.0,65000.0,2024-12-29
2024122903019535,MFIL,42,53,15.0,650.0,9750.0,2024-12-29
2024122903019534,MFIL,34,53,25.0,650.0,16250.0,2024-12-29
2024122903019533,MFIL,45,53,100.0,650.0,65000.0,2024-12-29
2024122903019532,MFIL,28,53,415.0,650.0,269750.0,2024-12-29
2024122904011953,JOSHI,71,6,75.0,416.1,31207.5,2024-12-29
2024122904011952,JOSHI,34,6,425.0,416.1,176842.5,2024-12-29
2024122903019531,CBBL,58,40,19.0,931.0,17689.0,2024-12-29
2024122904011951,RHPL,58,49,70.0,428.0,29960.0,2024-12-29
2024122904011950,RHPL,58,13,10.0,427.7,4277.0,2024-12-29
2024122904011949,RHPL,58,49,1030.0,427.5,440325.0,2024-12-29
2024122904011948,RHPL,58,19,40.0,427.5,17100.0,2024-12-29
2024122904011947,RHPL,58,20,10.0,427.0,4270.0,2024-12-29
2024122904011946,RHPL,58,32,40.0,427.0,17080.0,2024-12-29
2024122904011945,RHPL,58,34,45.0,425.0,19125.0,2024-12-29
2024122904011944,RHPL,58,51,10.0,425.0,4250.0,2024-12-29
2024122904011943,RHPL,58,42,1200.0,425.0,510000.0,2024-12-29
2024122904011942,RHPL,58,48,500.0,425.0,212500.0,2024-12-29
2024122904011941,RHPL,58,45,180.0,425.0,76500.0,2024-12-29
2024122904011940,RHPL,58,58,500.0,424.9,212450.0,2024-12-29
2024122904011939,RHPL,58,55,190.0,424.7,80693.0,2024-12-29
2024122904011938,RHPL,58,49,10.0,424.0,4240.0,2024-12-29
2024122904011937,RHPL,58,41,60.0,424.0,25440.0,2024-12-29
2024122904011936,RHPL,58,26,140.0,424.0,59360.0,2024-12-29
2024122904011935,RHPL,58,21,120.0,424.0,50880.0,2024-12-29
2024122904011934,RHPL,58,91,10.0,424.0,4240.0,2024-12-29
2024122904011933,RHPL,58,21,20.0,424.0,8480.0,2024-12-29
2024122904011932,RHPL,58,47,70.0,423.0,29610.0,2024-12-29
2024122904011931,RHPL,58,58,300.0,423.0,126900.0,2024-12-29
2024122904011930,RHPL,58,56,275.0,423.0,116325.0,2024-12-29
2024122904011929,RHPL,58,35,50.0,422.0,21100.0,2024-12-29
2024122904011928,RHPL,58,96,50.0,422.0,21100.0,2024-12-29
2024122904011927,RHPL,58,56,20.0,421.0,8420.0,2024-12-29
2024122904011926,RHPL,58,74,50.0,421.0,21050.0,2024-12-29
2024122901023996,MKHC,47,25,76.0,508.8,38668.8,2024-12-29
2024122901023995,MKHC,47,48,136.0,508.0,69088.0,2024-12-29
2024122901023994,MKHC,47,53,200.0,502.0,100400.0,2024-12-29
2024122901023993,MKHC,47,6,488.0,502.0,244976.0,2024-12-29
2024122901023992,SARBTM,37,70,20.0,717.0,14340.0,2024-12-29
2024122905010955,NTC,51,32,10.0,960.3,9603.0,2024-12-29
2024122905010954,NTC,46,32,60.0,960.3,57618.0,2024-12-29
2024122905010953,HIDCL,42,13,73.0,235.0,17155.0,2024-12-29
2024122905010952,HIDCL,42,50,927.0,234.9,217752.3,2024-12-29
2024122904011925,BPCL,42,49,1277.0,389.0,496753.0,2024-12-29
2024122904011924,BPCL,42,42,50.0,388.9,19445.0,2024-12-29
2024122904011923,BPCL,42,8,350.0,388.0,135800.0,2024-12-29
2024122904011922,BPCL,42,42,50.0,387.9,19395.0,2024-12-29
2024122904011921,BPCL,42,38,105.0,383.0,40215.0,2024-12-29
2024122904011920,BPCL,42,42,10.0,383.0,3830.0,2024-12-29
2024122904011919,BPCL,42,58,148.0,383.0,56684.0,2024-12-29
2024122904011918,BPCL,42,57,10.0,382.8,3828.0,2024-12-29
2024122904011917,RHPL,58,39,85.0,420.0,35700.0,2024-12-29
2024122904011916,SGIC,86,51,20.0,663.0,13260.0,2024-12-29
2024122903019530,MDB,43,83,10.0,696.0,6960.0,2024-12-29
2024122903019529,RLFL,13,45,50.0,561.0,28050.0,2024-12-29
2024122903019528,RLFL,13,49,310.0,561.0,173910.0,2024-12-29
2024122904011915,TRH,66,91,66.0,1080.0,71280.0,2024-12-29
2024122903019527,CORBL,60,51,157.0,1312.0,205984.0,2024-12-29
2024122903019526,NFS,72,45,26.0,1002.0,26052.0,2024-12-29
2024122901023991,SRLI,26,34,10.0,421.3,4213.0,2024-12-29
2024122901023990,SRLI,26,34,50.0,420.9,21045.0,2024-12-29
2024122903019525,SFCL,13,95,21.0,608.0,12768.0,2024-12-29
2024122903019524,SFCL,45,95,200.0,608.0,121600.0,2024-12-29
2024122903019523,SFCL,45,95,50.0,608.1,30405.0,2024-12-29
2024122903019522,SFCL,49,95,23.0,609.0,14007.0,2024-12-29
2024122903019521,SFCL,57,95,180.0,609.0,109620.0,2024-12-29
2024122903019520,SFCL,58,95,10.0,609.1,6091.0,2024-12-29
2024122903019519,SFCL,34,95,12.0,609.1,7309.2,2024-12-29
2024122903019518,SFCL,34,95,41.0,609.2,24977.2,2024-12-29
2024122903019517,SFCL,6,95,50.0,609.3,30465.0,2024-12-29
2024122903019516,SFCL,45,95,50.0,609.3,30465.0,2024-12-29
2024122903019515,SFCL,51,95,13.0,609.3,7920.9,2024-12-29
2024122903019514,SHINE,26,35,25.0,426.0,10650.0,2024-12-29
2024122904011914,LEC,10,26,200.0,199.1,39820.0,2024-12-29
2024122903019513,CORBL,28,41,10.0,1313.0,13130.0,2024-12-29
2024122901023989,ULBSL,49,34,10.0,4013.3,40133.0,2024-12-29
2024122903019512,LBBL,14,25,12.0,476.0,5712.0,2024-12-29
2024122905010951,HIDCL,14,50,10.0,234.9,2349.0,2024-12-29
2024122905010950,HIDCL,14,38,90.0,234.0,21060.0,2024-12-29
2024122904011913,JOSHI,34,25,75.0,416.1,31207.5,2024-12-29
2024122904011912,JOSHI,34,25,75.0,416.2,31215.0,2024-12-29
2024122901023988,NICA,56,22,200.0,391.0,78200.0,2024-12-29
2024122901023987,NICA,56,34,779.0,391.0,304589.0,2024-12-29
2024122904011911,SSHL,63,34,377.0,225.0,84825.0,2024-12-29
2024122904011910,SSHL,22,34,20.0,225.0,4500.0,2024-12-29
2024122904011909,SSHL,42,34,200.0,225.0,45000.0,2024-12-29
2024122904011908,SSHL,32,34,500.0,225.0,112500.0,2024-12-29
2024122904011907,SSHL,34,34,150.0,225.0,33750.0,2024-12-29
2024122904011906,SSHL,34,34,500.0,225.0,112500.0,2024-12-29
2024122904011905,SSHL,19,34,1000.0,225.0,225000.0,2024-12-29
2024122904011904,SSHL,49,34,181.0,225.0,40725.0,2024-12-29
2024122904011903,SSHL,49,34,500.0,225.0,112500.0,2024-12-29
2024122904011902,SSHL,42,34,300.0,225.0,67500.0,2024-12-29
2024122904011901,SSHL,28,34,500.0,225.1,112550.0,2024-12-29
2024122904011900,SSHL,42,34,50.0,225.1,11255.0,2024-12-29
2024122904011899,SSHL,58,34,300.0,225.1,67530.0,2024-12-29
2024122904011898,SSHL,14,34,300.0,225.2,67560.0,2024-12-29
2024122904011897,SSHL,22,34,50.0,225.4,11270.0,2024-12-29
2024122904011896,SSHL,49,34,72.0,225.5,16236.0,2024-12-29
2024122904011895,SSHL,39,34,3000.0,226.2,678600.0,2024-12-29
2024122903019511,MSLB,57,36,10.0,1564.0,15640.0,2024-12-29
2024122903019510,MSLB,57,94,200.0,1563.0,312600.0,2024-12-29
2024122903019509,MSLB,57,77,84.0,1534.0,128856.0,2024-12-29
2024122904011894,DHPL,62,34,28.0,300.0,8400.0,2024-12-29
2024122904011893,DHPL,25,34,100.0,300.0,30000.0,2024-12-29
2024122904011892,DHPL,34,34,512.0,300.0,153600.0,2024-12-29
2024122904011891,DHPL,26,34,30.0,300.1,9003.0,2024-12-29
2024122904011890,DHPL,49,34,500.0,300.3,150150.0,2024-12-29
2024122904011889,DHPL,75,34,190.0,300.3,57057.0,2024-12-29
2024122904011888,DHPL,51,34,30.0,300.5,9015.0,2024-12-29
2024122904011887,DHPL,26,34,10.0,300.6,3006.0,2024-12-29
2024122903019508,ICFC,14,44,50.0,652.1,32605.0,2024-12-29
2024122903019507,RLFL,34,49,10.0,561.0,5610.0,2024-12-29
2024122903019506,SFCL,53,21,50.0,610.0,30500.0,2024-12-29
2024122901023986,NESDO,42,34,10.0,2276.1,22761.0,2024-12-29
2024122904011886,JOSHI,34,6,425.0,416.2,176885.0,2024-12-29
2024122904011885,JOSHI,50,6,120.0,416.3,49956.0,2024-12-29
2024122904011884,JOSHI,32,6,10.0,416.5,4165.0,2024-12-29
2024122904011883,JOSHI,49,6,300.0,416.6,124980.0,2024-12-29
2024122904011882,JOSHI,25,6,200.0,416.6,83320.0,2024-12-29
2024122904011881,JOSHI,67,6,300.0,417.0,125100.0,2024-12-29
2024122904011880,JOSHI,45,6,100.0,417.9,41790.0,2024-12-29
2024122904011879,JOSHI,21,6,20.0,417.9,8358.0,2024-12-29
2024122904011878,JOSHI,75,6,15.0,418.0,6270.0,2024-12-29
2024122904011877,JOSHI,75,6,485.0,418.0,202730.0,2024-12-29
2024122904011876,JOSHI,71,6,500.0,418.0,209000.0,2024-12-29
2024122904011875,JOSHI,17,6,10.0,418.0,4180.0,2024-12-29
2024122904011874,JOSHI,56,6,251.0,418.0,104918.0,2024-12-29
2024122904011873,JOSHI,49,6,300.0,418.1,125430.0,2024-12-29
2024122904011872,JOSHI,48,6,180.0,418.3,75294.0,2024-12-29
2024122904011871,JOSHI,58,6,264.0,418.6,110510.4,2024-12-29
2024122903019505,GMFIL,34,58,10.0,549.9,5499.0,2024-12-29
2024122905010949,SMATA,35,57,20.0,834.3,16686.0,2024-12-29
2024122905010948,SMATA,35,33,10.0,828.0,8280.0,2024-12-29
2024122905010947,SMATA,35,36,10.0,825.0,8250.0,2024-12-29
2024122905010946,SMATA,35,58,10.0,825.0,8250.0,2024-12-29
2024122905010945,SMATA,35,41,10.0,825.0,8250.0,2024-12-29
2024122905010944,SMATA,35,54,15.0,819.0,12285.0,2024-12-29
2024122905010943,NRIC,35,11,19.0,729.0,13851.0,2024-12-29
2024122903019504,GBBL,35,21,125.0,396.5,49562.5,2024-12-29
2024122901023985,NICA,35,34,50.0,391.0,19550.0,2024-12-29
2024122903019503,MPFL,52,42,283.0,651.0,184233.0,2024-12-29
2024122903019502,MPFL,13,42,202.0,651.0,131502.0,2024-12-29
2024122903019501,MPFL,14,42,15.0,651.2,9768.0,2024-12-29
2024122901023984,SRLI,49,42,337.0,420.0,141540.0,2024-12-29
2024122901023983,SRLI,38,42,100.0,420.1,42010.0,2024-12-29
2024122901023982,SRLI,57,42,10.0,420.1,4201.0,2024-12-29
2024122901023981,SRLI,57,42,10.0,420.2,4202.0,2024-12-29
2024122901023980,AVYAN,16,42,50.0,1050.0,52500.0,2024-12-29
2024122903019500,MFIL,28,42,300.0,650.0,195000.0,2024-12-29
2024122901023979,SMHL,28,7,10.0,1200.1,12001.0,2024-12-29
2024122901023978,MEHL,39,42,10.0,460.0,4600.0,2024-12-29
2024122903019499,ICFC,14,43,10.0,652.1,6521.0,2024-12-29
2024122901023977,BHPL,34,71,200.0,822.0,164400.0,2024-12-29
2024122901023976,BHPL,44,71,100.0,823.0,82300.0,2024-12-29
2024122904011870,SPDL,70,38,10.0,322.9,3229.0,2024-12-29
2024122901023975,BEDC,41,82,210.0,691.1,145131.0,2024-12-29
2024122901023974,BEDC,74,82,500.0,692.1,346050.0,2024-12-29
2024122901023973,BEDC,41,82,200.0,692.3,138460.0,2024-12-29
2024122901023972,BEDC,45,82,40.0,692.3,27692.0,2024-12-29
2024122901023971,BEDC,13,82,50.0,692.4,34620.0,2024-12-29
2024122904011869,HEI,50,45,10.0,619.5,6195.0,2024-12-29
2024122904011868,RADHI,3,50,100.0,348.0,34800.0,2024-12-29
2024122901023970,SIKLES,13,77,430.0,823.6,354148.0,2024-12-29
2024122901023969,SIKLES,13,25,50.0,822.0,41100.0,2024-12-29
2024122901023968,SIKLES,13,58,20.0,820.0,16400.0,2024-12-29
2024122903019498,MSLB,57,77,78.0,1521.2,118653.6,2024-12-29
2024122903019497,MSLB,57,77,20.0,1524.0,30480.0,2024-12-29
2024122903019496,MSLB,38,77,72.0,1527.0,109944.0,2024-12-29
2024122903019495,MSLB,45,77,10.0,1530.0,15300.0,2024-12-29
2024122903019494,MSLB,57,77,20.0,1532.0,30640.0,2024-12-29
2024122904011867,NLG,65,35,105.0,965.0,101325.0,2024-12-29
2024122904011866,NLG,65,29,100.0,965.0,96500.0,2024-12-29
2024122904011865,NLG,65,47,10.0,965.0,9650.0,2024-12-29
2024122904011864,NLG,65,13,10.0,965.0,9650.0,2024-12-29
2024122904011863,NLG,65,17,75.0,965.0,72375.0,2024-12-29
2024122904011862,NLG,65,58,200.0,964.9,192980.0,2024-12-29
2024122903019493,MLBL,51,28,215.0,388.0,83420.0,2024-12-29
2024122901023967,ANLB,38,37,35.0,6185.0,216475.0,2024-12-29
2024122901023966,ANLB,38,37,30.0,6184.0,185520.0,2024-12-29
2024122901023965,ANLB,38,54,23.0,6120.0,140760.0,2024-12-29
2024122901023964,ANLB,38,35,11.0,6120.0,67320.0,2024-12-29
2024122901023963,ANLB,38,45,40.0,6120.0,244800.0,2024-12-29
2024122901023962,ANLB,38,17,11.0,6120.0,67320.0,2024-12-29
2024122901023961,ANLB,38,34,56.0,6120.0,342720.0,2024-12-29
2024122901023960,ANLB,38,1,11.0,6120.0,67320.0,2024-12-29
2024122901023959,ANLB,38,58,65.0,6120.0,397800.0,2024-12-29
2024122901023958,ANLB,38,37,30.0,6120.0,183600.0,2024-12-29
2024122901023957,ANLB,38,39,20.0,6069.0,121380.0,2024-12-29
2024122901023956,ANLB,38,62,10.0,6068.0,60680.0,2024-12-29
2024122901023955,ANLB,38,49,11.0,6066.9,66735.9,2024-12-29
2024122901023954,ANLB,38,41,16.0,6065.0,97040.0,2024-12-29
2024122901023953,ANLB,38,44,21.0,6000.0,126000.0,2024-12-29
2024122903019492,PFL,38,7,300.0,579.0,173700.0,2024-12-29
2024122901023952,SPC,49,38,10.0,508.5,5085.0,2024-12-29
2024122901023951,MKHL,58,59,200.0,625.0,125000.0,2024-12-29
2024122901023950,USHL,80,54,40.0,785.0,31400.0,2024-12-29
2024122901023949,USHL,80,16,10.0,785.0,7850.0,2024-12-29
2024122901023948,USHL,80,10,30.0,785.0,23550.0,2024-12-29
2024122901023947,USHL,80,50,10.0,785.0,7850.0,2024-12-29
2024122901023946,USHL,80,48,10.0,785.0,7850.0,2024-12-29
2024122901023945,MCHL,56,49,10.0,609.0,6090.0,2024-12-29
2024122901023944,MCHL,56,39,250.0,608.9,152225.0,2024-12-29
2024122903019491,JBBL,96,34,300.0,359.9,107970.0,2024-12-29
2024122903019490,JBBL,96,58,30.0,359.9,10797.0,2024-12-29
2024122901023943,ULHC,17,37,20.0,480.0,9600.0,2024-12-29
2024122901023942,ULHC,4,37,26.0,480.0,12480.0,2024-12-29
2024122901023941,USHEC,38,64,530.0,585.1,310103.0,2024-12-29
2024122901023940,USHEC,38,64,490.0,585.1,286699.0,2024-12-29
2024122905010942,SHIVM,35,58,15.0,555.0,8325.0,2024-12-29
2024122901023939,SPL,7,88,10.0,1010.0,10100.0,2024-12-29
2024122903019489,ALICL,42,47,20.0,709.0,14180.0,2024-12-29
2024122904011861,SPIL,48,1,100.0,788.3,78830.0,2024-12-29
2024122905010941,HIDCL,14,48,29.0,233.3,6765.7,2024-12-29
2024122901023938,BHL,42,58,150.0,349.9,52485.0,2024-12-29
2024122901023937,LSL,40,42,345.0,238.0,82110.0,2024-12-29
2024122901023936,LSL,29,42,100.0,238.0,23800.0,2024-12-29
2024122901023935,LSL,8,42,100.0,238.0,23800.0,2024-12-29
2024122901023934,LSL,21,42,20.0,238.0,4760.0,2024-12-29
2024122901023933,LSL,35,42,410.0,238.0,97580.0,2024-12-29
2024122901023932,LSL,21,42,2000.0,238.0,476000.0,2024-12-29
2024122901023931,LSL,13,42,100.0,238.0,23800.0,2024-12-29
2024122901023930,LSL,58,42,200.0,238.0,47600.0,2024-12-29
2024122901023929,LSL,48,42,1625.0,238.0,386750.0,2024-12-29
2024122901023928,LSL,59,42,100.0,238.1,23810.0,2024-12-29
2024122905010940,MEL,55,11,1000.0,313.9,313900.0,2024-12-29
2024122905010939,MEL,55,7,300.0,313.7,94110.0,2024-12-29
2024122905010938,MEL,55,38,10.0,313.7,3137.0,2024-12-29
2024122905010937,MEL,55,55,650.0,313.4,203710.0,2024-12-29
2024122905010936,MEL,55,58,10.0,313.0,3130.0,2024-12-29
2024122905010935,MEL,55,58,1000.0,313.0,313000.0,2024-12-29
2024122905010934,MEL,55,5,1000.0,312.9,312900.0,2024-12-29
2024122905010933,MEL,55,5,5681.0,312.8,1777016.8,2024-12-29
2024122905010932,MEL,55,17,200.0,312.0,62400.0,2024-12-29
2024122905010931,MEL,55,62,30.0,312.0,9360.0,2024-12-29
2024122905010930,MEL,55,46,10.0,312.0,3120.0,2024-12-29
2024122905010929,MEL,55,50,200.0,311.9,62380.0,2024-12-29
2024122905010928,MEL,55,17,950.0,311.0,295450.0,2024-12-29
2024122905010927,MEL,55,38,10.0,311.0,3110.0,2024-12-29
2024122905010926,MEL,55,53,500.0,310.0,155000.0,2024-12-29
2024122905010925,MEL,55,34,20.0,310.0,6200.0,2024-12-29
2024122905010924,MEL,55,35,200.0,310.0,62000.0,2024-12-29
2024122905010923,MEL,55,17,200.0,310.0,62000.0,2024-12-29
2024122905010922,MEL,55,16,500.0,309.5,154750.0,2024-12-29
2024122905010921,MEL,55,32,200.0,309.0,61800.0,2024-12-29
2024122905010920,MEL,55,8,450.0,309.0,139050.0,2024-12-29
2024122903019488,NFS,33,57,30.0,1003.0,30090.0,2024-12-29
2024122904011860,AHPC,51,25,20.0,249.0,4980.0,2024-12-29
2024122904011859,UMRH,69,77,451.0,610.0,275110.0,2024-12-29
2024122904011858,UMRH,69,58,1549.0,609.0,943341.0,2024-12-29
2024122901023927,MCHL,19,26,897.0,605.0,542685.0,2024-12-29
2024122901023926,RAWA,90,40,26.0,780.0,20280.0,2024-12-29
2024122901023925,RAWA,90,25,28.0,780.0,21840.0,2024-12-29
2024122901023924,RAWA,90,52,10.0,780.0,7800.0,2024-12-29
2024122901023923,RAWA,90,34,21.0,780.0,16380.0,2024-12-29
2024122901023922,SMHL,28,56,860.0,1200.1,1032086.0,2024-12-29
2024122901023921,EHPL,56,58,50.0,751.0,37550.0,2024-12-29
2024122901023920,EHPL,56,80,20.0,750.3,15006.0,2024-12-29
2024122901023919,EHPL,56,80,20.0,750.2,15004.0,2024-12-29
2024122901023918,EHPL,56,40,200.0,750.0,150000.0,2024-12-29
2024122901023917,EHPL,56,19,10.0,750.0,7500.0,2024-12-29
2024122901023916,EHPL,56,38,200.0,750.0,150000.0,2024-12-29
2024122904011857,AKJCL,44,44,525.0,196.5,103162.5,2024-12-29
2024122904011856,AKJCL,11,44,500.0,196.5,98250.0,2024-12-29
2024122904011855,AKJCL,16,44,50.0,196.5,9825.0,2024-12-29
2024122904011854,AKJCL,71,44,100.0,196.6,19660.0,2024-12-29
2024122904011853,AKJCL,45,44,72.0,196.6,14155.2,2024-12-29
2024122904011852,AKJCL,22,44,10.0,196.7,1967.0,2024-12-29
2024122904011851,AKJCL,13,44,218.0,196.7,42880.6,2024-12-29
2024122904011850,AKJCL,48,44,25.0,196.9,4922.5,2024-12-29
2024122904011849,UAIL,53,54,10.0,632.5,6325.0,2024-12-29
2024122903019487,ILBS,6,45,10.0,965.0,9650.0,2024-12-29
2024122901023915,RFPL,34,49,10.0,1020.0,10200.0,2024-12-29
2024122901023914,RFPL,34,17,362.0,1020.0,369240.0,2024-12-29
2024122901023913,RFPL,34,66,100.0,1020.0,102000.0,2024-12-29
2024122901023912,RFPL,34,59,10.0,1020.0,10200.0,2024-12-29
2024122901023911,RFPL,34,57,10.0,1020.0,10200.0,2024-12-29
2024122901023910,RFPL,34,35,10.0,1020.0,10200.0,2024-12-29
2024122901023909,RFPL,34,6,200.0,1020.0,204000.0,2024-12-29
2024122901023908,RFPL,34,35,10.0,1020.0,10200.0,2024-12-29
2024122901023907,RFPL,34,56,10.0,1020.0,10200.0,2024-12-29
2024122901023906,RFPL,34,65,50.0,1020.0,51000.0,2024-12-29
2024122901023905,RFPL,34,17,100.0,1020.0,102000.0,2024-12-29
2024122901023904,RFPL,34,1,10.0,1020.0,10200.0,2024-12-29
2024122901023903,RFPL,34,42,10.0,1020.0,10200.0,2024-12-29
2024122901023902,RFPL,34,64,213.0,1020.0,217260.0,2024-12-29
2024122901023901,RFPL,34,56,10.0,1020.0,10200.0,2024-12-29
2024122901023900,RFPL,34,49,10.0,1020.0,10200.0,2024-12-29
2024122901023899,RFPL,34,58,10.0,1020.0,10200.0,2024-12-29
2024122901023898,RFPL,34,48,10.0,1020.0,10200.0,2024-12-29
2024122901023897,RFPL,34,42,10.0,1020.0,10200.0,2024-12-29
2024122901023896,RFPL,34,8,200.0,1020.0,204000.0,2024-12-29
2024122901023895,RFPL,34,45,20.0,1020.0,20400.0,2024-12-29
2024122901023894,RFPL,34,16,10.0,1020.0,10200.0,2024-12-29
2024122901023893,RFPL,34,35,10.0,1020.0,10200.0,2024-12-29
2024122901023892,RFPL,34,45,60.0,1020.0,61200.0,2024-12-29
2024122901023891,RFPL,34,17,170.0,1020.0,173400.0,2024-12-29
2024122901023890,RFPL,34,10,220.0,1020.0,224400.0,2024-12-29
2024122901023889,RFPL,34,26,10.0,1020.0,10200.0,2024-12-29
2024122901023888,RFPL,34,46,60.0,1020.0,61200.0,2024-12-29
2024122901023887,RFPL,34,4,500.0,1020.0,510000.0,2024-12-29
2024122901023886,RFPL,34,58,10.0,1020.0,10200.0,2024-12-29
2024122901023885,RFPL,34,41,300.0,1020.0,306000.0,2024-12-29
2024122901023884,RFPL,34,8,100.0,1019.5,101950.0,2024-12-29
2024122901023883,RFPL,34,44,2110.0,1019.0,2150090.0,2024-12-29
2024122901023882,RFPL,34,34,200.0,1019.0,203800.0,2024-12-29
2024122901023881,RFPL,34,26,130.0,1019.0,132470.0,2024-12-29
2024122901023880,RFPL,34,34,500.0,1018.9,509450.0,2024-12-29
2024122901023879,RFPL,34,58,100.0,1018.9,101890.0,2024-12-29
2024122901023878,RFPL,34,49,170.0,1018.1,173077.0,2024-12-29
2024122901023877,RFPL,34,89,200.0,1018.0,203600.0,2024-12-29
2024122901023876,RFPL,34,48,10.0,1017.0,10170.0,2024-12-29
2024122901023875,RFPL,34,8,10.0,1015.0,10150.0,2024-12-29
2024122901023874,RFPL,34,58,59.0,1015.0,59885.0,2024-12-29
2024122901023873,RFPL,34,58,44.0,1013.8,44607.2,2024-12-29
2024122901023872,RFPL,34,8,100.0,1013.8,101380.0,2024-12-29
2024122901023871,RFPL,34,91,10.0,1013.0,10130.0,2024-12-29
2024122901023870,RFPL,34,47,20.0,1013.0,20260.0,2024-12-29
2024122901023869,RFPL,34,48,20.0,1011.0,20220.0,2024-12-29
2024122901023868,RFPL,34,46,100.0,1010.0,101000.0,2024-12-29
2024122901023867,RFPL,34,51,10.0,1010.0,10100.0,2024-12-29
2024122901023866,RFPL,34,41,250.0,1010.0,252500.0,2024-12-29
2024122901023865,RFPL,34,33,10.0,1010.0,10100.0,2024-12-29
2024122901023864,RFPL,34,62,10.0,1010.0,10100.0,2024-12-29
2024122901023863,RFPL,34,22,10.0,1010.0,10100.0,2024-12-29
2024122901023862,RFPL,34,35,10.0,1010.0,10100.0,2024-12-29
2024122901023861,RFPL,34,49,10.0,1010.0,10100.0,2024-12-29
2024122901023860,RFPL,34,21,10.0,1010.0,10100.0,2024-12-29
2024122901023859,RFPL,34,41,10.0,1010.0,10100.0,2024-12-29
2024122901023858,RFPL,34,48,10.0,1010.0,10100.0,2024-12-29
2024122901023857,RFPL,34,58,10.0,1010.0,10100.0,2024-12-29
2024122901023856,RFPL,34,57,10.0,1010.0,10100.0,2024-12-29
2024122901023855,RFPL,34,77,10.0,1010.0,10100.0,2024-12-29
2024122901023854,RFPL,34,85,185.0,1009.8,186813.0,2024-12-29
2024122901023853,RFPL,34,57,10.0,1009.7,10097.0,2024-12-29
2024122901023852,RFPL,34,89,300.0,1009.0,302700.0,2024-12-29
2024122901023851,RFPL,34,56,20.0,1006.0,20120.0,2024-12-29
2024122901023850,SNLI,49,58,10.0,622.0,6220.0,2024-12-29
2024122904011848,KKHC,34,52,103.0,366.0,37698.0,2024-12-29
2024122904011847,KKHC,56,52,20.0,366.4,7328.0,2024-12-29
2024122904011846,KKHC,62,52,17.0,366.4,6228.8,2024-12-29
2024122903019486,MDB,32,83,10.0,696.0,6960.0,2024-12-29
2024122901023849,KBL,41,36,10.0,219.3,2193.0,2024-12-29
2024122903019485,GFCL,41,58,20.0,779.0,15580.0,2024-12-29
2024122901023848,SPC,48,38,10.0,508.5,5085.0,2024-12-29
2024122901023847,SARBTM,85,36,93.0,717.0,66681.0,2024-12-29
2024122901023846,SARBTM,85,58,50.0,717.0,35850.0,2024-12-29
2024122903019484,NLICL,6,48,10.0,562.0,5620.0,2024-12-29
2024122903019483,NLICL,35,48,142.0,562.1,79818.2,2024-12-29
2024122903019482,NLICL,52,48,10.0,563.0,5630.0,2024-12-29
2024122903019481,NLICL,45,48,100.0,563.0,56300.0,2024-12-29
2024122903019480,NLICL,56,48,10.0,563.5,5635.0,2024-12-29
2024122901023845,BHDC,74,22,30.0,640.0,19200.0,2024-12-29
2024122904011845,SHPC,5,58,10.0,462.0,4620.0,2024-12-29
2024122903019479,RLFL,5,52,10.0,561.0,5610.0,2024-12-29
2024122903019478,RLFL,5,17,90.0,561.0,50490.0,2024-12-29
2024122903019477,NFS,72,50,1000.0,1002.0,1002000.0,2024-12-29
2024122904011844,AKJCL,48,51,75.0,196.9,14767.5,2024-12-29
2024122904011843,AKJCL,36,51,25.0,196.9,4922.5,2024-12-29
2024122904011842,UNHPL,45,42,100.0,278.9,27890.0,2024-12-29
2024122903019476,MLBBL,52,45,13.0,1580.0,20540.0,2024-12-29
2024122905010919,RNLI,19,45,10.0,495.8,4958.0,2024-12-29
2024122903019475,GFCL,18,58,30.0,779.0,23370.0,2024-12-29
2024122904011841,DHPL,49,54,10.0,304.9,3049.0,2024-12-29
2024122903019474,SFCL,51,49,140.0,609.3,85302.0,2024-12-29
2024122905010918,HRL,14,33,48.0,797.0,38256.0,2024-12-29
2024122905010917,HRL,14,39,52.0,796.0,41392.0,2024-12-29
2024122904011840,HPPL,39,80,236.0,388.1,91591.6,2024-12-29
2024122904011839,HPPL,3,80,64.0,388.2,24844.8,2024-12-29
2024122905010916,NRN,57,44,50.0,999.0,49950.0,2024-12-29
2024122904011838,GLH,34,44,396.0,235.2,93139.2,2024-12-29
2024122904011837,GLH,41,44,50.0,235.2,11760.0,2024-12-29
2024122904011836,GLH,26,44,200.0,235.3,47060.0,2024-12-29
2024122904011835,GLH,39,44,10.0,235.3,2353.0,2024-12-29
2024122904011834,GLH,53,44,10.0,235.7,2357.0,2024-12-29
2024122904011833,GLH,4,44,10.0,235.8,2358.0,2024-12-29
2024122904011832,GLH,53,44,10.0,235.9,2359.0,2024-12-29
2024122904011831,GLH,47,44,100.0,236.0,23600.0,2024-12-29
2024122904011830,GLH,7,44,64.0,236.0,15104.0,2024-12-29
2024122904011829,GLH,45,44,70.0,236.2,16534.0,2024-12-29
2024122904011828,GLH,57,44,80.0,236.3,18904.0,2024-12-29
2024122903019473,GFCL,41,58,200.0,779.0,155800.0,2024-12-29
2024122903019472,GFCL,57,58,58.0,779.0,45182.0,2024-12-29
2024122901023844,NYADI,35,42,10.0,428.0,4280.0,2024-12-29
2024122903019471,FMDBL,38,34,10.0,760.0,7600.0,2024-12-29
2024122901023843,USHEC,72,13,10.0,594.0,5940.0,2024-12-29
2024122904011827,SICL,58,29,50.0,790.0,39500.0,2024-12-29
2024122904011826,SICL,50,29,99.0,790.1,78219.9,2024-12-29
2024122903019470,GBLBS,13,48,10.0,766.1,7661.0,2024-12-29
2024122901023842,NYADI,87,42,200.0,428.0,85600.0,2024-12-29
2024122901023841,NYADI,59,42,300.0,428.0,128400.0,2024-12-29
2024122901023840,NYADI,54,42,332.0,428.0,142096.0,2024-12-29
2024122901023839,AHL,42,49,20.0,719.0,14380.0,2024-12-29
2024122901023838,AHL,42,34,10.0,715.5,7155.0,2024-12-29
2024122901023837,AHL,42,42,10.0,715.0,7150.0,2024-12-29
2024122901023836,AHL,42,58,10.0,713.0,7130.0,2024-12-29
2024122901023835,AHL,42,42,10.0,713.0,7130.0,2024-12-29
2024122904011825,PPCL,49,51,150.0,280.0,42000.0,2024-12-29
2024122901023834,CYCL,77,21,50.0,1648.9,82445.0,2024-12-29
2024122904011824,UMRH,22,1,10.0,607.1,6071.0,2024-12-29
2024122901023833,ADBL,58,90,50.0,333.9,16695.0,2024-12-29
2024122901023832,MMKJL,90,78,10.0,679.0,6790.0,2024-12-29
2024122901023831,GVL,4,81,22.0,500.0,11000.0,2024-12-29
2024122905010915,CLI,25,42,38.0,674.0,25612.0,2024-12-29
2024122905010914,CLI,25,56,10.0,674.0,6740.0,2024-12-29
2024122905010913,CLI,25,4,52.0,674.0,35048.0,2024-12-29
2024122904011823,KPCL,45,56,14.0,524.0,7336.0,2024-12-29
2024122905010912,SHIVM,57,58,20.0,555.0,11100.0,2024-12-29
2024122903019469,JFL,61,72,10.0,833.4,8334.0,2024-12-29
2024122903019468,BFC,32,44,14.0,635.0,8890.0,2024-12-29
2024122903019467,BFC,57,44,186.0,635.0,118110.0,2024-12-29
2024122904011822,MEN,36,45,90.0,608.0,54720.0,2024-12-29
2024122901023830,ADBL,34,51,10.0,334.0,3340.0,2024-12-29
2024122903019466,PMLI,57,34,12.0,522.0,6264.0,2024-12-29
2024122901023829,SGHC,16,29,210.0,461.0,96810.0,2024-12-29
2024122901023828,SGHC,16,17,60.0,460.0,27600.0,2024-12-29
2024122901023827,SGHC,16,38,100.0,458.0,45800.0,2024-12-29
2024122901023826,SGHC,16,28,200.0,457.8,91560.0,2024-12-29
2024122901023825,SGHC,16,7,10.0,457.0,4570.0,2024-12-29
2024122901023824,SGHC,16,57,10.0,455.0,4550.0,2024-12-29
2024122901023823,SGHC,16,62,10.0,455.0,4550.0,2024-12-29
2024122901023822,SGHC,16,42,200.0,455.0,91000.0,2024-12-29
2024122901023821,SGHC,16,41,50.0,454.0,22700.0,2024-12-29
2024122901023820,SGHC,16,14,10.0,453.0,4530.0,2024-12-29
2024122901023819,SGHC,16,32,140.0,452.9,63406.0,2024-12-29
2024122901023818,TSHL,58,1,10.0,849.0,8490.0,2024-12-29
2024122903019465,PFL,45,35,300.0,578.0,173400.0,2024-12-29
2024122903019464,MFIL,50,38,10.0,650.1,6501.0,2024-12-29
2024122901023817,MKJC,32,16,100.0,529.3,52930.0,2024-12-29
2024122901023816,MKJC,32,8,250.0,529.0,132250.0,2024-12-29
2024122901023815,MKJC,32,56,1000.0,529.0,529000.0,2024-12-29
2024122901023814,MKJC,32,16,10.0,528.3,5283.0,2024-12-29
2024122901023813,MKJC,32,52,500.0,528.0,264000.0,2024-12-29
2024122901023812,MKJC,32,48,210.0,528.0,110880.0,2024-12-29
2024122901023811,MKJC,32,37,200.0,527.3,105460.0,2024-12-29
2024122904011821,HURJA,25,38,790.0,224.2,177118.0,2024-12-29
2024122901023810,MKJC,32,58,10.0,527.3,5273.0,2024-12-29
2024122901023809,MKJC,32,13,10.0,525.0,5250.0,2024-12-29
2024122901023808,MKJC,32,49,30.0,525.0,15750.0,2024-12-29
2024122904011820,HURJA,58,38,200.0,224.4,44880.0,2024-12-29
2024122901023807,MKJC,32,7,300.0,525.0,157500.0,2024-12-29
2024122901023806,MKJC,32,52,516.0,523.9,270332.4,2024-12-29
2024122901023805,MKJC,32,35,10.0,520.0,5200.0,2024-12-29
2024122901023804,MKJC,32,38,1885.0,520.0,980200.0,2024-12-29
2024122901023803,MKJC,32,35,100.0,519.0,51900.0,2024-12-29
2024122901023802,MKJC,32,34,379.0,519.0,196701.0,2024-12-29
2024122904011819,HURJA,58,38,10.0,224.5,2245.0,2024-12-29
2024122901023801,MKJC,32,52,631.0,518.9,327425.9,2024-12-29
2024122901023800,MKJC,32,38,40.0,518.0,20720.0,2024-12-29
2024122901023799,MKJC,32,42,10.0,517.7,5177.0,2024-12-29
2024122901023798,MKJC,32,8,250.0,517.0,129250.0,2024-12-29
2024122901023797,MKJC,32,4,100.0,515.9,51590.0,2024-12-29
2024122901023796,MKJC,32,62,150.0,515.8,77370.0,2024-12-29
2024122901023795,MKJC,32,49,94.0,515.0,48410.0,2024-12-29
2024122901023794,MKJC,32,90,80.0,515.0,41200.0,2024-12-29
2024122901023793,MKJC,32,55,10.0,515.0,5150.0,2024-12-29
2024122901023792,MKJC,32,26,200.0,515.0,103000.0,2024-12-29
2024122901023791,MKJC,32,41,500.0,511.0,255500.0,2024-12-29
2024122901023790,MKJC,32,59,100.0,511.0,51100.0,2024-12-29
2024122901023789,MKJC,32,77,80.0,511.0,40880.0,2024-12-29
2024122901023788,MKJC,32,19,914.0,510.0,466140.0,2024-12-29
2024122901023787,MKJC,32,51,102.0,510.0,52020.0,2024-12-29
2024122901023786,MKJC,32,41,80.0,509.0,40720.0,2024-12-29
2024122901023785,MKJC,32,5,181.0,509.0,92129.0,2024-12-29
2024122901023784,MKJC,32,68,120.0,508.9,61068.0,2024-12-29
2024122904011818,BPCL,32,16,10.0,381.0,3810.0,2024-12-29
2024122904011817,SPDL,29,38,10.0,322.9,3229.0,2024-12-29
2024122901023783,RHGCL,35,48,80.0,520.0,41600.0,2024-12-29
2024122901023782,RHGCL,32,48,50.0,520.1,26005.0,2024-12-29
2024122901023781,RHGCL,68,48,300.0,520.1,156030.0,2024-12-29
2024122904011816,CHL,4,63,192.0,390.5,74976.0,2024-12-29
2024122904011815,CHL,49,63,25.0,390.5,9762.5,2024-12-29
2024122905010911,SAHAS,32,63,10.0,472.0,4720.0,2024-12-29
2024122905010910,SAHAS,11,63,500.0,472.0,236000.0,2024-12-29
2024122905010909,SAHAS,77,63,10.0,472.0,4720.0,2024-12-29
2024122905010908,SAHAS,6,63,90.0,472.1,42489.0,2024-12-29
2024122905010907,SAHAS,47,63,290.0,473.0,137170.0,2024-12-29
2024122901023780,MBL,42,43,290.0,239.0,69310.0,2024-12-29
2024122901023779,MBL,67,43,2500.0,239.0,597500.0,2024-12-29
2024122901023778,MBL,56,43,210.0,239.5,50295.0,2024-12-29
2024122905010906,SMATA,26,65,30.0,817.0,24510.0,2024-12-29
2024122905010905,SMATA,1,65,10.0,817.0,8170.0,2024-12-29
2024122905010904,SMATA,5,65,20.0,817.1,16342.0,2024-12-29
2024122905010903,SMATA,21,65,450.0,817.6,367920.0,2024-12-29
2024122905010902,SMATA,58,65,90.0,818.0,73620.0,2024-12-29
2024122904011814,NGPL,34,45,2048.0,256.1,524492.8,2024-12-29
2024122904011813,NGPL,22,45,50.0,256.2,12810.0,2024-12-29
2024122904011812,NGPL,6,45,100.0,256.2,25620.0,2024-12-29
2024122904011811,NGPL,41,45,50.0,256.2,12810.0,2024-12-29
2024122904011810,NGPL,26,45,50.0,256.3,12815.0,2024-12-29
2024122904011809,NGPL,45,45,100.0,256.3,25630.0,2024-12-29
2024122904011808,NGPL,25,45,520.0,256.3,133276.0,2024-12-29
2024122901023777,SPC,55,1,55.0,502.0,27610.0,2024-12-29
2024122901023776,SPC,1,1,10.0,502.0,5020.0,2024-12-29
2024122901023775,SPC,1,1,10.0,508.4,5084.0,2024-12-29
2024122901023774,ULBSL,49,34,20.0,4013.3,80266.0,2024-12-29
2024122901023773,PCBL,58,49,279.0,258.2,72037.8,2024-12-29
2024122901023772,MKJC,34,59,490.0,507.5,248675.0,2024-12-29
2024122901023771,MKJC,34,59,500.0,507.5,253750.0,2024-12-29
2024122901023770,MKJC,34,59,10.0,507.6,5076.0,2024-12-29
2024122901023769,BGWT,4,58,10.0,978.0,9780.0,2024-12-29
2024122901023768,BGWT,4,34,10.0,977.0,9770.0,2024-12-29
2024122901023767,BGWT,4,89,10.0,976.0,9760.0,2024-12-29
2024122901023766,BGWT,4,14,40.0,975.1,39004.0,2024-12-29
2024122901023765,BGWT,4,57,150.0,975.0,146250.0,2024-12-29
2024122901023764,BGWT,4,17,10.0,975.0,9750.0,2024-12-29
2024122904011807,JOSHI,44,49,33.0,418.9,13823.7,2024-12-29
2024122904011806,JOSHI,44,25,50.0,418.4,20920.0,2024-12-29
2024122904011805,JOSHI,44,7,17.0,418.4,7112.8,2024-12-29
2024122904011804,MHNL,42,19,200.0,258.8,51760.0,2024-12-29
2024122903019463,CBBL,14,40,38.0,931.0,35378.0,2024-12-29
2024122903019462,CBBL,38,40,50.0,931.0,46550.0,2024-12-29
2024122903019461,CBBL,59,40,313.0,931.0,291403.0,2024-12-29
2024122904011803,HURJA,58,4,990.0,224.5,222255.0,2024-12-29
2024122905010901,HIDCL,22,38,10.0,234.5,2345.0,2024-12-29
2024122905010900,SHIVM,44,38,30.0,554.2,16626.0,2024-12-29
2024122905010899,SHIVM,6,38,150.0,554.3,83145.0,2024-12-29
2024122905010898,SHIVM,38,38,20.0,554.3,11086.0,2024-12-29
2024122901023763,MSHL,8,1,10.0,938.0,9380.0,2024-12-29
2024122903019460,USLB,49,58,34.0,1589.0,54026.0,2024-12-29
2024122903019459,NFS,72,39,1500.0,1002.0,1503000.0,2024-12-29
2024122901023762,MCHL,19,42,30.0,605.0,18150.0,2024-12-29
2024122904011802,UMHL,21,75,10.0,319.9,3199.0,2024-12-29
2024122904011801,UMHL,21,5,100.0,319.0,31900.0,2024-12-29
2024122904011800,UMRH,77,58,10.0,609.0,6090.0,2024-12-29
2024122903019458,NFS,72,65,290.0,1002.0,290580.0,2024-12-29
2024122903019457,NFS,57,65,10.0,1003.0,10030.0,2024-12-29
2024122904011799,PPCL,14,57,20.0,280.9,5618.0,2024-12-29
2024122901023761,NBL,4,5,20.0,269.9,5398.0,2024-12-29
2024122901023760,NBL,4,7,10.0,269.8,2698.0,2024-12-29
2024122905010897,HDL,28,14,43.0,1366.0,58738.0,2024-12-29
2024122903019456,SLBSL,62,66,10.0,1959.0,19590.0,2024-12-29
2024122901023759,PRVU,59,47,710.0,241.6,171536.0,2024-12-29
2024122901023758,PRVU,59,35,1520.0,241.2,366624.0,2024-12-29
2024122901023757,PRVU,59,34,2769.0,241.1,667605.9,2024-12-29
2024122904011798,HURJA,59,4,10.0,224.5,2245.0,2024-12-29
2024122901023756,JBLB,1,25,37.0,1571.0,58127.0,2024-12-29
2024122904011797,CHL,49,57,15.0,390.5,5857.5,2024-12-29
2024122904011796,CHL,52,57,35.0,391.0,13685.0,2024-12-29
2024122903019455,JFL,6,72,100.0,833.4,83340.0,2024-12-29
2024122903019454,CORBL,60,60,500.0,1312.0,656000.0,2024-12-29
2024122901023755,PRVU,58,34,3000.0,241.0,723000.0,2024-12-29
2024122903019453,MPFL,44,16,42.0,652.0,27384.0,2024-12-29
2024122901023754,MCHL,19,39,73.0,605.0,44165.0,2024-12-29
2024122901023753,MCHL,6,39,77.0,605.1,46592.7,2024-12-29
2024122903019452,CBBL,42,71,20.0,933.0,18660.0,2024-12-29
2024122904011795,RHPL,58,42,60.0,420.0,25200.0,2024-12-29
2024122903019451,CORBL,71,41,500.0,1313.0,656500.0,2024-12-29
2024122903019450,BFC,57,50,75.0,635.0,47625.0,2024-12-29
2024122904011794,HDHPC,50,45,100.0,196.4,19640.0,2024-12-29
2024122904011793,BARUN,35,1,450.0,390.3,175635.0,2024-12-29
2024122904011792,BARUN,6,1,50.0,390.4,19520.0,2024-12-29
2024122901023752,HIDCLP,28,32,85.0,169.5,14407.5,2024-12-29
2024122901023751,HIDCLP,28,14,200.0,169.4,33880.0,2024-12-29
2024122901023750,HIDCLP,28,39,1000.0,169.1,169100.0,2024-12-29
2024122901023749,HIDCLP,28,26,100.0,169.0,16900.0,2024-12-29
2024122901023748,HIDCLP,28,58,80.0,169.0,13520.0,2024-12-29
2024122901023747,HIDCLP,28,25,100.0,169.0,16900.0,2024-12-29
2024122901023746,HIDCLP,28,29,20.0,169.0,3380.0,2024-12-29
2024122901023745,HIDCLP,28,17,1000.0,169.0,169000.0,2024-12-29
2024122901023744,HIDCLP,28,17,1000.0,169.0,169000.0,2024-12-29
2024122901023743,HIDCLP,28,32,400.0,169.0,67600.0,2024-12-29
2024122901023742,HIDCLP,28,32,500.0,169.0,84500.0,2024-12-29
2024122901023741,HIDCLP,28,45,30.0,168.9,5067.0,2024-12-29
2024122901023740,HIDCLP,28,6,100.0,168.3,16830.0,2024-12-29
2024122901023739,HIDCLP,28,34,60.0,168.0,10080.0,2024-12-29
2024122901023738,HIDCLP,28,1,105.0,168.0,17640.0,2024-12-29
2024122901023737,HIDCLP,28,44,298.0,168.0,50064.0,2024-12-29
2024122901023736,HIDCLP,28,34,1500.0,167.9,251850.0,2024-12-29
2024122901023735,HIDCLP,28,34,1584.0,167.9,265953.6,2024-12-29
2024122901023734,HIDCLP,28,77,1000.0,167.8,167800.0,2024-12-29
2024122901023733,HIDCLP,28,4,500.0,167.8,83900.0,2024-12-29
2024122901023732,HIDCLP,28,77,268.0,167.7,44943.6,2024-12-29
2024122901023731,HIDCLP,28,49,70.0,167.0,11690.0,2024-12-29
2024122905010896,PHCL,33,10,15.0,515.0,7725.0,2024-12-29
2024122901023730,MANDU,49,14,80.0,882.1,70568.0,2024-12-29
2024122901023729,MANDU,45,14,80.0,882.5,70600.0,2024-12-29
2024122901023728,MANDU,34,14,20.0,883.0,17660.0,2024-12-29
2024122901023727,MANDU,89,14,10.0,883.0,8830.0,2024-12-29
2024122901023726,MANDU,1,14,10.0,885.0,8850.0,2024-12-29
2024122905010895,SHIVM,57,58,10.0,555.0,5550.0,2024-12-29
2024122905010894,SAHAS,47,25,10.0,473.0,4730.0,2024-12-29
2024122905010893,PSF,34,17,5100.0,10.03,51153.0,2024-12-29
2024122903019449,PROFL,34,5,10.0,610.0,6100.0,2024-12-29
2024122901023725,MKHL,58,32,100.0,625.0,62500.0,2024-12-29
2024122901023724,SHLB,87,35,51.0,2785.0,142035.0,2024-12-29
2024122901023723,SHLB,45,35,39.0,2785.1,108618.9,2024-12-29
2024122901023722,SHLB,38,35,10.0,2785.2,27852.0,2024-12-29
2024122903019448,MFIL,29,34,10.0,651.0,6510.0,2024-12-29
2024122901023721,HHL,39,48,235.0,507.1,119168.5,2024-12-29
2024122901023720,HHL,62,48,30.0,507.2,15216.0,2024-12-29
2024122901023719,HHL,48,48,100.0,507.2,50720.0,2024-12-29
2024122901023718,HHL,16,48,25.0,510.0,12750.0,2024-12-29
2024122905010892,HATHY,56,74,200.0,1327.0,265400.0,2024-12-29
2024122904011791,CHCL,42,19,30.0,570.0,17100.0,2024-12-29
2024122904011790,CHCL,42,33,19.0,570.0,10830.0,2024-12-29
2024122901023717,GVL,89,81,50.0,500.0,25000.0,2024-12-29
2024122901023716,ADBL,58,45,100.0,333.9,33390.0,2024-12-29
2024122901023715,MSHL,56,1,90.0,938.0,84420.0,2024-12-29
2024122901023714,TAMOR,16,58,295.0,490.0,144550.0,2024-12-29
2024122901023713,TAMOR,38,58,100.0,490.0,49000.0,2024-12-29
2024122901023712,TAMOR,16,58,200.0,490.0,98000.0,2024-12-29
2024122901023711,TAMOR,45,58,172.0,490.0,84280.0,2024-12-29
2024122901023710,TAMOR,59,58,100.0,490.0,49000.0,2024-12-29
2024122901023709,TAMOR,45,58,100.0,490.0,49000.0,2024-12-29
2024122901023708,TAMOR,45,58,500.0,490.0,245000.0,2024-12-29
2024122901023707,TAMOR,14,58,20.0,490.0,9800.0,2024-12-29
2024122901023706,TAMOR,56,58,50.0,490.1,24505.0,2024-12-29
2024122901023705,TAMOR,58,58,20.0,490.1,9802.0,2024-12-29
2024122901023704,TAMOR,3,58,950.0,490.3,465785.0,2024-12-29
2024122901023703,TAMOR,63,58,200.0,490.3,98060.0,2024-12-29
2024122901023702,TAMOR,17,58,1000.0,490.3,490300.0,2024-12-29
2024122901023701,TAMOR,36,58,500.0,490.3,245150.0,2024-12-29
2024122901023700,TAMOR,22,58,10.0,490.4,4904.0,2024-12-29
2024122901023699,TAMOR,22,58,10.0,490.4,4904.0,2024-12-29
2024122901023698,TAMOR,48,58,300.0,490.4,147120.0,2024-12-29
2024122901023697,TAMOR,63,58,150.0,490.5,73575.0,2024-12-29
2024122901023696,TAMOR,63,58,100.0,490.6,49060.0,2024-12-29
2024122901023695,TAMOR,14,58,50.0,491.0,24550.0,2024-12-29
2024122901023694,TAMOR,32,58,100.0,491.0,49100.0,2024-12-29
2024122901023693,TAMOR,82,58,200.0,493.0,98600.0,2024-12-29
2024122901023692,TAMOR,25,58,50.0,493.6,24680.0,2024-12-29
2024122901023691,TAMOR,3,58,100.0,493.7,49370.0,2024-12-29
2024122901023690,TAMOR,44,58,50.0,494.0,24700.0,2024-12-29
2024122901023689,TAMOR,25,58,50.0,494.2,24710.0,2024-12-29
2024122901023688,TAMOR,53,58,240.0,494.5,118680.0,2024-12-29
2024122901023687,TAMOR,44,58,460.0,494.6,227516.0,2024-12-29
2024122904011789,CHCL,49,33,30.0,570.0,17100.0,2024-12-29
2024122901023686,SBI,14,52,10.0,430.0,4300.0,2024-12-29
2024122903019447,GFCL,25,47,70.0,780.0,54600.0,2024-12-29
2024122903019446,GLBSL,43,61,10.0,2488.2,24882.0,2024-12-29
2024122903019445,GLBSL,43,61,10.0,2488.3,24883.0,2024-12-29
2024122903019444,GLBSL,34,61,10.0,2488.4,24884.0,2024-12-29
2024122903019443,GLBSL,17,61,10.0,2488.5,24885.0,2024-12-29
2024122903019442,GLBSL,57,61,13.0,2488.6,32351.8,2024-12-29
2024122903019441,GRDBL,41,57,132.0,880.0,116160.0,2024-12-29
2024122903019440,GRDBL,43,57,368.0,880.0,323840.0,2024-12-29
2024122901023685,GVL,57,81,100.0,500.0,50000.0,2024-12-29
2024122901023684,NMB,37,38,17.0,246.0,4182.0,2024-12-29
2024122901023683,NMB,37,58,11.0,246.0,2706.0,2024-12-29
2024122904011788,SHL,8,46,450.0,464.0,208800.0,2024-12-29
2024122904011787,CHCL,35,33,10.0,570.0,5700.0,2024-12-29
2024122903019439,NFS,72,78,40.0,1002.0,40080.0,2024-12-29
2024122903019438,NFS,49,78,50.0,1002.1,50105.0,2024-12-29
2024122903019437,NFS,7,78,150.0,1002.1,150315.0,2024-12-29
2024122903019436,NFS,8,78,100.0,1002.1,100210.0,2024-12-29
2024122903019435,NFS,49,78,200.0,1002.1,200420.0,2024-12-29
2024122903019434,NFS,26,78,80.0,1002.1,80168.0,2024-12-29
2024122903019433,NFS,45,78,20.0,1002.5,20050.0,2024-12-29
2024122903019432,NFS,39,78,200.0,1003.0,200600.0,2024-12-29
2024122903019431,NFS,62,78,60.0,1003.0,60180.0,2024-12-29
2024122903019430,NFS,22,78,10.0,1003.0,10030.0,2024-12-29
2024122903019429,NFS,41,78,90.0,1003.0,90270.0,2024-12-29
2024122901023682,SPL,39,56,10.0,1020.0,10200.0,2024-12-29
2024122904011786,NGPL,32,48,100.0,256.4,25640.0,2024-12-29
2024122901023681,ADBL,55,51,1000.0,334.0,334000.0,2024-12-29
2024122901023680,KBL,55,42,100.0,219.0,21900.0,2024-12-29
2024122901023679,PPL,42,21,10.0,526.0,5260.0,2024-12-29
2024122905010891,SMATA,5,7,10.0,818.5,8185.0,2024-12-29
2024122903019428,CBBL,59,13,20.0,931.0,18620.0,2024-12-29
2024122903019427,MLBL,51,26,240.0,388.0,93120.0,2024-12-29
2024122903019426,MLBL,25,26,315.0,388.0,122220.0,2024-12-29
2024122901023678,USHL,80,48,90.0,785.0,70650.0,2024-12-29
2024122901023677,USHL,80,34,20.0,784.0,15680.0,2024-12-29
2024122901023676,USHL,80,39,90.0,783.0,70470.0,2024-12-29
2024122903019425,SJLIC,50,17,80.0,446.2,35696.0,2024-12-29
2024122901023675,ADBL,22,51,35.0,334.0,11690.0,2024-12-29
2024122905010890,HRL,50,58,10.0,794.1,7941.0,2024-12-29
2024122904011785,LEC,58,22,50.0,199.2,9960.0,2024-12-29
2024122901023674,MKHC,66,32,150.0,501.3,75195.0,2024-12-29
2024122901023673,MKHC,74,32,250.0,501.4,125350.0,2024-12-29
2024122904011784,CHCL,38,33,100.0,570.0,57000.0,2024-12-29
2024122905010889,CHDC,59,7,565.0,1570.1,887106.5,2024-12-29
2024122905010888,CHDC,26,7,100.0,1571.0,157100.0,2024-12-29
2024122905010887,CHDC,94,7,50.0,1575.0,78750.0,2024-12-29
2024122904011783,GHL,41,34,112.0,204.0,22848.0,2024-12-29
2024122904011782,GHL,41,14,200.0,204.0,40800.0,2024-12-29
2024122904011781,GHL,41,41,38.0,204.0,7752.0,2024-12-29
2024122903019424,CORBL,78,41,50.0,1313.0,65650.0,2024-12-29
2024122901023672,SPHL,92,8,72.0,780.0,56160.0,2024-12-29
2024122901023671,SPHL,92,82,128.0,776.0,99328.0,2024-12-29
2024122901023670,GVL,52,63,10.0,498.2,4982.0,2024-12-29
2024122904011780,CHCL,55,33,80.0,570.0,45600.0,2024-12-29
2024122904011779,BARUN,5,6,15.0,391.0,5865.0,2024-12-29
2024122901023669,NESDO,66,41,10.0,2278.0,22780.0,2024-12-29
2024122904011778,MHNL,50,22,10.0,260.0,2600.0,2024-12-29
2024122903019423,JBBL,96,34,10.0,360.0,3600.0,2024-12-29
2024122901023668,CYCL,77,21,84.0,1648.9,138507.6,2024-12-29
2024122901023667,CYCL,77,21,10.0,1648.9,16489.0,2024-12-29
2024122901023666,CYCL,77,21,10.0,1648.7,16487.0,2024-12-29
2024122901023665,CYCL,77,21,10.0,1648.6,16486.0,2024-12-29
2024122901023664,CYCL,77,21,10.0,1648.5,16485.0,2024-12-29
2024122901023663,CYCL,77,21,10.0,1648.0,16480.0,2024-12-29
2024122901023662,CYCL,77,21,10.0,1647.9,16479.0,2024-12-29
2024122901023661,CYCL,77,21,10.0,1647.8,16478.0,2024-12-29
2024122901023660,CYCL,77,21,10.0,1647.7,16477.0,2024-12-29
2024122901023659,CYCL,77,58,30.0,1640.0,49200.0,2024-12-29
2024122901023658,CYCL,77,74,77.0,1640.0,126280.0,2024-12-29
2024122901023657,CYCL,77,58,100.0,1630.0,163000.0,2024-12-29
2024122901023656,CYCL,77,42,200.0,1630.0,326000.0,2024-12-29
2024122901023655,CYCL,77,42,168.0,1625.0,273000.0,2024-12-29
2024122901023654,CYCL,77,21,11.0,1624.9,17873.9,2024-12-29
2024122901023653,PRVU,45,34,250.0,241.1,60275.0,2024-12-29
2024122904011777,JOSHI,4,7,119.0,418.4,49789.6,2024-12-29
2024122904011776,RHPL,58,59,400.0,420.0,168000.0,2024-12-29
2024122904011775,RHPL,49,59,100.0,420.1,42010.0,2024-12-29
2024122901023652,MKHL,58,17,145.0,625.0,90625.0,2024-12-29
2024122903019422,MPFL,22,49,43.0,653.0,28079.0,2024-12-29
2024122903019421,MPFL,22,45,50.0,653.0,32650.0,2024-12-29
2024122901023651,PRVU,58,57,155.0,241.0,37355.0,2024-12-29
2024122904011774,CHCL,16,33,20.0,570.0,11400.0,2024-12-29
2024122904011773,SGIC,42,34,25.0,662.5,16562.5,2024-12-29
2024122904011772,SGIC,25,34,100.0,662.6,66260.0,2024-12-29
2024122904011771,SGIC,7,34,10.0,663.0,6630.0,2024-12-29
2024122904011770,SGIC,44,34,155.0,663.0,102765.0,2024-12-29
2024122904011769,CHCL,77,58,200.0,569.9,113980.0,2024-12-29
2024122903019420,MLBBL,58,57,10.0,1585.0,15850.0,2024-12-29
2024122901023650,NIMB,17,52,819.0,221.0,180999.0,2024-12-29
2024122901023649,NIMB,57,52,181.0,221.0,40001.0,2024-12-29
2024122903019419,SWMF,7,21,14.0,779.0,10906.0,2024-12-29
2024122903019418,SKBBL,74,48,11.0,936.0,10296.0,2024-12-29
2024122901023648,PPL,32,21,470.0,525.5,246985.0,2024-12-29
2024122901023647,PPL,14,21,30.0,525.6,15768.0,2024-12-29
2024122903019417,PFL,45,5,50.0,578.0,28900.0,2024-12-29
2024122905010886,SHIVM,45,58,100.0,555.0,55500.0,2024-12-29
2024122905010885,BBC,10,58,10.0,6088.0,60880.0,2024-12-29
2024122903019416,PFL,49,5,100.0,578.0,57800.0,2024-12-29
2024122903019415,PFL,49,49,150.0,578.0,86700.0,2024-12-29
2024122904011768,NLG,4,55,400.0,964.5,385800.0,2024-12-29
2024122904011767,NLG,4,55,100.0,964.0,96400.0,2024-12-29
2024122903019414,BFC,57,62,100.0,635.0,63500.0,2024-12-29
2024122904011766,RADHI,3,58,10.0,348.0,3480.0,2024-12-29
2024122903019413,SWBBL,8,14,100.0,874.6,87460.0,2024-12-29
2024122903019412,SWBBL,10,14,43.0,874.6,37607.8,2024-12-29
2024122904011765,JOSHI,48,17,20.0,418.3,8366.0,2024-12-29
2024122905010884,HRL,56,57,20.0,796.0,15920.0,2024-12-29
2024122903019411,SIFC,57,6,10.0,571.9,5719.0,2024-12-29
2024122901023646,RHGCL,57,34,10.0,521.1,5211.0,2024-12-29
2024122903019410,SHINE,57,42,50.0,426.0,21300.0,2024-12-29
2024122905010883,CIT,57,57,17.0,2085.0,35445.0,2024-12-29
2024122903019409,CBBL,59,40,167.0,931.0,155477.0,2024-12-29
2024122903019408,CBBL,39,40,30.0,931.0,27930.0,2024-12-29
2024122903019407,CBBL,1,40,110.0,931.0,102410.0,2024-12-29
2024122903019406,CBBL,52,40,100.0,931.0,93100.0,2024-12-29
2024122903019405,CBBL,22,40,50.0,931.1,46555.0,2024-12-29
2024122903019404,CBBL,84,40,30.0,931.1,27933.0,2024-12-29
2024122903019403,CBBL,7,40,13.0,932.0,12116.0,2024-12-29
2024122905010882,RNLI,85,58,10.0,495.6,4956.0,2024-12-29
2024122903019402,MNBBL,29,35,63.0,375.0,23625.0,2024-12-29
2024122903019401,MNBBL,34,35,37.0,375.3,13886.1,2024-12-29
2024122904011764,AKJCL,36,35,500.0,196.9,98450.0,2024-12-29
2024122903019400,SKBBL,51,48,15.0,936.0,14040.0,2024-12-29
2024122903019399,SKBBL,6,48,165.0,936.0,154440.0,2024-12-29
2024122901023645,HBL,41,85,10.0,239.5,2395.0,2024-12-29
2024122905010881,CLI,49,55,10.0,673.5,6735.0,2024-12-29
2024122901023644,PRVU,42,34,50.0,241.1,12055.0,2024-12-29
2024122904011763,TRH,66,38,15.0,1080.0,16200.0,2024-12-29
2024122904011762,TRH,66,34,445.0,1080.0,480600.0,2024-12-29
2024122904011761,TRH,66,26,200.0,1079.0,215800.0,2024-12-29
2024122904011760,TRH,66,58,47.0,1079.0,50713.0,2024-12-29
2024122904011759,TRH,66,53,10.0,1079.0,10790.0,2024-12-29
2024122904011758,TRH,66,58,10.0,1078.0,10780.0,2024-12-29
2024122904011757,AKPL,83,13,200.0,229.5,45900.0,2024-12-29
2024122901023643,PPL,1,21,10.0,526.0,5260.0,2024-12-29
2024122901023642,MCHL,6,45,80.0,605.1,48408.0,2024-12-29
2024122904011756,HURJA,25,22,62.0,224.2,13900.4,2024-12-29
2024122904011755,HURJA,33,22,200.0,224.3,44860.0,2024-12-29
2024122903019398,MPFL,44,32,58.0,652.0,37816.0,2024-12-29
2024122903019397,BFC,57,6,139.0,635.0,88265.0,2024-12-29
2024122903019396,BFC,49,6,460.0,635.0,292100.0,2024-12-29
2024122903019395,BFC,36,6,459.0,635.0,291465.0,2024-12-29
2024122903019394,BFC,5,6,78.0,636.0,49608.0,2024-12-29
2024122903019393,MATRI,58,57,10.0,1280.0,12800.0,2024-12-29
2024122903019392,MATRI,58,17,10.0,1272.0,12720.0,2024-12-29
2024122903019391,MDB,58,83,138.0,696.0,96048.0,2024-12-29
2024122903019390,MDB,58,43,100.0,695.9,69590.0,2024-12-29
2024122903019389,MDB,58,14,50.0,694.0,34700.0,2024-12-29
2024122903019388,MDB,58,38,162.0,694.0,112428.0,2024-12-29
2024122903019387,CORBL,71,41,50.0,1313.0,65650.0,2024-12-29
2024122904011754,KKHC,62,55,483.0,366.4,176971.2,2024-12-29
2024122904011753,KKHC,26,55,500.0,366.4,183200.0,2024-12-29
2024122904011752,KKHC,42,55,17.0,367.0,6239.0,2024-12-29
2024122904011751,NLG,66,44,307.0,963.9,295917.3,2024-12-29
2024122904011750,NLG,66,48,100.0,963.0,96300.0,2024-12-29
2024122904011749,NLG,66,26,90.0,962.9,86661.0,2024-12-29
2024122903019386,BFC,5,48,22.0,636.0,13992.0,2024-12-29
2024122903019385,SLBSL,51,41,10.0,1959.0,19590.0,2024-12-29
2024122903019384,SLBSL,51,58,14.0,1959.0,27426.0,2024-12-29
2024122901023641,SCB,38,51,100.0,671.0,67100.0,2024-12-29
2024122903019383,EDBL,50,18,100.0,563.0,56300.0,2024-12-29
2024122903019382,EDBL,20,18,40.0,563.0,22520.0,2024-12-29
2024122903019381,EDBL,58,18,40.0,564.0,22560.0,2024-12-29
2024122903019380,GFCL,57,45,20.0,779.0,15580.0,2024-12-29
2024122905010880,NTC,49,51,688.0,960.5,660824.0,2024-12-29
2024122905010879,NTC,49,25,50.0,960.5,48025.0,2024-12-29
2024122901023640,RFPL,60,56,30.0,1006.0,30180.0,2024-12-29
2024122904011748,SGIC,44,58,10.0,663.0,6630.0,2024-12-29
2024122904011747,SSHL,44,58,100.0,226.5,22650.0,2024-12-29
2024122903019379,MFIL,50,53,100.0,650.1,65010.0,2024-12-29
2024122905010878,SONA,39,19,255.0,450.7,114928.5,2024-12-29
2024122905010877,SONA,48,19,40.0,451.0,18040.0,2024-12-29
2024122901023639,DLBS,16,34,10.0,1760.0,17600.0,2024-12-29
2024122901023638,MKHL,58,8,150.0,625.0,93750.0,2024-12-29
2024122901023637,MKHL,45,8,100.0,625.1,62510.0,2024-12-29
2024122903019378,NMBMF,63,28,100.0,708.5,70850.0,2024-12-29
2024122903019377,NMBMF,63,42,30.0,705.0,21150.0,2024-12-29
2024122903019376,NMBMF,63,41,117.0,705.0,82485.0,2024-12-29
2024122903019375,NMBMF,63,41,100.0,700.0,70000.0,2024-12-29
2024122903019374,NMBMF,63,45,74.0,700.0,51800.0,2024-12-29
2024122903019373,NMBMF,63,22,10.0,700.0,7000.0,2024-12-29
2024122903019372,NMBMF,63,5,60.0,699.9,41994.0,2024-12-29
2024122904011746,UPCL,48,42,190.0,267.0,50730.0,2024-12-29
2024122903019371,KSBBL,33,47,10.0,432.8,4328.0,2024-12-29
2024122904011745,MEN,21,45,10.0,608.0,6080.0,2024-12-29
2024122903019370,PROFL,45,45,20.0,609.0,12180.0,2024-12-29
2024122905010876,HDL,28,57,30.0,1366.0,40980.0,2024-12-29
2024122903019369,RLFL,57,45,150.0,560.0,84000.0,2024-12-29
2024122903019368,PROFL,14,5,20.0,610.0,12200.0,2024-12-29
2024122903019367,PROFL,14,86,30.0,610.0,18300.0,2024-12-29
2024122904011744,HPPL,3,17,10.0,388.2,3882.0,2024-12-29
2024122904011743,SPDL,44,44,3820.0,321.0,1226220.0,2024-12-29
2024122904011742,SPDL,13,44,1000.0,321.1,321100.0,2024-12-29
2024122904011741,SPDL,22,44,180.0,321.1,57798.0,2024-12-29
2024122901023636,NESDO,19,41,20.0,2278.0,45560.0,2024-12-29
2024122903019366,MPFL,52,32,400.0,652.0,260800.0,2024-12-29
2024122901023635,NICA,58,34,100.0,391.0,39100.0,2024-12-29
2024122901023634,NICA,26,34,30.0,391.0,11730.0,2024-12-29
2024122901023633,NICA,1,34,50.0,391.0,19550.0,2024-12-29
2024122901023632,NICA,49,34,210.0,391.0,82110.0,2024-12-29
2024122901023631,NICA,43,34,600.0,391.0,234600.0,2024-12-29
2024122901023630,NICA,58,34,150.0,391.0,58650.0,2024-12-29
2024122901023629,NICA,33,34,100.0,391.0,39100.0,2024-12-29
2024122901023628,NICA,75,34,11.0,391.0,4301.0,2024-12-29
2024122901023627,NICA,25,34,100.0,391.0,39100.0,2024-12-29
2024122901023626,NICA,49,34,100.0,391.0,39100.0,2024-12-29
2024122901023625,NICA,13,34,100.0,391.0,39100.0,2024-12-29
2024122901023624,NICA,55,34,200.0,391.0,78200.0,2024-12-29
2024122901023623,NICA,49,34,50.0,391.0,19550.0,2024-12-29
2024122901023622,NICA,58,34,87.0,391.0,34017.0,2024-12-29
2024122901023621,NICA,64,34,2258.0,391.0,882878.0,2024-12-29
2024122901023620,NICA,54,34,25.0,391.1,9777.5,2024-12-29
2024122901023619,JBLB,34,34,20.0,1570.1,31402.0,2024-12-29
2024122901023618,PRVU,38,34,50.0,241.1,12055.0,2024-12-29
2024122904011740,JOSHI,52,7,279.0,418.4,116733.6,2024-12-29
2024122904011739,JOSHI,84,7,300.0,418.5,125550.0,2024-12-29
2024122903019365,BFC,36,38,100.0,635.0,63500.0,2024-12-29
2024122903019364,HLI,63,48,422.0,446.0,188212.0,2024-12-29
2024122903019363,HLI,63,38,397.0,446.0,177062.0,2024-12-29
2024122903019362,HLI,63,16,100.0,445.0,44500.0,2024-12-29
2024122903019361,HLI,63,22,10.0,445.0,4450.0,2024-12-29
2024122903019360,HLI,63,58,31.0,445.0,13795.0,2024-12-29
2024122903019359,HLI,63,49,10.0,445.0,4450.0,2024-12-29
2024122903019358,HLI,63,34,30.0,445.0,13350.0,2024-12-29
2024122904011738,HDHPC,50,41,60.0,196.4,11784.0,2024-12-29
2024122904011737,HDHPC,45,41,40.0,196.6,7864.0,2024-12-29
2024122905010875,VLUCL,68,70,11.0,655.0,7205.0,2024-12-29
2024122905010874,VLUCL,68,58,10.0,654.0,6540.0,2024-12-29
2024122905010873,VLUCL,68,57,10.0,650.0,6500.0,2024-12-29
2024122905010872,VLUCL,68,45,49.0,646.1,31658.9,2024-12-29
2024122904011736,RIDI,26,58,94.0,219.5,20633.0,2024-12-29
2024122904011735,CGH,18,45,10.0,902.0,9020.0,2024-12-29
2024122901023617,SBI,66,28,177.0,428.0,75756.0,2024-12-29
2024122901023616,SBI,34,28,10.0,428.0,4280.0,2024-12-29
2024122901023615,SBI,43,28,30.0,428.0,12840.0,2024-12-29
2024122901023614,SBI,59,28,283.0,429.0,121407.0,2024-12-29
2024122904011734,AKJCL,36,34,965.0,196.9,190008.5,2024-12-29
2024122905010871,NSIF2,50,10,1700.0,10.13,17221.0,2024-12-29
2024122903019357,GMFIL,34,14,180.0,546.0,98280.0,2024-12-29
2024122905010870,NRN,57,13,50.0,1000.0,50000.0,2024-12-29
2024122905010869,NTC,46,37,40.0,960.3,38412.0,2024-12-29
2024122905010868,NTC,3,37,60.0,960.3,57618.0,2024-12-29
2024122901023613,SPC,16,58,10.0,508.4,5084.0,2024-12-29
2024122905010867,MEL,32,8,50.0,309.0,15450.0,2024-12-29
2024122905010866,MEL,32,41,50.0,309.0,15450.0,2024-12-29
2024122905010865,HATHY,32,8,50.0,1340.0,67000.0,2024-12-29
2024122901023612,SPL,7,56,10.0,1020.0,10200.0,2024-12-29
2024122901023611,SPL,7,17,10.0,1015.9,10159.0,2024-12-29
2024122901023610,SPL,7,35,10.0,1015.5,10155.0,2024-12-29
2024122901023609,SPL,7,5,10.0,1015.0,10150.0,2024-12-29
2024122901023608,SPL,7,5,10.0,1014.0,10140.0,2024-12-29
2024122901023607,SPL,7,54,50.0,1013.0,50650.0,2024-12-29
2024122901023606,NABIL,36,42,91.0,502.7,45745.7,2024-12-29
2024122901023605,NABIL,36,80,70.0,502.7,35189.0,2024-12-29
2024122901023604,MAKAR,29,7,10.0,600.0,6000.0,2024-12-29
2024122901023603,KBL,44,46,23.0,218.7,5030.1,2024-12-29
2024122901023602,KBL,41,46,32.0,218.8,7001.6,2024-12-29
2024122901023601,KBL,17,46,310.0,219.0,67890.0,2024-12-29
2024122905010864,MBJC,17,49,700.0,330.0,231000.0,2024-12-29
2024122905010863,MBJC,17,51,50.0,330.0,16500.0,2024-12-29
2024122904011733,LEC,38,22,200.0,199.3,39860.0,2024-12-29
2024122904011732,LEC,38,22,500.0,199.5,99750.0,2024-12-29
2024122904011731,LEC,39,22,100.0,199.6,19960.0,2024-12-29
2024122904011730,LEC,33,22,100.0,199.6,19960.0,2024-12-29
2024122901023600,MBL,56,57,90.0,239.5,21555.0,2024-12-29
2024122904011729,UPPER,20,57,170.0,204.0,34680.0,2024-12-29
2024122903019356,GFCL,57,54,12.0,779.0,9348.0,2024-12-29
2024122901023599,NYADI,54,25,230.0,428.0,98440.0,2024-12-29
2024122901023598,NYADI,88,25,100.0,428.1,42810.0,2024-12-29
2024122903019355,GLBSL,49,19,10.0,2490.0,24900.0,2024-12-29
2024122903019354,GLBSL,59,19,13.0,2490.0,32370.0,2024-12-29
2024122903019353,GLBSL,17,19,10.0,2495.0,24950.0,2024-12-29
2024122901023597,KDL,55,6,20.0,1119.9,22398.0,2024-12-29
2024122901023596,KDL,45,6,80.0,1120.0,89600.0,2024-12-29
2024122901023595,SARBTM,85,22,43.0,717.0,30831.0,2024-12-29
2024122904011728,SSHL,49,34,28.0,225.5,6314.0,2024-12-29
2024122904011727,SSHL,52,34,792.0,225.5,178596.0,2024-12-29
2024122904011726,SSHL,44,34,50.0,226.0,11300.0,2024-12-29
2024122904011725,SSHL,17,34,100.0,226.0,22600.0,2024-12-29
2024122904011724,SSHL,29,34,30.0,226.2,6786.0,2024-12-29
2024122901023594,PRVU,32,34,75.0,241.1,18082.5,2024-12-29
2024122904011723,CHCL,34,33,10.0,570.0,5700.0,2024-12-29
2024122903019352,NFS,41,34,110.0,1003.0,110330.0,2024-12-29
2024122903019351,SLBBL,83,97,69.0,909.0,62721.0,2024-12-29
2024122904011722,UMRH,77,58,11.0,609.0,6699.0,2024-12-29
2024122904011721,UMRH,77,32,159.0,608.0,96672.0,2024-12-29
2024122903019350,GFCL,18,54,38.0,779.0,29602.0,2024-12-29
2024122903019349,GFCL,18,86,100.0,779.0,77900.0,2024-12-29
2024122903019348,GFCL,18,45,32.0,779.0,24928.0,2024-12-29
2024122904011720,HDHPC,45,26,60.0,196.5,11790.0,2024-12-29
2024122904011719,CHCL,45,33,100.0,570.0,57000.0,2024-12-29
2024122901023593,SARBTM,45,45,25.0,715.9,17897.5,2024-12-29
2024122901023592,HHL,16,17,10.0,510.0,5100.0,2024-12-29
2024122903019347,SJLIC,50,57,10.0,446.2,4462.0,2024-12-29
2024122904011718,MHNL,49,22,10.0,260.0,2600.0,2024-12-29
2024122901023591,SNLI,49,16,12.0,622.0,7464.0,2024-12-29
2024122901023590,RHGCL,26,34,60.0,522.0,31320.0,2024-12-29
2024122904011717,UPPER,20,8,24.0,204.0,4896.0,2024-12-29
2024122904011716,UPPER,42,8,10.0,204.0,2040.0,2024-12-29
2024122901023589,SMHL,28,39,20.0,1200.1,24002.0,2024-12-29
2024122903019346,CBBL,34,71,100.0,933.6,93360.0,2024-12-29
2024122901023588,NICA,33,35,34.0,392.0,13328.0,2024-12-29
2024122903019345,GFCL,83,45,10.0,779.0,7790.0,2024-12-29
2024122905010862,CLI,49,51,110.0,673.5,74085.0,2024-12-29
2024122901023587,MKCL,18,7,10.0,1485.0,14850.0,2024-12-29
2024122903019344,RSDC,43,43,300.0,675.0,202500.0,2024-12-29
2024122905010861,VLUCL,65,45,150.0,645.0,96750.0,2024-12-29
2024122903019343,SHINE,45,42,50.0,426.0,21300.0,2024-12-29
2024122904011715,NLG,14,26,10.0,962.9,9629.0,2024-12-29
2024122903019342,MFIL,50,59,90.0,650.1,58509.0,2024-12-29
2024122901023586,EHPL,56,38,100.0,750.0,75000.0,2024-12-29
2024122901023585,EHPL,56,1,300.0,750.0,225000.0,2024-12-29
2024122901023584,EHPL,56,8,100.0,750.0,75000.0,2024-12-29
2024122905010860,NRN,57,60,20.0,999.0,19980.0,2024-12-29
2024122905010859,NRN,39,60,100.0,999.0,99900.0,2024-12-29
2024122901023583,MCHL,6,67,43.0,605.1,26019.3,2024-12-29
2024122901023582,MCHL,19,67,57.0,605.1,34490.7,2024-12-29
2024122904011714,API,19,25,49.0,260.0,12740.0,2024-12-29
2024122904011713,API,38,25,53.0,260.0,13780.0,2024-12-29
2024122904011712,API,58,25,30.0,260.0,7800.0,2024-12-29
2024122904011711,API,17,25,400.0,260.0,104000.0,2024-12-29
2024122904011710,API,25,25,100.0,260.0,26000.0,2024-12-29
2024122904011709,API,55,25,10.0,260.0,2600.0,2024-12-29
2024122904011708,API,22,25,50.0,260.0,13000.0,2024-12-29
2024122904011707,API,44,25,49.0,260.0,12740.0,2024-12-29
2024122904011706,API,17,25,159.0,260.1,41355.9,2024-12-29
2024122904011705,API,22,25,100.0,260.2,26020.0,2024-12-29
2024122903019341,SFCL,34,58,59.0,609.1,35936.9,2024-12-29
2024122904011704,BARUN,35,7,150.0,390.3,58545.0,2024-12-29
2024122901023581,HHL,16,39,200.0,510.0,102000.0,2024-12-29
2024122905010858,RNLI,85,39,43.0,495.6,21310.8,2024-12-29
2024122905010857,SMATA,58,38,10.0,818.0,8180.0,2024-12-29
2024122904011703,SPDL,70,38,11.0,322.9,3551.9,2024-12-29
2024122903019340,SFCL,33,58,10.0,609.2,6092.0,2024-12-29
2024122903019339,SFCL,25,58,25.0,609.3,15232.5,2024-12-29
2024122904011702,AKPL,83,21,600.0,229.5,137700.0,2024-12-29
2024122901023580,GBIME,13,77,57.0,229.5,13081.5,2024-12-29
2024122901023579,PRVU,50,34,500.0,241.1,120550.0,2024-12-29
2024122905010856,NIFRA,5,58,61.0,246.8,15054.8,2024-12-29
2024122903019338,MLBBL,52,1,100.0,1580.0,158000.0,2024-12-29
2024122901023578,SARBTM,57,45,50.0,716.0,35800.0,2024-12-29
2024122905010855,HIDCL,45,50,63.0,234.9,14798.7,2024-12-29
2024122905010854,SONA,48,45,10.0,451.0,4510.0,2024-12-29
2024122903019337,SFCL,25,7,175.0,609.3,106627.5,2024-12-29
2024122903019336,MLBL,25,45,70.0,388.0,27160.0,2024-12-29
2024122901023577,NMB,45,57,70.0,245.0,17150.0,2024-12-29
2024122901023576,NMB,28,57,27.0,245.0,6615.0,2024-12-29
2024122903019335,GBBL,49,21,200.0,396.5,79300.0,2024-12-29
2024122904011701,RURU,6,74,10.0,671.0,6710.0,2024-12-29
2024122903019334,NFS,38,34,90.0,1003.0,90270.0,2024-12-29
2024122901023575,GBIME,41,77,10.0,229.5,2295.0,2024-12-29
2024122903019333,NFS,38,59,10.0,1003.0,10030.0,2024-12-29
2024122901023574,SHLB,45,58,11.0,2785.1,30636.1,2024-12-29
2024122903019332,JFL,42,72,152.0,833.4,126676.8,2024-12-29
2024122903019331,NFS,54,59,50.0,1003.0,50150.0,2024-12-29
2024122905010853,SLCF,17,46,400.0,9.62,3848.0,2024-12-29
2024122905010852,SLCF,17,58,100.0,9.62,962.0,2024-12-29
2024122904011700,KKHC,42,57,80.0,367.0,29360.0,2024-12-29
2024122903019330,CBBL,40,71,50.0,933.9,46695.0,2024-12-29
2024122901023573,GVL,49,81,50.0,500.0,25000.0,2024-12-29
2024122903019329,MLBL,34,45,600.0,388.0,232800.0,2024-12-29
2024122905010851,NIFRA,45,58,110.0,246.8,27148.0,2024-12-29
2024122905010850,NIFRA,48,58,300.0,246.8,74040.0,2024-12-29
2024122905010849,NIFRA,41,58,10.0,246.9,2469.0,2024-12-29
2024122901023572,BEDC,45,4,100.0,692.3,69230.0,2024-12-29
2024122905010848,HATHY,49,4,10.0,1327.0,13270.0,2024-12-29
2024122905010847,HATHY,49,4,10.0,1327.0,13270.0,2024-12-29
2024122904011699,BARUN,35,54,230.0,390.3,89769.0,2024-12-29
2024122904011698,BARUN,6,54,50.0,390.3,19515.0,2024-12-29
2024122904011697,BARUN,3,54,200.0,390.4,78080.0,2024-12-29
2024122903019328,GFCL,59,45,13.0,779.0,10127.0,2024-12-29
2024122905010846,GCIL,22,6,81.0,492.1,39860.1,2024-12-29
2024122903019327,LBBL,34,22,50.0,475.0,23750.0,2024-12-29
2024122904011696,AKPL,49,66,150.0,230.0,34500.0,2024-12-29
2024122904011695,AKJCL,37,34,50.0,196.9,9845.0,2024-12-29
2024122904011694,API,17,48,141.0,260.1,36674.1,2024-12-29
2024122903019326,ALICL,48,28,50.0,708.0,35400.0,2024-12-29
2024122903019325,MLBL,58,29,20.0,387.0,7740.0,2024-12-29
2024122905010845,NIFRA,41,57,190.0,246.9,46911.0,2024-12-29
2024122904011693,TRH,66,58,610.0,1078.0,657580.0,2024-12-29
2024122904011692,TRH,66,26,390.0,1075.0,419250.0,2024-12-29
2024122904011691,AKJCL,13,56,82.0,196.7,16129.4,2024-12-29
2024122903019324,SFCL,13,7,50.0,609.3,30465.0,2024-12-29
2024122904011690,NHDL,50,55,13.0,710.0,9230.0,2024-12-29
2024122905010844,SAHAS,6,51,10.0,472.1,4721.0,2024-12-29
2024122901023571,RHGCL,26,63,140.0,522.0,73080.0,2024-12-29
2024122904011689,SHL,62,35,150.0,462.5,69375.0,2024-12-29
2024122903019323,NFS,54,59,20.0,1003.0,20060.0,2024-12-29
2024122903019322,NFS,54,47,30.0,1003.0,30090.0,2024-12-29
2024122904011688,AKJCL,14,56,418.0,196.7,82220.6,2024-12-29
2024122901023570,PRVU,44,34,1000.0,241.1,241100.0,2024-12-29
2024122901023569,RFPL,60,34,270.0,1006.0,271620.0,2024-12-29
2024122901023568,ULHC,52,74,200.0,482.0,96400.0,2024-12-29
2024122903019321,USLB,49,14,10.0,1589.0,15890.0,2024-12-29
2024122903019320,BFC,36,34,300.0,635.0,190500.0,2024-12-29
2024122901023567,SMH,34,28,10.0,1017.0,10170.0,2024-12-29
2024122904011687,SPDL,22,35,700.0,321.1,224770.0,2024-12-29
2024122904011686,SHPC,21,57,140.0,461.0,64540.0,2024-12-29
2024122905010843,RNLI,85,58,11.0,495.6,5451.6,2024-12-29
2024122903019319,PFL,58,35,80.0,577.0,46160.0,2024-12-29
2024122905010842,HDL,57,45,37.0,1365.0,50505.0,2024-12-29
2024122905010841,HDL,58,45,128.0,1365.0,174720.0,2024-12-29
2024122905010840,HDL,57,45,100.0,1365.1,136510.0,2024-12-29
2024122905010839,HDL,17,45,10.0,1365.1,13651.0,2024-12-29
2024122905010838,HDL,1,45,52.0,1365.1,70985.2,2024-12-29
2024122905010837,HDL,19,45,73.0,1366.0,99718.0,2024-12-29
2024122904011685,AKJCL,80,34,475.0,196.9,93527.5,2024-12-29
2024122904011684,HURJA,59,41,10.0,224.9,2249.0,2024-12-29
2024122901023566,RHGCL,68,17,200.0,520.1,104020.0,2024-12-29
2024122901023565,RHGCL,42,17,200.0,520.2,104040.0,2024-12-29
2024122901023564,RHGCL,41,17,100.0,521.0,52100.0,2024-12-29
2024122901023563,RHGCL,7,17,100.0,521.0,52100.0,2024-12-29
2024122901023562,RHGCL,56,17,400.0,521.1,208440.0,2024-12-29
2024122903019318,MPFL,13,22,10.0,651.0,6510.0,2024-12-29
2024122903019317,CFCL,16,44,283.0,582.0,164706.0,2024-12-29
2024122903019316,CFCL,74,44,17.0,582.1,9895.7,2024-12-29
2024122903019315,CFCL,34,44,200.0,582.2,116440.0,2024-12-29
2024122901023561,CITY,59,57,63.0,865.0,54495.0,2024-12-29
2024122901023560,CITY,98,57,161.0,865.1,139281.1,2024-12-29
2024122901023559,GVL,48,81,355.0,500.0,177500.0,2024-12-29
2024122901023558,GVL,48,48,40.0,499.9,19996.0,2024-12-29
2024122904011683,RADHI,34,58,11.0,348.0,3828.0,2024-12-29
2024122904011682,RADHI,34,21,79.0,348.0,27492.0,2024-12-29
2024122901023557,HIDCLP,44,49,427.0,165.5,70668.5,2024-12-29
2024122901023556,HIDCLP,44,49,435.0,165.6,72036.0,2024-12-29
2024122901023555,HIDCLP,58,49,680.0,166.0,112880.0,2024-12-29
2024122901023554,HIDCLP,32,49,160.0,166.0,26560.0,2024-12-29
2024122901023553,HIDCLP,58,49,48.0,166.7,8001.6,2024-12-29
2024122903019314,LICN,47,34,10.0,1140.0,11400.0,2024-12-29
2024122904011681,NGPL,38,45,20.0,256.5,5130.0,2024-12-29
2024122901023552,USHL,50,58,885.0,780.0,690300.0,2024-12-29
2024122901023551,USHL,50,13,15.0,778.0,11670.0,2024-12-29
2024122904011680,HDHPC,57,26,150.0,196.5,29475.0,2024-12-29
2024122901023550,HHL,16,14,50.0,509.0,25450.0,2024-12-29
2024122901023549,HHL,16,39,15.0,508.0,7620.0,2024-12-29
2024122904011679,NHPC,32,57,1000.0,214.0,214000.0,2024-12-29
2024122904011678,NHPC,38,57,100.0,214.1,21410.0,2024-12-29
2024122904011677,NHPC,42,57,200.0,214.5,42900.0,2024-12-29
2024122904011676,NHPC,45,57,100.0,214.5,21450.0,2024-12-29
2024122904011675,NHPC,3,57,600.0,214.6,128760.0,2024-12-29
2024122903019313,LICN,47,57,75.0,1140.0,85500.0,2024-12-29
2024122901023548,HBL,43,85,15.0,239.5,3592.5,2024-12-29
2024122903019312,NFS,26,36,100.0,1002.1,100210.0,2024-12-29
2024122901023547,RHGCL,8,63,50.0,522.0,26100.0,2024-12-29
2024122904011674,SGIC,7,58,40.0,663.0,26520.0,2024-12-29
2024122904011673,SGIC,7,32,10.0,663.0,6630.0,2024-12-29
2024122901023546,ULBSL,49,42,10.0,4085.0,40850.0,2024-12-29
2024122904011672,AKJCL,58,34,10.0,196.9,1969.0,2024-12-29
2024122904011671,HDHPC,43,38,598.0,196.1,117267.8,2024-12-29
2024122904011670,HDHPC,42,38,10.0,196.1,1961.0,2024-12-29
2024122904011669,HDHPC,45,38,767.0,196.2,150485.4,2024-12-29
2024122904011668,HDHPC,45,38,625.0,196.3,122687.5,2024-12-29
2024122901023545,JBLB,58,50,4.0,1570.0,6280.0,2024-12-29
2024122905010836,HDL,19,58,27.0,1366.0,36882.0,2024-12-29
2024122905010835,HDL,51,58,18.0,1366.0,24588.0,2024-12-29
2024122905010834,HDL,26,58,20.0,1366.0,27320.0,2024-12-29
2024122901023544,PRVU,58,1,408.0,241.0,98328.0,2024-12-29
2024122903019311,CBBL,43,71,13.0,933.9,12140.7,2024-12-29
2024122903019310,CBBL,43,52,20.0,933.8,18676.0,2024-12-29
2024122905010833,CIT,11,47,100.0,2088.0,208800.0,2024-12-29
2024122901023543,TPC,48,62,460.0,528.1,242926.0,2024-12-29
2024122901023542,TPC,25,62,125.0,529.0,66125.0,2024-12-29
2024122901023541,TPC,42,62,25.0,531.0,13275.0,2024-12-29
2024122901023540,SPHL,72,82,72.0,776.0,55872.0,2024-12-29
2024122901023539,SPHL,72,41,88.0,775.0,68200.0,2024-12-29
2024122901023538,SPHL,72,83,200.0,774.0,154800.0,2024-12-29
2024122901023537,SPHL,72,63,140.0,770.0,107800.0,2024-12-29
2024122903019309,CBBL,7,40,187.0,932.0,174284.0,2024-12-29
2024122903019308,CBBL,22,40,100.0,932.0,93200.0,2024-12-29
2024122903019307,CBBL,25,40,100.0,932.2,93220.0,2024-12-29
2024122903019306,CBBL,54,40,15.0,933.0,13995.0,2024-12-29
2024122903019305,CBBL,35,40,50.0,933.3,46665.0,2024-12-29
2024122903019304,CBBL,45,40,48.0,933.5,44808.0,2024-12-29
2024122903019303,GFCL,57,38,140.0,778.0,108920.0,2024-12-29
2024122901023536,RHGCL,57,63,100.0,522.0,52200.0,2024-12-29
2024122901023535,RFPL,85,34,30.0,1006.0,30180.0,2024-12-29
2024122903019302,SFCL,57,32,320.0,609.0,194880.0,2024-12-29
2024122903019301,SFCL,43,32,50.0,609.0,30450.0,2024-12-29
2024122903019300,SFCL,38,32,30.0,609.0,18270.0,2024-12-29
2024122903019299,SFCL,58,32,10.0,609.0,6090.0,2024-12-29
2024122903019298,SFCL,58,32,50.0,609.1,30455.0,2024-12-29
2024122903019297,SFCL,72,32,160.0,609.1,97456.0,2024-12-29
2024122904011667,NGPL,25,32,200.0,256.3,51260.0,2024-12-29
2024122904011666,AKJCL,14,7,175.0,196.7,34422.5,2024-12-29
2024122904011665,AKJCL,45,7,200.0,196.8,39360.0,2024-12-29
2024122901023534,SMH,39,40,10.0,1016.8,10168.0,2024-12-29
2024122901023533,PRVU,58,48,199.0,241.0,47959.0,2024-12-29
2024122904011664,JOSHI,52,48,100.0,418.4,41840.0,2024-12-29
2024122901023532,SPL,29,5,10.0,1012.0,10120.0,2024-12-29
2024122901023531,NWCL,42,55,10.0,957.0,9570.0,2024-12-29
2024122901023530,KBSH,49,36,10.0,2537.9,25379.0,2024-12-29
2024122904011663,UPPER,56,49,42.0,203.1,8530.2,2024-12-29
2024122904011662,UPPER,46,49,100.0,203.2,20320.0,2024-12-29
2024122904011661,UPPER,4,49,10.0,203.2,2032.0,2024-12-29
2024122904011660,UPPER,52,49,300.0,203.5,61050.0,2024-12-29
2024122904011659,UPPER,37,49,78.0,203.5,15873.0,2024-12-29
2024122904011658,UPPER,57,49,67.0,203.5,13634.5,2024-12-29
2024122904011657,UPPER,58,49,22.0,204.0,4488.0,2024-12-29
2024122904011656,UPPER,58,49,81.0,204.0,16524.0,2024-12-29
2024122903019296,ICFC,29,38,100.0,653.0,65300.0,2024-12-29
2024122903019295,MPFL,38,32,42.0,652.0,27384.0,2024-12-29
2024122901023529,RHGCL,5,63,200.0,522.0,104400.0,2024-12-29
2024122903019294,CBBL,45,38,22.0,933.5,20537.0,2024-12-29
2024122901023528,PCBL,5,43,100.0,258.3,25830.0,2024-12-29
2024122901023527,SANIMA,58,38,15.0,302.2,4533.0,2024-12-29
2024122901023526,SANIMA,51,38,200.0,302.2,60440.0,2024-12-29
2024122905010832,GCIL,47,58,250.0,492.0,123000.0,2024-12-29
2024122904011655,BARUN,49,43,400.0,390.4,156160.0,2024-12-29
2024122904011654,BARUN,6,43,60.0,390.4,23424.0,2024-12-29
2024122904011653,BARUN,6,43,30.0,390.5,11715.0,2024-12-29
2024122901023525,SBI,59,81,50.0,429.0,21450.0,2024-12-29
2024122901023524,KDL,45,56,250.0,1120.0,280000.0,2024-12-29
2024122901023523,KDL,45,91,70.0,1119.9,78393.0,2024-12-29
2024122905010831,NSIF2,42,10,5000.0,10.15,50750.0,2024-12-29
2024122905010830,NTC,3,14,20.0,960.3,19206.0,2024-12-29
2024122901023522,SPC,60,19,10.0,504.0,5040.0,2024-12-29
2024122903019293,SKBBL,6,34,10.0,936.0,9360.0,2024-12-29
2024122903019292,SKBBL,6,40,25.0,935.7,23392.5,2024-12-29
2024122901023521,UHEWA,32,26,30.0,694.0,20820.0,2024-12-29
2024122901023520,UHEWA,32,5,20.0,693.0,13860.0,2024-12-29
2024122904011652,JOSHI,52,41,300.0,418.4,125520.0,2024-12-29
2024122903019291,MFIL,36,34,50.0,651.0,32550.0,2024-12-29
2024122903019290,NFS,49,47,20.0,1003.0,20060.0,2024-12-29
2024122905010829,VLUCL,68,45,11.0,646.1,7107.1,2024-12-29
2024122903019289,ACLBSL,21,42,70.0,1022.0,71540.0,2024-12-29
2024122903019288,NLIC,50,56,130.0,766.0,99580.0,2024-12-29
2024122903019287,NLIC,50,77,10.0,765.0,7650.0,2024-12-29
2024122903019286,NLIC,50,22,15.0,765.0,11475.0,2024-12-29
2024122904011651,JOSHI,51,34,500.0,419.0,209500.0,2024-12-29
2024122905010828,CLI,49,38,42.0,673.5,28287.0,2024-12-29
2024122901023519,PCBL,42,43,869.0,259.0,225071.0,2024-12-29
2024122901023518,NBL,62,5,10.0,269.9,2699.0,2024-12-29
2024122904011650,RURU,3,47,52.0,668.0,34736.0,2024-12-29
2024122903019285,NFS,19,47,20.0,1003.0,20060.0,2024-12-29
2024122901023517,USHL,80,19,96.0,777.0,74592.0,2024-12-29
2024122901023516,USHL,67,19,50.0,777.0,38850.0,2024-12-29
2024122901023515,USHL,19,19,257.0,777.1,199714.7,2024-12-29
2024122903019284,SKBBL,52,40,100.0,935.7,93570.0,2024-12-29
2024122903019283,SKBBL,52,49,28.0,935.6,26196.8,2024-12-29
2024122903019282,SHINE,35,57,18.0,425.5,7659.0,2024-12-29
2024122903019281,SHINE,57,57,32.0,425.6,13619.2,2024-12-29
2024122905010827,NRM,57,25,10.0,438.0,4380.0,2024-12-29
2024122905010826,NRM,57,32,10.0,438.0,4380.0,2024-12-29
2024122905010825,NRM,57,58,40.0,438.0,17520.0,2024-12-29
2024122904011649,IGI,55,32,50.0,571.1,28555.0,2024-12-29
2024122904011648,IGI,25,32,300.0,571.2,171360.0,2024-12-29
2024122903019280,JFL,48,72,100.0,833.4,83340.0,2024-12-29
2024122905010824,RNLI,85,13,11.0,495.6,5451.6,2024-12-29
2024122901023514,TPC,42,58,25.0,531.0,13275.0,2024-12-29
2024122903019279,GFCL,42,58,42.0,778.0,32676.0,2024-12-29
2024122903019278,NFS,42,47,100.0,1003.0,100300.0,2024-12-29
2024122903019277,MLBL,58,51,50.0,387.0,19350.0,2024-12-29
2024122903019276,MLBL,59,51,100.0,387.0,38700.0,2024-12-29
2024122905010823,NIFRA,38,57,10.0,246.9,2469.0,2024-12-29
2024122905010822,ILI,58,1,12.0,470.0,5640.0,2024-12-29
2024122905010821,ILI,58,17,12.0,470.0,5640.0,2024-12-29
2024122901023513,MEHL,99,59,1300.0,458.2,595660.0,2024-12-29
2024122901023512,MEHL,57,59,100.0,458.8,45880.0,2024-12-29
2024122901023511,MEHL,17,59,38.0,458.8,17434.4,2024-12-29
2024122901023510,MEHL,16,59,50.0,459.0,22950.0,2024-12-29
2024122901023509,MEHL,37,59,12.0,459.0,5508.0,2024-12-29
2024122901023508,KBL,17,49,500.0,219.0,109500.0,2024-12-29
2024122901023507,KBL,17,14,190.0,219.0,41610.0,2024-12-29
2024122901023506,BEDC,45,17,10.0,692.3,6923.0,2024-12-29
2024122905010820,SONA,56,52,10.0,452.0,4520.0,2024-12-29
2024122903019275,GMFIL,36,58,10.0,549.9,5499.0,2024-12-29
2024122901023505,ADBL,19,51,21.0,334.0,7014.0,2024-12-29
2024122903019274,BFC,57,48,50.0,636.0,31800.0,2024-12-29
2024122903019273,MDB,32,38,10.0,694.0,6940.0,2024-12-29
2024122905010819,ENL,22,48,10.0,1257.0,12570.0,2024-12-29
2024122905010818,HIDCL,22,33,1010.0,234.5,236845.0,2024-12-29
2024122901023504,MLBS,55,38,113.0,2160.0,244080.0,2024-12-29
2024122901023503,MLBS,55,32,20.0,2154.9,43098.0,2024-12-29
2024122901023502,MLBS,55,34,11.0,2154.8,23702.8,2024-12-29
2024122901023501,MLBS,55,70,50.0,2154.0,107700.0,2024-12-29
2024122901023500,MLBS,55,34,30.0,2142.0,64260.0,2024-12-29
2024122901023499,MLBS,55,32,10.0,2142.0,21420.0,2024-12-29
2024122901023498,MLBS,55,56,20.0,2140.0,42800.0,2024-12-29
2024122901023497,MLBS,55,40,20.0,2138.0,42760.0,2024-12-29
2024122901023496,MLBS,55,40,30.0,2129.0,63870.0,2024-12-29
2024122901023495,MLBS,55,47,10.0,2125.0,21250.0,2024-12-29
2024122901023494,MLBS,55,70,110.0,2101.0,231110.0,2024-12-29
2024122901023493,MLBS,55,60,75.0,2100.0,157500.0,2024-12-29
2024122901023492,MLBS,55,8,20.0,2100.0,42000.0,2024-12-29
2024122901023491,MLBS,55,70,100.0,2100.0,210000.0,2024-12-29
2024122901023490,MLBS,55,69,50.0,2097.1,104855.0,2024-12-29
2024122901023489,MLBS,55,99,171.0,2094.0,358074.0,2024-12-29
2024122901023488,MLBS,55,39,50.0,2093.0,104650.0,2024-12-29
2024122901023487,MLBS,55,86,100.0,2092.0,209200.0,2024-12-29
2024122901023486,MLBS,55,41,10.0,2069.0,20690.0,2024-12-29
2024122903019272,JBBL,96,57,812.0,359.8,292157.6,2024-12-29
2024122903019271,JBBL,96,14,22.0,359.0,7898.0,2024-12-29
2024122903019270,JBBL,96,52,200.0,358.0,71600.0,2024-12-29
2024122903019269,JBBL,96,37,56.0,358.0,20048.0,2024-12-29
2024122903019268,JBBL,96,34,130.0,357.0,46410.0,2024-12-29
2024122903019267,JBBL,96,22,10.0,357.0,3570.0,2024-12-29
2024122901023485,USHL,7,13,20.0,778.0,15560.0,2024-12-29
2024122901023484,PRVU,38,34,500.0,241.1,120550.0,2024-12-29
2024122904011647,UMHL,38,26,609.0,318.0,193662.0,2024-12-29
2024122904011646,UMHL,57,26,50.0,318.1,15905.0,2024-12-29
2024122904011645,UMHL,57,26,200.0,318.1,63620.0,2024-12-29
2024122904011644,UMHL,38,26,200.0,318.1,63620.0,2024-12-29
2024122904011643,UMHL,18,26,441.0,319.0,140679.0,2024-12-29
2024122901023483,BNHC,10,42,10.0,475.0,4750.0,2024-12-29
2024122904011642,RHPL,58,54,10.0,420.0,4200.0,2024-12-29
2024122901023482,PRVU,14,34,500.0,241.1,120550.0,2024-12-29
2024122901023481,BEDC,45,25,46.0,692.3,31845.8,2024-12-29
2024122903019266,MERO,6,25,36.0,733.0,26388.0,2024-12-29
2024122903019265,BFC,16,48,135.0,636.0,85860.0,2024-12-29
2024122904011641,AKPL,52,66,3000.0,230.0,690000.0,2024-12-29
2024122903019264,CFCL,57,11,100.0,583.0,58300.0,2024-12-29
2024122903019263,CFCL,57,29,200.0,583.0,116600.0,2024-12-29
2024122904011640,BARUN,6,8,10.0,390.5,3905.0,2024-12-29
2024122905010817,SHIVM,39,58,100.0,555.0,55500.0,2024-12-29
2024122901023480,UNLB,48,34,10.0,2530.0,25300.0,2024-12-29
2024122901023479,UNLB,48,58,40.0,2520.0,100800.0,2024-12-29
2024122901023478,TAMOR,82,58,2000.0,495.0,990000.0,2024-12-29
2024122901023477,RFPL,85,89,230.0,1005.0,231150.0,2024-12-29
2024122901023476,ADBL,41,51,10.0,334.0,3340.0,2024-12-29
2024122901023475,EHPL,42,32,10.0,748.6,7486.0,2024-12-29
2024122901023474,EHPL,42,58,100.0,746.0,74600.0,2024-12-29
2024122901023473,EHPL,42,58,50.0,745.0,37250.0,2024-12-29
2024122904011639,BPCL,20,38,50.0,377.5,18875.0,2024-12-29
2024122904011638,BPCL,13,38,100.0,378.0,37800.0,2024-12-29
2024122904011637,BPCL,6,38,50.0,378.0,18900.0,2024-12-29
2024122904011636,BPCL,39,38,300.0,378.0,113400.0,2024-12-29
2024122903019262,JFL,58,72,90.0,833.4,75006.0,2024-12-29
2024122903019261,HLI,57,10,100.0,442.7,44270.0,2024-12-29
2024122901023472,RHGCL,22,63,50.0,522.0,26100.0,2024-12-29
2024122903019260,BFC,36,22,141.0,635.0,89535.0,2024-12-29
2024122903019259,BFC,42,22,50.0,635.0,31750.0,2024-12-29
2024122903019258,BFC,33,22,100.0,635.0,63500.0,2024-12-29
2024122903019257,BFC,1,22,104.0,635.0,66040.0,2024-12-29
2024122903019256,BFC,4,22,80.0,635.0,50800.0,2024-12-29
2024122903019255,BFC,58,22,10.0,635.0,6350.0,2024-12-29
2024122903019254,BFC,5,22,80.0,635.0,50800.0,2024-12-29
2024122903019253,BFC,1,22,550.0,635.1,349305.0,2024-12-29
2024122903019252,BFC,57,22,50.0,635.1,31755.0,2024-12-29
2024122903019251,BFC,45,22,100.0,635.2,63520.0,2024-12-29
2024122903019250,BFC,48,22,100.0,636.0,63600.0,2024-12-29
2024122903019249,BFC,3,22,100.0,636.0,63600.0,2024-12-29
2024122903019248,BFC,19,22,35.0,636.0,22260.0,2024-12-29
2024122901023471,IHL,53,57,50.0,650.0,32500.0,2024-12-29
2024122904011635,PPCL,18,8,829.0,279.0,231291.0,2024-12-29
2024122904011634,PPCL,7,8,310.0,279.0,86490.0,2024-12-29
2024122904011633,PPCL,50,8,10.0,279.0,2790.0,2024-12-29
2024122904011632,PPCL,34,8,600.0,279.0,167400.0,2024-12-29
2024122904011631,PPCL,54,8,10.0,279.1,2791.0,2024-12-29
2024122904011630,PPCL,14,8,351.0,279.1,97964.1,2024-12-29
2024122904011629,PPCL,7,8,50.0,279.2,13960.0,2024-12-29
2024122904011628,PPCL,50,8,30.0,279.2,8376.0,2024-12-29
2024122904011627,PPCL,38,8,10.0,280.0,2800.0,2024-12-29
2024122901023470,SNLI,48,55,10.0,622.2,6222.0,2024-12-29
2024122901023469,BEDC,45,51,154.0,692.3,106614.2,2024-12-29
2024122901023468,NBL,46,5,10.0,269.9,2699.0,2024-12-29
2024122905010816,MEL,55,54,10.0,308.0,3080.0,2024-12-29
2024122904011626,NLG,44,17,37.0,957.0,35409.0,2024-12-29
2024122901023467,KBL,25,14,310.0,219.0,67890.0,2024-12-29
2024122901023466,KBL,25,60,916.0,219.0,200604.0,2024-12-29
2024122901023465,KBL,25,17,174.0,219.0,38106.0,2024-12-29
2024122903019247,SFCL,25,28,60.0,609.2,36552.0,2024-12-29
2024122903019246,FMDBL,63,34,285.0,760.0,216600.0,2024-12-29
2024122903019245,PFL,45,35,120.0,577.0,69240.0,2024-12-29
2024122903019244,RLFL,57,55,100.0,560.0,56000.0,2024-12-29
2024122905010815,GCIL,47,49,13.0,492.0,6396.0,2024-12-29
2024122905010814,GCIL,35,49,12.0,492.0,5904.0,2024-12-29
2024122903019243,GFCL,43,45,60.0,779.0,46740.0,2024-12-29
2024122903019242,GFCL,43,56,240.0,778.0,186720.0,2024-12-29
2024122904011625,OHL,84,39,10.0,888.0,8880.0,2024-12-29
2024122905010813,MBJC,19,58,10.0,328.4,3284.0,2024-12-29
2024122904011624,UPPER,58,48,19.0,204.0,3876.0,2024-12-29
2024122901023464,PRVU,38,34,3000.0,241.1,723300.0,2024-12-29
2024122903019241,MDB,14,58,144.0,692.1,99662.4,2024-12-29
2024122903019240,MDB,42,58,144.0,692.5,99720.0,2024-12-29
2024122903019239,MDB,35,58,12.0,693.0,8316.0,2024-12-29
2024122901023463,JBLB,58,4,28.0,1570.1,43962.8,2024-12-29
2024122903019238,LBBL,4,38,76.0,477.0,36252.0,2024-12-29
2024122903019237,LBBL,4,44,24.0,477.0,11448.0,2024-12-29
2024122903019236,LBBL,4,62,200.0,476.9,95380.0,2024-12-29
2024122904011623,MHNL,42,45,59.0,258.8,15269.2,2024-12-29
2024122903019235,GRDBL,43,14,120.0,880.0,105600.0,2024-12-29
2024122903019234,GFCL,58,56,10.0,778.0,7780.0,2024-12-29
2024122903019233,GFCL,26,56,100.0,778.0,77800.0,2024-12-29
2024122905010812,PHCL,33,72,185.0,515.0,95275.0,2024-12-29
2024122905010811,PHCL,6,72,31.0,515.1,15968.1,2024-12-29
2024122905010810,PHCL,49,72,50.0,515.2,25760.0,2024-12-29
2024122905010809,PHCL,57,72,34.0,515.2,17516.8,2024-12-29
2024122901023462,RHGCL,42,63,50.0,522.0,26100.0,2024-12-29
2024122901023461,RHGCL,45,63,10.0,522.0,5220.0,2024-12-29
2024122901023460,RHGCL,82,63,100.0,522.0,52200.0,2024-12-29
2024122901023459,RHGCL,6,63,20.0,522.0,10440.0,2024-12-29
2024122901023458,RHGCL,45,63,170.0,522.0,88740.0,2024-12-29
2024122901023457,RHGCL,6,63,10.0,522.1,5221.0,2024-12-29
2024122901023456,SANIMA,13,7,110.0,302.2,33242.0,2024-12-29
2024122901023455,MKHC,66,7,10.0,501.3,5013.0,2024-12-29
2024122905010808,MEL,55,6,1170.0,308.0,360360.0,2024-12-29
2024122904011622,AKPL,83,57,150.0,229.5,34425.0,2024-12-29
2024122905010807,SHIVM,38,34,20.0,554.3,11086.0,2024-12-29
2024122904011621,SPDL,22,49,100.0,321.1,32110.0,2024-12-29
2024122904011620,TRH,66,34,107.0,1072.0,114704.0,2024-12-29
2024122904011619,TRH,62,34,50.0,1073.0,53650.0,2024-12-29
2024122901023454,JBLB,58,65,98.0,1570.1,153869.8,2024-12-29
2024122901023453,NICA,64,42,21.0,391.0,8211.0,2024-12-29
2024122901023452,NICA,58,42,15.0,391.5,5872.5,2024-12-29
2024122904011618,HDHPC,51,26,10.0,196.6,1966.0,2024-12-29
2024122904011617,GHL,22,41,1000.0,204.0,204000.0,2024-12-29
2024122904011616,SPIL,57,36,15.0,788.0,11820.0,2024-12-29
2024122901023451,SBI,57,52,12.0,430.0,5160.0,2024-12-29
2024122901023450,HHL,14,39,85.0,508.0,43180.0,2024-12-29
2024122905010806,RNLI,17,39,67.0,495.8,33218.6,2024-12-29
2024122903019232,CORBL,83,41,1000.0,1313.0,1313000.0,2024-12-29
2024122903019231,SIFC,48,48,11.0,566.0,6226.0,2024-12-29
2024122903019230,SIFC,44,48,89.0,566.1,50382.9,2024-12-29
2024122901023449,SARBTM,58,70,100.0,717.0,71700.0,2024-12-29
2024122901023448,NYADI,48,94,91.0,430.0,39130.0,2024-12-29
2024122901023447,NYADI,48,61,409.0,429.8,175788.2,2024-12-29
2024122901023446,PPL,52,21,500.0,526.0,263000.0,2024-12-29
2024122901023445,PPL,58,21,10.0,526.0,5260.0,2024-12-29
2024122901023444,PPL,6,21,160.0,526.0,84160.0,2024-12-29
2024122901023443,PPL,14,21,20.0,526.2,10524.0,2024-12-29
2024122905010805,NRN,59,13,234.0,1000.0,234000.0,2024-12-29
2024122904011615,SSHL,29,49,50.0,226.2,11310.0,2024-12-29
2024122904011614,SSHL,44,49,50.0,226.2,11310.0,2024-12-29
2024122903019229,KMCDB,34,57,10.0,1107.0,11070.0,2024-12-29
2024122903019228,JBBL,14,49,200.0,356.4,71280.0,2024-12-29
2024122903019227,JBBL,41,49,100.0,356.5,35650.0,2024-12-29
2024122901023442,NABIL,49,42,19.0,501.0,9519.0,2024-12-29
2024122901023441,MHCL,26,29,40.0,524.0,20960.0,2024-12-29
2024122901023440,MHCL,26,1,60.0,523.0,31380.0,2024-12-29
2024122903019226,GRDBL,94,41,11.0,886.0,9746.0,2024-12-29
2024122903019225,SWBBL,10,38,17.0,874.6,14868.2,2024-12-29
2024122903019224,SWBBL,34,38,10.0,875.0,8750.0,2024-12-29
2024122903019223,EDBL,20,62,110.0,563.0,61930.0,2024-12-29
2024122903019222,EDBL,44,62,40.0,564.0,22560.0,2024-12-29
2024122903019221,MLBSL,56,17,100.0,2461.6,246160.0,2024-12-29
2024122904011613,AKPL,47,14,195.0,229.3,44713.5,2024-12-29
2024122904011612,AKPL,43,14,105.0,229.3,24076.5,2024-12-29
2024122904011611,AKJCL,14,35,407.0,196.7,80056.9,2024-12-29
2024122904011610,HDHPC,45,44,733.0,196.2,143814.6,2024-12-29
2024122904011609,HDHPC,51,44,600.0,196.2,117720.0,2024-12-29
2024122904011608,HDHPC,48,44,300.0,196.3,58890.0,2024-12-29
2024122904011607,HDHPC,35,44,100.0,196.3,19630.0,2024-12-29
2024122904011606,HDHPC,14,44,500.0,196.5,98250.0,2024-12-29
2024122904011605,HDHPC,49,44,18.0,196.5,3537.0,2024-12-29
