transaction,symbol,buyer,seller,quantity,rate,amount,date
2024092501009584,TPC,26,35,80.0,426.0,34080.0,2024-09-25
2024092504009582,SHEL,34,43,20.0,235.6,4712.0,2024-09-25
2024092501009583,JBLB,4,13,28.0,1440.0,40320.0,2024-09-25
2024092504009581,AKJCL,8,54,10.0,198.2,1982.0,2024-09-25
2024092501009582,DOLTI,57,58,10.0,490.0,4900.0,2024-09-25
2024092501009581,NBL,49,49,21.0,263.0,5523.0,2024-09-25
2024092505007743,VLUCL,64,35,110.0,605.0,66550.0,2024-09-25
2024092501009580,GBIME,8,11,42.0,236.2,9920.4,2024-09-25
2024092501009579,GBIME,49,11,15.0,236.5,3547.5,2024-09-25
2024092501009578,SMHL,88,13,10.0,583.0,5830.0,2024-09-25
2024092504009580,PRIN,34,77,48.0,940.0,45120.0,2024-09-25
2024092505007742,SAEF,58,19,1000.0,10.7,10700.0,2024-09-25
2024092505007741,SAEF,58,47,5000.0,10.7,53500.0,2024-09-25
2024092504009579,API,53,55,25.0,302.2,7555.0,2024-09-25
2024092504009578,API,13,55,25.0,303.0,7575.0,2024-09-25
2024092504009577,AHPC,35,32,50.0,259.0,12950.0,2024-09-25
2024092503007752,PMLI,41,14,4.0,565.0,2260.0,2024-09-25
2024092503007751,PMLI,41,49,10.0,565.0,5650.0,2024-09-25
2024092505007740,RNLI,14,10,11.0,470.3,5173.3,2024-09-25
2024092505007739,NICBF,58,59,100.0,9.18,918.0,2024-09-25
2024092501009577,SRLI,1,49,185.0,555.0,102675.0,2024-09-25
2024092501009576,SNLI,4,38,12.0,542.2,6506.4,2024-09-25
2024092505007738,GIBF1,32,42,100.0,9.79,979.0,2024-09-25
2024092501009575,PRSF,32,17,100.0,10.3,1030.0,2024-09-25
2024092505007737,CLI,39,49,90.0,602.0,54180.0,2024-09-25
2024092504009576,PRIN,42,77,22.0,940.0,20680.0,2024-09-25
2024092505007736,RNLI,14,84,10.0,470.3,4703.0,2024-09-25
2024092504009575,AKJCL,8,47,100.0,198.2,19820.0,2024-09-25
2024092503007750,NFS,74,35,10.0,1299.8,12998.0,2024-09-25
2024092504009574,AKPL,45,45,15.0,222.0,3330.0,2024-09-25
2024092501009574,MHL,34,58,10.0,695.0,6950.0,2024-09-25
2024092501009573,HHL,21,58,200.0,465.0,93000.0,2024-09-25
2024092503007749,DDBL,17,52,19.0,870.0,16530.0,2024-09-25
2024092503007748,DDBL,17,90,50.0,868.0,43400.0,2024-09-25
2024092503007747,DDBL,17,33,31.0,868.0,26908.0,2024-09-25
2024092501009572,RHGCL,44,13,10.0,379.0,3790.0,2024-09-25
2024092504009573,BARUN,42,58,10.0,322.0,3220.0,2024-09-25
2024092501009571,RFPL,71,57,10.0,491.1,4911.0,2024-09-25
2024092501009570,MMKJL,35,58,10.0,471.0,4710.0,2024-09-25
2024092503007746,SADBL,34,80,50.0,403.0,20150.0,2024-09-25
2024092501009569,KBSH,58,49,10.0,1836.0,18360.0,2024-09-25
2024092503007745,RLFL,26,46,55.0,540.0,29700.0,2024-09-25
2024092503007744,RLFL,26,49,35.0,540.0,18900.0,2024-09-25
2024092503007743,RLFL,26,21,180.0,539.5,97110.0,2024-09-25
2024092505007735,CHDC,50,28,1000.0,1670.0,1670000.0,2024-09-25
2024092501009568,KBL,55,74,853.0,209.0,178277.0,2024-09-25
2024092503007742,JFL,44,1,200.0,517.2,103440.0,2024-09-25
2024092503007741,PMLI,41,10,10.0,565.0,5650.0,2024-09-25
2024092505007734,HDL,34,49,1.0,1216.7,1216.7,2024-09-25
2024092504009572,SHEL,34,49,100.0,236.0,23600.0,2024-09-25
2024092504009571,SHEL,34,49,100.0,236.0,23600.0,2024-09-25
2024092504009570,SHEL,41,49,100.0,236.0,23600.0,2024-09-25
2024092504009569,SHEL,75,49,100.0,236.1,23610.0,2024-09-25
2024092504009568,SHEL,64,49,10.0,236.7,2367.0,2024-09-25
2024092504009567,SHEL,34,49,100.0,237.0,23700.0,2024-09-25
2024092504009566,SHEL,49,49,70.0,237.0,16590.0,2024-09-25
2024092505007733,VLUCL,47,33,50.0,606.0,30300.0,2024-09-25
2024092504009565,SHPC,59,13,170.0,492.5,83725.0,2024-09-25
2024092504009564,SHPC,59,45,30.0,492.0,14760.0,2024-09-25
2024092505007732,NIFRA,50,44,240.0,263.0,63120.0,2024-09-25
2024092501009567,AVYAN,34,47,10.0,864.0,8640.0,2024-09-25
2024092504009563,AHPC,81,62,1815.0,258.0,468270.0,2024-09-25
2024092504009562,AHPC,52,62,1010.0,258.0,260580.0,2024-09-25
2024092504009561,AHPC,42,62,50.0,258.0,12900.0,2024-09-25
2024092504009560,AHPC,49,62,200.0,259.1,51820.0,2024-09-25
2024092504009559,AHPC,8,62,500.0,259.1,129550.0,2024-09-25
2024092504009558,AHPC,49,62,425.0,259.2,110160.0,2024-09-25
2024092501009566,DOLTI,57,3,200.0,490.0,98000.0,2024-09-25
2024092501009565,SRLI,1,57,200.0,555.0,111000.0,2024-09-25
2024092504009557,AHPC,49,58,18.0,260.0,4680.0,2024-09-25
2024092501009564,SRLI,4,34,30.0,555.9,16677.0,2024-09-25
2024092501009563,PCBL,8,58,40.0,267.0,10680.0,2024-09-25
2024092501009562,PCBL,8,56,13.0,267.0,3471.0,2024-09-25
2024092501009561,GVL,74,74,10.0,558.4,5584.0,2024-09-25
2024092501009560,GVL,28,74,39.0,558.5,21781.5,2024-09-25
2024092501009559,GVL,57,74,15.0,560.0,8400.0,2024-09-25
2024092504009556,API,13,50,57.0,303.0,17271.0,2024-09-25
2024092504009555,API,13,58,41.0,303.0,12423.0,2024-09-25
2024092504009554,API,13,58,10.0,303.0,3030.0,2024-09-25
2024092504009553,API,13,58,100.0,303.0,30300.0,2024-09-25
2024092504009552,API,13,39,267.0,303.0,80901.0,2024-09-25
2024092504009551,API,84,39,33.0,303.0,9999.0,2024-09-25
2024092503007740,CORBL,3,52,100.0,839.0,83900.0,2024-09-25
2024092503007739,CORBL,3,77,200.0,839.0,167800.0,2024-09-25
2024092504018877,RURU,88,14,15.0,839.9,12598.5,2024-09-25
2024092504018876,RURU,88,67,15.0,839.0,12585.0,2024-09-25
2024092504018875,SHEL,16,88,750.0,240.0,180000.0,2024-09-25
2024092504018874,SHEL,55,88,20.0,240.0,4800.0,2024-09-25
2024092504018873,SHEL,55,88,100.0,240.0,24000.0,2024-09-25
2024092504018872,SHEL,21,88,50.0,240.0,12000.0,2024-09-25
2024092504018871,SHEL,72,88,930.0,240.0,223200.0,2024-09-25
2024092504018870,SHEL,55,88,100.0,240.5,24050.0,2024-09-25
2024092504018869,SHEL,62,88,50.0,242.9,12145.0,2024-09-25
2024092505014854,NTC,62,85,10.0,914.0,9140.0,2024-09-25
2024092503015462,ILBS,62,4,200.0,950.0,190000.0,2024-09-25
2024092501020225,MEHL,55,35,78.0,375.0,29250.0,2024-09-25
2024092501020224,MEHL,55,47,600.0,375.0,225000.0,2024-09-25
2024092501020223,MEHL,55,45,10.0,375.0,3750.0,2024-09-25
2024092501020222,MEHL,55,36,17.0,374.5,6366.5,2024-09-25
2024092501020221,MEHL,55,49,10.0,374.3,3743.0,2024-09-25
2024092501020220,MEHL,55,57,75.0,374.2,28065.0,2024-09-25
2024092501020219,MEHL,55,57,70.0,374.0,26180.0,2024-09-25
2024092501020218,MEHL,55,58,10.0,374.0,3740.0,2024-09-25
2024092501020217,MEHL,55,32,100.0,373.0,37300.0,2024-09-25
2024092501020216,MEHL,55,29,10.0,373.0,3730.0,2024-09-25
2024092501020215,MEHL,55,54,10.0,373.0,3730.0,2024-09-25
2024092501020214,MEHL,55,45,10.0,372.3,3723.0,2024-09-25
2024092501020213,MEHL,55,22,10.0,372.0,3720.0,2024-09-25
2024092501020212,MEHL,55,38,100.0,371.0,37100.0,2024-09-25
2024092501020211,MEHL,55,44,880.0,371.0,326480.0,2024-09-25
2024092501020210,MEHL,55,21,10.0,370.5,3705.0,2024-09-25
2024092501020209,KBL,28,56,400.0,213.0,85200.0,2024-09-25
2024092503015461,KMCDB,77,19,300.0,1050.6,315180.0,2024-09-25
2024092505014853,HDL,56,32,30.0,1256.0,37680.0,2024-09-25
2024092504018868,RIDI,51,45,10.0,226.4,2264.0,2024-09-25
2024092505014852,MEL,42,51,500.0,288.8,144400.0,2024-09-25
2024092503015460,SWMF,26,52,100.0,783.0,78300.0,2024-09-25
2024092501020208,SARBTM,29,63,10.0,725.0,7250.0,2024-09-25
2024092501020207,RHGCL,41,58,10.0,385.0,3850.0,2024-09-25
2024092501020206,KBL,91,19,180.0,213.4,38412.0,2024-09-25
2024092501020205,KBL,91,48,70.0,213.1,14917.0,2024-09-25
2024092504018867,LEC,91,33,10.0,260.0,2600.0,2024-09-25
2024092504018866,HPPL,14,45,11.0,307.8,3385.8,2024-09-25
2024092504018865,HPPL,14,59,14.0,307.0,4298.0,2024-09-25
2024092505014851,MEL,42,45,10.0,288.8,2888.0,2024-09-25
2024092501020204,SPL,39,34,10.0,835.0,8350.0,2024-09-25
2024092501020203,RAWA,92,98,20.0,748.5,14970.0,2024-09-25
2024092501020202,NIMB,39,34,105.0,225.0,23625.0,2024-09-25
2024092501020201,NIMB,39,56,100.0,225.0,22500.0,2024-09-25
2024092501020200,NIMB,39,52,100.0,225.0,22500.0,2024-09-25
2024092501020199,NIMB,39,48,105.0,224.4,23562.0,2024-09-25
2024092501020198,NIMB,39,58,40.0,224.2,8968.0,2024-09-25
2024092501020197,NIMB,39,42,50.0,224.2,11210.0,2024-09-25
2024092503015459,LBBL,21,41,10.0,454.0,4540.0,2024-09-25
2024092503015458,NLIC,17,58,10.0,758.0,7580.0,2024-09-25
2024092501020196,SANIMA,18,34,500.0,327.6,163800.0,2024-09-25
2024092501020195,EHPL,71,16,130.0,739.0,96070.0,2024-09-25
2024092501020194,EHPL,42,16,70.0,742.0,51940.0,2024-09-25
2024092501020193,MKCL,34,34,40.0,1336.0,53440.0,2024-09-25
2024092501020192,MKCL,34,4,10.0,1335.8,13358.0,2024-09-25
2024092501020191,TSHL,8,70,10.0,847.0,8470.0,2024-09-25
2024092501020190,TSHL,28,70,10.0,847.0,8470.0,2024-09-25
2024092503015457,RLFL,32,1,163.0,538.0,87694.0,2024-09-25
2024092503015456,RLFL,5,1,12.0,538.0,6456.0,2024-09-25
2024092503015455,NABBC,1,34,10.0,577.0,5770.0,2024-09-25
2024092501020189,NWCL,47,13,10.0,919.0,9190.0,2024-09-25
2024092501020188,RAWA,66,58,30.0,766.0,22980.0,2024-09-25
2024092501020187,RAWA,66,6,10.0,766.0,7660.0,2024-09-25
2024092501020186,RAWA,66,57,160.0,765.0,122400.0,2024-09-25
2024092501020185,TSHL,28,70,10.0,847.0,8470.0,2024-09-25
2024092504018864,NICL,28,42,20.0,985.0,19700.0,2024-09-25
2024092501020184,TSHL,28,70,975.0,847.0,825825.0,2024-09-25
2024092501020183,TSHL,28,43,200.0,796.7,159340.0,2024-09-25
2024092501020182,TSHL,28,37,200.0,796.0,159200.0,2024-09-25
2024092501020181,TSHL,28,49,20.0,796.0,15920.0,2024-09-25
2024092501020180,TSHL,28,41,10.0,795.6,7956.0,2024-09-25
2024092501020179,TSHL,28,52,50.0,795.0,39750.0,2024-09-25
2024092501020178,TSHL,28,44,270.0,795.0,214650.0,2024-09-25
2024092501020177,TSHL,28,14,200.0,793.0,158600.0,2024-09-25
2024092501020176,TSHL,28,14,75.0,792.0,59400.0,2024-09-25
2024092501020175,MLBS,22,35,10.0,1620.0,16200.0,2024-09-25
2024092505014850,NRIC,21,35,10.0,764.0,7640.0,2024-09-25
2024092501020174,SARBTM,32,16,450.0,734.9,330705.0,2024-09-25
2024092501020173,SARBTM,32,58,20.0,734.9,14698.0,2024-09-25
2024092501020172,SARBTM,32,58,100.0,733.0,73300.0,2024-09-25
2024092501020171,SARBTM,32,58,100.0,732.0,73200.0,2024-09-25
2024092501020170,SARBTM,32,53,500.0,730.0,365000.0,2024-09-25
2024092501020169,SARBTM,32,7,100.0,730.0,73000.0,2024-09-25
2024092501020168,SARBTM,32,38,450.0,728.9,328005.0,2024-09-25
2024092501020167,SARBTM,32,7,30.0,728.0,21840.0,2024-09-25
2024092501020166,SARBTM,32,57,50.0,726.0,36300.0,2024-09-25
2024092501020165,SARBTM,32,49,110.0,726.0,79860.0,2024-09-25
2024092501020164,SARBTM,32,14,90.0,725.0,65250.0,2024-09-25
2024092504018863,HDHPC,42,14,10.0,198.0,1980.0,2024-09-25
2024092504018862,JOSHI,42,3,10.0,294.8,2948.0,2024-09-25
2024092503015454,GFCL,50,78,50.0,814.8,40740.0,2024-09-25
2024092504018861,GLH,38,10,500.0,234.0,117000.0,2024-09-25
2024092504018860,GLH,38,34,37.0,234.0,8658.0,2024-09-25
2024092501020163,USHEC,25,49,30.0,457.0,13710.0,2024-09-25
2024092501020162,CYCL,26,29,25.0,1540.0,38500.0,2024-09-25
2024092501020161,MSHL,64,7,71.0,936.0,66456.0,2024-09-25
2024092501020160,MSHL,64,90,10.0,936.0,9360.0,2024-09-25
2024092501020159,MSHL,64,58,10.0,936.0,9360.0,2024-09-25
2024092501020158,MSHL,64,57,10.0,935.0,9350.0,2024-09-25
2024092501020157,MSHL,64,64,120.0,934.6,112152.0,2024-09-25
2024092501020156,MSHL,64,32,40.0,934.3,37372.0,2024-09-25
2024092501020155,MSHL,64,35,10.0,934.0,9340.0,2024-09-25
2024092501020154,MSHL,64,55,10.0,929.7,9297.0,2024-09-25
2024092501020153,MSHL,64,38,10.0,925.0,9250.0,2024-09-25
2024092501020152,MSHL,64,57,10.0,925.0,9250.0,2024-09-25
2024092501020151,MSHL,64,26,80.0,924.0,73920.0,2024-09-25
2024092501020150,MSHL,64,58,10.0,923.0,9230.0,2024-09-25
2024092501020149,MSHL,64,47,10.0,923.0,9230.0,2024-09-25
2024092501020148,MSHL,64,55,10.0,923.0,9230.0,2024-09-25
2024092501020147,MSHL,64,52,10.0,920.0,9200.0,2024-09-25
2024092501020146,MSHL,64,62,10.0,920.0,9200.0,2024-09-25
2024092501020145,MSHL,64,43,500.0,919.0,459500.0,2024-09-25
2024092501020144,MSHL,64,45,50.0,918.9,45945.0,2024-09-25
2024092501020143,MSHL,64,56,19.0,909.0,17271.0,2024-09-25
2024092503015453,GFCL,72,78,100.0,814.7,81470.0,2024-09-25
2024092503015452,GFCL,72,35,20.0,814.6,16292.0,2024-09-25
2024092503015451,GFCL,72,48,10.0,814.0,8140.0,2024-09-25
2024092503015450,GFCL,72,32,42.0,814.0,34188.0,2024-09-25
2024092501020142,HIDCLP,75,8,800.0,163.2,130560.0,2024-09-25
2024092501020141,HIDCLP,75,7,200.0,163.1,32620.0,2024-09-25
2024092504018859,MHNL,49,43,10.0,264.0,2640.0,2024-09-25
2024092501020140,NWCL,62,13,10.0,919.0,9190.0,2024-09-25
2024092503015449,NFS,62,48,10.0,1300.0,13000.0,2024-09-25
2024092501020139,ANLB,62,36,10.0,5400.0,54000.0,2024-09-25
2024092505014849,STC,77,41,13.0,5619.0,73047.0,2024-09-25
2024092505014848,STC,77,26,30.0,5619.0,168570.0,2024-09-25
2024092505014847,STC,77,45,33.0,5600.0,184800.0,2024-09-25
2024092505014846,STC,77,49,11.0,5600.0,61600.0,2024-09-25
2024092505014845,STC,77,42,10.0,5595.0,55950.0,2024-09-25
2024092503015448,MERO,56,58,175.0,724.0,126700.0,2024-09-25
2024092503015447,MERO,56,90,25.0,723.9,18097.5,2024-09-25
2024092504018858,UPCL,22,41,10.0,252.0,2520.0,2024-09-25
2024092501020138,SPC,57,42,10.0,553.5,5535.0,2024-09-25
2024092501020137,SPC,57,42,10.0,553.5,5535.0,2024-09-25
2024092504018857,NLG,43,35,10.0,1310.0,13100.0,2024-09-25
2024092504018856,UMHL,62,43,50.0,294.7,14735.0,2024-09-25
2024092504018855,UMHL,71,16,50.0,295.0,14750.0,2024-09-25
2024092505014844,CHDC,71,52,10.0,1659.0,16590.0,2024-09-25
2024092504018854,NLG,71,35,20.0,1310.0,26200.0,2024-09-25
2024092505014843,MEL,42,36,180.0,288.8,51984.0,2024-09-25
2024092505014842,MEL,6,36,170.0,289.0,49130.0,2024-09-25
2024092503015446,MATRI,45,37,106.0,1466.0,155396.0,2024-09-25
2024092503015445,MATRI,45,42,11.0,1465.0,16115.0,2024-09-25
2024092503015444,MATRI,45,44,19.0,1465.0,27835.0,2024-09-25
2024092503015443,MATRI,45,49,49.0,1463.0,71687.0,2024-09-25
2024092503015442,MATRI,45,34,10.0,1463.0,14630.0,2024-09-25
2024092503015441,MATRI,45,58,12.0,1462.0,17544.0,2024-09-25
2024092503015440,MATRI,45,38,50.0,1456.1,72805.0,2024-09-25
2024092503015439,MATRI,45,4,21.0,1449.0,30429.0,2024-09-25
2024092503015438,MATRI,45,35,11.0,1449.0,15939.0,2024-09-25
2024092503015437,MATRI,45,58,10.0,1448.5,14485.0,2024-09-25
2024092503015436,MATRI,45,19,10.0,1448.4,14484.0,2024-09-25
2024092503015435,MATRI,45,16,200.0,1448.0,289600.0,2024-09-25
2024092503015434,MATRI,45,51,11.0,1448.0,15928.0,2024-09-25
2024092503015433,MATRI,45,35,35.0,1445.0,50575.0,2024-09-25
2024092503015432,MATRI,45,57,15.0,1445.0,21675.0,2024-09-25
2024092503015431,MATRI,45,45,50.0,1445.0,72250.0,2024-09-25
2024092503015430,MATRI,45,13,560.0,1439.9,806344.0,2024-09-25
2024092503015429,MATRI,45,57,20.0,1439.0,28780.0,2024-09-25
2024092501020136,GBIME,45,44,11.0,243.0,2673.0,2024-09-25
2024092501020135,GBIME,45,48,95.0,243.0,23085.0,2024-09-25
2024092501020134,GBIME,45,57,500.0,242.5,121250.0,2024-09-25
2024092501020133,GBIME,45,57,394.0,242.0,95348.0,2024-09-25
2024092501020132,RAWA,92,98,20.0,748.5,14970.0,2024-09-25
2024092503015428,SAPDBL,19,39,1000.0,499.0,499000.0,2024-09-25
2024092501020131,MBL,39,66,10.0,238.0,2380.0,2024-09-25
2024092501020130,TSHL,60,14,10.0,792.0,7920.0,2024-09-25
2024092501020129,BEDC,11,38,10.0,462.9,4629.0,2024-09-25
2024092503015427,GMFIL,41,65,25.0,515.0,12875.0,2024-09-25
2024092503015426,GMFIL,35,65,25.0,515.0,12875.0,2024-09-25
2024092505014841,SMJC,65,58,500.0,529.1,264550.0,2024-09-25
2024092505014840,SMJC,65,22,40.0,529.1,21164.0,2024-09-25
2024092505014839,SMJC,65,33,900.0,529.1,476190.0,2024-09-25
2024092505014838,SMJC,65,8,361.0,529.0,190969.0,2024-09-25
2024092505014837,SMJC,65,65,50.0,529.0,26450.0,2024-09-25
2024092505014836,SMJC,65,38,100.0,529.0,52900.0,2024-09-25
2024092505014835,SMJC,65,19,25.0,528.0,13200.0,2024-09-25
2024092505014834,SMJC,65,58,10.0,525.0,5250.0,2024-09-25
2024092505014833,SMJC,65,73,50.0,520.2,26010.0,2024-09-25
2024092505014832,SMJC,65,51,500.0,520.2,260100.0,2024-09-25
2024092505014831,SMJC,65,13,10.0,520.2,5202.0,2024-09-25
2024092505014830,SMJC,65,34,80.0,520.0,41600.0,2024-09-25
2024092505014829,SMJC,65,65,1960.0,520.0,1019200.0,2024-09-25
2024092505014828,SMJC,65,37,500.0,520.0,260000.0,2024-09-25
2024092505014827,SMJC,65,65,30.0,520.0,15600.0,2024-09-25
2024092505014826,SMJC,65,52,100.0,520.0,52000.0,2024-09-25
2024092505014825,SMJC,65,34,383.0,520.0,199160.0,2024-09-25
2024092505014824,SMJC,65,71,500.0,520.0,260000.0,2024-09-25
2024092505014823,SMJC,65,34,100.0,520.0,52000.0,2024-09-25
2024092501020128,SMH,16,38,10.0,1080.0,10800.0,2024-09-25
2024092503015425,NLIC,16,21,10.0,758.0,7580.0,2024-09-25
2024092503015424,SADBL,65,26,1500.0,406.0,609000.0,2024-09-25
2024092503015423,SADBL,65,29,800.0,406.0,324800.0,2024-09-25
2024092503015422,SADBL,65,52,100.0,406.0,40600.0,2024-09-25
2024092503015421,SADBL,65,19,300.0,405.0,121500.0,2024-09-25
2024092503015420,SADBL,65,20,299.0,405.0,121095.0,2024-09-25
2024092504018853,CHL,45,19,130.0,330.0,42900.0,2024-09-25
2024092501020127,SPC,49,34,20.0,543.1,10862.0,2024-09-25
2024092501020126,SPC,56,34,100.0,543.1,54310.0,2024-09-25
2024092501020125,SPC,37,34,10.0,544.0,5440.0,2024-09-25
2024092501020124,SPC,48,34,10.0,544.5,5445.0,2024-09-25
2024092501020123,SPC,63,34,100.0,545.0,54500.0,2024-09-25
2024092501020122,SPC,48,34,10.0,545.0,5450.0,2024-09-25
2024092503015419,GFCL,59,34,10.0,806.0,8060.0,2024-09-25
2024092501020121,BHL,34,57,223.0,452.0,100796.0,2024-09-25
2024092501020120,BHL,34,62,50.0,452.0,22600.0,2024-09-25
2024092501020119,BHL,34,52,50.0,449.0,22450.0,2024-09-25
2024092501020118,BHL,34,41,100.0,448.8,44880.0,2024-09-25
2024092501020117,BHL,34,34,50.0,448.8,22440.0,2024-09-25
2024092501020116,BHL,34,58,10.0,448.0,4480.0,2024-09-25
2024092501020115,BHL,34,35,10.0,448.0,4480.0,2024-09-25
2024092501020114,BHL,34,11,35.0,448.0,15680.0,2024-09-25
2024092501020113,BHL,34,85,15.0,447.6,6714.0,2024-09-25
2024092501020112,BHL,34,44,50.0,447.0,22350.0,2024-09-25
2024092501020111,BHL,34,54,10.0,445.7,4457.0,2024-09-25
2024092501020110,BHL,34,34,100.0,445.0,44500.0,2024-09-25
2024092501020109,BHL,34,16,100.0,445.0,44500.0,2024-09-25
2024092501020108,BHL,34,4,10.0,445.0,4450.0,2024-09-25
2024092501020107,BHL,34,34,50.0,445.0,22250.0,2024-09-25
2024092501020106,BHL,34,13,10.0,445.0,4450.0,2024-09-25
2024092501020105,BHL,34,45,10.0,445.0,4450.0,2024-09-25
2024092501020104,BHL,34,57,57.0,444.0,25308.0,2024-09-25
2024092501020103,BHL,34,39,50.0,442.0,22100.0,2024-09-25
2024092501020102,BHL,34,47,10.0,440.0,4400.0,2024-09-25
2024092501020101,KBL,28,34,500.0,213.0,106500.0,2024-09-25
2024092504018852,UNHPL,34,13,832.0,255.1,212243.2,2024-09-25
2024092504018851,UNHPL,22,13,388.0,255.2,99017.6,2024-09-25
2024092504018850,UNHPL,57,13,50.0,256.9,12845.0,2024-09-25
2024092501020100,HBL,86,45,30.0,246.0,7380.0,2024-09-25
2024092501020099,HBL,86,13,970.0,245.9,238523.0,2024-09-25
2024092501020098,MHL,8,45,10.0,710.0,7100.0,2024-09-25
2024092503015418,GFCL,1,32,25.0,814.0,20350.0,2024-09-25
2024092505014822,NRM,47,4,842.0,432.4,364080.8,2024-09-25
2024092505014821,NRM,47,42,20.0,432.0,8640.0,2024-09-25
2024092505014820,NRM,47,34,200.0,432.0,86400.0,2024-09-25
2024092505014819,NRM,47,39,100.0,432.0,43200.0,2024-09-25
2024092505014818,NRM,47,42,100.0,430.4,43040.0,2024-09-25
2024092505014817,NRM,47,80,100.0,430.0,43000.0,2024-09-25
2024092505014816,NRM,47,14,100.0,429.0,42900.0,2024-09-25
2024092505014815,NRM,47,17,10.0,429.0,4290.0,2024-09-25
2024092505014814,NRM,47,4,10.0,429.0,4290.0,2024-09-25
2024092505014813,NRM,47,36,10.0,429.0,4290.0,2024-09-25
2024092505014812,NRM,47,49,10.0,429.0,4290.0,2024-09-25
2024092505014811,NRM,47,86,100.0,428.4,42840.0,2024-09-25
2024092505014810,NRM,47,45,50.0,428.4,21420.0,2024-09-25
2024092505014809,NRM,47,42,268.0,428.4,114811.2,2024-09-25
2024092505014808,NRM,47,32,80.0,426.5,34120.0,2024-09-25
2024092505014807,PSF,53,71,24500.0,10.6,259700.0,2024-09-25
2024092505014806,PSF,53,13,5000.0,10.59,52950.0,2024-09-25
2024092505014805,PSF,53,8,500.0,10.58,5290.0,2024-09-25
2024092505014804,ILI,28,38,10.0,473.0,4730.0,2024-09-25
2024092501020097,TSHL,28,26,10.0,791.0,7910.0,2024-09-25
2024092501020096,ANLB,39,42,10.0,4896.0,48960.0,2024-09-25
2024092501020095,ANLB,34,42,10.0,4896.0,48960.0,2024-09-25
2024092501020094,ANLB,57,42,10.0,4896.1,48961.0,2024-09-25
2024092501020093,ANLB,14,42,10.0,4896.1,48961.0,2024-09-25
2024092501020092,MHL,87,45,10.0,710.0,7100.0,2024-09-25
2024092503015417,GFCL,58,32,21.0,814.0,17094.0,2024-09-25
2024092503015416,GFCL,58,45,29.0,813.0,23577.0,2024-09-25
2024092501020091,SBL,50,48,110.0,330.0,36300.0,2024-09-25
2024092501020090,SBL,50,39,200.0,329.0,65800.0,2024-09-25
2024092503015415,NMBMF,38,57,10.0,670.0,6700.0,2024-09-25
2024092501020089,USHL,58,14,10.0,913.0,9130.0,2024-09-25
2024092501020088,USHL,58,58,300.0,912.0,273600.0,2024-09-25
2024092501020087,USHL,58,20,1500.0,910.0,1365000.0,2024-09-25
2024092501020086,USHL,58,35,10.0,823.1,8231.0,2024-09-25
2024092504018849,SJCL,25,56,10.0,320.0,3200.0,2024-09-25
2024092501020085,SCB,25,32,10.0,685.0,6850.0,2024-09-25
2024092503015414,MLBL,25,35,164.0,387.0,63468.0,2024-09-25
2024092503015413,MLBL,25,59,215.0,387.0,83205.0,2024-09-25
2024092503015412,MLBL,25,48,321.0,387.0,124227.0,2024-09-25
2024092501020084,NWCL,64,13,100.0,919.0,91900.0,2024-09-25
2024092503015411,ICFC,72,51,10.0,675.0,6750.0,2024-09-25
2024092503015410,SINDU,88,3,10.0,583.0,5830.0,2024-09-25
2024092503015409,SINDU,88,21,40.0,582.0,23280.0,2024-09-25
2024092501020083,KBL,62,48,10.0,213.1,2131.0,2024-09-25
2024092503015408,JSLBB,62,38,10.0,1544.0,15440.0,2024-09-25
2024092503015407,JSLBB,62,38,22.0,1544.0,33968.0,2024-09-25
2024092503015406,JSLBB,62,19,100.0,1540.0,154000.0,2024-09-25
2024092503015405,JSLBB,62,18,13.0,1530.0,19890.0,2024-09-25
2024092503015404,JSLBB,62,58,35.0,1530.0,53550.0,2024-09-25
2024092501020082,SPL,55,34,160.0,835.0,133600.0,2024-09-25
2024092501020081,GBIME,55,57,106.0,242.0,25652.0,2024-09-25
2024092501020080,GBIME,55,26,14.0,242.0,3388.0,2024-09-25
2024092503015403,LBBL,56,41,28.0,453.0,12684.0,2024-09-25
2024092503015402,LBBL,56,58,162.0,453.0,73386.0,2024-09-25
2024092504018848,NICL,52,42,32.0,985.0,31520.0,2024-09-25
2024092504018847,NICL,52,4,50.0,985.0,49250.0,2024-09-25
2024092504018846,NICL,52,43,208.0,985.0,204880.0,2024-09-25
2024092504018845,NICL,52,8,10.0,982.0,9820.0,2024-09-25
2024092501020079,RHGCL,57,58,200.0,385.0,77000.0,2024-09-25
2024092501020078,MLBS,14,53,10.0,1630.0,16300.0,2024-09-25
2024092504018844,NGPL,14,59,30.0,437.7,13131.0,2024-09-25
2024092504018843,NGPL,14,25,70.0,437.5,30625.0,2024-09-25
2024092503015401,SINDU,74,21,50.0,582.0,29100.0,2024-09-25
2024092503015400,MFIL,43,14,50.0,634.0,31700.0,2024-09-25
2024092504018842,NHPC,48,34,205.0,211.0,43255.0,2024-09-25
2024092504018841,NHPC,48,49,225.0,210.5,47362.5,2024-09-25
2024092504018840,NHPC,48,21,70.0,210.5,14735.0,2024-09-25
2024092501020077,RAWA,92,57,140.0,765.0,107100.0,2024-09-25
2024092501020076,RAWA,92,56,100.0,765.0,76500.0,2024-09-25
2024092501020075,RAWA,92,57,100.0,765.0,76500.0,2024-09-25
2024092501020074,RAWA,92,21,100.0,765.0,76500.0,2024-09-25
2024092501020073,RAWA,92,34,50.0,765.0,38250.0,2024-09-25
2024092501020072,RAWA,92,55,280.0,765.0,214200.0,2024-09-25
2024092501020071,RAWA,92,17,500.0,765.0,382500.0,2024-09-25
2024092501020070,RAWA,92,17,70.0,761.9,53333.0,2024-09-25
2024092501020069,RAWA,92,44,500.0,761.0,380500.0,2024-09-25
2024092501020068,RAWA,92,56,100.0,761.0,76100.0,2024-09-25
2024092501020067,RAWA,92,58,10.0,761.0,7610.0,2024-09-25
2024092501020066,RAWA,92,10,10.0,760.0,7600.0,2024-09-25
2024092501020065,RAWA,92,34,40.0,757.8,30312.0,2024-09-25
2024092504018839,HPPL,45,1,10.0,307.0,3070.0,2024-09-25
2024092501020064,NWCL,45,13,20.0,919.0,18380.0,2024-09-25
2024092501020063,ANLB,39,36,20.0,5400.0,108000.0,2024-09-25
2024092501020062,RAWA,40,34,10.0,757.8,7578.0,2024-09-25
2024092501020061,RAWA,40,19,10.0,755.8,7558.0,2024-09-25
2024092501020060,RAWA,40,22,10.0,755.8,7558.0,2024-09-25
2024092501020059,RAWA,40,17,300.0,755.0,226500.0,2024-09-25
2024092501020058,RAWA,40,34,10.0,755.0,7550.0,2024-09-25
2024092501020057,RAWA,40,42,30.0,755.0,22650.0,2024-09-25
2024092501020056,RAWA,40,45,100.0,755.0,75500.0,2024-09-25
2024092501020055,RAWA,40,48,50.0,755.0,37750.0,2024-09-25
2024092501020054,RAWA,40,56,180.0,755.0,135900.0,2024-09-25
2024092505014803,NRN,60,43,10.0,924.9,9249.0,2024-09-25
2024092505014802,NRN,60,38,10.0,924.9,9249.0,2024-09-25
2024092501020053,UNLB,60,60,10.0,2668.6,26686.0,2024-09-25
2024092501020052,UNLB,60,39,50.0,2668.0,133400.0,2024-09-25
2024092501020051,UNLB,60,39,100.0,2668.0,266800.0,2024-09-25
2024092501020050,UNLB,60,45,100.0,2620.0,262000.0,2024-09-25
2024092501020049,UNLB,60,43,10.0,2595.9,25959.0,2024-09-25
2024092503015399,KRBL,60,59,10.0,570.0,5700.0,2024-09-25
2024092503015398,GUFL,34,47,10.0,667.2,6672.0,2024-09-25
2024092503015397,GUFL,34,32,95.0,667.0,63365.0,2024-09-25
2024092504018838,LEC,34,33,30.0,260.0,7800.0,2024-09-25
2024092504018837,LEC,34,58,170.0,260.0,44200.0,2024-09-25
2024092501020048,LSL,66,43,770.0,236.6,182182.0,2024-09-25
2024092501020047,LSL,66,5,20.0,236.5,4730.0,2024-09-25
2024092501020046,LSL,66,28,10.0,236.5,2365.0,2024-09-25
2024092503015396,KSBBL,65,1,960.0,460.0,441600.0,2024-09-25
2024092503015395,KSBBL,86,1,40.0,460.1,18404.0,2024-09-25
2024092503015394,SFCL,39,1,38.0,538.0,20444.0,2024-09-25
2024092503015393,SFCL,55,1,12.0,538.0,6456.0,2024-09-25
2024092505014801,MEL,53,8,20.0,289.8,5796.0,2024-09-25
2024092501020045,NBL,5,42,275.0,270.0,74250.0,2024-09-25
2024092501020044,NBL,5,22,100.0,269.9,26990.0,2024-09-25
2024092501020043,NBL,5,58,116.0,269.5,31262.0,2024-09-25
2024092501020042,NBL,5,52,20.0,269.2,5384.0,2024-09-25
2024092501020041,NBL,5,32,25.0,269.1,6727.5,2024-09-25
2024092501020040,NBL,5,57,100.0,269.0,26900.0,2024-09-25
2024092501020039,NBL,5,32,122.0,269.0,32818.0,2024-09-25
2024092501020038,MKHL,35,32,60.0,482.0,28920.0,2024-09-25
2024092504018836,BPCL,42,45,100.0,410.0,41000.0,2024-09-25
2024092504018835,BPCL,42,26,10.0,410.0,4100.0,2024-09-25
2024092503015392,ALICL,44,33,10.0,677.0,6770.0,2024-09-25
2024092503015391,ALICL,50,33,20.0,677.0,13540.0,2024-09-25
2024092503015390,ALICL,50,53,480.0,677.0,324960.0,2024-09-25
2024092504018834,AHPC,58,58,300.0,265.0,79500.0,2024-09-25
2024092504018833,PPCL,38,49,120.0,276.9,33228.0,2024-09-25
2024092504018832,PPCL,38,17,100.0,276.0,27600.0,2024-09-25
2024092504018831,PPCL,38,38,100.0,276.0,27600.0,2024-09-25
2024092504018830,PPCL,38,5,180.0,274.0,49320.0,2024-09-25
2024092501020037,SNLI,26,36,10.0,550.0,5500.0,2024-09-25
2024092501020036,JBLB,72,21,10.0,1465.9,14659.0,2024-09-25
2024092501020035,NMB,74,82,632.0,250.0,158000.0,2024-09-25
2024092501020034,NMB,50,82,800.0,250.1,200080.0,2024-09-25
2024092501020033,NMB,56,82,200.0,250.2,50040.0,2024-09-25
2024092501020032,GVL,88,42,200.0,590.0,118000.0,2024-09-25
2024092501020031,GVL,88,22,20.0,590.0,11800.0,2024-09-25
2024092501020030,GVL,88,17,100.0,590.0,59000.0,2024-09-25
2024092501020029,GVL,88,34,200.0,590.0,118000.0,2024-09-25
2024092501020028,GVL,88,13,480.0,589.8,283104.0,2024-09-25
2024092501020027,GVL,88,57,10.0,589.6,5896.0,2024-09-25
2024092501020026,GVL,88,49,1500.0,589.5,884250.0,2024-09-25
2024092501020025,GVL,88,67,51.0,589.5,30064.5,2024-09-25
2024092501020024,GVL,88,1,200.0,589.0,117800.0,2024-09-25
2024092501020023,GVL,88,35,10.0,589.0,5890.0,2024-09-25
2024092501020022,GVL,88,13,100.0,588.5,58850.0,2024-09-25
2024092501020021,GVL,88,45,400.0,588.1,235240.0,2024-09-25
2024092501020020,GVL,88,74,100.0,588.0,58800.0,2024-09-25
2024092501020019,GVL,88,76,500.0,588.0,294000.0,2024-09-25
2024092501020018,GVL,88,98,100.0,585.0,58500.0,2024-09-25
2024092501020017,GVL,88,49,19.0,585.0,11115.0,2024-09-25
2024092503015389,SINDU,88,21,10.0,582.0,5820.0,2024-09-25
2024092501020016,ANLB,62,67,10.0,5115.3,51153.0,2024-09-25
2024092501020015,ANLB,62,35,22.0,5115.3,112536.6,2024-09-25
2024092501020014,ANLB,62,41,12.0,5115.3,61383.6,2024-09-25
2024092501020013,ANLB,62,71,10.0,5115.3,51153.0,2024-09-25
2024092501020012,ANLB,62,35,10.0,4998.0,49980.0,2024-09-25
2024092501020011,ANLB,62,62,20.0,4998.0,99960.0,2024-09-25
2024092501020010,ANLB,62,7,11.0,4994.9,54943.9,2024-09-25
2024092503015388,LICN,34,81,100.0,2080.0,208000.0,2024-09-25
2024092503015387,LICN,25,81,100.0,2081.0,208100.0,2024-09-25
2024092503015386,LICN,1,81,100.0,2082.0,208200.0,2024-09-25
2024092504018829,SSHL,22,26,40.0,208.9,8356.0,2024-09-25
2024092501020009,PPL,57,57,215.0,485.3,104339.5,2024-09-25
2024092501020008,PPL,58,57,50.0,485.4,24270.0,2024-09-25
2024092501020007,PPL,28,57,30.0,485.5,14565.0,2024-09-25
2024092501020006,PPL,28,57,15.0,485.5,7282.5,2024-09-25
2024092501020005,PPL,36,57,20.0,487.0,9740.0,2024-09-25
2024092501020004,PPL,65,57,170.0,488.0,82960.0,2024-09-25
2024092501020003,TSHL,57,6,25.0,790.0,19750.0,2024-09-25
2024092501020002,BHL,57,38,20.0,440.0,8800.0,2024-09-25
2024092505014800,SHIVM,41,34,20.0,543.0,10860.0,2024-09-25
2024092504018828,RHPL,14,29,10.0,365.0,3650.0,2024-09-25
2024092501020001,SARBTM,57,14,20.0,725.0,14500.0,2024-09-25
2024092504018827,SHEL,36,8,213.0,243.0,51759.0,2024-09-25
2024092504018826,JOSHI,17,3,10.0,294.8,2948.0,2024-09-25
2024092504018825,NIL,47,49,10.0,900.0,9000.0,2024-09-25
2024092505014799,SMJC,65,10,10.0,501.5,5015.0,2024-09-25
2024092501020000,SANIMA,4,48,440.0,328.0,144320.0,2024-09-25
2024092501019999,SANIMA,4,32,260.0,327.9,85254.0,2024-09-25
2024092504018824,UPCL,35,41,10.0,252.0,2520.0,2024-09-25
2024092504018823,MEN,35,5,500.0,620.0,310000.0,2024-09-25
2024092503015385,KRBL,32,59,10.0,570.0,5700.0,2024-09-25
2024092505014798,BBC,45,42,20.0,4180.0,83600.0,2024-09-25
2024092503015384,HLI,34,42,10.0,457.1,4571.0,2024-09-25
2024092501019998,RAWA,44,56,120.0,755.0,90600.0,2024-09-25
2024092501019997,RAWA,44,19,380.0,755.0,286900.0,2024-09-25
2024092505014797,ILI,45,38,100.0,473.0,47300.0,2024-09-25
2024092505014796,ILI,62,38,16.0,473.0,7568.0,2024-09-25
2024092505014795,ILI,62,38,731.0,474.0,346494.0,2024-09-25
2024092501019996,HEIP,58,58,11.0,344.4,3788.4,2024-09-25
2024092505014794,NRIC,58,39,15.0,764.0,11460.0,2024-09-25
2024092505014793,NRIC,58,22,80.0,764.0,61120.0,2024-09-25
2024092504018822,API,25,41,405.0,307.0,124335.0,2024-09-25
2024092504018821,RIDI,81,49,19.0,226.0,4294.0,2024-09-25
2024092501019995,ADBL,34,7,10.0,359.0,3590.0,2024-09-25
2024092501019994,NWCL,62,13,10.0,919.0,9190.0,2024-09-25
2024092504018820,GHL,70,5,40.0,208.0,8320.0,2024-09-25
2024092504018819,GHL,70,14,1960.0,208.0,407680.0,2024-09-25
2024092503015383,NFS,74,62,10.0,1299.9,12999.0,2024-09-25
2024092503015382,NFS,74,40,50.0,1298.0,64900.0,2024-09-25
2024092503015381,NFS,74,40,25.0,1298.0,32450.0,2024-09-25
2024092503015380,NFS,74,68,300.0,1297.0,389100.0,2024-09-25
2024092503015379,NFS,74,71,90.0,1297.0,116730.0,2024-09-25
2024092503015378,NFS,74,1,47.0,1290.1,60634.7,2024-09-25
2024092503015377,NFS,74,16,166.0,1290.0,214140.0,2024-09-25
2024092503015376,VLBS,32,41,20.0,816.0,16320.0,2024-09-25
2024092504018818,AKPL,45,14,1000.0,225.2,225200.0,2024-09-25
2024092501019993,LSL,48,32,20.0,236.0,4720.0,2024-09-25
2024092501019992,LSL,48,36,45.0,236.0,10620.0,2024-09-25
2024092501019991,LSL,48,34,1070.0,236.0,252520.0,2024-09-25
2024092501019990,LSL,48,43,49.0,236.0,11564.0,2024-09-25
2024092501019989,LSL,48,57,500.0,236.0,118000.0,2024-09-25
2024092501019988,LSL,48,56,10.0,236.0,2360.0,2024-09-25
2024092501019987,LSL,48,42,1000.0,236.0,236000.0,2024-09-25
2024092501019986,LSL,48,47,35.0,236.0,8260.0,2024-09-25
2024092501019985,LSL,48,43,50.0,236.0,11800.0,2024-09-25
2024092501019984,LSL,48,53,200.0,236.0,47200.0,2024-09-25
2024092501019983,LSL,48,29,615.0,236.0,145140.0,2024-09-25
2024092501019982,LSL,48,8,500.0,235.9,117950.0,2024-09-25
2024092501019981,LSL,48,63,30.0,235.8,7074.0,2024-09-25
2024092501019980,LSL,48,33,470.0,235.8,110826.0,2024-09-25
2024092501019979,LSL,48,52,50.0,235.5,11775.0,2024-09-25
2024092501019978,LSL,48,51,504.0,235.5,118692.0,2024-09-25
2024092501019977,LSL,48,35,200.0,235.3,47060.0,2024-09-25
2024092501019976,LSL,48,58,100.0,235.0,23500.0,2024-09-25
2024092501019975,LSL,48,45,500.0,235.0,117500.0,2024-09-25
2024092501019974,SRLI,45,44,100.0,554.9,55490.0,2024-09-25
2024092501019973,CITY,19,19,10.0,757.0,7570.0,2024-09-25
2024092501019972,CITY,37,17,20.0,754.1,15082.0,2024-09-25
2024092503015375,BFC,57,13,100.0,514.0,51400.0,2024-09-25
2024092504018817,CGH,8,14,50.0,899.0,44950.0,2024-09-25
2024092503015374,GUFL,14,34,266.0,664.0,176624.0,2024-09-25
2024092503015373,GUFL,19,34,134.0,664.0,88976.0,2024-09-25
2024092503015372,GUFL,47,34,10.0,665.0,6650.0,2024-09-25
2024092503015371,GUFL,34,34,50.0,666.0,33300.0,2024-09-25
2024092503015370,GUFL,8,34,40.0,666.0,26640.0,2024-09-25
2024092503015369,ILBS,34,4,40.0,950.0,38000.0,2024-09-25
2024092501019971,UNLB,87,22,20.0,2595.5,51910.0,2024-09-25
2024092501019970,UNLB,87,47,10.0,2590.0,25900.0,2024-09-25
2024092501019969,UNLB,87,32,10.0,2550.0,25500.0,2024-09-25
2024092501019968,UNLB,87,59,10.0,2550.0,25500.0,2024-09-25
2024092501019967,UNLB,87,34,50.0,2550.0,127500.0,2024-09-25
2024092501019966,UNLB,87,3,90.0,2548.0,229320.0,2024-09-25
2024092501019965,UNLB,87,55,10.0,2548.0,25480.0,2024-09-25
2024092501019964,UNLB,87,53,100.0,2543.0,254300.0,2024-09-25
2024092501019963,UNLB,87,57,10.0,2540.0,25400.0,2024-09-25
2024092501019962,UNLB,87,79,10.0,2540.0,25400.0,2024-09-25
2024092501019961,UNLB,87,48,50.0,2539.9,126995.0,2024-09-25
2024092501019960,UNLB,87,68,10.0,2539.6,25396.0,2024-09-25
2024092501019959,UNLB,87,4,10.0,2539.0,25390.0,2024-09-25
2024092501019958,UNLB,87,62,50.0,2529.0,126450.0,2024-09-25
2024092501019957,UNLB,87,34,10.0,2529.0,25290.0,2024-09-25
2024092501019956,UNLB,87,45,20.0,2525.0,50500.0,2024-09-25
2024092501019955,UNLB,87,46,10.0,2523.0,25230.0,2024-09-25
2024092501019954,UNLB,87,17,15.0,2495.0,37425.0,2024-09-25
2024092501019953,BEDC,32,38,10.0,462.9,4629.0,2024-09-25
2024092504018816,IGI,13,32,10.0,590.0,5900.0,2024-09-25
2024092505014792,RNLI,59,51,11.0,475.0,5225.0,2024-09-25
2024092505014791,RNLI,59,54,11.0,474.9,5223.9,2024-09-25
2024092501019952,SBL,59,19,300.0,328.0,98400.0,2024-09-25
2024092501019951,ULHC,44,51,10.0,390.0,3900.0,2024-09-25
2024092501019950,SARBTM,42,49,80.0,726.0,58080.0,2024-09-25
2024092504018815,SPIL,44,25,10.0,847.0,8470.0,2024-09-25
2024092504018814,SPIL,44,17,11.0,845.0,9295.0,2024-09-25
2024092503015368,MLBL,22,42,1000.0,384.0,384000.0,2024-09-25
2024092504018813,AHPC,50,21,90.0,265.5,23895.0,2024-09-25
2024092504018812,AHPC,50,29,200.0,265.2,53040.0,2024-09-25
2024092504018811,AHPC,50,58,10.0,265.2,2652.0,2024-09-25
2024092504018810,AHPC,50,34,500.0,265.1,132550.0,2024-09-25
2024092503015367,SJLIC,25,52,70.0,463.0,32410.0,2024-09-25
2024092503015366,SJLIC,25,19,100.0,462.9,46290.0,2024-09-25
2024092503015365,SJLIC,25,57,50.0,462.0,23100.0,2024-09-25
2024092503015364,SJLIC,25,44,10.0,462.0,4620.0,2024-09-25
2024092503015363,SJLIC,25,75,90.0,462.0,41580.0,2024-09-25
2024092503015362,SJLIC,25,14,180.0,462.0,83160.0,2024-09-25
2024092501019949,NABIL,58,52,10.0,555.0,5550.0,2024-09-25
2024092505014790,SHIVM,26,34,50.0,543.0,27150.0,2024-09-25
2024092505014789,HATHY,26,49,85.0,1323.0,112455.0,2024-09-25
2024092505014788,HATHY,4,49,100.0,1325.0,132500.0,2024-09-25
2024092505014787,HATHY,40,49,10.0,1325.0,13250.0,2024-09-25
2024092505014786,HATHY,7,49,20.0,1325.0,26500.0,2024-09-25
2024092505014785,HATHY,35,49,50.0,1325.0,66250.0,2024-09-25
2024092505014784,HATHY,7,49,200.0,1325.0,265000.0,2024-09-25
2024092505014783,HATHY,42,49,10.0,1330.0,13300.0,2024-09-25
2024092505014782,HATHY,49,49,10.0,1330.0,13300.0,2024-09-25
2024092505014781,HATHY,57,49,115.0,1330.0,152950.0,2024-09-25
2024092503015361,KMCDB,77,19,20.0,1050.6,21012.0,2024-09-25
2024092503015360,KMCDB,77,26,100.0,1050.0,105000.0,2024-09-25
2024092503015359,KMCDB,77,7,90.0,1050.0,94500.0,2024-09-25
2024092503015358,KMCDB,77,43,10.0,1029.2,10292.0,2024-09-25
2024092503015357,KMCDB,77,5,25.0,1025.0,25625.0,2024-09-25
2024092503015356,KMCDB,77,42,40.0,1025.0,41000.0,2024-09-25
2024092503015355,KMCDB,77,43,10.0,1015.0,10150.0,2024-09-25
2024092503015354,KMCDB,77,7,30.0,1015.0,30450.0,2024-09-25
2024092503015353,KMCDB,77,48,14.0,1014.0,14196.0,2024-09-25
2024092503015352,KMCDB,77,45,30.0,1013.0,30390.0,2024-09-25
2024092503015351,KMCDB,77,43,10.0,1011.8,10118.0,2024-09-25
2024092503015350,KMCDB,77,80,20.0,1009.0,20180.0,2024-09-25
2024092503015349,KMCDB,77,8,11.0,1008.9,11097.9,2024-09-25
2024092503015348,KMCDB,77,34,90.0,1004.0,90360.0,2024-09-25
2024092501019948,NESDO,62,14,10.0,2130.0,21300.0,2024-09-25
2024092501019947,PRVU,48,57,121.0,233.0,28193.0,2024-09-25
2024092503015347,NLIC,57,21,90.0,758.0,68220.0,2024-09-25
2024092503015346,NLIC,57,45,10.0,758.0,7580.0,2024-09-25
2024092505014780,NRM,14,32,20.0,426.5,8530.0,2024-09-25
2024092505014779,HRL,14,45,25.0,776.0,19400.0,2024-09-25
2024092505014778,HATHY,67,21,10.0,1339.0,13390.0,2024-09-25
2024092505014777,HATHY,67,41,10.0,1338.9,13389.0,2024-09-25
2024092505014776,HATHY,67,41,10.0,1338.9,13389.0,2024-09-25
2024092503015345,RLFL,36,45,10.0,539.0,5390.0,2024-09-25
2024092504018809,GHL,21,14,200.0,208.0,41600.0,2024-09-25
2024092503015344,MLBL,40,48,179.0,387.0,69273.0,2024-09-25
2024092503015343,MLBL,40,59,74.0,387.0,28638.0,2024-09-25
2024092503015342,MLBL,40,44,146.0,387.0,56502.0,2024-09-25
2024092503015341,MLBL,40,44,100.0,386.0,38600.0,2024-09-25
2024092503015340,MLBL,40,55,30.0,386.0,11580.0,2024-09-25
2024092503015339,MLBL,40,45,156.0,386.0,60216.0,2024-09-25
2024092503015338,MLBL,40,57,146.0,386.0,56356.0,2024-09-25
2024092503015337,MLBL,40,26,144.0,385.9,55569.6,2024-09-25
2024092503015336,MLBL,40,32,10.0,385.0,3850.0,2024-09-25
2024092503015335,MLBL,40,5,15.0,385.0,5775.0,2024-09-25
2024092504018808,NICL,42,8,50.0,982.0,49100.0,2024-09-25
2024092501019946,UNL,4,36,10.0,50398.9,503989.0,2024-09-25
2024092504018807,MHNL,25,5,30.0,262.0,7860.0,2024-09-25
2024092501019945,NYADI,32,63,10.0,323.4,3234.0,2024-09-25
2024092501019944,NYADI,32,58,100.0,323.0,32300.0,2024-09-25
2024092501019943,NYADI,32,56,25.0,323.0,8075.0,2024-09-25
2024092501019942,NYADI,32,34,100.0,317.8,31780.0,2024-09-25
2024092501019941,NYADI,32,58,10.0,317.2,3172.0,2024-09-25
2024092501019940,NYADI,32,54,50.0,317.2,15860.0,2024-09-25
2024092501019939,NYADI,32,26,200.0,317.2,63440.0,2024-09-25
2024092501019938,NYADI,32,43,160.0,317.2,50752.0,2024-09-25
2024092501019937,NYADI,32,41,100.0,317.0,31700.0,2024-09-25
2024092501019936,NYADI,32,49,100.0,317.0,31700.0,2024-09-25
2024092501019935,NYADI,32,34,10.0,317.0,3170.0,2024-09-25
2024092501019934,NYADI,32,36,10.0,317.0,3170.0,2024-09-25
2024092501019933,NYADI,32,1,170.0,316.9,53873.0,2024-09-25
2024092501019932,NYADI,32,29,100.0,310.0,31000.0,2024-09-25
2024092501019931,NYADI,32,57,10.0,308.0,3080.0,2024-09-25
2024092501019930,NYADI,32,22,30.0,308.0,9240.0,2024-09-25
2024092501019929,NYADI,32,63,12.0,306.6,3679.2,2024-09-25
2024092501019928,NYADI,32,63,20.0,306.5,6130.0,2024-09-25
2024092501019927,NYADI,32,21,483.0,306.0,147798.0,2024-09-25
2024092501019926,NYADI,32,56,25.0,306.0,7650.0,2024-09-25
2024092501019925,NYADI,32,6,335.0,306.0,102510.0,2024-09-25
2024092501019924,NYADI,32,51,25.0,305.9,7647.5,2024-09-25
2024092503015334,NICLBSL,32,42,10.0,680.0,6800.0,2024-09-25
2024092503015333,FMDBL,42,17,10.0,735.0,7350.0,2024-09-25
2024092505014775,SLCF,50,32,200.0,9.18,1836.0,2024-09-25
2024092505014774,SLCF,50,28,100.0,9.15,915.0,2024-09-25
2024092505014773,SLCF,50,32,200.0,9.05,1810.0,2024-09-25
2024092503015332,NMBMF,38,57,10.0,670.0,6700.0,2024-09-25
2024092503015331,NMBMF,38,65,150.0,668.5,100275.0,2024-09-25
2024092503015330,JFL,35,95,100.0,535.5,53550.0,2024-09-25
2024092503015329,ICFC,82,58,228.0,670.1,152782.8,2024-09-25
2024092503015328,ICFC,22,58,32.0,672.0,21504.0,2024-09-25
2024092504018806,HDHPC,36,26,50.0,197.5,9875.0,2024-09-25
2024092504018805,AHPC,58,49,30.0,265.0,7950.0,2024-09-25
2024092501019923,SBLD2082,13,49,25.0,1051.0,26275.0,2024-09-25
2024092504018804,RIDI,81,36,200.0,226.0,45200.0,2024-09-25
2024092504018803,RIDI,81,57,1000.0,226.0,226000.0,2024-09-25
2024092504018802,RIDI,81,14,20.0,226.0,4520.0,2024-09-25
2024092504018801,RIDI,81,11,100.0,226.0,22600.0,2024-09-25
2024092504018800,RIDI,81,45,340.0,226.0,76840.0,2024-09-25
2024092501019922,LSL,55,22,200.0,233.0,46600.0,2024-09-25
2024092501019921,RFPL,84,6,35.0,518.0,18130.0,2024-09-25
2024092503015327,KRBL,20,59,10.0,570.0,5700.0,2024-09-25
2024092504018799,AKPL,52,34,45.0,225.5,10147.5,2024-09-25
2024092504018798,RHPL,57,29,10.0,365.0,3650.0,2024-09-25
2024092501019920,HIDCLP,58,14,300.0,163.0,48900.0,2024-09-25
2024092501019919,HIDCLP,58,14,1000.0,163.0,163000.0,2024-09-25
2024092503015326,JFL,35,45,150.0,535.5,80325.0,2024-09-25
2024092504018797,SHEL,86,8,97.0,243.0,23571.0,2024-09-25
2024092504018796,SHEL,86,51,23.0,243.0,5589.0,2024-09-25
2024092504018795,SHEL,86,45,280.0,243.0,68040.0,2024-09-25
2024092504018794,SHEL,86,49,10.0,243.0,2430.0,2024-09-25
2024092504018793,SHEL,86,36,90.0,243.0,21870.0,2024-09-25
2024092501019918,TAMOR,49,19,11.0,455.0,5005.0,2024-09-25
2024092501019917,TAMOR,63,19,10.0,455.0,4550.0,2024-09-25
2024092501019916,BHL,34,8,10.0,437.0,4370.0,2024-09-25
2024092505014772,ILI,62,34,155.0,474.0,73470.0,2024-09-25
2024092503015325,GBBL,35,34,50.0,429.0,21450.0,2024-09-25
2024092505014771,SAHAS,38,98,25.0,513.5,12837.5,2024-09-25
2024092503015324,SLBBL,6,49,97.0,985.0,95545.0,2024-09-25
2024092504018792,HEI,62,49,10.0,647.9,6479.0,2024-09-25
2024092501019915,MEHL,55,57,250.0,370.0,92500.0,2024-09-25
2024092501019914,MEHL,55,42,100.0,370.0,37000.0,2024-09-25
2024092501019913,MEHL,55,62,10.0,370.0,3700.0,2024-09-25
2024092501019912,MEHL,55,49,10.0,370.0,3700.0,2024-09-25
2024092501019911,MEHL,55,57,500.0,370.0,185000.0,2024-09-25
2024092501019910,MEHL,55,52,10.0,370.0,3700.0,2024-09-25
2024092501019909,MEHL,55,37,10.0,370.0,3700.0,2024-09-25
2024092501019908,MEHL,55,49,10.0,370.0,3700.0,2024-09-25
2024092501019907,MEHL,55,53,10.0,370.0,3700.0,2024-09-25
2024092501019906,MEHL,55,47,10.0,370.0,3700.0,2024-09-25
2024092501019905,MEHL,55,43,150.0,370.0,55500.0,2024-09-25
2024092501019904,MEHL,55,52,10.0,370.0,3700.0,2024-09-25
2024092501019903,MEHL,55,26,60.0,370.0,22200.0,2024-09-25
2024092501019902,MEHL,55,22,580.0,369.9,214542.0,2024-09-25
2024092501019901,BNHC,53,49,10.0,467.0,4670.0,2024-09-25
2024092501019900,CYCL,59,58,13.0,1535.0,19955.0,2024-09-25
2024092505014770,SONA,56,57,100.0,441.3,44130.0,2024-09-25
2024092505014769,SONA,6,57,250.0,441.3,110325.0,2024-09-25
2024092505014768,SONA,41,57,100.0,442.0,44200.0,2024-09-25
2024092504018791,LEC,41,58,10.0,260.0,2600.0,2024-09-25
2024092503015323,SFCL,45,34,10.0,539.9,5399.0,2024-09-25
2024092505014767,ENL,45,45,10.0,1133.0,11330.0,2024-09-25
2024092501019899,BHL,65,38,77.0,440.0,33880.0,2024-09-25
2024092501019898,BHL,65,21,200.0,440.0,88000.0,2024-09-25
2024092501019897,BHL,65,53,723.0,439.0,317397.0,2024-09-25
2024092504018790,UPPER,1,54,10.0,210.5,2105.0,2024-09-25
2024092501019896,NIMB,85,17,300.0,224.1,67230.0,2024-09-25
2024092501019895,MKJC,34,1,120.0,440.0,52800.0,2024-09-25
2024092501019894,MKJC,34,48,100.0,439.9,43990.0,2024-09-25
2024092501019893,MKJC,34,56,380.0,438.0,166440.0,2024-09-25
2024092504018789,NHPC,88,1,340.0,210.2,71468.0,2024-09-25
2024092505014766,SHIVM,34,34,200.0,543.0,108600.0,2024-09-25
2024092504018788,UPPER,1,22,90.0,210.5,18945.0,2024-09-25
2024092501019892,NWCL,64,59,10.0,905.0,9050.0,2024-09-25
2024092501019891,MBL,52,44,400.0,237.0,94800.0,2024-09-25
2024092501019890,EBL,42,38,66.0,600.0,39600.0,2024-09-25
2024092501019889,SARBTM,62,38,300.0,725.0,217500.0,2024-09-25
2024092504018787,NHDL,50,7,13.0,540.0,7020.0,2024-09-25
2024092501019888,MHCL,45,55,200.0,374.0,74800.0,2024-09-25
2024092504018786,RBCL,51,49,15.0,17332.9,259993.5,2024-09-25
2024092503015322,MPFL,49,58,10.0,606.0,6060.0,2024-09-25
2024092505014765,HDL,51,32,19.0,1256.0,23864.0,2024-09-25
2024092501019887,MMKJL,58,58,20.0,505.0,10100.0,2024-09-25
2024092501019886,USHL,58,41,11.0,826.2,9088.2,2024-09-25
2024092501019885,USHL,58,53,300.0,826.2,247860.0,2024-09-25
2024092501019884,USHL,58,46,10.0,826.2,8262.0,2024-09-25
2024092501019883,USHL,58,22,10.0,826.2,8262.0,2024-09-25
2024092501019882,USHL,58,35,70.0,826.2,57834.0,2024-09-25
2024092501019881,USHL,58,6,1000.0,826.0,826000.0,2024-09-25
2024092501019880,USHL,58,94,300.0,826.0,247800.0,2024-09-25
2024092501019879,USHL,58,34,59.0,826.0,48734.0,2024-09-25
2024092501019878,USHL,58,38,10.0,825.1,8251.0,2024-09-25
2024092501019877,USHL,58,42,10.0,825.0,8250.0,2024-09-25
2024092501019876,USHL,58,58,10.0,825.0,8250.0,2024-09-25
2024092501019875,USHL,58,43,10.0,825.0,8250.0,2024-09-25
2024092501019874,USHL,58,42,10.0,825.0,8250.0,2024-09-25
2024092501019873,USHL,58,42,100.0,825.0,82500.0,2024-09-25
2024092501019872,USHL,58,6,2500.0,823.1,2057750.0,2024-09-25
2024092501019871,USHL,58,4,10.0,823.0,8230.0,2024-09-25
2024092501019870,USHL,58,38,10.0,822.0,8220.0,2024-09-25
2024092501019869,USHL,58,14,10.0,822.0,8220.0,2024-09-25
2024092501019868,USHL,58,87,10.0,821.0,8210.0,2024-09-25
2024092501019867,USHL,58,19,10.0,820.0,8200.0,2024-09-25
2024092501019866,USHL,58,49,10.0,820.0,8200.0,2024-09-25
2024092501019865,USHL,58,58,10.0,818.0,8180.0,2024-09-25
2024092501019864,USHL,58,43,10.0,815.0,8150.0,2024-09-25
2024092501019863,USHL,58,34,10.0,811.0,8110.0,2024-09-25
2024092505014764,HRL,94,29,165.0,775.3,127924.5,2024-09-25
2024092505014763,HRL,42,29,20.0,775.4,15508.0,2024-09-25
2024092505014762,HRL,17,29,80.0,776.0,62080.0,2024-09-25
2024092505014761,HRL,34,29,100.0,776.0,77600.0,2024-09-25
2024092505014760,HRL,45,29,10.0,776.0,7760.0,2024-09-25
2024092505014759,HRL,49,29,125.0,776.0,97000.0,2024-09-25
2024092505014758,VLUCL,52,54,10.0,612.5,6125.0,2024-09-25
2024092504018785,GHL,48,14,840.0,208.0,174720.0,2024-09-25
2024092504018784,GHL,48,14,145.0,208.0,30160.0,2024-09-25
2024092504018783,GHL,48,3,15.0,207.9,3118.5,2024-09-25
2024092501019862,KDL,36,7,25.0,1050.0,26250.0,2024-09-25
2024092501019861,KDL,36,92,55.0,1049.0,57695.0,2024-09-25
2024092501019860,AHL,45,60,10.0,630.1,6301.0,2024-09-25
2024092501019859,NWCL,11,13,240.0,919.0,220560.0,2024-09-25
2024092501019858,NWCL,11,58,10.0,919.0,9190.0,2024-09-25
2024092501019857,NWCL,11,57,20.0,919.0,18380.0,2024-09-25
2024092501019856,NWCL,11,48,10.0,919.0,9190.0,2024-09-25
2024092501019855,NWCL,11,47,40.0,919.0,36760.0,2024-09-25
2024092504018782,UMRH,13,14,1000.0,436.0,436000.0,2024-09-25
2024092505014757,NIFRA,17,35,10.0,266.0,2660.0,2024-09-25
2024092501019854,BNHC,53,55,32.0,467.0,14944.0,2024-09-25
2024092505014756,CIT,34,1,100.0,2135.0,213500.0,2024-09-25
2024092504018781,SHPC,35,50,165.0,495.0,81675.0,2024-09-25
2024092504018780,SHPC,57,50,335.0,495.1,165858.5,2024-09-25
2024092504018779,SHPC,37,50,500.0,495.2,247600.0,2024-09-25
2024092504018778,GLH,42,34,100.0,234.0,23400.0,2024-09-25
2024092503015321,ILBS,62,53,10.0,955.0,9550.0,2024-09-25
2024092503015320,CFCL,43,34,20.0,521.9,10438.0,2024-09-25
2024092501019853,BHL,29,4,10.0,438.0,4380.0,2024-09-25
2024092504018777,UMRH,29,14,20.0,436.0,8720.0,2024-09-25
2024092501019852,BHPL,48,57,460.0,707.0,325220.0,2024-09-25
2024092504018776,GLH,52,34,10.0,234.0,2340.0,2024-09-25
2024092504018775,NHPC,88,57,19.0,210.2,3993.8,2024-09-25
2024092504018774,SPDL,57,40,500.0,282.5,141250.0,2024-09-25
2024092501019851,HIDCLP,58,50,140.0,163.0,22820.0,2024-09-25
2024092501019850,HIDCLP,58,34,1000.0,163.0,163000.0,2024-09-25
2024092501019849,HIDCLP,58,33,50.0,163.0,8150.0,2024-09-25
2024092501019848,HIDCLP,58,43,1000.0,163.0,163000.0,2024-09-25
2024092501019847,HIDCLP,58,52,389.0,163.0,63407.0,2024-09-25
2024092505014755,SONA,58,48,12.0,443.9,5326.8,2024-09-25
2024092503015319,SKBBL,92,4,265.0,888.9,235558.5,2024-09-25
2024092503015318,JBBL,48,34,138.0,335.0,46230.0,2024-09-25
2024092503015317,JBBL,48,17,200.0,335.0,67000.0,2024-09-25
2024092503015316,JBBL,48,57,100.0,335.0,33500.0,2024-09-25
2024092503015315,JBBL,48,35,62.0,335.0,20770.0,2024-09-25
2024092505014754,NRM,50,48,10.0,419.0,4190.0,2024-09-25
2024092504018773,LEC,55,48,60.0,259.0,15540.0,2024-09-25
2024092505014753,PHCL,52,41,198.0,321.1,63577.8,2024-09-25
2024092505014752,PHCL,56,41,100.0,322.0,32200.0,2024-09-25
2024092505014751,PHCL,60,41,152.0,323.0,49096.0,2024-09-25
2024092504018772,SGIC,45,41,37.0,643.0,23791.0,2024-09-25
2024092501019846,ADBL,34,45,292.0,359.0,104828.0,2024-09-25
2024092501019845,ADBL,7,45,274.0,359.0,98366.0,2024-09-25
2024092505014750,HIDCL,57,37,70.0,256.3,17941.0,2024-09-25
2024092505014749,HIDCL,26,37,130.0,256.3,33319.0,2024-09-25
2024092503015314,NMLBBL,13,54,10.0,737.0,7370.0,2024-09-25
2024092503015313,NMLBBL,50,54,100.0,737.0,73700.0,2024-09-25
2024092505014748,RNLI,45,10,11.0,474.1,5215.1,2024-09-25
2024092503015312,KSBBL,33,7,50.0,462.9,23145.0,2024-09-25
2024092504018771,RHPL,22,4,500.0,360.2,180100.0,2024-09-25
2024092505014747,PHCL,60,1,80.0,323.0,25840.0,2024-09-25
2024092501019844,HIDCLP,59,52,25.0,163.0,4075.0,2024-09-25
2024092501019843,NBL,59,32,40.0,269.0,10760.0,2024-09-25
2024092501019842,NBL,59,45,19.0,268.0,5092.0,2024-09-25
2024092501019841,NBL,59,19,41.0,268.0,10988.0,2024-09-25
2024092504018770,RURU,75,95,10.0,831.0,8310.0,2024-09-25
2024092504018769,RURU,57,95,90.0,831.0,74790.0,2024-09-25
2024092505014746,SAHAS,42,98,100.0,513.5,51350.0,2024-09-25
2024092503015311,RLFL,5,38,48.0,538.0,25824.0,2024-09-25
2024092501019840,LSL,45,7,400.0,231.2,92480.0,2024-09-25
2024092501019839,LSL,48,7,2000.0,231.2,462400.0,2024-09-25
2024092501019838,LSL,45,7,500.0,231.3,115650.0,2024-09-25
2024092501019837,LSL,66,7,1000.0,231.3,231300.0,2024-09-25
2024092501019836,LSL,49,7,100.0,231.5,23150.0,2024-09-25
2024092501019835,LSL,50,7,1000.0,231.6,231600.0,2024-09-25
2024092505014745,ILI,62,58,12.0,474.0,5688.0,2024-09-25
2024092505014744,ILI,62,34,12.0,474.0,5688.0,2024-09-25
2024092505014743,ILI,62,58,90.0,474.0,42660.0,2024-09-25
2024092501019834,KBL,28,22,300.0,213.0,63900.0,2024-09-25
2024092504018768,AKJCL,38,49,50.0,198.8,9940.0,2024-09-25
2024092504018767,AHPC,58,49,200.0,265.0,53000.0,2024-09-25
2024092505014742,HRL,49,57,198.0,776.0,153648.0,2024-09-25
2024092501019833,USHL,17,58,100.0,791.1,79110.0,2024-09-25
2024092501019832,USHL,16,58,100.0,791.1,79110.0,2024-09-25
2024092501019831,USHL,42,58,10.0,791.1,7911.0,2024-09-25
2024092501019830,USHL,14,58,20.0,792.0,15840.0,2024-09-25
2024092501019829,USHL,48,58,500.0,794.0,397000.0,2024-09-25
2024092501019828,USHL,6,58,125.0,795.0,99375.0,2024-09-25
2024092501019827,USHL,35,58,10.0,797.0,7970.0,2024-09-25
2024092501019826,USHL,14,58,10.0,799.0,7990.0,2024-09-25
2024092501019825,USHL,58,58,10.0,800.0,8000.0,2024-09-25
2024092501019824,USHL,54,58,50.0,800.0,40000.0,2024-09-25
2024092501019823,USHL,39,58,300.0,801.1,240330.0,2024-09-25
2024092501019822,USHL,16,58,50.0,801.3,40065.0,2024-09-25
2024092501019821,USHL,45,58,100.0,801.4,80140.0,2024-09-25
2024092501019820,USHL,34,58,50.0,801.4,40070.0,2024-09-25
2024092501019819,USHL,22,58,200.0,802.1,160420.0,2024-09-25
2024092501019818,USHL,69,58,100.0,803.0,80300.0,2024-09-25
2024092501019817,USHL,58,58,115.0,810.0,93150.0,2024-09-25
2024092501019816,USHL,58,36,185.0,810.0,149850.0,2024-09-25
2024092501019815,PRVU,39,54,10.0,233.9,2339.0,2024-09-25
2024092501019814,BNHC,45,55,10.0,467.0,4670.0,2024-09-25
2024092501019813,KBL,28,11,20.0,213.0,4260.0,2024-09-25
2024092501019812,HIDCLP,80,52,86.0,163.0,14018.0,2024-09-25
2024092501019811,HIDCLP,80,11,100.0,163.0,16300.0,2024-09-25
2024092501019810,HIDCLP,80,43,200.0,163.0,32600.0,2024-09-25
2024092501019809,HIDCLP,80,57,500.0,163.0,81500.0,2024-09-25
2024092501019808,HIDCLP,80,13,114.0,163.0,18582.0,2024-09-25
2024092503015310,CBBL,47,32,50.0,928.5,46425.0,2024-09-25
2024092503015309,ILBS,42,47,100.0,940.0,94000.0,2024-09-25
2024092503015308,HLBSL,35,45,89.0,869.5,77385.5,2024-09-25
2024092503015307,GFCL,57,32,12.0,814.0,9768.0,2024-09-25
2024092503015306,GBBL,59,34,20.0,429.0,8580.0,2024-09-25
2024092504018766,AHPC,58,44,500.0,265.0,132500.0,2024-09-25
2024092504018765,RIDI,42,45,10.0,226.0,2260.0,2024-09-25
2024092501019807,NESDO,59,38,150.0,2103.1,315465.0,2024-09-25
2024092505014741,HDL,7,32,50.0,1256.0,62800.0,2024-09-25
2024092504018764,API,22,41,455.0,307.0,139685.0,2024-09-25
2024092501019806,USHL,6,36,30.0,810.0,24300.0,2024-09-25
2024092501019805,USHL,6,14,10.0,809.0,8090.0,2024-09-25
2024092501019804,USHL,6,57,10.0,808.5,8085.0,2024-09-25
2024092501019803,HEIP,58,43,10.0,344.4,3444.0,2024-09-25
2024092505014740,CHDC,29,52,10.0,1659.0,16590.0,2024-09-25
2024092501019802,CITY,52,19,40.0,757.0,30280.0,2024-09-25
2024092504018763,HDHPC,36,53,735.0,197.5,145162.5,2024-09-25
2024092504018762,HDHPC,36,45,60.0,197.4,11844.0,2024-09-25
2024092501019801,NABIL,25,52,50.0,555.0,27750.0,2024-09-25
2024092501019800,HIDCLP,39,13,486.0,163.0,79218.0,2024-09-25
2024092501019799,HIDCLP,39,58,40.0,163.0,6520.0,2024-09-25
2024092501019798,HIDCLP,39,38,100.0,163.0,16300.0,2024-09-25
2024092501019797,HIDCLP,39,48,200.0,163.0,32600.0,2024-09-25
2024092501019796,HIDCLP,39,48,200.0,163.0,32600.0,2024-09-25
2024092501019795,HIDCLP,39,55,574.0,163.0,93562.0,2024-09-25
2024092501019794,MMKJL,58,58,20.0,496.0,9920.0,2024-09-25
2024092501019793,MMKJL,58,63,100.0,496.0,49600.0,2024-09-25
2024092501019792,MMKJL,58,43,100.0,494.5,49450.0,2024-09-25
2024092501019791,MMKJL,58,19,30.0,494.0,14820.0,2024-09-25
2024092501019790,MMKJL,58,18,500.0,494.0,247000.0,2024-09-25
2024092501019789,MMKJL,58,58,10.0,494.0,4940.0,2024-09-25
2024092501019788,MMKJL,58,58,10.0,490.0,4900.0,2024-09-25
2024092501019787,MMKJL,58,58,10.0,490.0,4900.0,2024-09-25
2024092501019786,MMKJL,58,57,10.0,490.0,4900.0,2024-09-25
2024092501019785,MMKJL,58,56,530.0,488.0,258640.0,2024-09-25
2024092503015305,LBBL,21,58,10.0,453.0,4530.0,2024-09-25
2024092501019784,GBIME,45,26,36.0,242.0,8712.0,2024-09-25
2024092501019783,GBIME,45,45,10.0,242.0,2420.0,2024-09-25
2024092501019782,GBIME,45,7,54.0,241.0,13014.0,2024-09-25
2024092501019781,GBIME,45,45,500.0,241.0,120500.0,2024-09-25
2024092501019780,ULHC,75,45,240.0,385.0,92400.0,2024-09-25
2024092501019779,ULHC,42,45,10.0,389.0,3890.0,2024-09-25
2024092503015304,SADBL,65,85,500.0,403.5,201750.0,2024-09-25
2024092503015303,MSLB,58,13,49.0,1480.0,72520.0,2024-09-25
2024092503015302,MSLB,81,13,90.0,1481.0,133290.0,2024-09-25
2024092503015301,MSLB,45,13,20.0,1490.0,29800.0,2024-09-25
2024092503015300,MSLB,28,13,10.0,1510.0,15100.0,2024-09-25
2024092503015299,MSLB,38,13,10.0,1523.0,15230.0,2024-09-25
2024092505014739,PHCL,68,45,20.0,329.0,6580.0,2024-09-25
2024092505014738,PHCL,68,34,10.0,328.0,3280.0,2024-09-25
2024092505014737,PHCL,68,8,10.0,327.4,3274.0,2024-09-25
2024092505014736,PHCL,68,53,10.0,327.0,3270.0,2024-09-25
2024092505014735,PHCL,68,74,10.0,327.0,3270.0,2024-09-25
2024092505014734,PHCL,68,38,10.0,327.0,3270.0,2024-09-25
2024092505014733,PHCL,68,75,10.0,327.0,3270.0,2024-09-25
2024092505014732,PHCL,68,33,160.0,327.0,52320.0,2024-09-25
2024092505014731,PHCL,68,14,10.0,327.0,3270.0,2024-09-25
2024092505014730,PHCL,68,58,10.0,327.0,3270.0,2024-09-25
2024092505014729,PHCL,68,58,10.0,327.0,3270.0,2024-09-25
2024092505014728,PHCL,68,57,20.0,326.9,6538.0,2024-09-25
2024092505014727,PHCL,68,38,10.0,326.4,3264.0,2024-09-25
2024092505014726,PHCL,68,42,200.0,326.4,65280.0,2024-09-25
2024092505014725,PHCL,68,8,20.0,326.0,6520.0,2024-09-25
2024092505014724,PHCL,68,57,10.0,326.0,3260.0,2024-09-25
2024092505014723,PHCL,68,41,10.0,326.0,3260.0,2024-09-25
2024092505014722,PHCL,68,48,10.0,326.0,3260.0,2024-09-25
2024092505014721,PHCL,68,57,30.0,326.0,9780.0,2024-09-25
2024092505014720,PHCL,68,25,10.0,326.0,3260.0,2024-09-25
2024092505014719,PHCL,68,45,100.0,325.0,32500.0,2024-09-25
2024092505014718,PHCL,68,39,250.0,325.0,81250.0,2024-09-25
2024092505014717,PHCL,68,25,10.0,325.0,3250.0,2024-09-25
2024092505014716,PHCL,68,38,10.0,325.0,3250.0,2024-09-25
2024092505014715,PHCL,68,51,10.0,325.0,3250.0,2024-09-25
2024092505014714,PHCL,68,38,10.0,325.0,3250.0,2024-09-25
2024092505014713,PHCL,68,42,10.0,325.0,3250.0,2024-09-25
2024092505014712,PHCL,68,29,10.0,324.0,3240.0,2024-09-25
2024092504018761,DHPL,34,10,196.0,228.0,44688.0,2024-09-25
2024092504018760,DHPL,17,10,250.0,228.0,57000.0,2024-09-25
2024092504018759,DHPL,6,10,70.0,228.0,15960.0,2024-09-25
2024092504018758,DHPL,38,10,800.0,228.5,182800.0,2024-09-25
2024092504018757,DHPL,21,10,100.0,229.0,22900.0,2024-09-25
2024092501019778,KDL,17,39,10.0,1045.0,10450.0,2024-09-25
2024092505014711,SHIVM,19,34,200.0,543.0,108600.0,2024-09-25
2024092505014710,SHIVM,57,34,50.0,543.0,27150.0,2024-09-25
2024092505014709,SHIVM,26,34,200.0,543.0,108600.0,2024-09-25
2024092505014708,SHIVM,1,34,10.0,543.0,5430.0,2024-09-25
2024092505014707,SHIVM,58,34,10.0,543.0,5430.0,2024-09-25
2024092505014706,SHIVM,3,34,36.0,543.1,19551.6,2024-09-25
2024092505014705,SHIVM,52,34,100.0,544.0,54400.0,2024-09-25
2024092504018756,API,42,41,100.0,307.0,30700.0,2024-09-25
2024092505014704,ILI,62,77,864.0,473.0,408672.0,2024-09-25
2024092505014703,ILI,42,77,26.0,473.0,12298.0,2024-09-25
2024092505014702,ILI,6,77,100.0,473.5,47350.0,2024-09-25
2024092503015298,CFCL,58,55,10.0,521.8,5218.0,2024-09-25
2024092503015297,SHINE,18,50,26.0,451.0,11726.0,2024-09-25
2024092503015296,SHINE,18,17,200.0,450.9,90180.0,2024-09-25
2024092503015295,LICN,22,99,10.0,2085.0,20850.0,2024-09-25
2024092505014701,HRL,49,43,20.0,776.0,15520.0,2024-09-25
2024092503015294,MPFL,57,58,100.0,606.0,60600.0,2024-09-25
2024092504018755,LEC,55,41,190.0,259.0,49210.0,2024-09-25
2024092504018754,LEC,36,41,660.0,259.0,170940.0,2024-09-25
2024092505014700,CHDC,39,52,20.0,1659.0,33180.0,2024-09-25
2024092505014699,CHDC,39,50,70.0,1658.0,116060.0,2024-09-25
2024092505014698,MBJC,41,20,310.0,341.0,105710.0,2024-09-25
2024092505014697,MBJC,41,3,10.0,341.0,3410.0,2024-09-25
2024092505014696,MBJC,41,11,100.0,341.0,34100.0,2024-09-25
2024092505014695,MBJC,41,19,10.0,341.0,3410.0,2024-09-25
2024092505014694,MBJC,41,13,50.0,340.9,17045.0,2024-09-25
2024092505014693,MBJC,41,49,10.0,340.6,3406.0,2024-09-25
2024092501019777,USHEC,25,49,111.0,457.0,50727.0,2024-09-25
2024092501019776,USHEC,25,84,50.0,457.0,22850.0,2024-09-25
2024092501019775,USHEC,25,34,10.0,455.0,4550.0,2024-09-25
2024092501019774,USHEC,25,42,784.0,455.0,356720.0,2024-09-25
2024092501019773,USHEC,25,74,45.0,454.9,20470.5,2024-09-25
2024092505014692,MEL,16,8,575.0,289.8,166635.0,2024-09-25
2024092505014691,MEL,16,52,100.0,289.7,28970.0,2024-09-25
2024092505014690,MEL,16,25,100.0,289.6,28960.0,2024-09-25
2024092505014689,MEL,16,52,100.0,288.9,28890.0,2024-09-25
2024092505014688,MEL,16,48,125.0,288.8,36100.0,2024-09-25
2024092501019772,ADBL,8,53,100.0,359.7,35970.0,2024-09-25
2024092501019771,MMKJL,47,56,50.0,488.0,24400.0,2024-09-25
2024092505014687,NRM,47,42,10.0,428.4,4284.0,2024-09-25
2024092505014686,SAHAS,34,98,20.0,513.5,10270.0,2024-09-25
2024092504018753,GLH,47,34,400.0,234.0,93600.0,2024-09-25
2024092504018752,GLH,58,34,40.0,234.0,9360.0,2024-09-25
2024092504018751,GLH,55,34,50.0,234.0,11700.0,2024-09-25
2024092504018750,GLH,48,34,457.0,234.0,106938.0,2024-09-25
2024092503015293,JBBL,59,45,48.0,335.0,16080.0,2024-09-25
2024092503015292,JBBL,59,43,500.0,335.0,167500.0,2024-09-25
2024092503015291,JBBL,59,35,108.0,335.0,36180.0,2024-09-25
2024092503015290,JBBL,59,42,200.0,335.0,67000.0,2024-09-25
2024092503015289,JBBL,59,19,10.0,335.0,3350.0,2024-09-25
2024092503015288,JBBL,59,34,134.0,335.0,44890.0,2024-09-25
2024092501019770,KBL,44,48,420.0,213.1,89502.0,2024-09-25
2024092501019769,KBL,44,8,20.0,213.1,4262.0,2024-09-25
2024092501019768,NIMB,85,50,50.0,224.1,11205.0,2024-09-25
2024092503015287,CFCL,42,34,17.0,521.9,8872.3,2024-09-25
2024092503015286,SFCL,77,34,50.0,539.9,26995.0,2024-09-25
2024092505014685,CHDC,77,50,120.0,1658.0,198960.0,2024-09-25
2024092505014684,CHDC,77,6,80.0,1650.0,132000.0,2024-09-25
2024092503015285,GFCL,57,21,10.0,814.0,8140.0,2024-09-25
2024092501019767,KBL,28,14,200.0,213.0,42600.0,2024-09-25
2024092501019766,SBI,41,43,160.0,417.7,66832.0,2024-09-25
2024092505014683,NIFRA,58,19,50.0,265.9,13295.0,2024-09-25
2024092503015284,JFL,86,22,25.0,536.5,13412.5,2024-09-25
2024092503015283,JFL,86,14,100.0,536.0,53600.0,2024-09-25
2024092503015282,JFL,86,22,25.0,535.9,13397.5,2024-09-25
2024092503015281,MDB,62,28,100.0,612.0,61200.0,2024-09-25
2024092503015280,ACLBSL,28,57,64.0,999.0,63936.0,2024-09-25
2024092503015279,ACLBSL,28,52,13.0,999.0,12987.0,2024-09-25
2024092503015278,ACLBSL,28,44,13.0,990.0,12870.0,2024-09-25
2024092503015277,MFIL,43,90,75.0,634.0,47550.0,2024-09-25
2024092503015276,MFIL,47,90,25.0,634.0,15850.0,2024-09-25
2024092503015275,MFIL,59,90,100.0,634.0,63400.0,2024-09-25
2024092505014682,CHDC,29,34,170.0,1645.0,279650.0,2024-09-25
2024092505014681,CHDC,6,34,50.0,1645.2,82260.0,2024-09-25
2024092504018749,NLG,55,35,292.0,1310.0,382520.0,2024-09-25
2024092504018748,NGPL,34,38,200.0,436.0,87200.0,2024-09-25
2024092504018747,NGPL,34,57,100.0,435.3,43530.0,2024-09-25
2024092504018746,SGIC,45,50,100.0,643.0,64300.0,2024-09-25
2024092505014680,ILI,42,42,12.0,473.0,5676.0,2024-09-25
2024092504018745,UMHL,43,14,170.0,295.0,50150.0,2024-09-25
2024092503015274,SKBBL,49,20,170.0,890.0,151300.0,2024-09-25
2024092503015273,SKBBL,49,32,90.0,890.0,80100.0,2024-09-25
2024092503015272,SKBBL,49,38,265.0,889.0,235585.0,2024-09-25
2024092505014679,HIDCL,26,29,150.0,256.3,38445.0,2024-09-25
2024092505014678,HRL,49,40,10.0,776.0,7760.0,2024-09-25
2024092501019765,HIDCLP,43,25,100.0,162.5,16250.0,2024-09-25
2024092503015271,KRBL,58,19,10.0,571.0,5710.0,2024-09-25
2024092501019764,MANDU,1,19,49.0,905.1,44349.9,2024-09-25
2024092501019763,MANDU,47,19,15.0,910.3,13654.5,2024-09-25
2024092501019762,MANDU,35,19,16.0,912.0,14592.0,2024-09-25
2024092501019761,JBLB,58,58,28.0,1450.0,40600.0,2024-09-25
2024092501019760,JBLB,50,58,10.0,1450.0,14500.0,2024-09-25
2024092501019759,JBLB,33,58,50.0,1450.1,72505.0,2024-09-25
2024092501019758,JBLB,33,58,50.0,1450.2,72510.0,2024-09-25
2024092501019757,JBLB,51,58,10.0,1451.0,14510.0,2024-09-25
2024092501019756,JBLB,7,58,16.0,1454.1,23265.6,2024-09-25
2024092501019755,JBLB,42,58,16.0,1455.0,23280.0,2024-09-25
2024092501019754,JBLB,1,58,10.0,1455.0,14550.0,2024-09-25
2024092501019753,JBLB,42,58,10.0,1455.0,14550.0,2024-09-25
2024092504018744,LEC,54,58,10.0,260.0,2600.0,2024-09-25
2024092501019752,NYADI,45,10,10.0,299.0,2990.0,2024-09-25
2024092503015270,GUFL,47,32,10.0,667.0,6670.0,2024-09-25
2024092505014677,ILI,1,58,10.0,474.0,4740.0,2024-09-25
2024092503015269,GBBL,32,34,15.0,429.0,6435.0,2024-09-25
2024092505014676,HRL,49,32,147.0,776.0,114072.0,2024-09-25
2024092505014675,HRL,50,32,353.0,776.0,273928.0,2024-09-25
2024092501019751,NMB,50,26,430.0,250.1,107543.0,2024-09-25
2024092501019750,NMB,57,26,70.0,250.2,17514.0,2024-09-25
2024092501019749,NABIL,26,52,67.0,555.0,37185.0,2024-09-25
2024092501019748,NABIL,26,22,33.0,555.0,18315.0,2024-09-25
2024092504018743,UPPER,22,1,193.0,210.9,40703.7,2024-09-25
2024092504018742,UPPER,22,33,100.0,210.6,21060.0,2024-09-25
2024092504018741,UPPER,22,46,530.0,210.6,111618.0,2024-09-25
2024092504018740,UPPER,22,1,242.0,210.5,50941.0,2024-09-25
2024092504018739,UPPER,22,48,435.0,210.5,91567.5,2024-09-25
2024092503015268,JBBL,6,34,120.0,335.0,40200.0,2024-09-25
2024092503015267,JBBL,6,4,100.0,334.9,33490.0,2024-09-25
2024092501019747,UNLB,57,19,136.0,2448.0,332928.0,2024-09-25
2024092503015266,NLIC,54,16,81.0,750.0,60750.0,2024-09-25
2024092503015265,NLIC,17,16,200.0,750.3,150060.0,2024-09-25
2024092503015264,NLIC,37,16,100.0,751.0,75100.0,2024-09-25
2024092503015263,NLIC,40,16,50.0,752.0,37600.0,2024-09-25
2024092503015262,NLIC,49,16,500.0,752.0,376000.0,2024-09-25
2024092503015261,NLIC,35,16,10.0,752.0,7520.0,2024-09-25
2024092503015260,NLIC,6,16,100.0,753.0,75300.0,2024-09-25
2024092503015259,NLIC,55,16,169.0,753.0,127257.0,2024-09-25
2024092503015258,NLIC,58,16,650.0,753.1,489515.0,2024-09-25
2024092503015257,NLIC,55,16,100.0,754.0,75400.0,2024-09-25
2024092503015256,NLIC,6,16,500.0,755.0,377500.0,2024-09-25
2024092503015255,NLIC,49,16,374.0,755.0,282370.0,2024-09-25
2024092503015254,NLIC,41,16,50.0,756.0,37800.0,2024-09-25
2024092503015253,NLIC,4,16,100.0,757.0,75700.0,2024-09-25
2024092503015252,NLIC,57,16,16.0,757.0,12112.0,2024-09-25
2024092504018738,HDHPC,86,45,10.0,197.4,1974.0,2024-09-25
2024092501019746,DLBS,11,49,10.0,1308.0,13080.0,2024-09-25
2024092504018737,RADHI,58,62,14.0,372.5,5215.0,2024-09-25
2024092503015251,RLFL,5,35,40.0,538.0,21520.0,2024-09-25
2024092504018736,NLG,55,58,150.0,1310.0,196500.0,2024-09-25
2024092501019745,NIBLGF,42,33,860.0,10.0,8600.0,2024-09-25
2024092503015250,GBLBS,58,55,15.0,685.0,10275.0,2024-09-25
2024092501019744,NMB,57,58,30.0,250.2,7506.0,2024-09-25
2024092501019743,NMB,33,58,70.0,250.2,17514.0,2024-09-25
2024092501019742,SBID83,26,45,1.0,1097.0,1097.0,2024-09-25
2024092501019741,GVL,88,49,81.0,585.0,47385.0,2024-09-25
2024092501019740,GVL,88,49,160.0,585.0,93600.0,2024-09-25
2024092501019739,GVL,88,58,10.0,585.0,5850.0,2024-09-25
2024092501019738,GVL,88,58,55.0,585.0,32175.0,2024-09-25
2024092501019737,GVL,88,42,10.0,585.0,5850.0,2024-09-25
2024092501019736,GVL,88,36,344.0,584.6,201102.4,2024-09-25
2024092501019735,GVL,88,34,10.0,584.5,5845.0,2024-09-25
2024092501019734,GVL,88,49,10.0,584.4,5844.0,2024-09-25
2024092501019733,GVL,88,54,10.0,584.0,5840.0,2024-09-25
2024092501019732,GVL,88,3,10.0,584.0,5840.0,2024-09-25
2024092501019731,GVL,88,42,10.0,584.0,5840.0,2024-09-25
2024092501019730,GVL,88,6,10.0,584.0,5840.0,2024-09-25
2024092501019729,GVL,88,79,10.0,584.0,5840.0,2024-09-25
2024092501019728,GVL,88,84,40.0,584.0,23360.0,2024-09-25
2024092501019727,GVL,88,57,70.0,584.0,40880.0,2024-09-25
2024092501019726,GVL,88,58,30.0,584.0,17520.0,2024-09-25
2024092501019725,GVL,88,34,10.0,583.1,5831.0,2024-09-25
2024092501019724,GVL,88,11,25.0,583.0,14575.0,2024-09-25
2024092501019723,GVL,88,98,40.0,583.0,23320.0,2024-09-25
2024092501019722,GVL,88,49,55.0,583.0,32065.0,2024-09-25
2024092505014674,HRL,51,40,10.0,777.0,7770.0,2024-09-25
2024092505014673,NTC,22,85,10.0,914.0,9140.0,2024-09-25
2024092503015249,CFCL,49,34,18.0,521.9,9394.2,2024-09-25
2024092504018735,UMRH,29,14,10.0,436.0,4360.0,2024-09-25
2024092501019721,MEHL,49,29,10.0,369.0,3690.0,2024-09-25
2024092505014672,HIDCL,26,89,50.0,256.3,12815.0,2024-09-25
2024092503015248,ALICL,58,14,50.0,675.0,33750.0,2024-09-25
2024092503015247,ALICL,56,14,11.0,675.0,7425.0,2024-09-25
2024092503015246,ALICL,86,14,20.0,675.1,13502.0,2024-09-25
2024092503015245,ALICL,5,14,120.0,676.0,81120.0,2024-09-25
2024092503015244,BFC,57,3,15.0,514.0,7710.0,2024-09-25
2024092505014671,CLI,32,25,30.0,609.0,18270.0,2024-09-25
2024092501019720,NIMB,85,21,162.0,224.1,36304.2,2024-09-25
2024092503015243,MNBBL,45,33,180.0,379.0,68220.0,2024-09-25
2024092503015242,MNBBL,45,62,20.0,378.2,7564.0,2024-09-25
2024092501019719,HIDCLP,43,8,330.0,162.5,53625.0,2024-09-25
2024092501019718,HIDCLP,37,8,270.0,162.9,43983.0,2024-09-25
2024092503015241,RSDC,34,42,10.0,676.9,6769.0,2024-09-25
2024092501019717,MKJC,32,1,90.0,434.0,39060.0,2024-09-25
2024092504018734,LEC,54,58,10.0,260.0,2600.0,2024-09-25
2024092505014670,HRL,50,58,20.0,776.0,15520.0,2024-09-25
2024092501019716,MBL,58,66,930.0,238.0,221340.0,2024-09-25
2024092504018733,AHPC,58,62,400.0,265.0,106000.0,2024-09-25
2024092504018732,AHPC,49,62,100.0,265.1,26510.0,2024-09-25
2024092504018731,SJCL,57,18,238.0,315.4,75065.2,2024-09-25
2024092504018730,SJCL,57,18,140.0,315.4,44156.0,2024-09-25
2024092504018729,SJCL,43,18,79.0,318.0,25122.0,2024-09-25
2024092504018728,SJCL,6,18,43.0,320.0,13760.0,2024-09-25
2024092504018727,RHPL,29,29,10.0,365.0,3650.0,2024-09-25
2024092501019715,EBL,14,48,141.0,599.0,84459.0,2024-09-25
2024092503015240,NMBMF,38,36,600.0,663.0,397800.0,2024-09-25
2024092501019714,PPL,65,44,30.0,488.0,14640.0,2024-09-25
2024092505014669,ENL,16,53,40.0,1130.0,45200.0,2024-09-25
2024092505014668,MBJC,22,41,10.0,340.1,3401.0,2024-09-25
2024092501019713,RAWA,92,66,10.0,748.5,7485.0,2024-09-25
2024092501019712,NYADI,33,35,10.0,302.0,3020.0,2024-09-25
2024092501019711,NYADI,33,41,10.0,302.0,3020.0,2024-09-25
2024092503015239,SMFBS,63,11,10.0,1460.0,14600.0,2024-09-25
2024092501019710,MKCL,1,4,40.0,1335.8,53432.0,2024-09-25
2024092501019709,MKCL,1,19,10.0,1334.0,13340.0,2024-09-25
2024092503015238,GRDBL,34,49,200.0,660.0,132000.0,2024-09-25
2024092503015237,SHINE,59,50,60.0,451.0,27060.0,2024-09-25
2024092503015236,SHINE,59,95,40.0,451.0,18040.0,2024-09-25
2024092501019708,HHL,6,64,180.0,461.0,82980.0,2024-09-25
2024092501019707,HHL,45,64,200.0,461.0,92200.0,2024-09-25
2024092501019706,HHL,57,64,100.0,461.1,46110.0,2024-09-25
2024092501019705,HHL,36,64,10.0,461.2,4612.0,2024-09-25
2024092501019704,HHL,41,64,10.0,462.0,4620.0,2024-09-25
2024092501019703,MHCL,44,6,250.0,374.1,93525.0,2024-09-25
2024092503015235,SLBBL,57,65,20.0,996.0,19920.0,2024-09-25
2024092505014667,HIDCL,57,17,200.0,256.5,51300.0,2024-09-25
2024092501019702,BEDC,57,36,80.0,460.0,36800.0,2024-09-25
2024092501019701,BEDC,19,36,190.0,460.1,87419.0,2024-09-25
2024092501019700,BEDC,49,36,130.0,460.1,59813.0,2024-09-25
2024092504018726,DHPL,39,42,224.0,230.5,51632.0,2024-09-25
2024092504018725,DHPL,39,39,90.0,230.0,20700.0,2024-09-25
2024092504018724,DHPL,39,5,686.0,230.0,157780.0,2024-09-25
2024092503015234,MDB,65,65,20.0,616.0,12320.0,2024-09-25
2024092505014666,ENL,45,53,10.0,1130.0,11300.0,2024-09-25
2024092504018723,JOSHI,17,56,10.0,294.9,2949.0,2024-09-25
2024092504018722,JOSHI,17,39,100.0,294.0,29400.0,2024-09-25
2024092501019699,HBL,87,13,30.0,245.9,7377.0,2024-09-25
2024092505014665,CIT,32,1,50.0,2135.0,106750.0,2024-09-25
2024092501019698,KBL,28,58,400.0,213.0,85200.0,2024-09-25
2024092501019697,RAWA,58,19,10.0,755.0,7550.0,2024-09-25
2024092501019696,PPL,38,44,70.0,488.0,34160.0,2024-09-25
2024092501019695,PPL,38,8,430.0,488.0,209840.0,2024-09-25
2024092501019694,KDL,91,43,10.0,1041.0,10410.0,2024-09-25
2024092501019693,KDL,91,45,10.0,1040.3,10403.0,2024-09-25
2024092501019692,KDL,91,52,10.0,1040.0,10400.0,2024-09-25
2024092501019691,KDL,91,6,10.0,1040.0,10400.0,2024-09-25
2024092501019690,KDL,91,21,10.0,1039.0,10390.0,2024-09-25
2024092501019689,KDL,91,43,100.0,1038.0,103800.0,2024-09-25
2024092501019688,KDL,91,56,10.0,1036.0,10360.0,2024-09-25
2024092501019687,KDL,91,57,40.0,1030.0,41200.0,2024-09-25
2024092504018721,RBCL,91,49,10.0,17332.9,173329.0,2024-09-25
2024092503015233,MLBL,22,33,845.0,384.0,324480.0,2024-09-25
2024092505014664,MEL,58,74,10.0,288.4,2884.0,2024-09-25
2024092503015232,NUBL,3,49,33.0,690.0,22770.0,2024-09-25
2024092503015231,NUBL,45,49,10.0,690.0,6900.0,2024-09-25
2024092503015230,NUBL,55,49,10.0,690.0,6900.0,2024-09-25
2024092503015229,NUBL,29,49,50.0,690.0,34500.0,2024-09-25
2024092503015228,NUBL,26,49,10.0,690.0,6900.0,2024-09-25
2024092503015227,NUBL,13,49,100.0,690.0,69000.0,2024-09-25
2024092503015226,NUBL,38,49,50.0,690.0,34500.0,2024-09-25
2024092503015225,NUBL,74,49,500.0,690.1,345050.0,2024-09-25
2024092503015224,NUBL,59,49,10.0,693.0,6930.0,2024-09-25
2024092503015223,NUBL,45,49,50.0,693.0,34650.0,2024-09-25
2024092503015222,NUBL,16,49,177.0,693.2,122696.4,2024-09-25
2024092501019686,USHEC,25,74,20.0,454.9,9098.0,2024-09-25
2024092503015221,SWMF,45,32,113.0,790.0,89270.0,2024-09-25
2024092503015220,SWMF,45,58,10.0,788.0,7880.0,2024-09-25
2024092503015219,SWMF,45,4,10.0,787.0,7870.0,2024-09-25
2024092503015218,SWMF,45,32,12.0,786.0,9432.0,2024-09-25
2024092504018720,RIDI,38,41,300.0,225.9,67770.0,2024-09-25
2024092503015217,CORBL,63,77,150.0,886.0,132900.0,2024-09-25
2024092503015216,CORBL,63,56,10.0,886.0,8860.0,2024-09-25
2024092503015215,CORBL,63,77,100.0,880.0,88000.0,2024-09-25
2024092503015214,CORBL,63,14,200.0,868.7,173740.0,2024-09-25
2024092503015213,CORBL,63,32,40.0,868.0,34720.0,2024-09-25
2024092505014663,HDL,14,32,38.0,1256.0,47728.0,2024-09-25
2024092505014662,HDL,46,32,33.0,1256.0,41448.0,2024-09-25
2024092504018719,BARUN,34,34,200.0,327.0,65400.0,2024-09-25
2024092501019685,SMHL,34,54,10.0,593.0,5930.0,2024-09-25
2024092501019684,IHL,58,46,10.0,510.0,5100.0,2024-09-25
2024092501019683,NIMB,75,50,300.0,224.0,67200.0,2024-09-25
2024092501019682,JBLB,72,41,10.0,1467.0,14670.0,2024-09-25
2024092501019681,JBLB,72,17,10.0,1465.0,14650.0,2024-09-25
2024092504018718,RIDI,38,4,120.0,225.9,27108.0,2024-09-25
2024092501019680,SARBTM,62,42,200.0,725.0,145000.0,2024-09-25
2024092503015212,MNBBL,58,62,80.0,378.3,30264.0,2024-09-25
2024092503015211,RLFL,96,35,200.0,538.0,107600.0,2024-09-25
2024092505014661,SHIVM,3,55,164.0,543.1,89068.4,2024-09-25
2024092505014660,SHIVM,22,55,200.0,543.2,108640.0,2024-09-25
2024092505014659,SHIVM,34,55,20.0,543.2,10864.0,2024-09-25
2024092505014658,SHIVM,58,55,200.0,543.6,108720.0,2024-09-25
2024092505014657,SHIVM,22,55,56.0,544.0,30464.0,2024-09-25
2024092505014656,SHIVM,95,55,200.0,544.0,108800.0,2024-09-25
2024092505014655,SHIVM,58,55,20.0,544.0,10880.0,2024-09-25
2024092505014654,SHIVM,58,55,40.0,544.0,21760.0,2024-09-25
2024092504018717,NIL,34,55,41.0,890.1,36494.1,2024-09-25
2024092504018716,NIL,34,55,50.0,890.1,44505.0,2024-09-25
2024092504018715,NIL,34,55,10.0,891.0,8910.0,2024-09-25
2024092504018714,NIL,34,55,10.0,891.0,8910.0,2024-09-25
2024092504018713,NIL,34,55,50.0,891.0,44550.0,2024-09-25
2024092504018712,NIL,53,55,50.0,891.1,44555.0,2024-09-25
2024092504018711,NIL,42,55,39.0,892.0,34788.0,2024-09-25
2024092501019679,KBL,28,52,100.0,213.0,21300.0,2024-09-25
2024092504018710,UPPER,14,48,200.0,210.5,42100.0,2024-09-25
2024092504018709,SHPC,60,45,10.0,497.0,4970.0,2024-09-25
2024092501019678,NBL,57,19,10.0,268.0,2680.0,2024-09-25
2024092504018708,SHEL,36,52,20.0,242.9,4858.0,2024-09-25
2024092504018707,SHEL,36,43,407.0,242.9,98860.3,2024-09-25
2024092504018706,SHEL,36,54,20.0,242.0,4840.0,2024-09-25
2024092504018705,SHEL,36,4,340.0,242.0,82280.0,2024-09-25
2024092505014653,CIT,57,1,10.0,2135.0,21350.0,2024-09-25
2024092503015210,NICLBSL,51,45,118.0,675.0,79650.0,2024-09-25
2024092503015209,NICLBSL,62,45,264.0,675.0,178200.0,2024-09-25
2024092503015208,NICLBSL,22,45,23.0,675.2,15529.6,2024-09-25
2024092505014652,ILI,29,45,10.0,473.0,4730.0,2024-09-25
2024092504018704,IGI,13,45,27.0,590.0,15930.0,2024-09-25
2024092504018703,IGI,48,45,20.0,590.0,11800.0,2024-09-25
2024092504018702,IGI,35,45,20.0,590.0,11800.0,2024-09-25
2024092504018701,IGI,5,45,50.0,590.1,29505.0,2024-09-25
2024092504018700,IGI,50,45,200.0,590.1,118020.0,2024-09-25
2024092504018699,IGI,58,45,150.0,591.0,88650.0,2024-09-25
2024092503015207,SMPDA,34,59,10.0,865.0,8650.0,2024-09-25
2024092503015206,NMLBBL,58,54,117.0,737.2,86252.4,2024-09-25
2024092504018698,API,58,41,50.0,307.0,15350.0,2024-09-25
2024092504018697,CHCL,38,41,50.0,551.6,27580.0,2024-09-25
2024092501019677,MBL,52,55,100.0,237.0,23700.0,2024-09-25
2024092504018696,NLG,55,6,1000.0,1310.0,1310000.0,2024-09-25
2024092501019676,USHEC,52,74,235.0,454.9,106901.5,2024-09-25
2024092501019675,USHEC,52,84,100.0,454.0,45400.0,2024-09-25
2024092501019674,USHEC,52,49,10.0,454.0,4540.0,2024-09-25
2024092501019673,USHEC,52,49,130.0,454.0,59020.0,2024-09-25
2024092501019672,USHEC,52,52,25.0,453.9,11347.5,2024-09-25
2024092501019671,NWCL,64,6,30.0,905.0,27150.0,2024-09-25
2024092501019670,HIDCLP,37,6,30.0,162.9,4887.0,2024-09-25
2024092501019669,IHL,21,46,10.0,510.0,5100.0,2024-09-25
2024092503015205,BFC,41,3,100.0,514.0,51400.0,2024-09-25
2024092505014651,NTC,45,85,50.0,914.0,45700.0,2024-09-25
2024092504018695,SHL,65,11,132.0,489.0,64548.0,2024-09-25
2024092504018694,SHL,65,6,100.0,489.0,48900.0,2024-09-25
2024092505014650,HRL,50,17,500.0,776.0,388000.0,2024-09-25
2024092503015204,SADBL,63,1,1000.0,404.0,404000.0,2024-09-25
2024092505014649,MEL,58,35,10.0,288.4,2884.0,2024-09-25
2024092504018693,SSHL,74,26,10.0,208.9,2089.0,2024-09-25
2024092503015203,ICFC,36,51,20.0,676.0,13520.0,2024-09-25
2024092504018692,UPPER,1,48,365.0,210.5,76832.5,2024-09-25
2024092505014648,HIDCL,48,17,200.0,256.5,51300.0,2024-09-25
2024092505014647,HRL,50,39,20.0,776.0,15520.0,2024-09-25
2024092504018691,HDHPC,49,53,100.0,197.5,19750.0,2024-09-25
2024092505014646,VLUCL,52,13,10.0,608.1,6081.0,2024-09-25
2024092501019668,HIDCLP,80,55,426.0,163.0,69438.0,2024-09-25
2024092501019667,HIDCLP,80,58,130.0,163.0,21190.0,2024-09-25
2024092501019666,HIDCLP,80,49,1444.0,163.0,235372.0,2024-09-25
2024092505014645,KEF,10,22,500.0,8.55,4275.0,2024-09-25
2024092504018690,UPCL,17,47,1315.0,250.0,328750.0,2024-09-25
2024092504018689,UPCL,21,47,185.0,252.0,46620.0,2024-09-25
2024092504018688,NHDL,50,47,100.0,539.9,53990.0,2024-09-25
2024092504018687,NHDL,50,49,10.0,538.9,5389.0,2024-09-25
2024092504018686,NHDL,50,49,402.0,538.5,216477.0,2024-09-25
2024092503015202,PFL,55,43,20.0,544.9,10898.0,2024-09-25
2024092503015201,PFL,55,32,40.0,543.0,21720.0,2024-09-25
2024092503015200,LBBL,56,58,450.0,453.0,203850.0,2024-09-25
2024092501019665,GVL,39,48,140.0,570.0,79800.0,2024-09-25
2024092505014644,HRL,36,40,69.0,777.0,53613.0,2024-09-25
2024092505014643,HRL,36,28,31.0,777.0,24087.0,2024-09-25
2024092505014642,SAHAS,36,57,950.0,513.5,487825.0,2024-09-25
2024092501019664,BHPL,49,58,100.0,707.8,70780.0,2024-09-25
2024092504018685,GHL,21,3,10.0,207.9,2079.0,2024-09-25
2024092505014641,SMJC,65,8,639.0,520.0,332280.0,2024-09-25
2024092505014640,SMJC,65,49,70.0,520.0,36400.0,2024-09-25
2024092505014639,SMJC,65,73,50.0,519.9,25995.0,2024-09-25
2024092505014638,SMJC,65,22,100.0,519.9,51990.0,2024-09-25
2024092505014637,SMJC,65,35,40.0,518.0,20720.0,2024-09-25
2024092505014636,SMJC,65,41,200.0,518.0,103600.0,2024-09-25
2024092505014635,SMJC,65,29,200.0,517.0,103400.0,2024-09-25
2024092505014634,SMJC,65,17,115.0,517.0,59455.0,2024-09-25
2024092505014633,SMJC,65,58,10.0,514.0,5140.0,2024-09-25
2024092505014632,SMJC,65,63,20.0,513.0,10260.0,2024-09-25
2024092505014631,SMJC,65,19,100.0,513.0,51300.0,2024-09-25
2024092505014630,SMJC,65,46,200.0,513.0,102600.0,2024-09-25
2024092505014629,SMJC,65,16,246.0,512.5,126075.0,2024-09-25
2024092505014628,SMJC,65,39,10.0,510.0,5100.0,2024-09-25
2024092504018684,NLG,55,4,100.0,1310.0,131000.0,2024-09-25
2024092504018683,AHPC,49,35,200.0,265.1,53020.0,2024-09-25
2024092501019663,ULHC,75,34,10.0,385.0,3850.0,2024-09-25
2024092501019662,BEDC,49,34,10.0,460.1,4601.0,2024-09-25
2024092501019661,NIMB,75,58,12.0,224.0,2688.0,2024-09-25
2024092504018682,AHPC,49,38,200.0,265.1,53020.0,2024-09-25
2024092504018681,API,38,41,165.0,307.0,50655.0,2024-09-25
2024092504018680,SICL,18,34,165.0,799.0,131835.0,2024-09-25
2024092505014627,SONA,26,38,120.0,441.2,52944.0,2024-09-25
2024092505014626,SONA,14,38,90.0,441.3,39717.0,2024-09-25
2024092505014625,SONA,26,38,100.0,441.5,44150.0,2024-09-25
2024092505014624,SONA,45,38,190.0,441.9,83961.0,2024-09-25
2024092505014623,NIFRA,35,71,173.0,264.1,45689.3,2024-09-25
2024092505014622,NIFRA,6,71,1000.0,264.3,264300.0,2024-09-25
2024092505014621,NIFRA,35,71,1436.0,264.3,379534.8,2024-09-25
2024092505014620,NIFRA,57,71,500.0,264.4,132200.0,2024-09-25
2024092505014619,NIFRA,42,71,15.0,264.4,3966.0,2024-09-25
2024092505014618,NIFRA,38,71,40.0,264.5,10580.0,2024-09-25
2024092505014617,NIFRA,16,71,1000.0,265.0,265000.0,2024-09-25
2024092505014616,NIFRA,4,71,656.0,265.0,173840.0,2024-09-25
2024092503015199,KMCDB,51,34,10.0,1004.0,10040.0,2024-09-25
2024092503015198,KSBBL,65,98,30.0,460.0,13800.0,2024-09-25
2024092503015197,KSBBL,32,98,70.0,461.0,32270.0,2024-09-25
2024092505014615,ILI,29,56,10.0,473.0,4730.0,2024-09-25
2024092504018679,SALICO,59,29,18.0,741.0,13338.0,2024-09-25
2024092505014614,CHDC,39,6,100.0,1650.0,165000.0,2024-09-25
2024092503015196,SAPDBL,19,39,350.0,499.0,174650.0,2024-09-25
2024092501019660,USHEC,36,25,350.0,451.0,157850.0,2024-09-25
2024092501019659,USHEC,36,25,370.0,451.0,166870.0,2024-09-25
2024092503015195,SWBBL,58,19,118.0,966.3,114023.4,2024-09-25
2024092505014613,NRM,29,10,10.0,418.2,4182.0,2024-09-25
2024092501019658,KBL,28,22,300.0,213.0,63900.0,2024-09-25
2024092501019657,KBL,28,14,500.0,213.0,106500.0,2024-09-25
2024092501019656,KBL,28,38,20.0,213.0,4260.0,2024-09-25
2024092501019655,KBL,28,42,700.0,213.0,149100.0,2024-09-25
2024092501019654,KBL,28,58,100.0,213.0,21300.0,2024-09-25
2024092501019653,KBL,28,55,10.0,213.0,2130.0,2024-09-25
2024092501019652,KBL,28,22,15.0,213.0,3195.0,2024-09-25
2024092501019651,KBL,28,57,100.0,213.0,21300.0,2024-09-25
2024092501019650,KBL,28,44,75.0,213.0,15975.0,2024-09-25
2024092501019649,KBL,28,36,500.0,213.0,106500.0,2024-09-25
2024092501019648,KBL,28,8,100.0,213.0,21300.0,2024-09-25
2024092501019647,KBL,28,48,1000.0,213.0,213000.0,2024-09-25
2024092501019646,KBL,28,11,100.0,213.0,21300.0,2024-09-25
2024092501019645,KBL,28,29,1000.0,213.0,213000.0,2024-09-25
2024092501019644,KBL,28,48,100.0,213.0,21300.0,2024-09-25
2024092501019643,KBL,28,57,100.0,213.0,21300.0,2024-09-25
2024092501019642,KBL,28,53,17.0,213.0,3621.0,2024-09-25
2024092501019641,KBL,28,49,110.0,213.0,23430.0,2024-09-25
2024092501019640,KBL,28,57,1000.0,213.0,213000.0,2024-09-25
2024092501019639,KBL,28,48,20.0,213.0,4260.0,2024-09-25
2024092501019638,KBL,28,32,282.0,213.0,60066.0,2024-09-25
2024092501019637,KBL,28,29,80.0,213.0,17040.0,2024-09-25
2024092501019636,KBL,28,11,50.0,213.0,10650.0,2024-09-25
2024092501019635,KBL,28,11,100.0,213.0,21300.0,2024-09-25
2024092501019634,KBL,28,45,1000.0,213.0,213000.0,2024-09-25
2024092501019633,KBL,28,21,100.0,213.0,21300.0,2024-09-25
2024092501019632,KBL,28,28,100.0,213.0,21300.0,2024-09-25
2024092501019631,KBL,28,58,161.0,213.0,34293.0,2024-09-25
2024092501019630,KBL,28,14,1000.0,213.0,213000.0,2024-09-25
2024092501019629,KBL,28,25,500.0,213.0,106500.0,2024-09-25
2024092501019628,KBL,28,48,10.0,213.0,2130.0,2024-09-25
2024092501019627,KBL,28,14,100.0,213.0,21300.0,2024-09-25
2024092501019626,KBL,28,49,1000.0,213.0,213000.0,2024-09-25
2024092501019625,KBL,28,57,300.0,213.0,63900.0,2024-09-25
2024092501019624,KBL,28,46,299.0,213.0,63687.0,2024-09-25
2024092501019623,KBL,28,62,50.0,213.0,10650.0,2024-09-25
2024092501019622,KBL,28,53,50.0,213.0,10650.0,2024-09-25
2024092501019621,KBL,28,57,150.0,212.9,31935.0,2024-09-25
2024092505014612,NRM,47,42,722.0,428.4,309304.8,2024-09-25
2024092505014611,NRM,47,66,78.0,428.0,33384.0,2024-09-25
2024092505014610,NRM,47,45,200.0,426.0,85200.0,2024-09-25
2024092503015194,HLBSL,35,50,111.0,869.0,96459.0,2024-09-25
2024092501019620,NICA,7,52,10.0,442.5,4425.0,2024-09-25
2024092501019619,MAKAR,42,58,10.0,483.6,4836.0,2024-09-25
2024092503015193,MPFL,52,58,65.0,606.0,39390.0,2024-09-25
2024092501019618,MSHL,45,56,104.0,905.0,94120.0,2024-09-25
2024092501019617,MSHL,38,56,20.0,905.0,18100.0,2024-09-25
2024092501019616,MSHL,38,56,10.0,905.0,9050.0,2024-09-25
2024092501019615,MSHL,64,56,66.0,905.2,59743.2,2024-09-25
2024092505014609,NRN,60,35,10.0,925.0,9250.0,2024-09-25
2024092504018678,RURU,57,49,10.0,831.0,8310.0,2024-09-25
2024092503015192,GBBL,29,34,100.0,429.0,42900.0,2024-09-25
2024092501019614,HIDCLP,13,49,20.0,163.0,3260.0,2024-09-25
2024092503015191,MNBBL,45,33,50.0,379.0,18950.0,2024-09-25
2024092503015190,SHINE,45,95,10.0,451.0,4510.0,2024-09-25
2024092505014608,HIDCL,47,17,123.0,256.9,31598.7,2024-09-25
2024092505014607,HIDCL,47,45,90.0,256.9,23121.0,2024-09-25
2024092505014606,HIDCL,47,22,110.0,256.8,28248.0,2024-09-25
2024092505014605,HDL,46,44,21.0,1256.0,26376.0,2024-09-25
2024092505014604,SMATA,8,8,10.0,829.0,8290.0,2024-09-25
2024092505014603,CHDC,33,6,100.0,1650.0,165000.0,2024-09-25
2024092501019613,EHPL,50,13,100.0,751.9,75190.0,2024-09-25
2024092504018677,NLG,55,18,105.0,1310.0,137550.0,2024-09-25
2024092501019612,KBL,62,48,500.0,212.9,106450.0,2024-09-25
2024092501019611,MANDU,35,62,20.0,912.0,18240.0,2024-09-25
2024092504018676,AHPC,58,58,150.0,265.0,39750.0,2024-09-25
2024092504018675,AHPC,26,58,1000.0,265.1,265100.0,2024-09-25
2024092505014602,CHDC,29,69,800.0,1645.0,1316000.0,2024-09-25
2024092505014601,CHDC,39,69,50.0,1645.0,82250.0,2024-09-25
2024092505014600,CHDC,36,69,25.0,1645.0,41125.0,2024-09-25
2024092505014599,CHDC,14,69,100.0,1645.1,164510.0,2024-09-25
2024092505014598,CHDC,87,69,25.0,1645.1,41127.5,2024-09-25
2024092503015189,JBBL,17,48,70.0,334.7,23429.0,2024-09-25
2024092504018674,AKJCL,38,57,20.0,198.8,3976.0,2024-09-25
2024092501019610,USHL,52,80,10.0,807.0,8070.0,2024-09-25
2024092501019609,BHDC,37,36,170.0,571.2,97104.0,2024-09-25
2024092501019608,BHDC,37,35,10.0,569.1,5691.0,2024-09-25
2024092501019607,BHDC,37,32,50.0,569.0,28450.0,2024-09-25
2024092501019606,BHDC,37,45,50.0,567.0,28350.0,2024-09-25
2024092501019605,BHDC,37,54,10.0,566.2,5662.0,2024-09-25
2024092501019604,BHDC,37,43,100.0,566.1,56610.0,2024-09-25
2024092501019603,BHDC,37,22,100.0,566.0,56600.0,2024-09-25
2024092501019602,BHDC,37,58,10.0,566.0,5660.0,2024-09-25
2024092501019601,BHDC,37,14,100.0,566.0,56600.0,2024-09-25
2024092501019600,BHDC,37,14,90.0,566.0,50940.0,2024-09-25
2024092501019599,BHDC,37,47,60.0,565.8,33948.0,2024-09-25
2024092501019598,BHDC,37,58,50.0,565.7,28285.0,2024-09-25
2024092504018673,API,35,41,295.0,307.0,90565.0,2024-09-25
2024092504018672,API,58,41,20.0,307.0,6140.0,2024-09-25
2024092504018671,API,26,41,1000.0,307.0,307000.0,2024-09-25
2024092504018670,API,52,41,1000.0,307.0,307000.0,2024-09-25
2024092504018669,API,65,41,10.0,307.1,3071.0,2024-09-25
2024092504018668,API,8,41,100.0,307.5,30750.0,2024-09-25
2024092504018667,API,47,41,460.0,307.5,141450.0,2024-09-25
2024092504018666,API,5,41,100.0,307.5,30750.0,2024-09-25
2024092504018665,API,40,41,125.0,307.8,38475.0,2024-09-25
2024092501019597,KDL,17,57,10.0,1030.0,10300.0,2024-09-25
2024092505014597,CIT,22,1,26.0,2135.0,55510.0,2024-09-25
2024092505014596,CIT,57,1,20.0,2135.0,42700.0,2024-09-25
2024092505014595,CIT,13,1,10.0,2135.0,21350.0,2024-09-25
2024092505014594,CIT,57,1,15.0,2135.0,32025.0,2024-09-25
2024092505014593,CIT,29,1,20.0,2137.0,42740.0,2024-09-25
2024092505014592,CIT,53,1,14.0,2137.0,29918.0,2024-09-25
2024092505014591,PHCL,60,35,68.0,323.0,21964.0,2024-09-25
2024092505014590,PHCL,59,35,80.0,323.0,25840.0,2024-09-25
2024092505014589,HATHY,57,35,135.0,1330.0,179550.0,2024-09-25
2024092505014588,HATHY,54,35,20.0,1330.0,26600.0,2024-09-25
2024092503015188,EDBL,95,42,100.0,638.0,63800.0,2024-09-25
2024092501019596,RAWA,50,19,10.0,755.0,7550.0,2024-09-25
2024092505014587,GCIL,4,38,35.0,474.0,16590.0,2024-09-25
2024092505014586,GCIL,42,38,25.0,474.0,11850.0,2024-09-25
2024092505014585,GCIL,58,38,40.0,474.0,18960.0,2024-09-25
2024092504018664,AKPL,74,38,200.0,225.2,45040.0,2024-09-25
2024092505014584,CHDC,39,6,300.0,1650.0,495000.0,2024-09-25
2024092504018663,API,40,19,300.0,307.8,92340.0,2024-09-25
2024092504018662,LEC,54,34,10.0,260.0,2600.0,2024-09-25
2024092504018661,LEC,54,48,10.0,260.0,2600.0,2024-09-25
2024092504018660,IGI,57,10,20.0,592.8,11856.0,2024-09-25
2024092501019595,MHL,8,45,70.0,710.0,49700.0,2024-09-25
2024092503015187,JFL,47,5,10.0,535.2,5352.0,2024-09-25
2024092504018659,PPCL,18,5,20.0,274.0,5480.0,2024-09-25
2024092505014583,NRM,47,66,222.0,428.0,95016.0,2024-09-25
2024092505014582,NRM,47,36,103.0,428.0,44084.0,2024-09-25
2024092505014581,NRM,47,19,10.0,427.6,4276.0,2024-09-25
2024092505014580,NRM,47,34,150.0,427.0,64050.0,2024-09-25
2024092505014579,NRM,47,26,500.0,427.0,213500.0,2024-09-25
2024092505014578,NRM,47,16,15.0,427.0,6405.0,2024-09-25
2024092501019594,UHEWA,80,8,80.0,501.0,40080.0,2024-09-25
2024092503015186,LBBL,32,42,40.0,452.5,18100.0,2024-09-25
2024092504018658,BPCL,42,89,10.0,415.0,4150.0,2024-09-25
2024092503015185,SHINE,42,20,10.0,451.0,4510.0,2024-09-25
2024092504018657,UPPER,74,46,100.0,210.6,21060.0,2024-09-25
2024092501019593,SRLI,41,43,466.0,552.0,257232.0,2024-09-25
2024092501019592,SRLI,45,43,170.0,552.0,93840.0,2024-09-25
2024092501019591,SRLI,19,43,50.0,552.0,27600.0,2024-09-25
2024092501019590,SRLI,50,43,114.0,552.0,62928.0,2024-09-25
2024092501019589,SRLI,32,43,500.0,552.0,276000.0,2024-09-25
2024092501019588,SRLI,32,43,50.0,552.0,27600.0,2024-09-25
2024092501019587,SRLI,41,43,100.0,552.0,55200.0,2024-09-25
2024092501019586,SRLI,45,43,13.0,552.0,7176.0,2024-09-25
2024092501019585,SRLI,42,43,1000.0,552.0,552000.0,2024-09-25
2024092501019584,SRLI,45,43,20.0,552.0,11040.0,2024-09-25
2024092501019583,SRLI,38,43,10.0,552.2,5522.0,2024-09-25
2024092501019582,SRLI,44,43,500.0,552.3,276150.0,2024-09-25
2024092501019581,SRLI,33,43,100.0,552.3,55230.0,2024-09-25
2024092501019580,SRLI,7,43,50.0,552.3,27615.0,2024-09-25
2024092501019579,SRLI,52,43,87.0,552.6,48076.2,2024-09-25
2024092501019578,SRLI,49,43,50.0,552.8,27640.0,2024-09-25
2024092501019577,SRLI,14,43,100.0,552.9,55290.0,2024-09-25
2024092501019576,SRLI,45,43,25.0,553.0,13825.0,2024-09-25
2024092501019575,SRLI,29,43,1000.0,553.0,553000.0,2024-09-25
2024092501019574,SRLI,42,43,100.0,553.0,55300.0,2024-09-25
2024092501019573,SRLI,19,43,240.0,553.0,132720.0,2024-09-25
2024092501019572,SRLI,45,43,25.0,553.0,13825.0,2024-09-25
2024092501019571,SRLI,45,43,40.0,553.0,22120.0,2024-09-25
2024092501019570,SRLI,38,43,10.0,553.1,5531.0,2024-09-25
2024092501019569,SRLI,52,43,30.0,553.2,16596.0,2024-09-25
2024092501019568,SRLI,41,43,70.0,554.0,38780.0,2024-09-25
2024092501019567,SRLI,22,43,50.0,554.0,27700.0,2024-09-25
2024092501019566,SRLI,63,43,20.0,554.0,11080.0,2024-09-25
2024092501019565,SRLI,38,43,10.0,554.1,5541.0,2024-09-25
2024092504018656,CHL,45,43,15.0,330.0,4950.0,2024-09-25
2024092501019564,MEHL,58,57,100.0,365.0,36500.0,2024-09-25
2024092501019563,IHL,58,58,10.0,510.0,5100.0,2024-09-25
2024092501019562,TPC,7,51,100.0,430.6,43060.0,2024-09-25
2024092501019561,EBL,49,48,10.0,599.0,5990.0,2024-09-25
2024092501019560,EBL,32,48,30.0,599.0,17970.0,2024-09-25
2024092501019559,EBL,42,48,10.0,599.0,5990.0,2024-09-25
2024092501019558,EBL,67,48,76.0,599.0,45524.0,2024-09-25
2024092501019557,EBL,6,48,103.0,599.1,61707.3,2024-09-25
2024092505014577,ILI,29,14,12.0,473.0,5676.0,2024-09-25
2024092504018655,KKHC,14,57,270.0,250.0,67500.0,2024-09-25
2024092504018654,KKHC,14,21,230.0,250.0,57500.0,2024-09-25
2024092504018653,SHPC,39,45,100.0,497.0,49700.0,2024-09-25
2024092505014576,HIDCL,36,22,190.0,256.8,48792.0,2024-09-25
2024092503015184,NMLBBL,41,54,71.0,737.2,52341.2,2024-09-25
2024092501019556,BGWT,47,58,37.0,918.0,33966.0,2024-09-25
2024092501019555,BGWT,47,45,10.0,915.0,9150.0,2024-09-25
2024092501019554,BGWT,47,35,10.0,915.0,9150.0,2024-09-25
2024092501019553,BGWT,47,44,500.0,915.0,457500.0,2024-09-25
2024092501019552,BGWT,47,58,10.0,914.0,9140.0,2024-09-25
2024092501019551,BGWT,47,48,43.0,913.9,39297.7,2024-09-25
2024092501019550,BGWT,47,16,10.0,913.0,9130.0,2024-09-25
2024092501019549,BGWT,47,45,200.0,910.0,182000.0,2024-09-25
2024092501019548,BGWT,47,21,10.0,910.0,9100.0,2024-09-25
2024092501019547,BGWT,47,26,170.0,910.0,154700.0,2024-09-25
2024092503015183,NABBC,64,34,10.0,577.0,5770.0,2024-09-25
2024092505014575,RNLI,45,59,11.0,474.1,5215.1,2024-09-25
2024092503015182,NFS,44,1,25.0,1290.1,32252.5,2024-09-25
2024092501019546,SAMAJ,77,6,10.0,3044.0,30440.0,2024-09-25
2024092503015181,JSLBB,62,58,10.0,1530.0,15300.0,2024-09-25
2024092503015180,JSLBB,62,41,30.0,1529.9,45897.0,2024-09-25
2024092503015179,JSLBB,62,10,20.0,1529.8,30596.0,2024-09-25
2024092503015178,JSLBB,62,53,10.0,1529.1,15291.0,2024-09-25
2024092503015177,JSLBB,62,53,40.0,1529.0,61160.0,2024-09-25
2024092503015176,JSLBB,62,61,190.0,1528.0,290320.0,2024-09-25
2024092504018652,GLH,48,38,397.0,234.0,92898.0,2024-09-25
2024092504018651,GLH,57,38,223.0,234.0,52182.0,2024-09-25
2024092504018650,NGPL,45,38,1000.0,433.0,433000.0,2024-09-25
2024092504018649,SPIL,67,17,489.0,845.0,413205.0,2024-09-25
2024092504018648,SPIL,67,44,11.0,845.0,9295.0,2024-09-25
2024092501019545,SANIMA,18,22,800.0,327.6,262080.0,2024-09-25
2024092504018647,NHPC,42,48,247.0,210.0,51870.0,2024-09-25
2024092504018646,NHPC,17,48,50.0,210.0,10500.0,2024-09-25
2024092504018645,NHPC,1,48,1000.0,210.0,210000.0,2024-09-25
2024092504018644,NHPC,45,48,349.0,210.0,73290.0,2024-09-25
2024092504018643,NHPC,57,48,1000.0,210.0,210000.0,2024-09-25
2024092504018642,NHPC,47,48,238.0,210.0,49980.0,2024-09-25
2024092504018641,NHPC,4,48,260.0,210.0,54600.0,2024-09-25
2024092504018640,NHPC,58,48,15.0,210.0,3150.0,2024-09-25
2024092504018639,NHPC,45,48,280.0,210.1,58828.0,2024-09-25
2024092504018638,NHPC,58,48,100.0,210.2,21020.0,2024-09-25
2024092504018637,NHPC,52,48,450.0,210.3,94635.0,2024-09-25
2024092504018636,NHPC,45,48,11.0,210.3,2313.3,2024-09-25
2024092503015175,NMLBBL,21,54,40.0,737.2,29488.0,2024-09-25
2024092505014574,SAHAS,54,57,10.0,513.5,5135.0,2024-09-25
2024092503015174,ICFC,58,28,150.0,676.0,101400.0,2024-09-25
2024092503015173,PROFL,8,45,290.0,530.0,153700.0,2024-09-25
2024092503015172,PROFL,8,58,10.0,530.0,5300.0,2024-09-25
2024092503015171,ICFC,1,41,30.0,677.0,20310.0,2024-09-25
2024092501019544,AVYAN,59,49,10.0,876.0,8760.0,2024-09-25
2024092504018635,HDHPC,29,44,100.0,197.0,19700.0,2024-09-25
2024092504018634,HDHPC,32,44,171.0,197.0,33687.0,2024-09-25
2024092504018633,HDHPC,49,44,20.0,197.1,3942.0,2024-09-25
2024092505014573,GCIL,77,93,60.0,475.0,28500.0,2024-09-25
2024092504018632,UPCL,26,13,100.0,253.0,25300.0,2024-09-25
2024092505014572,NIFRA,4,7,344.0,265.0,91160.0,2024-09-25
2024092505014571,NIFRA,58,7,55.0,265.0,14575.0,2024-09-25
2024092505014570,NIFRA,45,7,70.0,265.0,18550.0,2024-09-25
2024092505014569,NIFRA,35,7,99.0,265.0,26235.0,2024-09-25
2024092504018631,GHL,49,74,461.0,206.0,94966.0,2024-09-25
2024092504018630,GHL,57,74,110.0,206.0,22660.0,2024-09-25
2024092504018629,GHL,43,74,429.0,206.1,88416.9,2024-09-25
2024092504018628,NLG,55,47,500.0,1310.0,655000.0,2024-09-25
2024092504018627,NLG,55,62,100.0,1310.0,131000.0,2024-09-25
2024092504018626,NLG,55,34,50.0,1310.0,65500.0,2024-09-25
2024092504018625,NLG,55,46,50.0,1310.0,65500.0,2024-09-25
2024092504018624,NLG,55,49,200.0,1310.0,262000.0,2024-09-25
2024092504018623,NLG,55,22,882.0,1310.0,1155420.0,2024-09-25
2024092504018622,NLG,55,44,28.0,1310.0,36680.0,2024-09-25
2024092504018621,NLG,55,34,631.0,1309.5,826294.5,2024-09-25
2024092504018620,NLG,55,19,183.0,1309.0,239547.0,2024-09-25
2024092504018619,NLG,55,19,149.0,1309.0,195041.0,2024-09-25
2024092504018618,NLG,55,8,23.0,1308.8,30102.4,2024-09-25
2024092504018617,NLG,55,11,25.0,1307.0,32675.0,2024-09-25
2024092504018616,NLG,55,47,185.0,1307.0,241795.0,2024-09-25
2024092504018615,NLG,55,71,104.0,1306.0,135824.0,2024-09-25
2024092504018614,NLG,55,18,49.0,1306.0,63994.0,2024-09-25
2024092504018613,NLG,55,11,40.0,1306.0,52240.0,2024-09-25
2024092504018612,NLG,55,49,12.0,1305.0,15660.0,2024-09-25
2024092504018611,NLG,55,85,142.0,1305.0,185310.0,2024-09-25
2024092501019543,NBLD85,57,58,20.0,1015.0,20300.0,2024-09-25
2024092504018610,API,40,61,300.0,307.8,92340.0,2024-09-25
2024092504018609,API,40,37,275.0,307.8,84645.0,2024-09-25
2024092501019542,NABIL,45,40,70.0,554.5,38815.0,2024-09-25
2024092501019541,RFPL,84,36,465.0,518.0,240870.0,2024-09-25
2024092501019540,RFPL,84,36,35.0,519.0,18165.0,2024-09-25
2024092503015170,LBBL,21,42,10.0,452.5,4525.0,2024-09-25
2024092503015169,SWBBL,58,19,10.0,966.3,9663.0,2024-09-25
2024092503015168,SWBBL,52,19,200.0,966.3,193260.0,2024-09-25
2024092503015167,SWBBL,45,19,90.0,966.3,86967.0,2024-09-25
2024092503015166,SWBBL,44,19,200.0,966.5,193300.0,2024-09-25
2024092501019539,NMB,33,13,130.0,250.2,32526.0,2024-09-25
2024092501019538,MSHL,64,10,10.0,905.2,9052.0,2024-09-25
2024092503015165,BFC,60,3,75.0,514.0,38550.0,2024-09-25
2024092503015164,BFC,60,47,25.0,514.0,12850.0,2024-09-25
2024092504018608,KKHC,58,45,117.0,247.6,28969.2,2024-09-25
2024092504018607,KKHC,19,45,63.0,247.7,15605.1,2024-09-25
2024092504018606,KKHC,21,45,10.0,249.7,2497.0,2024-09-25
2024092503015163,NICLBSL,22,17,77.0,675.2,51990.4,2024-09-25
2024092503015162,NICLBSL,74,17,23.0,675.2,15529.6,2024-09-25
2024092504018605,UPPER,1,47,250.0,210.5,52625.0,2024-09-25
2024092505014568,HRL,50,35,30.0,776.0,23280.0,2024-09-25
2024092505014567,HRL,50,36,77.0,776.0,59752.0,2024-09-25
2024092503015161,SFCL,7,45,50.0,540.0,27000.0,2024-09-25
2024092504018604,UMHL,62,14,180.0,295.0,53100.0,2024-09-25
2024092504018603,UMHL,62,41,25.0,295.0,7375.0,2024-09-25
2024092501019537,UHEWA,80,78,10.0,501.0,5010.0,2024-09-25
2024092504018602,UMHL,62,35,10.0,295.0,2950.0,2024-09-25
2024092504018601,UMHL,62,39,85.0,295.0,25075.0,2024-09-25
2024092501019536,SANIMA,42,32,240.0,327.9,78696.0,2024-09-25
2024092504018600,UMRH,38,98,75.0,434.0,32550.0,2024-09-25
2024092503015160,NFS,45,74,500.0,1290.0,645000.0,2024-09-25
2024092501019535,SRLI,51,69,100.0,554.1,55410.0,2024-09-25
2024092503015159,NFS,58,1,28.0,1290.1,36122.8,2024-09-25
2024092504018599,NLG,55,48,600.0,1300.0,780000.0,2024-09-25
2024092503015158,NABBC,48,22,100.0,576.5,57650.0,2024-09-25
2024092501019534,GWFD83,33,49,30.0,1216.0,36480.0,2024-09-25
2024092504018598,AKPL,57,34,100.0,225.5,22550.0,2024-09-25
2024092505014566,SMJC,65,16,1207.0,512.5,618587.5,2024-09-25
2024092505014565,SMJC,65,21,100.0,512.5,51250.0,2024-09-25
2024092505014564,SMJC,65,58,10.0,512.5,5125.0,2024-09-25
2024092505014563,SMJC,65,45,10.0,512.0,5120.0,2024-09-25
2024092505014562,SMJC,65,66,100.0,512.0,51200.0,2024-09-25
2024092505014561,SMJC,65,41,10.0,512.0,5120.0,2024-09-25
2024092505014560,SMJC,65,47,10.0,512.0,5120.0,2024-09-25
2024092505014559,SMJC,65,50,30.0,512.0,15360.0,2024-09-25
2024092505014558,SMJC,65,26,10.0,512.0,5120.0,2024-09-25
2024092505014557,SMJC,65,94,10.0,512.0,5120.0,2024-09-25
2024092505014556,SMJC,65,48,50.0,511.0,25550.0,2024-09-25
2024092505014555,SMJC,65,16,10.0,510.0,5100.0,2024-09-25
2024092505014554,SMJC,65,58,10.0,510.0,5100.0,2024-09-25
2024092505014553,SMJC,65,62,10.0,510.0,5100.0,2024-09-25
2024092505014552,SMJC,65,62,10.0,510.0,5100.0,2024-09-25
2024092505014551,SMJC,65,62,10.0,510.0,5100.0,2024-09-25
2024092505014550,SMJC,65,62,10.0,510.0,5100.0,2024-09-25
2024092505014549,SMJC,65,62,10.0,510.0,5100.0,2024-09-25
2024092505014548,SMJC,65,54,100.0,510.0,51000.0,2024-09-25
2024092505014547,SMJC,65,38,10.0,510.0,5100.0,2024-09-25
2024092505014546,SMJC,65,29,10.0,510.0,5100.0,2024-09-25
2024092505014545,SMJC,65,58,10.0,510.0,5100.0,2024-09-25
2024092505014544,SMJC,65,51,10.0,510.0,5100.0,2024-09-25
2024092505014543,SMJC,65,49,50.0,509.9,25495.0,2024-09-25
2024092505014542,SMJC,65,38,10.0,509.0,5090.0,2024-09-25
2024092505014541,SMJC,65,46,50.0,509.0,25450.0,2024-09-25
2024092505014540,SMJC,65,25,113.0,508.0,57404.0,2024-09-25
2024092505014539,SMJC,65,17,10.0,508.0,5080.0,2024-09-25
2024092505014538,SMJC,65,38,10.0,505.0,5050.0,2024-09-25
2024092503015157,MATRI,49,41,22.0,1421.0,31262.0,2024-09-25
2024092505014537,SONA,45,42,10.0,441.9,4419.0,2024-09-25
2024092504018597,BARUN,34,35,17.0,327.0,5559.0,2024-09-25
2024092505014536,SAHAS,59,57,90.0,513.5,46215.0,2024-09-25
2024092504018596,UPCL,44,13,10.0,253.0,2530.0,2024-09-25
2024092504018595,SPDL,44,40,976.0,282.5,275720.0,2024-09-25
2024092504018594,SPDL,44,14,103.0,282.0,29046.0,2024-09-25
2024092504018593,SPDL,44,34,100.0,282.0,28200.0,2024-09-25
2024092504018592,SPDL,44,28,17.0,282.0,4794.0,2024-09-25
2024092504018591,SPDL,44,90,100.0,281.5,28150.0,2024-09-25
2024092504018590,SPDL,44,14,100.0,281.0,28100.0,2024-09-25
2024092504018589,SPDL,44,49,100.0,281.0,28100.0,2024-09-25
2024092504018588,SPDL,44,43,500.0,281.0,140500.0,2024-09-25
2024092504018587,SPDL,44,51,100.0,281.0,28100.0,2024-09-25
2024092504018586,SPDL,44,90,100.0,281.0,28100.0,2024-09-25
2024092504018585,SPDL,44,87,500.0,280.0,140000.0,2024-09-25
2024092504018584,SPDL,44,55,66.0,280.0,18480.0,2024-09-25
2024092504018583,SPDL,44,45,11.0,280.0,3080.0,2024-09-25
2024092504018582,SPDL,44,8,200.0,280.0,56000.0,2024-09-25
2024092504018581,SPDL,44,28,185.0,280.0,51800.0,2024-09-25
2024092504018580,SPDL,44,90,17.0,280.0,4760.0,2024-09-25
2024092504018579,SPDL,44,35,100.0,280.0,28000.0,2024-09-25
2024092504018578,SPDL,44,13,100.0,280.0,28000.0,2024-09-25
2024092504018577,SPDL,44,57,1000.0,279.9,279900.0,2024-09-25
2024092504018576,SPDL,44,37,40.0,279.8,11192.0,2024-09-25
2024092504018575,SPDL,44,14,385.0,279.7,107684.5,2024-09-25
2024092504018574,SPDL,44,45,200.0,279.6,55920.0,2024-09-25
2024092501019533,SBI,41,34,40.0,417.5,16700.0,2024-09-25
2024092504018573,SHL,77,6,100.0,489.0,48900.0,2024-09-25
2024092504018572,SHL,77,45,300.0,488.9,146670.0,2024-09-25
2024092504018571,SHL,77,8,400.0,488.5,195400.0,2024-09-25
2024092504018570,SHL,77,87,200.0,488.5,97700.0,2024-09-25
2024092501019532,CYCL,77,49,10.0,1543.0,15430.0,2024-09-25
2024092501019531,CYCL,77,49,10.0,1542.6,15426.0,2024-09-25
2024092501019530,CYCL,77,64,13.0,1540.0,20020.0,2024-09-25
