transaction,symbol,buyer,seller,quantity,rate,amount,date
2024122601026038,BEDC,74,51,200.0,707.0,141400.0,2024-12-26
2024122601026037,BEDC,74,82,300.0,705.0,211500.0,2024-12-26
2024122601026036,BEDC,74,19,50.0,705.0,35250.0,2024-12-26
2024122601026035,BEDC,74,5,20.0,704.9,14098.0,2024-12-26
2024122601026034,BEDC,74,38,20.0,703.0,14060.0,2024-12-26
2024122601026033,BEDC,74,58,100.0,702.0,70200.0,2024-12-26
2024122601026032,BEDC,74,49,10.0,701.0,7010.0,2024-12-26
2024122601026031,BEDC,74,1,300.0,700.0,210000.0,2024-12-26
2024122601026030,TVCL,52,86,20.0,555.2,11104.0,2024-12-26
2024122603015450,EDBL,32,43,10.0,605.0,6050.0,2024-12-26
2024122604010526,SPDL,94,29,500.0,330.0,165000.0,2024-12-26
2024122601026029,HIDCLP,94,45,1092.0,174.0,190008.0,2024-12-26
2024122601026028,HIDCLP,94,57,454.0,174.0,78996.0,2024-12-26
2024122601026027,HIDCLP,94,8,500.0,174.0,87000.0,2024-12-26
2024122601026026,HIDCLP,94,65,1036.0,174.0,180264.0,2024-12-26
2024122601026025,HIDCLP,94,69,10.0,174.0,1740.0,2024-12-26
2024122601026024,HIDCLP,94,3,500.0,174.0,87000.0,2024-12-26
2024122601026023,HIDCLP,94,16,1000.0,174.0,174000.0,2024-12-26
2024122601026022,HIDCLP,94,46,40.0,174.0,6960.0,2024-12-26
2024122601026021,HIDCLP,94,60,500.0,173.9,86950.0,2024-12-26
2024122601026020,HIDCLP,94,6,1000.0,173.9,173900.0,2024-12-26
2024122601026019,HIDCLP,94,10,500.0,173.9,86950.0,2024-12-26
2024122601026018,HIDCLP,94,7,10.0,173.8,1738.0,2024-12-26
2024122601026017,HIDCLP,94,58,10.0,173.6,1736.0,2024-12-26
2024122601026016,HIDCLP,94,26,100.0,173.5,17350.0,2024-12-26
2024122601026015,HIDCLP,94,26,50.0,173.5,8675.0,2024-12-26
2024122601026014,HIDCLP,94,42,36.0,173.5,6246.0,2024-12-26
2024122601026013,HIDCLP,94,42,1900.0,173.5,329650.0,2024-12-26
2024122601026012,HIDCLP,94,53,574.0,173.5,99589.0,2024-12-26
2024122601026011,HIDCLP,94,13,688.0,173.5,119368.0,2024-12-26
2024122601026010,DOLTI,21,42,10.0,678.0,6780.0,2024-12-26
2024122605009825,NRM,43,26,11.0,440.0,4840.0,2024-12-26
2024122601026009,BEDC,43,7,10.0,700.0,7000.0,2024-12-26
2024122601026008,BEDC,43,41,50.0,700.0,35000.0,2024-12-26
2024122601026007,BEDC,43,21,10.0,700.0,7000.0,2024-12-26
2024122601026006,BEDC,43,7,10.0,700.0,7000.0,2024-12-26
2024122601026005,BEDC,43,6,30.0,700.0,21000.0,2024-12-26
2024122601026004,LSL,48,43,28556.0,237.0,6767772.0,2024-12-26
2024122601026003,LSL,22,43,100.0,237.0,23700.0,2024-12-26
2024122601026002,LSL,47,43,54.0,237.0,12798.0,2024-12-26
2024122601026001,LSL,57,43,1000.0,237.0,237000.0,2024-12-26
2024122601026000,LSL,7,43,10.0,237.0,2370.0,2024-12-26
2024122601025999,LSL,42,43,500.0,237.0,118500.0,2024-12-26
2024122601025998,LSL,44,43,1000.0,237.2,237200.0,2024-12-26
2024122601025997,LSL,29,43,20.0,238.0,4760.0,2024-12-26
2024122601025996,LSL,44,43,200.0,238.0,47600.0,2024-12-26
2024122601025995,LSL,45,43,20.0,238.0,4760.0,2024-12-26
2024122601025994,LSL,19,43,20.0,238.0,4760.0,2024-12-26
2024122601025993,LSL,33,43,1000.0,238.0,238000.0,2024-12-26
2024122601025992,LSL,4,43,578.0,238.0,137564.0,2024-12-26
2024122601025991,LSL,4,43,1000.0,238.1,238100.0,2024-12-26
2024122601025990,LSL,48,43,300.0,238.1,71430.0,2024-12-26
2024122601025989,LSL,58,43,1000.0,239.0,239000.0,2024-12-26
2024122601025988,LSL,4,43,1000.0,239.1,239100.0,2024-12-26
2024122601025987,LSL,42,43,100.0,239.5,23950.0,2024-12-26
2024122601025986,LSL,36,43,29.0,239.5,6945.5,2024-12-26
2024122601025985,LSL,10,43,23.0,239.7,5513.1,2024-12-26
2024122601025984,LSL,7,43,1876.0,239.7,449677.2,2024-12-26
2024122601025983,BHPL,4,37,10.0,850.0,8500.0,2024-12-26
2024122603015449,LBBL,71,25,10.0,481.0,4810.0,2024-12-26
2024122601025982,MKHL,77,11,66.0,626.5,41349.0,2024-12-26
2024122605009824,NRIC,46,32,38.0,731.0,27778.0,2024-12-26
2024122605009823,MEL,55,42,10.0,317.0,3170.0,2024-12-26
2024122605009822,MEL,55,25,10.0,317.0,3170.0,2024-12-26
2024122605009821,MEL,55,22,10.0,317.0,3170.0,2024-12-26
2024122605009820,MEL,55,57,10.0,317.0,3170.0,2024-12-26
2024122605009819,MEL,55,58,10.0,316.9,3169.0,2024-12-26
2024122605009818,MEL,55,45,10.0,316.0,3160.0,2024-12-26
2024122605009817,MEL,55,26,300.0,315.5,94650.0,2024-12-26
2024122605009816,MEL,55,10,100.0,315.0,31500.0,2024-12-26
2024122605009815,MEL,55,19,10.0,315.0,3150.0,2024-12-26
2024122605009814,MEL,55,51,100.0,315.0,31500.0,2024-12-26
2024122605009813,MEL,55,42,500.0,315.0,157500.0,2024-12-26
2024122605009812,MEL,55,54,20.0,315.0,6300.0,2024-12-26
2024122605009811,MEL,55,28,10.0,315.0,3150.0,2024-12-26
2024122605009810,MEL,55,83,1000.0,315.0,315000.0,2024-12-26
2024122605009809,MEL,55,17,10.0,315.0,3150.0,2024-12-26
2024122605009808,MEL,55,45,10.0,315.0,3150.0,2024-12-26
2024122605009807,MEL,55,7,10.0,315.0,3150.0,2024-12-26
2024122605009806,MEL,55,34,10.0,314.9,3149.0,2024-12-26
2024122605009805,MEL,55,16,500.0,314.8,157400.0,2024-12-26
2024122605009804,MEL,55,83,1000.0,314.0,314000.0,2024-12-26
2024122605009803,MEL,55,68,20.0,314.0,6280.0,2024-12-26
2024122605009802,MEL,55,68,10.0,314.0,3140.0,2024-12-26
2024122605009801,MEL,55,68,60.0,314.0,18840.0,2024-12-26
2024122605009800,MEL,55,22,1000.0,313.0,313000.0,2024-12-26
2024122601025981,NYADI,55,7,1000.0,430.0,430000.0,2024-12-26
2024122604010525,MEN,36,22,100.0,624.0,62400.0,2024-12-26
2024122603015448,SLBSL,59,32,20.0,1917.0,38340.0,2024-12-26
2024122603015447,SLBSL,22,32,40.0,1918.0,76720.0,2024-12-26
2024122603015446,SLBSL,5,32,90.0,1939.0,174510.0,2024-12-26
2024122603015445,GILB,1,53,10.0,1169.0,11690.0,2024-12-26
2024122601025980,KDL,28,91,80.0,1140.0,91200.0,2024-12-26
2024122601025979,HIDCLP,60,13,312.0,173.5,54132.0,2024-12-26
2024122601025978,HIDCLP,60,61,10.0,173.5,1735.0,2024-12-26
2024122601025977,HIDCLP,60,59,678.0,173.2,117429.6,2024-12-26
2024122605009799,NRIC,60,32,150.0,731.0,109650.0,2024-12-26
2024122603015444,PMLI,36,42,29.0,525.0,15225.0,2024-12-26
2024122603015443,PMLI,6,42,20.0,525.0,10500.0,2024-12-26
2024122601025976,SMHL,65,42,10.0,1200.1,12001.0,2024-12-26
2024122601025975,SRLI,42,45,10.0,421.0,4210.0,2024-12-26
2024122605009798,HRL,42,44,51.0,800.0,40800.0,2024-12-26
2024122605009797,HRL,21,44,10.0,800.1,8001.0,2024-12-26
2024122601025974,PCBL,26,22,275.0,261.1,71802.5,2024-12-26
2024122601025973,PCBL,32,22,200.0,261.1,52220.0,2024-12-26
2024122601025972,PCBL,1,22,25.0,262.0,6550.0,2024-12-26
2024122601025971,TAMOR,67,58,150.0,507.0,76050.0,2024-12-26
2024122601025970,TAMOR,67,45,10.0,505.0,5050.0,2024-12-26
2024122601025969,SBL,50,45,55.0,311.4,17127.0,2024-12-26
2024122603015442,GRDBL,84,41,20.0,960.0,19200.0,2024-12-26
2024122601025968,LSL,48,33,1000.0,240.0,240000.0,2024-12-26
2024122603015441,JFL,14,61,10.0,926.0,9260.0,2024-12-26
2024122605009796,NIFRA,53,58,10.0,251.0,2510.0,2024-12-26
2024122604010524,AHPC,56,45,100.0,253.7,25370.0,2024-12-26
2024122604010523,OHL,45,34,100.0,893.9,89390.0,2024-12-26
2024122601025967,MEHL,45,44,20.0,473.0,9460.0,2024-12-26
2024122603015440,NLIC,39,47,10.0,769.5,7695.0,2024-12-26
2024122603015439,SLBBL,39,33,10.0,889.0,8890.0,2024-12-26
2024122603015438,SLBSL,62,65,275.0,2200.0,605000.0,2024-12-26
2024122603015437,SLBSL,62,41,207.0,2200.0,455400.0,2024-12-26
2024122603015436,SLBSL,62,52,14.0,2001.6,28022.4,2024-12-26
2024122603015435,SLBSL,62,41,12.0,2001.6,24019.2,2024-12-26
2024122603015434,SLBSL,62,58,530.0,2001.6,1060848.0,2024-12-26
2024122603015433,SLBSL,62,37,50.0,2001.6,100080.0,2024-12-26
2024122603015432,SLBSL,62,38,100.0,2001.6,200160.0,2024-12-26
2024122603015431,SLBSL,62,39,50.0,2001.6,100080.0,2024-12-26
2024122603015430,SLBSL,62,58,20.0,2001.5,40030.0,2024-12-26
2024122603015429,SLBSL,62,47,100.0,2001.0,200100.0,2024-12-26
2024122603015428,SLBSL,62,49,100.0,2001.0,200100.0,2024-12-26
2024122603015427,SLBSL,62,66,100.0,2001.0,200100.0,2024-12-26
2024122603015426,SLBSL,62,57,317.0,2000.6,634190.2,2024-12-26
2024122603015425,SLBSL,62,35,410.0,2000.0,820000.0,2024-12-26
2024122603015424,SLBSL,62,56,18.0,1999.0,35982.0,2024-12-26
2024122603015423,SLBSL,62,57,100.0,1998.0,199800.0,2024-12-26
2024122603015422,SLBSL,62,4,20.0,1978.8,39576.0,2024-12-26
2024122603015421,SLBSL,62,13,10.0,1978.8,19788.0,2024-12-26
2024122603015420,SLBSL,62,22,10.0,1978.0,19780.0,2024-12-26
2024122603015419,SLBSL,62,61,250.0,1977.0,494250.0,2024-12-26
2024122603015418,SLBSL,62,38,165.0,1977.0,326205.0,2024-12-26
2024122603015417,SLBSL,62,32,14.0,1977.0,27678.0,2024-12-26
2024122603015416,SLBSL,62,53,85.0,1976.0,167960.0,2024-12-26
2024122603015415,SLBSL,62,48,23.0,1973.7,45395.1,2024-12-26
2024122603015414,SLBSL,62,5,10.0,1973.7,19737.0,2024-12-26
2024122603015413,SLBSL,62,57,10.0,1973.7,19737.0,2024-12-26
2024122603015412,HLBSL,62,58,30.0,948.0,28440.0,2024-12-26
2024122603015411,HLBSL,62,58,20.0,946.0,18920.0,2024-12-26
2024122601025966,ULHC,44,58,500.0,501.3,250650.0,2024-12-26
2024122601025965,NYADI,58,7,10.0,430.0,4300.0,2024-12-26
2024122601025964,NIMB,38,45,10.0,225.7,2257.0,2024-12-26
2024122604010522,UMRH,44,38,50.0,619.0,30950.0,2024-12-26
2024122604010521,NGPL,47,38,200.0,262.7,52540.0,2024-12-26
2024122601025963,MLBS,42,8,15.0,2036.1,30541.5,2024-12-26
2024122605009795,GCIL,57,58,30.0,501.0,15030.0,2024-12-26
2024122605009794,GCIL,57,17,90.0,501.0,45090.0,2024-12-26
2024122601025962,SGHC,34,1,10.0,468.0,4680.0,2024-12-26
2024122604010520,RHPL,58,26,90.0,429.6,38664.0,2024-12-26
2024122604010519,RHPL,13,26,500.0,429.6,214800.0,2024-12-26
2024122604010518,RHPL,62,26,300.0,429.7,128910.0,2024-12-26
2024122604010517,RHPL,44,26,110.0,429.7,47267.0,2024-12-26
2024122605009793,VLUCL,65,58,42.0,663.0,27846.0,2024-12-26
2024122605009792,VLUCL,65,33,50.0,660.0,33000.0,2024-12-26
2024122605009791,VLUCL,65,14,10.0,660.0,6600.0,2024-12-26
2024122605009790,VLUCL,65,34,400.0,660.0,264000.0,2024-12-26
2024122605009789,VLUCL,65,58,10.0,660.0,6600.0,2024-12-26
2024122605009788,VLUCL,65,34,10.0,660.0,6600.0,2024-12-26
2024122605009787,VLUCL,65,47,60.0,660.0,39600.0,2024-12-26
2024122605009786,VLUCL,65,34,100.0,659.0,65900.0,2024-12-26
2024122605009785,VLUCL,65,26,10.0,659.0,6590.0,2024-12-26
2024122605009784,VLUCL,65,48,68.0,658.0,44744.0,2024-12-26
2024122605009783,VLUCL,65,21,240.0,657.0,157680.0,2024-12-26
2024122604010516,HPPL,21,44,100.0,398.0,39800.0,2024-12-26
2024122601025961,DLBS,35,48,30.0,1703.0,51090.0,2024-12-26
2024122601025960,DLBS,35,49,10.0,1700.0,17000.0,2024-12-26
2024122601025959,DLBS,35,55,10.0,1700.0,17000.0,2024-12-26
2024122603015410,BFC,55,35,775.0,688.0,533200.0,2024-12-26
2024122603015409,BFC,25,35,425.0,688.0,292400.0,2024-12-26
2024122603015408,BFC,57,35,100.0,688.5,68850.0,2024-12-26
2024122601025958,NICA,35,48,10.0,403.0,4030.0,2024-12-26
2024122601025957,SAMAJ,72,51,10.0,3597.0,35970.0,2024-12-26
2024122604010515,UMHL,72,17,10.0,323.5,3235.0,2024-12-26
2024122605009782,SMATA,5,56,10.0,815.0,8150.0,2024-12-26
2024122601025956,DORDI,71,88,1500.0,535.3,802950.0,2024-12-26
2024122601025955,BEDC,56,6,10.0,700.0,7000.0,2024-12-26
2024122601025954,TAMOR,98,82,130.0,505.0,65650.0,2024-12-26
2024122601025953,TAMOR,98,1,10.0,505.0,5050.0,2024-12-26
2024122603015407,MLBBL,58,98,241.0,1565.0,377165.0,2024-12-26
2024122601025952,SARBTM,49,85,70.0,764.7,53529.0,2024-12-26
2024122601025951,MKJC,101,32,192.0,515.0,98880.0,2024-12-26
2024122601025950,MKJC,53,32,50.0,515.0,25750.0,2024-12-26
2024122601025949,MKJC,87,32,50.0,515.0,25750.0,2024-12-26
2024122601025948,MKJC,7,32,108.0,515.0,55620.0,2024-12-26
2024122601025947,MKJC,34,32,100.0,515.1,51510.0,2024-12-26
2024122601025946,MKJC,29,32,200.0,516.0,103200.0,2024-12-26
2024122601025945,MAKAR,22,63,10.0,617.1,6171.0,2024-12-26
2024122601025944,MAKAR,42,63,100.0,618.1,61810.0,2024-12-26
2024122601025943,MAKAR,48,63,80.0,618.1,49448.0,2024-12-26
2024122601025942,MAKAR,45,63,200.0,618.2,123640.0,2024-12-26
2024122605009781,CLI,1,44,10.0,677.9,6779.0,2024-12-26
2024122605009780,CLI,1,44,30.0,677.9,20337.0,2024-12-26
2024122605009779,CLI,1,49,10.0,675.0,6750.0,2024-12-26
2024122604010514,HEI,45,60,135.0,615.1,83038.5,2024-12-26
2024122604010513,HEI,45,60,250.0,615.1,153775.0,2024-12-26
2024122604010512,HEI,17,60,75.0,615.1,46132.5,2024-12-26
2024122604010511,HEI,26,60,50.0,615.2,30760.0,2024-12-26
2024122604010510,HEI,29,60,100.0,615.3,61530.0,2024-12-26
2024122604010509,HEI,33,60,30.0,615.3,18459.0,2024-12-26
2024122604010508,HEI,1,60,200.0,615.5,123100.0,2024-12-26
2024122604010507,HEI,13,60,50.0,616.0,30800.0,2024-12-26
2024122604010506,HEI,35,60,10.0,616.0,6160.0,2024-12-26
2024122604010505,HEI,6,60,100.0,616.1,61610.0,2024-12-26
2024122601025941,MKHL,77,42,10.0,626.5,6265.0,2024-12-26
2024122601025940,HIDCLP,44,61,90.0,173.5,15615.0,2024-12-26
2024122601025939,HIDCLP,44,8,552.0,173.5,95772.0,2024-12-26
2024122601025938,HIDCLP,44,67,1000.0,173.4,173400.0,2024-12-26
2024122601025937,HIDCLP,44,35,90.0,173.3,15597.0,2024-12-26
2024122601025936,HIDCLP,44,34,20.0,173.3,3466.0,2024-12-26
2024122601025935,HIDCLP,44,45,500.0,173.3,86650.0,2024-12-26
2024122601025934,HIDCLP,44,44,250.0,173.2,43300.0,2024-12-26
2024122601025933,HIDCLP,44,6,1000.0,173.2,173200.0,2024-12-26
2024122601025932,HIDCLP,44,88,300.0,173.2,51960.0,2024-12-26
2024122601025931,HIDCLP,44,7,10.0,173.2,1732.0,2024-12-26
2024122601025930,HIDCLP,44,6,108.0,173.2,18705.6,2024-12-26
2024122601025929,HIDCLP,44,16,1000.0,173.1,173100.0,2024-12-26
2024122601025928,HIDCLP,44,19,80.0,173.1,13848.0,2024-12-26
2024122601025927,ULHC,44,52,500.0,501.3,250650.0,2024-12-26
2024122605009778,SONA,39,77,77.0,459.0,35343.0,2024-12-26
2024122605009777,SONA,50,77,200.0,459.0,91800.0,2024-12-26
2024122605009776,SONA,52,77,100.0,459.0,45900.0,2024-12-26
2024122605009775,SONA,42,77,603.0,459.0,276777.0,2024-12-26
2024122605009774,SONA,32,77,20.0,459.1,9182.0,2024-12-26
2024122601025926,MKHC,13,13,100.0,508.0,50800.0,2024-12-26
2024122604010504,KPCL,50,7,100.0,527.8,52780.0,2024-12-26
2024122603015406,SWBBL,50,45,20.0,896.0,17920.0,2024-12-26
2024122603015405,MSLB,50,45,10.0,1495.5,14955.0,2024-12-26
2024122605009773,STC,84,41,10.0,5700.0,57000.0,2024-12-26
2024122605009772,STC,84,18,20.0,5699.0,113980.0,2024-12-26
2024122601025925,DLBS,41,49,100.0,1700.0,170000.0,2024-12-26
2024122601025924,DLBS,41,51,20.0,1700.0,34000.0,2024-12-26
2024122601025923,DLBS,41,53,20.0,1699.0,33980.0,2024-12-26
2024122601025922,DLBS,41,86,50.0,1699.0,84950.0,2024-12-26
2024122601025921,DLBS,41,35,10.0,1698.0,16980.0,2024-12-26
2024122601025920,DLBS,41,45,10.0,1697.5,16975.0,2024-12-26
2024122601025919,DLBS,41,68,190.0,1694.0,321860.0,2024-12-26
2024122601025918,SARBTM,49,41,557.0,764.7,425937.9,2024-12-26
2024122601025917,SARBTM,34,41,203.0,764.8,155254.4,2024-12-26
2024122601025916,MKHC,47,48,100.0,508.0,50800.0,2024-12-26
2024122601025915,MKHC,47,34,60.0,507.0,30420.0,2024-12-26
2024122601025914,MKHC,47,41,29.0,507.0,14703.0,2024-12-26
2024122601025913,MKHC,47,58,100.0,506.0,50600.0,2024-12-26
2024122601025912,MKHC,47,58,10.0,505.0,5050.0,2024-12-26
2024122604010503,UPCL,45,91,645.0,271.8,175311.0,2024-12-26
2024122601025911,JBLB,36,14,84.0,1522.0,127848.0,2024-12-26
2024122601025910,HBL,39,52,20.0,241.9,4838.0,2024-12-26
2024122603015404,MLBBL,58,45,10.0,1565.0,15650.0,2024-12-26
2024122601025909,SGHC,45,1,20.0,468.0,9360.0,2024-12-26
2024122603015403,NFS,72,45,40.0,1044.9,41796.0,2024-12-26
2024122604010502,HURJA,33,58,220.0,229.9,50578.0,2024-12-26
2024122604010501,HURJA,33,38,60.0,228.9,13734.0,2024-12-26
2024122604010500,HURJA,33,13,220.0,228.8,50336.0,2024-12-26
2024122603015402,MATRI,22,5,10.0,1255.0,12550.0,2024-12-26
2024122603015401,MATRI,22,17,30.0,1255.0,37650.0,2024-12-26
2024122601025908,SARBTM,22,77,19.0,766.0,14554.0,2024-12-26
2024122605009771,HATHY,69,81,122.0,1344.0,163968.0,2024-12-26
2024122605009770,HATHY,69,80,100.0,1342.0,134200.0,2024-12-26
2024122605009769,HATHY,69,48,50.0,1341.0,67050.0,2024-12-26
2024122605009768,HATHY,69,32,28.0,1335.0,37380.0,2024-12-26
2024122605009767,HDL,22,45,10.0,1364.0,13640.0,2024-12-26
2024122605009766,HDL,22,55,40.0,1364.0,54560.0,2024-12-26
2024122604010499,RHPL,44,6,1500.0,429.7,644550.0,2024-12-26
2024122601025907,NMB,57,58,10.0,248.8,2488.0,2024-12-26
2024122601025906,NBL,34,29,10.0,272.0,2720.0,2024-12-26
2024122604010498,AKJCL,49,7,291.0,200.1,58229.1,2024-12-26
2024122604010497,AKJCL,25,7,50.0,200.2,10010.0,2024-12-26
2024122604010496,AKJCL,58,7,400.0,200.2,80080.0,2024-12-26
2024122601025905,NABIL,58,6,20.0,502.0,10040.0,2024-12-26
2024122604010495,AKJCL,19,7,100.0,200.2,20020.0,2024-12-26
2024122604010494,AKPL,17,52,162.0,236.0,38232.0,2024-12-26
2024122604010493,AKPL,17,43,100.0,236.0,23600.0,2024-12-26
2024122604010492,AKPL,17,42,26.0,236.0,6136.0,2024-12-26
2024122604010491,AKPL,17,7,705.0,235.9,166309.5,2024-12-26
2024122604010490,AKPL,17,7,40.0,235.0,9400.0,2024-12-26
2024122604010489,AKPL,17,26,767.0,235.0,180245.0,2024-12-26
2024122603015400,CFCL,39,8,150.0,605.0,90750.0,2024-12-26
2024122601025904,BHPL,67,92,34.0,839.0,28526.0,2024-12-26
2024122601025903,BHPL,45,92,16.0,839.1,13425.6,2024-12-26
2024122605009765,HATHY,57,32,72.0,1335.0,96120.0,2024-12-26
2024122605009764,HATHY,57,34,12.0,1335.0,16020.0,2024-12-26
2024122605009763,HATHY,57,7,19.0,1333.0,25327.0,2024-12-26
2024122605009762,HATHY,57,81,77.0,1332.5,102602.5,2024-12-26
2024122601025902,MCHL,20,26,176.0,620.4,109190.4,2024-12-26
2024122601025901,MCHL,45,26,47.0,620.5,29163.5,2024-12-26
2024122601025900,MCHL,20,26,17.0,620.5,10548.5,2024-12-26
2024122603015399,VLBS,34,16,10.0,859.8,8598.0,2024-12-26
2024122605009761,CHDC,86,3,10.0,1564.9,15649.0,2024-12-26
2024122601025899,SMHL,65,45,1547.0,1345.0,2080715.0,2024-12-26
2024122601025898,SMHL,65,42,10.0,1231.1,12311.0,2024-12-26
2024122601025897,SMHL,65,58,100.0,1231.0,123100.0,2024-12-26
2024122601025896,SMHL,65,54,10.0,1229.1,12291.0,2024-12-26
2024122601025895,SMHL,65,52,10.0,1229.1,12291.0,2024-12-26
2024122601025894,SMHL,65,49,10.0,1229.1,12291.0,2024-12-26
2024122601025893,SMHL,65,17,500.0,1229.0,614500.0,2024-12-26
2024122601025892,SMHL,65,22,10.0,1229.0,12290.0,2024-12-26
2024122601025891,SMHL,65,21,10.0,1229.0,12290.0,2024-12-26
2024122601025890,SMHL,65,32,58.0,1229.0,71282.0,2024-12-26
2024122601025889,SMHL,65,17,500.0,1229.0,614500.0,2024-12-26
2024122601025888,SMHL,65,50,10.0,1229.0,12290.0,2024-12-26
2024122601025887,SMHL,65,71,100.0,1228.0,122800.0,2024-12-26
2024122601025886,SMHL,65,41,10.0,1227.0,12270.0,2024-12-26
2024122601025885,SMHL,65,21,10.0,1227.0,12270.0,2024-12-26
2024122601025884,SMHL,65,75,10.0,1226.0,12260.0,2024-12-26
2024122601025883,SMHL,65,17,500.0,1226.0,613000.0,2024-12-26
2024122601025882,SMHL,65,62,300.0,1225.0,367500.0,2024-12-26
2024122601025881,SMHL,65,1,10.0,1225.0,12250.0,2024-12-26
2024122601025880,SMHL,65,65,1000.0,1225.0,1225000.0,2024-12-26
2024122601025879,SMHL,65,5,10.0,1225.0,12250.0,2024-12-26
2024122601025878,SMHL,65,25,10.0,1225.0,12250.0,2024-12-26
2024122601025877,SMHL,65,34,10.0,1225.0,12250.0,2024-12-26
2024122601025876,SMHL,65,4,50.0,1224.5,61225.0,2024-12-26
2024122601025875,SMHL,65,65,10.0,1224.5,12245.0,2024-12-26
2024122601025874,SMHL,65,35,10.0,1224.5,12245.0,2024-12-26
2024122601025873,SMHL,65,65,200.0,1224.5,244900.0,2024-12-26
2024122601025872,SMHL,65,18,100.0,1224.4,122440.0,2024-12-26
2024122601025871,SMHL,65,49,10.0,1224.2,12242.0,2024-12-26
2024122601025870,SMHL,65,10,10.0,1224.0,12240.0,2024-12-26
2024122601025869,SMHL,65,7,500.0,1224.0,612000.0,2024-12-26
2024122601025868,SMHL,65,25,10.0,1224.0,12240.0,2024-12-26
2024122601025867,SMHL,65,58,100.0,1224.0,122400.0,2024-12-26
2024122601025866,SMHL,65,19,10.0,1224.0,12240.0,2024-12-26
2024122601025865,SMHL,65,39,10.0,1224.0,12240.0,2024-12-26
2024122601025864,SMHL,65,71,100.0,1224.0,122400.0,2024-12-26
2024122601025863,SMHL,65,62,200.0,1224.0,244800.0,2024-12-26
2024122601025862,SMHL,65,77,100.0,1224.0,122400.0,2024-12-26
2024122601025861,SMHL,65,42,10.0,1224.0,12240.0,2024-12-26
2024122601025860,SMHL,65,58,10.0,1224.0,12240.0,2024-12-26
2024122601025859,SMHL,65,4,10.0,1224.0,12240.0,2024-12-26
2024122601025858,SMHL,65,17,25.0,1224.0,30600.0,2024-12-26
2024122601025857,SMHL,65,58,10.0,1221.0,12210.0,2024-12-26
2024122601025856,SMHL,65,14,50.0,1220.0,61000.0,2024-12-26
2024122601025855,SMHL,65,62,220.0,1220.0,268400.0,2024-12-26
2024122603015398,RLFL,49,43,70.0,585.2,40964.0,2024-12-26
2024122603015397,RLFL,34,43,30.0,585.3,17559.0,2024-12-26
2024122601025854,SARBTM,43,77,220.0,766.0,168520.0,2024-12-26
2024122601025853,SARBTM,43,6,200.0,766.0,153200.0,2024-12-26
2024122601025852,SARBTM,43,34,20.0,766.0,15320.0,2024-12-26
2024122601025851,SARBTM,43,36,50.0,766.0,38300.0,2024-12-26
2024122601025850,SARBTM,43,65,10.0,766.0,7660.0,2024-12-26
2024122601025849,RHGCL,34,39,20.0,546.9,10938.0,2024-12-26
2024122601025848,RHGCL,34,19,10.0,546.8,5468.0,2024-12-26
2024122601025847,RHGCL,34,43,10.0,544.0,5440.0,2024-12-26
2024122604010488,NLG,55,43,230.0,933.9,214797.0,2024-12-26
2024122603015396,GRDBL,88,72,10.0,946.5,9465.0,2024-12-26
2024122601025846,MHCL,35,55,23.0,532.0,12236.0,2024-12-26
2024122601025845,MHCL,35,58,67.0,532.0,35644.0,2024-12-26
2024122601025844,MHCL,35,6,10.0,532.0,5320.0,2024-12-26
2024122601025843,MHCL,35,26,200.0,529.0,105800.0,2024-12-26
2024122601025842,USHEC,72,39,10.0,610.9,6109.0,2024-12-26
2024122604010487,UPCL,35,91,60.0,271.8,16308.0,2024-12-26
2024122604010486,UPCL,35,57,170.0,271.0,46070.0,2024-12-26
2024122605009760,SMJC,5,6,10.0,530.0,5300.0,2024-12-26
2024122601025841,NYADI,56,7,100.0,430.0,43000.0,2024-12-26
2024122605009759,MEL,56,42,2000.0,312.0,624000.0,2024-12-26
2024122605009758,MEL,56,32,190.0,311.9,59261.0,2024-12-26
2024122605009757,HDL,25,55,20.0,1364.0,27280.0,2024-12-26
2024122603015395,SMB,70,64,100.0,3985.9,398590.0,2024-12-26
2024122603015394,SMB,70,22,17.0,3328.0,56576.0,2024-12-26
2024122603015393,SMB,70,65,10.0,3326.5,33265.0,2024-12-26
2024122603015392,SMB,70,16,11.0,3326.5,36591.5,2024-12-26
2024122603015391,SMB,70,91,60.0,3326.5,199590.0,2024-12-26
2024122603015390,SMB,70,59,17.0,3326.5,56550.5,2024-12-26
2024122603015389,SMB,70,44,17.0,3326.5,56550.5,2024-12-26
2024122603015388,SMB,70,17,10.0,3326.5,33265.0,2024-12-26
2024122603015387,SMB,70,17,19.0,3326.0,63194.0,2024-12-26
2024122603015386,SMB,70,95,300.0,3326.0,997800.0,2024-12-26
2024122603015385,SMB,70,42,14.0,3326.0,46564.0,2024-12-26
2024122603015384,SMB,70,95,50.0,3326.0,166300.0,2024-12-26
2024122603015383,SMB,70,47,17.0,3325.0,56525.0,2024-12-26
2024122603015382,SMB,70,64,18.0,3300.0,59400.0,2024-12-26
2024122603015381,SMB,70,54,17.0,3261.3,55442.1,2024-12-26
2024122603015380,SMB,70,39,400.0,3261.3,1304520.0,2024-12-26
2024122603015379,SMB,70,51,62.0,3261.3,202200.6,2024-12-26
2024122603015378,SMB,70,64,160.0,3261.3,521808.0,2024-12-26
2024122603015377,MDB,95,17,10.0,711.9,7119.0,2024-12-26
2024122601025840,BEDC,33,16,318.0,690.0,219420.0,2024-12-26
2024122601025839,BEDC,34,16,20.0,690.0,13800.0,2024-12-26
2024122601025838,BEDC,45,16,200.0,693.0,138600.0,2024-12-26
2024122601025837,BEDC,48,16,62.0,696.0,43152.0,2024-12-26
2024122605009756,SAHAS,46,58,10.0,476.0,4760.0,2024-12-26
2024122605009755,SAHAS,46,41,40.0,476.0,19040.0,2024-12-26
2024122603015376,SLBSL,66,46,55.0,1973.0,108515.0,2024-12-26
2024122603015375,SLBSL,66,29,10.0,1973.0,19730.0,2024-12-26
2024122603015374,SLBSL,66,41,30.0,1973.0,59190.0,2024-12-26
2024122603015373,SLBSL,66,22,18.0,1973.0,35514.0,2024-12-26
2024122603015372,SLBSL,66,26,10.0,1973.0,19730.0,2024-12-26
2024122603015371,SLBSL,66,63,77.0,1968.6,151582.2,2024-12-26
2024122603015370,SLBSL,66,39,85.0,1965.0,167025.0,2024-12-26
2024122603015369,SLBSL,66,21,150.0,1965.0,294750.0,2024-12-26
2024122603015368,SLBSL,66,66,10.0,1965.0,19650.0,2024-12-26
2024122603015367,SLBSL,66,38,10.0,1965.0,19650.0,2024-12-26
2024122603015366,SLBSL,66,43,134.0,1962.4,262961.6,2024-12-26
2024122603015365,SLBSL,66,35,10.0,1960.0,19600.0,2024-12-26
2024122603015364,SLBSL,66,55,18.0,1960.0,35280.0,2024-12-26
2024122603015363,SLBSL,66,29,24.0,1960.0,47040.0,2024-12-26
2024122603015362,SLBSL,66,25,34.0,1960.0,66640.0,2024-12-26
2024122603015361,SLBSL,66,35,100.0,1959.9,195990.0,2024-12-26
2024122603015360,SLBSL,66,88,200.0,1953.0,390600.0,2024-12-26
2024122603015359,SLBSL,66,34,10.0,1953.0,19530.0,2024-12-26
2024122603015358,SLBSL,66,22,10.0,1953.0,19530.0,2024-12-26
2024122601025836,KBL,55,48,400.0,221.0,88400.0,2024-12-26
2024122603015357,MFIL,81,4,18.0,670.0,12060.0,2024-12-26
2024122601025835,EBL,81,29,11.0,584.9,6433.9,2024-12-26
2024122601025834,EBL,81,11,10.0,584.8,5848.0,2024-12-26
2024122601025833,EBL,81,45,35.0,584.0,20440.0,2024-12-26
2024122601025832,EBL,81,34,110.0,584.0,64240.0,2024-12-26
2024122601025831,EBL,81,45,100.0,583.0,58300.0,2024-12-26
2024122601025830,EBL,81,32,110.0,583.0,64130.0,2024-12-26
2024122601025829,EBL,81,41,330.0,580.0,191400.0,2024-12-26
2024122601025828,EBL,81,58,110.0,580.0,63800.0,2024-12-26
2024122601025827,EBL,81,50,500.0,579.0,289500.0,2024-12-26
2024122601025826,EBL,81,45,184.0,578.0,106352.0,2024-12-26
2024122605009754,SAHAS,38,3,44.0,475.0,20900.0,2024-12-26
2024122605009753,SAHAS,35,3,20.0,475.0,9500.0,2024-12-26
2024122605009752,SAHAS,45,3,500.0,475.0,237500.0,2024-12-26
2024122605009751,SAHAS,29,3,500.0,475.0,237500.0,2024-12-26
2024122605009750,SAHAS,20,3,200.0,475.0,95000.0,2024-12-26
2024122605009749,SAHAS,45,3,30.0,475.0,14250.0,2024-12-26
2024122605009748,SAHAS,22,3,357.0,475.0,169575.0,2024-12-26
2024122605009747,SAHAS,39,3,100.0,475.1,47510.0,2024-12-26
2024122605009746,SAHAS,80,3,100.0,475.1,47510.0,2024-12-26
2024122605009745,SAHAS,57,3,10.0,475.1,4751.0,2024-12-26
2024122605009744,SAHAS,57,3,89.0,475.1,42283.9,2024-12-26
2024122605009743,SAHAS,42,3,50.0,475.6,23780.0,2024-12-26
2024122605009742,HIDCL,1,44,10.0,242.7,2427.0,2024-12-26
2024122601025825,IHL,17,32,24.0,674.0,16176.0,2024-12-26
2024122601025824,IHL,44,32,100.0,674.1,67410.0,2024-12-26
2024122601025823,NIMB,91,45,200.0,225.7,45140.0,2024-12-26
2024122601025822,SPHL,60,45,10.0,825.0,8250.0,2024-12-26
2024122601025821,MMKJL,90,62,10.0,684.0,6840.0,2024-12-26
2024122601025820,MANDU,42,35,100.0,910.0,91000.0,2024-12-26
2024122601025819,HIDCLP,42,19,10.0,173.1,1731.0,2024-12-26
2024122605009741,NIFRA,14,44,50.0,250.4,12520.0,2024-12-26
2024122604010485,SPIL,44,42,143.0,794.0,113542.0,2024-12-26
2024122604010484,SPIL,44,36,15.0,793.9,11908.5,2024-12-26
2024122604010483,SPIL,44,42,17.0,789.0,13413.0,2024-12-26
2024122601025818,SMHL,65,77,95.0,1200.1,114009.5,2024-12-26
2024122605009740,SONA,50,58,20.0,460.5,9210.0,2024-12-26
2024122601025817,SNLI,74,14,15.0,623.0,9345.0,2024-12-26
2024122601025816,SNLI,21,14,95.0,623.1,59194.5,2024-12-26
2024122601025815,SNLI,56,14,25.0,623.1,15577.5,2024-12-26
2024122601025814,SNLI,45,14,80.0,623.2,49856.0,2024-12-26
2024122601025813,SNLI,6,14,300.0,623.2,186960.0,2024-12-26
2024122601025812,SNLI,26,14,100.0,623.3,62330.0,2024-12-26
2024122601025811,SNLI,62,14,100.0,623.4,62340.0,2024-12-26
2024122601025810,SNLI,44,14,37.0,623.4,23065.8,2024-12-26
2024122601025809,SNLI,57,14,51.0,623.5,31798.5,2024-12-26
2024122601025808,SNLI,57,14,64.0,623.5,39904.0,2024-12-26
2024122601025807,SNLI,34,14,183.0,624.0,114192.0,2024-12-26
2024122603015356,ICFC,42,82,90.0,665.0,59850.0,2024-12-26
2024122603015355,ICFC,48,82,310.0,665.0,206150.0,2024-12-26
2024122601025806,EBL,75,45,100.0,578.0,57800.0,2024-12-26
2024122601025805,USHEC,39,39,10.0,610.9,6109.0,2024-12-26
2024122605009739,NIFRA,33,58,10.0,251.0,2510.0,2024-12-26
2024122604010482,UPCL,22,57,10.0,271.0,2710.0,2024-12-26
2024122601025804,DOLTI,45,42,10.0,678.0,6780.0,2024-12-26
2024122601025803,HHL,22,29,10.0,538.7,5387.0,2024-12-26
2024122603015354,SMB,45,64,100.0,3261.3,326130.0,2024-12-26
2024122601025802,ULBSL,62,63,10.0,4045.0,40450.0,2024-12-26
2024122601025801,ULBSL,62,26,16.0,4040.0,64640.0,2024-12-26
2024122601025800,ULBSL,62,1,10.0,4040.0,40400.0,2024-12-26
2024122601025799,ULBSL,62,35,34.0,4039.0,137326.0,2024-12-26
2024122601025798,ULBSL,62,58,10.0,4004.0,40040.0,2024-12-26
2024122601025797,ULBSL,62,37,16.0,3950.0,63200.0,2024-12-26
2024122601025796,MHL,72,51,10.0,855.0,8550.0,2024-12-26
2024122604010481,PPCL,38,96,70.0,287.0,20090.0,2024-12-26
2024122604010480,PPCL,38,47,10.0,286.0,2860.0,2024-12-26
2024122604010479,PPCL,38,96,120.0,284.0,34080.0,2024-12-26
2024122605009738,MEL,58,58,32.0,311.2,9958.4,2024-12-26
2024122605009737,MEL,35,58,168.0,311.2,52281.6,2024-12-26
2024122601025795,MBL,14,49,13.0,236.0,3068.0,2024-12-26
2024122601025794,MBL,44,49,500.0,236.0,118000.0,2024-12-26
2024122601025793,MBL,7,49,100.0,236.1,23610.0,2024-12-26
2024122601025792,MBL,49,49,1000.0,236.2,236200.0,2024-12-26
2024122601025791,MBL,35,49,1000.0,236.3,236300.0,2024-12-26
2024122601025790,MBL,51,49,100.0,236.5,23650.0,2024-12-26
2024122601025789,MBL,49,49,40.0,236.6,9464.0,2024-12-26
2024122601025788,MBL,26,49,500.0,237.0,118500.0,2024-12-26
2024122601025787,MBL,44,49,200.0,237.0,47400.0,2024-12-26
2024122601025786,MBL,60,49,500.0,237.0,118500.0,2024-12-26
2024122601025785,MBL,85,49,10.0,237.0,2370.0,2024-12-26
2024122601025784,MBL,43,49,307.0,237.0,72759.0,2024-12-26
2024122601025783,MBL,16,49,4950.0,238.0,1178100.0,2024-12-26
2024122601025782,MBL,57,49,500.0,238.1,119050.0,2024-12-26
2024122601025781,MBL,57,49,200.0,238.2,47640.0,2024-12-26
2024122601025780,MBL,36,49,25.0,238.5,5962.5,2024-12-26
2024122601025779,MBL,57,49,250.0,238.5,59625.0,2024-12-26
2024122601025778,MBL,45,49,500.0,239.1,119550.0,2024-12-26
2024122601025777,MBL,47,49,400.0,239.3,95720.0,2024-12-26
2024122601025776,MBL,41,49,200.0,240.0,48000.0,2024-12-26
2024122601025775,MBL,34,49,38.0,241.0,9158.0,2024-12-26
2024122601025774,MBL,60,49,3667.0,241.0,883747.0,2024-12-26
2024122603015353,PMLI,45,49,12.0,525.0,6300.0,2024-12-26
2024122601025773,ULHC,49,19,100.0,502.0,50200.0,2024-12-26
2024122603015352,SMFBS,38,66,11.0,1955.0,21505.0,2024-12-26
2024122603015351,SMFBS,38,16,10.0,1941.0,19410.0,2024-12-26
2024122601025772,MKHL,77,58,10.0,626.5,6265.0,2024-12-26
2024122601025771,SHLB,65,39,20.0,2630.0,52600.0,2024-12-26
2024122601025770,SHLB,65,17,30.0,2625.0,78750.0,2024-12-26
2024122601025769,SHLB,65,34,10.0,2625.0,26250.0,2024-12-26
2024122601025768,SHLB,65,25,10.0,2625.0,26250.0,2024-12-26
2024122601025767,SHLB,65,33,20.0,2624.0,52480.0,2024-12-26
2024122601025766,SHLB,65,22,10.0,2624.0,26240.0,2024-12-26
2024122604010478,SJCL,58,34,10.0,353.0,3530.0,2024-12-26
2024122604010477,SJCL,58,42,40.0,352.9,14116.0,2024-12-26
2024122604010476,SJCL,58,44,260.0,352.5,91650.0,2024-12-26
2024122604010475,SJCL,58,82,190.0,352.0,66880.0,2024-12-26
2024122604010474,HEI,58,35,285.0,623.0,177555.0,2024-12-26
2024122604010473,HEI,58,36,15.0,622.9,9343.5,2024-12-26
2024122603015350,BFC,58,61,50.0,690.0,34500.0,2024-12-26
2024122603015349,MPFL,35,43,20.0,685.0,13700.0,2024-12-26
2024122601025765,CITY,13,58,50.0,878.1,43905.0,2024-12-26
2024122603015348,SIFC,44,34,10.0,580.3,5803.0,2024-12-26
2024122601025764,UNLB,34,44,20.0,2447.0,48940.0,2024-12-26
2024122605009736,NRM,34,26,10.0,440.0,4400.0,2024-12-26
2024122603015347,PROFL,91,58,300.0,632.0,189600.0,2024-12-26
2024122601025763,MKHC,47,32,1370.0,504.4,691028.0,2024-12-26
2024122601025762,MKHC,53,32,105.0,505.0,53025.0,2024-12-26
2024122601025761,MKHC,48,32,400.0,505.0,202000.0,2024-12-26
2024122604010472,AHPC,32,52,10.0,253.8,2538.0,2024-12-26
2024122601025760,NYADI,90,7,20.0,430.0,8600.0,2024-12-26
2024122601025759,DOLTI,42,42,10.0,678.1,6781.0,2024-12-26
2024122601025758,DOLTI,56,42,25.0,678.1,16952.5,2024-12-26
2024122601025757,PRVU,42,65,800.0,244.0,195200.0,2024-12-26
2024122603015346,JFL,41,58,325.0,944.2,306865.0,2024-12-26
2024122603015345,JFL,41,55,460.0,944.2,434332.0,2024-12-26
2024122603015344,JFL,41,20,500.0,944.0,472000.0,2024-12-26
2024122603015343,JFL,41,38,2000.0,944.0,1888000.0,2024-12-26
2024122603015342,JFL,41,48,400.0,944.0,377600.0,2024-12-26
2024122603015341,JFL,41,52,200.0,944.0,188800.0,2024-12-26
2024122603015340,JFL,41,99,1500.0,944.0,1416000.0,2024-12-26
2024122603015339,JFL,41,45,435.0,944.0,410640.0,2024-12-26
2024122603015338,JFL,41,45,1500.0,944.0,1416000.0,2024-12-26
2024122603015337,JFL,41,29,240.0,944.0,226560.0,2024-12-26
2024122603015336,JFL,41,57,1000.0,944.0,944000.0,2024-12-26
2024122603015335,JFL,41,71,500.0,944.0,472000.0,2024-12-26
2024122603015334,JFL,41,13,20.0,944.0,18880.0,2024-12-26
2024122603015333,JFL,41,16,1155.0,944.0,1090320.0,2024-12-26
2024122603015332,JFL,41,80,100.0,943.0,94300.0,2024-12-26
2024122603015331,JFL,41,29,300.0,940.0,282000.0,2024-12-26
2024122603015330,JFL,41,38,14.0,940.0,13160.0,2024-12-26
2024122603015329,JFL,41,50,2000.0,930.0,1860000.0,2024-12-26
2024122603015328,JFL,41,25,1500.0,925.7,1388550.0,2024-12-26
2024122603015327,JFL,41,58,2000.0,925.0,1850000.0,2024-12-26
2024122603015326,JFL,41,44,500.0,922.0,461000.0,2024-12-26
2024122603015325,JFL,41,22,100.0,919.0,91900.0,2024-12-26
2024122603015324,JFL,41,38,500.0,891.4,445700.0,2024-12-26
2024122603015323,JFL,41,58,100.0,891.4,89140.0,2024-12-26
2024122603015322,JFL,41,77,200.0,891.4,178280.0,2024-12-26
2024122603015321,JFL,41,38,324.0,891.4,288813.6,2024-12-26
2024122603015320,JFL,41,57,300.0,891.0,267300.0,2024-12-26
2024122603015319,JFL,41,87,500.0,891.0,445500.0,2024-12-26
2024122603015318,JFL,41,56,300.0,891.0,267300.0,2024-12-26
2024122603015317,JFL,41,34,300.0,891.0,267300.0,2024-12-26
2024122603015316,JFL,41,58,1110.0,891.0,989010.0,2024-12-26
2024122603015315,JFL,41,37,210.0,891.0,187110.0,2024-12-26
2024122603015314,JFL,41,26,400.0,891.0,356400.0,2024-12-26
2024122603015313,JFL,41,58,200.0,887.4,177480.0,2024-12-26
2024122603015312,JFL,41,5,250.0,887.4,221850.0,2024-12-26
2024122603015311,JFL,41,5,100.0,887.4,88740.0,2024-12-26
2024122603015310,JFL,41,35,100.0,887.4,88740.0,2024-12-26
2024122603015309,JFL,41,35,287.0,887.2,254626.4,2024-12-26
2024122603015308,JFL,41,74,1500.0,887.2,1330800.0,2024-12-26
2024122603015307,JFL,41,20,1000.0,887.2,887200.0,2024-12-26
2024122603015306,JFL,41,42,500.0,887.2,443600.0,2024-12-26
2024122603015305,JFL,41,95,90.0,887.2,79848.0,2024-12-26
2024122603015304,JFL,41,48,200.0,887.2,177440.0,2024-12-26
2024122603015303,JFL,41,16,50.0,887.2,44360.0,2024-12-26
2024122603015302,JFL,41,56,195.0,887.1,172984.5,2024-12-26
2024122603015301,JFL,41,42,300.0,887.1,266130.0,2024-12-26
2024122603015300,JFL,41,5,200.0,887.1,177420.0,2024-12-26
2024122603015299,JFL,41,6,40.0,887.0,35480.0,2024-12-26
2024122603015298,JFL,41,49,100.0,887.0,88700.0,2024-12-26
2024122603015297,JFL,41,17,500.0,887.0,443500.0,2024-12-26
2024122603015296,JFL,41,35,100.0,887.0,88700.0,2024-12-26
2024122603015295,JFL,41,45,25.0,887.0,22175.0,2024-12-26
2024122603015294,JFL,41,14,252.0,887.0,223524.0,2024-12-26
2024122603015293,JFL,41,14,500.0,887.0,443500.0,2024-12-26
2024122603015292,JFL,41,66,10.0,887.0,8870.0,2024-12-26
2024122603015291,JFL,41,99,10.0,887.0,8870.0,2024-12-26
2024122603015290,JFL,41,32,90.0,886.3,79767.0,2024-12-26
2024122603015289,JFL,41,62,100.0,886.3,88630.0,2024-12-26
2024122603015288,JFL,41,42,1593.0,886.3,1411875.9,2024-12-26
2024122603015287,JFL,41,72,300.0,886.3,265890.0,2024-12-26
2024122603015286,JFL,41,34,60.0,886.3,53178.0,2024-12-26
2024122603015285,JFL,41,18,100.0,886.3,88630.0,2024-12-26
2024122603015284,JFL,41,8,950.0,886.1,841795.0,2024-12-26
2024122603015283,JFL,41,38,50.0,886.0,44300.0,2024-12-26
2024122603015282,JFL,41,52,500.0,886.0,443000.0,2024-12-26
2024122603015281,JFL,41,25,150.0,886.0,132900.0,2024-12-26
2024122603015280,JFL,41,32,20.0,886.0,17720.0,2024-12-26
2024122603015279,JFL,41,34,300.0,886.0,265800.0,2024-12-26
2024122603015278,JFL,41,36,150.0,886.0,132900.0,2024-12-26
2024122603015277,JFL,41,34,10.0,885.3,8853.0,2024-12-26
2024122603015276,JFL,41,46,500.0,885.0,442500.0,2024-12-26
2024122603015275,JFL,41,65,500.0,885.0,442500.0,2024-12-26
2024122603015274,JFL,41,48,50.0,885.0,44250.0,2024-12-26
2024122603015273,JFL,41,34,50.0,885.0,44250.0,2024-12-26
2024122603015272,JFL,41,57,100.0,885.0,88500.0,2024-12-26
2024122603015271,JFL,41,46,500.0,884.5,442250.0,2024-12-26
2024122603015270,JFL,41,46,100.0,883.3,88330.0,2024-12-26
2024122603015269,JFL,41,46,50.0,883.0,44150.0,2024-12-26
2024122603015268,JFL,41,42,100.0,880.0,88000.0,2024-12-26
2024122603015267,JFL,41,46,50.0,880.0,44000.0,2024-12-26
2024122603015266,JFL,41,57,70.0,877.3,61411.0,2024-12-26
2024122603015265,JFL,41,57,50.0,877.2,43860.0,2024-12-26
2024122603015264,JFL,41,46,40.0,877.2,35088.0,2024-12-26
2024122603015263,JFL,41,47,42.0,877.2,36842.4,2024-12-26
2024122603015262,JFL,41,6,10.0,877.2,8772.0,2024-12-26
2024122603015261,JFL,41,59,50.0,877.2,43860.0,2024-12-26
2024122603015260,JFL,41,62,500.0,877.2,438600.0,2024-12-26
2024122603015259,JFL,41,47,100.0,877.2,87720.0,2024-12-26
2024122603015258,JFL,41,39,20.0,877.2,17544.0,2024-12-26
2024122603015257,JFL,41,58,500.0,877.2,438600.0,2024-12-26
2024122603015256,JFL,41,69,1415.0,877.2,1241238.0,2024-12-26
2024122603015255,JFL,41,74,20.0,877.2,17544.0,2024-12-26
2024122603015254,JFL,41,33,370.0,877.2,324564.0,2024-12-26
2024122603015253,JFL,41,38,50.0,877.2,43860.0,2024-12-26
2024122603015252,JFL,41,45,200.0,877.2,175440.0,2024-12-26
2024122603015251,JFL,41,6,100.0,877.2,87720.0,2024-12-26
2024122603015250,JFL,41,45,100.0,877.2,87720.0,2024-12-26
2024122603015249,JFL,41,44,500.0,877.0,438500.0,2024-12-26
2024122603015248,JFL,41,34,300.0,877.0,263100.0,2024-12-26
2024122603015247,JFL,41,57,200.0,877.0,175400.0,2024-12-26
2024122603015246,JFL,41,32,105.0,877.0,92085.0,2024-12-26
2024122603015245,JFL,41,14,20.0,877.0,17540.0,2024-12-26
2024122603015244,JFL,41,29,100.0,877.0,87700.0,2024-12-26
2024122603015243,JFL,41,42,50.0,877.0,43850.0,2024-12-26
2024122603015242,JFL,41,34,300.0,877.0,263100.0,2024-12-26
2024122603015241,JFL,41,8,50.0,877.0,43850.0,2024-12-26
2024122603015240,JFL,41,38,10.0,877.0,8770.0,2024-12-26
2024122603015239,JFL,41,32,100.0,877.0,87700.0,2024-12-26
2024122603015238,JFL,41,45,783.0,877.0,686691.0,2024-12-26
2024122603015237,JFL,41,17,50.0,877.0,43850.0,2024-12-26
2024122603015236,JFL,41,5,100.0,877.0,87700.0,2024-12-26
2024122603015235,JFL,41,17,150.0,877.0,131550.0,2024-12-26
2024122603015234,JFL,41,57,350.0,877.0,306950.0,2024-12-26
2024122603015233,JFL,41,19,100.0,876.1,87610.0,2024-12-26
2024122603015232,JFL,41,34,100.0,876.1,87610.0,2024-12-26
2024122603015231,JFL,41,46,100.0,876.1,87610.0,2024-12-26
2024122603015230,JFL,41,44,500.0,876.0,438000.0,2024-12-26
2024122603015229,JFL,41,57,500.0,875.0,437500.0,2024-12-26
2024122603015228,JFL,41,38,200.0,875.0,175000.0,2024-12-26
2024122603015227,JFL,41,56,40.0,875.0,35000.0,2024-12-26
2024122603015226,JFL,41,49,60.0,875.0,52500.0,2024-12-26
2024122603015225,JFL,41,45,100.0,875.0,87500.0,2024-12-26
2024122603015224,JFL,41,1,66.0,875.0,57750.0,2024-12-26
2024122603015223,JFL,41,55,100.0,875.0,87500.0,2024-12-26
2024122603015222,JFL,41,7,100.0,875.0,87500.0,2024-12-26
2024122603015221,JFL,41,58,62.0,873.1,54132.2,2024-12-26
2024122603015220,JFL,41,34,100.0,873.1,87310.0,2024-12-26
2024122603015219,JFL,41,49,50.0,873.0,43650.0,2024-12-26
2024122603015218,JFL,41,49,182.0,872.0,158704.0,2024-12-26
2024122603015217,JFL,41,43,500.0,872.0,436000.0,2024-12-26
2024122603015216,JFL,41,6,200.0,870.0,174000.0,2024-12-26
2024122603015215,JFL,41,14,100.0,870.0,87000.0,2024-12-26
2024122603015214,JFL,41,58,200.0,870.0,174000.0,2024-12-26
2024122603015213,JFL,41,19,1799.0,870.0,1565130.0,2024-12-26
2024122603015212,JFL,41,11,41.0,870.0,35670.0,2024-12-26
2024122603015211,JFL,41,45,1000.0,870.0,870000.0,2024-12-26
2024122603015210,JFL,41,41,300.0,870.0,261000.0,2024-12-26
2024122603015209,JFL,41,42,500.0,870.0,435000.0,2024-12-26
2024122603015208,JFL,41,34,100.0,870.0,87000.0,2024-12-26
2024122603015207,JFL,41,60,75.0,869.9,65242.5,2024-12-26
2024122603015206,JFL,41,45,100.0,868.8,86880.0,2024-12-26
2024122603015205,JFL,41,26,100.0,868.7,86870.0,2024-12-26
2024122603015204,JFL,41,57,10.0,860.0,8600.0,2024-12-26
2024122603015203,JFL,41,42,10.0,860.0,8600.0,2024-12-26
2024122603015202,JFL,41,32,400.0,860.0,344000.0,2024-12-26
2024122603015201,JFL,41,38,70.0,860.0,60200.0,2024-12-26
2024122603015200,JFL,41,14,600.0,860.0,516000.0,2024-12-26
2024122603015199,JFL,41,53,200.0,859.0,171800.0,2024-12-26
2024122603015198,JFL,41,43,276.0,859.0,237084.0,2024-12-26
2024122603015197,JFL,41,28,50.0,858.0,42900.0,2024-12-26
2024122603015196,JFL,41,58,55.0,856.0,47080.0,2024-12-26
2024122603015195,JFL,41,41,300.0,856.0,256800.0,2024-12-26
2024122603015194,JFL,41,8,80.0,855.0,68400.0,2024-12-26
2024122603015193,MFIL,39,4,200.0,670.0,134000.0,2024-12-26
2024122601025756,NYADI,39,7,500.0,430.0,215000.0,2024-12-26
2024122603015192,CFCL,39,22,170.0,605.0,102850.0,2024-12-26
2024122604010471,UPPER,48,22,47.0,207.6,9757.2,2024-12-26
2024122603015191,SAPDBL,62,41,174.0,969.0,168606.0,2024-12-26
2024122603015190,SAPDBL,62,59,30.0,968.0,29040.0,2024-12-26
2024122603015189,SAPDBL,62,45,66.0,963.0,63558.0,2024-12-26
2024122603015188,SAPDBL,62,95,230.0,963.0,221490.0,2024-12-26
2024122601025755,MHL,70,45,20.0,855.1,17102.0,2024-12-26
2024122601025754,RFPL,92,21,500.0,1000.0,500000.0,2024-12-26
2024122604010470,AKPL,17,26,633.0,235.0,148755.0,2024-12-26
2024122604010469,AKPL,17,45,100.0,235.0,23500.0,2024-12-26
2024122604010468,AKPL,17,14,485.0,234.9,113926.5,2024-12-26
2024122604010467,AKPL,17,17,419.0,234.8,98381.2,2024-12-26
2024122604010466,AKPL,17,38,363.0,234.0,84942.0,2024-12-26
2024122601025753,NABIL,19,6,113.0,502.0,56726.0,2024-12-26
2024122603015187,NFS,72,57,600.0,1044.9,626940.0,2024-12-26
2024122605009735,NTC,17,11,10.0,949.0,9490.0,2024-12-26
2024122603015186,RLFL,38,29,50.0,585.5,29275.0,2024-12-26
2024122601025752,SMHL,65,62,80.0,1220.0,97600.0,2024-12-26
2024122601025751,SMHL,65,22,10.0,1220.0,12200.0,2024-12-26
2024122601025750,SMHL,65,4,10.0,1220.0,12200.0,2024-12-26
2024122601025749,SMHL,65,35,10.0,1220.0,12200.0,2024-12-26
2024122601025748,SMHL,65,45,10.0,1220.0,12200.0,2024-12-26
2024122601025747,SMHL,65,49,10.0,1220.0,12200.0,2024-12-26
2024122601025746,SMHL,65,57,10.0,1220.0,12200.0,2024-12-26
2024122601025745,SMHL,65,45,10.0,1215.0,12150.0,2024-12-26
2024122601025744,SMHL,65,22,30.0,1210.0,36300.0,2024-12-26
2024122601025743,SMHL,65,62,200.0,1210.0,242000.0,2024-12-26
2024122601025742,SMHL,65,49,10.0,1210.0,12100.0,2024-12-26
2024122601025741,SMHL,65,57,10.0,1210.0,12100.0,2024-12-26
2024122601025740,SMHL,65,52,10.0,1210.0,12100.0,2024-12-26
2024122601025739,SMHL,65,52,10.0,1210.0,12100.0,2024-12-26
2024122601025738,SMHL,65,57,10.0,1210.0,12100.0,2024-12-26
2024122601025737,SMHL,65,36,100.0,1207.0,120700.0,2024-12-26
2024122601025736,SMHL,65,66,100.0,1206.0,120600.0,2024-12-26
2024122601025735,SMHL,65,62,200.0,1206.0,241200.0,2024-12-26
2024122601025734,SMHL,65,7,10.0,1205.0,12050.0,2024-12-26
2024122601025733,SMHL,65,17,10.0,1205.0,12050.0,2024-12-26
2024122601025732,SMHL,65,21,10.0,1205.0,12050.0,2024-12-26
2024122601025731,SMHL,65,45,10.0,1205.0,12050.0,2024-12-26
2024122601025730,SMHL,65,28,10.0,1205.0,12050.0,2024-12-26
2024122601025729,SMHL,65,32,30.0,1205.0,36150.0,2024-12-26
2024122601025728,SMHL,65,58,10.0,1204.0,12040.0,2024-12-26
2024122601025727,SMHL,65,43,70.0,1200.5,84035.0,2024-12-26
2024122601025726,SMHL,65,34,10.0,1200.2,12002.0,2024-12-26
2024122603015185,PMLI,5,4,21.0,525.9,11043.9,2024-12-26
2024122603015184,NLIC,45,35,500.0,768.0,384000.0,2024-12-26
2024122603015183,JSLBB,45,34,200.0,1636.0,327200.0,2024-12-26
2024122603015182,SMFBS,53,34,30.0,1935.0,58050.0,2024-12-26
2024122601025725,PRVU,34,65,100.0,244.0,24400.0,2024-12-26
2024122601025724,SANIMA,19,32,20.0,307.0,6140.0,2024-12-26
2024122601025723,DOLTI,56,38,590.0,682.0,402380.0,2024-12-26
2024122601025722,DOLTI,56,51,10.0,682.0,6820.0,2024-12-26
2024122601025721,DOLTI,56,39,400.0,681.5,272600.0,2024-12-26
2024122601025720,RHGCL,58,46,10.0,540.0,5400.0,2024-12-26
2024122605009734,VLUCL,34,21,110.0,657.0,72270.0,2024-12-26
2024122605009733,VLUCL,34,7,390.0,655.0,255450.0,2024-12-26
2024122604010465,DHPL,16,49,10.0,309.0,3090.0,2024-12-26
2024122603015181,JSLBB,45,63,100.0,1636.0,163600.0,2024-12-26
2024122605009732,HRL,21,63,10.0,800.1,8001.0,2024-12-26
2024122601025719,NESDO,1,38,10.0,2229.0,22290.0,2024-12-26
2024122601025718,NESDO,1,38,10.0,2219.0,22190.0,2024-12-26
2024122601025717,NESDO,1,44,10.0,2218.0,22180.0,2024-12-26
2024122603015180,NFS,72,60,100.0,1044.9,104490.0,2024-12-26
2024122603015179,SFCL,32,42,10.0,653.0,6530.0,2024-12-26
2024122603015178,NFS,72,58,100.0,1044.9,104490.0,2024-12-26
2024122605009731,ILI,42,81,100.0,470.0,47000.0,2024-12-26
2024122601025716,KBL,58,48,56.0,221.0,12376.0,2024-12-26
2024122605009730,ILI,34,41,12.0,468.0,5616.0,2024-12-26
2024122603015177,JFL,38,41,14070.0,833.0,11720310.0,2024-12-26
2024122603015176,JFL,56,41,100.0,833.0,83300.0,2024-12-26
2024122603015175,JFL,16,41,50.0,833.0,41650.0,2024-12-26
2024122603015174,JFL,14,41,100.0,833.0,83300.0,2024-12-26
2024122603015173,JFL,45,41,220.0,833.0,183260.0,2024-12-26
2024122603015172,JFL,57,41,1000.0,833.0,833000.0,2024-12-26
2024122603015171,JFL,42,41,100.0,833.0,83300.0,2024-12-26
2024122603015170,JFL,62,41,100.0,833.0,83300.0,2024-12-26
2024122603015169,JFL,58,41,10.0,833.9,8339.0,2024-12-26
2024122603015168,JFL,62,41,10.0,835.0,8350.0,2024-12-26
2024122603015167,JFL,32,41,20.0,835.0,16700.0,2024-12-26
2024122603015166,JFL,71,41,470.0,835.0,392450.0,2024-12-26
2024122603015165,JFL,13,41,200.0,835.0,167000.0,2024-12-26
2024122603015164,JFL,41,41,50.0,835.0,41750.0,2024-12-26
2024122603015163,JFL,14,41,20.0,835.0,16700.0,2024-12-26
2024122603015162,JFL,13,41,30.0,835.0,25050.0,2024-12-26
2024122603015161,JFL,42,41,100.0,835.0,83500.0,2024-12-26
2024122603015160,JFL,58,41,75.0,835.0,62625.0,2024-12-26
2024122603015159,JFL,5,41,1000.0,835.0,835000.0,2024-12-26
2024122603015158,JFL,34,41,50.0,835.0,41750.0,2024-12-26
2024122603015157,JFL,58,41,15.0,835.0,12525.0,2024-12-26
2024122603015156,JFL,8,41,1000.0,835.0,835000.0,2024-12-26
2024122603015155,JFL,6,41,150.0,835.0,125250.0,2024-12-26
2024122603015154,JFL,25,41,100.0,835.0,83500.0,2024-12-26
2024122603015153,JFL,38,41,750.0,835.0,626250.0,2024-12-26
2024122603015152,JFL,21,41,10.0,837.0,8370.0,2024-12-26
2024122603015151,JFL,38,41,500.0,837.9,418950.0,2024-12-26
2024122603015150,JFL,42,41,50.0,837.9,41895.0,2024-12-26
2024122603015149,JFL,35,41,100.0,837.9,83790.0,2024-12-26
2024122603015148,JFL,16,41,422.0,837.9,353593.8,2024-12-26
2024122603015147,JFL,51,41,100.0,837.9,83790.0,2024-12-26
2024122603015146,JFL,99,41,200.0,837.9,167580.0,2024-12-26
2024122603015145,JFL,38,41,130.0,837.9,108927.0,2024-12-26
2024122603015144,JFL,58,41,1000.0,837.9,837900.0,2024-12-26
2024122603015143,JFL,80,41,1600.0,837.9,1340640.0,2024-12-26
2024122603015142,JFL,43,41,100.0,837.9,83790.0,2024-12-26
2024122603015141,JFL,13,41,20.0,837.9,16758.0,2024-12-26
2024122603015140,JFL,58,41,50.0,838.0,41900.0,2024-12-26
2024122603015139,JFL,38,41,500.0,838.0,419000.0,2024-12-26
2024122603015138,JFL,38,41,50.0,838.0,41900.0,2024-12-26
2024122603015137,JFL,43,41,300.0,838.0,251400.0,2024-12-26
2024122603015136,JFL,34,41,20.0,838.0,16760.0,2024-12-26
2024122603015135,JFL,47,41,100.0,838.0,83800.0,2024-12-26
2024122603015134,JFL,51,41,200.0,838.0,167600.0,2024-12-26
2024122603015133,JFL,38,41,495.0,838.0,414810.0,2024-12-26
2024122603015132,JFL,21,41,20.0,838.0,16760.0,2024-12-26
2024122603015131,JFL,39,41,100.0,838.0,83800.0,2024-12-26
2024122603015130,JFL,38,41,500.0,838.0,419000.0,2024-12-26
2024122603015129,JFL,47,41,30.0,838.9,25167.0,2024-12-26
2024122603015128,JFL,38,41,500.0,838.9,419450.0,2024-12-26
2024122603015127,JFL,50,41,50.0,838.9,41945.0,2024-12-26
2024122603015126,JFL,58,41,18.0,838.9,15100.2,2024-12-26
2024122603015125,JFL,50,41,160.0,838.9,134224.0,2024-12-26
2024122603015124,JFL,16,41,30.0,838.9,25167.0,2024-12-26
2024122603015123,JFL,1,41,100.0,838.9,83890.0,2024-12-26
2024122603015122,JFL,45,41,100.0,838.9,83890.0,2024-12-26
2024122603015121,JFL,36,41,100.0,838.9,83890.0,2024-12-26
2024122603015120,JFL,28,41,250.0,838.9,209725.0,2024-12-26
2024122603015119,JFL,19,41,100.0,838.9,83890.0,2024-12-26
2024122603015118,JFL,19,41,54.0,838.9,45300.6,2024-12-26
2024122603015117,JFL,59,41,50.0,838.9,41945.0,2024-12-26
2024122603015116,JFL,40,41,2500.0,838.9,2097250.0,2024-12-26
2024122603015115,JFL,71,41,500.0,838.9,419450.0,2024-12-26
2024122603015114,JFL,38,41,500.0,838.9,419450.0,2024-12-26
2024122603015113,JFL,44,41,500.0,838.9,419450.0,2024-12-26
2024122603015112,JFL,41,41,10.0,838.9,8389.0,2024-12-26
2024122603015111,JFL,41,41,10.0,838.9,8389.0,2024-12-26
2024122603015110,JFL,57,41,1000.0,838.9,838900.0,2024-12-26
2024122603015109,JFL,54,41,100.0,838.9,83890.0,2024-12-26
2024122603015108,JFL,5,41,150.0,838.9,125835.0,2024-12-26
2024122603015107,JFL,45,41,100.0,838.9,83890.0,2024-12-26
2024122603015106,JFL,41,41,30.0,838.9,25167.0,2024-12-26
2024122603015105,JFL,61,41,200.0,838.9,167780.0,2024-12-26
2024122603015104,JFL,41,41,20.0,838.9,16778.0,2024-12-26
2024122603015103,JFL,18,41,200.0,838.9,167780.0,2024-12-26
2024122603015102,JFL,26,41,100.0,838.9,83890.0,2024-12-26
2024122603015101,JFL,41,41,100.0,838.9,83890.0,2024-12-26
2024122603015100,JFL,84,41,500.0,838.9,419450.0,2024-12-26
2024122603015099,JFL,11,41,10.0,838.9,8389.0,2024-12-26
2024122603015098,JFL,57,41,150.0,838.9,125835.0,2024-12-26
2024122603015097,JFL,21,41,100.0,838.9,83890.0,2024-12-26
2024122603015096,JFL,6,41,120.0,839.0,100680.0,2024-12-26
2024122603015095,JFL,58,41,10.0,839.0,8390.0,2024-12-26
2024122603015094,JFL,50,41,50.0,839.0,41950.0,2024-12-26
2024122603015093,JFL,55,41,10.0,839.0,8390.0,2024-12-26
2024122603015092,JFL,61,41,200.0,839.0,167800.0,2024-12-26
2024122603015091,JFL,47,41,450.0,839.0,377550.0,2024-12-26
2024122603015090,JFL,44,41,1000.0,839.0,839000.0,2024-12-26
2024122603015089,JFL,95,41,500.0,839.0,419500.0,2024-12-26
2024122603015088,JFL,13,41,50.0,839.0,41950.0,2024-12-26
2024122603015087,JFL,86,41,1500.0,839.0,1258500.0,2024-12-26
2024122603015086,JFL,49,41,145.0,839.0,121655.0,2024-12-26
2024122603015085,JFL,48,41,50.0,839.0,41950.0,2024-12-26
2024122603015084,JFL,34,41,100.0,839.0,83900.0,2024-12-26
2024122603015083,JFL,58,41,10.0,839.0,8390.0,2024-12-26
2024122603015082,JFL,58,41,160.0,839.0,134240.0,2024-12-26
2024122603015081,JFL,3,41,500.0,839.0,419500.0,2024-12-26
2024122603015080,JFL,34,41,100.0,839.0,83900.0,2024-12-26
2024122603015079,JFL,45,41,500.0,839.0,419500.0,2024-12-26
2024122603015078,JFL,57,41,100.0,839.0,83900.0,2024-12-26
2024122603015077,JFL,58,41,70.0,839.0,58730.0,2024-12-26
2024122603015076,JFL,57,41,300.0,839.0,251700.0,2024-12-26
2024122603015075,JFL,13,41,60.0,839.0,50340.0,2024-12-26
2024122603015074,JFL,14,41,100.0,839.0,83900.0,2024-12-26
2024122603015073,JFL,38,41,10.0,839.0,8390.0,2024-12-26
2024122603015072,JFL,60,41,400.0,839.9,335960.0,2024-12-26
2024122603015071,JFL,57,41,400.0,839.9,335960.0,2024-12-26
2024122603015070,JFL,6,41,55.0,839.9,46194.5,2024-12-26
2024122603015069,JFL,35,41,100.0,839.9,83990.0,2024-12-26
2024122603015068,JFL,22,41,200.0,839.9,167980.0,2024-12-26
2024122603015067,JFL,57,41,100.0,840.0,84000.0,2024-12-26
2024122603015066,JFL,49,41,100.0,840.0,84000.0,2024-12-26
2024122603015065,JFL,6,41,580.0,840.0,487200.0,2024-12-26
2024122603015064,JFL,22,41,50.0,840.0,42000.0,2024-12-26
2024122603015063,JFL,41,41,200.0,840.0,168000.0,2024-12-26
2024122603015062,JFL,38,41,20.0,840.0,16800.0,2024-12-26
2024122603015061,JFL,34,41,400.0,840.0,336000.0,2024-12-26
2024122603015060,JFL,34,41,60.0,840.0,50400.0,2024-12-26
2024122603015059,JFL,54,41,500.0,840.0,420000.0,2024-12-26
2024122603015058,JFL,7,41,30.0,840.0,25200.0,2024-12-26
2024122603015057,JFL,58,41,100.0,840.0,84000.0,2024-12-26
2024122603015056,JFL,21,41,100.0,840.0,84000.0,2024-12-26
2024122603015055,JFL,36,41,15.0,840.0,12600.0,2024-12-26
2024122603015054,JFL,4,41,25.0,840.0,21000.0,2024-12-26
2024122603015053,JFL,35,41,500.0,840.0,420000.0,2024-12-26
2024122603015052,JFL,45,41,100.0,840.0,84000.0,2024-12-26
2024122603015051,JFL,47,41,500.0,840.0,420000.0,2024-12-26
2024122603015050,JFL,19,41,100.0,840.0,84000.0,2024-12-26
2024122603015049,JFL,38,41,1000.0,840.9,840900.0,2024-12-26
2024122603015048,JFL,17,41,150.0,840.9,126135.0,2024-12-26
2024122603015047,JFL,29,41,100.0,840.9,84090.0,2024-12-26
2024122603015046,JFL,52,41,300.0,841.0,252300.0,2024-12-26
2024122603015045,JFL,7,41,50.0,841.0,42050.0,2024-12-26
2024122603015044,JFL,60,41,1000.0,841.0,841000.0,2024-12-26
2024122603015043,JFL,49,41,25.0,841.0,21025.0,2024-12-26
2024122603015042,JFL,41,41,100.0,841.9,84190.0,2024-12-26
2024122603015041,JFL,47,41,10.0,841.9,8419.0,2024-12-26
2024122603015040,JFL,6,41,10.0,841.9,8419.0,2024-12-26
2024122603015039,JFL,14,41,100.0,841.9,84190.0,2024-12-26
2024122603015038,JFL,34,41,25.0,841.9,21047.5,2024-12-26
2024122603015037,JFL,57,41,15.0,841.9,12628.5,2024-12-26
2024122603015036,JFL,38,41,50.0,841.9,42095.0,2024-12-26
2024122603015035,JFL,101,41,60.0,841.9,50514.0,2024-12-26
2024122603015034,JFL,38,41,95.0,841.9,79980.5,2024-12-26
2024122603015033,JFL,38,41,20.0,841.9,16838.0,2024-12-26
2024122603015032,JFL,16,41,100.0,841.9,84190.0,2024-12-26
2024122603015031,JFL,13,41,20.0,841.9,16838.0,2024-12-26
2024122603015030,JFL,38,41,100.0,841.9,84190.0,2024-12-26
2024122603015029,JFL,13,41,120.0,841.9,101028.0,2024-12-26
2024122603015028,JFL,6,41,100.0,841.9,84190.0,2024-12-26
2024122603015027,JFL,58,41,40.0,842.0,33680.0,2024-12-26
2024122603015026,JFL,26,41,100.0,842.0,84200.0,2024-12-26
2024122603015025,JFL,26,41,1000.0,842.0,842000.0,2024-12-26
2024122603015024,JFL,48,41,45.0,842.0,37890.0,2024-12-26
2024122603015023,JFL,58,41,500.0,842.0,421000.0,2024-12-26
2024122603015022,JFL,25,41,20.0,842.0,16840.0,2024-12-26
2024122603015021,JFL,13,41,50.0,842.0,42100.0,2024-12-26
2024122603015020,JFL,41,41,200.0,842.0,168400.0,2024-12-26
2024122603015019,JFL,34,41,100.0,842.0,84200.0,2024-12-26
2024122603015018,JFL,35,41,40.0,842.0,33680.0,2024-12-26
2024122603015017,JFL,4,41,2000.0,842.0,1684000.0,2024-12-26
2024122603015016,JFL,46,41,200.0,842.0,168400.0,2024-12-26
2024122603015015,JFL,57,41,200.0,842.8,168560.0,2024-12-26
2024122603015014,JFL,34,41,35.0,842.8,29498.0,2024-12-26
2024122603015013,JFL,46,41,10.0,842.8,8428.0,2024-12-26
2024122603015012,JFL,38,41,10.0,842.8,8428.0,2024-12-26
2024122603015011,JFL,28,41,30.0,842.8,25284.0,2024-12-26
2024122603015010,JFL,33,41,20.0,842.8,16856.0,2024-12-26
2024122603015009,JFL,45,41,50.0,842.8,42140.0,2024-12-26
2024122603015008,JFL,41,41,100.0,842.8,84280.0,2024-12-26
2024122603015007,JFL,57,41,20.0,842.8,16856.0,2024-12-26
2024122603015006,JFL,45,41,50.0,842.8,42140.0,2024-12-26
2024122603015005,JFL,80,41,50.0,842.8,42140.0,2024-12-26
2024122603015004,JFL,45,41,200.0,842.8,168560.0,2024-12-26
2024122603015003,JFL,57,41,500.0,842.8,421400.0,2024-12-26
2024122603015002,JFL,34,41,35.0,842.8,29498.0,2024-12-26
2024122603015001,JFL,62,41,200.0,842.8,168560.0,2024-12-26
2024122603015000,JFL,39,41,100.0,842.8,84280.0,2024-12-26
2024122603014999,JFL,41,41,25.0,842.8,21070.0,2024-12-26
2024122603014998,JFL,13,41,700.0,842.8,589960.0,2024-12-26
2024122603014997,JFL,21,41,10.0,842.8,8428.0,2024-12-26
2024122603014996,JFL,17,41,10.0,842.8,8428.0,2024-12-26
2024122603014995,JFL,34,41,25.0,842.8,21070.0,2024-12-26
2024122603014994,JFL,43,41,10.0,842.8,8428.0,2024-12-26
2024122603014993,JFL,45,41,100.0,842.9,84290.0,2024-12-26
2024122603014992,JFL,57,41,400.0,843.0,337200.0,2024-12-26
2024122603014991,JFL,58,41,50.0,843.0,42150.0,2024-12-26
2024122603014990,JFL,4,41,50.0,843.0,42150.0,2024-12-26
2024122603014989,JFL,16,41,135.0,843.0,113805.0,2024-12-26
2024122603014988,JFL,49,41,43.0,843.0,36249.0,2024-12-26
2024122603014987,JFL,17,41,50.0,843.0,42150.0,2024-12-26
2024122603014986,JFL,58,41,40.0,843.0,33720.0,2024-12-26
2024122603014985,JFL,51,41,55.0,843.0,46365.0,2024-12-26
2024122603014984,JFL,38,41,130.0,843.0,109590.0,2024-12-26
2024122603014983,JFL,58,41,100.0,843.0,84300.0,2024-12-26
2024122603014982,JFL,38,41,100.0,843.0,84300.0,2024-12-26
2024122603014981,JFL,41,41,20.0,843.0,16860.0,2024-12-26
2024122603014980,JFL,8,41,500.0,843.0,421500.0,2024-12-26
2024122603014979,JFL,33,41,99.0,843.0,83457.0,2024-12-26
2024122603014978,JFL,38,41,100.0,843.0,84300.0,2024-12-26
2024122603014977,JFL,59,41,100.0,843.0,84300.0,2024-12-26
2024122603014976,JFL,6,41,30.0,843.0,25290.0,2024-12-26
2024122603014975,JFL,48,41,200.0,843.0,168600.0,2024-12-26
2024122603014974,JFL,45,41,50.0,843.0,42150.0,2024-12-26
2024122603014973,JFL,81,41,500.0,843.0,421500.0,2024-12-26
2024122603014972,JFL,68,41,500.0,843.0,421500.0,2024-12-26
2024122603014971,JFL,6,41,20.0,843.0,16860.0,2024-12-26
2024122603014970,JFL,58,41,260.0,843.0,219180.0,2024-12-26
2024122603014969,JFL,17,41,50.0,843.0,42150.0,2024-12-26
2024122603014968,JFL,25,41,50.0,843.0,42150.0,2024-12-26
2024122603014967,JFL,45,41,100.0,843.0,84300.0,2024-12-26
2024122603014966,JFL,1,41,300.0,843.1,252930.0,2024-12-26
2024122603014965,JFL,13,41,30.0,843.8,25314.0,2024-12-26
2024122603014964,JFL,63,41,20.0,844.0,16880.0,2024-12-26
2024122603014963,JFL,78,41,150.0,844.0,126600.0,2024-12-26
2024122603014962,JFL,22,41,50.0,844.2,42210.0,2024-12-26
2024122603014961,JFL,6,41,50.0,844.5,42225.0,2024-12-26
2024122603014960,JFL,59,41,500.0,845.0,422500.0,2024-12-26
2024122603014959,JFL,57,41,200.0,845.0,169000.0,2024-12-26
2024122603014958,JFL,34,41,200.0,845.0,169000.0,2024-12-26
2024122603014957,JFL,28,41,200.0,845.0,169000.0,2024-12-26
2024122603014956,JFL,57,41,500.0,845.0,422500.0,2024-12-26
2024122603014955,JFL,1,41,10.0,845.0,8450.0,2024-12-26
2024122603014954,JFL,49,41,1500.0,845.0,1267500.0,2024-12-26
2024122603014953,JFL,63,41,250.0,845.0,211250.0,2024-12-26
2024122603014952,JFL,42,53,50.0,845.0,42250.0,2024-12-26
2024122603014951,JFL,47,53,100.0,845.0,84500.0,2024-12-26
2024122603014950,JFL,17,53,10.0,845.0,8450.0,2024-12-26
2024122603014949,JFL,55,53,50.0,845.0,42250.0,2024-12-26
2024122603014948,JFL,34,53,87.0,845.0,73515.0,2024-12-26
2024122604010464,SSHL,57,22,100.0,231.5,23150.0,2024-12-26
2024122601025715,SPL,7,17,16.0,1040.0,16640.0,2024-12-26
2024122601025714,SPL,7,57,144.0,1035.0,149040.0,2024-12-26
2024122605009729,HIDCL,34,7,586.0,241.9,141753.4,2024-12-26
2024122605009728,HIDCL,59,7,90.0,241.9,21771.0,2024-12-26
2024122605009727,HIDCL,34,7,11.0,241.9,2660.9,2024-12-26
2024122605009726,HIDCL,45,7,25.0,242.0,6050.0,2024-12-26
2024122605009725,HIDCL,45,7,60.0,242.0,14520.0,2024-12-26
2024122605009724,HIDCL,34,7,230.0,242.0,55660.0,2024-12-26
2024122604010463,GHL,33,74,15.0,206.6,3099.0,2024-12-26
2024122604010462,MEN,74,22,15.0,624.0,9360.0,2024-12-26
2024122604010461,RIDI,57,72,500.0,221.0,110500.0,2024-12-26
2024122604010460,UPCL,57,57,30.0,271.0,8130.0,2024-12-26
2024122604010459,IGI,55,51,92.0,579.1,53277.2,2024-12-26
2024122604010458,IGI,58,51,30.0,579.2,17376.0,2024-12-26
2024122604010457,IGI,38,51,20.0,579.2,11584.0,2024-12-26
2024122604010456,IGI,48,51,13.0,579.5,7533.5,2024-12-26
2024122604010455,IGI,45,51,20.0,580.0,11600.0,2024-12-26
2024122604010454,IGI,6,51,25.0,580.0,14500.0,2024-12-26
2024122603014947,NLIC,45,51,200.0,768.0,153600.0,2024-12-26
2024122601025713,NYADI,6,6,10.0,428.0,4280.0,2024-12-26
2024122604010453,UMRH,42,49,60.0,618.0,37080.0,2024-12-26
2024122603014946,NFS,72,17,150.0,1044.9,156735.0,2024-12-26
2024122603014945,NFS,8,17,50.0,1045.0,52250.0,2024-12-26
2024122601025712,KBL,58,17,497.0,221.0,109837.0,2024-12-26
2024122601025711,KBL,95,17,1000.0,221.0,221000.0,2024-12-26
2024122601025710,KBL,17,17,503.0,221.0,111163.0,2024-12-26
2024122604010452,CHCL,38,72,888.0,570.0,506160.0,2024-12-26
2024122604010451,CHCL,41,72,112.0,570.0,63840.0,2024-12-26
2024122604010450,RHPL,38,35,10.0,432.0,4320.0,2024-12-26
2024122601025709,JBLB,49,35,20.0,1520.1,30402.0,2024-12-26
2024122601025708,KBL,17,38,100.0,221.0,22100.0,2024-12-26
2024122601025707,NIMB,34,34,17.0,225.0,3825.0,2024-12-26
2024122601025706,NIMB,3,34,150.0,225.0,33750.0,2024-12-26
2024122601025705,NIMB,48,34,200.0,225.0,45000.0,2024-12-26
2024122601025704,NIMB,16,34,1000.0,225.0,225000.0,2024-12-26
2024122601025703,NIMB,38,34,133.0,225.2,29951.6,2024-12-26
2024122601025702,MEHL,16,87,30.0,472.5,14175.0,2024-12-26
2024122604010449,KKHC,96,4,100.0,388.0,38800.0,2024-12-26
2024122604010448,KKHC,96,62,22.0,385.0,8470.0,2024-12-26
2024122603014944,BFC,81,26,50.0,689.0,34450.0,2024-12-26
2024122601025701,HIDCLP,94,55,500.0,173.0,86500.0,2024-12-26
2024122603014943,SHINE,55,17,58.0,440.0,25520.0,2024-12-26
2024122603014942,SHINE,55,42,642.0,439.0,281838.0,2024-12-26
2024122603014941,SHINE,55,38,200.0,438.0,87600.0,2024-12-26
2024122603014940,SHINE,55,53,100.0,438.0,43800.0,2024-12-26
2024122603014939,MSLB,32,45,10.0,1495.5,14955.0,2024-12-26
2024122601025700,BNHC,32,34,10.0,485.0,4850.0,2024-12-26
2024122604010447,SPIL,45,42,133.0,789.0,104937.0,2024-12-26
2024122601025699,LSL,36,44,25.0,239.5,5987.5,2024-12-26
2024122601025698,LSL,45,44,50.0,239.7,11985.0,2024-12-26
2024122601025697,LSL,32,44,25.0,239.8,5995.0,2024-12-26
2024122605009723,SHIVM,20,44,85.0,567.0,48195.0,2024-12-26
2024122605009722,CIT,38,13,40.0,2089.6,83584.0,2024-12-26
2024122601025696,PRVU,50,65,500.0,244.0,122000.0,2024-12-26
2024122601025695,KBL,58,38,15.0,221.1,3316.5,2024-12-26
2024122601025694,KBL,58,14,100.0,221.1,22110.0,2024-12-26
2024122601025693,KBL,58,60,85.0,221.1,18793.5,2024-12-26
2024122604010446,SHEL,58,53,100.0,240.0,24000.0,2024-12-26
2024122601025692,ADBL,58,1,100.0,333.8,33380.0,2024-12-26
2024122603014938,WNLB,75,58,10.0,2597.0,25970.0,2024-12-26
2024122601025691,SCB,29,45,10.0,673.9,6739.0,2024-12-26
2024122605009721,SMATA,39,7,10.0,812.1,8121.0,2024-12-26
2024122601025690,GVL,7,45,45.0,561.5,25267.5,2024-12-26
2024122601025689,SBI,36,6,10.0,435.0,4350.0,2024-12-26
2024122601025688,TAMOR,42,45,10.0,504.3,5043.0,2024-12-26
2024122604010445,RADHI,6,25,117.0,354.0,41418.0,2024-12-26
2024122604010444,RADHI,6,45,50.0,354.0,17700.0,2024-12-26
2024122604010443,RADHI,6,32,20.0,354.0,7080.0,2024-12-26
2024122604010442,RADHI,6,34,360.0,354.0,127440.0,2024-12-26
2024122604010441,RADHI,6,34,190.0,353.9,67241.0,2024-12-26
2024122604010440,RADHI,6,45,263.0,353.5,92970.5,2024-12-26
2024122601025687,KBSH,49,34,10.0,2587.0,25870.0,2024-12-26
2024122601025686,SIKLES,49,48,10.0,852.0,8520.0,2024-12-26
2024122601025685,DLBS,5,67,10.0,1694.0,16940.0,2024-12-26
2024122601025684,DLBS,5,57,40.0,1693.0,67720.0,2024-12-26
2024122605009720,BBC,17,58,25.0,6150.0,153750.0,2024-12-26
2024122605009719,BBC,17,58,10.0,6125.0,61250.0,2024-12-26
2024122603014937,GLBSL,35,1,25.0,2550.0,63750.0,2024-12-26
2024122605009718,GCIL,35,38,80.0,500.1,40008.0,2024-12-26
2024122601025683,SMHL,65,38,10.0,1200.1,12001.0,2024-12-26
2024122601025682,BEDC,48,11,278.0,696.0,193488.0,2024-12-26
2024122604010439,KKHC,34,62,10.0,385.0,3850.0,2024-12-26
2024122603014936,SKBBL,6,25,15.0,928.3,13924.5,2024-12-26
2024122603014935,MDB,32,17,10.0,711.9,7119.0,2024-12-26
2024122604010438,UMRH,77,44,10.0,619.9,6199.0,2024-12-26
2024122601025681,KDL,42,21,10.0,1152.0,11520.0,2024-12-26
2024122603014934,CFCL,13,22,110.0,605.0,66550.0,2024-12-26
2024122603014933,JFL,34,84,13.0,845.0,10985.0,2024-12-26
2024122603014932,JFL,17,84,10.0,845.0,8450.0,2024-12-26
2024122603014931,JFL,72,84,300.0,845.0,253500.0,2024-12-26
2024122603014930,JFL,32,84,50.0,845.0,42250.0,2024-12-26
2024122603014929,JFL,42,84,30.0,845.0,25350.0,2024-12-26
2024122603014928,JFL,17,84,50.0,845.0,42250.0,2024-12-26
2024122603014927,JFL,39,84,100.0,845.0,84500.0,2024-12-26
2024122603014926,JFL,80,84,100.0,847.0,84700.0,2024-12-26
2024122603014925,JFL,4,84,100.0,847.0,84700.0,2024-12-26
2024122603014924,JFL,62,84,60.0,847.0,50820.0,2024-12-26
2024122603014923,JFL,26,84,50.0,847.5,42375.0,2024-12-26
2024122603014922,JFL,43,84,10.0,847.7,8477.0,2024-12-26
2024122603014921,JFL,57,84,200.0,848.7,169740.0,2024-12-26
2024122603014920,JFL,34,84,50.0,848.7,42435.0,2024-12-26
2024122603014919,JFL,58,84,50.0,849.0,42450.0,2024-12-26
2024122603014918,JFL,17,84,150.0,849.2,127380.0,2024-12-26
2024122603014917,JFL,5,84,47.0,850.0,39950.0,2024-12-26
2024122603014916,JFL,45,84,630.0,852.0,536760.0,2024-12-26
2024122601025680,UNLB,36,44,10.0,2447.0,24470.0,2024-12-26
2024122601025679,UNLB,36,57,10.0,2430.0,24300.0,2024-12-26
2024122601025678,RFPL,65,47,50.0,995.1,49755.0,2024-12-26
2024122603014915,NABBC,41,64,30.0,1156.5,34695.0,2024-12-26
2024122603014914,SKBBL,64,53,176.0,934.0,164384.0,2024-12-26
2024122603014913,SKBBL,64,56,90.0,933.0,83970.0,2024-12-26
2024122603014912,SKBBL,64,26,333.0,933.0,310689.0,2024-12-26
2024122603014911,SKBBL,64,34,20.0,932.0,18640.0,2024-12-26
2024122603014910,SKBBL,64,34,50.0,932.0,46600.0,2024-12-26
2024122603014909,SKBBL,64,42,500.0,932.0,466000.0,2024-12-26
2024122603014908,SKBBL,64,59,300.0,931.0,279300.0,2024-12-26
2024122603014907,SKBBL,64,42,449.0,931.0,418019.0,2024-12-26
2024122603014906,SKBBL,64,45,20.0,930.0,18600.0,2024-12-26
2024122603014905,SKBBL,64,5,250.0,930.0,232500.0,2024-12-26
2024122603014904,SKBBL,64,75,312.0,930.0,290160.0,2024-12-26
2024122601025677,TVCL,58,45,520.0,556.0,289120.0,2024-12-26
2024122604010437,KPCL,58,7,80.0,527.8,42224.0,2024-12-26
2024122604010436,KPCL,58,34,20.0,526.1,10522.0,2024-12-26
2024122603014903,KSBBL,33,50,20.0,440.0,8800.0,2024-12-26
2024122601025676,HEIP,22,74,138.0,476.0,65688.0,2024-12-26
2024122601025675,HEIP,22,74,40.0,469.0,18760.0,2024-12-26
2024122601025674,HEIP,22,29,400.0,458.0,183200.0,2024-12-26
2024122601025673,HEIP,22,36,100.0,451.99,45199.0,2024-12-26
2024122601025672,HEIP,22,16,422.0,451.0,190322.0,2024-12-26
2024122603014902,JFL,45,8,70.0,852.0,59640.0,2024-12-26
2024122603014901,JFL,45,45,300.0,852.0,255600.0,2024-12-26
2024122603014900,JFL,42,45,100.0,853.0,85300.0,2024-12-26
2024122603014899,RLFL,45,29,100.0,585.5,58550.0,2024-12-26
2024122601025671,MBL,60,6,500.0,241.0,120500.0,2024-12-26
2024122603014898,GMFIL,42,51,30.0,576.0,17280.0,2024-12-26
2024122603014897,GMFIL,52,51,30.0,576.0,17280.0,2024-12-26
2024122603014896,GMFIL,42,51,40.0,576.5,23060.0,2024-12-26
2024122601025670,SNLI,34,6,12.0,624.0,7488.0,2024-12-26
2024122601025669,RAWA,57,91,10.0,805.0,8050.0,2024-12-26
2024122601025668,RAWA,57,39,10.0,804.0,8040.0,2024-12-26
2024122601025667,RAWA,57,14,10.0,803.0,8030.0,2024-12-26
2024122604010435,PMHPL,57,49,10.0,277.9,2779.0,2024-12-26
2024122603014895,SMFBS,53,57,107.0,1935.0,207045.0,2024-12-26
2024122601025666,SANIMA,6,55,150.0,306.0,45900.0,2024-12-26
2024122605009717,SONA,42,58,70.0,460.5,32235.0,2024-12-26
2024122605009716,NRIC,41,32,30.0,731.0,21930.0,2024-12-26
2024122601025665,DLBS,60,75,30.0,1666.2,49986.0,2024-12-26
2024122604010434,NGPL,58,70,100.0,263.0,26300.0,2024-12-26
2024122601025664,GBIME,58,51,140.0,233.0,32620.0,2024-12-26
2024122601025663,GBIME,58,42,60.0,233.0,13980.0,2024-12-26
2024122601025662,GBIME,58,57,300.0,232.9,69870.0,2024-12-26
2024122601025661,MHL,90,95,10.0,870.0,8700.0,2024-12-26
2024122601025660,MHL,90,25,10.0,862.0,8620.0,2024-12-26
2024122601025659,MHL,90,14,10.0,860.0,8600.0,2024-12-26
2024122601025658,RFPL,65,62,200.0,995.1,199020.0,2024-12-26
2024122601025657,RFPL,62,62,100.0,995.1,99510.0,2024-12-26
2024122601025656,SBL,22,45,31.0,311.4,9653.4,2024-12-26
2024122601025655,ULHC,44,10,330.0,501.3,165429.0,2024-12-26
2024122601025654,ULHC,45,10,100.0,501.4,50140.0,2024-12-26
2024122601025653,ULHC,65,10,90.0,501.4,45126.0,2024-12-26
2024122603014894,KSBBL,45,50,10.0,440.0,4400.0,2024-12-26
2024122603014893,KSBBL,45,86,10.0,438.9,4389.0,2024-12-26
2024122601025652,KBL,17,45,25.0,221.0,5525.0,2024-12-26
2024122601025651,TAMOR,42,19,3200.0,504.3,1613760.0,2024-12-26
2024122601025650,BEDC,48,38,200.0,696.0,139200.0,2024-12-26
2024122601025649,SARBTM,49,65,90.0,766.0,68940.0,2024-12-26
2024122601025648,SARBTM,49,47,10.0,766.0,7660.0,2024-12-26
2024122601025647,MKCL,25,55,10.0,1500.0,15000.0,2024-12-26
2024122603014892,PROFL,55,34,500.0,631.0,315500.0,2024-12-26
2024122603014891,SFCL,32,99,10.0,653.0,6530.0,2024-12-26
2024122603014890,SFCL,67,99,30.0,653.0,19590.0,2024-12-26
2024122601025646,EHPL,42,82,10.0,770.0,7700.0,2024-12-26
2024122603014889,NLIC,45,42,100.0,768.0,76800.0,2024-12-26
2024122601025645,NBL,58,18,1060.0,272.8,289168.0,2024-12-26
2024122601025644,NBL,58,29,100.0,272.7,27270.0,2024-12-26
2024122601025643,NBL,58,36,500.0,272.7,136350.0,2024-12-26
2024122601025642,NBL,58,43,140.0,272.7,38178.0,2024-12-26
2024122603014888,MLBBL,58,7,10.0,1569.0,15690.0,2024-12-26
2024122603014887,SMB,58,64,30.0,3261.3,97839.0,2024-12-26
2024122604010433,KKHC,32,62,68.0,388.0,26384.0,2024-12-26
2024122605009715,HATHY,22,7,42.0,1322.0,55524.0,2024-12-26
2024122603014886,RLFL,38,51,20.0,585.3,11706.0,2024-12-26
2024122601025641,KBSH,45,34,15.0,2587.0,38805.0,2024-12-26
2024122601025640,MKHL,77,5,50.0,626.5,31325.0,2024-12-26
2024122601025639,BHL,35,4,10.0,364.6,3646.0,2024-12-26
2024122601025638,SBL,50,34,45.0,310.0,13950.0,2024-12-26
2024122603014885,MFIL,16,4,100.0,670.0,67000.0,2024-12-26
2024122601025637,HIDCLP,94,68,2000.0,173.0,346000.0,2024-12-26
2024122601025636,NIMB,1,45,10.0,225.7,2257.0,2024-12-26
2024122601025635,SMHL,65,59,10.0,1200.1,12001.0,2024-12-26
2024122604010432,HURJA,59,13,80.0,228.8,18304.0,2024-12-26
2024122604010431,UMRH,28,44,10.0,619.9,6199.0,2024-12-26
2024122604010430,CHL,58,50,70.0,400.0,28000.0,2024-12-26
2024122604010429,CHL,41,50,130.0,400.0,52000.0,2024-12-26
2024122601025634,PPL,41,14,110.0,535.1,58861.0,2024-12-26
2024122601025633,PPL,60,14,500.0,537.0,268500.0,2024-12-26
2024122601025632,PPL,62,14,100.0,538.0,53800.0,2024-12-26
2024122601025631,PPL,77,14,100.0,538.1,53810.0,2024-12-26
2024122601025630,PPL,47,14,20.0,539.0,10780.0,2024-12-26
2024122601025629,PPL,59,14,170.0,539.1,91647.0,2024-12-26
2024122601025628,ULHC,65,54,10.0,501.4,5014.0,2024-12-26
2024122603014884,BFC,41,28,99.0,689.0,68211.0,2024-12-26
2024122601025627,NIMB,38,39,267.0,225.2,60128.4,2024-12-26
2024122604010428,HDHPC,32,43,597.0,200.1,119459.7,2024-12-26
2024122604010427,HDHPC,16,43,303.0,200.2,60660.6,2024-12-26
2024122604010426,HDHPC,26,43,100.0,200.4,20040.0,2024-12-26
2024122603014883,JBBL,96,51,100.0,368.0,36800.0,2024-12-26
2024122601025626,SBI,6,6,230.0,435.0,100050.0,2024-12-26
2024122603014882,JFL,5,55,53.0,850.0,45050.0,2024-12-26
2024122604010425,HPPL,8,38,15.0,397.0,5955.0,2024-12-26
2024122604010424,HPPL,5,38,185.0,397.0,73445.0,2024-12-26
2024122604010423,SSHL,57,17,400.0,231.5,92600.0,2024-12-26
2024122604010422,SSHL,25,17,100.0,231.6,23160.0,2024-12-26
2024122603014881,MFIL,49,4,10.0,670.0,6700.0,2024-12-26
2024122601025625,MANDU,3,49,30.0,908.0,27240.0,2024-12-26
2024122604010421,NHPC,34,6,274.0,217.9,59704.6,2024-12-26
2024122604010420,NHPC,34,48,46.0,217.4,10000.4,2024-12-26
2024122604010419,NHPC,34,56,180.0,217.3,39114.0,2024-12-26
2024122603014880,MFIL,44,4,80.0,670.0,53600.0,2024-12-26
2024122601025624,MCHL,20,44,89.0,620.5,55224.5,2024-12-26
2024122604010418,HURJA,34,50,450.0,228.7,102915.0,2024-12-26
2024122604010417,HURJA,6,50,50.0,228.7,11435.0,2024-12-26
2024122601025623,AHL,42,26,10.0,730.0,7300.0,2024-12-26
2024122601025622,AHL,42,38,100.0,725.0,72500.0,2024-12-26
2024122603014879,LLBS,14,35,10.0,1106.0,11060.0,2024-12-26
2024122601025621,MBL,60,46,128.0,241.0,30848.0,2024-12-26
2024122601025620,MBL,60,34,100.0,241.0,24100.0,2024-12-26
2024122601025619,USHEC,38,60,405.0,607.3,245956.5,2024-12-26
2024122601025618,USHEC,57,60,45.0,607.4,27333.0,2024-12-26
2024122601025617,USHEC,72,60,50.0,607.4,30370.0,2024-12-26
2024122601025616,MMKJL,75,62,10.0,684.0,6840.0,2024-12-26
2024122603014878,SFCL,25,99,10.0,653.0,6530.0,2024-12-26
2024122604010416,KKHC,32,10,20.0,388.0,7760.0,2024-12-26
2024122603014877,SLBSL,29,35,10.0,1950.0,19500.0,2024-12-26
2024122604010415,SGIC,42,43,150.0,662.0,99300.0,2024-12-26
2024122604010414,SGIC,57,43,100.0,662.0,66200.0,2024-12-26
2024122604010413,SGIC,51,43,50.0,662.6,33130.0,2024-12-26
2024122601025615,PRVU,94,65,100.0,244.0,24400.0,2024-12-26
2024122601025614,PRVU,87,65,10.0,244.0,2440.0,2024-12-26
2024122601025613,PRVU,47,65,450.0,244.0,109800.0,2024-12-26
2024122601025612,PRVU,21,65,400.0,244.0,97600.0,2024-12-26
2024122601025611,JBLB,45,6,10.0,1520.1,15201.0,2024-12-26
2024122601025610,JBLB,37,6,40.0,1520.6,60824.0,2024-12-26
2024122601025609,NABIL,19,48,87.0,502.0,43674.0,2024-12-26
2024122605009714,NRN,39,4,20.0,945.0,18900.0,2024-12-26
2024122604010412,RHPL,38,35,10.0,432.0,4320.0,2024-12-26
2024122603014876,CBBL,49,6,18.0,927.1,16687.8,2024-12-26
2024122601025608,SARBTM,34,11,297.0,764.8,227145.6,2024-12-26
2024122601025607,SARBTM,38,11,100.0,765.0,76500.0,2024-12-26
2024122601025606,SARBTM,41,11,103.0,765.1,78805.3,2024-12-26
2024122604010411,HDHPC,46,49,100.0,200.5,20050.0,2024-12-26
2024122601025605,NIMB,38,25,100.0,225.2,22520.0,2024-12-26
2024122603014875,NFS,72,36,10.0,1044.9,10449.0,2024-12-26
2024122603014874,NFS,41,45,30.0,1045.9,31377.0,2024-12-26
2024122604010410,CGH,58,38,16.0,905.4,14486.4,2024-12-26
2024122601025604,NBL,29,43,10.0,272.7,2727.0,2024-12-26
2024122603014873,ICFC,26,38,60.0,667.9,40074.0,2024-12-26
2024122604010409,RIDI,13,72,1000.0,221.0,221000.0,2024-12-26
2024122604010408,RIDI,44,72,100.0,221.0,22100.0,2024-12-26
2024122604010407,RIDI,57,72,89.0,221.1,19677.9,2024-12-26
2024122603014872,LBBL,71,25,50.0,481.0,24050.0,2024-12-26
2024122601025603,MHL,70,45,50.0,855.1,42755.0,2024-12-26
2024122605009713,GCIL,57,17,10.0,501.0,5010.0,2024-12-26
2024122605009712,NRM,17,57,10.0,438.4,4384.0,2024-12-26
2024122605009711,SONA,42,37,397.0,459.0,182223.0,2024-12-26
2024122605009710,SONA,42,37,593.0,459.0,272187.0,2024-12-26
2024122605009709,SONA,17,37,10.0,460.0,4600.0,2024-12-26
2024122604010406,AKPL,6,17,64.0,233.1,14918.4,2024-12-26
2024122604010405,AKPL,55,17,86.0,234.0,20124.0,2024-12-26
2024122601025602,BHPL,34,37,10.0,850.0,8500.0,2024-12-26
2024122604010404,NHDL,85,71,200.0,727.0,145400.0,2024-12-26
2024122604010403,NHDL,85,59,100.0,725.0,72500.0,2024-12-26
2024122604010402,NHDL,85,34,60.0,725.0,43500.0,2024-12-26
2024122604010401,NHDL,85,35,40.0,725.0,29000.0,2024-12-26
2024122604010400,NHDL,85,67,300.0,723.0,216900.0,2024-12-26
2024122604010399,NHDL,85,16,66.0,722.9,47711.4,2024-12-26
2024122605009708,MBJC,22,7,10.0,334.5,3345.0,2024-12-26
2024122603014871,GBLBS,42,18,50.0,770.0,38500.0,2024-12-26
2024122601025601,LSL,32,19,792.0,239.8,189921.6,2024-12-26
2024122601025600,LSL,32,11,183.0,239.7,43865.1,2024-12-26
2024122603014870,MDB,44,4,200.0,711.0,142200.0,2024-12-26
2024122603014869,MDB,44,86,20.0,710.9,14218.0,2024-12-26
2024122603014868,DDBL,36,93,320.0,871.0,278720.0,2024-12-26
2024122603014867,DDBL,36,93,80.0,871.0,69680.0,2024-12-26
2024122603014866,USLB,44,62,75.0,1541.0,115575.0,2024-12-26
2024122601025599,NESDO,45,58,10.0,2202.0,22020.0,2024-12-26
2024122601025598,CITY,13,58,10.0,878.1,8781.0,2024-12-26
2024122604010398,API,29,41,100.0,265.0,26500.0,2024-12-26
2024122604010397,RIDI,51,72,190.0,221.8,42142.0,2024-12-26
2024122604010396,SPDL,70,41,12.0,331.9,3982.8,2024-12-26
2024122601025597,IHL,45,57,20.0,677.0,13540.0,2024-12-26
2024122603014865,FMDBL,56,5,110.0,756.3,83193.0,2024-12-26
2024122603014864,HLI,49,65,200.0,450.0,90000.0,2024-12-26
2024122603014863,HLI,49,49,14.0,450.0,6300.0,2024-12-26
2024122603014862,HLI,49,58,529.0,450.0,238050.0,2024-12-26
2024122601025596,KBL,17,49,250.0,221.0,55250.0,2024-12-26
2024122603014861,GLBSL,17,1,40.0,2550.0,102000.0,2024-12-26
2024122603014860,GLBSL,17,38,10.0,2550.0,25500.0,2024-12-26
2024122601025595,SARBTM,38,47,40.0,766.0,30640.0,2024-12-26
2024122601025594,SARBTM,38,58,50.0,766.0,38300.0,2024-12-26
2024122601025593,SARBTM,38,7,10.0,766.0,7660.0,2024-12-26
2024122605009707,HIDCL,34,7,385.0,242.0,93170.0,2024-12-26
2024122605009706,HIDCL,34,55,50.0,242.0,12100.0,2024-12-26
2024122605009705,HIDCL,34,44,293.0,242.0,70906.0,2024-12-26
2024122605009704,HIDCL,34,45,778.0,242.0,188276.0,2024-12-26
2024122604010395,CGH,41,38,220.0,905.4,199188.0,2024-12-26
2024122604010394,CGH,37,38,85.0,905.4,76959.0,2024-12-26
2024122603014859,JFL,19,55,100.0,850.0,85000.0,2024-12-26
2024122603014858,JFL,42,55,40.0,850.0,34000.0,2024-12-26
2024122603014857,JFL,33,55,200.0,850.0,170000.0,2024-12-26
2024122603014856,JFL,25,55,10.0,850.0,8500.0,2024-12-26
2024122603014855,JFL,94,55,20.0,850.0,17000.0,2024-12-26
2024122603014854,JFL,7,55,20.0,850.0,17000.0,2024-12-26
2024122603014853,JFL,38,55,100.0,850.0,85000.0,2024-12-26
2024122603014852,JFL,4,55,100.0,850.0,85000.0,2024-12-26
2024122603014851,JFL,1,55,200.0,850.0,170000.0,2024-12-26
2024122603014850,JFL,4,55,35.0,850.0,29750.0,2024-12-26
2024122603014849,JFL,47,55,200.0,850.0,170000.0,2024-12-26
2024122603014848,JFL,39,55,100.0,850.0,85000.0,2024-12-26
2024122603014847,JFL,36,55,25.0,850.0,21250.0,2024-12-26
2024122603014846,JFL,42,55,100.0,850.0,85000.0,2024-12-26
2024122603014845,JFL,44,55,30.0,850.0,25500.0,2024-12-26
2024122603014844,JFL,34,55,67.0,850.0,56950.0,2024-12-26
2024122601025592,PRVU,59,21,61.0,244.1,14890.1,2024-12-26
2024122601025591,PRVU,59,42,439.0,244.1,107159.9,2024-12-26
2024122605009703,NRIC,13,32,32.0,731.0,23392.0,2024-12-26
2024122603014843,SFCL,42,41,58.0,654.0,37932.0,2024-12-26
2024122601025590,KDL,42,21,10.0,1152.0,11520.0,2024-12-26
2024122601025589,TPC,41,19,63.0,540.0,34020.0,2024-12-26
2024122604010393,GLH,26,33,245.0,240.6,58947.0,2024-12-26
2024122604010392,GLH,58,33,255.0,241.0,61455.0,2024-12-26
2024122603014842,LICN,58,50,85.0,1147.0,97495.0,2024-12-26
2024122603014841,LICN,58,58,15.0,1145.0,17175.0,2024-12-26
2024122603014840,LICN,58,4,40.0,1140.0,45600.0,2024-12-26
2024122603014839,LICN,58,57,60.0,1136.0,68160.0,2024-12-26
2024122605009702,KDBY,47,58,100.0,9.23,923.0,2024-12-26
2024122603014838,NFS,72,6,90.0,1044.9,94041.0,2024-12-26
2024122603014837,NFS,57,6,10.0,1045.0,10450.0,2024-12-26
2024122601025588,DOLTI,56,6,75.0,678.1,50857.5,2024-12-26
2024122601025587,DOLTI,91,6,25.0,678.1,16952.5,2024-12-26
2024122605009701,SAHAS,45,41,70.0,476.0,33320.0,2024-12-26
2024122604010391,RIDI,34,35,98.0,221.2,21677.6,2024-12-26
2024122604010390,JOSHI,57,34,20.0,460.3,9206.0,2024-12-26
2024122604010389,NGPL,57,70,380.0,263.0,99940.0,2024-12-26
2024122601025586,RHGCL,34,19,190.0,546.8,103892.0,2024-12-26
2024122601025585,RHGCL,34,57,10.0,546.0,5460.0,2024-12-26
2024122601025584,RHGCL,34,57,100.0,545.0,54500.0,2024-12-26
2024122601025583,RHGCL,34,19,10.0,545.0,5450.0,2024-12-26
2024122601025582,RHGCL,34,40,275.0,545.0,149875.0,2024-12-26
2024122601025581,RHGCL,34,6,10.0,545.0,5450.0,2024-12-26
2024122601025580,RHGCL,34,41,10.0,545.0,5450.0,2024-12-26
2024122601025579,RHGCL,34,49,10.0,545.0,5450.0,2024-12-26
2024122601025578,RHGCL,34,34,45.0,545.0,24525.0,2024-12-26
2024122601025577,RHGCL,34,57,10.0,545.0,5450.0,2024-12-26
2024122601025576,RHGCL,34,39,10.0,544.0,5440.0,2024-12-26
2024122601025575,RHGCL,34,45,10.0,544.0,5440.0,2024-12-26
2024122601025574,RHGCL,34,4,100.0,543.0,54300.0,2024-12-26
2024122601025573,RHGCL,34,47,10.0,540.0,5400.0,2024-12-26
2024122601025572,RHGCL,34,45,100.0,540.0,54000.0,2024-12-26
2024122601025571,RHGCL,34,6,10.0,540.0,5400.0,2024-12-26
2024122601025570,RHGCL,34,8,50.0,539.0,26950.0,2024-12-26
2024122601025569,RHGCL,34,57,10.0,538.0,5380.0,2024-12-26
2024122601025568,RHGCL,34,48,30.0,538.0,16140.0,2024-12-26
2024122601025567,SHLB,17,34,40.0,2620.0,104800.0,2024-12-26
2024122603014836,MPFL,38,43,50.0,685.0,34250.0,2024-12-26
2024122601025566,SMHL,65,3,657.0,1200.1,788465.7,2024-12-26
2024122601025565,SMHL,65,3,70.0,1200.1,84007.0,2024-12-26
2024122601025564,SMHL,65,3,1230.0,1200.2,1476246.0,2024-12-26
2024122603014835,MLBL,44,45,104.0,389.2,40476.8,2024-12-26
2024122604010388,HURJA,4,13,100.0,228.8,22880.0,2024-12-26
2024122604010387,BARUN,28,36,180.0,405.5,72990.0,2024-12-26
2024122605009700,SMJC,38,48,10.0,527.1,5271.0,2024-12-26
2024122604010386,SPDL,8,41,10.0,331.9,3319.0,2024-12-26
2024122604010385,UAIL,19,26,19.0,625.5,11884.5,2024-12-26
2024122601025563,CKHL,55,5,50.0,742.0,37100.0,2024-12-26
2024122604010384,SHPC,5,44,10.0,481.7,4817.0,2024-12-26
2024122604010383,DHPL,8,19,100.0,306.0,30600.0,2024-12-26
2024122604010382,AKPL,55,49,164.0,234.0,38376.0,2024-12-26
2024122605009699,SMATA,39,38,10.0,812.1,8121.0,2024-12-26
2024122603014834,JFL,34,3,33.0,850.0,28050.0,2024-12-26
2024122603014833,JFL,45,3,100.0,850.0,85000.0,2024-12-26
2024122603014832,JFL,7,3,12.0,850.0,10200.0,2024-12-26
2024122603014831,JFL,57,3,10.0,850.0,8500.0,2024-12-26
2024122603014830,JFL,57,3,100.0,850.0,85000.0,2024-12-26
2024122603014829,JFL,42,3,100.0,850.0,85000.0,2024-12-26
2024122603014828,JFL,74,3,150.0,850.7,127605.0,2024-12-26
2024122603014827,JFL,34,3,50.0,850.7,42535.0,2024-12-26
2024122603014826,JFL,41,3,20.0,850.7,17014.0,2024-12-26
2024122603014825,JFL,45,3,50.0,850.7,42535.0,2024-12-26
2024122603014824,JFL,45,3,100.0,850.8,85080.0,2024-12-26
2024122603014823,JFL,80,3,280.0,850.8,238224.0,2024-12-26
2024122603014822,JFL,63,3,100.0,851.0,85100.0,2024-12-26
2024122603014821,JFL,62,3,20.0,851.0,17020.0,2024-12-26
2024122603014820,JFL,63,3,100.0,851.0,85100.0,2024-12-26
2024122603014819,JFL,16,3,2000.0,851.7,1703400.0,2024-12-26
2024122603014818,JFL,10,3,100.0,851.7,85170.0,2024-12-26
2024122603014817,JFL,42,3,20.0,852.0,17040.0,2024-12-26
2024122603014816,JFL,57,3,290.0,852.0,247080.0,2024-12-26
2024122604010381,RADHI,3,45,10.0,353.5,3535.0,2024-12-26
2024122601025562,TPC,1,19,50.0,540.0,27000.0,2024-12-26
2024122601025561,TPC,1,25,90.0,539.5,48555.0,2024-12-26
2024122604010380,SHEL,28,32,500.0,239.9,119950.0,2024-12-26
2024122604010379,SHEL,28,42,100.0,239.8,23980.0,2024-12-26
2024122604010378,SHEL,28,57,100.0,239.8,23980.0,2024-12-26
2024122601025560,SPHL,60,51,10.0,825.0,8250.0,2024-12-26
2024122601025559,SPHL,60,6,10.0,820.0,8200.0,2024-12-26
2024122601025558,SBL,62,13,21.0,311.0,6531.0,2024-12-26
2024122601025557,BHPL,42,92,10.0,845.0,8450.0,2024-12-26
2024122603014815,MPFL,16,58,120.0,684.2,82104.0,2024-12-26
2024122603014814,NFS,72,43,10.0,1044.9,10449.0,2024-12-26
2024122603014813,MATRI,29,6,10.0,1251.2,12512.0,2024-12-26
2024122604010377,AHPC,17,25,1000.0,253.5,253500.0,2024-12-26
2024122603014812,CORBL,49,35,10.0,1399.5,13995.0,2024-12-26
2024122604010376,AHPC,17,57,41.0,253.7,10401.7,2024-12-26
2024122604010375,AHPC,17,57,50.0,253.7,12685.0,2024-12-26
2024122601025556,SMHL,65,17,10.0,1200.2,12002.0,2024-12-26
2024122601025555,NESDO,45,80,15.0,2202.0,33030.0,2024-12-26
2024122603014811,SMB,34,49,54.0,3261.3,176110.2,2024-12-26
2024122603014810,SMB,34,56,46.0,3261.3,150019.8,2024-12-26
2024122603014809,ALICL,18,58,10.0,708.0,7080.0,2024-12-26
2024122605009698,SONA,17,49,10.0,460.0,4600.0,2024-12-26
2024122605009697,SONA,17,55,40.0,460.0,18400.0,2024-12-26
2024122604010374,UPPER,14,17,120.0,207.7,24924.0,2024-12-26
2024122603014808,SMB,16,56,30.0,3261.3,97839.0,2024-12-26
2024122604010373,RHPL,44,1,355.0,429.7,152543.5,2024-12-26
2024122604010372,RHPL,22,1,100.0,429.8,42980.0,2024-12-26
2024122604010371,RHPL,48,1,290.0,430.0,124700.0,2024-12-26
2024122601025554,PRVU,21,32,100.0,244.0,24400.0,2024-12-26
2024122604010370,AHPC,28,7,56.0,253.7,14207.2,2024-12-26
2024122603014807,BFC,50,28,100.0,689.0,68900.0,2024-12-26
2024122603014806,BFC,17,28,175.0,689.0,120575.0,2024-12-26
2024122605009696,PSF,48,10,2000.0,9.96,19920.0,2024-12-26
2024122601025553,TPC,48,54,10.0,535.1,5351.0,2024-12-26
2024122601025552,PRVU,57,42,339.0,244.1,82749.9,2024-12-26
2024122601025551,PRVU,90,42,457.0,244.2,111599.4,2024-12-26
2024122601025550,BEDC,48,42,460.0,696.0,320160.0,2024-12-26
2024122601025549,BEDC,35,42,100.0,696.0,69600.0,2024-12-26
2024122601025548,BEDC,74,42,440.0,696.1,306284.0,2024-12-26
2024122604010369,API,58,41,15.0,265.0,3975.0,2024-12-26
2024122604010368,API,54,41,20.0,265.0,5300.0,2024-12-26
2024122603014805,GMFBS,34,51,50.0,1787.0,89350.0,2024-12-26
2024122605009695,MEL,35,21,312.0,311.2,97094.4,2024-12-26
2024122601025547,TVCL,56,45,100.0,556.0,55600.0,2024-12-26
2024122601025546,ULHC,39,19,103.0,502.0,51706.0,2024-12-26
2024122604010367,JOSHI,57,34,50.0,460.3,23015.0,2024-12-26
2024122605009694,HIDCL,57,45,222.0,242.0,53724.0,2024-12-26
2024122605009693,HIDCL,57,40,18.0,242.0,4356.0,2024-12-26
2024122604010366,SHPC,26,26,140.0,477.3,66822.0,2024-12-26
2024122604010365,SHPC,25,26,50.0,477.3,23865.0,2024-12-26
2024122604010364,SHPC,11,26,50.0,477.5,23875.0,2024-12-26
2024122604010363,SHPC,22,26,25.0,478.0,11950.0,2024-12-26
2024122604010362,SHPC,45,26,35.0,478.0,16730.0,2024-12-26
2024122601025545,KBL,17,17,22.0,221.0,4862.0,2024-12-26
2024122601025544,KBL,58,17,12.0,221.0,2652.0,2024-12-26
2024122601025543,KBL,78,17,466.0,221.0,102986.0,2024-12-26
2024122601025542,DLBS,60,38,10.0,1666.2,16662.0,2024-12-26
2024122601025541,DLBS,22,38,10.0,1666.2,16662.0,2024-12-26
2024122601025540,DLBS,40,38,165.0,1666.3,274939.5,2024-12-26
2024122603014804,MPFL,45,43,60.0,685.0,41100.0,2024-12-26
2024122604010361,UNHPL,29,45,12.0,283.0,3396.0,2024-12-26
2024122605009692,CLI,91,55,10.0,675.0,6750.0,2024-12-26
2024122603014803,BFC,55,61,10.0,690.0,6900.0,2024-12-26
2024122601025539,MCHL,32,26,10.0,622.0,6220.0,2024-12-26
2024122604010360,KKHC,32,32,32.0,388.0,12416.0,2024-12-26
2024122601025538,GVL,32,45,10.0,561.5,5615.0,2024-12-26
2024122601025537,CKHL,55,52,52.0,742.0,38584.0,2024-12-26
2024122601025536,CKHL,29,52,100.0,742.0,74200.0,2024-12-26
2024122604010359,PMHPL,89,38,18.0,274.0,4932.0,2024-12-26
2024122601025535,MKHC,48,87,100.0,505.0,50500.0,2024-12-26
2024122603014802,SWBBL,54,45,10.0,896.0,8960.0,2024-12-26
2024122603014801,SWBBL,54,60,16.0,895.0,14320.0,2024-12-26
2024122603014800,GFCL,45,53,30.0,814.0,24420.0,2024-12-26
2024122603014799,GFCL,49,53,20.0,814.9,16298.0,2024-12-26
2024122604010358,NIL,53,6,50.0,925.0,46250.0,2024-12-26
2024122601025534,RHGCL,42,48,160.0,538.0,86080.0,2024-12-26
2024122605009691,NRIC,42,32,50.0,731.0,36550.0,2024-12-26
2024122601025533,SMHL,65,22,60.0,1200.2,72012.0,2024-12-26
2024122601025532,ADBL,58,57,300.0,333.5,100050.0,2024-12-26
2024122604010357,AKPL,58,38,127.0,234.8,29819.6,2024-12-26
2024122601025531,PPL,57,21,100.0,540.0,54000.0,2024-12-26
2024122604010356,MHNL,19,44,10.0,264.0,2640.0,2024-12-26
2024122603014798,SFCL,35,41,20.0,654.0,13080.0,2024-12-26
2024122603014797,SFCL,35,5,80.0,653.0,52240.0,2024-12-26
2024122604010355,API,54,98,1000.0,265.0,265000.0,2024-12-26
2024122601025530,SNLI,49,51,10.0,624.5,6245.0,2024-12-26
2024122601025529,SNLI,49,55,12.0,624.5,7494.0,2024-12-26
2024122603014796,ILBS,57,50,12.0,950.0,11400.0,2024-12-26
2024122603014795,ILBS,57,49,38.0,950.0,36100.0,2024-12-26
2024122601025528,PRVU,18,49,129.0,244.5,31540.5,2024-12-26
2024122601025527,PRVU,18,7,100.0,244.2,24420.0,2024-12-26
2024122601025526,PRVU,18,40,71.0,244.2,17338.2,2024-12-26
2024122605009690,HRL,17,62,10.0,801.0,8010.0,2024-12-26
2024122605009689,HRL,17,13,10.0,800.1,8001.0,2024-12-26
2024122605009688,NIFRA,47,59,26.0,250.0,6500.0,2024-12-26
2024122605009687,NIFRA,35,59,20.0,250.0,5000.0,2024-12-26
2024122605009686,NIFRA,4,59,100.0,250.0,25000.0,2024-12-26
2024122605009685,NIFRA,47,59,300.0,250.0,75000.0,2024-12-26
2024122605009684,NIFRA,35,59,20.0,250.0,5000.0,2024-12-26
2024122605009683,NIFRA,57,59,60.0,250.0,15000.0,2024-12-26
2024122605009682,NIFRA,21,59,60.0,250.0,15000.0,2024-12-26
2024122605009681,NIFRA,28,59,100.0,250.0,25000.0,2024-12-26
2024122605009680,NIFRA,57,59,100.0,250.0,25000.0,2024-12-26
2024122605009679,NIFRA,51,59,14.0,250.0,3500.0,2024-12-26
2024122604010354,NLG,55,13,125.0,933.9,116737.5,2024-12-26
2024122604010353,RHPL,48,18,10.0,430.0,4300.0,2024-12-26
2024122604010352,SHL,16,42,103.0,469.0,48307.0,2024-12-26
2024122603014794,HLBSL,62,13,10.0,945.0,9450.0,2024-12-26
2024122603014793,HLBSL,62,28,10.0,945.0,9450.0,2024-12-26
2024122603014792,HLBSL,62,19,10.0,940.0,9400.0,2024-12-26
2024122603014791,HLBSL,62,48,20.0,939.9,18798.0,2024-12-26
2024122603014790,MDB,49,33,20.0,710.0,14200.0,2024-12-26
2024122601025525,SHLB,58,34,60.0,2620.0,157200.0,2024-12-26
2024122601025524,SHLB,58,21,10.0,2620.0,26200.0,2024-12-26
2024122601025523,SHLB,58,35,30.0,2620.0,78600.0,2024-12-26
2024122605009678,CLI,74,58,240.0,674.3,161832.0,2024-12-26
2024122603014789,SFCL,22,95,300.0,651.0,195300.0,2024-12-26
2024122603014788,SFCL,59,95,90.0,651.0,58590.0,2024-12-26
2024122603014787,SFCL,58,95,10.0,651.0,6510.0,2024-12-26
2024122603014786,SFCL,11,95,40.0,651.0,26040.0,2024-12-26
2024122603014785,SFCL,14,95,10.0,651.0,6510.0,2024-12-26
2024122603014784,SFCL,21,95,50.0,652.0,32600.0,2024-12-26
2024122603014783,SFCL,34,95,500.0,652.0,326000.0,2024-12-26
2024122604010351,GHL,49,35,100.0,206.9,20690.0,2024-12-26
2024122601025522,NBL,49,43,50.0,272.7,13635.0,2024-12-26
2024122601025521,BEDC,34,49,60.0,698.1,41886.0,2024-12-26
2024122601025520,UNLB,34,17,79.0,2407.1,190160.9,2024-12-26
2024122601025519,UNLB,56,17,21.0,2407.2,50551.2,2024-12-26
2024122604010350,SSHL,32,45,61.0,232.0,14152.0,2024-12-26
2024122605009677,NIFRA,51,55,10.0,250.0,2500.0,2024-12-26
2024122601025518,MBL,60,55,200.0,240.0,48000.0,2024-12-26
2024122601025517,MEHL,16,13,47.0,472.5,22207.5,2024-12-26
2024122601025516,MEHL,50,13,453.0,473.0,214269.0,2024-12-26
2024122603014782,LICN,50,32,25.0,1138.0,28450.0,2024-12-26
2024122601025515,MMKJL,54,62,30.0,684.0,20520.0,2024-12-26
2024122603014781,PMLI,45,47,179.0,525.0,93975.0,2024-12-26
2024122603014780,PMLI,54,47,10.0,525.0,5250.0,2024-12-26
2024122603014779,PMLI,45,47,10.0,525.0,5250.0,2024-12-26
2024122603014778,PMLI,34,47,52.0,525.0,27300.0,2024-12-26
2024122603014777,PMLI,42,47,100.0,525.1,52510.0,2024-12-26
2024122603014776,PMLI,44,47,24.0,525.1,12602.4,2024-12-26
2024122603014775,PMLI,35,47,10.0,525.9,5259.0,2024-12-26
2024122601025514,JBLB,58,14,16.0,1522.0,24352.0,2024-12-26
2024122601025513,HIDCLP,42,19,10.0,173.1,1731.0,2024-12-26
2024122603014774,MLBL,36,22,200.0,388.8,77760.0,2024-12-26
2024122603014773,MLBL,57,22,50.0,388.9,19445.0,2024-12-26
2024122605009676,ENL,22,58,10.0,1267.0,12670.0,2024-12-26
2024122603014772,BFC,88,61,50.0,690.0,34500.0,2024-12-26
2024122604010349,IGI,58,38,40.0,581.0,23240.0,2024-12-26
2024122603014771,SJLIC,32,35,20.0,450.0,9000.0,2024-12-26
2024122603014770,SJLIC,44,35,10.0,450.0,4500.0,2024-12-26
2024122603014769,JFL,57,35,110.0,852.0,93720.0,2024-12-26
2024122603014768,JFL,48,35,50.0,852.0,42600.0,2024-12-26
2024122603014767,JFL,45,35,100.0,852.0,85200.0,2024-12-26
2024122603014766,JFL,40,35,20.0,853.0,17060.0,2024-12-26
2024122601025512,ULHC,39,56,30.0,502.0,15060.0,2024-12-26
2024122601025511,MHL,70,25,130.0,855.1,111163.0,2024-12-26
2024122601025510,MHL,91,25,10.0,860.0,8600.0,2024-12-26
2024122605009675,SAHAS,57,41,300.0,476.0,142800.0,2024-12-26
2024122601025509,MCHL,46,26,250.0,622.0,155500.0,2024-12-26
2024122601025508,MKCL,18,71,25.0,1496.0,37400.0,2024-12-26
2024122603014765,ALICL,58,45,308.0,705.8,217386.4,2024-12-26
2024122603014764,ALICL,38,45,92.0,705.9,64942.8,2024-12-26
2024122601025507,UHEWA,16,38,100.0,686.1,68610.0,2024-12-26
2024122604010348,RHPL,38,18,30.0,430.0,12900.0,2024-12-26
2024122601025506,ULHC,39,45,100.0,502.0,50200.0,2024-12-26
2024122603014763,BFC,17,44,25.0,689.0,17225.0,2024-12-26
2024122603014762,BFC,6,44,50.0,689.0,34450.0,2024-12-26
2024122603014761,BFC,55,44,10.0,689.0,6890.0,2024-12-26
2024122603014760,BFC,28,44,425.0,689.0,292825.0,2024-12-26
2024122604010347,SHEL,48,52,10.0,239.1,2391.0,2024-12-26
2024122604010346,SHEL,48,52,270.0,239.1,64557.0,2024-12-26
2024122604010345,SHEL,35,52,20.0,239.5,4790.0,2024-12-26
2024122605009674,NTC,52,4,60.0,948.0,56880.0,2024-12-26
2024122604010344,UMHL,28,59,200.0,321.0,64200.0,2024-12-26
2024122601025505,MMKJL,84,62,334.0,684.1,228489.4,2024-12-26
2024122601025504,MMKJL,81,62,50.0,684.2,34210.0,2024-12-26
2024122601025503,NICA,33,48,20.0,403.0,8060.0,2024-12-26
2024122601025502,NICA,33,34,180.0,400.0,72000.0,2024-12-26
2024122604010343,JOSHI,22,34,30.0,460.3,13809.0,2024-12-26
2024122603014759,MFIL,58,10,40.0,669.1,26764.0,2024-12-26
2024122605009673,MEL,35,83,1000.0,311.2,311200.0,2024-12-26
2024122603014758,JFL,50,8,10.0,855.0,8550.0,2024-12-26
2024122605009672,CLI,74,58,10.0,674.3,6743.0,2024-12-26
2024122603014757,BFC,57,61,100.0,690.0,69000.0,2024-12-26
2024122603014756,NFS,72,57,800.0,1044.9,835920.0,2024-12-26
2024122601025501,MSHL,57,35,10.0,979.0,9790.0,2024-12-26
2024122601025500,UNL,49,69,10.0,46000.0,460000.0,2024-12-26
2024122604010342,HURJA,16,38,20.0,228.9,4578.0,2024-12-26
2024122601025499,TAMOR,42,38,215.0,504.3,108424.5,2024-12-26
2024122601025498,GVL,14,45,20.0,561.5,11230.0,2024-12-26
2024122601025497,GVL,45,45,100.0,561.5,56150.0,2024-12-26
2024122601025496,GVL,34,45,20.0,561.5,11230.0,2024-12-26
2024122603014755,SADBL,63,1,25.0,407.0,10175.0,2024-12-26
2024122603014754,SADBL,62,1,50.0,407.1,20355.0,2024-12-26
2024122603014753,SADBL,6,1,825.0,408.0,336600.0,2024-12-26
2024122603014752,SADBL,58,1,100.0,408.1,40810.0,2024-12-26
2024122603014751,MNBBL,38,38,271.0,374.5,101489.5,2024-12-26
2024122604010341,SSHL,32,1,700.0,232.0,162400.0,2024-12-26
2024122605009671,HDL,58,38,10.0,1361.2,13612.0,2024-12-26
2024122605009670,SHIVM,59,45,100.0,568.0,56800.0,2024-12-26
2024122605009669,SHIVM,59,52,105.0,568.0,59640.0,2024-12-26
2024122605009668,SHIVM,59,49,298.0,568.0,169264.0,2024-12-26
2024122604010340,SSHL,32,59,250.0,232.0,58000.0,2024-12-26
2024122601025495,NABIL,13,48,50.0,502.0,25100.0,2024-12-26
2024122601025494,NABIL,58,48,53.0,502.0,26606.0,2024-12-26
2024122604010339,NIL,40,53,16.0,921.5,14744.0,2024-12-26
2024122604010338,NIL,14,53,100.0,921.5,92150.0,2024-12-26
2024122604010337,NIL,59,53,300.0,921.5,276450.0,2024-12-26
2024122605009667,HIDCL,14,40,82.0,242.0,19844.0,2024-12-26
2024122605009666,HIDCL,14,5,18.0,242.0,4356.0,2024-12-26
2024122605009665,NIFRA,41,58,10.0,251.0,2510.0,2024-12-26
2024122603014750,CFCL,21,22,95.0,605.0,57475.0,2024-12-26
2024122603014749,SFCL,22,5,20.0,653.0,13060.0,2024-12-26
2024122601025493,DORDI,88,32,85.0,545.0,46325.0,2024-12-26
2024122601025492,DORDI,88,58,10.0,544.4,5444.0,2024-12-26
2024122601025491,DORDI,88,58,10.0,544.0,5440.0,2024-12-26
2024122601025490,DORDI,88,26,10.0,544.0,5440.0,2024-12-26
2024122601025489,DORDI,88,58,100.0,543.3,54330.0,2024-12-26
2024122601025488,DORDI,88,47,25.0,543.0,13575.0,2024-12-26
2024122601025487,DORDI,88,81,100.0,542.9,54290.0,2024-12-26
2024122601025486,DORDI,88,45,270.0,542.5,146475.0,2024-12-26
2024122601025485,DORDI,88,58,10.0,541.0,5410.0,2024-12-26
2024122601025484,DORDI,88,53,470.0,541.0,254270.0,2024-12-26
2024122601025483,DORDI,88,57,30.0,540.0,16200.0,2024-12-26
2024122601025482,DORDI,88,52,10.0,540.0,5400.0,2024-12-26
2024122601025481,DORDI,88,13,80.0,540.0,43200.0,2024-12-26
2024122601025480,DORDI,88,49,10.0,539.0,5390.0,2024-12-26
2024122601025479,DORDI,88,49,100.0,539.0,53900.0,2024-12-26
2024122601025478,DORDI,88,51,180.0,539.0,97020.0,2024-12-26
2024122603014748,GLBSL,87,49,13.0,2550.0,33150.0,2024-12-26
2024122603014747,GLBSL,87,34,25.0,2550.0,63750.0,2024-12-26
2024122603014746,GLBSL,87,42,20.0,2549.9,50998.0,2024-12-26
2024122601025477,MKHL,56,11,50.0,627.0,31350.0,2024-12-26
2024122605009664,SONA,58,55,10.0,460.0,4600.0,2024-12-26
2024122601025476,EBL,7,4,15.0,576.3,8644.5,2024-12-26
2024122605009663,MBJC,22,58,40.0,334.5,13380.0,2024-12-26
2024122601025475,SPC,68,52,10.0,518.0,5180.0,2024-12-26
2024122604010336,SHPC,45,58,965.0,478.0,461270.0,2024-12-26
2024122604010335,SHPC,45,58,223.0,478.0,106594.0,2024-12-26
2024122604010334,SHPC,59,58,60.0,480.0,28800.0,2024-12-26
2024122603014745,NUBL,34,57,10.0,680.0,6800.0,2024-12-26
2024122603014744,RSDC,34,58,10.0,674.0,6740.0,2024-12-26
2024122601025474,SRLI,36,1,10.0,420.6,4206.0,2024-12-26
2024122601025473,PRVU,38,40,284.0,244.2,69352.8,2024-12-26
2024122603014743,DDBL,33,38,15.0,871.1,13066.5,2024-12-26
2024122603014742,DDBL,47,38,10.0,871.1,8711.0,2024-12-26
2024122601025472,PRVU,38,22,20.0,244.2,4884.0,2024-12-26
2024122603014741,DDBL,17,38,20.0,872.0,17440.0,2024-12-26
2024122601025471,PRVU,38,22,121.0,244.2,29548.2,2024-12-26
2024122601025470,PRVU,38,25,200.0,244.2,48840.0,2024-12-26
2024122601025469,PRVU,38,13,875.0,244.2,213675.0,2024-12-26
2024122605009662,HATHY,22,36,10.0,1322.0,13220.0,2024-12-26
2024122604010333,UMHL,6,32,50.0,320.0,16000.0,2024-12-26
2024122604010332,NGPL,64,70,150.0,263.0,39450.0,2024-12-26
2024122605009661,HIDCL,47,5,100.0,242.0,24200.0,2024-12-26
2024122604010331,CHL,41,39,500.0,400.0,200000.0,2024-12-26
2024122603014740,KSBBL,33,86,10.0,438.9,4389.0,2024-12-26
2024122605009660,NSIF2,82,10,5000.0,10.2,51000.0,2024-12-26
2024122605009659,NSIF2,58,10,950.0,10.21,9699.5,2024-12-26
2024122601025468,KDL,26,37,71.0,1135.0,80585.0,2024-12-26
2024122601025467,KDL,1,37,44.0,1135.1,49944.4,2024-12-26
2024122601025466,KDL,41,37,10.0,1144.5,11445.0,2024-12-26
2024122603014739,GFCL,11,41,100.0,815.0,81500.0,2024-12-26
2024122604010330,UPPER,14,19,30.0,207.7,6231.0,2024-12-26
2024122605009658,RNLI,52,19,470.0,499.0,234530.0,2024-12-26
2024122605009657,RNLI,42,19,30.0,499.1,14973.0,2024-12-26
2024122601025465,HHL,32,35,10.0,536.0,5360.0,2024-12-26
2024122603014738,JBBL,96,17,100.0,368.0,36800.0,2024-12-26
2024122603014737,JBBL,96,38,500.0,368.0,184000.0,2024-12-26
2024122603014736,JBBL,96,36,184.0,368.0,67712.0,2024-12-26
2024122605009656,SMJC,38,51,40.0,527.1,21084.0,2024-12-26
2024122604010329,SHL,4,91,100.0,469.0,46900.0,2024-12-26
2024122601025464,ULHC,39,34,100.0,502.0,50200.0,2024-12-26
2024122604010328,TRH,16,57,10.0,1065.0,10650.0,2024-12-26
2024122604010327,AKJCL,45,47,250.0,200.5,50125.0,2024-12-26
2024122604010326,AKJCL,45,42,250.0,200.3,50075.0,2024-12-26
2024122604010325,AKJCL,55,45,100.0,200.2,20020.0,2024-12-26
2024122604010324,CHCL,1,60,650.0,570.5,370825.0,2024-12-26
2024122603014735,NFS,72,45,100.0,1044.9,104490.0,2024-12-26
2024122601025463,NABIL,58,45,200.0,502.0,100400.0,2024-12-26
2024122605009655,VLUCL,67,7,110.0,655.0,72050.0,2024-12-26
2024122605009654,VLUCL,67,58,10.0,655.0,6550.0,2024-12-26
2024122605009653,VLUCL,67,91,80.0,654.0,52320.0,2024-12-26
2024122601025462,SANIMA,52,32,10.0,307.0,3070.0,2024-12-26
2024122605009652,HRL,34,54,10.0,800.0,8000.0,2024-12-26
2024122601025461,ANLB,39,90,11.0,5937.4,65311.4,2024-12-26
2024122604010323,UMRH,16,41,90.0,617.2,55548.0,2024-12-26
2024122605009651,CIT,72,42,16.0,2089.0,33424.0,2024-12-26
2024122605009650,CIT,5,42,10.0,2089.0,20890.0,2024-12-26
2024122605009649,CIT,51,42,10.0,2089.2,20892.0,2024-12-26
2024122605009648,CIT,51,42,20.0,2089.3,41786.0,2024-12-26
2024122605009647,CIT,22,42,20.0,2089.5,41790.0,2024-12-26
2024122605009646,CIT,25,42,24.0,2089.6,50150.4,2024-12-26
2024122601025460,NICA,56,34,200.0,400.0,80000.0,2024-12-26
2024122603014734,MPFL,51,43,20.0,685.0,13700.0,2024-12-26
2024122604010322,RADHI,3,34,10.0,353.9,3539.0,2024-12-26
2024122603014733,SMB,58,56,20.0,3261.3,65226.0,2024-12-26
2024122601025459,SNLI,34,55,12.0,624.0,7488.0,2024-12-26
2024122603014732,ACLBSL,45,51,50.0,1026.0,51300.0,2024-12-26
2024122604010321,SSHL,32,38,3000.0,232.0,696000.0,2024-12-26
2024122601025458,MCHL,20,32,194.0,620.5,120377.0,2024-12-26
2024122601025457,MCHL,1,32,265.0,620.5,164432.5,2024-12-26
2024122601025456,MCHL,21,32,60.0,622.0,37320.0,2024-12-26
2024122601025455,MCHL,22,32,10.0,622.0,6220.0,2024-12-26
2024122601025454,MCHL,21,32,200.0,622.0,124400.0,2024-12-26
2024122601025453,MCHL,45,32,200.0,622.0,124400.0,2024-12-26
2024122601025452,MCHL,48,32,71.0,622.0,44162.0,2024-12-26
2024122603014731,SMPDA,32,35,10.0,946.0,9460.0,2024-12-26
2024122605009645,CHDC,6,52,28.0,1560.0,43680.0,2024-12-26
2024122605009644,CHDC,4,52,22.0,1561.0,34342.0,2024-12-26
2024122603014730,JFL,50,87,10.0,855.0,8550.0,2024-12-26
2024122601025451,GVL,53,81,90.0,562.0,50580.0,2024-12-26
2024122604010320,UMRH,16,53,100.0,617.2,61720.0,2024-12-26
2024122604010319,RURU,14,6,27.0,681.0,18387.0,2024-12-26
2024122604010318,CGH,37,33,100.0,905.4,90540.0,2024-12-26
2024122603014729,SLBSL,33,6,18.0,1940.0,34920.0,2024-12-26
2024122603014728,PFL,33,45,50.0,618.0,30900.0,2024-12-26
2024122604010317,GHL,33,60,15.0,206.6,3099.0,2024-12-26
2024122605009643,SHIVM,14,6,50.0,567.0,28350.0,2024-12-26
2024122604010316,RURU,87,6,75.0,680.2,51015.0,2024-12-26
2024122603014727,GFCL,36,25,658.0,813.0,534954.0,2024-12-26
2024122603014726,GFCL,29,25,10.0,813.4,8134.0,2024-12-26
2024122603014725,GFCL,19,25,100.0,813.5,81350.0,2024-12-26
2024122603014724,GFCL,62,25,10.0,814.0,8140.0,2024-12-26
2024122603014723,GFCL,58,25,100.0,814.0,81400.0,2024-12-26
