transaction,symbol,buyer,seller,quantity,rate,amount,date
2024030604011711,BARUN,57,49,10.0,251.0,2510.0,2024-03-06
2024030604011710,RIDI,62,6,100.0,190.5,19050.0,2024-03-06
2024030601033463,MSHL,51,28,80.0,600.0,48000.0,2024-03-06
2024030605006123,SIGS2,4,49,225.0,8.09,1820.25,2024-03-06
2024030604011709,UPPER,17,57,50.0,205.0,10250.0,2024-03-06
2024030604011708,UPPER,17,22,40.0,205.0,8200.0,2024-03-06
2024030604011707,UPPER,17,34,50.0,205.0,10250.0,2024-03-06
2024030604011706,NHPC,4,49,10.0,160.0,1600.0,2024-03-06
2024030604011705,NHPC,4,6,20.0,159.6,3192.0,2024-03-06
2024030601033462,MAKAR,4,22,20.0,402.9,8058.0,2024-03-06
2024030601033461,MAKAR,4,26,500.0,402.9,201450.0,2024-03-06
2024030601033460,MAKAR,4,26,200.0,402.9,80580.0,2024-03-06
2024030601033459,MAKAR,4,48,190.0,402.9,76551.0,2024-03-06
2024030601033458,MAKAR,4,17,10.0,402.9,4029.0,2024-03-06
2024030601033457,MAKAR,4,14,50.0,402.9,20145.0,2024-03-06
2024030601033456,MAKAR,4,81,500.0,402.0,201000.0,2024-03-06
2024030601033455,MAKAR,4,34,300.0,402.0,120600.0,2024-03-06
2024030601033454,MAKAR,4,51,10.0,400.0,4000.0,2024-03-06
2024030601033453,MAKAR,4,42,50.0,400.0,20000.0,2024-03-06
2024030601033452,MAKAR,4,50,10.0,397.8,3978.0,2024-03-06
2024030601033451,MAKAR,4,42,10.0,397.0,3970.0,2024-03-06
2024030601033450,MAKAR,4,81,450.0,397.0,178650.0,2024-03-06
2024030604011704,GLH,21,48,200.0,213.0,42600.0,2024-03-06
2024030604011703,JOSHI,21,42,10.0,376.0,3760.0,2024-03-06
2024030601033449,SONA,3,3,10.0,514.0,5140.0,2024-03-06
2024030601033448,SHIVM,34,33,217.0,513.2,111364.4,2024-03-06
2024030601033447,SHIVM,7,33,50.0,513.2,25660.0,2024-03-06
2024030601033446,SHIVM,32,33,200.0,513.3,102660.0,2024-03-06
2024030601033445,SHIVM,5,33,100.0,513.3,51330.0,2024-03-06
2024030601033444,SHIVM,74,33,200.0,513.3,102660.0,2024-03-06
2024030601033443,SHIVM,74,33,183.0,513.5,93970.5,2024-03-06
2024030601033442,SHIVM,25,33,50.0,513.6,25680.0,2024-03-06
2024030601033441,NRM,34,45,10.0,392.0,3920.0,2024-03-06
2024030601033440,PHCL,34,6,10.0,318.0,3180.0,2024-03-06
2024030601033439,PHCL,34,49,10.0,318.0,3180.0,2024-03-06
2024030601033438,PHCL,34,47,430.0,318.0,136740.0,2024-03-06
2024030601033437,PHCL,34,11,50.0,317.9,15895.0,2024-03-06
2024030601033436,BNHC,32,41,10.0,456.6,4566.0,2024-03-06
2024030601033435,SONA,13,22,100.0,515.0,51500.0,2024-03-06
2024030603007643,LBBL,50,37,10.0,378.0,3780.0,2024-03-06
2024030603007642,KMCDB,62,18,10.0,662.0,6620.0,2024-03-06
2024030604011702,NLG,62,58,100.0,755.0,75500.0,2024-03-06
2024030601033434,RFPL,46,62,20.0,335.4,6708.0,2024-03-06
2024030601033433,NRM,53,45,30.0,392.0,11760.0,2024-03-06
2024030603007641,MFIL,25,36,10.0,507.0,5070.0,2024-03-06
2024030604011701,MHNL,53,6,55.0,245.0,13475.0,2024-03-06
2024030601033432,NABIL,25,41,20.0,442.0,8840.0,2024-03-06
2024030601033431,SPC,64,34,20.0,617.0,12340.0,2024-03-06
2024030601033430,BHPL,34,14,10.0,479.0,4790.0,2024-03-06
2024030603007640,KSBBL,59,58,1000.0,343.0,343000.0,2024-03-06
2024030601033429,SGHC,56,90,10.0,317.0,3170.0,2024-03-06
2024030601033428,SPL,57,38,20.0,665.0,13300.0,2024-03-06
2024030601033427,SPL,57,14,40.0,659.9,26396.0,2024-03-06
2024030601033426,SPL,57,14,90.0,659.8,59382.0,2024-03-06
2024030601033425,CLI,26,58,10.0,437.0,4370.0,2024-03-06
2024030603007639,SADBL,42,58,10.0,295.9,2959.0,2024-03-06
2024030601033424,PRVU,22,54,10.0,143.9,1439.0,2024-03-06
2024030601033423,NRM,38,4,10.0,390.0,3900.0,2024-03-06
2024030601033422,NRM,38,6,10.0,390.0,3900.0,2024-03-06
2024030601033421,NRM,38,61,19.0,390.0,7410.0,2024-03-06
2024030601033420,SPC,28,88,10.0,616.0,6160.0,2024-03-06
2024030601033419,KBL,48,5,90.0,144.0,12960.0,2024-03-06
2024030601033418,KBL,48,58,10.0,144.0,1440.0,2024-03-06
2024030601033417,SONA,69,22,30.0,515.0,15450.0,2024-03-06
2024030603007638,SWBBL,16,16,10.0,699.0,6990.0,2024-03-06
2024030601033416,SPC,28,34,10.0,616.0,6160.0,2024-03-06
2024030601033415,UHEWA,32,14,10.0,349.8,3498.0,2024-03-06
2024030601033414,PCBL,39,36,10.0,192.0,1920.0,2024-03-06
2024030601033413,PCBL,39,39,1500.0,191.0,286500.0,2024-03-06
2024030601033412,SMJC,71,65,20.0,381.9,7638.0,2024-03-06
2024030601033411,MBJC,71,42,20.0,316.0,6320.0,2024-03-06
2024030601033410,MBJC,71,34,10.0,316.0,3160.0,2024-03-06
2024030601033409,DOLTI,71,22,10.0,401.5,4015.0,2024-03-06
2024030601033408,BEDC,71,21,130.0,360.0,46800.0,2024-03-06
2024030601033407,BEDC,71,16,200.0,359.0,71800.0,2024-03-06
2024030601033406,BEDC,71,45,200.0,358.0,71600.0,2024-03-06
2024030601033405,BEDC,71,39,170.0,357.9,60843.0,2024-03-06
2024030604011700,GHL,71,49,20.0,152.0,3040.0,2024-03-06
2024030601033404,IHL,50,35,10.0,355.0,3550.0,2024-03-06
2024030604011699,CHCL,50,50,50.0,469.0,23450.0,2024-03-06
2024030603007637,GMFBS,18,71,10.0,860.0,8600.0,2024-03-06
2024030603007636,SAPDBL,58,35,10.0,252.0,2520.0,2024-03-06
2024030603007635,KSBBL,35,34,31.0,342.0,10602.0,2024-03-06
2024030601033403,ILI,51,45,10.0,520.0,5200.0,2024-03-06
2024030601033402,KBL,25,58,10.0,144.0,1440.0,2024-03-06
2024030601033401,CKHL,64,58,40.0,624.0,24960.0,2024-03-06
2024030601033400,CKHL,64,41,10.0,620.0,6200.0,2024-03-06
2024030601033399,BNHC,64,41,10.0,456.6,4566.0,2024-03-06
2024030601033398,BHL,64,50,10.0,349.0,3490.0,2024-03-06
2024030603007634,ICFC,14,58,10.0,479.0,4790.0,2024-03-06
2024030605006122,NTC,58,57,800.0,845.0,676000.0,2024-03-06
2024030605006121,NTC,42,57,100.0,845.1,84510.0,2024-03-06
2024030605006120,NTC,57,50,10.0,854.0,8540.0,2024-03-06
2024030603007633,MNBBL,49,42,87.0,352.0,30624.0,2024-03-06
2024030601033397,MKCL,5,62,10.0,946.0,9460.0,2024-03-06
2024030601033396,MKLB,38,34,29.0,726.0,21054.0,2024-03-06
2024030601033395,MKLB,38,58,11.0,725.0,7975.0,2024-03-06
2024030601033394,MKLB,38,35,90.0,724.9,65241.0,2024-03-06
2024030601033393,MKLB,38,34,10.0,724.0,7240.0,2024-03-06
2024030601033392,SMH,29,72,20.0,684.9,13698.0,2024-03-06
2024030604011698,UMHL,11,77,20.0,260.0,5200.0,2024-03-06
2024030603007632,SIFC,29,45,10.0,353.0,3530.0,2024-03-06
2024030601033391,NRM,45,61,300.0,390.0,117000.0,2024-03-06
2024030605006119,NRN,58,72,50.0,554.0,27700.0,2024-03-06
2024030605006118,NRN,58,72,20.0,556.0,11120.0,2024-03-06
2024030604011697,DHPL,49,42,10.0,201.9,2019.0,2024-03-06
2024030601033390,DOLTI,17,22,500.0,401.5,200750.0,2024-03-06
2024030604011696,AHPC,52,40,65.0,185.8,12077.0,2024-03-06
2024030604011695,AHPC,45,40,20.0,185.9,3718.0,2024-03-06
2024030604011694,AHPC,57,40,415.0,185.9,77148.5,2024-03-06
2024030601033389,NRM,49,61,31.0,390.0,12090.0,2024-03-06
2024030604011693,BPCL,68,49,76.0,309.0,23484.0,2024-03-06
2024030601033388,CYCL,77,41,208.0,1350.0,280800.0,2024-03-06
2024030604011692,SHL,33,81,100.0,442.0,44200.0,2024-03-06
2024030603007631,NADEP,14,32,20.0,520.0,10400.0,2024-03-06
2024030601033387,SNLI,45,32,10.0,590.0,5900.0,2024-03-06
2024030604011691,HDHPC,13,34,200.0,142.8,28560.0,2024-03-06
2024030604011690,NGPL,7,13,100.0,307.0,30700.0,2024-03-06
2024030604011689,NGPL,49,13,100.0,307.0,30700.0,2024-03-06
2024030604011688,NGPL,36,13,500.0,307.1,153550.0,2024-03-06
2024030601033386,NABIL,39,41,12.0,442.0,5304.0,2024-03-06
2024030601033385,NABIL,39,38,38.0,442.0,16796.0,2024-03-06
2024030601033384,SMH,58,50,10.0,660.1,6601.0,2024-03-06
2024030601033383,SMH,34,50,10.0,660.2,6602.0,2024-03-06
2024030601033382,SMH,29,50,10.0,672.3,6723.0,2024-03-06
2024030601033381,DOLTI,71,22,450.0,401.5,180675.0,2024-03-06
2024030601033380,DOLTI,71,20,125.0,401.5,50187.5,2024-03-06
2024030601033379,DOLTI,71,38,10.0,401.0,4010.0,2024-03-06
2024030601033378,DOLTI,71,35,100.0,401.0,40100.0,2024-03-06
2024030601033377,DOLTI,71,56,100.0,401.0,40100.0,2024-03-06
2024030601033376,DOLTI,71,38,160.0,401.0,64160.0,2024-03-06
2024030601033375,DOLTI,71,59,55.0,401.0,22055.0,2024-03-06
2024030601033374,SPC,71,34,50.0,617.0,30850.0,2024-03-06
2024030603007630,PMLI,7,29,10.0,499.0,4990.0,2024-03-06
2024030604011687,JOSHI,62,22,1000.0,379.0,379000.0,2024-03-06
2024030603007629,NLIC,4,35,25.0,601.0,15025.0,2024-03-06
2024030601033373,SHIVM,74,28,200.0,514.0,102800.0,2024-03-06
2024030603007628,GFCL,53,32,19.0,444.0,8436.0,2024-03-06
2024030603007627,GFCL,53,45,501.0,439.9,220389.9,2024-03-06
2024030603007626,GFCL,53,29,590.0,439.0,259010.0,2024-03-06
2024030603007625,GFCL,53,45,500.0,438.0,219000.0,2024-03-06
2024030601033372,SPC,64,34,10.0,617.0,6170.0,2024-03-06
2024030601033371,SPC,64,42,10.0,617.0,6170.0,2024-03-06
2024030605006117,HIDCL,14,33,10.0,174.0,1740.0,2024-03-06
2024030601033370,SONA,94,22,70.0,515.0,36050.0,2024-03-06
2024030601033369,SONA,94,62,30.0,515.0,15450.0,2024-03-06
2024030605006116,HRL,26,14,10.0,624.9,6249.0,2024-03-06
2024030601033368,MKHL,26,38,10.0,366.0,3660.0,2024-03-06
2024030603007624,MDB,37,43,10.0,392.1,3921.0,2024-03-06
2024030604011686,CGH,42,59,10.0,825.9,8259.0,2024-03-06
2024030604011685,RIDI,42,50,10.0,191.0,1910.0,2024-03-06
2024030604011684,NHPC,45,47,10.0,159.0,1590.0,2024-03-06
2024030604011683,NHPC,34,47,20.0,159.1,3182.0,2024-03-06
2024030604011682,HURJA,41,29,10.0,304.9,3049.0,2024-03-06
2024030605006115,NTC,58,50,116.0,854.0,99064.0,2024-03-06
2024030605006114,NTC,58,45,10.0,853.8,8538.0,2024-03-06
2024030605006113,NTC,58,54,10.0,851.0,8510.0,2024-03-06
2024030605006112,NTC,58,58,20.0,851.0,17020.0,2024-03-06
2024030605006111,NTC,58,45,50.0,850.0,42500.0,2024-03-06
2024030605006110,NTC,58,59,100.0,850.0,85000.0,2024-03-06
2024030605006109,NTC,58,40,10.0,850.0,8500.0,2024-03-06
2024030605006108,NTC,58,17,50.0,850.0,42500.0,2024-03-06
2024030605006107,NTC,58,22,250.0,850.0,212500.0,2024-03-06
2024030605006106,NTC,58,28,300.0,850.0,255000.0,2024-03-06
2024030605006105,NTC,58,44,84.0,849.8,71383.2,2024-03-06
2024030603007623,MMFDB,48,5,120.0,525.0,63000.0,2024-03-06
2024030603007622,MMFDB,48,58,50.0,524.9,26245.0,2024-03-06
2024030603007621,MDB,45,22,277.0,409.0,113293.0,2024-03-06
2024030603007620,MDB,45,21,19.0,408.0,7752.0,2024-03-06
2024030603007619,MDB,45,58,110.0,408.0,44880.0,2024-03-06
2024030603007618,MDB,45,49,14.0,407.6,5706.4,2024-03-06
2024030603007617,MDB,45,43,25.0,407.6,10190.0,2024-03-06
2024030603007616,MDB,45,41,27.0,407.1,10991.7,2024-03-06
2024030603007615,MDB,45,55,30.0,407.0,12210.0,2024-03-06
2024030603007614,MDB,45,74,449.0,407.0,182743.0,2024-03-06
2024030603007613,MDB,45,45,1000.0,406.7,406700.0,2024-03-06
2024030603007612,MDB,45,13,95.0,406.7,38636.5,2024-03-06
2024030603007611,MDB,45,74,189.0,406.5,76828.5,2024-03-06
2024030603007610,MDB,45,45,95.0,406.0,38570.0,2024-03-06
2024030603007609,MDB,45,59,100.0,405.9,40590.0,2024-03-06
2024030603007608,MDB,45,32,50.0,405.6,20280.0,2024-03-06
2024030603007607,MDB,45,49,61.0,405.0,24705.0,2024-03-06
2024030603007606,MDB,45,16,96.0,405.0,38880.0,2024-03-06
2024030603007605,MDB,45,16,95.0,403.0,38285.0,2024-03-06
2024030603007604,MDB,45,57,50.0,402.0,20100.0,2024-03-06
2024030603007603,MDB,45,19,61.0,402.0,24522.0,2024-03-06
2024030603007602,MDB,45,36,246.0,401.9,98867.4,2024-03-06
2024030603007601,MDB,45,48,278.0,401.8,111700.4,2024-03-06
2024030603007600,MDB,45,1,74.0,400.0,29600.0,2024-03-06
2024030603007599,MDB,45,38,59.0,400.0,23600.0,2024-03-06
2024030604011681,JOSHI,72,22,100.0,379.0,37900.0,2024-03-06
2024030603007598,GUFL,28,3,200.0,668.0,133600.0,2024-03-06
2024030603007597,GUFL,28,32,100.0,668.0,66800.0,2024-03-06
2024030603007596,GUFL,28,38,45.0,660.0,29700.0,2024-03-06
2024030603007595,GUFL,28,86,2000.0,655.0,1310000.0,2024-03-06
2024030603007594,GUFL,28,44,490.0,655.0,320950.0,2024-03-06
2024030603007593,GUFL,28,11,50.0,650.0,32500.0,2024-03-06
2024030603007592,GUFL,28,34,250.0,649.7,162425.0,2024-03-06
2024030603007591,GUFL,28,32,50.0,649.7,32485.0,2024-03-06
2024030603007590,GUFL,28,33,20.0,649.7,12994.0,2024-03-06
2024030603007589,GUFL,28,48,10.0,649.7,6497.0,2024-03-06
2024030603007588,GUFL,28,43,200.0,649.7,129940.0,2024-03-06
2024030603007587,GUFL,28,8,400.0,649.0,259600.0,2024-03-06
2024030603007586,GUFL,28,25,1380.0,647.7,893826.0,2024-03-06
2024030603007585,GUFL,28,58,50.0,647.7,32385.0,2024-03-06
2024030603007584,GUFL,28,51,45.0,647.7,29146.5,2024-03-06
2024030603007583,GUFL,28,32,1000.0,647.7,647700.0,2024-03-06
2024030603007582,GUFL,28,35,200.0,647.7,129540.0,2024-03-06
2024030603007581,GUFL,28,58,700.0,647.5,453250.0,2024-03-06
2024030603007580,GUFL,28,64,80.0,647.5,51800.0,2024-03-06
2024030603007579,GUFL,28,58,10.0,647.5,6475.0,2024-03-06
2024030603007578,GUFL,28,58,135.0,647.5,87412.5,2024-03-06
2024030603007577,GUFL,28,11,700.0,647.5,453250.0,2024-03-06
2024030603007576,GUFL,28,20,50.0,647.0,32350.0,2024-03-06
2024030603007575,GUFL,28,39,100.0,647.0,64700.0,2024-03-06
2024030603007574,GUFL,28,39,100.0,647.0,64700.0,2024-03-06
2024030603007573,GUFL,28,32,200.0,647.0,129400.0,2024-03-06
2024030603007572,GUFL,28,38,83.0,647.0,53701.0,2024-03-06
2024030603007571,GUFL,28,44,50.0,647.0,32350.0,2024-03-06
2024030603007570,GUFL,28,32,200.0,647.0,129400.0,2024-03-06
2024030603007569,GUFL,28,32,100.0,647.0,64700.0,2024-03-06
2024030603007568,GUFL,28,6,70.0,646.2,45234.0,2024-03-06
2024030603007567,GUFL,28,19,70.0,646.2,45234.0,2024-03-06
2024030603007566,GUFL,28,49,300.0,646.0,193800.0,2024-03-06
2024030603007565,GUFL,28,28,200.0,646.0,129200.0,2024-03-06
2024030603007564,GUFL,28,71,1000.0,646.0,646000.0,2024-03-06
2024030603007563,GUFL,28,61,500.0,646.0,323000.0,2024-03-06
2024030603007562,GUFL,28,7,500.0,646.0,323000.0,2024-03-06
2024030603007561,GUFL,28,70,100.0,646.0,64600.0,2024-03-06
2024030603007560,GUFL,28,41,100.0,645.0,64500.0,2024-03-06
2024030603007559,GUFL,28,36,150.0,645.0,96750.0,2024-03-06
2024030603007558,GUFL,28,58,10.0,644.6,6446.0,2024-03-06
2024030603007557,GUFL,28,16,100.0,644.4,64440.0,2024-03-06
2024030603007556,GUFL,28,49,100.0,644.0,64400.0,2024-03-06
2024030603007555,GUFL,28,51,300.0,644.0,193200.0,2024-03-06
2024030603007554,GUFL,28,38,50.0,644.0,32200.0,2024-03-06
2024030603007553,GUFL,28,58,10.0,643.0,6430.0,2024-03-06
2024030603007552,GUFL,28,44,100.0,642.0,64200.0,2024-03-06
2024030603007551,GUFL,28,69,1000.0,641.5,641500.0,2024-03-06
2024030603007550,GUFL,28,45,10.0,641.5,6415.0,2024-03-06
2024030603007549,GUFL,28,50,500.0,641.5,320750.0,2024-03-06
2024030603007548,GUFL,28,22,150.0,641.5,96225.0,2024-03-06
2024030603007547,GUFL,28,32,100.0,641.5,64150.0,2024-03-06
2024030603007546,GUFL,28,13,10.0,641.5,6415.0,2024-03-06
2024030603007545,GUFL,28,44,100.0,641.0,64100.0,2024-03-06
2024030603007544,GUFL,28,42,10.0,640.0,6400.0,2024-03-06
2024030603007543,GUFL,28,49,50.0,640.0,32000.0,2024-03-06
2024030603007542,GUFL,28,65,100.0,640.0,64000.0,2024-03-06
2024030603007541,GUFL,28,22,100.0,640.0,64000.0,2024-03-06
2024030603007540,GUFL,28,33,100.0,640.0,64000.0,2024-03-06
2024030603007539,GUFL,28,39,50.0,640.0,32000.0,2024-03-06
2024030603007538,GUFL,28,33,50.0,640.0,32000.0,2024-03-06
2024030603007537,GUFL,28,45,100.0,639.9,63990.0,2024-03-06
2024030603007536,GUFL,28,52,240.0,639.5,153480.0,2024-03-06
2024030603007535,GUFL,28,54,100.0,639.2,63920.0,2024-03-06
2024030603007534,GUFL,28,58,500.0,639.0,319500.0,2024-03-06
2024030603007533,GUFL,28,10,100.0,639.0,63900.0,2024-03-06
2024030603007532,GUFL,28,58,210.0,638.0,133980.0,2024-03-06
2024030603007531,GUFL,28,42,100.0,638.0,63800.0,2024-03-06
2024030603007530,GUFL,28,40,80.0,637.5,51000.0,2024-03-06
2024030603007529,GUFL,28,34,500.0,635.0,317500.0,2024-03-06
2024030603007528,GUFL,28,19,20.0,635.0,12700.0,2024-03-06
2024030603007527,GUFL,28,13,80.0,635.0,50800.0,2024-03-06
2024030603007526,GUFL,28,7,300.0,634.9,190470.0,2024-03-06
2024030603007525,GUFL,28,26,710.0,634.6,450566.0,2024-03-06
2024030603007524,GUFL,28,1,50.0,634.4,31720.0,2024-03-06
2024030603007523,GUFL,28,22,310.0,634.4,196664.0,2024-03-06
2024030603007522,GUFL,28,61,1000.0,634.1,634100.0,2024-03-06
2024030603007521,GUFL,28,14,300.0,634.0,190200.0,2024-03-06
2024030603007520,GUFL,28,42,20.0,634.0,12680.0,2024-03-06
2024030603007519,GUFL,28,16,500.0,634.0,317000.0,2024-03-06
2024030603007518,GUFL,28,53,300.0,634.0,190200.0,2024-03-06
2024030603007517,GUFL,28,22,500.0,634.0,317000.0,2024-03-06
2024030603007516,GUFL,28,41,50.0,634.0,31700.0,2024-03-06
2024030603007515,GUFL,28,26,500.0,634.0,317000.0,2024-03-06
2024030603007514,GUFL,28,58,10.0,634.0,6340.0,2024-03-06
2024030603007513,GUFL,28,26,70.0,634.0,44380.0,2024-03-06
2024030603007512,GUFL,28,45,250.0,634.0,158500.0,2024-03-06
2024030603007511,GUFL,28,44,100.0,633.5,63350.0,2024-03-06
2024030603007510,GUFL,28,41,20.0,633.0,12660.0,2024-03-06
2024030603007509,GUFL,28,57,22.0,631.3,13888.6,2024-03-06
2024030603007508,GUFL,28,32,100.0,631.3,63130.0,2024-03-06
2024030603007507,GUFL,28,58,574.0,631.0,362194.0,2024-03-06
2024030603007506,GUFL,28,42,20.0,631.0,12620.0,2024-03-06
2024030603007505,GUFL,28,57,54.0,630.0,34020.0,2024-03-06
2024030603007504,GUFL,28,7,300.0,630.0,189000.0,2024-03-06
2024030603007503,GUFL,28,5,10.0,630.0,6300.0,2024-03-06
2024030603007502,GUFL,28,13,10.0,629.0,6290.0,2024-03-06
2024030603007501,GUFL,28,58,50.0,625.0,31250.0,2024-03-06
2024030603007500,GUFL,28,22,500.0,625.0,312500.0,2024-03-06
2024030603007499,GUFL,28,50,10.0,624.0,6240.0,2024-03-06
2024030603007498,GUFL,28,25,1000.0,624.0,624000.0,2024-03-06
2024030603007497,GUFL,28,14,500.0,623.0,311500.0,2024-03-06
2024030603007496,GUFL,28,57,50.0,623.0,31150.0,2024-03-06
2024030603007495,GUFL,28,57,95.0,623.0,59185.0,2024-03-06
2024030603007494,GUFL,28,44,50.0,623.0,31150.0,2024-03-06
2024030603007493,GUFL,28,32,15.0,622.2,9333.0,2024-03-06
2024030603007492,GUFL,28,58,115.0,622.0,71530.0,2024-03-06
2024030603007491,GUFL,28,57,1000.0,622.0,622000.0,2024-03-06
2024030603007490,GUFL,28,13,300.0,622.0,186600.0,2024-03-06
2024030603007489,GUFL,28,59,100.0,622.0,62200.0,2024-03-06
2024030601033367,CKHL,58,16,50.0,619.0,30950.0,2024-03-06
2024030603007488,GRDBL,32,75,10.0,365.0,3650.0,2024-03-06
2024030601033366,MHL,32,38,10.0,382.0,3820.0,2024-03-06
2024030601033365,EBL,33,41,10.0,509.0,5090.0,2024-03-06
2024030601033364,EBL,33,44,40.0,506.5,20260.0,2024-03-06
2024030601033363,MAKAR,50,81,50.0,397.0,19850.0,2024-03-06
2024030601033362,SBL,50,21,10.0,220.0,2200.0,2024-03-06
2024030603007487,SFCL,35,57,10.0,307.0,3070.0,2024-03-06
2024030601033361,NRM,49,5,250.0,389.0,97250.0,2024-03-06
2024030601033360,NRM,48,5,250.0,389.5,97375.0,2024-03-06
2024030604011680,JOSHI,22,22,166.0,379.0,62914.0,2024-03-06
2024030604011679,JOSHI,22,41,200.0,376.3,75260.0,2024-03-06
2024030604011678,JOSHI,22,77,1000.0,357.9,357900.0,2024-03-06
2024030604011677,JOSHI,22,62,80.0,357.4,28592.0,2024-03-06
2024030604011676,JOSHI,22,54,500.0,357.4,178700.0,2024-03-06
2024030604011675,JOSHI,22,48,200.0,357.0,71400.0,2024-03-06
2024030604011674,JOSHI,22,62,200.0,357.0,71400.0,2024-03-06
2024030604011673,JOSHI,22,46,1000.0,357.0,357000.0,2024-03-06
2024030604011672,JOSHI,22,59,100.0,357.0,35700.0,2024-03-06
2024030604011671,JOSHI,22,34,170.0,357.0,60690.0,2024-03-06
2024030604011670,JOSHI,22,20,100.0,357.0,35700.0,2024-03-06
2024030604011669,JOSHI,22,3,250.0,357.0,89250.0,2024-03-06
2024030604011668,JOSHI,22,49,1000.0,357.0,357000.0,2024-03-06
2024030604011667,JOSHI,22,11,50.0,357.0,17850.0,2024-03-06
2024030604011666,JOSHI,22,45,90.0,357.0,32130.0,2024-03-06
2024030604011665,JOSHI,22,45,50.0,357.0,17850.0,2024-03-06
2024030604011664,JOSHI,22,3,250.0,357.0,89250.0,2024-03-06
2024030604011663,JOSHI,22,58,1000.0,357.0,357000.0,2024-03-06
2024030604011662,JOSHI,22,44,500.0,357.0,178500.0,2024-03-06
2024030604011661,JOSHI,22,8,100.0,357.0,35700.0,2024-03-06
2024030604011660,JOSHI,22,32,150.0,357.0,53550.0,2024-03-06
2024030604011659,JOSHI,22,44,200.0,354.8,70960.0,2024-03-06
2024030604011658,JOSHI,22,29,100.0,354.8,35480.0,2024-03-06
2024030604011657,JOSHI,22,45,70.0,353.0,24710.0,2024-03-06
2024030604011656,JOSHI,22,17,100.0,353.0,35300.0,2024-03-06
2024030604011655,JOSHI,22,34,200.0,351.0,70200.0,2024-03-06
2024030604011654,JOSHI,22,45,1500.0,351.0,526500.0,2024-03-06
2024030604011653,JOSHI,22,39,264.0,350.9,92637.6,2024-03-06
2024030604011652,JOSHI,22,38,20.0,350.0,7000.0,2024-03-06
2024030604011651,JOSHI,22,7,390.0,350.0,136500.0,2024-03-06
2024030603007486,HLI,38,41,10.0,389.1,3891.0,2024-03-06
2024030601033359,AHL,36,38,40.0,431.2,17248.0,2024-03-06
2024030601033358,SAMAJ,41,43,10.0,1690.0,16900.0,2024-03-06
2024030604011650,HPPL,39,48,20.0,276.5,5530.0,2024-03-06
2024030605006104,HRL,58,14,100.0,624.9,62490.0,2024-03-06
2024030601033357,PPL,3,11,30.0,335.0,10050.0,2024-03-06
2024030605006103,NIFRA,6,51,170.0,209.4,35598.0,2024-03-06
2024030605006102,NIFRA,6,1,30.0,209.0,6270.0,2024-03-06
2024030605006101,HRL,72,14,38.0,624.9,23746.2,2024-03-06
2024030605006100,HRL,72,56,962.0,624.9,601153.8,2024-03-06
2024030601033356,SPC,28,58,320.0,612.0,195840.0,2024-03-06
2024030601033355,SPC,28,33,200.0,610.0,122000.0,2024-03-06
2024030601033354,MAKAR,7,1,127.0,371.5,47180.5,2024-03-06
2024030601033353,MAKAR,49,1,20.0,371.6,7432.0,2024-03-06
2024030601033352,MAKAR,59,1,510.0,390.0,198900.0,2024-03-06
2024030601033351,MAKAR,16,1,153.0,395.0,60435.0,2024-03-06
2024030601033350,MAKAR,41,1,300.0,395.0,118500.0,2024-03-06
2024030601033349,MAKAR,59,1,290.0,395.0,114550.0,2024-03-06
2024030601033348,SONA,3,34,420.0,514.0,215880.0,2024-03-06
2024030601033347,SONA,25,34,80.0,514.1,41128.0,2024-03-06
2024030605006099,HRL,57,52,20.0,624.0,12480.0,2024-03-06
2024030603007485,ALICL,62,42,60.0,556.0,33360.0,2024-03-06
2024030603007484,ALICL,57,8,225.0,545.6,122760.0,2024-03-06
2024030604011649,DHPL,14,42,10.0,201.9,2019.0,2024-03-06
2024030604011648,MEN,14,43,60.0,619.0,37140.0,2024-03-06
2024030603007483,ALBSL,36,13,10.0,648.0,6480.0,2024-03-06
2024030603007482,EDBL,41,58,20.0,348.0,6960.0,2024-03-06
2024030604011647,HURJA,58,29,310.0,304.9,94519.0,2024-03-06
2024030604011646,HURJA,58,41,500.0,304.9,152450.0,2024-03-06
2024030604011645,HURJA,58,8,70.0,304.0,21280.0,2024-03-06
2024030604011644,HURJA,58,39,800.0,303.6,242880.0,2024-03-06
2024030604011643,HURJA,58,41,20.0,303.5,6070.0,2024-03-06
2024030604011642,HURJA,58,49,100.0,303.0,30300.0,2024-03-06
2024030604011641,HURJA,58,50,500.0,303.0,151500.0,2024-03-06
2024030604011640,HURJA,58,38,400.0,302.0,120800.0,2024-03-06
2024030604011639,HURJA,58,59,10.0,300.0,3000.0,2024-03-06
2024030604011638,HURJA,58,55,200.0,300.0,60000.0,2024-03-06
2024030604011637,HURJA,58,44,1000.0,299.0,299000.0,2024-03-06
2024030604011636,HURJA,58,50,1090.0,298.9,325801.0,2024-03-06
2024030601033346,CKHL,58,49,10.0,619.0,6190.0,2024-03-06
2024030601033345,CKHL,58,6,10.0,618.0,6180.0,2024-03-06
2024030601033344,CKHL,58,39,100.0,617.0,61700.0,2024-03-06
2024030601033343,CKHL,58,58,10.0,615.0,6150.0,2024-03-06
2024030601033342,CKHL,58,77,415.0,614.0,254810.0,2024-03-06
2024030601033341,MHL,58,58,25.0,380.0,9500.0,2024-03-06
2024030601033340,MHL,47,58,15.0,380.5,5707.5,2024-03-06
2024030601033339,MHL,21,58,10.0,380.5,3805.0,2024-03-06
2024030601033338,MHL,58,58,50.0,380.6,19030.0,2024-03-06
2024030604011635,SHEL,58,26,10.0,216.0,2160.0,2024-03-06
2024030601033337,RHGCL,6,4,20.0,299.0,5980.0,2024-03-06
2024030601033336,SHIVM,74,45,85.0,513.5,43647.5,2024-03-06
2024030605006098,HRL,57,21,20.0,624.0,12480.0,2024-03-06
2024030601033335,VLUCL,34,32,10.0,543.0,5430.0,2024-03-06
2024030601033334,DOLTI,28,52,75.0,400.0,30000.0,2024-03-06
2024030601033333,SRLI,33,13,10.0,432.0,4320.0,2024-03-06
2024030601033332,SRLI,33,6,20.0,432.0,8640.0,2024-03-06
2024030601033331,SRLI,33,7,10.0,432.0,4320.0,2024-03-06
2024030601033330,SRLI,33,7,10.0,432.0,4320.0,2024-03-06
2024030601033329,SRLI,33,36,10.0,431.8,4318.0,2024-03-06
2024030601033328,SRLI,33,54,10.0,430.0,4300.0,2024-03-06
2024030601033327,SRLI,33,34,10.0,430.0,4300.0,2024-03-06
2024030601033326,SRLI,33,59,10.0,430.0,4300.0,2024-03-06
2024030601033325,SRLI,33,45,10.0,429.5,4295.0,2024-03-06
2024030603007481,KMCDB,62,18,10.0,662.0,6620.0,2024-03-06
2024030603007480,NICLBSL,62,34,10.0,552.9,5529.0,2024-03-06
2024030601033324,NABIL,51,38,20.0,442.0,8840.0,2024-03-06
2024030601033323,MEL,41,56,10.0,217.5,2175.0,2024-03-06
2024030603007479,SIFC,26,59,10.0,359.0,3590.0,2024-03-06
2024030601033322,SMJC,57,65,200.0,381.9,76380.0,2024-03-06
2024030601033321,SONA,44,62,70.0,515.0,36050.0,2024-03-06
2024030601033320,SONA,44,25,430.0,515.0,221450.0,2024-03-06
2024030601033319,RHGCL,42,4,150.0,299.0,44850.0,2024-03-06
2024030601033318,SONA,22,25,50.0,515.0,25750.0,2024-03-06
2024030601033317,SMJC,38,65,10.0,381.9,3819.0,2024-03-06
2024030601033316,KBL,48,45,800.0,143.9,115120.0,2024-03-06
2024030601033315,KBL,48,57,500.0,143.8,71900.0,2024-03-06
2024030601033314,KBL,48,57,30.0,143.0,4290.0,2024-03-06
2024030601033313,KBL,48,32,100.0,143.0,14300.0,2024-03-06
2024030601033312,KBL,48,57,500.0,143.0,71500.0,2024-03-06
2024030601033311,KBL,48,58,736.0,142.7,105027.2,2024-03-06
2024030605006097,NRN,58,74,945.0,559.0,528255.0,2024-03-06
2024030605006096,NRN,58,88,300.0,558.7,167610.0,2024-03-06
2024030605006095,NRN,58,33,500.0,558.0,279000.0,2024-03-06
2024030605006094,NRN,58,18,500.0,558.0,279000.0,2024-03-06
2024030605006093,NRN,58,55,610.0,558.0,340380.0,2024-03-06
2024030605006092,NRN,58,28,100.0,557.0,55700.0,2024-03-06
2024030605006091,NRN,58,48,45.0,557.0,25065.0,2024-03-06
2024030601033310,JALPA,58,58,10.0,1024.0,10240.0,2024-03-06
2024030601033309,SMHL,45,19,10.0,447.0,4470.0,2024-03-06
2024030603007478,NMBMF,45,25,10.0,505.0,5050.0,2024-03-06
2024030604011634,AKPL,47,1,10.0,182.1,1821.0,2024-03-06
2024030601033308,SONA,3,32,10.0,514.0,5140.0,2024-03-06
2024030604011633,NLG,46,58,200.0,755.0,151000.0,2024-03-06
2024030601033307,NABIL,49,34,100.0,441.8,44180.0,2024-03-06
2024030604011632,SGIC,57,7,70.0,506.0,35420.0,2024-03-06
2024030604011631,SGIC,25,7,80.0,507.0,40560.0,2024-03-06
2024030603007477,CBBL,14,52,100.0,817.0,81700.0,2024-03-06
2024030601033306,SONA,35,25,90.0,515.0,46350.0,2024-03-06
2024030601033305,MSHL,51,35,10.0,600.0,6000.0,2024-03-06
2024030601033304,MKHL,14,38,200.0,366.0,73200.0,2024-03-06
2024030601033303,SHIVM,56,28,500.0,514.0,257000.0,2024-03-06
2024030601033302,VLUCL,34,57,40.0,543.0,21720.0,2024-03-06
2024030601033301,SONA,42,25,430.0,515.0,221450.0,2024-03-06
2024030601033300,SONA,42,65,10.0,515.0,5150.0,2024-03-06
2024030601033299,SONA,42,58,10.0,515.0,5150.0,2024-03-06
2024030601033298,SONA,42,1,10.0,515.0,5150.0,2024-03-06
2024030605006090,HRL,5,35,10.0,624.5,6245.0,2024-03-06
2024030601033297,SONA,42,58,10.0,515.0,5150.0,2024-03-06
2024030601033296,SONA,42,8,30.0,515.0,15450.0,2024-03-06
2024030605006089,CIT,21,59,45.0,2109.0,94905.0,2024-03-06
2024030605006088,CIT,58,59,55.0,2109.0,115995.0,2024-03-06
2024030601033295,CZBIL,11,49,804.0,164.0,131856.0,2024-03-06
2024030605006087,HRL,57,45,20.0,624.0,12480.0,2024-03-06
2024030601033294,SPHL,45,58,10.0,465.0,4650.0,2024-03-06
2024030605006086,HRL,57,49,10.0,624.0,6240.0,2024-03-06
2024030601033293,ULBSL,49,68,10.0,1120.0,11200.0,2024-03-06
2024030601033292,TSHL,37,42,300.0,478.0,143400.0,2024-03-06
2024030604011630,NIL,22,51,17.0,799.8,13596.6,2024-03-06
2024030601033291,IHL,17,17,10.0,355.0,3550.0,2024-03-06
2024030601033290,IHL,17,45,350.0,355.0,124250.0,2024-03-06
2024030601033289,CYCL,77,41,37.0,1350.0,49950.0,2024-03-06
2024030601033288,CYCL,77,52,30.0,1326.0,39780.0,2024-03-06
2024030601033287,CYCL,77,39,100.0,1326.0,132600.0,2024-03-06
2024030601033286,CYCL,77,45,350.0,1326.0,464100.0,2024-03-06
2024030601033285,CYCL,77,21,13.0,1325.0,17225.0,2024-03-06
2024030601033284,CYCL,77,50,100.0,1304.5,130450.0,2024-03-06
2024030601033283,CYCL,77,5,10.0,1304.5,13045.0,2024-03-06
2024030601033282,CYCL,77,1,75.0,1304.5,97837.5,2024-03-06
2024030601033281,CYCL,77,41,19.0,1304.0,24776.0,2024-03-06
2024030601033280,CYCL,77,57,46.0,1304.0,59984.0,2024-03-06
2024030601033279,CYCL,77,32,173.0,1304.0,225592.0,2024-03-06
2024030601033278,CYCL,77,45,85.0,1304.0,110840.0,2024-03-06
2024030601033277,CYCL,77,48,20.0,1304.0,26080.0,2024-03-06
2024030601033276,CYCL,77,7,10.0,1302.5,13025.0,2024-03-06
2024030601033275,CYCL,77,36,48.0,1302.5,62520.0,2024-03-06
2024030601033274,CYCL,77,38,10.0,1302.0,13020.0,2024-03-06
2024030601033273,CYCL,77,19,30.0,1302.0,39060.0,2024-03-06
2024030601033272,CYCL,77,6,100.0,1302.0,130200.0,2024-03-06
2024030601033271,CYCL,77,8,10.0,1301.0,13010.0,2024-03-06
2024030601033270,CYCL,77,7,100.0,1300.5,130050.0,2024-03-06
2024030601033269,CYCL,77,5,15.0,1300.3,19504.5,2024-03-06
2024030601033268,CYCL,77,39,10.0,1300.3,13003.0,2024-03-06
2024030601033267,CYCL,77,45,12.0,1300.3,15603.6,2024-03-06
2024030601033266,CYCL,77,58,10.0,1300.0,13000.0,2024-03-06
2024030601033265,CYCL,77,54,40.0,1300.0,52000.0,2024-03-06
2024030601033264,CYCL,77,1,20.0,1300.0,26000.0,2024-03-06
2024030601033263,CYCL,77,54,100.0,1300.0,130000.0,2024-03-06
2024030601033262,CYCL,77,59,100.0,1300.0,130000.0,2024-03-06
2024030601033261,CYCL,77,1,10.0,1300.0,13000.0,2024-03-06
2024030601033260,CYCL,77,16,20.0,1300.0,26000.0,2024-03-06
2024030601033259,CYCL,77,77,30.0,1300.0,39000.0,2024-03-06
2024030601033258,CYCL,77,49,500.0,1296.0,648000.0,2024-03-06
2024030601033257,CYCL,77,58,13.0,1296.0,16848.0,2024-03-06
2024030601033256,CYCL,77,41,40.0,1296.0,51840.0,2024-03-06
2024030601033255,CYCL,77,14,36.0,1296.0,46656.0,2024-03-06
2024030601033254,CYCL,77,26,10.0,1295.4,12954.0,2024-03-06
2024030601033253,CYCL,77,49,30.0,1295.4,38862.0,2024-03-06
2024030601033252,CYCL,77,22,20.0,1295.4,25908.0,2024-03-06
2024030601033251,CYCL,77,32,100.0,1295.4,129540.0,2024-03-06
2024030601033250,CYCL,77,48,10.0,1295.4,12954.0,2024-03-06
2024030601033249,CYCL,77,32,10.0,1295.4,12954.0,2024-03-06
2024030601033248,CYCL,77,1,20.0,1295.1,25902.0,2024-03-06
2024030601033247,CYCL,77,53,29.0,1295.0,37555.0,2024-03-06
2024030601033246,CYCL,77,59,100.0,1295.0,129500.0,2024-03-06
2024030601033245,CYCL,77,42,200.0,1295.0,259000.0,2024-03-06
2024030601033244,CYCL,77,58,50.0,1295.0,64750.0,2024-03-06
2024030601033243,CYCL,77,1,50.0,1295.0,64750.0,2024-03-06
2024030601033242,CYCL,77,38,100.0,1295.0,129500.0,2024-03-06
2024030601033241,CYCL,77,45,20.0,1295.0,25900.0,2024-03-06
2024030601033240,CYCL,77,42,20.0,1295.0,25900.0,2024-03-06
2024030601033239,CYCL,77,42,300.0,1295.0,388500.0,2024-03-06
2024030601033238,CYCL,77,40,88.0,1295.0,113960.0,2024-03-06
2024030601033237,CYCL,77,77,50.0,1295.0,64750.0,2024-03-06
2024030601033236,CYCL,77,7,13.0,1295.0,16835.0,2024-03-06
2024030601033235,CYCL,77,59,10.0,1295.0,12950.0,2024-03-06
2024030601033234,CYCL,77,58,25.0,1295.0,32375.0,2024-03-06
2024030601033233,CYCL,77,58,10.0,1295.0,12950.0,2024-03-06
2024030601033232,CYCL,77,42,44.0,1295.0,56980.0,2024-03-06
2024030601033231,CYCL,77,25,30.0,1294.9,38847.0,2024-03-06
2024030601033230,CYCL,77,58,100.0,1294.0,129400.0,2024-03-06
2024030601033229,CYCL,77,38,150.0,1293.0,193950.0,2024-03-06
2024030601033228,CYCL,77,6,100.0,1292.0,129200.0,2024-03-06
2024030601033227,CYCL,77,34,49.0,1290.0,63210.0,2024-03-06
2024030601033226,CYCL,77,16,10.0,1290.0,12900.0,2024-03-06
2024030601033225,CYCL,77,57,50.0,1289.2,64460.0,2024-03-06
2024030601033224,CYCL,77,26,13.0,1288.2,16746.6,2024-03-06
2024030601033223,CYCL,77,11,13.0,1287.2,16733.6,2024-03-06
2024030601033222,CYCL,77,17,15.0,1287.0,19305.0,2024-03-06
2024030601033221,CYCL,77,1,30.0,1286.3,38589.0,2024-03-06
2024030601033220,CYCL,77,5,10.0,1286.0,12860.0,2024-03-06
2024030601033219,CYCL,77,44,10.0,1286.0,12860.0,2024-03-06
2024030601033218,CYCL,77,58,13.0,1285.3,16708.9,2024-03-06
2024030601033217,CYCL,77,77,50.0,1285.0,64250.0,2024-03-06
2024030601033216,CYCL,77,56,50.0,1285.0,64250.0,2024-03-06
2024030601033215,CYCL,77,49,270.0,1285.0,346950.0,2024-03-06
2024030601033214,CYCL,77,41,13.0,1285.0,16705.0,2024-03-06
2024030601033213,CYCL,77,6,100.0,1285.0,128500.0,2024-03-06
2024030601033212,CYCL,77,42,100.0,1285.0,128500.0,2024-03-06
2024030601033211,CYCL,77,43,13.0,1283.1,16680.3,2024-03-06
2024030601033210,CYCL,77,58,98.0,1280.0,125440.0,2024-03-06
2024030601033209,CYCL,77,57,13.0,1280.0,16640.0,2024-03-06
2024030601033208,CYCL,77,38,16.0,1280.0,20480.0,2024-03-06
2024030601033207,CYCL,77,16,23.0,1280.0,29440.0,2024-03-06
2024030601033206,CYCL,77,36,10.0,1280.0,12800.0,2024-03-06
2024030601033205,CYCL,77,56,10.0,1279.0,12790.0,2024-03-06
2024030601033204,CYCL,77,58,10.0,1278.0,12780.0,2024-03-06
2024030601033203,CYCL,77,8,10.0,1278.0,12780.0,2024-03-06
2024030601033202,CYCL,77,39,100.0,1275.0,127500.0,2024-03-06
2024030601033201,CYCL,77,58,30.0,1275.0,38250.0,2024-03-06
2024030601033200,CYCL,77,50,10.0,1275.0,12750.0,2024-03-06
2024030601033199,CYCL,77,41,45.0,1275.0,57375.0,2024-03-06
2024030601033198,CYCL,77,49,10.0,1275.0,12750.0,2024-03-06
2024030601033197,CYCL,77,49,100.0,1274.9,127490.0,2024-03-06
2024030601033196,CYCL,77,49,80.0,1273.8,101904.0,2024-03-06
2024030601033195,CYCL,77,58,40.0,1271.0,50840.0,2024-03-06
2024030601033194,CYCL,77,22,50.0,1270.0,63500.0,2024-03-06
2024030601033193,CYCL,77,58,50.0,1270.0,63500.0,2024-03-06
2024030601033192,CYCL,77,4,10.0,1270.0,12700.0,2024-03-06
2024030601033191,CYCL,77,34,10.0,1270.0,12700.0,2024-03-06
2024030601033190,CYCL,77,17,10.0,1270.0,12700.0,2024-03-06
2024030601033189,CYCL,77,32,83.0,1270.0,105410.0,2024-03-06
2024030601033188,CYCL,77,22,10.0,1270.0,12700.0,2024-03-06
2024030601033187,CYCL,77,11,50.0,1270.0,63500.0,2024-03-06
2024030601033186,CYCL,77,42,69.0,1269.9,87623.1,2024-03-06
2024030601033185,CYCL,77,33,31.0,1269.0,39339.0,2024-03-06
2024030601033184,CYCL,77,49,17.0,1267.1,21540.7,2024-03-06
2024030601033183,CYCL,77,58,30.0,1267.0,38010.0,2024-03-06
2024030601033182,CYCL,77,59,35.0,1262.0,44170.0,2024-03-06
2024030601033181,CYCL,77,50,11.0,1261.0,13871.0,2024-03-06
2024030601033180,CYCL,77,57,46.0,1260.0,57960.0,2024-03-06
2024030601033179,CYCL,77,6,50.0,1259.9,62995.0,2024-03-06
2024030601033178,CYCL,77,68,13.0,1255.0,16315.0,2024-03-06
2024030601033177,HDL,13,45,10.0,1510.0,15100.0,2024-03-06
2024030605006085,CIT,49,35,12.0,2110.0,25320.0,2024-03-06
2024030601033176,VLUCL,34,49,10.0,543.0,5430.0,2024-03-06
2024030601033175,VLUCL,34,72,50.0,542.0,27100.0,2024-03-06
2024030601033174,VLUCL,34,17,10.0,542.0,5420.0,2024-03-06
2024030601033173,VLUCL,34,38,410.0,541.5,222015.0,2024-03-06
2024030601033172,VLUCL,34,35,50.0,541.0,27050.0,2024-03-06
2024030601033171,VLUCL,34,58,10.0,541.0,5410.0,2024-03-06
2024030601033170,VLUCL,34,49,10.0,540.0,5400.0,2024-03-06
2024030601033169,VLUCL,34,55,10.0,540.0,5400.0,2024-03-06
2024030601033168,VLUCL,34,57,200.0,540.0,108000.0,2024-03-06
2024030601033167,VLUCL,34,33,80.0,539.9,43192.0,2024-03-06
2024030601033166,VLUCL,34,38,850.0,539.9,458915.0,2024-03-06
2024030601033165,VLUCL,34,11,100.0,538.8,53880.0,2024-03-06
2024030601033164,SHIVM,55,28,100.0,514.0,51400.0,2024-03-06
2024030601033163,BHDC,43,32,34.0,454.0,15436.0,2024-03-06
2024030601033162,BHDC,43,57,100.0,453.0,45300.0,2024-03-06
2024030601033161,BHDC,43,57,10.0,452.0,4520.0,2024-03-06
2024030601033160,BHDC,43,50,40.0,452.0,18080.0,2024-03-06
2024030601033159,BHDC,43,58,10.0,449.0,4490.0,2024-03-06
2024030601033158,BHDC,43,53,10.0,449.0,4490.0,2024-03-06
2024030601033157,BHDC,43,36,10.0,449.0,4490.0,2024-03-06
2024030601033156,BHDC,43,39,76.0,449.0,34124.0,2024-03-06
2024030601033155,BHDC,43,38,10.0,448.9,4489.0,2024-03-06
2024030604011629,HDHPC,26,34,350.0,142.8,49980.0,2024-03-06
2024030604011628,HDHPC,26,5,50.0,142.8,7140.0,2024-03-06
2024030603007476,NFS,42,21,30.0,349.9,10497.0,2024-03-06
2024030605006084,NRIC,59,17,50.0,753.9,37695.0,2024-03-06
2024030604011627,CHCL,59,50,10.0,469.0,4690.0,2024-03-06
2024030601033154,RNLI,26,11,100.0,431.0,43100.0,2024-03-06
2024030601033153,SMHL,69,19,10.0,447.0,4470.0,2024-03-06
2024030601033152,SMHL,69,14,10.0,446.0,4460.0,2024-03-06
2024030604011626,NHPC,58,6,10.0,159.5,1595.0,2024-03-06
2024030604011625,NHPC,41,6,100.0,159.5,15950.0,2024-03-06
2024030601033151,BGWT,50,72,370.0,566.0,209420.0,2024-03-06
2024030601033150,BGWT,37,72,100.0,566.0,56600.0,2024-03-06
2024030601033149,BGWT,29,72,40.0,566.0,22640.0,2024-03-06
2024030601033148,BGWT,56,72,50.0,567.0,28350.0,2024-03-06
2024030601033147,BGWT,3,72,200.0,568.1,113620.0,2024-03-06
2024030601033146,BGWT,3,72,200.0,568.6,113720.0,2024-03-06
2024030601033145,BGWT,41,72,40.0,570.0,22800.0,2024-03-06
2024030604011624,BARUN,45,35,10.0,252.0,2520.0,2024-03-06
2024030601033144,ULHC,58,58,1922.0,331.5,637143.0,2024-03-06
2024030601033143,ULHC,58,49,10.0,325.0,3250.0,2024-03-06
2024030601033142,ULHC,58,59,68.0,325.0,22100.0,2024-03-06
2024030604011623,NGPL,67,11,10.0,308.0,3080.0,2024-03-06
2024030601033141,SNLI,58,35,20.0,590.0,11800.0,2024-03-06
2024030601033140,SNLI,19,35,18.0,590.0,10620.0,2024-03-06
2024030605006083,NRIC,49,39,51.0,750.0,38250.0,2024-03-06
2024030604011622,GHL,57,49,100.0,152.0,15200.0,2024-03-06
2024030601033139,NICA,42,36,10.0,418.0,4180.0,2024-03-06
2024030603007475,NICLBSL,17,6,10.0,544.1,5441.0,2024-03-06
2024030601033138,SHIVM,74,48,250.0,513.5,128375.0,2024-03-06
2024030601033137,BNHC,59,28,10.0,448.0,4480.0,2024-03-06
2024030603007474,SIFC,29,45,10.0,353.0,3530.0,2024-03-06
2024030604011621,MEN,25,43,400.0,619.0,247600.0,2024-03-06
2024030603007473,MERO,34,16,60.0,534.0,32040.0,2024-03-06
2024030604011620,HDHPC,39,34,207.0,140.1,29000.7,2024-03-06
2024030604011619,HDHPC,29,34,100.0,140.1,14010.0,2024-03-06
2024030604011618,HDHPC,19,34,20.0,140.2,2804.0,2024-03-06
2024030604011617,HDHPC,58,34,345.0,140.2,48369.0,2024-03-06
2024030604011616,HDHPC,58,34,250.0,140.2,35050.0,2024-03-06
2024030604011615,HDHPC,5,34,1000.0,140.4,140400.0,2024-03-06
2024030604011614,HDHPC,19,34,20.0,140.5,2810.0,2024-03-06
2024030604011613,HDHPC,28,34,500.0,140.5,70250.0,2024-03-06
2024030604011612,HDHPC,26,34,100.0,141.0,14100.0,2024-03-06
2024030604011611,HDHPC,57,34,25.0,142.7,3567.5,2024-03-06
2024030604011610,HDHPC,54,34,433.0,142.7,61789.1,2024-03-06
2024030603007472,USLB,55,25,100.0,1164.0,116400.0,2024-03-06
2024030603007471,USLB,55,57,50.0,1160.0,58000.0,2024-03-06
2024030603007470,USLB,55,6,50.0,1160.0,58000.0,2024-03-06
2024030604011609,NGPL,34,11,10.0,308.0,3080.0,2024-03-06
2024030604011608,AHPC,57,44,85.0,185.9,15801.5,2024-03-06
2024030601033136,SONA,57,45,500.0,515.0,257500.0,2024-03-06
2024030604011607,SHL,36,13,336.0,440.0,147840.0,2024-03-06
2024030604011606,HURJA,58,38,100.0,293.0,29300.0,2024-03-06
2024030601033135,SHIVM,74,28,202.0,513.5,103727.0,2024-03-06
2024030601033134,PRVU,19,26,73.0,143.2,10453.6,2024-03-06
2024030604011605,SALICO,19,49,96.0,653.0,62688.0,2024-03-06
2024030604011604,SHEL,58,26,10.0,216.0,2160.0,2024-03-06
2024030601033133,CKHL,58,77,623.0,614.0,382522.0,2024-03-06
2024030601033132,CKHL,58,45,10.0,614.0,6140.0,2024-03-06
2024030601033131,CKHL,58,62,10.0,612.8,6128.0,2024-03-06
2024030601033130,CKHL,58,39,100.0,612.0,61200.0,2024-03-06
2024030601033129,CKHL,58,59,10.0,611.0,6110.0,2024-03-06
2024030601033128,CKHL,58,49,10.0,610.0,6100.0,2024-03-06
2024030601033127,CKHL,58,43,10.0,610.0,6100.0,2024-03-06
2024030601033126,CKHL,58,36,727.0,609.9,443397.3,2024-03-06
2024030604011603,SPDL,92,13,500.0,254.0,127000.0,2024-03-06
2024030601033125,BEDC,71,39,30.0,357.9,10737.0,2024-03-06
2024030601033124,BEDC,71,71,100.0,357.0,35700.0,2024-03-06
2024030601033123,BEDC,71,32,100.0,357.0,35700.0,2024-03-06
2024030601033122,BEDC,71,56,10.0,357.0,3570.0,2024-03-06
2024030601033121,BEDC,71,35,150.0,357.0,53550.0,2024-03-06
2024030601033120,BEDC,71,41,100.0,353.7,35370.0,2024-03-06
2024030601033119,BEDC,71,49,10.0,352.8,3528.0,2024-03-06
2024030601033118,BEDC,71,34,10.0,351.0,3510.0,2024-03-06
2024030601033117,BEDC,71,38,1000.0,350.9,350900.0,2024-03-06
2024030601033116,BEDC,71,50,480.0,350.0,168000.0,2024-03-06
2024030601033115,BEDC,71,17,10.0,348.0,3480.0,2024-03-06
2024030601033114,SONA,44,63,1000.0,515.0,515000.0,2024-03-06
2024030605006082,HRL,57,22,10.0,624.0,6240.0,2024-03-06
2024030605006081,ENL,60,57,10.0,770.0,7700.0,2024-03-06
2024030603007469,SIFC,29,11,120.0,353.0,42360.0,2024-03-06
2024030605006080,HRL,57,16,10.0,624.0,6240.0,2024-03-06
2024030601033113,USHL,45,59,490.0,478.0,234220.0,2024-03-06
2024030601033112,USHL,45,5,500.0,477.9,238950.0,2024-03-06
2024030601033111,USHL,45,32,10.0,470.0,4700.0,2024-03-06
2024030601033110,SANIMA,7,49,446.0,241.0,107486.0,2024-03-06
2024030601033109,SANIMA,7,44,100.0,241.0,24100.0,2024-03-06
2024030601033108,SANIMA,7,32,100.0,241.0,24100.0,2024-03-06
2024030601033107,SANIMA,7,57,300.0,241.0,72300.0,2024-03-06
2024030601033106,SANIMA,7,47,16.0,240.9,3854.4,2024-03-06
2024030601033105,SANIMA,7,52,60.0,240.9,14454.0,2024-03-06
2024030601033104,SANIMA,7,29,605.0,240.9,145744.5,2024-03-06
2024030601033103,SANIMA,7,7,30.0,240.0,7200.0,2024-03-06
2024030601033102,SANIMA,7,38,60.0,240.0,14400.0,2024-03-06
2024030603007468,HLI,51,50,500.0,389.0,194500.0,2024-03-06
2024030605006079,ENL,48,35,10.0,755.1,7551.0,2024-03-06
2024030603007467,SJLIC,25,45,100.0,456.9,45690.0,2024-03-06
2024030603007466,SHINE,34,49,190.0,373.0,70870.0,2024-03-06
2024030603007465,SHINE,34,40,10.0,373.0,3730.0,2024-03-06
2024030601033101,BGWT,41,34,50.0,570.0,28500.0,2024-03-06
2024030601033100,SONA,81,25,96.0,515.9,49526.4,2024-03-06
2024030601033099,SONA,81,33,50.0,515.9,25795.0,2024-03-06
2024030601033098,SONA,81,4,10.0,515.9,5159.0,2024-03-06
2024030601033097,SONA,81,55,10.0,515.0,5150.0,2024-03-06
2024030601033096,SONA,81,44,224.0,515.0,115360.0,2024-03-06
2024030601033095,SONA,81,50,610.0,515.0,314150.0,2024-03-06
2024030603007464,PROFL,17,17,10.0,315.0,3150.0,2024-03-06
2024030603007463,MFIL,16,41,40.0,509.0,20360.0,2024-03-06
2024030604011602,HEI,58,45,50.0,560.0,28000.0,2024-03-06
2024030604011601,SPDL,92,71,1000.0,254.0,254000.0,2024-03-06
2024030601033094,NWCL,32,41,100.0,764.0,76400.0,2024-03-06
2024030601033093,HDL,32,34,10.0,1510.0,15100.0,2024-03-06
2024030601033092,MEHL,52,45,10.0,298.0,2980.0,2024-03-06
2024030601033091,NESDO,58,57,10.0,1595.0,15950.0,2024-03-06
2024030604011600,SGIC,25,53,10.0,507.0,5070.0,2024-03-06
2024030601033090,SHIVM,43,28,1000.0,514.0,514000.0,2024-03-06
2024030601033089,MKHC,57,22,100.0,288.0,28800.0,2024-03-06
2024030601033088,MKHC,49,22,40.0,288.1,11524.0,2024-03-06
2024030604011599,LEC,5,47,215.0,191.0,41065.0,2024-03-06
2024030604011598,LEC,18,47,200.0,191.2,38240.0,2024-03-06
2024030604011597,LEC,42,47,585.0,192.0,112320.0,2024-03-06
2024030601033087,USHEC,77,10,215.0,372.0,79980.0,2024-03-06
2024030601033086,USHEC,77,87,25.0,371.7,9292.5,2024-03-06
2024030601033085,USHEC,77,58,10.0,371.0,3710.0,2024-03-06
2024030601033084,USHEC,77,19,10.0,370.0,3700.0,2024-03-06
2024030601033083,USHEC,77,58,10.0,370.0,3700.0,2024-03-06
2024030601033082,USHEC,77,44,10.0,369.0,3690.0,2024-03-06
2024030601033081,USHEC,77,44,10.0,369.0,3690.0,2024-03-06
2024030601033080,USHEC,77,56,10.0,369.0,3690.0,2024-03-06
2024030601033079,SHIVM,13,28,100.0,514.0,51400.0,2024-03-06
2024030601033078,CKHL,58,36,1073.0,609.9,654422.7,2024-03-06
2024030601033077,CKHL,58,41,10.0,609.9,6099.0,2024-03-06
2024030601033076,CKHL,58,48,10.0,606.0,6060.0,2024-03-06
2024030601033075,CKHL,58,58,10.0,605.0,6050.0,2024-03-06
2024030601033074,CKHL,58,42,50.0,605.0,30250.0,2024-03-06
2024030601033073,CKHL,58,36,805.0,605.0,487025.0,2024-03-06
2024030601033072,CKHL,58,70,32.0,604.0,19328.0,2024-03-06
2024030601033071,CKHL,58,7,10.0,603.0,6030.0,2024-03-06
2024030605006078,HRL,57,55,10.0,624.0,6240.0,2024-03-06
2024030601033070,SMJC,57,58,30.0,380.0,11400.0,2024-03-06
2024030603007462,JBBL,58,51,100.0,292.9,29290.0,2024-03-06
2024030601033069,SBI,34,44,190.0,286.0,54340.0,2024-03-06
2024030604011596,UPCL,22,5,230.0,212.0,48760.0,2024-03-06
2024030604011595,UPCL,22,22,770.0,211.9,163163.0,2024-03-06
2024030601033068,HHL,38,1,10.0,334.0,3340.0,2024-03-06
2024030601033067,MEL,16,25,50.0,218.0,10900.0,2024-03-06
2024030601033066,USHL,45,38,10.0,474.9,4749.0,2024-03-06
2024030601033065,USHL,45,49,20.0,474.9,9498.0,2024-03-06
2024030601033064,USHL,45,32,10.0,474.0,4740.0,2024-03-06
2024030601033063,USHL,45,49,10.0,465.5,4655.0,2024-03-06
2024030603007461,CFCL,62,45,50.0,334.0,16700.0,2024-03-06
2024030605006077,HRL,57,25,10.0,624.0,6240.0,2024-03-06
2024030604011594,SICL,14,36,11.0,699.9,7698.9,2024-03-06
2024030601033062,NMB,53,57,10.0,181.4,1814.0,2024-03-06
2024030601033061,NIMB,36,87,171.0,164.2,28078.2,2024-03-06
2024030601033060,NIMB,36,87,50.0,164.2,8210.0,2024-03-06
2024030601033059,DOLTI,28,60,100.0,400.0,40000.0,2024-03-06
2024030601033058,MKHL,29,38,10.0,365.0,3650.0,2024-03-06
2024030601033057,SONA,69,50,390.0,515.0,200850.0,2024-03-06
2024030601033056,SONA,69,8,110.0,515.0,56650.0,2024-03-06
2024030601033055,HHL,21,1,20.0,334.0,6680.0,2024-03-06
2024030601033054,UHEWA,32,14,20.0,349.8,6996.0,2024-03-06
2024030601033053,ANLB,64,38,10.0,1905.0,19050.0,2024-03-06
2024030603007460,GBBL,45,37,55.0,361.2,19866.0,2024-03-06
2024030603007459,GBBL,34,37,100.0,361.3,36130.0,2024-03-06
2024030603007458,GBBL,11,37,35.0,363.0,12705.0,2024-03-06
2024030601033052,DORDI,58,57,100.0,455.0,45500.0,2024-03-06
2024030601033051,DORDI,58,47,10.0,455.0,4550.0,2024-03-06
2024030601033050,DORDI,58,49,290.0,455.0,131950.0,2024-03-06
2024030601033049,DORDI,58,64,100.0,454.9,45490.0,2024-03-06
2024030605006076,SMATA,57,1,33.0,582.0,19206.0,2024-03-06
2024030604011593,GHL,48,41,100.0,151.6,15160.0,2024-03-06
2024030604011592,GHL,57,41,160.0,151.7,24272.0,2024-03-06
2024030604011591,GHL,45,41,40.0,151.7,6068.0,2024-03-06
2024030604011590,GHL,55,41,200.0,151.8,30360.0,2024-03-06
2024030601033048,HHL,19,42,67.0,332.0,22244.0,2024-03-06
2024030604011589,API,38,46,50.0,187.5,9375.0,2024-03-06
2024030601033047,SHIVM,74,8,80.0,513.5,41080.0,2024-03-06
2024030601033046,NYADI,64,18,10.0,296.9,2969.0,2024-03-06
2024030601033045,SHIVM,74,33,200.0,513.5,102700.0,2024-03-06
2024030603007457,KMCDB,34,18,480.0,662.0,317760.0,2024-03-06
2024030603007456,KMCDB,34,62,10.0,661.0,6610.0,2024-03-06
2024030603007455,KMCDB,34,58,10.0,660.9,6609.0,2024-03-06
2024030604011588,CHCL,41,50,31.0,469.0,14539.0,2024-03-06
2024030604011587,CHCL,41,29,469.0,469.0,219961.0,2024-03-06
2024030601033044,NRM,58,61,100.0,390.0,39000.0,2024-03-06
2024030601033043,NRM,45,61,50.0,390.0,19500.0,2024-03-06
2024030601033042,RHGCL,1,54,980.0,298.0,292040.0,2024-03-06
2024030601033041,RHGCL,21,54,20.0,298.7,5974.0,2024-03-06
2024030601033040,NABIL,42,38,90.0,442.0,39780.0,2024-03-06
2024030601033039,NABIL,42,22,15.0,442.0,6630.0,2024-03-06
2024030601033038,NABIL,42,7,95.0,442.0,41990.0,2024-03-06
2024030601033037,HDL,48,39,10.0,1510.0,15100.0,2024-03-06
2024030601033036,DOLTI,65,59,205.0,401.0,82205.0,2024-03-06
2024030601033035,MAKAR,16,42,50.0,396.0,19800.0,2024-03-06
2024030601033034,MAKAR,16,42,10.0,395.5,3955.0,2024-03-06
2024030601033033,SONA,56,8,90.0,515.0,46350.0,2024-03-06
2024030601033032,SONA,56,58,10.0,515.0,5150.0,2024-03-06
2024030605006075,NIFRA,46,1,200.0,209.0,41800.0,2024-03-06
2024030601033031,SMHL,58,25,40.0,443.2,17728.0,2024-03-06
2024030601033030,MHCL,55,49,10.0,493.0,4930.0,2024-03-06
2024030605006074,HRL,66,56,38.0,624.9,23746.2,2024-03-06
2024030605006073,HRL,66,45,32.0,624.9,19996.8,2024-03-06
2024030605006072,HRL,66,57,20.0,624.9,12498.0,2024-03-06
2024030605006071,HRL,66,42,100.0,624.9,62490.0,2024-03-06
2024030605006070,HRL,66,49,10.0,624.9,6249.0,2024-03-06
2024030605006069,HRL,66,34,10.0,624.8,6248.0,2024-03-06
2024030605006068,HRL,66,55,290.0,624.7,181163.0,2024-03-06
2024030601033029,DOLTI,22,59,50.0,401.0,20050.0,2024-03-06
2024030601033028,DOLTI,17,59,190.0,401.0,76190.0,2024-03-06
2024030601033027,ULHC,58,58,32.0,331.5,10608.0,2024-03-06
2024030601033026,ULHC,58,28,10.0,331.5,3315.0,2024-03-06
2024030601033025,ULHC,58,21,50.0,331.0,16550.0,2024-03-06
2024030601033024,ULHC,58,28,10.0,331.0,3310.0,2024-03-06
2024030601033023,ULHC,58,36,1210.0,331.0,400510.0,2024-03-06
2024030601033022,ULHC,58,59,90.0,331.0,29790.0,2024-03-06
2024030601033021,ULHC,58,13,10.0,330.0,3300.0,2024-03-06
2024030601033020,ULHC,58,34,10.0,330.0,3300.0,2024-03-06
2024030601033019,ULHC,58,49,10.0,330.0,3300.0,2024-03-06
2024030601033018,ULHC,58,75,558.0,330.0,184140.0,2024-03-06
2024030601033017,ULHC,58,42,10.0,328.4,3284.0,2024-03-06
2024030604011586,API,14,47,480.0,187.1,89808.0,2024-03-06
2024030604011585,HDHPC,54,25,67.0,142.7,9560.9,2024-03-06
2024030601033016,TPC,38,53,10.0,528.6,5286.0,2024-03-06
2024030601033015,MKHL,29,70,284.0,365.0,103660.0,2024-03-06
2024030603007454,NICLBSL,17,45,50.0,544.1,27205.0,2024-03-06
2024030601033014,SMH,52,58,100.0,684.8,68480.0,2024-03-06
2024030603007453,MDB,45,38,921.0,400.0,368400.0,2024-03-06
2024030603007452,MDB,45,58,99.0,400.0,39600.0,2024-03-06
2024030603007451,MDB,45,21,19.0,400.0,7600.0,2024-03-06
2024030603007450,MDB,45,34,200.0,399.9,79980.0,2024-03-06
2024030603007449,MDB,45,50,100.0,398.0,39800.0,2024-03-06
2024030603007448,MDB,45,57,161.0,397.0,63917.0,2024-03-06
2024030603007447,MDB,45,57,500.0,397.0,198500.0,2024-03-06
2024030601033013,GCIL,26,45,305.0,544.9,166194.5,2024-03-06
2024030601033012,GCIL,26,50,50.0,544.0,27200.0,2024-03-06
2024030601033011,GCIL,26,34,25.0,544.0,13600.0,2024-03-06
2024030601033010,GCIL,26,49,10.0,543.0,5430.0,2024-03-06
2024030601033009,GCIL,26,35,10.0,543.0,5430.0,2024-03-06
2024030601033008,GCIL,26,62,100.0,542.0,54200.0,2024-03-06
2024030604011584,MHNL,35,49,9.0,240.1,2160.9,2024-03-06
2024030605006067,HRL,57,51,10.0,624.0,6240.0,2024-03-06
2024030604011583,AHPC,22,44,10.0,185.9,1859.0,2024-03-06
2024030603007446,NLBBL,4,41,10.0,524.9,5249.0,2024-03-06
2024030604011582,HDHPC,39,4,420.0,141.4,59388.0,2024-03-06
2024030604011581,UNHPL,46,59,120.0,246.0,29520.0,2024-03-06
2024030604011580,PMHPL,64,53,50.0,246.0,12300.0,2024-03-06
2024030601033007,PRVU,51,26,77.0,143.2,11026.4,2024-03-06
2024030601033006,ILI,45,59,200.0,518.2,103640.0,2024-03-06
2024030601033005,ILI,32,59,100.0,518.5,51850.0,2024-03-06
2024030601033004,SPL,57,14,10.0,659.8,6598.0,2024-03-06
2024030601033003,LSL,54,58,10.0,161.9,1619.0,2024-03-06
2024030604011579,API,14,48,980.0,187.1,183358.0,2024-03-06
2024030603007445,SKBBL,46,51,55.0,824.0,45320.0,2024-03-06
2024030601033002,HHL,19,45,10.0,332.0,3320.0,2024-03-06
2024030601033001,KBSH,42,45,10.0,965.0,9650.0,2024-03-06
2024030601033000,NYADI,35,18,20.0,296.9,5938.0,2024-03-06
2024030601032999,MEL,16,25,175.0,218.0,38150.0,2024-03-06
2024030601032998,UHEWA,42,14,400.0,343.5,137400.0,2024-03-06
2024030601032997,UHEWA,58,14,100.0,344.0,34400.0,2024-03-06
2024030604011578,HURJA,58,43,1124.0,293.0,329332.0,2024-03-06
2024030604011577,HURJA,86,43,320.0,293.2,93824.0,2024-03-06
2024030604011576,HURJA,1,43,150.0,293.3,43995.0,2024-03-06
2024030601032996,GCIL,34,62,100.0,542.0,54200.0,2024-03-06
2024030601032995,ILI,51,45,37.0,520.0,19240.0,2024-03-06
2024030601032994,ILI,51,13,70.0,520.0,36400.0,2024-03-06
2024030601032993,ILI,51,52,10.0,520.0,5200.0,2024-03-06
2024030601032992,ILI,51,58,10.0,520.0,5200.0,2024-03-06
2024030601032991,ILI,51,53,10.0,520.0,5200.0,2024-03-06
2024030601032990,ILI,51,58,50.0,519.9,25995.0,2024-03-06
2024030601032989,ILI,51,25,26.0,519.8,13514.8,2024-03-06
2024030601032988,ILI,51,28,500.0,519.8,259900.0,2024-03-06
2024030601032987,ILI,51,28,10.0,519.8,5198.0,2024-03-06
2024030601032986,ILI,51,48,177.0,519.0,91863.0,2024-03-06
2024030605006066,HRL,57,48,10.0,624.0,6240.0,2024-03-06
2024030603007444,SADBL,14,58,10.0,295.9,2959.0,2024-03-06
2024030605006065,NTC,58,42,950.0,845.0,802750.0,2024-03-06
2024030605006064,NTC,34,42,50.0,848.0,42400.0,2024-03-06
2024030605006063,MMF1,34,3,300.0,7.2,2160.0,2024-03-06
2024030603007443,MLBSL,85,45,20.0,1602.0,32040.0,2024-03-06
2024030601032985,NYADI,1,18,18.0,296.9,5344.2,2024-03-06
2024030601032984,RNLI,39,40,10.0,434.9,4349.0,2024-03-06
2024030601032983,RNLI,39,38,20.0,434.9,8698.0,2024-03-06
2024030601032982,RNLI,39,47,10.0,434.0,4340.0,2024-03-06
2024030601032981,RNLI,39,58,10.0,434.0,4340.0,2024-03-06
2024030605006062,HIDCL,49,42,10.0,174.0,1740.0,2024-03-06
2024030601032980,MHCL,49,4,100.0,497.0,49700.0,2024-03-06
2024030603007442,HLI,38,41,100.0,389.1,38910.0,2024-03-06
2024030601032979,BNL,47,32,10.0,21000.0,210000.0,2024-03-06
2024030601032978,BNL,47,32,10.0,20535.0,205350.0,2024-03-06
2024030601032977,SONA,58,50,35.0,516.0,18060.0,2024-03-06
2024030601032976,SONA,58,33,30.0,516.0,15480.0,2024-03-06
2024030601032975,SONA,58,58,35.0,515.0,18025.0,2024-03-06
2024030601032974,SAMAJ,42,17,20.0,1698.0,33960.0,2024-03-06
2024030601032973,SAMAJ,42,37,38.0,1690.0,64220.0,2024-03-06
2024030601032972,DOLTI,17,14,10.0,401.5,4015.0,2024-03-06
2024030601032971,SHIVM,16,28,500.0,514.0,257000.0,2024-03-06
2024030604011575,SHL,35,41,100.0,439.0,43900.0,2024-03-06
2024030604011574,SHL,35,69,200.0,438.7,87740.0,2024-03-06
2024030604011573,SHL,35,38,130.0,438.0,56940.0,2024-03-06
2024030605006061,NRIC,34,41,19.0,754.0,14326.0,2024-03-06
2024030601032970,RFPL,44,62,10.0,341.0,3410.0,2024-03-06
2024030601032969,TAMOR,80,49,10.0,389.0,3890.0,2024-03-06
2024030601032968,SNLI,19,49,10.0,590.0,5900.0,2024-03-06
2024030601032967,SONA,58,58,20.0,515.0,10300.0,2024-03-06
2024030601032966,SONA,46,58,195.0,515.0,100425.0,2024-03-06
2024030604011572,GLH,38,48,1000.0,213.0,213000.0,2024-03-06
2024030601032965,SGHC,42,38,17.0,317.2,5392.4,2024-03-06
2024030601032964,SONA,42,33,470.0,516.0,242520.0,2024-03-06
2024030601032963,SONA,42,58,22.0,516.0,11352.0,2024-03-06
2024030601032962,SONA,42,38,158.0,516.0,81528.0,2024-03-06
2024030601032961,SONA,42,48,100.0,515.9,51590.0,2024-03-06
2024030601032960,SONA,42,58,30.0,515.4,15462.0,2024-03-06
2024030604011571,IGI,49,56,30.0,530.0,15900.0,2024-03-06
2024030603007441,MPFL,46,35,200.0,359.4,71880.0,2024-03-06
2024030601032959,MEL,16,25,15.0,218.0,3270.0,2024-03-06
2024030601032958,SHIVM,59,28,378.0,514.0,194292.0,2024-03-06
2024030601032957,NABIL,49,41,20.0,441.8,8836.0,2024-03-06
2024030601032956,ADBL,65,57,21.0,228.3,4794.3,2024-03-06
2024030601032955,ADBL,49,57,60.0,228.3,13698.0,2024-03-06
2024030603007440,SJLIC,14,49,605.0,456.0,275880.0,2024-03-06
2024030603007439,SJLIC,22,49,20.0,456.0,9120.0,2024-03-06
2024030603007438,SJLIC,51,49,65.0,456.0,29640.0,2024-03-06
2024030603007437,SJLIC,58,49,10.0,456.5,4565.0,2024-03-06
2024030604011570,SSHL,10,42,50.0,170.0,8500.0,2024-03-06
2024030601032954,DOLTI,17,42,100.0,401.0,40100.0,2024-03-06
2024030601032953,NWCL,32,41,90.0,764.0,68760.0,2024-03-06
2024030601032952,NWCL,32,22,10.0,760.0,7600.0,2024-03-06
2024030601032951,NRM,29,45,313.0,392.4,122821.2,2024-03-06
2024030604011569,PPCL,45,47,10.0,262.0,2620.0,2024-03-06
2024030601032950,AVYAN,34,7,10.0,591.0,5910.0,2024-03-06
2024030601032949,GVL,41,3,10.0,435.0,4350.0,2024-03-06
2024030601032948,SHIVM,49,28,20.0,514.0,10280.0,2024-03-06
2024030603007436,PROFL,57,22,71.0,310.0,22010.0,2024-03-06
2024030601032947,PPL,3,58,10.0,335.0,3350.0,2024-03-06
2024030604011568,NHDL,58,39,10.0,428.0,4280.0,2024-03-06
2024030601032946,DOLTI,17,28,100.0,401.0,40100.0,2024-03-06
2024030601032945,DOLTI,17,49,100.0,401.0,40100.0,2024-03-06
2024030601032944,DOLTI,17,55,10.0,401.0,4010.0,2024-03-06
2024030601032943,MBL,50,28,100.0,179.5,17950.0,2024-03-06
2024030601032942,JBLB,21,35,10.0,1250.0,12500.0,2024-03-06
2024030605006060,HRL,50,13,97.0,622.5,60382.5,2024-03-06
2024030605006059,HRL,47,13,78.0,623.0,48594.0,2024-03-06
2024030605006058,HRL,38,13,225.0,624.0,140400.0,2024-03-06
2024030601032941,NYADI,62,64,100.0,295.0,29500.0,2024-03-06
2024030601032940,NICA,6,25,10.0,416.0,4160.0,2024-03-06
2024030601032939,RHGCL,53,4,175.0,299.0,52325.0,2024-03-06
2024030601032938,RHGCL,53,21,10.0,299.0,2990.0,2024-03-06
2024030601032937,RHGCL,53,18,15.0,298.7,4480.5,2024-03-06
2024030604011567,AKJCL,47,7,100.0,221.5,22150.0,2024-03-06
2024030601032936,CKHL,58,42,30.0,600.0,18000.0,2024-03-06
2024030601032935,RNLI,53,1,196.0,430.1,84299.6,2024-03-06
2024030601032934,RNLI,6,1,250.0,430.1,107525.0,2024-03-06
2024030601032933,RNLI,32,1,50.0,432.0,21600.0,2024-03-06
2024030601032932,RNLI,34,1,30.0,432.0,12960.0,2024-03-06
2024030601032931,ILI,32,48,123.0,519.0,63837.0,2024-03-06
2024030601032930,ILI,32,6,27.0,519.0,14013.0,2024-03-06
2024030601032929,NESDO,7,25,10.0,1580.0,15800.0,2024-03-06
2024030605006057,HRL,38,49,10.0,624.0,6240.0,2024-03-06
2024030604011566,AKPL,38,49,20.0,184.0,3680.0,2024-03-06
2024030603007435,BFC,38,38,100.0,328.0,32800.0,2024-03-06
2024030601032928,HEIP,42,19,10.0,349.7,3497.0,2024-03-06
2024030605006056,HIDCL,14,42,10.0,174.5,1745.0,2024-03-06
2024030604011565,JOSHI,42,7,10.0,350.0,3500.0,2024-03-06
2024030604011564,JOSHI,42,22,90.0,350.0,31500.0,2024-03-06
2024030604011563,JOSHI,42,34,100.0,349.9,34990.0,2024-03-06
2024030605006055,HRL,38,42,10.0,624.0,6240.0,2024-03-06
2024030601032927,ULHC,58,75,638.0,330.0,210540.0,2024-03-06
2024030601032926,ULHC,58,21,10.0,330.0,3300.0,2024-03-06
2024030601032925,ULHC,58,51,10.0,330.0,3300.0,2024-03-06
2024030601032924,ULHC,58,29,10.0,329.9,3299.0,2024-03-06
2024030601032923,ULHC,58,58,10.0,329.0,3290.0,2024-03-06
2024030601032922,ULHC,58,39,12.0,329.0,3948.0,2024-03-06
2024030601032921,ULHC,58,58,10.0,329.0,3290.0,2024-03-06
2024030601032920,ULHC,58,56,10.0,329.0,3290.0,2024-03-06
2024030601032919,ULHC,58,58,10.0,329.0,3290.0,2024-03-06
2024030601032918,ULHC,58,36,10.0,329.0,3290.0,2024-03-06
2024030601032917,ULHC,58,49,10.0,329.0,3290.0,2024-03-06
2024030601032916,ULHC,58,4,10.0,329.0,3290.0,2024-03-06
2024030601032915,ULHC,58,39,10.0,328.9,3289.0,2024-03-06
2024030601032914,ULHC,58,5,500.0,328.3,164150.0,2024-03-06
2024030601032913,ULHC,58,58,10.0,328.0,3280.0,2024-03-06
2024030601032912,ULHC,58,58,500.0,328.0,164000.0,2024-03-06
2024030601032911,ULHC,58,46,10.0,326.5,3265.0,2024-03-06
2024030601032910,ULHC,58,88,500.0,326.0,163000.0,2024-03-06
2024030601032909,ULHC,58,14,10.0,326.0,3260.0,2024-03-06
2024030601032908,ULHC,58,45,10.0,326.0,3260.0,2024-03-06
2024030601032907,ULHC,58,38,10.0,325.9,3259.0,2024-03-06
2024030601032906,ULHC,58,38,10.0,325.9,3259.0,2024-03-06
2024030601032905,ULHC,58,66,10.0,325.1,3251.0,2024-03-06
2024030601032904,ULHC,58,34,50.0,325.0,16250.0,2024-03-06
2024030601032903,ULHC,58,58,10.0,325.0,3250.0,2024-03-06
2024030601032902,ULHC,58,81,410.0,325.0,133250.0,2024-03-06
2024030601032901,ULHC,58,47,200.0,322.5,64500.0,2024-03-06
2024030603007434,SFCL,58,58,290.0,305.0,88450.0,2024-03-06
2024030603007433,SFCL,58,58,10.0,305.0,3050.0,2024-03-06
2024030601032900,SHIVM,46,28,20.0,514.0,10280.0,2024-03-06
2024030605006054,SAEF,1,35,1000.0,9.7,9700.0,2024-03-06
2024030601032899,VLUCL,34,55,10.0,538.0,5380.0,2024-03-06
2024030604011562,HDHPC,25,25,333.0,142.7,47519.1,2024-03-06
2024030604011561,HDHPC,25,22,667.0,142.7,95180.9,2024-03-06
2024030605006053,CIT,38,43,23.0,2109.0,48507.0,2024-03-06
2024030601032898,MEL,41,42,300.0,218.1,65430.0,2024-03-06
2024030601032897,SHIVM,41,28,100.0,514.0,51400.0,2024-03-06
2024030603007432,MMFDB,33,57,85.0,524.0,44540.0,2024-03-06
2024030605006052,HRL,38,58,30.0,624.0,18720.0,2024-03-06
2024030605006051,HRL,38,16,25.0,624.0,15600.0,2024-03-06
2024030601032896,SHLB,45,6,69.0,837.0,57753.0,2024-03-06
2024030601032895,SHLB,19,6,100.0,837.0,83700.0,2024-03-06
2024030601032894,SHLB,29,6,50.0,837.0,41850.0,2024-03-06
2024030601032893,SHLB,57,6,10.0,837.1,8371.0,2024-03-06
2024030601032892,SHLB,35,6,10.0,838.0,8380.0,2024-03-06
2024030601032891,SHLB,26,6,30.0,840.0,25200.0,2024-03-06
2024030603007431,SDLBSL,29,22,17.0,587.0,9979.0,2024-03-06
2024030604011560,HDHPC,49,4,100.0,142.0,14200.0,2024-03-06
2024030604011559,SPDL,35,13,1000.0,253.0,253000.0,2024-03-06
2024030603007430,SAPDBL,52,22,10.0,255.0,2550.0,2024-03-06
2024030601032890,MKLB,58,34,100.0,724.0,72400.0,2024-03-06
2024030603007429,PROFL,10,22,29.0,310.0,8990.0,2024-03-06
2024030603007428,PROFL,10,20,100.0,310.0,31000.0,2024-03-06
2024030601032889,MKHL,57,70,16.0,365.8,5852.8,2024-03-06
2024030601032888,SONA,22,45,30.0,515.9,15477.0,2024-03-06
2024030604011558,AKJCL,39,86,190.0,221.0,41990.0,2024-03-06
2024030605006050,HRL,72,16,75.0,624.0,46800.0,2024-03-06
2024030605006049,HRL,72,48,150.0,624.0,93600.0,2024-03-06
2024030605006048,HRL,72,37,20.0,624.0,12480.0,2024-03-06
2024030605006047,HRL,72,49,10.0,624.0,6240.0,2024-03-06
2024030605006046,HRL,72,42,30.0,624.0,18720.0,2024-03-06
2024030605006045,HRL,72,54,20.0,624.0,12480.0,2024-03-06
2024030605006044,HRL,72,22,300.0,624.0,187200.0,2024-03-06
2024030605006043,HRL,72,22,20.0,624.0,12480.0,2024-03-06
2024030605006042,HRL,72,58,105.0,624.0,65520.0,2024-03-06
2024030605006041,HRL,72,1,270.0,623.0,168210.0,2024-03-06
2024030601032887,MANDU,65,47,100.0,672.0,67200.0,2024-03-06
2024030601032886,MANDU,65,57,10.0,671.0,6710.0,2024-03-06
2024030601032885,MANDU,65,42,200.0,670.0,134000.0,2024-03-06
2024030601032884,MANDU,65,21,10.0,670.0,6700.0,2024-03-06
2024030601032883,MANDU,65,6,130.0,669.0,86970.0,2024-03-06
2024030601032882,MANDU,65,19,470.0,669.0,314430.0,2024-03-06
2024030601032881,MANDU,65,35,10.0,665.5,6655.0,2024-03-06
2024030601032880,MANDU,65,55,50.0,665.0,33250.0,2024-03-06
2024030601032879,MANDU,65,42,10.0,665.0,6650.0,2024-03-06
2024030601032878,MANDU,65,32,10.0,662.0,6620.0,2024-03-06
2024030603007427,SINDU,21,58,10.0,333.0,3330.0,2024-03-06
2024030604011557,GHL,42,49,200.0,152.0,30400.0,2024-03-06
2024030604011556,GHL,42,49,100.0,152.0,15200.0,2024-03-06
2024030604011555,GHL,42,46,600.0,152.0,91200.0,2024-03-06
2024030604011554,GHL,42,19,1000.0,151.8,151800.0,2024-03-06
2024030604011553,AHPC,7,44,11.0,185.9,2044.9,2024-03-06
2024030604011552,RIDI,42,74,42.0,190.0,7980.0,2024-03-06
2024030605006040,CIT,38,35,13.0,2109.0,27417.0,2024-03-06
2024030603007426,JBBL,35,51,200.0,292.9,58580.0,2024-03-06
2024030604011551,NHDL,14,34,50.0,425.0,21250.0,2024-03-06
2024030603007425,KLBSL,58,39,11.0,810.0,8910.0,2024-03-06
2024030603007424,KLBSL,58,42,236.0,803.8,189696.8,2024-03-06
2024030603007423,KLBSL,58,85,13.0,800.0,10400.0,2024-03-06
2024030601032877,SONA,46,70,150.0,515.0,77250.0,2024-03-06
2024030604011550,GLH,57,70,100.0,212.3,21230.0,2024-03-06
2024030604011549,GLH,77,70,200.0,212.3,42460.0,2024-03-06
2024030604011548,GLH,51,70,200.0,212.4,42480.0,2024-03-06
2024030603007422,GLBSL,38,33,10.0,950.0,9500.0,2024-03-06
2024030605006039,HRL,39,1,100.0,623.0,62300.0,2024-03-06
2024030604011547,AKJCL,49,86,10.0,221.0,2210.0,2024-03-06
2024030604011546,LEC,49,29,10.0,194.8,1948.0,2024-03-06
2024030604011545,PPCL,42,47,10.0,262.0,2620.0,2024-03-06
2024030603007421,GBBL,11,42,15.0,363.0,5445.0,2024-03-06
2024030603007420,GBBL,58,42,285.0,363.0,103455.0,2024-03-06
2024030605006038,HRL,57,1,100.0,623.0,62300.0,2024-03-06
2024030605006037,HRL,82,1,330.0,623.0,205590.0,2024-03-06
2024030601032876,MHCL,1,58,30.0,492.0,14760.0,2024-03-06
2024030604011544,UNHPL,8,43,100.0,247.0,24700.0,2024-03-06
2024030601032875,SONA,46,45,190.0,515.0,97850.0,2024-03-06
2024030601032874,HHL,19,14,95.0,332.0,31540.0,2024-03-06
2024030601032873,HHL,57,14,405.0,332.1,134500.5,2024-03-06
2024030604011543,UNHPL,44,43,1517.0,247.0,374699.0,2024-03-06
2024030604011542,UNHPL,44,28,100.0,247.0,24700.0,2024-03-06
2024030604011541,UNHPL,44,71,100.0,247.0,24700.0,2024-03-06
2024030604011540,UNHPL,44,72,283.0,246.0,69618.0,2024-03-06
2024030601032872,MKLB,39,57,90.0,712.0,64080.0,2024-03-06
2024030604011539,AKPL,39,49,10.0,184.0,1840.0,2024-03-06
2024030604011538,AKPL,39,59,90.0,184.0,16560.0,2024-03-06
2024030605006036,HRL,82,49,10.0,623.0,6230.0,2024-03-06
2024030601032871,CKHL,58,42,101.0,600.0,60600.0,2024-03-06
2024030601032870,CKHL,34,42,10.0,600.1,6001.0,2024-03-06
2024030601032869,CKHL,42,42,100.0,602.0,60200.0,2024-03-06
2024030604011537,JOSHI,58,62,10.0,348.0,3480.0,2024-03-06
2024030601032868,DLBS,38,57,43.0,846.8,36412.4,2024-03-06
2024030601032867,DLBS,38,58,10.0,845.0,8450.0,2024-03-06
2024030601032866,DLBS,38,57,50.0,840.4,42020.0,2024-03-06
2024030601032865,DLBS,38,25,50.0,840.0,42000.0,2024-03-06
2024030601032864,DLBS,38,54,10.0,839.4,8394.0,2024-03-06
2024030601032863,DLBS,38,36,17.0,839.0,14263.0,2024-03-06
2024030601032862,DLBS,38,39,10.0,835.0,8350.0,2024-03-06
2024030601032861,DLBS,38,44,10.0,833.0,8330.0,2024-03-06
2024030601032860,NRM,29,38,100.0,392.4,39240.0,2024-03-06
2024030601032859,NRM,29,90,87.0,392.4,34138.8,2024-03-06
2024030601032858,GVL,41,49,10.0,434.0,4340.0,2024-03-06
2024030601032857,SHIVM,41,28,100.0,514.0,51400.0,2024-03-06
2024030604011536,SGIC,25,17,10.0,507.0,5070.0,2024-03-06
2024030604011535,SJCL,38,4,100.0,280.0,28000.0,2024-03-06
2024030604011534,SJCL,46,4,100.0,280.0,28000.0,2024-03-06
2024030603007419,MNBBL,7,42,13.0,353.0,4589.0,2024-03-06
2024030601032856,NRM,62,90,363.0,392.4,142441.2,2024-03-06
2024030601032855,NRM,62,21,80.0,392.0,31360.0,2024-03-06
2024030601032854,NRM,62,13,500.0,392.0,196000.0,2024-03-06
2024030601032853,NRM,62,61,10.0,392.0,3920.0,2024-03-06
2024030601032852,NRM,62,19,10.0,392.0,3920.0,2024-03-06
2024030601032851,NRM,62,58,37.0,390.0,14430.0,2024-03-06
2024030601032850,NABIL,8,7,205.0,442.0,90610.0,2024-03-06
2024030601032849,MHCL,34,35,114.0,491.4,56019.6,2024-03-06
2024030601032848,MHCL,42,35,30.0,491.5,14745.0,2024-03-06
2024030601032847,NRM,16,58,150.0,390.0,58500.0,2024-03-06
2024030601032846,MHCL,49,58,170.0,492.0,83640.0,2024-03-06
2024030603007418,SJLIC,81,74,11.0,457.0,5027.0,2024-03-06
2024030605006035,HRL,82,34,10.0,623.0,6230.0,2024-03-06
2024030601032845,SONA,46,57,18.0,515.0,9270.0,2024-03-06
2024030601032844,SONA,46,38,10.0,515.0,5150.0,2024-03-06
2024030605006034,HRL,48,58,80.0,624.0,49920.0,2024-03-06
2024030605006033,HRL,48,22,20.0,623.9,12478.0,2024-03-06
2024030601032843,SMH,29,58,10.0,684.8,6848.0,2024-03-06
2024030601032842,SONA,46,40,160.0,515.0,82400.0,2024-03-06
2024030601032841,MEL,16,21,10.0,218.0,2180.0,2024-03-06
2024030603007417,MNBBL,7,7,200.0,353.0,70600.0,2024-03-06
2024030604011533,NGPL,62,10,100.0,307.9,30790.0,2024-03-06
2024030601032840,SGHC,42,45,16.0,317.2,5075.2,2024-03-06
2024030601032839,NESDO,58,57,10.0,1595.0,15950.0,2024-03-06
2024030604011532,UPCL,25,22,100.0,211.9,21190.0,2024-03-06
2024030603007416,ALICL,53,34,246.0,546.0,134316.0,2024-03-06
2024030603007415,ALICL,1,34,50.0,546.0,27300.0,2024-03-06
2024030603007414,ALICL,51,34,50.0,546.1,27305.0,2024-03-06
2024030603007413,ALICL,56,34,29.0,546.2,15839.8,2024-03-06
2024030603007412,ALICL,41,34,25.0,547.0,13675.0,2024-03-06
2024030603007411,ALICL,1,34,30.0,547.0,16410.0,2024-03-06
2024030603007410,ALICL,51,34,10.0,547.2,5472.0,2024-03-06
2024030603007409,ALICL,32,34,10.0,548.0,5480.0,2024-03-06
2024030603007408,ALICL,14,34,50.0,548.0,27400.0,2024-03-06
2024030603007407,ALICL,62,34,1000.0,550.0,550000.0,2024-03-06
2024030603007406,ALICL,16,34,30.0,555.0,16650.0,2024-03-06
2024030601032838,SIKLES,34,34,500.0,473.5,236750.0,2024-03-06
2024030601032837,SONA,46,38,10.0,515.0,5150.0,2024-03-06
2024030604011531,GLH,38,48,1000.0,213.0,213000.0,2024-03-06
2024030601032836,USHEC,77,13,240.0,365.0,87600.0,2024-03-06
2024030601032835,USHEC,77,32,10.0,364.0,3640.0,2024-03-06
2024030601032834,USHEC,77,38,10.0,360.0,3600.0,2024-03-06
2024030601032833,USHEC,77,56,10.0,360.0,3600.0,2024-03-06
2024030601032832,USHEC,77,34,10.0,359.0,3590.0,2024-03-06
2024030601032831,USHEC,77,56,140.0,358.1,50134.0,2024-03-06
2024030604011530,UNHPL,45,16,150.0,245.1,36765.0,2024-03-06
2024030601032830,SONA,46,35,10.0,515.0,5150.0,2024-03-06
2024030601032829,NABIL,14,49,4.0,442.0,1768.0,2024-03-06
2024030601032828,NABIL,14,58,35.0,442.0,15470.0,2024-03-06
2024030605006032,HRL,82,58,10.0,623.0,6230.0,2024-03-06
2024030601032827,SAMAJ,34,37,22.0,1690.0,37180.0,2024-03-06
2024030603007405,SHINE,38,40,19.0,373.0,7087.0,2024-03-06
2024030601032826,MHCL,39,4,10.0,498.0,4980.0,2024-03-06
2024030604011529,AHPC,16,44,50.0,185.9,9295.0,2024-03-06
2024030603007404,CBBL,50,42,18.0,818.0,14724.0,2024-03-06
2024030603007403,LICN,7,13,20.0,1339.0,26780.0,2024-03-06
2024030604011528,MEN,50,43,20.0,619.0,12380.0,2024-03-06
2024030601032825,SHIVM,18,28,1000.0,514.0,514000.0,2024-03-06
2024030603007402,SJLIC,18,74,300.0,457.0,137100.0,2024-03-06
2024030601032824,NYADI,64,11,20.0,297.0,5940.0,2024-03-06
2024030601032823,NYADI,64,52,100.0,296.9,29690.0,2024-03-06
2024030605006031,CIT,38,47,25.0,2109.0,52725.0,2024-03-06
2024030603007401,NLIC,49,58,10.0,603.0,6030.0,2024-03-06
2024030601032822,SONA,46,38,10.0,515.0,5150.0,2024-03-06
2024030604011527,NHPC,34,6,300.0,159.6,47880.0,2024-03-06
2024030604011526,NHPC,50,6,360.0,159.6,57456.0,2024-03-06
2024030604011525,NHPC,35,6,20.0,159.7,3194.0,2024-03-06
2024030603007400,LBBL,48,48,30.0,374.0,11220.0,2024-03-06
2024030603007399,LBBL,4,48,200.0,374.5,74900.0,2024-03-06
2024030603007398,LBBL,58,48,450.0,374.6,168570.0,2024-03-06
2024030603007397,LBBL,45,48,100.0,375.0,37500.0,2024-03-06
2024030603007396,LBBL,35,48,20.0,375.0,7500.0,2024-03-06
2024030603007395,LBBL,50,48,100.0,375.0,37500.0,2024-03-06
2024030603007394,LBBL,49,48,100.0,376.0,37600.0,2024-03-06
2024030604011524,HDHPC,21,4,300.0,142.0,42600.0,2024-03-06
2024030601032821,SHIVM,68,28,500.0,514.0,257000.0,2024-03-06
2024030601032820,BHL,71,50,10.0,349.0,3490.0,2024-03-06
2024030601032819,BHL,71,35,10.0,345.0,3450.0,2024-03-06
2024030601032818,BHL,71,34,10.0,345.0,3450.0,2024-03-06
2024030601032817,TVCL,42,26,10.0,539.9,5399.0,2024-03-06
2024030601032816,GCIL,26,35,90.0,543.9,48951.0,2024-03-06
2024030604011523,JOSHI,35,22,10.0,350.0,3500.0,2024-03-06
2024030601032815,GCIL,26,13,310.0,543.9,168609.0,2024-03-06
2024030601032814,GCIL,26,7,100.0,540.2,54020.0,2024-03-06
2024030604011522,CHCL,22,29,20.0,469.0,9380.0,2024-03-06
2024030605006030,BBC,49,51,10.0,3941.0,39410.0,2024-03-06
2024030601032813,RFPL,44,57,370.0,335.3,124061.0,2024-03-06
2024030601032812,RFPL,65,57,430.0,340.1,146243.0,2024-03-06
2024030603007393,GBBL,58,49,115.0,363.0,41745.0,2024-03-06
2024030601032811,SMJC,57,62,10.0,380.0,3800.0,2024-03-06
2024030601032810,SMJC,57,70,190.0,380.0,72200.0,2024-03-06
2024030603007392,RSDC,38,44,100.0,533.0,53300.0,2024-03-06
2024030604011521,HURJA,41,38,100.0,294.0,29400.0,2024-03-06
2024030605006029,ENL,77,14,16.0,763.0,12208.0,2024-03-06
2024030601032809,GCIL,48,7,10.0,540.2,5402.0,2024-03-06
2024030604011520,API,17,46,200.0,187.5,37500.0,2024-03-06
2024030601032808,DOLTI,17,52,10.0,401.0,4010.0,2024-03-06
2024030601032807,SRLI,62,4,10.0,425.8,4258.0,2024-03-06
2024030601032806,GCIL,4,7,120.0,540.3,64836.0,2024-03-06
2024030601032805,GCIL,44,7,165.0,540.3,89149.5,2024-03-06
2024030601032804,GCIL,50,7,105.0,540.4,56742.0,2024-03-06
2024030601032803,ULHC,58,74,330.0,322.0,106260.0,2024-03-06
2024030601032802,ULHC,8,74,400.0,322.5,129000.0,2024-03-06
2024030601032801,SNLI,19,35,10.0,590.0,5900.0,2024-03-06
2024030605006028,NRN,10,55,490.0,558.0,273420.0,2024-03-06
2024030605006027,NRN,10,78,500.0,557.9,278950.0,2024-03-06
2024030605006026,NRN,10,57,10.0,557.0,5570.0,2024-03-06
2024030604011519,PPCL,49,45,10.0,259.1,2591.0,2024-03-06
2024030604011518,GHL,45,57,160.0,151.7,24272.0,2024-03-06
2024030601032800,SMJC,45,70,310.0,380.0,117800.0,2024-03-06
2024030601032799,SMJC,45,17,190.0,380.0,72200.0,2024-03-06
2024030603007391,SFCL,58,58,10.0,305.0,3050.0,2024-03-06
2024030604011517,GLH,22,48,200.0,213.0,42600.0,2024-03-06
2024030605006025,NTC,59,44,116.0,849.8,98576.8,2024-03-06
2024030601032798,NRM,34,19,90.0,392.0,35280.0,2024-03-06
2024030601032797,NRM,34,32,10.0,392.0,3920.0,2024-03-06
2024030605006024,NIBSF2,4,38,9300.0,7.2,66960.0,2024-03-06
2024030601032796,SONA,46,41,10.0,515.0,5150.0,2024-03-06
2024030601032795,SHIVM,88,28,500.0,514.0,257000.0,2024-03-06
2024030601032794,SHIVM,21,28,10.0,514.0,5140.0,2024-03-06
2024030601032793,SHIVM,11,28,30.0,514.0,15420.0,2024-03-06
2024030601032792,SHIVM,36,28,72.0,514.0,37008.0,2024-03-06
2024030601032791,SHIVM,58,28,237.0,514.0,121818.0,2024-03-06
2024030603007390,ICFC,8,58,100.0,479.0,47900.0,2024-03-06
2024030601032790,SAMAJ,33,53,10.0,1675.1,16751.0,2024-03-06
2024030605006023,HRL,82,58,10.0,623.0,6230.0,2024-03-06
2024030601032789,ILI,49,6,13.0,519.0,6747.0,2024-03-06
2024030601032788,ILI,32,38,16.0,519.0,8304.0,2024-03-06
2024030601032787,PRVU,39,44,265.0,143.1,37921.5,2024-03-06
2024030604011516,SJCL,46,54,100.0,280.0,28000.0,2024-03-06
2024030601032786,MBJC,72,26,996.0,316.0,314736.0,2024-03-06
2024030601032785,GCIL,50,59,280.0,540.4,151312.0,2024-03-06
2024030601032784,GCIL,66,59,100.0,540.4,54040.0,2024-03-06
2024030601032783,GCIL,45,59,30.0,540.5,16215.0,2024-03-06
2024030601032782,GCIL,53,59,500.0,541.0,270500.0,2024-03-06
2024030601032781,SHIVM,58,4,10.0,514.0,5140.0,2024-03-06
2024030603007389,SJLIC,49,74,20.0,457.0,9140.0,2024-03-06
2024030601032780,NWCL,19,49,10.0,748.0,7480.0,2024-03-06
2024030601032779,NABIL,42,58,50.0,442.0,22100.0,2024-03-06
2024030601032778,TVCL,13,26,100.0,539.9,53990.0,2024-03-06
2024030603007388,MLBL,45,55,50.0,320.0,16000.0,2024-03-06
2024030605006022,HRL,82,45,200.0,623.0,124600.0,2024-03-06
2024030601032777,CLI,38,49,10.0,437.0,4370.0,2024-03-06
2024030603007387,GILB,49,22,10.0,796.1,7961.0,2024-03-06
2024030601032776,CZBIL,49,49,196.0,164.0,32144.0,2024-03-06
2024030601032775,CZBIL,49,29,104.0,164.0,17056.0,2024-03-06
2024030604011515,UPCL,49,22,200.0,211.9,42380.0,2024-03-06
2024030601032774,SONA,62,48,50.0,515.2,25760.0,2024-03-06
2024030603007386,SADBL,35,39,1000.0,296.0,296000.0,2024-03-06
2024030601032773,KDL,35,58,25.0,782.0,19550.0,2024-03-06
2024030603007385,LICN,44,13,10.0,1339.0,13390.0,2024-03-06
2024030601032772,NRM,45,32,70.0,392.0,27440.0,2024-03-06
2024030605006021,CIT,38,33,39.0,2109.0,82251.0,2024-03-06
2024030601032771,HHL,5,84,10.0,335.0,3350.0,2024-03-06
2024030603007384,CBBL,50,57,61.0,818.0,49898.0,2024-03-06
2024030601032770,MKHL,57,58,84.0,365.7,30718.8,2024-03-06
2024030601032769,MHCL,17,39,100.0,498.9,49890.0,2024-03-06
2024030603007383,BFC,88,38,200.0,329.0,65800.0,2024-03-06
2024030605006020,CIT,38,14,100.0,2109.0,210900.0,2024-03-06
2024030603007382,SJLIC,62,74,100.0,457.0,45700.0,2024-03-06
2024030601032768,MCHL,32,38,100.0,330.0,33000.0,2024-03-06
2024030604011514,HURJA,82,50,10.0,298.8,2988.0,2024-03-06
2024030604011513,HURJA,82,22,20.0,295.0,5900.0,2024-03-06
2024030603007381,ALBSL,43,49,10.0,647.0,6470.0,2024-03-06
2024030604011512,UNHPL,57,72,106.0,246.0,26076.0,2024-03-06
2024030601032767,HHL,21,84,50.0,335.0,16750.0,2024-03-06
2024030604011511,SICL,41,56,60.0,699.0,41940.0,2024-03-06
2024030604011510,UPPER,29,4,30.0,205.0,6150.0,2024-03-06
2024030603007380,SINDU,29,58,20.0,333.0,6660.0,2024-03-06
2024030601032766,SONA,46,74,1000.0,515.0,515000.0,2024-03-06
2024030601032765,MCHL,43,38,100.0,330.0,33000.0,2024-03-06
2024030601032764,NABIL,25,58,415.0,442.0,183430.0,2024-03-06
2024030601032763,NABIL,25,19,85.0,442.0,37570.0,2024-03-06
2024030601032762,SONA,46,58,10.0,515.0,5150.0,2024-03-06
2024030601032761,SONA,46,59,12.0,515.0,6180.0,2024-03-06
2024030601032760,VLUCL,34,38,150.0,539.9,80985.0,2024-03-06
2024030604011509,NICL,86,34,65.0,828.7,53865.5,2024-03-06
2024030601032759,SONA,46,48,155.0,515.0,79825.0,2024-03-06
2024030601032758,SONA,58,48,50.0,515.0,25750.0,2024-03-06
2024030601032757,SONA,45,48,20.0,515.0,10300.0,2024-03-06
2024030601032756,DOLTI,17,49,500.0,401.0,200500.0,2024-03-06
2024030604011508,AHPC,38,44,670.0,185.9,124553.0,2024-03-06
2024030604011507,AHPC,38,48,430.0,185.9,79937.0,2024-03-06
2024030601032755,NICAD8283,41,41,5.0,1045.0,5225.0,2024-03-06
2024030605006019,SMATA,38,1,23.0,582.0,13386.0,2024-03-06
2024030605006018,SMATA,41,1,20.0,583.0,11660.0,2024-03-06
2024030604011506,GLH,49,48,1990.0,213.0,423870.0,2024-03-06
2024030603007379,USLB,55,6,150.0,1160.0,174000.0,2024-03-06
2024030603007378,USLB,55,59,100.0,1160.0,116000.0,2024-03-06
2024030603007377,USLB,55,45,10.0,1160.0,11600.0,2024-03-06
2024030603007376,USLB,55,57,50.0,1159.0,57950.0,2024-03-06
2024030603007375,USLB,55,59,10.0,1159.0,11590.0,2024-03-06
2024030603007374,USLB,55,57,50.0,1156.0,57800.0,2024-03-06
2024030603007373,USLB,55,58,10.0,1156.0,11560.0,2024-03-06
2024030603007372,USLB,55,43,20.0,1155.0,23100.0,2024-03-06
2024030604011505,MEN,45,34,10.0,617.9,6179.0,2024-03-06
2024030603007371,SDLBSL,57,58,137.0,576.2,78939.4,2024-03-06
2024030603007370,SDLBSL,53,58,10.0,576.2,5762.0,2024-03-06
2024030603007369,SDLBSL,35,58,43.0,577.0,24811.0,2024-03-06
2024030603007368,SDLBSL,45,58,10.0,578.0,5780.0,2024-03-06
2024030604011504,NHPC,58,49,500.0,160.0,80000.0,2024-03-06
2024030601032754,CITY,39,36,10.0,595.0,5950.0,2024-03-06
2024030603007367,CBBL,50,29,23.0,818.0,18814.0,2024-03-06
2024030601032753,HATHY,16,22,10.0,869.0,8690.0,2024-03-06
2024030604011503,AKPL,16,59,10.0,184.0,1840.0,2024-03-06
2024030601032752,HATHY,17,16,15.0,862.0,12930.0,2024-03-06
2024030603007366,SJLIC,42,74,20.0,457.0,9140.0,2024-03-06
2024030603007365,SLBSL,42,85,10.0,804.0,8040.0,2024-03-06
2024030605006017,HRL,26,53,100.0,623.9,62390.0,2024-03-06
2024030601032751,SONA,45,43,10.0,515.0,5150.0,2024-03-06
2024030601032750,NICA,54,43,20.0,416.0,8320.0,2024-03-06
2024030601032749,SHIVM,58,53,83.0,514.0,42662.0,2024-03-06
2024030601032748,SHIVM,28,53,77.0,514.1,39585.7,2024-03-06
2024030604011502,LEC,42,36,85.0,192.0,16320.0,2024-03-06
2024030604011501,LEC,45,36,15.0,193.0,2895.0,2024-03-06
2024030604011500,NHPC,50,51,40.0,159.6,6384.0,2024-03-06
2024030603007364,GILB,7,22,20.0,796.1,15922.0,2024-03-06
2024030603007363,MDB,37,16,430.0,392.1,168603.0,2024-03-06
2024030603007362,MDB,58,16,100.0,392.1,39210.0,2024-03-06
2024030603007361,MDB,7,16,200.0,392.2,78440.0,2024-03-06
2024030603007360,RLFL,37,34,200.0,356.0,71200.0,2024-03-06
2024030601032747,HATHY,17,22,20.0,862.0,17240.0,2024-03-06
2024030601032746,MKLB,5,57,20.0,712.0,14240.0,2024-03-06
2024030601032745,ILI,57,7,10.0,519.0,5190.0,2024-03-06
2024030604011499,API,38,57,44.0,187.0,8228.0,2024-03-06
2024030604011498,API,4,57,50.0,187.0,9350.0,2024-03-06
2024030604011497,API,85,57,406.0,187.0,75922.0,2024-03-06
2024030605006016,HRL,82,39,145.0,623.0,90335.0,2024-03-06
2024030601032744,NABIL,49,56,146.0,441.8,64502.8,2024-03-06
2024030601032743,NABIL,57,56,104.0,441.9,45957.6,2024-03-06
2024030601032742,NWCL,32,22,40.0,760.0,30400.0,2024-03-06
2024030601032741,NWCL,32,17,160.0,745.0,119200.0,2024-03-06
2024030601032740,SONA,14,45,60.0,515.9,30954.0,2024-03-06
2024030601032739,SONA,14,8,30.0,515.5,15465.0,2024-03-06
2024030601032738,SONA,14,35,10.0,515.3,5153.0,2024-03-06
2024030601032737,GCIL,22,13,190.0,543.9,103341.0,2024-03-06
2024030601032736,GCIL,22,49,10.0,540.5,5405.0,2024-03-06
2024030601032735,VLUCL,34,58,10.0,535.0,5350.0,2024-03-06
2024030604011496,UNHPL,57,49,60.0,246.0,14760.0,2024-03-06
2024030604011495,UNHPL,57,72,500.0,246.0,123000.0,2024-03-06
2024030601032734,NWCL,43,17,50.0,748.7,37435.0,2024-03-06
2024030601032733,NWCL,44,17,290.0,748.8,217152.0,2024-03-06
2024030601032732,PRVU,39,54,12.0,143.1,1717.2,2024-03-06
2024030601032731,LSL,45,39,100.0,161.8,16180.0,2024-03-06
2024030601032730,UNLB,33,41,10.0,1260.0,12600.0,2024-03-06
2024030601032729,UNLB,33,29,10.0,1260.0,12600.0,2024-03-06
2024030601032728,UNLB,33,21,10.0,1260.0,12600.0,2024-03-06
2024030601032727,UNLB,33,11,30.0,1259.9,37797.0,2024-03-06
2024030601032726,MKCL,5,45,40.0,947.0,37880.0,2024-03-06
2024030601032725,MEL,54,42,390.0,218.1,85059.0,2024-03-06
2024030601032724,SONA,45,58,10.0,515.0,5150.0,2024-03-06
2024030605006015,NIFRA,5,59,734.0,208.5,153039.0,2024-03-06
2024030605006014,NIFRA,41,59,266.0,208.6,55487.6,2024-03-06
2024030603007359,SADBL,34,39,250.0,296.0,74000.0,2024-03-06
2024030604011494,GHL,58,41,1050.0,151.5,159075.0,2024-03-06
2024030601032723,NRM,16,6,50.0,390.0,19500.0,2024-03-06
2024030601032722,NRM,19,6,50.0,390.0,19500.0,2024-03-06
2024030601032721,NRM,19,58,150.0,390.0,58500.0,2024-03-06
2024030605006013,HRL,42,53,100.0,623.9,62390.0,2024-03-06
2024030604011493,CGH,42,37,15.0,825.0,12375.0,2024-03-06
2024030601032720,CLI,66,34,455.0,439.8,200109.0,2024-03-06
2024030601032719,BGWT,41,45,10.0,570.0,5700.0,2024-03-06
2024030601032718,NABIL,54,19,15.0,442.0,6630.0,2024-03-06
2024030601032717,MKHC,21,16,40.0,289.0,11560.0,2024-03-06
2024030604011492,NICL,34,34,10.0,828.7,8287.0,2024-03-06
2024030601032716,SHIVM,71,40,132.0,514.9,67966.8,2024-03-06
2024030601032715,SHIVM,71,28,468.0,514.9,240973.2,2024-03-06
2024030601032714,SHIVM,71,17,700.0,514.8,360360.0,2024-03-06
2024030605006012,HRL,46,58,100.0,624.0,62400.0,2024-03-06
2024030601032713,SONA,45,25,100.0,515.0,51500.0,2024-03-06
2024030601032712,NABIL,22,56,300.0,442.0,132600.0,2024-03-06
2024030601032711,DOLTI,65,40,15.0,400.8,6012.0,2024-03-06
2024030601032710,DOLTI,65,47,1780.0,400.8,713424.0,2024-03-06
2024030601032709,HHL,38,71,10.0,335.9,3359.0,2024-03-06
2024030605006011,KEF,8,34,300.0,7.95,2385.0,2024-03-06
2024030603007358,USLB,34,25,70.0,1150.0,80500.0,2024-03-06
2024030605006010,HRL,61,58,40.0,624.0,24960.0,2024-03-06
2024030604011491,BARUN,46,48,100.0,250.0,25000.0,2024-03-06
2024030601032708,PHCL,58,47,70.0,318.0,22260.0,2024-03-06
2024030601032707,PHCL,58,32,10.0,315.0,3150.0,2024-03-06
2024030601032706,PHCL,58,45,10.0,314.0,3140.0,2024-03-06
2024030601032705,PHCL,58,38,10.0,313.0,3130.0,2024-03-06
2024030604011490,UAIL,6,34,353.0,529.0,186737.0,2024-03-06
2024030605006009,KDBY,29,38,200.0,8.4,1680.0,2024-03-06
2024030601032704,TPC,38,53,15.0,528.6,7929.0,2024-03-06
2024030605006008,HRL,82,19,20.0,623.0,12460.0,2024-03-06
2024030601032703,NABIL,14,39,98.0,442.0,43316.0,2024-03-06
2024030601032702,NMB,44,28,480.0,181.0,86880.0,2024-03-06
2024030601032701,TPC,48,53,10.0,528.6,5286.0,2024-03-06
2024030601032700,ILI,34,21,10.0,519.0,5190.0,2024-03-06
2024030601032699,SPC,29,19,50.0,606.0,30300.0,2024-03-06
2024030605006007,CIT,32,14,100.0,2109.0,210900.0,2024-03-06
2024030601032698,CLI,38,51,10.0,437.0,4370.0,2024-03-06
2024030601032697,JBLB,34,32,10.0,1250.0,12500.0,2024-03-06
2024030601032696,DOLTI,71,47,210.0,400.8,84168.0,2024-03-06
2024030601032695,DOLTI,71,28,1000.0,400.0,400000.0,2024-03-06
2024030601032694,DOLTI,71,36,100.0,400.0,40000.0,2024-03-06
2024030601032693,DOLTI,71,71,600.0,400.0,240000.0,2024-03-06
2024030601032692,DOLTI,71,51,10.0,399.8,3998.0,2024-03-06
2024030601032691,DOLTI,71,69,100.0,399.8,39980.0,2024-03-06
2024030601032690,DOLTI,71,58,10.0,399.8,3998.0,2024-03-06
2024030601032689,DOLTI,71,71,100.0,399.8,39980.0,2024-03-06
2024030601032688,DOLTI,71,52,400.0,399.5,159800.0,2024-03-06
2024030601032687,DOLTI,71,71,450.0,399.5,179775.0,2024-03-06
2024030601032686,DOLTI,71,53,10.0,399.0,3990.0,2024-03-06
2024030601032685,DOLTI,71,42,10.0,398.8,3988.0,2024-03-06
2024030603007357,MLBL,17,55,35.0,320.0,11200.0,2024-03-06
2024030603007356,MLBL,17,21,140.0,320.0,44800.0,2024-03-06
2024030603007355,MLBL,17,39,25.0,320.0,8000.0,2024-03-06
2024030603007354,SADBL,44,39,500.0,296.0,148000.0,2024-03-06
2024030604011489,NLG,44,58,10.0,755.0,7550.0,2024-03-06
2024030605006006,NIFRA,54,36,1000.0,209.0,209000.0,2024-03-06
2024030604011488,AKPL,45,57,250.0,181.3,45325.0,2024-03-06
2024030604011487,AKPL,38,57,50.0,181.5,9075.0,2024-03-06
2024030604011486,PPCL,49,34,10.0,259.1,2591.0,2024-03-06
2024030604011485,PPCL,85,34,490.0,259.2,127008.0,2024-03-06
2024030605006005,HRL,82,26,10.0,623.0,6230.0,2024-03-06
2024030604011484,API,93,46,10.0,187.5,1875.0,2024-03-06
2024030601032684,NABIL,49,39,20.0,442.0,8840.0,2024-03-06
2024030603007353,NMFBS,52,45,14.0,1064.2,14898.8,2024-03-06
2024030604011483,NGPL,3,10,200.0,308.0,61600.0,2024-03-06
2024030604011482,NHPC,4,49,50.0,160.0,8000.0,2024-03-06
2024030601032683,ULHC,8,38,500.0,322.5,161250.0,2024-03-06
2024030604011481,NHPC,32,49,200.0,160.0,32000.0,2024-03-06
2024030601032682,CITY,41,35,10.0,587.2,5872.0,2024-03-06
2024030601032681,MEL,34,49,50.0,218.0,10900.0,2024-03-06
2024030601032680,MEL,61,49,60.0,218.0,13080.0,2024-03-06
2024030601032679,MBJC,18,45,10.0,313.1,3131.0,2024-03-06
2024030601032678,SONA,45,49,10.0,515.0,5150.0,2024-03-06
2024030605006004,HRL,34,55,20.0,624.7,12494.0,2024-03-06
2024030605006003,HRL,34,45,20.0,624.0,12480.0,2024-03-06
2024030605006002,HRL,34,38,30.0,624.0,18720.0,2024-03-06
2024030605006001,HRL,34,58,10.0,624.0,6240.0,2024-03-06
2024030605006000,HRL,34,56,10.0,624.0,6240.0,2024-03-06
2024030601032677,CITY,39,36,10.0,595.0,5950.0,2024-03-06
2024030601032676,MBL,50,39,490.0,179.5,87955.0,2024-03-06
2024030601032675,GBBD85,42,25,25.0,903.0,22575.0,2024-03-06
2024030604011480,PPCL,45,14,10.0,262.8,2628.0,2024-03-06
2024030601032674,MCHL,17,77,10.0,329.0,3290.0,2024-03-06
2024030601032673,CKHL,26,58,10.0,602.0,6020.0,2024-03-06
2024030603007352,HLI,45,58,10.0,389.1,3891.0,2024-03-06
2024030604011479,NICL,52,45,72.0,825.0,59400.0,2024-03-06
2024030601032672,SANIMA,42,38,100.0,240.0,24000.0,2024-03-06
2024030601032671,NABIL,8,39,100.0,442.0,44200.0,2024-03-06
2024030604011478,SPIL,35,44,11.0,733.0,8063.0,2024-03-06
2024030604011477,SPIL,35,45,10.0,732.5,7325.0,2024-03-06
2024030604011476,SPIL,35,25,26.0,732.0,19032.0,2024-03-06
2024030604011475,SPIL,35,29,10.0,732.0,7320.0,2024-03-06
2024030604011474,SPIL,35,4,68.0,731.5,49742.0,2024-03-06
2024030604011473,SPIL,35,16,65.0,731.5,47547.5,2024-03-06
2024030604011472,SPIL,35,47,10.0,731.0,7310.0,2024-03-06
2024030604011471,LEC,21,29,500.0,194.8,97400.0,2024-03-06
2024030601032670,SPL,57,34,52.0,656.9,34158.8,2024-03-06
2024030603007351,SLBBL,58,52,30.0,625.0,18750.0,2024-03-06
2024030603007350,MPFL,46,35,200.0,359.4,71880.0,2024-03-06
2024030601032669,IHL,5,45,50.0,355.0,17750.0,2024-03-06
2024030601032668,IHL,5,53,10.0,355.0,3550.0,2024-03-06
2024030601032667,IHL,5,55,10.0,355.0,3550.0,2024-03-06
2024030601032666,IHL,5,35,10.0,354.0,3540.0,2024-03-06
2024030601032665,IHL,5,17,500.0,354.0,177000.0,2024-03-06
2024030601032664,IHL,5,58,420.0,354.0,148680.0,2024-03-06
2024030604011470,NICL,21,45,10.0,825.0,8250.0,2024-03-06
2024030601032663,SHIVM,48,17,300.0,514.8,154440.0,2024-03-06
2024030601032662,MKHC,16,16,336.0,289.0,97104.0,2024-03-06
2024030603007349,PROFL,1,58,1000.0,310.0,310000.0,2024-03-06
2024030601032661,RFPL,65,50,50.0,340.1,17005.0,2024-03-06
2024030604011469,UPCL,68,14,622.0,211.3,131428.6,2024-03-06
2024030604011468,UPCL,22,14,378.0,211.5,79947.0,2024-03-06
2024030601032660,SONA,45,43,100.0,515.0,51500.0,2024-03-06
2024030601032659,SGHC,42,6,17.0,317.3,5394.1,2024-03-06
2024030604011467,HDHPC,62,43,700.0,142.0,99400.0,2024-03-06
2024030604011466,JOSHI,38,62,10.0,346.0,3460.0,2024-03-06
2024030601032658,PRVU,14,54,34.0,143.1,4865.4,2024-03-06
2024030605005999,HRL,82,35,30.0,623.0,18690.0,2024-03-06
2024030605005998,HRL,41,35,100.0,623.1,62310.0,2024-03-06
2024030605005997,HRL,39,35,30.0,624.0,18720.0,2024-03-06
2024030601032657,MHL,58,25,50.0,380.6,19030.0,2024-03-06
2024030601032656,SHIVM,59,28,700.0,514.9,360430.0,2024-03-06
2024030601032655,SHIVM,59,53,300.0,514.2,154260.0,2024-03-06
2024030601032654,VLUCL,34,58,10.0,535.0,5350.0,2024-03-06
2024030603007348,DDBL,34,33,10.0,742.2,7422.0,2024-03-06
2024030605005996,NRN,58,36,250.0,556.0,139000.0,2024-03-06
2024030604011465,KKHC,55,57,100.0,244.0,24400.0,2024-03-06
2024030603007347,MSLB,36,42,10.0,829.8,8298.0,2024-03-06
2024030603007346,MFIL,53,28,85.0,510.0,43350.0,2024-03-06
2024030603007345,MFIL,53,59,100.0,509.9,50990.0,2024-03-06
2024030603007344,MFIL,53,42,1000.0,509.8,509800.0,2024-03-06
2024030603007343,MFIL,53,35,100.0,509.6,50960.0,2024-03-06
2024030603007342,MFIL,53,46,25.0,509.5,12737.5,2024-03-06
2024030603007341,MFIL,53,29,90.0,509.0,45810.0,2024-03-06
2024030604011464,GLH,33,48,1000.0,213.0,213000.0,2024-03-06
2024030605005995,PSF,32,47,3000.0,8.6,25800.0,2024-03-06
2024030605005994,NTC,59,29,100.0,846.9,84690.0,2024-03-06
2024030605005993,NTC,59,29,10.0,846.9,8469.0,2024-03-06
2024030605005992,NTC,59,10,274.0,846.8,232023.2,2024-03-06
2024030601032653,MEHL,42,50,10.0,298.8,2988.0,2024-03-06
2024030601032652,BNHC,32,70,10.0,456.9,4569.0,2024-03-06
2024030601032651,BNHC,32,38,30.0,455.0,13650.0,2024-03-06
2024030601032650,AVYAN,53,44,10.0,584.0,5840.0,2024-03-06
2024030601032649,SRLI,7,45,100.0,429.5,42950.0,2024-03-06
2024030601032648,SRLI,7,44,10.0,429.4,4294.0,2024-03-06
2024030601032647,SRLI,7,32,10.0,428.0,4280.0,2024-03-06
2024030601032646,SRLI,7,49,10.0,426.0,4260.0,2024-03-06
2024030601032645,NRM,49,38,33.0,387.0,12771.0,2024-03-06
2024030601032644,NRM,55,38,100.0,389.0,38900.0,2024-03-06
2024030601032643,GCIL,34,34,105.0,545.0,57225.0,2024-03-06
2024030601032642,GCIL,34,45,100.0,545.0,54500.0,2024-03-06
2024030601032641,GCIL,34,53,10.0,545.0,5450.0,2024-03-06
2024030603007340,RSDC,52,44,50.0,533.0,26650.0,2024-03-06
2024030601032640,GCIL,34,39,30.0,545.0,16350.0,2024-03-06
2024030601032639,GCIL,34,42,10.0,545.0,5450.0,2024-03-06
2024030601032638,GCIL,34,49,10.0,545.0,5450.0,2024-03-06
2024030601032637,GCIL,34,58,20.0,545.0,10900.0,2024-03-06
2024030601032636,GCIL,34,48,100.0,545.0,54500.0,2024-03-06
2024030601032635,GCIL,34,36,10.0,545.0,5450.0,2024-03-06
2024030601032634,GCIL,34,57,10.0,545.0,5450.0,2024-03-06
2024030601032633,GCIL,34,18,100.0,545.0,54500.0,2024-03-06
2024030601032632,GCIL,34,58,10.0,545.0,5450.0,2024-03-06
2024030601032631,GCIL,34,33,500.0,544.9,272450.0,2024-03-06
2024030601032630,GCIL,34,51,500.0,544.9,272450.0,2024-03-06
2024030601032629,GCIL,34,29,300.0,544.9,163470.0,2024-03-06
2024030601032628,GCIL,34,10,10.0,544.6,5446.0,2024-03-06
2024030601032627,GCIL,34,17,340.0,544.0,184960.0,2024-03-06
2024030601032626,GCIL,34,58,10.0,544.0,5440.0,2024-03-06
2024030601032625,GCIL,34,29,20.0,544.0,10880.0,2024-03-06
2024030601032624,GCIL,34,3,10.0,544.0,5440.0,2024-03-06
2024030601032623,GCIL,34,11,10.0,544.0,5440.0,2024-03-06
2024030601032622,GCIL,34,35,10.0,544.0,5440.0,2024-03-06
2024030601032621,GCIL,34,34,360.0,544.0,195840.0,2024-03-06
2024030601032620,GVL,42,33,10.0,432.0,4320.0,2024-03-06
2024030603007339,SJLIC,58,74,600.0,457.0,274200.0,2024-03-06
2024030604011463,RURU,5,17,10.0,712.0,7120.0,2024-03-06
2024030601032619,SHIVM,28,65,123.0,514.1,63234.3,2024-03-06
2024030601032618,SHIVM,57,65,100.0,514.2,51420.0,2024-03-06
2024030601032617,SHIVM,32,65,60.0,514.2,30852.0,2024-03-06
2024030601032616,SHIVM,58,65,22.0,514.5,11319.0,2024-03-06
2024030601032615,SHIVM,59,65,165.0,514.5,84892.5,2024-03-06
2024030601032614,KDL,59,58,360.0,782.0,281520.0,2024-03-06
2024030601032613,KDL,59,47,200.0,781.0,156200.0,2024-03-06
2024030601032612,KDL,59,41,10.0,781.0,7810.0,2024-03-06
2024030601032611,KDL,59,47,10.0,781.0,7810.0,2024-03-06
2024030605005991,NRN,58,38,100.0,554.0,55400.0,2024-03-06
2024030605005990,NRN,7,38,200.0,554.0,110800.0,2024-03-06
2024030604011462,MHNL,52,6,170.0,245.0,41650.0,2024-03-06
2024030601032610,NRM,45,58,40.0,390.0,15600.0,2024-03-06
2024030601032609,NRM,5,58,93.0,390.0,36270.0,2024-03-06
2024030605005989,SFEF,35,19,300.0,7.88,2364.0,2024-03-06
2024030601032608,SMHL,53,19,100.0,447.0,44700.0,2024-03-06
2024030601032607,NRM,45,90,50.0,392.4,19620.0,2024-03-06
2024030604011461,NIL,59,5,25.0,799.7,19992.5,2024-03-06
2024030601032606,DOLTI,71,22,100.0,398.8,39880.0,2024-03-06
2024030601032605,DOLTI,71,49,200.0,398.0,79600.0,2024-03-06
2024030601032604,DOLTI,71,86,150.0,398.0,59700.0,2024-03-06
2024030601032603,DOLTI,71,42,10.0,397.8,3978.0,2024-03-06
2024030601032602,DOLTI,71,74,200.0,397.0,79400.0,2024-03-06
2024030601032601,DOLTI,71,25,50.0,397.0,19850.0,2024-03-06
2024030601032600,DOLTI,71,47,10.0,396.7,3967.0,2024-03-06
2024030601032599,DOLTI,71,22,20.0,396.7,7934.0,2024-03-06
2024030601032598,DOLTI,71,33,200.0,396.7,79340.0,2024-03-06
2024030601032597,DOLTI,71,29,10.0,396.7,3967.0,2024-03-06
2024030601032596,DOLTI,71,36,100.0,396.0,39600.0,2024-03-06
2024030601032595,DOLTI,71,57,10.0,395.6,3956.0,2024-03-06
2024030601032594,DOLTI,71,70,300.0,395.3,118590.0,2024-03-06
2024030601032593,DOLTI,71,35,200.0,395.0,79000.0,2024-03-06
2024030601032592,DOLTI,71,49,300.0,395.0,118500.0,2024-03-06
2024030601032591,DOLTI,71,29,10.0,395.0,3950.0,2024-03-06
2024030601032590,DOLTI,71,21,350.0,394.7,138145.0,2024-03-06
2024030601032589,DOLTI,71,28,1000.0,393.4,393400.0,2024-03-06
2024030601032588,DOLTI,71,49,100.0,393.0,39300.0,2024-03-06
2024030601032587,DOLTI,71,34,10.0,393.0,3930.0,2024-03-06
2024030601032586,DOLTI,71,6,800.0,393.0,314400.0,2024-03-06
2024030601032585,DOLTI,71,71,10.0,393.0,3930.0,2024-03-06
2024030601032584,DOLTI,71,71,100.0,392.7,39270.0,2024-03-06
2024030601032583,DOLTI,71,57,10.0,391.0,3910.0,2024-03-06
2024030601032582,DOLTI,71,14,50.0,390.0,19500.0,2024-03-06
2024030601032581,DOLTI,71,57,200.0,390.0,78000.0,2024-03-06
2024030601032580,DOLTI,71,33,500.0,389.6,194800.0,2024-03-06
2024030601032579,ULHC,16,81,90.0,325.0,29250.0,2024-03-06
2024030601032578,ULHC,16,57,10.0,325.0,3250.0,2024-03-06
2024030601032577,ULHC,16,49,10.0,325.0,3250.0,2024-03-06
2024030601032576,ULHC,16,62,70.0,324.9,22743.0,2024-03-06
2024030601032575,ULHC,16,45,100.0,324.8,32480.0,2024-03-06
2024030601032574,MHCL,50,58,10.0,491.6,4916.0,2024-03-06
2024030605005988,CHDC,58,58,190.0,958.0,182020.0,2024-03-06
2024030605005987,CHDC,58,43,10.0,958.0,9580.0,2024-03-06
2024030604011460,UPCL,22,45,100.0,211.5,21150.0,2024-03-06
2024030604011459,UPCL,22,44,22.0,211.5,4653.0,2024-03-06
2024030601032573,SNLI,19,49,10.0,590.0,5900.0,2024-03-06
2024030601032572,KBLD86,57,56,382.0,1008.0,385056.0,2024-03-06
2024030604011458,SALICO,16,49,13.0,653.0,8489.0,2024-03-06
2024030601032571,HHL,22,38,50.0,332.0,16600.0,2024-03-06
2024030601032570,NYADI,49,64,50.0,295.0,14750.0,2024-03-06
2024030604011457,MHNL,34,6,150.0,245.0,36750.0,2024-03-06
2024030601032569,CITY,41,58,10.0,587.2,5872.0,2024-03-06
2024030604011456,JOSHI,58,22,20.0,350.0,7000.0,2024-03-06
2024030603007338,MSLB,36,6,10.0,815.0,8150.0,2024-03-06
2024030603007337,KRBL,13,95,500.0,370.0,185000.0,2024-03-06
2024030601032568,SHIVM,5,28,100.0,514.9,51490.0,2024-03-06
2024030604011455,UMHL,20,77,10.0,260.0,2600.0,2024-03-06
2024030601032567,SMHL,60,19,190.0,447.0,84930.0,2024-03-06
2024030604011454,HPPL,57,34,440.0,276.9,121836.0,2024-03-06
2024030604011453,HPPL,57,42,100.0,276.8,27680.0,2024-03-06
2024030604011452,HPPL,57,49,100.0,276.6,27660.0,2024-03-06
2024030604011451,HPPL,57,21,150.0,276.5,41475.0,2024-03-06
2024030604011450,HPPL,57,53,10.0,276.0,2760.0,2024-03-06
2024030603007336,MNBBL,7,41,287.0,353.0,101311.0,2024-03-06
2024030604011449,JOSHI,38,38,107.0,346.0,37022.0,2024-03-06
2024030604011448,JOSHI,7,38,100.0,346.1,34610.0,2024-03-06
2024030604011447,JOSHI,28,38,100.0,346.1,34610.0,2024-03-06
2024030604011446,JOSHI,45,38,10.0,347.0,3470.0,2024-03-06
2024030604011445,JOSHI,45,38,100.0,348.0,34800.0,2024-03-06
2024030604011444,JOSHI,37,38,143.0,348.0,49764.0,2024-03-06
2024030604011443,JOSHI,59,38,20.0,348.0,6960.0,2024-03-06
2024030604011442,JOSHI,33,38,120.0,348.0,41760.0,2024-03-06
2024030604011441,JOSHI,7,38,100.0,348.1,34810.0,2024-03-06
2024030603007335,EDBL,51,18,50.0,344.1,17205.0,2024-03-06
2024030604011440,NGPL,34,10,300.0,308.0,92400.0,2024-03-06
2024030601032566,MHCL,34,91,400.0,491.4,196560.0,2024-03-06
2024030601032565,MHCL,55,91,100.0,491.5,49150.0,2024-03-06
2024030601032564,DORDI,40,49,110.0,455.0,50050.0,2024-03-06
2024030603007334,KSBBL,57,34,200.0,342.0,68400.0,2024-03-06
2024030601032563,NYADI,6,52,150.0,295.5,44325.0,2024-03-06
2024030605005986,NTC,62,10,30.0,846.8,25404.0,2024-03-06
2024030603007333,SLBBL,62,48,90.0,626.0,56340.0,2024-03-06
2024030603007332,SLBBL,62,57,30.0,626.0,18780.0,2024-03-06
2024030604011439,UPCL,58,44,100.0,211.5,21150.0,2024-03-06
2024030603007331,SJLIC,19,34,70.0,456.9,31983.0,2024-03-06
2024030601032562,RHGCL,1,35,500.0,298.0,149000.0,2024-03-06
2024030604011438,NICL,42,45,18.0,825.0,14850.0,2024-03-06
2024030604011437,NICL,42,55,82.0,825.0,67650.0,2024-03-06
2024030604011436,GHL,58,5,300.0,151.5,45450.0,2024-03-06
2024030601032561,TVCL,4,6,30.0,536.0,16080.0,2024-03-06
2024030604011435,UPPER,4,19,52.0,204.3,10623.6,2024-03-06
2024030601032560,BHPL,6,14,250.0,490.6,122650.0,2024-03-06
2024030601032559,BHPL,6,14,10.0,490.5,4905.0,2024-03-06
2024030601032558,BHPL,6,42,20.0,490.0,9800.0,2024-03-06
2024030601032557,BHPL,6,29,10.0,485.0,4850.0,2024-03-06
2024030601032556,BHPL,6,39,10.0,485.0,4850.0,2024-03-06
2024030601032555,TAMOR,57,38,450.0,394.0,177300.0,2024-03-06
2024030604011434,DHPL,39,51,19.0,200.0,3800.0,2024-03-06
2024030604011433,MEN,50,43,30.0,619.0,18570.0,2024-03-06
2024030604011432,MEN,50,42,20.0,619.0,12380.0,2024-03-06
2024030604011431,MEN,50,41,50.0,617.9,30895.0,2024-03-06
2024030604011430,GHL,42,57,100.0,151.7,15170.0,2024-03-06
2024030601032554,SHIVM,8,28,300.0,514.9,154470.0,2024-03-06
2024030601032553,SHIVM,8,34,200.0,514.8,102960.0,2024-03-06
2024030605005985,SAEF,1,35,500.0,9.7,4850.0,2024-03-06
2024030605005984,CIT,49,47,10.0,2108.0,21080.0,2024-03-06
2024030601032552,HATHY,77,35,2.0,851.0,1702.0,2024-03-06
2024030603007330,GBLBS,19,6,30.0,533.1,15993.0,2024-03-06
2024030604011429,RIDI,54,74,23.0,190.0,4370.0,2024-03-06
2024030604011428,RIDI,45,74,40.0,190.0,7600.0,2024-03-06
2024030604011427,RIDI,38,74,499.0,190.0,94810.0,2024-03-06
2024030604011426,RIDI,45,74,292.0,190.0,55480.0,2024-03-06
2024030604011425,RIDI,21,74,104.0,191.0,19864.0,2024-03-06
2024030601032551,SONA,62,38,20.0,516.0,10320.0,2024-03-06
2024030604011424,UPCL,42,44,10.0,211.5,2115.0,2024-03-06
2024030604011423,CHL,4,14,40.0,299.8,11992.0,2024-03-06
2024030605005983,HRL,39,19,100.0,624.0,62400.0,2024-03-06
2024030601032550,TAMOR,57,81,500.0,394.0,197000.0,2024-03-06
2024030601032549,SHIVM,6,34,100.0,514.8,51480.0,2024-03-06
2024030603007329,SLBBL,58,57,70.0,626.0,43820.0,2024-03-06
2024030603007328,SLBBL,58,39,10.0,626.0,6260.0,2024-03-06
2024030603007327,SLBBL,58,62,10.0,626.0,6260.0,2024-03-06
2024030603007326,SLBBL,58,44,100.0,613.8,61380.0,2024-03-06
2024030603007325,SLBBL,58,39,10.0,613.8,6138.0,2024-03-06
2024030601032548,BNT,40,38,18.0,14637.0,263466.0,2024-03-06
2024030603007324,VLBS,57,10,10.0,600.0,6000.0,2024-03-06
2024030601032547,NRM,46,38,90.0,392.5,35325.0,2024-03-06
2024030601032546,MKCL,39,45,10.0,947.0,9470.0,2024-03-06
2024030601032545,MKCL,39,45,40.0,946.9,37876.0,2024-03-06
2024030601032544,GCIL,42,34,160.0,544.0,87040.0,2024-03-06
2024030601032543,GCIL,42,94,200.0,543.0,108600.0,2024-03-06
2024030601032542,GCIL,42,7,10.0,541.0,5410.0,2024-03-06
2024030601032541,GCIL,42,58,30.0,540.6,16218.0,2024-03-06
2024030601032540,CKHL,58,70,20.0,604.0,12080.0,2024-03-06
2024030601032539,CKHL,42,70,48.0,604.0,28992.0,2024-03-06
2024030601032538,CKHL,64,70,100.0,604.1,60410.0,2024-03-06
2024030601032537,PRVU,26,54,54.0,143.1,7727.4,2024-03-06
2024030601032536,PRVU,26,54,38.0,143.1,5437.8,2024-03-06
2024030603007323,JSLBB,34,50,10.0,868.0,8680.0,2024-03-06
2024030603007322,JSLBB,34,57,10.0,867.0,8670.0,2024-03-06
2024030603007321,JSLBB,34,57,20.0,864.0,17280.0,2024-03-06
2024030604011422,AKJCL,58,25,23.0,220.5,5071.5,2024-03-06
2024030604011421,AKJCL,34,25,100.0,220.6,22060.0,2024-03-06
2024030604011420,AKJCL,34,25,20.0,220.8,4416.0,2024-03-06
2024030601032535,GCIL,21,51,100.0,540.1,54010.0,2024-03-06
2024030603007320,GILB,13,22,10.0,801.7,8017.0,2024-03-06
2024030603007319,SINDU,21,58,110.0,330.0,36300.0,2024-03-06
2024030601032534,SONA,14,38,10.0,515.0,5150.0,2024-03-06
2024030605005982,HRL,43,55,610.0,624.7,381067.0,2024-03-06
2024030605005981,HRL,43,34,100.0,624.3,62430.0,2024-03-06
2024030605005980,HRL,43,45,40.0,624.1,24964.0,2024-03-06
2024030601032533,NIMB,36,16,1266.0,164.2,207877.2,2024-03-06
2024030601032532,MSHL,21,7,460.0,607.9,279634.0,2024-03-06
2024030601032531,MSHL,21,49,10.0,607.0,6070.0,2024-03-06
2024030601032530,MSHL,21,55,10.0,607.0,6070.0,2024-03-06
2024030601032529,MSHL,21,57,100.0,607.0,60700.0,2024-03-06
2024030601032528,MSHL,21,6,140.0,606.0,84840.0,2024-03-06
2024030601032527,MSHL,21,62,10.0,604.0,6040.0,2024-03-06
2024030601032526,MSHL,21,62,10.0,604.0,6040.0,2024-03-06
2024030601032525,MSHL,21,35,60.0,603.9,36234.0,2024-03-06
2024030601032524,SONA,28,38,20.0,516.0,10320.0,2024-03-06
2024030603007318,CBBL,50,34,20.0,818.0,16360.0,2024-03-06
2024030605005979,NRN,57,36,50.0,557.0,27850.0,2024-03-06
2024030601032523,NIMBPO,35,55,100.0,138.5,13850.0,2024-03-06
2024030603007317,LICN,7,33,30.0,1321.7,39651.0,2024-03-06
2024030603007316,ICFC,17,22,70.0,479.8,33586.0,2024-03-06
2024030604011419,UNHPL,50,72,150.0,246.0,36900.0,2024-03-06
2024030601032522,SONA,14,38,40.0,515.0,20600.0,2024-03-06
2024030601032521,AVYAN,55,7,85.0,585.0,49725.0,2024-03-06
2024030604011418,GLH,41,48,200.0,213.0,42600.0,2024-03-06
2024030601032520,SHIVM,52,28,970.0,514.9,499453.0,2024-03-06
2024030601032519,MMKJL,42,55,10.0,413.0,4130.0,2024-03-06
2024030601032518,HATHY,42,65,100.0,868.0,86800.0,2024-03-06
2024030601032517,HDL,42,38,11.0,1510.0,16610.0,2024-03-06
