transaction,symbol,buyer,seller,quantity,rate,amount,date
2025070701020185,OMPL,47,34,10.0,1354.0,13540.0,2025-07-07
2025070701020184,KDL,47,19,30.0,1119.5,33585.0,2025-07-07
2025070701020183,KDL,47,57,10.0,1119.0,11190.0,2025-07-07
2025070701020182,KDL,47,45,90.0,1119.0,100710.0,2025-07-07
2025070701020181,KDL,47,39,10.0,1119.0,11190.0,2025-07-07
2025070701020180,KDL,47,59,15.0,1118.9,16783.5,2025-07-07
2025070701020179,KDL,47,45,10.0,1115.0,11150.0,2025-07-07
2025070701020178,KDL,47,52,10.0,1115.0,11150.0,2025-07-07
2025070701020177,KDL,47,49,25.0,1114.0,27850.0,2025-07-07
2025070701020176,BHDC,42,6,20.0,491.0,9820.0,2025-07-07
2025070701020175,BHDC,34,6,100.0,492.0,49200.0,2025-07-07
2025070701020174,BNHC,26,45,448.0,499.0,223552.0,2025-07-07
2025070703016114,CBBL,6,49,290.0,952.0,276080.0,2025-07-07
2025070703016113,CBBL,6,49,10.0,952.0,9520.0,2025-07-07
2025070703016112,HLI,32,32,725.0,400.3,290217.5,2025-07-07
2025070703016111,HLI,55,32,28.0,400.4,11211.2,2025-07-07
2025070701020173,DOLTI,18,10,200.0,558.4,111680.0,2025-07-07
2025070704022068,SJCL,14,58,50.0,317.0,15850.0,2025-07-07
2025070704022067,SJCL,17,58,100.0,317.1,31710.0,2025-07-07
2025070705012946,SAHAS,35,19,10.0,588.0,5880.0,2025-07-07
2025070705012945,SAHAS,35,3,10.0,588.0,5880.0,2025-07-07
2025070705012944,SAHAS,35,43,20.0,587.7,11754.0,2025-07-07
2025070704022066,NHPC,58,14,245.0,212.0,51940.0,2025-07-07
2025070704022065,UPCL,58,38,100.0,386.0,38600.0,2025-07-07
2025070701020172,NICA,84,51,285.0,349.0,99465.0,2025-07-07
2025070701020171,NICA,84,44,1616.0,349.0,563984.0,2025-07-07
2025070701020170,NICA,84,89,1005.0,348.0,349740.0,2025-07-07
2025070701020169,NICA,84,35,167.0,348.0,58116.0,2025-07-07
2025070701020168,NICA,84,8,330.0,347.0,114510.0,2025-07-07
2025070704022064,SHEL,5,40,20.0,282.0,5640.0,2025-07-07
2025070703016110,SINDU,42,33,100.0,883.0,88300.0,2025-07-07
2025070703016109,SINDU,42,34,100.0,882.0,88200.0,2025-07-07
2025070701020167,ULBSL,74,74,20.0,3430.0,68600.0,2025-07-07
2025070704022063,NLG,4,58,500.0,830.0,415000.0,2025-07-07
2025070704022062,NLG,4,26,100.0,830.0,83000.0,2025-07-07
2025070704022061,NLG,4,53,100.0,830.0,83000.0,2025-07-07
2025070704022060,NLG,4,58,150.0,830.0,124500.0,2025-07-07
2025070704022059,NLG,4,45,20.0,829.9,16598.0,2025-07-07
2025070704022058,NLG,4,21,10.0,829.8,8298.0,2025-07-07
2025070703016108,NABBC,28,6,10.0,1691.8,16918.0,2025-07-07
2025070704022057,NIL,28,17,10.0,707.5,7075.0,2025-07-07
2025070705012943,NRIC,55,6,100.0,1322.3,132230.0,2025-07-07
2025070704022056,SHPC,1,6,100.0,581.0,58100.0,2025-07-07
2025070701020166,SMHL,65,65,292.0,989.0,288788.0,2025-07-07
2025070703016107,SAPDBL,48,91,20.0,1089.0,21780.0,2025-07-07
2025070703016106,SAPDBL,22,91,150.0,1089.0,163350.0,2025-07-07
2025070701020165,NMIC,44,35,10.0,1582.1,15821.0,2025-07-07
2025070703016105,NFS,58,49,59.0,721.0,42539.0,2025-07-07
2025070703016104,NFS,29,49,41.0,721.0,29561.0,2025-07-07
2025070701020164,MKHL,29,33,70.0,791.4,55398.0,2025-07-07
2025070701020163,MKHL,29,42,10.0,791.0,7910.0,2025-07-07
2025070705012942,HRL,38,36,100.0,934.0,93400.0,2025-07-07
2025070705012941,SAHAS,18,44,76.0,587.4,44642.4,2025-07-07
2025070704022055,AHPC,65,42,83.0,283.1,23497.3,2025-07-07
2025070704022054,AHPC,45,42,17.0,283.1,4812.7,2025-07-07
2025070704022053,AHPC,56,42,100.0,284.0,28400.0,2025-07-07
2025070703016103,GBLBS,16,51,90.0,808.2,72738.0,2025-07-07
2025070703016102,GBLBS,35,51,110.0,808.3,88913.0,2025-07-07
2025070705012940,NRIC,89,45,50.0,1322.5,66125.0,2025-07-07
2025070704022052,UMHL,62,58,47.0,567.0,26649.0,2025-07-07
2025070704022051,UMHL,62,50,1000.0,566.9,566900.0,2025-07-07
2025070704022050,UMHL,62,54,460.0,566.9,260774.0,2025-07-07
2025070704022049,UMHL,62,42,120.0,566.8,68016.0,2025-07-07
2025070703016101,SLBSL,56,47,86.0,1466.0,126076.0,2025-07-07
2025070703016100,SLBSL,56,47,114.0,1465.0,167010.0,2025-07-07
2025070701020162,SBL,50,58,10.0,342.7,3427.0,2025-07-07
2025070701020161,BHL,57,34,565.0,210.9,119158.5,2025-07-07
2025070704022048,SHL,49,34,174.0,564.1,98153.4,2025-07-07
2025070704022047,SHL,16,34,326.0,565.0,184190.0,2025-07-07
2025070704022046,NIL,47,65,43.0,703.0,30229.0,2025-07-07
2025070704022045,NIL,16,65,27.0,703.1,18983.7,2025-07-07
2025070704022044,NIL,52,65,30.0,703.2,21096.0,2025-07-07
2025070704022043,NGPL,41,35,39.0,377.2,14710.8,2025-07-07
2025070703016099,ALICL,49,36,134.0,500.0,67000.0,2025-07-07
2025070703016098,ALICL,49,36,166.0,500.0,83000.0,2025-07-07
2025070703016097,NFS,44,49,100.0,722.0,72200.0,2025-07-07
2025070704022042,SHEL,55,40,30.0,282.0,8460.0,2025-07-07
2025070704022041,SGIC,1,55,300.0,560.2,168060.0,2025-07-07
2025070701020160,DLBS,55,6,10.0,1535.0,15350.0,2025-07-07
2025070701020159,DLBS,55,19,30.0,1535.0,46050.0,2025-07-07
2025070701020158,DLBS,55,33,30.0,1534.0,46020.0,2025-07-07
2025070701020157,DLBS,55,47,20.0,1533.0,30660.0,2025-07-07
2025070701020156,DLBS,55,42,10.0,1533.0,15330.0,2025-07-07
2025070704022040,UNHPL,66,35,500.0,419.0,209500.0,2025-07-07
2025070704022039,UNHPL,66,58,115.0,419.0,48185.0,2025-07-07
2025070705012939,SONA,91,57,100.0,452.6,45260.0,2025-07-07
2025070704022038,NIL,52,45,325.0,703.2,228540.0,2025-07-07
2025070704022037,NIL,45,45,10.0,703.3,7033.0,2025-07-07
2025070704022036,NIL,32,45,10.0,703.5,7035.0,2025-07-07
2025070704022035,NIL,41,45,100.0,704.0,70400.0,2025-07-07
2025070704022034,NIL,34,45,36.0,704.0,25344.0,2025-07-07
2025070704022033,NIL,34,45,19.0,705.0,13395.0,2025-07-07
2025070703016096,CFCL,94,32,10.0,524.9,5249.0,2025-07-07
2025070703016095,CFCL,94,45,10.0,524.0,5240.0,2025-07-07
2025070703016094,CFCL,94,33,20.0,524.0,10480.0,2025-07-07
2025070705012938,NIFRA,42,58,10.0,275.3,2753.0,2025-07-07
2025070704022032,KPCL,58,42,150.0,538.5,80775.0,2025-07-07
2025070704022031,RHPL,58,33,450.0,369.1,166095.0,2025-07-07
2025070704022030,RHPL,41,33,50.0,369.2,18460.0,2025-07-07
2025070701020155,TPC,56,95,50.0,400.0,20000.0,2025-07-07
2025070701020154,TPC,56,35,200.0,399.0,79800.0,2025-07-07
2025070701020153,TPC,56,49,30.0,399.0,11970.0,2025-07-07
2025070701020152,TPC,56,7,90.0,398.0,35820.0,2025-07-07
2025070701020151,TPC,56,44,10.0,398.0,3980.0,2025-07-07
2025070704022029,RIDI,38,61,20.0,255.0,5100.0,2025-07-07
2025070704022028,RIDI,42,61,180.0,255.0,45900.0,2025-07-07
2025070701020150,GBIME,17,6,1000.0,238.1,238100.0,2025-07-07
2025070701020149,SHLB,51,34,10.0,1885.0,18850.0,2025-07-07
2025070701020148,RFPL,57,34,200.0,562.1,112420.0,2025-07-07
2025070701020147,RFPL,22,34,150.0,562.1,84315.0,2025-07-07
2025070701020146,RFPL,51,34,150.0,562.2,84330.0,2025-07-07
2025070701020145,RFPL,41,34,500.0,562.3,281150.0,2025-07-07
2025070701020144,CREST,82,35,10.0,1402.0,14020.0,2025-07-07
2025070703016093,FOWAD,41,37,10.0,1128.0,11280.0,2025-07-07
2025070704022027,SHEL,57,55,1073.0,281.1,301620.3,2025-07-07
2025070704022026,SHEL,19,55,1000.0,281.1,281100.0,2025-07-07
2025070704022025,SHEL,34,55,20.0,281.2,5624.0,2025-07-07
2025070704022024,SHEL,49,55,200.0,281.2,56240.0,2025-07-07
2025070704022023,SHEL,34,55,300.0,281.2,84360.0,2025-07-07
2025070704022022,SHEL,34,55,250.0,281.2,70300.0,2025-07-07
2025070704022021,SHEL,33,55,1000.0,281.3,281300.0,2025-07-07
2025070704022020,SHEL,43,55,300.0,281.3,84390.0,2025-07-07
2025070704022019,SHEL,25,55,100.0,281.5,28150.0,2025-07-07
2025070704022018,SHEL,41,55,300.0,281.5,84450.0,2025-07-07
2025070704022017,SHEL,50,55,220.0,281.5,61930.0,2025-07-07
2025070704022016,SHEL,13,55,237.0,281.5,66715.5,2025-07-07
2025070703016092,GLBSL,55,80,20.0,2170.0,43400.0,2025-07-07
2025070704022015,BARUN,99,37,260.0,430.0,111800.0,2025-07-07
2025070704022014,BARUN,99,48,390.0,430.0,167700.0,2025-07-07
2025070704022013,BARUN,99,25,100.0,429.0,42900.0,2025-07-07
2025070704022012,BARUN,99,56,60.0,429.0,25740.0,2025-07-07
2025070704022011,BARUN,99,58,30.0,427.0,12810.0,2025-07-07
2025070704022010,BARUN,99,7,160.0,427.0,68320.0,2025-07-07
2025070701020143,CREST,38,14,10.0,1407.0,14070.0,2025-07-07
2025070703016091,SINDU,38,33,20.0,883.0,17660.0,2025-07-07
2025070704022009,RADHI,13,86,250.0,770.0,192500.0,2025-07-07
2025070705012937,HIDCL,7,63,2000.0,290.8,581600.0,2025-07-07
2025070705012936,HIDCL,49,63,10.0,290.8,2908.0,2025-07-07
2025070705012935,HIDCL,7,63,250.0,291.0,72750.0,2025-07-07
2025070705012934,HIDCL,34,63,200.0,291.0,58200.0,2025-07-07
2025070705012933,HIDCL,11,63,100.0,291.0,29100.0,2025-07-07
2025070705012932,HIDCL,58,63,36.0,291.0,10476.0,2025-07-07
2025070705012931,HIDCL,57,63,10.0,291.0,2910.0,2025-07-07
2025070705012930,HIDCL,36,63,392.0,291.1,114111.2,2025-07-07
2025070705012929,NRN,14,45,18.0,2210.0,39780.0,2025-07-07
2025070705012928,NRN,14,50,182.0,2210.0,402220.0,2025-07-07
2025070704022008,SSHL,14,49,30.0,250.2,7506.0,2025-07-07
2025070701020142,USHEC,39,26,200.0,437.0,87400.0,2025-07-07
2025070701020141,NIMBPO,44,34,10.0,164.4,1644.0,2025-07-07
2025070701020140,GMLI,42,21,30.0,2360.0,70800.0,2025-07-07
2025070701020139,GMLI,42,28,10.0,2353.0,23530.0,2025-07-07
2025070701020138,GMLI,42,13,10.0,2352.0,23520.0,2025-07-07
2025070701020137,HIDCLP,16,42,500.0,207.5,103750.0,2025-07-07
2025070701020136,HIDCLP,16,33,195.0,207.1,40384.5,2025-07-07
2025070703016090,DDBL,51,1,25.0,810.0,20250.0,2025-07-07
2025070704022007,RADHI,13,8,29.0,770.0,22330.0,2025-07-07
2025070704022006,RADHI,52,8,71.0,770.1,54677.1,2025-07-07
2025070704022005,RADHI,26,8,150.0,771.0,115650.0,2025-07-07
2025070701020135,EBL,44,21,29.0,655.0,18995.0,2025-07-07
2025070701020134,EBL,26,21,100.0,655.0,65500.0,2025-07-07
2025070703016089,ILBS,39,47,80.0,844.0,67520.0,2025-07-07
2025070701020133,CYCL,33,45,87.0,1620.0,140940.0,2025-07-07
2025070701020132,CYCL,33,45,100.0,1616.0,161600.0,2025-07-07
2025070701020131,CYCL,33,55,13.0,1616.0,21008.0,2025-07-07
2025070704022004,SHEL,13,50,10.0,281.5,2815.0,2025-07-07
2025070701020130,NYADI,36,50,500.0,467.0,233500.0,2025-07-07
2025070701020129,NYADI,46,50,70.0,467.0,32690.0,2025-07-07
2025070701020128,SBI,44,26,456.0,411.0,187416.0,2025-07-07
2025070701020127,SBI,44,47,300.0,411.0,123300.0,2025-07-07
2025070701020126,SBI,44,58,237.0,410.0,97170.0,2025-07-07
2025070701020125,SBI,44,25,20.0,410.0,8200.0,2025-07-07
2025070701020124,SBI,44,42,67.0,410.0,27470.0,2025-07-07
2025070701020123,SBI,44,8,250.0,409.9,102475.0,2025-07-07
2025070701020122,SBI,44,11,170.0,409.0,69530.0,2025-07-07
2025070701020121,SBI,44,11,100.0,408.0,40800.0,2025-07-07
2025070705012927,SAHAS,18,14,10.0,587.4,5874.0,2025-07-07
2025070704022003,CHCL,17,34,191.0,528.1,100867.1,2025-07-07
2025070704022002,CHCL,48,34,33.0,528.2,17430.6,2025-07-07
2025070703016088,MERO,13,65,100.0,810.0,81000.0,2025-07-07
2025070703016087,MERO,57,65,71.0,810.0,57510.0,2025-07-07
2025070703016086,NFS,44,29,100.0,722.0,72200.0,2025-07-07
2025070703016085,NFS,44,57,40.0,722.0,28880.0,2025-07-07
2025070703016084,NFS,44,6,10.0,722.0,7220.0,2025-07-07
2025070703016083,NFS,44,54,10.0,722.0,7220.0,2025-07-07
2025070703016082,NFS,44,45,20.0,722.0,14440.0,2025-07-07
2025070703016081,NFS,44,42,100.0,722.0,72200.0,2025-07-07
2025070703016080,NFS,44,41,18.0,722.0,12996.0,2025-07-07
2025070701020120,GBIME,46,57,13.0,239.0,3107.0,2025-07-07
2025070701020119,GMLI,55,36,10.0,2351.0,23510.0,2025-07-07
2025070701020118,MHL,43,16,10.0,579.0,5790.0,2025-07-07
2025070705012926,HATHY,43,58,12.0,1210.0,14520.0,2025-07-07
2025070704022001,SPDL,85,32,10.0,396.9,3969.0,2025-07-07
2025070705012925,HATHY,13,57,100.0,1208.0,120800.0,2025-07-07
2025070705012924,NRN,57,50,50.0,2210.0,110500.0,2025-07-07
2025070704022000,SSHL,45,49,100.0,250.2,25020.0,2025-07-07
2025070701020117,DORDI,45,7,300.0,313.0,93900.0,2025-07-07
2025070703016079,MFIL,42,45,125.0,601.8,75225.0,2025-07-07
2025070703016078,MFIL,42,13,65.0,601.1,39071.5,2025-07-07
2025070701020116,PCBL,74,4,300.0,256.4,76920.0,2025-07-07
2025070703016077,GBBL,57,4,89.0,401.4,35724.6,2025-07-07
2025070704021999,RIDI,4,99,10.0,256.0,2560.0,2025-07-07
2025070703016076,SINDU,26,33,76.0,883.0,67108.0,2025-07-07
2025070704021998,RADHI,26,55,50.0,771.0,38550.0,2025-07-07
2025070703016075,GRDBL,43,72,500.0,1324.0,662000.0,2025-07-07
2025070703016074,GRDBL,36,72,50.0,1326.0,66300.0,2025-07-07
2025070703016073,GRDBL,28,72,100.0,1330.0,133000.0,2025-07-07
2025070703016072,GRDBL,98,72,10.0,1330.0,13300.0,2025-07-07
2025070705012923,HIDCL,32,58,400.0,291.7,116680.0,2025-07-07
2025070704021997,UNHPL,34,58,100.0,419.0,41900.0,2025-07-07
2025070704021996,HURJA,39,34,1215.0,249.6,303264.0,2025-07-07
2025070704021995,HURJA,49,34,90.0,249.6,22464.0,2025-07-07
2025070704021994,HURJA,80,34,395.0,249.7,98631.5,2025-07-07
2025070704021993,HURJA,35,34,2000.0,249.7,499400.0,2025-07-07
2025070704021992,HURJA,36,34,300.0,249.7,74910.0,2025-07-07
2025070701020115,SCB,84,13,13.0,635.3,8258.9,2025-07-07
2025070704021991,SSHL,58,49,10.0,250.2,2502.0,2025-07-07
2025070704021990,KKHC,70,29,98.0,435.0,42630.0,2025-07-07
2025070704021989,UPCL,57,38,10.0,386.0,3860.0,2025-07-07
2025070704021988,NHDL,45,58,10.0,658.1,6581.0,2025-07-07
2025070704021987,BARUN,17,7,10.0,427.0,4270.0,2025-07-07
2025070701020114,MMKJL,48,34,50.0,611.9,30595.0,2025-07-07
2025070701020113,MMKJL,48,57,50.0,611.0,30550.0,2025-07-07
2025070704021986,UMRH,48,74,90.0,580.0,52200.0,2025-07-07
2025070704021985,UMRH,48,34,100.0,579.9,57990.0,2025-07-07
2025070704021984,UMRH,48,22,10.0,579.9,5799.0,2025-07-07
2025070703016071,SJLIC,74,89,453.0,438.3,198549.9,2025-07-07
2025070703016070,SJLIC,43,89,90.0,438.4,39456.0,2025-07-07
2025070703016069,SJLIC,58,89,80.0,438.5,35080.0,2025-07-07
2025070703016068,SJLIC,50,89,1000.0,438.6,438600.0,2025-07-07
2025070703016067,SJLIC,58,89,177.0,438.6,77632.2,2025-07-07
2025070701020112,NICA,57,8,50.0,347.0,17350.0,2025-07-07
2025070701020111,NICA,40,8,120.0,347.0,41640.0,2025-07-07
2025070703016066,RSDC,38,58,17.0,661.3,11242.1,2025-07-07
2025070703016065,RSDC,45,58,23.0,661.4,15212.2,2025-07-07
2025070704021983,NGPL,6,3,500.0,377.0,188500.0,2025-07-07
2025070701020110,BHDC,42,22,550.0,491.0,270050.0,2025-07-07
2025070704021982,HPPL,26,58,560.0,501.3,280728.0,2025-07-07
2025070703016064,SKBBL,34,17,363.0,806.0,292578.0,2025-07-07
2025070703016063,MLBSL,34,49,10.0,2210.0,22100.0,2025-07-07
2025070704021981,UNHPL,32,34,140.0,418.0,58520.0,2025-07-07
2025070704021980,UNHPL,42,34,100.0,418.0,41800.0,2025-07-07
2025070704021979,UNHPL,42,34,50.0,418.0,20900.0,2025-07-07
2025070704021978,RADHI,52,91,300.0,770.1,231030.0,2025-07-07
2025070704021977,RADHI,41,55,20.0,771.0,15420.0,2025-07-07
2025070704021976,MEN,91,18,100.0,595.2,59520.0,2025-07-07
2025070704021975,UPPER,7,45,500.0,195.6,97800.0,2025-07-07
2025070704021974,NGPL,6,43,585.0,377.0,220545.0,2025-07-07
2025070704021973,NGPL,7,43,50.0,377.0,18850.0,2025-07-07
2025070704021972,NGPL,13,43,50.0,377.0,18850.0,2025-07-07
2025070704021971,NGPL,45,43,500.0,377.0,188500.0,2025-07-07
2025070704021970,NGPL,58,43,15.0,377.1,5656.5,2025-07-07
2025070705012922,HRL,43,36,100.0,934.0,93400.0,2025-07-07
2025070701020109,CREST,82,38,10.0,1402.0,14020.0,2025-07-07
2025070701020108,SBI,33,8,1000.0,407.5,407500.0,2025-07-07
2025070704021969,HPPL,53,58,150.0,501.2,75180.0,2025-07-07
2025070704021968,SPDL,53,4,210.0,396.0,83160.0,2025-07-07
2025070704021967,HDHPC,52,75,490.0,197.2,96628.0,2025-07-07
2025070703016062,MFIL,34,13,100.0,601.1,60110.0,2025-07-07
2025070704021966,HEI,50,44,233.0,595.1,138658.3,2025-07-07
2025070703016061,GFCL,45,41,90.0,640.5,57645.0,2025-07-07
2025070703016060,GFCL,35,41,10.0,640.6,6406.0,2025-07-07
2025070703016059,PFL,43,13,10.0,420.0,4200.0,2025-07-07
2025070703016058,SINDU,66,33,30.0,883.0,26490.0,2025-07-07
2025070704021965,SHPC,1,55,428.0,581.0,248668.0,2025-07-07
2025070704021964,SHPC,58,55,30.0,581.1,17433.0,2025-07-07
2025070704021963,SHPC,38,55,30.0,581.1,17433.0,2025-07-07
2025070704021962,SHPC,47,55,32.0,582.5,18640.0,2025-07-07
2025070703016057,NFS,29,57,32.0,721.0,23072.0,2025-07-07
2025070703016056,NFS,29,25,30.0,721.0,21630.0,2025-07-07
2025070703016055,NFS,29,45,97.0,721.0,69937.0,2025-07-07
2025070701020107,BGWT,57,44,10.0,977.0,9770.0,2025-07-07
2025070701020106,BGWT,57,44,10.0,977.3,9773.0,2025-07-07
2025070701020105,BGWT,48,44,100.0,977.5,97750.0,2025-07-07
2025070701020104,BGWT,59,44,30.0,977.6,29328.0,2025-07-07
2025070701020103,BGWT,62,44,10.0,977.6,9776.0,2025-07-07
2025070703016054,MNBBL,25,57,264.0,375.0,99000.0,2025-07-07
2025070703016053,MNBBL,25,45,381.0,374.9,142836.9,2025-07-07
2025070703016052,MNBBL,25,35,200.0,374.8,74960.0,2025-07-07
2025070703016051,MNBBL,25,43,50.0,374.7,18735.0,2025-07-07
2025070703016050,MNBBL,25,59,500.0,374.5,187250.0,2025-07-07
2025070703016049,MNBBL,25,38,455.0,374.0,170170.0,2025-07-07
2025070703016048,MNBBL,25,38,150.0,373.5,56025.0,2025-07-07
2025070701020102,NICA,40,17,300.0,347.0,104100.0,2025-07-07
2025070701020101,JBLB,48,36,50.0,1332.0,66600.0,2025-07-07
2025070704021961,AKJCL,48,48,475.0,206.1,97897.5,2025-07-07
2025070704021960,AKJCL,11,48,478.0,206.5,98707.0,2025-07-07
2025070704021959,AKJCL,14,48,250.0,206.6,51650.0,2025-07-07
2025070704021958,AKJCL,5,48,100.0,206.6,20660.0,2025-07-07
2025070704021957,AKJCL,55,48,147.0,206.6,30370.2,2025-07-07
2025070704021956,AKJCL,41,48,100.0,206.7,20670.0,2025-07-07
2025070704021955,AKJCL,4,48,450.0,206.8,93060.0,2025-07-07
2025070701020100,PURE,57,39,10.0,893.0,8930.0,2025-07-07
2025070703016047,LLBS,44,42,25.0,1043.8,26095.0,2025-07-07
2025070701020099,TVCL,29,46,40.0,495.0,19800.0,2025-07-07
2025070704021954,BPCL,56,60,3271.0,775.0,2535025.0,2025-07-07
2025070704021953,BPCL,56,60,500.0,775.0,387500.0,2025-07-07
2025070704021952,BPCL,56,36,100.0,775.0,77500.0,2025-07-07
2025070704021951,BPCL,56,11,53.0,775.0,41075.0,2025-07-07
2025070704021950,BPCL,56,49,50.0,775.0,38750.0,2025-07-07
2025070704021949,BPCL,56,41,100.0,775.0,77500.0,2025-07-07
2025070704021948,BPCL,56,50,490.0,774.9,379701.0,2025-07-07
2025070704021947,BPCL,56,54,200.0,773.0,154600.0,2025-07-07
2025070704021946,BPCL,56,7,84.0,773.0,64932.0,2025-07-07
2025070704021945,BPCL,56,70,300.0,772.2,231660.0,2025-07-07
2025070701020098,HHL,65,7,200.0,400.0,80000.0,2025-07-07
2025070704021944,BARUN,34,7,230.0,427.0,98210.0,2025-07-07
2025070705012921,NRIC,55,19,1004.0,1322.3,1327589.2,2025-07-07
2025070703016046,BFC,42,38,100.0,487.0,48700.0,2025-07-07
2025070703016045,BFC,22,38,100.0,487.0,48700.0,2025-07-07
2025070704021943,CHCL,48,42,467.0,528.2,246669.4,2025-07-07
2025070704021942,CHCL,42,42,90.0,528.3,47547.0,2025-07-07
2025070704021941,CHCL,6,42,593.0,529.0,313697.0,2025-07-07
2025070704021940,CHCL,22,42,350.0,529.0,185150.0,2025-07-07
2025070704021939,CHCL,22,42,100.0,529.0,52900.0,2025-07-07
2025070704021938,AKPL,58,58,165.0,252.1,41596.5,2025-07-07
2025070704021937,AKPL,48,58,1000.0,252.1,252100.0,2025-07-07
2025070704021936,AKPL,50,58,200.0,252.1,50420.0,2025-07-07
2025070704021935,AKPL,88,58,1000.0,252.2,252200.0,2025-07-07
2025070704021934,AKPL,6,58,3476.0,252.3,876994.8,2025-07-07
2025070704021933,AKPL,58,58,500.0,253.1,126550.0,2025-07-07
2025070704021932,AKPL,52,58,1000.0,253.2,253200.0,2025-07-07
2025070704021931,AKPL,52,58,400.0,253.2,101280.0,2025-07-07
2025070704021930,AKPL,1,58,100.0,253.2,25320.0,2025-07-07
2025070703016044,RLFL,44,29,200.0,490.0,98000.0,2025-07-07
2025070703016043,RLFL,44,55,20.0,490.0,9800.0,2025-07-07
2025070703016042,RLFL,44,86,23.0,490.0,11270.0,2025-07-07
2025070703016041,SINDU,42,33,22.0,883.0,19426.0,2025-07-07
2025070701020097,PURE,57,36,10.0,893.0,8930.0,2025-07-07
2025070703016040,SIFC,56,13,200.0,525.1,105020.0,2025-07-07
2025070704021929,LEC,37,13,20.0,211.9,4238.0,2025-07-07
2025070704021928,PPCL,32,57,19.0,372.0,7068.0,2025-07-07
2025070703016039,SINDU,42,13,78.0,883.0,68874.0,2025-07-07
2025070703016038,SINDU,28,13,22.0,883.0,19426.0,2025-07-07
2025070705012920,SAHAS,18,43,305.0,587.4,179157.0,2025-07-07
2025070701020096,TPC,42,41,30.0,396.0,11880.0,2025-07-07
2025070704021927,HURJA,88,42,1000.0,250.0,250000.0,2025-07-07
2025070704021926,SSHL,49,25,20.0,250.3,5006.0,2025-07-07
2025070704021925,SSHL,49,57,280.0,250.2,70056.0,2025-07-07
2025070704021924,HEI,50,1,155.0,595.1,92240.5,2025-07-07
2025070705012919,PHCL,67,14,10.0,498.0,4980.0,2025-07-07
2025070701020095,RFPL,51,45,200.0,562.2,112440.0,2025-07-07
2025070701020094,RFPL,57,45,250.0,562.2,140550.0,2025-07-07
2025070701020093,RFPL,34,45,50.0,562.3,28115.0,2025-07-07
2025070701020092,SBL,16,34,457.0,342.0,156294.0,2025-07-07
2025070701020091,SBL,16,33,762.0,342.0,260604.0,2025-07-07
2025070701020090,SBL,16,45,20.0,341.7,6834.0,2025-07-07
2025070703016037,MFIL,42,13,15.0,601.1,9016.5,2025-07-07
2025070704021923,GHL,48,42,300.0,248.0,74400.0,2025-07-07
2025070701020089,NICA,8,35,170.0,348.0,59160.0,2025-07-07
2025070701020088,NICA,8,95,330.0,347.9,114807.0,2025-07-07
2025070705012918,HDL,66,59,25.0,1215.1,30377.5,2025-07-07
2025070705012917,HDL,52,59,17.0,1216.0,20672.0,2025-07-07
2025070703016036,NFS,44,51,100.0,720.5,72050.0,2025-07-07
2025070703016035,NFS,13,51,100.0,720.5,72050.0,2025-07-07
2025070703016034,GLBSL,36,80,60.0,2170.0,130200.0,2025-07-07
2025070704021922,AKJCL,4,69,50.0,206.8,10340.0,2025-07-07
2025070704021921,AKJCL,19,69,250.0,206.8,51700.0,2025-07-07
2025070701020087,MMKJL,4,14,10.0,609.0,6090.0,2025-07-07
2025070704021920,BPCL,56,7,16.0,773.0,12368.0,2025-07-07
2025070704021919,BPCL,56,55,54.0,773.0,41742.0,2025-07-07
2025070704021918,BPCL,56,57,30.0,772.0,23160.0,2025-07-07
2025070703016033,MDB,13,59,16.0,589.5,9432.0,2025-07-07
2025070703016032,PMLI,49,95,19.0,527.9,10030.1,2025-07-07
2025070703016031,PMLI,49,57,12.0,525.0,6300.0,2025-07-07
2025070703016030,PMLI,49,21,269.0,524.0,140956.0,2025-07-07
2025070703016029,NLIC,45,55,18.0,767.2,13809.6,2025-07-07
2025070703016028,NLIC,22,55,94.0,767.2,72116.8,2025-07-07
2025070703016027,MLBBL,58,10,40.0,1475.0,59000.0,2025-07-07
2025070705012916,NIFRA,52,57,54.0,275.2,14860.8,2025-07-07
2025070705012915,HRL,52,54,56.0,933.2,52259.2,2025-07-07
2025070705012914,HRL,1,54,90.0,933.2,83988.0,2025-07-07
2025070705012913,HRL,90,54,65.0,934.0,60710.0,2025-07-07
2025070705012912,NRIC,55,29,100.0,1322.3,132230.0,2025-07-07
2025070704021917,SHEL,13,17,253.0,281.5,71219.5,2025-07-07
2025070704021916,SHEL,55,17,100.0,281.5,28150.0,2025-07-07
2025070704021915,SHEL,53,17,327.0,281.8,92148.6,2025-07-07
2025070705012911,SONA,91,45,129.0,452.4,58359.6,2025-07-07
2025070705012910,SONA,45,45,20.0,452.5,9050.0,2025-07-07
2025070705012909,SONA,26,45,100.0,452.5,45250.0,2025-07-07
2025070705012908,SONA,1,45,251.0,452.5,113577.5,2025-07-07
2025070703016026,SAPDBL,39,7,100.0,1090.0,109000.0,2025-07-07
2025070701020086,PURE,57,16,10.0,893.0,8930.0,2025-07-07
2025070704021914,GHL,48,28,300.0,248.0,74400.0,2025-07-07
2025070704021913,SSHL,50,57,200.0,250.2,50040.0,2025-07-07
2025070701020085,MBL,39,92,62.0,225.0,13950.0,2025-07-07
2025070701020084,MBL,57,92,288.0,225.1,64828.8,2025-07-07
2025070701020083,MBL,49,92,300.0,225.2,67560.0,2025-07-07
2025070701020082,MBL,62,92,350.0,225.2,78820.0,2025-07-07
2025070704021912,HURJA,36,60,50.0,249.7,12485.0,2025-07-07
2025070701020081,AVYAN,66,49,80.0,1027.0,82160.0,2025-07-07
2025070704021911,RADHI,58,55,100.0,771.0,77100.0,2025-07-07
2025070704021910,RADHI,41,55,30.0,771.0,23130.0,2025-07-07
2025070704021909,PPCL,17,64,446.0,370.0,165020.0,2025-07-07
2025070704021908,PPCL,35,64,256.0,370.0,94720.0,2025-07-07
2025070703016025,PMLI,8,57,192.0,523.0,100416.0,2025-07-07
2025070703016024,PMLI,26,57,68.0,523.0,35564.0,2025-07-07
2025070704021907,GHL,48,57,380.0,248.0,94240.0,2025-07-07
2025070705012907,NRN,14,50,56.0,2210.0,123760.0,2025-07-07
2025070705012906,NRN,14,58,13.0,2210.0,28730.0,2025-07-07
2025070705012905,NRN,14,16,131.0,2209.0,289379.0,2025-07-07
2025070705012904,RNLI,100,45,389.0,475.0,184775.0,2025-07-07
2025070703016023,NFS,17,45,10.0,721.0,7210.0,2025-07-07
2025070703016022,SJLIC,58,45,23.0,438.6,10087.8,2025-07-07
2025070703016021,SJLIC,40,45,50.0,439.0,21950.0,2025-07-07
2025070703016020,SJLIC,1,45,427.0,440.0,187880.0,2025-07-07
2025070703016019,LICN,16,55,30.0,885.0,26550.0,2025-07-07
2025070701020080,MLBS,26,42,10.0,1521.0,15210.0,2025-07-07
2025070703016018,MFIL,42,13,100.0,601.1,60110.0,2025-07-07
2025070705012903,SHIVM,58,38,74.0,511.0,37814.0,2025-07-07
2025070705012902,SHIVM,58,58,26.0,511.0,13286.0,2025-07-07
2025070704021906,SHPC,47,6,168.0,582.5,97860.0,2025-07-07
2025070705012901,RNLI,44,45,45.0,475.0,21375.0,2025-07-07
2025070705012900,RNLI,44,32,259.0,475.0,123025.0,2025-07-07
2025070705012899,RNLI,44,44,185.0,474.8,87838.0,2025-07-07
2025070705012898,RNLI,44,34,11.0,474.0,5214.0,2025-07-07
2025070701020079,AHL,7,33,175.0,601.0,105175.0,2025-07-07
2025070701020078,AHL,1,33,90.0,601.0,54090.0,2025-07-07
2025070701020077,AHL,32,33,100.0,604.0,60400.0,2025-07-07
2025070701020076,AHL,13,33,50.0,605.0,30250.0,2025-07-07
2025070701020075,AHL,14,33,30.0,605.0,18150.0,2025-07-07
2025070701020074,AHL,22,33,200.0,606.0,121200.0,2025-07-07
2025070701020073,AHL,13,33,20.0,606.1,12122.0,2025-07-07
2025070701020072,AHL,34,33,100.0,606.2,60620.0,2025-07-07
2025070701020071,AHL,39,33,50.0,606.5,30325.0,2025-07-07
2025070701020070,AHL,39,33,50.0,606.5,30325.0,2025-07-07
2025070705012897,HRL,90,32,10.0,934.0,9340.0,2025-07-07
2025070705012896,NRIC,55,34,124.0,1322.3,163965.2,2025-07-07
2025070705012895,SFEF,28,41,5000.0,9.91,49550.0,2025-07-07
2025070703016017,LBBL,36,35,271.0,431.3,116882.3,2025-07-07
2025070703016016,NFS,49,45,50.0,721.0,36050.0,2025-07-07
2025070701020069,BNHC,29,45,30.0,499.0,14970.0,2025-07-07
2025070704021905,KKHC,70,16,50.0,435.0,21750.0,2025-07-07
2025070703016015,SIFC,47,8,100.0,525.0,52500.0,2025-07-07
2025070703016014,MSLB,3,51,10.0,1222.1,12221.0,2025-07-07
2025070705012894,NRIC,55,26,50.0,1322.3,66115.0,2025-07-07
2025070703016013,SFCL,75,72,749.0,506.6,379443.4,2025-07-07
2025070703016012,SFCL,39,72,251.0,507.0,127257.0,2025-07-07
2025070705012893,NIFRA,58,42,20.0,275.4,5508.0,2025-07-07
2025070701020068,KBL,36,6,75.0,208.7,15652.5,2025-07-07
2025070701020067,KBL,28,6,125.0,208.7,26087.5,2025-07-07
2025070704021904,SHEL,53,32,200.0,281.8,56360.0,2025-07-07
2025070704021903,SHEL,70,32,100.0,282.1,28210.0,2025-07-07
2025070703016011,NFS,34,45,20.0,721.0,14420.0,2025-07-07
2025070703016010,SAPDBL,22,43,300.0,1089.0,326700.0,2025-07-07
2025070703016009,SFCL,39,49,49.0,507.0,24843.0,2025-07-07
2025070703016008,SFCL,22,49,50.0,507.0,25350.0,2025-07-07
2025070703016007,SFCL,46,49,100.0,507.0,50700.0,2025-07-07
2025070703016006,SFCL,38,49,35.0,507.0,17745.0,2025-07-07
2025070704021902,NGPL,45,55,500.0,377.0,188500.0,2025-07-07
2025070701020066,BEDC,84,29,200.0,714.2,142840.0,2025-07-07
2025070704021901,NHPC,62,14,33.0,212.0,6996.0,2025-07-07
2025070704021900,NHPC,62,48,150.0,212.0,31800.0,2025-07-07
2025070704021899,NHPC,62,48,935.0,212.0,198220.0,2025-07-07
2025070704021898,NHPC,62,25,200.0,212.0,42400.0,2025-07-07
2025070704021897,NHPC,62,88,2000.0,212.0,424000.0,2025-07-07
2025070704021896,NHPC,62,45,400.0,212.0,84800.0,2025-07-07
2025070704021895,NHPC,62,45,30.0,212.0,6360.0,2025-07-07
2025070704021894,NHPC,62,41,252.0,212.0,53424.0,2025-07-07
2025070704021893,MEN,91,59,200.0,595.2,119040.0,2025-07-07
2025070705012892,NRM,7,42,25.0,457.7,11442.5,2025-07-07
2025070705012891,NRM,36,42,35.0,459.0,16065.0,2025-07-07
2025070704021892,SSHL,45,42,169.0,250.0,42250.0,2025-07-07
2025070704021891,SSHL,56,42,1000.0,250.1,250100.0,2025-07-07
2025070704021890,UPCL,59,4,290.0,385.5,111795.0,2025-07-07
2025070704021889,BARUN,42,58,150.0,425.0,63750.0,2025-07-07
2025070704021888,BARUN,42,56,92.0,425.0,39100.0,2025-07-07
2025070701020065,HIDCLP,101,66,2000.0,207.1,414200.0,2025-07-07
2025070701020064,HIDCLP,101,45,500.0,207.0,103500.0,2025-07-07
2025070701020063,SPL,43,14,10.0,812.9,8129.0,2025-07-07
2025070703016005,NFS,28,45,300.0,721.0,216300.0,2025-07-07
2025070704021887,SALICO,1,50,79.0,710.0,56090.0,2025-07-07
2025070704021886,AHPC,50,50,210.0,284.0,59640.0,2025-07-07
2025070701020062,BGWT,22,99,200.0,978.0,195600.0,2025-07-07
2025070704021885,UPCL,49,71,454.0,385.0,174790.0,2025-07-07
2025070704021884,UPCL,16,71,200.0,385.0,77000.0,2025-07-07
2025070704021883,UPCL,63,71,106.0,385.0,40810.0,2025-07-07
2025070704021882,UPCL,1,71,200.0,385.1,77020.0,2025-07-07
2025070704021881,UPCL,39,71,170.0,385.1,65467.0,2025-07-07
2025070704021880,UPCL,36,71,250.0,385.2,96300.0,2025-07-07
2025070704021879,UPCL,48,71,250.0,385.2,96300.0,2025-07-07
2025070704021878,UPCL,16,71,370.0,385.3,142561.0,2025-07-07
2025070704021877,JOSHI,39,53,140.0,324.2,45388.0,2025-07-07
2025070703016004,NFS,52,45,23.0,721.0,16583.0,2025-07-07
2025070704021876,JOSHI,14,53,52.0,324.2,16858.4,2025-07-07
2025070703016003,NFS,52,1,30.0,721.0,21630.0,2025-07-07
2025070703016002,NFS,52,35,17.0,721.0,12257.0,2025-07-07
2025070704021875,PMHPL,41,13,242.0,388.0,93896.0,2025-07-07
2025070703016001,SAPDBL,44,7,100.0,1090.0,109000.0,2025-07-07
2025070701020061,GVL,86,29,10.0,458.9,4589.0,2025-07-07
2025070701020060,GVL,86,17,100.0,458.0,45800.0,2025-07-07
2025070701020059,GVL,86,13,40.0,457.7,18308.0,2025-07-07
2025070705012890,SAHAS,41,57,433.0,587.0,254171.0,2025-07-07
2025070705012889,SAHAS,58,57,400.0,587.0,234800.0,2025-07-07
2025070705012888,SAHAS,58,57,167.0,587.0,98029.0,2025-07-07
2025070701020058,GMLI,55,45,100.0,2351.0,235100.0,2025-07-07
2025070705012887,NRN,6,16,138.0,2209.0,304842.0,2025-07-07
2025070701020057,HIDCLP,43,16,995.0,206.6,205567.0,2025-07-07
2025070701020056,HIDCLP,81,16,500.0,206.7,103350.0,2025-07-07
2025070701020055,HIDCLP,14,16,455.0,206.9,94139.5,2025-07-07
2025070701020054,HIDCLP,45,16,50.0,206.9,10345.0,2025-07-07
2025070704021874,AKPL,4,58,200.0,254.0,50800.0,2025-07-07
2025070701020053,BEDC,58,45,160.0,715.0,114400.0,2025-07-07
2025070703016000,CORBL,42,72,10.0,2370.0,23700.0,2025-07-07
2025070701020052,NICA,40,17,580.0,347.0,201260.0,2025-07-07
2025070703015999,HLI,6,32,30.0,401.0,12030.0,2025-07-07
2025070703015998,HLI,35,32,130.0,401.2,52156.0,2025-07-07
2025070704021873,UNHPL,42,56,50.0,418.0,20900.0,2025-07-07
2025070704021872,NGPL,19,35,66.0,377.2,24895.2,2025-07-07
2025070703015997,SLBSL,56,47,86.0,1465.0,125990.0,2025-07-07
2025070703015996,SLBSL,56,44,100.0,1464.0,146400.0,2025-07-07
2025070703015995,SLBSL,56,5,50.0,1463.0,73150.0,2025-07-07
2025070703015994,SLBSL,56,26,50.0,1462.0,73100.0,2025-07-07
2025070703015993,SLBSL,56,3,24.0,1461.0,35064.0,2025-07-07
2025070703015992,SLBSL,56,47,200.0,1450.0,290000.0,2025-07-07
2025070703015991,SLBSL,56,45,90.0,1450.0,130500.0,2025-07-07
2025070703015990,MSLB,3,43,10.0,1222.1,12221.0,2025-07-07
2025070703015989,CBBL,36,49,32.0,952.0,30464.0,2025-07-07
2025070704021871,PRIN,60,55,265.0,920.1,243826.5,2025-07-07
2025070704021870,PRIN,39,55,50.0,920.2,46010.0,2025-07-07
2025070704021869,PRIN,67,55,185.0,925.0,171125.0,2025-07-07
2025070701020051,GMLI,55,57,210.0,2351.0,493710.0,2025-07-07
2025070704021868,SPDL,44,16,116.0,394.7,45785.2,2025-07-07
2025070704021867,SPDL,35,16,2000.0,394.7,789400.0,2025-07-07
2025070704021866,SPDL,32,16,10.0,394.8,3948.0,2025-07-07
2025070704021865,SPDL,32,16,10.0,394.9,3949.0,2025-07-07
2025070704021864,SPDL,40,16,67.0,395.0,26465.0,2025-07-07
2025070704021863,SPDL,45,16,27.0,395.1,10667.7,2025-07-07
2025070704021862,SPDL,44,16,270.0,395.2,106704.0,2025-07-07
2025070703015988,JFL,45,44,30.0,495.0,14850.0,2025-07-07
2025070703015987,JFL,45,13,20.0,495.0,9900.0,2025-07-07
2025070704021861,AKJCL,19,42,1000.0,206.8,206800.0,2025-07-07
2025070705012886,NIFRA,42,42,22.0,275.4,6058.8,2025-07-07
2025070703015986,SKBBL,47,17,15.0,806.0,12090.0,2025-07-07
2025070701020050,KDL,47,49,10.0,1114.0,11140.0,2025-07-07
2025070704021860,SHL,26,16,100.0,566.0,56600.0,2025-07-07
2025070701020049,EHPL,22,6,20.0,559.9,11198.0,2025-07-07
2025070705012885,HIDCL,36,33,45.0,291.1,13099.5,2025-07-07
2025070705012884,HIDCL,38,33,500.0,291.2,145600.0,2025-07-07
2025070701020048,MKJC,41,65,60.0,520.7,31242.0,2025-07-07
2025070701020047,MKJC,52,65,440.0,521.0,229240.0,2025-07-07
2025070704021859,NHPC,62,13,121.0,211.5,25591.5,2025-07-07
2025070704021858,NHPC,41,13,60.0,211.5,12690.0,2025-07-07
2025070704021857,NHPC,38,13,250.0,211.9,52975.0,2025-07-07
2025070704021856,NHPC,41,13,69.0,211.9,14621.1,2025-07-07
2025070701020046,MBL,41,39,300.0,225.5,67650.0,2025-07-07
2025070705012883,NIFRA,35,42,82.0,275.4,22582.8,2025-07-07
2025070704021855,GHL,48,36,1962.0,248.0,486576.0,2025-07-07
2025070703015985,GRDBL,36,43,50.0,1330.0,66500.0,2025-07-07
2025070704021854,SPDL,17,4,50.0,396.0,19800.0,2025-07-07
2025070704021853,SPDL,17,49,100.0,396.0,39600.0,2025-07-07
2025070704021852,SPDL,17,1,50.0,396.0,19800.0,2025-07-07
2025070704021851,SPDL,17,47,100.0,395.9,39590.0,2025-07-07
2025070705012882,HRL,90,97,25.0,934.0,23350.0,2025-07-07
2025070704021850,BARUN,48,56,500.0,425.0,212500.0,2025-07-07
2025070704021849,SHPC,48,6,422.0,582.5,245815.0,2025-07-07
2025070704021848,SHPC,48,45,78.0,582.4,45427.2,2025-07-07
2025070701020045,PURE,6,1,40.0,892.0,35680.0,2025-07-07
2025070703015984,JFL,45,13,20.0,495.0,9900.0,2025-07-07
2025070701020044,NBL,45,16,27.0,263.0,7101.0,2025-07-07
2025070704021847,SICL,4,50,50.0,761.0,38050.0,2025-07-07
2025070705012881,SHIVM,17,50,67.0,510.0,34170.0,2025-07-07
2025070705012880,SHIVM,45,50,100.0,510.0,51000.0,2025-07-07
2025070705012879,SHIVM,54,50,500.0,510.0,255000.0,2025-07-07
2025070705012878,SHIVM,35,50,100.0,510.0,51000.0,2025-07-07
2025070705012877,SHIVM,35,50,200.0,510.0,102000.0,2025-07-07
2025070705012876,SHIVM,11,50,33.0,510.0,16830.0,2025-07-07
2025070704021846,BARUN,36,58,30.0,422.0,12660.0,2025-07-07
2025070704021845,BARUN,48,58,20.0,423.0,8460.0,2025-07-07
2025070703015983,NFS,58,35,25.0,721.0,18025.0,2025-07-07
2025070704021844,MHNL,33,34,10.0,274.3,2743.0,2025-07-07
2025070701020043,MSHL,70,91,10.0,840.2,8402.0,2025-07-07
2025070704021843,RIDI,34,99,100.0,256.0,25600.0,2025-07-07
2025070704021842,CGH,99,63,115.0,950.0,109250.0,2025-07-07
2025070704021841,CGH,99,63,885.0,949.0,839865.0,2025-07-07
2025070704021840,JOSHI,38,57,187.0,325.0,60775.0,2025-07-07
2025070704021839,JOSHI,38,55,13.0,325.0,4225.0,2025-07-07
2025070705012875,GCIL,29,34,11.0,501.0,5511.0,2025-07-07
2025070701020042,MKHL,29,85,100.0,787.0,78700.0,2025-07-07
2025070701020041,MKHL,29,94,200.0,787.0,157400.0,2025-07-07
2025070701020040,MKHL,29,58,10.0,785.0,7850.0,2025-07-07
2025070701020039,MKHL,29,26,10.0,780.0,7800.0,2025-07-07
2025070704021838,BARUN,48,56,1000.0,425.0,425000.0,2025-07-07
2025070705012874,HRL,35,57,120.0,933.1,111972.0,2025-07-07
2025070705012873,HRL,17,57,325.0,933.1,303257.5,2025-07-07
2025070704021837,PRIN,67,3,105.0,925.0,97125.0,2025-07-07
2025070704021836,SHPC,1,51,350.0,581.0,203350.0,2025-07-07
2025070704021835,UPPER,21,45,200.0,195.6,39120.0,2025-07-07
2025070703015982,BFC,54,45,40.0,488.0,19520.0,2025-07-07
2025070703015981,BFC,49,45,100.0,488.0,48800.0,2025-07-07
2025070703015980,BFC,49,45,100.0,488.0,48800.0,2025-07-07
2025070703015979,BFC,45,45,10.0,488.0,4880.0,2025-07-07
2025070703015978,BFC,45,45,500.0,488.0,244000.0,2025-07-07
2025070703015977,BFC,53,45,30.0,488.0,14640.0,2025-07-07
2025070703015976,BFC,45,45,400.0,488.0,195200.0,2025-07-07
2025070703015975,BFC,6,45,100.0,488.1,48810.0,2025-07-07
2025070703015974,BFC,41,45,64.0,488.2,31244.8,2025-07-07
2025070703015973,BFC,32,45,50.0,488.2,24410.0,2025-07-07
2025070703015972,BFC,25,45,200.0,488.2,97640.0,2025-07-07
2025070703015971,BFC,53,45,900.0,488.3,439470.0,2025-07-07
2025070703015970,BFC,58,45,76.0,488.3,37110.8,2025-07-07
2025070703015969,BFC,54,45,20.0,488.4,9768.0,2025-07-07
2025070703015968,BFC,17,45,200.0,490.0,98000.0,2025-07-07
2025070703015967,BFC,89,45,120.0,490.0,58800.0,2025-07-07
2025070703015966,BFC,8,45,50.0,491.1,24555.0,2025-07-07
2025070701020038,CYCL,4,13,50.0,1616.0,80800.0,2025-07-07
2025070703015965,NFS,32,35,206.0,721.0,148526.0,2025-07-07
2025070701020037,JBLB,48,19,35.0,1332.0,46620.0,2025-07-07
2025070704021834,BARUN,35,56,10.0,425.0,4250.0,2025-07-07
2025070704021833,SHEL,53,35,473.0,281.8,133291.4,2025-07-07
2025070704021832,SHEL,21,35,232.0,281.8,65377.6,2025-07-07
2025070704021831,SHEL,49,35,75.0,282.0,21150.0,2025-07-07
2025070705012872,GIBF1,42,35,100.0,10.6,1060.0,2025-07-07
2025070703015964,GLBSL,36,80,30.0,2170.0,65100.0,2025-07-07
2025070701020036,HIDCLP,45,66,600.0,206.9,124140.0,2025-07-07
2025070705012871,HRL,17,14,20.0,933.1,18662.0,2025-07-07
2025070701020035,DOLTI,41,10,100.0,558.7,55870.0,2025-07-07
2025070704021830,BARUN,36,43,352.0,422.0,148544.0,2025-07-07
2025070704021829,BARUN,57,43,200.0,422.0,84400.0,2025-07-07
2025070704021828,BARUN,43,43,10.0,422.0,4220.0,2025-07-07
2025070704021827,BARUN,43,43,10.0,422.0,4220.0,2025-07-07
2025070704021826,BARUN,17,43,10.0,422.0,4220.0,2025-07-07
2025070704021825,BARUN,6,43,200.0,422.0,84400.0,2025-07-07
2025070705012870,HRL,43,97,250.0,934.0,233500.0,2025-07-07
2025070704021824,BARUN,6,43,25.0,422.0,10550.0,2025-07-07
2025070704021823,BARUN,34,43,100.0,422.0,42200.0,2025-07-07
2025070704021822,BARUN,21,43,1000.0,422.0,422000.0,2025-07-07
2025070704021821,BARUN,16,43,125.0,422.1,52762.5,2025-07-07
2025070704021820,BARUN,19,43,10.0,422.1,4221.0,2025-07-07
2025070704021819,BARUN,34,43,400.0,422.2,168880.0,2025-07-07
2025070704021818,BARUN,11,43,500.0,422.3,211150.0,2025-07-07
2025070704021817,BARUN,10,43,30.0,422.5,12675.0,2025-07-07
2025070704021816,BARUN,44,43,200.0,423.0,84600.0,2025-07-07
2025070704021815,BARUN,68,43,92.0,423.0,38916.0,2025-07-07
2025070704021814,BARUN,14,43,100.0,423.0,42300.0,2025-07-07
2025070704021813,BARUN,26,43,50.0,423.1,21155.0,2025-07-07
2025070704021812,BARUN,7,43,50.0,423.3,21165.0,2025-07-07
2025070704021811,BARUN,57,43,200.0,423.5,84700.0,2025-07-07
2025070704021810,BARUN,40,43,300.0,423.5,127050.0,2025-07-07
2025070704021809,BARUN,58,43,36.0,424.0,15264.0,2025-07-07
2025070704021808,BARUN,45,43,100.0,424.0,42400.0,2025-07-07
2025070704021807,BARUN,48,43,900.0,424.0,381600.0,2025-07-07
2025070704021806,BARUN,99,43,100.0,424.5,42450.0,2025-07-07
2025070704021805,BARUN,44,43,200.0,424.5,84900.0,2025-07-07
2025070703015963,JFL,57,48,113.0,494.0,55822.0,2025-07-07
2025070703015962,SLBBL,49,62,200.0,907.0,181400.0,2025-07-07
2025070703015961,MFIL,14,13,50.0,601.1,30055.0,2025-07-07
2025070705012869,RNLI,44,44,74.0,474.8,35135.2,2025-07-07
2025070705012868,RNLI,44,52,126.0,474.7,59812.2,2025-07-07
2025070703015960,SINDU,28,37,110.0,890.0,97900.0,2025-07-07
2025070703015959,SINDU,28,56,50.0,889.0,44450.0,2025-07-07
2025070703015958,SINDU,28,34,30.0,888.0,26640.0,2025-07-07
2025070703015957,SINDU,28,35,100.0,888.0,88800.0,2025-07-07
2025070703015956,SINDU,28,59,30.0,888.0,26640.0,2025-07-07
2025070703015955,SINDU,28,10,40.0,887.8,35512.0,2025-07-07
2025070703015954,SINDU,28,45,125.0,887.5,110937.5,2025-07-07
2025070703015953,SINDU,28,48,515.0,885.0,455775.0,2025-07-07
2025070701020034,ADBL,29,47,12.0,296.3,3555.6,2025-07-07
2025070704021804,NIL,34,45,80.0,706.0,56480.0,2025-07-07
2025070703015952,CORBL,42,41,20.0,2380.0,47600.0,2025-07-07
2025070705012867,NRN,42,58,50.0,2210.0,110500.0,2025-07-07
2025070705012866,NRIC,55,36,405.0,1322.3,535531.5,2025-07-07
2025070701020033,PRVU,33,44,90.0,208.1,18729.0,2025-07-07
2025070701020032,PRVU,32,44,20.0,208.2,4164.0,2025-07-07
2025070703015951,SINDU,58,48,150.0,885.0,132750.0,2025-07-07
2025070704021803,MEN,22,18,18.0,596.0,10728.0,2025-07-07
2025070704021802,MEN,22,38,182.0,596.0,108472.0,2025-07-07
2025070704021801,BARUN,14,56,100.0,425.0,42500.0,2025-07-07
2025070705012865,NRIC,55,33,50.0,1322.3,66115.0,2025-07-07
2025070704021800,NGPL,48,13,420.0,376.9,158298.0,2025-07-07
2025070703015950,MNBBL,25,13,433.0,373.0,161509.0,2025-07-07
2025070703015949,MNBBL,57,13,77.0,373.0,28721.0,2025-07-07
2025070703015948,MNBBL,8,13,100.0,373.1,37310.0,2025-07-07
2025070703015947,MNBBL,85,13,200.0,373.1,74620.0,2025-07-07
2025070703015946,MNBBL,50,13,190.0,373.1,70889.0,2025-07-07
2025070704021799,MHNL,32,34,36.0,274.3,9874.8,2025-07-07
2025070704021798,MHNL,32,44,124.0,270.0,33480.0,2025-07-07
2025070704021797,NGPL,6,35,250.0,377.2,94300.0,2025-07-07
2025070701020031,KBL,28,34,205.0,208.7,42783.5,2025-07-07
2025070701020030,KBL,17,34,75.0,208.7,15652.5,2025-07-07
2025070701020029,KBL,45,34,200.0,208.7,41740.0,2025-07-07
2025070701020028,KBL,67,34,135.0,208.7,28174.5,2025-07-07
2025070701020027,KBL,1,34,375.0,208.7,78262.5,2025-07-07
2025070701020026,KBL,26,34,10.0,208.8,2088.0,2025-07-07
2025070701020025,SRLI,34,45,280.0,403.5,112980.0,2025-07-07
2025070704021796,LEC,37,69,274.0,211.9,58060.6,2025-07-07
2025070705012864,MEL,36,56,11.0,311.0,3421.0,2025-07-07
2025070705012863,NRIC,55,49,1000.0,1322.3,1322300.0,2025-07-07
2025070704021795,SHPC,49,45,10.0,582.4,5824.0,2025-07-07
2025070701020024,NWCL,49,35,20.0,910.0,18200.0,2025-07-07
2025070703015945,SINDU,36,48,100.0,885.0,88500.0,2025-07-07
2025070701020023,CREST,82,74,10.0,1408.0,14080.0,2025-07-07
2025070701020022,CREST,82,45,10.0,1407.0,14070.0,2025-07-07
2025070704021794,SPDL,44,39,200.0,395.2,79040.0,2025-07-07
2025070704021793,SPDL,34,39,300.0,395.5,118650.0,2025-07-07
2025070701020021,LSL,48,57,10.0,219.5,2195.0,2025-07-07
2025070705012862,NIFRA,4,42,200.0,275.4,55080.0,2025-07-07
2025070701020020,SANIMA,17,50,302.0,338.9,102347.8,2025-07-07
2025070701020019,SANIMA,43,50,118.0,339.0,40002.0,2025-07-07
2025070704021792,AKPL,6,58,1524.0,252.3,384505.2,2025-07-07
2025070704021791,AKPL,6,58,1000.0,252.4,252400.0,2025-07-07
2025070704021790,AKPL,58,58,200.0,252.7,50540.0,2025-07-07
2025070704021789,AKPL,58,58,216.0,253.0,54648.0,2025-07-07
2025070704021788,AKPL,49,58,100.0,253.0,25300.0,2025-07-07
2025070704021787,AKPL,5,58,1000.0,253.0,253000.0,2025-07-07
2025070704021786,AKPL,39,58,100.0,253.0,25300.0,2025-07-07
2025070704021785,AKPL,4,58,100.0,253.0,25300.0,2025-07-07
2025070704021784,AKPL,35,58,2000.0,253.0,506000.0,2025-07-07
2025070704021783,AKPL,83,58,200.0,253.0,50600.0,2025-07-07
2025070704021782,AKPL,42,58,400.0,253.0,101200.0,2025-07-07
2025070704021781,AKPL,64,58,100.0,253.0,25300.0,2025-07-07
2025070704021780,AKPL,14,58,500.0,253.0,126500.0,2025-07-07
2025070704021779,AKPL,14,58,500.0,253.0,126500.0,2025-07-07
2025070704021778,AKPL,17,58,1000.0,253.0,253000.0,2025-07-07
2025070704021777,AKPL,62,58,100.0,253.0,25300.0,2025-07-07
2025070704021776,AKPL,54,58,200.0,253.0,50600.0,2025-07-07
2025070704021775,AKPL,53,58,500.0,253.0,126500.0,2025-07-07
2025070704021774,AKPL,17,58,200.0,253.1,50620.0,2025-07-07
2025070704021773,AKPL,49,58,50.0,253.2,12660.0,2025-07-07
2025070704021772,AKPL,4,58,10.0,253.5,2535.0,2025-07-07
2025070701020018,RHGCL,58,32,1252.0,387.9,485650.8,2025-07-07
2025070705012861,SONA,34,22,80.0,453.0,36240.0,2025-07-07
2025070705012860,SONA,34,57,60.0,452.9,27174.0,2025-07-07
2025070705012859,SONA,34,75,10.0,452.6,4526.0,2025-07-07
2025070703015944,PFL,48,34,225.0,418.5,94162.5,2025-07-07
2025070703015943,PFL,88,34,10.0,419.0,4190.0,2025-07-07
2025070703015942,PFL,35,34,65.0,419.0,27235.0,2025-07-07
2025070705012858,HRL,17,46,20.0,933.1,18662.0,2025-07-07
2025070704021771,MEN,38,38,25.0,596.0,14900.0,2025-07-07
2025070701020017,BHDC,36,22,50.0,492.0,24600.0,2025-07-07
2025070703015941,GRDBL,51,43,200.0,1330.0,266000.0,2025-07-07
2025070703015940,GRDBL,33,43,50.0,1330.0,66500.0,2025-07-07
2025070703015939,GRDBL,28,43,200.0,1332.0,266400.0,2025-07-07
2025070704021770,BARUN,57,56,1400.0,425.0,595000.0,2025-07-07
2025070705012857,HATHY,57,58,20.0,1210.0,24200.0,2025-07-07
2025070703015938,SIFC,22,26,100.0,525.0,52500.0,2025-07-07
2025070701020016,USHEC,49,26,300.0,437.0,131100.0,2025-07-07
2025070703015937,SINDU,34,48,100.0,885.0,88500.0,2025-07-07
2025070701020015,RFPL,49,56,10.0,562.2,5622.0,2025-07-07
2025070704021769,BARUN,48,56,100.0,424.0,42400.0,2025-07-07
2025070704021768,BARUN,43,56,100.0,424.0,42400.0,2025-07-07
2025070704021767,BARUN,14,56,100.0,424.3,42430.0,2025-07-07
2025070704021766,BARUN,42,56,200.0,424.4,84880.0,2025-07-07
2025070703015936,SMPDA,21,36,10.0,932.0,9320.0,2025-07-07
2025070703015935,SADBL,33,77,1000.0,407.4,407400.0,2025-07-07
2025070704021765,PPCL,35,64,244.0,370.0,90280.0,2025-07-07
2025070704021764,PPCL,57,64,10.0,370.0,3700.0,2025-07-07
2025070704021763,PPCL,39,64,100.0,370.0,37000.0,2025-07-07
2025070704021762,PPCL,63,64,10.0,370.0,3700.0,2025-07-07
2025070704021761,PPCL,1,64,282.0,370.0,104340.0,2025-07-07
2025070704021760,PPCL,49,64,200.0,370.1,74020.0,2025-07-07
2025070704021759,PPCL,36,64,100.0,370.1,37010.0,2025-07-07
2025070704021758,PPCL,45,64,25.0,370.2,9255.0,2025-07-07
2025070704021757,PPCL,35,64,29.0,371.0,10759.0,2025-07-07
2025070704021756,SHL,38,46,100.0,566.0,56600.0,2025-07-07
2025070704021755,SHL,38,34,300.0,566.0,169800.0,2025-07-07
2025070704021754,SHL,38,33,100.0,565.9,56590.0,2025-07-07
2025070703015934,SINDU,28,25,38.0,883.0,33554.0,2025-07-07
2025070704021753,UPCL,57,4,10.0,385.5,3855.0,2025-07-07
2025070701020014,BHL,57,58,317.0,210.9,66855.3,2025-07-07
2025070703015933,SAPDBL,22,21,50.0,1089.0,54450.0,2025-07-07
2025070704021752,PMHPL,58,13,450.0,388.0,174600.0,2025-07-07
2025070704021751,PMHPL,42,13,98.0,388.0,38024.0,2025-07-07
2025070704021750,PMHPL,45,13,200.0,388.1,77620.0,2025-07-07
2025070704021749,RIDI,88,99,307.0,256.0,78592.0,2025-07-07
2025070704021748,RIDI,88,38,100.0,256.0,25600.0,2025-07-07
2025070704021747,RIDI,88,22,150.0,256.0,38400.0,2025-07-07
2025070704021746,RIDI,88,6,200.0,256.0,51200.0,2025-07-07
2025070704021745,RIDI,88,72,743.0,255.0,189465.0,2025-07-07
2025070704021744,PPCL,35,60,150.0,371.0,55650.0,2025-07-07
2025070701020013,MHCL,35,49,100.0,449.0,44900.0,2025-07-07
2025070703015932,SAPDBL,6,7,10.0,1090.0,10900.0,2025-07-07
2025070703015931,SAPDBL,14,7,120.0,1090.0,130800.0,2025-07-07
2025070701020012,RBCLPO,33,25,20.0,11781.5,235630.0,2025-07-07
2025070703015930,JSLBB,54,17,10.0,1319.9,13199.0,2025-07-07
2025070704021743,PPCL,43,64,200.0,372.9,74580.0,2025-07-07
2025070703015929,ALBSL,58,29,55.0,817.0,44935.0,2025-07-07
2025070703015928,ALBSL,45,29,76.0,817.0,62092.0,2025-07-07
2025070703015927,ALBSL,45,29,50.0,820.0,41000.0,2025-07-07
2025070703015926,MLBL,49,16,1650.0,383.2,632280.0,2025-07-07
2025070703015925,MLBL,4,16,250.0,383.3,95825.0,2025-07-07
2025070703015924,MLBL,34,16,100.0,383.4,38340.0,2025-07-07
2025070704021742,UPCL,16,47,430.0,385.3,165679.0,2025-07-07
2025070704021741,UPCL,17,47,70.0,385.5,26985.0,2025-07-07
2025070705012856,SHIVM,11,42,17.0,510.0,8670.0,2025-07-07
2025070705012855,SHIVM,52,42,50.0,510.0,25500.0,2025-07-07
2025070705012854,SHIVM,17,42,155.0,510.0,79050.0,2025-07-07
2025070705012853,SHIVM,32,42,50.0,510.1,25505.0,2025-07-07
2025070705012852,SHIVM,16,42,328.0,510.1,167312.8,2025-07-07
2025070704021740,SSHL,42,57,20.0,250.2,5004.0,2025-07-07
2025070704021739,SSHL,40,32,500.0,250.1,125050.0,2025-07-07
2025070704021738,AKJCL,19,48,450.0,206.8,93060.0,2025-07-07
2025070701020011,NYADI,46,34,200.0,467.0,93400.0,2025-07-07
2025070701020010,KDL,47,34,50.0,1108.0,55400.0,2025-07-07
2025070703015923,NFS,11,35,100.0,721.0,72100.0,2025-07-07
2025070703015922,NFS,26,35,675.0,721.0,486675.0,2025-07-07
2025070703015921,NFS,35,35,200.0,721.0,144200.0,2025-07-07
2025070703015920,NFS,49,35,35.0,721.0,25235.0,2025-07-07
2025070703015919,NFS,47,35,37.0,721.0,26677.0,2025-07-07
2025070701020009,SBI,33,58,100.0,407.5,40750.0,2025-07-07
2025070701020008,SBI,16,58,100.0,407.6,40760.0,2025-07-07
2025070703015918,SADBL,33,55,1000.0,407.4,407400.0,2025-07-07
2025070705012851,NRIC,55,38,540.0,1322.3,714042.0,2025-07-07
2025070705012850,CHDC,41,50,60.0,2599.0,155940.0,2025-07-07
2025070701020007,SRLI,17,34,12.0,403.0,4836.0,2025-07-07
2025070701020006,NICA,42,17,220.0,347.0,76340.0,2025-07-07
2025070704021737,CHL,48,50,100.0,326.0,32600.0,2025-07-07
2025070701020005,NMB,71,95,77.0,248.3,19119.1,2025-07-07
2025070701020004,NMB,71,95,150.0,248.3,37245.0,2025-07-07
2025070701020003,NMB,43,95,60.0,248.3,14898.0,2025-07-07
2025070701020002,NMB,49,95,92.0,248.3,22843.6,2025-07-07
2025070701020001,NMB,45,95,200.0,248.5,49700.0,2025-07-07
2025070701020000,NMB,43,95,411.0,248.5,102133.5,2025-07-07
2025070701019999,NMB,7,95,10.0,248.6,2486.0,2025-07-07
2025070704021736,UNHPL,21,34,10.0,419.8,4198.0,2025-07-07
2025070704021735,RIDI,74,72,1000.0,255.0,255000.0,2025-07-07
2025070704021734,RIDI,57,72,420.0,255.0,107100.0,2025-07-07
2025070704021733,RIDI,6,72,20.0,255.0,5100.0,2025-07-07
2025070704021732,RIDI,43,72,100.0,255.0,25500.0,2025-07-07
2025070704021731,RIDI,39,72,66.0,255.0,16830.0,2025-07-07
2025070704021730,RIDI,1,72,250.0,255.0,63750.0,2025-07-07
2025070704021729,RIDI,88,72,900.0,255.0,229500.0,2025-07-07
2025070704021728,RIDI,21,72,141.0,255.0,35955.0,2025-07-07
2025070704021727,RIDI,42,72,500.0,255.1,127550.0,2025-07-07
2025070704021726,RIDI,11,72,80.0,255.1,20408.0,2025-07-07
2025070704021725,RIDI,21,72,1000.0,255.2,255200.0,2025-07-07
2025070704021724,RIDI,51,72,160.0,255.2,40832.0,2025-07-07
2025070704021723,RIDI,19,72,35.0,255.2,8932.0,2025-07-07
2025070704021722,RIDI,34,72,500.0,255.3,127650.0,2025-07-07
2025070704021721,RIDI,6,72,200.0,255.3,51060.0,2025-07-07
2025070704021720,RIDI,22,72,100.0,255.3,25530.0,2025-07-07
2025070704021719,RIDI,38,72,500.0,255.4,127700.0,2025-07-07
2025070704021718,RIDI,54,72,175.0,255.5,44712.5,2025-07-07
2025070704021717,RIDI,52,72,110.0,255.7,28127.0,2025-07-07
2025070701019998,CREST,82,61,34.0,1402.0,47668.0,2025-07-07
2025070701019997,CREST,34,61,50.0,1402.1,70105.0,2025-07-07
2025070701019996,CREST,22,61,10.0,1402.1,14021.0,2025-07-07
2025070701019995,CREST,46,61,156.0,1403.0,218868.0,2025-07-07
2025070701019994,CREST,48,61,40.0,1403.2,56128.0,2025-07-07
2025070701019993,UHEWA,29,45,10.0,558.1,5581.0,2025-07-07
2025070705012849,NRIC,34,34,38.0,1322.5,50255.0,2025-07-07
2025070705012848,NRIC,34,32,12.0,1322.5,15870.0,2025-07-07
2025070705012847,NRIC,34,13,40.0,1322.5,52900.0,2025-07-07
2025070705012846,NRIC,34,57,10.0,1322.5,13225.0,2025-07-07
2025070703015917,HLI,35,56,70.0,401.2,28084.0,2025-07-07
2025070701019992,SRLI,35,34,246.0,403.0,99138.0,2025-07-07
2025070701019991,SRLI,35,38,12.0,402.9,4834.8,2025-07-07
2025070701019990,BHDC,42,94,100.0,491.0,49100.0,2025-07-07
2025070705012845,GCIL,22,14,11.0,500.3,5503.3,2025-07-07
2025070703015916,GFCL,45,25,100.0,640.5,64050.0,2025-07-07
2025070701019989,PCBL,74,48,200.0,256.4,51280.0,2025-07-07
2025070704021716,SHPC,1,62,756.0,581.0,439236.0,2025-07-07
2025070704021715,SHPC,96,62,64.0,581.7,37228.8,2025-07-07
2025070701019988,KDL,47,49,10.0,1114.0,11140.0,2025-07-07
2025070705012844,NRIC,55,45,10.0,1322.3,13223.0,2025-07-07
2025070705012843,CHDC,42,50,82.0,2599.0,213118.0,2025-07-07
2025070705012842,CHDC,42,52,16.0,2599.0,41584.0,2025-07-07
2025070704021714,BPCL,45,55,93.0,773.0,71889.0,2025-07-07
2025070704021713,BPCL,45,52,120.0,773.0,92760.0,2025-07-07
2025070704021712,BPCL,45,56,87.0,771.0,67077.0,2025-07-07
2025070701019987,HHL,65,7,472.0,400.0,188800.0,2025-07-07
2025070701019986,HHL,65,36,200.0,399.9,79980.0,2025-07-07
2025070701019985,MKJC,52,6,60.0,521.0,31260.0,2025-07-07
2025070704021711,NICL,26,13,110.0,640.0,70400.0,2025-07-07
2025070703015915,SFCL,59,98,400.0,507.1,202840.0,2025-07-07
2025070703015914,SFCL,6,98,95.0,507.2,48184.0,2025-07-07
2025070705012841,CLI,37,56,13.0,472.6,6143.8,2025-07-07
2025070705012840,SAHAS,58,7,100.0,587.0,58700.0,2025-07-07
2025070701019984,CITY,38,7,135.0,831.1,112198.5,2025-07-07
2025070701019983,ULBSL,38,52,10.0,3418.0,34180.0,2025-07-07
2025070701019982,OMPL,38,38,10.0,1351.0,13510.0,2025-07-07
2025070705012839,NIFRA,43,42,100.0,275.4,27540.0,2025-07-07
2025070704021710,SSHL,26,25,340.0,250.3,85102.0,2025-07-07
2025070704021709,SSHL,26,7,420.0,250.3,105126.0,2025-07-07
2025070704021708,SSHL,26,22,200.0,250.3,50060.0,2025-07-07
2025070704021707,SSHL,26,57,40.0,250.2,10008.0,2025-07-07
2025070703015913,NFS,42,41,622.0,722.0,449084.0,2025-07-07
2025070701019981,CREST,48,45,10.0,1403.2,14032.0,2025-07-07
2025070701019980,BHL,51,45,90.0,210.8,18972.0,2025-07-07
2025070701019979,UHEWA,29,58,100.0,558.1,55810.0,2025-07-07
2025070701019978,SMHL,3,65,655.0,975.0,638625.0,2025-07-07
2025070704021706,BPCL,13,56,20.0,771.0,15420.0,2025-07-07
2025070703015912,NFS,47,32,13.0,721.0,9373.0,2025-07-07
2025070703015911,NFS,42,32,37.0,721.0,26677.0,2025-07-07
2025070703015910,NFS,42,32,450.0,721.0,324450.0,2025-07-07
2025070703015909,JFL,57,6,14.0,494.0,6916.0,2025-07-07
2025070703015908,JFL,45,6,10.0,494.0,4940.0,2025-07-07
2025070703015907,JFL,63,6,86.0,494.0,42484.0,2025-07-07
2025070703015906,CBBL,36,6,10.0,952.0,9520.0,2025-07-07
2025070703015905,JFL,33,34,48.0,494.1,23716.8,2025-07-07
2025070703015904,JFL,63,34,10.0,494.9,4949.0,2025-07-07
2025070701019977,BGWT,52,99,50.0,978.0,48900.0,2025-07-07
2025070701019976,BGWT,14,99,20.0,979.0,19580.0,2025-07-07
2025070704021705,SHL,16,49,500.0,565.0,282500.0,2025-07-07
2025070703015903,SADBL,33,49,1295.0,407.4,527583.0,2025-07-07
2025070704021704,API,100,38,200.0,291.4,58280.0,2025-07-07
2025070703015902,CBBL,36,18,108.0,952.0,102816.0,2025-07-07
2025070703015901,CBBL,36,1,650.0,952.0,618800.0,2025-07-07
2025070704021703,HPPL,65,48,1500.0,501.1,751650.0,2025-07-07
2025070704021702,HPPL,16,48,10.0,501.2,5012.0,2025-07-07
2025070704021701,HPPL,33,48,219.0,501.3,109784.7,2025-07-07
2025070704021700,HPPL,61,48,500.0,501.6,250800.0,2025-07-07
2025070704021699,HPPL,44,48,100.0,501.6,50160.0,2025-07-07
2025070704021698,HPPL,58,48,15.0,502.0,7530.0,2025-07-07
2025070704021697,SPIL,47,50,50.0,815.0,40750.0,2025-07-07
2025070704021696,RIDI,26,6,500.0,256.0,128000.0,2025-07-07
2025070704021695,GLH,42,29,220.0,263.7,58014.0,2025-07-07
2025070704021694,GLH,42,69,10.0,263.6,2636.0,2025-07-07
2025070704021693,GLH,42,47,140.0,263.5,36890.0,2025-07-07
2025070704021692,GLH,42,69,20.0,263.4,5268.0,2025-07-07
2025070704021691,GLH,42,69,20.0,263.3,5266.0,2025-07-07
2025070704021690,GLH,42,94,10.0,263.0,2630.0,2025-07-07
2025070704021689,GLH,42,34,150.0,263.0,39450.0,2025-07-07
2025070704021688,GLH,42,26,400.0,262.9,105160.0,2025-07-07
2025070704021687,GLH,42,69,10.0,262.8,2628.0,2025-07-07
2025070704021686,GLH,42,69,10.0,262.8,2628.0,2025-07-07
2025070704021685,GLH,42,45,10.0,262.7,2627.0,2025-07-07
2025070703015900,SADBL,33,45,500.0,407.4,203700.0,2025-07-07
2025070705012838,HATHY,45,58,12.0,1210.0,14520.0,2025-07-07
2025070705012837,HATHY,45,58,24.0,1210.0,29040.0,2025-07-07
2025070705012836,HATHY,45,49,14.0,1210.0,16940.0,2025-07-07
2025070705012835,RNLI,44,52,174.0,474.7,82597.8,2025-07-07
2025070705012834,SMATA,13,49,10.0,811.3,8113.0,2025-07-07
2025070705012833,MEL,6,56,250.0,311.0,77750.0,2025-07-07
2025070704021684,BARUN,46,56,24.0,425.0,10200.0,2025-07-07
2025070703015899,HLI,14,56,30.0,401.2,12036.0,2025-07-07
2025070703015898,GMFIL,44,38,60.0,484.0,29040.0,2025-07-07
2025070704021683,BPCL,43,56,100.0,771.0,77100.0,2025-07-07
2025070704021682,BPCL,64,56,200.0,771.0,154200.0,2025-07-07
2025070704021681,BPCL,64,56,100.0,771.0,77100.0,2025-07-07
2025070704021680,BPCL,64,56,200.0,771.0,154200.0,2025-07-07
2025070704021679,BPCL,41,56,140.0,771.0,107940.0,2025-07-07
2025070704021678,BPCL,49,56,300.0,771.0,231300.0,2025-07-07
2025070704021677,BPCL,42,56,100.0,771.0,77100.0,2025-07-07
2025070704021676,BPCL,34,56,500.0,771.0,385500.0,2025-07-07
2025070704021675,BPCL,81,56,500.0,771.1,385550.0,2025-07-07
2025070704021674,BPCL,81,56,370.0,771.1,285307.0,2025-07-07
2025070704021673,BPCL,44,56,300.0,771.3,231390.0,2025-07-07
2025070704021672,BPCL,49,56,15.0,772.0,11580.0,2025-07-07
2025070704021671,BPCL,38,56,48.0,772.0,37056.0,2025-07-07
2025070704021670,BPCL,59,56,20.0,772.2,15444.0,2025-07-07
2025070704021669,PPCL,35,64,21.0,371.0,7791.0,2025-07-07
2025070704021668,PPCL,44,64,984.0,371.0,365064.0,2025-07-07
2025070701019975,CREST,49,74,10.0,1408.0,14080.0,2025-07-07
2025070701019974,UNL,28,55,10.0,46010.0,460100.0,2025-07-07
2025070705012832,HRL,17,55,135.0,933.1,125968.5,2025-07-07
2025070705012831,HRL,38,55,100.0,933.2,93320.0,2025-07-07
2025070701019973,GBIME,17,54,490.0,238.1,116669.0,2025-07-07
2025070701019972,GBIME,5,54,10.0,238.5,2385.0,2025-07-07
2025070704021667,SHL,16,41,100.0,565.0,56500.0,2025-07-07
2025070704021666,SHL,16,48,100.0,565.0,56500.0,2025-07-07
2025070704021665,SHL,16,58,500.0,565.0,282500.0,2025-07-07
2025070704021664,SHL,16,19,374.0,565.0,211310.0,2025-07-07
2025070704021663,SHL,16,49,100.0,564.9,56490.0,2025-07-07
2025070703015897,SINDU,28,62,70.0,883.0,61810.0,2025-07-07
2025070705012830,NRIC,55,69,3874.0,1322.3,5122590.2,2025-07-07
2025070704021662,UPCL,21,38,200.0,386.0,77200.0,2025-07-07
2025070705012829,NRIC,55,21,100.0,1322.3,132230.0,2025-07-07
2025070703015896,DDBL,51,1,100.0,810.0,81000.0,2025-07-07
2025070704021661,HDHPC,53,26,29.0,197.1,5715.9,2025-07-07
2025070704021660,HDHPC,6,26,100.0,197.1,19710.0,2025-07-07
2025070704021659,HDHPC,21,26,71.0,197.1,13994.1,2025-07-07
2025070704021658,BARUN,41,56,50.0,425.0,21250.0,2025-07-07
2025070701019971,BHL,51,33,100.0,210.8,21080.0,2025-07-07
2025070701019970,BEDC,84,42,500.0,714.2,357100.0,2025-07-07
2025070704021657,NGPL,58,42,48.0,377.0,18096.0,2025-07-07
2025070704021656,NGPL,16,42,252.0,377.0,95004.0,2025-07-07
2025070704021655,SHL,49,45,100.0,564.1,56410.0,2025-07-07
2025070704021654,JOSHI,14,45,48.0,324.2,15561.6,2025-07-07
2025070704021653,JOSHI,41,45,10.0,324.2,3242.0,2025-07-07
2025070705012828,MEL,43,45,92.0,310.0,28520.0,2025-07-07
2025070705012827,MEL,49,45,58.0,310.0,17980.0,2025-07-07
2025070701019969,NICA,40,95,100.0,347.9,34790.0,2025-07-07
2025070703015895,SWMF,10,49,96.0,713.0,68448.0,2025-07-07
2025070703015894,WNLB,46,34,90.0,2112.0,190080.0,2025-07-07
2025070703015893,WNLB,46,17,10.0,2110.0,21100.0,2025-07-07
2025070704021652,UMRH,25,53,20.0,575.3,11506.0,2025-07-07
2025070704021651,UMRH,89,53,480.0,575.4,276192.0,2025-07-07
2025070701019968,NABIL,64,53,170.0,497.0,84490.0,2025-07-07
2025070704021650,NGPL,18,35,1000.0,377.2,377200.0,2025-07-07
2025070705012826,NRM,36,34,45.0,459.0,20655.0,2025-07-07
2025070705012825,HIDCL,36,34,563.0,291.1,163889.3,2025-07-07
2025070705012824,HIDCL,50,34,937.0,291.1,272760.7,2025-07-07
2025070705012823,HIDCL,48,34,1500.0,291.2,436800.0,2025-07-07
2025070701019967,MKJC,41,63,500.0,520.7,260350.0,2025-07-07
2025070701019966,PURE,6,54,10.0,892.0,8920.0,2025-07-07
2025070701019965,SBL,5,33,50.0,342.0,17100.0,2025-07-07
2025070701019964,BHDC,5,22,300.0,492.0,147600.0,2025-07-07
2025070703015892,SINDU,28,26,400.0,883.0,353200.0,2025-07-07
2025070703015891,NLIC,22,42,60.0,767.2,46032.0,2025-07-07
2025070704021649,MHNL,56,44,100.0,270.0,27000.0,2025-07-07
2025070704021648,MHNL,62,44,100.0,270.0,27000.0,2025-07-07
2025070704021647,MHNL,45,44,250.0,270.1,67525.0,2025-07-07
2025070704021646,MHNL,45,44,200.0,271.0,54200.0,2025-07-07
2025070704021645,MHNL,53,44,500.0,272.0,136000.0,2025-07-07
2025070701019963,SPC,53,13,100.0,511.0,51100.0,2025-07-07
2025070703015890,NFS,58,41,10.0,722.0,7220.0,2025-07-07
2025070704021644,HURJA,19,42,50.0,250.0,12500.0,2025-07-07
2025070701019962,CZBIL,19,21,450.0,211.9,95355.0,2025-07-07
2025070701019961,MHL,35,49,10.0,575.0,5750.0,2025-07-07
2025070704021643,IGI,32,7,10.0,549.0,5490.0,2025-07-07
2025070703015889,HLI,44,56,888.0,401.2,356265.6,2025-07-07
2025070701019960,BEDC,84,49,100.0,714.2,71420.0,2025-07-07
2025070704021642,SHEL,49,17,1000.0,282.0,282000.0,2025-07-07
2025070704021641,UPCL,16,48,200.0,385.3,77060.0,2025-07-07
2025070703015888,NFS,57,41,100.0,722.0,72200.0,2025-07-07
2025070704021640,BARUN,8,56,1000.0,425.0,425000.0,2025-07-07
2025070703015887,SIFC,99,26,11.0,525.0,5775.0,2025-07-07
2025070703015886,SIFC,41,26,89.0,525.0,46725.0,2025-07-07
2025070703015885,MFIL,36,13,100.0,601.1,60110.0,2025-07-07
2025070704021639,SHPC,1,58,424.0,581.0,246344.0,2025-07-07
2025070704021638,SHPC,32,58,76.0,581.1,44163.6,2025-07-07
2025070704021637,SHEL,49,46,15.0,282.0,4230.0,2025-07-07
2025070703015884,NFS,14,41,10.0,722.0,7220.0,2025-07-07
2025070704021636,CGH,53,63,10.0,949.0,9490.0,2025-07-07
2025070701019959,PRVU,33,34,27.0,208.1,5618.7,2025-07-07
2025070701019958,IHL,32,38,11.0,561.0,6171.0,2025-07-07
2025070704021635,SHEL,49,94,10.0,282.0,2820.0,2025-07-07
2025070704021634,UMHL,76,54,30.0,566.9,17007.0,2025-07-07
2025070705012822,NRN,58,58,25.0,2210.0,55250.0,2025-07-07
2025070704021633,SHPC,32,48,50.0,581.1,29055.0,2025-07-07
2025070704021632,GLH,38,69,100.0,262.5,26250.0,2025-07-07
2025070704021631,UPCL,57,38,10.0,386.0,3860.0,2025-07-07
2025070703015883,NFS,42,51,290.0,721.0,209090.0,2025-07-07
2025070703015882,NFS,42,51,10.0,721.1,7211.0,2025-07-07
2025070703015881,NFS,21,51,30.0,721.1,21633.0,2025-07-07
2025070703015880,NFS,45,51,50.0,721.1,36055.0,2025-07-07
2025070703015879,NFS,34,51,120.0,721.1,86532.0,2025-07-07
2025070704021630,GHL,48,47,2000.0,248.0,496000.0,2025-07-07
2025070704021629,API,22,34,20.0,292.0,5840.0,2025-07-07
2025070704021628,SGIC,36,42,10.0,561.0,5610.0,2025-07-07
2025070701019957,SRLI,14,34,1244.0,402.0,500088.0,2025-07-07
2025070701019956,SRLI,38,34,100.0,402.0,40200.0,2025-07-07
2025070701019955,SRLI,14,34,300.0,402.0,120600.0,2025-07-07
2025070701019954,SRLI,25,34,25.0,402.0,10050.0,2025-07-07
2025070701019953,SRLI,35,34,500.0,402.1,201050.0,2025-07-07
2025070701019952,SRLI,13,34,80.0,402.1,32168.0,2025-07-07
2025070701019951,SRLI,44,34,288.0,402.2,115833.6,2025-07-07
2025070701019950,SRLI,44,34,300.0,402.3,120690.0,2025-07-07
2025070701019949,SRLI,34,34,163.0,402.5,65607.5,2025-07-07
2025070703015878,FMDBL,32,58,202.0,757.9,153095.8,2025-07-07
2025070703015877,FMDBL,32,34,500.0,757.0,378500.0,2025-07-07
2025070703015876,FMDBL,32,28,100.0,756.5,75650.0,2025-07-07
2025070703015875,FMDBL,32,34,100.0,756.0,75600.0,2025-07-07
2025070703015874,FMDBL,32,17,50.0,755.0,37750.0,2025-07-07
2025070703015873,FMDBL,32,4,25.0,755.0,18875.0,2025-07-07
2025070703015872,FMDBL,32,52,483.0,754.0,364182.0,2025-07-07
2025070703015871,FMDBL,32,48,25.0,752.0,18800.0,2025-07-07
2025070703015870,FMDBL,32,56,500.0,752.0,376000.0,2025-07-07
2025070703015869,FMDBL,32,22,15.0,752.0,11280.0,2025-07-07
2025070701019948,MANDU,32,32,10.0,880.9,8809.0,2025-07-07
2025070701019947,MANDU,32,50,10.0,880.5,8805.0,2025-07-07
2025070705012821,NRIC,55,36,500.0,1322.3,661150.0,2025-07-07
2025070703015868,PMLI,58,6,100.0,524.0,52400.0,2025-07-07
2025070701019946,GVL,66,14,189.0,457.2,86410.8,2025-07-07
2025070701019945,GVL,45,14,11.0,457.2,5029.2,2025-07-07
2025070701019944,ADBL,29,38,11.0,296.3,3259.3,2025-07-07
2025070705012820,NRIC,55,74,3407.0,1322.3,4505076.1,2025-07-07
2025070704021627,SSHL,42,43,20.0,250.0,5000.0,2025-07-07
2025070701019943,CREST,46,1,34.0,1403.0,47702.0,2025-07-07
2025070704021626,CGH,14,87,10.0,948.0,9480.0,2025-07-07
2025070704021625,CGH,14,87,10.0,948.0,9480.0,2025-07-07
2025070704021624,CGH,14,87,10.0,948.0,9480.0,2025-07-07
2025070704021623,CGH,14,87,10.0,948.0,9480.0,2025-07-07
2025070704021622,CGH,53,87,10.0,948.0,9480.0,2025-07-07
2025070704021621,CGH,14,87,20.0,948.0,18960.0,2025-07-07
2025070704021620,CGH,35,87,80.0,948.0,75840.0,2025-07-07
2025070704021619,CGH,51,87,50.0,948.1,47405.0,2025-07-07
2025070703015867,ALICL,49,41,300.0,500.0,150000.0,2025-07-07
2025070701019942,NICA,42,34,10.0,347.0,3470.0,2025-07-07
2025070701019941,NICA,4,34,10.0,347.0,3470.0,2025-07-07
2025070701019940,NICA,17,34,600.0,347.0,208200.0,2025-07-07
2025070701019939,NICA,4,34,200.0,347.0,69400.0,2025-07-07
2025070701019938,NICA,6,34,30.0,347.0,10410.0,2025-07-07
2025070701019937,NICA,59,34,50.0,347.0,17350.0,2025-07-07
2025070701019936,NICA,5,34,100.0,347.0,34700.0,2025-07-07
2025070701019935,NICA,42,34,30.0,347.0,10410.0,2025-07-07
2025070701019934,NICA,44,34,100.0,347.0,34700.0,2025-07-07
2025070701019933,NICA,53,34,147.0,347.0,51009.0,2025-07-07
2025070701019932,NICA,14,34,100.0,347.1,34710.0,2025-07-07
2025070701019931,NICA,45,34,30.0,347.1,10413.0,2025-07-07
2025070701019930,NICA,40,34,250.0,347.1,86775.0,2025-07-07
2025070701019929,NICA,64,34,442.0,347.1,153418.2,2025-07-07
2025070701019928,NICA,45,34,100.0,347.5,34750.0,2025-07-07
2025070701019927,NICA,38,34,40.0,347.5,13900.0,2025-07-07
2025070701019926,NICA,58,34,20.0,347.6,6952.0,2025-07-07
2025070701019925,NICA,11,34,18.0,347.6,6256.8,2025-07-07
2025070701019924,LSL,17,22,494.0,219.0,108186.0,2025-07-07
2025070704021618,RADHI,41,22,20.0,771.0,15420.0,2025-07-07
2025070704021617,SSHL,42,22,230.0,250.0,57500.0,2025-07-07
2025070704021616,SSHL,57,22,50.0,250.0,12500.0,2025-07-07
2025070704021615,SSHL,34,22,300.0,250.0,75000.0,2025-07-07
2025070704021614,SSHL,26,22,170.0,250.0,42500.0,2025-07-07
2025070704021613,SPDL,11,1,50.0,396.0,19800.0,2025-07-07
2025070703015866,GBBL,34,49,142.0,402.0,57084.0,2025-07-07
2025070704021612,OHL,45,55,800.0,879.0,703200.0,2025-07-07
2025070704021611,OHL,95,55,200.0,879.0,175800.0,2025-07-07
2025070704021610,SHEL,21,55,768.0,281.8,216422.4,2025-07-07
2025070704021609,SHEL,58,55,30.0,282.0,8460.0,2025-07-07
2025070704021608,SHEL,56,55,180.0,282.0,50760.0,2025-07-07
2025070704021607,SHEL,33,55,822.0,282.0,231804.0,2025-07-07
2025070704021606,SHEL,25,55,200.0,282.1,56420.0,2025-07-07
2025070704021605,NIL,34,29,12.0,706.0,8472.0,2025-07-07
2025070705012819,NRN,6,70,62.0,2209.0,136958.0,2025-07-07
2025070705012818,NRN,66,70,57.0,2210.0,125970.0,2025-07-07
2025070705012817,NRN,45,70,31.0,2210.0,68510.0,2025-07-07
2025070703015865,CBBL,34,14,100.0,951.7,95170.0,2025-07-07
2025070701019923,NBL,65,21,520.0,262.1,136292.0,2025-07-07
2025070701019922,SPC,3,62,500.0,511.5,255750.0,2025-07-07
2025070701019921,MKJC,38,6,50.0,521.0,26050.0,2025-07-07
2025070703015864,RLFL,51,46,292.0,486.0,141912.0,2025-07-07
2025070703015863,ILBS,39,5,106.0,844.0,89464.0,2025-07-07
2025070703015862,ILBS,18,5,50.0,844.0,42200.0,2025-07-07
2025070703015861,ILBS,42,5,344.0,844.0,290336.0,2025-07-07
2025070701019920,TPC,42,38,10.0,396.0,3960.0,2025-07-07
2025070703015860,SINDU,38,48,10.0,885.0,8850.0,2025-07-07
2025070703015859,SINDU,38,11,40.0,884.9,35396.0,2025-07-07
2025070703015858,SAPDBL,14,16,420.0,1090.0,457800.0,2025-07-07
2025070705012816,SMATA,48,48,10.0,810.1,8101.0,2025-07-07
2025070701019919,ULBSL,38,28,2000.0,3386.1,6772200.0,2025-07-07
2025070701019918,NMB,43,50,89.0,248.5,22116.5,2025-07-07
2025070701019917,NMB,34,50,100.0,248.5,24850.0,2025-07-07
2025070701019916,NMB,42,50,100.0,248.5,24850.0,2025-07-07
2025070701019915,NMB,71,50,479.0,248.6,119079.4,2025-07-07
2025070704021604,AKJCL,55,50,302.0,206.6,62393.2,2025-07-07
2025070703015857,NFS,41,41,10.0,722.0,7220.0,2025-07-07
2025070705012815,HDL,42,38,20.0,1216.0,24320.0,2025-07-07
2025070701019914,MAKAR,36,34,16.0,615.0,9840.0,2025-07-07
2025070701019913,MAKAR,36,52,50.0,612.0,30600.0,2025-07-07
2025070701019912,MAKAR,36,58,10.0,612.0,6120.0,2025-07-07
2025070701019911,MAKAR,36,58,10.0,610.9,6109.0,2025-07-07
2025070701019910,MAKAR,36,8,100.0,609.9,60990.0,2025-07-07
2025070701019909,MAKAR,36,51,40.0,609.5,24380.0,2025-07-07
2025070704021603,NGPL,16,14,550.0,377.0,207350.0,2025-07-07
2025070704021602,BPCL,40,52,10.0,773.0,7730.0,2025-07-07
2025070701019908,HBL,45,42,25.0,220.7,5517.5,2025-07-07
2025070704021601,PPCL,45,64,36.0,372.9,13424.4,2025-07-07
2025070701019907,RHGCL,58,98,800.0,387.9,310320.0,2025-07-07
2025070701019906,RHGCL,58,32,2748.0,387.9,1065949.2,2025-07-07
2025070704021600,AKPL,49,58,50.0,254.0,12700.0,2025-07-07
2025070704021599,NGPL,16,58,175.0,377.0,65975.0,2025-07-07
2025070704021598,NGPL,16,16,23.0,377.0,8671.0,2025-07-07
2025070704021597,RHPL,58,17,307.0,369.1,113313.7,2025-07-07
2025070704021596,SSHL,48,57,110.0,250.2,27522.0,2025-07-07
2025070703015856,SFCL,6,62,105.0,507.2,53256.0,2025-07-07
2025070704021595,UPCL,3,38,50.0,386.0,19300.0,2025-07-07
2025070701019905,GMLI,42,57,10.0,2353.0,23530.0,2025-07-07
2025070701019904,GMLI,81,57,100.0,2353.0,235300.0,2025-07-07
2025070701019903,GMLI,58,57,80.0,2353.0,188240.0,2025-07-07
2025070705012814,NRIC,55,57,50.0,1322.3,66115.0,2025-07-07
2025070704021594,BARUN,57,56,20.0,425.0,8500.0,2025-07-07
2025070703015855,SADBL,33,57,316.0,407.4,128738.4,2025-07-07
2025070701019902,BNT,45,61,20.0,12400.0,248000.0,2025-07-07
2025070703015854,SJLIC,47,42,422.0,440.0,185680.0,2025-07-07
2025070701019901,SARBTM,53,35,100.0,857.0,85700.0,2025-07-07
2025070704021593,SHEL,33,40,1000.0,282.0,282000.0,2025-07-07
2025070704021592,BARUN,99,56,11.0,425.0,4675.0,2025-07-07
2025070703015853,CBBL,34,1,200.0,952.0,190400.0,2025-07-07
2025070704021591,BARUN,45,56,100.0,425.0,42500.0,2025-07-07
2025070704021590,UNHPL,49,45,140.0,417.5,58450.0,2025-07-07
2025070704021589,UNHPL,60,45,200.0,417.6,83520.0,2025-07-07
2025070704021588,UNHPL,57,45,500.0,418.0,209000.0,2025-07-07
2025070704021587,UNHPL,32,45,50.0,418.0,20900.0,2025-07-07
2025070704021586,UNHPL,71,45,50.0,418.0,20900.0,2025-07-07
2025070704021585,UNHPL,42,45,50.0,419.0,20950.0,2025-07-07
2025070704021584,UNHPL,33,45,10.0,419.0,4190.0,2025-07-07
2025070701019900,CREST,46,22,10.0,1403.0,14030.0,2025-07-07
2025070701019899,ULBSL,38,63,25.0,3386.1,84652.5,2025-07-07
2025070704021583,RADHI,52,56,129.0,770.1,99342.9,2025-07-07
2025070704021582,RADHI,41,56,141.0,771.0,108711.0,2025-07-07
2025070704021581,RADHI,11,56,30.0,771.0,23130.0,2025-07-07
2025070704021580,HURJA,25,42,86.0,250.0,21500.0,2025-07-07
2025070704021579,HURJA,25,57,500.0,250.0,125000.0,2025-07-07
2025070704021578,HURJA,25,26,284.0,250.0,71000.0,2025-07-07
2025070705012813,NIBSF2,16,43,2000.0,8.72,17440.0,2025-07-07
2025070705012812,NIBSF2,33,43,5000.0,8.73,43650.0,2025-07-07
2025070705012811,NIBSF2,51,43,100.0,8.74,874.0,2025-07-07
2025070704021577,HDHPC,16,75,210.0,197.2,41412.0,2025-07-07
2025070704021576,GHL,48,36,880.0,248.0,218240.0,2025-07-07
2025070704021575,SHEL,61,59,88.0,282.5,24860.0,2025-07-07
2025070704021574,SHEL,61,33,112.0,282.5,31640.0,2025-07-07
2025070703015852,GRDBL,33,56,50.0,1330.0,66500.0,2025-07-07
2025070703015851,GFCL,34,13,33.0,640.0,21120.0,2025-07-07
2025070703015850,GFCL,34,13,44.0,640.0,28160.0,2025-07-07
2025070703015849,GFCL,65,13,755.0,640.0,483200.0,2025-07-07
2025070703015848,GFCL,35,13,168.0,640.5,107604.0,2025-07-07
2025070705012810,NTC,42,51,112.0,849.7,95166.4,2025-07-07
2025070701019898,NABIL,64,58,130.0,497.0,64610.0,2025-07-07
2025070704021573,SALICO,1,34,362.0,710.0,257020.0,2025-07-07
2025070704021572,SALICO,45,34,10.0,710.0,7100.0,2025-07-07
2025070704021571,SALICO,5,34,50.0,710.0,35500.0,2025-07-07
2025070704021570,HEI,26,4,100.0,596.8,59680.0,2025-07-07
2025070705012809,HRL,17,36,500.0,933.1,466550.0,2025-07-07
2025070701019897,BHL,6,87,100.0,210.8,21080.0,2025-07-07
2025070703015847,NMLBBL,56,29,131.0,660.0,86460.0,2025-07-07
2025070703015846,NMLBBL,57,29,175.0,660.0,115500.0,2025-07-07
2025070703015845,NMLBBL,62,29,380.0,660.0,250800.0,2025-07-07
2025070703015844,NMLBBL,4,29,11.0,660.1,7261.1,2025-07-07
2025070703015843,NMLBBL,54,29,200.0,660.1,132020.0,2025-07-07
2025070703015842,NMLBBL,39,29,80.0,660.1,52808.0,2025-07-07
2025070703015841,NMLBBL,47,29,23.0,660.2,15184.6,2025-07-07
2025070705012808,CLI,44,58,20.0,473.0,9460.0,2025-07-07
2025070701019896,GBIME,4,57,10.0,239.0,2390.0,2025-07-07
2025070701019895,NYADI,42,22,11.0,468.0,5148.0,2025-07-07
2025070701019894,BEDC,84,42,500.0,714.2,357100.0,2025-07-07
2025070704021569,AKJCL,18,48,50.0,206.8,10340.0,2025-07-07
2025070701019893,MANDU,41,45,110.0,872.1,95931.0,2025-07-07
2025070705012807,HATHY,11,49,10.0,1210.0,12100.0,2025-07-07
2025070704021568,UPCL,49,38,500.0,386.0,193000.0,2025-07-07
2025070704021567,SHPC,32,49,374.0,581.1,217331.4,2025-07-07
2025070704021566,SHPC,57,49,20.0,581.5,11630.0,2025-07-07
2025070704021565,SHPC,40,49,50.0,581.6,29080.0,2025-07-07
2025070704021564,SHPC,16,49,11.0,581.6,6397.6,2025-07-07
2025070704021563,SHPC,16,49,365.0,582.0,212430.0,2025-07-07
2025070704021562,BPCL,38,56,52.0,772.0,40144.0,2025-07-07
2025070704021561,BPCL,85,56,200.0,772.0,154400.0,2025-07-07
2025070704021560,BPCL,59,56,2000.0,772.0,1544000.0,2025-07-07
2025070704021559,BPCL,62,56,783.0,772.0,604476.0,2025-07-07
2025070704021558,BPCL,56,56,965.0,772.1,745076.5,2025-07-07
2025070704021557,SHPC,16,33,135.0,582.0,78570.0,2025-07-07
2025070703015840,NFS,87,41,200.0,722.0,144400.0,2025-07-07
2025070703015839,HLI,44,62,10.0,401.2,4012.0,2025-07-07
2025070705012806,SMJC,48,38,10.0,518.0,5180.0,2025-07-07
2025070705012805,SMJC,48,42,54.0,518.0,27972.0,2025-07-07
2025070703015838,SINDU,28,33,470.0,883.0,415010.0,2025-07-07
2025070703015837,SFCL,57,45,60.0,508.0,30480.0,2025-07-07
2025070705012804,SHIVM,16,50,172.0,510.1,87737.2,2025-07-07
2025070705012803,SHIVM,16,50,213.0,510.2,108672.6,2025-07-07
2025070705012802,SHIVM,48,50,615.0,510.5,313957.5,2025-07-07
2025070703015836,SAPDBL,59,35,69.0,1094.0,75486.0,2025-07-07
2025070703015835,SAPDBL,59,45,131.0,1094.0,143314.0,2025-07-07
2025070703015834,NFS,48,36,75.0,721.1,54082.5,2025-07-07
2025070703015833,SINDU,42,33,10.0,883.0,8830.0,2025-07-07
2025070704021556,PPCL,32,64,12.0,372.9,4474.8,2025-07-07
2025070701019892,IHL,32,49,10.0,560.0,5600.0,2025-07-07
2025070703015832,GBBL,34,41,10.0,402.0,4020.0,2025-07-07
2025070701019891,DORDI,22,7,506.0,313.0,158378.0,2025-07-07
2025070701019890,DORDI,22,45,144.0,313.0,45072.0,2025-07-07
2025070701019889,DORDI,22,91,60.0,312.0,18720.0,2025-07-07
2025070701019888,DORDI,22,3,40.0,311.0,12440.0,2025-07-07
2025070701019887,BHDC,47,22,100.0,492.0,49200.0,2025-07-07
2025070704021555,RADHI,11,74,50.0,771.0,38550.0,2025-07-07
2025070704021554,UPPER,10,1,100.0,195.9,19590.0,2025-07-07
2025070701019886,PURE,39,1,10.0,893.0,8930.0,2025-07-07
2025070701019885,DOLTI,1,10,100.0,559.0,55900.0,2025-07-07
2025070703015831,SLBSL,37,45,10.0,1450.0,14500.0,2025-07-07
2025070704021553,RADHI,58,74,100.0,771.0,77100.0,2025-07-07
2025070704021552,BPCL,66,52,250.0,773.0,193250.0,2025-07-07
2025070701019884,SMHL,6,65,90.0,990.0,89100.0,2025-07-07
2025070701019883,SMHL,6,65,10.0,989.0,9890.0,2025-07-07
2025070704021551,SPIL,34,50,10.0,815.0,8150.0,2025-07-07
2025070704021550,KKHC,32,58,100.0,434.0,43400.0,2025-07-07
2025070701019882,EBL,14,44,50.0,656.0,32800.0,2025-07-07
2025070703015830,SIFC,41,25,91.0,525.0,47775.0,2025-07-07
2025070704021549,BARUN,22,56,1000.0,425.0,425000.0,2025-07-07
2025070704021548,BARUN,39,56,10.0,425.0,4250.0,2025-07-07
2025070704021547,BARUN,17,56,10.0,425.0,4250.0,2025-07-07
2025070704021546,BARUN,17,56,10.0,425.0,4250.0,2025-07-07
2025070704021545,BARUN,4,56,50.0,425.0,21250.0,2025-07-07
2025070704021544,BARUN,6,56,50.0,425.0,21250.0,2025-07-07
2025070704021543,BARUN,53,56,200.0,425.0,85000.0,2025-07-07
2025070704021542,BARUN,4,56,115.0,425.0,48875.0,2025-07-07
2025070704021541,BARUN,8,56,2208.0,425.0,938400.0,2025-07-07
2025070704021540,BARUN,38,56,10.0,427.0,4270.0,2025-07-07
2025070703015829,MLBL,56,13,100.0,384.0,38400.0,2025-07-07
2025070704021539,KPCL,58,56,64.0,537.5,34400.0,2025-07-07
2025070704021538,KPCL,29,56,436.0,537.6,234393.6,2025-07-07
2025070704021537,SHL,44,55,100.0,564.0,56400.0,2025-07-07
2025070704021536,SHL,57,55,200.0,564.0,112800.0,2025-07-07
2025070704021535,SHL,41,55,200.0,564.1,112820.0,2025-07-07
2025070703015828,LICN,16,45,80.0,884.5,70760.0,2025-07-07
2025070704021534,SICL,13,17,108.0,758.0,81864.0,2025-07-07
2025070703015827,NLIC,22,7,10.0,767.2,7672.0,2025-07-07
2025070704021533,API,100,26,36.0,291.4,10490.4,2025-07-07
2025070704021532,API,34,26,300.0,291.7,87510.0,2025-07-07
2025070705012801,NIFRA,57,42,40.0,275.4,11016.0,2025-07-07
2025070703015826,SIFC,57,13,96.0,525.1,50409.6,2025-07-07
2025070705012800,HDL,66,4,21.0,1215.1,25517.1,2025-07-07
2025070705012799,HDL,38,4,10.0,1215.2,12152.0,2025-07-07
2025070705012798,HDL,38,4,10.0,1215.5,12155.0,2025-07-07
2025070705012797,HDL,17,4,60.0,1215.5,72930.0,2025-07-07
2025070705012796,HDL,43,4,50.0,1215.6,60780.0,2025-07-07
2025070705012795,HDL,45,4,20.0,1215.6,24312.0,2025-07-07
2025070705012794,HDL,45,4,20.0,1215.6,24312.0,2025-07-07
2025070705012793,HDL,45,4,10.0,1215.6,12156.0,2025-07-07
2025070705012792,HDL,49,4,99.0,1215.6,120344.4,2025-07-07
2025070704021531,SHPC,33,33,140.0,582.0,81480.0,2025-07-07
2025070704021530,SHPC,33,26,60.0,582.0,34920.0,2025-07-07
2025070703015825,NMLBBL,11,33,20.0,660.2,13204.0,2025-07-07
2025070701019881,ADBL,33,47,50.0,296.6,14830.0,2025-07-07
2025070705012791,HDL,49,52,15.0,1215.6,18234.0,2025-07-07
2025070704021529,UPCL,66,38,80.0,386.0,30880.0,2025-07-07
2025070704021528,UPCL,66,38,20.0,386.0,7720.0,2025-07-07
2025070705012790,HIDCL,50,6,63.0,291.1,18339.3,2025-07-07
2025070705012789,HIDCL,36,6,108.0,291.1,31438.8,2025-07-07
2025070701019880,LSL,17,14,111.0,219.0,24309.0,2025-07-07
2025070703015824,NLIC,22,34,14.0,767.2,10740.8,2025-07-07
2025070703015823,NFS,49,41,30.0,722.0,21660.0,2025-07-07
2025070704021527,BPCL,56,22,35.0,772.1,27023.5,2025-07-07
2025070703015822,NFS,49,49,50.0,722.0,36100.0,2025-07-07
2025070704021526,AKPL,56,58,300.0,254.0,76200.0,2025-07-07
2025070703015821,SADBL,33,16,88.0,407.4,35851.2,2025-07-07
2025070703015820,SADBL,4,16,100.0,407.4,40740.0,2025-07-07
2025070703015819,SADBL,33,16,312.0,407.4,127108.8,2025-07-07
2025070703015818,WNLB,91,17,30.0,2110.0,63300.0,2025-07-07
2025070703015817,WNLB,10,17,10.0,2110.5,21105.0,2025-07-07
2025070703015816,CBBL,34,1,22.0,951.7,20937.4,2025-07-07
2025070703015815,PMLI,26,21,12.0,523.0,6276.0,2025-07-07
2025070705012788,GIBF1,14,10,100.0,10.7,1070.0,2025-07-07
2025070703015814,GRDBL,82,72,1000.0,1324.0,1324000.0,2025-07-07
2025070703015813,GRDBL,63,72,50.0,1324.0,66200.0,2025-07-07
2025070703015812,GRDBL,72,72,200.0,1324.0,264800.0,2025-07-07
2025070703015811,GRDBL,54,72,66.0,1324.0,87384.0,2025-07-07
2025070703015810,GRDBL,83,72,1000.0,1324.0,1324000.0,2025-07-07
2025070703015809,GRDBL,83,72,1000.0,1324.0,1324000.0,2025-07-07
2025070703015808,GRDBL,42,72,50.0,1324.0,66200.0,2025-07-07
2025070703015807,GRDBL,56,72,200.0,1324.0,264800.0,2025-07-07
2025070703015806,GRDBL,22,72,10.0,1324.0,13240.0,2025-07-07
2025070703015805,GRDBL,7,72,50.0,1324.0,66200.0,2025-07-07
2025070703015804,GRDBL,95,72,500.0,1324.0,662000.0,2025-07-07
2025070703015803,GRDBL,85,72,500.0,1324.0,662000.0,2025-07-07
2025070703015802,GRDBL,85,72,500.0,1324.0,662000.0,2025-07-07
2025070703015801,GRDBL,45,72,50.0,1324.0,66200.0,2025-07-07
2025070703015800,GRDBL,59,72,17.0,1324.0,22508.0,2025-07-07
2025070703015799,GRDBL,91,72,1000.0,1324.0,1324000.0,2025-07-07
2025070703015798,GRDBL,6,72,15.0,1324.0,19860.0,2025-07-07
2025070703015797,GRDBL,62,72,20.0,1324.0,26480.0,2025-07-07
2025070703015796,GRDBL,43,72,50.0,1324.0,66200.0,2025-07-07
2025070703015795,GRDBL,13,72,100.0,1324.0,132400.0,2025-07-07
2025070703015794,GRDBL,80,72,300.0,1324.0,397200.0,2025-07-07
2025070703015793,GRDBL,95,72,500.0,1324.0,662000.0,2025-07-07
2025070703015792,GRDBL,26,72,20.0,1324.0,26480.0,2025-07-07
2025070703015791,GRDBL,3,72,50.0,1324.0,66200.0,2025-07-07
2025070703015790,GRDBL,41,72,1000.0,1324.0,1324000.0,2025-07-07
2025070703015789,GRDBL,71,72,100.0,1324.0,132400.0,2025-07-07
2025070703015788,GRDBL,57,72,50.0,1324.0,66200.0,2025-07-07
2025070703015787,GRDBL,71,72,200.0,1324.0,264800.0,2025-07-07
2025070703015786,GRDBL,10,72,50.0,1324.1,66205.0,2025-07-07
2025070703015785,GRDBL,74,72,100.0,1324.1,132410.0,2025-07-07
2025070703015784,GRDBL,13,72,100.0,1324.2,132420.0,2025-07-07
2025070703015783,GRDBL,13,72,100.0,1324.4,132440.0,2025-07-07
2025070703015782,GRDBL,66,72,300.0,1325.0,397500.0,2025-07-07
2025070703015781,GRDBL,57,72,50.0,1325.0,66250.0,2025-07-07
2025070703015780,GRDBL,43,72,1000.0,1325.0,1325000.0,2025-07-07
2025070703015779,GRDBL,1,72,30.0,1325.0,39750.0,2025-07-07
2025070703015778,GRDBL,101,72,50.0,1325.2,66260.0,2025-07-07
2025070703015777,GRDBL,42,72,20.0,1326.0,26520.0,2025-07-07
2025070703015776,GRDBL,6,72,500.0,1326.1,663050.0,2025-07-07
2025070703015775,GRDBL,13,72,100.0,1326.3,132630.0,2025-07-07
2025070703015774,GRDBL,6,72,500.0,1327.0,663500.0,2025-07-07
2025070703015773,GRDBL,4,72,20.0,1327.0,26540.0,2025-07-07
2025070703015772,GRDBL,42,72,50.0,1327.0,66350.0,2025-07-07
2025070703015771,GRDBL,42,72,200.0,1327.0,265400.0,2025-07-07
2025070703015770,GRDBL,60,72,200.0,1327.1,265420.0,2025-07-07
2025070703015769,GRDBL,50,72,100.0,1328.0,132800.0,2025-07-07
2025070703015768,GRDBL,7,72,10.0,1328.0,13280.0,2025-07-07
2025070703015767,GRDBL,72,72,100.0,1328.0,132800.0,2025-07-07
2025070703015766,GRDBL,13,72,100.0,1328.0,132800.0,2025-07-07
2025070703015765,GRDBL,41,72,1000.0,1328.1,1328100.0,2025-07-07
2025070703015764,GRDBL,13,72,100.0,1328.2,132820.0,2025-07-07
2025070703015763,GRDBL,48,72,10.0,1328.5,13285.0,2025-07-07
2025070703015762,GRDBL,3,72,50.0,1330.0,66500.0,2025-07-07
2025070703015761,GRDBL,58,72,100.0,1330.0,133000.0,2025-07-07
2025070703015760,GRDBL,65,72,134.0,1330.0,178220.0,2025-07-07
2025070704021525,HDHPC,21,50,700.0,197.1,137970.0,2025-07-07
2025070704021524,NLG,4,38,30.0,830.0,24900.0,2025-07-07
2025070704021523,NLG,4,13,101.0,830.0,83830.0,2025-07-07
2025070704021522,NLG,4,41,91.0,830.0,75530.0,2025-07-07
2025070704021521,NLG,4,34,74.0,830.0,61420.0,2025-07-07
2025070704021520,UNHPL,33,13,50.0,419.0,20950.0,2025-07-07
2025070701019879,GMLI,58,58,10.0,2353.0,23530.0,2025-07-07
2025070701019878,BGWT,14,35,30.0,979.0,29370.0,2025-07-07
2025070704021519,NHPC,41,39,131.0,211.9,27758.9,2025-07-07
2025070701019877,GVL,45,34,89.0,457.2,40690.8,2025-07-07
2025070701019876,GVL,42,34,300.0,457.3,137190.0,2025-07-07
2025070701019875,GVL,45,34,30.0,457.5,13725.0,2025-07-07
2025070701019874,GVL,86,34,31.0,457.6,14185.6,2025-07-07
2025070705012787,RNLI,44,49,525.0,474.7,249217.5,2025-07-07
2025070704021518,NGPL,39,35,100.0,377.2,37720.0,2025-07-07
2025070701019873,SRLI,43,34,50.0,403.0,20150.0,2025-07-07
2025070704021517,NGPL,34,62,322.0,376.7,121297.4,2025-07-07
2025070704021516,NGPL,14,62,178.0,377.0,67106.0,2025-07-07
2025070701019872,SIGS3,49,1,100.0,10.26,1026.0,2025-07-07
2025070704021515,GLH,88,29,235.0,262.0,61570.0,2025-07-07
2025070704021514,GLH,57,29,15.0,262.0,3930.0,2025-07-07
2025070704021513,GLH,34,29,200.0,262.0,52400.0,2025-07-07
2025070704021512,GLH,38,29,50.0,262.5,13125.0,2025-07-07
2025070703015759,SKBBL,21,17,10.0,806.0,8060.0,2025-07-07
2025070703015758,SKBBL,21,78,490.0,805.9,394891.0,2025-07-07
2025070704021511,AKPL,57,58,18.0,254.0,4572.0,2025-07-07
2025070701019871,PCBL,74,36,260.0,256.4,66664.0,2025-07-07
2025070703015757,SINDU,66,33,20.0,883.0,17660.0,2025-07-07
2025070705012786,CHDC,7,19,186.0,2591.1,481944.6,2025-07-07
2025070705012785,CHDC,66,19,50.0,2591.2,129560.0,2025-07-07
2025070705012784,CHDC,39,19,35.0,2591.2,90692.0,2025-07-07
2025070705012783,CHDC,41,19,20.0,2592.0,51840.0,2025-07-07
2025070705012782,CHDC,81,19,200.0,2592.1,518420.0,2025-07-07
2025070705012781,CHDC,28,19,100.0,2592.3,259230.0,2025-07-07
2025070705012780,CHDC,100,19,100.0,2592.7,259270.0,2025-07-07
2025070705012779,CHDC,55,19,200.0,2593.0,518600.0,2025-07-07
2025070705012778,CHDC,55,19,196.0,2593.0,508228.0,2025-07-07
2025070705012777,CHDC,57,19,50.0,2593.0,129650.0,2025-07-07
2025070705012776,CHDC,7,19,300.0,2593.0,777900.0,2025-07-07
2025070705012775,CHDC,7,19,10.0,2593.1,25931.0,2025-07-07
2025070705012774,CHDC,49,19,50.0,2594.0,129700.0,2025-07-07
2025070705012773,CHDC,55,19,33.0,2594.0,85602.0,2025-07-07
2025070705012772,CHDC,60,19,20.0,2594.1,51882.0,2025-07-07
2025070705012771,CHDC,17,19,300.0,2595.0,778500.0,2025-07-07
2025070705012770,CHDC,71,19,110.0,2596.5,285615.0,2025-07-07
2025070705012769,CHDC,1,19,40.0,2597.0,103880.0,2025-07-07
2025070705012768,HIDCL,42,58,76.0,291.7,22169.2,2025-07-07
2025070701019870,AVYAN,49,66,144.0,1028.0,148032.0,2025-07-07
2025070703015756,VLBS,35,34,10.0,860.0,8600.0,2025-07-07
2025070703015755,VLBS,35,57,100.0,860.0,86000.0,2025-07-07
2025070703015754,VLBS,35,55,200.0,858.3,171660.0,2025-07-07
2025070703015753,VLBS,35,45,100.0,858.3,85830.0,2025-07-07
2025070703015752,VLBS,35,97,90.0,858.3,77247.0,2025-07-07
2025070701019869,BNHC,34,45,12.0,499.0,5988.0,2025-07-07
2025070701019868,BNHC,49,45,50.0,499.0,24950.0,2025-07-07
2025070701019867,BNHC,58,45,50.0,499.0,24950.0,2025-07-07
2025070701019866,BNHC,86,45,10.0,499.0,4990.0,2025-07-07
2025070704021510,AKPL,14,58,500.0,254.0,127000.0,2025-07-07
2025070704021509,AKPL,59,58,100.0,254.0,25400.0,2025-07-07
2025070704021508,AKPL,48,58,50.0,254.0,12700.0,2025-07-07
2025070704021507,AKPL,38,58,500.0,254.0,127000.0,2025-07-07
2025070704021506,AKPL,56,58,951.0,254.0,241554.0,2025-07-07
2025070704021505,AKPL,63,58,490.0,254.8,124852.0,2025-07-07
2025070704021504,UPCL,58,38,150.0,386.0,57900.0,2025-07-07
2025070705012767,SAHAS,58,25,50.0,587.0,29350.0,2025-07-07
2025070703015751,DDBL,49,55,10.0,809.0,8090.0,2025-07-07
2025070703015750,CBBL,34,38,27.0,951.7,25695.9,2025-07-07
2025070703015749,SINDU,58,48,125.0,887.0,110875.0,2025-07-07
2025070703015748,MDB,48,58,30.0,587.0,17610.0,2025-07-07
2025070703015747,MDB,48,59,50.0,586.0,29300.0,2025-07-07
2025070705012766,CLI,74,48,252.0,472.1,118969.2,2025-07-07
2025070705012765,CLI,89,48,15.0,472.1,7081.5,2025-07-07
2025070705012764,CLI,29,48,387.0,472.3,182780.1,2025-07-07
2025070705012763,CLI,22,48,50.0,472.4,23620.0,2025-07-07
2025070705012762,CLI,50,48,42.0,472.4,19840.8,2025-07-07
2025070705012761,CLI,57,48,100.0,472.5,47250.0,2025-07-07
2025070705012760,CLI,42,48,203.0,472.5,95917.5,2025-07-07
2025070701019865,LSL,48,57,10.0,219.5,2195.0,2025-07-07
2025070705012759,CIT,42,21,115.0,1917.0,220455.0,2025-07-07
2025070704021503,MEN,91,32,80.0,595.2,47616.0,2025-07-07
2025070704021502,IGI,39,94,250.0,541.1,135275.0,2025-07-07
2025070701019864,SRLI,34,34,837.0,402.5,336892.5,2025-07-07
2025070701019863,SRLI,38,34,100.0,402.6,40260.0,2025-07-07
2025070701019862,SRLI,32,34,100.0,402.7,40270.0,2025-07-07
2025070701019861,SRLI,6,34,250.0,402.7,100675.0,2025-07-07
2025070701019860,SRLI,54,34,125.0,402.8,50350.0,2025-07-07
2025070701019859,SRLI,82,34,100.0,402.8,40280.0,2025-07-07
2025070701019858,SRLI,35,34,50.0,402.9,20145.0,2025-07-07
2025070701019857,SRLI,38,34,38.0,402.9,15310.2,2025-07-07
2025070701019856,OMPL,45,17,10.0,1351.0,13510.0,2025-07-07
2025070703015746,GRDBL,65,45,36.0,1330.0,47880.0,2025-07-07
2025070703015745,GRDBL,49,45,84.0,1343.0,112812.0,2025-07-07
2025070704021501,API,100,54,300.0,291.4,87420.0,2025-07-07
2025070704021500,NGPL,14,5,265.0,377.0,99905.0,2025-07-07
2025070705012758,NRN,45,58,200.0,2210.0,442000.0,2025-07-07
2025070703015744,PFL,48,62,80.0,418.5,33480.0,2025-07-07
2025070703015743,PFL,14,62,20.0,418.7,8374.0,2025-07-07
2025070704021499,UPCL,17,38,250.0,386.0,96500.0,2025-07-07
2025070701019855,SBL,45,17,40.0,341.4,13656.0,2025-07-07
2025070701019854,SPC,53,57,60.0,511.0,30660.0,2025-07-07
2025070704021498,UPCL,39,91,830.0,385.1,319633.0,2025-07-07
2025070704021497,UPCL,5,91,300.0,385.1,115530.0,2025-07-07
2025070704021496,UPCL,29,91,10.0,385.1,3851.0,2025-07-07
2025070704021495,UPCL,34,91,108.0,385.2,41601.6,2025-07-07
2025070704021494,UPCL,4,91,50.0,385.2,19260.0,2025-07-07
2025070704021493,UPCL,26,91,50.0,385.2,19260.0,2025-07-07
2025070704021492,UPCL,32,91,832.0,385.2,320486.4,2025-07-07
2025070704021491,SSHL,59,57,20.0,250.2,5004.0,2025-07-07
2025070704021490,KKHC,32,32,100.0,434.0,43400.0,2025-07-07
2025070704021489,NGPL,32,35,245.0,377.2,92414.0,2025-07-07
2025070704021488,SPDL,44,34,530.0,395.2,209456.0,2025-07-07
2025070703015742,GBBL,34,34,500.0,402.0,201000.0,2025-07-07
2025070703015741,DDBL,49,38,10.0,809.0,8090.0,2025-07-07
2025070703015740,DDBL,46,38,21.0,809.0,16989.0,2025-07-07
2025070705012757,HIDCL,36,58,294.0,292.0,85848.0,2025-07-07
2025070705012756,SAHAS,58,25,10.0,587.0,5870.0,2025-07-07
2025070705012755,SAHAS,58,42,173.0,587.0,101551.0,2025-07-07
2025070705012754,NRM,8,57,34.0,458.0,15572.0,2025-07-07
2025070705012753,NRM,8,57,456.0,458.0,208848.0,2025-07-07
2025070705012752,NRM,42,57,200.0,458.1,91620.0,2025-07-07
2025070703015739,HLBSL,57,54,10.0,966.0,9660.0,2025-07-07
2025070705012751,NRM,40,56,91.0,458.2,41696.2,2025-07-07
2025070705012750,HRL,40,97,100.0,934.0,93400.0,2025-07-07
2025070703015738,PMLI,26,6,100.0,523.0,52300.0,2025-07-07
2025070703015737,PMLI,5,6,100.0,523.0,52300.0,2025-07-07
2025070701019853,BHL,6,57,200.0,210.8,42160.0,2025-07-07
2025070701019852,PURE,6,89,10.0,892.0,8920.0,2025-07-07
2025070704021487,HPPL,33,54,211.0,501.3,105774.3,2025-07-07
2025070704021486,HPPL,32,54,500.0,501.4,250700.0,2025-07-07
2025070704021485,HPPL,41,54,99.0,501.5,49648.5,2025-07-07
2025070703015736,ICFC,22,49,20.0,616.0,12320.0,2025-07-07
2025070703015735,ICFC,62,49,30.0,616.0,18480.0,2025-07-07
2025070703015734,ICFC,40,49,500.0,616.0,308000.0,2025-07-07
2025070703015733,ICFC,14,49,20.0,616.0,12320.0,2025-07-07
2025070703015732,ICFC,45,49,20.0,616.0,12320.0,2025-07-07
2025070703015731,ICFC,44,49,10.0,616.0,6160.0,2025-07-07
2025070703015730,ICFC,14,49,300.0,616.2,184860.0,2025-07-07
2025070703015729,ICFC,34,49,100.0,617.0,61700.0,2025-07-07
2025070701019851,AVYAN,49,49,10.0,1028.0,10280.0,2025-07-07
2025070704021484,IGI,49,7,1694.0,549.0,930006.0,2025-07-07
2025070704021483,IGI,49,34,200.0,548.9,109780.0,2025-07-07
2025070704021482,IGI,49,47,830.0,545.0,452350.0,2025-07-07
2025070704021481,IGI,49,57,89.0,545.0,48505.0,2025-07-07
2025070704021480,IGI,49,51,100.0,545.0,54500.0,2025-07-07
2025070703015728,SAPDBL,56,45,70.0,1094.0,76580.0,2025-07-07
2025070704021479,GHL,17,36,100.0,248.0,24800.0,2025-07-07
2025070704021478,AHPC,26,65,425.0,284.9,121082.5,2025-07-07
2025070704021477,AHPC,26,86,1000.0,284.8,284800.0,2025-07-07
2025070704021476,AHPC,26,49,20.0,284.0,5680.0,2025-07-07
2025070704021475,AHPC,26,42,1640.0,284.0,465760.0,2025-07-07
2025070703015727,CBBL,57,1,30.0,952.0,28560.0,2025-07-07
2025070704021474,UPCL,32,57,168.0,385.2,64713.6,2025-07-07
2025070704021473,UPCL,49,57,340.0,385.2,130968.0,2025-07-07
2025070704021472,SGIC,36,42,20.0,562.0,11240.0,2025-07-07
2025070701019850,RHGCL,64,32,1000.0,387.9,387900.0,2025-07-07
2025070705012749,SHIVM,45,58,30.0,511.0,15330.0,2025-07-07
2025070704021471,IGI,39,5,100.0,541.1,54110.0,2025-07-07
2025070701019849,TPC,5,46,389.0,395.2,153732.8,2025-07-07
2025070701019848,TPC,60,46,11.0,395.2,4347.2,2025-07-07
2025070703015726,NMLBBL,11,49,100.0,660.2,66020.0,2025-07-07
2025070701019847,CZBIL,74,92,697.0,211.5,147415.5,2025-07-07
2025070701019846,CZBIL,26,92,293.0,211.6,61998.8,2025-07-07
2025070701019845,CZBIL,48,92,10.0,211.8,2118.0,2025-07-07
2025070704021470,PPCL,44,55,16.0,371.0,5936.0,2025-07-07
2025070703015725,NUBL,49,38,200.0,719.0,143800.0,2025-07-07
2025070703015724,GFCL,35,50,32.0,640.5,20496.0,2025-07-07
2025070703015723,GFCL,49,50,18.0,640.5,11529.0,2025-07-07
2025070705012748,MBJC,32,50,10.0,315.0,3150.0,2025-07-07
2025070705012747,NRIC,55,40,30.0,1322.3,39669.0,2025-07-07
2025070705012746,GCIL,22,45,345.0,500.3,172603.5,2025-07-07
2025070705012745,GCIL,6,45,100.0,500.3,50030.0,2025-07-07
2025070705012744,GCIL,8,45,25.0,500.4,12510.0,2025-07-07
2025070705012743,GCIL,16,45,20.0,500.5,10010.0,2025-07-07
2025070705012742,GCIL,16,45,10.0,501.0,5010.0,2025-07-07
2025070705012741,HIDCL,36,34,100.0,292.0,29200.0,2025-07-07
2025070705012740,HIDCL,36,6,106.0,292.0,30952.0,2025-07-07
2025070701019844,BHDC,5,41,500.0,492.0,246000.0,2025-07-07
2025070701019843,BHDC,5,34,100.0,492.0,49200.0,2025-07-07
2025070701019842,BEDC,49,56,50.0,716.0,35800.0,2025-07-07
2025070704021469,PPCL,48,55,100.0,371.0,37100.0,2025-07-07
2025070704021468,PPCL,49,55,20.0,371.0,7420.0,2025-07-07
2025070704021467,PPCL,42,55,1664.0,371.0,617344.0,2025-07-07
2025070704021466,PPCL,45,55,200.0,371.1,74220.0,2025-07-07
2025070705012739,SONA,48,17,15.0,452.6,6789.0,2025-07-07
2025070703015722,HLI,44,59,15.0,401.2,6018.0,2025-07-07
2025070704021465,CHL,58,50,13.0,327.0,4251.0,2025-07-07
2025070704021464,CHL,58,56,117.0,322.0,37674.0,2025-07-07
2025070701019841,NYADI,58,22,10.0,468.0,4680.0,2025-07-07
2025070703015721,CBBL,34,58,1119.0,951.7,1064952.3,2025-07-07
2025070701019840,NMIC,58,45,20.0,1581.0,31620.0,2025-07-07
2025070701019839,NMIC,48,45,20.0,1581.1,31622.0,2025-07-07
2025070701019838,NMIC,51,45,30.0,1581.1,47433.0,2025-07-07
2025070701019837,NMIC,25,45,10.0,1581.2,15812.0,2025-07-07
2025070701019836,NMIC,62,45,10.0,1585.0,15850.0,2025-07-07
2025070705012738,NRN,45,70,19.0,2210.0,41990.0,2025-07-07
2025070703015720,JSLBB,54,40,10.0,1316.0,13160.0,2025-07-07
2025070704021463,RADHI,19,17,30.0,771.0,23130.0,2025-07-07
2025070704021462,RADHI,19,17,70.0,771.0,53970.0,2025-07-07
2025070701019835,BEDC,84,48,100.0,714.2,71420.0,2025-07-07
2025070705012737,NRIC,55,28,500.0,1322.3,661150.0,2025-07-07
2025070704021461,BARUN,8,7,300.0,425.0,127500.0,2025-07-07
2025070704021460,BARUN,65,7,100.0,427.0,42700.0,2025-07-07
2025070701019834,HIDCLP,77,26,498.0,207.0,103086.0,2025-07-07
2025070703015719,SINDU,57,45,25.0,887.5,22187.5,2025-07-07
2025070703015718,SINDU,57,48,400.0,887.0,354800.0,2025-07-07
2025070703015717,SINDU,57,22,25.0,887.0,22175.0,2025-07-07
2025070703015716,SINDU,57,6,50.0,887.0,44350.0,2025-07-07
2025070705012736,NRN,19,70,18.0,2210.0,39780.0,2025-07-07
2025070701019833,PCBL,74,40,1300.0,256.4,333320.0,2025-07-07
2025070701019832,PCBL,43,40,200.0,256.4,51280.0,2025-07-07
2025070703015715,MERO,42,16,60.0,812.0,48720.0,2025-07-07
2025070703015714,MERO,6,16,378.0,812.0,306936.0,2025-07-07
2025070703015713,MERO,6,55,50.0,812.0,40600.0,2025-07-07
2025070703015712,MERO,6,38,22.0,812.0,17864.0,2025-07-07
2025070703015711,MERO,6,45,50.0,811.0,40550.0,2025-07-07
2025070701019831,IHL,81,34,259.0,553.0,143227.0,2025-07-07
2025070701019830,IHL,32,34,10.0,558.9,5589.0,2025-07-07
2025070701019829,IHL,32,34,10.0,559.9,5599.0,2025-07-07
2025070701019828,SPL,43,7,10.0,812.9,8129.0,2025-07-07
2025070701019827,NIMB,33,1,500.0,214.1,107050.0,2025-07-07
2025070704021459,BPCL,71,52,120.0,773.0,92760.0,2025-07-07
2025070704021458,BPCL,71,33,230.0,773.0,177790.0,2025-07-07
2025070704021457,JOSHI,4,55,87.0,325.0,28275.0,2025-07-07
2025070704021456,JOSHI,4,47,13.0,325.0,4225.0,2025-07-07
2025070704021455,BARUN,91,48,100.0,430.0,43000.0,2025-07-07
2025070705012735,NRIC,55,57,350.0,1322.3,462805.0,2025-07-07
2025070701019826,PRSF,42,59,20000.0,11.2,224000.0,2025-07-07
2025070705012734,HRL,49,97,25.0,934.0,23350.0,2025-07-07
2025070705012733,HRL,44,97,100.0,934.0,93400.0,2025-07-07
2025070704021454,AKPL,63,58,10.0,254.5,2545.0,2025-07-07
2025070705012732,NRIC,55,41,10.0,1322.3,13223.0,2025-07-07
2025070703015710,NUBL,49,11,20.0,719.0,14380.0,2025-07-07
2025070701019825,PURE,41,22,10.0,891.0,8910.0,2025-07-07
2025070704021453,CGH,67,63,105.0,949.0,99645.0,2025-07-07
2025070704021452,CGH,67,49,395.0,949.0,374855.0,2025-07-07
2025070705012731,NTC,34,51,10.0,849.7,8497.0,2025-07-07
2025070705012730,HDL,49,49,100.0,1215.6,121560.0,2025-07-07
2025070704021451,NGPL,14,61,57.0,377.0,21489.0,2025-07-07
2025070704021450,NGPL,58,61,43.0,377.0,16211.0,2025-07-07
2025070704021449,KKHC,32,57,57.0,434.0,24738.0,2025-07-07
2025070705012729,NRIC,55,58,11.0,1322.3,14545.3,2025-07-07
2025070704021448,DHPL,58,10,100.0,321.0,32100.0,2025-07-07
2025070705012728,GIBF1,14,10,100.0,10.7,1070.0,2025-07-07
2025070701019824,KDL,34,63,90.0,1107.2,99648.0,2025-07-07
2025070701019823,KDL,39,63,10.0,1107.2,11072.0,2025-07-07
2025070701019822,KDL,47,63,100.0,1108.0,110800.0,2025-07-07
2025070703015709,NFS,48,6,37.0,721.1,26680.7,2025-07-07
2025070703015708,NFS,49,6,200.0,721.2,144240.0,2025-07-07
2025070703015707,NFS,34,6,69.0,722.0,49818.0,2025-07-07
2025070703015706,NFS,49,6,351.0,722.0,253422.0,2025-07-07
2025070705012727,MBJC,32,54,508.0,315.0,160020.0,2025-07-07
2025070701019821,KBSH,14,39,10.0,1910.0,19100.0,2025-07-07
2025070704021447,DHPL,36,10,200.0,321.0,64200.0,2025-07-07
2025070704021446,UNHPL,71,58,100.0,418.0,41800.0,2025-07-07
2025070704021445,NIL,28,42,10.0,708.7,7087.0,2025-07-07
2025070705012726,NRIC,8,49,33.0,1322.5,43642.5,2025-07-07
2025070705012725,NRIC,8,45,80.0,1322.5,105800.0,2025-07-07
2025070701019820,PRVU,33,81,376.0,208.1,78245.6,2025-07-07
2025070701019819,PRVU,16,81,500.0,208.2,104100.0,2025-07-07
2025070701019818,PRVU,58,81,553.0,208.2,115134.6,2025-07-07
2025070701019817,PRVU,77,81,10.0,208.3,2083.0,2025-07-07
2025070701019816,PRVU,50,81,561.0,208.3,116856.3,2025-07-07
2025070705012724,NRIC,55,53,772.0,1322.3,1020815.6,2025-07-07
2025070703015705,SIFC,41,42,40.0,525.0,21000.0,2025-07-07
2025070703015704,SIFC,42,42,50.0,525.0,26250.0,2025-07-07
2025070703015703,SIFC,32,42,100.0,525.0,52500.0,2025-07-07
2025070704021444,SGIC,36,38,45.0,561.0,25245.0,2025-07-07
2025070705012723,NRIC,55,11,18.0,1322.3,23801.4,2025-07-07
2025070705012722,ILI,74,13,1878.0,447.3,840029.4,2025-07-07
2025070705012721,ILI,52,13,122.0,447.5,54595.0,2025-07-07
2025070704021443,HDHPC,21,40,500.0,197.1,98550.0,2025-07-07
2025070705012720,NRIC,55,11,100.0,1322.3,132230.0,2025-07-07
2025070703015702,SINDU,49,6,130.0,886.0,115180.0,2025-07-07
2025070704021442,UAIL,34,41,225.0,565.0,127125.0,2025-07-07
2025070704021441,UAIL,34,42,70.0,563.5,39445.0,2025-07-07
2025070705012719,HIDCL,36,34,106.0,291.1,30856.6,2025-07-07
2025070705012718,HIDCL,29,34,50.0,291.2,14560.0,2025-07-07
2025070705012717,HIDCL,81,34,1300.0,291.4,378820.0,2025-07-07
2025070705012716,HIDCL,16,34,50.0,291.4,14570.0,2025-07-07
2025070705012715,HIDCL,16,34,200.0,291.5,58300.0,2025-07-07
2025070705012714,HIDCL,42,34,342.0,291.5,99693.0,2025-07-07
2025070705012713,HIDCL,34,34,200.0,291.6,58320.0,2025-07-07
2025070705012712,HIDCL,26,34,402.0,291.6,117223.2,2025-07-07
2025070705012711,HIDCL,49,34,350.0,291.7,102095.0,2025-07-07
2025070705012710,RNLI,44,78,301.0,474.7,142884.7,2025-07-07
2025070704021440,UNHPL,45,58,50.0,418.0,20900.0,2025-07-07
2025070704021439,UPCL,49,45,100.0,385.2,38520.0,2025-07-07
2025070704021438,PPCL,36,64,50.0,372.9,18645.0,2025-07-07
2025070703015701,MLBL,55,13,100.0,384.0,38400.0,2025-07-07
2025070704021437,UMHL,62,54,10.0,566.9,5669.0,2025-07-07
2025070704021436,UMHL,62,58,200.0,566.0,113200.0,2025-07-07
2025070703015700,PFL,14,21,10.0,418.7,4187.0,2025-07-07
2025070704021435,SHL,17,49,200.0,564.9,112980.0,2025-07-07
2025070704021434,AKJCL,55,38,51.0,206.6,10536.6,2025-07-07
2025070704021433,AKJCL,17,38,700.0,206.7,144690.0,2025-07-07
2025070704021432,AKJCL,42,38,58.0,206.7,11988.6,2025-07-07
2025070704021431,AKJCL,29,38,191.0,206.7,39479.7,2025-07-07
2025070704021430,HURJA,49,50,400.0,249.6,99840.0,2025-07-07
2025070703015699,JFL,26,21,10.0,494.9,4949.0,2025-07-07
2025070705012709,NRIC,55,58,200.0,1322.3,264460.0,2025-07-07
2025070705012708,NRIC,55,66,10.0,1322.3,13223.0,2025-07-07
2025070701019815,SNLI,45,40,20.0,495.0,9900.0,2025-07-07
2025070703015698,VLBS,35,59,100.0,858.3,85830.0,2025-07-07
2025070703015697,VLBS,35,56,99.0,858.0,84942.0,2025-07-07
2025070703015696,VLBS,35,21,35.0,857.9,30026.5,2025-07-07
2025070703015695,VLBS,35,45,490.0,857.9,420371.0,2025-07-07
2025070703015694,VLBS,35,34,80.0,857.0,68560.0,2025-07-07
2025070703015693,VLBS,35,42,60.0,856.0,51360.0,2025-07-07
2025070703015692,VLBS,35,57,20.0,855.0,17100.0,2025-07-07
2025070703015691,VLBS,35,45,20.0,852.7,17054.0,2025-07-07
2025070703015690,VLBS,35,52,25.0,850.0,21250.0,2025-07-07
2025070703015689,VLBS,35,17,10.0,850.0,8500.0,2025-07-07
2025070703015688,VLBS,35,88,25.0,850.0,21250.0,2025-07-07
2025070703015687,VLBS,35,58,50.0,849.9,42495.0,2025-07-07
2025070703015686,VLBS,35,53,300.0,845.0,253500.0,2025-07-07
2025070703015685,VLBS,35,42,100.0,845.0,84500.0,2025-07-07
2025070703015684,VLBS,35,55,100.0,841.6,84160.0,2025-07-07
2025070703015683,VLBS,35,45,200.0,841.0,168200.0,2025-07-07
2025070703015682,VLBS,35,44,56.0,839.0,46984.0,2025-07-07
2025070703015681,VLBS,35,34,500.0,839.0,419500.0,2025-07-07
2025070703015680,VLBS,35,92,200.0,838.0,167600.0,2025-07-07
2025070703015679,VLBS,35,58,100.0,830.0,83000.0,2025-07-07
2025070703015678,VLBS,35,78,190.0,829.8,157662.0,2025-07-07
2025070703015677,VLBS,35,35,70.0,829.0,58030.0,2025-07-07
2025070703015676,VLBS,35,25,80.0,829.0,66320.0,2025-07-07
2025070703015675,VLBS,35,49,261.0,828.9,216342.9,2025-07-07
2025070703015674,VLBS,35,42,10.0,828.8,8288.0,2025-07-07
2025070703015673,VLBS,35,10,17.0,828.8,14089.6,2025-07-07
2025070701019814,NICA,11,34,32.0,347.6,11123.2,2025-07-07
2025070701019813,NICA,77,34,20.0,347.9,6958.0,2025-07-07
2025070704021429,NGPL,58,38,20.0,377.0,7540.0,2025-07-07
2025070704021428,API,7,34,18.0,292.0,5256.0,2025-07-07
2025070704021427,API,7,82,82.0,292.0,23944.0,2025-07-07
2025070703015672,LBBL,58,35,19.0,432.0,8208.0,2025-07-07
2025070703015671,LBBL,26,35,10.0,432.0,4320.0,2025-07-07
2025070701019812,BHL,16,44,640.0,210.6,134784.0,2025-07-07
