transaction,symbol,buyer,seller,quantity,rate,amount,date
2024060401023906,MKHC,5,48,10.0,324.0,3240.0,2024-06-04
2024060404008226,LEC,37,57,10.0,180.7,1807.0,2024-06-04
2024060401023905,RHGCL,74,21,20.0,347.0,6940.0,2024-06-04
2024060401023904,RHGCL,74,45,10.0,346.1,3461.0,2024-06-04
2024060401023903,DORDI,14,4,20.0,430.0,8600.0,2024-06-04
2024060404008225,CGH,52,19,91.0,856.8,77968.8,2024-06-04
2024060404008224,CGH,50,19,100.0,857.0,85700.0,2024-06-04
2024060404008223,CGH,29,19,50.0,857.0,42850.0,2024-06-04
2024060404008222,CGH,19,19,30.0,858.0,25740.0,2024-06-04
2024060404008221,CGH,55,19,30.0,858.0,25740.0,2024-06-04
2024060401023902,ULHC,71,42,10.0,399.0,3990.0,2024-06-04
2024060403016814,PFL,32,42,2000.0,647.9,1295800.0,2024-06-04
2024060403016813,KMCDB,39,29,10.0,1090.0,10900.0,2024-06-04
2024060404008220,NLG,22,44,10.0,764.0,7640.0,2024-06-04
2024060404008219,AHPC,22,28,10.0,155.8,1558.0,2024-06-04
2024060404008218,SHEL,75,14,10.0,158.5,1585.0,2024-06-04
2024060401023901,VLUCL,34,7,10.0,497.0,4970.0,2024-06-04
2024060401023900,MKHC,56,65,735.0,322.4,236964.0,2024-06-04
2024060401023899,MKHC,57,65,25.0,322.5,8062.5,2024-06-04
2024060401023898,MKHC,43,65,40.0,323.0,12920.0,2024-06-04
2024060401023897,MEHL,6,33,100.0,350.1,35010.0,2024-06-04
2024060401023896,GCIL,34,56,132.0,480.0,63360.0,2024-06-04
2024060401023895,GCIL,57,56,118.0,480.0,56640.0,2024-06-04
2024060401023894,ULHC,56,17,10.0,399.9,3999.0,2024-06-04
2024060403016812,HLBSL,26,68,192.0,1380.0,264960.0,2024-06-04
2024060403016811,HLBSL,26,45,50.0,1380.0,69000.0,2024-06-04
2024060403016810,HLBSL,26,62,200.0,1380.0,276000.0,2024-06-04
2024060403016809,HLBSL,26,47,41.0,1380.0,56580.0,2024-06-04
2024060403016808,HLBSL,26,58,17.0,1380.0,23460.0,2024-06-04
2024060403016807,SWBBL,44,49,10.0,833.0,8330.0,2024-06-04
2024060403016806,PFL,32,52,80.0,647.9,51832.0,2024-06-04
2024060403016805,NMLBBL,38,8,60.0,729.0,43740.0,2024-06-04
2024060404008217,RHPL,25,35,10.0,278.0,2780.0,2024-06-04
2024060403016804,SIFC,57,25,150.0,429.0,64350.0,2024-06-04
2024060401023893,MSHL,50,54,10.0,650.0,6500.0,2024-06-04
2024060401023892,MSHL,50,42,10.0,645.0,6450.0,2024-06-04
2024060401023891,MSHL,50,58,10.0,645.0,6450.0,2024-06-04
2024060401023890,MSHL,50,47,100.0,643.0,64300.0,2024-06-04
2024060401023889,MSHL,50,22,10.0,642.0,6420.0,2024-06-04
2024060401023888,USHL,21,49,10.0,497.0,4970.0,2024-06-04
2024060401023887,MKHL,21,81,10.0,456.0,4560.0,2024-06-04
2024060403016803,NICLBSL,50,17,10.0,663.1,6631.0,2024-06-04
2024060401023886,ILI,50,48,680.0,436.1,296548.0,2024-06-04
2024060401023885,NRM,58,1,23.0,386.0,8878.0,2024-06-04
2024060401023884,MHCL,35,29,40.0,387.0,15480.0,2024-06-04
2024060401023883,MHCL,49,29,30.0,388.0,11640.0,2024-06-04
2024060401023882,VLUCL,45,29,10.0,493.1,4931.0,2024-06-04
2024060401023881,VLUCL,65,29,10.0,496.9,4969.0,2024-06-04
2024060401023880,CYCL,45,18,20.0,1499.0,29980.0,2024-06-04
2024060403016802,JFL,41,45,355.0,567.9,201604.5,2024-06-04
2024060401023879,MEHL,41,58,10.0,351.0,3510.0,2024-06-04
2024060403016801,LICN,41,8,10.0,1376.8,13768.0,2024-06-04
2024060401023878,ADBL,28,57,100.0,266.9,26690.0,2024-06-04
2024060401023877,ADBL,28,21,100.0,266.5,26650.0,2024-06-04
2024060401023876,ADBL,28,11,100.0,266.0,26600.0,2024-06-04
2024060401023875,ADBL,28,51,50.0,266.0,13300.0,2024-06-04
2024060403016800,SADBL,66,38,150.0,319.0,47850.0,2024-06-04
2024060403016799,FMDBL,57,70,500.0,688.0,344000.0,2024-06-04
2024060403016798,NMBMF,57,45,10.0,685.0,6850.0,2024-06-04
2024060401023874,MKCL,62,36,50.0,1015.0,50750.0,2024-06-04
2024060404008216,SGIC,62,49,10.0,532.0,5320.0,2024-06-04
2024060403016797,PFL,32,49,250.0,647.9,161975.0,2024-06-04
2024060403016796,MSLB,74,22,60.0,1380.0,82800.0,2024-06-04
2024060403016795,MSLB,74,14,200.0,1380.0,276000.0,2024-06-04
2024060403016794,MSLB,74,32,32.0,1379.0,44128.0,2024-06-04
2024060403016793,MSLB,74,46,10.0,1377.0,13770.0,2024-06-04
2024060403016792,MSLB,74,28,150.0,1377.0,206550.0,2024-06-04
2024060403016791,MSLB,74,1,69.0,1377.0,95013.0,2024-06-04
2024060403016790,MSLB,74,46,100.0,1375.0,137500.0,2024-06-04
2024060403016789,MSLB,74,45,53.0,1375.0,72875.0,2024-06-04
2024060403016788,MSLB,74,10,22.0,1375.0,30250.0,2024-06-04
2024060403016787,MSLB,74,85,50.0,1374.9,68745.0,2024-06-04
2024060403016786,MSLB,74,42,10.0,1374.9,13749.0,2024-06-04
2024060403016785,MSLB,74,49,10.0,1374.0,13740.0,2024-06-04
2024060403016784,MSLB,74,44,145.0,1374.0,199230.0,2024-06-04
2024060403016783,EDBL,74,38,20.0,380.0,7600.0,2024-06-04
2024060403016782,EDBL,74,57,160.0,379.9,60784.0,2024-06-04
2024060403016781,HLI,53,66,30.0,388.9,11667.0,2024-06-04
2024060404008215,SICL,33,14,89.0,701.0,62389.0,2024-06-04
2024060404008214,SICL,37,14,50.0,701.0,35050.0,2024-06-04
2024060404008213,SICL,57,14,31.0,701.6,21749.6,2024-06-04
2024060405005053,NIFRA,35,41,10.0,197.5,1975.0,2024-06-04
2024060401023873,MHCL,49,35,10.0,388.0,3880.0,2024-06-04
2024060403016780,HLBSL,70,58,38.0,1380.0,52440.0,2024-06-04
2024060403016779,HLBSL,70,38,50.0,1380.0,69000.0,2024-06-04
2024060403016778,HLBSL,70,1,10.0,1380.0,13800.0,2024-06-04
2024060403016777,HLBSL,70,34,49.0,1380.0,67620.0,2024-06-04
2024060403016776,HLBSL,70,19,351.0,1380.0,484380.0,2024-06-04
2024060403016775,HLBSL,70,18,500.0,1380.0,690000.0,2024-06-04
2024060403016774,HLBSL,70,42,29.0,1375.9,39901.1,2024-06-04
2024060403016773,HLBSL,70,21,50.0,1375.0,68750.0,2024-06-04
2024060403016772,HLBSL,70,6,100.0,1375.0,137500.0,2024-06-04
2024060403016771,HLBSL,70,6,20.0,1375.0,27500.0,2024-06-04
2024060403016770,HLBSL,70,35,10.0,1374.9,13749.0,2024-06-04
2024060403016769,HLBSL,70,58,44.0,1370.0,60280.0,2024-06-04
2024060403016768,HLBSL,70,10,224.0,1370.0,306880.0,2024-06-04
2024060403016767,HLBSL,70,35,16.0,1370.0,21920.0,2024-06-04
2024060403016766,HLBSL,70,51,10.0,1370.0,13700.0,2024-06-04
2024060403016765,HLBSL,70,14,10.0,1370.0,13700.0,2024-06-04
2024060403016764,HLBSL,70,5,100.0,1370.0,137000.0,2024-06-04
2024060403016763,HLBSL,70,22,389.0,1370.0,532930.0,2024-06-04
2024060404008212,MEN,42,58,700.0,587.0,410900.0,2024-06-04
2024060404008211,MEN,42,44,100.0,586.9,58690.0,2024-06-04
2024060404008210,MEN,42,62,100.0,586.9,58690.0,2024-06-04
2024060404008209,MEN,42,34,100.0,586.9,58690.0,2024-06-04
2024060404008208,MEN,42,45,150.0,586.0,87900.0,2024-06-04
2024060404008207,MEN,42,49,40.0,585.0,23400.0,2024-06-04
2024060404008206,MEN,42,67,120.0,583.0,69960.0,2024-06-04
2024060404008205,MEN,42,34,190.0,582.0,110580.0,2024-06-04
2024060404008204,IGI,39,85,20.0,530.0,10600.0,2024-06-04
2024060401023872,CITY,22,58,10.0,642.0,6420.0,2024-06-04
2024060403016762,CFCL,59,22,100.0,429.0,42900.0,2024-06-04
2024060403016761,JFL,22,17,100.0,571.2,57120.0,2024-06-04
2024060401023871,KDL,88,55,80.0,1250.0,100000.0,2024-06-04
2024060401023870,KDL,75,55,10.0,1250.0,12500.0,2024-06-04
2024060401023869,KDL,75,34,10.0,1249.0,12490.0,2024-06-04
2024060403016760,RLFL,4,45,10.0,409.8,4098.0,2024-06-04
2024060403016759,GRDBL,56,14,40.0,428.0,17120.0,2024-06-04
2024060403016758,LICN,16,8,10.0,1376.8,13768.0,2024-06-04
2024060401023868,HATHY,77,78,30.0,914.0,27420.0,2024-06-04
2024060403016757,SLBSL,16,57,19.0,1230.9,23387.1,2024-06-04
2024060401023867,HATHY,19,78,88.0,918.0,80784.0,2024-06-04
2024060404008203,API,44,58,300.0,168.9,50670.0,2024-06-04
2024060401023866,PCBL,44,35,40.0,202.2,8088.0,2024-06-04
2024060405005052,NRN,58,32,90.0,600.0,54000.0,2024-06-04
2024060405005051,NRN,58,57,10.0,600.0,6000.0,2024-06-04
2024060401023865,CKHL,34,52,20.0,550.0,11000.0,2024-06-04
2024060403016756,GMFIL,56,25,27.0,400.1,10802.7,2024-06-04
2024060403016755,GMFIL,56,25,73.0,400.1,29207.3,2024-06-04
2024060403016754,RLFL,50,45,10.0,409.8,4098.0,2024-06-04
2024060401023864,SBL,50,58,110.0,249.5,27445.0,2024-06-04
2024060404008202,SPIL,38,50,25.0,777.0,19425.0,2024-06-04
2024060401023863,MBL,42,1,100.0,173.6,17360.0,2024-06-04
2024060403016753,PFL,72,58,10.0,648.0,6480.0,2024-06-04
2024060403016752,SABSL,29,57,10.0,1013.8,10138.0,2024-06-04
2024060401023862,NWCL,45,42,10.0,827.8,8278.0,2024-06-04
2024060401023861,NWCL,45,34,50.0,827.0,41350.0,2024-06-04
2024060404008201,IGI,45,85,10.0,530.0,5300.0,2024-06-04
2024060401023860,NWCL,45,34,50.0,827.0,41350.0,2024-06-04
2024060401023859,NWCL,45,3,30.0,824.0,24720.0,2024-06-04
2024060401023858,NWCL,45,58,10.0,822.8,8228.0,2024-06-04
2024060401023857,USHEC,38,57,384.0,412.0,158208.0,2024-06-04
2024060401023856,USHEC,38,58,10.0,412.0,4120.0,2024-06-04
2024060401023855,USHEC,38,48,200.0,411.9,82380.0,2024-06-04
2024060401023854,USHEC,38,59,10.0,410.0,4100.0,2024-06-04
2024060401023853,USHEC,38,38,396.0,408.0,161568.0,2024-06-04
2024060403016751,GBLBS,57,34,50.0,770.0,38500.0,2024-06-04
2024060401023852,JBLB,57,57,10.0,1353.0,13530.0,2024-06-04
2024060401023851,NRM,82,44,79.0,388.0,30652.0,2024-06-04
2024060401023850,NRM,82,35,321.0,388.0,124548.0,2024-06-04
2024060403016750,BFC,62,36,10.0,435.0,4350.0,2024-06-04
2024060401023849,BNHC,29,3,10.0,635.0,6350.0,2024-06-04
2024060401023848,BNHC,57,3,40.0,635.3,25412.0,2024-06-04
2024060401023847,BNHC,46,3,100.0,636.0,63600.0,2024-06-04
2024060401023846,BNHC,39,3,20.0,636.0,12720.0,2024-06-04
2024060401023845,BNHC,41,3,130.0,636.1,82693.0,2024-06-04
2024060401023844,RBCLPO,62,16,10.0,11081.0,110810.0,2024-06-04
2024060404008200,UPPER,49,29,221.0,162.7,35956.7,2024-06-04
2024060404008199,KPCL,67,62,412.0,447.8,184493.6,2024-06-04
2024060404008198,KPCL,67,11,200.0,446.7,89340.0,2024-06-04
2024060404008197,KPCL,67,19,10.0,445.0,4450.0,2024-06-04
2024060404008196,KPCL,67,45,13.0,444.0,5772.0,2024-06-04
2024060404008195,KPCL,67,34,1134.0,444.0,503496.0,2024-06-04
2024060404008194,KPCL,67,58,80.0,443.9,35512.0,2024-06-04
2024060404008193,KPCL,67,13,13.0,443.8,5769.4,2024-06-04
2024060404008192,KPCL,67,43,50.0,443.7,22185.0,2024-06-04
2024060404008191,KPCL,67,25,74.0,443.5,32819.0,2024-06-04
2024060404008190,KPCL,67,49,14.0,440.0,6160.0,2024-06-04
2024060401023843,NBL,5,42,28.0,212.9,5961.2,2024-06-04
2024060401023842,NBL,5,35,72.0,212.0,15264.0,2024-06-04
2024060401023841,BNHC,70,35,2000.0,703.0,1406000.0,2024-06-04
2024060403016749,ALBSL,16,35,160.0,996.0,159360.0,2024-06-04
2024060403016748,ALBSL,33,35,100.0,996.1,99610.0,2024-06-04
2024060403016747,ALBSL,86,35,240.0,996.1,239064.0,2024-06-04
2024060403016746,HLBSL,70,22,611.0,1370.0,837070.0,2024-06-04
2024060403016745,HLBSL,70,44,55.0,1370.0,75350.0,2024-06-04
2024060403016744,HLBSL,70,50,20.0,1370.0,27400.0,2024-06-04
2024060403016743,HLBSL,70,1,10.0,1370.0,13700.0,2024-06-04
2024060403016742,HLBSL,70,57,70.0,1369.0,95830.0,2024-06-04
2024060403016741,HLBSL,70,21,30.0,1367.6,41028.0,2024-06-04
2024060403016740,HLBSL,70,70,100.0,1367.0,136700.0,2024-06-04
2024060403016739,HLBSL,70,22,10.0,1366.0,13660.0,2024-06-04
2024060403016738,HLBSL,70,45,78.0,1366.0,106548.0,2024-06-04
2024060403016737,HLBSL,70,48,50.0,1366.0,68300.0,2024-06-04
2024060403016736,HLBSL,70,58,10.0,1365.0,13650.0,2024-06-04
2024060403016735,HLBSL,70,51,100.0,1365.0,136500.0,2024-06-04
2024060403016734,HLBSL,70,48,25.0,1365.0,34125.0,2024-06-04
2024060403016733,HLBSL,70,1,10.0,1365.0,13650.0,2024-06-04
2024060403016732,HLBSL,70,51,61.0,1365.0,83265.0,2024-06-04
2024060403016731,HLBSL,70,13,32.0,1364.0,43648.0,2024-06-04
2024060403016730,HLBSL,70,22,152.0,1362.0,207024.0,2024-06-04
2024060403016729,HLBSL,70,17,26.0,1361.0,35386.0,2024-06-04
2024060403016728,HLBSL,70,48,50.0,1361.0,68050.0,2024-06-04
2024060403016727,NFS,74,42,250.0,607.7,151925.0,2024-06-04
2024060403016726,RLFL,42,45,10.0,409.8,4098.0,2024-06-04
2024060401023840,MLBS,64,34,10.0,1363.9,13639.0,2024-06-04
2024060401023839,MLBS,64,58,10.0,1363.8,13638.0,2024-06-04
2024060401023838,MLBS,64,66,20.0,1360.0,27200.0,2024-06-04
2024060403016725,ACLBSL,18,48,10.0,960.0,9600.0,2024-06-04
2024060401023837,PPL,4,11,10.0,447.0,4470.0,2024-06-04
2024060401023836,VLUCL,18,7,10.0,497.0,4970.0,2024-06-04
2024060403016724,GBLBS,32,34,113.0,770.0,87010.0,2024-06-04
2024060405005050,NRN,71,57,26.0,600.0,15600.0,2024-06-04
2024060403016723,MERO,56,64,10.0,689.0,6890.0,2024-06-04
2024060403016722,GMFIL,34,58,10.0,402.0,4020.0,2024-06-04
2024060403016721,GMFIL,34,91,50.0,402.0,20100.0,2024-06-04
2024060403016720,GMFIL,34,56,190.0,401.9,76361.0,2024-06-04
2024060403016719,GMFIL,34,57,200.0,401.5,80300.0,2024-06-04
2024060403016718,GMFIL,34,75,50.0,401.5,20075.0,2024-06-04
2024060403016717,KSBBL,33,4,10.0,374.8,3748.0,2024-06-04
2024060404008189,LEC,17,6,230.0,180.0,41400.0,2024-06-04
2024060403016716,LLBS,44,21,289.0,1139.0,329171.0,2024-06-04
2024060403016715,PFL,32,36,700.0,647.9,453530.0,2024-06-04
2024060401023835,KBL,48,25,10.0,142.8,1428.0,2024-06-04
2024060401023834,ILI,50,1,10.0,436.1,4361.0,2024-06-04
2024060403016714,CORBL,1,49,10.0,480.0,4800.0,2024-06-04
2024060403016713,GUFL,47,38,81.0,670.0,54270.0,2024-06-04
2024060403016712,GUFL,47,22,60.0,669.9,40194.0,2024-06-04
2024060403016711,GUFL,47,41,100.0,669.7,66970.0,2024-06-04
2024060403016710,GUFL,47,22,100.0,669.5,66950.0,2024-06-04
2024060403016709,GUFL,47,39,200.0,669.4,133880.0,2024-06-04
2024060403016708,GUFL,47,56,200.0,669.0,133800.0,2024-06-04
2024060403016707,GUFL,47,57,100.0,669.0,66900.0,2024-06-04
2024060403016706,GUFL,47,38,60.0,669.0,40140.0,2024-06-04
2024060403016705,GUFL,47,22,28.0,669.0,18732.0,2024-06-04
2024060403016704,GUFL,47,4,41.0,668.0,27388.0,2024-06-04
2024060403016703,GUFL,47,34,30.0,667.0,20010.0,2024-06-04
2024060401023833,USHEC,45,38,39.0,408.0,15912.0,2024-06-04
2024060401023832,USHEC,45,38,21.0,408.0,8568.0,2024-06-04
2024060401023831,USHEC,45,58,20.0,406.8,8136.0,2024-06-04
2024060401023830,USHEC,45,39,10.0,406.0,4060.0,2024-06-04
2024060401023829,USHEC,45,34,110.0,405.0,44550.0,2024-06-04
2024060403016702,SLBSL,45,57,10.0,1230.9,12309.0,2024-06-04
2024060403016701,MFIL,45,39,40.0,508.9,20356.0,2024-06-04
2024060403016700,MFIL,45,34,160.0,506.0,80960.0,2024-06-04
2024060403016699,MFIL,45,45,300.0,505.0,151500.0,2024-06-04
2024060403016698,JFL,41,17,540.0,571.2,308448.0,2024-06-04
2024060403016697,JFL,41,32,50.0,571.2,28560.0,2024-06-04
2024060403016696,JFL,41,45,100.0,571.0,57100.0,2024-06-04
2024060403016695,JFL,41,58,52.0,571.0,29692.0,2024-06-04
2024060403016694,JFL,41,49,50.0,571.0,28550.0,2024-06-04
2024060403016693,JFL,41,49,20.0,571.0,11420.0,2024-06-04
2024060403016692,JFL,41,49,20.0,570.5,11410.0,2024-06-04
2024060403016691,JFL,41,48,100.0,570.0,57000.0,2024-06-04
2024060403016690,JFL,41,44,460.0,570.0,262200.0,2024-06-04
2024060403016689,JFL,41,3,100.0,570.0,57000.0,2024-06-04
2024060403016688,JFL,41,41,500.0,570.0,285000.0,2024-06-04
2024060403016687,JFL,41,45,100.0,570.0,57000.0,2024-06-04
2024060403016686,JFL,41,58,45.0,570.0,25650.0,2024-06-04
2024060403016685,JFL,41,28,100.0,570.0,57000.0,2024-06-04
2024060403016684,JFL,41,5,160.0,570.0,91200.0,2024-06-04
2024060403016683,JFL,41,49,20.0,570.0,11400.0,2024-06-04
2024060403016682,JFL,41,49,20.0,570.0,11400.0,2024-06-04
2024060403016681,JFL,41,34,200.0,569.5,113900.0,2024-06-04
2024060403016680,JFL,41,38,40.0,569.1,22764.0,2024-06-04
2024060403016679,JFL,41,45,80.0,569.0,45520.0,2024-06-04
2024060403016678,JFL,41,11,23.0,569.0,13087.0,2024-06-04
2024060403016677,JFL,41,88,200.0,568.9,113780.0,2024-06-04
2024060403016676,JFL,41,52,20.0,568.2,11364.0,2024-06-04
2024060401023828,HDL,29,28,64.0,1294.0,82816.0,2024-06-04
2024060401023827,HDL,33,28,50.0,1294.0,64700.0,2024-06-04
2024060401023826,HDL,62,28,10.0,1294.0,12940.0,2024-06-04
2024060401023825,HDL,65,28,215.0,1294.1,278231.5,2024-06-04
2024060401023824,HDL,52,28,41.0,1294.2,53062.2,2024-06-04
2024060401023823,HDL,26,28,20.0,1294.3,25886.0,2024-06-04
2024060403016675,JBBL,41,20,50.0,287.6,14380.0,2024-06-04
2024060401023822,SIKLES,41,49,10.0,553.0,5530.0,2024-06-04
2024060403016674,PMLI,58,29,50.0,504.5,25225.0,2024-06-04
2024060403016673,PMLI,34,29,50.0,504.5,25225.0,2024-06-04
2024060401023821,SAMAJ,49,38,50.0,2160.0,108000.0,2024-06-04
2024060401023820,SAMAJ,17,38,10.0,2161.0,21610.0,2024-06-04
2024060403016672,NMLBBL,38,45,47.0,730.0,34310.0,2024-06-04
2024060403016671,NMLBBL,38,46,10.0,730.0,7300.0,2024-06-04
2024060403016670,BFC,38,36,130.0,435.0,56550.0,2024-06-04
2024060403016669,BFC,38,52,100.0,435.0,43500.0,2024-06-04
2024060403016668,BFC,38,49,100.0,435.0,43500.0,2024-06-04
2024060403016667,BFC,38,34,20.0,433.0,8660.0,2024-06-04
2024060403016666,BFC,38,34,150.0,430.0,64500.0,2024-06-04
2024060403016665,PFL,32,22,10.0,647.9,6479.0,2024-06-04
2024060403016664,PFL,32,22,10.0,647.8,6478.0,2024-06-04
2024060403016663,PFL,32,37,100.0,645.0,64500.0,2024-06-04
2024060403016662,PFL,32,45,500.0,645.0,322500.0,2024-06-04
2024060403016661,PFL,32,49,400.0,645.0,258000.0,2024-06-04
2024060403016660,PFL,32,19,100.0,645.0,64500.0,2024-06-04
2024060403016659,PFL,32,53,600.0,644.0,386400.0,2024-06-04
2024060403016658,PFL,32,11,22.0,644.0,14168.0,2024-06-04
2024060403016657,PFL,32,45,370.0,643.0,237910.0,2024-06-04
2024060403016656,PFL,32,53,700.0,642.0,449400.0,2024-06-04
2024060403016655,PFL,32,62,1136.0,640.0,727040.0,2024-06-04
2024060403016654,PFL,32,58,510.0,640.0,326400.0,2024-06-04
2024060403016653,PFL,32,56,80.0,640.0,51200.0,2024-06-04
2024060403016652,PFL,32,1,20.0,640.0,12800.0,2024-06-04
2024060404008188,NHPC,32,8,200.0,147.2,29440.0,2024-06-04
2024060403016651,SDLBSL,37,86,50.0,975.0,48750.0,2024-06-04
2024060404008187,OHL,42,66,100.0,754.0,75400.0,2024-06-04
2024060404008186,OHL,50,66,45.0,754.1,33934.5,2024-06-04
2024060404008185,OHL,50,66,100.0,754.1,75410.0,2024-06-04
2024060404008184,OHL,11,66,365.0,754.8,275502.0,2024-06-04
2024060401023819,MHCL,49,35,30.0,388.0,11640.0,2024-06-04
2024060403016650,SFCL,19,35,80.0,363.0,29040.0,2024-06-04
2024060403016649,SFCL,53,35,250.0,363.1,90775.0,2024-06-04
2024060403016648,SFCL,64,35,10.0,363.2,3632.0,2024-06-04
2024060403016647,SFCL,45,35,150.0,363.3,54495.0,2024-06-04
2024060403016646,SFCL,21,35,10.0,363.5,3635.0,2024-06-04
2024060403016645,NABBC,39,41,1303.0,615.0,801345.0,2024-06-04
2024060403016644,NABBC,39,42,200.0,614.0,122800.0,2024-06-04
2024060403016643,NABBC,39,64,297.0,614.0,182358.0,2024-06-04
2024060403016642,NABBC,39,53,100.0,613.0,61300.0,2024-06-04
2024060403016641,NABBC,39,39,100.0,612.0,61200.0,2024-06-04
2024060401023818,MMKJL,4,34,10.0,470.0,4700.0,2024-06-04
2024060401023817,MMKJL,4,45,50.0,470.0,23500.0,2024-06-04
2024060401023816,MMKJL,4,8,10.0,470.0,4700.0,2024-06-04
2024060401023815,MMKJL,4,57,1000.0,470.0,470000.0,2024-06-04
2024060401023814,MMKJL,4,8,10.0,470.0,4700.0,2024-06-04
2024060401023813,MMKJL,4,43,10.0,470.0,4700.0,2024-06-04
2024060401023812,MMKJL,4,60,300.0,469.9,140970.0,2024-06-04
2024060401023811,MMKJL,4,42,10.0,469.5,4695.0,2024-06-04
2024060401023810,MMKJL,4,17,100.0,469.0,46900.0,2024-06-04
2024060401023809,MMKJL,4,58,10.0,468.9,4689.0,2024-06-04
2024060401023808,MMKJL,4,64,500.0,468.9,234450.0,2024-06-04
2024060401023807,MMKJL,4,58,300.0,468.8,140640.0,2024-06-04
2024060401023806,MMKJL,4,25,250.0,468.1,117025.0,2024-06-04
2024060401023805,MMKJL,4,38,340.0,468.0,159120.0,2024-06-04
2024060401023804,RFPL,49,54,180.0,352.0,63360.0,2024-06-04
2024060403016640,KSBBL,45,34,175.0,373.6,65380.0,2024-06-04
2024060403016639,GUFL,33,16,280.0,664.0,185920.0,2024-06-04
2024060403016638,GUFL,22,16,108.0,664.0,71712.0,2024-06-04
2024060403016637,GUFL,43,16,112.0,664.0,74368.0,2024-06-04
2024060401023803,GVL,44,56,10.0,497.0,4970.0,2024-06-04
2024060401023802,GVL,6,56,10.0,498.0,4980.0,2024-06-04
2024060404008183,IGI,34,85,20.0,530.0,10600.0,2024-06-04
2024060404008182,UNHPL,58,34,175.0,224.0,39200.0,2024-06-04
2024060404008181,UNHPL,53,34,100.0,224.1,22410.0,2024-06-04
2024060404008180,UNHPL,21,34,25.0,225.0,5625.0,2024-06-04
2024060403016636,SMFBS,44,56,38.0,1446.0,54948.0,2024-06-04
2024060403016635,SMFBS,44,56,50.0,1445.0,72250.0,2024-06-04
2024060403016634,SMFBS,44,17,10.0,1440.0,14400.0,2024-06-04
2024060403016633,SMFBS,44,54,20.0,1430.0,28600.0,2024-06-04
2024060403016632,SMFBS,44,45,10.0,1430.0,14300.0,2024-06-04
2024060403016631,SMFBS,44,58,72.0,1429.0,102888.0,2024-06-04
2024060403016630,ILBS,44,62,100.0,1375.0,137500.0,2024-06-04
2024060403016629,LBBL,43,13,72.0,386.3,27813.6,2024-06-04
2024060405005049,STC,21,45,20.0,4864.0,97280.0,2024-06-04
2024060401023801,UNLB,21,58,10.0,1983.0,19830.0,2024-06-04
2024060401023800,UNLB,21,19,10.0,1982.9,19829.0,2024-06-04
2024060401023799,UNLB,21,77,10.0,1975.0,19750.0,2024-06-04
2024060401023798,BNHC,28,45,10.0,710.0,7100.0,2024-06-04
2024060401023797,BNHC,28,70,981.0,705.0,691605.0,2024-06-04
2024060401023796,BNHC,28,57,70.0,652.8,45696.0,2024-06-04
2024060401023795,BNHC,28,19,10.0,651.2,6512.0,2024-06-04
2024060401023794,BNHC,28,38,50.0,651.0,32550.0,2024-06-04
2024060401023793,BNHC,28,38,10.0,651.0,6510.0,2024-06-04
2024060401023792,BNHC,28,45,300.0,649.7,194910.0,2024-06-04
2024060401023791,BNHC,28,45,100.0,648.9,64890.0,2024-06-04
2024060401023790,BNHC,28,42,10.0,648.9,6489.0,2024-06-04
2024060401023789,BNHC,28,57,50.0,648.8,32440.0,2024-06-04
2024060404008179,GLH,57,49,100.0,203.9,20390.0,2024-06-04
2024060401023788,NESDO,49,58,10.0,1985.0,19850.0,2024-06-04
2024060403016628,SWBBL,58,49,10.0,833.0,8330.0,2024-06-04
2024060404008178,CGH,55,67,50.0,858.0,42900.0,2024-06-04
2024060401023787,ULHC,71,5,500.0,399.0,199500.0,2024-06-04
2024060403016627,SFCL,58,45,30.0,365.0,10950.0,2024-06-04
2024060403016626,WNLB,5,32,25.0,1410.0,35250.0,2024-06-04
2024060403016625,EDBL,14,57,10.0,379.9,3799.0,2024-06-04
2024060401023786,HATHY,19,50,100.0,917.0,91700.0,2024-06-04
2024060401023785,HATHY,19,34,480.0,915.0,439200.0,2024-06-04
2024060401023784,HATHY,19,57,332.0,914.9,303746.8,2024-06-04
2024060403016624,PROFL,22,35,100.0,350.0,35000.0,2024-06-04
2024060403016623,MSLB,75,8,88.0,1373.0,120824.0,2024-06-04
2024060403016622,MSLB,75,42,10.0,1365.0,13650.0,2024-06-04
2024060401023783,EBL,33,5,10.0,530.5,5305.0,2024-06-04
2024060403016621,GBLBS,33,50,90.0,774.9,69741.0,2024-06-04
2024060403016620,GBLBS,33,44,40.0,774.9,30996.0,2024-06-04
2024060404008177,RADHI,6,59,13.0,232.0,3016.0,2024-06-04
2024060404008176,RADHI,6,19,33.0,232.0,7656.0,2024-06-04
2024060401023782,BHDC,52,65,10.0,598.0,5980.0,2024-06-04
2024060401023781,BNHC,28,57,50.0,648.8,32440.0,2024-06-04
2024060401023780,BNHC,28,38,100.0,648.8,64880.0,2024-06-04
2024060401023779,BNHC,28,42,116.0,648.8,75260.8,2024-06-04
2024060401023778,BNHC,28,54,50.0,648.7,32435.0,2024-06-04
2024060401023777,BNHC,28,17,640.0,648.0,414720.0,2024-06-04
2024060401023776,BNHC,28,33,1000.0,648.0,648000.0,2024-06-04
2024060401023775,BNHC,28,7,50.0,648.0,32400.0,2024-06-04
2024060401023774,BNHC,28,48,50.0,648.0,32400.0,2024-06-04
2024060401023773,BNHC,28,58,50.0,648.0,32400.0,2024-06-04
2024060401023772,BNHC,28,38,200.0,648.0,129600.0,2024-06-04
2024060401023771,BNHC,28,57,10.0,647.0,6470.0,2024-06-04
2024060401023770,BNHC,28,33,50.0,646.8,32340.0,2024-06-04
2024060401023769,BNHC,28,28,100.0,646.8,64680.0,2024-06-04
2024060401023768,BNHC,28,58,10.0,646.0,6460.0,2024-06-04
2024060401023767,BNHC,28,34,10.0,645.0,6450.0,2024-06-04
2024060401023766,BNHC,28,36,75.0,645.0,48375.0,2024-06-04
2024060401023765,BNHC,28,49,10.0,640.0,6400.0,2024-06-04
2024060401023764,BNHC,28,54,130.0,640.0,83200.0,2024-06-04
2024060401023763,BNHC,28,42,10.0,640.0,6400.0,2024-06-04
2024060401023762,BNHC,28,70,324.0,640.0,207360.0,2024-06-04
2024060401023761,BNHC,28,4,65.0,639.0,41535.0,2024-06-04
2024060401023760,BNHC,28,57,300.0,639.0,191700.0,2024-06-04
2024060401023759,BNHC,28,42,100.0,638.0,63800.0,2024-06-04
2024060403016619,ILBS,3,62,300.0,1375.0,412500.0,2024-06-04
2024060401023758,HBL,13,32,67.0,191.0,12797.0,2024-06-04
2024060401023757,HBL,49,32,14.0,191.0,2674.0,2024-06-04
2024060401023756,HBL,14,32,19.0,191.0,3629.0,2024-06-04
2024060403016618,NFS,74,58,600.0,607.7,364620.0,2024-06-04
2024060403016617,NFS,38,58,400.0,607.9,243160.0,2024-06-04
2024060403016616,SHINE,63,11,80.0,386.2,30896.0,2024-06-04
2024060403016615,SHINE,58,11,10.0,387.0,3870.0,2024-06-04
2024060401023755,MEL,37,22,10.0,227.0,2270.0,2024-06-04
2024060401023754,MEL,37,22,10.0,227.0,2270.0,2024-06-04
2024060401023753,MEL,37,22,10.0,227.0,2270.0,2024-06-04
2024060401023752,MEL,37,4,10.0,227.0,2270.0,2024-06-04
2024060403016614,NABBC,72,58,836.0,600.0,501600.0,2024-06-04
2024060403016613,NABBC,34,58,20.0,600.0,12000.0,2024-06-04
2024060403016612,NABBC,13,58,100.0,600.1,60010.0,2024-06-04
2024060403016611,NABBC,36,58,250.0,600.2,150050.0,2024-06-04
2024060403016610,NABBC,36,58,150.0,600.3,90045.0,2024-06-04
2024060403016609,NABBC,36,58,144.0,601.1,86558.4,2024-06-04
2024060404008175,UPCL,46,14,84.0,190.0,15960.0,2024-06-04
2024060403016608,RSDC,60,14,45.0,695.0,31275.0,2024-06-04
2024060403016607,GMFBS,26,35,30.0,1240.1,37203.0,2024-06-04
2024060403016606,GMFBS,38,35,50.0,1249.0,62450.0,2024-06-04
2024060403016605,GMFBS,33,35,50.0,1249.0,62450.0,2024-06-04
2024060401023751,HATHY,46,64,10.0,914.9,9149.0,2024-06-04
2024060401023750,HATHY,46,46,12.0,914.0,10968.0,2024-06-04
2024060401023749,RNLI,19,34,10.0,430.0,4300.0,2024-06-04
2024060401023748,RNLI,19,38,10.0,430.0,4300.0,2024-06-04
2024060401023747,RNLI,19,35,11.0,430.0,4730.0,2024-06-04
2024060401023746,RNLI,19,17,11.0,430.0,4730.0,2024-06-04
2024060401023745,MEHL,42,70,91.0,351.9,32022.9,2024-06-04
2024060401023744,PCBL,34,35,970.0,202.2,196134.0,2024-06-04
2024060401023743,PCBL,34,45,30.0,202.1,6063.0,2024-06-04
2024060404008174,UPCL,46,36,916.0,190.0,174040.0,2024-06-04
2024060404008173,UPCL,25,36,100.0,190.0,19000.0,2024-06-04
2024060404008172,UPCL,49,36,200.0,190.0,38000.0,2024-06-04
2024060404008171,UPCL,49,36,200.0,190.0,38000.0,2024-06-04
2024060404008170,UPCL,49,36,200.0,190.0,38000.0,2024-06-04
2024060404008169,UPCL,14,36,70.0,190.0,13300.0,2024-06-04
2024060404008168,UPCL,13,36,50.0,190.0,9500.0,2024-06-04
2024060404008167,UPCL,35,36,99.0,190.0,18810.0,2024-06-04
2024060403016604,ALBSL,43,55,250.0,1004.0,251000.0,2024-06-04
2024060403016603,ALBSL,43,10,100.0,1004.0,100400.0,2024-06-04
2024060403016602,ALBSL,43,55,150.0,1004.0,150600.0,2024-06-04
2024060403016601,ALBSL,43,33,279.0,1003.9,280088.1,2024-06-04
2024060403016600,ALBSL,43,35,10.0,1003.9,10039.0,2024-06-04
2024060403016599,ALBSL,43,57,10.0,1003.0,10030.0,2024-06-04
2024060403016598,ALBSL,43,7,10.0,1003.0,10030.0,2024-06-04
2024060403016597,ALBSL,43,13,100.0,1003.0,100300.0,2024-06-04
2024060403016596,ALBSL,43,11,130.0,1002.8,130364.0,2024-06-04
2024060403016595,ALBSL,43,25,100.0,1002.7,100270.0,2024-06-04
2024060403016594,ALBSL,43,34,20.0,1002.6,20052.0,2024-06-04
2024060403016593,ALBSL,43,57,487.0,1002.0,487974.0,2024-06-04
2024060403016592,ALBSL,43,49,10.0,1002.0,10020.0,2024-06-04
2024060403016591,ALBSL,43,29,20.0,1002.0,20040.0,2024-06-04
2024060403016590,ALBSL,43,7,20.0,1001.0,20020.0,2024-06-04
2024060403016589,ALBSL,43,22,10.0,1000.0,10000.0,2024-06-04
2024060403016588,ALBSL,43,34,10.0,1000.0,10000.0,2024-06-04
2024060403016587,ALBSL,43,38,183.0,1000.0,183000.0,2024-06-04
2024060403016586,ALBSL,43,49,10.0,1000.0,10000.0,2024-06-04
2024060403016585,ALBSL,43,81,90.0,1000.0,90000.0,2024-06-04
2024060403016584,RSDC,60,43,155.0,695.0,107725.0,2024-06-04
2024060403016583,RSDC,16,43,50.0,695.1,34755.0,2024-06-04
2024060403016582,RSDC,33,43,25.0,695.1,17377.5,2024-06-04
2024060403016581,RSDC,10,43,30.0,695.2,20856.0,2024-06-04
2024060405005048,SMATA,25,29,400.0,1001.5,400600.0,2024-06-04
2024060404008166,SHL,18,25,100.0,434.0,43400.0,2024-06-04
2024060401023742,RNLI,41,6,1.0,429.0,429.0,2024-06-04
2024060401023741,RNLI,41,21,10.0,429.0,4290.0,2024-06-04
2024060405005047,NTC,51,35,10.0,840.0,8400.0,2024-06-04
2024060401023740,ULBSL,45,7,10.0,1919.0,19190.0,2024-06-04
2024060401023739,GVL,45,44,10.0,498.9,4989.0,2024-06-04
2024060403016580,HLBSL,38,6,10.0,1362.0,13620.0,2024-06-04
2024060403016579,HLBSL,38,51,40.0,1362.0,54480.0,2024-06-04
2024060403016578,HLBSL,38,25,10.0,1362.0,13620.0,2024-06-04
2024060403016577,HLBSL,38,38,50.0,1362.0,68100.0,2024-06-04
2024060403016576,HLBSL,38,45,33.0,1362.0,44946.0,2024-06-04
2024060403016575,HLBSL,38,48,150.0,1361.0,204150.0,2024-06-04
2024060401023738,VLUCL,49,7,10.0,497.0,4970.0,2024-06-04
2024060401023737,VLUCL,91,7,10.0,497.0,4970.0,2024-06-04
2024060405005046,NRIC,42,7,95.0,663.0,62985.0,2024-06-04
2024060405005045,NRIC,48,7,10.0,663.0,6630.0,2024-06-04
2024060405005044,NRIC,21,7,50.0,663.0,33150.0,2024-06-04
2024060403016574,NICLBSL,34,43,10.0,663.0,6630.0,2024-06-04
2024060403016573,GBLBS,43,44,90.0,770.0,69300.0,2024-06-04
2024060404008165,OHL,11,13,677.0,754.8,510999.6,2024-06-04
2024060404008164,OHL,57,13,190.0,754.9,143431.0,2024-06-04
2024060401023736,SGHC,13,44,25.0,329.0,8225.0,2024-06-04
2024060404008163,SJCL,13,86,50.0,267.3,13365.0,2024-06-04
2024060404008162,SJCL,57,86,80.0,267.5,21400.0,2024-06-04
2024060404008161,NHDL,50,81,415.0,480.3,199324.5,2024-06-04
2024060404008160,NHDL,45,81,21.0,481.0,10101.0,2024-06-04
2024060405005043,HIDCL,50,47,91.0,165.0,15015.0,2024-06-04
2024060405005042,HIDCL,50,5,909.0,165.0,149985.0,2024-06-04
2024060403016572,NLICL,65,50,100.0,547.4,54740.0,2024-06-04
2024060403016571,MPFL,5,29,147.0,498.0,73206.0,2024-06-04
2024060403016570,MPFL,41,29,19.0,499.0,9481.0,2024-06-04
2024060403016569,MPFL,21,29,20.0,499.1,9982.0,2024-06-04
2024060403016568,MPFL,53,29,114.0,499.1,56897.4,2024-06-04
2024060401023735,SARBTM,62,62,100.0,824.0,82400.0,2024-06-04
2024060403016567,SKBBL,57,62,10.0,822.0,8220.0,2024-06-04
2024060404008159,TRH,91,5,10.0,750.2,7502.0,2024-06-04
2024060401023734,VLUCL,45,7,70.0,493.1,34517.0,2024-06-04
2024060401023733,VLUCL,34,7,10.0,493.2,4932.0,2024-06-04
2024060401023732,MMKJL,58,38,160.0,468.0,74880.0,2024-06-04
2024060401023731,MMKJL,58,42,10.0,468.0,4680.0,2024-06-04
2024060401023730,MMKJL,58,60,530.0,467.9,247987.0,2024-06-04
2024060401023729,MMKJL,58,94,300.0,467.0,140100.0,2024-06-04
2024060401023728,MMKJL,58,50,10.0,467.0,4670.0,2024-06-04
2024060401023727,MMKJL,58,45,490.0,467.0,228830.0,2024-06-04
2024060401023726,RHGCL,6,46,100.0,344.3,34430.0,2024-06-04
2024060401023725,NICA,13,19,100.0,415.5,41550.0,2024-06-04
2024060401023724,MHL,88,81,10.0,437.0,4370.0,2024-06-04
2024060403016566,CFCL,59,18,450.0,429.0,193050.0,2024-06-04
2024060404008158,KKHC,57,54,100.0,217.0,21700.0,2024-06-04
2024060404008157,KKHC,43,54,100.0,217.0,21700.0,2024-06-04
2024060404008156,KKHC,49,54,285.0,217.0,61845.0,2024-06-04
2024060404008155,BARUN,16,28,84.0,237.0,19908.0,2024-06-04
2024060404008154,BARUN,16,56,50.0,237.0,11850.0,2024-06-04
2024060401023723,PRVU,8,34,50.0,143.1,7155.0,2024-06-04
2024060403016565,KMCDB,43,29,15.0,1090.0,16350.0,2024-06-04
2024060403016564,KMCDB,43,10,35.0,1090.0,38150.0,2024-06-04
2024060405005041,NRN,25,57,164.0,600.0,98400.0,2024-06-04
2024060405005040,NRN,25,55,40.0,600.0,24000.0,2024-06-04
2024060405005039,NRN,25,33,1000.0,600.0,600000.0,2024-06-04
2024060405005038,NRN,25,25,200.0,600.0,120000.0,2024-06-04
2024060405005037,NRN,25,49,495.0,600.0,297000.0,2024-06-04
2024060405005036,NRN,25,36,525.0,600.0,315000.0,2024-06-04
2024060405005035,NRN,25,35,1000.0,600.0,600000.0,2024-06-04
2024060405005034,NRN,25,38,110.0,600.0,66000.0,2024-06-04
2024060405005033,NRN,25,10,100.0,600.0,60000.0,2024-06-04
2024060405005032,NRN,25,50,50.0,600.0,30000.0,2024-06-04
2024060405005031,NRN,25,42,100.0,600.0,60000.0,2024-06-04
2024060405005030,NRN,25,29,200.0,599.9,119980.0,2024-06-04
2024060405005029,NRN,25,49,100.0,599.7,59970.0,2024-06-04
2024060405005028,NRN,25,22,500.0,599.0,299500.0,2024-06-04
2024060405005027,NRN,25,45,400.0,598.0,239200.0,2024-06-04
2024060405005026,NRN,25,78,16.0,595.0,9520.0,2024-06-04
2024060403016563,NMBMF,35,25,200.0,681.0,136200.0,2024-06-04
2024060401023722,BEDC,40,5,100.0,398.0,39800.0,2024-06-04
2024060403016562,DDBL,50,42,40.0,734.0,29360.0,2024-06-04
2024060401023721,SNLI,45,41,10.0,469.9,4699.0,2024-06-04
2024060401023720,SCB,38,35,10.0,567.0,5670.0,2024-06-04
2024060401023719,HATHY,58,32,22.0,911.0,20042.0,2024-06-04
2024060401023718,HATHY,77,32,78.0,912.1,71143.8,2024-06-04
2024060401023717,DLBS,64,36,20.0,1260.0,25200.0,2024-06-04
2024060405005025,NIFRA,42,57,50.0,197.2,9860.0,2024-06-04
2024060401023716,ILI,50,6,260.0,436.1,113386.0,2024-06-04
2024060401023715,ILI,42,6,10.0,436.2,4362.0,2024-06-04
2024060405005024,NRN,17,44,150.0,591.0,88650.0,2024-06-04
2024060404008153,PPCL,8,44,50.0,228.2,11410.0,2024-06-04
2024060404008152,AKPL,43,44,380.0,163.1,61978.0,2024-06-04
2024060404008151,AKPL,43,44,140.0,163.1,22834.0,2024-06-04
2024060404008150,AKPL,34,44,350.0,163.1,57085.0,2024-06-04
2024060404008149,AKPL,43,44,10.0,163.2,1632.0,2024-06-04
2024060404008148,AKPL,56,44,20.0,163.2,3264.0,2024-06-04
2024060404008147,AKPL,39,44,100.0,163.5,16350.0,2024-06-04
2024060403016561,SADBL,56,17,10.0,319.4,3194.0,2024-06-04
2024060403016560,GFCL,42,56,10.0,466.8,4668.0,2024-06-04
2024060404008146,SSHL,34,34,10.0,160.0,1600.0,2024-06-04
2024060401023714,MBJC,45,13,100.0,301.0,30100.0,2024-06-04
2024060401023713,MBJC,50,13,20.0,301.0,6020.0,2024-06-04
2024060401023712,CYCL,29,18,10.0,1499.0,14990.0,2024-06-04
2024060401023711,CYCL,29,41,10.0,1498.9,14989.0,2024-06-04
2024060401023710,CYCL,29,18,100.0,1489.9,148990.0,2024-06-04
2024060405005023,HIDCL,38,5,25.0,165.0,4125.0,2024-06-04
2024060401023709,SAHAS,19,57,330.0,521.5,172095.0,2024-06-04
2024060401023708,SAHAS,55,57,200.0,521.6,104320.0,2024-06-04
2024060401023707,SAHAS,10,57,60.0,522.0,31320.0,2024-06-04
2024060401023706,SAHAS,43,57,10.0,528.0,5280.0,2024-06-04
2024060401023705,NIMB,53,58,10.0,160.6,1606.0,2024-06-04
2024060403016559,JBBL,19,20,20.0,287.6,5752.0,2024-06-04
2024060401023704,BEDC,18,5,10.0,398.0,3980.0,2024-06-04
2024060401023703,BEDC,18,6,70.0,395.0,27650.0,2024-06-04
2024060405005022,SMATA,42,29,50.0,1001.5,50075.0,2024-06-04
2024060404008145,NGPL,18,5,200.0,306.9,61380.0,2024-06-04
2024060403016558,GUFL,22,34,60.0,667.0,40020.0,2024-06-04
2024060403016557,CFCL,59,44,100.0,429.0,42900.0,2024-06-04
2024060403016556,SADBL,56,17,100.0,319.4,31940.0,2024-06-04
2024060401023702,RNLI,13,29,91.0,429.5,39084.5,2024-06-04
2024060403016555,SINDU,48,34,10.0,385.0,3850.0,2024-06-04
2024060401023701,EBL,5,5,20.0,530.5,10610.0,2024-06-04
2024060401023700,MEL,91,58,10.0,226.8,2268.0,2024-06-04
2024060401023699,TPC,21,42,10.0,495.5,4955.0,2024-06-04
2024060403016554,ILBS,22,62,60.0,1375.0,82500.0,2024-06-04
2024060403016553,ILBS,22,44,19.0,1375.0,26125.0,2024-06-04
2024060403016552,ILBS,22,45,11.0,1374.0,15114.0,2024-06-04
2024060401023698,IHL,47,22,152.0,403.0,61256.0,2024-06-04
2024060401023697,IHL,3,22,100.0,403.1,40310.0,2024-06-04
2024060403016551,PFL,41,44,4000.0,639.0,2556000.0,2024-06-04
2024060403016550,CFCL,59,1,100.0,430.0,43000.0,2024-06-04
2024060403016549,CFCL,59,19,100.0,430.0,43000.0,2024-06-04
2024060403016548,CFCL,59,13,108.0,430.0,46440.0,2024-06-04
2024060403016547,CFCL,59,28,84.0,430.0,36120.0,2024-06-04
2024060403016546,CFCL,59,14,58.0,430.0,24940.0,2024-06-04
2024060403016545,CFCL,59,51,50.0,429.8,21490.0,2024-06-04
2024060404008144,JOSHI,48,52,95.0,301.6,28652.0,2024-06-04
2024060404008143,MHNL,47,86,10.0,234.8,2348.0,2024-06-04
2024060404008142,MHNL,47,17,10.0,234.0,2340.0,2024-06-04
2024060403016544,MDB,49,29,12.0,483.0,5796.0,2024-06-04
2024060403016543,MDB,22,29,100.0,483.0,48300.0,2024-06-04
2024060403016542,MDB,62,29,188.0,483.0,90804.0,2024-06-04
2024060401023696,AHL,64,45,390.0,472.0,184080.0,2024-06-04
2024060401023695,AHL,58,45,10.0,475.0,4750.0,2024-06-04
2024060401023694,AHL,65,45,100.0,475.4,47540.0,2024-06-04
2024060404008141,HEI,42,57,20.0,601.0,12020.0,2024-06-04
2024060401023693,NRM,32,35,10.0,388.0,3880.0,2024-06-04
2024060401023692,NRM,32,1,30.0,386.0,11580.0,2024-06-04
2024060404008140,RURU,89,70,200.0,613.0,122600.0,2024-06-04
2024060403016541,USLB,62,35,10.0,1994.0,19940.0,2024-06-04
2024060404008139,UMRH,35,37,290.0,369.0,107010.0,2024-06-04
2024060404008138,UMRH,35,44,210.0,369.0,77490.0,2024-06-04
2024060404008137,NGPL,58,5,50.0,306.9,15345.0,2024-06-04
2024060404008136,UNHPL,58,26,10.0,225.0,2250.0,2024-06-04
2024060401023691,SARBTM,58,62,11.0,824.0,9064.0,2024-06-04
2024060401023690,KDL,71,42,10.0,1248.0,12480.0,2024-06-04
2024060404008135,RIDI,10,42,300.0,167.9,50370.0,2024-06-04
2024060401023689,MKHC,42,48,10.0,324.0,3240.0,2024-06-04
2024060405005021,SMATA,42,29,50.0,1001.5,50075.0,2024-06-04
2024060404008134,RHPL,22,35,10.0,278.0,2780.0,2024-06-04
2024060401023688,HDL,44,19,40.0,1295.0,51800.0,2024-06-04
2024060401023687,MEHL,6,59,10.0,350.1,3501.0,2024-06-04
2024060404008133,RADHI,43,25,20.0,231.7,4634.0,2024-06-04
2024060403016540,EDBL,21,57,10.0,379.9,3799.0,2024-06-04
2024060401023686,LSL,33,51,121.0,163.1,19735.1,2024-06-04
2024060401023685,LSL,16,51,371.0,163.3,60584.3,2024-06-04
2024060401023684,LSL,45,51,100.0,163.4,16340.0,2024-06-04
2024060405005020,CIT,51,42,100.0,2118.0,211800.0,2024-06-04
2024060401023683,SHIVM,28,3,112.0,494.0,55328.0,2024-06-04
2024060404008132,HEI,45,67,10.0,604.0,6040.0,2024-06-04
2024060403016539,ACLBSL,49,41,100.0,955.0,95500.0,2024-06-04
2024060404008131,NIL,44,41,10.0,801.5,8015.0,2024-06-04
2024060401023682,BGWT,42,49,20.0,904.0,18080.0,2024-06-04
2024060403016538,SINDU,17,34,10.0,385.0,3850.0,2024-06-04
2024060401023681,SHLB,1,17,20.0,1760.2,35204.0,2024-06-04
2024060404008130,KPCL,32,49,10.0,440.0,4400.0,2024-06-04
2024060401023680,USHEC,5,34,40.0,405.0,16200.0,2024-06-04
2024060405005019,NIFRA,1,35,50.0,197.1,9855.0,2024-06-04
2024060405005018,NIFRA,52,35,50.0,197.2,9860.0,2024-06-04
2024060401023679,SMJC,64,19,100.0,380.5,38050.0,2024-06-04
2024060404008129,CHL,58,58,140.0,320.0,44800.0,2024-06-04
2024060404008128,API,58,58,10.0,168.9,1689.0,2024-06-04
2024060403016537,GILB,62,26,40.0,1446.5,57860.0,2024-06-04
2024060403016536,MPFL,53,61,236.0,499.1,117787.6,2024-06-04
2024060403016535,KLBSL,34,22,10.0,991.0,9910.0,2024-06-04
2024060403016534,WNLB,52,49,100.0,1408.0,140800.0,2024-06-04
2024060403016533,GUFL,49,34,10.0,667.0,6670.0,2024-06-04
2024060404008127,GHL,49,45,10.0,144.9,1449.0,2024-06-04
2024060403016532,JFL,17,52,30.0,568.2,17046.0,2024-06-04
2024060403016531,JFL,17,10,380.0,568.1,215878.0,2024-06-04
2024060403016530,JFL,17,25,1000.0,568.0,568000.0,2024-06-04
2024060403016529,JFL,17,45,500.0,568.0,284000.0,2024-06-04
2024060403016528,JFL,17,69,90.0,568.0,51120.0,2024-06-04
2024060401023678,SONA,19,38,10.0,445.9,4459.0,2024-06-04
2024060404008126,AHPC,17,42,110.0,155.7,17127.0,2024-06-04
2024060404008125,AHPC,17,47,115.0,155.7,17905.5,2024-06-04
2024060401023677,SARBTM,39,62,100.0,824.0,82400.0,2024-06-04
2024060401023676,ILI,42,42,10.0,436.2,4362.0,2024-06-04
2024060404008124,JOSHI,35,52,405.0,301.6,122148.0,2024-06-04
2024060401023675,HDL,52,19,10.0,1295.0,12950.0,2024-06-04
2024060401023674,HHL,52,5,10.0,357.9,3579.0,2024-06-04
2024060401023673,HHL,52,32,10.0,357.0,3570.0,2024-06-04
2024060404008123,JOSHI,60,81,10.0,303.9,3039.0,2024-06-04
2024060403016527,HLBSL,38,1,200.0,1361.0,272200.0,2024-06-04
2024060403016526,HLBSL,70,1,331.0,1361.0,450491.0,2024-06-04
2024060404008122,NGPL,42,29,126.0,306.0,38556.0,2024-06-04
2024060404008121,NGPL,53,29,100.0,306.0,30600.0,2024-06-04
2024060404008120,NGPL,58,29,274.0,306.0,83844.0,2024-06-04
2024060403016525,JFL,41,69,10.0,568.0,5680.0,2024-06-04
2024060403016524,SLBBL,49,25,64.0,779.5,49888.0,2024-06-04
2024060405005017,BBC,49,42,10.0,3870.0,38700.0,2024-06-04
2024060401023672,ILI,42,38,30.0,436.2,13086.0,2024-06-04
2024060404008119,UMHL,5,38,930.0,236.8,220224.0,2024-06-04
2024060404008118,UMHL,5,39,45.0,236.0,10620.0,2024-06-04
2024060404008117,SICL,57,14,19.0,701.6,13330.4,2024-06-04
2024060403016523,PFL,41,35,10.0,639.0,6390.0,2024-06-04
2024060401023671,HBL,14,39,81.0,191.0,15471.0,2024-06-04
2024060401023670,HBL,13,39,34.0,191.0,6494.0,2024-06-04
2024060401023669,JALPA,54,7,20.0,1450.0,29000.0,2024-06-04
2024060405005016,SMATA,4,46,50.0,1001.5,50075.0,2024-06-04
2024060403016522,SINDU,58,34,10.0,385.0,3850.0,2024-06-04
2024060403016521,SABSL,34,42,127.0,1012.0,128524.0,2024-06-04
2024060403016520,SABSL,34,3,50.0,1012.0,50600.0,2024-06-04
2024060403016519,SABSL,34,49,250.0,1011.0,252750.0,2024-06-04
2024060403016518,SABSL,34,38,57.0,1010.0,57570.0,2024-06-04
2024060403016517,SABSL,34,61,19.0,1010.0,19190.0,2024-06-04
2024060403016516,SABSL,34,70,321.0,1009.0,323889.0,2024-06-04
2024060403016515,SABSL,34,42,15.0,1007.0,15105.0,2024-06-04
2024060403016514,SABSL,34,45,59.0,1007.0,59413.0,2024-06-04
2024060403016513,SABSL,34,55,80.0,1006.9,80552.0,2024-06-04
2024060401023668,HBL,49,49,30.0,191.1,5733.0,2024-06-04
2024060404008116,UMRH,49,44,780.0,369.0,287820.0,2024-06-04
2024060404008115,UMRH,49,32,420.0,366.3,153846.0,2024-06-04
2024060403016512,NFS,74,72,200.0,608.0,121600.0,2024-06-04
2024060404008114,NGPL,35,5,100.0,306.9,30690.0,2024-06-04
2024060401023667,HATHY,77,35,22.0,912.1,20066.2,2024-06-04
2024060401023666,MHL,88,81,10.0,437.0,4370.0,2024-06-04
2024060401023665,MHL,88,57,10.0,435.0,4350.0,2024-06-04
2024060404008113,NGPL,16,5,200.0,306.9,61380.0,2024-06-04
2024060403016511,MSLB,71,42,10.0,1369.0,13690.0,2024-06-04
2024060401023664,RHGCL,13,45,500.0,345.1,172550.0,2024-06-04
2024060404008112,HURJA,48,86,10.0,276.0,2760.0,2024-06-04
2024060403016510,NMLBBL,38,25,10.0,729.0,7290.0,2024-06-04
2024060404008111,SHL,44,48,100.0,433.8,43380.0,2024-06-04
2024060404008110,SHL,26,48,100.0,434.0,43400.0,2024-06-04
2024060404008109,SHL,34,48,100.0,434.0,43400.0,2024-06-04
2024060401023663,SGHC,48,44,135.0,329.0,44415.0,2024-06-04
2024060401023662,SGHC,48,45,15.0,328.0,4920.0,2024-06-04
2024060404008108,SGIC,62,45,10.0,533.0,5330.0,2024-06-04
2024060401023661,SARBTM,62,62,100.0,824.0,82400.0,2024-06-04
2024060401023660,CITY,42,57,200.0,641.0,128200.0,2024-06-04
2024060401023659,SNLI,38,49,10.0,469.4,4694.0,2024-06-04
2024060404008107,NHDL,14,19,10.0,484.0,4840.0,2024-06-04
2024060401023658,TVCL,13,46,30.0,451.0,13530.0,2024-06-04
2024060403016509,PFL,41,71,1000.0,639.0,639000.0,2024-06-04
2024060401023657,SONA,42,63,350.0,447.0,156450.0,2024-06-04
2024060401023656,SONA,42,49,10.0,447.0,4470.0,2024-06-04
2024060401023655,SONA,42,19,10.0,447.0,4470.0,2024-06-04
2024060401023654,SONA,42,32,200.0,446.5,89300.0,2024-06-04
2024060401023653,SONA,42,45,500.0,446.0,223000.0,2024-06-04
2024060401023652,SONA,42,4,10.0,446.0,4460.0,2024-06-04
2024060401023651,SONA,42,52,10.0,446.0,4460.0,2024-06-04
2024060401023650,SONA,42,49,100.0,445.9,44590.0,2024-06-04
2024060401023649,SONA,42,28,10.0,445.9,4459.0,2024-06-04
2024060404008106,NIL,44,45,10.0,801.6,8016.0,2024-06-04
2024060403016508,LBBL,7,13,413.0,386.4,159583.2,2024-06-04
2024060404008105,SGIC,56,43,80.0,531.2,42496.0,2024-06-04
2024060404008104,SGIC,42,43,50.0,532.0,26600.0,2024-06-04
2024060401023648,USHEC,34,34,50.0,405.0,20250.0,2024-06-04
2024060403016507,HLBSL,70,34,200.0,1361.0,272200.0,2024-06-04
2024060401023647,RAWA,62,4,10.0,510.0,5100.0,2024-06-04
2024060403016506,NMBMF,45,44,39.0,685.0,26715.0,2024-06-04
2024060403016505,NMBMF,45,45,13.0,685.0,8905.0,2024-06-04
2024060404008103,SJCL,57,86,70.0,268.0,18760.0,2024-06-04
2024060404008102,SJCL,57,55,10.0,268.0,2680.0,2024-06-04
2024060404008101,SPDL,17,74,15.0,233.8,3507.0,2024-06-04
2024060404008100,SPDL,17,59,40.0,233.5,9340.0,2024-06-04
2024060403016504,SWMF,25,38,20.0,850.0,17000.0,2024-06-04
2024060401023646,DOLTI,14,6,30.0,429.9,12897.0,2024-06-04
2024060404008099,UMHL,29,39,55.0,236.0,12980.0,2024-06-04
2024060403016503,VLBS,75,42,90.0,1005.1,90459.0,2024-06-04
2024060403016502,VLBS,32,42,20.0,1010.0,20200.0,2024-06-04
2024060401023645,PRVU,55,87,18.0,143.0,2574.0,2024-06-04
2024060401023644,PRVU,58,87,900.0,143.1,128790.0,2024-06-04
2024060401023643,PRVU,50,87,550.0,143.1,78705.0,2024-06-04
2024060401023642,PRVU,28,87,532.0,143.1,76129.2,2024-06-04
2024060404008098,JOSHI,35,6,95.0,301.6,28652.0,2024-06-04
2024060404008097,JOSHI,45,6,395.0,301.6,119132.0,2024-06-04
2024060404008096,JOSHI,58,6,10.0,302.0,3020.0,2024-06-04
2024060401023641,MCHL,45,6,10.0,394.0,3940.0,2024-06-04
2024060401023640,MKHL,58,81,10.0,456.0,4560.0,2024-06-04
2024060401023639,SMJC,34,63,340.0,380.0,129200.0,2024-06-04
2024060401023638,SMJC,71,63,10.0,380.0,3800.0,2024-06-04
2024060401023637,SMJC,13,63,500.0,380.0,190000.0,2024-06-04
2024060401023636,SMJC,60,63,150.0,380.3,57045.0,2024-06-04
2024060401023635,SMJC,60,21,95.0,380.3,36128.5,2024-06-04
2024060404008095,KKHC,34,19,10.0,218.0,2180.0,2024-06-04
2024060403016501,MNBBL,34,1,200.0,345.9,69180.0,2024-06-04
2024060401023634,KBL,3,35,179.0,143.0,25597.0,2024-06-04
2024060401023633,KBL,3,51,1053.0,142.9,150473.7,2024-06-04
2024060401023632,KBL,3,25,200.0,142.9,28580.0,2024-06-04
2024060401023631,KBL,3,42,150.0,142.8,21420.0,2024-06-04
2024060404008094,UPCL,35,57,300.0,190.0,57000.0,2024-06-04
2024060405005015,HRL,17,19,22.0,570.7,12555.4,2024-06-04
2024060401023630,CZBIL,38,14,10.0,170.0,1700.0,2024-06-04
2024060401023629,BHDC,21,35,175.0,590.1,103267.5,2024-06-04
2024060403016500,NADEP,64,44,79.0,806.0,63674.0,2024-06-04
2024060403016499,NADEP,64,52,100.0,806.0,80600.0,2024-06-04
2024060403016498,NADEP,64,14,124.0,805.0,99820.0,2024-06-04
2024060403016497,NADEP,64,43,50.0,804.0,40200.0,2024-06-04
2024060403016496,NADEP,64,45,15.0,803.0,12045.0,2024-06-04
2024060403016495,NADEP,64,52,102.0,802.0,81804.0,2024-06-04
2024060403016494,NADEP,64,6,30.0,802.0,24060.0,2024-06-04
2024060401023628,ULHC,71,56,300.0,399.0,119700.0,2024-06-04
2024060401023627,ULHC,71,36,81.0,398.7,32294.7,2024-06-04
2024060403016493,JFL,41,71,1000.0,567.9,567900.0,2024-06-04
2024060401023626,TVCL,13,22,10.0,451.0,4510.0,2024-06-04
2024060403016492,HLBSL,70,6,20.0,1361.0,27220.0,2024-06-04
2024060401023625,MEHL,6,36,186.0,350.1,65118.6,2024-06-04
2024060401023624,MEHL,29,36,25.0,350.1,8752.5,2024-06-04
2024060401023623,MEHL,4,36,110.0,350.2,38522.0,2024-06-04
2024060401023622,MEHL,43,36,150.0,350.9,52635.0,2024-06-04
2024060401023621,MEHL,55,36,29.0,351.0,10179.0,2024-06-04
2024060401023620,PRVU,43,42,130.0,143.5,18655.0,2024-06-04
2024060403016491,ALBSL,58,81,10.0,1000.0,10000.0,2024-06-04
2024060403016490,ALBSL,58,56,10.0,1000.0,10000.0,2024-06-04
2024060403016489,ALBSL,58,38,20.0,1000.0,20000.0,2024-06-04
2024060403016488,ALBSL,58,32,10.0,997.0,9970.0,2024-06-04
2024060401023619,RFPL,49,8,10.0,352.0,3520.0,2024-06-04
2024060401023618,PHCL,72,37,100.0,310.0,31000.0,2024-06-04
2024060401023617,PHCL,72,50,10.0,310.0,3100.0,2024-06-04
2024060401023616,PHCL,72,54,30.0,310.0,9300.0,2024-06-04
2024060401023615,PHCL,72,58,10.0,310.0,3100.0,2024-06-04
2024060401023614,PHCL,72,4,10.0,310.0,3100.0,2024-06-04
2024060401023613,PHCL,72,21,10.0,310.0,3100.0,2024-06-04
2024060401023612,PHCL,72,18,10.0,310.0,3100.0,2024-06-04
2024060401023611,PHCL,72,58,10.0,310.0,3100.0,2024-06-04
2024060401023610,PHCL,72,4,10.0,310.0,3100.0,2024-06-04
2024060401023609,PHCL,72,57,10.0,310.0,3100.0,2024-06-04
2024060401023608,PHCL,72,57,10.0,310.0,3100.0,2024-06-04
2024060401023607,PHCL,72,4,10.0,310.0,3100.0,2024-06-04
2024060401023606,PHCL,72,58,10.0,310.0,3100.0,2024-06-04
2024060401023605,PHCL,72,68,381.0,309.9,118071.9,2024-06-04
2024060401023604,PHCL,72,14,490.0,309.8,151802.0,2024-06-04
2024060403016487,MNBBL,42,48,100.0,345.6,34560.0,2024-06-04
2024060403016486,GUFL,34,34,44.0,664.0,29216.0,2024-06-04
2024060403016485,GUFL,74,34,20.0,664.0,13280.0,2024-06-04
2024060403016484,GUFL,41,34,86.0,665.0,57190.0,2024-06-04
2024060403016483,MFIL,34,57,61.0,504.9,30798.9,2024-06-04
2024060404008093,KKHC,34,19,10.0,218.0,2180.0,2024-06-04
2024060403016482,DDBL,51,42,40.0,734.0,29360.0,2024-06-04
2024060404008092,SHEL,21,57,10.0,158.0,1580.0,2024-06-04
2024060404008091,HDHPC,39,57,265.0,129.0,34185.0,2024-06-04
2024060405005014,HRL,41,17,32.0,570.1,18243.2,2024-06-04
2024060405005013,HRL,6,17,218.0,570.2,124303.6,2024-06-04
2024060403016481,PROFL,49,35,100.0,350.0,35000.0,2024-06-04
2024060405005012,HRL,6,32,282.0,570.2,160796.4,2024-06-04
2024060405005011,HRL,42,32,218.0,570.2,124303.6,2024-06-04
2024060405005010,NRN,58,38,490.0,590.0,289100.0,2024-06-04
2024060405005009,NRN,22,38,10.0,590.0,5900.0,2024-06-04
2024060405005008,NRN,42,38,100.0,590.0,59000.0,2024-06-04
2024060405005007,NRN,6,38,100.0,590.0,59000.0,2024-06-04
2024060405005006,NRN,57,38,200.0,590.0,118000.0,2024-06-04
2024060405005005,NRN,39,38,100.0,590.1,59010.0,2024-06-04
2024060401023603,USHEC,34,14,200.0,405.0,81000.0,2024-06-04
2024060401023602,LSL,41,33,10.0,164.6,1646.0,2024-06-04
2024060401023601,BEDC,18,6,20.0,395.0,7900.0,2024-06-04
2024060401023600,BEDC,18,34,100.0,395.0,39500.0,2024-06-04
2024060401023599,BEDC,18,34,60.0,395.0,23700.0,2024-06-04
2024060401023598,BEDC,18,64,320.0,394.0,126080.0,2024-06-04
2024060401023597,DLBS,43,95,19.0,1240.1,23561.9,2024-06-04
2024060401023596,DLBS,82,95,50.0,1241.0,62050.0,2024-06-04
2024060401023595,DLBS,48,95,20.0,1242.0,24840.0,2024-06-04
2024060401023594,DLBS,64,95,100.0,1242.1,124210.0,2024-06-04
2024060401023593,DLBS,58,95,10.0,1244.0,12440.0,2024-06-04
2024060401023592,PPL,4,11,10.0,447.0,4470.0,2024-06-04
2024060403016480,MLBL,42,32,1000.0,324.0,324000.0,2024-06-04
2024060401023591,RFPL,49,33,529.0,352.0,186208.0,2024-06-04
2024060401023590,RFPL,65,33,200.0,352.1,70420.0,2024-06-04
2024060401023589,RFPL,62,33,90.0,352.1,31689.0,2024-06-04
2024060401023588,BGWT,42,56,30.0,904.0,27120.0,2024-06-04
2024060401023587,BGWT,34,56,30.0,904.0,27120.0,2024-06-04
2024060404008090,NGPL,58,36,461.0,306.0,141066.0,2024-06-04
2024060404008089,NGPL,57,36,14.0,306.1,4285.4,2024-06-04
2024060404008088,NGPL,58,36,25.0,306.5,7662.5,2024-06-04
2024060404008087,AKPL,36,38,66.0,164.0,10824.0,2024-06-04
2024060404008086,AKPL,36,43,354.0,164.0,58056.0,2024-06-04
2024060404008085,AKPL,36,42,80.0,163.9,13112.0,2024-06-04
2024060405005004,NTC,52,58,25.0,838.5,20962.5,2024-06-04
2024060401023586,BGWT,34,58,10.0,904.0,9040.0,2024-06-04
2024060404008084,RURU,57,50,15.0,613.2,9198.0,2024-06-04
2024060401023585,BHL,7,6,10.0,342.0,3420.0,2024-06-04
2024060401023584,BHL,7,4,10.0,342.0,3420.0,2024-06-04
2024060401023583,BHL,7,7,20.0,341.5,6830.0,2024-06-04
2024060401023582,BHL,7,48,10.0,341.0,3410.0,2024-06-04
2024060401023581,BHL,7,38,10.0,340.0,3400.0,2024-06-04
2024060401023580,BHL,7,58,10.0,340.0,3400.0,2024-06-04
2024060401023579,BHL,7,58,10.0,340.0,3400.0,2024-06-04
2024060401023578,BHL,7,49,10.0,340.0,3400.0,2024-06-04
2024060401023577,BHL,7,57,10.0,340.0,3400.0,2024-06-04
2024060401023576,BHL,7,52,10.0,338.0,3380.0,2024-06-04
2024060401023575,BHL,7,58,10.0,338.0,3380.0,2024-06-04
2024060403016479,LBBL,7,49,30.0,386.4,11592.0,2024-06-04
2024060401023574,SARBTM,37,62,50.0,824.0,41200.0,2024-06-04
2024060401023573,BHL,13,85,40.0,336.1,13444.0,2024-06-04
2024060403016478,HLBSL,70,5,100.0,1361.0,136100.0,2024-06-04
2024060401023572,DLBS,75,32,98.0,1260.0,123480.0,2024-06-04
2024060401023571,DLBS,75,52,105.0,1260.0,132300.0,2024-06-04
2024060401023570,DLBS,75,81,165.0,1260.0,207900.0,2024-06-04
2024060401023569,DLBS,75,50,250.0,1259.0,314750.0,2024-06-04
2024060401023568,DLBS,75,68,10.0,1259.0,12590.0,2024-06-04
2024060401023567,DLBS,75,35,362.0,1250.0,452500.0,2024-06-04
2024060401023566,DLBS,75,32,10.0,1244.9,12449.0,2024-06-04
2024060401023565,SMJC,60,41,100.0,380.3,38030.0,2024-06-04
2024060404008083,RHPL,67,42,150.0,275.5,41325.0,2024-06-04
2024060404008082,RHPL,50,42,50.0,275.6,13780.0,2024-06-04
2024060403016477,JFL,41,13,500.0,567.9,283950.0,2024-06-04
2024060401023564,MKHC,43,58,10.0,323.0,3230.0,2024-06-04
2024060405005003,STC,21,45,10.0,4864.0,48640.0,2024-06-04
2024060401023563,KDL,71,28,10.0,1248.0,12480.0,2024-06-04
2024060401023562,NIMB,50,8,30.0,160.8,4824.0,2024-06-04
2024060405005002,HIDCL,50,5,10.0,165.0,1650.0,2024-06-04
2024060404008081,CGH,50,59,55.0,858.0,47190.0,2024-06-04
2024060404008080,SHL,3,25,100.0,434.5,43450.0,2024-06-04
2024060401023561,PHCL,45,14,10.0,309.8,3098.0,2024-06-04
2024060401023560,TAMOR,81,66,482.0,386.7,186389.4,2024-06-04
2024060401023559,TAMOR,44,66,180.0,387.0,69660.0,2024-06-04
2024060401023558,TAMOR,58,66,20.0,387.1,7742.0,2024-06-04
2024060401023557,TAMOR,20,66,160.0,387.1,61936.0,2024-06-04
2024060404008079,PPCL,38,57,10.0,231.0,2310.0,2024-06-04
2024060404008078,SHEL,21,14,360.0,158.0,56880.0,2024-06-04
2024060404008077,SHEL,66,14,300.0,158.4,47520.0,2024-06-04
2024060401023556,SAHAS,42,21,10.0,528.0,5280.0,2024-06-04
2024060405005001,NRIC,49,6,100.0,664.0,66400.0,2024-06-04
2024060405005000,NRIC,58,6,30.0,664.0,19920.0,2024-06-04
2024060405004999,NRIC,45,6,50.0,664.0,33200.0,2024-06-04
2024060401023555,MEHL,55,36,344.0,351.0,120744.0,2024-06-04
2024060401023554,MEHL,7,36,10.0,351.0,3510.0,2024-06-04
2024060401023553,MEHL,47,36,146.0,351.0,51246.0,2024-06-04
2024060403016476,GBLBS,43,6,20.0,770.0,15400.0,2024-06-04
2024060403016475,PFL,45,1,100.0,640.0,64000.0,2024-06-04
2024060403016474,PFL,37,1,250.0,640.0,160000.0,2024-06-04
2024060403016473,PFL,54,1,130.0,640.0,83200.0,2024-06-04
2024060401023552,NICA,21,48,25.0,415.9,10397.5,2024-06-04
2024060401023551,NICA,45,48,53.0,415.9,22042.7,2024-06-04
2024060403016472,CBBL,46,47,10.0,833.1,8331.0,2024-06-04
2024060401023550,SHIVM,58,3,388.0,494.0,191672.0,2024-06-04
2024060401023549,SHIVM,5,3,300.0,495.1,148530.0,2024-06-04
2024060401023548,SHIVM,34,3,200.0,495.1,99020.0,2024-06-04
2024060401023547,SMHL,64,62,265.0,523.7,138780.5,2024-06-04
2024060401023546,SMHL,34,62,25.0,523.7,13092.5,2024-06-04
2024060401023545,SMHL,34,62,50.0,523.8,26190.0,2024-06-04
2024060401023544,SMHL,58,62,70.0,524.0,36680.0,2024-06-04
2024060401023543,EHPL,41,29,20.0,509.0,10180.0,2024-06-04
2024060405004998,CIT,13,17,93.0,2117.0,196881.0,2024-06-04
2024060405004997,CIT,19,17,30.0,2117.0,63510.0,2024-06-04
2024060405004996,CIT,35,17,77.0,2117.1,163016.7,2024-06-04
2024060403016471,CFCL,59,11,123.0,429.0,52767.0,2024-06-04
2024060403016470,CFCL,59,11,377.0,429.0,161733.0,2024-06-04
2024060404008076,LEC,37,6,10.0,180.7,1807.0,2024-06-04
2024060403016469,GMFBS,26,38,50.0,1250.3,62515.0,2024-06-04
2024060403016468,GMFBS,35,38,100.0,1255.0,125500.0,2024-06-04
2024060405004995,NRIC,43,38,30.0,664.4,19932.0,2024-06-04
2024060404008075,UNHPL,38,26,100.0,225.0,22500.0,2024-06-04
2024060401023542,HDL,5,19,20.0,1295.0,25900.0,2024-06-04
2024060401023541,HDL,56,19,39.0,1295.0,50505.0,2024-06-04
2024060401023540,RAWA,59,4,500.0,510.0,255000.0,2024-06-04
2024060401023539,RAWA,48,4,100.0,510.0,51000.0,2024-06-04
2024060401023538,RAWA,58,4,60.0,510.1,30606.0,2024-06-04
2024060403016467,SFCL,48,45,10.0,365.0,3650.0,2024-06-04
2024060401023537,SMJC,60,62,100.0,380.3,38030.0,2024-06-04
2024060403016466,JFL,41,45,11639.0,567.9,6609788.1,2024-06-04
2024060404008074,IGI,58,85,329.0,526.2,173119.8,2024-06-04
2024060404008073,IGI,40,85,86.0,526.3,45261.8,2024-06-04
2024060404008072,IGI,34,85,520.0,526.4,273728.0,2024-06-04
2024060403016465,JFL,41,6,15.0,567.9,8518.5,2024-06-04
2024060403016464,JFL,41,22,500.0,565.0,282500.0,2024-06-04
2024060403016463,JFL,41,44,38.0,565.0,21470.0,2024-06-04
2024060403016462,JFL,41,58,50.0,565.0,28250.0,2024-06-04
2024060403016461,SJLIC,22,58,50.0,415.5,20775.0,2024-06-04
2024060401023536,PRVU,28,87,468.0,143.1,66970.8,2024-06-04
2024060401023535,PRVU,43,87,358.0,143.1,51229.8,2024-06-04
2024060401023534,PRVU,35,87,399.0,143.2,57136.8,2024-06-04
2024060401023533,PRVU,38,87,70.0,143.4,10038.0,2024-06-04
2024060401023532,PRVU,45,87,10.0,143.4,1434.0,2024-06-04
2024060401023531,PRVU,35,87,695.0,143.4,99663.0,2024-06-04
2024060403016460,SMFBS,44,58,28.0,1429.0,40012.0,2024-06-04
2024060403016459,SMFBS,44,7,100.0,1418.0,141800.0,2024-06-04
2024060403016458,SMFBS,44,32,40.0,1417.9,56716.0,2024-06-04
2024060403016457,SMFBS,44,35,102.0,1402.0,143004.0,2024-06-04
2024060403016456,SMFBS,44,25,20.0,1396.0,27920.0,2024-06-04
2024060403016455,SMFBS,44,25,10.0,1396.0,13960.0,2024-06-04
2024060401023530,ILI,50,43,200.0,436.1,87220.0,2024-06-04
2024060401023529,SCB,59,55,10.0,566.2,5662.0,2024-06-04
2024060401023528,SCB,8,55,50.0,566.2,28310.0,2024-06-04
2024060401023527,MBL,42,1,600.0,173.6,104160.0,2024-06-04
2024060401023526,SNLI,58,48,10.0,469.9,4699.0,2024-06-04
2024060405004994,HRL,42,34,150.0,570.2,85530.0,2024-06-04
2024060405004993,HRL,45,34,25.0,570.3,14257.5,2024-06-04
2024060405004992,HRL,49,34,50.0,570.3,28515.0,2024-06-04
2024060405004991,HRL,41,34,275.0,570.3,156832.5,2024-06-04
2024060405004990,CHDC,39,34,60.0,919.0,55140.0,2024-06-04
2024060404008071,UMHL,29,34,100.0,236.7,23670.0,2024-06-04
2024060401023525,ULBSL,58,17,46.0,1897.0,87262.0,2024-06-04
2024060404008070,SSHL,17,57,10.0,160.9,1609.0,2024-06-04
2024060403016454,ILBS,74,45,19.0,1374.0,26106.0,2024-06-04
2024060403016453,ILBS,74,55,41.0,1370.0,56170.0,2024-06-04
2024060401023524,DOLTI,42,11,379.0,428.1,162249.9,2024-06-04
2024060403016452,MLBL,26,39,20.0,323.0,6460.0,2024-06-04
2024060403016451,MLBL,26,39,100.0,323.0,32300.0,2024-06-04
2024060403016450,MLBL,34,39,38.0,323.0,12274.0,2024-06-04
2024060403016449,MLBL,6,39,1742.0,323.1,562840.2,2024-06-04
2024060403016448,MLBL,26,39,100.0,323.2,32320.0,2024-06-04
2024060405004989,SMATA,38,22,50.0,1001.0,50050.0,2024-06-04
2024060403016447,GUFL,41,36,35.0,665.0,23275.0,2024-06-04
2024060403016446,GUFL,45,36,65.0,666.0,43290.0,2024-06-04
2024060403016445,CFCL,59,60,293.0,429.0,125697.0,2024-06-04
2024060403016444,NFS,28,72,100.0,608.0,60800.0,2024-06-04
2024060401023523,NRM,51,1,40.0,386.0,15440.0,2024-06-04
2024060403016443,KMCDB,44,51,100.0,1069.0,106900.0,2024-06-04
2024060403016442,KMCDB,16,51,30.0,1070.0,32100.0,2024-06-04
2024060403016441,NMLBBL,38,50,50.0,730.0,36500.0,2024-06-04
2024060401023522,SONA,42,45,153.0,444.3,67977.9,2024-06-04
2024060401023521,SONA,32,45,555.0,444.3,246586.5,2024-06-04
2024060401023520,SONA,57,45,500.0,444.4,222200.0,2024-06-04
2024060401023519,SONA,3,45,100.0,444.4,44440.0,2024-06-04
2024060401023518,SONA,58,45,50.0,444.5,22225.0,2024-06-04
2024060401023517,SONA,22,45,21.0,444.5,9334.5,2024-06-04
2024060401023516,RNLI,86,29,39.0,429.5,16750.5,2024-06-04
2024060401023515,NIBLSTF,32,52,100.0,8.8,880.0,2024-06-04
2024060401023514,NIBLSTF,32,58,500.0,8.8,4400.0,2024-06-04
2024060401023513,NIBLSTF,32,51,100.0,8.8,880.0,2024-06-04
2024060403016440,HLBSL,65,45,300.0,1362.0,408600.0,2024-06-04
2024060405004988,HRL,22,35,50.0,570.8,28540.0,2024-06-04
2024060401023512,NICA,45,4,47.0,415.9,19547.3,2024-06-04
2024060401023511,NICA,43,4,353.0,415.9,146812.7,2024-06-04
2024060403016439,CORBL,60,49,354.0,480.0,169920.0,2024-06-04
2024060403016438,CORBL,60,38,200.0,480.0,96000.0,2024-06-04
2024060403016437,CORBL,60,26,500.0,479.8,239900.0,2024-06-04
2024060403016436,CORBL,60,58,10.0,478.8,4788.0,2024-06-04
2024060403016435,CORBL,60,72,905.0,478.4,432952.0,2024-06-04
2024060403016434,CORBL,60,49,40.0,477.9,19116.0,2024-06-04
2024060404008069,AKJCL,43,32,10.0,203.8,2038.0,2024-06-04
2024060403016433,EDBL,21,57,10.0,379.9,3799.0,2024-06-04
2024060404008068,AHPC,33,25,100.0,155.6,15560.0,2024-06-04
2024060403016432,NMLBBL,38,91,245.0,730.0,178850.0,2024-06-04
2024060403016431,NMLBBL,42,91,50.0,730.0,36500.0,2024-06-04
2024060403016430,KMCDB,62,10,80.0,1090.0,87200.0,2024-06-04
2024060403016429,KMCDB,62,18,150.0,1089.0,163350.0,2024-06-04
2024060403016428,KMCDB,62,57,16.0,1087.5,17400.0,2024-06-04
2024060403016427,KMCDB,62,55,570.0,1086.1,619077.0,2024-06-04
2024060403016426,KMCDB,62,57,23.0,1082.0,24886.0,2024-06-04
2024060403016425,KMCDB,62,7,161.0,1080.0,173880.0,2024-06-04
2024060403016424,ILBS,11,29,15.0,1366.0,20490.0,2024-06-04
2024060403016423,ILBS,58,29,27.0,1366.0,36882.0,2024-06-04
2024060403016422,ILBS,29,29,45.0,1366.1,61474.5,2024-06-04
2024060403016421,ILBS,71,29,13.0,1367.0,17771.0,2024-06-04
2024060404008067,UPPER,17,34,450.0,162.8,73260.0,2024-06-04
2024060404008066,UPPER,17,48,40.0,162.7,6508.0,2024-06-04
2024060404008065,UPPER,17,46,10.0,162.6,1626.0,2024-06-04
2024060403016420,GRDBL,46,14,10.0,428.1,4281.0,2024-06-04
2024060403016419,GRDBL,17,14,200.0,428.4,85680.0,2024-06-04
2024060403016418,GRDBL,14,14,142.0,428.5,60847.0,2024-06-04
2024060403016417,GRDBL,58,14,100.0,429.0,42900.0,2024-06-04
2024060401023510,LSL,14,33,90.0,164.6,14814.0,2024-06-04
2024060401023509,LSL,14,46,10.0,164.5,1645.0,2024-06-04
2024060401023508,NIMB,53,8,25.0,160.6,4015.0,2024-06-04
2024060404008064,SPIL,17,17,140.0,777.8,108892.0,2024-06-04
2024060403016416,SABSL,32,49,19.0,1005.0,19095.0,2024-06-04
2024060404008063,RURU,44,70,200.0,613.1,122620.0,2024-06-04
2024060403016415,RLFL,56,5,400.0,409.0,163600.0,2024-06-04
2024060401023507,MKHC,5,48,10.0,324.0,3240.0,2024-06-04
2024060401023506,CYCL,38,59,50.0,1489.8,74490.0,2024-06-04
2024060403016414,SLBBL,38,25,200.0,779.5,155900.0,2024-06-04
2024060401023505,ANLB,32,14,30.0,2340.0,70200.0,2024-06-04
2024060404008062,UAIL,53,62,157.0,578.0,90746.0,2024-06-04
2024060404008061,UAIL,53,34,240.0,578.0,138720.0,2024-06-04
2024060404008060,UAIL,53,35,49.0,578.0,28322.0,2024-06-04
2024060404008059,UAIL,53,52,154.0,577.0,88858.0,2024-06-04
2024060401023504,HDL,19,53,20.0,1297.0,25940.0,2024-06-04
2024060404008058,RURU,44,42,200.0,613.1,122620.0,2024-06-04
2024060404008057,API,44,42,200.0,168.0,33600.0,2024-06-04
2024060404008056,API,44,55,300.0,168.0,50400.0,2024-06-04
2024060404008055,API,44,22,498.0,168.0,83664.0,2024-06-04
2024060404008054,API,44,46,395.0,168.0,66360.0,2024-06-04
2024060404008053,NICL,85,8,10.0,835.1,8351.0,2024-06-04
2024060404008052,RHPL,25,35,10.0,278.0,2780.0,2024-06-04
2024060401023503,GCIL,57,91,89.0,480.0,42720.0,2024-06-04
2024060401023502,GCIL,48,91,10.0,480.0,4800.0,2024-06-04
2024060401023501,GCIL,22,91,25.0,480.0,12000.0,2024-06-04
2024060401023500,GCIL,16,91,14.0,480.0,6720.0,2024-06-04
2024060401023499,GCIL,53,91,25.0,480.1,12002.5,2024-06-04
2024060401023498,GCIL,1,91,24.0,480.1,11522.4,2024-06-04
2024060401023497,GCIL,25,91,140.0,481.0,67340.0,2024-06-04
2024060401023496,NABIL,58,50,60.0,483.0,28980.0,2024-06-04
2024060401023495,NABIL,58,17,39.0,483.0,18837.0,2024-06-04
2024060405004987,CHDC,58,8,373.0,921.5,343719.5,2024-06-04
2024060405004986,CHDC,58,21,50.0,921.0,46050.0,2024-06-04
2024060401023494,SARBTM,58,62,10.0,824.0,8240.0,2024-06-04
2024060405004985,CHDC,58,66,25.0,920.0,23000.0,2024-06-04
2024060405004984,CHDC,58,17,300.0,920.0,276000.0,2024-06-04
2024060405004983,CHDC,58,20,100.0,920.0,92000.0,2024-06-04
2024060405004982,CHDC,58,81,500.0,920.0,460000.0,2024-06-04
2024060405004981,CHDC,58,6,100.0,920.0,92000.0,2024-06-04
2024060405004980,CHDC,58,54,1822.0,920.0,1676240.0,2024-06-04
2024060405004979,CHDC,58,35,10.0,919.0,9190.0,2024-06-04
2024060405004978,CHDC,58,52,1000.0,919.0,919000.0,2024-06-04
2024060405004977,CHDC,58,77,500.0,919.0,459500.0,2024-06-04
2024060405004976,CHDC,58,7,220.0,919.0,202180.0,2024-06-04
2024060403016413,GBBL,58,34,10.0,364.0,3640.0,2024-06-04
2024060401023493,MKHC,49,21,16.0,323.5,5176.0,2024-06-04
2024060403016412,CFCL,59,32,50.0,429.0,21450.0,2024-06-04
2024060403016411,ICFC,70,19,10.0,515.0,5150.0,2024-06-04
2024060405004975,NRIC,35,57,10.0,665.0,6650.0,2024-06-04
2024060403016410,SINDU,14,34,10.0,385.0,3850.0,2024-06-04
2024060404008051,AKJCL,13,39,279.0,201.3,56162.7,2024-06-04
2024060404008050,AKJCL,38,39,200.0,201.4,40280.0,2024-06-04
2024060404008049,AKJCL,58,39,21.0,201.5,4231.5,2024-06-04
2024060404008048,AKJCL,26,39,68.0,201.6,13708.8,2024-06-04
2024060404008047,AKJCL,35,39,70.0,201.8,14126.0,2024-06-04
2024060404008046,AKJCL,40,39,100.0,202.0,20200.0,2024-06-04
2024060404008045,AKJCL,26,39,15.0,202.0,3030.0,2024-06-04
2024060405004974,NRN,58,78,467.0,595.0,277865.0,2024-06-04
2024060403016409,NFS,42,10,20.0,609.0,12180.0,2024-06-04
2024060403016408,NADEP,4,14,50.0,800.0,40000.0,2024-06-04
2024060401023492,NABIL,42,17,11.0,483.0,5313.0,2024-06-04
2024060401023491,NABIL,42,28,60.0,483.0,28980.0,2024-06-04
2024060401023490,NABIL,42,35,32.0,483.0,15456.0,2024-06-04
2024060401023489,BNHC,25,59,13.0,636.2,8270.6,2024-06-04
2024060401023488,SONA,22,36,29.0,444.5,12890.5,2024-06-04
2024060401023487,SONA,29,36,10.0,444.5,4445.0,2024-06-04
2024060401023486,SONA,17,36,50.0,445.0,22250.0,2024-06-04
2024060401023485,SONA,21,36,500.0,445.0,222500.0,2024-06-04
2024060401023484,SONA,81,36,20.0,445.0,8900.0,2024-06-04
2024060401023483,SONA,18,36,200.0,445.0,89000.0,2024-06-04
2024060401023482,SONA,57,36,70.0,445.0,31150.0,2024-06-04
2024060401023481,SONA,48,36,35.0,445.0,15575.0,2024-06-04
2024060401023480,SONA,57,36,166.0,445.1,73886.6,2024-06-04
2024060401023479,PPL,36,38,810.0,444.0,359640.0,2024-06-04
2024060401023478,PPL,36,8,268.0,444.0,118992.0,2024-06-04
2024060401023477,PPL,36,6,160.0,442.2,70752.0,2024-06-04
2024060401023476,NMB,36,38,10.0,200.0,2000.0,2024-06-04
2024060401023475,GVL,66,52,138.0,496.9,68572.2,2024-06-04
2024060401023474,BNHC,25,48,86.0,636.2,54713.2,2024-06-04
2024060401023473,BNHC,8,48,14.0,638.0,8932.0,2024-06-04
2024060403016407,MFIL,14,40,10.0,504.0,5040.0,2024-06-04
2024060403016406,MLBL,6,51,380.0,323.1,122778.0,2024-06-04
2024060403016405,GUFL,45,59,20.0,666.0,13320.0,2024-06-04
2024060403016404,GUFL,45,29,15.0,665.1,9976.5,2024-06-04
2024060404008044,JOSHI,58,46,140.0,302.0,42280.0,2024-06-04
2024060405004973,SMATA,38,11,10.0,1001.0,10010.0,2024-06-04
2024060401023472,ILI,49,57,2.0,436.2,872.4,2024-06-04
2024060401023471,ILI,49,49,38.0,436.2,16575.6,2024-06-04
2024060403016403,SJLIC,35,58,100.0,416.0,41600.0,2024-06-04
2024060405004972,HRL,26,35,30.0,570.8,17124.0,2024-06-04
2024060403016402,LICN,32,41,10.0,1362.0,13620.0,2024-06-04
2024060401023470,MBJC,50,6,70.0,301.0,21070.0,2024-06-04
2024060401023469,SONA,57,42,10.0,445.1,4451.0,2024-06-04
2024060401023468,SONA,57,42,14.0,445.1,6231.4,2024-06-04
2024060401023467,SHIVM,58,59,112.0,494.0,55328.0,2024-06-04
2024060401023466,SHIVM,50,59,300.0,494.0,148200.0,2024-06-04
2024060401023465,SHIVM,47,59,10.0,494.0,4940.0,2024-06-04
2024060401023464,SHIVM,39,59,578.0,495.0,286110.0,2024-06-04
2024060401023463,PPL,4,6,10.0,442.2,4422.0,2024-06-04
2024060403016401,NADEP,52,44,30.0,798.4,23952.0,2024-06-04
2024060404008043,UAIL,26,52,46.0,577.0,26542.0,2024-06-04
2024060401023462,NRM,51,21,10.0,386.0,3860.0,2024-06-04
2024060403016400,MPFL,53,45,150.0,499.1,74865.0,2024-06-04
2024060404008042,KPCL,40,67,105.0,435.2,45696.0,2024-06-04
2024060404008041,KPCL,26,67,30.0,436.6,13098.0,2024-06-04
2024060404008040,KPCL,67,67,30.0,437.1,13113.0,2024-06-04
2024060404008039,KPCL,21,67,10.0,438.0,4380.0,2024-06-04
2024060404008038,KPCL,35,67,1800.0,438.0,788400.0,2024-06-04
2024060404008037,KPCL,49,67,25.0,438.0,10950.0,2024-06-04
2024060404008036,KPCL,34,67,500.0,439.0,219500.0,2024-06-04
2024060404008035,KPCL,48,67,500.0,440.0,220000.0,2024-06-04
2024060403016399,HLBSL,7,45,200.0,1362.0,272400.0,2024-06-04
2024060403016398,SADBL,66,34,140.0,319.0,44660.0,2024-06-04
2024060403016397,MSLB,32,38,20.0,1370.0,27400.0,2024-06-04
2024060403016396,MPFL,45,58,300.0,499.2,149760.0,2024-06-04
2024060401023461,ILI,49,34,10.0,436.2,4362.0,2024-06-04
2024060405004971,CIT,22,38,40.0,2117.2,84688.0,2024-06-04
2024060401023460,MAKAR,58,42,10.0,398.0,3980.0,2024-06-04
2024060403016395,SDLBSL,45,86,50.0,975.2,48760.0,2024-06-04
2024060404008034,SSHL,32,86,450.0,159.3,71685.0,2024-06-04
2024060404008033,SSHL,44,86,50.0,160.0,8000.0,2024-06-04
2024060401023459,PHCL,72,84,10.0,309.0,3090.0,2024-06-04
2024060404008032,SPDL,58,17,465.0,231.4,107601.0,2024-06-04
2024060404008031,SPDL,38,17,500.0,231.5,115750.0,2024-06-04
2024060404008030,SPDL,33,17,35.0,232.0,8120.0,2024-06-04
2024060404008029,GHL,21,58,20.0,144.1,2882.0,2024-06-04
2024060404008028,GHL,59,58,80.0,144.1,11528.0,2024-06-04
2024060401023458,SMJC,60,49,20.0,380.3,7606.0,2024-06-04
2024060404008027,AHPC,58,47,105.0,155.7,16348.5,2024-06-04
2024060404008026,OHL,11,38,140.0,754.8,105672.0,2024-06-04
2024060401023457,HDL,38,53,10.0,1297.0,12970.0,2024-06-04
2024060401023456,HDL,38,53,30.0,1297.0,38910.0,2024-06-04
2024060401023455,BGWT,34,34,20.0,904.0,18080.0,2024-06-04
2024060404008025,UPCL,35,34,101.0,190.0,19190.0,2024-06-04
2024060404008024,UPCL,58,34,800.0,190.0,152000.0,2024-06-04
2024060404008023,UPCL,5,34,100.0,190.1,19010.0,2024-06-04
2024060403016394,JFL,41,18,135.0,564.0,76140.0,2024-06-04
2024060404008022,NHPC,26,36,140.0,147.0,20580.0,2024-06-04
2024060404008021,NHPC,26,56,156.0,147.0,22932.0,2024-06-04
2024060404008020,JOSHI,26,46,10.0,302.0,3020.0,2024-06-04
2024060403016393,SDLBSL,45,6,100.0,975.2,97520.0,2024-06-04
2024060403016392,SJLIC,50,42,50.0,415.0,20750.0,2024-06-04
2024060403016391,SJLIC,48,42,200.0,415.5,83100.0,2024-06-04
2024060403016390,SJLIC,5,42,50.0,415.6,20780.0,2024-06-04
2024060401023454,NICA,4,25,44.0,416.0,18304.0,2024-06-04
2024060403016389,CFCL,36,14,22.0,430.0,9460.0,2024-06-04
2024060403016388,CFCL,36,39,500.0,429.9,214950.0,2024-06-04
2024060403016387,CFCL,36,17,100.0,429.5,42950.0,2024-06-04
2024060403016386,RLFL,56,58,105.0,409.0,42945.0,2024-06-04
2024060403016385,RLFL,56,43,250.0,409.0,102250.0,2024-06-04
2024060403016384,RLFL,56,39,500.0,409.0,204500.0,2024-06-04
2024060403016383,RLFL,56,67,100.0,409.0,40900.0,2024-06-04
2024060404008019,NIL,41,43,88.0,797.2,70153.6,2024-06-04
2024060404008018,NIL,6,43,112.0,798.0,89376.0,2024-06-04
2024060404008017,AKPL,43,17,200.0,163.6,32720.0,2024-06-04
2024060405004970,HIDCL,57,43,1000.0,164.9,164900.0,2024-06-04
2024060401023453,HHL,57,48,80.0,355.0,28400.0,2024-06-04
2024060401023452,HHL,57,48,400.0,356.0,142400.0,2024-06-04
2024060401023451,HHL,34,48,20.0,356.1,7122.0,2024-06-04
2024060404008016,SHPC,7,1,200.0,325.1,65020.0,2024-06-04
2024060403016382,NFS,38,7,600.0,607.9,364740.0,2024-06-04
2024060404008015,API,11,46,10.0,168.0,1680.0,2024-06-04
2024060401023450,ADBL,41,32,10.0,265.0,2650.0,2024-06-04
2024060403016381,GUFL,41,49,312.0,665.0,207480.0,2024-06-04
2024060403016380,GUFL,28,49,20.0,665.0,13300.0,2024-06-04
2024060403016379,GUFL,25,49,200.0,665.0,133000.0,2024-06-04
2024060403016378,GUFL,44,49,200.0,665.0,133000.0,2024-06-04
2024060403016377,GUFL,32,49,50.0,665.0,33250.0,2024-06-04
2024060403016376,GUFL,4,49,108.0,665.0,71820.0,2024-06-04
2024060401023449,RNLI,86,58,58.0,429.5,24911.0,2024-06-04
2024060403016375,HLBSL,70,58,1093.0,1361.0,1487573.0,2024-06-04
2024060403016374,HLBSL,38,58,21.0,1361.5,28591.5,2024-06-04
2024060404008014,HEI,42,10,384.0,601.0,230784.0,2024-06-04
2024060404008013,HEI,29,10,700.0,601.3,420910.0,2024-06-04
2024060404008012,HEI,44,10,19.0,601.4,11426.6,2024-06-04
2024060404008011,SHEL,21,18,290.0,158.0,45820.0,2024-06-04
2024060404008010,SHEL,11,18,34.0,158.1,5375.4,2024-06-04
2024060404008009,SHEL,25,18,100.0,158.1,15810.0,2024-06-04
2024060404008008,SHEL,34,18,316.0,158.1,49959.6,2024-06-04
2024060404008007,SHEL,25,18,60.0,158.1,9486.0,2024-06-04
2024060404008006,SHEL,41,18,200.0,158.3,31660.0,2024-06-04
2024060403016373,SIFC,45,34,286.0,428.0,122408.0,2024-06-04
2024060401023448,PPL,6,6,300.0,442.2,132660.0,2024-06-04
2024060401023447,PPL,26,6,250.0,442.5,110625.0,2024-06-04
2024060403016372,FMDBL,59,55,10.0,686.0,6860.0,2024-06-04
2024060401023446,ULHC,7,36,119.0,398.7,47445.3,2024-06-04
2024060401023445,HBL,13,36,121.0,191.0,23111.0,2024-06-04
2024060401023444,NIBLGF,21,56,100.0,8.11,811.0,2024-06-04
2024060403016371,FMDBL,59,55,10.0,686.0,6860.0,2024-06-04
2024060403016370,FMDBL,21,55,20.0,686.0,13720.0,2024-06-04
2024060403016369,FMDBL,49,55,150.0,686.0,102900.0,2024-06-04
2024060403016368,FMDBL,52,55,10.0,686.0,6860.0,2024-06-04
2024060403016367,SABSL,32,55,14.0,1005.0,14070.0,2024-06-04
2024060401023443,NESDO,36,55,47.0,1971.1,92641.7,2024-06-04
2024060401023442,EHPL,41,45,380.0,509.0,193420.0,2024-06-04
2024060401023441,EHPL,45,45,10.0,509.1,5091.0,2024-06-04
2024060401023440,EHPL,45,45,10.0,509.1,5091.0,2024-06-04
2024060401023439,EHPL,70,45,100.0,509.3,50930.0,2024-06-04
2024060403016366,HLBSL,38,14,79.0,1361.5,107558.5,2024-06-04
2024060403016365,HLBSL,35,14,15.0,1361.9,20428.5,2024-06-04
2024060403016364,HLBSL,35,14,11.0,1361.9,14980.9,2024-06-04
2024060405004969,HIDCL,38,5,1056.0,165.0,174240.0,2024-06-04
2024060405004968,HIDCL,38,58,94.0,165.0,15510.0,2024-06-04
2024060405004967,HIDCL,38,38,200.0,165.0,33000.0,2024-06-04
2024060405004966,HIDCL,38,50,150.0,165.0,24750.0,2024-06-04
2024060403016363,HLI,53,66,19.0,388.9,7389.1,2024-06-04
2024060403016362,SWBBL,38,34,10.0,826.1,8261.0,2024-06-04
2024060403016361,GLBSL,6,26,10.0,1919.0,19190.0,2024-06-04
2024060403016360,NABBC,63,54,100.0,611.0,61100.0,2024-06-04
2024060404008005,RIDI,42,36,61.0,167.8,10235.8,2024-06-04
2024060401023438,SHIVM,37,81,500.0,495.0,247500.0,2024-06-04
2024060401023437,ULBSL,58,17,10.0,1900.0,19000.0,2024-06-04
2024060403016359,SABSL,57,45,81.0,1007.0,81567.0,2024-06-04
2024060404008004,SHL,49,25,100.0,434.0,43400.0,2024-06-04
2024060401023436,MCHL,58,47,10.0,397.0,3970.0,2024-06-04
2024060405004965,NIFRA,1,35,2755.0,197.1,543010.5,2024-06-04
2024060405004964,NIFRA,4,35,245.0,197.1,48289.5,2024-06-04
2024060401023435,JALPA,19,7,19.0,1450.0,27550.0,2024-06-04
2024060401023434,JBLB,59,57,10.0,1353.0,13530.0,2024-06-04
2024060401023433,NIMB,42,8,30.0,160.8,4824.0,2024-06-04
2024060401023432,MBL,4,14,83.0,174.0,14442.0,2024-06-04
2024060401023431,MBL,4,48,117.0,173.9,20346.3,2024-06-04
2024060401023430,MEHL,6,70,30.0,351.9,10557.0,2024-06-04
2024060403016358,LLBS,63,21,11.0,1139.0,12529.0,2024-06-04
2024060404008003,TRH,43,8,35.0,745.0,26075.0,2024-06-04
2024060401023429,ILI,50,3,10.0,436.1,4361.0,2024-06-04
2024060401023428,HATHY,58,66,205.0,911.0,186755.0,2024-06-04
2024060401023427,HATHY,17,66,25.0,911.1,22777.5,2024-06-04
2024060401023426,HATHY,81,66,200.0,911.2,182240.0,2024-06-04
2024060401023425,HATHY,65,66,300.0,911.8,273540.0,2024-06-04
2024060401023424,HATHY,5,66,10.0,912.0,9120.0,2024-06-04
2024060401023423,HATHY,55,66,250.0,912.0,228000.0,2024-06-04
2024060403016357,SFCL,34,45,150.0,365.0,54750.0,2024-06-04
2024060401023422,HATHY,5,66,10.0,912.0,9120.0,2024-06-04
2024060401023421,SMJC,57,21,50.0,381.0,19050.0,2024-06-04
2024060401023420,SONA,57,46,10.0,445.1,4451.0,2024-06-04
2024060401023419,MMKJL,58,45,10.0,467.0,4670.0,2024-06-04
2024060401023418,MMKJL,58,54,10.0,466.9,4669.0,2024-06-04
2024060401023417,MMKJL,58,60,190.0,466.9,88711.0,2024-06-04
2024060403016356,PROFL,21,41,192.0,349.0,67008.0,2024-06-04
2024060403016355,PROFL,47,41,200.0,349.0,69800.0,2024-06-04
2024060403016354,PROFL,16,41,360.0,349.0,125640.0,2024-06-04
2024060403016353,PROFL,6,41,100.0,349.1,34910.0,2024-06-04
2024060403016352,PROFL,64,41,20.0,349.1,6982.0,2024-06-04
2024060403016351,PROFL,38,41,50.0,349.3,17465.0,2024-06-04
2024060403016350,PROFL,42,41,78.0,349.5,27261.0,2024-06-04
2024060403016349,SABSL,42,45,30.0,1007.0,30210.0,2024-06-04
2024060403016348,GBLBS,49,6,220.0,770.0,169400.0,2024-06-04
2024060401023416,NICA,43,36,250.0,415.9,103975.0,2024-06-04
2024060401023415,RNLI,86,36,135.0,429.5,57982.5,2024-06-04
2024060401023414,MBJC,50,52,10.0,301.0,3010.0,2024-06-04
2024060404008002,NGPL,58,8,15.0,306.0,4590.0,2024-06-04
2024060401023413,GCIL,25,53,60.0,481.0,28860.0,2024-06-04
2024060405004963,SMATA,38,26,10.0,1001.0,10010.0,2024-06-04
2024060405004962,SMATA,38,32,82.0,1001.0,82082.0,2024-06-04
2024060401023412,RHGCL,6,26,190.0,344.3,65417.0,2024-06-04
2024060403016347,RSDC,10,26,20.0,695.2,13904.0,2024-06-04
2024060403016346,RSDC,49,26,10.0,696.0,6960.0,2024-06-04
2024060403016345,RSDC,21,26,20.0,696.0,13920.0,2024-06-04
2024060401023411,NWCL,42,13,107.0,820.0,87740.0,2024-06-04
2024060401023410,NWCL,4,13,15.0,821.0,12315.0,2024-06-04
2024060401023409,NWCL,21,13,100.0,822.0,82200.0,2024-06-04
2024060401023408,NWCL,52,13,29.0,822.0,23838.0,2024-06-04
2024060404008001,UPCL,6,36,150.0,190.9,28635.0,2024-06-04
2024060404008000,UAIL,26,52,54.0,577.0,31158.0,2024-06-04
2024060403016344,PROFL,50,35,30.0,350.0,10500.0,2024-06-04
2024060403016343,KMCDB,62,7,50.0,1080.0,54000.0,2024-06-04
2024060403016342,KMCDB,62,19,100.0,1080.0,108000.0,2024-06-04
2024060401023407,MHL,58,57,300.0,433.5,130050.0,2024-06-04
2024060404007999,UMHL,5,38,70.0,236.8,16576.0,2024-06-04
2024060404007998,UMHL,5,5,930.0,236.7,220131.0,2024-06-04
2024060403016341,MFIL,49,57,29.0,504.9,14642.1,2024-06-04
2024060401023406,BHPL,10,42,10.0,571.0,5710.0,2024-06-04
2024060401023405,NWCL,52,38,480.0,822.0,394560.0,2024-06-04
2024060401023404,NWCL,18,38,20.0,822.8,16456.0,2024-06-04
2024060404007997,MEN,16,34,10.0,582.0,5820.0,2024-06-04
2024060401023403,SONA,57,34,90.0,445.1,40059.0,2024-06-04
2024060401023402,SONA,41,34,10.0,445.1,4451.0,2024-06-04
2024060403016340,JFL,41,22,90.0,564.0,50760.0,2024-06-04
2024060403016339,JFL,41,1,200.0,563.0,112600.0,2024-06-04
2024060403016338,JFL,41,35,480.0,560.0,268800.0,2024-06-04
2024060403016337,JFL,41,42,50.0,560.0,28000.0,2024-06-04
2024060403016336,JFL,41,13,100.0,559.0,55900.0,2024-06-04
2024060403016335,JFL,41,21,10.0,558.8,5588.0,2024-06-04
2024060403016334,JFL,41,52,200.0,558.8,111760.0,2024-06-04
2024060403016333,JFL,41,52,80.0,558.8,44704.0,2024-06-04
2024060404007996,PMHPL,41,20,10.0,228.8,2288.0,2024-06-04
2024060403016332,PFL,54,44,52.0,640.0,33280.0,2024-06-04
2024060404007995,UAIL,1,52,100.0,577.0,57700.0,2024-06-04
2024060404007994,UAIL,6,52,100.0,577.5,57750.0,2024-06-04
2024060401023401,NICA,28,25,10.0,416.0,4160.0,2024-06-04
2024060403016331,DDBL,51,50,48.0,733.2,35193.6,2024-06-04
2024060401023400,SARBTM,22,62,50.0,824.0,41200.0,2024-06-04
2024060401023399,SARBTM,1,62,221.0,824.0,182104.0,2024-06-04
2024060401023398,KBL,35,17,33.0,142.0,4686.0,2024-06-04
2024060401023397,KBL,25,17,20.0,142.1,2842.0,2024-06-04
2024060404007993,BPCL,45,14,34.0,294.0,9996.0,2024-06-04
2024060401023396,SHLB,1,45,10.0,1760.2,17602.0,2024-06-04
2024060401023395,NABIL,57,35,10.0,483.0,4830.0,2024-06-04
2024060404007992,HURJA,49,38,100.0,277.0,27700.0,2024-06-04
2024060403016330,SFCL,17,35,280.0,365.0,102200.0,2024-06-04
2024060405004961,HRL,35,34,93.0,571.0,53103.0,2024-06-04
2024060405004960,HRL,35,58,10.0,570.8,5708.0,2024-06-04
2024060405004959,HRL,35,21,10.0,570.8,5708.0,2024-06-04
2024060405004958,NIFRA,4,95,589.0,197.1,116091.9,2024-06-04
2024060405004957,NIFRA,32,95,500.0,197.2,98600.0,2024-06-04
2024060405004956,NIFRA,25,95,300.0,197.2,59160.0,2024-06-04
2024060405004955,NIFRA,45,95,571.0,197.2,112601.2,2024-06-04
2024060405004954,NIFRA,52,95,40.0,197.3,7892.0,2024-06-04
2024060401023394,BGWT,34,58,10.0,904.0,9040.0,2024-06-04
2024060401023393,GCIL,47,53,10.0,481.0,4810.0,2024-06-04
2024060401023392,GCIL,22,53,30.0,481.0,14430.0,2024-06-04
2024060403016329,DDBL,51,16,12.0,733.2,8798.4,2024-06-04
2024060404007991,NGPL,22,5,25.0,306.9,7672.5,2024-06-04
2024060404007990,NGPL,22,4,25.0,306.5,7662.5,2024-06-04
2024060403016328,RLFL,25,33,101.0,406.1,41016.1,2024-06-04
2024060401023391,SPL,59,57,10.0,697.0,6970.0,2024-06-04
2024060401023390,RAWA,43,4,100.0,515.0,51500.0,2024-06-04
2024060401023389,RAWA,58,4,200.0,515.0,103000.0,2024-06-04
2024060401023388,RAWA,41,4,10.0,516.0,5160.0,2024-06-04
2024060401023387,RAWA,46,4,70.0,516.0,36120.0,2024-06-04
2024060401023386,RNLI,6,17,10.0,430.0,4300.0,2024-06-04
2024060403016327,MPFL,60,32,310.0,500.0,155000.0,2024-06-04
2024060403016326,MPFL,60,7,964.0,500.0,482000.0,2024-06-04
2024060403016325,MPFL,60,19,150.0,500.0,75000.0,2024-06-04
2024060403016324,MPFL,60,42,40.0,500.0,20000.0,2024-06-04
2024060403016323,MPFL,60,5,36.0,500.0,18000.0,2024-06-04
2024060405004953,LEMF,36,53,5000.0,9.77,48850.0,2024-06-04
2024060401023385,SAHAS,17,42,10.0,522.0,5220.0,2024-06-04
2024060403016322,BFC,22,25,66.0,429.4,28340.4,2024-06-04
2024060401023384,MEHL,47,57,150.0,351.0,52650.0,2024-06-04
2024060403016321,GUFL,4,57,52.0,665.0,34580.0,2024-06-04
2024060403016320,GUFL,45,57,50.0,665.0,33250.0,2024-06-04
2024060403016319,GUFL,28,57,250.0,665.0,166250.0,2024-06-04
2024060403016318,GUFL,63,57,50.0,665.0,33250.0,2024-06-04
2024060403016317,GUFL,44,57,40.0,665.0,26600.0,2024-06-04
2024060403016316,GUFL,58,57,58.0,665.0,38570.0,2024-06-04
2024060405004952,STC,54,69,194.0,4855.0,941870.0,2024-06-04
2024060404007989,CGH,19,59,25.0,858.0,21450.0,2024-06-04
2024060401023383,NWCL,18,58,20.0,822.8,16456.0,2024-06-04
2024060401023382,MMKJL,58,60,100.0,466.9,46690.0,2024-06-04
2024060401023381,MMKJL,58,38,200.0,466.8,93360.0,2024-06-04
2024060403016315,GRDBL,77,6,100.0,431.5,43150.0,2024-06-04
2024060403016314,GRDBL,77,36,100.0,431.0,43100.0,2024-06-04
2024060401023380,RFPL,49,33,130.0,353.0,45890.0,2024-06-04
2024060401023379,MAKAR,42,58,100.0,399.0,39900.0,2024-06-04
2024060401023378,SBL,58,3,50.0,248.0,12400.0,2024-06-04
2024060401023377,SBL,50,3,216.0,248.0,53568.0,2024-06-04
2024060401023376,MEL,91,43,500.0,226.8,113400.0,2024-06-04
2024060401023375,MEL,91,46,150.0,226.8,34020.0,2024-06-04
2024060401023374,MEL,91,83,10.0,226.7,2267.0,2024-06-04
2024060401023373,MEL,91,58,10.0,225.8,2258.0,2024-06-04
2024060403016313,SAPDBL,82,29,875.0,324.0,283500.0,2024-06-04
2024060404007988,NIL,6,45,288.0,798.0,229824.0,2024-06-04
2024060404007987,HURJA,35,38,50.0,277.0,13850.0,2024-06-04
2024060405004951,SMATA,22,32,220.0,1001.0,220220.0,2024-06-04
2024060401023372,USHL,48,34,80.0,493.6,39488.0,2024-06-04
2024060401023371,USHL,16,34,20.0,494.0,9880.0,2024-06-04
2024060405004950,HRL,41,13,225.0,570.3,128317.5,2024-06-04
2024060405004949,HRL,25,13,200.0,570.3,114060.0,2024-06-04
2024060405004948,HRL,52,13,15.0,570.4,8556.0,2024-06-04
2024060405004947,HRL,49,13,40.0,570.5,22820.0,2024-06-04
2024060404007986,NHDL,45,21,39.0,481.0,18759.0,2024-06-04
2024060404007985,UPCL,58,25,10.0,190.1,1901.0,2024-06-04
2024060404007984,UPCL,25,25,50.0,190.1,9505.0,2024-06-04
2024060404007983,UPCL,58,25,100.0,190.2,19020.0,2024-06-04
2024060404007982,UPCL,16,25,32.0,190.3,6089.6,2024-06-04
2024060403016312,DDBL,50,26,29.0,733.3,21265.7,2024-06-04
2024060404007981,NIL,67,46,10.0,801.5,8015.0,2024-06-04
2024060403016311,PFL,54,17,318.0,640.0,203520.0,2024-06-04
2024060401023370,CLI,11,58,18.0,480.0,8640.0,2024-06-04
2024060401023369,CLI,11,54,10.0,480.0,4800.0,2024-06-04
2024060404007980,NHPC,32,56,44.0,147.0,6468.0,2024-06-04
2024060401023368,PRVU,14,42,300.0,143.5,43050.0,2024-06-04
2024060404007979,NHPC,32,57,456.0,147.0,67032.0,2024-06-04
2024060403016310,PROFL,8,35,12.0,350.0,4200.0,2024-06-04
2024060403016309,GMFBS,58,35,100.0,1261.0,126100.0,2024-06-04
2024060403016308,GMFBS,11,35,20.0,1263.0,25260.0,2024-06-04
2024060401023367,MKHL,58,38,4816.0,450.0,2167200.0,2024-06-04
2024060401023366,MKHL,3,38,160.0,450.2,72032.0,2024-06-04
2024060401023365,MKHL,13,38,280.0,450.3,126084.0,2024-06-04
2024060401023364,MKHL,58,38,49.0,450.5,22074.5,2024-06-04
2024060401023363,MKHL,38,38,100.0,451.0,45100.0,2024-06-04
2024060401023362,MKHL,41,38,120.0,453.0,54360.0,2024-06-04
2024060401023361,ADBL,41,40,80.0,265.0,21200.0,2024-06-04
2024060401023360,ADBL,41,55,79.0,265.0,20935.0,2024-06-04
2024060401023359,ADBL,41,34,146.0,264.9,38675.4,2024-06-04
2024060401023358,ILI,50,41,282.0,436.1,122980.2,2024-06-04
2024060403016307,PROFL,8,46,38.0,350.0,13300.0,2024-06-04
2024060404007978,CHCL,45,11,110.0,437.2,48092.0,2024-06-04
2024060404007977,CHCL,20,11,100.0,437.3,43730.0,2024-06-04
2024060404007976,CHCL,57,11,200.0,437.5,87500.0,2024-06-04
2024060404007975,CHCL,33,11,650.0,437.5,284375.0,2024-06-04
2024060404007974,CHCL,17,11,200.0,438.2,87640.0,2024-06-04
2024060404007973,CHCL,52,11,40.0,440.0,17600.0,2024-06-04
2024060401023357,MHCL,49,29,10.0,389.9,3899.0,2024-06-04
2024060403016306,CORBL,14,49,10.0,477.9,4779.0,2024-06-04
2024060404007972,SICL,43,32,40.0,702.0,28080.0,2024-06-04
2024060404007971,SICL,58,32,20.0,702.0,14040.0,2024-06-04
2024060401023356,PPL,58,8,170.0,444.0,75480.0,2024-06-04
2024060403016305,CFCL,59,32,280.0,429.0,120120.0,2024-06-04
2024060403016304,CFCL,59,32,220.0,429.0,94380.0,2024-06-04
2024060404007970,CHL,39,58,10.0,320.0,3200.0,2024-06-04
2024060404007969,CHL,39,46,90.0,319.0,28710.0,2024-06-04
2024060405004946,HIDCL,57,53,17.0,164.9,2803.3,2024-06-04
2024060405004945,HIDCL,41,53,83.0,164.9,13686.7,2024-06-04
2024060401023355,NWCL,18,38,50.0,822.8,41140.0,2024-06-04
2024060401023354,DOLTI,42,35,190.0,428.1,81339.0,2024-06-04
2024060401023353,DOLTI,56,35,10.0,428.3,4283.0,2024-06-04
2024060401023352,DOLTI,21,35,200.0,428.3,85660.0,2024-06-04
2024060404007968,SHPC,7,35,20.0,325.1,6502.0,2024-06-04
2024060404007967,SHPC,54,35,35.0,325.1,11378.5,2024-06-04
2024060404007966,SHPC,45,35,500.0,325.1,162550.0,2024-06-04
2024060404007965,SHPC,89,35,50.0,325.2,16260.0,2024-06-04
2024060401023351,JBLB,34,57,15.0,1353.0,20295.0,2024-06-04
2024060403016303,RLFL,50,33,100.0,406.1,40610.0,2024-06-04
2024060401023350,MEL,42,5,50.0,226.0,11300.0,2024-06-04
2024060404007964,UMRH,49,48,40.0,366.0,14640.0,2024-06-04
2024060404007963,UMRH,49,4,621.0,366.0,227286.0,2024-06-04
2024060403016302,NMLBBL,38,38,30.0,730.5,21915.0,2024-06-04
2024060404007962,MEN,16,59,185.0,578.0,106930.0,2024-06-04
2024060404007961,MEN,77,59,125.0,578.1,72262.5,2024-06-04
2024060404007960,MEN,57,59,290.0,580.0,168200.0,2024-06-04
2024060405004944,SMATA,4,32,116.0,1001.0,116116.0,2024-06-04
2024060405004943,SMATA,4,34,15.0,1001.0,15015.0,2024-06-04
2024060405004942,SMATA,4,32,69.0,1001.0,69069.0,2024-06-04
2024060401023349,MEHL,47,36,420.0,351.0,147420.0,2024-06-04
2024060403016301,GBBL,37,28,228.0,363.6,82900.8,2024-06-04
2024060403016300,GBBL,29,28,72.0,363.6,26179.2,2024-06-04
2024060403016299,LICN,49,8,10.0,1376.8,13768.0,2024-06-04
2024060401023348,BHDC,65,65,10.0,599.5,5995.0,2024-06-04
2024060401023347,BHDC,65,4,10.0,598.0,5980.0,2024-06-04
2024060401023346,BHDC,65,65,10.0,598.0,5980.0,2024-06-04
2024060401023345,BHDC,65,21,10.0,597.9,5979.0,2024-06-04
2024060401023344,BHDC,65,56,10.0,591.0,5910.0,2024-06-04
2024060401023343,SMJC,60,16,1830.0,380.3,695949.0,2024-06-04
2024060401023342,SMJC,38,16,170.0,380.5,64685.0,2024-06-04
2024060403016298,NMBMF,49,16,50.0,684.0,34200.0,2024-06-04
2024060403016297,NMBMF,57,16,70.0,684.0,47880.0,2024-06-04
2024060404007959,NGPL,58,16,250.0,306.0,76500.0,2024-06-04
2024060404007958,NGPL,34,16,100.0,306.0,30600.0,2024-06-04
2024060404007957,NGPL,17,16,50.0,306.0,15300.0,2024-06-04
2024060404007956,NGPL,60,16,100.0,306.0,30600.0,2024-06-04
2024060403016296,ALBSL,22,38,10.0,1000.0,10000.0,2024-06-04
2024060403016295,ALBSL,22,58,10.0,999.9,9999.0,2024-06-04
2024060403016294,ALBSL,22,44,20.0,998.0,19960.0,2024-06-04
2024060403016293,ALBSL,22,68,100.0,997.9,99790.0,2024-06-04
2024060401023341,NMB,4,42,468.0,199.0,93132.0,2024-06-04
2024060401023340,NMB,4,42,300.0,199.0,59700.0,2024-06-04
2024060401023339,NMB,4,42,100.0,199.0,19900.0,2024-06-04
2024060401023338,NMB,4,42,1132.0,199.1,225381.2,2024-06-04
2024060403016292,JBBL,21,20,20.0,287.6,5752.0,2024-06-04
2024060401023337,MKCL,62,14,140.0,1029.0,144060.0,2024-06-04
2024060401023336,MKCL,62,46,10.0,1028.0,10280.0,2024-06-04
2024060401023335,MKCL,62,47,100.0,1025.0,102500.0,2024-06-04
2024060401023334,MKCL,62,58,10.0,1024.0,10240.0,2024-06-04
2024060401023333,MKCL,62,29,10.0,1022.0,10220.0,2024-06-04
2024060401023332,MKCL,62,42,10.0,1021.0,10210.0,2024-06-04
2024060401023331,MKCL,62,68,10.0,1020.0,10200.0,2024-06-04
2024060401023330,MKCL,62,58,10.0,1020.0,10200.0,2024-06-04
2024060401023329,MKCL,62,57,100.0,1018.0,101800.0,2024-06-04
2024060401023328,MKCL,62,40,85.0,1018.0,86530.0,2024-06-04
2024060401023327,MKCL,62,38,280.0,1017.0,284760.0,2024-06-04
2024060401023326,MKCL,62,19,10.0,1016.0,10160.0,2024-06-04
2024060401023325,MKCL,62,57,25.0,1015.0,25375.0,2024-06-04
2024060403016291,SKBBL,49,62,10.0,822.0,8220.0,2024-06-04
2024060403016290,SKBBL,33,62,92.0,822.0,75624.0,2024-06-04
2024060403016289,HLBSL,49,45,150.0,1362.0,204300.0,2024-06-04
2024060404007955,RADHI,53,19,10.0,232.0,2320.0,2024-06-04
2024060404007954,NHPC,26,57,544.0,147.0,79968.0,2024-06-04
2024060404007953,NHPC,26,41,500.0,147.0,73500.0,2024-06-04
2024060404007952,NHPC,26,34,806.0,147.0,118482.0,2024-06-04
2024060403016288,VLBS,58,36,14.0,1012.0,14168.0,2024-06-04
2024060401023324,TPC,53,21,20.0,495.6,9912.0,2024-06-04
2024060401023323,CKHL,49,64,90.0,548.8,49392.0,2024-06-04
2024060401023322,CKHL,10,64,10.0,549.0,5490.0,2024-06-04
2024060404007951,JOSHI,35,46,50.0,302.0,15100.0,2024-06-04
2024060401023321,MEL,45,49,10.0,225.8,2258.0,2024-06-04
2024060401023320,SPL,72,32,10.0,695.0,6950.0,2024-06-04
2024060403016287,ALICL,38,34,40.0,572.9,22916.0,2024-06-04
2024060401023319,TSHL,49,35,240.0,508.0,121920.0,2024-06-04
2024060401023318,HDL,56,34,69.0,1295.0,89355.0,2024-06-04
2024060401023317,CITY,38,58,10.0,641.0,6410.0,2024-06-04
2024060404007950,SPDL,33,6,265.0,232.0,61480.0,2024-06-04
2024060401023316,DOLTI,14,45,200.0,428.5,85700.0,2024-06-04
2024060401023315,KBL,8,46,10.0,142.7,1427.0,2024-06-04
2024060403016286,HLI,48,66,400.0,388.9,155560.0,2024-06-04
2024060404007949,GHL,59,85,420.0,144.1,60522.0,2024-06-04
2024060404007948,GHL,43,85,80.0,144.1,11528.0,2024-06-04
2024060404007947,GHL,13,85,500.0,144.1,72050.0,2024-06-04
2024060403016285,PROFL,42,29,72.0,349.5,25164.0,2024-06-04
2024060403016284,PROFL,43,29,350.0,349.8,122430.0,2024-06-04
2024060401023314,HDL,56,11,42.0,1295.0,54390.0,2024-06-04
2024060401023313,HDL,54,11,20.0,1295.0,25900.0,2024-06-04
2024060401023312,HDL,13,11,15.0,1295.0,19425.0,2024-06-04
2024060403016283,MLBL,6,22,262.0,323.1,84652.2,2024-06-04
2024060404007946,AKPL,56,56,80.0,163.2,13056.0,2024-06-04
2024060404007945,AKPL,45,56,500.0,163.3,81650.0,2024-06-04
2024060404007944,AKPL,53,56,100.0,163.5,16350.0,2024-06-04
2024060404007943,AKPL,58,56,50.0,163.5,8175.0,2024-06-04
2024060404007942,AKPL,33,56,90.0,163.5,14715.0,2024-06-04
2024060404007941,AKPL,21,56,180.0,163.5,29430.0,2024-06-04
2024060401023311,SNLI,38,42,10.0,469.4,4694.0,2024-06-04
2024060404007940,NICL,85,42,290.0,835.1,242179.0,2024-06-04
2024060404007939,NICL,8,42,10.0,835.2,8352.0,2024-06-04
2024060401023310,EBL,35,43,50.0,528.2,26410.0,2024-06-04
2024060401023309,EBL,29,43,100.0,528.5,52850.0,2024-06-04
2024060405004941,NIFRA,45,8,54.0,197.2,10648.8,2024-06-04
2024060403016282,HLI,4,48,13.0,388.0,5044.0,2024-06-04
2024060404007938,HPPL,20,57,10.0,257.0,2570.0,2024-06-04
2024060403016281,RSDC,45,49,500.0,697.0,348500.0,2024-06-04
2024060401023308,NYADI,88,34,10.0,288.6,2886.0,2024-06-04
2024060405004940,HRL,49,54,10.0,570.5,5705.0,2024-06-04
2024060403016280,MFIL,14,38,72.0,504.0,36288.0,2024-06-04
2024060403016279,MFIL,21,38,215.0,504.0,108360.0,2024-06-04
2024060403016278,MFIL,58,38,10.0,504.2,5042.0,2024-06-04
2024060403016277,SABSL,34,45,30.0,1007.0,30210.0,2024-06-04
2024060403016276,HLBSL,26,34,100.0,1361.9,136190.0,2024-06-04
2024060404007937,CGH,19,59,30.0,858.0,25740.0,2024-06-04
2024060404007936,CGH,22,59,10.0,858.0,8580.0,2024-06-04
2024060404007935,CGH,48,59,50.0,858.1,42905.0,2024-06-04
2024060404007934,CGH,38,59,10.0,858.4,8584.0,2024-06-04
2024060401023307,MMKJL,58,17,50.0,466.5,23325.0,2024-06-04
2024060403016275,NMBMF,57,49,40.0,684.0,27360.0,2024-06-04
2024060401023306,HATHY,5,32,90.0,912.0,82080.0,2024-06-04
2024060401023305,HATHY,65,32,710.0,912.2,647662.0,2024-06-04
2024060401023304,HATHY,77,32,200.0,912.3,182460.0,2024-06-04
2024060401023303,SARBTM,1,26,879.0,824.0,724296.0,2024-06-04
2024060401023302,SARBTM,41,26,20.0,824.0,16480.0,2024-06-04
2024060401023301,SARBTM,1,26,91.0,824.0,74984.0,2024-06-04
2024060405004939,HRL,50,34,499.0,570.5,284679.5,2024-06-04
2024060405004938,HRL,57,34,30.0,570.6,17118.0,2024-06-04
2024060405004937,HRL,52,34,30.0,570.6,17118.0,2024-06-04
2024060405004936,HRL,33,34,40.0,570.6,22824.0,2024-06-04
2024060405004935,HRL,25,34,20.0,570.7,11414.0,2024-06-04
2024060405004934,HRL,57,34,25.0,570.7,14267.5,2024-06-04
2024060405004933,HRL,57,34,40.0,570.7,22828.0,2024-06-04
2024060401023300,RNLI,44,17,41.0,430.0,17630.0,2024-06-04
2024060401023299,NABIL,28,58,15.0,482.0,7230.0,2024-06-04
2024060403016274,SIFC,41,34,10.0,428.1,4281.0,2024-06-04
2024060401023298,NMB,4,25,500.0,199.1,99550.0,2024-06-04
2024060401023297,NMB,3,38,53.0,200.0,10600.0,2024-06-04
2024060401023296,NMB,3,57,350.0,199.9,69965.0,2024-06-04
2024060401023295,NMB,3,34,50.0,199.3,9965.0,2024-06-04
2024060401023294,VLUCL,34,29,190.0,493.2,93708.0,2024-06-04
2024060401023293,VLUCL,58,29,30.0,493.3,14799.0,2024-06-04
2024060401023292,VLUCL,51,29,290.0,494.0,143260.0,2024-06-04
2024060401023291,VLUCL,34,29,10.0,494.2,4942.0,2024-06-04
2024060404007933,GHL,49,45,133.0,144.9,19271.7,2024-06-04
2024060401023290,GBIME,32,17,41.0,184.0,7544.0,2024-06-04
2024060401023289,GBIME,32,48,59.0,183.9,10850.1,2024-06-04
2024060401023288,RNLI,86,39,11.0,429.5,4724.5,2024-06-04
2024060401023287,ULHC,7,38,17.0,398.7,6777.9,2024-06-04
2024060403016273,GLBSL,58,26,13.0,1919.0,24947.0,2024-06-04
2024060401023286,SMJC,42,62,10.0,382.0,3820.0,2024-06-04
2024060401023285,ANLB,55,39,10.0,2369.0,23690.0,2024-06-04
2024060401023284,KDL,55,55,290.0,1250.0,362500.0,2024-06-04
2024060401023283,KDL,55,46,50.0,1250.0,62500.0,2024-06-04
2024060401023282,KDL,55,43,10.0,1250.0,12500.0,2024-06-04
2024060401023281,KDL,55,62,10.0,1250.0,12500.0,2024-06-04
2024060401023280,KDL,55,34,10.0,1250.0,12500.0,2024-06-04
2024060401023279,KDL,55,52,30.0,1250.0,37500.0,2024-06-04
2024060401023278,KDL,55,17,50.0,1250.0,62500.0,2024-06-04
2024060401023277,KDL,55,49,20.0,1250.0,25000.0,2024-06-04
2024060401023276,KDL,55,46,10.0,1249.5,12495.0,2024-06-04
2024060401023275,KDL,55,6,10.0,1249.0,12490.0,2024-06-04
2024060401023274,KDL,55,17,100.0,1249.0,124900.0,2024-06-04
2024060401023273,KDL,55,55,500.0,1248.4,624200.0,2024-06-04
2024060401023272,KDL,55,57,20.0,1248.0,24960.0,2024-06-04
2024060401023271,KDL,55,14,10.0,1248.0,12480.0,2024-06-04
2024060401023270,KDL,55,65,450.0,1248.0,561600.0,2024-06-04
2024060401023269,KDL,55,33,10.0,1245.0,12450.0,2024-06-04
2024060401023268,KDL,55,17,10.0,1245.0,12450.0,2024-06-04
2024060401023267,KDL,55,58,40.0,1245.0,49800.0,2024-06-04
2024060401023266,KDL,55,19,150.0,1245.0,186750.0,2024-06-04
2024060401023265,KDL,55,42,50.0,1244.4,62220.0,2024-06-04
2024060401023264,KDL,55,64,50.0,1244.4,62220.0,2024-06-04
2024060401023263,KDL,55,26,2000.0,1244.0,2488000.0,2024-06-04
2024060401023262,KDL,55,60,100.0,1243.0,124300.0,2024-06-04
2024060401023261,KDL,55,6,10.0,1234.0,12340.0,2024-06-04
2024060401023260,KDL,55,48,10.0,1234.0,12340.0,2024-06-04
2024060403016272,MLBL,6,25,100.0,323.1,32310.0,2024-06-04
2024060405004932,NRN,58,57,50.0,595.0,29750.0,2024-06-04
2024060401023259,SPL,57,34,10.0,695.0,6950.0,2024-06-04
2024060403016271,HLBSL,53,45,200.0,1362.0,272400.0,2024-06-04
2024060401023258,GVL,66,34,850.0,496.9,422365.0,2024-06-04
2024060401023257,GVL,39,34,10.0,497.0,4970.0,2024-06-04
2024060401023256,GVL,39,34,140.0,497.9,69706.0,2024-06-04
2024060404007932,SHPC,45,58,260.0,325.1,84526.0,2024-06-04
2024060404007931,SHPC,55,58,10.0,325.2,3252.0,2024-06-04
2024060403016270,NABBC,36,58,15.0,601.1,9016.5,2024-06-04
2024060403016269,NABBC,41,58,30.0,602.0,18060.0,2024-06-04
2024060403016268,NABBC,58,58,125.0,602.0,75250.0,2024-06-04
2024060403016267,NABBC,64,58,30.0,603.0,18090.0,2024-06-04
2024060404007930,API,14,46,2000.0,168.0,336000.0,2024-06-04
2024060404007929,JOSHI,55,81,30.0,303.9,9117.0,2024-06-04
2024060401023255,SARBTM,1,48,70.0,824.0,57680.0,2024-06-04
2024060404007928,HDHPC,39,48,67.0,129.0,8643.0,2024-06-04
2024060404007927,HDHPC,57,48,96.0,129.0,12384.0,2024-06-04
2024060404007926,HDHPC,41,48,25.0,129.1,3227.5,2024-06-04
2024060404007925,HDHPC,34,48,100.0,129.1,12910.0,2024-06-04
2024060404007924,HDHPC,32,48,10.0,129.1,1291.0,2024-06-04
2024060401023254,NABIL,28,17,10.0,482.0,4820.0,2024-06-04
2024060401023253,NRM,32,39,10.0,388.5,3885.0,2024-06-04
2024060405004931,SMATA,68,38,12.0,1000.0,12000.0,2024-06-04
2024060401023252,SANIMA,58,38,413.0,251.5,103869.5,2024-06-04
2024060401023251,SANIMA,47,38,42.0,252.0,10584.0,2024-06-04
2024060401023250,SANIMA,38,38,100.0,252.0,25200.0,2024-06-04
2024060401023249,SANIMA,34,38,500.0,252.0,126000.0,2024-06-04
2024060401023248,SANIMA,7,38,1700.0,252.0,428400.0,2024-06-04
2024060401023247,SANIMA,57,38,145.0,252.0,36540.0,2024-06-04
2024060401023246,SANIMA,54,38,50.0,252.1,12605.0,2024-06-04
2024060401023245,SANIMA,42,38,50.0,252.3,12615.0,2024-06-04
2024060401023244,SANIMA,4,38,500.0,252.3,126150.0,2024-06-04
2024060401023243,CYCL,84,59,10.0,1480.0,14800.0,2024-06-04
2024060401023242,SARBTM,1,34,100.0,824.0,82400.0,2024-06-04
2024060404007923,SGIC,34,38,10.0,532.0,5320.0,2024-06-04
2024060404007922,SGIC,34,34,10.0,532.0,5320.0,2024-06-04
2024060404007921,SGIC,34,34,10.0,532.0,5320.0,2024-06-04
2024060404007920,SGIC,34,34,20.0,532.0,10640.0,2024-06-04
2024060404007919,SHEL,1,14,54.0,158.5,8559.0,2024-06-04
2024060401023241,ILI,50,21,10.0,436.1,4361.0,2024-06-04
2024060401023240,NMB,17,21,1000.0,199.2,199200.0,2024-06-04
2024060403016266,PFL,41,11,268.0,639.0,171252.0,2024-06-04
2024060403016265,PFL,17,11,10.0,639.1,6391.0,2024-06-04
2024060403016264,PFL,37,11,385.0,639.1,246053.5,2024-06-04
2024060403016263,PFL,49,11,100.0,639.4,63940.0,2024-06-04
2024060403016262,PFL,29,11,77.0,640.0,49280.0,2024-06-04
2024060403016261,PFL,62,11,10.0,640.0,6400.0,2024-06-04
2024060401023239,RNLI,86,45,10.0,429.5,4295.0,2024-06-04
2024060404007918,BARUN,16,40,200.0,236.0,47200.0,2024-06-04
2024060403016260,SWBBL,33,49,114.0,833.0,94962.0,2024-06-04
2024060403016259,SWBBL,33,29,500.0,832.9,416450.0,2024-06-04
2024060403016258,SWBBL,33,48,22.0,828.0,18216.0,2024-06-04
2024060403016257,SWBBL,33,34,100.0,828.0,82800.0,2024-06-04
2024060403016256,SWBBL,33,34,64.0,827.0,52928.0,2024-06-04
2024060403016255,RLFL,14,33,50.0,407.0,20350.0,2024-06-04
2024060403016254,RLFL,83,33,349.0,407.0,142043.0,2024-06-04
2024060401023238,SNLI,38,58,10.0,469.4,4694.0,2024-06-04
2024060403016253,SIFC,45,34,74.0,428.1,31679.4,2024-06-04
2024060404007917,RIDI,40,1,50.0,167.9,8395.0,2024-06-04
2024060403016252,NABBC,62,88,150.0,611.0,91650.0,2024-06-04
2024060405004930,CHDC,43,7,280.0,919.0,257320.0,2024-06-04
2024060403016251,NICLBSL,55,7,130.0,662.0,86060.0,2024-06-04
2024060403016250,NICLBSL,32,7,20.0,662.1,13242.0,2024-06-04
2024060403016249,NICLBSL,62,7,50.0,663.0,33150.0,2024-06-04
2024060403016248,GFCL,17,57,28.0,466.9,13073.2,2024-06-04
2024060403016247,GFCL,17,58,12.0,466.8,5601.6,2024-06-04
2024060403016246,PROFL,43,17,650.0,349.8,227370.0,2024-06-04
2024060403016245,PROFL,14,17,350.0,349.8,122430.0,2024-06-04
2024060401023237,EHPL,13,29,300.0,510.5,153150.0,2024-06-04
2024060401023236,EHPL,49,29,40.0,511.0,20440.0,2024-06-04
2024060404007916,NLG,50,45,200.0,752.0,150400.0,2024-06-04
2024060403016244,USLB,46,49,10.0,1995.0,19950.0,2024-06-04
2024060401023235,USHEC,5,39,90.0,406.0,36540.0,2024-06-04
2024060401023234,USHEC,5,25,10.0,405.0,4050.0,2024-06-04
2024060401023233,USHEC,5,17,25.0,405.0,10125.0,2024-06-04
2024060401023232,USHEC,5,95,20.0,404.0,8080.0,2024-06-04
2024060401023231,USHEC,5,70,150.0,404.0,60600.0,2024-06-04
2024060401023230,SMJC,38,22,20.0,380.5,7610.0,2024-06-04
2024060401023229,AVYAN,59,38,10.0,914.8,9148.0,2024-06-04
2024060403016243,SDLBSL,59,14,170.0,976.0,165920.0,2024-06-04
2024060403016242,SDLBSL,58,14,10.0,978.0,9780.0,2024-06-04
2024060401023228,ULBSL,58,14,20.0,1920.0,38400.0,2024-06-04
2024060401023227,SONA,48,82,15.0,445.0,6675.0,2024-06-04
2024060401023226,SONA,34,82,125.0,445.0,55625.0,2024-06-04
2024060401023225,SONA,48,82,60.0,445.0,26700.0,2024-06-04
2024060401023224,JBLB,14,48,10.0,1345.2,13452.0,2024-06-04
2024060403016241,PROFL,48,46,20.0,350.0,7000.0,2024-06-04
2024060404007915,NLG,50,50,50.0,752.0,37600.0,2024-06-04
2024060403016240,HLI,4,29,50.0,388.0,19400.0,2024-06-04
2024060401023223,BGWT,34,45,30.0,904.0,27120.0,2024-06-04
2024060403016239,GUFL,19,29,20.0,665.1,13302.0,2024-06-04
2024060403016238,ALBSL,16,58,10.0,995.2,9952.0,2024-06-04
2024060404007914,API,26,46,100.0,168.0,16800.0,2024-06-04
2024060404007913,UPCL,11,36,15.0,190.9,2863.5,2024-06-04
2024060401023222,SRLI,56,34,10.0,445.0,4450.0,2024-06-04
2024060403016237,NLICL,34,74,10.0,548.9,5489.0,2024-06-04
2024060401023221,SHLB,35,6,40.0,1761.0,70440.0,2024-06-04
2024060404007912,JOSHI,45,56,105.0,301.6,31668.0,2024-06-04
2024060404007911,JOSHI,54,56,100.0,301.7,30170.0,2024-06-04
2024060404007910,JOSHI,7,56,500.0,301.8,150900.0,2024-06-04
2024060404007909,JOSHI,7,56,100.0,302.0,30200.0,2024-06-04
2024060404007908,JOSHI,42,56,470.0,302.0,141940.0,2024-06-04
2024060405004929,SMATA,68,41,10.0,1000.0,10000.0,2024-06-04
2024060403016236,SFCL,17,41,200.0,365.0,73000.0,2024-06-04
