transaction,symbol,buyer,seller,quantity,rate,amount,date
2024032505003928,ENL,1,49,10.0,770.0,7700.0,2024-03-25
2024032504007931,JOSHI,56,1,166.0,335.0,55610.0,2024-03-25
2024032501021773,PHCL,59,54,80.0,323.8,25904.0,2024-03-25
2024032501021772,PHCL,59,52,10.0,323.5,3235.0,2024-03-25
2024032501021771,PHCL,59,51,10.0,323.0,3230.0,2024-03-25
2024032503010604,SWMF,45,33,100.0,715.1,71510.0,2024-03-25
2024032504007930,MHNL,4,33,10.0,240.0,2400.0,2024-03-25
2024032504007929,MHNL,54,33,10.0,242.7,2427.0,2024-03-25
2024032501021770,SHIVM,66,17,86.0,527.0,45322.0,2024-03-25
2024032501021769,SHIVM,38,17,234.0,527.0,123318.0,2024-03-25
2024032501021768,SHIVM,84,17,180.0,527.1,94878.0,2024-03-25
2024032501021767,SMHL,17,71,60.0,441.7,26502.0,2024-03-25
2024032501021766,SMHL,17,49,10.0,441.0,4410.0,2024-03-25
2024032501021765,SMHL,17,41,10.0,440.6,4406.0,2024-03-25
2024032501021764,SMHL,17,57,10.0,440.6,4406.0,2024-03-25
2024032501021763,SMHL,17,22,10.0,440.5,4405.0,2024-03-25
2024032501021762,BGWT,65,19,60.0,650.0,39000.0,2024-03-25
2024032501021761,BGWT,65,59,140.0,649.0,90860.0,2024-03-25
2024032504007928,NGPL,58,70,630.0,296.0,186480.0,2024-03-25
2024032501021760,CKHL,70,74,10.0,607.0,6070.0,2024-03-25
2024032501021759,CKHL,70,45,20.0,606.9,12138.0,2024-03-25
2024032501021758,NRM,53,26,20.0,387.5,7750.0,2024-03-25
2024032501021757,NRM,53,26,200.0,386.9,77380.0,2024-03-25
2024032501021756,NRM,53,36,110.0,386.0,42460.0,2024-03-25
2024032501021755,NRM,53,22,50.0,386.0,19300.0,2024-03-25
2024032501021754,NRM,53,13,10.0,385.8,3858.0,2024-03-25
2024032501021753,NRM,53,49,10.0,385.0,3850.0,2024-03-25
2024032503010603,GUFL,71,32,11.0,872.0,9592.0,2024-03-25
2024032501021752,SONA,71,19,20.0,484.0,9680.0,2024-03-25
2024032501021751,MMKJL,71,42,10.0,414.9,4149.0,2024-03-25
2024032501021750,BHL,71,65,10.0,337.0,3370.0,2024-03-25
2024032501021749,SBI,94,41,100.0,288.0,28800.0,2024-03-25
2024032503010602,GBLBS,35,51,10.0,623.0,6230.0,2024-03-25
2024032503010601,SADBL,35,41,100.0,300.4,30040.0,2024-03-25
2024032501021748,BNL,32,48,10.0,18276.5,182765.0,2024-03-25
2024032504007927,PPCL,32,32,10.0,247.5,2475.0,2024-03-25
2024032504007926,GLH,32,34,10.0,219.0,2190.0,2024-03-25
2024032501021747,DLBS,62,51,10.0,1544.0,15440.0,2024-03-25
2024032501021746,DLBS,62,62,100.0,1544.0,154400.0,2024-03-25
2024032501021745,PPL,49,62,206.0,427.0,87962.0,2024-03-25
2024032501021744,PPL,32,62,10.0,431.5,4315.0,2024-03-25
2024032501021743,PPL,49,62,10.0,432.0,4320.0,2024-03-25
2024032501021742,PPL,45,62,20.0,432.0,8640.0,2024-03-25
2024032501021741,PPL,71,62,574.0,432.0,247968.0,2024-03-25
2024032501021740,PPL,94,62,70.0,432.1,30247.0,2024-03-25
2024032501021739,PPL,34,62,10.0,433.0,4330.0,2024-03-25
2024032501021738,PPL,94,62,100.0,433.1,43310.0,2024-03-25
2024032503010600,GILB,62,35,10.0,908.9,9089.0,2024-03-25
2024032503010599,ALICL,62,39,71.0,567.0,40257.0,2024-03-25
2024032503010598,ALICL,62,28,200.0,566.9,113380.0,2024-03-25
2024032503010597,ALICL,62,34,259.0,566.0,146594.0,2024-03-25
2024032503010596,ALICL,62,28,175.0,565.9,99032.5,2024-03-25
2024032503010595,ALICL,62,28,45.0,565.8,25461.0,2024-03-25
2024032503010594,ALICL,62,22,50.0,565.0,28250.0,2024-03-25
2024032505003927,HRL,62,51,20.0,608.9,12178.0,2024-03-25
2024032505003926,HRL,62,14,20.0,608.9,12178.0,2024-03-25
2024032505003925,HRL,62,67,20.0,608.8,12176.0,2024-03-25
2024032505003924,HRL,62,38,20.0,608.7,12174.0,2024-03-25
2024032503010593,GMFBS,6,55,20.0,1048.3,20966.0,2024-03-25
2024032501021737,DLBS,62,22,50.0,1500.0,75000.0,2024-03-25
2024032501021736,DLBS,62,74,73.0,1500.0,109500.0,2024-03-25
2024032501021735,DLBS,62,49,200.0,1500.0,300000.0,2024-03-25
2024032501021734,DLBS,62,45,40.0,1500.0,60000.0,2024-03-25
2024032501021733,DLBS,62,13,30.0,1326.0,39780.0,2024-03-25
2024032501021732,DLBS,62,54,60.0,1326.0,79560.0,2024-03-25
2024032501021731,DLBS,62,16,15.0,1326.0,19890.0,2024-03-25
2024032501021730,DLBS,62,13,10.0,1326.0,13260.0,2024-03-25
2024032501021729,DLBS,62,44,37.0,1326.0,49062.0,2024-03-25
2024032504007925,PPCL,45,32,10.0,247.5,2475.0,2024-03-25
2024032503010592,FMDBL,62,62,100.0,614.0,61400.0,2024-03-25
2024032503010591,FMDBL,62,22,200.0,611.0,122200.0,2024-03-25
2024032503010590,HLI,45,56,10.0,403.9,4039.0,2024-03-25
2024032503010589,MDB,45,72,10.0,426.8,4268.0,2024-03-25
2024032503010588,SAPDBL,57,44,10.0,297.0,2970.0,2024-03-25
2024032504007924,HURJA,58,57,220.0,288.0,63360.0,2024-03-25
2024032504007923,HURJA,72,57,250.0,288.1,72025.0,2024-03-25
2024032504007922,HURJA,4,57,300.0,288.1,86430.0,2024-03-25
2024032504007921,HURJA,4,57,100.0,288.1,28810.0,2024-03-25
2024032504007920,HURJA,72,57,130.0,288.1,37453.0,2024-03-25
2024032505003923,NBF2,57,34,100.0,8.13,813.0,2024-03-25
2024032503010587,GUFL,28,71,99.0,884.3,87545.7,2024-03-25
2024032503010586,GUFL,28,22,200.0,884.3,176860.0,2024-03-25
2024032503010585,GUFL,28,52,50.0,884.2,44210.0,2024-03-25
2024032503010584,GUFL,28,28,200.0,884.2,176840.0,2024-03-25
2024032503010583,GUFL,28,40,50.0,884.0,44200.0,2024-03-25
2024032503010582,GUFL,28,36,30.0,884.0,26520.0,2024-03-25
2024032503010581,GUFL,28,45,4271.0,884.0,3775564.0,2024-03-25
2024032503010580,GUFL,28,26,100.0,872.0,87200.0,2024-03-25
2024032504007919,JOSHI,57,54,10.0,338.9,3389.0,2024-03-25
2024032501021728,BHL,44,28,10.0,337.0,3370.0,2024-03-25
2024032501021727,PHCL,44,7,10.0,323.0,3230.0,2024-03-25
2024032501021726,SPHL,36,19,270.0,456.0,123120.0,2024-03-25
2024032501021725,SPHL,61,19,100.0,456.1,45610.0,2024-03-25
2024032501021724,SPHL,48,19,13.0,457.0,5941.0,2024-03-25
2024032501021723,SPHL,52,19,50.0,457.0,22850.0,2024-03-25
2024032501021722,SPHL,22,19,67.0,457.0,30619.0,2024-03-25
2024032503010579,NADEP,19,32,1000.0,641.0,641000.0,2024-03-25
2024032503010578,NICLBSL,47,42,160.0,607.0,97120.0,2024-03-25
2024032501021721,SHIVM,77,48,10.0,527.5,5275.0,2024-03-25
2024032503010577,BFC,32,8,300.0,353.5,106050.0,2024-03-25
2024032503010576,DDBL,6,42,25.0,786.2,19655.0,2024-03-25
2024032503010575,DDBL,38,42,10.0,786.2,7862.0,2024-03-25
2024032503010574,DDBL,36,42,100.0,787.0,78700.0,2024-03-25
2024032503010573,DDBL,49,42,20.0,787.0,15740.0,2024-03-25
2024032503010572,DDBL,14,42,20.0,787.0,15740.0,2024-03-25
2024032503010571,DDBL,44,42,100.0,787.0,78700.0,2024-03-25
2024032501021720,SAHAS,51,21,10.0,524.0,5240.0,2024-03-25
2024032501021719,SONA,51,19,60.0,484.0,29040.0,2024-03-25
2024032501021718,SBL,50,32,10.0,221.0,2210.0,2024-03-25
2024032501021717,NBL,38,53,10.0,220.9,2209.0,2024-03-25
2024032501021716,CKHL,38,45,10.0,606.9,6069.0,2024-03-25
2024032501021715,CKHL,38,70,10.0,605.0,6050.0,2024-03-25
2024032504007918,SHL,58,14,100.0,439.0,43900.0,2024-03-25
2024032504007917,SHL,58,45,100.0,438.0,43800.0,2024-03-25
2024032504007916,SHL,58,81,645.0,437.0,281865.0,2024-03-25
2024032504007915,SHL,58,35,105.0,436.5,45832.5,2024-03-25
2024032501021714,GCIL,58,58,1.0,503.0,503.0,2024-03-25
2024032504007914,UPPER,49,38,762.0,176.0,134112.0,2024-03-25
2024032501021713,MBL,7,49,85.0,179.3,15240.5,2024-03-25
2024032504007913,UPPER,49,52,238.0,176.0,41888.0,2024-03-25
2024032501021712,MBL,33,49,20.0,179.4,3588.0,2024-03-25
2024032501021711,MBL,32,49,30.0,179.4,5382.0,2024-03-25
2024032501021710,MBL,48,49,250.0,179.4,44850.0,2024-03-25
2024032501021709,MBL,13,49,55.0,179.4,9867.0,2024-03-25
2024032501021708,MBL,35,49,20.0,179.4,3588.0,2024-03-25
2024032501021707,MKCL,49,33,10.0,938.7,9387.0,2024-03-25
2024032501021706,DLBS,49,44,73.0,1326.0,96798.0,2024-03-25
2024032501021705,DLBS,49,57,10.0,1326.0,13260.0,2024-03-25
2024032501021704,DLBS,49,57,200.0,1325.0,265000.0,2024-03-25
2024032501021703,DLBS,49,13,10.0,1321.0,13210.0,2024-03-25
2024032501021702,DLBS,49,42,10.0,1320.0,13200.0,2024-03-25
2024032501021701,DLBS,49,48,60.0,1318.9,79134.0,2024-03-25
2024032501021700,DLBS,49,45,17.0,1318.0,22406.0,2024-03-25
2024032501021699,DLBS,49,40,60.0,1317.8,79068.0,2024-03-25
2024032501021698,DLBS,49,42,10.0,1317.5,13175.0,2024-03-25
2024032501021697,DLBS,49,14,50.0,1317.0,65850.0,2024-03-25
2024032501021696,DLBS,49,38,10.0,1310.0,13100.0,2024-03-25
2024032501021695,DLBS,49,54,10.0,1300.0,13000.0,2024-03-25
2024032501021694,DLBS,49,4,30.0,1300.0,39000.0,2024-03-25
2024032501021693,DLBS,49,38,50.0,1299.0,64950.0,2024-03-25
2024032503010570,SABSL,78,49,10.0,695.2,6952.0,2024-03-25
2024032501021692,SONA,69,19,100.0,484.0,48400.0,2024-03-25
2024032504007912,UMRH,45,39,50.0,345.2,17260.0,2024-03-25
2024032504007911,HPPL,14,39,19.0,263.0,4997.0,2024-03-25
2024032504007910,HPPL,54,39,100.0,263.0,26300.0,2024-03-25
2024032504007909,HPPL,54,39,100.0,263.0,26300.0,2024-03-25
2024032504007908,HPPL,53,39,30.0,263.0,7890.0,2024-03-25
2024032504007907,HPPL,57,39,50.0,263.1,13155.0,2024-03-25
2024032504007906,HPPL,25,39,22.0,264.0,5808.0,2024-03-25
2024032504007905,HPPL,58,39,130.0,264.0,34320.0,2024-03-25
2024032504007904,HPPL,17,39,29.0,268.2,7777.8,2024-03-25
2024032505003922,SMATA,88,42,10.0,700.0,7000.0,2024-03-25
2024032504007903,PMHPL,14,34,10.0,240.0,2400.0,2024-03-25
2024032501021691,KBL,14,48,50.0,139.9,6995.0,2024-03-25
2024032503010569,NFS,56,14,10.0,390.0,3900.0,2024-03-25
2024032504007902,AKPL,34,45,10.0,179.0,1790.0,2024-03-25
2024032501021690,NRM,34,14,25.0,384.9,9622.5,2024-03-25
2024032501021689,CYCL,34,74,10.0,1450.0,14500.0,2024-03-25
2024032503010568,GUFL,41,45,729.0,884.0,644436.0,2024-03-25
2024032503010567,GUFL,41,58,70.0,884.0,61880.0,2024-03-25
2024032503010566,GUFL,41,57,55.0,884.0,48620.0,2024-03-25
2024032503010565,GUFL,41,45,50.0,884.0,44200.0,2024-03-25
2024032503010564,GUFL,41,17,20.0,884.0,17680.0,2024-03-25
2024032503010563,GUFL,41,17,254.0,884.0,224536.0,2024-03-25
2024032503010562,GUFL,41,57,40.0,884.0,35360.0,2024-03-25
2024032503010561,GUFL,41,63,100.0,884.0,88400.0,2024-03-25
2024032503010560,GUFL,41,5,500.0,884.0,442000.0,2024-03-25
2024032503010559,GUFL,41,49,100.0,884.0,88400.0,2024-03-25
2024032503010558,GUFL,41,41,300.0,884.0,265200.0,2024-03-25
2024032503010557,GUFL,41,48,100.0,884.0,88400.0,2024-03-25
2024032503010556,GUFL,41,21,129.0,883.3,113945.7,2024-03-25
2024032503010555,GUFL,41,42,30.0,883.3,26499.0,2024-03-25
2024032503010554,GUFL,41,40,50.0,883.3,44165.0,2024-03-25
2024032503010553,GUFL,41,17,20.0,883.0,17660.0,2024-03-25
2024032503010552,GUFL,41,57,300.0,883.0,264900.0,2024-03-25
2024032503010551,GUFL,41,36,200.0,883.0,176600.0,2024-03-25
2024032503010550,GUFL,41,26,100.0,883.0,88300.0,2024-03-25
2024032503010549,GUFL,41,51,250.0,882.3,220575.0,2024-03-25
2024032503010548,GUFL,41,59,50.0,882.0,44100.0,2024-03-25
2024032503010547,GUFL,41,17,560.0,882.0,493920.0,2024-03-25
2024032503010546,GUFL,41,17,500.0,882.0,441000.0,2024-03-25
2024032503010545,GUFL,41,52,10.0,881.3,8813.0,2024-03-25
2024032503010544,GUFL,41,34,60.0,881.2,52872.0,2024-03-25
2024032503010543,GUFL,41,51,20.0,881.2,17624.0,2024-03-25
2024032503010542,GUFL,41,7,100.0,881.0,88100.0,2024-03-25
2024032503010541,GUFL,41,36,350.0,881.0,308350.0,2024-03-25
2024032503010540,GUFL,41,17,100.0,881.0,88100.0,2024-03-25
2024032503010539,GUFL,41,51,100.0,881.0,88100.0,2024-03-25
2024032503010538,GUFL,41,16,500.0,881.0,440500.0,2024-03-25
2024032503010537,GUFL,41,46,200.0,881.0,176200.0,2024-03-25
2024032503010536,GUFL,41,38,20.0,881.0,17620.0,2024-03-25
2024032503010535,GUFL,41,94,50.0,881.0,44050.0,2024-03-25
2024032503010534,GUFL,41,69,490.0,881.0,431690.0,2024-03-25
2024032503010533,GUFL,41,46,200.0,881.0,176200.0,2024-03-25
2024032501021688,SBI,5,41,149.0,288.0,42912.0,2024-03-25
2024032503010532,GUFL,41,94,50.0,881.0,44050.0,2024-03-25
2024032503010531,GUFL,41,49,50.0,881.0,44050.0,2024-03-25
2024032503010530,GUFL,41,42,10.0,881.0,8810.0,2024-03-25
2024032503010529,GUFL,41,54,300.0,880.2,264060.0,2024-03-25
2024032503010528,GUFL,41,57,24.0,880.2,21124.8,2024-03-25
2024032503010527,GUFL,41,57,10.0,880.2,8802.0,2024-03-25
2024032503010526,GUFL,41,54,25.0,880.1,22002.5,2024-03-25
2024032503010525,GUFL,41,42,500.0,880.0,440000.0,2024-03-25
2024032503010524,GUFL,41,51,50.0,880.0,44000.0,2024-03-25
2024032503010523,GUFL,41,44,200.0,880.0,176000.0,2024-03-25
2024032503010522,GUFL,41,58,50.0,880.0,44000.0,2024-03-25
2024032503010521,GUFL,41,44,250.0,880.0,220000.0,2024-03-25
2024032503010520,GUFL,41,49,105.0,880.0,92400.0,2024-03-25
2024032503010519,GUFL,41,29,510.0,880.0,448800.0,2024-03-25
2024032503010518,GUFL,41,38,500.0,880.0,440000.0,2024-03-25
2024032503010517,GUFL,41,45,30.0,880.0,26400.0,2024-03-25
2024032503010516,GUFL,41,44,50.0,880.0,44000.0,2024-03-25
2024032503010515,GUFL,41,51,20.0,880.0,17600.0,2024-03-25
2024032503010514,GUFL,41,3,1000.0,880.0,880000.0,2024-03-25
2024032503010513,GUFL,41,71,500.0,879.2,439600.0,2024-03-25
2024032503010512,GUFL,41,41,150.0,879.2,131880.0,2024-03-25
2024032503010511,GUFL,41,22,500.0,879.0,439500.0,2024-03-25
2024032503010510,GUFL,41,45,610.0,879.0,536190.0,2024-03-25
2024032503010509,GUFL,41,49,50.0,879.0,43950.0,2024-03-25
2024032503010508,GUFL,41,32,100.0,877.3,87730.0,2024-03-25
2024032503010507,GUFL,41,74,180.0,877.3,157914.0,2024-03-25
2024032503010506,GUFL,41,59,180.0,877.3,157914.0,2024-03-25
2024032503010505,GUFL,41,74,500.0,877.3,438650.0,2024-03-25
2024032503010504,GUFL,41,21,200.0,877.3,175460.0,2024-03-25
2024032503010503,GUFL,41,16,60.0,877.0,52620.0,2024-03-25
2024032503010502,GUFL,41,17,50.0,877.0,43850.0,2024-03-25
2024032503010501,GUFL,41,6,44.0,877.0,38588.0,2024-03-25
2024032503010500,GUFL,41,17,100.0,877.0,87700.0,2024-03-25
2024032503010499,GUFL,41,39,60.0,877.0,52620.0,2024-03-25
2024032503010498,GUFL,41,13,10.0,877.0,8770.0,2024-03-25
2024032503010497,GUFL,41,49,10.0,877.0,8770.0,2024-03-25
2024032503010496,GUFL,41,49,65.0,877.0,57005.0,2024-03-25
2024032503010495,GUFL,41,51,200.0,877.0,175400.0,2024-03-25
2024032503010494,GUFL,41,1,500.0,877.0,438500.0,2024-03-25
2024032503010493,GUFL,41,72,130.0,877.0,114010.0,2024-03-25
2024032503010492,GUFL,41,29,1000.0,877.0,877000.0,2024-03-25
2024032503010491,GUFL,41,53,10.0,877.0,8770.0,2024-03-25
2024032503010490,GUFL,41,39,50.0,877.0,43850.0,2024-03-25
2024032503010489,GUFL,41,42,50.0,877.0,43850.0,2024-03-25
2024032503010488,GUFL,41,6,20.0,877.0,17540.0,2024-03-25
2024032503010487,GUFL,41,59,500.0,877.0,438500.0,2024-03-25
2024032503010486,GUFL,41,45,100.0,877.0,87700.0,2024-03-25
2024032503010485,GUFL,41,19,100.0,876.0,87600.0,2024-03-25
2024032503010484,GUFL,41,45,58.0,876.0,50808.0,2024-03-25
2024032503010483,GUFL,41,16,100.0,876.0,87600.0,2024-03-25
2024032503010482,GUFL,41,21,75.0,875.0,65625.0,2024-03-25
2024032503010481,GUFL,41,44,10.0,875.0,8750.0,2024-03-25
2024032503010480,GUFL,41,58,200.0,875.0,175000.0,2024-03-25
2024032503010479,GUFL,41,22,100.0,875.0,87500.0,2024-03-25
2024032503010478,GUFL,41,58,160.0,875.0,140000.0,2024-03-25
2024032503010477,GUFL,41,49,102.0,872.0,88944.0,2024-03-25
2024032503010476,GUFL,41,32,300.0,872.0,261600.0,2024-03-25
2024032503010475,GUFL,41,34,100.0,871.0,87100.0,2024-03-25
2024032503010474,GUFL,41,45,150.0,870.0,130500.0,2024-03-25
2024032503010473,GUFL,41,45,28.0,870.0,24360.0,2024-03-25
2024032503010472,GUFL,41,45,500.0,870.0,435000.0,2024-03-25
2024032503010471,GUFL,41,34,15.0,870.0,13050.0,2024-03-25
2024032503010470,GUFL,41,54,10.0,870.0,8700.0,2024-03-25
2024032503010469,GUFL,41,38,10.0,870.0,8700.0,2024-03-25
2024032503010468,GUFL,41,22,500.0,870.0,435000.0,2024-03-25
2024032503010467,GUFL,41,38,150.0,870.0,130500.0,2024-03-25
2024032503010466,GUFL,41,36,100.0,867.0,86700.0,2024-03-25
2024032503010465,GUFL,41,22,1500.0,866.0,1299000.0,2024-03-25
2024032503010464,GUFL,41,8,300.0,866.0,259800.0,2024-03-25
2024032503010463,GUFL,41,42,50.0,866.0,43300.0,2024-03-25
2024032503010462,GUFL,41,22,50.0,865.0,43250.0,2024-03-25
2024032503010461,GUFL,41,45,55.0,865.0,47575.0,2024-03-25
2024032503010460,GUFL,41,35,10.0,865.0,8650.0,2024-03-25
2024032503010459,GUFL,41,48,10.0,865.0,8650.0,2024-03-25
2024032503010458,GUFL,41,22,1000.0,865.0,865000.0,2024-03-25
2024032503010457,GUFL,41,58,30.0,864.1,25923.0,2024-03-25
2024032503010456,GUFL,41,34,50.0,864.0,43200.0,2024-03-25
2024032503010455,GUFL,41,41,30.0,864.0,25920.0,2024-03-25
2024032503010454,GUFL,41,58,90.0,864.0,77760.0,2024-03-25
2024032503010453,GUFL,41,1,25.0,860.0,21500.0,2024-03-25
2024032503010452,GUFL,41,19,30.0,860.0,25800.0,2024-03-25
2024032503010451,GUFL,41,54,500.0,860.0,430000.0,2024-03-25
2024032503010450,GUFL,41,45,100.0,860.0,86000.0,2024-03-25
2024032503010449,GUFL,41,57,121.0,860.0,104060.0,2024-03-25
2024032503010448,GUFL,41,49,100.0,860.0,86000.0,2024-03-25
2024032503010447,GUFL,41,22,100.0,860.0,86000.0,2024-03-25
2024032503010446,GUFL,41,58,51.0,860.0,43860.0,2024-03-25
2024032503010445,GUFL,41,7,1660.0,855.0,1419300.0,2024-03-25
2024032504007901,CGH,57,46,500.0,817.5,408750.0,2024-03-25
2024032504007900,CGH,57,46,500.0,817.5,408750.0,2024-03-25
2024032504007899,CGH,5,46,60.0,817.6,49056.0,2024-03-25
2024032504007898,CGH,34,46,10.0,818.0,8180.0,2024-03-25
2024032503010444,CFCL,19,52,200.0,350.3,70060.0,2024-03-25
2024032501021687,ADBL,52,51,1584.0,233.5,369864.0,2024-03-25
2024032504007897,UPCL,22,45,10.0,210.8,2108.0,2024-03-25
2024032501021686,HATHY,16,22,290.0,880.0,255200.0,2024-03-25
2024032504007896,BARUN,6,22,100.0,239.9,23990.0,2024-03-25
2024032503010443,MPFL,43,66,200.0,370.2,74040.0,2024-03-25
2024032505003921,NTC,29,32,48.0,846.8,40646.4,2024-03-25
2024032504007895,UMHL,21,68,10.0,247.9,2479.0,2024-03-25
2024032503010442,EDBL,21,38,10.0,358.5,3585.0,2024-03-25
2024032501021685,KBSH,21,52,10.0,1049.0,10490.0,2024-03-25
2024032501021684,KBSH,21,57,10.0,1036.5,10365.0,2024-03-25
2024032503010441,KSBBL,13,86,40.0,355.9,14236.0,2024-03-25
2024032501021683,SONA,48,19,180.0,484.0,87120.0,2024-03-25
2024032501021682,SONA,48,36,20.0,483.9,9678.0,2024-03-25
2024032503010440,NMBMF,51,10,50.0,572.0,28600.0,2024-03-25
2024032503010439,PFL,62,10,280.0,402.1,112588.0,2024-03-25
2024032503010438,PFL,45,10,100.0,402.1,40210.0,2024-03-25
2024032503010437,PFL,35,10,70.0,402.2,28154.0,2024-03-25
2024032503010436,NLIC,48,25,13.0,600.0,7800.0,2024-03-25
2024032503010435,GLBSL,62,59,13.0,1325.0,17225.0,2024-03-25
2024032503010434,ALICL,41,59,325.0,563.0,182975.0,2024-03-25
2024032503010433,ALICL,38,59,10.0,563.2,5632.0,2024-03-25
2024032503010432,ALICL,25,59,100.0,563.2,56320.0,2024-03-25
2024032503010431,ALICL,47,59,65.0,563.3,36614.5,2024-03-25
2024032501021681,PPL,65,26,143.0,439.0,62777.0,2024-03-25
2024032501021680,PPL,65,41,80.0,438.9,35112.0,2024-03-25
2024032501021679,PPL,65,38,187.0,438.9,82074.3,2024-03-25
2024032501021678,PPL,65,41,10.0,438.5,4385.0,2024-03-25
2024032501021677,PPL,65,1,55.0,438.5,24117.5,2024-03-25
2024032501021676,PPL,65,7,15.0,438.0,6570.0,2024-03-25
2024032501021675,PPL,65,35,20.0,437.0,8740.0,2024-03-25
2024032501021674,PPL,65,26,990.0,437.0,432630.0,2024-03-25
2024032503010430,GUFL,25,3,174.0,852.1,148265.4,2024-03-25
2024032501021673,NICA,37,35,23.0,410.1,9432.3,2024-03-25
2024032504007894,JOSHI,35,54,10.0,338.9,3389.0,2024-03-25
2024032501021672,MKLB,32,38,10.0,828.0,8280.0,2024-03-25
2024032501021671,UHEWA,32,14,37.0,343.9,12724.3,2024-03-25
2024032501021670,UHEWA,32,57,63.0,343.0,21609.0,2024-03-25
2024032503010429,KSBBL,32,86,10.0,355.9,3559.0,2024-03-25
2024032503010428,ALBSL,51,43,120.0,715.1,85812.0,2024-03-25
2024032501021669,CKHL,58,62,175.0,600.0,105000.0,2024-03-25
2024032501021668,CKHL,58,62,125.0,600.0,75000.0,2024-03-25
2024032503010427,USLB,59,55,50.0,1702.0,85100.0,2024-03-25
2024032503010426,USLB,62,55,50.0,1705.0,85250.0,2024-03-25
2024032504007893,UPCL,6,45,330.0,209.1,69003.0,2024-03-25
2024032504007892,UPCL,58,45,170.0,210.0,35700.0,2024-03-25
2024032503010425,GUFL,25,44,160.0,852.1,136336.0,2024-03-25
2024032504007891,MHNL,44,41,10.0,242.8,2428.0,2024-03-25
2024032501021667,SPC,74,56,10.0,560.0,5600.0,2024-03-25
2024032501021666,NBL,52,8,3488.0,220.5,769104.0,2024-03-25
2024032501021665,VLUCL,42,41,10.0,512.0,5120.0,2024-03-25
2024032504007890,NGPL,58,42,1000.0,296.0,296000.0,2024-03-25
2024032501021664,SHIVM,84,25,820.0,527.1,432222.0,2024-03-25
2024032501021663,TVCL,58,38,180.0,483.0,86940.0,2024-03-25
2024032501021662,TVCL,37,38,10.0,484.0,4840.0,2024-03-25
2024032501021661,TVCL,6,38,10.0,484.0,4840.0,2024-03-25
2024032501021660,ULHC,58,62,100.0,313.5,31350.0,2024-03-25
2024032503010424,SJLIC,58,13,10.0,509.0,5090.0,2024-03-25
2024032501021659,KDL,45,47,10.0,775.0,7750.0,2024-03-25
2024032501021658,KDL,55,47,50.0,775.0,38750.0,2024-03-25
2024032501021657,KDL,43,47,20.0,775.1,15502.0,2024-03-25
2024032501021656,KDL,44,47,20.0,775.5,15510.0,2024-03-25
2024032501021655,KDL,43,47,20.0,776.0,15520.0,2024-03-25
2024032501021654,KDL,45,47,50.0,776.0,38800.0,2024-03-25
2024032501021653,KDL,47,47,37.0,776.1,28715.7,2024-03-25
2024032504007889,GHL,11,47,500.0,151.9,75950.0,2024-03-25
2024032503010423,NABBC,56,20,10.0,423.0,4230.0,2024-03-25
2024032505003920,NRIC,49,56,31.0,733.0,22723.0,2024-03-25
2024032501021652,SHLB,49,13,10.0,1030.0,10300.0,2024-03-25
2024032501021651,MKCL,50,49,10.0,932.0,9320.0,2024-03-25
2024032501021650,NIMB,39,49,83.0,161.0,13363.0,2024-03-25
2024032501021649,NIMB,39,42,117.0,161.0,18837.0,2024-03-25
2024032504007888,RBCL,29,34,10.0,13850.1,138501.0,2024-03-25
2024032504007887,MEN,16,34,103.0,538.0,55414.0,2024-03-25
2024032504007886,MEN,58,34,10.0,540.0,5400.0,2024-03-25
2024032504007885,MEN,48,34,10.0,540.0,5400.0,2024-03-25
2024032504007884,MEN,1,34,50.0,540.0,27000.0,2024-03-25
2024032504007883,MEN,45,34,55.0,540.0,29700.0,2024-03-25
2024032501021648,NABIL,48,34,200.0,445.0,89000.0,2024-03-25
2024032503010422,SHINE,5,41,200.0,372.3,74460.0,2024-03-25
2024032501021647,RFPL,59,22,100.0,399.0,39900.0,2024-03-25
2024032504007882,HEI,66,29,10.0,588.8,5888.0,2024-03-25
2024032501021646,HDL,6,1,15.0,1527.0,22905.0,2024-03-25
2024032503010421,GFCL,29,59,370.0,472.0,174640.0,2024-03-25
2024032504007881,SSHL,25,29,25.0,162.3,4057.5,2024-03-25
2024032504007880,SSHL,45,29,500.0,162.3,81150.0,2024-03-25
2024032504007879,SSHL,21,29,250.0,162.5,40625.0,2024-03-25
2024032504007878,SSHL,44,29,25.0,162.6,4065.0,2024-03-25
2024032501021645,MEL,6,21,10.0,212.0,2120.0,2024-03-25
2024032501021644,MKHC,25,34,20.0,290.0,5800.0,2024-03-25
2024032501021643,MKHC,25,42,20.0,290.0,5800.0,2024-03-25
2024032501021642,MKHC,25,17,10.0,289.0,2890.0,2024-03-25
2024032501021641,MKHC,25,45,10.0,288.0,2880.0,2024-03-25
2024032501021640,MKHC,25,45,10.0,288.0,2880.0,2024-03-25
2024032501021639,MKHC,25,7,10.0,288.0,2880.0,2024-03-25
2024032501021638,MKHC,25,6,400.0,287.9,115160.0,2024-03-25
2024032501021637,MKHC,25,35,10.0,287.8,2878.0,2024-03-25
2024032501021636,MKHC,25,42,160.0,287.7,46032.0,2024-03-25
2024032504007877,CHCL,25,44,22.0,460.2,10124.4,2024-03-25
2024032503010420,PMLI,7,38,10.0,526.0,5260.0,2024-03-25
2024032501021635,CKHL,58,64,250.0,600.0,150000.0,2024-03-25
2024032501021634,BEDC,59,45,10.0,344.5,3445.0,2024-03-25
2024032504007876,NHPC,1,1,200.0,154.0,30800.0,2024-03-25
2024032503010419,NICLBSL,47,70,90.0,607.0,54630.0,2024-03-25
2024032503010418,NICLBSL,36,70,100.0,607.1,60710.0,2024-03-25
2024032501021633,SGHC,21,32,185.0,301.1,55703.5,2024-03-25
2024032501021632,SGHC,57,32,55.0,301.6,16588.0,2024-03-25
2024032501021631,SGHC,48,32,260.0,301.7,78442.0,2024-03-25
2024032501021630,CYCL,62,74,12.0,1450.0,17400.0,2024-03-25
2024032501021629,CYCL,62,42,16.0,1450.0,23200.0,2024-03-25
2024032501021628,CYCL,62,42,50.0,1450.0,72500.0,2024-03-25
2024032501021627,CYCL,62,22,100.0,1450.0,145000.0,2024-03-25
2024032501021626,CYCL,62,77,50.0,1450.0,72500.0,2024-03-25
2024032501021625,CYCL,62,61,500.0,1450.0,725000.0,2024-03-25
2024032501021624,CYCL,62,35,100.0,1440.0,144000.0,2024-03-25
2024032501021623,CYCL,62,16,20.0,1430.0,28600.0,2024-03-25
2024032501021622,CYCL,62,32,52.0,1428.9,74302.8,2024-03-25
2024032501021621,MANDU,45,83,10.0,680.0,6800.0,2024-03-25
2024032501021620,MANDU,45,21,40.0,679.5,27180.0,2024-03-25
2024032501021619,MANDU,45,56,10.0,679.0,6790.0,2024-03-25
2024032501021618,NWCL,45,41,50.0,750.0,37500.0,2024-03-25
2024032501021617,NWCL,45,42,10.0,750.0,7500.0,2024-03-25
2024032501021616,NWCL,45,38,10.0,750.0,7500.0,2024-03-25
2024032501021615,NWCL,45,45,10.0,750.0,7500.0,2024-03-25
2024032501021614,NWCL,45,51,10.0,750.0,7500.0,2024-03-25
2024032501021613,NWCL,45,58,10.0,750.0,7500.0,2024-03-25
2024032501021612,NWCL,45,58,10.0,750.0,7500.0,2024-03-25
2024032501021611,NWCL,45,39,10.0,750.0,7500.0,2024-03-25
2024032501021610,NWCL,45,7,10.0,750.0,7500.0,2024-03-25
2024032501021609,NWCL,45,1,10.0,750.0,7500.0,2024-03-25
2024032501021608,NWCL,45,58,300.0,750.0,225000.0,2024-03-25
2024032501021607,NWCL,45,48,10.0,749.7,7497.0,2024-03-25
2024032501021606,NWCL,45,45,10.0,749.7,7497.0,2024-03-25
2024032501021605,NWCL,45,57,100.0,749.5,74950.0,2024-03-25
2024032501021604,NWCL,45,49,10.0,747.0,7470.0,2024-03-25
2024032501021603,NWCL,45,58,10.0,747.0,7470.0,2024-03-25
2024032501021602,NWCL,45,92,75.0,745.0,55875.0,2024-03-25
2024032503010417,ILBS,44,19,642.0,870.0,558540.0,2024-03-25
2024032503010416,ILBS,44,33,358.0,870.0,311460.0,2024-03-25
2024032504007875,SHEL,19,57,145.0,197.0,28565.0,2024-03-25
2024032504007874,SHEL,41,57,20.0,197.1,3942.0,2024-03-25
2024032504007873,SHEL,53,57,50.0,198.0,9900.0,2024-03-25
2024032504007872,SHEL,5,57,50.0,198.0,9900.0,2024-03-25
2024032504007871,SHEL,57,57,200.0,198.5,39700.0,2024-03-25
2024032504007870,SHEL,45,57,30.0,198.5,5955.0,2024-03-25
2024032505003919,SFMF,19,26,1000.0,10.0,10000.0,2024-03-25
2024032501021601,SMJC,47,42,10.0,359.9,3599.0,2024-03-25
2024032504007869,HPPL,38,36,10.0,270.0,2700.0,2024-03-25
2024032504007868,HPPL,38,33,390.0,269.9,105261.0,2024-03-25
2024032504007867,TRH,58,58,1000.0,833.0,833000.0,2024-03-25
2024032504007866,UPPER,58,52,500.0,176.0,88000.0,2024-03-25
2024032501021600,DLBS,33,58,10.0,1287.1,12871.0,2024-03-25
2024032505003918,HRL,16,40,10.0,607.9,6079.0,2024-03-25
2024032504007865,NICL,49,42,10.0,839.0,8390.0,2024-03-25
2024032504007864,NICL,49,48,13.0,836.0,10868.0,2024-03-25
2024032501021599,MHCL,4,14,23.0,423.0,9729.0,2024-03-25
2024032501021598,MHCL,43,14,77.0,423.0,32571.0,2024-03-25
2024032501021597,MEL,34,13,10.0,213.0,2130.0,2024-03-25
2024032503010415,SWBBL,34,38,10.0,754.0,7540.0,2024-03-25
2024032501021596,PPL,49,34,20.0,434.0,8680.0,2024-03-25
2024032504007863,CHCL,22,44,251.0,460.2,115510.2,2024-03-25
2024032501021595,SHIVM,76,25,10.0,527.1,5271.0,2024-03-25
2024032504007862,AKPL,6,45,10.0,179.0,1790.0,2024-03-25
2024032504007861,AKPL,6,34,990.0,179.0,177210.0,2024-03-25
2024032504007860,UPCL,6,45,10.0,210.8,2108.0,2024-03-25
2024032503010414,SKBBL,26,6,50.0,839.0,41950.0,2024-03-25
2024032503010413,SKBBL,41,6,25.0,839.0,20975.0,2024-03-25
2024032503010412,HLI,50,6,30.0,402.0,12060.0,2024-03-25
2024032501021594,SNLI,6,57,20.0,607.8,12156.0,2024-03-25
2024032503010411,SAPDBL,21,44,50.0,297.0,14850.0,2024-03-25
2024032501021593,TSHL,48,45,500.0,492.8,246400.0,2024-03-25
2024032501021592,SGHC,25,59,190.0,302.0,57380.0,2024-03-25
2024032501021591,SCB,6,25,300.0,520.0,156000.0,2024-03-25
2024032501021590,SMHL,68,58,10.0,440.0,4400.0,2024-03-25
2024032501021589,SMHL,68,53,10.0,440.0,4400.0,2024-03-25
2024032501021588,SIKLES,65,68,50.0,470.0,23500.0,2024-03-25
2024032501021587,DORDI,72,64,10.0,448.0,4480.0,2024-03-25
2024032501021586,TAMOR,59,59,500.0,383.5,191750.0,2024-03-25
2024032501021585,SHIVM,59,25,100.0,527.1,52710.0,2024-03-25
2024032501021584,TSHL,41,1,10.0,492.0,4920.0,2024-03-25
2024032501021583,BGWT,65,19,910.0,650.0,591500.0,2024-03-25
2024032501021582,BGWT,65,56,90.0,650.0,58500.0,2024-03-25
2024032505003917,CHDC,63,70,28.0,938.0,26264.0,2024-03-25
2024032503010410,RLFL,70,32,186.0,367.0,68262.0,2024-03-25
2024032503010409,RLFL,70,6,100.0,366.9,36690.0,2024-03-25
2024032503010408,RLFL,70,16,100.0,366.2,36620.0,2024-03-25
2024032503010407,RLFL,70,5,500.0,365.0,182500.0,2024-03-25
2024032503010406,RLFL,70,42,84.0,365.0,30660.0,2024-03-25
2024032503010405,RLFL,70,10,150.0,364.9,54735.0,2024-03-25
2024032503010404,RLFL,70,68,500.0,363.6,181800.0,2024-03-25
2024032503010403,RLFL,70,56,380.0,362.0,137560.0,2024-03-25
2024032501021581,SONA,71,36,20.0,483.9,9678.0,2024-03-25
2024032504007859,MEN,45,53,45.0,540.0,24300.0,2024-03-25
2024032504007858,MEN,42,53,50.0,540.0,27000.0,2024-03-25
2024032504007857,MEN,22,53,100.0,540.0,54000.0,2024-03-25
2024032504007856,MEN,4,53,20.0,540.0,10800.0,2024-03-25
2024032504007855,MEN,57,53,10.0,540.0,5400.0,2024-03-25
2024032504007854,MEN,22,53,10.0,540.0,5400.0,2024-03-25
2024032504007853,MEN,35,53,15.0,540.0,8100.0,2024-03-25
2024032504007852,MEN,17,53,20.0,540.0,10800.0,2024-03-25
2024032504007851,MEN,65,53,100.0,540.0,54000.0,2024-03-25
2024032504007850,MEN,22,53,10.0,540.0,5400.0,2024-03-25
2024032504007849,MEN,26,53,100.0,540.1,54010.0,2024-03-25
2024032504007848,MEN,44,53,20.0,540.2,10804.0,2024-03-25
2024032501021580,CKHL,58,32,800.0,600.0,480000.0,2024-03-25
2024032504007847,MEN,36,41,10.0,541.0,5410.0,2024-03-25
2024032503010402,NLIC,48,55,87.0,600.0,52200.0,2024-03-25
2024032503010401,NLIC,49,55,113.0,600.0,67800.0,2024-03-25
2024032503010400,USLB,62,45,50.0,1705.0,85250.0,2024-03-25
2024032504007846,LEC,49,55,100.0,181.3,18130.0,2024-03-25
2024032504007845,LEC,3,55,1000.0,181.3,181300.0,2024-03-25
2024032501021579,MCHL,36,55,10.0,324.0,3240.0,2024-03-25
2024032501021578,PPL,49,44,40.0,434.0,17360.0,2024-03-25
2024032501021577,PPL,49,44,60.0,434.0,26040.0,2024-03-25
2024032504007844,RIDI,57,64,100.0,184.0,18400.0,2024-03-25
2024032501021576,SHIVM,38,51,100.0,527.0,52700.0,2024-03-25
2024032501021575,SAMAJ,42,58,10.0,1925.7,19257.0,2024-03-25
2024032501021574,MHCL,42,50,10.0,424.0,4240.0,2024-03-25
2024032503010399,GMFIL,42,34,10.0,360.0,3600.0,2024-03-25
2024032501021573,MHL,42,35,10.0,389.0,3890.0,2024-03-25
2024032501021572,SRLI,38,14,10.0,446.0,4460.0,2024-03-25
2024032505003916,HRL,38,52,20.0,608.0,12160.0,2024-03-25
2024032505003915,HRL,38,45,10.0,608.0,6080.0,2024-03-25
2024032505003914,HRL,38,59,10.0,608.0,6080.0,2024-03-25
2024032501021571,SMJC,47,13,30.0,359.9,10797.0,2024-03-25
2024032501021570,MHCL,47,50,20.0,424.0,8480.0,2024-03-25
2024032501021569,DORDI,72,59,10.0,450.0,4500.0,2024-03-25
2024032501021568,SMJC,58,49,10.0,359.0,3590.0,2024-03-25
2024032501021567,NABIL,49,58,10.0,446.0,4460.0,2024-03-25
2024032503010398,GUFL,39,7,200.0,855.0,171000.0,2024-03-25
2024032501021566,RNLI,39,70,10.0,436.0,4360.0,2024-03-25
2024032501021565,UHEWA,36,88,100.0,340.0,34000.0,2024-03-25
2024032503010397,DDBL,14,16,50.0,789.0,39450.0,2024-03-25
2024032503010396,CBBL,41,14,100.0,845.1,84510.0,2024-03-25
2024032501021564,SRLI,4,14,10.0,446.0,4460.0,2024-03-25
2024032503010395,RLFL,34,5,270.0,360.0,97200.0,2024-03-25
2024032503010394,RLFL,17,5,30.0,360.1,10803.0,2024-03-25
2024032503010393,ILBS,62,41,200.0,868.2,173640.0,2024-03-25
2024032501021563,PPL,49,34,10.0,434.0,4340.0,2024-03-25
2024032503010392,MFIL,53,34,90.0,523.8,47142.0,2024-03-25
2024032504007843,UPCL,52,45,200.0,210.8,42160.0,2024-03-25
2024032501021562,SNLI,42,52,10.0,607.5,6075.0,2024-03-25
2024032501021561,SPHL,13,19,10.0,458.0,4580.0,2024-03-25
2024032504007842,PRIN,7,57,10.0,763.0,7630.0,2024-03-25
2024032501021560,SBL,17,32,10.0,221.0,2210.0,2024-03-25
2024032504007841,GHL,87,32,500.0,152.7,76350.0,2024-03-25
2024032501021559,VLUCL,3,41,100.0,512.0,51200.0,2024-03-25
2024032503010391,JFL,57,35,43.0,390.0,16770.0,2024-03-25
2024032505003913,HRL,34,35,5.0,607.9,3039.5,2024-03-25
2024032505003912,HRL,51,35,15.0,607.9,9118.5,2024-03-25
2024032503010390,NADEP,62,32,500.0,641.0,320500.0,2024-03-25
2024032503010389,NADEP,62,32,100.0,641.0,64100.0,2024-03-25
2024032503010388,NADEP,55,32,100.0,641.1,64110.0,2024-03-25
2024032503010387,NADEP,57,32,30.0,642.0,19260.0,2024-03-25
2024032503010386,NADEP,62,32,50.0,642.0,32100.0,2024-03-25
2024032501021558,BHPL,32,70,61.0,471.0,28731.0,2024-03-25
2024032503010385,GLBSL,62,29,25.0,1349.0,33725.0,2024-03-25
2024032503010384,GLBSL,62,3,25.0,1349.0,33725.0,2024-03-25
2024032503010383,GILB,62,49,10.0,909.0,9090.0,2024-03-25
2024032504007840,UAIL,42,45,32.0,533.1,17059.2,2024-03-25
2024032504007839,UAIL,42,45,50.0,533.1,26655.0,2024-03-25
2024032504007838,UAIL,42,45,19.0,533.1,10128.9,2024-03-25
2024032503010382,MLBSL,16,35,10.0,1680.0,16800.0,2024-03-25
2024032501021557,AVYAN,32,57,10.0,672.0,6720.0,2024-03-25
2024032501021556,PPL,19,26,10.0,437.0,4370.0,2024-03-25
2024032501021555,KBL,19,48,10.0,139.9,1399.0,2024-03-25
2024032501021554,SONA,50,19,100.0,484.0,48400.0,2024-03-25
2024032501021553,SONA,74,19,200.0,484.0,96800.0,2024-03-25
2024032501021552,SONA,60,19,457.0,484.0,221188.0,2024-03-25
2024032503010381,MDB,42,72,10.0,426.8,4268.0,2024-03-25
2024032504007837,RADHI,42,16,150.0,239.5,35925.0,2024-03-25
2024032503010380,SLBBL,44,38,30.0,656.0,19680.0,2024-03-25
2024032501021551,SHLB,95,58,10.0,1010.0,10100.0,2024-03-25
2024032501021550,SBL,65,47,194.0,220.0,42680.0,2024-03-25
2024032501021549,SBL,44,47,20.0,220.0,4400.0,2024-03-25
2024032501021548,SBL,57,47,100.0,220.0,22000.0,2024-03-25
2024032501021547,SBL,47,47,10.0,220.0,2200.0,2024-03-25
2024032501021546,SBL,6,47,76.0,220.0,16720.0,2024-03-25
2024032501021545,SBL,8,47,50.0,220.1,11005.0,2024-03-25
2024032501021544,SBL,19,47,50.0,220.2,11010.0,2024-03-25
2024032504007836,CHCL,58,44,55.0,460.2,25311.0,2024-03-25
2024032504007835,CGH,26,37,35.0,819.9,28696.5,2024-03-25
2024032501021543,NYADI,37,37,300.0,285.0,85500.0,2024-03-25
2024032501021542,SHIVM,38,4,116.0,527.0,61132.0,2024-03-25
2024032503010379,SFCL,61,41,100.0,319.0,31900.0,2024-03-25
2024032503010378,VLBS,5,34,50.0,667.0,33350.0,2024-03-25
2024032503010377,VLBS,5,34,50.0,667.0,33350.0,2024-03-25
2024032501021541,VLUCL,34,41,10.0,512.0,5120.0,2024-03-25
2024032504007834,JOSHI,56,57,20.0,335.0,6700.0,2024-03-25
2024032504007833,JOSHI,56,19,110.0,335.0,36850.0,2024-03-25
2024032503010376,GUFL,22,22,100.0,853.1,85310.0,2024-03-25
2024032501021540,ILI,38,29,10.0,532.4,5324.0,2024-03-25
2024032504007832,UMHL,21,68,25.0,247.9,6197.5,2024-03-25
2024032504007831,UMHL,21,48,75.0,247.0,18525.0,2024-03-25
2024032503010375,CFCL,59,52,10.0,354.9,3549.0,2024-03-25
2024032503010374,GFCL,53,59,10.0,472.0,4720.0,2024-03-25
2024032501021539,NICA,37,32,112.0,410.1,45931.2,2024-03-25
2024032503010373,GUFL,32,7,100.0,855.0,85500.0,2024-03-25
2024032503010372,NICLBSL,62,16,10.0,608.9,6089.0,2024-03-25
2024032504007830,MEN,16,41,50.0,541.0,27050.0,2024-03-25
2024032503010371,ACLBSL,19,45,10.0,716.5,7165.0,2024-03-25
2024032505003911,HIDCL,45,26,1000.0,171.0,171000.0,2024-03-25
2024032501021538,SONA,60,35,243.0,484.0,117612.0,2024-03-25
2024032501021537,RNLI,61,57,25.0,435.0,10875.0,2024-03-25
2024032501021536,CLI,57,34,90.0,452.0,40680.0,2024-03-25
2024032501021535,CLI,57,58,10.0,452.0,4520.0,2024-03-25
2024032503010370,JFL,57,36,80.0,393.0,31440.0,2024-03-25
2024032503010369,JFL,57,48,400.0,392.0,156800.0,2024-03-25
2024032503010368,JFL,57,44,20.0,391.9,7838.0,2024-03-25
2024032504007829,RADHI,19,19,38.0,239.0,9082.0,2024-03-25
2024032501021534,RFPL,81,19,30.0,398.0,11940.0,2024-03-25
2024032504007828,AHPC,45,50,20.0,176.3,3526.0,2024-03-25
2024032504007827,AHPC,57,50,55.0,176.3,9696.5,2024-03-25
2024032501021533,SAMAJ,42,45,10.0,1925.0,19250.0,2024-03-25
2024032501021532,EBL,42,54,20.0,503.0,10060.0,2024-03-25
2024032503010367,EDBL,42,38,10.0,358.5,3585.0,2024-03-25
2024032503010366,EDBL,42,14,190.0,358.0,68020.0,2024-03-25
2024032501021531,SNLI,42,58,10.0,607.5,6075.0,2024-03-25
2024032501021530,NMB,40,21,200.0,183.0,36600.0,2024-03-25
2024032504007826,TRH,58,58,50.0,848.0,42400.0,2024-03-25
2024032505003910,NRIC,49,29,1000.0,732.9,732900.0,2024-03-25
2024032505003909,NRIC,49,59,34.0,732.9,24918.6,2024-03-25
2024032503010365,NABBC,49,45,20.0,427.9,8558.0,2024-03-25
2024032503010364,GBLBS,25,26,513.0,620.0,318060.0,2024-03-25
2024032503010363,GBLBS,17,26,50.0,620.0,31000.0,2024-03-25
2024032503010362,GBLBS,25,26,100.0,620.0,62000.0,2024-03-25
2024032503010361,GBLBS,62,26,160.0,620.0,99200.0,2024-03-25
2024032503010360,GBLBS,14,26,50.0,620.0,31000.0,2024-03-25
2024032503010359,GBLBS,26,26,10.0,620.0,6200.0,2024-03-25
2024032503010358,GBLBS,39,26,19.0,620.0,11780.0,2024-03-25
2024032503010357,GBLBS,11,26,194.0,620.3,120338.2,2024-03-25
2024032501021529,BHL,42,37,80.0,331.2,26496.0,2024-03-25
2024032501021528,BHL,45,37,200.0,331.3,66260.0,2024-03-25
2024032501021527,BHL,64,37,20.0,331.4,6628.0,2024-03-25
2024032503010356,PMLI,82,38,10.0,526.0,5260.0,2024-03-25
2024032503010355,SLBBL,14,44,26.0,660.0,17160.0,2024-03-25
2024032503010354,SLBBL,14,26,474.0,656.4,311133.6,2024-03-25
2024032503010353,ILBS,70,41,10.0,868.1,8681.0,2024-03-25
2024032503010352,HLBSL,34,17,10.0,678.0,6780.0,2024-03-25
2024032503010351,KMCDB,52,13,29.0,790.0,22910.0,2024-03-25
2024032504007825,UMRH,57,13,400.0,346.0,138400.0,2024-03-25
2024032505003908,NIFRA,45,48,64.0,205.2,13132.8,2024-03-25
2024032504007824,RIDI,41,64,360.0,184.0,66240.0,2024-03-25
2024032503010350,KRBL,64,29,10.0,417.0,4170.0,2024-03-25
2024032503010349,HLBSL,50,59,407.0,673.0,273911.0,2024-03-25
2024032501021526,BGWT,65,25,280.0,657.0,183960.0,2024-03-25
2024032501021525,BGWT,65,41,30.0,657.0,19710.0,2024-03-25
2024032501021524,BGWT,65,7,100.0,645.0,64500.0,2024-03-25
2024032501021523,BGWT,65,75,90.0,645.0,58050.0,2024-03-25
2024032504007823,AKPL,33,53,28.0,178.6,5000.8,2024-03-25
2024032504007822,AKPL,45,53,132.0,178.8,23601.6,2024-03-25
2024032501021522,SIKLES,35,68,10.0,473.0,4730.0,2024-03-25
2024032503010348,SJLIC,64,43,100.0,507.0,50700.0,2024-03-25
2024032501021521,GCIL,14,16,30.0,508.2,15246.0,2024-03-25
2024032501021520,GBIME,45,91,50.0,184.3,9215.0,2024-03-25
2024032503010347,GUFL,45,7,30.0,855.0,25650.0,2024-03-25
2024032501021519,SMH,58,77,50.0,660.0,33000.0,2024-03-25
2024032501021518,SMH,34,77,15.0,660.0,9900.0,2024-03-25
2024032501021517,SMH,41,77,10.0,661.0,6610.0,2024-03-25
2024032501021516,SMH,42,77,40.0,662.0,26480.0,2024-03-25
2024032501021515,SMH,32,77,90.0,662.0,59580.0,2024-03-25
2024032501021514,CLI,44,4,176.0,452.0,79552.0,2024-03-25
2024032501021513,MLBS,40,44,10.0,915.0,9150.0,2024-03-25
2024032501021512,PHCL,16,44,78.0,319.0,24882.0,2024-03-25
2024032501021511,PHCL,55,44,40.0,319.0,12760.0,2024-03-25
2024032501021510,PHCL,19,44,10.0,319.0,3190.0,2024-03-25
2024032503010346,SLBBL,44,44,300.0,656.0,196800.0,2024-03-25
2024032501021509,PHCL,50,44,100.0,319.0,31900.0,2024-03-25
2024032501021508,PHCL,58,44,100.0,319.0,31900.0,2024-03-25
2024032501021507,PHCL,44,44,300.0,319.0,95700.0,2024-03-25
2024032501021506,PHCL,38,44,100.0,319.0,31900.0,2024-03-25
2024032501021505,PHCL,37,44,25.0,319.0,7975.0,2024-03-25
2024032501021504,PHCL,38,44,500.0,319.0,159500.0,2024-03-25
2024032501021503,PHCL,45,44,100.0,319.6,31960.0,2024-03-25
2024032501021502,PHCL,5,44,1000.0,320.0,320000.0,2024-03-25
2024032501021501,PHCL,10,44,30.0,320.0,9600.0,2024-03-25
2024032501021500,PHCL,34,44,200.0,320.0,64000.0,2024-03-25
2024032501021499,PHCL,45,44,200.0,320.0,64000.0,2024-03-25
2024032501021498,PHCL,58,44,100.0,320.0,32000.0,2024-03-25
2024032501021497,PHCL,34,44,80.0,320.0,25600.0,2024-03-25
2024032501021496,PHCL,49,44,20.0,320.0,6400.0,2024-03-25
2024032501021495,PHCL,36,44,500.0,320.0,160000.0,2024-03-25
2024032501021494,PHCL,42,44,628.0,320.0,200960.0,2024-03-25
2024032501021493,PHCL,50,44,500.0,320.0,160000.0,2024-03-25
2024032501021492,PHCL,14,44,10.0,320.0,3200.0,2024-03-25
2024032501021491,PHCL,36,44,50.0,320.0,16000.0,2024-03-25
2024032501021490,PHCL,6,44,100.0,320.0,32000.0,2024-03-25
2024032501021489,PHCL,58,44,100.0,320.0,32000.0,2024-03-25
2024032501021488,PHCL,44,44,40.0,320.0,12800.0,2024-03-25
2024032501021487,PHCL,6,44,30.0,320.0,9600.0,2024-03-25
2024032501021486,PHCL,19,44,10.0,320.0,3200.0,2024-03-25
2024032501021485,PHCL,42,44,121.0,320.0,38720.0,2024-03-25
2024032501021484,PHCL,58,44,100.0,320.1,32010.0,2024-03-25
2024032501021483,PHCL,32,44,550.0,320.1,176055.0,2024-03-25
2024032501021482,PHCL,25,44,28.0,321.6,9004.8,2024-03-25
2024032501021481,PHCL,58,44,20.0,321.6,6432.0,2024-03-25
2024032501021480,PHCL,47,44,200.0,321.7,64340.0,2024-03-25
2024032501021479,PHCL,45,44,30.0,322.0,9660.0,2024-03-25
2024032504007821,RADHI,42,50,60.0,238.0,14280.0,2024-03-25
2024032504007820,RADHI,5,50,40.0,238.0,9520.0,2024-03-25
2024032504007819,RADHI,42,50,100.0,238.5,23850.0,2024-03-25
2024032501021478,SNLI,42,57,450.0,607.8,273510.0,2024-03-25
2024032501021477,SNLI,42,41,50.0,607.8,30390.0,2024-03-25
2024032501021476,VLUCL,42,41,10.0,512.0,5120.0,2024-03-25
2024032504007818,HEI,80,42,83.0,583.0,48389.0,2024-03-25
2024032504007817,HEI,28,42,17.0,583.1,9912.7,2024-03-25
2024032503010345,NICLBSL,42,16,20.0,608.9,12178.0,2024-03-25
2024032501021475,CKHL,58,38,650.0,600.0,390000.0,2024-03-25
2024032501021474,MKCL,50,38,420.0,932.0,391440.0,2024-03-25
2024032501021473,MKCL,8,38,100.0,932.1,93210.0,2024-03-25
2024032501021472,MKCL,49,38,20.0,934.0,18680.0,2024-03-25
2024032501021471,MKCL,51,38,30.0,935.0,28050.0,2024-03-25
2024032501021470,MKCL,49,38,20.0,935.0,18700.0,2024-03-25
2024032501021469,MKCL,49,38,10.0,938.0,9380.0,2024-03-25
2024032501021468,MBJC,47,29,10.0,312.0,3120.0,2024-03-25
2024032501021467,MBJC,47,26,10.0,311.9,3119.0,2024-03-25
2024032504007816,GHL,11,47,408.0,151.9,61975.2,2024-03-25
2024032504007815,GHL,51,47,40.0,152.0,6080.0,2024-03-25
2024032504007814,GHL,7,47,52.0,152.0,7904.0,2024-03-25
2024032501021466,PPL,49,58,10.0,434.0,4340.0,2024-03-25
2024032501021465,CKHL,58,58,2000.0,600.0,1200000.0,2024-03-25
2024032504007813,PPCL,57,49,100.0,244.2,24420.0,2024-03-25
2024032503010344,PMLI,58,48,100.0,525.0,52500.0,2024-03-25
2024032503010343,PMLI,58,42,10.0,525.0,5250.0,2024-03-25
2024032503010342,PMLI,58,18,100.0,525.0,52500.0,2024-03-25
2024032503010341,PMLI,58,57,38.0,524.9,19946.2,2024-03-25
2024032504007812,JOSHI,59,49,500.0,334.0,167000.0,2024-03-25
2024032501021464,MBL,49,57,20.0,179.5,3590.0,2024-03-25
2024032501021463,HHL,58,49,10.0,355.0,3550.0,2024-03-25
2024032501021462,SONA,39,35,57.0,484.0,27588.0,2024-03-25
2024032501021461,SONA,39,49,10.0,484.0,4840.0,2024-03-25
2024032501021460,SONA,39,3,43.0,484.0,20812.0,2024-03-25
2024032503010340,SHINE,5,41,150.0,372.3,55845.0,2024-03-25
2024032503010339,JSLBB,7,34,47.0,1002.1,47098.7,2024-03-25
2024032503010338,GBBL,59,34,330.0,367.1,121143.0,2024-03-25
2024032503010337,NICLBSL,34,16,10.0,608.9,6089.0,2024-03-25
2024032504007811,HEI,66,29,67.0,588.8,39449.6,2024-03-25
2024032504007810,HEI,66,34,23.0,584.0,13432.0,2024-03-25
2024032503010336,EDBL,21,14,10.0,358.0,3580.0,2024-03-25
2024032501021459,MKHL,13,25,194.0,362.0,70228.0,2024-03-25
2024032503010335,PROFL,51,48,185.0,319.6,59126.0,2024-03-25
2024032503010334,PROFL,54,48,100.0,320.0,32000.0,2024-03-25
2024032503010333,PROFL,57,48,15.0,320.0,4800.0,2024-03-25
2024032505003907,HRL,51,11,20.0,607.9,12158.0,2024-03-25
2024032503010332,NFS,56,64,57.0,390.0,22230.0,2024-03-25
2024032503010331,NFS,21,64,33.0,390.0,12870.0,2024-03-25
2024032503010330,GUFL,22,71,500.0,853.1,426550.0,2024-03-25
2024032503010329,MPFL,53,38,200.0,373.9,74780.0,2024-03-25
2024032503010328,WNLB,34,35,10.0,1060.0,10600.0,2024-03-25
2024032505003906,NTC,7,32,20.0,846.8,16936.0,2024-03-25
2024032504007809,UPPER,43,4,75.0,175.8,13185.0,2024-03-25
2024032505003905,NRIC,43,59,30.0,732.9,21987.0,2024-03-25
2024032505003904,HRL,55,59,30.0,608.0,18240.0,2024-03-25
2024032505003903,HRL,55,49,10.0,608.0,6080.0,2024-03-25
2024032505003902,HRL,55,75,10.0,608.0,6080.0,2024-03-25
2024032505003901,HRL,55,21,20.0,608.0,12160.0,2024-03-25
2024032503010327,MERO,59,57,290.0,610.0,176900.0,2024-03-25
2024032503010326,MERO,56,57,10.0,610.1,6101.0,2024-03-25
2024032505003900,SFMF,19,26,1000.0,10.0,10000.0,2024-03-25
2024032504007808,MEN,42,41,17.0,541.0,9197.0,2024-03-25
2024032503010325,NUBL,44,42,50.0,645.3,32265.0,2024-03-25
2024032501021458,SHLB,49,40,10.0,1020.0,10200.0,2024-03-25
2024032501021457,SHLB,49,32,10.0,1010.1,10101.0,2024-03-25
2024032501021456,MKLB,21,26,11.0,816.0,8976.0,2024-03-25
2024032504007807,AHPC,57,49,95.0,176.3,16748.5,2024-03-25
2024032504007806,AHPC,8,49,350.0,176.3,61705.0,2024-03-25
2024032504007805,AHPC,38,49,55.0,176.3,9696.5,2024-03-25
2024032504007804,RIDI,41,39,25.0,184.0,4600.0,2024-03-25
2024032501021455,PCBL,5,56,100.0,193.0,19300.0,2024-03-25
2024032501021454,PCBL,19,56,390.0,193.0,75270.0,2024-03-25
2024032501021453,SHIVM,76,25,10.0,527.1,5271.0,2024-03-25
2024032501021452,SONA,56,3,200.0,484.0,96800.0,2024-03-25
2024032503010324,NMBMF,29,32,200.0,573.0,114600.0,2024-03-25
2024032504007803,MEN,13,48,200.0,540.0,108000.0,2024-03-25
2024032504007802,MEN,34,48,10.0,540.0,5400.0,2024-03-25
2024032504007801,MEN,45,48,50.0,540.0,27000.0,2024-03-25
2024032504007800,MEN,41,48,595.0,540.0,321300.0,2024-03-25
2024032504007799,MEN,19,48,100.0,540.0,54000.0,2024-03-25
2024032504007798,MEN,11,48,30.0,540.1,16203.0,2024-03-25
2024032504007797,MEN,38,48,14.0,540.1,7561.4,2024-03-25
2024032501021451,TAMOR,49,48,10.0,383.6,3836.0,2024-03-25
2024032504007796,UMHL,3,64,200.0,246.0,49200.0,2024-03-25
2024032504007795,MHNL,54,25,20.0,242.7,4854.0,2024-03-25
2024032503010323,GBLBS,33,22,20.0,623.0,12460.0,2024-03-25
2024032503010322,MNBBL,59,48,50.0,355.0,17750.0,2024-03-25
2024032501021450,SMJC,3,35,100.0,359.0,35900.0,2024-03-25
2024032501021449,SMJC,3,52,10.0,359.0,3590.0,2024-03-25
2024032501021448,SMJC,3,70,130.0,359.0,46670.0,2024-03-25
2024032504007794,NGPL,58,32,100.0,296.0,29600.0,2024-03-25
2024032504007793,NGPL,57,32,50.0,296.1,14805.0,2024-03-25
2024032504007792,NGPL,14,32,350.0,296.5,103775.0,2024-03-25
2024032501021447,DORDI,62,59,148.0,450.0,66600.0,2024-03-25
2024032501021446,DORDI,62,45,70.0,450.0,31500.0,2024-03-25
2024032501021445,DORDI,62,64,10.0,449.8,4498.0,2024-03-25
2024032501021444,DORDI,62,45,19.0,449.6,8542.4,2024-03-25
2024032501021443,DORDI,62,57,10.0,449.0,4490.0,2024-03-25
2024032501021442,DORDI,62,77,100.0,448.9,44890.0,2024-03-25
2024032501021441,DORDI,62,14,172.0,448.1,77073.2,2024-03-25
2024032503010321,USLB,51,55,24.0,1705.0,40920.0,2024-03-25
2024032503010320,USLB,6,55,30.0,1710.0,51300.0,2024-03-25
2024032503010319,USLB,62,55,10.0,1710.0,17100.0,2024-03-25
2024032503010318,USLB,62,55,16.0,1710.0,27360.0,2024-03-25
2024032503010317,USLB,62,55,10.0,1715.0,17150.0,2024-03-25
2024032501021440,HATHY,16,22,10.0,880.0,8800.0,2024-03-25
2024032504007791,SHPC,42,45,10.0,342.5,3425.0,2024-03-25
2024032501021439,SRLI,45,48,50.0,447.0,22350.0,2024-03-25
2024032501021438,SRLI,45,52,20.0,447.0,8940.0,2024-03-25
2024032501021437,SRLI,45,94,10.0,447.0,4470.0,2024-03-25
2024032501021436,SRLI,45,7,10.0,447.0,4470.0,2024-03-25
2024032501021435,SRLI,45,41,10.0,447.0,4470.0,2024-03-25
2024032503010316,MFIL,57,8,35.0,523.9,18336.5,2024-03-25
2024032503010315,NLIC,49,57,11.0,600.0,6600.0,2024-03-25
2024032503010314,ICFC,45,57,432.0,514.3,222177.6,2024-03-25
2024032503010313,ICFC,22,57,100.0,514.5,51450.0,2024-03-25
2024032503010312,ICFC,16,57,28.0,516.0,14448.0,2024-03-25
2024032504007790,UPPER,19,4,100.0,175.8,17580.0,2024-03-25
2024032504007789,MHNL,44,25,10.0,242.7,2427.0,2024-03-25
2024032501021434,ADBL,16,51,113.0,233.5,26385.5,2024-03-25
2024032501021433,ADBL,38,51,50.0,233.5,11675.0,2024-03-25
2024032501021432,ADBL,53,51,21.0,233.5,4903.5,2024-03-25
2024032501021431,ADBL,52,51,2232.0,233.5,521172.0,2024-03-25
2024032501021430,SRLI,38,41,10.0,447.0,4470.0,2024-03-25
2024032501021429,SRLI,38,35,10.0,446.0,4460.0,2024-03-25
2024032501021428,SRLI,38,34,10.0,446.0,4460.0,2024-03-25
2024032501021427,SHIVM,38,48,50.0,526.9,26345.0,2024-03-25
2024032503010311,SJLIC,64,72,200.0,507.0,101400.0,2024-03-25
2024032503010310,MFIL,53,49,10.0,523.8,5238.0,2024-03-25
2024032504007788,TRH,58,58,50.0,833.3,41665.0,2024-03-25
2024032503010309,NADEP,66,58,925.0,644.0,595700.0,2024-03-25
2024032503010308,NADEP,66,39,75.0,643.0,48225.0,2024-03-25
2024032503010307,SADBL,29,41,275.0,300.0,82500.0,2024-03-25
2024032503010306,HLI,50,25,100.0,402.0,40200.0,2024-03-25
2024032501021426,SMHL,17,43,10.0,436.0,4360.0,2024-03-25
2024032501021425,SMHL,17,45,490.0,436.0,213640.0,2024-03-25
2024032501021424,BGWT,65,75,10.0,645.0,6450.0,2024-03-25
2024032501021423,RNLI,61,35,13.0,435.0,5655.0,2024-03-25
2024032501021422,RNLI,45,35,42.0,435.0,18270.0,2024-03-25
2024032501021421,RNLI,56,35,45.0,435.4,19593.0,2024-03-25
2024032501021420,NICA,35,34,50.0,411.5,20575.0,2024-03-25
2024032501021419,SBL,43,32,163.0,221.0,36023.0,2024-03-25
2024032501021418,CYCL,62,19,29.0,1458.0,42282.0,2024-03-25
2024032501021417,CYCL,62,33,100.0,1458.0,145800.0,2024-03-25
2024032501021416,CYCL,62,6,29.0,1437.0,41673.0,2024-03-25
2024032501021415,CYCL,62,22,50.0,1437.0,71850.0,2024-03-25
2024032501021414,CYCL,62,72,100.0,1437.0,143700.0,2024-03-25
2024032501021413,CYCL,62,48,200.0,1430.0,286000.0,2024-03-25
2024032501021412,CYCL,62,22,172.0,1430.0,245960.0,2024-03-25
2024032501021411,CYCL,62,72,90.0,1425.0,128250.0,2024-03-25
2024032501021410,CYCL,62,37,300.0,1420.0,426000.0,2024-03-25
2024032501021409,CYCL,62,66,213.0,1420.0,302460.0,2024-03-25
2024032501021408,CYCL,62,48,50.0,1410.0,70500.0,2024-03-25
2024032501021407,CYCL,62,34,100.0,1380.0,138000.0,2024-03-25
2024032501021406,CYCL,62,58,90.0,1380.0,124200.0,2024-03-25
2024032501021405,CYCL,62,34,100.0,1378.5,137850.0,2024-03-25
2024032501021404,CYCL,62,3,50.0,1369.0,68450.0,2024-03-25
2024032501021403,CYCL,62,22,93.0,1368.0,127224.0,2024-03-25
2024032501021402,CYCL,62,77,30.0,1368.0,41040.0,2024-03-25
2024032501021401,CYCL,62,42,304.0,1368.0,415872.0,2024-03-25
2024032501021400,HATHY,54,45,90.0,877.1,78939.0,2024-03-25
2024032501021399,HATHY,35,45,10.0,877.2,8772.0,2024-03-25
2024032504007787,AHPC,38,57,55.0,176.3,9696.5,2024-03-25
2024032504007786,AHPC,6,57,350.0,176.3,61705.0,2024-03-25
2024032503010305,MSLB,18,56,30.0,1029.0,30870.0,2024-03-25
2024032501021398,CLI,46,49,10.0,451.5,4515.0,2024-03-25
2024032503010304,HLI,14,62,30.0,404.0,12120.0,2024-03-25
2024032503010303,HLI,14,58,20.0,403.0,8060.0,2024-03-25
2024032503010302,HLI,14,22,50.0,402.8,20140.0,2024-03-25
2024032505003899,CIT,4,21,16.0,2104.0,33664.0,2024-03-25
2024032501021397,MKHC,46,42,90.0,287.7,25893.0,2024-03-25
2024032501021396,MKHC,46,49,10.0,287.7,2877.0,2024-03-25
2024032503010301,HLBSL,50,41,100.0,673.0,67300.0,2024-03-25
2024032503010300,JSLBB,34,58,10.0,1015.0,10150.0,2024-03-25
2024032501021395,GCIL,25,22,100.0,508.3,50830.0,2024-03-25
2024032505003898,HRL,51,22,10.0,607.9,6079.0,2024-03-25
2024032501021394,AVYAN,21,45,10.0,672.9,6729.0,2024-03-25
2024032501021393,AVYAN,21,18,10.0,672.5,6725.0,2024-03-25
2024032501021392,AVYAN,21,58,10.0,672.0,6720.0,2024-03-25
2024032501021391,AVYAN,21,34,10.0,671.9,6719.0,2024-03-25
2024032501021390,AVYAN,21,43,10.0,671.7,6717.0,2024-03-25
2024032503010299,NADEP,48,39,25.0,643.0,16075.0,2024-03-25
2024032503010298,GUFL,49,7,100.0,855.0,85500.0,2024-03-25
2024032503010297,GUFL,33,7,49.0,855.0,41895.0,2024-03-25
2024032503010296,GUFL,45,7,500.0,857.1,428550.0,2024-03-25
2024032501021389,CLI,46,7,10.0,451.5,4515.0,2024-03-25
2024032503010295,RLFL,33,56,100.0,362.0,36200.0,2024-03-25
2024032501021388,EBL,17,54,50.0,503.0,25150.0,2024-03-25
2024032501021387,LSL,42,17,200.0,158.8,31760.0,2024-03-25
2024032504007785,NHPC,1,44,34.0,154.0,5236.0,2024-03-25
2024032504007784,NHPC,1,43,424.0,154.0,65296.0,2024-03-25
2024032504007783,NHPC,1,19,58.0,154.0,8932.0,2024-03-25
2024032501021386,UHEWA,53,57,10.0,343.0,3430.0,2024-03-25
2024032501021385,BHDC,55,35,10.0,450.0,4500.0,2024-03-25
2024032503010294,CBBL,41,35,100.0,845.1,84510.0,2024-03-25
2024032501021384,SMJC,47,36,50.0,358.9,17945.0,2024-03-25
2024032501021383,NABIL,43,45,50.0,445.9,22295.0,2024-03-25
2024032501021382,HBL,16,41,100.0,191.0,19100.0,2024-03-25
2024032504007782,HEI,28,45,83.0,583.1,48397.3,2024-03-25
2024032504007781,HEI,28,45,34.0,583.1,19825.4,2024-03-25
2024032504007780,HEI,6,45,373.0,584.0,217832.0,2024-03-25
2024032504007779,HEI,39,45,10.0,584.0,5840.0,2024-03-25
2024032501021381,SHIVM,45,25,60.0,527.1,31626.0,2024-03-25
2024032501021380,SHIVM,45,45,514.0,527.0,270878.0,2024-03-25
2024032501021379,SHIVM,45,14,426.0,527.0,224502.0,2024-03-25
2024032501021378,BHL,19,56,10.0,337.0,3370.0,2024-03-25
2024032501021377,MHCL,22,50,30.0,424.0,12720.0,2024-03-25
2024032501021376,MHCL,19,50,255.0,424.0,108120.0,2024-03-25
2024032501021375,SNLI,3,51,10.0,607.8,6078.0,2024-03-25
2024032501021374,SPHL,22,18,33.0,457.0,15081.0,2024-03-25
2024032501021373,SPHL,6,18,50.0,457.0,22850.0,2024-03-25
2024032501021372,SPHL,26,18,100.0,457.0,45700.0,2024-03-25
2024032501021371,SPHL,53,18,107.0,457.0,48899.0,2024-03-25
2024032505003897,HIDCL,42,26,10.0,171.0,1710.0,2024-03-25
2024032504007778,AKPL,49,34,10.0,179.0,1790.0,2024-03-25
2024032504007777,NICL,43,26,15.0,835.0,12525.0,2024-03-25
2024032501021370,SHIVM,69,14,24.0,527.0,12648.0,2024-03-25
2024032501021369,SHIVM,69,36,76.0,527.0,40052.0,2024-03-25
2024032504007776,UPCL,58,28,30.0,210.0,6300.0,2024-03-25
2024032504007775,TRH,58,58,50.0,817.0,40850.0,2024-03-25
2024032504007774,SPIL,14,25,24.0,736.0,17664.0,2024-03-25
2024032503010293,NICLBSL,47,7,125.0,607.0,75875.0,2024-03-25
2024032501021368,NYADI,46,37,200.0,285.0,57000.0,2024-03-25
2024032503010292,BFC,32,46,200.0,353.5,70700.0,2024-03-25
2024032501021367,SBI,8,41,35.0,288.0,10080.0,2024-03-25
2024032501021366,SMHL,13,52,10.0,431.0,4310.0,2024-03-25
2024032503010291,GBBL,52,74,100.0,367.5,36750.0,2024-03-25
2024032503010290,MLBBL,34,41,10.0,900.0,9000.0,2024-03-25
2024032501021365,IHL,34,62,20.0,355.0,7100.0,2024-03-25
2024032504007773,SPIL,44,22,129.0,735.0,94815.0,2024-03-25
2024032504007772,SPIL,6,22,21.0,735.0,15435.0,2024-03-25
2024032504007771,UPPER,29,4,825.0,175.8,145035.0,2024-03-25
2024032504007770,UPPER,29,58,25.0,175.8,4395.0,2024-03-25
2024032504007769,UPPER,29,46,150.0,175.8,26370.0,2024-03-25
2024032504007768,NIL,4,29,51.0,815.0,41565.0,2024-03-25
2024032504007767,NIL,38,29,2000.0,815.1,1630200.0,2024-03-25
2024032504007766,NIL,4,29,625.0,815.2,509500.0,2024-03-25
2024032504007765,NIL,66,29,24.0,815.3,19567.2,2024-03-25
2024032501021364,VLUCL,50,6,259.0,504.0,130536.0,2024-03-25
2024032501021363,VLUCL,55,6,50.0,504.0,25200.0,2024-03-25
2024032501021362,VLUCL,43,6,200.0,505.0,101000.0,2024-03-25
2024032501021361,VLUCL,11,6,20.0,505.0,10100.0,2024-03-25
2024032501021360,VLUCL,42,6,20.0,505.0,10100.0,2024-03-25
2024032501021359,VLUCL,41,6,30.0,505.0,15150.0,2024-03-25
2024032501021358,VLUCL,40,6,100.0,505.0,50500.0,2024-03-25
2024032501021357,VLUCL,44,6,10.0,505.0,5050.0,2024-03-25
2024032501021356,VLUCL,45,6,200.0,505.0,101000.0,2024-03-25
2024032501021355,VLUCL,32,6,10.0,505.0,5050.0,2024-03-25
2024032501021354,VLUCL,17,6,30.0,505.0,15150.0,2024-03-25
2024032501021353,VLUCL,32,6,50.0,505.7,25285.0,2024-03-25
2024032501021352,VLUCL,26,6,50.0,506.0,25300.0,2024-03-25
2024032501021351,VLUCL,32,6,50.0,506.0,25300.0,2024-03-25
2024032501021350,VLUCL,57,6,100.0,506.0,50600.0,2024-03-25
2024032501021349,VLUCL,3,6,100.0,506.0,50600.0,2024-03-25
2024032501021348,VLUCL,42,6,30.0,507.0,15210.0,2024-03-25
2024032501021347,VLUCL,28,6,50.0,507.0,25350.0,2024-03-25
2024032501021346,VLUCL,65,6,100.0,507.0,50700.0,2024-03-25
2024032501021345,VLUCL,52,6,22.0,508.0,11176.0,2024-03-25
2024032501021344,VLUCL,58,6,30.0,508.0,15240.0,2024-03-25
2024032501021343,VLUCL,32,6,50.0,508.0,25400.0,2024-03-25
2024032501021342,VLUCL,6,6,25.0,508.0,12700.0,2024-03-25
2024032501021341,VLUCL,34,6,95.0,508.2,48279.0,2024-03-25
2024032501021340,VLUCL,32,6,50.0,509.0,25450.0,2024-03-25
2024032501021339,VLUCL,45,6,30.0,510.0,15300.0,2024-03-25
2024032501021338,VLUCL,25,6,14.0,510.0,7140.0,2024-03-25
2024032501021337,VLUCL,4,6,350.0,510.0,178500.0,2024-03-25
2024032501021336,VLUCL,58,6,505.0,510.1,257600.5,2024-03-25
2024032501021335,VLUCL,58,6,330.0,510.1,168333.0,2024-03-25
2024032501021334,VLUCL,59,6,20.0,510.2,10204.0,2024-03-25
2024032501021333,VLUCL,41,6,20.0,511.0,10220.0,2024-03-25
2024032504007764,BPCL,56,48,30.0,304.0,9120.0,2024-03-25
2024032504007763,BPCL,17,48,50.0,304.0,15200.0,2024-03-25
2024032501021332,NRM,56,11,50.0,383.0,19150.0,2024-03-25
2024032503010289,MDB,62,59,10.0,421.0,4210.0,2024-03-25
2024032505003896,HRL,34,53,10.0,607.9,6079.0,2024-03-25
2024032501021331,BNT,35,35,10.0,13775.0,137750.0,2024-03-25
2024032504007762,RADHI,5,36,10.0,238.0,2380.0,2024-03-25
2024032501021330,CYCL,62,42,195.0,1368.0,266760.0,2024-03-25
2024032501021329,CYCL,62,38,300.0,1367.2,410160.0,2024-03-25
2024032501021328,CYCL,62,6,323.0,1366.9,441508.7,2024-03-25
2024032501021327,CYCL,62,3,14.0,1366.8,19135.2,2024-03-25
2024032501021326,CYCL,62,45,10.0,1366.8,13668.0,2024-03-25
2024032501021325,CYCL,62,48,50.0,1366.0,68300.0,2024-03-25
2024032501021324,CYCL,62,45,10.0,1366.0,13660.0,2024-03-25
2024032501021323,CYCL,62,17,50.0,1366.0,68300.0,2024-03-25
2024032501021322,CYCL,62,35,100.0,1366.0,136600.0,2024-03-25
2024032501021321,CYCL,62,41,100.0,1365.0,136500.0,2024-03-25
2024032501021320,CYCL,62,32,10.0,1365.0,13650.0,2024-03-25
2024032501021319,CYCL,62,58,19.0,1364.0,25916.0,2024-03-25
2024032501021318,CYCL,62,47,50.0,1360.0,68000.0,2024-03-25
2024032501021317,CYCL,62,70,100.0,1360.0,136000.0,2024-03-25
2024032501021316,CYCL,62,57,13.0,1360.0,17680.0,2024-03-25
2024032501021315,CYCL,62,58,30.0,1359.0,40770.0,2024-03-25
2024032501021314,CYCL,62,17,50.0,1358.0,67900.0,2024-03-25
2024032501021313,CYCL,62,48,50.0,1356.7,67835.0,2024-03-25
2024032501021312,CYCL,62,58,150.0,1356.6,203490.0,2024-03-25
2024032501021311,CYCL,62,33,200.0,1356.0,271200.0,2024-03-25
2024032501021310,CYCL,62,58,10.0,1355.0,13550.0,2024-03-25
2024032501021309,CYCL,62,52,10.0,1355.0,13550.0,2024-03-25
2024032501021308,CYCL,62,45,13.0,1350.0,17550.0,2024-03-25
2024032501021307,CYCL,62,35,28.0,1350.0,37800.0,2024-03-25
2024032501021306,CYCL,62,51,13.0,1350.0,17550.0,2024-03-25
2024032501021305,CYCL,62,35,10.0,1350.0,13500.0,2024-03-25
2024032501021304,CYCL,62,35,19.0,1350.0,25650.0,2024-03-25
2024032501021303,CYCL,62,52,10.0,1350.0,13500.0,2024-03-25
2024032501021302,CYCL,62,58,20.0,1349.9,26998.0,2024-03-25
2024032501021301,CYCL,62,1,13.0,1349.0,17537.0,2024-03-25
2024032501021300,CYCL,62,42,10.0,1341.0,13410.0,2024-03-25
2024032501021299,CYCL,62,59,20.0,1341.0,26820.0,2024-03-25
2024032501021298,NWCL,50,43,450.0,745.0,335250.0,2024-03-25
2024032501021297,PRVU,22,16,47.0,142.0,6674.0,2024-03-25
2024032501021296,DLBS,33,45,10.0,1287.1,12871.0,2024-03-25
2024032501021295,MMKJL,19,68,10.0,415.0,4150.0,2024-03-25
2024032503010288,HLI,50,51,100.0,402.0,40200.0,2024-03-25
2024032503010287,HLI,50,52,140.0,402.0,56280.0,2024-03-25
2024032501021294,MLBS,40,5,60.0,915.0,54900.0,2024-03-25
2024032501021293,MLBS,40,13,30.0,915.0,27450.0,2024-03-25
2024032501021292,RNLI,42,70,10.0,436.0,4360.0,2024-03-25
2024032501021291,RNLI,42,77,10.0,435.5,4355.0,2024-03-25
2024032501021290,RNLI,42,7,10.0,435.5,4355.0,2024-03-25
2024032501021289,SHIVM,38,36,30.0,527.0,15810.0,2024-03-25
2024032503010286,SLBBL,38,26,50.0,656.4,32820.0,2024-03-25
2024032501021288,USHEC,38,50,10.0,354.9,3549.0,2024-03-25
2024032505003895,NRIC,49,4,51.0,731.0,37281.0,2024-03-25
2024032503010285,SLBBL,44,26,476.0,656.4,312446.4,2024-03-25
2024032504007761,SSHL,58,29,290.0,162.8,47212.0,2024-03-25
2024032504007760,CGH,33,58,28.0,818.1,22906.8,2024-03-25
2024032503010284,GUFL,48,58,49.0,860.0,42140.0,2024-03-25
2024032504007759,SGIC,58,42,55.0,526.0,28930.0,2024-03-25
2024032504007758,NGPL,14,67,50.0,296.5,14825.0,2024-03-25
2024032501021287,SMJC,47,42,20.0,358.9,7178.0,2024-03-25
2024032504007757,RIDI,41,87,10.0,184.0,1840.0,2024-03-25
2024032504007756,RIDI,41,42,105.0,184.0,19320.0,2024-03-25
2024032503010283,ILBS,49,41,19.0,869.0,16511.0,2024-03-25
2024032503010282,HLI,52,52,50.0,402.0,20100.0,2024-03-25
2024032503010281,NUBL,52,55,20.0,646.0,12920.0,2024-03-25
2024032501021286,MHCL,19,34,100.0,424.0,42400.0,2024-03-25
2024032503010280,SJLIC,64,34,100.0,507.0,50700.0,2024-03-25
2024032504007755,RHPL,29,42,40.0,277.0,11080.0,2024-03-25
2024032503010279,NICLBSL,45,7,100.0,607.0,60700.0,2024-03-25
2024032503010278,NICLBSL,50,7,275.0,607.0,166925.0,2024-03-25
2024032501021285,EBL,22,54,40.0,503.0,20120.0,2024-03-25
2024032501021284,EBL,17,54,50.0,503.0,25150.0,2024-03-25
2024032501021283,EBL,33,54,20.0,503.0,10060.0,2024-03-25
2024032501021282,EBL,42,54,10.0,503.5,5035.0,2024-03-25
2024032501021281,EBL,42,54,12.0,503.6,6043.2,2024-03-25
2024032503010277,GUFL,48,33,80.0,860.0,68800.0,2024-03-25
2024032501021280,SNLI,17,51,20.0,607.9,12158.0,2024-03-25
2024032504007754,AKPL,45,59,1503.0,178.8,268736.4,2024-03-25
2024032501021279,GVL,1,61,40.0,420.0,16800.0,2024-03-25
2024032504007753,JOSHI,59,45,88.0,333.0,29304.0,2024-03-25
2024032503010276,NICLBSL,35,16,10.0,608.9,6089.0,2024-03-25
2024032503010275,FMDBL,47,62,72.0,608.0,43776.0,2024-03-25
2024032503010274,FMDBL,53,62,10.0,608.8,6088.0,2024-03-25
2024032503010273,FMDBL,42,62,100.0,609.9,60990.0,2024-03-25
2024032503010272,FMDBL,58,62,80.0,610.0,48800.0,2024-03-25
2024032503010271,FMDBL,25,62,200.0,610.0,122000.0,2024-03-25
2024032503010270,FMDBL,45,62,38.0,610.0,23180.0,2024-03-25
2024032501021278,ADBL,52,45,972.0,233.5,226962.0,2024-03-25
2024032501021277,CITY,45,52,10.0,593.0,5930.0,2024-03-25
2024032504007752,NHPC,21,19,100.0,153.5,15350.0,2024-03-25
2024032503010269,FMDBL,45,57,12.0,610.0,7320.0,2024-03-25
2024032503010268,FMDBL,18,57,100.0,610.0,61000.0,2024-03-25
2024032503010267,FMDBL,7,57,100.0,610.0,61000.0,2024-03-25
2024032503010266,FMDBL,8,57,100.0,610.0,61000.0,2024-03-25
2024032503010265,FMDBL,45,57,100.0,610.0,61000.0,2024-03-25
2024032503010264,FMDBL,26,57,30.0,610.0,18300.0,2024-03-25
2024032503010263,FMDBL,58,57,100.0,610.0,61000.0,2024-03-25
2024032503010262,FMDBL,16,57,100.0,610.0,61000.0,2024-03-25
2024032503010261,FMDBL,59,57,100.0,610.0,61000.0,2024-03-25
2024032503010260,FMDBL,13,57,100.0,610.0,61000.0,2024-03-25
2024032503010259,FMDBL,28,57,300.0,610.3,183090.0,2024-03-25
2024032503010258,FMDBL,62,57,300.0,610.4,183120.0,2024-03-25
2024032503010257,FMDBL,16,57,100.0,610.5,61050.0,2024-03-25
2024032503010256,FMDBL,58,57,10.0,610.7,6107.0,2024-03-25
2024032503010255,FMDBL,17,57,68.0,610.7,41527.6,2024-03-25
2024032503010254,FMDBL,52,57,20.0,611.0,12220.0,2024-03-25
2024032503010253,FMDBL,11,57,32.0,611.0,19552.0,2024-03-25
2024032503010252,FMDBL,33,57,165.0,611.0,100815.0,2024-03-25
2024032503010251,FMDBL,34,57,76.0,611.0,46436.0,2024-03-25
2024032504007751,NIL,66,57,50.0,815.3,40765.0,2024-03-25
2024032503010250,KRBL,46,38,200.0,415.5,83100.0,2024-03-25
2024032503010249,HLI,38,52,10.0,402.0,4020.0,2024-03-25
2024032501021276,MKCL,49,33,10.0,938.8,9388.0,2024-03-25
2024032504007750,GHL,49,45,100.0,152.8,15280.0,2024-03-25
2024032505003894,HRL,29,4,5.0,608.0,3040.0,2024-03-25
2024032505003893,HRL,39,4,15.0,608.0,9120.0,2024-03-25
2024032505003892,HRL,39,36,15.0,607.9,9118.5,2024-03-25
2024032503010248,PMLI,82,57,10.0,524.9,5249.0,2024-03-25
2024032501021275,MEHL,47,58,40.0,284.0,11360.0,2024-03-25
2024032501021274,DLBS,45,58,10.0,1287.1,12871.0,2024-03-25
2024032504007749,UMRH,57,14,75.0,346.0,25950.0,2024-03-25
2024032504007748,GHL,7,47,148.0,152.0,22496.0,2024-03-25
2024032504007747,GHL,39,47,212.0,152.0,32224.0,2024-03-25
2024032504007746,GHL,25,47,100.0,152.1,15210.0,2024-03-25
2024032504007745,GHL,38,47,40.0,152.7,6108.0,2024-03-25
2024032503010247,SWBBL,33,34,49.0,753.1,36901.9,2024-03-25
2024032504007744,AKJCL,34,38,10.0,216.4,2164.0,2024-03-25
2024032504007743,AHPC,6,36,200.0,176.3,35260.0,2024-03-25
2024032504007742,AHPC,6,42,200.0,176.3,35260.0,2024-03-25
2024032504007741,GHL,29,45,163.0,152.8,24906.4,2024-03-25
2024032501021273,SRLI,34,21,30.0,444.0,13320.0,2024-03-25
2024032501021272,RHGCL,13,39,50.0,296.0,14800.0,2024-03-25
2024032504007740,HDHPC,37,48,1100.0,137.7,151470.0,2024-03-25
2024032503010246,GUFL,48,7,71.0,860.0,61060.0,2024-03-25
2024032501021271,SHIVM,25,36,25.0,527.0,13175.0,2024-03-25
2024032501021270,SHIVM,25,34,75.0,526.9,39517.5,2024-03-25
2024032501021269,VLUCL,25,81,45.0,512.0,23040.0,2024-03-25
2024032503010245,GUFL,13,7,15.0,860.0,12900.0,2024-03-25
2024032503010244,GUFL,45,7,42.0,860.0,36120.0,2024-03-25
2024032501021268,SHIVM,1,34,15.0,526.9,7903.5,2024-03-25
2024032503010243,SJLIC,64,45,10.0,507.0,5070.0,2024-03-25
2024032503010242,SJLIC,64,55,286.0,507.0,145002.0,2024-03-25
2024032501021267,GCIL,87,58,100.0,509.0,50900.0,2024-03-25
2024032503010241,KSBBL,53,86,10.0,355.9,3559.0,2024-03-25
2024032501021266,TPC,45,53,10.0,495.0,4950.0,2024-03-25
2024032503010240,BFC,53,54,120.0,354.0,42480.0,2024-03-25
2024032503010239,BFC,53,8,100.0,353.9,35390.0,2024-03-25
2024032503010238,BFC,53,13,280.0,353.5,98980.0,2024-03-25
2024032501021265,NRM,36,14,75.0,384.9,28867.5,2024-03-25
2024032501021264,NRM,36,26,300.0,384.8,115440.0,2024-03-25
2024032501021263,NRM,36,34,95.0,384.0,36480.0,2024-03-25
2024032501021262,NRM,36,4,10.0,383.9,3839.0,2024-03-25
2024032504007739,API,32,36,767.0,178.6,136986.2,2024-03-25
2024032504007738,API,39,36,600.0,178.6,107160.0,2024-03-25
2024032504007737,API,22,36,200.0,178.6,35720.0,2024-03-25
2024032504007736,API,43,36,80.0,178.6,14288.0,2024-03-25
2024032504007735,API,45,36,10.0,178.6,1786.0,2024-03-25
2024032504007734,API,65,36,83.0,178.7,14832.1,2024-03-25
2024032501021261,SHLB,95,32,30.0,1010.0,30300.0,2024-03-25
2024032503010237,NMBMF,35,32,30.0,573.0,17190.0,2024-03-25
2024032503010236,NMBMF,49,32,70.0,573.0,40110.0,2024-03-25
2024032504007733,CHCL,62,44,200.0,460.2,92040.0,2024-03-25
2024032501021260,CYCL,59,62,100.0,1303.5,130350.0,2024-03-25
2024032501021259,CYCL,48,62,100.0,1304.0,130400.0,2024-03-25
2024032501021258,CYCL,33,62,101.0,1304.0,131704.0,2024-03-25
2024032501021257,CYCL,77,62,50.0,1305.0,65250.0,2024-03-25
2024032501021256,CYCL,33,62,10.0,1310.0,13100.0,2024-03-25
2024032501021255,CYCL,65,62,30.0,1310.0,39300.0,2024-03-25
2024032501021254,CYCL,49,62,10.0,1313.3,13133.0,2024-03-25
2024032501021253,CYCL,8,62,10.0,1313.6,13136.0,2024-03-25
2024032501021252,CYCL,77,62,50.0,1314.0,65700.0,2024-03-25
2024032501021251,CYCL,42,62,20.0,1315.0,26300.0,2024-03-25
2024032501021250,CYCL,16,62,10.0,1315.0,13150.0,2024-03-25
2024032501021249,CYCL,22,62,50.0,1316.2,65810.0,2024-03-25
2024032501021248,CYCL,19,62,20.0,1317.0,26340.0,2024-03-25
2024032501021247,CYCL,62,62,50.0,1320.0,66000.0,2024-03-25
2024032501021246,CYCL,22,62,11.0,1320.0,14520.0,2024-03-25
2024032501021245,CYCL,1,62,50.0,1323.0,66150.0,2024-03-25
2024032501021244,CYCL,37,62,20.0,1323.0,26460.0,2024-03-25
2024032501021243,CYCL,77,62,30.0,1323.3,39699.0,2024-03-25
2024032501021242,CYCL,11,62,10.0,1330.0,13300.0,2024-03-25
2024032501021241,CYCL,34,62,20.0,1330.0,26600.0,2024-03-25
2024032501021240,CYCL,53,62,10.0,1335.0,13350.0,2024-03-25
2024032503010235,FOWAD,55,42,65.0,1100.0,71500.0,2024-03-25
2024032501021239,CLI,46,55,10.0,451.5,4515.0,2024-03-25
2024032504007732,JOSHI,36,45,10.0,333.0,3330.0,2024-03-25
2024032501021238,SHIVM,69,19,51.0,526.0,26826.0,2024-03-25
2024032501021237,SHIVM,53,19,79.0,526.0,41554.0,2024-03-25
2024032501021236,MMKJL,50,45,310.0,408.0,126480.0,2024-03-25
2024032501021235,MMKJL,90,45,50.0,408.0,20400.0,2024-03-25
2024032501021234,MMKJL,7,45,20.0,408.0,8160.0,2024-03-25
2024032501021233,MMKJL,42,45,110.0,412.0,45320.0,2024-03-25
2024032501021232,MMKJL,59,45,30.0,412.1,12363.0,2024-03-25
2024032504007731,RIDI,57,42,100.0,184.0,18400.0,2024-03-25
2024032504007730,UMRH,57,16,20.0,346.0,6920.0,2024-03-25
2024032504007729,UPPER,41,88,20.0,175.5,3510.0,2024-03-25
2024032504007728,UPPER,34,88,100.0,175.6,17560.0,2024-03-25
2024032504007727,UPPER,58,88,20.0,175.6,3512.0,2024-03-25
2024032504007726,UPPER,49,88,500.0,175.6,87800.0,2024-03-25
2024032504007725,UPPER,32,88,200.0,175.7,35140.0,2024-03-25
2024032504007724,UPPER,49,88,100.0,175.7,17570.0,2024-03-25
2024032504007723,UPPER,34,88,60.0,175.7,10542.0,2024-03-25
2024032505003891,HRL,39,36,25.0,607.9,15197.5,2024-03-25
2024032504007722,TRH,58,49,400.0,801.0,320400.0,2024-03-25
2024032504007721,TRH,58,3,50.0,801.0,40050.0,2024-03-25
2024032504007720,TRH,58,44,190.0,801.0,152190.0,2024-03-25
2024032504007719,TRH,58,46,500.0,800.0,400000.0,2024-03-25
2024032504007718,TRH,58,5,70.0,800.0,56000.0,2024-03-25
2024032504007717,TRH,58,16,20.0,800.0,16000.0,2024-03-25
2024032504007716,TRH,58,36,90.0,800.0,72000.0,2024-03-25
2024032504007715,TRH,58,43,100.0,799.9,79990.0,2024-03-25
2024032504007714,TRH,58,28,60.0,790.0,47400.0,2024-03-25
2024032504007713,TRH,58,49,50.0,790.0,39500.0,2024-03-25
2024032504007712,TRH,58,45,50.0,790.0,39500.0,2024-03-25
2024032504007711,TRH,58,58,550.0,787.0,432850.0,2024-03-25
2024032504007710,TRH,58,1,20.0,786.0,15720.0,2024-03-25
2024032504007709,TRH,58,1,60.0,786.0,47160.0,2024-03-25
2024032504007708,TRH,58,17,50.0,785.0,39250.0,2024-03-25
2024032504007707,TRH,58,74,25.0,785.0,19625.0,2024-03-25
2024032504007706,TRH,58,50,100.0,780.0,78000.0,2024-03-25
2024032504007705,TRH,58,42,20.0,777.0,15540.0,2024-03-25
2024032504007704,TRH,58,19,10.0,777.0,7770.0,2024-03-25
2024032504007703,TRH,58,40,25.0,775.0,19375.0,2024-03-25
2024032504007702,TRH,58,41,10.0,774.0,7740.0,2024-03-25
2024032504007701,TRH,58,25,10.0,774.0,7740.0,2024-03-25
2024032504007700,TRH,58,7,30.0,772.0,23160.0,2024-03-25
2024032504007699,TRH,58,45,387.0,772.0,298764.0,2024-03-25
2024032504007698,TRH,58,42,200.0,770.5,154100.0,2024-03-25
2024032504007697,TRH,58,58,40.0,770.0,30800.0,2024-03-25
2024032504007696,UPPER,55,46,200.0,175.9,35180.0,2024-03-25
2024032501021231,PPL,49,41,10.0,434.0,4340.0,2024-03-25
2024032503010234,SHINE,4,41,100.0,372.3,37230.0,2024-03-25
2024032503010233,SHINE,4,41,100.0,372.3,37230.0,2024-03-25
2024032503010232,SHINE,1,41,20.0,372.3,7446.0,2024-03-25
2024032503010231,SHINE,4,41,50.0,372.3,18615.0,2024-03-25
2024032505003890,HRL,58,52,20.0,607.8,12156.0,2024-03-25
2024032504007695,UPCL,6,21,728.0,209.0,152152.0,2024-03-25
2024032503010230,GBLBS,11,29,206.0,620.3,127781.8,2024-03-25
2024032504007694,UPCL,41,21,50.0,209.0,10450.0,2024-03-25
2024032503010229,GUFL,45,48,13.0,860.0,11180.0,2024-03-25
2024032503010228,GUFL,49,48,87.0,860.0,74820.0,2024-03-25
2024032503010227,NLIC,52,48,50.0,601.0,30050.0,2024-03-25
2024032503010226,NLIC,22,48,29.0,601.0,17429.0,2024-03-25
2024032503010225,NLIC,17,48,57.0,601.5,34285.5,2024-03-25
2024032501021230,BGWT,65,35,70.0,645.0,45150.0,2024-03-25
2024032501021229,BGWT,65,41,30.0,645.0,19350.0,2024-03-25
2024032501021228,BGWT,65,22,16.0,645.0,10320.0,2024-03-25
2024032501021227,BGWT,65,47,183.0,645.0,118035.0,2024-03-25
2024032501021226,BGWT,65,33,10.0,645.0,6450.0,2024-03-25
2024032501021225,BGWT,65,13,70.0,644.9,45143.0,2024-03-25
2024032501021224,BGWT,65,32,10.0,643.9,6439.0,2024-03-25
2024032501021223,BGWT,65,16,200.0,640.0,128000.0,2024-03-25
2024032501021222,BGWT,65,32,10.0,632.4,6324.0,2024-03-25
2024032501021221,BGWT,65,16,10.0,632.4,6324.0,2024-03-25
2024032501021220,BGWT,65,16,100.0,632.2,63220.0,2024-03-25
2024032501021219,BGWT,65,14,80.0,632.2,50576.0,2024-03-25
2024032501021218,BGWT,65,47,100.0,632.0,63200.0,2024-03-25
2024032501021217,BGWT,65,39,300.0,632.0,189600.0,2024-03-25
2024032501021216,BGWT,65,16,300.0,627.0,188100.0,2024-03-25
2024032501021215,BGWT,65,34,10.0,626.0,6260.0,2024-03-25
2024032501021214,BGWT,65,32,160.0,626.0,100160.0,2024-03-25
2024032501021213,BGWT,65,38,20.0,625.7,12514.0,2024-03-25
2024032501021212,BGWT,65,34,30.0,625.0,18750.0,2024-03-25
2024032501021211,BGWT,65,1,10.0,624.2,6242.0,2024-03-25
2024032501021210,BGWT,65,16,30.0,624.2,18726.0,2024-03-25
2024032501021209,BGWT,65,46,10.0,624.2,6242.0,2024-03-25
2024032501021208,BGWT,65,42,10.0,623.0,6230.0,2024-03-25
2024032501021207,BGWT,65,16,10.0,623.0,6230.0,2024-03-25
2024032501021206,BGWT,65,41,20.0,621.1,12422.0,2024-03-25
2024032501021205,BGWT,65,25,100.0,621.0,62100.0,2024-03-25
2024032501021204,BGWT,65,56,100.0,621.0,62100.0,2024-03-25
2024032501021203,BGWT,65,4,70.0,620.0,43400.0,2024-03-25
2024032501021202,BGWT,65,59,10.0,620.0,6200.0,2024-03-25
2024032501021201,BGWT,65,32,10.0,620.0,6200.0,2024-03-25
2024032501021200,BGWT,65,58,10.0,620.0,6200.0,2024-03-25
2024032501021199,BGWT,65,56,10.0,620.0,6200.0,2024-03-25
2024032501021198,BGWT,65,58,10.0,619.9,6199.0,2024-03-25
2024032501021197,BGWT,65,35,10.0,618.0,6180.0,2024-03-25
2024032501021196,BGWT,65,38,10.0,617.0,6170.0,2024-03-25
2024032501021195,BGWT,65,58,500.0,616.0,308000.0,2024-03-25
2024032501021194,BGWT,65,38,10.0,616.0,6160.0,2024-03-25
2024032501021193,BGWT,65,52,10.0,615.0,6150.0,2024-03-25
2024032501021192,BGWT,65,45,10.0,615.0,6150.0,2024-03-25
2024032501021191,BGWT,65,47,100.0,614.0,61400.0,2024-03-25
2024032501021190,BGWT,65,45,10.0,614.0,6140.0,2024-03-25
2024032501021189,BGWT,65,45,10.0,613.0,6130.0,2024-03-25
2024032501021188,BGWT,65,35,87.0,612.0,53244.0,2024-03-25
2024032501021187,BGWT,65,56,100.0,612.0,61200.0,2024-03-25
2024032501021186,BGWT,65,66,15.0,611.0,9165.0,2024-03-25
2024032501021185,BGWT,65,58,10.0,610.0,6100.0,2024-03-25
2024032501021184,BGWT,65,37,209.0,610.0,127490.0,2024-03-25
2024032501021183,BGWT,65,65,520.0,608.0,316160.0,2024-03-25
2024032501021182,BGWT,65,1,40.0,607.9,24316.0,2024-03-25
2024032501021181,BGWT,65,42,10.0,605.0,6050.0,2024-03-25
2024032501021180,BGWT,65,26,10.0,605.0,6050.0,2024-03-25
2024032501021179,BGWT,65,29,10.0,604.0,6040.0,2024-03-25
2024032503010224,MLBL,4,1,312.0,325.1,101431.2,2024-03-25
2024032503010223,MLBBL,64,45,30.0,890.0,26700.0,2024-03-25
2024032501021178,JBLB,19,36,20.0,1350.0,27000.0,2024-03-25
2024032501021177,JBLB,43,36,28.0,1350.0,37800.0,2024-03-25
2024032503010222,NFS,35,64,10.0,394.2,3942.0,2024-03-25
2024032503010221,USLB,62,55,10.0,1720.0,17200.0,2024-03-25
2024032503010220,GBLBS,39,55,113.0,620.0,70060.0,2024-03-25
2024032503010219,GBLBS,58,55,100.0,620.3,62030.0,2024-03-25
2024032503010218,GBLBS,59,55,87.0,620.3,53966.1,2024-03-25
2024032503010217,GBLBS,21,55,90.0,620.4,55836.0,2024-03-25
2024032501021176,SPC,74,21,20.0,550.0,11000.0,2024-03-25
2024032501021175,SPC,74,18,50.0,550.0,27500.0,2024-03-25
2024032501021174,SPC,74,58,10.0,550.0,5500.0,2024-03-25
2024032501021173,SPC,74,26,10.0,545.0,5450.0,2024-03-25
2024032501021172,SPC,74,34,10.0,541.0,5410.0,2024-03-25
2024032501021171,SPC,74,47,100.0,540.6,54060.0,2024-03-25
2024032501021170,SPC,74,38,10.0,540.0,5400.0,2024-03-25
2024032501021169,SPC,74,58,10.0,539.0,5390.0,2024-03-25
2024032501021168,SPC,74,4,10.0,535.0,5350.0,2024-03-25
2024032501021167,SPC,74,22,40.0,533.9,21356.0,2024-03-25
2024032501021166,SPC,74,38,30.0,530.0,15900.0,2024-03-25
2024032501021165,SPC,74,58,100.0,529.0,52900.0,2024-03-25
2024032503010216,KSBBL,42,81,45.0,355.0,15975.0,2024-03-25
2024032503010215,KSBBL,58,81,281.0,355.0,99755.0,2024-03-25
2024032503010214,KSBBL,66,81,20.0,355.2,7104.0,2024-03-25
2024032503010213,KSBBL,1,81,150.0,355.3,53295.0,2024-03-25
2024032503010212,KSBBL,45,81,22.0,355.5,7821.0,2024-03-25
2024032501021164,MHCL,19,38,145.0,424.0,61480.0,2024-03-25
2024032503010211,NABBC,19,45,10.0,427.9,4279.0,2024-03-25
2024032505003889,NIFRA,44,57,10.0,205.9,2059.0,2024-03-25
2024032501021163,GCIL,44,58,19.0,509.0,9671.0,2024-03-25
2024032501021162,MEHL,47,50,280.0,284.0,79520.0,2024-03-25
2024032501021161,SARBTM,14,45,50.0,813.8,40690.0,2024-03-25
2024032504007693,NICL,38,48,250.0,836.0,209000.0,2024-03-25
2024032501021160,PPL,49,38,10.0,434.0,4340.0,2024-03-25
2024032501021159,NBL,52,42,10.0,220.5,2205.0,2024-03-25
2024032501021158,AVYAN,34,26,10.0,665.0,6650.0,2024-03-25
2024032503010210,ALBSL,49,65,10.0,724.9,7249.0,2024-03-25
2024032501021157,DLBS,45,49,50.0,1287.1,64355.0,2024-03-25
2024032501021156,DLBS,81,49,50.0,1288.0,64400.0,2024-03-25
2024032503010209,NFS,21,47,257.0,390.0,100230.0,2024-03-25
2024032503010208,NFS,35,47,58.0,391.0,22678.0,2024-03-25
2024032504007692,HPPL,4,33,10.0,269.9,2699.0,2024-03-25
2024032504007691,UPPER,34,4,367.0,175.7,64481.9,2024-03-25
2024032504007690,UPPER,6,4,50.0,175.8,8790.0,2024-03-25
2024032504007689,UPPER,19,4,20.0,175.8,3516.0,2024-03-25
2024032501021155,SONA,58,3,157.0,484.0,75988.0,2024-03-25
2024032504007688,UPPER,42,4,40.0,175.8,7032.0,2024-03-25
2024032504007687,UPPER,58,4,100.0,175.8,17580.0,2024-03-25
2024032504007686,UPPER,19,4,200.0,175.8,35160.0,2024-03-25
2024032501021154,NBL,4,32,230.0,220.6,50738.0,2024-03-25
2024032504007685,UPPER,38,4,100.0,175.8,17580.0,2024-03-25
2024032504007684,UPPER,57,4,30.0,175.8,5274.0,2024-03-25
2024032504007683,UPPER,40,4,93.0,175.9,16358.7,2024-03-25
2024032503010207,NFS,35,58,42.0,391.0,16422.0,2024-03-25
2024032503010206,NFS,34,58,43.0,391.0,16813.0,2024-03-25
2024032501021153,GCIL,41,58,20.0,509.0,10180.0,2024-03-25
2024032501021152,CLI,46,11,10.0,451.5,4515.0,2024-03-25
2024032501021151,CLI,46,17,10.0,451.5,4515.0,2024-03-25
2024032503010205,SFCL,61,41,62.0,319.0,19778.0,2024-03-25
2024032503010204,SFCL,35,41,28.0,319.1,8934.8,2024-03-25
2024032503010203,SHINE,4,41,150.0,372.3,55845.0,2024-03-25
2024032503010202,VLBS,5,34,250.0,667.0,166750.0,2024-03-25
2024032503010201,VLBS,58,34,30.0,667.0,20010.0,2024-03-25
2024032503010200,VLBS,58,34,20.0,668.0,13360.0,2024-03-25
2024032501021150,MCHL,6,57,10.0,327.0,3270.0,2024-03-25
2024032501021149,MCHL,6,38,10.0,325.0,3250.0,2024-03-25
2024032501021148,MCHL,6,36,250.0,325.0,81250.0,2024-03-25
2024032501021147,SONA,44,13,500.0,483.2,241600.0,2024-03-25
2024032503010199,MNBBL,35,48,179.0,354.0,63366.0,2024-03-25
2024032503010198,MNBBL,4,48,21.0,354.0,7434.0,2024-03-25
2024032501021146,MBJC,25,85,30.0,310.0,9300.0,2024-03-25
2024032501021145,SARBTM,14,7,50.0,813.8,40690.0,2024-03-25
2024032503010197,SJLIC,45,33,9.0,506.0,4554.0,2024-03-25
2024032501021144,SGHC,59,59,500.0,302.0,151000.0,2024-03-25
2024032503010196,MDB,62,59,16.0,421.0,6736.0,2024-03-25
2024032501021143,RNLI,45,59,58.0,435.0,25230.0,2024-03-25
2024032501021142,RNLI,45,59,12.0,435.0,5220.0,2024-03-25
2024032501021141,RNLI,65,59,100.0,435.1,43510.0,2024-03-25
2024032501021140,RNLI,35,59,30.0,435.5,13065.0,2024-03-25
2024032504007682,HPPL,17,36,40.0,268.2,10728.0,2024-03-25
2024032503010195,GUFL,49,32,35.0,860.0,30100.0,2024-03-25
2024032503010194,GUFL,7,32,15.0,860.1,12901.5,2024-03-25
2024032501021139,SARBTM,14,35,50.0,813.8,40690.0,2024-03-25
2024032504007681,GLH,49,16,163.0,217.0,35371.0,2024-03-25
2024032504007680,GLH,14,16,80.0,217.0,17360.0,2024-03-25
2024032504007679,GLH,45,16,20.0,217.2,4344.0,2024-03-25
2024032501021138,DORDI,77,14,818.0,448.1,366545.8,2024-03-25
2024032501021137,DORDI,77,68,182.0,447.0,81354.0,2024-03-25
2024032503010193,HLBSL,84,17,300.0,678.0,203400.0,2024-03-25
2024032505003888,HIDCL,39,19,100.0,170.0,17000.0,2024-03-25
2024032503010192,SAPDBL,38,44,60.0,298.7,17922.0,2024-03-25
2024032504007678,UAIL,42,57,31.0,533.1,16526.1,2024-03-25
2024032504007677,UAIL,42,57,50.0,533.1,26655.0,2024-03-25
2024032504007676,UAIL,52,57,29.0,533.1,15459.9,2024-03-25
2024032501021136,JBLB,43,57,22.0,1350.0,29700.0,2024-03-25
2024032503010191,SLBBL,44,45,24.0,656.4,15753.6,2024-03-25
2024032501021135,SONA,58,45,10.0,483.2,4832.0,2024-03-25
2024032504007675,UPPER,40,57,207.0,175.9,36411.3,2024-03-25
2024032501021134,RNLI,35,42,10.0,435.5,4355.0,2024-03-25
2024032505003887,HRL,58,49,10.0,607.8,6078.0,2024-03-25
2024032504007674,SGIC,26,42,100.0,526.0,52600.0,2024-03-25
2024032501021133,DORDI,88,68,300.0,447.0,134100.0,2024-03-25
2024032505003886,CHDC,63,47,30.0,938.0,28140.0,2024-03-25
2024032505003885,HRL,58,45,10.0,607.8,6078.0,2024-03-25
2024032501021132,EBL,46,22,160.0,504.0,80640.0,2024-03-25
2024032501021131,SHIVM,76,34,10.0,526.9,5269.0,2024-03-25
2024032501021130,RFPL,33,22,300.0,397.0,119100.0,2024-03-25
2024032501021129,TPC,45,22,100.0,495.0,49500.0,2024-03-25
2024032504007673,SPDL,21,6,10.0,241.0,2410.0,2024-03-25
2024032503010190,LBBL,1,21,13.0,384.1,4993.3,2024-03-25
2024032501021128,CKHL,58,25,25.0,600.0,15000.0,2024-03-25
2024032501021127,CKHL,14,25,10.0,601.0,6010.0,2024-03-25
2024032501021126,CKHL,21,25,25.0,601.5,15037.5,2024-03-25
2024032503010189,CFCL,19,7,55.0,350.3,19266.5,2024-03-25
2024032503010188,CFCL,17,7,30.0,350.3,10509.0,2024-03-25
2024032503010187,CFCL,38,7,15.0,350.4,5256.0,2024-03-25
2024032503010186,NLIC,17,37,43.0,601.1,25847.3,2024-03-25
2024032501021125,HHL,20,64,20.0,353.3,7066.0,2024-03-25
2024032501021124,HIDCLP,28,6,224.0,102.7,23004.8,2024-03-25
2024032501021123,HIDCLP,28,6,38.0,102.7,3902.6,2024-03-25
2024032501021122,HIDCLP,90,6,40.0,102.8,4112.0,2024-03-25
2024032501021121,HIDCLP,18,6,10.0,103.0,1030.0,2024-03-25
2024032501021120,HIDCLP,58,6,50.0,103.0,5150.0,2024-03-25
2024032501021119,HIDCLP,51,6,100.0,103.0,10300.0,2024-03-25
2024032501021118,HIDCLP,52,6,38.0,103.0,3914.0,2024-03-25
2024032503010185,SJLIC,45,55,620.0,505.0,313100.0,2024-03-25
2024032503010184,SJLIC,34,55,100.0,505.0,50500.0,2024-03-25
2024032503010183,SJLIC,39,55,100.0,505.5,50550.0,2024-03-25
2024032503010182,SJLIC,26,55,180.0,505.7,91026.0,2024-03-25
2024032505003884,SFMF,19,26,1000.0,10.0,10000.0,2024-03-25
2024032501021117,MHL,32,57,20.0,382.0,7640.0,2024-03-25
2024032501021116,MHL,59,57,100.0,382.0,38200.0,2024-03-25
2024032501021115,MHL,42,57,100.0,382.0,38200.0,2024-03-25
2024032501021114,MHL,38,57,200.0,382.1,76420.0,2024-03-25
2024032501021113,MHL,26,57,100.0,382.1,38210.0,2024-03-25
2024032501021112,MHL,42,57,150.0,383.0,57450.0,2024-03-25
2024032501021111,MHL,38,57,10.0,384.0,3840.0,2024-03-25
2024032504007672,HDHPC,57,7,340.0,138.0,46920.0,2024-03-25
2024032504007671,AKPL,57,59,20.0,178.9,3578.0,2024-03-25
2024032501021110,SHIVM,53,45,21.0,526.0,11046.0,2024-03-25
2024032503010181,NLIC,49,37,20.0,601.1,12022.0,2024-03-25
2024032505003883,NIFRA,49,49,4.0,201.8,807.2,2024-03-25
2024032504007670,UPPER,14,57,500.0,175.9,87950.0,2024-03-25
2024032504007669,SPIL,6,14,140.0,735.0,102900.0,2024-03-25
2024032501021109,GBIME,4,42,10.0,184.0,1840.0,2024-03-25
2024032501021108,GBIME,4,35,45.0,184.0,8280.0,2024-03-25
2024032501021107,SMJC,47,57,260.0,358.8,93288.0,2024-03-25
2024032501021106,MEHL,47,33,207.0,284.0,58788.0,2024-03-25
2024032503010180,ILBS,49,58,20.0,869.0,17380.0,2024-03-25
2024032503010179,SJLIC,58,55,483.0,507.0,244881.0,2024-03-25
2024032503010178,SJLIC,58,55,17.0,506.0,8602.0,2024-03-25
2024032501021105,SMJC,5,57,50.0,358.8,17940.0,2024-03-25
2024032501021104,MKHC,5,32,10.0,287.6,2876.0,2024-03-25
2024032501021103,SMH,32,52,10.0,662.0,6620.0,2024-03-25
2024032501021102,JBLB,34,49,10.0,1354.9,13549.0,2024-03-25
2024032501021101,EHPL,34,16,10.0,434.0,4340.0,2024-03-25
2024032501021100,EHPL,34,25,12.0,433.8,5205.6,2024-03-25
2024032501021099,EHPL,34,53,10.0,433.0,4330.0,2024-03-25
2024032501021098,EHPL,34,36,10.0,430.0,4300.0,2024-03-25
2024032503010177,SLBBL,44,37,500.0,656.4,328200.0,2024-03-25
2024032501021097,PRVU,22,58,150.0,142.0,21300.0,2024-03-25
2024032501021096,RHGCL,13,39,40.0,296.0,11840.0,2024-03-25
2024032501021095,RHGCL,13,53,100.0,295.8,29580.0,2024-03-25
2024032501021094,RHGCL,13,19,20.0,295.8,5916.0,2024-03-25
2024032501021093,RHGCL,13,45,190.0,295.0,56050.0,2024-03-25
2024032501021092,ADBL,13,19,100.0,234.0,23400.0,2024-03-25
2024032503010176,ALICL,47,11,235.0,563.3,132375.5,2024-03-25
2024032501021091,SONA,33,59,10.0,483.1,4831.0,2024-03-25
2024032501021090,RHGCL,50,45,10.0,295.0,2950.0,2024-03-25
2024032501021089,GCIL,22,50,75.0,508.1,38107.5,2024-03-25
2024032503010175,JFL,57,55,100.0,390.0,39000.0,2024-03-25
2024032503010174,JFL,57,45,57.0,390.0,22230.0,2024-03-25
2024032503010173,JFL,57,4,300.0,390.0,117000.0,2024-03-25
2024032503010172,CBBL,41,57,35.0,845.1,29578.5,2024-03-25
2024032504007668,CHL,46,45,143.0,285.5,40826.5,2024-03-25
2024032504007667,CHL,52,45,320.0,285.5,91360.0,2024-03-25
2024032504007666,CHL,17,45,100.0,286.0,28600.0,2024-03-25
2024032504007665,CHL,25,45,27.0,286.0,7722.0,2024-03-25
2024032504007664,CHL,36,45,10.0,286.1,2861.0,2024-03-25
2024032504007663,UPCL,1,45,108.0,209.0,22572.0,2024-03-25
2024032501021088,SONA,16,45,422.0,483.0,203826.0,2024-03-25
2024032501021087,SONA,58,45,100.0,483.0,48300.0,2024-03-25
2024032501021086,SONA,1,45,200.0,483.0,96600.0,2024-03-25
2024032501021085,SONA,22,45,118.0,483.0,56994.0,2024-03-25
2024032501021084,MHCL,42,38,10.0,424.0,4240.0,2024-03-25
2024032503010171,CBBL,41,26,25.0,845.1,21127.5,2024-03-25
2024032501021083,JALPA,39,35,20.0,1192.0,23840.0,2024-03-25
2024032503010170,PMLI,82,57,10.0,524.9,5249.0,2024-03-25
2024032504007662,NLG,71,41,63.0,774.0,48762.0,2024-03-25
2024032504007661,RIDI,52,42,100.0,184.0,18400.0,2024-03-25
2024032501021082,LSL,42,34,120.0,158.8,19056.0,2024-03-25
2024032503010169,MERO,59,34,100.0,610.0,61000.0,2024-03-25
2024032503010168,GRDBL,3,29,1000.0,364.1,364100.0,2024-03-25
2024032503010167,GRDBL,74,29,390.0,365.0,142350.0,2024-03-25
2024032501021081,SCB,29,38,32.0,521.0,16672.0,2024-03-25
2024032501021080,SCB,29,13,50.0,520.9,26045.0,2024-03-25
2024032501021079,SCB,29,53,10.0,520.9,5209.0,2024-03-25
2024032501021078,SCB,29,7,10.0,520.9,5209.0,2024-03-25
2024032501021077,MHCL,43,25,500.0,423.0,211500.0,2024-03-25
2024032501021076,MHCL,57,25,200.0,423.1,84620.0,2024-03-25
2024032505003882,NRIC,63,35,100.0,729.0,72900.0,2024-03-25
2024032501021075,SNLI,3,34,10.0,607.8,6078.0,2024-03-25
2024032503010166,GUFL,7,62,10.0,860.1,8601.0,2024-03-25
2024032503010165,NICLBSL,50,32,200.0,607.0,121400.0,2024-03-25
2024032501021074,EBL,35,22,25.0,504.0,12600.0,2024-03-25
2024032503010164,ICFC,43,45,350.0,517.0,180950.0,2024-03-25
2024032503010163,ICFC,43,4,100.0,517.0,51700.0,2024-03-25
2024032503010162,GBLBS,59,35,600.0,620.3,372180.0,2024-03-25
2024032503010161,GRDBL,74,26,100.0,365.0,36500.0,2024-03-25
2024032503010160,GRDBL,74,57,10.0,365.0,3650.0,2024-03-25
2024032504007660,SHL,43,16,100.0,435.6,43560.0,2024-03-25
2024032504007659,UPPER,57,57,200.0,175.9,35180.0,2024-03-25
2024032501021073,MKCL,51,57,10.0,935.0,9350.0,2024-03-25
2024032501021072,RAWA,45,29,10.0,463.0,4630.0,2024-03-25
2024032505003881,STC,45,13,20.0,4580.0,91600.0,2024-03-25
2024032501021071,PHCL,45,56,439.0,322.0,141358.0,2024-03-25
2024032501021070,HHL,42,49,50.0,355.0,17750.0,2024-03-25
2024032501021069,HHL,52,49,50.0,355.0,17750.0,2024-03-25
2024032501021068,HHL,45,49,45.0,357.0,16065.0,2024-03-25
2024032501021067,NMB,55,14,314.0,182.5,57305.0,2024-03-25
2024032501021066,NMB,45,14,20.0,182.6,3652.0,2024-03-25
2024032501021065,NMB,57,14,100.0,182.7,18270.0,2024-03-25
2024032501021064,NMB,25,14,166.0,182.7,30328.2,2024-03-25
2024032501021063,HHL,45,90,30.0,357.0,10710.0,2024-03-25
2024032505003880,HRL,57,58,20.0,607.5,12150.0,2024-03-25
2024032501021062,DOLTI,58,70,18.0,391.0,7038.0,2024-03-25
2024032501021061,KDL,47,5,63.0,776.1,48894.3,2024-03-25
2024032501021060,KDL,43,5,20.0,776.1,15522.0,2024-03-25
2024032501021059,KDL,19,5,10.0,776.1,7761.0,2024-03-25
2024032501021058,KDL,53,5,100.0,777.0,77700.0,2024-03-25
2024032501021057,KDL,58,5,100.0,777.0,77700.0,2024-03-25
2024032501021056,KDL,38,5,30.0,777.0,23310.0,2024-03-25
2024032504007658,NHPC,21,44,30.0,153.5,4605.0,2024-03-25
2024032501021055,EBL,17,22,100.0,504.0,50400.0,2024-03-25
2024032505003879,HRL,57,35,10.0,607.5,6075.0,2024-03-25
2024032501021054,SAHAS,64,55,10.0,519.0,5190.0,2024-03-25
2024032501021053,NRM,16,4,110.0,383.9,42229.0,2024-03-25
2024032501021052,AHL,56,77,106.0,427.0,45262.0,2024-03-25
2024032501021051,AHL,45,77,20.0,427.0,8540.0,2024-03-25
2024032501021050,AHL,57,77,100.0,427.2,42720.0,2024-03-25
2024032501021049,AHL,18,77,100.0,428.3,42830.0,2024-03-25
2024032501021048,AHL,57,77,10.0,428.3,4283.0,2024-03-25
2024032501021047,AHL,16,77,40.0,428.4,17136.0,2024-03-25
2024032501021046,AHL,41,77,50.0,430.0,21500.0,2024-03-25
2024032501021045,NIMB,19,42,50.0,161.0,8050.0,2024-03-25
2024032503010159,PROFL,57,46,260.0,320.0,83200.0,2024-03-25
2024032503010158,KMCDB,52,57,35.0,790.0,27650.0,2024-03-25
2024032504007657,JOSHI,36,72,10.0,333.0,3330.0,2024-03-25
2024032504007656,JOSHI,6,72,90.0,335.0,30150.0,2024-03-25
2024032503010157,SAPDBL,38,58,190.0,298.0,56620.0,2024-03-25
2024032504007655,MHNL,4,38,25.0,240.0,6000.0,2024-03-25
2024032501021044,MMKJL,59,42,350.0,412.1,144235.0,2024-03-25
2024032503010156,NICLBSL,50,42,515.0,607.0,312605.0,2024-03-25
2024032504007654,TRH,58,58,10.0,770.0,7700.0,2024-03-25
2024032505003878,NTC,46,83,100.0,847.0,84700.0,2024-03-25
2024032501021043,PHCL,41,56,30.0,322.0,9660.0,2024-03-25
2024032504007653,GHL,52,45,10.0,152.8,1528.0,2024-03-25
2024032503010155,LBBL,25,42,75.0,384.4,28830.0,2024-03-25
2024032505003877,HIDCL,39,36,141.0,170.0,23970.0,2024-03-25
2024032501021042,NBL,21,32,768.0,220.6,169420.8,2024-03-25
2024032503010154,GBBL,49,74,140.0,367.5,51450.0,2024-03-25
2024032503010153,GBBL,47,74,81.0,367.5,29767.5,2024-03-25
2024032501021041,PRVU,57,50,30.0,142.5,4275.0,2024-03-25
2024032501021040,RNLI,35,57,10.0,435.5,4355.0,2024-03-25
2024032503010152,JBBL,55,57,100.0,293.0,29300.0,2024-03-25
2024032501021039,SMJC,42,57,90.0,358.8,32292.0,2024-03-25
2024032505003876,NTC,42,83,50.0,847.0,42350.0,2024-03-25
2024032504007652,SALICO,42,17,20.0,671.0,13420.0,2024-03-25
2024032503010151,GUFL,49,26,178.0,860.0,153080.0,2024-03-25
2024032503010150,GUFL,57,26,22.0,860.1,18922.2,2024-03-25
2024032504007651,NHPC,58,44,10.0,153.5,1535.0,2024-03-25
2024032503010149,SADBL,16,41,25.0,300.0,7500.0,2024-03-25
2024032504007650,API,65,66,1117.0,178.7,199607.9,2024-03-25
2024032504007649,API,17,66,110.0,178.7,19657.0,2024-03-25
2024032504007648,API,45,66,10.0,178.7,1787.0,2024-03-25
2024032504007647,API,6,66,553.0,178.7,98821.1,2024-03-25
2024032504007646,API,45,66,10.0,178.9,1789.0,2024-03-25
2024032504007645,API,45,66,200.0,178.9,35780.0,2024-03-25
2024032504007644,API,58,66,500.0,178.9,89450.0,2024-03-25
2024032503010148,KSBBL,45,29,278.0,355.5,98829.0,2024-03-25
2024032501021038,SONA,22,13,500.0,483.0,241500.0,2024-03-25
2024032501021037,SONA,26,13,500.0,483.1,241550.0,2024-03-25
2024032503010147,GUFL,57,11,18.0,860.1,15481.8,2024-03-25
2024032503010146,GUFL,45,11,252.0,860.1,216745.2,2024-03-25
2024032503010145,KRBL,17,29,30.0,417.0,12510.0,2024-03-25
2024032503010144,GFCL,53,59,50.0,471.0,23550.0,2024-03-25
2024032501021036,TPC,45,53,115.0,495.0,56925.0,2024-03-25
2024032504007643,AKPL,33,62,349.0,178.6,62331.4,2024-03-25
2024032504007642,AKPL,21,62,750.0,178.6,133950.0,2024-03-25
2024032504007641,AKPL,4,62,201.0,178.6,35898.6,2024-03-25
2024032504007640,AKPL,5,62,200.0,178.8,35760.0,2024-03-25
2024032501021035,GCIL,22,89,1389.0,508.1,705750.9,2024-03-25
2024032503010143,NUBL,65,55,180.0,646.0,116280.0,2024-03-25
2024032501021034,SONA,8,36,800.0,484.0,387200.0,2024-03-25
2024032503010142,SAPDBL,51,44,300.0,296.1,88830.0,2024-03-25
2024032503010141,SAPDBL,74,44,700.0,296.1,207270.0,2024-03-25
2024032501021033,PPL,58,19,20.0,434.0,8680.0,2024-03-25
2024032501021032,VLUCL,72,45,10.0,512.0,5120.0,2024-03-25
2024032501021031,KDL,45,32,80.0,778.0,62240.0,2024-03-25
2024032501021030,MEL,6,45,450.0,212.0,95400.0,2024-03-25
2024032501021029,USHEC,38,35,10.0,353.5,3535.0,2024-03-25
2024032503010140,PMLI,82,57,10.0,524.9,5249.0,2024-03-25
2024032501021028,DORDI,14,14,10.0,448.1,4481.0,2024-03-25
2024032505003875,SFMF,58,26,110.0,10.0,1100.0,2024-03-25
2024032504007639,SPDL,21,6,85.0,241.0,20485.0,2024-03-25
2024032504007638,MEN,38,25,40.0,540.1,21604.0,2024-03-25
2024032501021027,GCIL,38,7,43.0,508.2,21852.6,2024-03-25
2024032501021026,GCIL,26,7,39.0,508.2,19819.8,2024-03-25
2024032501021025,PCBL,19,59,110.0,193.0,21230.0,2024-03-25
2024032504007637,UNHPL,80,85,500.0,235.0,117500.0,2024-03-25
2024032501021024,ILI,59,53,10.0,532.3,5323.0,2024-03-25
2024032504007636,HURJA,72,62,70.0,288.1,20167.0,2024-03-25
2024032504007635,HURJA,58,62,55.0,288.2,15851.0,2024-03-25
2024032503010139,ICFC,16,42,72.0,516.0,37152.0,2024-03-25
2024032504007634,HDHPC,57,7,394.0,138.0,54372.0,2024-03-25
2024032504007633,HDHPC,57,58,50.0,138.0,6900.0,2024-03-25
2024032503010138,ALBSL,51,45,140.0,715.1,100114.0,2024-03-25
2024032503010137,ALBSL,62,45,20.0,716.0,14320.0,2024-03-25
2024032503010136,ALBSL,17,45,10.0,716.1,7161.0,2024-03-25
2024032503010135,ALBSL,6,45,20.0,718.0,14360.0,2024-03-25
2024032504007632,RHPL,34,42,160.0,277.0,44320.0,2024-03-25
2024032503010134,SJLIC,26,26,20.0,505.7,10114.0,2024-03-25
2024032501021023,HATHY,13,39,10.0,880.0,8800.0,2024-03-25
2024032501021022,HATHY,58,39,10.0,880.0,8800.0,2024-03-25
2024032501021021,UNLB,47,40,20.0,1500.0,30000.0,2024-03-25
2024032501021020,UNLB,47,3,10.0,1500.0,15000.0,2024-03-25
2024032501021019,MKHC,5,32,20.0,287.6,5752.0,2024-03-25
2024032501021018,MKHC,5,45,10.0,287.0,2870.0,2024-03-25
2024032501021017,MKHC,5,58,10.0,287.0,2870.0,2024-03-25
2024032501021016,MKHC,5,56,10.0,287.0,2870.0,2024-03-25
2024032503010133,PROFL,58,46,15.0,320.0,4800.0,2024-03-25
2024032503010132,NFS,21,58,15.0,392.5,5887.5,2024-03-25
2024032503010131,HLI,85,52,250.0,401.1,100275.0,2024-03-25
2024032501021015,CLI,56,41,10.0,451.0,4510.0,2024-03-25
2024032501021014,CLI,56,45,17.0,451.0,7667.0,2024-03-25
2024032501021013,RFPL,17,21,30.0,400.0,12000.0,2024-03-25
2024032501021012,RFPL,62,21,500.0,400.0,200000.0,2024-03-25
2024032501021011,RFPL,49,21,50.0,400.0,20000.0,2024-03-25
2024032501021010,RFPL,20,21,400.0,400.0,160000.0,2024-03-25
2024032501021009,RFPL,57,21,20.0,401.0,8020.0,2024-03-25
2024032503010130,JSLBB,54,7,20.0,1005.0,20100.0,2024-03-25
2024032503010129,JSLBB,58,7,70.0,1006.0,70420.0,2024-03-25
2024032504007631,BARUN,56,54,430.0,239.0,102770.0,2024-03-25
2024032504007630,BARUN,4,54,50.0,239.9,11995.0,2024-03-25
2024032504007629,BARUN,54,54,20.0,239.9,4798.0,2024-03-25
2024032504007628,UPPER,17,57,25.0,175.9,4397.5,2024-03-25
2024032501021008,SHIVM,8,36,179.0,527.0,94333.0,2024-03-25
2024032501021007,HHL,45,62,25.0,357.0,8925.0,2024-03-25
2024032503010128,KRBL,72,29,200.0,417.0,83400.0,2024-03-25
2024032505003874,STC,42,13,10.0,4580.0,45800.0,2024-03-25
2024032503010127,FOWAD,39,42,10.0,1100.0,11000.0,2024-03-25
2024032503010126,GLBSL,62,49,80.0,1325.0,106000.0,2024-03-25
2024032503010125,GLBSL,20,49,20.0,1325.1,26502.0,2024-03-25
2024032501021006,NICA,49,17,10.0,412.0,4120.0,2024-03-25
2024032501021005,NICA,49,22,40.0,411.9,16476.0,2024-03-25
2024032501021004,SMJC,47,21,205.0,358.1,73410.5,2024-03-25
2024032503010124,NUBL,65,51,100.0,646.0,64600.0,2024-03-25
2024032501021003,GBIME,34,35,20.0,184.0,3680.0,2024-03-25
2024032501021002,SRLI,21,34,490.0,446.0,218540.0,2024-03-25
2024032501021001,SRLI,21,42,10.0,446.0,4460.0,2024-03-25
2024032501021000,HDL,11,39,10.0,1526.9,15269.0,2024-03-25
2024032501020999,HDL,11,58,14.0,1525.0,21350.0,2024-03-25
2024032501020998,CYCL,53,1,13.0,1340.0,17420.0,2024-03-25
2024032504007627,SPIL,63,25,300.0,736.0,220800.0,2024-03-25
2024032504007626,UPPER,36,57,50.0,175.9,8795.0,2024-03-25
2024032501020997,GCIL,26,35,11.0,508.2,5590.2,2024-03-25
2024032501020996,LSL,42,32,123.0,158.8,19532.4,2024-03-25
2024032501020995,LSL,50,32,10.0,158.8,1588.0,2024-03-25
2024032504007625,UMRH,25,16,30.0,346.0,10380.0,2024-03-25
2024032501020994,SHIVM,8,32,200.0,527.0,105400.0,2024-03-25
2024032501020993,SHIVM,8,48,121.0,527.0,63767.0,2024-03-25
2024032501020992,DORDI,45,7,200.0,445.0,89000.0,2024-03-25
2024032503010123,EDBL,42,53,180.0,357.0,64260.0,2024-03-25
2024032503010122,KLBSL,26,56,10.0,918.0,9180.0,2024-03-25
2024032501020991,PCBL,39,33,57.0,193.5,11029.5,2024-03-25
2024032501020990,PCBL,39,54,53.0,193.0,10229.0,2024-03-25
2024032505003873,NIFRA,14,57,100.0,205.9,20590.0,2024-03-25
2024032501020989,SONA,22,41,10.0,483.0,4830.0,2024-03-25
2024032503010121,NMBMF,49,34,200.0,573.0,114600.0,2024-03-25
2024032501020988,SONA,34,36,120.0,484.0,58080.0,2024-03-25
2024032501020987,RFPL,13,19,50.0,403.0,20150.0,2024-03-25
2024032504007624,GHL,25,45,353.0,152.8,53938.4,2024-03-25
2024032504007623,GHL,25,57,1147.0,152.8,175261.6,2024-03-25
2024032501020986,RNLI,42,70,50.0,436.0,21800.0,2024-03-25
2024032501020985,RNLI,47,70,50.0,436.0,21800.0,2024-03-25
2024032503010120,BFC,53,13,70.0,353.5,24745.0,2024-03-25
2024032504007622,API,17,36,140.0,179.0,25060.0,2024-03-25
2024032504007621,API,45,36,10.0,179.0,1790.0,2024-03-25
2024032504007620,API,42,36,10.0,179.0,1790.0,2024-03-25
2024032504007619,API,45,36,10.0,179.1,1791.0,2024-03-25
2024032504007618,API,16,36,150.0,179.9,26985.0,2024-03-25
2024032504007617,API,8,36,40.0,179.9,7196.0,2024-03-25
2024032503010119,KRBL,36,29,200.0,417.0,83400.0,2024-03-25
2024032503010118,USLB,62,14,10.0,1720.0,17200.0,2024-03-25
2024032501020984,MEHL,32,33,100.0,284.0,28400.0,2024-03-25
2024032501020983,DLBS,28,49,10.0,1300.0,13000.0,2024-03-25
2024032504007616,JOSHI,6,72,100.0,335.0,33500.0,2024-03-25
2024032504007615,UPCL,1,45,383.0,209.0,80047.0,2024-03-25
2024032504007614,UPCL,5,45,20.0,209.0,4180.0,2024-03-25
2024032504007613,UPCL,14,45,100.0,209.0,20900.0,2024-03-25
2024032504007612,UPCL,59,45,200.0,209.0,41800.0,2024-03-25
2024032504007611,UPCL,74,45,160.0,209.1,33456.0,2024-03-25
2024032504007610,UPCL,6,45,337.0,209.2,70500.4,2024-03-25
2024032501020982,MANDU,34,49,10.0,677.2,6772.0,2024-03-25
2024032503010117,BFC,3,14,310.0,352.0,109120.0,2024-03-25
2024032501020981,ADBL,52,52,501.0,233.5,116983.5,2024-03-25
2024032501020980,RNLI,47,52,10.0,436.0,4360.0,2024-03-25
2024032504007609,HEI,34,45,10.0,588.9,5889.0,2024-03-25
2024032501020979,PHCL,22,56,131.0,322.0,42182.0,2024-03-25
2024032505003872,STC,45,21,19.0,4570.0,86830.0,2024-03-25
2024032501020978,USHL,11,5,20.0,470.0,9400.0,2024-03-25
2024032501020977,USHL,11,35,10.0,470.0,4700.0,2024-03-25
2024032504007608,SICL,58,33,261.0,702.0,183222.0,2024-03-25
2024032504007607,SICL,13,33,10.0,702.1,7021.0,2024-03-25
2024032504007606,SICL,45,33,50.0,702.1,35105.0,2024-03-25
2024032501020976,DORDI,45,64,22.0,444.8,9785.6,2024-03-25
2024032501020975,MEL,6,42,60.0,212.0,12720.0,2024-03-25
2024032503010116,MPFL,53,29,130.0,374.0,48620.0,2024-03-25
2024032503010115,MPFL,53,35,220.0,373.9,82258.0,2024-03-25
2024032503010114,MPFL,53,49,135.0,373.0,50355.0,2024-03-25
2024032503010113,MPFL,53,57,255.0,373.0,95115.0,2024-03-25
2024032503010112,MPFL,53,55,100.0,373.0,37300.0,2024-03-25
2024032503010111,MPFL,53,13,60.0,373.0,22380.0,2024-03-25
2024032503010110,NMBMF,49,43,28.0,573.0,16044.0,2024-03-25
2024032503010109,PFL,35,45,30.0,403.0,12090.0,2024-03-25
2024032501020974,JALPA,42,35,19.0,1195.0,22705.0,2024-03-25
2024032501020973,JALPA,49,35,34.0,1195.0,40630.0,2024-03-25
2024032501020972,SONA,55,36,20.0,484.0,9680.0,2024-03-25
2024032501020971,PRVU,11,16,26.0,142.0,3692.0,2024-03-25
2024032501020970,PRVU,35,16,100.0,142.0,14200.0,2024-03-25
2024032501020969,PRVU,52,16,50.0,142.0,7100.0,2024-03-25
2024032501020968,PRVU,40,16,500.0,142.0,71000.0,2024-03-25
2024032501020967,PRVU,42,16,100.0,142.0,14200.0,2024-03-25
2024032501020966,PRVU,45,16,181.0,142.0,25702.0,2024-03-25
2024032501020965,PRVU,62,16,162.0,142.4,23068.8,2024-03-25
2024032504007605,SHL,43,16,100.0,435.7,43570.0,2024-03-25
2024032501020964,GCIL,57,89,50.0,510.0,25500.0,2024-03-25
2024032505003871,STC,42,13,25.0,4580.0,114500.0,2024-03-25
2024032505003870,HRL,57,45,125.0,607.5,75937.5,2024-03-25
2024032501020963,NICA,49,22,10.0,411.9,4119.0,2024-03-25
2024032501020962,HHL,58,47,45.0,357.9,16105.5,2024-03-25
2024032501020961,HHL,65,47,465.0,357.9,166423.5,2024-03-25
2024032501020960,SONA,5,36,100.0,484.0,48400.0,2024-03-25
2024032503010108,MNBBL,4,34,29.0,354.0,10266.0,2024-03-25
2024032503010107,MNBBL,16,34,11.0,354.0,3894.0,2024-03-25
2024032503010106,MNBBL,53,34,29.0,354.0,10266.0,2024-03-25
2024032503010105,MNBBL,17,34,50.0,354.0,17700.0,2024-03-25
2024032503010104,MNBBL,44,34,15.0,354.0,5310.0,2024-03-25
2024032503010103,MNBBL,19,34,10.0,354.0,3540.0,2024-03-25
2024032503010102,MNBBL,33,34,100.0,354.2,35420.0,2024-03-25
2024032503010101,MNBBL,45,34,60.0,354.3,21258.0,2024-03-25
2024032503010100,MNBBL,32,34,49.0,354.3,17360.7,2024-03-25
2024032503010099,GBBL,34,1,68.0,367.7,25003.6,2024-03-25
2024032503010098,NLIC,22,32,51.0,601.0,30651.0,2024-03-25
2024032501020959,NMB,25,21,34.0,182.7,6211.8,2024-03-25
2024032505003869,HRL,57,48,27.0,607.5,16402.5,2024-03-25
2024032505003868,HRL,57,48,500.0,607.5,303750.0,2024-03-25
2024032505003867,HRL,42,48,25.0,607.5,15187.5,2024-03-25
2024032505003866,HRL,54,48,100.0,607.5,60750.0,2024-03-25
2024032505003865,HRL,6,48,20.0,607.5,12150.0,2024-03-25
2024032504007604,BARUN,54,54,200.0,239.9,47980.0,2024-03-25
2024032501020958,MBJC,64,85,448.0,310.0,138880.0,2024-03-25
2024032501020957,MBJC,64,25,100.0,310.0,31000.0,2024-03-25
