transaction,symbol,buyer,seller,quantity,rate,amount,date
2024060205005103,NRIC,58,43,20.0,669.0,13380.0,2024-06-02
2024060205005102,NRIC,58,16,20.0,667.0,13340.0,2024-06-02
2024060201034665,USHEC,58,13,90.0,430.0,38700.0,2024-06-02
2024060201034664,USHEC,58,53,190.0,429.9,81681.0,2024-06-02
2024060201034663,USHEC,58,55,10.0,429.8,4298.0,2024-06-02
2024060201034662,USHEC,58,45,20.0,429.0,8580.0,2024-06-02
2024060201034661,USHEC,58,21,200.0,429.0,85800.0,2024-06-02
2024060201034660,USHEC,58,59,90.0,428.9,38601.0,2024-06-02
2024060205005101,NRN,58,81,100.0,582.0,58200.0,2024-06-02
2024060203016802,CBBL,49,5,12.0,839.0,10068.0,2024-06-02
2024060201034659,MHCL,42,49,10.0,389.0,3890.0,2024-06-02
2024060201034658,NMB,28,49,1130.0,201.0,227130.0,2024-06-02
2024060201034657,NMB,28,49,20.0,201.2,4024.0,2024-06-02
2024060201034656,NMB,33,49,30.0,201.4,6042.0,2024-06-02
2024060204009084,SHEL,8,38,50.0,158.7,7935.0,2024-06-02
2024060204009083,KKHC,21,34,250.0,220.9,55225.0,2024-06-02
2024060201034655,UHEWA,21,34,10.0,400.0,4000.0,2024-06-02
2024060201034654,MANDU,81,4,27.0,850.1,22952.7,2024-06-02
2024060201034653,MANDU,58,4,200.0,851.0,170200.0,2024-06-02
2024060201034652,MANDU,19,4,100.0,851.1,85110.0,2024-06-02
2024060201034651,MANDU,44,4,90.0,851.1,76599.0,2024-06-02
2024060201034650,MANDU,26,4,100.0,851.2,85120.0,2024-06-02
2024060201034649,MANDU,35,4,30.0,852.0,25560.0,2024-06-02
2024060201034648,MANDU,19,4,30.0,853.0,25590.0,2024-06-02
2024060203016801,SABSL,88,34,100.0,944.0,94400.0,2024-06-02
2024060203016800,PROFL,34,52,30.0,350.1,10503.0,2024-06-02
2024060201034647,ULHC,56,39,11.0,429.0,4719.0,2024-06-02
2024060203016799,NADEP,34,52,16.0,775.0,12400.0,2024-06-02
2024060203016798,NADEP,34,52,24.0,772.0,18528.0,2024-06-02
2024060205005100,BBC,34,22,20.0,3889.0,77780.0,2024-06-02
2024060205005099,BBC,34,7,20.0,3889.0,77780.0,2024-06-02
2024060205005098,BBC,34,51,13.0,3888.0,50544.0,2024-06-02
2024060205005097,BBC,34,7,15.0,3887.0,58305.0,2024-06-02
2024060203016797,JFL,71,42,10.0,569.9,5699.0,2024-06-02
2024060203016796,PFL,72,1,10.0,655.0,6550.0,2024-06-02
2024060203016795,DDBL,41,39,20.0,720.0,14400.0,2024-06-02
2024060203016794,MNBBL,41,58,50.0,346.0,17300.0,2024-06-02
2024060204009082,HPPL,19,72,60.0,257.0,15420.0,2024-06-02
2024060204009081,HPPL,19,72,40.0,256.0,10240.0,2024-06-02
2024060201034646,ULHC,17,39,11.0,429.0,4719.0,2024-06-02
2024060201034645,VLUCL,48,57,100.0,510.0,51000.0,2024-06-02
2024060204009080,UMRH,35,43,35.0,370.0,12950.0,2024-06-02
2024060204009079,UMRH,35,35,15.0,370.0,5550.0,2024-06-02
2024060201034644,ULHC,77,39,10.0,429.0,4290.0,2024-06-02
2024060204009078,AKPL,50,16,1000.0,166.1,166100.0,2024-06-02
2024060201034643,ILI,6,36,10.0,436.1,4361.0,2024-06-02
2024060205005096,HRL,55,36,57.0,580.0,33060.0,2024-06-02
2024060203016793,FMDBL,62,8,50.0,705.0,35250.0,2024-06-02
2024060203016792,FMDBL,62,8,50.0,705.0,35250.0,2024-06-02
2024060201034642,ULHC,62,39,20.0,429.0,8580.0,2024-06-02
2024060204009077,RHPL,39,45,60.0,272.0,16320.0,2024-06-02
2024060201034641,MKHC,5,45,10.0,335.0,3350.0,2024-06-02
2024060201034640,TSHL,44,55,240.0,515.0,123600.0,2024-06-02
2024060205005095,NRN,50,81,10.0,582.0,5820.0,2024-06-02
2024060204009076,UPCL,22,39,10.0,193.0,1930.0,2024-06-02
2024060203016791,PFL,22,1,2225.0,655.0,1457375.0,2024-06-02
2024060203016790,PFL,22,38,50.0,654.9,32745.0,2024-06-02
2024060203016789,PFL,22,91,40.0,654.9,26196.0,2024-06-02
2024060203016788,PFL,22,17,585.0,654.9,383116.5,2024-06-02
2024060203016787,JFL,41,45,1000.0,569.8,569800.0,2024-06-02
2024060201034639,SIKLES,14,49,10.0,558.0,5580.0,2024-06-02
2024060201034638,NWCL,21,49,10.0,820.0,8200.0,2024-06-02
2024060201034637,MKHL,21,22,35.0,469.9,16446.5,2024-06-02
2024060201034636,MKHL,21,57,10.0,469.0,4690.0,2024-06-02
2024060201034635,MKHL,21,49,15.0,469.0,7035.0,2024-06-02
2024060201034634,KBL,48,25,49.0,142.9,7002.1,2024-06-02
2024060201034633,KBL,48,51,271.0,142.0,38482.0,2024-06-02
2024060203016786,RLFL,4,89,49.0,409.0,20041.0,2024-06-02
2024060203016785,RLFL,4,54,89.0,408.9,36392.1,2024-06-02
2024060203016784,RLFL,4,38,90.0,408.0,36720.0,2024-06-02
2024060203016783,RLFL,4,22,50.0,408.0,20400.0,2024-06-02
2024060203016782,RLFL,4,14,150.0,408.0,61200.0,2024-06-02
2024060203016781,RLFL,4,65,72.0,407.0,29304.0,2024-06-02
2024060203016780,PFL,4,17,300.0,654.9,196470.0,2024-06-02
2024060203016779,NABBC,88,51,10.0,577.0,5770.0,2024-06-02
2024060204009075,SHEL,75,38,10.0,158.7,1587.0,2024-06-02
2024060203016778,JBBL,52,6,20.0,292.0,5840.0,2024-06-02
2024060203016777,SLBBL,74,56,80.0,730.0,58400.0,2024-06-02
2024060203016776,SLBBL,38,56,50.0,730.0,36500.0,2024-06-02
2024060201034632,GVL,66,49,100.0,485.0,48500.0,2024-06-02
2024060201034631,GVL,66,36,10.0,485.0,4850.0,2024-06-02
2024060201034630,GVL,66,45,300.0,485.0,145500.0,2024-06-02
2024060201034629,GVL,66,39,465.0,485.0,225525.0,2024-06-02
2024060201034628,GVL,66,39,10.0,485.0,4850.0,2024-06-02
2024060201034627,MKCL,28,34,50.0,981.2,49060.0,2024-06-02
2024060203016775,WNLB,34,53,10.0,1369.0,13690.0,2024-06-02
2024060201034626,JALPA,42,34,39.0,1385.0,54015.0,2024-06-02
2024060201034625,JALPA,58,34,11.0,1385.0,15235.0,2024-06-02
2024060201034624,CYCL,34,83,10.0,1432.0,14320.0,2024-06-02
2024060201034623,VLUCL,34,48,10.0,513.9,5139.0,2024-06-02
2024060203016774,SDLBSL,34,63,17.0,918.0,15606.0,2024-06-02
2024060203016773,MSLB,71,57,10.0,1233.0,12330.0,2024-06-02
2024060201034622,SARBTM,58,34,50.0,835.0,41750.0,2024-06-02
2024060204009074,HEI,62,58,53.0,601.0,31853.0,2024-06-02
2024060204009073,UMRH,58,35,10.0,370.0,3700.0,2024-06-02
2024060203016772,PFL,41,58,100.0,653.0,65300.0,2024-06-02
2024060203016771,PFL,44,17,10.0,654.9,6549.0,2024-06-02
2024060201034621,BGWT,65,45,300.0,880.6,264180.0,2024-06-02
2024060201034620,BGWT,65,52,10.0,880.5,8805.0,2024-06-02
2024060201034619,BGWT,65,21,20.0,880.0,17600.0,2024-06-02
2024060201034618,BGWT,65,58,400.0,880.0,352000.0,2024-06-02
2024060201034617,BGWT,65,25,100.0,880.0,88000.0,2024-06-02
2024060201034616,BGWT,65,45,50.0,880.0,44000.0,2024-06-02
2024060201034615,BGWT,65,18,200.0,880.0,176000.0,2024-06-02
2024060201034614,BGWT,65,57,50.0,880.0,44000.0,2024-06-02
2024060201034613,BGWT,65,35,500.0,880.0,440000.0,2024-06-02
2024060201034612,BGWT,65,49,160.0,880.0,140800.0,2024-06-02
2024060201034611,BGWT,65,45,200.0,874.0,174800.0,2024-06-02
2024060201034610,BGWT,65,35,10.0,870.0,8700.0,2024-06-02
2024060203016770,MDB,58,29,10.0,479.9,4799.0,2024-06-02
2024060203016769,ILBS,44,75,10.0,1289.0,12890.0,2024-06-02
2024060201034609,IHL,6,17,10.0,415.0,4150.0,2024-06-02
2024060201034608,IHL,6,3,10.0,415.0,4150.0,2024-06-02
2024060201034607,IHL,6,42,10.0,414.0,4140.0,2024-06-02
2024060201034606,IHL,6,8,70.0,414.0,28980.0,2024-06-02
2024060201034605,IHL,4,29,500.0,412.3,206150.0,2024-06-02
2024060201034604,BEDC,17,48,10.0,413.0,4130.0,2024-06-02
2024060203016768,JFL,41,86,1000.0,569.8,569800.0,2024-06-02
2024060201034603,ULHC,43,39,10.0,429.0,4290.0,2024-06-02
2024060201034602,SMJC,84,74,421.0,395.0,166295.0,2024-06-02
2024060201034601,SMJC,84,26,10.0,395.0,3950.0,2024-06-02
2024060201034600,SMJC,84,22,10.0,395.0,3950.0,2024-06-02
2024060201034599,SMJC,84,58,25.0,395.0,9875.0,2024-06-02
2024060201034598,SMJC,84,72,34.0,394.0,13396.0,2024-06-02
2024060204009072,SPDL,43,36,10.0,234.0,2340.0,2024-06-02
2024060201034597,ULHC,59,39,240.0,429.0,102960.0,2024-06-02
2024060201034596,ULHC,59,43,50.0,429.0,21450.0,2024-06-02
2024060201034595,ULHC,59,48,10.0,429.0,4290.0,2024-06-02
2024060201034594,ULHC,59,11,10.0,429.0,4290.0,2024-06-02
2024060201034593,ULHC,59,4,140.0,429.0,60060.0,2024-06-02
2024060201034592,ULHC,59,7,50.0,428.9,21445.0,2024-06-02
2024060201034591,ADBL,28,14,415.0,265.0,109975.0,2024-06-02
2024060201034590,ADBL,28,62,25.0,265.0,6625.0,2024-06-02
2024060201034589,ADBL,28,46,10.0,264.9,2649.0,2024-06-02
2024060201034588,ADBL,28,45,50.0,264.9,13245.0,2024-06-02
2024060201034587,MCHL,41,57,245.0,414.0,101430.0,2024-06-02
2024060203016767,GFCL,35,42,810.0,464.9,376569.0,2024-06-02
2024060204009071,KPCL,67,40,998.0,459.0,458082.0,2024-06-02
2024060204009070,KPCL,67,34,231.0,459.0,106029.0,2024-06-02
2024060204009069,KPCL,67,38,500.0,459.0,229500.0,2024-06-02
2024060204009068,KPCL,67,35,14.0,459.0,6426.0,2024-06-02
2024060204009067,KPCL,67,50,3500.0,459.0,1606500.0,2024-06-02
2024060204009066,KPCL,67,43,200.0,459.0,91800.0,2024-06-02
2024060204009065,KPCL,67,29,401.0,459.0,184059.0,2024-06-02
2024060204009064,KPCL,67,67,20.0,458.0,9160.0,2024-06-02
2024060204009063,KPCL,67,46,50.0,458.0,22900.0,2024-06-02
2024060204009062,KPCL,67,48,92.0,458.0,42136.0,2024-06-02
2024060204009061,KPCL,67,50,200.0,457.9,91580.0,2024-06-02
2024060204009060,KPCL,67,19,20.0,457.9,9158.0,2024-06-02
2024060204009059,KPCL,67,34,124.0,457.9,56779.6,2024-06-02
2024060204009058,KPCL,67,58,50.0,457.6,22880.0,2024-06-02
2024060204009057,KPCL,67,50,100.0,457.6,45760.0,2024-06-02
2024060204009056,KPCL,67,50,500.0,457.0,228500.0,2024-06-02
2024060203016766,NFS,41,69,1000.0,600.0,600000.0,2024-06-02
2024060203016765,SLBSL,16,57,11.0,1193.0,13123.0,2024-06-02
2024060203016764,SLBSL,16,11,10.0,1193.0,11930.0,2024-06-02
2024060203016763,SLBSL,16,43,44.0,1192.0,52448.0,2024-06-02
2024060203016762,SLBSL,16,56,20.0,1192.0,23840.0,2024-06-02
2024060203016761,SLBSL,16,25,25.0,1180.0,29500.0,2024-06-02
2024060203016760,SLBSL,16,48,10.0,1178.0,11780.0,2024-06-02
2024060203016759,SLBSL,16,14,10.0,1170.0,11700.0,2024-06-02
2024060203016758,SLBSL,16,38,20.0,1169.0,23380.0,2024-06-02
2024060201034586,MKLB,36,38,10.0,1062.9,10629.0,2024-06-02
2024060203016757,FMDBL,62,8,18.0,705.0,12690.0,2024-06-02
2024060203016756,FMDBL,62,7,32.0,704.9,22556.8,2024-06-02
2024060203016755,FMDBL,62,7,50.0,704.9,35245.0,2024-06-02
2024060201034585,RNLI,45,36,11.0,429.0,4719.0,2024-06-02
2024060203016754,SIFC,26,57,10.0,436.0,4360.0,2024-06-02
2024060201034584,SONA,26,36,40.0,445.3,17812.0,2024-06-02
2024060201034583,CLI,26,35,10.0,471.0,4710.0,2024-06-02
2024060204009055,AHPC,38,26,205.0,157.0,32185.0,2024-06-02
2024060204009054,AHPC,48,26,100.0,157.0,15700.0,2024-06-02
2024060204009053,AHPC,4,26,10.0,157.0,1570.0,2024-06-02
2024060204009052,AHPC,4,26,20.0,157.0,3140.0,2024-06-02
2024060204009051,AHPC,45,26,500.0,157.0,78500.0,2024-06-02
2024060204009050,AHPC,20,26,30.0,157.0,4710.0,2024-06-02
2024060204009049,AHPC,37,26,135.0,157.0,21195.0,2024-06-02
2024060203016753,RSDC,17,55,102.0,671.0,68442.0,2024-06-02
2024060203016752,RSDC,41,55,138.0,671.0,92598.0,2024-06-02
2024060204009048,NGPL,28,37,613.0,308.1,188865.3,2024-06-02
2024060204009047,NGPL,58,37,200.0,308.1,61620.0,2024-06-02
2024060204009046,NGPL,45,37,20.0,308.2,6164.0,2024-06-02
2024060204009045,NGPL,33,37,167.0,308.2,51469.4,2024-06-02
2024060201034582,SBL,50,56,25.0,254.0,6350.0,2024-06-02
2024060205005094,NIFRA,1,26,10.0,199.0,1990.0,2024-06-02
2024060201034581,MBL,22,22,10.0,173.9,1739.0,2024-06-02
2024060201034580,SONA,38,36,100.0,445.3,44530.0,2024-06-02
2024060205005093,NIFRA,42,26,10.0,199.0,1990.0,2024-06-02
2024060204009044,RURU,14,45,109.0,625.0,68125.0,2024-06-02
2024060204009043,RURU,21,45,16.0,625.1,10001.6,2024-06-02
2024060204009042,RURU,29,45,296.0,625.1,185029.6,2024-06-02
2024060204009041,RURU,14,45,179.0,630.0,112770.0,2024-06-02
2024060204009040,RIDI,42,16,10.0,171.0,1710.0,2024-06-02
2024060203016751,CFCL,64,42,400.0,410.0,164000.0,2024-06-02
2024060204009039,SHEL,48,38,10.0,158.7,1587.0,2024-06-02
2024060205005092,CHDC,58,48,320.0,891.0,285120.0,2024-06-02
2024060204009038,NHPC,4,45,160.0,146.0,23360.0,2024-06-02
2024060204009037,NHPC,4,38,40.0,145.9,5836.0,2024-06-02
2024060204009036,GLH,52,1,20.0,201.0,4020.0,2024-06-02
2024060201034579,KDL,71,44,10.0,1255.0,12550.0,2024-06-02
2024060201034578,SPC,60,45,10.0,529.0,5290.0,2024-06-02
2024060204009035,RURU,60,58,112.0,630.4,70604.8,2024-06-02
2024060201034577,MBL,34,22,20.0,173.9,3478.0,2024-06-02
2024060201034576,GVL,66,6,55.0,480.0,26400.0,2024-06-02
2024060201034575,GVL,36,6,30.0,480.1,14403.0,2024-06-02
2024060201034574,GVL,8,6,50.0,483.0,24150.0,2024-06-02
2024060201034573,GVL,66,6,75.0,484.9,36367.5,2024-06-02
2024060204009034,UPPER,13,34,200.0,162.5,32500.0,2024-06-02
2024060204009033,SHEL,49,91,610.0,158.1,96441.0,2024-06-02
2024060203016750,GUFL,74,41,10.0,669.5,6695.0,2024-06-02
2024060203016749,MDB,51,29,10.0,479.9,4799.0,2024-06-02
2024060203016748,PFL,41,43,1550.0,653.0,1012150.0,2024-06-02
2024060203016747,NABBC,45,59,10.0,575.5,5755.0,2024-06-02
2024060203016746,SHINE,51,57,75.0,390.3,29272.5,2024-06-02
2024060201034572,UHEWA,57,34,55.0,400.0,22000.0,2024-06-02
2024060201034571,RAWA,36,58,10.0,519.9,5199.0,2024-06-02
2024060201034570,UHEWA,32,34,10.0,400.0,4000.0,2024-06-02
2024060201034569,UHEWA,32,32,10.0,399.9,3999.0,2024-06-02
2024060203016745,HLBSL,96,25,160.0,1197.2,191552.0,2024-06-02
2024060203016744,HLBSL,96,25,40.0,1197.2,47888.0,2024-06-02
2024060203016743,HLBSL,96,55,100.0,1197.2,119720.0,2024-06-02
2024060203016742,FMDBL,58,7,218.0,704.9,153668.2,2024-06-02
2024060203016741,FMDBL,58,60,300.0,704.9,211470.0,2024-06-02
2024060203016740,FMDBL,58,35,100.0,704.0,70400.0,2024-06-02
2024060203016739,FMDBL,58,22,570.0,704.0,401280.0,2024-06-02
2024060203016738,FMDBL,58,45,200.0,704.0,140800.0,2024-06-02
2024060203016737,FMDBL,58,44,250.0,703.9,175975.0,2024-06-02
2024060203016736,FMDBL,58,46,192.0,703.0,134976.0,2024-06-02
2024060203016735,FMDBL,58,36,100.0,702.0,70200.0,2024-06-02
2024060203016734,FMDBL,58,35,50.0,700.0,35000.0,2024-06-02
2024060203016733,FMDBL,58,1,20.0,698.0,13960.0,2024-06-02
2024060201034568,HDL,1,53,40.0,1303.0,52120.0,2024-06-02
2024060201034567,JBLB,38,45,10.0,1307.0,13070.0,2024-06-02
2024060201034566,JBLB,14,45,140.0,1307.0,182980.0,2024-06-02
2024060201034565,JBLB,53,45,10.0,1307.0,13070.0,2024-06-02
2024060201034564,JBLB,42,45,13.0,1307.0,16991.0,2024-06-02
2024060203016732,SIFC,6,42,400.0,435.0,174000.0,2024-06-02
2024060201034563,UNLB,21,43,10.0,1939.0,19390.0,2024-06-02
2024060201034562,JBLB,42,21,57.0,1307.0,74499.0,2024-06-02
2024060201034561,JBLB,52,21,47.0,1307.0,61429.0,2024-06-02
2024060204009032,IGI,40,89,1000.0,532.0,532000.0,2024-06-02
2024060203016731,NABBC,45,52,500.0,575.5,287750.0,2024-06-02
2024060204009031,UPPER,13,34,10.0,162.5,1625.0,2024-06-02
2024060203016730,PROFL,34,13,200.0,350.1,70020.0,2024-06-02
2024060201034560,MCHL,41,38,25.0,414.0,10350.0,2024-06-02
2024060201034559,MCHL,41,45,20.0,413.0,8260.0,2024-06-02
2024060203016729,NLIC,29,8,150.0,616.5,92475.0,2024-06-02
2024060203016728,CBBL,33,57,24.0,836.6,20078.4,2024-06-02
2024060203016727,CBBL,58,57,60.0,836.9,50214.0,2024-06-02
2024060204009030,HURJA,13,19,100.0,280.0,28000.0,2024-06-02
2024060203016726,MSLB,18,59,100.0,1214.0,121400.0,2024-06-02
2024060203016725,ALBSL,11,65,10.0,942.9,9429.0,2024-06-02
2024060203016724,KMCDB,62,88,44.0,1044.0,45936.0,2024-06-02
2024060203016723,KMCDB,62,40,100.0,1044.0,104400.0,2024-06-02
2024060203016722,KMCDB,62,35,14.0,1042.0,14588.0,2024-06-02
2024060203016721,KMCDB,62,29,50.0,1040.0,52000.0,2024-06-02
2024060203016720,KMCDB,62,54,20.0,1040.0,20800.0,2024-06-02
2024060203016719,KMCDB,62,45,100.0,1030.0,103000.0,2024-06-02
2024060203016718,KMCDB,62,65,260.0,1030.0,267800.0,2024-06-02
2024060203016717,KMCDB,62,13,12.0,1029.9,12358.8,2024-06-02
2024060203016716,KMCDB,62,21,50.0,1027.0,51350.0,2024-06-02
2024060201034558,NABIL,25,42,50.0,490.0,24500.0,2024-06-02
2024060201034557,ULHC,35,55,50.0,427.0,21350.0,2024-06-02
2024060201034556,MAKAR,88,5,114.0,410.3,46774.2,2024-06-02
2024060201034555,MAKAR,38,5,50.0,410.3,20515.0,2024-06-02
2024060201034554,MAKAR,1,5,136.0,410.3,55800.8,2024-06-02
2024060204009029,CGH,43,38,85.0,845.0,71825.0,2024-06-02
2024060204009028,CGH,57,38,65.0,845.1,54931.5,2024-06-02
2024060205005091,NRIC,42,16,10.0,667.0,6670.0,2024-06-02
2024060201034553,MBL,42,22,10.0,173.9,1739.0,2024-06-02
2024060201034552,JBLB,52,49,10.0,1307.0,13070.0,2024-06-02
2024060201034551,GVL,66,39,430.0,485.0,208550.0,2024-06-02
2024060201034550,GVL,66,57,1000.0,485.0,485000.0,2024-06-02
2024060201034549,GVL,66,41,100.0,485.0,48500.0,2024-06-02
2024060201034548,GVL,66,58,10.0,485.0,4850.0,2024-06-02
2024060201034547,GVL,66,17,10.0,485.0,4850.0,2024-06-02
2024060201034546,GVL,66,58,10.0,485.0,4850.0,2024-06-02
2024060201034545,GVL,66,44,10.0,485.0,4850.0,2024-06-02
2024060201034544,GVL,66,32,10.0,485.0,4850.0,2024-06-02
2024060201034543,GVL,66,49,10.0,485.0,4850.0,2024-06-02
2024060201034542,GVL,66,49,10.0,485.0,4850.0,2024-06-02
2024060201034541,GVL,66,57,10.0,485.0,4850.0,2024-06-02
2024060201034540,GVL,66,58,10.0,485.0,4850.0,2024-06-02
2024060201034539,GVL,66,4,200.0,485.0,97000.0,2024-06-02
2024060201034538,GVL,66,58,30.0,485.0,14550.0,2024-06-02
2024060201034537,GVL,66,22,30.0,485.0,14550.0,2024-06-02
2024060201034536,GVL,66,7,10.0,485.0,4850.0,2024-06-02
2024060201034535,GVL,66,19,10.0,485.0,4850.0,2024-06-02
2024060201034534,GVL,66,57,50.0,485.0,24250.0,2024-06-02
2024060201034533,GVL,66,53,50.0,485.0,24250.0,2024-06-02
2024060203016715,SADBL,56,57,10.0,317.0,3170.0,2024-06-02
2024060203016714,JBBL,34,6,10.0,292.0,2920.0,2024-06-02
2024060204009027,UPPER,16,65,100.0,162.0,16200.0,2024-06-02
2024060203016713,PFL,41,34,1390.0,653.0,907670.0,2024-06-02
2024060203016712,PFL,6,34,100.0,654.0,65400.0,2024-06-02
2024060203016711,PFL,88,34,10.0,654.0,6540.0,2024-06-02
2024060204009026,SSHL,17,35,10.0,161.0,1610.0,2024-06-02
2024060201034532,NIMB,95,13,500.0,161.9,80950.0,2024-06-02
2024060201034531,IHL,4,43,397.0,412.3,163683.1,2024-06-02
2024060201034530,IHL,45,43,30.0,412.4,12372.0,2024-06-02
2024060201034529,IHL,44,43,73.0,412.5,30112.5,2024-06-02
2024060203016710,GBLBS,33,14,17.0,754.0,12818.0,2024-06-02
2024060203016709,GBLBS,33,17,30.0,753.9,22617.0,2024-06-02
2024060203016708,GBLBS,33,39,53.0,752.0,39856.0,2024-06-02
2024060201034528,BHPL,35,28,400.0,550.0,220000.0,2024-06-02
2024060201034527,BHPL,35,45,100.0,549.0,54900.0,2024-06-02
2024060201034526,BHPL,35,25,200.0,549.0,109800.0,2024-06-02
2024060203016707,JBBL,29,35,1000.0,291.0,291000.0,2024-06-02
2024060201034525,USHL,62,35,50.0,510.0,25500.0,2024-06-02
2024060203016706,EDBL,36,33,10.0,380.0,3800.0,2024-06-02
2024060203016705,EDBL,36,35,150.0,379.0,56850.0,2024-06-02
2024060204009025,AHPC,37,32,1160.0,157.0,182120.0,2024-06-02
2024060204009024,KPCL,50,42,256.0,457.0,116992.0,2024-06-02
2024060204009023,KPCL,50,94,500.0,457.0,228500.0,2024-06-02
2024060204009022,KPCL,50,6,14.0,456.0,6384.0,2024-06-02
2024060204009021,KPCL,50,40,200.0,456.0,91200.0,2024-06-02
2024060204009020,KPCL,50,45,200.0,455.9,91180.0,2024-06-02
2024060204009019,KPCL,50,19,12.0,455.0,5460.0,2024-06-02
2024060204009018,KPCL,50,52,100.0,455.0,45500.0,2024-06-02
2024060204009017,KPCL,50,22,14.0,455.0,6370.0,2024-06-02
2024060204009016,KPCL,50,62,82.0,455.0,37310.0,2024-06-02
2024060204009015,KPCL,50,90,188.0,455.0,85540.0,2024-06-02
2024060204009014,KPCL,50,49,500.0,455.0,227500.0,2024-06-02
2024060204009013,KPCL,50,34,1259.0,454.9,572719.1,2024-06-02
2024060204009012,KPCL,50,5,60.0,453.0,27180.0,2024-06-02
2024060201034524,DOLTI,5,34,79.0,435.0,34365.0,2024-06-02
2024060201034523,DOLTI,5,42,20.0,434.0,8680.0,2024-06-02
2024060201034522,DOLTI,5,4,101.0,433.0,43733.0,2024-06-02
2024060203016704,NFS,41,14,200.0,600.0,120000.0,2024-06-02
2024060203016703,GUFL,14,47,290.0,670.0,194300.0,2024-06-02
2024060203016702,CFCL,38,34,10.0,412.0,4120.0,2024-06-02
2024060204009011,SPDL,46,36,10.0,234.0,2340.0,2024-06-02
2024060204009010,SHPC,33,47,69.0,330.1,22776.9,2024-06-02
2024060201034521,SHIVM,49,8,20.0,499.5,9990.0,2024-06-02
2024060201034520,SHIVM,49,38,150.0,499.4,74910.0,2024-06-02
2024060201034519,SHIVM,49,5,80.0,499.0,39920.0,2024-06-02
2024060201034518,VLUCL,48,49,10.0,510.0,5100.0,2024-06-02
2024060203016701,SAPDBL,49,39,190.0,325.4,61826.0,2024-06-02
2024060203016700,NABBC,48,51,10.0,577.0,5770.0,2024-06-02
2024060201034517,VLUCL,48,48,339.0,513.9,174212.1,2024-06-02
2024060201034516,VLUCL,48,94,50.0,513.0,25650.0,2024-06-02
2024060201034515,VLUCL,48,58,80.0,513.0,41040.0,2024-06-02
2024060201034514,VLUCL,48,42,71.0,513.0,36423.0,2024-06-02
2024060201034513,VLUCL,48,16,10.0,513.0,5130.0,2024-06-02
2024060201034512,VLUCL,48,58,10.0,513.0,5130.0,2024-06-02
2024060201034511,VLUCL,48,11,150.0,513.0,76950.0,2024-06-02
2024060201034510,VLUCL,48,49,10.0,513.0,5130.0,2024-06-02
2024060201034509,VLUCL,48,36,10.0,513.0,5130.0,2024-06-02
2024060201034508,VLUCL,48,52,10.0,513.0,5130.0,2024-06-02
2024060201034507,VLUCL,48,34,10.0,513.0,5130.0,2024-06-02
2024060201034506,VLUCL,48,32,30.0,513.0,15390.0,2024-06-02
2024060201034505,VLUCL,48,43,20.0,512.8,10256.0,2024-06-02
2024060201034504,GVL,66,34,291.0,484.9,141105.9,2024-06-02
2024060201034503,MEHL,65,70,10.0,356.0,3560.0,2024-06-02
2024060201034502,RNLI,45,13,11.0,429.0,4719.0,2024-06-02
2024060201034501,PRVU,33,48,50.0,144.9,7245.0,2024-06-02
2024060201034500,MEL,49,59,10.0,227.2,2272.0,2024-06-02
2024060201034499,NWCL,40,10,390.0,815.0,317850.0,2024-06-02
2024060201034498,NWCL,57,10,40.0,815.1,32604.0,2024-06-02
2024060201034497,NWCL,38,10,20.0,816.0,16320.0,2024-06-02
2024060201034496,PHCL,72,16,20.0,305.0,6100.0,2024-06-02
2024060201034495,SMH,16,43,10.0,714.0,7140.0,2024-06-02
2024060201034494,SMH,16,42,10.0,713.0,7130.0,2024-06-02
2024060201034493,SMH,16,49,10.0,710.0,7100.0,2024-06-02
2024060204009009,HDHPC,56,55,1230.0,130.4,160392.0,2024-06-02
2024060204009008,HDHPC,50,55,220.0,130.6,28732.0,2024-06-02
2024060203016699,ICFC,1,50,100.0,519.0,51900.0,2024-06-02
2024060203016698,PMLI,7,44,10.0,505.0,5050.0,2024-06-02
2024060201034492,NRM,45,32,830.0,379.9,315317.0,2024-06-02
2024060201034491,NRM,45,86,100.0,379.9,37990.0,2024-06-02
2024060201034490,NRM,45,32,10.0,379.8,3798.0,2024-06-02
2024060201034489,NRM,45,32,10.0,379.7,3797.0,2024-06-02
2024060201034488,NRM,45,32,10.0,379.6,3796.0,2024-06-02
2024060201034487,NRM,45,32,10.0,379.5,3795.0,2024-06-02
2024060201034486,NRM,45,40,10.0,379.3,3793.0,2024-06-02
2024060201034485,NRM,45,43,10.0,378.6,3786.0,2024-06-02
2024060201034484,NRM,45,52,10.0,378.5,3785.0,2024-06-02
2024060201034483,NRM,45,50,1000.0,378.0,378000.0,2024-06-02
2024060203016697,NLIC,45,8,14.0,616.5,8631.0,2024-06-02
2024060201034482,RAWA,14,58,50.0,519.9,25995.0,2024-06-02
2024060203016696,SIFC,6,58,20.0,435.0,8700.0,2024-06-02
2024060201034481,ULBSL,45,69,10.0,1756.9,17569.0,2024-06-02
2024060204009007,LEC,49,49,159.0,180.3,28667.7,2024-06-02
2024060201034480,NESDO,49,41,10.0,1926.0,19260.0,2024-06-02
2024060201034479,PHCL,72,11,50.0,305.0,15250.0,2024-06-02
2024060201034478,PHCL,72,45,10.0,305.0,3050.0,2024-06-02
2024060201034477,PHCL,72,49,80.0,305.0,24400.0,2024-06-02
2024060201034476,PHCL,72,29,500.0,305.0,152500.0,2024-06-02
2024060201034475,PHCL,72,56,100.0,305.0,30500.0,2024-06-02
2024060201034474,PHCL,72,17,10.0,305.0,3050.0,2024-06-02
2024060201034473,PHCL,72,44,200.0,305.0,61000.0,2024-06-02
2024060201034472,PHCL,72,34,10.0,305.0,3050.0,2024-06-02
2024060201034471,PHCL,72,52,10.0,305.0,3050.0,2024-06-02
2024060201034470,PHCL,72,21,10.0,305.0,3050.0,2024-06-02
2024060201034469,PHCL,72,45,10.0,305.0,3050.0,2024-06-02
2024060201034468,PHCL,72,25,10.0,305.0,3050.0,2024-06-02
2024060201034467,PHCL,72,44,435.0,305.0,132675.0,2024-06-02
2024060201034466,PHCL,72,21,10.0,304.9,3049.0,2024-06-02
2024060201034465,PHCL,72,56,100.0,304.8,30480.0,2024-06-02
2024060201034464,PHCL,72,8,240.0,304.8,73152.0,2024-06-02
2024060201034463,PHCL,72,35,10.0,304.0,3040.0,2024-06-02
2024060201034462,PHCL,72,11,50.0,303.3,15165.0,2024-06-02
2024060201034461,NABIL,1,13,80.0,489.0,39120.0,2024-06-02
2024060201034460,NABIL,49,13,12.0,489.0,5868.0,2024-06-02
2024060201034459,NICA,13,22,421.0,424.0,178504.0,2024-06-02
2024060201034458,NICA,13,39,50.0,423.9,21195.0,2024-06-02
2024060201034457,NICA,13,13,29.0,423.8,12290.2,2024-06-02
2024060204009006,RIDI,51,41,500.0,170.0,85000.0,2024-06-02
2024060204009005,RIDI,51,58,199.0,170.0,33830.0,2024-06-02
2024060201034456,CITY,13,59,40.0,656.0,26240.0,2024-06-02
2024060203016695,NLICL,21,16,100.0,549.5,54950.0,2024-06-02
2024060201034455,CYCL,62,83,11.0,1432.0,15752.0,2024-06-02
2024060201034454,CLI,25,35,70.0,471.0,32970.0,2024-06-02
2024060201034453,CLI,45,35,30.0,471.1,14133.0,2024-06-02
2024060201034452,BNHC,35,38,10.0,611.0,6110.0,2024-06-02
2024060201034451,BNHC,35,34,10.0,611.0,6110.0,2024-06-02
2024060203016694,NFS,41,39,100.0,600.0,60000.0,2024-06-02
2024060201034450,MBL,14,22,10.0,173.9,1739.0,2024-06-02
2024060201034449,SAMAJ,38,33,10.0,2081.0,20810.0,2024-06-02
2024060201034448,HIDCLP,40,42,294.0,98.0,28812.0,2024-06-02
2024060201034447,HIDCLP,11,42,300.0,98.0,29400.0,2024-06-02
2024060201034446,HIDCLP,44,42,2531.0,98.1,248291.1,2024-06-02
2024060201034445,HIDCLP,88,42,1000.0,98.2,98200.0,2024-06-02
2024060201034444,HIDCLP,41,42,300.0,98.2,29460.0,2024-06-02
2024060201034443,HIDCLP,38,42,55.0,98.2,5401.0,2024-06-02
2024060201034442,HIDCLP,40,42,100.0,98.3,9830.0,2024-06-02
2024060201034441,HIDCLP,17,42,90.0,98.4,8856.0,2024-06-02
2024060203016693,FMDBL,8,58,12.0,691.9,8302.8,2024-06-02
2024060203016692,FMDBL,95,58,200.0,692.0,138400.0,2024-06-02
2024060203016691,FMDBL,22,58,50.0,692.0,34600.0,2024-06-02
2024060203016690,FMDBL,52,58,500.0,692.0,346000.0,2024-06-02
2024060203016689,FMDBL,4,58,188.0,692.0,130096.0,2024-06-02
2024060203016688,FMDBL,4,58,50.0,692.7,34635.0,2024-06-02
2024060201034440,SARBTM,32,58,10.0,834.0,8340.0,2024-06-02
2024060203016687,KSBBL,62,21,297.0,370.2,109949.4,2024-06-02
2024060203016686,KSBBL,26,21,203.0,370.3,75170.9,2024-06-02
2024060203016685,JBBL,29,49,320.0,291.0,93120.0,2024-06-02
2024060204009004,KPCL,52,5,10.0,453.0,4530.0,2024-06-02
2024060201034439,NICA,57,52,15.0,423.7,6355.5,2024-06-02
2024060201034438,NICA,57,50,40.0,423.0,16920.0,2024-06-02
2024060201034437,GCIL,25,59,20.0,488.0,9760.0,2024-06-02
2024060203016684,KRBL,77,38,449.0,429.9,193025.1,2024-06-02
2024060203016683,KRBL,77,19,20.0,429.5,8590.0,2024-06-02
2024060203016682,KRBL,77,61,55.0,429.0,23595.0,2024-06-02
2024060203016681,KRBL,77,36,30.0,428.0,12840.0,2024-06-02
2024060203016680,KRBL,77,49,86.0,427.5,36765.0,2024-06-02
2024060203016679,KRBL,77,32,10.0,427.0,4270.0,2024-06-02
2024060203016678,KRBL,77,49,150.0,427.0,64050.0,2024-06-02
2024060203016677,KRBL,77,41,200.0,426.9,85380.0,2024-06-02
2024060203016676,NMLBBL,59,16,420.0,710.1,298242.0,2024-06-02
2024060203016675,NMLBBL,51,16,100.0,710.5,71050.0,2024-06-02
2024060203016674,NMLBBL,52,16,100.0,710.6,71060.0,2024-06-02
2024060203016673,NMLBBL,13,16,380.0,714.0,271320.0,2024-06-02
2024060203016672,SWBBL,36,49,10.0,810.0,8100.0,2024-06-02
2024060201034436,MKHC,26,45,100.0,335.0,33500.0,2024-06-02
2024060201034435,MMKJL,37,55,180.0,437.0,78660.0,2024-06-02
2024060201034434,MMKJL,57,55,50.0,437.0,21850.0,2024-06-02
2024060201034433,SONA,56,22,10.0,445.1,4451.0,2024-06-02
2024060203016671,BFC,22,54,100.0,432.0,43200.0,2024-06-02
2024060205005090,GIBF1,14,42,100.0,8.4,840.0,2024-06-02
2024060201034432,TVCL,42,22,10.0,464.0,4640.0,2024-06-02
2024060204009003,KPCL,17,21,20.0,449.0,8980.0,2024-06-02
2024060204009002,SHEL,49,38,850.0,158.7,134895.0,2024-06-02
2024060204009001,NHPC,49,58,90.0,145.6,13104.0,2024-06-02
2024060201034431,PPL,8,58,30.0,445.2,13356.0,2024-06-02
2024060201034430,PPL,4,58,90.0,445.2,40068.0,2024-06-02
2024060201034429,PPL,8,58,30.0,445.5,13365.0,2024-06-02
2024060201034428,PPL,35,58,10.0,445.6,4456.0,2024-06-02
2024060201034427,VLUCL,72,43,80.0,512.8,41024.0,2024-06-02
2024060201034426,VLUCL,72,34,150.0,512.2,76830.0,2024-06-02
2024060201034425,VLUCL,72,34,50.0,512.0,25600.0,2024-06-02
2024060203016670,SMB,71,41,40.0,1580.0,63200.0,2024-06-02
2024060203016669,SMB,71,1,10.0,1575.0,15750.0,2024-06-02
2024060201034424,DOLTI,34,52,10.0,432.0,4320.0,2024-06-02
2024060203016668,SAPDBL,71,39,10.0,325.4,3254.0,2024-06-02
2024060201034423,PPL,71,45,10.0,447.0,4470.0,2024-06-02
2024060201034422,CYCL,45,29,100.0,1429.0,142900.0,2024-06-02
2024060203016667,NFS,41,29,500.0,600.0,300000.0,2024-06-02
2024060203016666,GILB,62,62,150.0,1240.1,186015.0,2024-06-02
2024060203016665,GILB,81,62,150.0,1241.0,186150.0,2024-06-02
2024060201034421,GVL,39,34,709.0,484.9,343794.1,2024-06-02
2024060201034420,GVL,39,57,170.0,484.9,82433.0,2024-06-02
2024060201034419,GVL,39,47,100.0,484.8,48480.0,2024-06-02
2024060201034418,GVL,39,57,345.0,484.8,167256.0,2024-06-02
2024060201034417,GVL,39,49,50.0,484.0,24200.0,2024-06-02
2024060201034416,GVL,39,29,176.0,484.0,85184.0,2024-06-02
2024060201034415,GVL,39,42,50.0,484.0,24200.0,2024-06-02
2024060201034414,GVL,39,16,100.0,484.0,48400.0,2024-06-02
2024060201034413,GVL,39,22,100.0,483.9,48390.0,2024-06-02
2024060201034412,GVL,39,53,200.0,483.0,96600.0,2024-06-02
2024060205005089,HRL,55,42,44.0,580.0,25520.0,2024-06-02
2024060205005088,HRL,57,42,80.0,580.2,46416.0,2024-06-02
2024060205005087,CIT,42,95,11.0,2109.0,23199.0,2024-06-02
2024060203016664,NABBC,45,45,100.0,575.5,57550.0,2024-06-02
2024060201034411,EBL,4,45,220.0,526.7,115874.0,2024-06-02
2024060201034410,EBL,4,11,80.0,526.6,42128.0,2024-06-02
2024060201034409,JBLB,52,49,10.0,1307.0,13070.0,2024-06-02
2024060201034408,ILI,49,42,100.0,436.5,43650.0,2024-06-02
2024060203016663,PFL,58,17,30.0,654.9,19647.0,2024-06-02
2024060201034407,MEL,58,71,10.0,230.0,2300.0,2024-06-02
2024060201034406,SGHC,52,21,106.0,338.0,35828.0,2024-06-02
2024060204009000,RURU,14,13,200.0,630.0,126000.0,2024-06-02
2024060204008999,SHL,49,33,100.0,438.0,43800.0,2024-06-02
2024060201034405,MEHL,57,34,10.0,355.0,3550.0,2024-06-02
2024060201034404,VLUCL,48,35,300.0,510.0,153000.0,2024-06-02
2024060201034403,BHPL,35,35,10.0,548.0,5480.0,2024-06-02
2024060203016662,SDLBSL,95,25,20.0,915.0,18300.0,2024-06-02
2024060204008998,SHEL,57,1,400.0,158.0,63200.0,2024-06-02
2024060204008997,SHEL,34,1,200.0,158.1,31620.0,2024-06-02
2024060201034402,MCHL,44,45,30.0,413.0,12390.0,2024-06-02
2024060204008996,CGH,57,49,35.0,845.1,29578.5,2024-06-02
2024060205005086,HRL,57,52,20.0,580.2,11604.0,2024-06-02
2024060203016661,ACLBSL,19,84,10.0,917.0,9170.0,2024-06-02
2024060203016660,SADBL,6,32,119.0,315.5,37544.5,2024-06-02
2024060203016659,NADEP,60,35,14.0,771.1,10795.4,2024-06-02
2024060201034401,UNL,22,39,10.0,43663.0,436630.0,2024-06-02
2024060203016658,NFS,41,26,255.0,600.0,153000.0,2024-06-02
2024060201034400,MCHL,26,38,25.0,414.0,10350.0,2024-06-02
2024060201034399,MCHL,26,58,75.0,414.0,31050.0,2024-06-02
2024060201034398,NIMB,37,26,100.0,162.0,16200.0,2024-06-02
2024060201034397,MKHL,22,49,25.0,469.0,11725.0,2024-06-02
2024060201034396,MKHL,22,48,10.0,469.0,4690.0,2024-06-02
2024060201034395,MKHL,22,36,20.0,469.0,9380.0,2024-06-02
2024060201034394,MKHL,22,70,35.0,468.9,16411.5,2024-06-02
2024060201034393,MKHL,22,57,10.0,468.9,4689.0,2024-06-02
2024060201034392,PRVU,22,48,30.0,144.9,4347.0,2024-06-02
2024060201034391,PRVU,22,28,36.0,144.0,5184.0,2024-06-02
2024060201034390,PRVU,22,25,34.0,144.0,4896.0,2024-06-02
2024060204008995,RURU,14,21,100.0,630.0,63000.0,2024-06-02
2024060204008994,RURU,14,34,42.0,629.9,26455.8,2024-06-02
2024060204008993,RURU,14,21,24.0,629.0,15096.0,2024-06-02
2024060204008992,RURU,14,43,10.0,628.0,6280.0,2024-06-02
2024060203016657,MFIL,32,46,11.0,506.1,5567.1,2024-06-02
2024060201034389,AHL,91,38,100.0,490.0,49000.0,2024-06-02
2024060203016656,GFCL,53,42,300.0,464.9,139470.0,2024-06-02
2024060204008991,AHPC,37,53,1705.0,157.0,267685.0,2024-06-02
2024060204008990,AHPC,22,53,500.0,157.0,78500.0,2024-06-02
2024060204008989,AHPC,54,53,100.0,157.0,15700.0,2024-06-02
2024060204008988,AHPC,8,53,300.0,157.0,47100.0,2024-06-02
2024060204008987,AHPC,8,53,300.0,157.1,47130.0,2024-06-02
2024060204008986,AHPC,44,53,95.0,157.1,14924.5,2024-06-02
2024060203016655,NMBMF,49,49,10.0,658.9,6589.0,2024-06-02
2024060204008985,KKHC,34,34,500.0,220.9,110450.0,2024-06-02
2024060205005085,CHDC,58,6,500.0,891.0,445500.0,2024-06-02
2024060204008984,UPCL,33,39,100.0,193.0,19300.0,2024-06-02
2024060201034388,MLBS,42,33,15.0,1288.1,19321.5,2024-06-02
2024060204008983,UMRH,82,62,500.0,369.0,184500.0,2024-06-02
2024060201034387,SMHL,62,26,10.0,539.0,5390.0,2024-06-02
2024060201034386,AHL,91,58,100.0,490.0,49000.0,2024-06-02
2024060201034385,CITY,58,4,75.0,659.0,49425.0,2024-06-02
2024060201034384,PHCL,32,22,150.0,304.0,45600.0,2024-06-02
2024060201034383,PHCL,32,49,10.0,304.0,3040.0,2024-06-02
2024060201034382,PHCL,32,14,190.0,304.0,57760.0,2024-06-02
2024060201034381,PHCL,32,1,200.0,303.9,60780.0,2024-06-02
2024060201034380,PHCL,32,54,10.0,303.8,3038.0,2024-06-02
2024060201034379,PHCL,32,34,100.0,303.4,30340.0,2024-06-02
2024060201034378,NMB,28,11,10.0,202.0,2020.0,2024-06-02
2024060201034377,BEDC,25,55,76.0,413.0,31388.0,2024-06-02
2024060205005084,NIFRA,44,50,64.0,198.0,12672.0,2024-06-02
2024060205005083,NIFRA,22,50,10.0,198.2,1982.0,2024-06-02
2024060201034376,SARBTM,32,5,91.0,834.0,75894.0,2024-06-02
2024060201034375,SARBTM,14,5,50.0,834.0,41700.0,2024-06-02
2024060201034374,SARBTM,59,5,50.0,834.0,41700.0,2024-06-02
2024060201034373,SARBTM,45,5,49.0,834.1,40870.9,2024-06-02
2024060201034372,SARBTM,25,5,100.0,834.1,83410.0,2024-06-02
2024060201034371,SARBTM,4,5,10.0,834.1,8341.0,2024-06-02
2024060201034370,SARBTM,47,5,50.0,834.2,41710.0,2024-06-02
2024060201034369,BEDC,49,7,10.0,413.8,4138.0,2024-06-02
2024060201034368,USHEC,38,6,10.0,428.0,4280.0,2024-06-02
2024060201034367,USHEC,38,53,10.0,427.2,4272.0,2024-06-02
2024060201034366,NWCL,38,48,10.0,816.0,8160.0,2024-06-02
2024060201034365,NWCL,48,48,40.0,817.1,32684.0,2024-06-02
2024060201034364,NWCL,19,49,40.0,820.0,32800.0,2024-06-02
2024060204008982,HURJA,13,52,279.0,280.0,78120.0,2024-06-02
2024060204008981,HURJA,54,52,500.0,280.0,140000.0,2024-06-02
2024060204008980,HURJA,14,52,220.0,280.0,61600.0,2024-06-02
2024060204008979,CHL,34,58,10.0,332.8,3328.0,2024-06-02
2024060201034363,DOLTI,34,4,100.0,433.0,43300.0,2024-06-02
2024060204008978,LEC,49,34,31.0,180.3,5589.3,2024-06-02
2024060201034362,MHCL,42,51,10.0,389.0,3890.0,2024-06-02
2024060201034361,SARBTM,51,42,15.0,836.0,12540.0,2024-06-02
2024060201034360,SARBTM,51,45,85.0,835.0,70975.0,2024-06-02
2024060201034359,MMKJL,57,29,420.0,437.0,183540.0,2024-06-02
2024060201034358,MMKJL,58,29,80.0,437.1,34968.0,2024-06-02
2024060203016654,PFL,88,10,90.0,654.0,58860.0,2024-06-02
2024060203016653,PFL,58,10,20.0,654.0,13080.0,2024-06-02
2024060203016652,PFL,57,10,90.0,654.0,58860.0,2024-06-02
2024060201034357,ILI,6,59,10.0,436.1,4361.0,2024-06-02
2024060205005082,HRL,55,35,20.0,580.0,11600.0,2024-06-02
2024060203016651,NLIC,58,8,10.0,616.5,6165.0,2024-06-02
2024060201034356,MEHL,58,43,300.0,355.0,106500.0,2024-06-02
2024060205005081,STC,58,45,50.0,4719.0,235950.0,2024-06-02
2024060204008977,RADHI,26,45,85.0,231.0,19635.0,2024-06-02
2024060201034355,NMB,1,11,190.0,202.0,38380.0,2024-06-02
2024060201034354,NMB,1,5,100.0,201.9,20190.0,2024-06-02
2024060201034353,NMB,1,38,100.0,201.9,20190.0,2024-06-02
2024060201034352,NMB,1,14,200.0,201.9,40380.0,2024-06-02
2024060201034351,NMB,1,38,78.0,201.9,15748.2,2024-06-02
2024060201034350,NMB,1,39,122.0,201.5,24583.0,2024-06-02
2024060201034349,NMB,1,38,200.0,201.5,40300.0,2024-06-02
2024060201034348,NMB,1,77,10.0,201.5,2015.0,2024-06-02
2024060201034347,SARBTM,38,45,50.0,835.0,41750.0,2024-06-02
2024060201034346,KDL,75,35,200.0,1250.0,250000.0,2024-06-02
2024060201034345,KDL,75,25,80.0,1250.0,100000.0,2024-06-02
2024060201034344,BEDC,49,26,100.0,413.8,41380.0,2024-06-02
2024060204008976,RIDI,13,34,220.0,169.3,37246.0,2024-06-02
2024060204008975,RIDI,46,34,100.0,169.8,16980.0,2024-06-02
2024060205005080,KDBY,34,34,1140.0,9.0,10260.0,2024-06-02
2024060205005079,KDBY,34,58,1100.0,8.96,9856.0,2024-06-02
2024060205005078,KDBY,34,47,100.0,8.94,894.0,2024-06-02
2024060201034343,TVCL,17,29,20.0,463.0,9260.0,2024-06-02
2024060201034342,TVCL,17,54,27.0,463.0,12501.0,2024-06-02
2024060203016650,HLI,13,57,144.0,387.2,55756.8,2024-06-02
2024060203016649,HLI,39,57,100.0,387.2,38720.0,2024-06-02
2024060203016648,HLI,58,57,100.0,387.3,38730.0,2024-06-02
2024060203016647,HLI,38,57,152.0,387.3,58869.6,2024-06-02
2024060203016646,HLI,6,57,100.0,387.4,38740.0,2024-06-02
2024060203016645,HLI,45,57,150.0,387.5,58125.0,2024-06-02
2024060203016644,HLI,16,57,10.0,387.5,3875.0,2024-06-02
2024060203016643,HLI,40,57,10.0,387.5,3875.0,2024-06-02
2024060203016642,HLI,58,57,29.0,387.9,11249.1,2024-06-02
2024060203016641,HLI,6,57,50.0,388.0,19400.0,2024-06-02
2024060203016640,HLI,38,57,50.0,388.0,19400.0,2024-06-02
2024060203016639,HLI,6,57,105.0,388.0,40740.0,2024-06-02
2024060201034341,EHPL,35,44,190.0,519.3,98667.0,2024-06-02
2024060201034340,EHPL,35,42,10.0,518.0,5180.0,2024-06-02
2024060201034339,NABIL,58,42,200.0,490.0,98000.0,2024-06-02
2024060205005077,HRL,55,58,10.0,580.0,5800.0,2024-06-02
2024060201034338,NWCL,19,58,10.0,820.0,8200.0,2024-06-02
2024060201034337,MKJC,58,35,400.0,496.0,198400.0,2024-06-02
2024060205005076,NTC,40,45,25.0,843.0,21075.0,2024-06-02
2024060203016638,LBBL,53,7,10.0,380.0,3800.0,2024-06-02
2024060204008974,UNHPL,58,5,338.0,228.0,77064.0,2024-06-02
2024060204008973,UNHPL,58,26,100.0,227.9,22790.0,2024-06-02
2024060205005075,HRL,38,58,112.0,581.9,65172.8,2024-06-02
2024060205005074,HRL,38,57,140.0,581.9,81466.0,2024-06-02
2024060205005073,HRL,38,55,10.0,581.5,5815.0,2024-06-02
2024060205005072,HRL,38,26,100.0,581.5,58150.0,2024-06-02
2024060205005071,HRL,38,37,31.0,581.3,18020.3,2024-06-02
2024060205005070,HRL,38,34,100.0,581.0,58100.0,2024-06-02
2024060205005069,HRL,38,36,10.0,581.0,5810.0,2024-06-02
2024060205005068,HRL,38,38,20.0,581.0,11620.0,2024-06-02
2024060205005067,HRL,38,58,20.0,581.0,11620.0,2024-06-02
2024060205005066,HRL,38,41,20.0,581.0,11620.0,2024-06-02
2024060205005065,HRL,38,34,20.0,581.0,11620.0,2024-06-02
2024060205005064,HRL,38,52,10.0,581.0,5810.0,2024-06-02
2024060205005063,HRL,38,35,20.0,581.0,11620.0,2024-06-02
2024060205005062,HRL,38,47,10.0,581.0,5810.0,2024-06-02
2024060205005061,HRL,38,38,10.0,581.0,5810.0,2024-06-02
2024060205005060,HRL,38,45,20.0,581.0,11620.0,2024-06-02
2024060205005059,HRL,38,58,10.0,581.0,5810.0,2024-06-02
2024060205005058,HRL,38,41,10.0,581.0,5810.0,2024-06-02
2024060205005057,HRL,38,60,10.0,581.0,5810.0,2024-06-02
2024060205005056,HRL,38,44,20.0,581.0,11620.0,2024-06-02
2024060205005055,HRL,38,35,100.0,581.0,58100.0,2024-06-02
2024060205005054,HRL,38,58,31.0,581.0,18011.0,2024-06-02
2024060205005053,HRL,38,34,20.0,581.0,11620.0,2024-06-02
2024060205005052,HRL,38,34,10.0,580.9,5809.0,2024-06-02
2024060205005051,HRL,38,34,790.0,580.9,458911.0,2024-06-02
2024060205005050,HRL,38,8,100.0,580.8,58080.0,2024-06-02
2024060205005049,HRL,38,8,100.0,580.8,58080.0,2024-06-02
2024060205005048,HRL,38,42,10.0,580.7,5807.0,2024-06-02
2024060205005047,HRL,38,57,140.0,580.7,81298.0,2024-06-02
2024060205005046,HRL,38,39,52.0,580.6,30191.2,2024-06-02
2024060205005045,HRL,38,7,10.0,580.5,5805.0,2024-06-02
2024060205005044,HRL,38,21,20.0,580.5,11610.0,2024-06-02
2024060205005043,HRL,38,6,10.0,580.5,5805.0,2024-06-02
2024060205005042,HRL,38,21,20.0,580.5,11610.0,2024-06-02
2024060205005041,HRL,38,49,10.0,580.5,5805.0,2024-06-02
2024060205005040,HRL,38,49,88.0,580.5,51084.0,2024-06-02
2024060205005039,HRL,38,7,510.0,580.4,296004.0,2024-06-02
2024060205005038,HRL,38,32,10.0,580.3,5803.0,2024-06-02
2024060205005037,HRL,38,44,20.0,580.3,11606.0,2024-06-02
2024060205005036,HRL,38,3,10.0,580.3,5803.0,2024-06-02
2024060205005035,HRL,38,47,10.0,580.3,5803.0,2024-06-02
2024060205005034,HRL,38,57,10.0,580.3,5803.0,2024-06-02
2024060205005033,HRL,38,86,126.0,580.3,73117.8,2024-06-02
2024060205005032,HRL,38,38,20.0,580.2,11604.0,2024-06-02
2024060205005031,HRL,38,35,10.0,580.2,5802.0,2024-06-02
2024060205005030,HRL,38,59,10.0,580.2,5802.0,2024-06-02
2024060205005029,HRL,38,55,50.0,580.2,29010.0,2024-06-02
2024060201034336,MSHL,37,60,10.0,660.0,6600.0,2024-06-02
2024060204008972,UPPER,44,34,30.0,162.5,4875.0,2024-06-02
2024060201034335,PCBL,38,34,45.0,201.7,9076.5,2024-06-02
2024060201034334,SHLB,86,1,15.0,1703.0,25545.0,2024-06-02
2024060201034333,SHLB,86,42,40.0,1703.0,68120.0,2024-06-02
2024060201034332,SHLB,86,17,10.0,1700.0,17000.0,2024-06-02
2024060201034331,SHLB,86,38,10.0,1690.0,16900.0,2024-06-02
2024060201034330,SHLB,86,43,10.0,1689.0,16890.0,2024-06-02
2024060201034329,SHLB,86,17,15.0,1688.9,25333.5,2024-06-02
2024060201034328,SHLB,86,49,10.0,1688.0,16880.0,2024-06-02
2024060203016637,SJLIC,16,59,100.0,413.2,41320.0,2024-06-02
2024060203016636,PFL,57,32,70.0,654.0,45780.0,2024-06-02
2024060201034327,TPC,17,32,11.0,511.0,5621.0,2024-06-02
2024060204008971,AHPC,44,32,500.0,157.1,78550.0,2024-06-02
2024060201034326,RNLI,42,35,39.0,429.0,16731.0,2024-06-02
2024060204008970,NGPL,35,37,500.0,308.9,154450.0,2024-06-02
2024060204008969,HDHPC,50,5,180.0,130.6,23508.0,2024-06-02
2024060204008968,HDHPC,21,5,20.0,130.6,2612.0,2024-06-02
2024060204008967,SHPC,5,22,10.0,331.9,3319.0,2024-06-02
2024060204008966,PRIN,7,17,84.0,782.9,65763.6,2024-06-02
2024060203016635,KSBBL,26,3,297.0,370.3,109979.1,2024-06-02
2024060203016634,KSBBL,13,3,50.0,370.4,18520.0,2024-06-02
2024060203016633,KSBBL,58,3,100.0,371.0,37100.0,2024-06-02
2024060203016632,KSBBL,17,3,53.0,371.0,19663.0,2024-06-02
2024060203016631,FMDBL,4,42,100.0,692.7,69270.0,2024-06-02
2024060204008965,UAIL,53,37,10.0,562.0,5620.0,2024-06-02
2024060203016630,MFIL,32,48,20.0,506.1,10122.0,2024-06-02
2024060203016629,MFIL,7,48,100.0,506.1,50610.0,2024-06-02
2024060203016628,MFIL,33,48,10.0,506.2,5062.0,2024-06-02
2024060203016627,NMFBS,11,38,20.0,1235.0,24700.0,2024-06-02
2024060203016626,NMFBS,17,38,20.0,1235.0,24700.0,2024-06-02
2024060203016625,NMFBS,25,38,10.0,1235.0,12350.0,2024-06-02
2024060204008964,AHPC,44,49,100.0,157.1,15710.0,2024-06-02
2024060203016624,GBBL,13,49,150.0,361.1,54165.0,2024-06-02
2024060204008963,AHPC,44,42,305.0,157.1,47915.5,2024-06-02
2024060205005028,HRL,55,58,10.0,580.0,5800.0,2024-06-02
2024060201034325,MKLB,58,57,11.0,1060.0,11660.0,2024-06-02
2024060201034324,MKLB,58,58,10.0,1060.0,10600.0,2024-06-02
2024060205005027,HRL,55,58,20.0,580.0,11600.0,2024-06-02
2024060201034323,MHL,71,41,155.0,448.1,69455.5,2024-06-02
2024060203016623,MFIL,33,11,10.0,506.2,5062.0,2024-06-02
2024060201034322,EHPL,10,35,100.0,514.0,51400.0,2024-06-02
2024060201034321,NRM,35,42,10.0,377.0,3770.0,2024-06-02
2024060201034320,VLUCL,48,26,920.0,510.0,469200.0,2024-06-02
2024060203016622,LLBS,50,19,100.0,1062.0,106200.0,2024-06-02
2024060203016621,LLBS,50,33,614.0,1062.0,652068.0,2024-06-02
2024060201034319,SBI,5,91,20.0,297.0,5940.0,2024-06-02
2024060204008962,GLH,58,1,30.0,201.4,6042.0,2024-06-02
2024060204008961,GLH,14,1,100.0,202.0,20200.0,2024-06-02
2024060204008960,GLH,7,1,51.0,202.0,10302.0,2024-06-02
2024060205005026,GIBF1,14,42,100.0,8.35,835.0,2024-06-02
2024060201034318,NWCL,45,14,40.0,820.0,32800.0,2024-06-02
2024060201034317,NWCL,37,14,56.0,820.0,45920.0,2024-06-02
2024060201034316,MEHL,38,8,100.0,352.0,35200.0,2024-06-02
2024060201034315,SHIVM,50,45,164.0,497.6,81606.4,2024-06-02
2024060201034314,SHIVM,58,45,86.0,497.6,42793.6,2024-06-02
2024060201034313,RNLI,42,45,11.0,429.0,4719.0,2024-06-02
2024060204008959,RADHI,14,45,103.0,231.0,23793.0,2024-06-02
2024060203016620,SFCL,45,32,50.0,349.0,17450.0,2024-06-02
2024060203016619,LBBL,48,7,10.0,380.0,3800.0,2024-06-02
2024060201034312,CLI,25,72,130.0,471.0,61230.0,2024-06-02
2024060201034311,CLI,47,72,70.0,471.0,32970.0,2024-06-02
2024060204008958,PRIN,56,17,10.0,782.9,7829.0,2024-06-02
2024060203016618,CFCL,38,34,10.0,412.0,4120.0,2024-06-02
2024060201034310,KBSH,44,46,129.0,1162.8,150001.2,2024-06-02
2024060201034309,KBSH,44,57,10.0,1146.4,11464.0,2024-06-02
2024060201034308,KBSH,44,36,10.0,1146.0,11460.0,2024-06-02
2024060201034307,KBSH,44,44,10.0,1142.4,11424.0,2024-06-02
2024060201034306,KBSH,44,35,20.0,1142.0,22840.0,2024-06-02
2024060201034305,KBSH,44,28,16.0,1140.0,18240.0,2024-06-02
2024060201034304,KBSH,44,28,205.0,1140.0,233700.0,2024-06-02
2024060203016617,GUFL,43,47,120.0,670.0,80400.0,2024-06-02
2024060203016616,GUFL,43,37,460.0,670.0,308200.0,2024-06-02
2024060201034303,SONA,6,36,10.0,445.3,4453.0,2024-06-02
2024060204008957,UPCL,58,39,295.0,193.0,56935.0,2024-06-02
2024060203016615,GBBL,58,34,67.0,361.5,24220.5,2024-06-02
2024060203016614,GBBL,58,45,50.0,361.4,18070.0,2024-06-02
2024060203016613,GBBL,58,45,150.0,361.4,54210.0,2024-06-02
2024060203016612,GBBL,58,34,233.0,361.2,84159.6,2024-06-02
2024060201034302,ADBL,7,41,11.0,262.1,2883.1,2024-06-02
2024060201034301,USHEC,58,16,10.0,427.0,4270.0,2024-06-02
2024060203016611,NABBC,45,28,50.0,575.5,28775.0,2024-06-02
2024060203016610,PROFL,34,32,270.0,350.1,94527.0,2024-06-02
2024060203016609,PROFL,7,32,100.0,350.2,35020.0,2024-06-02
2024060203016608,PROFL,42,32,130.0,350.3,45539.0,2024-06-02
2024060203016607,NFS,41,70,500.0,600.0,300000.0,2024-06-02
2024060203016606,CBBL,19,5,42.0,836.0,35112.0,2024-06-02
2024060203016605,CBBL,66,5,158.0,836.5,132167.0,2024-06-02
2024060203016604,GBBL,14,34,100.0,361.2,36120.0,2024-06-02
2024060203016603,SHINE,46,4,10.0,392.0,3920.0,2024-06-02
2024060201034300,ULHC,35,14,50.0,427.0,21350.0,2024-06-02
2024060201034299,MANDU,45,58,50.0,855.0,42750.0,2024-06-02
2024060203016602,NICLBSL,65,96,100.0,643.0,64300.0,2024-06-02
2024060201034298,HIDCLP,38,6,10.0,99.0,990.0,2024-06-02
2024060201034297,NRM,96,17,10.0,375.2,3752.0,2024-06-02
2024060204008956,NICL,34,34,23.0,836.0,19228.0,2024-06-02
2024060201034296,KBL,39,51,225.0,142.5,32062.5,2024-06-02
2024060201034295,NWCL,37,58,10.0,820.0,8200.0,2024-06-02
2024060203016601,GUFL,58,37,20.0,670.0,13400.0,2024-06-02
2024060201034294,EHPL,57,44,310.0,517.0,160270.0,2024-06-02
2024060201034293,EHPL,57,65,189.0,515.0,97335.0,2024-06-02
2024060201034292,DOLTI,45,32,500.0,432.9,216450.0,2024-06-02
2024060201034291,PPL,36,38,10.0,446.0,4460.0,2024-06-02
2024060201034290,BHDC,50,36,10.0,595.0,5950.0,2024-06-02
2024060205005025,HRL,55,35,10.0,580.0,5800.0,2024-06-02
2024060204008955,SHEL,57,35,600.0,158.0,94800.0,2024-06-02
2024060204008954,SHEL,33,35,100.0,158.1,15810.0,2024-06-02
2024060203016600,SKBBL,26,38,50.0,811.0,40550.0,2024-06-02
2024060201034289,SONA,56,25,500.0,445.1,222550.0,2024-06-02
2024060203016599,PFL,57,7,100.0,654.0,65400.0,2024-06-02
2024060201034288,NBL,4,7,20.0,214.0,4280.0,2024-06-02
2024060203016598,NLIC,8,8,75.0,616.5,46237.5,2024-06-02
2024060201034287,SCB,6,45,190.0,568.0,107920.0,2024-06-02
2024060204008953,UPPER,45,34,329.0,162.5,53462.5,2024-06-02
2024060205005024,SMATA,13,48,100.0,889.0,88900.0,2024-06-02
2024060204008952,HURJA,49,86,500.0,280.1,140050.0,2024-06-02
2024060203016597,USLB,57,17,90.0,1975.0,177750.0,2024-06-02
2024060203016596,USLB,43,35,34.0,1976.0,67184.0,2024-06-02
2024060201034286,SONA,56,38,355.0,445.1,158010.5,2024-06-02
2024060201034285,SONA,22,38,90.0,445.2,40068.0,2024-06-02
2024060205005023,NRIC,42,16,15.0,666.0,9990.0,2024-06-02
2024060201034284,SBL,57,56,389.0,254.0,98806.0,2024-06-02
2024060201034283,SBL,57,78,111.0,254.0,28194.0,2024-06-02
2024060203016595,CFCL,64,28,137.0,410.0,56170.0,2024-06-02
2024060201034282,GCIL,25,36,27.0,488.0,13176.0,2024-06-02
2024060201034281,ULHC,35,41,50.0,427.0,21350.0,2024-06-02
2024060203016594,NABBC,55,51,10.0,577.0,5770.0,2024-06-02
2024060201034280,BHDC,50,65,455.0,595.0,270725.0,2024-06-02
2024060205005022,NRN,58,45,230.0,583.0,134090.0,2024-06-02
2024060205005021,NRN,58,65,50.0,582.9,29145.0,2024-06-02
2024060205005020,NRN,58,91,500.0,580.0,290000.0,2024-06-02
2024060205005019,NRN,58,38,200.0,578.5,115700.0,2024-06-02
2024060205005018,NRN,58,48,10.0,578.0,5780.0,2024-06-02
2024060205005017,NRN,58,6,10.0,578.0,5780.0,2024-06-02
2024060201034279,SARBTM,47,58,50.0,834.2,41710.0,2024-06-02
2024060201034278,HATHY,46,17,10.0,895.0,8950.0,2024-06-02
2024060201034277,NABIL,47,42,34.0,490.0,16660.0,2024-06-02
2024060201034276,NABIL,47,57,25.0,490.0,12250.0,2024-06-02
2024060201034275,NABIL,47,41,25.0,489.9,12247.5,2024-06-02
2024060201034274,NABIL,47,25,16.0,489.9,7838.4,2024-06-02
2024060201034273,UNLB,10,21,10.0,1906.0,19060.0,2024-06-02
2024060201034272,BGWT,65,49,340.0,880.0,299200.0,2024-06-02
2024060201034271,BGWT,65,47,30.0,880.0,26400.0,2024-06-02
2024060201034270,BGWT,65,49,500.0,880.0,440000.0,2024-06-02
2024060201034269,BGWT,65,42,30.0,863.0,25890.0,2024-06-02
2024060201034268,BGWT,65,39,100.0,846.5,84650.0,2024-06-02
2024060201034267,SMJC,49,72,300.0,394.0,118200.0,2024-06-02
2024060201034266,NRM,59,71,98.0,377.0,36946.0,2024-06-02
2024060203016593,NABBC,38,59,10.0,576.0,5760.0,2024-06-02
2024060203016592,NABBC,71,59,60.0,576.0,34560.0,2024-06-02
2024060203016591,SDLBSL,16,63,40.0,918.0,36720.0,2024-06-02
2024060203016590,GUFL,29,35,106.0,669.0,70914.0,2024-06-02
2024060203016589,GUFL,17,35,50.0,669.0,33450.0,2024-06-02
2024060203016588,GUFL,17,35,200.0,669.0,133800.0,2024-06-02
2024060203016587,GUFL,58,35,17.0,669.3,11378.1,2024-06-02
2024060203016586,GUFL,65,35,100.0,669.4,66940.0,2024-06-02
2024060203016585,GBBL,58,34,1000.0,361.2,361200.0,2024-06-02
2024060201034265,TVCL,42,54,155.0,463.0,71765.0,2024-06-02
2024060203016584,SHINE,42,4,200.0,392.0,78400.0,2024-06-02
2024060203016583,SHINE,42,17,200.0,392.0,78400.0,2024-06-02
2024060203016582,SHINE,42,21,100.0,392.0,39200.0,2024-06-02
2024060203016581,SHINE,42,42,300.0,391.9,117570.0,2024-06-02
2024060203016580,RLFL,4,65,28.0,407.0,11396.0,2024-06-02
2024060203016579,RLFL,4,19,122.0,406.0,49532.0,2024-06-02
2024060203016578,RLFL,4,35,50.0,406.0,20300.0,2024-06-02
2024060201034264,RAWA,50,44,50.0,518.0,25900.0,2024-06-02
2024060201034263,RAWA,8,44,50.0,518.0,25900.0,2024-06-02
2024060204008951,TRH,13,34,100.0,764.5,76450.0,2024-06-02
2024060201034262,SMJC,34,72,118.0,394.0,46492.0,2024-06-02
2024060201034261,SMJC,34,14,30.0,394.0,11820.0,2024-06-02
2024060201034260,SMJC,34,57,52.0,394.0,20488.0,2024-06-02
2024060205005016,HRL,55,59,10.0,580.0,5800.0,2024-06-02
2024060203016577,GRDBL,77,32,10.0,438.0,4380.0,2024-06-02
2024060203016576,GRDBL,77,86,189.0,437.8,82744.2,2024-06-02
2024060204008950,GHL,38,55,130.0,146.0,18980.0,2024-06-02
2024060201034259,SONA,57,36,116.0,445.3,51654.8,2024-06-02
2024060201034258,USHL,39,35,350.0,510.0,178500.0,2024-06-02
2024060201034257,ULHC,40,41,60.0,427.0,25620.0,2024-06-02
2024060201034256,ULHC,40,7,40.0,427.0,17080.0,2024-06-02
2024060203016575,PFL,41,56,500.0,653.0,326500.0,2024-06-02
2024060203016574,RSDC,41,49,12.0,671.0,8052.0,2024-06-02
2024060203016573,RSDC,17,49,14.0,671.3,9398.2,2024-06-02
2024060203016572,NMLBBL,13,41,15.0,714.0,10710.0,2024-06-02
2024060203016571,NMLBBL,13,28,105.0,714.0,74970.0,2024-06-02
2024060205005015,HRL,55,52,30.0,580.0,17400.0,2024-06-02
2024060204008949,SHL,49,80,310.0,438.0,135780.0,2024-06-02
2024060204008948,SHL,25,80,190.0,438.0,83220.0,2024-06-02
2024060205005014,CIT,32,95,45.0,2109.0,94905.0,2024-06-02
2024060205005013,CIT,49,95,43.0,2109.0,90687.0,2024-06-02
2024060205005012,CIT,58,95,10.0,2109.1,21091.0,2024-06-02
2024060205005011,CIT,42,95,20.0,2110.0,42200.0,2024-06-02
2024060205005010,CIT,22,95,10.0,2110.0,21100.0,2024-06-02
2024060205005009,CIT,58,95,11.0,2110.0,23210.0,2024-06-02
2024060201034255,TPC,17,28,50.0,511.0,25550.0,2024-06-02
2024060201034254,TPC,17,88,100.0,511.0,51100.0,2024-06-02
2024060201034253,TPC,17,58,10.0,510.0,5100.0,2024-06-02
2024060201034252,TPC,17,57,129.0,510.0,65790.0,2024-06-02
2024060205005008,HRL,55,6,16.0,580.0,9280.0,2024-06-02
2024060205005007,HRL,17,6,40.0,580.1,23204.0,2024-06-02
2024060201034251,UHEWA,13,34,190.0,397.3,75487.0,2024-06-02
2024060201034250,ILI,62,29,200.0,436.0,87200.0,2024-06-02
2024060204008947,SPIL,36,57,10.0,771.9,7719.0,2024-06-02
2024060203016570,PFL,41,35,60.0,653.0,39180.0,2024-06-02
2024060203016569,PFL,32,35,50.0,654.0,32700.0,2024-06-02
2024060203016568,WNLB,26,58,10.0,1365.0,13650.0,2024-06-02
2024060203016567,WNLB,26,38,91.0,1365.0,124215.0,2024-06-02
2024060203016566,WNLB,26,32,11.0,1365.0,15015.0,2024-06-02
2024060203016565,WNLB,26,25,40.0,1365.0,54600.0,2024-06-02
2024060203016564,WNLB,26,45,50.0,1365.0,68250.0,2024-06-02
2024060203016563,WNLB,26,66,60.0,1364.0,81840.0,2024-06-02
2024060201034249,SAHAS,55,57,10.0,539.0,5390.0,2024-06-02
2024060205005006,NIFRA,22,46,40.0,198.2,7928.0,2024-06-02
2024060201034248,GBIME,47,48,10.0,185.2,1852.0,2024-06-02
2024060201034247,MBJC,47,10,10.0,298.0,2980.0,2024-06-02
2024060204008946,CGH,32,42,30.0,845.2,25356.0,2024-06-02
2024060204008945,CGH,43,42,50.0,845.2,42260.0,2024-06-02
2024060204008944,CGH,33,42,20.0,845.4,16908.0,2024-06-02
2024060204008943,AHPC,28,42,100.0,157.1,15710.0,2024-06-02
2024060204008942,AHPC,54,42,200.0,157.1,31420.0,2024-06-02
2024060204008941,AHPC,8,42,250.0,157.1,39275.0,2024-06-02
2024060204008940,AHPC,29,42,200.0,157.1,31420.0,2024-06-02
2024060204008939,AHPC,54,42,600.0,157.1,94260.0,2024-06-02
2024060204008938,AHPC,51,42,345.0,157.1,54199.5,2024-06-02
2024060201034246,SGHC,48,21,184.0,338.0,62192.0,2024-06-02
2024060201034245,GVL,66,59,100.0,484.0,48400.0,2024-06-02
2024060201034244,GVL,66,45,179.0,484.0,86636.0,2024-06-02
2024060203016562,SWBBL,65,44,120.0,805.0,96600.0,2024-06-02
2024060203016561,SWBBL,42,44,370.0,806.0,298220.0,2024-06-02
2024060203016560,SWBBL,33,44,10.0,807.0,8070.0,2024-06-02
2024060201034243,NIMB,6,43,64.0,161.0,10304.0,2024-06-02
2024060201034242,NIMB,52,43,200.0,161.0,32200.0,2024-06-02
2024060201034241,NIMB,45,43,936.0,161.1,150789.6,2024-06-02
2024060201034240,NIMB,7,43,100.0,161.5,16150.0,2024-06-02
2024060201034239,USHEC,58,51,412.0,427.0,175924.0,2024-06-02
2024060201034238,LVF2,14,41,100.0,8.24,824.0,2024-06-02
2024060203016559,JFL,41,41,235.0,569.8,133903.0,2024-06-02
2024060201034237,MEHL,38,34,399.0,352.0,140448.0,2024-06-02
2024060201034236,MEHL,32,34,80.0,352.0,28160.0,2024-06-02
2024060201034235,MEHL,47,34,21.0,355.0,7455.0,2024-06-02
2024060203016558,PFL,54,17,10.0,654.9,6549.0,2024-06-02
2024060204008937,JOSHI,29,38,63.0,306.0,19278.0,2024-06-02
2024060204008936,JOSHI,29,33,18.0,305.4,5497.2,2024-06-02
2024060203016557,SABSL,57,50,50.0,938.0,46900.0,2024-06-02
2024060203016556,FMDBL,4,58,62.0,692.0,42904.0,2024-06-02
2024060203016555,FMDBL,25,58,37.0,692.0,25604.0,2024-06-02
2024060203016554,FMDBL,62,58,201.0,692.1,139112.1,2024-06-02
2024060201034234,KBL,39,46,45.0,142.5,6412.5,2024-06-02
2024060201034233,SARBTM,3,45,15.0,835.0,12525.0,2024-06-02
2024060201034232,SARBTM,3,42,50.0,835.0,41750.0,2024-06-02
2024060201034231,SARBTM,3,57,10.0,835.0,8350.0,2024-06-02
2024060201034230,SARBTM,3,35,25.0,835.0,20875.0,2024-06-02
2024060203016553,JFL,8,42,290.0,569.9,165271.0,2024-06-02
2024060203016552,JFL,8,49,10.0,569.9,5699.0,2024-06-02
2024060204008935,AKJCL,45,5,50.0,204.0,10200.0,2024-06-02
2024060204008934,AKJCL,45,58,50.0,203.9,10195.0,2024-06-02
2024060203016551,PROFL,55,88,10.0,351.0,3510.0,2024-06-02
2024060204008933,SPIL,45,48,90.0,768.3,69147.0,2024-06-02
2024060204008932,SPIL,19,48,100.0,768.5,76850.0,2024-06-02
2024060204008931,SPIL,21,48,10.0,768.5,7685.0,2024-06-02
2024060201034229,DLBS,5,95,50.0,1182.0,59100.0,2024-06-02
2024060201034228,DLBS,62,95,42.0,1182.0,49644.0,2024-06-02
2024060204008930,SSHL,17,44,10.0,161.7,1617.0,2024-06-02
2024060203016550,NFS,41,36,100.0,600.0,60000.0,2024-06-02
2024060203016549,NFS,41,57,100.0,600.0,60000.0,2024-06-02
2024060203016548,NFS,41,22,100.0,600.0,60000.0,2024-06-02
2024060203016547,NFS,41,37,80.0,600.0,48000.0,2024-06-02
2024060203016546,NFS,41,59,500.0,600.0,300000.0,2024-06-02
2024060203016545,NFS,41,26,40.0,600.0,24000.0,2024-06-02
2024060203016544,NFS,41,28,88.0,600.0,52800.0,2024-06-02
2024060203016543,NFS,41,1,530.0,600.0,318000.0,2024-06-02
2024060203016542,NFS,41,26,90.0,600.0,54000.0,2024-06-02
2024060203016541,NFS,41,1,500.0,600.0,300000.0,2024-06-02
2024060203016540,NFS,41,54,800.0,600.0,480000.0,2024-06-02
2024060203016539,NFS,41,25,415.0,600.0,249000.0,2024-06-02
2024060203016538,NFS,41,54,250.0,600.0,150000.0,2024-06-02
2024060203016537,NFS,41,72,355.0,600.0,213000.0,2024-06-02
2024060203016536,NFS,41,59,50.0,600.0,30000.0,2024-06-02
2024060203016535,NFS,41,3,200.0,600.0,120000.0,2024-06-02
2024060203016534,NFS,41,26,225.0,600.0,135000.0,2024-06-02
2024060203016533,NFS,41,34,10.0,600.0,6000.0,2024-06-02
2024060203016532,NFS,41,58,300.0,600.0,180000.0,2024-06-02
2024060203016531,NFS,41,62,870.0,600.0,522000.0,2024-06-02
2024060203016530,NFS,41,34,100.0,600.0,60000.0,2024-06-02
2024060203016529,NFS,41,39,20.0,600.0,12000.0,2024-06-02
2024060203016528,NFS,41,41,70.0,600.0,42000.0,2024-06-02
2024060203016527,NFS,41,28,10.0,600.0,6000.0,2024-06-02
2024060203016526,NFS,41,45,110.0,600.0,66000.0,2024-06-02
2024060203016525,NFS,41,41,20.0,600.0,12000.0,2024-06-02
2024060203016524,NFS,41,32,50.0,600.0,30000.0,2024-06-02
2024060203016523,NFS,41,56,100.0,600.0,60000.0,2024-06-02
2024060203016522,NFS,41,58,600.0,600.0,360000.0,2024-06-02
2024060203016521,NFS,41,48,20.0,600.0,12000.0,2024-06-02
2024060203016520,NFS,41,16,161.0,600.0,96600.0,2024-06-02
2024060203016519,NFS,41,10,100.0,599.9,59990.0,2024-06-02
2024060203016518,NFS,41,38,400.0,599.0,239600.0,2024-06-02
2024060203016517,NFS,41,65,500.0,599.0,299500.0,2024-06-02
2024060203016516,NFS,41,74,500.0,598.8,299400.0,2024-06-02
2024060203016515,NFS,41,8,100.0,598.0,59800.0,2024-06-02
2024060203016514,NFS,41,42,30.0,597.0,17910.0,2024-06-02
2024060203016513,NFS,41,59,4175.0,597.0,2492475.0,2024-06-02
2024060203016512,NFS,41,1,100.0,595.0,59500.0,2024-06-02
2024060203016511,NFS,41,72,250.0,595.0,148750.0,2024-06-02
2024060203016510,NFS,41,19,100.0,595.0,59500.0,2024-06-02
2024060203016509,NFS,41,34,500.0,595.0,297500.0,2024-06-02
2024060203016508,NFS,41,40,50.0,595.0,29750.0,2024-06-02
2024060203016507,NFS,41,34,346.0,595.0,205870.0,2024-06-02
2024060203016506,NFS,41,39,170.0,593.0,100810.0,2024-06-02
2024060203016505,NFS,41,20,400.0,592.0,236800.0,2024-06-02
2024060203016504,NFS,41,29,376.0,592.0,222592.0,2024-06-02
2024060203016503,NFS,41,32,100.0,591.6,59160.0,2024-06-02
2024060203016502,NFS,41,8,67.0,591.5,39630.5,2024-06-02
2024060205005005,NIFRA,69,46,450.0,198.2,89190.0,2024-06-02
2024060204008929,JOSHI,7,33,32.0,305.4,9772.8,2024-06-02
2024060201034227,SPHL,29,35,20.0,508.0,10160.0,2024-06-02
2024060201034226,SPHL,29,35,105.0,507.0,53235.0,2024-06-02
2024060201034225,SAHAS,55,88,10.0,539.0,5390.0,2024-06-02
2024060201034224,SAHAS,55,36,490.0,539.0,264110.0,2024-06-02
2024060204008928,AKPL,1,49,150.0,169.3,25395.0,2024-06-02
2024060204008927,AKPL,1,16,500.0,169.1,84550.0,2024-06-02
2024060204008926,AKPL,1,22,100.0,169.0,16900.0,2024-06-02
2024060204008925,AKPL,1,84,1000.0,169.0,169000.0,2024-06-02
2024060204008924,AKPL,1,14,1000.0,169.0,169000.0,2024-06-02
2024060204008923,AKPL,1,34,500.0,169.0,84500.0,2024-06-02
2024060204008922,AKPL,1,22,25.0,169.0,4225.0,2024-06-02
2024060204008921,AKPL,1,57,491.0,169.0,82979.0,2024-06-02
2024060204008920,AKPL,1,25,20.0,169.0,3380.0,2024-06-02
2024060204008919,AKPL,1,58,10.0,168.8,1688.0,2024-06-02
2024060204008918,AKPL,1,49,33.0,168.8,5570.4,2024-06-02
2024060204008917,AKPL,1,35,1141.0,168.8,192600.8,2024-06-02
2024060204008916,AKPL,1,59,50.0,168.0,8400.0,2024-06-02
2024060204008915,AKPL,1,34,20.0,168.0,3360.0,2024-06-02
2024060204008914,AKPL,1,42,186.0,168.0,31248.0,2024-06-02
2024060204008913,AKPL,1,42,1000.0,168.0,168000.0,2024-06-02
2024060204008912,AKPL,1,26,500.0,168.0,84000.0,2024-06-02
2024060204008911,AKPL,1,45,10.0,168.0,1680.0,2024-06-02
2024060204008910,AKPL,1,50,609.0,168.0,102312.0,2024-06-02
2024060204008909,AKPL,1,21,170.0,168.0,28560.0,2024-06-02
2024060204008908,AKPL,1,43,300.0,167.8,50340.0,2024-06-02
2024060204008907,AKPL,1,34,177.0,167.5,29647.5,2024-06-02
2024060201034223,TAMOR,49,14,93.0,385.0,35805.0,2024-06-02
2024060203016501,GFCL,58,42,500.0,464.9,232450.0,2024-06-02
2024060201034222,MEHL,47,37,100.0,355.0,35500.0,2024-06-02
2024060201034221,MEHL,47,53,79.0,355.0,28045.0,2024-06-02
2024060205005004,NRIC,42,85,19.0,666.0,12654.0,2024-06-02
2024060201034220,ULHC,49,4,50.0,426.0,21300.0,2024-06-02
2024060201034219,DOLTI,5,4,49.0,433.0,21217.0,2024-06-02
2024060203016500,ILBS,49,75,200.0,1285.0,257000.0,2024-06-02
2024060203016499,SDLBSL,6,63,10.0,918.0,9180.0,2024-06-02
2024060203016498,PMLI,93,29,10.0,503.1,5031.0,2024-06-02
2024060201034218,NMB,28,19,10.0,201.4,2014.0,2024-06-02
2024060201034217,HBL,13,57,100.0,193.3,19330.0,2024-06-02
2024060203016497,SIFC,26,57,10.0,436.0,4360.0,2024-06-02
2024060203016496,JSLBB,33,35,10.0,1297.0,12970.0,2024-06-02
2024060203016495,SADBL,6,26,200.0,315.5,63100.0,2024-06-02
2024060203016494,SADBL,17,26,50.0,315.7,15785.0,2024-06-02
2024060204008906,MHNL,26,58,300.0,237.0,71100.0,2024-06-02
2024060204008905,MHNL,49,58,50.0,237.0,11850.0,2024-06-02
2024060204008904,MHNL,26,58,1000.0,237.0,237000.0,2024-06-02
2024060201034216,MCHL,58,58,250.0,414.0,103500.0,2024-06-02
2024060204008903,AHPC,58,13,100.0,157.2,15720.0,2024-06-02
2024060201034215,CYCL,58,83,10.0,1432.0,14320.0,2024-06-02
2024060204008902,NLG,45,35,12.0,756.0,9072.0,2024-06-02
2024060203016493,JBBL,49,6,15.0,292.0,4380.0,2024-06-02
2024060201034214,SHIVM,58,10,184.0,497.6,91558.4,2024-06-02
2024060201034213,SHIVM,14,10,746.0,497.6,371209.6,2024-06-02
2024060201034212,SHIVM,36,10,300.0,497.7,149310.0,2024-06-02
2024060201034211,SHIVM,82,10,100.0,498.0,49800.0,2024-06-02
2024060201034210,SHIVM,50,10,10.0,498.0,4980.0,2024-06-02
2024060201034209,SHIVM,49,10,160.0,499.0,79840.0,2024-06-02
2024060203016492,HLI,6,33,140.0,388.0,54320.0,2024-06-02
2024060203016491,HLI,53,33,10.0,388.0,3880.0,2024-06-02
2024060203016490,SFCL,47,11,312.0,348.0,108576.0,2024-06-02
2024060203016489,SFCL,57,11,188.0,348.0,65424.0,2024-06-02
2024060203016488,GMFBS,62,26,10.0,1250.8,12508.0,2024-06-02
2024060201034208,SMH,59,28,300.0,707.0,212100.0,2024-06-02
2024060201034207,SMH,59,28,100.0,708.1,70810.0,2024-06-02
2024060203016487,WNLB,21,35,20.0,1358.0,27160.0,2024-06-02
2024060201034206,SPHL,14,35,60.0,507.0,30420.0,2024-06-02
2024060201034205,NWCL,37,40,10.0,820.0,8200.0,2024-06-02
2024060201034204,MCHL,45,39,10.0,414.9,4149.0,2024-06-02
2024060203016486,HLBSL,96,45,30.0,1197.2,35916.0,2024-06-02
2024060203016485,HLBSL,62,45,120.0,1197.3,143676.0,2024-06-02
2024060203016484,HLBSL,18,45,150.0,1197.5,179625.0,2024-06-02
2024060201034203,KBSH,44,28,195.0,1140.0,222300.0,2024-06-02
2024060201034202,KBSH,44,44,65.0,1139.0,74035.0,2024-06-02
2024060201034201,KBSH,44,88,10.0,1132.0,11320.0,2024-06-02
2024060201034200,KBSH,44,35,30.0,1130.0,33900.0,2024-06-02
2024060201034199,KBSH,44,14,100.0,1130.0,113000.0,2024-06-02
2024060203016483,SABSL,32,7,10.0,943.0,9430.0,2024-06-02
2024060201034198,NESDO,38,43,35.0,1912.0,66920.0,2024-06-02
2024060201034197,NESDO,64,43,65.0,1912.1,124286.5,2024-06-02
2024060201034196,HBL,6,22,179.0,194.0,34726.0,2024-06-02
2024060201034195,HBL,6,52,21.0,193.4,4061.4,2024-06-02
2024060201034194,AVYAN,58,54,10.0,843.0,8430.0,2024-06-02
2024060201034193,AVYAN,35,54,50.0,843.0,42150.0,2024-06-02
2024060201034192,AVYAN,52,54,10.0,844.0,8440.0,2024-06-02
2024060201034191,AVYAN,52,54,10.0,844.0,8440.0,2024-06-02
2024060201034190,AVYAN,44,54,10.0,845.0,8450.0,2024-06-02
2024060201034189,ULHC,69,7,60.0,427.0,25620.0,2024-06-02
2024060201034188,ULHC,69,42,40.0,427.0,17080.0,2024-06-02
2024060201034187,NMB,28,19,10.0,201.4,2014.0,2024-06-02
2024060203016482,GFCL,35,38,70.0,462.0,32340.0,2024-06-02
2024060201034186,AHL,91,38,200.0,490.0,98000.0,2024-06-02
2024060203016481,SMB,36,1,10.0,1575.0,15750.0,2024-06-02
2024060201034185,SONA,57,36,10.0,445.3,4453.0,2024-06-02
2024060204008901,RIDI,37,58,51.0,170.0,8670.0,2024-06-02
2024060204008900,RIDI,37,19,76.0,170.0,12920.0,2024-06-02
2024060201034184,NABIL,41,25,69.0,489.9,33803.1,2024-06-02
2024060205005003,CHDC,58,14,130.0,891.0,115830.0,2024-06-02
2024060205005002,CHDC,49,14,270.0,891.0,240570.0,2024-06-02
2024060205005001,CHDC,54,14,100.0,891.1,89110.0,2024-06-02
2024060203016480,BFC,58,54,100.0,431.2,43120.0,2024-06-02
2024060203016479,NFS,91,8,33.0,591.5,19519.5,2024-06-02
2024060204008899,API,25,47,769.0,168.0,129192.0,2024-06-02
2024060204008898,API,48,47,100.0,168.0,16800.0,2024-06-02
2024060204008897,API,48,47,25.0,168.0,4200.0,2024-06-02
2024060204008896,API,44,47,86.0,168.1,14456.6,2024-06-02
2024060203016478,SHINE,51,21,500.0,390.1,195050.0,2024-06-02
2024060203016477,SHINE,38,21,500.0,390.1,195050.0,2024-06-02
2024060204008895,IGI,58,21,30.0,531.2,15936.0,2024-06-02
2024060201034183,JBLB,13,19,50.0,1310.0,65500.0,2024-06-02
2024060203016476,KRBL,59,44,20.0,424.0,8480.0,2024-06-02
2024060201034182,AVYAN,52,54,10.0,850.0,8500.0,2024-06-02
2024060201034181,AVYAN,52,39,10.0,849.0,8490.0,2024-06-02
2024060201034180,AVYAN,52,48,10.0,848.0,8480.0,2024-06-02
2024060204008894,CGH,49,6,30.0,846.0,25380.0,2024-06-02
2024060201034179,RNLI,21,49,11.0,429.0,4719.0,2024-06-02
2024060204008893,SGIC,42,54,200.0,531.0,106200.0,2024-06-02
2024060203016475,PFL,32,33,50.0,654.0,32700.0,2024-06-02
2024060201034178,ILI,62,74,50.0,436.0,21800.0,2024-06-02
2024060201034177,ILI,32,74,50.0,436.0,21800.0,2024-06-02
2024060201034176,ILI,19,42,60.0,436.5,26190.0,2024-06-02
2024060203016474,NFS,91,18,300.0,591.5,177450.0,2024-06-02
2024060201034175,NMB,28,16,10.0,201.0,2010.0,2024-06-02
2024060204008892,CGH,28,6,70.0,846.0,59220.0,2024-06-02
2024060201034174,BNHC,53,39,50.0,610.9,30545.0,2024-06-02
2024060204008891,LEC,35,34,100.0,180.4,18040.0,2024-06-02
2024060204008890,LEC,45,34,100.0,180.4,18040.0,2024-06-02
2024060201034173,UNLB,34,58,10.0,1935.0,19350.0,2024-06-02
2024060201034172,MCHL,58,57,10.0,414.0,4140.0,2024-06-02
2024060203016473,SDLBSL,34,63,33.0,918.0,30294.0,2024-06-02
2024060203016472,SDLBSL,34,34,17.0,918.0,15606.0,2024-06-02
2024060201034171,MKHL,57,55,34.0,468.1,15915.4,2024-06-02
2024060203016471,NLIC,45,46,10.0,616.0,6160.0,2024-06-02
2024060205005000,NRIC,58,85,15.0,666.0,9990.0,2024-06-02
2024060204008889,SALICO,47,4,15.0,690.0,10350.0,2024-06-02
2024060204008888,SHPC,58,47,100.0,330.1,33010.0,2024-06-02
2024060205004999,CHDC,6,48,100.0,891.1,89110.0,2024-06-02
2024060201034170,SMHL,54,71,70.0,533.3,37331.0,2024-06-02
2024060201034169,SMHL,57,71,50.0,533.3,26665.0,2024-06-02
2024060201034168,SMHL,57,71,140.0,533.5,74690.0,2024-06-02
2024060201034167,SMHL,48,71,100.0,534.0,53400.0,2024-06-02
2024060201034166,SMHL,14,71,10.0,535.0,5350.0,2024-06-02
2024060201034165,SMHL,14,71,630.0,535.0,337050.0,2024-06-02
2024060201034164,SHIVM,49,25,340.0,499.0,169660.0,2024-06-02
2024060201034163,SARBTM,17,35,25.0,835.0,20875.0,2024-06-02
2024060203016470,CFCL,64,43,577.0,410.0,236570.0,2024-06-02
2024060204008887,RADHI,43,58,30.0,231.5,6945.0,2024-06-02
2024060204008886,IGI,58,74,50.0,531.2,26560.0,2024-06-02
2024060204008885,LEC,45,19,200.0,180.4,36080.0,2024-06-02
2024060201034162,SMJC,45,57,785.0,392.5,308112.5,2024-06-02
2024060201034161,SMJC,32,57,115.0,393.0,45195.0,2024-06-02
2024060203016469,GILB,62,55,40.0,1240.1,49604.0,2024-06-02
2024060204008884,UMRH,25,35,75.0,370.0,27750.0,2024-06-02
2024060204008883,RHPL,39,46,10.0,270.0,2700.0,2024-06-02
2024060201034160,HATHY,59,58,39.0,893.6,34850.4,2024-06-02
2024060201034159,HATHY,36,58,20.0,894.0,17880.0,2024-06-02
2024060203016468,FMDBL,81,58,195.0,692.5,135037.5,2024-06-02
2024060203016467,FMDBL,49,58,220.0,692.5,152350.0,2024-06-02
2024060203016466,FMDBL,34,58,435.0,692.6,301281.0,2024-06-02
2024060203016465,FMDBL,66,58,150.0,700.0,105000.0,2024-06-02
2024060203016464,MNBBL,42,58,62.0,346.0,21452.0,2024-06-02
2024060203016463,MNBBL,42,35,518.0,346.0,179228.0,2024-06-02
2024060203016462,BFC,6,21,247.0,431.0,106457.0,2024-06-02
2024060203016461,BFC,34,21,100.0,431.1,43110.0,2024-06-02
2024060203016460,BFC,56,21,643.0,431.2,277261.6,2024-06-02
2024060203016459,BFC,38,21,10.0,431.5,4315.0,2024-06-02
2024060203016458,PFL,41,13,30.0,653.0,19590.0,2024-06-02
2024060203016457,PFL,42,13,20.0,653.1,13062.0,2024-06-02
2024060203016456,PFL,49,13,50.0,653.1,32655.0,2024-06-02
2024060201034158,CLI,47,59,10.0,471.0,4710.0,2024-06-02
2024060203016455,ALBSL,11,65,10.0,942.9,9429.0,2024-06-02
2024060204008882,AKPL,39,34,215.0,167.5,36012.5,2024-06-02
2024060204008881,AKPL,39,45,785.0,167.4,131409.0,2024-06-02
2024060203016454,LICN,34,18,10.0,1374.6,13746.0,2024-06-02
2024060203016453,ILBS,58,34,68.0,1282.0,87176.0,2024-06-02
2024060201034157,EHPL,10,34,267.0,514.0,137238.0,2024-06-02
2024060201034156,EHPL,10,34,300.0,514.1,154230.0,2024-06-02
2024060201034155,EHPL,17,34,103.0,514.2,52962.6,2024-06-02
2024060201034154,NWCL,37,34,150.0,820.0,123000.0,2024-06-02
2024060205004998,NIFRA,44,46,2000.0,198.0,396000.0,2024-06-02
2024060201034153,SANIMA,22,6,40.0,253.0,10120.0,2024-06-02
2024060201034152,ILI,13,7,50.0,436.0,21800.0,2024-06-02
2024060201034151,ILI,14,7,20.0,436.0,8720.0,2024-06-02
2024060201034150,ILI,80,7,200.0,436.0,87200.0,2024-06-02
2024060201034149,ILI,35,7,25.0,436.0,10900.0,2024-06-02
2024060203016452,SAPDBL,19,7,90.0,322.0,28980.0,2024-06-02
2024060203016451,SAPDBL,45,7,20.0,322.0,6440.0,2024-06-02
2024060203016450,SAPDBL,21,7,10.0,325.0,3250.0,2024-06-02
2024060203016449,SFCL,47,32,13.0,349.0,4537.0,2024-06-02
2024060203016448,SFCL,47,56,17.0,349.0,5933.0,2024-06-02
2024060203016447,GUFL,65,47,100.0,669.4,66940.0,2024-06-02
2024060201034148,SAHAS,42,36,10.0,539.0,5390.0,2024-06-02
2024060201034147,SAHAS,42,38,10.0,538.9,5389.0,2024-06-02
2024060201034146,USHL,21,47,10.0,514.0,5140.0,2024-06-02
2024060201034145,USHL,21,58,10.0,512.0,5120.0,2024-06-02
2024060203016446,FMDBL,66,47,50.0,700.0,35000.0,2024-06-02
2024060204008880,AHPC,58,13,19.0,157.2,2986.8,2024-06-02
2024060201034144,MCHL,58,34,230.0,414.0,95220.0,2024-06-02
2024060201034143,MCHL,58,57,10.0,414.0,4140.0,2024-06-02
2024060201034142,MCHL,58,59,300.0,414.0,124200.0,2024-06-02
2024060201034141,MCHL,58,52,190.0,413.5,78565.0,2024-06-02
2024060201034140,CYCL,58,58,12.0,1428.0,17136.0,2024-06-02
2024060201034139,BEDC,25,13,20.0,413.0,8260.0,2024-06-02
2024060201034138,SHIVM,56,25,10.0,499.0,4990.0,2024-06-02
2024060201034137,UHEWA,32,34,10.0,400.0,4000.0,2024-06-02
2024060203016445,MFIL,43,49,60.0,507.0,30420.0,2024-06-02
2024060204008879,NHPC,49,38,100.0,145.9,14590.0,2024-06-02
2024060204008878,UMRH,41,57,10.0,370.4,3704.0,2024-06-02
2024060203016444,SJLIC,48,59,100.0,413.2,41320.0,2024-06-02
2024060203016443,PROFL,55,54,180.0,351.0,63180.0,2024-06-02
2024060201034136,NIMBPO,19,34,5000.0,137.5,687500.0,2024-06-02
2024060201034135,NIMBPO,19,55,1000.0,137.5,137500.0,2024-06-02
2024060203016442,SKBBL,39,38,10.0,811.0,8110.0,2024-06-02
2024060204008877,RIDI,38,19,588.0,170.0,99960.0,2024-06-02
2024060204008876,RIDI,38,58,301.0,170.0,51170.0,2024-06-02
2024060204008875,RIDI,38,36,111.0,170.0,18870.0,2024-06-02
2024060204008874,JOSHI,7,57,388.0,305.4,118495.2,2024-06-02
2024060201034134,MKCL,56,14,70.0,981.0,68670.0,2024-06-02
2024060201034133,HDL,22,53,50.0,1303.0,65150.0,2024-06-02
2024060204008873,KPCL,17,7,73.0,449.0,32777.0,2024-06-02
2024060204008872,KPCL,58,7,184.0,449.0,82616.0,2024-06-02
2024060204008871,KPCL,60,7,250.0,449.1,112275.0,2024-06-02
2024060204008870,KPCL,67,7,13.0,450.0,5850.0,2024-06-02
2024060204008869,PRIN,7,1,218.0,779.0,169822.0,2024-06-02
2024060204008868,PRIN,7,11,200.0,778.0,155600.0,2024-06-02
2024060204008867,PRIN,7,17,24.0,778.0,18672.0,2024-06-02
2024060204008866,PRIN,7,59,116.0,777.0,90132.0,2024-06-02
2024060204008865,SHEL,57,8,170.0,158.0,26860.0,2024-06-02
2024060201034132,NABIL,41,45,31.0,489.9,15186.9,2024-06-02
2024060201034131,NABIL,51,45,39.0,489.9,19106.1,2024-06-02
2024060201034130,NABIL,17,45,30.0,489.9,14697.0,2024-06-02
2024060201034129,BGWT,65,42,10.0,863.4,8634.0,2024-06-02
2024060203016441,GMFIL,65,7,990.0,404.0,399960.0,2024-06-02
2024060203016440,GMFIL,65,32,110.0,403.9,44429.0,2024-06-02
2024060203016439,GMFIL,65,10,200.0,403.5,80700.0,2024-06-02
2024060203016438,GMFIL,65,37,100.0,403.0,40300.0,2024-06-02
2024060203016437,CFCL,64,49,200.0,410.0,82000.0,2024-06-02
2024060201034128,SONA,51,22,35.0,445.5,15592.5,2024-06-02
2024060201034127,MANDU,19,29,10.0,853.0,8530.0,2024-06-02
2024060201034126,MBJC,58,36,10.0,295.2,2952.0,2024-06-02
2024060201034125,ILI,35,36,75.0,436.0,32700.0,2024-06-02
2024060201034124,ILI,5,36,15.0,436.0,6540.0,2024-06-02
2024060201034123,ILI,42,36,30.0,436.0,13080.0,2024-06-02
2024060201034122,ILI,72,36,100.0,436.1,43610.0,2024-06-02
2024060201034121,SONA,57,19,10.0,445.3,4453.0,2024-06-02
2024060201034120,SONA,57,49,64.0,445.3,28499.2,2024-06-02
2024060203016436,GBBL,58,34,67.0,361.2,24200.4,2024-06-02
2024060201034119,MBJC,58,26,1825.0,295.2,538740.0,2024-06-02
2024060201034118,MBJC,42,26,55.0,295.3,16241.5,2024-06-02
2024060201034117,MBJC,57,26,70.0,295.4,20678.0,2024-06-02
2024060201034116,MBJC,34,26,50.0,295.6,14780.0,2024-06-02
2024060201034115,SMJC,32,76,35.0,393.0,13755.0,2024-06-02
2024060201034114,SMJC,4,76,50.0,393.6,19680.0,2024-06-02
2024060201034113,SMJC,4,76,15.0,393.9,5908.5,2024-06-02
2024060204008864,HURJA,7,7,1000.0,280.2,280200.0,2024-06-02
2024060204008863,AHPC,51,42,500.0,157.1,78550.0,2024-06-02
2024060203016435,SAPDBL,21,57,10.0,325.0,3250.0,2024-06-02
2024060201034112,CLI,47,66,10.0,471.0,4710.0,2024-06-02
2024060203016434,RSDC,17,88,186.0,671.3,124861.8,2024-06-02
2024060203016433,RSDC,33,88,250.0,671.4,167850.0,2024-06-02
2024060203016432,RSDC,22,88,14.0,672.0,9408.0,2024-06-02
2024060203016431,NICLBSL,65,96,100.0,643.0,64300.0,2024-06-02
2024060205004997,NRN,58,81,500.0,576.0,288000.0,2024-06-02
2024060201034111,SPL,62,34,20.0,710.0,14200.0,2024-06-02
2024060201034110,SPL,62,57,10.0,710.0,7100.0,2024-06-02
2024060201034109,SPL,62,51,10.0,710.0,7100.0,2024-06-02
2024060201034108,SPL,62,51,100.0,710.0,71000.0,2024-06-02
2024060201034107,SPL,62,58,10.0,710.0,7100.0,2024-06-02
2024060201034106,SPL,62,14,20.0,710.0,14200.0,2024-06-02
2024060201034105,SPL,62,57,10.0,709.0,7090.0,2024-06-02
2024060201034104,SPL,62,57,10.0,709.0,7090.0,2024-06-02
2024060201034103,SPL,62,39,90.0,709.0,63810.0,2024-06-02
2024060201034102,SPL,62,42,10.0,708.9,7089.0,2024-06-02
2024060201034101,SPL,62,42,10.0,707.0,7070.0,2024-06-02
2024060201034100,NMB,28,19,20.0,201.4,4028.0,2024-06-02
2024060203016430,SLBBL,28,56,50.0,733.9,36695.0,2024-06-02
2024060201034099,NMB,28,19,10.0,201.4,2014.0,2024-06-02
2024060204008862,SHEL,57,50,475.0,158.0,75050.0,2024-06-02
2024060204008861,SHEL,35,50,90.0,158.0,14220.0,2024-06-02
2024060204008860,SHEL,49,50,435.0,158.0,68730.0,2024-06-02
2024060201034098,MKLB,25,58,10.0,1057.6,10576.0,2024-06-02
2024060201034097,RNLI,21,41,44.0,429.0,18876.0,2024-06-02
2024060201034096,ULHC,45,42,60.0,427.0,25620.0,2024-06-02
2024060201034095,NMB,58,19,10.0,201.4,2014.0,2024-06-02
2024060204008859,SHEL,49,56,100.0,158.0,15800.0,2024-06-02
2024060203016429,BFC,56,49,100.0,431.2,43120.0,2024-06-02
2024060205004996,HRL,55,6,20.0,580.0,11600.0,2024-06-02
2024060203016428,RSDC,33,28,50.0,671.4,33570.0,2024-06-02
2024060203016427,SLBBL,38,33,50.0,730.0,36500.0,2024-06-02
2024060203016426,JFL,41,19,1800.0,569.8,1025640.0,2024-06-02
2024060203016425,SWBBL,50,49,10.0,810.0,8100.0,2024-06-02
2024060203016424,SWBBL,50,10,50.0,809.0,40450.0,2024-06-02
2024060205004995,HRL,55,34,20.0,580.0,11600.0,2024-06-02
2024060204008858,RADHI,14,45,397.0,231.0,91707.0,2024-06-02
2024060201034094,MANDU,19,21,10.0,853.0,8530.0,2024-06-02
2024060201034093,DLBS,91,51,10.0,1196.0,11960.0,2024-06-02
2024060201034092,SAHAS,11,26,10.0,532.0,5320.0,2024-06-02
2024060201034091,ULHC,45,62,120.0,427.0,51240.0,2024-06-02
2024060204008857,NICL,32,45,35.0,836.5,29277.5,2024-06-02
2024060201034090,PHCL,36,16,50.0,301.0,15050.0,2024-06-02
2024060203016423,GMFBS,43,57,21.0,1241.1,26063.1,2024-06-02
2024060203016422,GMFBS,43,57,11.0,1244.9,13693.9,2024-06-02
2024060205004994,HIDCL,21,57,200.0,164.2,32840.0,2024-06-02
2024060203016421,CFCL,38,34,29.0,412.0,11948.0,2024-06-02
2024060203016420,CFCL,38,38,30.0,411.1,12333.0,2024-06-02
2024060203016419,CFCL,38,32,91.0,411.0,37401.0,2024-06-02
2024060204008856,KPCL,67,50,987.0,450.0,444150.0,2024-06-02
2024060204008855,KPCL,67,50,986.0,450.1,443798.6,2024-06-02
2024060204008854,KPCL,64,50,27.0,451.0,12177.0,2024-06-02
2024060201034089,BNHC,53,35,100.0,610.9,61090.0,2024-06-02
2024060204008853,SHL,3,39,100.0,438.0,43800.0,2024-06-02
2024060203016418,BFC,22,14,4.0,432.0,1728.0,2024-06-02
2024060203016417,BFC,22,49,146.0,432.0,63072.0,2024-06-02
2024060203016416,BFC,22,20,200.0,432.0,86400.0,2024-06-02
2024060203016415,BFC,22,46,150.0,431.5,64725.0,2024-06-02
2024060203016414,RLFL,22,45,30.0,406.0,12180.0,2024-06-02
2024060201034088,KDL,75,49,10.0,1255.0,12550.0,2024-06-02
2024060201034087,KDL,75,7,500.0,1255.0,627500.0,2024-06-02
2024060201034086,KDL,75,7,100.0,1255.0,125500.0,2024-06-02
2024060201034085,KDL,75,19,10.0,1255.0,12550.0,2024-06-02
2024060201034084,KDL,75,46,10.0,1255.0,12550.0,2024-06-02
2024060201034083,KDL,75,51,20.0,1255.0,25100.0,2024-06-02
2024060201034082,KDL,75,36,10.0,1255.0,12550.0,2024-06-02
2024060201034081,KDL,75,38,10.0,1255.0,12550.0,2024-06-02
2024060201034080,KDL,75,38,10.0,1255.0,12550.0,2024-06-02
2024060201034079,KDL,75,26,20.0,1255.0,25100.0,2024-06-02
2024060201034078,KDL,75,42,20.0,1254.0,25080.0,2024-06-02
2024060201034077,KDL,75,33,10.0,1254.0,12540.0,2024-06-02
2024060201034076,KDL,75,58,10.0,1254.0,12540.0,2024-06-02
2024060201034075,KDL,75,6,10.0,1254.0,12540.0,2024-06-02
2024060201034074,KDL,75,7,10.0,1252.0,12520.0,2024-06-02
2024060201034073,KDL,75,6,10.0,1252.0,12520.0,2024-06-02
2024060201034072,KDL,75,55,200.0,1250.0,250000.0,2024-06-02
2024060201034071,KDL,75,3,10.0,1250.0,12500.0,2024-06-02
2024060201034070,KDL,75,41,10.0,1250.0,12500.0,2024-06-02
2024060201034069,KDL,75,33,10.0,1248.0,12480.0,2024-06-02
2024060203016413,NFS,91,4,67.0,591.5,39630.5,2024-06-02
2024060203016412,NFS,28,4,433.0,591.6,256162.8,2024-06-02
2024060201034068,MEL,58,71,65.0,230.0,14950.0,2024-06-02
2024060201034067,MEL,58,38,10.0,230.0,2300.0,2024-06-02
2024060201034066,MEL,58,16,10.0,230.0,2300.0,2024-06-02
2024060201034065,MEL,58,21,10.0,230.0,2300.0,2024-06-02
2024060201034064,MEL,58,32,10.0,230.0,2300.0,2024-06-02
2024060201034063,MEL,58,34,10.0,230.0,2300.0,2024-06-02
2024060201034062,MEL,58,42,10.0,230.0,2300.0,2024-06-02
2024060201034061,MEL,58,45,10.0,230.0,2300.0,2024-06-02
2024060201034060,MEL,58,32,10.0,230.0,2300.0,2024-06-02
2024060201034059,MEL,58,47,10.0,230.0,2300.0,2024-06-02
2024060201034058,MEL,58,58,200.0,229.9,45980.0,2024-06-02
2024060201034057,MEL,58,28,40.0,229.5,9180.0,2024-06-02
2024060201034056,MEL,58,42,10.0,229.5,2295.0,2024-06-02
2024060201034055,MEL,58,25,10.0,229.4,2294.0,2024-06-02
2024060201034054,MEL,58,56,10.0,229.4,2294.0,2024-06-02
2024060201034053,MEL,58,36,10.0,229.3,2293.0,2024-06-02
2024060201034052,MEL,58,45,10.0,229.3,2293.0,2024-06-02
2024060201034051,MEL,58,52,10.0,229.0,2290.0,2024-06-02
2024060201034050,MEL,58,58,10.0,229.0,2290.0,2024-06-02
2024060201034049,MEL,58,58,10.0,229.0,2290.0,2024-06-02
2024060201034048,MEL,58,44,10.0,228.6,2286.0,2024-06-02
2024060201034047,MEL,58,34,10.0,228.6,2286.0,2024-06-02
2024060201034046,MEL,58,44,10.0,228.0,2280.0,2024-06-02
2024060201034045,MEL,58,38,495.0,227.9,112810.5,2024-06-02
2024060203016411,VLBS,45,58,130.0,920.0,119600.0,2024-06-02
2024060203016410,ILBS,58,45,10.0,1282.0,12820.0,2024-06-02
2024060201034044,TPC,17,88,100.0,509.9,50990.0,2024-06-02
2024060201034043,TPC,17,52,10.0,509.5,5095.0,2024-06-02
2024060201034042,TPC,17,62,10.0,509.0,5090.0,2024-06-02
2024060201034041,TPC,17,14,20.0,509.0,10180.0,2024-06-02
2024060201034040,TPC,17,52,160.0,508.0,81280.0,2024-06-02
2024060203016409,NMLBBL,10,28,50.0,714.0,35700.0,2024-06-02
2024060203016408,GILB,62,62,450.0,1244.0,559800.0,2024-06-02
2024060203016407,GILB,62,55,50.0,1244.0,62200.0,2024-06-02
2024060204008852,UPPER,45,36,1500.0,162.0,243000.0,2024-06-02
2024060203016406,RLFL,70,57,200.0,405.7,81140.0,2024-06-02
2024060201034039,MKLB,49,37,20.0,1041.0,20820.0,2024-06-02
2024060201034038,MKLB,47,37,39.0,1041.0,40599.0,2024-06-02
2024060201034037,MKLB,85,37,68.0,1045.0,71060.0,2024-06-02
2024060201034036,MKLB,14,37,20.0,1049.0,20980.0,2024-06-02
2024060201034035,MKLB,47,37,28.0,1057.0,29596.0,2024-06-02
2024060205004993,HIDCL,34,38,500.0,164.8,82400.0,2024-06-02
2024060203016405,SIFC,10,25,135.0,434.3,58630.5,2024-06-02
2024060203016404,SIFC,34,25,150.0,434.4,65160.0,2024-06-02
2024060203016403,SIFC,32,25,100.0,435.0,43500.0,2024-06-02
2024060203016402,SIFC,40,25,15.0,435.0,6525.0,2024-06-02
2024060203016401,SIFC,57,25,100.0,435.1,43510.0,2024-06-02
2024060201034034,HDL,3,53,10.0,1303.0,13030.0,2024-06-02
2024060201034033,ULHC,45,47,10.0,427.0,4270.0,2024-06-02
2024060201034032,KBL,8,25,10.0,142.9,1429.0,2024-06-02
2024060201034031,KBL,42,25,10.0,142.9,1429.0,2024-06-02
2024060201034030,MCHL,44,58,10.0,413.0,4130.0,2024-06-02
2024060201034029,MMKJL,58,56,10.0,437.1,4371.0,2024-06-02
2024060201034028,MKHC,16,17,97.0,334.0,32398.0,2024-06-02
2024060204008851,SALICO,47,11,11.0,686.0,7546.0,2024-06-02
2024060203016400,NADEP,60,33,50.0,771.1,38555.0,2024-06-02
2024060203016399,PFL,6,33,20.0,654.0,13080.0,2024-06-02
2024060203016398,PFL,42,33,10.0,654.0,6540.0,2024-06-02
2024060201034027,SONA,19,49,10.0,445.3,4453.0,2024-06-02
2024060201034026,NRM,35,71,100.0,377.0,37700.0,2024-06-02
2024060201034025,MKHL,57,19,70.0,468.1,32767.0,2024-06-02
2024060201034024,MKHL,44,19,930.0,468.2,435426.0,2024-06-02
2024060203016397,MSLB,38,34,13.0,1212.1,15757.3,2024-06-02
2024060203016396,MSLB,57,34,27.0,1212.2,32729.4,2024-06-02
2024060203016395,MSLB,48,34,100.0,1212.3,121230.0,2024-06-02
2024060203016394,MSLB,22,34,10.0,1213.0,12130.0,2024-06-02
2024060203016393,MSLB,35,34,100.0,1214.0,121400.0,2024-06-02
2024060201034023,SPC,5,45,10.0,529.0,5290.0,2024-06-02
2024060201034022,BNHC,53,5,40.0,610.9,24436.0,2024-06-02
2024060201034021,NYADI,3,58,10.0,295.0,2950.0,2024-06-02
2024060201034020,NYADI,3,35,10.0,295.0,2950.0,2024-06-02
2024060201034019,NYADI,3,34,10.0,295.0,2950.0,2024-06-02
2024060201034018,NYADI,3,56,70.0,295.0,20650.0,2024-06-02
2024060204008850,API,42,21,200.0,168.3,33660.0,2024-06-02
2024060205004992,CIT,58,45,28.0,2110.0,59080.0,2024-06-02
2024060205004991,CIT,58,45,10.0,2110.1,21101.0,2024-06-02
2024060205004990,CIT,38,45,120.0,2111.0,253320.0,2024-06-02
2024060204008849,AHPC,58,13,300.0,157.2,47160.0,2024-06-02
2024060201034017,MKHL,44,38,50.0,468.2,23410.0,2024-06-02
2024060201034016,MKHL,44,51,10.0,468.2,4682.0,2024-06-02
2024060201034015,MKHL,44,38,10.0,468.2,4682.0,2024-06-02
2024060203016392,VLBS,43,58,260.0,920.0,239200.0,2024-06-02
2024060201034014,NABIL,49,71,18.0,490.0,8820.0,2024-06-02
2024060201034013,NABIL,49,17,12.0,490.0,5880.0,2024-06-02
2024060201034012,RNLI,7,41,50.0,429.0,21450.0,2024-06-02
2024060201034011,RNLI,48,41,50.0,429.0,21450.0,2024-06-02
2024060201034010,EBL,42,74,30.0,526.0,15780.0,2024-06-02
2024060201034009,EBL,13,74,50.0,526.1,26305.0,2024-06-02
2024060201034008,NYADI,39,56,10.0,295.0,2950.0,2024-06-02
2024060201034007,NYADI,39,36,10.0,293.0,2930.0,2024-06-02
2024060203016391,NFS,28,57,50.0,591.6,29580.0,2024-06-02
2024060203016390,NMLBBL,50,28,10.0,714.0,7140.0,2024-06-02
2024060204008848,NHDL,50,19,10.0,506.1,5061.0,2024-06-02
2024060204008847,OHL,14,7,371.0,753.0,279363.0,2024-06-02
2024060204008846,OHL,34,7,19.0,753.0,14307.0,2024-06-02
2024060204008845,OHL,57,7,100.0,753.1,75310.0,2024-06-02
2024060205004989,HRL,55,47,50.0,580.0,29000.0,2024-06-02
2024060204008844,RHPL,4,45,20.0,272.0,5440.0,2024-06-02
2024060201034006,MKHL,57,45,10.0,468.1,4681.0,2024-06-02
2024060201034005,RNLI,58,36,84.0,429.7,36094.8,2024-06-02
2024060201034004,RNLI,58,58,10.0,429.5,4295.0,2024-06-02
2024060201034003,SIKLES,45,48,10.0,555.0,5550.0,2024-06-02
2024060203016389,PMLI,38,45,10.0,503.0,5030.0,2024-06-02
2024060201034002,LSL,51,85,20.0,163.0,3260.0,2024-06-02
2024060204008843,LEC,49,49,300.0,180.5,54150.0,2024-06-02
2024060204008842,LEC,11,49,40.0,180.5,7220.0,2024-06-02
2024060201034001,SONA,59,49,40.0,445.3,17812.0,2024-06-02
2024060204008841,BPCL,11,17,30.0,295.9,8877.0,2024-06-02
2024060203016388,EDBL,17,33,390.0,377.7,147303.0,2024-06-02
2024060203016387,GBBL,58,36,213.0,361.2,76935.6,2024-06-02
2024060203016386,GBBL,22,36,20.0,361.2,7224.0,2024-06-02
2024060203016385,GBBL,42,36,240.0,361.2,86688.0,2024-06-02
2024060201034000,AHL,91,19,10.0,490.0,4900.0,2024-06-02
2024060201033999,AHL,91,3,50.0,490.0,24500.0,2024-06-02
2024060204008840,MHNL,47,70,10.0,237.4,2374.0,2024-06-02
2024060201033998,NMB,28,64,990.0,201.0,198990.0,2024-06-02
2024060201033997,NMB,41,64,1000.0,201.2,201200.0,2024-06-02
2024060201033996,NMB,28,64,10.0,201.3,2013.0,2024-06-02
2024060201033995,AHL,91,45,100.0,490.0,49000.0,2024-06-02
2024060204008839,RIDI,42,36,50.0,170.0,8500.0,2024-06-02
2024060204008838,NICL,34,42,77.0,836.0,64372.0,2024-06-02
2024060204008837,NICL,39,42,20.0,836.0,16720.0,2024-06-02
2024060201033994,KBSH,44,14,200.0,1130.0,226000.0,2024-06-02
2024060201033993,KBSH,44,58,50.0,1129.0,56450.0,2024-06-02
2024060201033992,KBSH,44,7,50.0,1120.0,56000.0,2024-06-02
2024060201033991,KBSH,44,38,10.0,1120.0,11200.0,2024-06-02
2024060201033990,KBSH,44,56,90.0,1119.0,100710.0,2024-06-02
2024060201033989,BHDC,17,65,45.0,595.0,26775.0,2024-06-02
2024060201033988,BHDC,17,26,10.0,595.0,5950.0,2024-06-02
2024060201033987,BHDC,17,56,105.0,595.0,62475.0,2024-06-02
2024060201033986,BHDC,17,26,10.0,595.0,5950.0,2024-06-02
2024060201033985,BHDC,17,19,10.0,595.0,5950.0,2024-06-02
2024060201033984,BHDC,17,51,10.0,595.0,5950.0,2024-06-02
2024060201033983,RAWA,8,49,10.0,518.0,5180.0,2024-06-02
2024060201033982,MKHC,68,45,170.0,335.0,56950.0,2024-06-02
2024060201033981,MKHC,68,4,10.0,335.0,3350.0,2024-06-02
2024060201033980,MKHC,68,57,200.0,335.0,67000.0,2024-06-02
2024060201033979,MKHC,68,6,10.0,335.0,3350.0,2024-06-02
2024060201033978,MKHC,68,42,10.0,335.0,3350.0,2024-06-02
2024060205004988,HRL,55,25,10.0,580.0,5800.0,2024-06-02
2024060204008836,RIDI,42,36,21.0,170.0,3570.0,2024-06-02
2024060201033977,BGWT,65,45,100.0,868.8,86880.0,2024-06-02
2024060201033976,BGWT,65,58,70.0,868.0,60760.0,2024-06-02
2024060201033975,BGWT,65,35,10.0,863.0,8630.0,2024-06-02
2024060201033974,BGWT,65,49,10.0,863.0,8630.0,2024-06-02
2024060201033973,BGWT,65,58,50.0,855.0,42750.0,2024-06-02
2024060201033972,BGWT,65,45,10.0,846.6,8466.0,2024-06-02
2024060201033971,BGWT,65,56,150.0,846.5,126975.0,2024-06-02
2024060201033970,SONA,57,49,490.0,445.3,218197.0,2024-06-02
2024060201033969,MBL,42,62,126.0,171.1,21558.6,2024-06-02
2024060201033968,MBL,28,62,100.0,171.2,17120.0,2024-06-02
2024060201033967,MBL,59,62,100.0,171.2,17120.0,2024-06-02
2024060201033966,MBL,61,62,174.0,171.3,29806.2,2024-06-02
2024060203016384,SDLBSL,16,45,50.0,916.9,45845.0,2024-06-02
2024060201033965,PPL,14,38,190.0,446.0,84740.0,2024-06-02
2024060204008835,SPIL,37,50,100.0,768.4,76840.0,2024-06-02
2024060205004987,CHDC,32,35,1000.0,892.0,892000.0,2024-06-02
2024060205004986,CHDC,39,35,25.0,892.0,22300.0,2024-06-02
2024060205004985,CHDC,34,35,500.0,892.0,446000.0,2024-06-02
2024060205004984,CHDC,54,35,1058.0,892.0,943736.0,2024-06-02
2024060205004983,CHDC,42,35,500.0,892.1,446050.0,2024-06-02
2024060205004982,CHDC,32,35,500.0,892.3,446150.0,2024-06-02
2024060204008834,AHPC,51,1,902.0,157.1,141704.2,2024-06-02
2024060203016383,MNBBL,18,34,200.0,345.2,69040.0,2024-06-02
2024060203016382,NFS,28,53,17.0,591.6,10057.2,2024-06-02
2024060203016381,JFL,41,56,50.0,569.8,28490.0,2024-06-02
2024060203016380,PFL,58,17,65.0,654.9,42568.5,2024-06-02
2024060204008833,JOSHI,7,17,400.0,305.4,122160.0,2024-06-02
2024060201033964,MEL,49,38,125.0,227.9,28487.5,2024-06-02
2024060201033963,MEL,49,42,125.0,227.5,28437.5,2024-06-02
2024060201033962,GCIL,6,59,20.0,490.0,9800.0,2024-06-02
2024060201033961,MHL,70,6,158.0,448.0,70784.0,2024-06-02
2024060201033960,MHL,6,6,100.0,448.1,44810.0,2024-06-02
2024060201033959,MHL,42,6,10.0,450.0,4500.0,2024-06-02
2024060201033958,MHL,70,6,500.0,451.0,225500.0,2024-06-02
2024060201033957,MHL,48,6,160.0,451.2,72192.0,2024-06-02
2024060201033956,MHL,49,6,72.0,452.0,32544.0,2024-06-02
2024060201033955,ULHC,45,62,500.0,427.0,213500.0,2024-06-02
2024060204008832,SICL,38,17,50.0,702.0,35100.0,2024-06-02
2024060203016379,BFC,56,26,10.0,431.2,4312.0,2024-06-02
2024060205004981,HRL,55,35,20.0,580.0,11600.0,2024-06-02
2024060201033954,DOLTI,5,3,51.0,433.0,22083.0,2024-06-02
2024060201033953,DOLTI,42,3,149.0,433.0,64517.0,2024-06-02
2024060204008831,HEI,45,66,100.0,601.0,60100.0,2024-06-02
2024060201033952,NBL,4,57,30.0,214.0,6420.0,2024-06-02
2024060201033951,MEL,11,42,75.0,227.5,17062.5,2024-06-02
2024060203016378,PFL,17,1,100.0,655.0,65500.0,2024-06-02
2024060201033950,MCHL,58,52,10.0,413.5,4135.0,2024-06-02
2024060203016377,NABBC,35,51,100.0,577.0,57700.0,2024-06-02
2024060203016376,NABBC,7,51,50.0,577.9,28895.0,2024-06-02
2024060203016375,NABBC,89,51,148.0,578.2,85573.6,2024-06-02
2024060201033949,MEL,32,38,10.0,227.9,2279.0,2024-06-02
2024060201033948,CIZBD90,16,57,25.0,1040.0,26000.0,2024-06-02
2024060204008830,NHPC,6,50,85.0,145.4,12359.0,2024-06-02
2024060204008829,NHPC,19,50,200.0,145.6,29120.0,2024-06-02
2024060201033947,PHCL,72,47,495.0,303.0,149985.0,2024-06-02
2024060201033946,PHCL,72,50,315.0,303.0,95445.0,2024-06-02
2024060201033945,PHCL,72,38,10.0,303.0,3030.0,2024-06-02
2024060201033944,PHCL,72,80,10.0,303.0,3030.0,2024-06-02
2024060201033943,PHCL,72,26,10.0,303.0,3030.0,2024-06-02
2024060201033942,PHCL,72,4,1060.0,302.9,321074.0,2024-06-02
2024060201033941,PHCL,72,16,100.0,301.9,30190.0,2024-06-02
2024060205004980,SMATA,34,48,275.0,889.0,244475.0,2024-06-02
2024060203016374,CFCL,64,44,100.0,410.0,41000.0,2024-06-02
2024060204008828,AHPC,56,13,320.0,157.2,50304.0,2024-06-02
2024060204008827,AHPC,41,13,100.0,157.2,15720.0,2024-06-02
2024060204008826,AHPC,48,13,300.0,157.2,47160.0,2024-06-02
2024060204008825,AHPC,49,13,174.0,157.2,27352.8,2024-06-02
2024060203016373,FMDBL,34,58,65.0,692.6,45019.0,2024-06-02
2024060203016372,FMDBL,83,58,175.0,693.0,121275.0,2024-06-02
2024060203016371,FMDBL,17,58,50.0,694.0,34700.0,2024-06-02
2024060203016370,FMDBL,52,58,10.0,695.0,6950.0,2024-06-02
2024060204008824,NIL,49,58,140.0,805.0,112700.0,2024-06-02
2024060203016369,CFCL,64,51,740.0,410.0,303400.0,2024-06-02
2024060203016368,GRDBL,77,84,500.0,436.9,218450.0,2024-06-02
2024060203016367,GRDBL,77,66,101.0,436.7,44106.7,2024-06-02
2024060203016366,GRDBL,77,33,179.0,436.5,78133.5,2024-06-02
2024060203016365,GRDBL,77,20,100.0,436.0,43600.0,2024-06-02
2024060203016364,GRDBL,77,44,20.0,436.0,8720.0,2024-06-02
2024060203016363,GRDBL,77,71,100.0,435.0,43500.0,2024-06-02
2024060204008823,CGH,42,6,40.0,846.4,33856.0,2024-06-02
2024060204008822,CGH,54,6,100.0,847.0,84700.0,2024-06-02
2024060204008821,CGH,45,6,100.0,847.0,84700.0,2024-06-02
2024060204008820,CGH,33,6,30.0,847.3,25419.0,2024-06-02
2024060204008819,CGH,57,6,100.0,848.0,84800.0,2024-06-02
2024060205004979,NRN,58,94,34.0,576.0,19584.0,2024-06-02
2024060205004978,NRN,29,94,30.0,576.0,17280.0,2024-06-02
2024060205004977,NRN,52,94,100.0,576.1,57610.0,2024-06-02
2024060205004976,NRN,42,94,11.0,576.2,6338.2,2024-06-02
2024060201033940,HATHY,81,33,20.0,893.5,17870.0,2024-06-02
2024060201033939,NRM,38,29,16.0,375.1,6001.6,2024-06-02
2024060201033938,NRM,62,29,500.0,376.1,188050.0,2024-06-02
2024060203016362,CBBL,66,16,842.0,836.5,704333.0,2024-06-02
2024060203016361,CBBL,54,16,10.0,836.6,8366.0,2024-06-02
2024060203016360,CBBL,7,16,65.0,836.6,54379.0,2024-06-02
2024060203016359,CBBL,62,16,20.0,836.7,16734.0,2024-06-02
2024060203016358,CBBL,65,16,63.0,836.7,52712.1,2024-06-02
2024060201033937,CITY,26,4,45.0,659.0,29655.0,2024-06-02
2024060201033936,CITY,26,58,15.0,659.0,9885.0,2024-06-02
2024060201033935,CITY,26,49,10.0,655.2,6552.0,2024-06-02
2024060205004975,HRL,55,55,170.0,580.0,98600.0,2024-06-02
2024060205004974,HRL,55,55,1477.0,580.0,856660.0,2024-06-02
2024060204008818,DHPL,25,48,15.0,190.0,2850.0,2024-06-02
2024060201033934,ILI,42,7,50.0,436.0,21800.0,2024-06-02
2024060201033933,EHPL,17,13,10.0,514.2,5142.0,2024-06-02
2024060201033932,MEL,56,38,100.0,227.9,22790.0,2024-06-02
2024060204008817,CHL,56,34,80.0,332.6,26608.0,2024-06-02
2024060203016357,PFL,45,1,100.0,655.0,65500.0,2024-06-02
2024060203016356,NLIC,45,65,1476.0,616.0,909216.0,2024-06-02
2024060204008816,RURU,29,41,21.0,625.1,13127.1,2024-06-02
2024060204008815,RURU,8,41,10.0,626.0,6260.0,2024-06-02
2024060201033931,BNT,38,38,10.0,13000.0,130000.0,2024-06-02
2024060201033930,ADBL,7,38,915.0,262.1,239821.5,2024-06-02
2024060201033929,ADBL,49,38,1000.0,262.2,262200.0,2024-06-02
2024060201033928,ADBL,7,38,87.0,262.3,22820.1,2024-06-02
2024060201033927,ADBL,35,38,133.0,263.0,34979.0,2024-06-02
2024060201033926,ADBL,33,38,150.0,263.1,39465.0,2024-06-02
2024060201033925,ADBL,50,38,35.0,263.1,9208.5,2024-06-02
2024060201033924,ADBL,57,38,60.0,264.0,15840.0,2024-06-02
2024060201033923,ADBL,53,38,200.0,264.1,52820.0,2024-06-02
2024060203016355,HLBSL,62,55,100.0,1197.3,119730.0,2024-06-02
2024060203016354,NFS,91,14,100.0,591.5,59150.0,2024-06-02
2024060201033922,CITY,34,49,50.0,655.2,32760.0,2024-06-02
2024060205004973,HRL,55,34,1000.0,580.0,580000.0,2024-06-02
2024060204008814,HDHPC,44,5,248.0,130.6,32388.8,2024-06-02
2024060201033921,SONA,58,22,12.0,445.5,5346.0,2024-06-02
2024060204008813,GLH,54,4,10.0,204.0,2040.0,2024-06-02
2024060204008812,GLH,54,51,10.0,203.0,2030.0,2024-06-02
2024060204008811,GLH,54,39,10.0,203.0,2030.0,2024-06-02
2024060203016353,RSDC,22,28,100.0,671.4,67140.0,2024-06-02
2024060203016352,CFCL,22,32,1000.0,411.0,411000.0,2024-06-02
2024060204008810,SPDL,55,89,40.0,233.4,9336.0,2024-06-02
2024060201033920,GVL,66,45,21.0,484.0,10164.0,2024-06-02
2024060201033919,GVL,66,3,180.0,483.0,86940.0,2024-06-02
2024060203016351,SJLIC,51,34,40.0,413.5,16540.0,2024-06-02
2024060204008809,IGI,51,89,450.0,532.0,239400.0,2024-06-02
2024060201033918,UHEWA,13,58,10.0,397.3,3973.0,2024-06-02
2024060204008808,JOSHI,29,38,10.0,306.0,3060.0,2024-06-02
2024060201033917,SMJC,6,57,10.0,394.0,3940.0,2024-06-02
2024060201033916,SMJC,94,57,38.0,394.0,14972.0,2024-06-02
2024060203016350,NICLBSL,3,96,52.0,643.0,33436.0,2024-06-02
2024060203016349,NICLBSL,3,39,10.0,643.0,6430.0,2024-06-02
2024060205004972,SLCF,36,22,100.0,8.07,807.0,2024-06-02
2024060203016348,GBBL,42,21,190.0,361.2,68628.0,2024-06-02
2024060203016347,BFC,56,44,25.0,431.2,10780.0,2024-06-02
2024060203016346,BFC,58,44,25.0,431.5,10787.5,2024-06-02
2024060201033915,KSY,42,58,500.0,8.08,4040.0,2024-06-02
2024060205004971,HRL,55,58,20.0,580.0,11600.0,2024-06-02
2024060204008807,AKJCL,1,58,250.0,203.9,50975.0,2024-06-02
2024060201033914,USHEC,58,29,1000.0,427.0,427000.0,2024-06-02
2024060204008806,JOSHI,57,38,10.0,306.0,3060.0,2024-06-02
2024060203016345,ALICL,62,52,10.0,569.5,5695.0,2024-06-02
2024060201033913,TAMOR,49,29,47.0,385.0,18095.0,2024-06-02
2024060201033912,TAMOR,13,29,50.0,385.0,19250.0,2024-06-02
2024060201033911,TAMOR,49,29,123.0,385.3,47391.9,2024-06-02
2024060201033910,SAHAS,18,36,10.0,531.0,5310.0,2024-06-02
2024060204008805,UAIL,50,37,40.0,564.0,22560.0,2024-06-02
2024060201033909,NABIL,35,17,55.0,490.0,26950.0,2024-06-02
2024060203016344,NABBC,89,45,100.0,578.2,57820.0,2024-06-02
2024060203016343,JFL,41,22,446.0,569.8,254130.8,2024-06-02
2024060203016342,BFC,58,55,75.0,431.5,32362.5,2024-06-02
2024060205004970,HRL,55,58,20.0,580.0,11600.0,2024-06-02
2024060205004969,NIFRA,44,50,1000.0,198.0,198000.0,2024-06-02
2024060201033908,ILI,1,42,100.0,436.5,43650.0,2024-06-02
2024060201033907,HHL,5,56,10.0,370.0,3700.0,2024-06-02
2024060201033906,DORDI,45,48,10.0,420.0,4200.0,2024-06-02
2024060201033905,SARBTM,34,35,10.0,835.0,8350.0,2024-06-02
2024060201033904,HHL,58,34,10.0,369.5,3695.0,2024-06-02
2024060203016341,PROFL,55,47,110.0,351.0,38610.0,2024-06-02
2024060203016340,PROFL,57,47,10.0,351.0,3510.0,2024-06-02
2024060203016339,PROFL,52,47,100.0,351.0,35100.0,2024-06-02
2024060203016338,PROFL,51,47,55.0,351.0,19305.0,2024-06-02
2024060203016337,PROFL,38,47,25.0,351.1,8777.5,2024-06-02
2024060201033903,MKCL,56,42,10.0,981.0,9810.0,2024-06-02
2024060203016336,CORBL,43,35,10.0,475.3,4753.0,2024-06-02
2024060203016335,CORBL,43,35,795.0,475.0,377625.0,2024-06-02
2024060201033902,MEHL,17,67,100.0,351.0,35100.0,2024-06-02
2024060203016334,BFC,56,49,50.0,431.2,21560.0,2024-06-02
2024060203016333,PFL,11,1,31.0,655.0,20305.0,2024-06-02
2024060203016332,PFL,11,14,19.0,655.0,12445.0,2024-06-02
2024060203016331,FMDBL,83,58,25.0,693.0,17325.0,2024-06-02
2024060203016330,FMDBL,21,58,40.0,694.0,27760.0,2024-06-02
2024060203016329,FMDBL,26,58,135.0,694.0,93690.0,2024-06-02
2024060204008804,HEI,26,38,68.0,602.0,40936.0,2024-06-02
2024060204008803,UAIL,50,36,110.0,564.0,62040.0,2024-06-02
2024060204008802,UAIL,50,11,250.0,563.0,140750.0,2024-06-02
2024060201033901,ANLB,38,85,10.0,2260.0,22600.0,2024-06-02
2024060201033900,MEHL,1,53,30.0,355.0,10650.0,2024-06-02
2024060203016328,CBBL,34,5,10.0,839.0,8390.0,2024-06-02
2024060204008801,SHEL,34,58,230.0,158.0,36340.0,2024-06-02
2024060203016327,HLI,53,16,75.0,388.0,29100.0,2024-06-02
2024060201033899,PPL,71,45,10.0,447.0,4470.0,2024-06-02
2024060201033898,PCBL,38,47,50.0,201.7,10085.0,2024-06-02
2024060201033897,GBIME,42,13,100.0,185.1,18510.0,2024-06-02
2024060201033896,CKHL,77,22,300.0,563.0,168900.0,2024-06-02
2024060201033895,CKHL,77,16,200.0,563.0,112600.0,2024-06-02
2024060201033894,CKHL,77,35,10.0,563.0,5630.0,2024-06-02
2024060201033893,CKHL,77,59,10.0,562.8,5628.0,2024-06-02
2024060201033892,CKHL,77,22,200.0,562.0,112400.0,2024-06-02
2024060201033891,CKHL,77,58,10.0,562.0,5620.0,2024-06-02
2024060201033890,CKHL,77,25,100.0,561.0,56100.0,2024-06-02
2024060201033889,DOLTI,42,49,1630.0,433.0,705790.0,2024-06-02
2024060203016326,KMCDB,62,65,20.0,1030.0,20600.0,2024-06-02
2024060201033888,MKCL,28,43,140.0,983.0,137620.0,2024-06-02
2024060201033887,MKCL,28,58,10.0,982.0,9820.0,2024-06-02
2024060204008800,RIDI,42,36,318.0,170.0,54060.0,2024-06-02
2024060205004968,HRL,55,6,20.0,580.0,11600.0,2024-06-02
2024060203016325,GBBL,42,6,40.0,361.2,14448.0,2024-06-02
2024060201033886,SBL,50,78,10.0,254.0,2540.0,2024-06-02
2024060201033885,SBL,50,14,70.0,253.2,17724.0,2024-06-02
2024060201033884,ULHC,45,26,10.0,427.0,4270.0,2024-06-02
2024060201033883,NWCL,37,26,10.0,820.0,8200.0,2024-06-02
2024060203016324,MLBSL,5,6,10.0,1823.0,18230.0,2024-06-02
2024060203016323,CBBL,65,34,10.0,836.7,8367.0,2024-06-02
2024060203016322,NABBC,40,51,100.0,579.0,57900.0,2024-06-02
2024060201033882,NWCL,37,48,80.0,820.0,65600.0,2024-06-02
2024060203016321,SKBBL,17,38,10.0,811.0,8110.0,2024-06-02
2024060201033881,HBL,13,67,90.0,193.3,17397.0,2024-06-02
2024060201033880,PRVU,49,57,15.0,144.0,2160.0,2024-06-02
2024060201033879,BGWT,16,56,50.0,846.5,42325.0,2024-06-02
2024060201033878,USHEC,58,70,373.0,427.0,159271.0,2024-06-02
2024060201033877,USHEC,45,70,30.0,427.1,12813.0,2024-06-02
2024060203016320,SABSL,57,48,15.0,938.0,14070.0,2024-06-02
2024060204008799,AKPL,50,25,89.0,165.5,14729.5,2024-06-02
2024060204008798,AKPL,33,25,50.0,165.5,8275.0,2024-06-02
2024060204008797,AKPL,45,25,200.0,165.5,33100.0,2024-06-02
2024060204008796,AKPL,49,25,100.0,165.5,16550.0,2024-06-02
2024060204008795,AKPL,21,25,31.0,165.5,5130.5,2024-06-02
2024060204008794,AKPL,34,25,30.0,165.6,4968.0,2024-06-02
2024060201033876,VLUCL,72,26,10.0,512.9,5129.0,2024-06-02
2024060201033875,VLUCL,72,65,50.0,512.0,25600.0,2024-06-02
2024060203016319,LBBL,58,34,72.0,377.1,27151.2,2024-06-02
2024060203016318,LBBL,43,34,10.0,377.1,3771.0,2024-06-02
2024060203016317,LBBL,21,34,1000.0,377.1,377100.0,2024-06-02
2024060203016316,LBBL,17,34,100.0,377.1,37710.0,2024-06-02
2024060203016315,LBBL,33,34,316.0,377.1,119163.6,2024-06-02
2024060203016314,LBBL,54,34,10.0,377.2,3772.0,2024-06-02
2024060203016313,LBBL,50,34,500.0,377.2,188600.0,2024-06-02
2024060203016312,LBBL,7,34,120.0,377.3,45276.0,2024-06-02
2024060203016311,LBBL,50,34,147.0,377.3,55463.1,2024-06-02
2024060203016310,LBBL,66,34,1725.0,378.0,652050.0,2024-06-02
2024060201033874,NRM,48,71,100.0,377.0,37700.0,2024-06-02
2024060201033873,GBIME,42,48,480.0,185.1,88848.0,2024-06-02
2024060205004967,NRIC,13,85,81.0,666.0,53946.0,2024-06-02
2024060201033872,MBL,61,62,100.0,171.3,17130.0,2024-06-02
2024060201033871,MBL,4,62,700.0,172.5,120750.0,2024-06-02
2024060204008793,SHL,34,83,100.0,438.0,43800.0,2024-06-02
2024060204008792,SHL,71,83,300.0,438.0,131400.0,2024-06-02
