transaction,symbol,buyer,seller,quantity,rate,amount,date
2024101603014552,MDB,49,22,300.0,665.0,199500.0,2024-10-16
2024101603014551,GFCL,41,22,100.0,1114.9,111490.0,2024-10-16
2024101603014550,GFCL,21,7,10.0,1115.0,11150.0,2024-10-16
2024101603014549,NFS,71,7,10.0,1445.5,14455.0,2024-10-16
2024101601020612,RAWA,77,92,110.0,737.0,81070.0,2024-10-16
2024101601020611,CYCL,45,16,10.0,1559.8,15598.0,2024-10-16
2024101601020610,CYCL,45,8,10.0,1559.0,15590.0,2024-10-16
2024101601020609,CYCL,45,34,40.0,1554.0,62160.0,2024-10-16
2024101604016827,SHPC,45,41,100.0,559.0,55900.0,2024-10-16
2024101604016826,SHPC,45,19,100.0,558.5,55850.0,2024-10-16
2024101601020608,TAMOR,95,49,10.0,487.0,4870.0,2024-10-16
2024101603014548,ICFC,34,50,28.0,788.0,22064.0,2024-10-16
2024101603014547,ICFC,34,58,72.0,788.0,56736.0,2024-10-16
2024101604016825,CGH,34,58,10.0,948.0,9480.0,2024-10-16
2024101601020607,SARBTM,26,42,10.0,807.0,8070.0,2024-10-16
2024101604016824,OHL,67,19,10.0,997.9,9979.0,2024-10-16
2024101604016823,OHL,67,34,490.0,990.0,485100.0,2024-10-16
2024101604016822,JOSHI,17,39,10.0,325.0,3250.0,2024-10-16
2024101601020606,SARBTM,17,42,10.0,807.0,8070.0,2024-10-16
2024101604016821,SALICO,44,4,10.0,777.0,7770.0,2024-10-16
2024101601020605,CZBIL,48,22,50.0,258.0,12900.0,2024-10-16
2024101604016820,UPCL,49,44,10.0,280.0,2800.0,2024-10-16
2024101603014546,WNLB,49,41,10.0,2730.0,27300.0,2024-10-16
2024101605013854,SHIVM,48,66,100.0,626.0,62600.0,2024-10-16
2024101603014545,PFL,32,49,26.0,645.0,16770.0,2024-10-16
2024101605013853,HIDCL,50,29,100.0,283.5,28350.0,2024-10-16
2024101603014544,SHINE,49,57,50.0,502.0,25100.0,2024-10-16
2024101605013852,HRL,47,25,30.0,896.0,26880.0,2024-10-16
2024101605013851,HRL,77,25,219.0,896.0,196224.0,2024-10-16
2024101605013850,HRL,59,25,100.0,896.1,89610.0,2024-10-16
2024101601020604,PPL,42,57,10.0,497.0,4970.0,2024-10-16
2024101604016819,NGPL,82,42,1103.0,457.0,504071.0,2024-10-16
2024101604016818,NGPL,58,42,200.0,458.0,91600.0,2024-10-16
2024101604016817,NGPL,42,42,697.0,458.0,319226.0,2024-10-16
2024101601020603,EHPL,8,14,10.0,945.0,9450.0,2024-10-16
2024101601020602,HIDCLP,52,38,940.0,181.0,170140.0,2024-10-16
2024101601020601,HIDCLP,32,38,2000.0,181.1,362200.0,2024-10-16
2024101601020600,HIDCLP,58,38,10.0,181.2,1812.0,2024-10-16
2024101601020599,HIDCLP,20,38,150.0,181.2,27180.0,2024-10-16
2024101601020598,HIDCLP,35,38,1000.0,181.5,181500.0,2024-10-16
2024101601020597,HIDCLP,38,38,500.0,181.5,90750.0,2024-10-16
2024101601020596,HIDCLP,39,38,1000.0,181.6,181600.0,2024-10-16
2024101601020595,HIDCLP,57,38,400.0,181.6,72640.0,2024-10-16
2024101601020594,UNLB,38,50,11.0,2515.0,27665.0,2024-10-16
2024101601020593,UNLB,38,60,10.0,2514.0,25140.0,2024-10-16
2024101601020592,EHPL,60,14,10.0,945.0,9450.0,2024-10-16
2024101601020591,UHEWA,90,34,20.0,510.4,10208.0,2024-10-16
2024101601020590,HBL,63,22,10.0,277.0,2770.0,2024-10-16
2024101603014543,HLBSL,62,22,40.0,951.0,38040.0,2024-10-16
2024101603014542,NFS,62,7,10.0,1445.5,14455.0,2024-10-16
2024101604016816,RADHI,62,94,10.0,412.0,4120.0,2024-10-16
2024101604016815,NIL,84,25,20.0,944.0,18880.0,2024-10-16
2024101601020589,USHEC,65,6,516.0,500.0,258000.0,2024-10-16
2024101601020588,USHEC,7,6,14.0,500.0,7000.0,2024-10-16
2024101601020587,USHEC,55,6,100.0,500.1,50010.0,2024-10-16
2024101601020586,USHEC,7,6,20.0,500.1,10002.0,2024-10-16
2024101601020585,USHEC,7,6,20.0,500.2,10004.0,2024-10-16
2024101601020584,USHEC,11,6,320.0,501.0,160320.0,2024-10-16
2024101601020583,USHEC,7,6,10.0,503.9,5039.0,2024-10-16
2024101601020582,SRLI,93,45,15.0,468.8,7032.0,2024-10-16
2024101601020581,SRLI,93,34,10.0,468.5,4685.0,2024-10-16
2024101601020580,SRLI,93,45,50.0,468.5,23425.0,2024-10-16
2024101601020579,SRLI,93,6,175.0,468.5,81987.5,2024-10-16
2024101601020578,SRLI,93,33,200.0,468.0,93600.0,2024-10-16
2024101604016814,SALICO,56,33,100.0,772.0,77200.0,2024-10-16
2024101601020577,NWCL,58,47,30.0,1039.0,31170.0,2024-10-16
2024101603014541,LBBL,72,32,12.0,500.9,6010.8,2024-10-16
2024101603014540,LBBL,72,74,25.0,500.0,12500.0,2024-10-16
2024101603014539,LBBL,72,45,33.0,500.0,16500.0,2024-10-16
2024101603014538,GFCL,72,7,10.0,1115.0,11150.0,2024-10-16
2024101605013849,NRN,16,39,500.0,931.1,465550.0,2024-10-16
2024101605013848,STC,39,1,20.0,6090.0,121800.0,2024-10-16
2024101605013847,STC,39,13,85.0,6090.0,517650.0,2024-10-16
2024101605013846,STC,39,54,50.0,6089.9,304495.0,2024-10-16
2024101605013845,STC,39,54,50.0,6089.0,304450.0,2024-10-16
2024101605013844,STC,39,59,10.0,6089.0,60890.0,2024-10-16
2024101605013843,STC,39,54,40.0,6088.0,243520.0,2024-10-16
2024101605013842,STC,39,54,10.0,6085.0,60850.0,2024-10-16
2024101605013841,STC,39,54,50.0,6085.0,304250.0,2024-10-16
2024101605013840,STC,39,51,10.0,6083.0,60830.0,2024-10-16
2024101605013839,STC,39,10,20.0,6080.0,121600.0,2024-10-16
2024101604016813,GLH,41,6,10.0,258.0,2580.0,2024-10-16
2024101603014537,GFCL,41,7,10.0,1115.0,11150.0,2024-10-16
2024101603014536,RLFL,43,17,10.0,643.0,6430.0,2024-10-16
2024101604016812,KKHC,41,14,100.0,274.0,27400.0,2024-10-16
2024101605013838,NRM,14,45,10.0,461.9,4619.0,2024-10-16
2024101604016811,RBCL,21,39,10.0,17771.0,177710.0,2024-10-16
2024101601020576,EHPL,70,64,10.0,946.0,9460.0,2024-10-16
2024101603014535,NFS,71,7,10.0,1445.5,14455.0,2024-10-16
2024101604016810,UPPER,71,34,20.0,227.5,4550.0,2024-10-16
2024101605013837,HRL,70,42,10.0,897.0,8970.0,2024-10-16
2024101603014534,MDB,77,41,10.0,666.9,6669.0,2024-10-16
2024101601020575,KDL,36,16,10.0,1095.0,10950.0,2024-10-16
2024101605013836,SAHAS,34,5,30.0,485.0,14550.0,2024-10-16
2024101601020574,SARBTM,51,42,20.0,807.0,16140.0,2024-10-16
2024101603014533,CFCL,34,48,10.0,645.0,6450.0,2024-10-16
2024101601020573,EHPL,28,64,10.0,946.0,9460.0,2024-10-16
2024101604016809,UPPER,21,34,115.0,227.5,26162.5,2024-10-16
2024101604016808,SSHL,26,22,60.0,229.7,13782.0,2024-10-16
2024101601020572,MKCL,42,1,66.0,1600.0,105600.0,2024-10-16
2024101603014532,NADEP,19,34,10.0,1077.0,10770.0,2024-10-16
2024101605013835,NRN,16,48,80.0,931.1,74488.0,2024-10-16
2024101605013834,NRN,47,48,200.0,932.0,186400.0,2024-10-16
2024101605013833,NRN,95,48,100.0,933.0,93300.0,2024-10-16
2024101605013832,NRN,34,48,100.0,933.0,93300.0,2024-10-16
2024101605013831,NRN,22,48,20.0,934.0,18680.0,2024-10-16
2024101603014531,PFL,44,48,10.0,649.0,6490.0,2024-10-16
2024101604016807,SALICO,44,4,10.0,777.0,7770.0,2024-10-16
2024101604016806,NGPL,42,48,100.0,458.0,45800.0,2024-10-16
2024101604016805,RADHI,66,94,10.0,412.0,4120.0,2024-10-16
2024101603014530,NFS,41,49,100.0,1445.1,144510.0,2024-10-16
2024101601020571,ULBSL,49,60,10.0,3216.0,32160.0,2024-10-16
2024101603014529,SINDU,88,11,50.0,675.0,33750.0,2024-10-16
2024101603014528,GFCL,41,49,400.0,1114.9,445960.0,2024-10-16
2024101604016804,SHEL,49,14,10.0,257.0,2570.0,2024-10-16
2024101604016803,NLG,55,50,700.0,1300.0,910000.0,2024-10-16
2024101604016802,MHNL,49,49,10.0,282.0,2820.0,2024-10-16
2024101601020570,MKCL,42,11,235.0,1615.0,379525.0,2024-10-16
2024101601020569,MKCL,42,75,10.0,1611.0,16110.0,2024-10-16
2024101601020568,MKCL,42,19,50.0,1610.0,80500.0,2024-10-16
2024101601020567,MKCL,42,1,250.0,1610.0,402500.0,2024-10-16
2024101601020566,MKCL,42,42,10.0,1610.0,16100.0,2024-10-16
2024101601020565,MKCL,42,10,100.0,1610.0,161000.0,2024-10-16
2024101601020564,MKCL,42,42,10.0,1610.0,16100.0,2024-10-16
2024101601020563,MKCL,42,57,50.0,1610.0,80500.0,2024-10-16
2024101601020562,MKCL,42,68,10.0,1610.0,16100.0,2024-10-16
2024101601020561,MKCL,42,34,50.0,1610.0,80500.0,2024-10-16
2024101601020560,MKCL,42,33,50.0,1610.0,80500.0,2024-10-16
2024101601020559,MKCL,42,54,60.0,1610.0,96600.0,2024-10-16
2024101601020558,MKCL,42,51,100.0,1610.0,161000.0,2024-10-16
2024101601020557,MKCL,42,68,200.0,1609.0,321800.0,2024-10-16
2024101601020556,MKCL,42,34,20.0,1608.9,32178.0,2024-10-16
2024101601020555,MKCL,42,17,100.0,1608.0,160800.0,2024-10-16
2024101601020554,MKCL,42,6,40.0,1607.9,64316.0,2024-10-16
2024101601020553,MKCL,42,60,400.0,1607.0,642800.0,2024-10-16
2024101601020552,MKCL,42,35,10.0,1607.0,16070.0,2024-10-16
2024101601020551,MKCL,42,34,40.0,1606.9,64276.0,2024-10-16
2024101601020550,MKCL,42,39,100.0,1606.0,160600.0,2024-10-16
2024101601020549,MKCL,42,19,50.0,1605.0,80250.0,2024-10-16
2024101601020548,MKCL,42,42,10.0,1605.0,16050.0,2024-10-16
2024101601020547,MKCL,42,34,10.0,1605.0,16050.0,2024-10-16
2024101601020546,MKCL,42,44,25.0,1605.0,40125.0,2024-10-16
2024101601020545,MKCL,42,50,10.0,1605.0,16050.0,2024-10-16
2024101603014527,GLBSL,45,64,10.0,1653.0,16530.0,2024-10-16
2024101604016801,SHL,4,26,200.0,541.0,108200.0,2024-10-16
2024101604016800,SHL,4,77,100.0,540.9,54090.0,2024-10-16
2024101604016799,SHL,4,49,100.0,539.9,53990.0,2024-10-16
2024101605013830,NRM,48,59,510.0,460.0,234600.0,2024-10-16
2024101605013829,NRM,19,59,400.0,460.0,184000.0,2024-10-16
2024101605013828,NRM,47,59,15.0,460.2,6903.0,2024-10-16
2024101605013827,NRM,55,59,372.0,461.0,171492.0,2024-10-16
2024101601020544,MKCL,42,13,100.0,1600.0,160000.0,2024-10-16
2024101603014526,SFCL,38,41,10.0,671.0,6710.0,2024-10-16
2024101601020543,RAWA,35,92,10.0,737.0,7370.0,2024-10-16
2024101601020542,EHPL,28,64,10.0,946.0,9460.0,2024-10-16
2024101604016798,CHCL,28,49,10.0,598.7,5987.0,2024-10-16
2024101604016797,CHCL,28,19,100.0,598.6,59860.0,2024-10-16
2024101601020541,USHEC,37,16,10.0,504.0,5040.0,2024-10-16
2024101603014525,MDB,62,41,10.0,666.9,6669.0,2024-10-16
2024101601020540,EHPL,56,64,1180.0,946.0,1116280.0,2024-10-16
2024101601020539,EHPL,56,14,40.0,897.6,35904.0,2024-10-16
2024101601020538,EHPL,56,68,100.0,893.5,89350.0,2024-10-16
2024101601020537,EHPL,56,4,50.0,892.5,44625.0,2024-10-16
2024101601020536,EHPL,56,42,100.0,892.5,89250.0,2024-10-16
2024101601020535,EHPL,56,58,10.0,892.5,8925.0,2024-10-16
2024101601020534,EHPL,56,42,10.0,892.0,8920.0,2024-10-16
2024101601020533,EHPL,56,38,10.0,892.0,8920.0,2024-10-16
2024101601020532,EHPL,56,36,90.0,890.4,80136.0,2024-10-16
2024101601020531,EHPL,56,57,90.0,888.4,79956.0,2024-10-16
2024101601020530,EHPL,56,74,500.0,888.0,444000.0,2024-10-16
2024101601020529,EHPL,56,46,250.0,888.0,222000.0,2024-10-16
2024101601020528,EHPL,56,52,200.0,887.4,177480.0,2024-10-16
2024101601020527,EHPL,56,7,10.0,887.4,8874.0,2024-10-16
2024101601020526,EHPL,56,19,100.0,885.3,88530.0,2024-10-16
2024101601020525,EHPL,56,17,100.0,885.0,88500.0,2024-10-16
2024101601020524,EHPL,56,29,160.0,875.0,140000.0,2024-10-16
2024101601020523,ULBSL,62,63,10.0,3214.9,32149.0,2024-10-16
2024101601020522,ULBSL,62,60,10.0,3214.0,32140.0,2024-10-16
2024101601020521,ULBSL,62,39,19.0,3200.0,60800.0,2024-10-16
2024101601020520,ULBSL,62,39,10.0,3199.9,31999.0,2024-10-16
2024101601020519,ULBSL,62,39,10.0,3199.0,31990.0,2024-10-16
2024101601020518,ULBSL,62,39,10.0,3198.0,31980.0,2024-10-16
2024101605013826,VLUCL,62,45,10.0,608.0,6080.0,2024-10-16
2024101604016796,GLH,88,6,250.0,258.0,64500.0,2024-10-16
2024101604016795,GLH,59,6,50.0,258.0,12900.0,2024-10-16
2024101604016794,GLH,48,6,46.0,258.0,11868.0,2024-10-16
2024101604016793,GLH,44,6,100.0,258.1,25810.0,2024-10-16
2024101604016792,GLH,49,6,11.0,258.1,2839.1,2024-10-16
2024101603014524,SLBSL,3,35,10.0,1498.0,14980.0,2024-10-16
2024101601020517,NBL,33,51,120.0,294.8,35376.0,2024-10-16
2024101601020516,NBL,33,38,50.0,294.5,14725.0,2024-10-16
2024101601020515,NBL,33,34,20.0,294.1,5882.0,2024-10-16
2024101601020514,NBL,33,42,100.0,294.0,29400.0,2024-10-16
2024101601020513,NBL,33,46,30.0,294.0,8820.0,2024-10-16
2024101601020512,NBL,33,49,50.0,294.0,14700.0,2024-10-16
2024101601020511,NBL,33,33,30.0,294.0,8820.0,2024-10-16
2024101601020510,NBL,33,42,100.0,293.0,29300.0,2024-10-16
2024101601020509,MEHL,55,34,58.0,392.9,22788.2,2024-10-16
2024101601020508,MEHL,55,49,10.0,392.9,3929.0,2024-10-16
2024101601020507,MEHL,55,50,62.0,392.9,24359.8,2024-10-16
2024101601020506,MEHL,55,41,100.0,392.0,39200.0,2024-10-16
2024101601020505,MEHL,55,26,120.0,390.0,46800.0,2024-10-16
2024101603014523,NFS,72,7,10.0,1445.5,14455.0,2024-10-16
2024101603014522,SINDU,74,11,100.0,675.0,67500.0,2024-10-16
2024101601020504,BEDC,74,43,25.0,474.8,11870.0,2024-10-16
2024101604016791,HDHPC,58,49,84.0,222.0,18648.0,2024-10-16
2024101604016790,HDHPC,58,44,16.0,222.0,3552.0,2024-10-16
2024101603014521,MLBBL,58,6,10.0,1659.0,16590.0,2024-10-16
2024101604016789,AKJCL,32,52,10.0,223.9,2239.0,2024-10-16
2024101601020503,MANDU,5,42,10.0,950.0,9500.0,2024-10-16
2024101601020502,KBSH,41,19,10.0,2110.0,21100.0,2024-10-16
2024101603014520,MERO,18,7,10.0,802.8,8028.0,2024-10-16
2024101603014519,MERO,18,6,20.0,802.7,16054.0,2024-10-16
2024101603014518,MERO,18,6,50.0,802.0,40100.0,2024-10-16
2024101603014517,MERO,18,35,20.0,802.0,16040.0,2024-10-16
2024101603014516,MERO,18,45,254.0,802.0,203708.0,2024-10-16
2024101605013825,MEL,53,34,200.0,300.0,60000.0,2024-10-16
2024101601020501,SMHL,14,7,10.0,600.0,6000.0,2024-10-16
2024101601020500,SMHL,14,41,20.0,600.0,12000.0,2024-10-16
2024101601020499,BHL,34,47,10.0,447.0,4470.0,2024-10-16
2024101601020498,BHDC,34,7,50.0,600.0,30000.0,2024-10-16
2024101601020497,BHL,34,47,10.0,447.0,4470.0,2024-10-16
2024101604016788,SHEL,26,14,11.0,257.0,2827.0,2024-10-16
2024101601020496,MEHL,57,26,110.0,390.0,42900.0,2024-10-16
2024101605013824,NTC,57,32,10.0,998.5,9985.0,2024-10-16
2024101604016787,RURU,14,57,10.0,794.0,7940.0,2024-10-16
2024101604016786,RURU,14,57,10.0,794.0,7940.0,2024-10-16
2024101605013823,SMATA,57,49,10.0,945.0,9450.0,2024-10-16
2024101603014515,JSLBB,48,26,10.0,1560.0,15600.0,2024-10-16
2024101601020495,AVYAN,34,25,10.0,921.0,9210.0,2024-10-16
2024101601020494,HIDCLP,49,33,300.0,182.0,54600.0,2024-10-16
2024101601020493,HEIP,16,46,300.0,378.0,113400.0,2024-10-16
2024101604016785,NHPC,61,16,200.0,235.7,47140.0,2024-10-16
2024101603014514,NADEP,64,34,40.0,1077.0,43080.0,2024-10-16
2024101603014513,NADEP,64,29,65.0,1076.0,69940.0,2024-10-16
2024101603014512,NADEP,64,50,25.0,1075.9,26897.5,2024-10-16
2024101603014511,NADEP,64,86,10.0,1074.8,10748.0,2024-10-16
2024101603014510,NADEP,64,19,30.0,1074.5,32235.0,2024-10-16
2024101603014509,NADEP,64,58,30.0,1070.0,32100.0,2024-10-16
2024101601020492,EHPL,8,29,10.0,875.0,8750.0,2024-10-16
2024101601020491,EHPL,49,8,10.0,869.0,8690.0,2024-10-16
2024101604016784,DHPL,42,49,11.0,263.0,2893.0,2024-10-16
2024101601020490,SIKLES,42,36,355.0,725.0,257375.0,2024-10-16
2024101601020489,SIKLES,42,36,100.0,725.0,72500.0,2024-10-16
2024101601020488,SIKLES,42,84,10.0,725.0,7250.0,2024-10-16
2024101601020487,SIKLES,42,17,200.0,724.5,144900.0,2024-10-16
2024101601020486,SIKLES,42,80,100.0,724.2,72420.0,2024-10-16
2024101601020485,SIKLES,42,17,200.0,724.1,144820.0,2024-10-16
2024101601020484,SIKLES,42,35,100.0,724.0,72400.0,2024-10-16
2024101601020483,SIKLES,42,48,150.0,724.0,108600.0,2024-10-16
2024101601020482,SIKLES,42,34,100.0,724.0,72400.0,2024-10-16
2024101601020481,SIKLES,42,17,200.0,723.9,144780.0,2024-10-16
2024101601020480,SIKLES,42,6,55.0,723.5,39792.5,2024-10-16
2024101601020479,SIKLES,42,47,50.0,723.5,36175.0,2024-10-16
2024101601020478,SIKLES,42,36,50.0,723.0,36150.0,2024-10-16
2024101601020477,SIKLES,42,45,10.0,722.9,7229.0,2024-10-16
2024101601020476,SIKLES,42,17,200.0,720.0,144000.0,2024-10-16
2024101601020475,SIKLES,42,49,10.0,720.0,7200.0,2024-10-16
2024101601020474,SIKLES,42,38,100.0,719.0,71900.0,2024-10-16
2024101601020473,SIKLES,42,54,10.0,718.9,7189.0,2024-10-16
2024101603014508,NLICL,38,44,10.0,632.8,6328.0,2024-10-16
2024101603014507,NLICL,38,33,10.0,631.0,6310.0,2024-10-16
2024101601020472,ULHC,47,45,10.0,402.9,4029.0,2024-10-16
2024101601020471,NYADI,35,22,10.0,323.0,3230.0,2024-10-16
2024101605013822,HIDCL,7,63,165.0,283.0,46695.0,2024-10-16
2024101605013821,HIDCL,58,63,80.0,283.0,22640.0,2024-10-16
2024101605013820,HIDCL,66,63,255.0,283.0,72165.0,2024-10-16
2024101604016783,AHPC,94,36,440.0,289.0,127160.0,2024-10-16
2024101604016782,DHPL,42,94,50.0,262.0,13100.0,2024-10-16
2024101604016781,DHPL,42,94,10.0,262.1,2621.0,2024-10-16
2024101604016780,DHPL,41,94,300.0,262.1,78630.0,2024-10-16
2024101604016779,DHPL,42,94,10.0,262.2,2622.0,2024-10-16
2024101604016778,DHPL,42,94,10.0,262.2,2622.0,2024-10-16
2024101604016777,DHPL,42,94,10.0,262.5,2625.0,2024-10-16
2024101604016776,DHPL,42,94,10.0,262.9,2629.0,2024-10-16
2024101603014506,ALICL,62,44,10.0,734.9,7349.0,2024-10-16
2024101603014505,ALICL,62,55,80.0,732.0,58560.0,2024-10-16
2024101603014504,MDB,62,41,300.0,666.9,200070.0,2024-10-16
2024101603014503,MDB,62,64,20.0,666.0,13320.0,2024-10-16
2024101603014502,MDB,62,48,180.0,666.0,119880.0,2024-10-16
2024101601020470,ADBL,52,53,40.0,395.4,15816.0,2024-10-16
2024101601020469,HBL,56,22,100.0,277.0,27700.0,2024-10-16
2024101604016775,UMRH,100,6,50.0,483.1,24155.0,2024-10-16
2024101604016774,SALICO,33,4,10.0,777.0,7770.0,2024-10-16
2024101603014501,SMPDA,55,42,10.0,949.0,9490.0,2024-10-16
2024101605013819,CHDC,39,35,44.0,1790.0,78760.0,2024-10-16
2024101605013818,CHDC,39,61,200.0,1788.0,357600.0,2024-10-16
2024101605013817,CHDC,39,42,105.0,1788.0,187740.0,2024-10-16
2024101605013816,CHDC,39,94,115.0,1787.9,205608.5,2024-10-16
2024101605013815,CHDC,39,87,200.0,1787.0,357400.0,2024-10-16
2024101605013814,CHDC,39,86,36.0,1787.0,64332.0,2024-10-16
2024101601020468,HHL,32,5,10.0,469.8,4698.0,2024-10-16
2024101605013813,NRN,58,6,10.0,937.0,9370.0,2024-10-16
2024101605013812,NRN,58,75,100.0,935.0,93500.0,2024-10-16
2024101603014500,BFC,54,42,50.0,637.0,31850.0,2024-10-16
2024101604016773,UMRH,100,54,120.0,483.1,57972.0,2024-10-16
2024101604016772,UMRH,47,54,20.0,485.0,9700.0,2024-10-16
2024101604016771,UPCL,41,44,425.0,280.0,119000.0,2024-10-16
2024101604016770,UPCL,41,14,1000.0,280.0,280000.0,2024-10-16
2024101604016769,UPCL,41,22,500.0,280.0,140000.0,2024-10-16
2024101604016768,UPCL,41,58,100.0,280.0,28000.0,2024-10-16
2024101604016767,UPCL,41,49,73.0,279.9,20432.7,2024-10-16
2024101604016766,UPCL,41,41,1000.0,279.5,279500.0,2024-10-16
2024101604016765,UPCL,41,3,732.0,279.0,204228.0,2024-10-16
2024101604016764,UPCL,41,44,170.0,279.0,47430.0,2024-10-16
2024101601020467,BHL,22,47,10.0,447.0,4470.0,2024-10-16
2024101604016763,TRH,22,58,10.0,1187.0,11870.0,2024-10-16
2024101605013811,SONA,46,60,70.0,493.0,34510.0,2024-10-16
2024101601020466,HBL,45,22,10.0,277.0,2770.0,2024-10-16
2024101601020465,MKHC,44,45,110.0,355.0,39050.0,2024-10-16
2024101601020464,TVCL,51,59,17.0,476.0,8092.0,2024-10-16
2024101601020463,TVCL,51,54,13.0,474.9,6173.7,2024-10-16
2024101601020462,ADBL,50,34,55.0,395.0,21725.0,2024-10-16
2024101605013810,ILI,26,35,59.0,516.5,30473.5,2024-10-16
2024101605013809,ILI,26,57,125.0,516.0,64500.0,2024-10-16
2024101605013808,ILI,26,58,316.0,516.0,163056.0,2024-10-16
2024101601020461,RBCLPO,26,7,10.0,12599.0,125990.0,2024-10-16
2024101601020460,KBL,57,34,100.0,237.0,23700.0,2024-10-16
2024101603014499,JSLBB,66,26,10.0,1560.0,15600.0,2024-10-16
2024101603014498,SFCL,33,48,138.0,670.0,92460.0,2024-10-16
2024101603014497,SFCL,21,48,200.0,670.0,134000.0,2024-10-16
2024101603014496,SFCL,52,48,27.0,670.0,18090.0,2024-10-16
2024101603014495,SFCL,34,48,40.0,670.0,26800.0,2024-10-16
2024101603014494,SFCL,45,48,75.0,670.0,50250.0,2024-10-16
2024101603014493,SFCL,3,48,20.0,670.0,13400.0,2024-10-16
2024101603014492,KSBBL,25,25,150.0,473.4,71010.0,2024-10-16
2024101603014491,DDBL,50,64,27.0,967.0,26109.0,2024-10-16
2024101604016762,AHPC,62,42,286.0,288.9,82625.4,2024-10-16
2024101601020459,MKCL,13,50,40.0,1605.0,64200.0,2024-10-16
2024101601020458,MKCL,13,4,10.0,1605.0,16050.0,2024-10-16
2024101601020457,MKCL,13,42,10.0,1604.0,16040.0,2024-10-16
2024101601020456,MKCL,13,42,10.0,1602.0,16020.0,2024-10-16
2024101601020455,MKCL,13,65,30.0,1602.0,48060.0,2024-10-16
2024101601020454,SBI,38,58,10.0,469.0,4690.0,2024-10-16
2024101601020453,UHEWA,38,34,10.0,510.4,5104.0,2024-10-16
2024101601020452,AHL,42,70,10.0,689.0,6890.0,2024-10-16
2024101601020451,PRVU,47,44,100.0,265.0,26500.0,2024-10-16
2024101601020450,ULHC,90,50,10.0,402.8,4028.0,2024-10-16
2024101604016761,CGH,56,58,10.0,948.0,9480.0,2024-10-16
2024101604016760,CGH,56,83,200.0,945.0,189000.0,2024-10-16
2024101603014490,SLBSL,57,72,10.0,1415.0,14150.0,2024-10-16
2024101603014489,SLBSL,53,72,10.0,1415.0,14150.0,2024-10-16
2024101601020449,SGHC,58,60,20.0,412.0,8240.0,2024-10-16
2024101603014488,CFCL,58,48,50.0,645.0,32250.0,2024-10-16
2024101603014487,EDBL,58,29,10.0,656.0,6560.0,2024-10-16
2024101601020448,ADBL,43,53,10.0,395.4,3954.0,2024-10-16
2024101605013807,PHCL,68,38,10.0,414.9,4149.0,2024-10-16
2024101601020447,MKHC,44,36,90.0,355.0,31950.0,2024-10-16
2024101601020446,MKHC,56,36,110.0,355.0,39050.0,2024-10-16
2024101603014486,JFL,45,55,74.0,694.0,51356.0,2024-10-16
2024101603014485,JFL,45,18,20.0,693.5,13870.0,2024-10-16
2024101603014484,JFL,45,1,240.0,692.0,166080.0,2024-10-16
2024101603014483,BFC,17,42,150.0,637.0,95550.0,2024-10-16
2024101601020445,MMKJL,19,34,30.0,517.1,15513.0,2024-10-16
2024101603014482,ILBS,62,17,19.0,1040.0,19760.0,2024-10-16
2024101601020444,MHCL,34,3,80.0,412.0,32960.0,2024-10-16
2024101601020443,MHCL,34,19,100.0,411.9,41190.0,2024-10-16
2024101601020442,MHCL,34,56,10.0,410.0,4100.0,2024-10-16
2024101601020441,MHCL,34,57,10.0,410.0,4100.0,2024-10-16
2024101601020440,MHCL,34,1,10.0,410.0,4100.0,2024-10-16
2024101601020439,MHCL,34,22,10.0,410.0,4100.0,2024-10-16
2024101601020438,MHCL,34,50,10.0,410.0,4100.0,2024-10-16
2024101601020437,MHCL,34,3,70.0,410.0,28700.0,2024-10-16
2024101605013806,PHCL,17,17,10.0,411.4,4114.0,2024-10-16
2024101601020436,HHL,17,5,10.0,469.8,4698.0,2024-10-16
2024101603014481,NUBL,34,16,10.0,749.0,7490.0,2024-10-16
2024101605013805,ILI,57,58,13.0,516.0,6708.0,2024-10-16
2024101605013804,HRL,77,77,100.0,896.0,89600.0,2024-10-16
2024101601020435,SRLI,70,49,12.0,467.2,5606.4,2024-10-16
2024101604016759,NLG,55,59,200.0,1300.0,260000.0,2024-10-16
2024101601020434,NIMB,29,49,10.0,254.0,2540.0,2024-10-16
2024101604016758,PMHPL,63,29,150.0,286.8,43020.0,2024-10-16
2024101604016757,PMHPL,63,33,150.0,286.7,43005.0,2024-10-16
2024101601020433,EHPL,62,29,30.0,875.0,26250.0,2024-10-16
2024101603014480,ACLBSL,52,37,26.0,1080.0,28080.0,2024-10-16
2024101603014479,ACLBSL,52,54,13.0,1075.0,13975.0,2024-10-16
2024101603014478,ACLBSL,52,22,51.0,1073.0,54723.0,2024-10-16
2024101603014477,ACLBSL,52,57,40.0,1073.0,42920.0,2024-10-16
2024101603014476,ICFC,74,58,118.0,788.0,92984.0,2024-10-16
2024101603014475,ICFC,74,45,21.0,787.0,16527.0,2024-10-16
2024101603014474,ICFC,74,70,50.0,787.0,39350.0,2024-10-16
2024101603014473,ICFC,74,4,600.0,786.6,471960.0,2024-10-16
2024101603014472,ICFC,74,3,200.0,785.0,157000.0,2024-10-16
2024101603014471,ICFC,74,38,50.0,785.0,39250.0,2024-10-16
2024101603014470,ICFC,74,38,20.0,785.0,15700.0,2024-10-16
2024101603014469,ICFC,74,26,100.0,785.0,78500.0,2024-10-16
2024101603014468,ICFC,74,25,80.0,785.0,62800.0,2024-10-16
2024101603014467,ICFC,74,4,245.0,784.0,192080.0,2024-10-16
2024101603014466,ICFC,74,44,20.0,784.0,15680.0,2024-10-16
2024101603014465,ICFC,74,5,100.0,783.0,78300.0,2024-10-16
2024101603014464,ICFC,74,54,131.0,782.0,102442.0,2024-10-16
2024101603014463,ICFC,74,47,115.0,781.0,89815.0,2024-10-16
2024101603014462,ICFC,74,21,150.0,781.0,117150.0,2024-10-16
2024101603014461,NFS,41,46,10.0,1445.1,14451.0,2024-10-16
2024101603014460,NFS,41,3,100.0,1445.0,144500.0,2024-10-16
2024101603014459,NFS,41,69,50.0,1444.9,72245.0,2024-10-16
2024101603014458,NFS,41,62,10.0,1440.0,14400.0,2024-10-16
2024101603014457,NFS,41,74,500.0,1440.0,720000.0,2024-10-16
2024101603014456,NFS,41,62,10.0,1440.0,14400.0,2024-10-16
2024101603014455,NFS,41,49,10.0,1440.0,14400.0,2024-10-16
2024101603014454,NFS,41,28,30.0,1440.0,43200.0,2024-10-16
2024101603014453,NFS,41,33,10.0,1440.0,14400.0,2024-10-16
2024101603014452,NFS,41,34,200.0,1439.7,287940.0,2024-10-16
2024101603014451,NFS,41,55,85.0,1428.0,121380.0,2024-10-16
2024101605013803,SHIVM,41,26,169.0,627.0,105963.0,2024-10-16
2024101605013802,SHIVM,41,42,50.0,627.0,31350.0,2024-10-16
2024101605013801,SHIVM,41,54,50.0,627.0,31350.0,2024-10-16
2024101605013800,SHIVM,41,49,50.0,627.0,31350.0,2024-10-16
2024101605013799,SHIVM,41,58,80.0,627.0,50160.0,2024-10-16
2024101605013798,SHIVM,41,16,61.0,627.0,38247.0,2024-10-16
2024101605013797,SHIVM,41,25,40.0,626.9,25076.0,2024-10-16
2024101601020432,SBL,43,26,10.0,366.0,3660.0,2024-10-16
2024101604016756,SALICO,43,4,10.0,777.0,7770.0,2024-10-16
2024101601020431,NMB,94,40,35.0,280.0,9800.0,2024-10-16
2024101601020430,NMB,84,40,140.0,280.0,39200.0,2024-10-16
2024101605013796,NRM,21,45,10.0,461.9,4619.0,2024-10-16
2024101603014450,EDBL,21,98,200.0,655.9,131180.0,2024-10-16
2024101601020429,SHLB,46,22,10.0,1950.0,19500.0,2024-10-16
2024101604016755,AKJCL,45,52,71.0,223.9,15896.9,2024-10-16
2024101604016754,AKJCL,45,72,39.0,223.9,8732.1,2024-10-16
2024101605013795,HDL,34,57,10.0,1365.0,13650.0,2024-10-16
2024101601020428,NIMBPO,34,46,100.0,178.0,17800.0,2024-10-16
2024101604016753,CHL,34,74,364.0,365.0,132860.0,2024-10-16
2024101604016752,CHL,34,47,16.0,365.0,5840.0,2024-10-16
2024101604016751,CHL,34,52,40.0,364.0,14560.0,2024-10-16
2024101604016750,CHL,34,57,180.0,364.0,65520.0,2024-10-16
2024101604016749,CHL,34,34,100.0,363.0,36300.0,2024-10-16
2024101604016748,SPDL,7,34,10.0,311.1,3111.0,2024-10-16
2024101605013794,ENL,42,57,100.0,1170.0,117000.0,2024-10-16
2024101605013793,ENL,57,57,40.0,1170.0,46800.0,2024-10-16
2024101605013792,ENL,45,57,20.0,1186.0,23720.0,2024-10-16
2024101604016747,NGPL,42,16,153.0,458.0,70074.0,2024-10-16
2024101604016746,BPCL,52,92,456.0,477.0,217512.0,2024-10-16
2024101603014449,EDBL,43,69,100.0,655.0,65500.0,2024-10-16
2024101603014448,SADBL,28,55,65.0,436.0,28340.0,2024-10-16
2024101603014447,MLBBL,42,6,10.0,1659.0,16590.0,2024-10-16
2024101603014446,FMDBL,42,21,63.0,815.0,51345.0,2024-10-16
2024101603014445,FMDBL,42,34,50.0,814.9,40745.0,2024-10-16
2024101603014444,FMDBL,42,55,37.0,814.9,30151.3,2024-10-16
2024101603014443,SLBSL,62,35,50.0,1498.0,74900.0,2024-10-16
2024101603014442,SLBSL,62,1,42.0,1487.1,62458.2,2024-10-16
2024101603014441,SLBSL,62,50,50.0,1487.1,74355.0,2024-10-16
2024101603014440,SLBSL,62,58,25.0,1487.1,37177.5,2024-10-16
2024101603014439,SLBSL,62,47,10.0,1487.1,14871.0,2024-10-16
2024101603014438,SLBSL,62,42,100.0,1487.0,148700.0,2024-10-16
2024101603014437,SLBSL,62,32,20.0,1487.0,29740.0,2024-10-16
2024101603014436,SLBSL,62,35,280.0,1487.0,416360.0,2024-10-16
2024101603014435,SLBSL,62,14,14.0,1487.0,20818.0,2024-10-16
2024101603014434,SLBSL,62,45,53.0,1487.0,78811.0,2024-10-16
2024101603014433,SLBSL,62,70,10.0,1487.0,14870.0,2024-10-16
2024101603014432,SLBSL,62,17,20.0,1486.0,29720.0,2024-10-16
2024101603014431,SLBSL,62,29,500.0,1485.0,742500.0,2024-10-16
2024101603014430,SLBSL,62,1,86.0,1480.0,127280.0,2024-10-16
2024101603014429,SLBSL,62,42,30.0,1479.0,44370.0,2024-10-16
2024101603014428,SLBSL,62,62,10.0,1478.0,14780.0,2024-10-16
2024101603014427,SLBSL,62,34,40.0,1470.0,58800.0,2024-10-16
2024101603014426,SLBSL,62,66,44.0,1468.8,64627.2,2024-10-16
2024101603014425,SLBSL,62,22,14.0,1463.7,20491.8,2024-10-16
2024101603014424,SLBSL,62,29,100.0,1463.7,146370.0,2024-10-16
2024101603014423,SLBSL,62,46,14.0,1450.0,20300.0,2024-10-16
2024101603014422,SLBSL,62,58,38.0,1450.0,55100.0,2024-10-16
2024101603014421,NFS,45,55,50.0,1430.0,71500.0,2024-10-16
2024101604016745,JOSHI,34,39,140.0,325.0,45500.0,2024-10-16
2024101604016744,JOSHI,35,39,53.0,326.0,17278.0,2024-10-16
2024101603014420,PROFL,58,58,20.0,657.0,13140.0,2024-10-16
2024101601020427,KBL,41,34,460.0,237.0,109020.0,2024-10-16
2024101601020426,KBL,41,49,40.0,236.9,9476.0,2024-10-16
2024101604016743,HDHPC,87,44,10.0,222.0,2220.0,2024-10-16
2024101603014419,MLBL,14,32,100.0,421.9,42190.0,2024-10-16
2024101605013791,NRM,14,45,10.0,461.9,4619.0,2024-10-16
2024101604016742,UMHL,11,42,10.0,325.9,3259.0,2024-10-16
2024101603014418,RSDC,34,47,40.0,749.0,29960.0,2024-10-16
2024101603014417,RSDC,34,45,25.0,748.0,18700.0,2024-10-16
2024101604016741,UMHL,63,48,100.0,324.4,32440.0,2024-10-16
2024101604016740,KPCL,1,22,14.0,505.0,7070.0,2024-10-16
2024101604016739,KPCL,1,57,14.0,505.0,7070.0,2024-10-16
2024101604016738,KPCL,1,38,26.0,504.0,13104.0,2024-10-16
2024101604016737,KPCL,1,49,56.0,503.0,28168.0,2024-10-16
2024101604016736,KPCL,1,35,14.0,501.0,7014.0,2024-10-16
2024101601020425,MEHL,1,26,80.0,390.0,31200.0,2024-10-16
2024101603014416,HLBSL,88,22,10.0,951.0,9510.0,2024-10-16
2024101604016735,SHL,6,75,100.0,537.2,53720.0,2024-10-16
2024101601020424,SNLI,16,58,2.0,600.0,1200.0,2024-10-16
2024101603014415,ALBSL,40,29,10.0,1073.0,10730.0,2024-10-16
2024101603014414,NMFBS,25,38,100.0,1475.5,147550.0,2024-10-16
2024101603014413,NMFBS,21,38,10.0,1476.0,14760.0,2024-10-16
2024101603014412,FMDBL,35,55,163.0,814.9,132828.7,2024-10-16
2024101603014411,FMDBL,35,16,10.0,814.8,8148.0,2024-10-16
2024101603014410,FMDBL,35,10,67.0,814.8,54591.6,2024-10-16
2024101603014409,FMDBL,35,77,11.0,814.8,8962.8,2024-10-16
2024101603014408,FMDBL,35,44,49.0,813.0,39837.0,2024-10-16
2024101601020423,HBL,63,22,100.0,277.0,27700.0,2024-10-16
2024101601020422,SHLB,42,22,10.0,1950.0,19500.0,2024-10-16
2024101605013790,RNLI,14,42,63.0,512.2,32268.6,2024-10-16
2024101605013789,RNLI,35,42,10.0,513.0,5130.0,2024-10-16
2024101605013788,RNLI,34,42,29.0,513.0,14877.0,2024-10-16
2024101605013787,HRL,77,17,121.0,896.0,108416.0,2024-10-16
2024101605013786,HRL,25,17,111.0,896.0,99456.0,2024-10-16
2024101605013785,HRL,45,17,168.0,896.0,150528.0,2024-10-16
2024101605013784,SHIVM,48,32,200.0,626.0,125200.0,2024-10-16
2024101604016734,API,55,45,200.0,311.9,62380.0,2024-10-16
2024101604016733,API,55,35,200.0,311.8,62360.0,2024-10-16
2024101601020421,NABIL,32,58,100.0,608.0,60800.0,2024-10-16
2024101604016732,LEC,49,58,281.0,295.2,82951.2,2024-10-16
2024101604016731,LEC,25,58,200.0,295.2,59040.0,2024-10-16
2024101604016730,LEC,45,58,100.0,295.2,29520.0,2024-10-16
2024101601020420,MMKJL,58,35,20.0,518.0,10360.0,2024-10-16
2024101601020419,MMKJL,58,38,20.0,518.0,10360.0,2024-10-16
2024101601020418,MMKJL,58,22,75.0,518.0,38850.0,2024-10-16
2024101601020417,MSHL,43,45,50.0,970.0,48500.0,2024-10-16
2024101604016729,UAIL,58,14,700.0,668.0,467600.0,2024-10-16
2024101604016728,NLG,55,45,300.0,1300.0,390000.0,2024-10-16
2024101601020416,BHPL,26,43,50.0,689.5,34475.0,2024-10-16
2024101601020415,BHPL,26,14,20.0,689.5,13790.0,2024-10-16
2024101601020414,BHPL,26,42,100.0,689.4,68940.0,2024-10-16
2024101601020413,BHPL,26,14,20.0,688.9,13778.0,2024-10-16
2024101601020412,BHPL,26,33,200.0,687.0,137400.0,2024-10-16
2024101601020411,BHPL,26,32,100.0,685.9,68590.0,2024-10-16
2024101601020410,BHPL,26,53,10.0,684.0,6840.0,2024-10-16
2024101604016727,SHPC,6,19,100.0,558.5,55850.0,2024-10-16
2024101604016726,RIDI,34,42,50.0,247.0,12350.0,2024-10-16
2024101601020409,MCHL,42,34,50.0,495.8,24790.0,2024-10-16
2024101601020408,MCHL,51,34,100.0,496.0,49600.0,2024-10-16
2024101601020407,MCHL,45,34,50.0,496.0,24800.0,2024-10-16
2024101601020406,MCHL,48,34,40.0,496.0,19840.0,2024-10-16
2024101603014407,MDB,35,48,20.0,666.0,13320.0,2024-10-16
2024101603014406,SIFC,48,44,100.0,638.0,63800.0,2024-10-16
2024101603014405,PMLI,5,44,10.0,572.5,5725.0,2024-10-16
2024101604016725,NHPC,57,32,1000.0,235.9,235900.0,2024-10-16
2024101601020405,KDL,10,16,10.0,1095.0,10950.0,2024-10-16
2024101604016724,SHPC,60,41,10.0,559.0,5590.0,2024-10-16
2024101603014404,CFCL,34,49,390.0,644.0,251160.0,2024-10-16
2024101604016723,UNHPL,59,42,216.0,284.5,61452.0,2024-10-16
2024101604016722,UNHPL,59,11,50.0,284.0,14200.0,2024-10-16
2024101604016721,UNHPL,59,34,200.0,284.0,56800.0,2024-10-16
2024101604016720,UNHPL,59,42,34.0,284.0,9656.0,2024-10-16
2024101604016719,DHPL,42,49,10.0,263.0,2630.0,2024-10-16
2024101604016718,DHPL,42,49,10.0,263.1,2631.0,2024-10-16
2024101604016717,DHPL,42,49,10.0,263.3,2633.0,2024-10-16
2024101604016716,DHPL,42,49,10.0,263.5,2635.0,2024-10-16
2024101604016715,DHPL,42,49,10.0,263.8,2638.0,2024-10-16
2024101603014403,NMBMF,38,56,20.0,722.0,14440.0,2024-10-16
2024101603014402,RSDC,28,25,55.0,745.0,40975.0,2024-10-16
2024101605013783,NRIC,35,37,11.0,830.0,9130.0,2024-10-16
2024101605013782,NRIC,35,65,43.0,829.7,35677.1,2024-10-16
2024101605013781,NRIC,35,60,146.0,828.0,120888.0,2024-10-16
2024101605013780,SMATA,37,51,40.0,949.0,37960.0,2024-10-16
2024101605013779,SMATA,37,38,170.0,945.0,160650.0,2024-10-16
2024101604016714,DHPL,42,70,11.0,263.9,2902.9,2024-10-16
2024101601020404,ULHC,42,50,130.0,402.8,52364.0,2024-10-16
2024101601020403,IHL,11,72,750.0,529.2,396900.0,2024-10-16
2024101601020402,IHL,44,72,25.0,529.3,13232.5,2024-10-16
2024101601020401,IHL,42,72,10.0,530.0,5300.0,2024-10-16
2024101601020400,IHL,51,72,20.0,530.0,10600.0,2024-10-16
2024101601020399,IHL,34,72,200.0,530.0,106000.0,2024-10-16
2024101601020398,IHL,35,72,535.0,530.0,283550.0,2024-10-16
2024101601020397,IHL,10,72,30.0,530.0,15900.0,2024-10-16
2024101601020396,IHL,21,72,140.0,531.0,74340.0,2024-10-16
2024101603014401,MPFL,32,25,10.0,785.0,7850.0,2024-10-16
2024101603014400,SINDU,32,11,10.0,675.0,6750.0,2024-10-16
2024101601020395,LSL,96,89,192.0,267.6,51379.2,2024-10-16
2024101603014399,SFCL,3,41,30.0,670.0,20100.0,2024-10-16
2024101603014398,SFCL,1,41,20.0,670.0,13400.0,2024-10-16
2024101603014397,GFCL,41,21,50.0,1114.0,55700.0,2024-10-16
2024101603014396,GFCL,41,26,100.0,1110.0,111000.0,2024-10-16
2024101603014395,GFCL,41,16,250.0,1110.0,277500.0,2024-10-16
2024101603014394,GFCL,41,34,300.0,1110.0,333000.0,2024-10-16
2024101603014393,GFCL,41,34,400.0,1110.0,444000.0,2024-10-16
2024101603014392,GFCL,41,4,80.0,1110.0,88800.0,2024-10-16
2024101603014391,GFCL,41,74,200.0,1109.9,221980.0,2024-10-16
2024101603014390,GFCL,41,44,25.0,1108.0,27700.0,2024-10-16
2024101603014389,GFCL,41,38,50.0,1107.0,55350.0,2024-10-16
2024101605013778,CLI,18,19,10.0,662.0,6620.0,2024-10-16
2024101604016713,AKPL,43,6,10.0,265.7,2657.0,2024-10-16
2024101605013777,ILI,26,58,38.0,516.0,19608.0,2024-10-16
2024101601020394,LSL,40,26,10.0,268.1,2681.0,2024-10-16
2024101604016712,SSHL,4,22,235.0,227.8,53533.0,2024-10-16
2024101604016711,SSHL,21,22,25.0,229.0,5725.0,2024-10-16
2024101604016710,MEN,14,42,80.0,660.0,52800.0,2024-10-16
2024101604016709,HURJA,70,55,2280.0,228.0,519840.0,2024-10-16
2024101604016708,HURJA,70,6,200.0,228.0,45600.0,2024-10-16
2024101604016707,HURJA,70,53,20.0,228.0,4560.0,2024-10-16
2024101604016706,HURJA,70,6,2000.0,228.0,456000.0,2024-10-16
2024101604016705,HURJA,70,22,500.0,227.9,113950.0,2024-10-16
2024101604016704,HURJA,70,42,1000.0,227.8,227800.0,2024-10-16
2024101603014388,GFCL,41,46,10.0,1105.0,11050.0,2024-10-16
2024101601020393,SAMAJ,77,55,10.0,3087.0,30870.0,2024-10-16
2024101603014387,SHINE,67,34,500.0,500.1,250050.0,2024-10-16
2024101601020392,CYCL,57,34,10.0,1554.0,15540.0,2024-10-16
2024101605013776,HIDCL,66,38,50.0,283.0,14150.0,2024-10-16
2024101603014386,MLBL,84,28,300.0,421.0,126300.0,2024-10-16
2024101601020391,HHL,59,37,200.0,462.0,92400.0,2024-10-16
2024101601020390,RAWA,35,35,200.0,736.0,147200.0,2024-10-16
2024101603014385,SLBBL,42,35,10.0,994.0,9940.0,2024-10-16
2024101603014384,SLBBL,14,35,330.0,994.0,328020.0,2024-10-16
2024101601020389,MHL,1,55,120.0,777.2,93264.0,2024-10-16
2024101601020388,MHL,47,55,40.0,778.1,31124.0,2024-10-16
2024101601020387,SNLI,58,8,10.0,612.0,6120.0,2024-10-16
2024101601020386,SANIMA,67,58,360.0,348.0,125280.0,2024-10-16
2024101601020385,SANIMA,14,58,50.0,348.5,17425.0,2024-10-16
2024101601020384,SANIMA,32,58,90.0,348.6,31374.0,2024-10-16
2024101601020383,SBL,40,16,10.0,366.0,3660.0,2024-10-16
2024101604016703,IGI,14,49,40.0,623.0,24920.0,2024-10-16
2024101603014383,MPFL,51,36,240.0,782.0,187680.0,2024-10-16
2024101603014382,MPFL,22,36,50.0,782.0,39100.0,2024-10-16
2024101603014381,MPFL,42,36,300.0,782.5,234750.0,2024-10-16
2024101603014380,MPFL,52,36,10.0,782.8,7828.0,2024-10-16
2024101603014379,GFCL,41,17,10.0,1105.0,11050.0,2024-10-16
2024101603014378,JFL,57,55,969.0,690.1,668706.9,2024-10-16
2024101603014377,JFL,58,55,31.0,690.1,21393.1,2024-10-16
2024101604016702,SHEL,32,33,80.0,256.8,20544.0,2024-10-16
2024101604016701,NLG,55,43,225.0,1300.0,292500.0,2024-10-16
2024101605013775,HRL,45,7,32.0,896.0,28672.0,2024-10-16
2024101605013774,HRL,63,7,100.0,896.0,89600.0,2024-10-16
2024101605013773,HRL,42,7,33.0,896.0,29568.0,2024-10-16
2024101605013772,HRL,35,7,190.0,896.0,170240.0,2024-10-16
2024101605013771,HRL,33,7,10.0,896.0,8960.0,2024-10-16
2024101605013770,HRL,43,7,20.0,896.1,17922.0,2024-10-16
2024101605013769,HRL,57,7,65.0,896.1,58246.5,2024-10-16
2024101605013768,HRL,25,7,50.0,896.2,44810.0,2024-10-16
2024101604016700,SSHL,21,66,50.0,228.0,11400.0,2024-10-16
2024101604016699,SPDL,70,61,11.0,312.5,3437.5,2024-10-16
2024101601020382,TPC,70,58,10.0,489.9,4899.0,2024-10-16
2024101601020381,MLBS,51,80,15.0,1639.0,24585.0,2024-10-16
2024101605013767,SAHAS,39,26,130.0,484.0,62920.0,2024-10-16
2024101604016698,BPCL,52,19,44.0,477.0,20988.0,2024-10-16
2024101604016697,BPCL,47,19,656.0,477.0,312912.0,2024-10-16
2024101604016696,BPCL,6,19,100.0,477.1,47710.0,2024-10-16
2024101601020380,IHL,21,34,70.0,531.0,37170.0,2024-10-16
2024101605013766,VLUCL,52,83,190.0,607.0,115330.0,2024-10-16
2024101604016695,API,35,45,100.0,311.9,31190.0,2024-10-16
2024101601020379,NESDO,58,42,10.0,2268.0,22680.0,2024-10-16
2024101603014376,USLB,6,58,10.0,1499.0,14990.0,2024-10-16
2024101605013765,HIDCL,66,17,695.0,283.0,196685.0,2024-10-16
2024101605013764,HIDCL,42,17,100.0,283.0,28300.0,2024-10-16
2024101605013763,HIDCL,47,17,185.0,283.1,52373.5,2024-10-16
2024101605013762,HIDCL,50,17,20.0,283.2,5664.0,2024-10-16
2024101603014375,MPFL,44,39,10.0,783.0,7830.0,2024-10-16
2024101604016694,RHPL,57,54,70.0,388.5,27195.0,2024-10-16
2024101604016693,RHPL,58,54,10.0,388.5,3885.0,2024-10-16
2024101604016692,AKJCL,32,72,100.0,223.9,22390.0,2024-10-16
2024101605013761,SONA,68,60,10.0,493.0,4930.0,2024-10-16
2024101603014374,PMLI,5,21,10.0,572.5,5725.0,2024-10-16
2024101603014373,USLB,19,58,10.0,1499.0,14990.0,2024-10-16
2024101603014372,CFCL,57,48,10.0,645.0,6450.0,2024-10-16
2024101603014371,MPFL,60,25,10.0,785.0,7850.0,2024-10-16
2024101603014370,JFL,35,1,200.0,692.0,138400.0,2024-10-16
2024101603014369,SFCL,1,42,30.0,670.0,20100.0,2024-10-16
2024101603014368,SFCL,41,42,170.0,670.0,113900.0,2024-10-16
2024101605013760,SONA,39,60,10.0,493.0,4930.0,2024-10-16
2024101604016691,UMRH,55,38,35.0,489.9,17146.5,2024-10-16
2024101604016690,UMRH,55,16,30.0,489.9,14697.0,2024-10-16
2024101604016689,UMRH,55,41,135.0,489.0,66015.0,2024-10-16
2024101601020378,MMKJL,19,41,10.0,517.1,5171.0,2024-10-16
2024101601020377,SBI,34,43,375.0,466.5,174937.5,2024-10-16
2024101601020376,SBI,41,43,400.0,466.7,186680.0,2024-10-16
2024101601020375,SBI,45,43,225.0,466.9,105052.5,2024-10-16
2024101605013759,NIFRA,36,40,300.0,289.0,86700.0,2024-10-16
2024101604016688,NGPL,42,58,250.0,458.0,114500.0,2024-10-16
2024101603014367,CFCL,21,48,200.0,645.0,129000.0,2024-10-16
2024101601020374,GBIME,81,21,220.0,263.0,57860.0,2024-10-16
2024101601020373,GBIME,81,52,102.0,263.0,26826.0,2024-10-16
2024101601020372,GBIME,81,42,500.0,263.0,131500.0,2024-10-16
2024101601020371,GBIME,81,28,50.0,263.0,13150.0,2024-10-16
2024101601020370,GBIME,81,42,100.0,263.0,26300.0,2024-10-16
2024101601020369,GBIME,81,42,644.0,263.0,169372.0,2024-10-16
2024101601020368,GBIME,81,49,51.0,263.0,13413.0,2024-10-16
2024101601020367,GBIME,81,36,100.0,263.0,26300.0,2024-10-16
2024101601020366,GBIME,81,49,50.0,263.0,13150.0,2024-10-16
2024101601020365,GBIME,81,58,40.0,263.0,10520.0,2024-10-16
2024101601020364,GBIME,81,6,500.0,263.0,131500.0,2024-10-16
2024101601020363,GBIME,81,28,299.0,263.0,78637.0,2024-10-16
2024101601020362,GBIME,81,17,706.0,263.0,185678.0,2024-10-16
2024101601020361,GBIME,81,54,100.0,262.9,26290.0,2024-10-16
2024101604016687,LEC,45,8,200.0,295.2,59040.0,2024-10-16
2024101605013758,HATHY,81,37,10.0,1482.8,14828.0,2024-10-16
2024101604016686,KKHC,41,36,56.0,274.0,15344.0,2024-10-16
2024101603014366,SMB,34,57,10.0,1848.0,18480.0,2024-10-16
2024101603014365,MPFL,34,25,10.0,785.0,7850.0,2024-10-16
2024101604016685,HPPL,57,34,10.0,348.0,3480.0,2024-10-16
2024101604016684,AKPL,26,57,85.0,265.0,22525.0,2024-10-16
2024101604016683,AHPC,49,36,71.0,289.0,20519.0,2024-10-16
2024101604016682,AHPC,49,34,429.0,289.0,123981.0,2024-10-16
2024101605013757,ILI,26,35,12.0,516.0,6192.0,2024-10-16
2024101605013756,MEL,35,56,80.0,299.0,23920.0,2024-10-16
2024101603014364,HLI,6,8,418.0,499.7,208874.6,2024-10-16
2024101603014363,HLI,6,4,173.0,499.5,86413.5,2024-10-16
2024101603014362,HLI,6,45,50.0,499.4,24970.0,2024-10-16
2024101603014361,HLI,6,45,85.0,499.0,42415.0,2024-10-16
2024101603014360,HLI,6,44,1000.0,499.0,499000.0,2024-10-16
2024101603014359,HLI,6,19,10.0,499.0,4990.0,2024-10-16
2024101603014358,HLI,6,57,10.0,499.0,4990.0,2024-10-16
2024101603014357,HLI,6,39,65.0,499.0,32435.0,2024-10-16
2024101603014356,HLI,6,36,189.0,497.0,93933.0,2024-10-16
2024101605013755,CHDC,98,86,50.0,1787.0,89350.0,2024-10-16
2024101605013754,CHDC,19,86,50.0,1787.0,89350.0,2024-10-16
2024101605013753,CHDC,49,86,10.0,1787.0,17870.0,2024-10-16
2024101603014355,SIFC,5,44,30.0,639.1,19173.0,2024-10-16
2024101601020360,MKHC,56,44,10.0,355.0,3550.0,2024-10-16
2024101601020359,LSL,96,57,155.0,267.6,41478.0,2024-10-16
2024101604016681,RHPL,29,44,500.0,389.0,194500.0,2024-10-16
2024101604016680,SGIC,41,38,220.0,661.5,145530.0,2024-10-16
2024101604016679,SGIC,34,38,100.0,661.6,66160.0,2024-10-16
2024101604016678,SGIC,34,38,50.0,662.0,33100.0,2024-10-16
2024101604016677,SGIC,51,38,300.0,662.1,198630.0,2024-10-16
2024101604016676,SGIC,29,38,70.0,663.0,46410.0,2024-10-16
2024101605013752,HRL,35,42,10.0,897.0,8970.0,2024-10-16
2024101604016675,UPPER,17,58,40.0,227.7,9108.0,2024-10-16
2024101604016674,UPPER,17,1,10.0,227.7,2277.0,2024-10-16
2024101604016673,UPPER,21,3,500.0,227.5,113750.0,2024-10-16
2024101603014354,SINDU,32,11,30.0,675.0,20250.0,2024-10-16
2024101603014353,SINDU,32,54,90.0,675.0,60750.0,2024-10-16
2024101603014352,SINDU,32,32,150.0,674.9,101235.0,2024-10-16
2024101603014351,SINDU,32,52,230.0,673.9,154997.0,2024-10-16
2024101601020358,HIDCLP,32,33,635.0,182.0,115570.0,2024-10-16
2024101601020357,HIDCLP,32,49,2010.0,182.0,365820.0,2024-10-16
2024101601020356,HIDCLP,32,38,1500.0,182.0,273000.0,2024-10-16
2024101601020355,HIDCLP,32,49,270.0,182.0,49140.0,2024-10-16
2024101601020354,HIDCLP,32,25,1000.0,182.0,182000.0,2024-10-16
2024101601020353,HIDCLP,32,41,100.0,182.0,18200.0,2024-10-16
2024101601020352,HIDCLP,32,32,1045.0,182.0,190190.0,2024-10-16
2024101601020351,HIDCLP,32,62,3440.0,181.9,625736.0,2024-10-16
2024101603014350,BFC,53,42,10.0,637.0,6370.0,2024-10-16
2024101604016672,SHPC,6,71,100.0,558.5,55850.0,2024-10-16
2024101604016671,API,21,45,189.0,311.9,58949.1,2024-10-16
2024101604016670,API,21,36,96.0,311.8,29932.8,2024-10-16
2024101601020350,RHGCL,72,70,500.0,410.0,205000.0,2024-10-16
2024101603014349,RLFL,4,58,135.0,640.0,86400.0,2024-10-16
2024101604016669,UPCL,58,44,100.0,279.0,27900.0,2024-10-16
2024101601020349,DORDI,45,56,18.0,449.0,8082.0,2024-10-16
2024101601020348,SCB,49,51,28.0,709.0,19852.0,2024-10-16
2024101601020347,KBL,22,48,100.0,236.8,23680.0,2024-10-16
2024101603014348,NFS,78,75,152.0,1420.0,215840.0,2024-10-16
2024101603014347,NFS,14,75,10.0,1420.0,14200.0,2024-10-16
2024101603014346,NFS,34,75,25.0,1420.0,35500.0,2024-10-16
2024101603014345,NFS,78,75,58.0,1420.0,82360.0,2024-10-16
2024101603014344,NFS,19,75,10.0,1420.1,14201.0,2024-10-16
2024101603014343,NFS,51,75,10.0,1421.0,14210.0,2024-10-16
2024101603014342,NFS,41,75,140.0,1421.0,198940.0,2024-10-16
2024101603014341,NFS,6,75,50.0,1421.0,71050.0,2024-10-16
2024101603014340,NFS,59,75,200.0,1421.0,284200.0,2024-10-16
2024101603014339,NFS,57,75,20.0,1421.0,28420.0,2024-10-16
2024101603014338,NFS,41,75,100.0,1421.6,142160.0,2024-10-16
2024101603014337,NFS,17,75,400.0,1422.0,568800.0,2024-10-16
2024101603014336,NFS,17,75,700.0,1422.0,995400.0,2024-10-16
2024101603014335,NFS,17,75,700.0,1422.0,995400.0,2024-10-16
2024101603014334,NFS,56,75,620.0,1422.0,881640.0,2024-10-16
2024101603014333,NFS,47,75,80.0,1422.1,113768.0,2024-10-16
2024101603014332,NFS,52,75,50.0,1422.6,71130.0,2024-10-16
2024101603014331,NFS,35,75,10.0,1423.0,14230.0,2024-10-16
2024101603014330,NFS,29,75,1000.0,1423.0,1423000.0,2024-10-16
2024101603014329,NFS,45,75,100.0,1423.1,142310.0,2024-10-16
2024101603014328,NFS,38,75,100.0,1423.2,142320.0,2024-10-16
2024101603014327,NFS,81,75,40.0,1424.2,56968.0,2024-10-16
2024101603014326,NFS,47,75,10.0,1425.0,14250.0,2024-10-16
2024101603014325,NFS,41,75,50.0,1425.1,71255.0,2024-10-16
2024101603014324,NFS,36,75,200.0,1426.0,285200.0,2024-10-16
2024101603014323,NFS,14,75,20.0,1426.0,28520.0,2024-10-16
2024101603014322,NFS,40,75,100.0,1426.1,142610.0,2024-10-16
2024101603014321,NFS,58,75,50.0,1426.3,71315.0,2024-10-16
2024101603014320,NFS,42,75,100.0,1426.6,142660.0,2024-10-16
2024101603014319,NFS,41,75,10.0,1426.6,14266.0,2024-10-16
2024101603014318,NFS,41,75,50.0,1427.0,71350.0,2024-10-16
2024101603014317,NFS,58,75,11.0,1427.3,15700.3,2024-10-16
2024101603014316,NFS,58,75,10.0,1428.0,14280.0,2024-10-16
2024101603014315,NFS,6,75,20.0,1430.0,28600.0,2024-10-16
2024101603014314,NFS,42,75,20.0,1430.0,28600.0,2024-10-16
2024101603014313,NFS,64,75,133.0,1430.0,190190.0,2024-10-16
2024101601020346,MHL,1,4,235.0,777.2,182642.0,2024-10-16
2024101604016668,API,10,36,84.0,311.8,26191.2,2024-10-16
2024101604016667,API,10,57,16.0,311.7,4987.2,2024-10-16
2024101604016666,NHPC,10,32,320.0,235.9,75488.0,2024-10-16
2024101604016665,DHPL,57,70,10.0,263.9,2639.0,2024-10-16
2024101604016664,UPPER,13,1,90.0,227.7,20493.0,2024-10-16
2024101604016663,UPPER,13,42,100.0,227.7,22770.0,2024-10-16
2024101604016662,UPPER,13,17,50.0,227.7,11385.0,2024-10-16
2024101604016661,UPPER,13,1,100.0,227.7,22770.0,2024-10-16
2024101604016660,UPPER,13,41,260.0,227.7,59202.0,2024-10-16
2024101603014312,NFS,64,57,17.0,1430.0,24310.0,2024-10-16
2024101603014311,NFS,35,57,43.0,1430.0,61490.0,2024-10-16
2024101603014310,NFS,34,57,40.0,1430.1,57204.0,2024-10-16
2024101601020345,PPL,49,57,90.0,497.0,44730.0,2024-10-16
2024101603014309,GBLBS,36,35,10.0,779.0,7790.0,2024-10-16
2024101604016659,AHPC,62,35,500.0,288.9,144450.0,2024-10-16
2024101604016658,AKPL,26,42,100.0,265.0,26500.0,2024-10-16
2024101603014308,JFL,42,1,10.0,692.0,6920.0,2024-10-16
2024101605013751,MEL,57,56,15.0,299.0,4485.0,2024-10-16
2024101605013750,MEL,42,56,25.0,299.0,7475.0,2024-10-16
2024101605013749,MEL,19,56,1000.0,299.0,299000.0,2024-10-16
2024101605013748,MEL,52,56,50.0,299.0,14950.0,2024-10-16
2024101605013747,MEL,1,56,200.0,299.1,59820.0,2024-10-16
2024101605013746,MEL,64,56,740.0,299.2,221408.0,2024-10-16
2024101605013745,MEL,55,56,300.0,299.3,89790.0,2024-10-16
2024101605013744,MEL,1,56,90.0,299.5,26955.0,2024-10-16
2024101604016657,DHPL,42,70,11.0,263.9,2902.9,2024-10-16
2024101603014307,SKBBL,17,38,100.0,966.0,96600.0,2024-10-16
2024101603014306,MLBSL,34,6,100.0,2044.1,204410.0,2024-10-16
2024101603014305,SWBBL,33,47,106.0,1055.0,111830.0,2024-10-16
2024101603014304,SWBBL,33,13,21.0,1054.0,22134.0,2024-10-16
2024101603014303,SWBBL,33,75,50.0,1054.0,52700.0,2024-10-16
2024101603014302,SWBBL,33,29,100.0,1053.9,105390.0,2024-10-16
2024101603014301,SWBBL,33,44,100.0,1053.0,105300.0,2024-10-16
2024101603014300,SWBBL,33,41,23.0,1053.0,24219.0,2024-10-16
2024101601020344,MLBS,48,98,10.0,1615.1,16151.0,2024-10-16
2024101601020343,SMHL,74,58,10.0,599.0,5990.0,2024-10-16
2024101603014299,LICN,57,34,10.0,2115.1,21151.0,2024-10-16
2024101605013743,NRIC,45,60,96.0,828.0,79488.0,2024-10-16
2024101605013742,HIDCL,57,29,240.0,283.5,68040.0,2024-10-16
2024101605013741,GCIL,59,36,10.0,518.7,5187.0,2024-10-16
2024101604016656,API,22,84,53.0,311.4,16504.2,2024-10-16
2024101604016655,API,58,84,125.0,311.5,38937.5,2024-10-16
2024101604016654,API,49,84,270.0,311.6,84132.0,2024-10-16
2024101604016653,API,52,84,25.0,311.7,7792.5,2024-10-16
2024101604016652,API,7,84,527.0,311.7,164265.9,2024-10-16
2024101603014298,MNBBL,42,32,20.0,416.0,8320.0,2024-10-16
2024101603014297,MLBL,13,32,22.0,421.9,9281.8,2024-10-16
2024101603014296,SMFBS,77,44,10.0,1587.0,15870.0,2024-10-16
2024101603014295,SMFBS,77,32,10.0,1585.0,15850.0,2024-10-16
2024101603014294,SMFBS,77,63,100.0,1545.0,154500.0,2024-10-16
2024101603014293,GRDBL,20,29,10.0,725.0,7250.0,2024-10-16
2024101605013740,HDL,32,53,37.0,1363.0,50431.0,2024-10-16
2024101605013739,HDL,45,53,63.0,1363.1,85875.3,2024-10-16
2024101604016651,RURU,6,21,61.0,794.0,48434.0,2024-10-16
2024101604016650,RURU,7,21,10.0,795.0,7950.0,2024-10-16
2024101604016649,RURU,42,21,10.0,795.0,7950.0,2024-10-16
2024101604016648,RURU,34,21,29.0,795.0,23055.0,2024-10-16
2024101604016647,RURU,58,21,10.0,796.0,7960.0,2024-10-16
2024101604016646,RURU,57,21,30.0,796.0,23880.0,2024-10-16
2024101604016645,RURU,22,21,50.0,797.0,39850.0,2024-10-16
2024101605013738,GCIL,58,74,41.0,520.0,21320.0,2024-10-16
2024101605013737,GCIL,58,42,20.0,520.0,10400.0,2024-10-16
2024101605013736,GCIL,58,32,11.0,520.0,5720.0,2024-10-16
2024101605013735,GCIL,58,38,11.0,520.0,5720.0,2024-10-16
2024101605013734,GCIL,58,47,11.0,520.0,5720.0,2024-10-16
2024101605013733,GCIL,58,22,33.0,519.9,17156.7,2024-10-16
2024101604016644,SJCL,25,74,10.0,347.9,3479.0,2024-10-16
2024101603014292,CFCL,52,8,260.0,642.0,166920.0,2024-10-16
2024101603014291,CFCL,57,8,100.0,642.0,64200.0,2024-10-16
2024101603014290,CFCL,11,8,10.0,642.0,6420.0,2024-10-16
2024101603014289,CFCL,1,8,30.0,642.0,19260.0,2024-10-16
2024101603014288,CFCL,14,8,50.0,643.0,32150.0,2024-10-16
2024101603014287,LICN,34,35,25.0,2116.0,52900.0,2024-10-16
2024101603014286,MNBBL,8,13,180.0,412.0,74160.0,2024-10-16
2024101603014285,MNBBL,35,13,120.0,412.0,49440.0,2024-10-16
2024101603014284,MNBBL,42,13,50.0,412.0,20600.0,2024-10-16
2024101603014283,MNBBL,55,13,50.0,412.5,20625.0,2024-10-16
2024101603014282,MNBBL,51,13,600.0,415.0,249000.0,2024-10-16
2024101605013732,RNLI,29,42,40.0,514.0,20560.0,2024-10-16
2024101605013731,CHDC,57,94,50.0,1787.9,89395.0,2024-10-16
2024101604016643,MEN,59,42,200.0,660.0,132000.0,2024-10-16
2024101603014281,MLBL,13,28,250.0,421.9,105475.0,2024-10-16
2024101605013730,SONA,42,38,10.0,492.2,4922.0,2024-10-16
2024101603014280,SLBBL,14,35,500.0,994.0,497000.0,2024-10-16
2024101604016642,SGIC,42,13,30.0,669.9,20097.0,2024-10-16
2024101604016641,SGIC,42,34,40.0,669.0,26760.0,2024-10-16
2024101604016640,SGIC,42,26,10.0,665.0,6650.0,2024-10-16
2024101604016639,SGIC,42,49,10.0,665.0,6650.0,2024-10-16
2024101604016638,SGIC,42,57,10.0,664.0,6640.0,2024-10-16
2024101601020342,MLBS,61,80,10.0,1639.0,16390.0,2024-10-16
2024101603014279,SLBBL,14,99,170.0,994.0,168980.0,2024-10-16
2024101603014278,SLBBL,34,99,20.0,994.1,19882.0,2024-10-16
2024101603014277,SLBBL,7,99,10.0,995.0,9950.0,2024-10-16
2024101601020341,BNHC,22,4,50.0,490.0,24500.0,2024-10-16
2024101604016637,HPPL,51,34,10.0,348.0,3480.0,2024-10-16
2024101603014276,HLI,44,36,201.0,497.0,99897.0,2024-10-16
2024101603014275,HLI,7,36,10.0,498.0,4980.0,2024-10-16
2024101604016636,NLG,55,48,350.0,1300.0,455000.0,2024-10-16
2024101601020340,SANIMA,32,1,10.0,348.6,3486.0,2024-10-16
2024101603014274,JFL,58,8,69.0,690.1,47616.9,2024-10-16
2024101603014273,JFL,39,8,181.0,690.1,124908.1,2024-10-16
2024101604016635,AKPL,82,8,500.0,264.0,132000.0,2024-10-16
2024101604016634,API,7,75,286.0,311.7,89146.2,2024-10-16
2024101604016633,API,35,75,35.0,311.8,10913.0,2024-10-16
2024101603014272,GRDBL,45,34,113.0,719.1,81258.3,2024-10-16
2024101603014271,GRDBL,58,34,27.0,720.0,19440.0,2024-10-16
2024101604016632,API,22,75,679.0,311.8,211712.2,2024-10-16
2024101603014270,GRDBL,71,34,110.0,720.0,79200.0,2024-10-16
2024101603014269,GRDBL,66,34,50.0,720.2,36010.0,2024-10-16
2024101601020339,DLBS,57,57,10.0,1388.3,13883.0,2024-10-16
2024101601020338,MKCL,57,65,10.0,1602.0,16020.0,2024-10-16
2024101601020337,MHCL,57,3,10.0,410.0,4100.0,2024-10-16
2024101601020336,MHCL,57,42,20.0,408.0,8160.0,2024-10-16
2024101601020335,MHCL,57,22,10.0,408.0,4080.0,2024-10-16
2024101601020334,MHCL,57,54,10.0,408.0,4080.0,2024-10-16
2024101601020333,DOLTI,38,41,25.0,543.0,13575.0,2024-10-16
2024101603014268,MDB,35,26,150.0,666.0,99900.0,2024-10-16
2024101605013729,NRIC,35,65,50.0,829.9,41495.0,2024-10-16
2024101605013728,NRIC,35,57,100.0,829.8,82980.0,2024-10-16
2024101603014267,JFL,39,1,50.0,692.0,34600.0,2024-10-16
2024101603014266,SFCL,41,21,80.0,670.0,53600.0,2024-10-16
2024101603014265,SFCL,37,21,20.0,670.1,13402.0,2024-10-16
2024101604016631,HDHPC,58,44,400.0,222.0,88800.0,2024-10-16
2024101603014264,BFC,45,42,100.0,637.0,63700.0,2024-10-16
2024101601020332,SNLI,32,8,88.0,612.0,53856.0,2024-10-16
2024101605013727,HATHY,22,60,52.0,1476.0,76752.0,2024-10-16
2024101605013726,HATHY,43,60,28.0,1476.5,41342.0,2024-10-16
2024101605013725,HATHY,58,60,20.0,1478.0,29560.0,2024-10-16
2024101603014263,NUBL,44,60,190.0,738.0,140220.0,2024-10-16
2024101603014262,NUBL,16,60,99.0,738.1,73071.9,2024-10-16
2024101603014261,NUBL,39,60,11.0,748.0,8228.0,2024-10-16
2024101603014260,MLBL,13,22,50.0,422.5,21125.0,2024-10-16
2024101605013724,CIT,45,13,30.0,2265.1,67953.0,2024-10-16
2024101603014259,HLI,49,57,100.0,497.0,49700.0,2024-10-16
2024101603014258,HLI,52,57,50.0,497.0,24850.0,2024-10-16
2024101603014257,HLI,64,57,50.0,497.0,24850.0,2024-10-16
2024101604016630,SGIC,29,6,30.0,663.0,19890.0,2024-10-16
2024101601020331,RAWA,17,35,100.0,736.0,73600.0,2024-10-16
2024101601020330,RAWA,44,35,70.0,736.0,51520.0,2024-10-16
2024101605013723,HRL,57,56,35.0,896.1,31363.5,2024-10-16
2024101603014256,BFC,42,42,40.0,637.0,25480.0,2024-10-16
2024101603014255,BFC,42,59,20.0,637.0,12740.0,2024-10-16
2024101603014254,SFCL,37,54,10.0,670.1,6701.0,2024-10-16
2024101603014253,EDBL,43,45,10.0,655.0,6550.0,2024-10-16
2024101603014252,SAPDBL,96,70,401.0,580.0,232580.0,2024-10-16
2024101603014251,SAPDBL,96,51,98.0,580.0,56840.0,2024-10-16
2024101603014250,SAPDBL,96,80,60.0,580.0,34800.0,2024-10-16
2024101603014249,SAPDBL,96,81,30.0,580.0,17400.0,2024-10-16
2024101603014248,SAPDBL,96,70,50.0,580.0,29000.0,2024-10-16
2024101603014247,SAPDBL,96,92,100.0,579.9,57990.0,2024-10-16
2024101603014246,SAPDBL,96,57,85.0,579.8,49283.0,2024-10-16
2024101603014245,SAPDBL,96,44,400.0,579.8,231920.0,2024-10-16
2024101603014244,SAPDBL,96,45,200.0,579.8,115960.0,2024-10-16
2024101603014243,SAPDBL,96,22,50.0,579.0,28950.0,2024-10-16
2024101605013722,NRIC,45,21,53.0,828.0,43884.0,2024-10-16
2024101601020329,UHEWA,34,14,90.0,504.1,45369.0,2024-10-16
2024101601020328,UHEWA,51,14,10.0,504.1,5041.0,2024-10-16
2024101604016629,DHPL,46,32,84.0,264.0,22176.0,2024-10-16
2024101601020327,SARBTM,35,58,168.0,802.0,134736.0,2024-10-16
2024101601020326,SARBTM,35,58,10.0,808.0,8080.0,2024-10-16
2024101604016628,LEC,45,8,200.0,295.2,59040.0,2024-10-16
2024101604016627,UPPER,21,58,25.0,227.5,5687.5,2024-10-16
2024101603014242,MFIL,86,51,10.0,764.9,7649.0,2024-10-16
2024101603014241,HLI,37,26,10.0,497.5,4975.0,2024-10-16
2024101604016626,UPCL,21,44,30.0,279.0,8370.0,2024-10-16
2024101604016625,UPCL,41,44,700.0,279.0,195300.0,2024-10-16
2024101601020325,TAMOR,50,44,170.0,486.0,82620.0,2024-10-16
2024101601020324,TAMOR,50,25,50.0,485.9,24295.0,2024-10-16
2024101605013721,NRN,60,7,10.0,935.0,9350.0,2024-10-16
2024101604016624,AKPL,82,16,1000.0,264.0,264000.0,2024-10-16
2024101604016623,NLG,55,92,384.0,1300.0,499200.0,2024-10-16
2024101605013720,HIDCL,45,29,100.0,283.5,28350.0,2024-10-16
2024101605013719,VLUCL,62,45,10.0,608.0,6080.0,2024-10-16
2024101603014240,SADBL,39,55,100.0,436.0,43600.0,2024-10-16
2024101604016622,DHPL,42,32,11.0,264.0,2904.0,2024-10-16
2024101605013718,VLUCL,89,45,20.0,608.0,12160.0,2024-10-16
2024101603014239,PFL,32,32,110.0,645.0,70950.0,2024-10-16
2024101603014238,PFL,32,32,90.0,648.0,58320.0,2024-10-16
2024101601020323,LSL,41,50,200.0,268.5,53700.0,2024-10-16
2024101601020322,LSL,41,26,50.0,268.2,13410.0,2024-10-16
2024101601020321,LSL,41,28,200.0,268.2,53640.0,2024-10-16
2024101601020320,LSL,41,50,300.0,268.2,80460.0,2024-10-16
2024101601020319,LSL,41,48,10.0,268.1,2681.0,2024-10-16
2024101601020318,LSL,41,57,240.0,267.7,64248.0,2024-10-16
2024101603014237,SINDU,43,52,10.0,673.9,6739.0,2024-10-16
2024101605013717,SONA,68,60,10.0,493.0,4930.0,2024-10-16
2024101603014236,GBBL,99,51,50.0,470.0,23500.0,2024-10-16
2024101604016621,UPPER,21,18,1000.0,227.5,227500.0,2024-10-16
2024101604016620,AHPC,80,35,500.0,288.9,144450.0,2024-10-16
2024101601020317,HHL,95,5,145.0,469.8,68121.0,2024-10-16
2024101601020316,HHL,95,34,150.0,468.5,70275.0,2024-10-16
2024101604016619,RHPL,22,44,250.0,389.0,97250.0,2024-10-16
2024101605013716,HIDCL,22,22,50.0,284.0,14200.0,2024-10-16
2024101603014235,GBBL,16,51,10.0,470.0,4700.0,2024-10-16
2024101603014234,GBBL,57,51,50.0,470.0,23500.0,2024-10-16
2024101604016618,DHPL,42,64,10.0,263.9,2639.0,2024-10-16
2024101601020315,NICA,58,81,122.0,498.7,60841.4,2024-10-16
2024101601020314,NICA,58,17,178.0,498.0,88644.0,2024-10-16
2024101603014233,RLFL,4,44,133.0,640.0,85120.0,2024-10-16
2024101603014232,RLFL,52,44,167.0,640.0,106880.0,2024-10-16
2024101605013715,NIFRA,36,8,35.0,289.0,10115.0,2024-10-16
2024101605013714,NIFRA,48,8,30.0,289.0,8670.0,2024-10-16
2024101605013713,NIFRA,10,8,10.0,289.0,2890.0,2024-10-16
2024101605013712,NIFRA,58,8,403.0,289.0,116467.0,2024-10-16
2024101605013711,NIFRA,40,8,146.0,289.1,42208.6,2024-10-16
2024101605013710,NIFRA,38,8,30.0,289.2,8676.0,2024-10-16
2024101605013709,NIFRA,34,8,46.0,289.2,13303.2,2024-10-16
2024101601020313,SBL,50,22,10.0,363.6,3636.0,2024-10-16
2024101601020312,HIDCLP,50,62,400.0,181.9,72760.0,2024-10-16
2024101605013708,SHIVM,40,13,65.0,623.0,40495.0,2024-10-16
2024101605013707,SHIVM,35,13,35.0,624.0,21840.0,2024-10-16
2024101604016617,GHL,59,5,30.0,230.0,6900.0,2024-10-16
2024101603014231,SKBBL,42,37,30.0,965.0,28950.0,2024-10-16
2024101603014230,BFC,47,59,70.0,637.0,44590.0,2024-10-16
2024101603014229,GFCL,41,38,300.0,1105.0,331500.0,2024-10-16
2024101601020311,RAWA,44,72,100.0,736.0,73600.0,2024-10-16
2024101601020310,GBIME,49,89,190.0,262.4,49856.0,2024-10-16
2024101601020309,GBIME,14,89,10.0,262.5,2625.0,2024-10-16
2024101603014228,SMFBS,77,21,91.0,1540.0,140140.0,2024-10-16
2024101603014227,SHINE,77,57,379.0,502.0,190258.0,2024-10-16
2024101603014226,SHINE,77,38,50.0,501.9,25095.0,2024-10-16
2024101603014225,SHINE,77,75,350.0,501.9,175665.0,2024-10-16
2024101603014224,SHINE,77,47,421.0,501.0,210921.0,2024-10-16
2024101603014223,PROFL,63,43,27.0,656.4,17722.8,2024-10-16
2024101603014222,PROFL,58,43,153.0,656.5,100444.5,2024-10-16
2024101603014221,PROFL,10,43,370.0,656.5,242905.0,2024-10-16
2024101603014220,PROFL,17,43,20.0,656.6,13132.0,2024-10-16
2024101603014219,PROFL,34,43,200.0,656.6,131320.0,2024-10-16
2024101603014218,PROFL,49,43,100.0,657.0,65700.0,2024-10-16
2024101603014217,PROFL,57,43,10.0,657.0,6570.0,2024-10-16
2024101603014216,PROFL,36,43,10.0,657.0,6570.0,2024-10-16
2024101603014215,PROFL,57,43,20.0,657.0,13140.0,2024-10-16
2024101603014214,PROFL,44,43,50.0,657.0,32850.0,2024-10-16
2024101604016616,SHEL,7,33,20.0,256.9,5138.0,2024-10-16
2024101605013706,NIFRA,34,22,54.0,289.2,15616.8,2024-10-16
2024101601020308,BNHC,26,4,18.0,490.0,8820.0,2024-10-16
2024101604016615,API,36,48,277.0,312.0,86424.0,2024-10-16
2024101604016614,API,36,32,923.0,312.0,287976.0,2024-10-16
2024101603014213,JBBL,7,25,65.0,369.0,23985.0,2024-10-16
2024101603014212,JBBL,38,25,20.0,369.0,7380.0,2024-10-16
2024101603014211,JBBL,58,25,15.0,369.9,5548.5,2024-10-16
2024101601020307,MHL,1,25,60.0,777.2,46632.0,2024-10-16
2024101601020306,MHL,45,25,40.0,778.0,31120.0,2024-10-16
2024101604016613,UPPER,4,1,200.0,227.6,45520.0,2024-10-16
2024101604016612,KKHC,34,35,10.0,275.0,2750.0,2024-10-16
2024101604016611,NLG,55,13,55.0,1300.0,71500.0,2024-10-16
2024101604016610,SSHL,4,10,78.0,227.8,17768.4,2024-10-16
2024101604016609,SSHL,59,10,300.0,227.9,68370.0,2024-10-16
2024101604016608,SSHL,26,10,50.0,228.0,11400.0,2024-10-16
2024101604016607,SSHL,48,10,100.0,228.0,22800.0,2024-10-16
2024101604016606,SSHL,57,10,15.0,228.0,3420.0,2024-10-16
2024101604016605,SSHL,11,10,134.0,228.0,30552.0,2024-10-16
2024101601020305,SMHL,74,57,10.0,599.0,5990.0,2024-10-16
2024101604016604,AHPC,56,35,500.0,288.9,144450.0,2024-10-16
2024101601020304,NICA,42,17,100.0,498.0,49800.0,2024-10-16
2024101603014210,SINDU,32,52,10.0,673.9,6739.0,2024-10-16
2024101603014209,WNLB,25,87,10.0,2715.2,27152.0,2024-10-16
2024101605013705,SMATA,87,38,50.0,945.0,47250.0,2024-10-16
2024101603014208,NUBL,39,14,140.0,748.0,104720.0,2024-10-16
2024101603014207,SFCL,37,22,500.0,670.1,335050.0,2024-10-16
2024101605013704,SHIVM,45,49,95.0,626.0,59470.0,2024-10-16
2024101603014206,SHINE,48,47,79.0,501.0,39579.0,2024-10-16
2024101604016603,HDHPC,22,44,158.0,222.0,35076.0,2024-10-16
2024101604016602,HDHPC,26,44,100.0,222.0,22200.0,2024-10-16
2024101604016601,HDHPC,48,44,200.0,222.0,44400.0,2024-10-16
2024101604016600,HDHPC,17,44,200.0,222.0,44400.0,2024-10-16
2024101604016599,HDHPC,21,44,1054.0,222.0,233988.0,2024-10-16
2024101604016598,HDHPC,14,44,200.0,222.0,44400.0,2024-10-16
2024101604016597,HDHPC,57,44,200.0,222.0,44400.0,2024-10-16
2024101604016596,HDHPC,44,44,1000.0,222.0,222000.0,2024-10-16
2024101604016595,HDHPC,4,44,10.0,222.0,2220.0,2024-10-16
2024101604016594,HDHPC,14,44,100.0,222.0,22200.0,2024-10-16
2024101604016593,HDHPC,17,44,1252.0,222.0,277944.0,2024-10-16
2024101604016592,HDHPC,14,44,100.0,222.1,22210.0,2024-10-16
2024101601020303,MKJC,34,14,10.0,480.0,4800.0,2024-10-16
2024101601020302,MKJC,34,57,141.0,479.0,67539.0,2024-10-16
2024101605013703,NRIC,45,59,93.0,828.0,77004.0,2024-10-16
2024101603014205,PFL,32,29,10.0,648.0,6480.0,2024-10-16
2024101603014204,GBBL,57,46,200.0,470.0,94000.0,2024-10-16
2024101605013702,SMATA,32,38,10.0,945.0,9450.0,2024-10-16
2024101605013701,SMATA,55,38,100.0,945.0,94500.0,2024-10-16
2024101605013700,SMATA,49,38,10.0,945.0,9450.0,2024-10-16
2024101605013699,SMATA,48,38,60.0,945.0,56700.0,2024-10-16
2024101605013698,PHCL,17,17,20.0,411.4,8228.0,2024-10-16
2024101605013697,PHCL,8,17,500.0,411.6,205800.0,2024-10-16
2024101605013696,PHCL,8,17,190.0,411.7,78223.0,2024-10-16
2024101605013695,PHCL,80,17,100.0,412.0,41200.0,2024-10-16
2024101605013694,PHCL,17,17,190.0,412.0,78280.0,2024-10-16
2024101601020301,SPL,48,5,100.0,860.0,86000.0,2024-10-16
2024101604016591,NHPC,61,55,250.0,235.7,58925.0,2024-10-16
2024101604016590,AKJCL,32,72,100.0,223.9,22390.0,2024-10-16
2024101605013693,HDL,45,53,37.0,1363.1,50434.7,2024-10-16
2024101605013692,HDL,16,53,17.0,1363.1,23172.7,2024-10-16
2024101605013691,HDL,32,53,46.0,1365.0,62790.0,2024-10-16
2024101601020300,NWCL,14,47,10.0,1039.0,10390.0,2024-10-16
2024101603014203,DDBL,45,5,72.0,968.0,69696.0,2024-10-16
2024101603014202,DDBL,45,28,28.0,968.0,27104.0,2024-10-16
2024101605013690,MEL,16,34,30.0,300.0,9000.0,2024-10-16
2024101605013689,SMATA,48,58,10.0,945.0,9450.0,2024-10-16
2024101604016589,PMHPL,58,33,150.0,286.7,43005.0,2024-10-16
2024101601020299,MBL,53,49,10.0,265.5,2655.0,2024-10-16
2024101604016588,UPPER,6,1,100.0,227.6,22760.0,2024-10-16
2024101604016587,UPPER,6,57,100.0,227.6,22760.0,2024-10-16
2024101603014201,GBLBS,5,35,10.0,779.0,7790.0,2024-10-16
2024101601020298,UHEWA,39,58,10.0,506.0,5060.0,2024-10-16
2024101603014200,SIFC,5,55,20.0,639.1,12782.0,2024-10-16
2024101601020297,NABIL,42,58,56.0,608.0,34048.0,2024-10-16
2024101601020296,NABIL,42,42,294.0,608.0,178752.0,2024-10-16
2024101601020295,CITY,62,42,10.0,872.0,8720.0,2024-10-16
2024101604016586,SPDL,70,61,12.0,312.5,3750.0,2024-10-16
2024101604016585,SSHL,11,66,100.0,228.0,22800.0,2024-10-16
2024101604016584,UPPER,66,57,100.0,227.6,22760.0,2024-10-16
2024101603014199,GUFL,74,45,100.0,779.0,77900.0,2024-10-16
2024101603014198,GUFL,19,45,10.0,779.0,7790.0,2024-10-16
2024101601020294,PRVU,65,44,681.0,265.0,180465.0,2024-10-16
2024101601020293,PRVU,65,32,20.0,265.0,5300.0,2024-10-16
2024101601020292,PRVU,65,39,100.0,265.0,26500.0,2024-10-16
2024101601020291,PRVU,65,33,53.0,265.0,14045.0,2024-10-16
2024101601020290,PRVU,65,34,30.0,265.0,7950.0,2024-10-16
2024101601020289,PRVU,65,47,229.0,265.0,60685.0,2024-10-16
2024101601020288,PRVU,65,55,100.0,265.0,26500.0,2024-10-16
2024101601020287,PRVU,65,51,250.0,265.0,66250.0,2024-10-16
2024101601020286,PRVU,65,53,230.0,265.0,60950.0,2024-10-16
2024101601020285,PRVU,65,25,40.0,265.0,10600.0,2024-10-16
2024101601020284,PRVU,65,57,50.0,265.0,13250.0,2024-10-16
2024101601020283,PRVU,65,38,100.0,265.0,26500.0,2024-10-16
2024101601020282,PRVU,65,14,20.0,265.0,5300.0,2024-10-16
2024101601020281,PRVU,65,55,100.0,265.0,26500.0,2024-10-16
2024101601020280,PRVU,65,49,420.0,265.0,111300.0,2024-10-16
2024101601020279,PRVU,65,41,752.0,265.0,199280.0,2024-10-16
2024101601020278,PRVU,65,58,27.0,264.9,7152.3,2024-10-16
2024101601020277,PRVU,65,35,800.0,264.9,211920.0,2024-10-16
2024101601020276,PRVU,65,32,50.0,264.9,13245.0,2024-10-16
2024101601020275,PRVU,65,21,54.0,264.8,14299.2,2024-10-16
2024101601020274,PRVU,65,94,500.0,264.5,132250.0,2024-10-16
2024101601020273,PRVU,65,36,100.0,263.0,26300.0,2024-10-16
2024101601020272,PRVU,65,32,14.0,263.0,3682.0,2024-10-16
2024101601020271,PRVU,65,25,280.0,262.5,73500.0,2024-10-16
2024101605013688,NBF3,20,51,700.0,8.93,6251.0,2024-10-16
2024101605013687,SONA,48,38,10.0,492.4,4924.0,2024-10-16
2024101605013686,SHIVM,44,49,100.0,626.0,62600.0,2024-10-16
2024101601020270,MMKJL,8,22,25.0,518.0,12950.0,2024-10-16
2024101605013685,ENL,58,11,10.0,1187.0,11870.0,2024-10-16
2024101605013684,SMJC,58,36,500.0,577.0,288500.0,2024-10-16
2024101603014197,JBBL,58,6,10.0,369.9,3699.0,2024-10-16
2024101601020269,LSL,96,58,500.0,267.6,133800.0,2024-10-16
2024101604016583,UMHL,63,62,143.0,324.4,46389.2,2024-10-16
2024101604016582,UMHL,17,62,100.0,324.5,32450.0,2024-10-16
2024101604016581,UMHL,57,62,400.0,324.5,129800.0,2024-10-16
2024101604016580,UMHL,38,62,100.0,324.6,32460.0,2024-10-16
2024101604016579,UMHL,52,62,100.0,325.0,32500.0,2024-10-16
2024101604016578,UMHL,11,62,157.0,325.0,51025.0,2024-10-16
2024101605013683,NIBSF2,51,35,1000.0,8.73,8730.0,2024-10-16
2024101604016577,AKJCL,49,72,10.0,223.9,2239.0,2024-10-16
2024101604016576,UPCL,5,49,350.0,279.9,97965.0,2024-10-16
2024101601020268,HHL,42,34,10.0,468.5,4685.0,2024-10-16
2024101604016575,AKJCL,53,42,135.0,222.1,29983.5,2024-10-16
2024101604016574,UMHL,11,21,100.0,325.0,32500.0,2024-10-16
2024101604016573,API,22,45,160.0,311.8,49888.0,2024-10-16
2024101604016572,API,57,45,100.0,311.9,31190.0,2024-10-16
2024101604016571,API,34,45,40.0,311.9,12476.0,2024-10-16
2024101601020267,BEDC,32,91,10.0,474.0,4740.0,2024-10-16
2024101601020266,SRLI,22,25,30.0,467.0,14010.0,2024-10-16
2024101601020265,SRLI,90,25,970.0,467.2,453184.0,2024-10-16
2024101603014196,PROFL,57,41,215.0,658.0,141470.0,2024-10-16
2024101603014195,PROFL,57,21,285.0,658.0,187530.0,2024-10-16
2024101604016570,UPPER,21,42,175.0,227.5,39812.5,2024-10-16
2024101601020264,ADBL,50,42,25.0,395.0,9875.0,2024-10-16
2024101601020263,MEHL,42,26,490.0,390.0,191100.0,2024-10-16
2024101601020262,MEHL,42,1,10.0,390.0,3900.0,2024-10-16
2024101604016569,HDHPC,41,50,50.0,222.5,11125.0,2024-10-16
2024101601020261,PRVU,40,25,500.0,262.5,131250.0,2024-10-16
2024101603014194,MFIL,45,25,13.0,760.0,9880.0,2024-10-16
2024101601020260,RFPL,84,62,32.0,550.0,17600.0,2024-10-16
2024101601020259,RFPL,84,44,10.0,550.0,5500.0,2024-10-16
2024101601020258,RFPL,84,56,10.0,550.0,5500.0,2024-10-16
2024101601020257,RFPL,84,45,500.0,550.0,275000.0,2024-10-16
2024101601020256,RFPL,84,42,48.0,550.0,26400.0,2024-10-16
2024101601020255,RFPL,84,42,10.0,550.0,5500.0,2024-10-16
2024101601020254,RFPL,84,32,120.0,550.0,66000.0,2024-10-16
2024101601020253,RFPL,84,56,500.0,548.7,274350.0,2024-10-16
2024101601020252,RFPL,84,94,10.0,548.0,5480.0,2024-10-16
2024101601020251,RFPL,84,34,500.0,547.0,273500.0,2024-10-16
2024101601020250,RFPL,84,60,250.0,546.0,136500.0,2024-10-16
2024101601020249,RFPL,84,51,210.0,546.0,114660.0,2024-10-16
2024101601020248,RFPL,84,38,10.0,545.5,5455.0,2024-10-16
2024101601020247,RFPL,84,6,10.0,545.0,5450.0,2024-10-16
2024101601020246,RFPL,84,32,10.0,545.0,5450.0,2024-10-16
2024101601020245,RFPL,84,17,10.0,545.0,5450.0,2024-10-16
2024101601020244,RFPL,84,42,10.0,545.0,5450.0,2024-10-16
2024101601020243,RFPL,84,29,500.0,545.0,272500.0,2024-10-16
2024101601020242,RFPL,84,14,100.0,545.0,54500.0,2024-10-16
2024101601020241,RFPL,84,55,10.0,545.0,5450.0,2024-10-16
2024101601020240,RFPL,84,17,10.0,545.0,5450.0,2024-10-16
2024101601020239,RFPL,84,42,30.0,545.0,16350.0,2024-10-16
2024101601020238,RFPL,84,1,70.0,544.7,38129.0,2024-10-16
2024101601020237,RFPL,84,59,10.0,544.4,5444.0,2024-10-16
2024101601020236,RFPL,84,14,500.0,544.0,272000.0,2024-10-16
2024101601020235,RFPL,84,8,20.0,544.0,10880.0,2024-10-16
2024101601020234,RFPL,84,58,10.0,544.0,5440.0,2024-10-16
2024101601020233,RFPL,84,35,1000.0,544.0,544000.0,2024-10-16
2024101601020232,RFPL,84,38,10.0,544.0,5440.0,2024-10-16
2024101601020231,RFPL,84,32,290.0,543.9,157731.0,2024-10-16
2024101601020230,RFPL,84,13,100.0,543.8,54380.0,2024-10-16
2024101601020229,RFPL,84,48,10.0,543.0,5430.0,2024-10-16
2024101601020228,RFPL,84,48,80.0,543.0,43440.0,2024-10-16
2024101604016568,UAIL,58,14,50.0,668.0,33400.0,2024-10-16
2024101601020227,HIDCLP,58,62,60.0,181.9,10914.0,2024-10-16
2024101601020226,HIDCLP,58,58,700.0,181.9,127330.0,2024-10-16
2024101603014193,CORBL,22,17,300.0,860.0,258000.0,2024-10-16
2024101603014192,CORBL,57,17,50.0,860.0,43000.0,2024-10-16
2024101603014191,CORBL,13,17,50.0,860.1,43005.0,2024-10-16
2024101603014190,DDBL,50,17,103.0,967.0,99601.0,2024-10-16
2024101601020225,NYADI,32,22,10.0,323.0,3230.0,2024-10-16
2024101601020224,SPC,42,36,10.0,539.0,5390.0,2024-10-16
2024101601020223,SPC,42,11,10.0,538.5,5385.0,2024-10-16
2024101601020222,SPC,42,25,10.0,536.0,5360.0,2024-10-16
2024101601020221,SPC,42,56,10.0,535.0,5350.0,2024-10-16
2024101601020220,SPC,42,32,10.0,535.0,5350.0,2024-10-16
2024101605013682,CLI,58,7,10.0,661.5,6615.0,2024-10-16
2024101601020219,SNLI,18,26,10.0,613.0,6130.0,2024-10-16
2024101604016567,JOSHI,35,81,147.0,326.0,47922.0,2024-10-16
2024101604016566,JOSHI,36,81,353.0,326.0,115078.0,2024-10-16
2024101605013681,SAHAS,66,5,320.0,485.0,155200.0,2024-10-16
2024101604016565,PRIN,86,6,32.0,998.9,31964.8,2024-10-16
2024101604016564,PRIN,86,45,68.0,998.8,67918.4,2024-10-16
2024101601020218,SBI,45,1,75.0,466.9,35017.5,2024-10-16
2024101601020217,SBI,22,1,25.0,468.0,11700.0,2024-10-16
2024101604016563,MEN,90,42,279.0,660.0,184140.0,2024-10-16
2024101604016562,SJCL,49,21,10.0,347.5,3475.0,2024-10-16
2024101603014189,MLBSL,34,43,20.0,2044.1,40882.0,2024-10-16
2024101601020216,SBL,40,16,10.0,366.0,3660.0,2024-10-16
2024101601020215,NABIL,18,42,190.0,608.0,115520.0,2024-10-16
2024101601020214,IHL,95,54,190.0,534.9,101631.0,2024-10-16
2024101601020213,IHL,95,58,10.0,534.8,5348.0,2024-10-16
2024101601020212,IHL,95,70,200.0,534.8,106960.0,2024-10-16
2024101601020211,IHL,95,11,500.0,534.0,267000.0,2024-10-16
2024101601020210,IHL,95,42,10.0,533.9,5339.0,2024-10-16
2024101604016561,API,22,14,261.0,311.8,81379.8,2024-10-16
2024101604016560,API,48,14,10.0,311.9,3119.0,2024-10-16
2024101603014188,MFIL,86,17,17.0,762.0,12954.0,2024-10-16
2024101603014187,MFIL,86,56,10.0,761.0,7610.0,2024-10-16
2024101604016559,BPCL,47,1,400.0,477.0,190800.0,2024-10-16
2024101603014186,SIFC,54,44,100.0,640.0,64000.0,2024-10-16
2024101603014185,SIFC,63,44,100.0,640.0,64000.0,2024-10-16
2024101601020209,EHPL,4,58,50.0,870.0,43500.0,2024-10-16
2024101601020208,UNLB,38,53,26.0,2513.0,65338.0,2024-10-16
2024101601020207,SANIMA,38,26,360.0,348.9,125604.0,2024-10-16
2024101601020206,SANIMA,38,13,140.0,348.8,48832.0,2024-10-16
2024101605013680,SONA,51,38,289.0,492.4,142303.6,2024-10-16
2024101601020205,SNLI,32,35,12.0,612.0,7344.0,2024-10-16
2024101604016558,UPPER,21,35,100.0,227.5,22750.0,2024-10-16
2024101603014184,LICN,58,35,100.0,2116.0,211600.0,2024-10-16
2024101601020204,SNLI,39,26,100.0,613.0,61300.0,2024-10-16
2024101603014183,SMFBS,77,38,181.0,1526.1,276224.1,2024-10-16
2024101601020203,RAWA,41,92,100.0,737.0,73700.0,2024-10-16
2024101603014182,BFC,39,43,40.0,636.0,25440.0,2024-10-16
2024101604016557,KKHC,41,11,195.0,274.0,53430.0,2024-10-16
2024101604016556,KKHC,41,38,247.0,274.0,67678.0,2024-10-16
2024101604016555,NLG,55,53,460.0,1300.0,598000.0,2024-10-16
2024101604016554,HURJA,70,34,127.0,227.5,28892.5,2024-10-16
2024101604016553,CGH,49,67,77.0,944.0,72688.0,2024-10-16
2024101604016552,CGH,54,67,15.0,944.0,14160.0,2024-10-16
2024101604016551,CGH,42,67,230.0,944.2,217166.0,2024-10-16
2024101604016550,MEN,14,48,10.0,659.9,6599.0,2024-10-16
2024101601020202,PCBL,58,48,95.0,297.1,28224.5,2024-10-16
2024101605013679,RNLI,44,42,100.0,514.0,51400.0,2024-10-16
2024101601020201,H8020,32,13,400.0,10.12,4048.0,2024-10-16
2024101601020200,NBL,52,42,147.0,293.0,43071.0,2024-10-16
2024101601020199,NBL,52,6,18.0,293.0,5274.0,2024-10-16
2024101604016549,RIDI,34,42,100.0,247.0,24700.0,2024-10-16
2024101603014181,ICFC,25,52,50.0,781.0,39050.0,2024-10-16
2024101601020198,GBIME,35,17,294.0,263.0,77322.0,2024-10-16
2024101601020197,GBIME,35,42,29.0,263.0,7627.0,2024-10-16
2024101601020196,GBIME,35,88,35.0,262.9,9201.5,2024-10-16
2024101601020195,GBIME,35,1,320.0,262.9,84128.0,2024-10-16
2024101601020194,GBIME,35,54,16.0,262.9,4206.4,2024-10-16
2024101601020193,GBIME,35,42,232.0,262.8,60969.6,2024-10-16
2024101601020192,GBIME,35,57,74.0,262.8,19447.2,2024-10-16
2024101605013678,SAHAS,39,38,25.0,484.0,12100.0,2024-10-16
2024101603014180,JFL,39,55,38.0,690.1,26223.8,2024-10-16
2024101603014179,JFL,6,55,105.0,691.0,72555.0,2024-10-16
2024101603014178,JFL,45,55,100.0,691.0,69100.0,2024-10-16
2024101603014177,JFL,26,55,257.0,691.0,177587.0,2024-10-16
2024101603014176,SADBL,49,7,179.0,435.0,77865.0,2024-10-16
2024101605013677,NIFRA,40,42,54.0,289.1,15611.4,2024-10-16
2024101605013676,NICGF,17,42,1900.0,10.63,20197.0,2024-10-16
2024101601020191,SGHC,21,96,30.0,412.0,12360.0,2024-10-16
2024101605013675,HATHY,81,37,62.0,1482.8,91933.6,2024-10-16
2024101605013674,HATHY,81,87,10.0,1482.5,14825.0,2024-10-16
2024101605013673,HATHY,81,74,12.0,1482.0,17784.0,2024-10-16
2024101605013672,HATHY,81,56,61.0,1482.0,90402.0,2024-10-16
2024101605013671,HATHY,81,58,40.0,1481.8,59272.0,2024-10-16
2024101605013670,HATHY,81,21,65.0,1480.0,96200.0,2024-10-16
2024101605013669,HATHY,81,40,210.0,1478.9,310569.0,2024-10-16
2024101605013668,HATHY,81,42,40.0,1477.0,59080.0,2024-10-16
2024101605013667,SONA,45,60,50.0,493.0,24650.0,2024-10-16
2024101601020190,AHL,80,60,10.0,683.7,6837.0,2024-10-16
2024101604016548,CGH,45,83,100.0,945.0,94500.0,2024-10-16
2024101604016547,CGH,22,83,100.0,945.0,94500.0,2024-10-16
2024101601020189,HIDCLP,59,32,955.0,182.0,173810.0,2024-10-16
2024101601020188,HIDCLP,59,17,345.0,182.0,62790.0,2024-10-16
2024101601020187,HIDCLP,59,58,200.0,181.9,36380.0,2024-10-16
2024101604016546,JOSHI,34,39,210.0,326.5,68565.0,2024-10-16
2024101604016545,CGH,56,58,10.0,948.0,9480.0,2024-10-16
2024101604016544,DHPL,42,32,11.0,264.0,2904.0,2024-10-16
2024101601020186,SGHC,45,22,30.0,410.8,12324.0,2024-10-16
2024101601020185,SGHC,50,22,20.0,411.0,8220.0,2024-10-16
2024101603014175,MNBBL,51,14,200.0,414.5,82900.0,2024-10-16
2024101601020184,MKHC,34,45,30.0,355.1,10653.0,2024-10-16
2024101605013666,PSF,1,4,4500.0,9.58,43110.0,2024-10-16
2024101604016543,LEC,57,58,109.0,295.4,32198.6,2024-10-16
2024101601020183,MHCL,34,42,190.0,408.0,77520.0,2024-10-16
2024101605013665,NSIF2,38,47,100.0,10.54,1054.0,2024-10-16
2024101603014174,FMDBL,35,44,936.0,813.0,760968.0,2024-10-16
2024101603014173,FMDBL,35,22,11.0,813.0,8943.0,2024-10-16
2024101603014172,FMDBL,35,29,100.0,813.0,81300.0,2024-10-16
2024101603014171,FMDBL,35,26,100.0,812.9,81290.0,2024-10-16
2024101603014170,FMDBL,35,58,100.0,812.8,81280.0,2024-10-16
2024101603014169,FMDBL,35,59,600.0,810.0,486000.0,2024-10-16
2024101603014168,FMDBL,35,45,105.0,809.8,85029.0,2024-10-16
2024101603014167,FMDBL,35,63,200.0,809.0,161800.0,2024-10-16
2024101603014166,FMDBL,35,36,47.0,809.0,38023.0,2024-10-16
2024101601020182,TSHL,58,49,200.0,897.0,179400.0,2024-10-16
2024101604016542,UPPER,21,6,185.0,227.5,42087.5,2024-10-16
2024101604016541,UPPER,35,6,200.0,227.5,45500.0,2024-10-16
2024101604016540,UPPER,25,6,115.0,227.5,26162.5,2024-10-16
2024101603014165,MDB,62,64,20.0,665.9,13318.0,2024-10-16
2024101605013664,NRN,16,48,248.0,931.1,230912.8,2024-10-16
2024101605013663,NRN,43,48,100.0,931.2,93120.0,2024-10-16
2024101605013662,NRN,72,48,100.0,931.2,93120.0,2024-10-16
2024101605013661,NRN,6,48,100.0,931.3,93130.0,2024-10-16
2024101605013660,NRN,41,48,200.0,932.0,186400.0,2024-10-16
2024101605013659,NRN,47,48,50.0,932.0,46600.0,2024-10-16
2024101605013658,NRN,50,48,50.0,932.1,46605.0,2024-10-16
2024101605013657,NRN,58,48,22.0,932.5,20515.0,2024-10-16
2024101605013656,NRN,34,48,30.0,932.6,27978.0,2024-10-16
2024101605013655,NRN,50,48,100.0,933.0,93300.0,2024-10-16
2024101601020181,SPHL,75,75,200.0,674.9,134980.0,2024-10-16
2024101604016539,HEI,4,34,345.0,676.0,233220.0,2024-10-16
2024101604016538,HEI,4,49,90.0,675.0,60750.0,2024-10-16
2024101604016537,HEI,4,29,140.0,674.8,94472.0,2024-10-16
2024101604016536,HEI,4,33,25.0,674.7,16867.5,2024-10-16
2024101605013654,NRN,50,66,100.0,933.0,93300.0,2024-10-16
2024101601020180,NYADI,57,94,119.0,319.2,37984.8,2024-10-16
2024101601020179,NYADI,17,94,30.0,319.5,9585.0,2024-10-16
2024101601020178,NYADI,91,94,51.0,320.0,16320.0,2024-10-16
2024101601020177,SRLI,90,38,10.0,467.2,4672.0,2024-10-16
2024101601020176,PRVU,96,38,1314.0,262.0,344268.0,2024-10-16
2024101601020175,PRVU,96,38,186.0,262.0,48732.0,2024-10-16
2024101603014164,NLIC,45,42,7.0,875.0,6125.0,2024-10-16
2024101603014163,NLIC,45,17,11.0,875.0,9625.0,2024-10-16
2024101603014162,SWBBL,33,41,53.0,1053.0,55809.0,2024-10-16
2024101603014161,SWBBL,33,95,470.0,1050.3,493641.0,2024-10-16
2024101603014160,SWBBL,33,53,15.0,1050.0,15750.0,2024-10-16
2024101603014159,SWBBL,33,59,400.0,1049.9,419960.0,2024-10-16
2024101603014158,SWBBL,33,59,500.0,1049.0,524500.0,2024-10-16
2024101603014157,SWBBL,33,38,62.0,1048.9,65031.8,2024-10-16
2024101601020174,SRLI,90,41,10.0,467.2,4672.0,2024-10-16
2024101605013653,HDL,32,21,95.0,1365.0,129675.0,2024-10-16
2024101601020173,DORDI,42,56,10.0,449.0,4490.0,2024-10-16
2024101601020172,HIDCLP,14,17,155.0,182.0,28210.0,2024-10-16
2024101601020171,HIDCLP,14,34,50.0,182.0,9100.0,2024-10-16
2024101601020170,HIDCLP,14,29,275.0,182.0,50050.0,2024-10-16
2024101603014156,GFCL,41,22,500.0,1105.0,552500.0,2024-10-16
2024101603014155,SHINE,45,60,1000.0,500.0,500000.0,2024-10-16
2024101604016535,CHCL,25,65,100.0,598.0,59800.0,2024-10-16
2024101604016534,HDHPC,17,44,500.0,222.0,111000.0,2024-10-16
2024101601020169,RAWA,44,66,30.0,736.0,22080.0,2024-10-16
2024101601020168,SNLI,29,26,188.0,613.0,115244.0,2024-10-16
2024101605013652,SAHAS,26,38,200.0,484.0,96800.0,2024-10-16
2024101601020167,UNLB,38,60,11.0,2498.0,27478.0,2024-10-16
2024101605013651,RNLI,34,38,11.0,513.0,5643.0,2024-10-16
2024101604016533,HDHPC,39,35,300.0,222.5,66750.0,2024-10-16
2024101601020166,IHL,21,6,20.0,531.0,10620.0,2024-10-16
2024101601020165,NYADI,91,32,49.0,320.0,15680.0,2024-10-16
2024101601020164,NYADI,57,32,300.0,320.0,96000.0,2024-10-16
2024101601020163,NYADI,14,32,50.0,320.0,16000.0,2024-10-16
2024101601020162,NYADI,58,32,31.0,320.0,9920.0,2024-10-16
2024101601020161,NYADI,58,32,30.0,320.0,9600.0,2024-10-16
2024101601020160,NYADI,42,32,50.0,320.1,16005.0,2024-10-16
2024101601020159,NYADI,86,32,450.0,320.1,144045.0,2024-10-16
2024101601020158,NYADI,8,32,100.0,321.0,32100.0,2024-10-16
2024101601020157,NYADI,6,32,50.0,321.0,16050.0,2024-10-16
2024101601020156,NYADI,14,32,485.0,321.0,155685.0,2024-10-16
2024101601020155,NYADI,56,32,225.0,321.2,72270.0,2024-10-16
2024101601020154,NYADI,6,32,100.0,322.0,32200.0,2024-10-16
2024101601020153,NYADI,18,32,60.0,322.1,19326.0,2024-10-16
2024101601020152,NYADI,58,32,20.0,322.2,6444.0,2024-10-16
2024101603014154,KSBBL,33,35,10.0,473.5,4735.0,2024-10-16
2024101603014153,WNLB,58,87,20.0,2716.0,54320.0,2024-10-16
2024101605013650,CIT,39,66,100.0,2268.0,226800.0,2024-10-16
2024101604016532,UMHL,11,19,55.0,325.0,17875.0,2024-10-16
2024101603014152,ICFC,25,84,247.0,781.0,192907.0,2024-10-16
2024101603014151,ICFC,63,84,53.0,781.0,41393.0,2024-10-16
2024101601020151,BHPL,26,38,10.0,684.0,6840.0,2024-10-16
2024101604016531,NGPL,42,57,300.0,458.0,137400.0,2024-10-16
2024101601020150,MHCL,57,42,10.0,408.0,4080.0,2024-10-16
2024101601020149,MSHL,58,38,100.0,965.0,96500.0,2024-10-16
2024101603014150,BFC,38,59,10.0,637.0,6370.0,2024-10-16
2024101603014149,GMFBS,39,53,36.0,1589.0,57204.0,2024-10-16
2024101601020148,CITY,62,55,10.0,872.0,8720.0,2024-10-16
2024101603014148,SMFBS,77,22,10.0,1526.0,15260.0,2024-10-16
2024101603014147,PFL,32,43,20.0,648.0,12960.0,2024-10-16
2024101603014146,PFL,32,60,580.0,648.0,375840.0,2024-10-16
2024101605013649,HRL,59,41,50.0,896.1,44805.0,2024-10-16
2024101605013648,HATHY,58,42,20.0,1477.0,29540.0,2024-10-16
2024101605013647,HATHY,8,42,40.0,1477.0,59080.0,2024-10-16
2024101601020147,RAWA,22,66,20.0,736.0,14720.0,2024-10-16
2024101601020146,RAWA,22,28,100.0,735.0,73500.0,2024-10-16
2024101601020145,RAWA,22,6,10.0,735.0,7350.0,2024-10-16
2024101601020144,RAWA,22,57,10.0,734.0,7340.0,2024-10-16
2024101601020143,RAWA,22,44,100.0,734.0,73400.0,2024-10-16
2024101601020142,RAWA,22,47,10.0,733.0,7330.0,2024-10-16
2024101603014145,MFIL,45,48,17.0,760.0,12920.0,2024-10-16
2024101603014144,MFIL,4,48,48.0,760.0,36480.0,2024-10-16
2024101604016530,RADHI,62,8,300.0,409.2,122760.0,2024-10-16
2024101601020141,HIDCLP,49,29,25.0,182.0,4550.0,2024-10-16
2024101601020140,HIDCLP,49,52,100.0,182.0,18200.0,2024-10-16
2024101601020139,HIDCLP,49,11,1000.0,182.0,182000.0,2024-10-16
2024101601020138,HIDCLP,49,38,2000.0,182.0,364000.0,2024-10-16
2024101601020137,HIDCLP,49,17,500.0,182.0,91000.0,2024-10-16
2024101601020136,HIDCLP,49,59,350.0,182.0,63700.0,2024-10-16
2024101601020135,HIDCLP,49,8,1025.0,181.9,186447.5,2024-10-16
2024101603014143,GFCL,41,49,100.0,1105.0,110500.0,2024-10-16
2024101603014142,GFCL,41,29,41.0,1105.0,45305.0,2024-10-16
2024101603014141,GFCL,41,70,100.0,1104.0,110400.0,2024-10-16
2024101603014140,GFCL,41,55,2000.0,1100.0,2200000.0,2024-10-16
2024101603014139,GFCL,41,7,200.0,1100.0,220000.0,2024-10-16
2024101603014138,GFCL,41,6,100.0,1100.0,110000.0,2024-10-16
2024101603014137,GFCL,41,29,100.0,1100.0,110000.0,2024-10-16
2024101603014136,GFCL,41,61,100.0,1100.0,110000.0,2024-10-16
2024101603014135,GFCL,41,34,230.0,1100.0,253000.0,2024-10-16
2024101603014134,GFCL,41,32,10.0,1099.0,10990.0,2024-10-16
2024101603014133,GFCL,41,17,60.0,1099.0,65940.0,2024-10-16
2024101603014132,GFCL,41,5,40.0,1099.0,43960.0,2024-10-16
2024101603014131,GFCL,41,33,90.0,1098.0,98820.0,2024-10-16
2024101603014130,GFCL,41,34,90.0,1098.0,98820.0,2024-10-16
2024101605013646,HDL,32,41,15.0,1365.0,20475.0,2024-10-16
2024101604016529,SHEL,26,21,11.0,256.9,2825.9,2024-10-16
2024101604016528,DHPL,42,32,11.0,264.0,2904.0,2024-10-16
2024101601020134,KBL,42,34,410.0,237.0,97170.0,2024-10-16
2024101601020133,KBL,42,43,21.0,237.0,4977.0,2024-10-16
2024101604016527,UNHPL,42,42,336.0,284.0,95424.0,2024-10-16
2024101601020132,HIDCLP,32,8,975.0,181.9,177352.5,2024-10-16
2024101604016526,AKPL,82,59,355.0,264.0,93720.0,2024-10-16
2024101604016525,AKPL,1,59,100.0,264.0,26400.0,2024-10-16
2024101604016524,AKPL,33,59,500.0,264.0,132000.0,2024-10-16
2024101604016523,AKPL,25,59,115.0,264.0,30360.0,2024-10-16
2024101604016522,AKPL,26,59,100.0,264.1,26410.0,2024-10-16
2024101604016521,AKPL,57,59,230.0,265.0,60950.0,2024-10-16
2024101604016520,AKPL,59,59,100.0,265.2,26520.0,2024-10-16
2024101604016519,NIL,34,25,10.0,944.0,9440.0,2024-10-16
2024101605013645,SONA,57,38,20.0,492.8,9856.0,2024-10-16
2024101604016518,CHL,8,34,89.0,360.0,32040.0,2024-10-16
2024101601020131,SBL,34,16,10.0,366.0,3660.0,2024-10-16
2024101603014129,MNBBL,77,16,446.0,416.8,185892.8,2024-10-16
2024101603014128,MNBBL,77,14,500.0,416.7,208350.0,2024-10-16
2024101603014127,MNBBL,77,55,30.0,416.0,12480.0,2024-10-16
2024101603014126,MNBBL,77,32,200.0,416.0,83200.0,2024-10-16
2024101603014125,MNBBL,77,53,100.0,416.0,41600.0,2024-10-16
2024101603014124,MNBBL,77,38,10.0,415.9,4159.0,2024-10-16
2024101603014123,MNBBL,77,17,100.0,415.9,41590.0,2024-10-16
2024101603014122,MNBBL,77,47,100.0,415.9,41590.0,2024-10-16
2024101603014121,MNBBL,77,26,50.0,415.9,20795.0,2024-10-16
2024101603014120,MNBBL,77,41,1000.0,415.0,415000.0,2024-10-16
2024101603014119,MNBBL,77,10,2112.0,415.0,876480.0,2024-10-16
2024101603014118,MNBBL,77,58,20.0,415.0,8300.0,2024-10-16
2024101603014117,MNBBL,77,4,30.0,415.0,12450.0,2024-10-16
2024101603014116,MNBBL,77,50,152.0,415.0,63080.0,2024-10-16
2024101603014115,MNBBL,77,14,50.0,414.8,20740.0,2024-10-16
2024101603014114,MNBBL,77,57,100.0,414.5,41450.0,2024-10-16
2024101603014113,GBBL,42,32,181.0,469.0,84889.0,2024-10-16
2024101603014112,GBBL,18,32,10.0,469.1,4691.0,2024-10-16
2024101603014111,GBBL,16,32,100.0,469.1,46910.0,2024-10-16
2024101603014110,GBBL,26,32,39.0,469.1,18294.9,2024-10-16
2024101601020130,HIDCLP,32,56,820.0,181.9,149158.0,2024-10-16
2024101603014109,SFCL,37,58,20.0,670.1,13402.0,2024-10-16
2024101604016517,NLG,55,81,100.0,1300.0,130000.0,2024-10-16
2024101604016516,NLG,55,48,10.0,1300.0,13000.0,2024-10-16
2024101603014108,CFCL,16,49,20.0,647.0,12940.0,2024-10-16
2024101604016515,SJCL,1,10,280.0,342.0,95760.0,2024-10-16
2024101604016514,SJCL,25,10,20.0,342.1,6842.0,2024-10-16
2024101604016513,SHL,6,29,150.0,537.2,80580.0,2024-10-16
2024101605013644,ENL,53,57,200.0,1173.0,234600.0,2024-10-16
2024101603014107,RLFL,52,57,130.0,640.0,83200.0,2024-10-16
2024101603014106,RLFL,16,57,50.0,640.0,32000.0,2024-10-16
2024101603014105,RLFL,57,57,20.0,640.0,12800.0,2024-10-16
2024101603014104,RLFL,44,57,50.0,640.0,32000.0,2024-10-16
2024101603014103,RLFL,29,57,100.0,640.1,64010.0,2024-10-16
2024101603014102,RLFL,38,57,150.0,641.0,96150.0,2024-10-16
2024101604016512,AKPL,57,55,20.0,265.0,5300.0,2024-10-16
2024101604016511,UMRH,6,52,20.0,490.0,9800.0,2024-10-16
2024101601020129,NMB,20,14,238.0,282.0,67116.0,2024-10-16
2024101601020128,NMB,20,46,360.0,282.0,101520.0,2024-10-16
2024101601020127,NMB,20,14,50.0,282.0,14100.0,2024-10-16
2024101601020126,NMB,20,34,97.0,282.0,27354.0,2024-10-16
2024101601020125,NMB,20,49,83.0,282.0,23406.0,2024-10-16
2024101601020124,NMB,20,18,500.0,282.0,141000.0,2024-10-16
2024101601020123,NMB,20,14,1000.0,282.0,282000.0,2024-10-16
2024101601020122,NMB,20,6,300.0,282.0,84600.0,2024-10-16
2024101601020121,NMB,20,6,100.0,282.0,28200.0,2024-10-16
2024101601020120,NMB,20,36,20.0,282.0,5640.0,2024-10-16
2024101601020119,NMB,20,32,97.0,282.0,27354.0,2024-10-16
2024101601020118,NMB,20,53,74.0,282.0,20868.0,2024-10-16
2024101601020117,NMB,20,11,100.0,282.0,28200.0,2024-10-16
2024101601020116,NMB,20,58,19.0,282.0,5358.0,2024-10-16
2024101601020115,NMB,20,7,1000.0,281.9,281900.0,2024-10-16
2024101601020114,NMB,20,22,40.0,281.5,11260.0,2024-10-16
2024101601020113,NMB,20,58,150.0,281.1,42165.0,2024-10-16
2024101601020112,NMB,20,34,500.0,281.0,140500.0,2024-10-16
2024101601020111,NMB,20,57,50.0,281.0,14050.0,2024-10-16
2024101601020110,NMB,20,57,222.0,281.0,62382.0,2024-10-16
2024101601020109,CBLD88,32,34,50.0,1140.0,57000.0,2024-10-16
2024101601020108,NIMB,32,96,100.0,253.1,25310.0,2024-10-16
2024101604016510,NHPC,21,42,300.0,236.0,70800.0,2024-10-16
2024101605013643,HATHY,42,14,100.0,1478.0,147800.0,2024-10-16
2024101603014101,ACLBSL,45,22,20.0,1072.0,21440.0,2024-10-16
2024101601020107,SBL,50,16,11.0,366.0,4026.0,2024-10-16
2024101603014100,MLBL,13,22,246.0,422.5,103935.0,2024-10-16
2024101604016509,UMRH,47,35,16.0,485.0,7760.0,2024-10-16
2024101601020106,UNLB,38,60,15.0,2496.0,37440.0,2024-10-16
2024101601020105,IHL,21,38,270.0,531.0,143370.0,2024-10-16
2024101603014099,MERO,39,45,50.0,802.0,40100.0,2024-10-16
2024101603014098,MERO,39,91,200.0,801.0,160200.0,2024-10-16
2024101603014097,MERO,39,26,200.0,800.0,160000.0,2024-10-16
2024101603014096,MERO,39,59,50.0,800.0,40000.0,2024-10-16
2024101604016508,SGIC,43,6,10.0,663.0,6630.0,2024-10-16
2024101604016507,SGIC,34,6,100.0,663.3,66330.0,2024-10-16
2024101604016506,SGIC,16,6,45.0,663.6,29862.0,2024-10-16
2024101604016505,SGIC,17,6,90.0,663.7,59733.0,2024-10-16
2024101604016504,SGIC,7,6,25.0,664.0,16600.0,2024-10-16
2024101605013642,PHCL,68,17,40.0,414.8,16592.0,2024-10-16
2024101604016503,AKJCL,32,42,166.0,222.0,36852.0,2024-10-16
2024101603014095,SINDU,96,1,321.0,670.0,215070.0,2024-10-16
2024101604016502,SPDL,21,61,10.0,312.5,3125.0,2024-10-16
2024101601020104,SARBTM,35,58,165.0,802.0,132330.0,2024-10-16
2024101601020103,SARBTM,28,58,100.0,802.0,80200.0,2024-10-16
2024101601020102,SARBTM,35,58,100.0,803.0,80300.0,2024-10-16
2024101601020101,SARBTM,66,58,200.0,803.0,160600.0,2024-10-16
2024101601020100,SARBTM,57,58,30.0,803.0,24090.0,2024-10-16
2024101601020099,SARBTM,17,58,100.0,803.6,80360.0,2024-10-16
2024101601020098,SARBTM,45,58,200.0,804.0,160800.0,2024-10-16
2024101601020097,SARBTM,41,58,35.0,804.0,28140.0,2024-10-16
2024101601020096,SARBTM,13,58,50.0,804.2,40210.0,2024-10-16
2024101601020095,SARBTM,35,58,10.0,805.0,8050.0,2024-10-16
2024101601020094,SARBTM,34,58,10.0,805.0,8050.0,2024-10-16
2024101604016501,API,42,32,77.0,312.0,24024.0,2024-10-16
2024101604016500,API,42,51,23.0,312.0,7176.0,2024-10-16
2024101605013641,SAHAS,64,38,100.0,484.0,48400.0,2024-10-16
2024101603014094,LICN,45,35,100.0,2116.0,211600.0,2024-10-16
2024101601020093,SBI,58,26,100.0,468.0,46800.0,2024-10-16
2024101601020092,TSHL,58,38,60.0,897.0,53820.0,2024-10-16
2024101605013640,STC,39,5,11.0,6084.0,66924.0,2024-10-16
2024101603014093,PROFL,57,21,20.0,658.0,13160.0,2024-10-16
2024101601020091,RAWA,77,58,10.0,733.0,7330.0,2024-10-16
2024101601020090,RAWA,77,14,30.0,733.0,21990.0,2024-10-16
2024101605013639,CHDC,77,94,10.0,1787.9,17879.0,2024-10-16
2024101604016499,LEC,48,55,300.0,295.2,88560.0,2024-10-16
2024101603014092,JFL,26,55,243.0,691.0,167913.0,2024-10-16
2024101603014091,JFL,58,55,60.0,692.0,41520.0,2024-10-16
2024101603014090,JFL,34,55,25.0,692.0,17300.0,2024-10-16
2024101603014089,JFL,57,55,32.0,692.0,22144.0,2024-10-16
2024101603014088,JFL,58,55,125.0,692.0,86500.0,2024-10-16
2024101603014087,SJLIC,42,7,700.0,504.0,352800.0,2024-10-16
2024101603014086,JFL,42,18,50.0,693.5,34675.0,2024-10-16
2024101605013638,HRL,11,48,190.0,897.9,170601.0,2024-10-16
2024101604016498,SSHL,11,66,200.0,228.0,45600.0,2024-10-16
2024101605013637,HRL,45,91,20.0,896.0,17920.0,2024-10-16
2024101605013636,SONA,57,38,10.0,492.8,4928.0,2024-10-16
2024101603014085,FMDBL,40,35,254.0,801.0,203454.0,2024-10-16
2024101603014084,FMDBL,44,35,100.0,802.1,80210.0,2024-10-16
2024101603014083,FMDBL,10,35,100.0,803.0,80300.0,2024-10-16
2024101603014082,FMDBL,48,35,448.0,803.0,359744.0,2024-10-16
2024101603014081,FMDBL,3,35,68.0,804.1,54678.8,2024-10-16
2024101603014080,FMDBL,26,35,350.0,805.0,281750.0,2024-10-16
2024101603014079,FMDBL,6,35,500.0,805.0,402500.0,2024-10-16
2024101603014078,FMDBL,57,35,120.0,805.0,96600.0,2024-10-16
2024101603014077,FMDBL,54,35,50.0,805.1,40255.0,2024-10-16
2024101605013635,SAHAS,46,38,10.0,484.0,4840.0,2024-10-16
2024101605013634,SAHAS,46,38,10.0,484.0,4840.0,2024-10-16
2024101605013633,SAHAS,25,38,20.0,484.0,9680.0,2024-10-16
2024101605013632,SAHAS,51,38,500.0,484.1,242050.0,2024-10-16
2024101605013631,SAHAS,58,38,135.0,484.1,65353.5,2024-10-16
2024101603014076,HLI,64,39,450.0,497.0,223650.0,2024-10-16
2024101603014075,HLI,7,39,150.0,497.1,74565.0,2024-10-16
2024101603014074,HLI,83,39,350.0,497.1,173985.0,2024-10-16
2024101603014073,HLI,41,39,50.0,497.3,24865.0,2024-10-16
2024101603014072,RLFL,38,49,50.0,641.0,32050.0,2024-10-16
2024101601020089,MEHL,55,50,10.0,392.9,3929.0,2024-10-16
2024101604016497,UPCL,55,49,257.0,279.9,71934.3,2024-10-16
2024101604016496,UPCL,55,77,743.0,279.9,207965.7,2024-10-16
2024101604016495,UPPER,58,41,10.0,227.7,2277.0,2024-10-16
2024101604016494,DHPL,42,32,11.0,264.0,2904.0,2024-10-16
2024101604016493,AHPC,51,34,951.0,289.0,274839.0,2024-10-16
2024101604016492,AHPC,51,39,440.0,288.9,127116.0,2024-10-16
2024101603014071,SADBL,49,1,309.0,435.0,134415.0,2024-10-16
2024101605013630,ENL,45,11,20.0,1187.0,23740.0,2024-10-16
2024101603014070,HLI,16,39,265.0,499.0,132235.0,2024-10-16
2024101603014069,HLI,16,6,10.0,498.0,4980.0,2024-10-16
2024101603014068,HLI,16,41,100.0,498.0,49800.0,2024-10-16
2024101603014067,HLI,16,44,70.0,498.0,34860.0,2024-10-16
2024101603014066,HLI,16,58,35.0,497.4,17409.0,2024-10-16
2024101603014065,SFCL,13,45,50.0,670.1,33505.0,2024-10-16
2024101604016491,NIL,37,25,10.0,944.0,9440.0,2024-10-16
2024101601020088,NBL,52,6,135.0,292.8,39528.0,2024-10-16
2024101601020087,NBL,52,49,50.0,292.8,14640.0,2024-10-16
2024101603014064,NUBL,39,42,20.0,748.0,14960.0,2024-10-16
2024101603014063,NUBL,39,13,30.0,748.0,22440.0,2024-10-16
2024101603014062,NUBL,39,42,99.0,748.0,74052.0,2024-10-16
2024101601020086,NWCL,49,47,160.0,1039.0,166240.0,2024-10-16
2024101601020085,MHCL,57,42,18.0,407.9,7342.2,2024-10-16
2024101604016490,AHPC,50,7,300.0,288.7,86610.0,2024-10-16
2024101601020084,MEHL,95,50,298.0,392.9,117084.2,2024-10-16
2024101601020083,MEHL,95,57,190.0,392.7,74613.0,2024-10-16
2024101601020082,MEHL,95,38,632.0,392.6,248123.2,2024-10-16
2024101601020081,MEHL,95,48,590.0,392.4,231516.0,2024-10-16
2024101601020080,MEHL,95,45,290.0,392.0,113680.0,2024-10-16
2024101601020079,HHL,95,76,10.0,468.0,4680.0,2024-10-16
2024101601020078,HHL,95,34,18.0,468.0,8424.0,2024-10-16
2024101601020077,HHL,95,34,40.0,468.0,18720.0,2024-10-16
2024101601020076,HHL,95,5,20.0,467.0,9340.0,2024-10-16
2024101601020075,HHL,95,57,290.0,467.0,135430.0,2024-10-16
2024101601020074,HHL,95,5,27.0,466.9,12606.3,2024-10-16
2024101601020073,HHL,95,19,200.0,466.8,93360.0,2024-10-16
2024101601020072,HHL,95,84,100.0,466.8,46680.0,2024-10-16
2024101605013629,SAHAS,58,5,10.0,485.0,4850.0,2024-10-16
2024101601020071,NWCL,42,17,23.0,1037.9,23871.7,2024-10-16
2024101603014061,NFS,88,33,10.0,1440.0,14400.0,2024-10-16
2024101603014060,HLI,41,36,450.0,497.3,223785.0,2024-10-16
2024101603014059,HLI,14,36,50.0,497.4,24870.0,2024-10-16
2024101601020070,KBL,38,43,20.0,237.0,4740.0,2024-10-16
2024101601020069,RHGCL,72,38,200.0,410.0,82000.0,2024-10-16
2024101604016489,AHPC,50,34,49.0,288.7,14146.3,2024-10-16
2024101604016488,AHPC,39,34,951.0,288.7,274553.7,2024-10-16
2024101604016487,HDHPC,17,55,50.0,222.0,11100.0,2024-10-16
2024101603014058,SHINE,45,57,77.0,500.0,38500.0,2024-10-16
2024101604016486,HURJA,41,34,373.0,227.5,84857.5,2024-10-16
2024101604016485,HURJA,41,45,27.0,227.5,6142.5,2024-10-16
2024101601020068,HBL,13,21,410.0,275.5,112955.0,2024-10-16
2024101601020067,HBL,47,21,90.0,275.6,24804.0,2024-10-16
2024101605013628,ENL,58,1,10.0,1180.0,11800.0,2024-10-16
2024101605013627,PSF,1,11,1500.0,9.58,14370.0,2024-10-16
2024101603014057,JFL,58,22,35.0,692.0,24220.0,2024-10-16
2024101603014056,RSDC,6,13,88.0,740.0,65120.0,2024-10-16
2024101603014055,RSDC,55,13,10.0,741.0,7410.0,2024-10-16
2024101603014054,RSDC,48,13,10.0,741.0,7410.0,2024-10-16
2024101604016484,API,39,51,50.0,312.0,15600.0,2024-10-16
2024101605013626,SAHAS,49,5,100.0,485.0,48500.0,2024-10-16
2024101605013625,NRN,58,38,10.0,932.5,9325.0,2024-10-16
2024101601020066,MCHL,54,34,30.0,497.0,14910.0,2024-10-16
2024101603014053,CFCL,56,58,10.0,642.0,6420.0,2024-10-16
2024101601020065,KBL,56,43,46.0,237.0,10902.0,2024-10-16
2024101604016483,NLG,5,45,34.0,1300.1,44203.4,2024-10-16
2024101601020064,HIDCLP,32,4,100.0,181.9,18190.0,2024-10-16
2024101601020063,PRVU,13,25,200.0,262.5,52500.0,2024-10-16
2024101605013624,SAHAS,58,44,100.0,484.1,48410.0,2024-10-16
2024101603014052,SFCL,45,72,65.0,670.0,43550.0,2024-10-16
2024101604016482,AKPL,57,35,50.0,265.0,13250.0,2024-10-16
2024101605013623,SMATA,48,57,30.0,945.0,28350.0,2024-10-16
2024101605013622,SONA,41,60,59.0,493.0,29087.0,2024-10-16
2024101605013621,NRIC,21,65,10.0,829.9,8299.0,2024-10-16
2024101601020062,SRLI,90,21,10.0,467.2,4672.0,2024-10-16
2024101603014051,MFIL,4,22,40.0,760.0,30400.0,2024-10-16
2024101601020061,PRVU,96,91,110.0,262.0,28820.0,2024-10-16
2024101605013620,HDL,32,48,44.0,1365.0,60060.0,2024-10-16
2024101604016481,UPPER,25,45,50.0,227.5,11375.0,2024-10-16
2024101603014050,SIFC,85,44,50.0,642.0,32100.0,2024-10-16
2024101603014049,MDB,52,26,100.0,666.0,66600.0,2024-10-16
2024101605013619,NRN,58,38,50.0,932.5,46625.0,2024-10-16
2024101604016480,AKPL,57,45,200.0,265.0,53000.0,2024-10-16
2024101605013618,PHCL,68,17,53.0,414.8,21984.4,2024-10-16
2024101605013617,PHCL,68,51,38.0,413.0,15694.0,2024-10-16
2024101601020060,NBL,57,57,250.0,291.0,72750.0,2024-10-16
2024101601020059,HIDCLP,32,26,500.0,181.9,90950.0,2024-10-16
2024101601020058,HIDCLP,32,51,940.0,181.9,170986.0,2024-10-16
2024101605013616,RNLI,45,42,500.0,514.0,257000.0,2024-10-16
2024101605013615,RNLI,57,42,15.0,514.0,7710.0,2024-10-16
2024101605013614,RNLI,58,42,77.0,514.0,39578.0,2024-10-16
2024101604016479,UPPER,1,41,100.0,227.7,22770.0,2024-10-16
2024101604016478,RURU,48,57,48.0,797.9,38299.2,2024-10-16
2024101604016477,RURU,48,14,52.0,797.0,41444.0,2024-10-16
2024101603014048,GFCL,95,77,400.0,1095.0,438000.0,2024-10-16
2024101601020057,HIDCLP,57,38,100.0,181.6,18160.0,2024-10-16
2024101605013613,ENL,39,43,100.0,1174.0,117400.0,2024-10-16
2024101605013612,MEL,53,56,650.0,300.0,195000.0,2024-10-16
2024101601020056,MEHL,42,41,10.0,388.0,3880.0,2024-10-16
2024101604016476,AKJCL,62,58,180.0,221.2,39816.0,2024-10-16
2024101604016475,AKJCL,41,58,240.0,221.3,53112.0,2024-10-16
2024101604016474,DHPL,42,32,12.0,264.0,3168.0,2024-10-16
2024101601020055,JBLB,42,43,11.0,1600.0,17600.0,2024-10-16
2024101604016473,HDHPC,17,42,3198.0,222.0,709956.0,2024-10-16
2024101604016472,HDHPC,58,42,100.0,222.0,22200.0,2024-10-16
2024101604016471,HDHPC,48,42,100.0,222.0,22200.0,2024-10-16
2024101604016470,HDHPC,49,42,138.0,222.0,30636.0,2024-10-16
2024101604016469,HDHPC,37,42,300.0,222.2,66660.0,2024-10-16
2024101604016468,HDHPC,35,42,164.0,222.5,36490.0,2024-10-16
2024101603014047,MPFL,44,48,120.0,783.0,93960.0,2024-10-16
2024101603014046,MPFL,21,48,50.0,784.0,39200.0,2024-10-16
2024101603014045,MPFL,38,48,100.0,784.0,78400.0,2024-10-16
2024101603014044,MPFL,58,48,30.0,785.0,23550.0,2024-10-16
2024101605013611,HIDCL,45,22,90.0,284.0,25560.0,2024-10-16
2024101605013610,NRM,59,50,290.0,460.9,133661.0,2024-10-16
2024101604016467,CHCL,35,19,165.0,597.0,98505.0,2024-10-16
2024101604016466,CHCL,7,19,35.0,597.0,20895.0,2024-10-16
2024101601020054,USHEC,11,37,200.0,501.0,100200.0,2024-10-16
2024101603014043,CBBL,57,58,20.0,1005.0,20100.0,2024-10-16
2024101601020053,HBL,34,21,10.0,278.0,2780.0,2024-10-16
2024101601020052,HBL,34,53,500.0,277.0,138500.0,2024-10-16
2024101601020051,HBL,34,21,734.0,276.0,202584.0,2024-10-16
2024101603014042,NABBC,53,55,10.0,648.8,6488.0,2024-10-16
2024101605013609,CLI,40,41,238.0,664.0,158032.0,2024-10-16
2024101605013608,CLI,40,42,52.0,664.0,34528.0,2024-10-16
2024101605013607,CLI,40,58,10.0,664.0,6640.0,2024-10-16
2024101603014041,FOWAD,47,56,21.0,1500.0,31500.0,2024-10-16
2024101603014040,FOWAD,58,56,27.0,1500.1,40502.7,2024-10-16
2024101605013606,SMJC,11,36,90.0,579.0,52110.0,2024-10-16
2024101605013605,SMJC,74,36,150.0,579.5,86925.0,2024-10-16
2024101601020050,SNLI,72,41,10.0,611.5,6115.0,2024-10-16
2024101603014039,VLBS,35,49,100.0,936.0,93600.0,2024-10-16
2024101601020049,RAWA,77,14,10.0,733.0,7330.0,2024-10-16
2024101601020048,RAWA,77,43,10.0,732.0,7320.0,2024-10-16
2024101605013604,RNLI,58,6,98.0,514.0,50372.0,2024-10-16
2024101605013603,NRIC,45,55,40.0,828.0,33120.0,2024-10-16
2024101605013602,NRIC,60,55,47.0,828.1,38920.7,2024-10-16
2024101601020047,NIMB,11,49,112.0,254.9,28548.8,2024-10-16
2024101601020046,CZBIL,34,22,835.0,258.0,215430.0,2024-10-16
2024101601020045,CZBIL,34,17,10.0,258.0,2580.0,2024-10-16
2024101601020044,CZBIL,34,13,22.0,258.0,5676.0,2024-10-16
2024101601020043,CZBIL,34,40,100.0,258.0,25800.0,2024-10-16
2024101601020042,CZBIL,34,21,300.0,258.0,77400.0,2024-10-16
2024101601020041,CZBIL,34,56,200.0,258.0,51600.0,2024-10-16
2024101601020040,CZBIL,34,18,100.0,258.0,25800.0,2024-10-16
2024101601020039,CZBIL,34,57,150.0,258.0,38700.0,2024-10-16
2024101601020038,CZBIL,34,26,500.0,258.0,129000.0,2024-10-16
2024101601020037,CZBIL,34,1,100.0,258.0,25800.0,2024-10-16
2024101601020036,CZBIL,34,54,13.0,258.0,3354.0,2024-10-16
