transaction,symbol,buyer,seller,quantity,rate,amount,date
2024030301024191,NICA,48,51,97.0,407.0,39479.0,2024-03-03
2024030301024190,NICA,42,51,33.0,407.0,13431.0,2024-03-03
2024030301024189,SMJC,71,37,10.0,365.0,3650.0,2024-03-03
2024030301024188,ANLB,64,1,10.0,1912.0,19120.0,2024-03-03
2024030303006532,ALICL,62,58,10.0,545.9,5459.0,2024-03-03
2024030301024187,MEL,43,35,10.0,209.0,2090.0,2024-03-03
2024030301024186,SNLI,43,21,10.0,583.0,5830.0,2024-03-03
2024030305005489,BBC,19,58,10.0,4000.0,40000.0,2024-03-03
2024030305005488,BBC,19,35,20.0,4000.0,80000.0,2024-03-03
2024030305005487,BBC,19,5,20.0,3990.0,79800.0,2024-03-03
2024030301024185,KBL,48,55,200.0,140.0,28000.0,2024-03-03
2024030301024184,MHCL,35,45,11.0,490.0,5390.0,2024-03-03
2024030301024183,SPL,53,14,10.0,636.0,6360.0,2024-03-03
2024030304009230,HURJA,33,55,478.0,281.6,134604.8,2024-03-03
2024030304009229,HURJA,4,55,500.0,282.0,141000.0,2024-03-03
2024030304009228,HURJA,50,55,22.0,282.0,6204.0,2024-03-03
2024030304009227,CGH,59,37,10.0,811.0,8110.0,2024-03-03
2024030301024182,PHCL,59,62,10.0,295.0,2950.0,2024-03-03
2024030301024181,NBL,10,25,10.0,214.5,2145.0,2024-03-03
2024030301024180,MHCL,69,45,11.0,490.0,5390.0,2024-03-03
2024030301024179,SMHL,69,45,20.0,446.0,8920.0,2024-03-03
2024030301024178,CKHL,58,60,50.0,619.8,30990.0,2024-03-03
2024030301024177,MHCL,58,45,10.0,490.0,4900.0,2024-03-03
2024030304009226,UNHPL,58,6,54.0,240.0,12960.0,2024-03-03
2024030304009225,UNHPL,58,36,50.0,240.0,12000.0,2024-03-03
2024030304009224,UNHPL,58,42,100.0,240.0,24000.0,2024-03-03
2024030304009223,UNHPL,58,77,50.0,240.0,12000.0,2024-03-03
2024030304009222,UNHPL,58,45,90.0,240.0,21600.0,2024-03-03
2024030304009221,UNHPL,58,88,500.0,238.7,119350.0,2024-03-03
2024030304009220,UNHPL,58,45,100.0,238.0,23800.0,2024-03-03
2024030304009219,UNHPL,58,6,100.0,238.0,23800.0,2024-03-03
2024030304009218,UNHPL,58,56,200.0,238.0,47600.0,2024-03-03
2024030304009217,UNHPL,58,58,475.0,238.0,113050.0,2024-03-03
2024030304009216,SPDL,50,57,10.0,242.5,2425.0,2024-03-03
2024030303006531,GMFIL,44,14,10.0,340.0,3400.0,2024-03-03
2024030301024176,SPC,77,88,10.0,566.0,5660.0,2024-03-03
2024030304009215,SHL,33,41,104.0,432.0,44928.0,2024-03-03
2024030304009214,SHL,33,44,100.0,431.4,43140.0,2024-03-03
2024030304009213,SHL,33,25,100.0,430.0,43000.0,2024-03-03
2024030304009212,SHL,33,57,100.0,430.0,43000.0,2024-03-03
2024030304009211,SHL,33,25,100.0,430.0,43000.0,2024-03-03
2024030304009210,SHL,33,25,100.0,429.5,42950.0,2024-03-03
2024030301024175,SBI,45,44,10.0,280.0,2800.0,2024-03-03
2024030303006530,CFCL,45,38,62.0,321.0,19902.0,2024-03-03
2024030301024174,AHL,84,45,50.0,421.3,21065.0,2024-03-03
2024030305005486,NRN,1,88,200.0,517.1,103420.0,2024-03-03
2024030301024173,MLBS,37,35,30.0,689.0,20670.0,2024-03-03
2024030301024172,SIKLES,65,37,60.0,473.0,28380.0,2024-03-03
2024030301024171,SIKLES,65,6,100.0,470.0,47000.0,2024-03-03
2024030301024170,SIKLES,65,72,50.0,470.0,23500.0,2024-03-03
2024030301024169,SIKLES,65,41,10.0,466.0,4660.0,2024-03-03
2024030301024168,SIKLES,65,35,10.0,466.0,4660.0,2024-03-03
2024030301024167,SIKLES,65,65,270.0,465.0,125550.0,2024-03-03
2024030301024166,BNT,65,40,10.0,15402.0,154020.0,2024-03-03
2024030304009209,AKPL,41,77,40.0,174.0,6960.0,2024-03-03
2024030301024165,SMJC,71,37,10.0,365.0,3650.0,2024-03-03
2024030303006529,CORBL,71,16,10.0,408.0,4080.0,2024-03-03
2024030303006528,MNBBL,46,64,266.0,344.0,91504.0,2024-03-03
2024030301024164,HHL,64,5,10.0,328.9,3289.0,2024-03-03
2024030304009208,JOSHI,72,28,10.0,349.5,3495.0,2024-03-03
2024030303006527,SHINE,82,46,50.0,362.0,18100.0,2024-03-03
2024030304009207,HEI,62,1,10.0,547.9,5479.0,2024-03-03
2024030304009206,JOSHI,62,28,234.0,349.5,81783.0,2024-03-03
2024030304009205,JOSHI,62,22,50.0,348.5,17425.0,2024-03-03
2024030304009204,JOSHI,62,14,266.0,348.0,92568.0,2024-03-03
2024030301024163,MKLB,62,6,12.0,742.0,8904.0,2024-03-03
2024030301024162,MKLB,62,29,10.0,741.5,7415.0,2024-03-03
2024030301024161,MKLB,62,17,50.0,741.5,37075.0,2024-03-03
2024030301024160,MKLB,62,42,120.0,741.3,88956.0,2024-03-03
2024030301024159,MKLB,62,14,50.0,741.0,37050.0,2024-03-03
2024030301024158,MKLB,62,5,50.0,740.4,37020.0,2024-03-03
2024030301024157,MKLB,62,38,11.0,740.0,8140.0,2024-03-03
2024030301024156,MKLB,62,67,11.0,739.5,8134.5,2024-03-03
2024030301024155,MKLB,62,52,30.0,739.0,22170.0,2024-03-03
2024030301024154,MKLB,62,45,145.0,737.7,106966.5,2024-03-03
2024030301024153,MKLB,62,19,20.0,737.4,14748.0,2024-03-03
2024030301024152,MKLB,62,5,80.0,735.0,58800.0,2024-03-03
2024030301024151,MKLB,62,43,11.0,735.0,8085.0,2024-03-03
2024030301024150,CKHL,58,34,100.0,619.0,61900.0,2024-03-03
2024030303006526,SWBBL,26,49,22.0,680.0,14960.0,2024-03-03
2024030304009203,PPCL,43,85,10.0,252.9,2529.0,2024-03-03
2024030301024149,AHL,34,45,10.0,428.0,4280.0,2024-03-03
2024030303006525,NLICL,57,1,26.0,550.9,14323.4,2024-03-03
2024030303006524,MFIL,43,33,20.0,486.0,9720.0,2024-03-03
2024030303006523,MFIL,43,42,330.0,486.0,160380.0,2024-03-03
2024030301024148,SMJC,53,37,20.0,365.0,7300.0,2024-03-03
2024030301024147,NRM,53,41,120.0,345.0,41400.0,2024-03-03
2024030301024146,TSHL,60,62,60.0,477.2,28632.0,2024-03-03
2024030301024145,TSHL,60,39,40.0,477.0,19080.0,2024-03-03
2024030304009202,RURU,5,26,10.0,715.0,7150.0,2024-03-03
2024030305005485,HRL,5,58,10.0,595.6,5956.0,2024-03-03
2024030304009201,SHEL,14,56,28.0,208.0,5824.0,2024-03-03
2024030304009200,SHEL,14,16,12.0,205.0,2460.0,2024-03-03
2024030303006522,ICFC,14,36,10.0,464.0,4640.0,2024-03-03
2024030301024144,HDL,54,16,40.0,1469.0,58760.0,2024-03-03
2024030301024143,HDL,1,16,55.0,1469.0,80795.0,2024-03-03
2024030301024142,HDL,43,16,150.0,1469.1,220365.0,2024-03-03
2024030301024141,HDL,58,16,10.0,1470.0,14700.0,2024-03-03
2024030301024140,HDL,50,16,20.0,1470.0,29400.0,2024-03-03
2024030301024139,HDL,13,16,10.0,1470.0,14700.0,2024-03-03
2024030301024138,HDL,45,16,15.0,1470.0,22050.0,2024-03-03
2024030301024137,HDL,55,16,100.0,1470.2,147020.0,2024-03-03
2024030301024136,HDL,47,16,100.0,1471.0,147100.0,2024-03-03
2024030301024135,JBLB,45,55,10.0,1215.0,12150.0,2024-03-03
2024030303006521,ICFC,39,36,100.0,464.0,46400.0,2024-03-03
2024030301024134,PCBL,39,57,474.0,188.9,89538.6,2024-03-03
2024030301024133,PCBL,39,28,113.0,188.9,21345.7,2024-03-03
2024030301024132,PCBL,39,58,100.0,187.0,18700.0,2024-03-03
2024030301024131,PCBL,39,77,153.0,187.0,28611.0,2024-03-03
2024030301024130,PCBL,39,44,160.0,186.5,29840.0,2024-03-03
2024030301024129,SNLI,6,17,20.0,582.5,11650.0,2024-03-03
2024030301024128,SNLI,43,17,10.0,582.5,5825.0,2024-03-03
2024030301024127,SNLI,44,17,120.0,582.5,69900.0,2024-03-03
2024030303006520,NLIC,42,48,20.0,588.9,11778.0,2024-03-03
2024030304009199,RIDI,42,38,10.0,181.0,1810.0,2024-03-03
2024030301024126,TVCL,94,62,50.0,512.0,25600.0,2024-03-03
2024030304009198,IGI,38,34,10.0,518.7,5187.0,2024-03-03
2024030301024125,MMKJL,29,34,10.0,398.0,3980.0,2024-03-03
2024030301024124,RAWA,34,29,10.0,442.2,4422.0,2024-03-03
2024030303006519,PROFL,59,29,270.0,301.0,81270.0,2024-03-03
2024030303006518,PROFL,25,29,20.0,301.0,6020.0,2024-03-03
2024030303006517,PROFL,34,29,10.0,303.9,3039.0,2024-03-03
2024030303006516,ALICL,58,58,20.0,545.9,10918.0,2024-03-03
2024030303006515,NFS,50,95,10.0,336.0,3360.0,2024-03-03
2024030304009197,GHL,50,48,10.0,144.3,1443.0,2024-03-03
2024030305005484,SMATA,58,44,10.0,589.0,5890.0,2024-03-03
2024030303006514,GFCL,13,36,10.0,421.3,4213.0,2024-03-03
2024030304009196,MHNL,58,19,10.0,237.6,2376.0,2024-03-03
2024030305005483,NTC,13,53,100.0,831.0,83100.0,2024-03-03
2024030303006513,PMLI,49,44,10.0,491.5,4915.0,2024-03-03
2024030301024123,MKCL,36,38,64.0,937.0,59968.0,2024-03-03
2024030301024122,MKCL,36,35,10.0,937.0,9370.0,2024-03-03
2024030301024121,MKCL,36,16,110.0,936.0,102960.0,2024-03-03
2024030301024120,MKCL,36,18,20.0,936.0,18720.0,2024-03-03
2024030301024119,MKCL,36,29,10.0,935.0,9350.0,2024-03-03
2024030301024118,MKCL,36,45,70.0,934.0,65380.0,2024-03-03
2024030301024117,MKCL,36,57,16.0,930.0,14880.0,2024-03-03
2024030301024116,PCBL,36,44,300.0,186.5,55950.0,2024-03-03
2024030303006512,MFIL,45,42,100.0,486.0,48600.0,2024-03-03
2024030301024115,RFPL,52,65,200.0,327.0,65400.0,2024-03-03
2024030301024114,RFPL,62,65,1750.0,327.1,572425.0,2024-03-03
2024030304009195,HURJA,41,19,10.0,284.0,2840.0,2024-03-03
2024030301024113,PHCL,36,62,160.0,295.0,47200.0,2024-03-03
2024030301024112,PHCL,25,62,10.0,295.0,2950.0,2024-03-03
2024030301024111,RFPL,62,41,230.0,327.1,75233.0,2024-03-03
2024030301024110,RHGCL,26,42,10.0,281.0,2810.0,2024-03-03
2024030301024109,NRM,34,41,210.0,345.0,72450.0,2024-03-03
2024030301024108,NRM,34,47,10.0,345.0,3450.0,2024-03-03
2024030301024107,NRM,34,38,10.0,345.0,3450.0,2024-03-03
2024030301024106,NRM,34,6,10.0,345.0,3450.0,2024-03-03
2024030301024105,NRM,34,49,10.0,345.0,3450.0,2024-03-03
2024030301024104,NRM,34,38,250.0,344.8,86200.0,2024-03-03
2024030301024103,AVYAN,34,35,10.0,589.9,5899.0,2024-03-03
2024030301024102,MKJC,60,19,30.0,485.0,14550.0,2024-03-03
2024030305005482,NIFRA,53,17,10.0,201.9,2019.0,2024-03-03
2024030301024101,HATHY,1,55,39.0,843.0,32877.0,2024-03-03
2024030301024100,HATHY,58,55,11.0,844.0,9284.0,2024-03-03
2024030304009194,MHNL,17,19,10.0,237.6,2376.0,2024-03-03
2024030304009193,RIDI,42,38,81.0,181.0,14661.0,2024-03-03
2024030304009192,SGIC,8,32,90.0,488.1,43929.0,2024-03-03
2024030304009191,SGIC,36,32,50.0,488.2,24410.0,2024-03-03
2024030304009190,SGIC,34,32,50.0,488.3,24415.0,2024-03-03
2024030304009189,SGIC,32,32,10.0,489.0,4890.0,2024-03-03
2024030305005481,HRL,21,58,30.0,595.6,17868.0,2024-03-03
2024030301024099,TVCL,58,62,10.0,512.0,5120.0,2024-03-03
2024030303006511,GFCL,28,75,394.0,419.0,165086.0,2024-03-03
2024030303006510,GFCL,42,75,106.0,420.0,44520.0,2024-03-03
2024030304009188,HURJA,45,19,10.0,284.0,2840.0,2024-03-03
2024030303006509,JBBL,45,35,10.0,283.0,2830.0,2024-03-03
2024030304009187,JOSHI,41,14,134.0,348.0,46632.0,2024-03-03
2024030304009186,JOSHI,41,50,500.0,348.0,174000.0,2024-03-03
2024030304009185,JOSHI,41,57,500.0,348.0,174000.0,2024-03-03
2024030304009184,JOSHI,41,43,340.0,347.9,118286.0,2024-03-03
2024030304009183,JOSHI,41,38,100.0,347.0,34700.0,2024-03-03
2024030304009182,JOSHI,41,17,100.0,346.8,34680.0,2024-03-03
2024030304009181,JOSHI,41,22,300.0,345.0,103500.0,2024-03-03
2024030304009180,JOSHI,41,42,300.0,344.2,103260.0,2024-03-03
2024030304009179,JOSHI,41,43,400.0,343.7,137480.0,2024-03-03
2024030304009178,JOSHI,41,39,500.0,343.5,171750.0,2024-03-03
2024030304009177,JOSHI,41,5,50.0,343.3,17165.0,2024-03-03
2024030304009176,JOSHI,41,28,1500.0,343.0,514500.0,2024-03-03
2024030304009175,JOSHI,41,32,1000.0,343.0,343000.0,2024-03-03
2024030304009174,JOSHI,41,20,95.0,342.8,32566.0,2024-03-03
2024030304009173,JOSHI,41,46,500.0,342.0,171000.0,2024-03-03
2024030304009172,JOSHI,41,58,660.0,342.0,225720.0,2024-03-03
2024030304009171,JOSHI,41,5,50.0,342.0,17100.0,2024-03-03
2024030304009170,JOSHI,41,16,30.0,342.0,10260.0,2024-03-03
2024030304009169,JOSHI,41,16,50.0,341.5,17075.0,2024-03-03
2024030304009168,JOSHI,41,53,100.0,341.0,34100.0,2024-03-03
2024030304009167,JOSHI,41,49,50.0,341.0,17050.0,2024-03-03
2024030304009166,JOSHI,41,5,20.0,341.0,6820.0,2024-03-03
2024030304009165,JOSHI,41,32,1000.0,340.0,340000.0,2024-03-03
2024030304009164,JOSHI,41,38,200.0,340.0,68000.0,2024-03-03
2024030304009163,JOSHI,41,45,200.0,340.0,68000.0,2024-03-03
2024030304009162,JOSHI,41,29,500.0,340.0,170000.0,2024-03-03
2024030304009161,JOSHI,41,38,100.0,340.0,34000.0,2024-03-03
2024030304009160,JOSHI,41,54,155.0,340.0,52700.0,2024-03-03
2024030304009159,JOSHI,41,5,50.0,339.3,16965.0,2024-03-03
2024030304009158,JOSHI,41,38,100.0,339.0,33900.0,2024-03-03
2024030304009157,JOSHI,41,39,55.0,339.0,18645.0,2024-03-03
2024030304009156,JOSHI,41,34,60.0,337.0,20220.0,2024-03-03
2024030304009155,JOSHI,41,16,301.0,337.0,101437.0,2024-03-03
2024030301024098,BNT,64,66,10.0,15400.0,154000.0,2024-03-03
2024030303006508,PMLI,7,32,150.0,490.0,73500.0,2024-03-03
2024030303006507,PMLI,7,11,10.0,490.0,4900.0,2024-03-03
2024030303006506,PMLI,7,17,10.0,490.0,4900.0,2024-03-03
2024030303006505,PMLI,7,57,20.0,490.0,9800.0,2024-03-03
2024030301024097,RFPL,71,41,20.0,327.1,6542.0,2024-03-03
2024030303006504,SHINE,82,71,462.0,362.0,167244.0,2024-03-03
2024030303006503,SHINE,42,71,38.0,362.0,13756.0,2024-03-03
2024030304009154,SPDL,81,57,10.0,242.5,2425.0,2024-03-03
2024030303006502,KMCDB,62,45,22.0,642.0,14124.0,2024-03-03
2024030303006501,KMCDB,62,16,30.0,637.5,19125.0,2024-03-03
2024030303006500,KMCDB,62,51,14.0,635.0,8890.0,2024-03-03
2024030303006499,KMCDB,62,51,56.0,635.0,35560.0,2024-03-03
2024030303006498,KMCDB,62,51,14.0,635.0,8890.0,2024-03-03
2024030303006497,KMCDB,62,8,14.0,632.0,8848.0,2024-03-03
2024030301024096,MHCL,25,45,20.0,490.0,9800.0,2024-03-03
2024030304009153,GHL,35,48,10.0,144.3,1443.0,2024-03-03
2024030301024095,KDL,54,47,10.0,757.6,7576.0,2024-03-03
2024030301024094,KDL,43,47,20.0,759.0,15180.0,2024-03-03
2024030301024093,KDL,29,47,46.0,760.0,34960.0,2024-03-03
2024030301024092,KDL,49,47,20.0,760.1,15202.0,2024-03-03
2024030304009152,MHNL,28,19,50.0,237.6,11880.0,2024-03-03
2024030301024091,RHGCL,52,42,10.0,281.0,2810.0,2024-03-03
2024030301024090,MKJC,94,19,30.0,485.0,14550.0,2024-03-03
2024030301024089,MKJC,94,45,50.0,484.9,24245.0,2024-03-03
2024030301024088,MKJC,94,32,120.0,483.9,58068.0,2024-03-03
2024030303006496,KSBBL,57,32,450.0,331.6,149220.0,2024-03-03
2024030303006495,HLI,38,45,10.0,377.0,3770.0,2024-03-03
2024030303006494,HLI,38,49,10.0,376.9,3769.0,2024-03-03
2024030303006493,HLI,38,35,10.0,376.0,3760.0,2024-03-03
2024030304009151,MHNL,40,19,10.0,237.6,2376.0,2024-03-03
2024030301024087,HATHY,1,33,40.0,843.0,33720.0,2024-03-03
2024030301024086,SONA,59,49,50.0,452.0,22600.0,2024-03-03
2024030301024085,SONA,43,49,10.0,452.0,4520.0,2024-03-03
2024030301024084,SONA,49,49,90.0,452.9,40761.0,2024-03-03
2024030301024083,NIMB,49,34,10.0,160.5,1605.0,2024-03-03
2024030304009150,SSHL,22,52,10.0,160.0,1600.0,2024-03-03
2024030303006492,SADBL,1,62,50.0,289.0,14450.0,2024-03-03
2024030301024082,TVCL,45,62,10.0,512.0,5120.0,2024-03-03
2024030303006491,SHINE,46,44,10.0,366.0,3660.0,2024-03-03
2024030304009149,KKHC,34,19,60.0,233.0,13980.0,2024-03-03
2024030303006490,NLBBL,34,5,18.0,515.0,9270.0,2024-03-03
2024030303006489,NLBBL,34,8,42.0,510.0,21420.0,2024-03-03
2024030304009148,API,34,43,11.0,175.8,1933.8,2024-03-03
2024030301024081,AHL,84,45,30.0,428.0,12840.0,2024-03-03
2024030303006488,SINDU,84,39,20.0,319.0,6380.0,2024-03-03
2024030301024080,PRVU,16,26,10.0,141.0,1410.0,2024-03-03
2024030303006487,NLIC,20,48,50.0,588.9,29445.0,2024-03-03
2024030301024079,NRM,53,38,10.0,344.8,3448.0,2024-03-03
2024030301024078,CKHL,58,39,10.0,619.0,6190.0,2024-03-03
2024030303006486,CFCL,35,38,150.0,321.1,48165.0,2024-03-03
2024030301024077,SANIMA,38,50,10.0,234.0,2340.0,2024-03-03
2024030304009147,UMRH,29,36,30.0,346.5,10395.0,2024-03-03
2024030304009146,SHEL,58,56,10.0,208.0,2080.0,2024-03-03
2024030304009145,SHEL,58,7,30.0,206.0,6180.0,2024-03-03
2024030304009144,SHEL,58,56,40.0,205.0,8200.0,2024-03-03
2024030301024076,JBLB,58,7,17.0,1219.0,20723.0,2024-03-03
2024030301024075,VLUCL,58,42,40.0,528.0,21120.0,2024-03-03
2024030304009143,RIDI,22,7,20.0,181.0,3620.0,2024-03-03
2024030304009142,UPCL,72,34,910.0,205.0,186550.0,2024-03-03
2024030304009141,UPCL,72,21,1000.0,205.0,205000.0,2024-03-03
2024030304009140,UPCL,72,43,50.0,205.0,10250.0,2024-03-03
2024030304009139,UPCL,72,54,40.0,205.0,8200.0,2024-03-03
2024030304009138,HDHPC,11,48,10.0,136.5,1365.0,2024-03-03
2024030303006485,MLBSL,57,57,20.0,1556.0,31120.0,2024-03-03
2024030301024074,TSHL,34,39,10.0,477.0,4770.0,2024-03-03
2024030301024073,SGHC,77,4,140.0,303.7,42518.0,2024-03-03
2024030301024072,SGHC,77,36,10.0,303.0,3030.0,2024-03-03
2024030301024071,SGHC,77,6,10.0,303.0,3030.0,2024-03-03
2024030301024070,SGHC,77,35,10.0,303.0,3030.0,2024-03-03
2024030301024069,SGHC,77,52,10.0,303.0,3030.0,2024-03-03
2024030301024068,SGHC,77,42,120.0,301.0,36120.0,2024-03-03
2024030304009137,NIL,29,25,44.0,779.1,34280.4,2024-03-03
2024030301024067,BNT,75,47,140.0,15000.0,2100000.0,2024-03-03
2024030301024066,BNT,19,47,10.0,15006.0,150060.0,2024-03-03
2024030301024065,GCIL,7,41,40.0,488.0,19520.0,2024-03-03
2024030304009136,GHL,41,48,10.0,144.3,1443.0,2024-03-03
2024030301024064,MSHL,29,34,31.0,591.0,18321.0,2024-03-03
2024030301024063,MSHL,64,34,10.0,591.0,5910.0,2024-03-03
2024030301024062,MSHL,64,34,960.0,593.0,569280.0,2024-03-03
2024030301024061,DORDI,77,45,1307.0,457.0,597299.0,2024-03-03
2024030301024060,DORDI,77,39,1000.0,456.0,456000.0,2024-03-03
2024030301024059,DORDI,77,22,500.0,455.0,227500.0,2024-03-03
2024030301024058,DORDI,77,16,100.0,455.0,45500.0,2024-03-03
2024030301024057,DORDI,77,57,10.0,454.0,4540.0,2024-03-03
2024030301024056,DORDI,77,17,200.0,454.0,90800.0,2024-03-03
2024030301024055,DORDI,77,3,400.0,454.0,181600.0,2024-03-03
2024030301024054,DORDI,77,41,10.0,453.0,4530.0,2024-03-03
2024030301024053,DORDI,77,52,10.0,453.0,4530.0,2024-03-03
2024030301024052,DORDI,77,22,10.0,452.0,4520.0,2024-03-03
2024030301024051,DORDI,77,36,10.0,450.8,4508.0,2024-03-03
2024030301024050,DORDI,77,52,97.0,450.8,43727.6,2024-03-03
2024030301024049,DORDI,77,58,10.0,450.0,4500.0,2024-03-03
2024030301024048,DORDI,77,32,10.0,449.0,4490.0,2024-03-03
2024030301024047,DORDI,77,59,10.0,449.0,4490.0,2024-03-03
2024030301024046,DORDI,77,39,700.0,448.9,314230.0,2024-03-03
2024030301024045,DORDI,77,64,200.0,448.8,89760.0,2024-03-03
2024030301024044,DORDI,77,45,40.0,448.8,17952.0,2024-03-03
2024030301024043,DORDI,77,39,1000.0,448.6,448600.0,2024-03-03
2024030301024042,DORDI,77,48,200.0,448.0,89600.0,2024-03-03
2024030301024041,DORDI,77,26,790.0,448.0,353920.0,2024-03-03
2024030301024040,DORDI,77,26,376.0,448.0,168448.0,2024-03-03
2024030301024039,DORDI,77,26,1000.0,448.0,448000.0,2024-03-03
2024030301024038,DORDI,77,45,10.0,448.0,4480.0,2024-03-03
2024030303006484,ALICL,42,58,558.0,545.9,304612.2,2024-03-03
2024030303006483,NICLBSL,56,29,75.0,526.0,39450.0,2024-03-03
2024030303006482,SADBL,48,36,35.0,285.2,9982.0,2024-03-03
2024030304009135,NICL,49,1,10.0,810.0,8100.0,2024-03-03
2024030304009134,JOSHI,1,16,199.0,337.0,67063.0,2024-03-03
2024030304009133,JOSHI,1,45,301.0,337.0,101437.0,2024-03-03
2024030301024037,GCIL,29,43,130.0,488.0,63440.0,2024-03-03
2024030303006481,JBBL,34,35,10.0,283.0,2830.0,2024-03-03
2024030303006480,SJLIC,34,45,92.0,439.0,40388.0,2024-03-03
2024030303006479,MPFL,35,86,100.0,340.8,34080.0,2024-03-03
2024030304009132,LEC,49,25,697.0,179.0,124763.0,2024-03-03
2024030304009131,LEC,1,25,50.0,179.0,8950.0,2024-03-03
2024030304009130,LEC,45,25,53.0,179.0,9487.0,2024-03-03
2024030304009129,LEC,41,25,200.0,180.0,36000.0,2024-03-03
2024030301024036,NYADI,52,25,30.0,271.3,8139.0,2024-03-03
2024030304009128,SHPC,5,42,10.0,339.9,3399.0,2024-03-03
2024030305005480,HRL,36,59,55.0,595.2,32736.0,2024-03-03
2024030305005479,HRL,39,59,45.0,595.8,26811.0,2024-03-03
2024030305005478,HRL,53,49,100.0,596.0,59600.0,2024-03-03
2024030303006478,CBBL,53,32,35.0,809.0,28315.0,2024-03-03
2024030303006477,CBBL,53,38,165.0,809.0,133485.0,2024-03-03
2024030301024035,MKCL,39,45,30.0,934.0,28020.0,2024-03-03
2024030301024034,MKCL,39,58,10.0,934.0,9340.0,2024-03-03
2024030301024033,MKCL,39,58,10.0,933.0,9330.0,2024-03-03
2024030304009127,RIDI,38,7,10.0,181.0,1810.0,2024-03-03
2024030304009126,NHPC,34,38,250.0,151.0,37750.0,2024-03-03
2024030301024032,SONA,49,58,10.0,452.9,4529.0,2024-03-03
2024030303006476,NLIC,58,48,10.0,588.9,5889.0,2024-03-03
2024030303006475,ALBSL,36,42,60.0,632.4,37944.0,2024-03-03
2024030303006474,GUFL,41,49,29.0,580.1,16822.9,2024-03-03
2024030303006473,GUFL,6,49,50.0,581.0,29050.0,2024-03-03
2024030303006472,GUFL,55,49,10.0,581.0,5810.0,2024-03-03
2024030301024031,KDL,34,45,10.0,775.2,7752.0,2024-03-03
2024030301024030,MAKAR,81,48,210.0,370.0,77700.0,2024-03-03
2024030301024029,MAKAR,81,47,100.0,369.0,36900.0,2024-03-03
2024030301024028,PCBL,41,44,100.0,186.5,18650.0,2024-03-03
2024030304009125,UMRH,58,14,22.0,346.0,7612.0,2024-03-03
2024030303006471,KMCDB,55,20,50.0,625.0,31250.0,2024-03-03
2024030301024027,NBL,33,59,280.0,214.0,59920.0,2024-03-03
2024030301024026,MHCL,69,52,90.0,479.4,43146.0,2024-03-03
2024030301024025,MHCL,19,52,100.0,479.5,47950.0,2024-03-03
2024030301024024,MHCL,43,52,10.0,480.0,4800.0,2024-03-03
2024030301024023,NICA,42,11,172.0,407.0,70004.0,2024-03-03
2024030301024022,NICA,7,11,200.0,407.1,81420.0,2024-03-03
2024030301024021,NICA,55,11,48.0,407.1,19540.8,2024-03-03
2024030301024020,NICA,51,11,25.0,407.2,10180.0,2024-03-03
2024030301024019,NICA,17,11,55.0,407.2,22396.0,2024-03-03
2024030301024018,SHIVM,42,50,20.0,472.0,9440.0,2024-03-03
2024030301024017,TPC,88,49,50.0,528.0,26400.0,2024-03-03
2024030304009124,SJCL,1,56,10.0,272.0,2720.0,2024-03-03
2024030301024016,SPHL,45,58,10.0,457.0,4570.0,2024-03-03
2024030303006470,SJLIC,50,45,10.0,439.0,4390.0,2024-03-03
2024030303006469,SJLIC,6,45,300.0,439.0,131700.0,2024-03-03
2024030303006468,SJLIC,38,45,12.0,439.0,5268.0,2024-03-03
2024030301024015,SMJC,71,37,10.0,365.0,3650.0,2024-03-03
2024030301024014,USHEC,26,38,50.0,348.0,17400.0,2024-03-03
2024030301024013,USHEC,26,56,100.0,346.9,34690.0,2024-03-03
2024030301024012,USHEC,26,44,150.0,346.4,51960.0,2024-03-03
2024030303006467,PMLI,6,58,230.0,485.0,111550.0,2024-03-03
2024030301024011,SNLI,57,28,10.0,583.0,5830.0,2024-03-03
2024030301024010,SNLI,57,19,34.0,583.0,19822.0,2024-03-03
2024030303006466,NLIC,41,18,20.0,588.1,11762.0,2024-03-03
2024030304009123,BARUN,47,54,106.0,242.3,25683.8,2024-03-03
2024030301024009,SBL,17,6,50.0,215.0,10750.0,2024-03-03
2024030305005477,PSF,17,17,1000.0,8.69,8690.0,2024-03-03
2024030301024008,NESDO,45,44,10.0,1521.0,15210.0,2024-03-03
2024030304009122,OHL,50,17,20.0,743.0,14860.0,2024-03-03
2024030303006465,NFS,22,33,820.0,335.0,274700.0,2024-03-03
2024030301024007,RNLI,26,58,10.0,414.1,4141.0,2024-03-03
2024030305005476,HRL,39,58,10.0,595.8,5958.0,2024-03-03
2024030301024006,SHIVM,7,43,142.0,471.5,66953.0,2024-03-03
2024030301024005,KBL,48,55,73.0,140.0,10220.0,2024-03-03
2024030301024004,KBL,48,57,100.0,140.0,14000.0,2024-03-03
2024030301024003,KBL,48,48,2000.0,139.9,279800.0,2024-03-03
2024030301024002,KBL,48,57,670.0,139.9,93733.0,2024-03-03
2024030301024001,KBL,48,14,157.0,139.8,21948.6,2024-03-03
2024030305005475,NRIC,36,35,10.0,721.0,7210.0,2024-03-03
2024030304009121,NGPL,72,18,200.0,289.9,57980.0,2024-03-03
2024030304009120,JOSHI,18,45,500.0,337.0,168500.0,2024-03-03
2024030304009119,RADHI,5,21,115.0,238.5,27427.5,2024-03-03
2024030301024000,SNLI,47,19,300.0,583.0,174900.0,2024-03-03
2024030301023999,NMB,53,17,10.0,177.8,1778.0,2024-03-03
2024030301023998,SONA,43,8,10.0,452.0,4520.0,2024-03-03
2024030301023997,SONA,48,8,40.0,452.0,18080.0,2024-03-03
2024030303006464,NICLBSL,42,29,25.0,526.0,13150.0,2024-03-03
2024030301023996,ILI,57,29,10.0,505.5,5055.0,2024-03-03
2024030301023995,SONA,21,17,870.0,453.0,394110.0,2024-03-03
2024030301023994,SONA,21,33,100.0,452.9,45290.0,2024-03-03
2024030301023993,SONA,21,19,30.0,452.8,13584.0,2024-03-03
2024030301023992,MANDU,65,74,20.0,654.0,13080.0,2024-03-03
2024030301023991,NABIL,58,22,10.0,424.0,4240.0,2024-03-03
2024030305005474,SFMF,58,51,518.0,9.61,4977.98,2024-03-03
2024030305005473,SFMF,58,51,482.0,9.61,4632.02,2024-03-03
2024030301023990,MEL,58,35,100.0,209.0,20900.0,2024-03-03
2024030301023989,MEL,58,35,100.0,208.0,20800.0,2024-03-03
2024030301023988,SHIVM,7,58,350.0,471.5,165025.0,2024-03-03
2024030301023987,SHIVM,38,58,1000.0,471.6,471600.0,2024-03-03
2024030301023986,SHIVM,58,58,150.0,471.7,70755.0,2024-03-03
2024030305005472,HRL,71,49,30.0,596.0,17880.0,2024-03-03
2024030305005471,HRL,71,42,20.0,596.0,11920.0,2024-03-03
2024030301023985,RFPL,53,41,100.0,327.1,32710.0,2024-03-03
2024030303006463,LBBL,26,70,90.0,371.0,33390.0,2024-03-03
2024030301023984,CITY,5,6,10.0,569.8,5698.0,2024-03-03
2024030303006462,ICFC,32,36,10.0,464.0,4640.0,2024-03-03
2024030303006461,NUBL,29,58,30.0,594.0,17820.0,2024-03-03
2024030301023983,MCHL,48,42,90.0,316.1,28449.0,2024-03-03
2024030301023982,CKHL,95,6,25.0,612.0,15300.0,2024-03-03
2024030301023981,SPC,77,25,180.0,566.0,101880.0,2024-03-03
2024030301023980,EBL,1,35,102.0,494.0,50388.0,2024-03-03
2024030301023979,MHL,32,47,40.0,365.0,14600.0,2024-03-03
2024030301023978,MHL,6,47,10.0,365.0,3650.0,2024-03-03
2024030301023977,MHL,6,47,20.0,365.1,7302.0,2024-03-03
2024030301023976,MHL,6,47,20.0,365.1,7302.0,2024-03-03
2024030301023975,MHL,6,47,10.0,366.0,3660.0,2024-03-03
2024030301023974,MCHL,48,38,10.0,316.1,3161.0,2024-03-03
2024030304009118,GHL,41,65,100.0,144.3,14430.0,2024-03-03
2024030301023973,BNT,38,36,10.0,15007.0,150070.0,2024-03-03
2024030301023972,MAKAR,81,7,500.0,368.0,184000.0,2024-03-03
2024030304009117,API,19,43,150.0,175.8,26370.0,2024-03-03
2024030304009116,BARUN,47,6,194.0,242.3,47006.2,2024-03-03
2024030301023971,SRLI,4,34,10.0,420.0,4200.0,2024-03-03
2024030301023970,SRLI,4,50,10.0,420.0,4200.0,2024-03-03
2024030301023969,SRLI,4,55,10.0,420.0,4200.0,2024-03-03
2024030301023968,SRLI,4,6,10.0,418.0,4180.0,2024-03-03
2024030301023967,SRLI,4,16,10.0,418.0,4180.0,2024-03-03
2024030301023966,SRLI,4,48,10.0,417.0,4170.0,2024-03-03
2024030301023965,RNLI,44,59,12.0,418.0,5016.0,2024-03-03
2024030301023964,RNLI,44,26,10.0,418.0,4180.0,2024-03-03
2024030301023963,RNLI,44,57,10.0,418.0,4180.0,2024-03-03
2024030301023962,RNLI,44,43,10.0,418.0,4180.0,2024-03-03
2024030301023961,RNLI,44,58,10.0,418.0,4180.0,2024-03-03
2024030301023960,RNLI,44,57,10.0,417.0,4170.0,2024-03-03
2024030301023959,RNLI,44,57,10.0,417.0,4170.0,2024-03-03
2024030301023958,RNLI,44,39,10.0,417.0,4170.0,2024-03-03
2024030301023957,RNLI,44,38,10.0,416.5,4165.0,2024-03-03
2024030301023956,RNLI,44,22,394.0,416.0,163904.0,2024-03-03
2024030301023955,RNLI,44,22,514.0,416.0,213824.0,2024-03-03
2024030303006460,EDBL,65,41,174.0,335.1,58307.4,2024-03-03
2024030303006459,EDBL,17,41,50.0,335.3,16765.0,2024-03-03
2024030303006458,EDBL,17,41,100.0,335.3,33530.0,2024-03-03
2024030303006457,EDBL,6,41,62.0,335.3,20788.6,2024-03-03
2024030303006456,EDBL,4,41,100.0,335.4,33540.0,2024-03-03
2024030303006455,EDBL,39,41,15.0,335.4,5031.0,2024-03-03
2024030303006454,MNBBL,26,16,25.0,344.9,8622.5,2024-03-03
2024030303006453,EDBL,34,49,20.0,339.7,6794.0,2024-03-03
2024030301023954,NABIL,6,22,40.0,424.0,16960.0,2024-03-03
2024030301023953,ILI,58,6,10.0,505.1,5051.0,2024-03-03
2024030304009115,PRIN,18,68,500.0,739.9,369950.0,2024-03-03
2024030301023952,ILI,54,35,10.0,505.5,5055.0,2024-03-03
2024030301023951,MBJC,47,29,10.0,302.8,3028.0,2024-03-03
2024030301023950,SONA,17,19,20.0,452.8,9056.0,2024-03-03
2024030304009114,SPIL,44,39,648.0,715.2,463449.6,2024-03-03
2024030304009113,SPIL,45,39,424.0,716.0,303584.0,2024-03-03
2024030304009112,SPIL,49,39,428.0,716.1,306490.8,2024-03-03
2024030301023949,VLUCL,26,32,10.0,527.2,5272.0,2024-03-03
2024030301023948,CLI,32,36,10.0,421.0,4210.0,2024-03-03
2024030301023947,CLI,32,52,20.0,421.0,8420.0,2024-03-03
2024030303006452,MLBBL,13,22,10.0,785.0,7850.0,2024-03-03
2024030304009111,UMHL,22,74,447.0,252.8,113001.6,2024-03-03
2024030304009110,UMHL,22,58,98.0,252.7,24764.6,2024-03-03
2024030304009109,UMHL,22,6,100.0,252.7,25270.0,2024-03-03
2024030304009108,UMHL,22,17,288.0,252.0,72576.0,2024-03-03
2024030304009107,UMHL,22,42,406.0,250.0,101500.0,2024-03-03
2024030301023946,JBLB,34,33,20.0,1215.0,24300.0,2024-03-03
2024030301023945,JBLB,51,33,36.0,1215.0,43740.0,2024-03-03
2024030301023944,NICA,17,58,145.0,407.2,59044.0,2024-03-03
2024030301023943,NICA,22,58,30.0,407.5,12225.0,2024-03-03
2024030301023942,NICA,17,58,50.0,407.5,20375.0,2024-03-03
2024030301023941,SONA,58,13,1.0,452.0,452.0,2024-03-03
2024030303006451,MFIL,62,42,10.0,486.0,4860.0,2024-03-03
2024030304009106,NHDL,14,19,100.0,417.1,41710.0,2024-03-03
2024030303006450,SHINE,42,44,118.0,366.0,43188.0,2024-03-03
2024030303006449,SHINE,42,51,216.0,365.9,79034.4,2024-03-03
2024030303006448,SHINE,42,41,255.0,365.8,93279.0,2024-03-03
2024030303006447,SHINE,42,38,31.0,365.0,11315.0,2024-03-03
2024030303006446,SHINE,42,33,190.0,365.0,69350.0,2024-03-03
2024030303006445,SHINE,42,33,190.0,365.0,69350.0,2024-03-03
2024030303006444,SHINE,42,18,100.0,364.0,36400.0,2024-03-03
2024030303006443,SHINE,42,54,100.0,363.0,36300.0,2024-03-03
2024030301023940,DORDI,77,64,240.0,446.7,107208.0,2024-03-03
2024030301023939,DORDI,77,45,150.0,446.0,66900.0,2024-03-03
2024030301023938,DORDI,77,50,790.0,445.0,351550.0,2024-03-03
2024030301023937,DORDI,77,58,10.0,443.0,4430.0,2024-03-03
2024030301023936,DORDI,77,8,30.0,443.0,13290.0,2024-03-03
2024030301023935,DORDI,77,41,410.0,440.0,180400.0,2024-03-03
2024030301023934,DORDI,77,57,10.0,440.0,4400.0,2024-03-03
2024030301023933,DORDI,77,4,100.0,439.0,43900.0,2024-03-03
2024030301023932,DORDI,77,21,100.0,439.0,43900.0,2024-03-03
2024030301023931,DORDI,77,50,365.0,438.0,159870.0,2024-03-03
2024030304009105,AKJCL,34,55,50.0,211.5,10575.0,2024-03-03
2024030301023930,MSHL,64,35,40.0,593.0,23720.0,2024-03-03
2024030301023929,GBIME,42,19,50.0,181.4,9070.0,2024-03-03
2024030301023928,GBIME,42,50,500.0,181.4,90700.0,2024-03-03
2024030304009104,AHPC,48,14,100.0,176.2,17620.0,2024-03-03
2024030304009103,HPPL,28,36,50.0,264.5,13225.0,2024-03-03
2024030304009102,NGPL,72,40,147.0,289.9,42615.3,2024-03-03
2024030304009101,NGPL,4,40,153.0,289.9,44354.7,2024-03-03
2024030301023927,HDL,49,40,10.0,1472.0,14720.0,2024-03-03
2024030304009100,SHPC,62,42,12.0,339.9,4078.8,2024-03-03
2024030301023926,BPW,43,19,43.0,1212.1,52120.3,2024-03-03
2024030301023925,MEHL,42,22,10.0,284.0,2840.0,2024-03-03
2024030301023924,MEHL,42,45,10.0,283.0,2830.0,2024-03-03
2024030301023923,MEHL,42,16,10.0,282.1,2821.0,2024-03-03
2024030301023922,SMHL,18,45,20.0,446.0,8920.0,2024-03-03
2024030301023921,MMKJL,53,5,100.0,396.2,39620.0,2024-03-03
2024030301023920,MMKJL,34,5,76.0,397.0,30172.0,2024-03-03
2024030301023919,MMKJL,57,5,40.0,397.0,15880.0,2024-03-03
2024030301023918,MMKJL,45,5,50.0,397.1,19855.0,2024-03-03
2024030301023917,MMKJL,6,5,300.0,398.0,119400.0,2024-03-03
2024030301023916,MMKJL,53,5,30.0,398.1,11943.0,2024-03-03
2024030301023915,PRVU,17,50,10.0,140.5,1405.0,2024-03-03
2024030304009099,SGIC,19,39,70.0,490.0,34300.0,2024-03-03
2024030301023914,RNLI,26,32,10.0,414.1,4141.0,2024-03-03
2024030301023913,MBL,45,44,749.0,175.5,131449.5,2024-03-03
2024030301023912,SONA,56,19,100.0,452.8,45280.0,2024-03-03
2024030301023911,SONA,22,41,100.0,452.1,45210.0,2024-03-03
2024030305005470,HRL,36,1,84.0,595.2,49996.8,2024-03-03
2024030305005469,HRL,55,1,25.0,595.2,14880.0,2024-03-03
2024030305005468,HRL,19,1,70.0,595.2,41664.0,2024-03-03
2024030305005467,HRL,1,1,21.0,595.2,12499.2,2024-03-03
2024030301023910,CLI,28,1,19.0,420.1,7981.9,2024-03-03
2024030301023909,ULBSL,49,19,10.0,1105.0,11050.0,2024-03-03
2024030301023908,PRVU,58,50,140.0,140.5,19670.0,2024-03-03
2024030301023907,SHIVM,58,56,2267.0,472.0,1070024.0,2024-03-03
2024030301023906,NWCL,10,86,110.0,730.1,80311.0,2024-03-03
2024030301023905,NWCL,60,86,90.0,730.2,65718.0,2024-03-03
2024030301023904,SONA,49,41,690.0,452.1,311949.0,2024-03-03
2024030305005466,HRL,1,34,79.0,595.2,47020.8,2024-03-03
2024030305005465,HRL,52,34,10.0,595.2,5952.0,2024-03-03
2024030305005464,HRL,26,34,20.0,595.3,11906.0,2024-03-03
2024030305005463,HRL,34,34,30.0,595.3,17859.0,2024-03-03
2024030305005462,HRL,39,34,30.0,595.5,17865.0,2024-03-03
2024030305005461,HRL,16,34,70.0,595.5,41685.0,2024-03-03
2024030305005460,HRL,17,34,70.0,595.5,41685.0,2024-03-03
2024030305005459,HRL,48,34,91.0,595.6,54199.6,2024-03-03
2024030305005458,HRL,36,34,100.0,595.7,59570.0,2024-03-03
2024030305005457,HRL,45,34,10.0,596.0,5960.0,2024-03-03
2024030305005456,HRL,37,34,490.0,596.0,292040.0,2024-03-03
2024030303006442,GBLBS,34,58,10.0,530.0,5300.0,2024-03-03
2024030303006441,GBLBS,34,52,20.0,527.0,10540.0,2024-03-03
2024030304009098,KKHC,34,19,10.0,233.0,2330.0,2024-03-03
2024030304009097,KKHC,34,52,10.0,232.1,2321.0,2024-03-03
2024030301023903,MKCL,14,58,10.0,933.0,9330.0,2024-03-03
2024030301023902,MKCL,14,32,25.0,930.0,23250.0,2024-03-03
2024030301023901,MKCL,14,4,10.0,930.0,9300.0,2024-03-03
2024030301023900,MKCL,14,16,10.0,930.0,9300.0,2024-03-03
2024030304009096,NHPC,59,50,25.0,152.0,3800.0,2024-03-03
2024030301023899,SNLI,44,59,10.0,582.5,5825.0,2024-03-03
2024030301023898,MANDU,65,45,200.0,650.0,130000.0,2024-03-03
2024030305005455,BBC,49,34,16.0,3975.0,63600.0,2024-03-03
2024030304009095,JOSHI,72,45,200.0,337.0,67400.0,2024-03-03
2024030304009094,GLH,72,49,300.0,209.8,62940.0,2024-03-03
2024030301023897,CKHL,72,6,10.0,612.0,6120.0,2024-03-03
2024030301023896,SIKLES,48,36,20.0,463.2,9264.0,2024-03-03
2024030301023895,CKHL,22,57,10.0,611.0,6110.0,2024-03-03
2024030305005454,NIFRA,25,54,452.0,201.0,90852.0,2024-03-03
2024030303006440,MFIL,32,42,50.0,486.0,24300.0,2024-03-03
2024030303006439,MFIL,19,42,10.0,486.0,4860.0,2024-03-03
2024030304009093,GHL,28,3,10.0,145.0,1450.0,2024-03-03
2024030301023894,PPL,39,57,200.0,313.9,62780.0,2024-03-03
2024030301023893,PPL,39,44,300.0,313.0,93900.0,2024-03-03
2024030304009092,CHCL,50,17,51.0,455.6,23235.6,2024-03-03
2024030304009091,CHCL,50,74,79.0,453.0,35787.0,2024-03-03
2024030304009090,NHDL,50,21,20.0,424.0,8480.0,2024-03-03
2024030301023892,SCB,56,43,363.0,503.0,182589.0,2024-03-03
2024030303006438,MPFL,45,86,50.0,340.8,17040.0,2024-03-03
2024030301023891,ADBL,45,38,500.0,224.0,112000.0,2024-03-03
2024030301023890,ADBL,45,42,40.0,224.0,8960.0,2024-03-03
2024030301023889,ADBL,45,57,200.0,224.0,44800.0,2024-03-03
2024030301023888,ADBL,45,41,150.0,223.9,33585.0,2024-03-03
2024030304009089,CHL,7,66,12.0,282.0,3384.0,2024-03-03
2024030304009088,CHL,32,66,88.0,282.0,24816.0,2024-03-03
2024030301023887,TSHL,58,62,10.0,477.2,4772.0,2024-03-03
2024030304009087,UAIL,41,41,50.0,520.0,26000.0,2024-03-03
2024030304009086,SHL,17,54,100.0,429.0,42900.0,2024-03-03
2024030303006437,BFC,42,1,192.0,319.0,61248.0,2024-03-03
2024030303006436,BFC,42,42,30.0,319.0,9570.0,2024-03-03
2024030303006435,BFC,42,41,588.0,318.9,187513.2,2024-03-03
2024030303006434,BFC,42,34,190.0,318.0,60420.0,2024-03-03
2024030301023886,RNLI,26,42,10.0,414.1,4141.0,2024-03-03
2024030303006433,PFL,17,6,10.0,352.0,3520.0,2024-03-03
2024030301023885,JBLB,17,7,10.0,1219.0,12190.0,2024-03-03
2024030301023884,JBLB,42,7,20.0,1219.1,24382.0,2024-03-03
2024030301023883,NRM,36,61,207.0,341.5,70690.5,2024-03-03
2024030301023882,NRM,59,61,100.0,341.6,34160.0,2024-03-03
2024030301023881,NRM,37,61,500.0,343.0,171500.0,2024-03-03
2024030301023880,NRM,42,61,90.0,343.3,30897.0,2024-03-03
2024030301023879,NRM,38,61,500.0,343.4,171700.0,2024-03-03
2024030301023878,NRM,50,61,200.0,343.5,68700.0,2024-03-03
2024030301023877,NRM,34,61,50.0,344.0,17200.0,2024-03-03
2024030301023876,NRM,45,61,208.0,344.0,71552.0,2024-03-03
2024030301023875,NRM,19,61,100.0,344.1,34410.0,2024-03-03
2024030301023874,NRM,58,61,45.0,344.1,15484.5,2024-03-03
2024030301023873,TVCL,33,41,30.0,504.8,15144.0,2024-03-03
2024030301023872,SONA,49,41,200.0,452.1,90420.0,2024-03-03
2024030301023871,RNLI,26,58,10.0,414.1,4141.0,2024-03-03
2024030303006432,MLBL,48,68,1000.0,314.9,314900.0,2024-03-03
2024030301023870,SMHL,77,45,10.0,446.0,4460.0,2024-03-03
2024030301023869,SMHL,77,55,10.0,443.0,4430.0,2024-03-03
2024030304009085,JOSHI,34,45,20.0,337.0,6740.0,2024-03-03
2024030303006431,PFL,34,6,10.0,352.0,3520.0,2024-03-03
2024030301023868,CKHL,38,6,40.0,612.0,24480.0,2024-03-03
2024030304009084,NHPC,34,35,196.0,151.0,29596.0,2024-03-03
2024030301023867,CKHL,14,7,10.0,619.0,6190.0,2024-03-03
2024030304009083,AKJCL,45,55,50.0,212.0,10600.0,2024-03-03
2024030304009082,HURJA,50,56,40.0,282.0,11280.0,2024-03-03
2024030305005453,HRL,37,49,10.0,596.0,5960.0,2024-03-03
2024030303006430,CBBL,22,38,10.0,809.0,8090.0,2024-03-03
2024030304009081,IGI,42,7,70.0,513.0,35910.0,2024-03-03
2024030304009080,IGI,33,7,50.0,513.1,25655.0,2024-03-03
2024030304009079,IGI,62,7,100.0,513.7,51370.0,2024-03-03
2024030304009078,IGI,6,7,130.0,514.1,66833.0,2024-03-03
2024030304009077,IGI,57,7,20.0,514.2,10284.0,2024-03-03
2024030304009076,IGI,62,7,100.0,514.5,51450.0,2024-03-03
2024030301023866,HDL,58,40,15.0,1472.0,22080.0,2024-03-03
2024030301023865,HDL,58,22,10.0,1471.0,14710.0,2024-03-03
2024030303006429,GBBL,48,57,100.0,350.9,35090.0,2024-03-03
2024030305005452,NRN,57,62,10.0,517.0,5170.0,2024-03-03
2024030301023864,MEHL,8,42,50.0,280.2,14010.0,2024-03-03
2024030305005451,HRL,59,8,10.0,595.7,5957.0,2024-03-03
2024030305005450,HIDCL,53,26,300.0,168.9,50670.0,2024-03-03
2024030305005449,HIDCL,53,57,340.0,168.9,57426.0,2024-03-03
2024030301023863,MKCL,56,4,10.0,930.0,9300.0,2024-03-03
2024030303006428,GFCL,42,43,22.0,420.0,9240.0,2024-03-03
2024030303006427,GFCL,45,43,250.0,420.0,105000.0,2024-03-03
2024030303006426,GFCL,38,43,100.0,420.1,42010.0,2024-03-03
2024030303006425,GFCL,37,43,128.0,421.3,53926.4,2024-03-03
2024030304009075,UPPER,55,25,90.0,196.0,17640.0,2024-03-03
2024030304009074,UPPER,51,25,10.0,196.1,1961.0,2024-03-03
2024030303006424,SHINE,42,28,12.0,362.0,4344.0,2024-03-03
2024030304009073,UAIL,53,41,10.0,522.9,5229.0,2024-03-03
2024030301023862,NMB,5,21,35.0,175.6,6146.0,2024-03-03
2024030301023861,NMB,26,21,65.0,175.7,11420.5,2024-03-03
2024030305005448,NIFRA,25,65,11.0,201.0,2211.0,2024-03-03
2024030305005447,NIFRA,22,65,53.0,201.0,10653.0,2024-03-03
2024030304009072,AKPL,6,56,340.0,173.6,59024.0,2024-03-03
2024030301023860,HDL,55,45,100.0,1470.2,147020.0,2024-03-03
2024030301023859,MANDU,45,50,10.0,653.0,6530.0,2024-03-03
2024030305005446,NIFRA,22,45,50.0,201.0,10050.0,2024-03-03
2024030301023858,NABIL,45,51,50.0,423.8,21190.0,2024-03-03
2024030303006423,NABBC,51,45,10.0,405.0,4050.0,2024-03-03
2024030303006422,NABBC,51,49,10.0,404.9,4049.0,2024-03-03
2024030303006421,SABSL,49,57,10.0,569.0,5690.0,2024-03-03
2024030301023857,PRVU,42,46,100.0,140.5,14050.0,2024-03-03
2024030301023856,PRVU,42,46,150.0,140.5,21075.0,2024-03-03
2024030305005445,SMATA,58,21,10.0,580.0,5800.0,2024-03-03
2024030305005444,SMATA,58,21,10.0,580.0,5800.0,2024-03-03
2024030304009071,SPIL,36,66,10.0,719.0,7190.0,2024-03-03
2024030304009070,SPIL,36,57,20.0,718.0,14360.0,2024-03-03
2024030303006420,GMFBS,25,45,36.0,874.0,31464.0,2024-03-03
2024030303006419,GMFBS,25,50,14.0,863.0,12082.0,2024-03-03
2024030303006418,GMFBS,25,29,50.0,862.9,43145.0,2024-03-03
2024030303006417,SFCL,57,81,10.0,297.0,2970.0,2024-03-03
2024030301023855,RFPL,53,6,900.0,327.1,294390.0,2024-03-03
2024030301023854,RFPL,17,6,100.0,327.2,32720.0,2024-03-03
2024030301023853,MSHL,6,35,10.0,599.0,5990.0,2024-03-03
2024030304009069,HEI,49,55,1088.0,541.0,588608.0,2024-03-03
2024030304009068,HEI,84,55,442.0,541.1,239166.2,2024-03-03
2024030305005443,NTC,32,5,22.0,831.0,18282.0,2024-03-03
2024030301023852,NIMB,22,34,100.0,160.5,16050.0,2024-03-03
2024030301023851,AVYAN,66,42,10.0,588.0,5880.0,2024-03-03
2024030304009067,JOSHI,74,58,2649.0,336.0,890064.0,2024-03-03
2024030305005442,HRL,42,35,68.0,596.1,40534.8,2024-03-03
2024030303006416,GUFL,6,58,100.0,581.0,58100.0,2024-03-03
2024030303006415,NLIC,41,16,80.0,588.1,47048.0,2024-03-03
2024030303006414,NLIC,50,16,20.0,588.2,11764.0,2024-03-03
2024030301023850,MKHC,5,34,10.0,278.9,2789.0,2024-03-03
2024030301023849,MKHC,5,1,80.0,276.0,22080.0,2024-03-03
2024030301023848,BHPL,59,51,10.0,474.4,4744.0,2024-03-03
2024030305005441,HRL,42,4,10.0,596.1,5961.0,2024-03-03
2024030305005440,HRL,42,38,20.0,596.1,11922.0,2024-03-03
2024030301023847,ADBL,34,42,375.0,223.1,83662.5,2024-03-03
2024030301023846,ADBL,1,42,200.0,223.3,44660.0,2024-03-03
2024030301023845,ADBL,42,42,10.0,223.5,2235.0,2024-03-03
2024030301023844,ADBL,14,42,170.0,223.5,37995.0,2024-03-03
2024030301023843,ADBL,46,42,30.0,223.6,6708.0,2024-03-03
2024030301023842,HATHY,42,55,39.0,842.2,32845.8,2024-03-03
2024030304009066,UAIL,41,44,90.0,520.0,46800.0,2024-03-03
2024030304009065,UAIL,42,44,10.0,520.0,5200.0,2024-03-03
2024030301023841,CLI,28,44,291.0,420.1,122249.1,2024-03-03
2024030301023840,CLI,56,44,61.0,420.1,25626.1,2024-03-03
2024030301023839,CLI,42,44,78.0,420.2,32775.6,2024-03-03
2024030301023838,CLI,40,44,70.0,420.9,29463.0,2024-03-03
2024030305005439,HRL,48,49,120.0,595.6,71472.0,2024-03-03
2024030305005438,HRL,42,49,10.0,595.7,5957.0,2024-03-03
2024030305005437,HRL,39,49,40.0,596.0,23840.0,2024-03-03
2024030304009064,NGPL,4,36,432.0,289.9,125236.8,2024-03-03
2024030301023837,SONA,49,58,10.0,452.1,4521.0,2024-03-03
2024030301023836,NICA,58,14,10.0,408.0,4080.0,2024-03-03
2024030301023835,JBLB,4,49,25.0,1220.0,30500.0,2024-03-03
2024030304009063,BARUN,17,44,12.0,244.0,2928.0,2024-03-03
2024030304009062,BARUN,17,58,10.0,242.6,2426.0,2024-03-03
2024030305005436,HRL,39,56,10.0,596.0,5960.0,2024-03-03
2024030305005435,HRL,39,48,10.0,596.0,5960.0,2024-03-03
2024030301023834,SONA,21,17,472.0,453.0,213816.0,2024-03-03
2024030301023833,SONA,21,45,10.0,453.0,4530.0,2024-03-03
2024030301023832,SONA,21,4,10.0,453.0,4530.0,2024-03-03
2024030301023831,SONA,21,13,488.0,452.9,221015.2,2024-03-03
2024030301023830,SONA,21,25,20.0,452.8,9056.0,2024-03-03
2024030301023829,MHCL,69,22,10.0,479.4,4794.0,2024-03-03
2024030301023828,NICA,8,45,100.0,407.5,40750.0,2024-03-03
2024030303006413,ACLBSL,56,43,10.0,600.0,6000.0,2024-03-03
2024030304009061,JOSHI,18,45,500.0,337.0,168500.0,2024-03-03
2024030303006412,VLBS,62,68,70.0,580.0,40600.0,2024-03-03
2024030301023827,SRLI,4,49,10.0,416.0,4160.0,2024-03-03
2024030301023826,SRLI,4,45,10.0,416.0,4160.0,2024-03-03
2024030304009060,SICL,56,11,50.0,683.0,34150.0,2024-03-03
2024030304009059,SICL,1,11,50.0,683.0,34150.0,2024-03-03
2024030301023825,NIMB,38,39,11.0,160.2,1762.2,2024-03-03
2024030301023824,MHCL,39,45,750.0,490.0,367500.0,2024-03-03
2024030301023823,MHCL,39,58,150.0,489.6,73440.0,2024-03-03
2024030301023822,MHCL,39,49,100.0,489.0,48900.0,2024-03-03
2024030301023821,SMJC,60,42,120.0,362.2,43464.0,2024-03-03
2024030301023820,PHCL,25,62,50.0,298.0,14900.0,2024-03-03
2024030301023819,SHLB,57,41,10.0,870.9,8709.0,2024-03-03
2024030301023818,SHLB,57,33,10.0,856.8,8568.0,2024-03-03
2024030301023817,SHLB,57,41,10.0,855.7,8557.0,2024-03-03
2024030305005434,CIT,58,57,10.0,2052.0,20520.0,2024-03-03
2024030301023816,MBL,51,58,20.0,176.0,3520.0,2024-03-03
2024030303006411,SLBSL,58,48,150.0,775.3,116295.0,2024-03-03
2024030303006410,SLBSL,58,11,50.0,775.0,38750.0,2024-03-03
2024030303006409,SLBSL,58,41,30.0,773.0,23190.0,2024-03-03
2024030301023815,PCBL,36,6,263.0,186.0,48918.0,2024-03-03
2024030301023814,PCBL,28,6,10.0,186.0,1860.0,2024-03-03
2024030301023813,PCBL,53,6,50.0,186.0,9300.0,2024-03-03
2024030301023812,PCBL,53,6,50.0,186.0,9300.0,2024-03-03
2024030301023811,PCBL,1,6,18.0,186.0,3348.0,2024-03-03
2024030301023810,PCBL,17,6,240.0,186.0,44640.0,2024-03-03
2024030301023809,IHL,34,58,20.0,335.0,6700.0,2024-03-03
2024030303006408,GBLBS,34,22,10.0,526.9,5269.0,2024-03-03
2024030303006407,GBLBS,34,22,10.0,525.0,5250.0,2024-03-03
2024030303006406,GBLBS,34,22,10.0,525.0,5250.0,2024-03-03
2024030304009058,NHPC,34,59,190.0,151.0,28690.0,2024-03-03
2024030304009057,NHPC,46,59,300.0,151.1,45330.0,2024-03-03
2024030304009056,NHPC,49,59,10.0,151.2,1512.0,2024-03-03
2024030301023808,CITY,61,39,50.0,565.0,28250.0,2024-03-03
2024030304009055,CHCL,8,74,20.0,453.0,9060.0,2024-03-03
2024030301023807,RNLI,44,22,304.0,416.0,126464.0,2024-03-03
2024030301023806,RNLI,44,42,459.0,415.9,190898.1,2024-03-03
2024030301023805,RNLI,44,49,10.0,415.0,4150.0,2024-03-03
2024030301023804,RNLI,44,58,10.0,415.0,4150.0,2024-03-03
2024030301023803,RNLI,44,4,207.0,415.0,85905.0,2024-03-03
2024030301023802,RNLI,44,35,10.0,414.9,4149.0,2024-03-03
2024030303006405,FMDBL,44,43,10.0,569.9,5699.0,2024-03-03
2024030301023801,BGWT,65,56,112.0,565.0,63280.0,2024-03-03
2024030301023800,BGWT,65,59,100.0,565.0,56500.0,2024-03-03
2024030301023799,BGWT,65,58,150.0,565.0,84750.0,2024-03-03
2024030301023798,BGWT,65,48,48.0,565.0,27120.0,2024-03-03
2024030301023797,BGWT,65,42,10.0,559.0,5590.0,2024-03-03
2024030301023796,BGWT,65,74,30.0,559.0,16770.0,2024-03-03
2024030301023795,BGWT,65,47,100.0,558.9,55890.0,2024-03-03
2024030301023794,GCIL,29,42,70.0,488.0,34160.0,2024-03-03
2024030304009054,BARUN,47,22,200.0,242.3,48460.0,2024-03-03
2024030301023793,ULBSL,49,25,10.0,1096.0,10960.0,2024-03-03
2024030301023792,VLUCL,49,42,100.0,528.0,52800.0,2024-03-03
2024030301023791,EHPL,60,66,20.0,429.9,8598.0,2024-03-03
2024030305005433,HRL,59,17,87.0,596.0,51852.0,2024-03-03
2024030305005432,HRL,59,55,10.0,596.0,5960.0,2024-03-03
2024030305005431,HRL,59,42,10.0,596.0,5960.0,2024-03-03
2024030305005430,HRL,59,38,10.0,596.0,5960.0,2024-03-03
2024030301023790,SCB,11,43,100.0,503.0,50300.0,2024-03-03
2024030305005429,HRL,59,16,23.0,596.0,13708.0,2024-03-03
2024030301023789,CZBIL,38,21,10.0,161.0,1610.0,2024-03-03
2024030301023788,ULHC,38,59,10.0,310.0,3100.0,2024-03-03
2024030301023787,ULHC,38,71,20.0,310.0,6200.0,2024-03-03
2024030301023786,ULHC,38,28,10.0,310.0,3100.0,2024-03-03
2024030301023785,ULHC,38,49,20.0,308.7,6174.0,2024-03-03
2024030301023784,ULHC,38,52,10.0,308.0,3080.0,2024-03-03
2024030301023783,ULHC,38,37,100.0,307.0,30700.0,2024-03-03
2024030301023782,ULHC,38,49,10.0,307.0,3070.0,2024-03-03
2024030301023781,ULHC,38,34,10.0,306.0,3060.0,2024-03-03
2024030301023780,ULHC,38,42,210.0,306.0,64260.0,2024-03-03
2024030301023779,ULHC,38,6,100.0,305.0,30500.0,2024-03-03
2024030301023778,CKHL,38,75,160.0,612.0,97920.0,2024-03-03
2024030301023777,MBL,22,46,10.0,176.8,1768.0,2024-03-03
2024030303006404,GMFIL,42,33,45.0,333.2,14994.0,2024-03-03
2024030303006403,GMFIL,13,33,20.0,333.2,6664.0,2024-03-03
2024030303006402,GMFIL,16,33,25.0,333.5,8337.5,2024-03-03
2024030301023776,NRM,43,38,90.0,344.7,31023.0,2024-03-03
2024030301023775,BEDC,58,34,110.0,334.0,36740.0,2024-03-03
2024030301023774,BEDC,45,34,290.0,334.0,96860.0,2024-03-03
2024030301023773,BEDC,42,34,40.0,336.0,13440.0,2024-03-03
2024030304009053,LEC,11,69,130.0,181.0,23530.0,2024-03-03
2024030304009052,LEC,11,32,270.0,180.0,48600.0,2024-03-03
2024030301023772,NBL,33,53,50.0,214.0,10700.0,2024-03-03
2024030304009051,SSHL,33,42,73.0,158.0,11534.0,2024-03-03
2024030304009050,SSHL,32,42,150.0,158.0,23700.0,2024-03-03
2024030304009049,SSHL,17,42,150.0,158.0,23700.0,2024-03-03
2024030304009048,SSHL,45,42,50.0,158.0,7900.0,2024-03-03
2024030304009047,SSHL,38,42,100.0,158.0,15800.0,2024-03-03
2024030304009046,SSHL,36,42,1000.0,158.0,158000.0,2024-03-03
2024030304009045,SSHL,43,42,100.0,158.0,15800.0,2024-03-03
2024030304009044,SSHL,5,42,100.0,158.0,15800.0,2024-03-03
2024030304009043,SSHL,42,42,22.0,158.0,3476.0,2024-03-03
2024030304009042,SSHL,36,42,125.0,158.0,19750.0,2024-03-03
2024030304009041,SSHL,47,42,100.0,158.1,15810.0,2024-03-03
2024030304009040,SSHL,57,42,200.0,158.1,31620.0,2024-03-03
2024030304009039,SSHL,22,42,30.0,158.1,4743.0,2024-03-03
2024030304009038,SSHL,58,42,600.0,158.2,94920.0,2024-03-03
2024030304009037,SSHL,54,42,200.0,158.2,31640.0,2024-03-03
2024030304009036,SSHL,26,42,1000.0,158.3,158300.0,2024-03-03
2024030301023771,MHL,6,44,10.0,367.0,3670.0,2024-03-03
2024030301023770,MHL,6,44,10.0,367.1,3671.0,2024-03-03
2024030304009035,JOSHI,44,45,500.0,337.0,168500.0,2024-03-03
2024030301023769,TAMOR,88,81,40.0,375.0,15000.0,2024-03-03
2024030301023768,TAMOR,88,26,10.0,374.0,3740.0,2024-03-03
2024030301023767,TAMOR,88,33,100.0,373.5,37350.0,2024-03-03
2024030301023766,SONA,49,50,100.0,452.1,45210.0,2024-03-03
2024030301023765,IHL,38,58,10.0,335.0,3350.0,2024-03-03
2024030301023764,IHL,38,58,10.0,333.0,3330.0,2024-03-03
2024030303006401,ALBSL,36,42,10.0,632.4,6324.0,2024-03-03
2024030303006400,ALBSL,36,44,10.0,631.0,6310.0,2024-03-03
2024030304009034,HURJA,50,25,183.0,282.0,51606.0,2024-03-03
2024030301023763,NWCL,60,42,10.0,730.2,7302.0,2024-03-03
2024030303006399,ICFC,4,35,50.0,463.0,23150.0,2024-03-03
2024030301023762,VLUCL,58,42,86.0,528.0,45408.0,2024-03-03
2024030304009033,CHL,32,14,100.0,282.0,28200.0,2024-03-03
2024030304009032,CHL,65,14,100.0,282.1,28210.0,2024-03-03
2024030301023761,SMHL,69,45,30.0,446.0,13380.0,2024-03-03
2024030301023760,UHEWA,32,26,10.0,339.7,3397.0,2024-03-03
2024030301023759,UHEWA,32,41,10.0,339.1,3391.0,2024-03-03
2024030301023758,UHEWA,32,55,10.0,339.0,3390.0,2024-03-03
2024030301023757,UHEWA,32,11,10.0,339.0,3390.0,2024-03-03
2024030301023756,UHEWA,32,45,10.0,339.0,3390.0,2024-03-03
2024030301023755,UHEWA,32,58,10.0,338.0,3380.0,2024-03-03
2024030301023754,UHEWA,32,62,50.0,338.0,16900.0,2024-03-03
2024030301023753,UHEWA,32,35,10.0,335.0,3350.0,2024-03-03
2024030301023752,UHEWA,32,38,10.0,334.0,3340.0,2024-03-03
2024030304009031,UMHL,44,42,10.0,250.0,2500.0,2024-03-03
2024030301023751,VLUCL,48,42,20.0,528.0,10560.0,2024-03-03
2024030301023750,VLUCL,49,42,190.0,528.0,100320.0,2024-03-03
2024030301023749,BEDC,42,45,10.0,336.0,3360.0,2024-03-03
2024030301023748,BEDC,42,59,10.0,335.0,3350.0,2024-03-03
2024030301023747,EBL,1,44,253.0,492.0,124476.0,2024-03-03
2024030301023746,EBL,1,36,20.0,491.9,9838.0,2024-03-03
2024030301023745,EBL,1,38,100.0,490.0,49000.0,2024-03-03
2024030303006398,PROFL,46,53,15.0,304.0,4560.0,2024-03-03
2024030304009030,NIL,1,25,56.0,779.2,43635.2,2024-03-03
2024030303006397,CFCL,20,57,20.0,322.0,6440.0,2024-03-03
2024030303006396,CFCL,39,57,28.0,322.0,9016.0,2024-03-03
2024030304009029,SPDL,74,58,70.0,239.1,16737.0,2024-03-03
2024030301023744,NRM,45,58,10.0,344.0,3440.0,2024-03-03
2024030303006395,SJLIC,34,33,50.0,446.0,22300.0,2024-03-03
2024030303006394,BFC,53,34,10.0,318.8,3188.0,2024-03-03
2024030301023743,PPL,21,22,10.0,313.0,3130.0,2024-03-03
2024030303006393,SFCL,45,38,200.0,293.2,58640.0,2024-03-03
2024030301023742,SMJC,37,62,100.0,364.9,36490.0,2024-03-03
2024030303006392,PMLI,42,58,90.0,485.0,43650.0,2024-03-03
2024030301023741,SMH,54,46,220.0,649.0,142780.0,2024-03-03
2024030301023740,PHCL,25,26,10.0,295.0,2950.0,2024-03-03
2024030301023739,SMHL,77,45,10.0,446.0,4460.0,2024-03-03
2024030301023738,SMHL,77,65,10.0,445.0,4450.0,2024-03-03
2024030301023737,GBIME,35,50,100.0,181.4,18140.0,2024-03-03
2024030305005428,HIDCL,53,35,20.0,168.0,3360.0,2024-03-03
2024030305005427,HIDCL,53,11,30.0,167.9,5037.0,2024-03-03
2024030305005426,HIDCL,53,48,25.0,167.0,4175.0,2024-03-03
2024030305005425,HIDCL,53,41,185.0,166.7,30839.5,2024-03-03
2024030303006391,NFS,32,95,10.0,336.0,3360.0,2024-03-03
2024030301023736,EBL,32,38,50.0,490.0,24500.0,2024-03-03
2024030304009028,KPCL,50,14,10.0,410.0,4100.0,2024-03-03
2024030303006390,MSLB,55,13,30.0,814.0,24420.0,2024-03-03
2024030303006389,MSLB,52,13,10.0,814.1,8141.0,2024-03-03
2024030301023735,SHIVM,41,56,50.0,472.0,23600.0,2024-03-03
2024030301023734,SHIVM,57,56,200.0,472.0,94400.0,2024-03-03
2024030301023733,SHIVM,58,56,85.0,472.0,40120.0,2024-03-03
2024030303006388,ALICL,22,58,50.0,545.9,27295.0,2024-03-03
2024030303006387,MERO,29,41,25.0,517.9,12947.5,2024-03-03
2024030301023732,BNT,38,66,10.0,15005.0,150050.0,2024-03-03
2024030301023731,MEHL,8,19,100.0,280.2,28020.0,2024-03-03
2024030301023730,NRM,45,58,10.0,344.0,3440.0,2024-03-03
2024030301023729,MKHL,34,49,10.0,356.0,3560.0,2024-03-03
2024030301023728,MKHL,34,14,10.0,355.0,3550.0,2024-03-03
2024030301023727,MKHL,34,42,10.0,355.0,3550.0,2024-03-03
2024030301023726,MKHL,34,58,25.0,355.0,8875.0,2024-03-03
2024030301023725,MKHL,34,35,35.0,354.6,12411.0,2024-03-03
2024030301023724,MKHL,34,35,35.0,354.0,12390.0,2024-03-03
2024030301023723,MKHL,34,87,10.0,354.0,3540.0,2024-03-03
2024030301023722,MKHL,34,34,10.0,353.0,3530.0,2024-03-03
2024030301023721,MKHL,34,17,50.0,352.0,17600.0,2024-03-03
2024030304009027,UNHPL,32,14,30.0,237.2,7116.0,2024-03-03
2024030303006386,CORBL,14,16,10.0,408.0,4080.0,2024-03-03
2024030304009026,JOSHI,52,45,40.0,337.0,13480.0,2024-03-03
2024030301023720,GVL,52,69,10.0,414.0,4140.0,2024-03-03
2024030301023719,GVL,52,36,10.0,413.8,4138.0,2024-03-03
2024030301023718,HATHY,42,55,28.0,844.0,23632.0,2024-03-03
2024030303006385,KSBBL,57,32,50.0,332.0,16600.0,2024-03-03
2024030304009025,HURJA,38,56,300.0,282.1,84630.0,2024-03-03
2024030304009024,BPCL,42,48,50.0,301.0,15050.0,2024-03-03
2024030303006384,MERO,6,49,15.0,512.7,7690.5,2024-03-03
2024030303006383,MPFL,43,38,26.0,340.0,8840.0,2024-03-03
2024030301023717,SONA,48,54,10.0,452.0,4520.0,2024-03-03
2024030301023716,SMHL,77,18,10.0,442.0,4420.0,2024-03-03
2024030301023715,SMHL,77,18,20.0,443.0,8860.0,2024-03-03
2024030301023714,ILI,35,35,33.0,505.0,16665.0,2024-03-03
2024030301023713,ILI,11,35,30.0,505.0,15150.0,2024-03-03
2024030301023712,ILI,48,35,17.0,505.0,8585.0,2024-03-03
2024030303006382,ICFC,4,1,200.0,463.0,92600.0,2024-03-03
2024030301023711,MHCL,39,49,150.0,489.0,73350.0,2024-03-03
2024030301023710,MHCL,39,34,200.0,488.9,97780.0,2024-03-03
2024030301023709,MHCL,39,14,10.0,482.0,4820.0,2024-03-03
2024030301023708,MHCL,39,59,450.0,481.0,216450.0,2024-03-03
2024030301023707,MHCL,39,6,190.0,480.0,91200.0,2024-03-03
2024030301023706,DORDI,33,50,100.0,438.0,43800.0,2024-03-03
2024030301023705,DORDI,11,50,35.0,438.0,15330.0,2024-03-03
2024030301023704,ILI,48,38,33.0,505.0,16665.0,2024-03-03
2024030301023703,ILI,58,38,20.0,505.0,10100.0,2024-03-03
2024030301023702,ILI,33,38,47.0,505.0,23735.0,2024-03-03
2024030301023701,MKLB,38,22,11.0,730.0,8030.0,2024-03-03
2024030303006381,CORBL,42,57,1000.0,407.9,407900.0,2024-03-03
2024030304009023,NGPL,4,41,150.0,289.9,43485.0,2024-03-03
2024030301023700,NBL,33,43,12.0,214.0,2568.0,2024-03-03
2024030301023699,NBL,7,43,63.0,214.0,13482.0,2024-03-03
2024030301023698,NBL,45,43,25.0,214.1,5352.5,2024-03-03
2024030301023697,CYCL,77,3,11.0,1230.0,13530.0,2024-03-03
2024030301023696,CYCL,77,41,39.0,1229.0,47931.0,2024-03-03
2024030301023695,SGHC,77,42,290.0,301.0,87290.0,2024-03-03
2024030301023694,SGHC,77,56,200.0,300.9,60180.0,2024-03-03
2024030301023693,SGHC,77,58,10.0,299.0,2990.0,2024-03-03
2024030301023692,SNLI,19,19,20.0,583.0,11660.0,2024-03-03
2024030303006380,MFIL,19,38,380.0,486.0,184680.0,2024-03-03
2024030301023691,TPC,88,49,10.0,528.0,5280.0,2024-03-03
2024030301023690,TPC,88,7,20.0,527.9,10558.0,2024-03-03
2024030301023689,MKLB,87,42,12.0,723.3,8679.6,2024-03-03
2024030301023688,EBL,42,70,10.0,490.0,4900.0,2024-03-03
2024030301023687,SNLI,29,59,10.0,582.6,5826.0,2024-03-03
2024030301023686,USHEC,38,21,10.0,343.0,3430.0,2024-03-03
2024030305005424,NRN,74,62,10.0,517.0,5170.0,2024-03-03
2024030301023685,SHIVM,38,17,10.0,472.9,4729.0,2024-03-03
2024030301023684,MKJC,29,38,50.0,477.0,23850.0,2024-03-03
2024030301023683,DLBS,87,39,10.0,810.0,8100.0,2024-03-03
2024030301023682,SHIVM,58,45,100.0,472.0,47200.0,2024-03-03
2024030301023681,SHIVM,56,45,200.0,472.2,94440.0,2024-03-03
2024030301023680,ULBSL,49,6,10.0,1096.0,10960.0,2024-03-03
2024030301023679,BGWT,65,42,500.0,557.0,278500.0,2024-03-03
2024030303006379,VLBS,62,57,20.0,580.0,11600.0,2024-03-03
2024030301023678,AHL,18,45,10.0,428.0,4280.0,2024-03-03
2024030301023677,AHL,18,4,10.0,425.0,4250.0,2024-03-03
2024030304009022,NGPL,4,57,50.0,289.9,14495.0,2024-03-03
2024030301023676,RHGCL,45,14,60.0,277.3,16638.0,2024-03-03
2024030301023675,RHGCL,39,14,30.0,277.4,8322.0,2024-03-03
2024030301023674,RHGCL,18,14,100.0,278.0,27800.0,2024-03-03
2024030301023673,RHGCL,17,14,10.0,278.0,2780.0,2024-03-03
2024030305005423,HRL,45,16,20.0,596.1,11922.0,2024-03-03
2024030301023672,HIDCLP,28,55,1990.0,100.4,199796.0,2024-03-03
2024030305005422,LUK,17,49,500.0,8.16,4080.0,2024-03-03
2024030301023671,MMKJL,7,59,10.0,401.0,4010.0,2024-03-03
2024030301023670,NWCL,10,32,170.0,730.1,124117.0,2024-03-03
2024030304009021,AKPL,6,21,2000.0,173.6,347200.0,2024-03-03
2024030303006378,GFCL,13,56,200.0,423.0,84600.0,2024-03-03
2024030305005421,HRL,56,41,100.0,596.4,59640.0,2024-03-03
2024030301023669,MEHL,8,38,10.0,280.2,2802.0,2024-03-03
2024030301023668,BPW,39,49,10.0,1212.1,12121.0,2024-03-03
2024030301023667,NICA,19,14,29.0,408.0,11832.0,2024-03-03
2024030301023666,NICA,19,45,51.0,407.5,20782.5,2024-03-03
2024030304009020,SPIL,45,57,76.0,716.0,54416.0,2024-03-03
2024030305005420,HRL,45,6,10.0,596.1,5961.0,2024-03-03
2024030304009019,UAIL,42,14,40.0,520.0,20800.0,2024-03-03
2024030304009018,UAIL,38,14,10.0,520.0,5200.0,2024-03-03
2024030304009017,UAIL,34,14,50.0,520.1,26005.0,2024-03-03
2024030301023665,ANLB,64,58,10.0,1900.0,19000.0,2024-03-03
2024030301023664,NABIL,58,22,58.0,424.0,24592.0,2024-03-03
2024030305005419,NIFRA,22,41,145.0,201.0,29145.0,2024-03-03
2024030305005418,NIFRA,32,41,100.0,201.0,20100.0,2024-03-03
2024030305005417,NIFRA,80,41,106.0,201.0,21306.0,2024-03-03
2024030305005416,NIFRA,22,41,10.0,201.0,2010.0,2024-03-03
2024030305005415,NIFRA,26,41,100.0,201.1,20110.0,2024-03-03
2024030305005414,NIFRA,62,41,39.0,201.1,7842.9,2024-03-03
2024030304009016,HDHPC,11,56,181.0,136.5,24706.5,2024-03-03
2024030303006377,SIFC,42,43,159.0,343.2,54568.8,2024-03-03
2024030303006376,SIFC,59,43,300.0,344.2,103260.0,2024-03-03
2024030303006375,SIFC,13,43,20.0,344.3,6886.0,2024-03-03
2024030303006374,SIFC,41,43,21.0,345.3,7251.3,2024-03-03
2024030303006373,MNBBL,42,16,30.0,344.9,10347.0,2024-03-03
2024030303006372,MNBBL,46,14,145.0,344.0,49880.0,2024-03-03
2024030303006371,MNBBL,55,14,15.0,344.0,5160.0,2024-03-03
2024030303006370,MNBBL,35,14,115.0,344.0,39560.0,2024-03-03
2024030303006369,MNBBL,58,14,15.0,344.2,5163.0,2024-03-03
2024030304009015,GHL,41,56,190.0,144.0,27360.0,2024-03-03
2024030301023663,SNLI,29,11,10.0,582.6,5826.0,2024-03-03
2024030305005413,NTC,25,7,10.0,829.0,8290.0,2024-03-03
2024030304009014,NICL,59,45,50.0,806.0,40300.0,2024-03-03
2024030304009013,NGPL,49,7,350.0,290.0,101500.0,2024-03-03
2024030305005412,HRL,45,57,10.0,596.1,5961.0,2024-03-03
2024030303006368,NADEP,34,26,10.0,507.9,5079.0,2024-03-03
2024030304009012,DHPL,59,19,39.0,190.0,7410.0,2024-03-03
2024030304009011,DHPL,59,11,61.0,190.0,11590.0,2024-03-03
2024030304009010,SHEL,57,56,145.0,205.0,29725.0,2024-03-03
2024030304009009,SHEL,14,56,15.0,205.3,3079.5,2024-03-03
2024030301023662,NRM,45,22,29.0,344.0,9976.0,2024-03-03
2024030303006367,GFCL,37,7,47.0,421.3,19801.1,2024-03-03
2024030301023661,DORDI,11,45,465.0,438.0,203670.0,2024-03-03
2024030301023660,DORDI,33,45,75.0,438.0,32850.0,2024-03-03
2024030301023659,DORDI,77,45,10.0,439.9,4399.0,2024-03-03
2024030301023658,SONA,48,36,40.0,452.0,18080.0,2024-03-03
2024030301023657,SHIVM,58,25,815.0,472.0,384680.0,2024-03-03
2024030301023656,SHIVM,52,25,25.0,472.0,11800.0,2024-03-03
2024030301023655,SHIVM,4,25,15.0,472.0,7080.0,2024-03-03
2024030301023654,SHIVM,25,25,145.0,472.0,68440.0,2024-03-03
2024030303006366,USLB,29,52,83.0,1085.0,90055.0,2024-03-03
2024030304009008,RIDI,42,66,219.0,180.5,39529.5,2024-03-03
2024030305005411,CIT,41,19,10.0,2051.0,20510.0,2024-03-03
2024030305005410,CIT,47,19,30.0,2051.0,61530.0,2024-03-03
2024030301023653,RNLI,26,25,10.0,414.1,4141.0,2024-03-03
2024030301023652,GBIME,56,42,100.0,181.0,18100.0,2024-03-03
2024030301023651,NWCL,10,39,41.0,730.1,29934.1,2024-03-03
2024030301023650,NWCL,16,39,10.0,730.1,7301.0,2024-03-03
2024030301023649,NWCL,45,39,180.0,730.2,131436.0,2024-03-03
2024030301023648,ULHC,72,69,100.0,304.0,30400.0,2024-03-03
2024030301023647,HDL,53,65,92.0,1472.0,135424.0,2024-03-03
2024030301023646,HDL,53,5,13.0,1472.0,19136.0,2024-03-03
2024030305005409,HRL,45,41,10.0,596.1,5961.0,2024-03-03
2024030305005408,HRL,45,38,30.0,596.1,17883.0,2024-03-03
2024030301023645,CYCL,77,41,11.0,1229.0,13519.0,2024-03-03
2024030301023644,CYCL,77,6,13.0,1225.0,15925.0,2024-03-03
2024030301023643,CYCL,77,59,100.0,1161.6,116160.0,2024-03-03
2024030301023642,CYCL,77,33,50.0,1161.6,58080.0,2024-03-03
2024030301023641,CYCL,77,7,70.0,1161.0,81270.0,2024-03-03
2024030301023640,CYCL,77,42,100.0,1160.0,116000.0,2024-03-03
2024030301023639,CYCL,77,45,10.0,1156.6,11566.0,2024-03-03
2024030301023638,CYCL,77,62,100.0,1155.0,115500.0,2024-03-03
2024030301023637,CYCL,77,35,60.0,1155.0,69300.0,2024-03-03
2024030301023636,CYCL,77,35,10.0,1155.0,11550.0,2024-03-03
2024030301023635,CYCL,77,57,30.0,1155.0,34650.0,2024-03-03
2024030301023634,CYCL,77,38,300.0,1154.0,346200.0,2024-03-03
2024030301023633,CYCL,77,14,10.0,1154.0,11540.0,2024-03-03
2024030301023632,CYCL,77,4,13.0,1152.9,14987.7,2024-03-03
2024030301023631,CYCL,77,44,10.0,1152.5,11525.0,2024-03-03
2024030301023630,CYCL,77,36,10.0,1152.0,11520.0,2024-03-03
2024030301023629,CYCL,77,47,13.0,1152.0,14976.0,2024-03-03
2024030301023628,CYCL,77,22,32.0,1152.0,36864.0,2024-03-03
2024030301023627,CYCL,77,7,100.0,1150.0,115000.0,2024-03-03
2024030301023626,CYCL,77,48,450.0,1150.0,517500.0,2024-03-03
2024030301023625,CYCL,77,58,13.0,1150.0,14950.0,2024-03-03
2024030301023624,CYCL,77,3,10.0,1150.0,11500.0,2024-03-03
2024030301023623,CYCL,77,39,10.0,1150.0,11500.0,2024-03-03
2024030301023622,CYCL,77,16,225.0,1149.0,258525.0,2024-03-03
2024030301023621,CYCL,77,13,10.0,1142.0,11420.0,2024-03-03
2024030301023620,CYCL,77,36,10.0,1142.0,11420.0,2024-03-03
2024030301023619,CYCL,77,32,10.0,1141.0,11410.0,2024-03-03
2024030301023618,CYCL,77,4,10.0,1140.0,11400.0,2024-03-03
2024030301023617,CYCL,77,62,200.0,1140.0,228000.0,2024-03-03
2024030301023616,CYCL,77,55,10.0,1140.0,11400.0,2024-03-03
2024030301023615,CYCL,77,57,13.0,1140.0,14820.0,2024-03-03
2024030301023614,CYCL,77,59,77.0,1138.9,87695.3,2024-03-03
2024030301023613,CYCL,77,53,10.0,1138.0,11380.0,2024-03-03
2024030301023612,MHCL,26,6,50.0,480.0,24000.0,2024-03-03
2024030301023611,SAMAJ,5,45,10.0,1690.0,16900.0,2024-03-03
2024030304009007,SHPC,62,11,100.0,335.9,33590.0,2024-03-03
2024030301023610,MBJC,50,34,10.0,300.0,3000.0,2024-03-03
2024030303006365,SWMF,70,55,90.0,648.1,58329.0,2024-03-03
2024030303006364,HLI,53,13,10.0,373.9,3739.0,2024-03-03
2024030305005407,HRL,65,1,10.0,596.1,5961.0,2024-03-03
2024030305005406,HRL,65,58,121.0,596.1,72128.1,2024-03-03
2024030305005405,HRL,65,6,10.0,596.1,5961.0,2024-03-03
2024030305005404,HRL,65,50,20.0,596.0,11920.0,2024-03-03
2024030305005403,HRL,65,65,39.0,596.0,23244.0,2024-03-03
2024030301023609,CLI,74,1,40.0,421.0,16840.0,2024-03-03
2024030301023608,KBL,22,14,10.0,139.8,1398.0,2024-03-03
2024030304009006,PMHPL,14,45,50.0,236.0,11800.0,2024-03-03
2024030304009005,SHPC,62,42,110.0,339.9,37389.0,2024-03-03
2024030304009004,SHPC,62,22,50.0,338.0,16900.0,2024-03-03
2024030304009003,SHPC,62,38,120.0,338.0,40560.0,2024-03-03
2024030304009002,SHPC,62,32,220.0,337.9,74338.0,2024-03-03
2024030301023607,MKLB,87,19,12.0,723.3,8679.6,2024-03-03
2024030301023606,SNLI,59,19,150.0,583.0,87450.0,2024-03-03
2024030303006363,PMLI,42,35,10.0,484.0,4840.0,2024-03-03
2024030303006362,NLICL,5,1,10.0,550.9,5509.0,2024-03-03
2024030303006361,NLICL,5,17,50.0,545.0,27250.0,2024-03-03
2024030304009001,MHNL,26,28,100.0,233.0,23300.0,2024-03-03
2024030303006360,MFIL,17,38,10.0,486.0,4860.0,2024-03-03
2024030303006359,NUBL,34,58,10.0,594.0,5940.0,2024-03-03
2024030301023605,MKHC,94,8,10.0,275.1,2751.0,2024-03-03
2024030305005402,HRL,20,65,10.0,596.0,5960.0,2024-03-03
2024030305005401,HRL,41,65,20.0,596.0,11920.0,2024-03-03
2024030305005400,HRL,49,65,20.0,596.0,11920.0,2024-03-03
2024030305005399,HRL,42,65,11.0,596.0,6556.0,2024-03-03
2024030304009000,PMHPL,49,49,10.0,238.0,2380.0,2024-03-03
2024030301023604,ULBSL,49,34,10.0,1076.0,10760.0,2024-03-03
2024030301023603,NABIL,6,22,20.0,424.0,8480.0,2024-03-03
2024030303006358,MLBSL,5,57,10.0,1556.0,15560.0,2024-03-03
2024030301023602,EBL,5,70,50.0,490.0,24500.0,2024-03-03
2024030301023601,CLI,28,1,15.0,421.0,6315.0,2024-03-03
2024030301023600,MHCL,77,59,50.0,481.0,24050.0,2024-03-03
2024030301023599,SNLI,59,59,10.0,583.0,5830.0,2024-03-03
2024030303006357,GFCL,34,56,10.0,423.0,4230.0,2024-03-03
2024030301023598,NRM,66,38,650.0,344.7,224055.0,2024-03-03
2024030301023597,NRM,66,56,100.0,344.7,34470.0,2024-03-03
2024030305005398,HRL,42,51,10.0,596.0,5960.0,2024-03-03
2024030305005397,HRL,52,26,50.0,596.0,29800.0,2024-03-03
2024030301023596,CLI,25,49,10.0,420.5,4205.0,2024-03-03
2024030304008999,AHPC,26,14,50.0,177.0,8850.0,2024-03-03
2024030303006356,GMFIL,52,33,10.0,335.0,3350.0,2024-03-03
2024030303006355,NFS,34,35,50.0,335.0,16750.0,2024-03-03
2024030303006354,NFS,35,35,19.0,335.0,6365.0,2024-03-03
2024030303006353,NFS,48,35,20.0,335.0,6700.0,2024-03-03
2024030303006352,NFS,54,35,50.0,335.0,16750.0,2024-03-03
2024030303006351,NFS,21,35,100.0,335.0,33500.0,2024-03-03
2024030303006350,NFS,58,35,20.0,335.0,6700.0,2024-03-03
2024030303006349,NFS,42,35,25.0,335.0,8375.0,2024-03-03
2024030301023595,GVL,58,32,10.0,412.0,4120.0,2024-03-03
2024030301023594,TSHL,37,42,142.0,473.3,67208.6,2024-03-03
2024030303006348,CFCL,58,54,10.0,325.0,3250.0,2024-03-03
2024030303006347,CFCL,58,57,90.0,323.0,29070.0,2024-03-03
2024030303006346,GBBL,42,64,16.0,351.0,5616.0,2024-03-03
2024030301023593,PRVU,42,17,550.0,140.5,77275.0,2024-03-03
2024030303006345,SJLIC,34,33,158.0,446.0,70468.0,2024-03-03
2024030303006344,SJLIC,34,37,10.0,445.9,4459.0,2024-03-03
2024030303006343,SJLIC,34,50,100.0,445.0,44500.0,2024-03-03
2024030303006342,SJLIC,34,11,1522.0,440.0,669680.0,2024-03-03
2024030303006341,SJLIC,34,33,200.0,439.9,87980.0,2024-03-03
2024030303006340,SJLIC,34,37,10.0,439.9,4399.0,2024-03-03
2024030301023592,NABIL,40,22,115.0,424.0,48760.0,2024-03-03
2024030303006339,GILB,77,21,20.0,840.0,16800.0,2024-03-03
2024030304008998,KPCL,50,19,10.0,407.0,4070.0,2024-03-03
2024030301023591,SONA,48,38,10.0,452.0,4520.0,2024-03-03
2024030301023590,MEL,7,25,10.0,207.9,2079.0,2024-03-03
2024030304008997,OHL,16,54,10.0,727.0,7270.0,2024-03-03
2024030303006338,HLI,32,13,20.0,373.9,7478.0,2024-03-03
2024030301023589,LSL,21,25,10.0,159.0,1590.0,2024-03-03
2024030301023588,SBL,44,6,76.0,215.0,16340.0,2024-03-03
2024030301023587,SBL,44,45,500.0,215.0,107500.0,2024-03-03
2024030301023586,SBL,44,67,624.0,214.5,133848.0,2024-03-03
2024030301023585,RNLI,26,29,10.0,414.1,4141.0,2024-03-03
2024030304008996,HEI,62,36,10.0,547.9,5479.0,2024-03-03
2024030301023584,SNLI,45,39,210.0,584.0,122640.0,2024-03-03
2024030301023583,SNLI,45,49,10.0,584.0,5840.0,2024-03-03
2024030301023582,SNLI,45,35,10.0,584.0,5840.0,2024-03-03
2024030301023581,SNLI,45,38,70.0,584.0,40880.0,2024-03-03
2024030301023580,PCBL,17,11,520.0,186.0,96720.0,2024-03-03
2024030301023579,PCBL,57,11,300.0,186.0,55800.0,2024-03-03
2024030301023578,PCBL,38,11,180.0,186.0,33480.0,2024-03-03
2024030303006337,NICLBSL,41,29,50.0,526.0,26300.0,2024-03-03
2024030305005396,SMATA,58,44,10.0,576.0,5760.0,2024-03-03
2024030304008995,UMHL,22,44,270.0,247.0,66690.0,2024-03-03
2024030304008994,UMHL,57,44,10.0,247.0,2470.0,2024-03-03
2024030304008993,UMHL,42,44,150.0,247.1,37065.0,2024-03-03
2024030304008992,UMHL,77,44,2000.0,248.0,496000.0,2024-03-03
2024030304008991,UMHL,14,44,100.0,248.5,24850.0,2024-03-03
2024030304008990,UMHL,7,44,470.0,248.5,116795.0,2024-03-03
2024030305005395,CIT,38,13,10.0,2051.0,20510.0,2024-03-03
2024030304008989,CHL,3,22,10.0,282.5,2825.0,2024-03-03
2024030304008988,CHL,14,22,90.0,282.5,25425.0,2024-03-03
2024030304008987,CHL,34,22,50.0,282.7,14135.0,2024-03-03
2024030304008986,CHL,39,22,30.0,282.7,8481.0,2024-03-03
2024030304008985,UMRH,57,61,100.0,346.0,34600.0,2024-03-03
2024030301023577,MMKJL,7,49,10.0,401.0,4010.0,2024-03-03
2024030304008984,SPDL,74,25,100.0,239.1,23910.0,2024-03-03
2024030301023576,RNLI,26,35,50.0,414.1,20705.0,2024-03-03
2024030301023575,RNLI,42,35,50.0,414.5,20725.0,2024-03-03
2024030305005394,NIFRA,62,41,990.0,201.1,199089.0,2024-03-03
2024030305005393,NIFRA,55,41,10.0,201.2,2012.0,2024-03-03
2024030301023574,NICA,21,45,20.0,407.5,8150.0,2024-03-03
2024030301023573,SHIVM,25,61,255.0,472.0,120360.0,2024-03-03
2024030301023572,SHIVM,16,61,200.0,472.0,94400.0,2024-03-03
2024030301023571,SHIVM,95,61,25.0,472.0,11800.0,2024-03-03
2024030301023570,SHIVM,46,61,20.0,472.0,9440.0,2024-03-03
2024030301023569,BNT,75,45,40.0,15000.0,600000.0,2024-03-03
2024030301023568,BNT,19,45,10.0,15001.0,150010.0,2024-03-03
2024030301023567,BNT,65,45,10.0,15005.0,150050.0,2024-03-03
2024030301023566,ULHC,72,49,500.0,304.0,152000.0,2024-03-03
2024030303006336,KRBL,33,19,100.0,350.1,35010.0,2024-03-03
2024030301023565,PCBL,38,54,220.0,186.0,40920.0,2024-03-03
2024030301023564,PCBL,45,54,50.0,186.0,9300.0,2024-03-03
2024030301023563,PCBL,47,54,100.0,186.0,18600.0,2024-03-03
2024030301023562,PCBL,25,54,200.0,186.0,37200.0,2024-03-03
2024030301023561,PCBL,65,54,100.0,186.0,18600.0,2024-03-03
2024030305005392,HRL,52,58,10.0,596.0,5960.0,2024-03-03
2024030303006335,FOWAD,34,14,10.0,999.6,9996.0,2024-03-03
2024030301023560,PRVU,7,17,150.0,140.5,21075.0,2024-03-03
2024030301023559,PRVU,58,54,21.0,140.4,2948.4,2024-03-03
2024030305005391,STC,55,54,20.0,5005.1,100102.0,2024-03-03
2024030304008983,RHPL,3,37,700.0,269.0,188300.0,2024-03-03
2024030301023558,SNLI,59,52,10.0,583.0,5830.0,2024-03-03
2024030301023557,GBIME,56,34,170.0,181.0,30770.0,2024-03-03
2024030301023556,HATHY,65,35,20.0,844.0,16880.0,2024-03-03
2024030304008982,LEC,45,50,687.0,179.0,122973.0,2024-03-03
2024030304008981,LEC,49,50,100.0,179.0,17900.0,2024-03-03
2024030304008980,LEC,36,50,500.0,179.0,89500.0,2024-03-03
2024030304008979,LEC,3,50,13.0,179.0,2327.0,2024-03-03
2024030301023555,NIMB,43,34,54.0,160.5,8667.0,2024-03-03
2024030305005390,NRN,35,14,20.0,516.0,10320.0,2024-03-03
2024030305005389,NRN,35,14,280.0,516.5,144620.0,2024-03-03
2024030301023554,MKHC,94,4,47.0,275.1,12929.7,2024-03-03
2024030301023553,MKHC,57,4,200.0,275.5,55100.0,2024-03-03
2024030301023552,MKHC,65,4,100.0,275.6,27560.0,2024-03-03
2024030301023551,MKHC,58,4,153.0,276.0,42228.0,2024-03-03
2024030301023550,NIMB,32,34,20.0,160.5,3210.0,2024-03-03
2024030304008978,JOSHI,42,45,10.0,337.0,3370.0,2024-03-03
2024030301023549,NIMB,58,14,779.0,161.0,125419.0,2024-03-03
2024030301023548,NIMB,58,43,17.0,161.0,2737.0,2024-03-03
2024030301023547,NIMB,58,26,300.0,161.0,48300.0,2024-03-03
2024030301023546,NIMB,58,17,254.0,161.0,40894.0,2024-03-03
2024030301023545,NIMB,58,52,50.0,160.9,8045.0,2024-03-03
2024030304008977,GHL,60,56,50.0,144.0,7200.0,2024-03-03
2024030304008976,GHL,11,56,40.0,144.0,5760.0,2024-03-03
2024030304008975,GHL,48,56,20.0,144.2,2884.0,2024-03-03
2024030303006334,CORBL,57,1,400.0,404.5,161800.0,2024-03-03
2024030303006333,CORBL,42,1,80.0,404.5,32360.0,2024-03-03
2024030305005388,NICSF,38,14,200.0,8.7,1740.0,2024-03-03
2024030301023544,TAMOR,81,34,950.0,368.0,349600.0,2024-03-03
2024030301023543,TAMOR,41,34,50.0,368.0,18400.0,2024-03-03
2024030301023542,ILI,33,42,153.0,505.0,77265.0,2024-03-03
2024030301023541,ILI,40,42,20.0,505.0,10100.0,2024-03-03
2024030301023540,PPL,21,47,10.0,312.0,3120.0,2024-03-03
2024030303006332,PFL,32,43,85.0,348.7,29639.5,2024-03-03
2024030303006331,PFL,48,43,200.0,348.8,69760.0,2024-03-03
2024030303006330,PFL,56,43,50.0,348.8,17440.0,2024-03-03
2024030303006329,PFL,17,43,65.0,348.9,22678.5,2024-03-03
2024030303006328,PFL,56,43,100.0,349.0,34900.0,2024-03-03
2024030301023539,SONA,11,36,60.0,451.7,27102.0,2024-03-03
2024030303006327,ALBSL,6,44,70.0,630.0,44100.0,2024-03-03
2024030303006326,ALBSL,6,44,300.0,630.0,189000.0,2024-03-03
2024030303006325,ALBSL,6,44,110.0,630.0,69300.0,2024-03-03
2024030303006324,ALBSL,6,44,140.0,630.0,88200.0,2024-03-03
2024030303006323,ALBSL,6,44,110.0,630.0,69300.0,2024-03-03
2024030301023538,NABIL,28,22,120.0,424.0,50880.0,2024-03-03
2024030301023537,SHIVM,41,39,2000.0,472.1,944200.0,2024-03-03
2024030301023536,SHIVM,55,39,25.0,472.1,11802.5,2024-03-03
2024030301023535,MKCL,16,34,10.0,912.2,9122.0,2024-03-03
2024030303006322,ICFC,4,58,35.0,462.0,16170.0,2024-03-03
2024030303006321,ICFC,49,58,100.0,462.1,46210.0,2024-03-03
2024030303006320,ICFC,42,58,65.0,462.5,30062.5,2024-03-03
2024030304008974,BPCL,40,48,30.0,301.0,9030.0,2024-03-03
2024030304008973,HPPL,58,7,10.0,261.1,2611.0,2024-03-03
2024030301023534,SPC,77,4,55.0,566.0,31130.0,2024-03-03
2024030304008972,API,6,20,62.0,174.9,10843.8,2024-03-03
2024030304008971,API,42,20,40.0,175.0,7000.0,2024-03-03
2024030301023533,SONA,14,13,12.0,452.9,5434.8,2024-03-03
2024030301023532,SONA,14,19,50.0,452.9,22645.0,2024-03-03
2024030301023531,SONA,14,38,15.0,452.9,6793.5,2024-03-03
2024030301023530,SONA,14,58,25.0,452.0,11300.0,2024-03-03
2024030301023529,SONA,14,56,473.0,452.0,213796.0,2024-03-03
2024030301023528,LSL,42,25,20.0,159.0,3180.0,2024-03-03
2024030301023527,ADBL,58,39,100.0,223.9,22390.0,2024-03-03
2024030301023526,NYADI,84,52,20.0,275.9,5518.0,2024-03-03
2024030301023525,JBLB,49,49,10.0,1220.0,12200.0,2024-03-03
2024030301023524,CLI,25,57,10.0,420.5,4205.0,2024-03-03
2024030305005387,HRL,58,6,10.0,596.1,5961.0,2024-03-03
2024030301023523,SONA,75,56,500.0,452.0,226000.0,2024-03-03
2024030301023522,NABIL,57,22,10.0,424.0,4240.0,2024-03-03
2024030301023521,HHL,5,1,30.0,329.0,9870.0,2024-03-03
2024030301023520,MHCL,77,34,50.0,481.0,24050.0,2024-03-03
2024030301023519,MKHC,58,13,30.0,276.0,8280.0,2024-03-03
2024030304008970,KPCL,50,4,10.0,405.0,4050.0,2024-03-03
2024030304008969,API,42,44,160.0,175.0,28000.0,2024-03-03
2024030301023518,ADBL,51,42,10.0,224.0,2240.0,2024-03-03
2024030301023517,NICA,38,45,250.0,407.5,101875.0,2024-03-03
2024030301023516,NICA,57,45,69.0,407.5,28117.5,2024-03-03
2024030301023515,SANIMA,77,59,77.0,231.1,17794.7,2024-03-03
2024030301023514,SANIMA,77,59,500.0,231.2,115600.0,2024-03-03
2024030301023513,SANIMA,47,59,90.0,231.2,20808.0,2024-03-03
2024030301023512,SANIMA,29,59,50.0,232.0,11600.0,2024-03-03
2024030301023511,SANIMA,45,59,20.0,232.0,4640.0,2024-03-03
2024030301023510,SANIMA,45,59,10.0,232.0,2320.0,2024-03-03
2024030301023509,SANIMA,64,59,100.0,232.0,23200.0,2024-03-03
2024030301023508,SANIMA,42,59,46.0,232.0,10672.0,2024-03-03
2024030301023507,SANIMA,49,59,70.0,232.0,16240.0,2024-03-03
2024030301023506,SANIMA,58,59,37.0,232.1,8587.7,2024-03-03
2024030301023505,VLUCL,49,22,10.0,528.0,5280.0,2024-03-03
2024030301023504,VLUCL,88,22,30.0,528.0,15840.0,2024-03-03
2024030301023503,VLUCL,58,22,20.0,528.0,10560.0,2024-03-03
2024030301023502,SAMAJ,42,1,20.0,1695.0,33900.0,2024-03-03
2024030301023501,SAMAJ,42,41,10.0,1694.9,16949.0,2024-03-03
2024030304008968,NIL,44,38,100.0,780.0,78000.0,2024-03-03
2024030304008967,NIL,44,38,14.0,780.0,10920.0,2024-03-03
2024030304008966,UPPER,49,8,10.0,197.0,1970.0,2024-03-03
2024030303006319,USLB,55,19,200.0,1080.0,216000.0,2024-03-03
2024030304008965,NICL,44,11,15.0,805.2,12078.0,2024-03-03
2024030304008964,NICL,44,11,105.0,806.0,84630.0,2024-03-03
2024030303006318,SMFBS,34,19,10.0,866.0,8660.0,2024-03-03
2024030301023500,BHDC,43,8,10.0,435.2,4352.0,2024-03-03
2024030305005386,NTC,32,5,10.0,831.0,8310.0,2024-03-03
2024030301023499,NABIL,32,22,60.0,424.0,25440.0,2024-03-03
2024030301023498,NABIL,56,22,50.0,424.1,21205.0,2024-03-03
2024030301023497,NABIL,52,22,10.0,424.3,4243.0,2024-03-03
2024030303006317,NLIC,22,42,14.0,588.0,8232.0,2024-03-03
2024030303006316,NLIC,25,42,100.0,588.1,58810.0,2024-03-03
2024030303006315,SLBSL,42,41,10.0,773.0,7730.0,2024-03-03
2024030301023496,NIMB,26,17,100.0,161.0,16100.0,2024-03-03
2024030301023495,PCBL,18,6,10.0,186.3,1863.0,2024-03-03
2024030301023494,BHDC,43,22,10.0,435.2,4352.0,2024-03-03
2024030304008963,HEI,84,51,58.0,541.1,31383.8,2024-03-03
2024030304008962,HEI,50,51,10.0,541.1,5411.0,2024-03-03
2024030304008961,HEI,77,51,110.0,541.1,59521.0,2024-03-03
2024030304008960,HEI,43,51,149.0,541.3,80653.7,2024-03-03
2024030304008959,HEI,51,51,20.0,541.5,10830.0,2024-03-03
2024030304008958,HEI,45,51,23.0,541.5,12454.5,2024-03-03
2024030304008957,HEI,62,51,90.0,541.6,48744.0,2024-03-03
2024030304008956,HEI,57,51,40.0,542.0,21680.0,2024-03-03
2024030301023493,UNLB,54,46,30.0,1196.0,35880.0,2024-03-03
2024030303006314,GILB,77,19,17.0,842.0,14314.0,2024-03-03
2024030303006313,GILB,77,13,40.0,842.0,33680.0,2024-03-03
2024030303006312,GILB,77,29,100.0,828.0,82800.0,2024-03-03
2024030303006311,GILB,77,44,11.0,786.5,8651.5,2024-03-03
2024030303006310,GILB,77,22,100.0,785.9,78590.0,2024-03-03
2024030303006309,GILB,77,7,17.0,785.0,13345.0,2024-03-03
2024030303006308,GILB,77,29,100.0,782.0,78200.0,2024-03-03
2024030303006307,GILB,77,29,300.0,772.0,231600.0,2024-03-03
2024030303006306,GILB,77,29,200.0,770.1,154020.0,2024-03-03
2024030303006305,GILB,77,57,17.0,758.0,12886.0,2024-03-03
2024030301023492,SBL,16,45,171.0,214.0,36594.0,2024-03-03
2024030301023491,SBL,45,45,788.0,214.0,168632.0,2024-03-03
2024030301023490,SBL,39,45,10.0,214.1,2141.0,2024-03-03
2024030301023489,SBL,37,45,31.0,214.2,6640.2,2024-03-03
2024030304008955,RIDI,51,17,100.0,180.2,18020.0,2024-03-03
2024030304008954,RIDI,49,17,100.0,180.3,18030.0,2024-03-03
2024030305005385,HIDCL,34,41,15.0,166.7,2500.5,2024-03-03
2024030305005384,CIT,34,50,20.0,2051.0,41020.0,2024-03-03
2024030301023488,HATHY,42,59,61.0,842.1,51368.1,2024-03-03
2024030301023487,SPC,77,38,50.0,566.0,28300.0,2024-03-03
2024030304008953,LEC,3,19,37.0,179.0,6623.0,2024-03-03
2024030304008952,LEC,49,19,13.0,179.0,2327.0,2024-03-03
2024030304008951,LEC,11,19,50.0,179.1,8955.0,2024-03-03
2024030305005383,CIT,35,45,140.0,2052.0,287280.0,2024-03-03
2024030304008950,KKHC,65,52,100.0,232.1,23210.0,2024-03-03
2024030304008949,RADHI,39,16,983.0,239.0,234937.0,2024-03-03
2024030304008948,RADHI,39,16,17.0,239.0,4063.0,2024-03-03
2024030301023486,VLUCL,65,21,10.0,528.5,5285.0,2024-03-03
2024030305005382,CHDC,21,74,65.0,942.2,61243.0,2024-03-03
2024030305005381,CHDC,57,74,10.0,942.2,9422.0,2024-03-03
2024030305005380,CHDC,6,74,115.0,943.0,108445.0,2024-03-03
2024030305005379,CHDC,39,74,35.0,944.0,33040.0,2024-03-03
2024030305005378,CHDC,52,74,100.0,944.0,94400.0,2024-03-03
2024030305005377,CHDC,34,74,45.0,945.0,42525.0,2024-03-03
2024030305005376,CHDC,42,74,130.0,945.0,122850.0,2024-03-03
2024030304008947,RHPL,3,37,300.0,269.0,80700.0,2024-03-03
2024030304008946,RHPL,3,34,250.0,268.9,67225.0,2024-03-03
2024030303006304,GILB,22,28,52.0,751.1,39057.2,2024-03-03
2024030303006303,GILB,21,28,10.0,751.2,7512.0,2024-03-03
2024030303006302,GILB,13,28,20.0,751.3,15026.0,2024-03-03
2024030303006301,GILB,49,28,10.0,752.0,7520.0,2024-03-03
2024030303006300,GILB,7,28,25.0,752.0,18800.0,2024-03-03
2024030303006299,GILB,21,28,10.0,753.1,7531.0,2024-03-03
2024030303006298,GILB,47,28,10.0,754.0,7540.0,2024-03-03
2024030304008945,NHPC,17,50,52.0,152.0,7904.0,2024-03-03
2024030304008944,NHPC,17,43,12.0,152.0,1824.0,2024-03-03
2024030305005375,HRL,52,67,20.0,596.0,11920.0,2024-03-03
2024030301023485,AHL,84,6,10.0,421.3,4213.0,2024-03-03
2024030303006297,NICLBSL,42,29,50.0,526.0,26300.0,2024-03-03
2024030305005374,HRL,45,6,100.0,596.1,59610.0,2024-03-03
2024030304008943,MEN,26,43,80.0,581.7,46536.0,2024-03-03
2024030304008942,API,52,44,45.0,175.0,7875.0,2024-03-03
2024030301023484,SANIMA,58,6,63.0,232.1,14622.3,2024-03-03
2024030305005373,HIDCL,13,48,50.0,167.0,8350.0,2024-03-03
2024030301023483,MEL,52,38,10.0,206.0,2060.0,2024-03-03
2024030303006296,SFCL,45,38,125.0,293.2,36650.0,2024-03-03
2024030303006295,SFCL,50,38,25.0,293.3,7332.5,2024-03-03
2024030303006294,SFCL,45,38,50.0,293.3,14665.0,2024-03-03
2024030301023482,MBJC,50,14,80.0,300.0,24000.0,2024-03-03
2024030301023481,MBJC,41,14,40.0,300.0,12000.0,2024-03-03
2024030304008941,API,6,44,255.0,175.0,44625.0,2024-03-03
2024030304008940,API,6,21,545.0,175.0,95375.0,2024-03-03
2024030303006293,HLI,49,59,100.0,373.8,37380.0,2024-03-03
2024030301023480,CLI,42,41,22.0,420.2,9244.4,2024-03-03
2024030301023479,CLI,58,41,20.0,420.3,8406.0,2024-03-03
2024030303006292,LBBL,22,70,175.0,371.0,64925.0,2024-03-03
2024030301023478,GBIME,56,48,50.0,181.0,9050.0,2024-03-03
2024030301023477,CLI,58,45,10.0,420.3,4203.0,2024-03-03
2024030301023476,SNLI,59,38,10.0,583.0,5830.0,2024-03-03
2024030301023475,SNLI,59,34,10.0,583.0,5830.0,2024-03-03
2024030301023474,SNLI,59,45,10.0,583.0,5830.0,2024-03-03
2024030301023473,HATHY,55,59,19.0,842.1,15999.9,2024-03-03
2024030304008939,SHEL,14,32,10.0,205.3,2053.0,2024-03-03
2024030301023472,MLBS,7,28,25.0,690.0,17250.0,2024-03-03
2024030305005372,HRL,52,45,20.0,596.0,11920.0,2024-03-03
2024030305005371,HRL,29,45,80.0,596.0,47680.0,2024-03-03
2024030301023471,SHIVM,55,45,100.0,472.1,47210.0,2024-03-03
2024030301023470,UHEWA,10,42,210.0,333.1,69951.0,2024-03-03
2024030304008938,BARUN,94,44,388.0,242.2,93973.6,2024-03-03
2024030303006291,SKBBL,44,58,500.0,804.9,402450.0,2024-03-03
2024030305005370,HRL,22,6,20.0,596.1,11922.0,2024-03-03
2024030301023469,AVYAN,66,6,10.0,590.0,5900.0,2024-03-03
2024030303006290,MNBBL,45,71,100.0,344.9,34490.0,2024-03-03
2024030301023468,NIMB,58,17,50.0,161.0,8050.0,2024-03-03
2024030301023467,HATHY,29,55,1000.0,843.0,843000.0,2024-03-03
2024030304008937,SJCL,17,3,23.0,271.0,6233.0,2024-03-03
2024030301023466,MBJC,47,58,10.0,303.0,3030.0,2024-03-03
2024030301023465,MBJC,47,83,100.0,301.0,30100.0,2024-03-03
2024030301023464,MBJC,47,34,40.0,300.2,12008.0,2024-03-03
2024030301023463,MBJC,47,42,80.0,300.2,24016.0,2024-03-03
2024030301023462,SONA,16,56,27.0,452.0,12204.0,2024-03-03
2024030301023461,SONA,16,6,173.0,452.0,78196.0,2024-03-03
2024030304008936,API,11,21,400.0,175.0,70000.0,2024-03-03
2024030304008935,KPCL,50,35,13.0,405.0,5265.0,2024-03-03
2024030303006289,NFS,86,95,200.0,336.0,67200.0,2024-03-03
2024030305005369,NIFRA,62,18,54.0,201.1,10859.4,2024-03-03
2024030303006288,HLBSL,77,19,12.0,559.1,6709.2,2024-03-03
2024030304008934,UNHPL,80,58,400.0,238.0,95200.0,2024-03-03
2024030304008933,API,6,11,40.0,174.9,6996.0,2024-03-03
2024030304008932,AKPL,6,21,1000.0,173.6,173600.0,2024-03-03
2024030301023460,SMJC,6,42,481.0,362.0,174122.0,2024-03-03
2024030301023459,SMJC,38,42,100.0,362.0,36200.0,2024-03-03
2024030301023458,SMJC,42,42,10.0,362.0,3620.0,2024-03-03
2024030301023457,SMJC,35,42,250.0,362.1,90525.0,2024-03-03
2024030301023456,SMJC,25,42,39.0,363.0,14157.0,2024-03-03
2024030301023455,MCHL,40,42,30.0,316.0,9480.0,2024-03-03
2024030301023454,MCHL,38,42,100.0,316.0,31600.0,2024-03-03
2024030301023453,MCHL,33,42,10.0,316.0,3160.0,2024-03-03
2024030301023452,MCHL,48,42,100.0,317.0,31700.0,2024-03-03
2024030304008931,GHL,45,3,100.0,145.0,14500.0,2024-03-03
2024030304008930,GHL,45,38,100.0,145.0,14500.0,2024-03-03
2024030305005368,NIFRA,62,14,769.0,201.1,154645.9,2024-03-03
2024030305005367,NIFRA,52,14,30.0,201.3,6039.0,2024-03-03
2024030304008929,UMHL,7,14,30.0,248.5,7455.0,2024-03-03
2024030305005366,HRL,29,52,900.0,596.0,536400.0,2024-03-03
2024030303006287,NMFBS,34,14,10.0,1044.0,10440.0,2024-03-03
2024030305005365,NTC,44,58,100.0,829.5,82950.0,2024-03-03
2024030305005364,NTC,44,57,10.0,829.0,8290.0,2024-03-03
2024030303006286,GUFL,29,58,100.0,580.0,58000.0,2024-03-03
2024030304008928,PPCL,33,85,10.0,252.9,2529.0,2024-03-03
2024030304008927,PPCL,33,14,25.0,250.0,6250.0,2024-03-03
2024030301023451,SANIMA,35,50,10.0,234.0,2340.0,2024-03-03
2024030305005363,HRL,29,57,20.0,596.0,11920.0,2024-03-03
2024030304008926,UPCL,16,54,450.0,205.0,92250.0,2024-03-03
2024030301023450,SMH,54,11,47.0,649.0,30503.0,2024-03-03
2024030301023449,SMH,88,11,53.0,649.0,34397.0,2024-03-03
2024030303006285,USLB,55,58,10.0,1090.0,10900.0,2024-03-03
2024030304008925,SHL,13,25,300.0,429.0,128700.0,2024-03-03
2024030303006284,GBLBS,50,38,10.0,523.0,5230.0,2024-03-03
2024030303006283,KRBL,88,29,88.0,351.0,30888.0,2024-03-03
2024030303006282,CBBL,29,38,25.0,809.0,20225.0,2024-03-03
2024030301023448,SONA,43,6,10.0,452.0,4520.0,2024-03-03
2024030304008924,JOSHI,3,58,56.0,335.0,18760.0,2024-03-03
2024030304008923,JOSHI,3,48,273.0,335.0,91455.0,2024-03-03
2024030303006281,SFCL,45,66,150.0,293.3,43995.0,2024-03-03
2024030303006280,SFCL,14,66,200.0,293.6,58720.0,2024-03-03
2024030305005362,NIBSF2,38,26,100.0,7.21,721.0,2024-03-03
2024030301023447,MKHC,58,26,10.0,276.0,2760.0,2024-03-03
2024030301023446,GCIL,49,36,41.0,489.0,20049.0,2024-03-03
2024030301023445,GCIL,49,42,10.0,489.0,4890.0,2024-03-03
2024030301023444,GCIL,49,21,169.0,488.4,82539.6,2024-03-03
2024030301023443,GCIL,49,49,30.0,488.0,14640.0,2024-03-03
2024030304008922,RHPL,54,34,250.0,268.9,67225.0,2024-03-03
2024030304008921,RHPL,54,54,50.0,268.1,13405.0,2024-03-03
2024030301023442,CLI,58,47,10.0,420.3,4203.0,2024-03-03
2024030305005361,NIFRA,52,32,10.0,201.3,2013.0,2024-03-03
2024030301023441,SONA,5,6,17.0,452.0,7684.0,2024-03-03
2024030301023440,GBIME,56,41,43.0,181.0,7783.0,2024-03-03
2024030303006279,CORBL,42,32,20.0,404.5,8090.0,2024-03-03
2024030304008920,LEC,74,55,729.0,180.0,131220.0,2024-03-03
2024030304008919,LEC,74,55,288.0,180.0,51840.0,2024-03-03
2024030301023439,HATHY,55,5,61.0,842.1,51368.1,2024-03-03
2024030305005360,HRL,59,6,70.0,596.1,41727.0,2024-03-03
2024030301023438,HATHY,55,45,200.0,842.1,168420.0,2024-03-03
2024030301023437,SNLI,1,57,10.0,582.6,5826.0,2024-03-03
2024030303006278,LBBL,17,6,10.0,369.0,3690.0,2024-03-03
2024030301023436,NMB,5,6,18.0,175.6,3160.8,2024-03-03
2024030303006277,GBLBS,50,41,15.0,523.0,7845.0,2024-03-03
2024030301023435,CLI,58,8,10.0,420.3,4203.0,2024-03-03
2024030301023434,ULHC,72,34,400.0,304.0,121600.0,2024-03-03
2024030301023433,ULHC,88,34,80.0,304.0,24320.0,2024-03-03
2024030301023432,ULHC,26,34,20.0,304.1,6082.0,2024-03-03
2024030301023431,SONA,5,4,10.0,452.0,4520.0,2024-03-03
2024030301023430,PHCL,25,35,500.0,295.0,147500.0,2024-03-03
2024030301023429,HATHY,55,46,220.0,842.1,185262.0,2024-03-03
2024030301023428,HATHY,45,46,10.0,842.1,8421.0,2024-03-03
2024030301023427,HATHY,59,46,10.0,842.6,8426.0,2024-03-03
2024030301023426,NWCL,45,59,10.0,730.2,7302.0,2024-03-03
2024030304008918,SICL,42,8,20.0,685.0,13700.0,2024-03-03
2024030304008917,SICL,21,8,145.0,685.0,99325.0,2024-03-03
2024030304008916,SICL,19,8,35.0,685.0,23975.0,2024-03-03
2024030305005359,HIDCL,34,56,85.0,166.7,14169.5,2024-03-03
2024030305005358,HIDCL,43,56,200.0,166.7,33340.0,2024-03-03
2024030305005357,HIDCL,45,56,500.0,166.7,83350.0,2024-03-03
2024030305005356,HIDCL,34,56,15.0,166.8,2502.0,2024-03-03
2024030303006276,ILBS,62,38,19.0,661.5,12568.5,2024-03-03
2024030301023425,PCBL,58,6,25.0,186.3,4657.5,2024-03-03
2024030301023424,SHIVM,55,48,26.0,472.1,12274.6,2024-03-03
2024030301023423,SHIVM,45,48,50.0,472.2,23610.0,2024-03-03
2024030304008915,CHCL,7,43,82.0,452.2,37080.4,2024-03-03
2024030304008914,CHCL,58,43,90.0,452.2,40698.0,2024-03-03
2024030304008913,CHCL,21,43,200.0,452.3,90460.0,2024-03-03
2024030304008912,CHCL,21,43,209.0,452.5,94572.5,2024-03-03
2024030304008911,CHCL,58,43,100.0,452.6,45260.0,2024-03-03
2024030303006275,KRBL,88,19,60.0,351.1,21066.0,2024-03-03
2024030301023422,BNHC,57,53,25.0,460.0,11500.0,2024-03-03
2024030303006274,LBBL,17,47,150.0,369.0,55350.0,2024-03-03
2024030301023421,PCBL,19,6,200.0,186.0,37200.0,2024-03-03
2024030301023420,PCBL,7,6,25.0,186.0,4650.0,2024-03-03
2024030301023419,PCBL,45,6,500.0,186.0,93000.0,2024-03-03
2024030301023418,PCBL,52,6,200.0,186.0,37200.0,2024-03-03
2024030301023417,PCBL,52,6,20.0,186.0,3720.0,2024-03-03
2024030301023416,PCBL,10,6,50.0,186.1,9305.0,2024-03-03
2024030303006273,BFC,53,41,10.0,318.9,3189.0,2024-03-03
2024030304008910,RHPL,58,32,50.0,268.1,13405.0,2024-03-03
2024030301023415,HDL,34,5,10.0,1472.0,14720.0,2024-03-03
2024030304008909,HDHPC,22,58,204.0,136.4,27825.6,2024-03-03
2024030303006272,ICFC,49,1,100.0,462.1,46210.0,2024-03-03
2024030303006271,USLB,29,39,50.0,1085.0,54250.0,2024-03-03
2024030301023414,CLI,56,60,100.0,420.1,42010.0,2024-03-03
2024030305005355,HRL,45,57,20.0,596.0,11920.0,2024-03-03
2024030301023413,HDL,53,11,30.0,1470.0,44100.0,2024-03-03
2024030301023412,HDL,54,11,20.0,1470.0,29400.0,2024-03-03
2024030303006270,SHINE,44,59,54.0,361.7,19531.8,2024-03-03
2024030303006269,SHINE,44,59,100.0,361.7,36170.0,2024-03-03
2024030303006268,SHINE,49,59,18.0,362.0,6516.0,2024-03-03
2024030303006267,SHINE,34,59,80.0,362.0,28960.0,2024-03-03
2024030303006266,HLI,49,32,10.0,373.8,3738.0,2024-03-03
2024030304008908,JOSHI,77,32,1000.0,334.2,334200.0,2024-03-03
2024030301023411,ILI,40,51,80.0,505.0,40400.0,2024-03-03
2024030301023410,ILI,7,51,20.0,505.0,10100.0,2024-03-03
2024030301023409,ILI,34,51,100.0,505.0,50500.0,2024-03-03
2024030301023408,ILI,4,51,250.0,505.0,126250.0,2024-03-03
2024030301023407,ILI,14,51,50.0,505.2,25260.0,2024-03-03
2024030301023406,MKHL,6,38,10.0,348.0,3480.0,2024-03-03
2024030301023405,MCHL,48,43,200.0,317.0,63400.0,2024-03-03
2024030303006265,DDBL,47,52,10.0,729.0,7290.0,2024-03-03
2024030303006264,DDBL,44,52,24.0,729.0,17496.0,2024-03-03
2024030303006263,DDBL,42,52,44.0,729.0,32076.0,2024-03-03
2024030301023404,DORDI,77,21,10.0,439.9,4399.0,2024-03-03
2024030304008907,UMHL,77,42,1024.0,250.0,256000.0,2024-03-03
2024030304008906,UMHL,77,34,250.0,250.0,62500.0,2024-03-03
2024030304008905,UMHL,77,58,26.0,250.0,6500.0,2024-03-03
2024030304008904,UMHL,77,49,400.0,250.0,100000.0,2024-03-03
2024030304008903,UMHL,77,40,14.0,249.0,3486.0,2024-03-03
2024030304008902,UMHL,77,25,86.0,249.0,21414.0,2024-03-03
2024030304008901,AKPL,19,45,120.0,174.8,20976.0,2024-03-03
2024030304008900,AKPL,19,47,30.0,174.8,5244.0,2024-03-03
2024030303006262,GMFIL,57,14,10.0,340.0,3400.0,2024-03-03
2024030301023403,EBL,11,70,100.0,490.0,49000.0,2024-03-03
2024030301023402,UHEWA,10,42,490.0,333.1,163219.0,2024-03-03
2024030301023401,HDL,53,5,10.0,1472.0,14720.0,2024-03-03
2024030301023400,MBJC,41,13,550.0,300.0,165000.0,2024-03-03
2024030305005354,HRL,48,38,20.0,596.0,11920.0,2024-03-03
2024030305005353,HRL,44,38,500.0,596.0,298000.0,2024-03-03
2024030305005352,HRL,57,38,18.0,596.0,10728.0,2024-03-03
2024030305005351,HRL,69,38,115.0,596.1,68551.5,2024-03-03
2024030303006261,ACLBSL,62,38,13.0,600.0,7800.0,2024-03-03
2024030303006260,ACLBSL,62,41,78.0,600.0,46800.0,2024-03-03
2024030304008899,RIDI,42,7,50.0,181.0,9050.0,2024-03-03
2024030305005350,HRL,69,16,10.0,596.1,5961.0,2024-03-03
2024030301023399,SONA,5,47,10.0,452.0,4520.0,2024-03-03
2024030301023398,NABIL,52,41,10.0,424.2,4242.0,2024-03-03
2024030304008898,GLH,74,8,298.0,209.9,62550.2,2024-03-03
2024030304008897,KPCL,50,55,32.0,400.0,12800.0,2024-03-03
2024030304008896,KPCL,50,26,13.0,400.0,5200.0,2024-03-03
2024030304008895,KPCL,50,40,75.0,400.0,30000.0,2024-03-03
2024030303006259,CFCL,39,56,735.0,322.0,236670.0,2024-03-03
2024030304008894,PPCL,33,14,10.0,250.0,2500.0,2024-03-03
2024030304008893,SGIC,19,39,30.0,490.0,14700.0,2024-03-03
2024030301023397,MBJC,46,42,20.0,300.2,6004.0,2024-03-03
2024030303006258,NICLBSL,34,55,290.0,521.5,151235.0,2024-03-03
2024030303006257,NICLBSL,41,55,30.0,521.6,15648.0,2024-03-03
2024030303006256,NICLBSL,44,55,50.0,521.7,26085.0,2024-03-03
2024030301023396,SHIVM,55,13,199.0,472.1,93947.9,2024-03-03
2024030301023395,HDL,54,72,12.0,1470.0,17640.0,2024-03-03
2024030301023394,HDL,47,72,36.0,1470.0,52920.0,2024-03-03
2024030304008892,PPCL,58,14,15.0,250.0,3750.0,2024-03-03
2024030304008891,PPCL,58,45,2635.0,250.0,658750.0,2024-03-03
2024030304008890,JOSHI,26,48,100.0,335.0,33500.0,2024-03-03
2024030303006255,SJLIC,35,11,10.0,440.0,4400.0,2024-03-03
2024030303006254,SJLIC,35,41,10.0,440.0,4400.0,2024-03-03
2024030304008889,SSHL,26,52,1480.0,158.3,234284.0,2024-03-03
2024030304008888,SSHL,52,52,20.0,158.3,3166.0,2024-03-03
2024030305005349,NRIC,34,4,10.0,729.0,7290.0,2024-03-03
2024030301023393,MHCL,11,56,189.0,480.0,90720.0,2024-03-03
2024030301023392,MHCL,7,56,100.0,480.0,48000.0,2024-03-03
2024030301023391,MHCL,35,56,61.0,480.0,29280.0,2024-03-03
2024030301023390,MHCL,39,56,100.0,480.1,48010.0,2024-03-03
2024030301023389,MHCL,62,56,250.0,480.1,120025.0,2024-03-03
2024030301023388,MHCL,46,56,200.0,480.2,96040.0,2024-03-03
2024030305005348,HRL,69,38,20.0,596.1,11922.0,2024-03-03
2024030304008887,AKJCL,51,25,100.0,211.5,21150.0,2024-03-03
2024030301023387,BEDC,19,49,40.0,335.0,13400.0,2024-03-03
2024030303006253,MNBBL,45,16,100.0,344.9,34490.0,2024-03-03
2024030304008886,JOSHI,57,48,100.0,335.0,33500.0,2024-03-03
2024030301023386,SONA,39,38,10.0,452.9,4529.0,2024-03-03
2024030301023385,SONA,39,49,10.0,452.8,4528.0,2024-03-03
2024030301023384,SONA,39,49,10.0,452.5,4525.0,2024-03-03
2024030301023383,UNLB,54,46,30.0,1196.0,35880.0,2024-03-03
2024030305005347,HIDCL,34,21,155.0,166.8,25854.0,2024-03-03
2024030301023382,CZBIL,13,50,50.0,159.0,7950.0,2024-03-03
2024030301023381,SPC,77,38,16.0,566.0,9056.0,2024-03-03
2024030301023380,SPC,43,38,100.0,566.1,56610.0,2024-03-03
2024030301023379,SPC,6,38,40.0,567.2,22688.0,2024-03-03
2024030301023378,SPC,45,38,34.0,567.3,19288.2,2024-03-03
2024030301023377,SPC,88,38,100.0,567.3,56730.0,2024-03-03
2024030301023376,SPC,55,38,10.0,567.4,5674.0,2024-03-03
2024030305005346,NIFRA,62,38,90.0,201.1,18099.0,2024-03-03
2024030301023375,RNLI,88,47,10.0,414.0,4140.0,2024-03-03
2024030304008885,NHDL,22,35,165.0,418.0,68970.0,2024-03-03
2024030304008884,AHPC,38,45,10.0,178.5,1785.0,2024-03-03
2024030303006252,GUFL,35,57,50.0,582.0,29100.0,2024-03-03
2024030303006251,GUFL,35,17,100.0,582.0,58200.0,2024-03-03
2024030305005345,CIT,42,45,47.0,2052.0,96444.0,2024-03-03
2024030301023374,ANLB,64,47,10.0,1900.0,19000.0,2024-03-03
2024030305005344,HRL,57,22,18.0,596.5,10737.0,2024-03-03
2024030303006250,CORBL,42,5,100.0,404.5,40450.0,2024-03-03
2024030301023373,DOLTI,28,34,50.0,349.9,17495.0,2024-03-03
2024030305005343,CIT,29,45,11.0,2055.0,22605.0,2024-03-03
2024030301023372,MKCL,43,43,10.0,912.1,9121.0,2024-03-03
2024030301023371,EBL,8,70,10.0,490.0,4900.0,2024-03-03
2024030301023370,MBJC,41,29,10.0,300.0,3000.0,2024-03-03
2024030301023369,HATHY,59,36,20.0,842.6,16852.0,2024-03-03
2024030301023368,NABIL,19,44,50.0,424.2,21210.0,2024-03-03
2024030301023367,PHCL,25,11,80.0,295.0,23600.0,2024-03-03
2024030301023366,PHCL,39,11,20.0,295.0,5900.0,2024-03-03
2024030301023365,GBIME,45,34,30.0,181.5,5445.0,2024-03-03
2024030301023364,DORDI,77,41,50.0,439.9,21995.0,2024-03-03
2024030303006249,SFCL,57,38,50.0,294.0,14700.0,2024-03-03
2024030303006248,SFCL,45,38,100.0,294.0,29400.0,2024-03-03
2024030305005342,HRL,69,58,20.0,596.1,11922.0,2024-03-03
2024030304008883,JOSHI,58,48,70.0,335.0,23450.0,2024-03-03
2024030301023363,NWCL,45,54,10.0,730.2,7302.0,2024-03-03
2024030305005341,NRN,35,11,100.0,516.0,51600.0,2024-03-03
2024030305005340,HRL,69,44,20.0,596.1,11922.0,2024-03-03
2024030305005339,NTC,58,7,20.0,828.0,16560.0,2024-03-03
2024030301023362,ILI,4,38,250.0,505.0,126250.0,2024-03-03
2024030301023361,ILI,45,38,30.0,505.0,15150.0,2024-03-03
2024030301023360,ILI,21,38,50.0,505.1,25255.0,2024-03-03
2024030301023359,ILI,41,38,20.0,505.1,10102.0,2024-03-03
2024030301023358,ILI,13,38,80.0,505.1,40408.0,2024-03-03
2024030301023357,ILI,33,38,20.0,506.0,10120.0,2024-03-03
2024030301023356,ILI,41,38,50.0,506.0,25300.0,2024-03-03
2024030301023355,PCBL,6,54,200.0,186.2,37240.0,2024-03-03
2024030301023354,PCBL,11,54,20.0,186.2,3724.0,2024-03-03
2024030301023353,PCBL,47,54,50.0,186.2,9310.0,2024-03-03
2024030301023352,PCBL,47,54,100.0,186.2,18620.0,2024-03-03
2024030304008882,UNHPL,28,58,25.0,238.0,5950.0,2024-03-03
2024030301023351,CLI,56,59,139.0,420.1,58393.9,2024-03-03
2024030301023350,CLI,36,59,28.0,420.1,11762.8,2024-03-03
2024030301023349,CLI,16,59,133.0,420.2,55886.6,2024-03-03
2024030304008881,GLH,74,8,10.0,209.9,2099.0,2024-03-03
2024030303006247,NLICL,57,21,10.0,540.0,5400.0,2024-03-03
2024030301023348,AVYAN,66,57,10.0,589.0,5890.0,2024-03-03
2024030301023347,CLI,16,7,42.0,420.2,17648.4,2024-03-03
2024030304008880,JOSHI,19,48,106.0,335.0,35510.0,2024-03-03
2024030303006246,HLI,49,39,30.0,373.8,11214.0,2024-03-03
2024030301023346,KDL,29,47,54.0,760.0,41040.0,2024-03-03
2024030301023345,KDL,49,47,10.0,760.0,7600.0,2024-03-03
2024030301023344,KDL,57,47,20.0,760.0,15200.0,2024-03-03
2024030301023343,KDL,37,47,50.0,760.0,38000.0,2024-03-03
2024030301023342,KDL,42,47,270.0,760.0,205200.0,2024-03-03
2024030301023341,KDL,58,47,10.0,760.5,7605.0,2024-03-03
2024030301023340,KDL,55,47,25.0,762.0,19050.0,2024-03-03
2024030301023339,KDL,58,47,41.0,764.0,31324.0,2024-03-03
2024030301023338,KDL,42,47,20.0,765.0,15300.0,2024-03-03
2024030304008879,UPCL,5,54,10.0,205.0,2050.0,2024-03-03
2024030304008878,BARUN,6,44,100.0,242.2,24220.0,2024-03-03
2024030303006245,SJLIC,34,41,10.0,440.0,4400.0,2024-03-03
2024030303006244,SWMF,37,22,50.0,647.1,32355.0,2024-03-03
2024030303006243,SWMF,56,22,50.0,647.1,32355.0,2024-03-03
2024030301023337,VLUCL,58,49,10.0,528.0,5280.0,2024-03-03
2024030303006242,LICN,41,1,165.0,1300.0,214500.0,2024-03-03
2024030301023336,TVCL,58,32,10.0,515.0,5150.0,2024-03-03
2024030301023335,TVCL,58,58,20.0,511.0,10220.0,2024-03-03
2024030301023334,NIMB,38,28,20.0,160.2,3204.0,2024-03-03
2024030301023333,HBL,53,18,20.0,186.8,3736.0,2024-03-03
2024030301023332,NABIL,56,40,30.0,424.1,12723.0,2024-03-03
2024030301023331,SONA,5,58,10.0,452.0,4520.0,2024-03-03
2024030305005338,CHDC,42,42,120.0,945.0,113400.0,2024-03-03
2024030301023330,NICA,57,5,470.0,407.5,191525.0,2024-03-03
2024030301023329,NICA,47,5,300.0,407.6,122280.0,2024-03-03
2024030301023328,NICA,36,5,230.0,408.0,93840.0,2024-03-03
2024030304008877,AKPL,6,21,78.0,173.6,13540.8,2024-03-03
2024030304008876,AKPL,58,21,87.0,173.6,15103.2,2024-03-03
2024030304008875,AKPL,34,21,300.0,173.7,52110.0,2024-03-03
2024030304008874,AKPL,26,21,100.0,173.7,17370.0,2024-03-03
2024030304008873,AKPL,54,21,400.0,174.0,69600.0,2024-03-03
2024030304008872,AKPL,47,21,15.0,174.0,2610.0,2024-03-03
2024030304008871,AKPL,34,21,300.0,174.0,52200.0,2024-03-03
2024030304008870,AKPL,51,21,290.0,174.0,50460.0,2024-03-03
2024030304008869,AKPL,57,21,15.0,174.0,2610.0,2024-03-03
2024030304008868,AKPL,34,21,100.0,174.0,17400.0,2024-03-03
2024030304008867,AKPL,45,21,50.0,174.0,8700.0,2024-03-03
2024030304008866,AKPL,41,21,100.0,174.5,17450.0,2024-03-03
2024030304008865,AKPL,8,21,155.0,174.5,27047.5,2024-03-03
2024030304008864,AKPL,57,21,10.0,174.5,1745.0,2024-03-03
2024030301023327,CLI,16,37,10.0,420.2,4202.0,2024-03-03
2024030303006241,DDBL,42,58,51.0,729.0,37179.0,2024-03-03
2024030303006240,DDBL,54,58,10.0,729.1,7291.0,2024-03-03
2024030305005337,NMB50,17,7,100.0,9.6,960.0,2024-03-03
2024030301023326,CLI,21,1,10.0,421.0,4210.0,2024-03-03
2024030304008863,API,7,21,30.0,175.0,5250.0,2024-03-03
2024030301023325,SBL,37,1,69.0,214.2,14779.8,2024-03-03
2024030301023324,SBL,39,1,10.0,214.2,2142.0,2024-03-03
2024030301023323,GBIME,56,26,215.0,181.0,38915.0,2024-03-03
2024030305005336,NIFRA,62,14,151.0,201.1,30366.1,2024-03-03
2024030305005335,NIFRA,47,14,50.0,201.2,10060.0,2024-03-03
2024030303006239,HLI,57,39,50.0,373.8,18690.0,2024-03-03
2024030303006238,SJLIC,34,33,10.0,439.0,4390.0,2024-03-03
2024030303006237,GILB,38,29,33.0,755.0,24915.0,2024-03-03
2024030303006236,KRBL,88,26,140.0,351.1,49154.0,2024-03-03
2024030305005334,HRL,69,43,20.0,596.1,11922.0,2024-03-03
2024030304008862,KKHC,17,19,300.0,233.0,69900.0,2024-03-03
2024030304008861,KKHC,48,19,100.0,233.0,23300.0,2024-03-03
2024030304008860,KKHC,58,19,500.0,233.1,116550.0,2024-03-03
2024030304008859,KKHC,43,19,500.0,233.6,116800.0,2024-03-03
2024030304008858,KKHC,57,19,10.0,233.7,2337.0,2024-03-03
2024030304008857,KKHC,22,19,20.0,234.3,4686.0,2024-03-03
2024030301023322,SMJC,19,37,50.0,365.0,18250.0,2024-03-03
2024030301023321,SONA,5,42,10.0,452.0,4520.0,2024-03-03
2024030301023320,BHL,42,20,500.0,312.8,156400.0,2024-03-03
2024030303006235,ILBS,62,58,19.0,661.5,12568.5,2024-03-03
2024030301023319,MKCL,42,34,10.0,912.0,9120.0,2024-03-03
2024030301023318,HATHY,34,55,28.0,843.0,23604.0,2024-03-03
2024030301023317,MKCL,7,22,10.0,912.0,9120.0,2024-03-03
2024030301023316,NYADI,17,38,240.0,272.0,65280.0,2024-03-03
2024030301023315,NYADI,59,38,100.0,272.0,27200.0,2024-03-03
2024030301023314,NYADI,59,38,100.0,272.2,27220.0,2024-03-03
2024030301023313,NYADI,17,38,100.0,273.0,27300.0,2024-03-03
2024030301023312,NYADI,58,38,300.0,273.0,81900.0,2024-03-03
2024030301023311,NYADI,34,38,20.0,273.1,5462.0,2024-03-03
2024030301023310,SONA,5,25,60.0,452.0,27120.0,2024-03-03
2024030301023309,MEL,52,54,300.0,206.0,61800.0,2024-03-03
2024030305005333,CIT,42,10,20.0,2052.0,41040.0,2024-03-03
2024030301023308,CKHL,22,41,10.0,611.0,6110.0,2024-03-03
2024030301023307,NRM,45,50,488.0,344.0,167872.0,2024-03-03
2024030301023306,MBL,51,58,200.0,176.0,35200.0,2024-03-03
2024030301023305,DORDI,77,16,100.0,439.9,43990.0,2024-03-03
2024030301023304,MHCL,57,6,80.0,485.0,38800.0,2024-03-03
2024030301023303,RNLI,88,40,200.0,414.0,82800.0,2024-03-03
2024030301023302,SONA,5,13,100.0,452.0,45200.0,2024-03-03
2024030301023301,SONA,5,58,10.0,452.0,4520.0,2024-03-03
2024030301023300,SONA,5,25,50.0,451.6,22580.0,2024-03-03
2024030301023299,SONA,5,59,180.0,451.5,81270.0,2024-03-03
