transaction,symbol,buyer,seller,quantity,rate,amount,date
2025062304032341,SHL,25,55,101.0,563.0,56863.0,2025-06-23
2025062301021756,UHEWA,55,14,88.0,531.0,46728.0,2025-06-23
2025062304032340,LEC,34,45,10.0,218.5,2185.0,2025-06-23
2025062304032339,LEC,34,59,40.0,218.4,8736.0,2025-06-23
2025062304032338,SHPC,58,33,130.0,613.0,79690.0,2025-06-23
2025062304032337,SHPC,58,62,10.0,612.9,6129.0,2025-06-23
2025062304032336,RADHI,91,25,50.0,826.0,41300.0,2025-06-23
2025062304032335,RADHI,91,58,100.0,826.0,82600.0,2025-06-23
2025062304032334,RADHI,91,49,200.0,826.0,165200.0,2025-06-23
2025062304032333,RADHI,91,70,18.0,826.0,14868.0,2025-06-23
2025062304032332,RADHI,91,55,1000.0,825.9,825900.0,2025-06-23
2025062303007644,ALBSL,48,45,10.0,799.0,7990.0,2025-06-23
2025062303007643,LBBL,99,34,116.0,427.0,49532.0,2025-06-23
2025062303007642,LBBL,99,22,21.0,427.0,8967.0,2025-06-23
2025062303007641,LBBL,99,56,20.0,426.0,8520.0,2025-06-23
2025062303007640,LBBL,99,41,485.0,425.0,206125.0,2025-06-23
2025062303007639,LBBL,99,45,358.0,425.0,152150.0,2025-06-23
2025062303007638,CBBL,42,28,10.0,876.0,8760.0,2025-06-23
2025062304032331,SSHL,45,58,735.0,245.0,180075.0,2025-06-23
2025062304032330,SSHL,57,58,74.0,245.0,18130.0,2025-06-23
2025062301021755,BHL,37,64,695.0,208.5,144907.5,2025-06-23
2025062301021754,BHL,52,64,100.0,208.5,20850.0,2025-06-23
2025062301021753,BHL,40,64,405.0,208.5,84442.5,2025-06-23
2025062303007637,NMLBBL,42,40,16.0,630.6,10089.6,2025-06-23
2025062303007636,SIFC,37,32,10.0,521.0,5210.0,2025-06-23
2025062301021752,SBL,50,52,10.0,305.0,3050.0,2025-06-23
2025062305009090,GCIL,60,47,30.0,498.0,14940.0,2025-06-23
2025062304032329,SHEL,58,26,300.0,307.0,92100.0,2025-06-23
2025062304032328,HURJA,8,81,100.0,256.0,25600.0,2025-06-23
2025062304032327,PRIN,45,39,20.0,850.0,17000.0,2025-06-23
2025062303007635,SLBSL,56,22,192.0,1310.0,251520.0,2025-06-23
2025062303007634,SLBSL,56,10,14.0,1310.0,18340.0,2025-06-23
2025062303007633,SLBSL,56,40,100.0,1309.6,130960.0,2025-06-23
2025062303007632,SLBSL,56,22,194.0,1308.0,253752.0,2025-06-23
2025062301021751,HIDCLP,52,51,250.0,209.8,52450.0,2025-06-23
2025062301021750,HIDCLP,52,8,1750.0,209.7,366975.0,2025-06-23
2025062304032326,UAIL,11,49,25.0,573.9,14347.5,2025-06-23
2025062304032325,SHEL,94,49,9500.0,308.0,2926000.0,2025-06-23
2025062304032324,SHEL,94,22,500.0,307.4,153700.0,2025-06-23
2025062303007631,BFC,42,49,85.0,469.0,39865.0,2025-06-23
2025062301021749,SHLB,14,56,10.0,1794.0,17940.0,2025-06-23
2025062301021748,NICA,36,42,146.0,337.3,49245.8,2025-06-23
2025062301021747,NICA,8,42,59.0,337.3,19900.7,2025-06-23
2025062301021746,NICA,35,42,425.0,337.3,143352.5,2025-06-23
2025062301021745,NICA,51,42,10.0,337.5,3375.0,2025-06-23
2025062301021744,NICA,25,42,10.0,337.5,3375.0,2025-06-23
2025062301021743,NICA,42,42,350.0,337.5,118125.0,2025-06-23
2025062304032323,BPCL,56,57,50.0,832.0,41600.0,2025-06-23
2025062304032322,RHPL,72,57,980.0,380.1,372498.0,2025-06-23
2025062304032321,RHPL,5,57,20.0,382.0,7640.0,2025-06-23
2025062301021742,PRVU,57,55,100.0,200.8,20080.0,2025-06-23
2025062304032320,NGPL,34,58,1000.0,406.0,406000.0,2025-06-23
2025062305009089,PHCL,6,37,150.0,494.8,74220.0,2025-06-23
2025062304032319,UPPER,7,57,150.0,196.0,29400.0,2025-06-23
2025062304032318,UNHPL,56,67,10.0,426.0,4260.0,2025-06-23
2025062304032317,UNHPL,53,67,277.0,426.0,118002.0,2025-06-23
2025062304032316,MEN,48,5,396.0,594.0,235224.0,2025-06-23
2025062304032315,MEN,48,44,290.0,593.8,172202.0,2025-06-23
2025062304032314,MEN,48,45,1000.0,593.5,593500.0,2025-06-23
2025062304032313,MEN,48,34,300.0,593.4,178020.0,2025-06-23
2025062304032312,MEN,48,49,14.0,593.0,8302.0,2025-06-23
2025062304032311,RIDI,51,32,10.0,270.0,2700.0,2025-06-23
2025062304032310,API,64,26,12.0,293.0,3516.0,2025-06-23
2025062304032309,API,64,42,61.0,293.0,17873.0,2025-06-23
2025062304032308,API,64,48,15.0,292.3,4384.5,2025-06-23
2025062305009088,SMJC,19,6,10.0,526.2,5262.0,2025-06-23
2025062304032307,API,64,49,50.0,292.0,14600.0,2025-06-23
2025062301021741,TAMOR,45,74,10.0,521.0,5210.0,2025-06-23
2025062304032306,NGPL,45,1,18.0,406.3,7313.4,2025-06-23
2025062303007630,GRDBL,49,1,70.0,1165.0,81550.0,2025-06-23
2025062304032305,UPCL,60,81,730.0,417.8,304994.0,2025-06-23
2025062304032304,UPCL,42,81,300.0,418.0,125400.0,2025-06-23
2025062304032303,UPCL,58,81,100.0,418.0,41800.0,2025-06-23
2025062304032302,UPCL,96,81,250.0,418.0,104500.0,2025-06-23
2025062304032301,UPCL,52,81,250.0,418.0,104500.0,2025-06-23
2025062304032300,UPCL,52,81,450.0,418.0,188100.0,2025-06-23
2025062304032299,UPCL,54,81,300.0,418.1,125430.0,2025-06-23
2025062304032298,UPCL,44,81,120.0,418.1,50172.0,2025-06-23
2025062304032297,AKPL,56,98,10.0,261.0,2610.0,2025-06-23
2025062304032296,AKPL,56,48,50.0,260.9,13045.0,2025-06-23
2025062304032295,SHPC,45,56,70.0,612.0,42840.0,2025-06-23
2025062301021740,GMLI,55,63,100.0,2216.0,221600.0,2025-06-23
2025062304032294,GLH,58,41,50.0,262.0,13100.0,2025-06-23
2025062304032293,GLH,58,45,60.0,262.0,15720.0,2025-06-23
2025062301021739,SIKLES,57,34,10.0,839.0,8390.0,2025-06-23
2025062301021738,SIKLES,57,34,10.0,839.0,8390.0,2025-06-23
2025062301021737,SIKLES,57,38,10.0,835.0,8350.0,2025-06-23
2025062301021736,SIKLES,57,38,10.0,831.0,8310.0,2025-06-23
2025062301021735,SIKLES,57,22,10.0,830.0,8300.0,2025-06-23
2025062301021734,SIKLES,57,58,10.0,828.0,8280.0,2025-06-23
2025062301021733,NICA,53,16,50.0,337.9,16895.0,2025-06-23
2025062301021732,PURE,44,62,10.0,927.0,9270.0,2025-06-23
2025062305009087,HRL,67,35,115.0,884.9,101763.5,2025-06-23
2025062305009086,HRL,94,35,65.0,885.0,57525.0,2025-06-23
2025062301021731,PURE,44,7,10.0,927.0,9270.0,2025-06-23
2025062304032292,SSHL,57,75,100.0,245.0,24500.0,2025-06-23
2025062301021730,CREST,48,55,10.0,1320.0,13200.0,2025-06-23
2025062303007629,GBLBS,52,86,40.0,784.0,31360.0,2025-06-23
2025062303007628,GBLBS,41,86,10.0,785.0,7850.0,2025-06-23
2025062303007627,CORBL,4,45,10.0,2148.0,21480.0,2025-06-23
2025062303007626,GRDBL,44,1,127.0,1165.0,147955.0,2025-06-23
2025062303007625,GRDBL,47,1,50.0,1165.0,58250.0,2025-06-23
2025062303007624,GRDBL,45,1,10.0,1165.0,11650.0,2025-06-23
2025062303007623,GRDBL,47,1,50.0,1165.0,58250.0,2025-06-23
2025062304032291,RADHI,3,99,78.0,825.3,64373.4,2025-06-23
2025062304032290,RADHI,3,99,322.0,825.5,265811.0,2025-06-23
2025062304032289,RADHI,3,99,400.0,825.6,330240.0,2025-06-23
2025062305009085,NTC,51,14,7.0,843.0,5901.0,2025-06-23
2025062303007622,NLICL,21,51,328.0,563.0,184664.0,2025-06-23
2025062303007621,NLICL,48,51,100.0,563.1,56310.0,2025-06-23
2025062305009084,CHDC,11,17,10.0,2552.0,25520.0,2025-06-23
2025062301021729,JBLB,11,57,48.0,1285.0,61680.0,2025-06-23
2025062301021728,TPC,49,39,45.0,358.0,16110.0,2025-06-23
2025062304032288,CHCL,64,25,100.0,544.9,54490.0,2025-06-23
2025062301021727,UHEWA,85,42,11.0,535.0,5885.0,2025-06-23
2025062305009083,HRL,13,44,10.0,885.1,8851.0,2025-06-23
2025062304032287,BPCL,56,58,41.0,832.0,34112.0,2025-06-23
2025062304032286,BPCL,56,1,200.0,831.9,166380.0,2025-06-23
2025062303007620,SIFC,57,32,10.0,521.0,5210.0,2025-06-23
2025062304032285,API,57,49,40.0,292.0,11680.0,2025-06-23
2025062301021726,SGHC,39,43,10.0,413.8,4138.0,2025-06-23
2025062301021725,CZBIL,32,46,480.0,201.1,96528.0,2025-06-23
2025062301021724,CZBIL,38,46,20.0,201.1,4022.0,2025-06-23
2025062304032284,UAIL,34,19,25.0,574.0,14350.0,2025-06-23
2025062305009082,SHIVM,35,70,50.0,503.5,25175.0,2025-06-23
2025062301021723,PURE,44,59,10.0,927.0,9270.0,2025-06-23
2025062305009081,ILI,41,91,126.0,436.3,54973.8,2025-06-23
2025062305009080,ILI,17,91,66.0,436.4,28802.4,2025-06-23
2025062305009079,ILI,35,91,100.0,436.5,43650.0,2025-06-23
2025062305009078,ILI,42,91,80.0,436.5,34920.0,2025-06-23
2025062305009077,ILI,32,91,376.0,436.5,164124.0,2025-06-23
2025062305009076,ILI,49,91,15.0,436.7,6550.5,2025-06-23
2025062305009075,ILI,38,91,210.0,437.0,91770.0,2025-06-23
2025062305009074,ILI,58,91,27.0,437.0,11799.0,2025-06-23
2025062303007619,GMFIL,63,48,50.0,478.5,23925.0,2025-06-23
2025062303007618,GMFIL,6,48,20.0,478.5,9570.0,2025-06-23
2025062303007617,GMFIL,63,48,50.0,478.8,23940.0,2025-06-23
2025062304032283,GLH,1,45,10.0,262.0,2620.0,2025-06-23
2025062304032282,JOSHI,58,72,100.0,383.4,38340.0,2025-06-23
2025062304032281,JOSHI,34,72,20.0,383.4,7668.0,2025-06-23
2025062304032280,JOSHI,38,72,50.0,383.4,19170.0,2025-06-23
2025062304032279,JOSHI,38,72,100.0,383.4,38340.0,2025-06-23
2025062304032278,JOSHI,51,72,400.0,383.4,153360.0,2025-06-23
2025062304032277,JOSHI,19,72,923.0,383.4,353878.2,2025-06-23
2025062304032276,MHNL,32,50,100.0,259.6,25960.0,2025-06-23
2025062304032275,UMHL,75,32,21.0,542.0,11382.0,2025-06-23
2025062303007616,MDB,26,58,30.0,573.0,17190.0,2025-06-23
2025062301021722,RHGCL,28,22,10.0,315.0,3150.0,2025-06-23
2025062303007615,GBLBS,22,51,17.0,789.9,13428.3,2025-06-23
2025062303007614,RLFL,41,1,10.0,470.0,4700.0,2025-06-23
2025062304032274,PMHPL,50,42,51.0,396.0,20196.0,2025-06-23
2025062304032273,PMHPL,47,42,89.0,396.1,35252.9,2025-06-23
2025062303007613,JSLBB,69,38,10.0,1274.0,12740.0,2025-06-23
2025062303007612,USLB,25,35,33.0,1767.0,58311.0,2025-06-23
2025062304032272,SHEL,58,67,500.0,307.0,153500.0,2025-06-23
2025062304032271,NGPL,11,36,200.0,406.2,81240.0,2025-06-23
2025062304032270,SHEL,58,36,277.0,307.0,85039.0,2025-06-23
2025062304032269,SHEL,50,36,223.0,307.0,68461.0,2025-06-23
2025062305009073,LUK,32,39,10000.0,9.96,99600.0,2025-06-23
2025062304032268,NGPL,38,32,190.0,405.5,77045.0,2025-06-23
2025062304032267,NGPL,49,32,10.0,405.8,4058.0,2025-06-23
2025062304032266,NGPL,59,32,300.0,405.9,121770.0,2025-06-23
2025062304032265,NGPL,57,32,100.0,405.9,40590.0,2025-06-23
2025062304032264,NGPL,48,32,3500.0,406.0,1421000.0,2025-06-23
2025062304032263,NGPL,22,32,100.0,406.0,40600.0,2025-06-23
2025062304032262,NGPL,17,32,250.0,406.0,101500.0,2025-06-23
2025062304032261,NGPL,1,32,50.0,406.0,20300.0,2025-06-23
2025062304032260,NGPL,37,32,500.0,406.3,203150.0,2025-06-23
2025062304032259,SPDL,38,38,28.0,421.5,11802.0,2025-06-23
2025062303007611,ALICL,17,16,170.0,497.0,84490.0,2025-06-23
2025062303007610,ALICL,43,16,30.0,497.0,14910.0,2025-06-23
2025062304032258,SPDL,85,38,72.0,421.5,30348.0,2025-06-23
2025062304032257,SPDL,85,38,37.0,421.5,15595.5,2025-06-23
2025062304032256,SPDL,85,26,421.0,421.0,177241.0,2025-06-23
2025062304032255,SPDL,85,48,70.0,421.0,29470.0,2025-06-23
2025062303007609,SIFC,13,64,61.0,518.0,31598.0,2025-06-23
2025062304032254,UNHPL,53,13,100.0,426.0,42600.0,2025-06-23
2025062303007608,ALICL,42,56,83.0,498.0,41334.0,2025-06-23
2025062301021721,MBL,42,7,100.0,213.6,21360.0,2025-06-23
2025062304032253,NGPL,42,58,1000.0,407.0,407000.0,2025-06-23
2025062303007607,SHINE,46,42,11.0,398.0,4378.0,2025-06-23
2025062303007606,SHINE,58,42,50.0,398.1,19905.0,2025-06-23
2025062303007605,SHINE,49,42,29.0,400.0,11600.0,2025-06-23
2025062303007604,SHINE,42,42,100.0,400.0,40000.0,2025-06-23
2025062303007603,SHINE,57,42,10.0,400.0,4000.0,2025-06-23
2025062301021720,MHCL,42,54,10.0,424.0,4240.0,2025-06-23
2025062305009072,SONA,58,43,248.0,445.0,110360.0,2025-06-23
2025062305009071,SONA,41,43,20.0,445.0,8900.0,2025-06-23
2025062305009070,SONA,34,43,250.0,445.0,111250.0,2025-06-23
2025062305009069,SONA,38,43,252.0,445.0,112140.0,2025-06-23
2025062305009068,SONA,41,43,140.0,445.1,62314.0,2025-06-23
2025062305009067,SONA,42,43,100.0,445.1,44510.0,2025-06-23
2025062303007602,GLBSL,34,70,10.0,2144.2,21442.0,2025-06-23
2025062304032252,SALICO,22,6,14.0,669.0,9366.0,2025-06-23
2025062304032251,SALICO,7,6,16.0,669.1,10705.6,2025-06-23
2025062301021719,NMIC,35,11,30.0,1576.0,47280.0,2025-06-23
2025062305009066,HIDCL,47,17,201.0,291.5,58591.5,2025-06-23
2025062305009065,HIDCL,3,17,100.0,291.6,29160.0,2025-06-23
2025062305009064,HIDCL,49,17,100.0,292.0,29200.0,2025-06-23
2025062305009063,HIDCL,58,17,172.0,292.0,50224.0,2025-06-23
2025062305009062,HIDCL,56,17,70.0,292.0,20440.0,2025-06-23
2025062305009061,HIDCL,35,17,157.0,292.0,45844.0,2025-06-23
2025062304032250,GLH,21,100,500.0,261.0,130500.0,2025-06-23
2025062301021718,RAWA,75,37,200.0,794.9,158980.0,2025-06-23
2025062301021717,CREST,16,55,10.0,1319.0,13190.0,2025-06-23
2025062301021716,NMIC,19,11,40.0,1576.0,63040.0,2025-06-23
2025062301021715,NMIC,43,11,10.0,1576.0,15760.0,2025-06-23
2025062304032249,RIDI,7,29,200.0,267.0,53400.0,2025-06-23
2025062304032248,NHPC,22,39,369.0,213.5,78781.5,2025-06-23
2025062304032247,NHPC,25,39,31.0,213.6,6621.6,2025-06-23
2025062305009060,MBJC,56,95,707.0,328.3,232108.1,2025-06-23
2025062301021714,BHL,40,58,95.0,208.5,19807.5,2025-06-23
2025062304032246,SHEL,50,44,200.0,307.0,61400.0,2025-06-23
2025062305009059,HIDCL,38,49,500.0,292.8,146400.0,2025-06-23
2025062304032245,IGI,45,45,42.0,516.3,21684.6,2025-06-23
2025062304032244,IGI,52,45,110.0,516.4,56804.0,2025-06-23
2025062301021713,BHL,52,58,25.0,208.5,5212.5,2025-06-23
2025062305009058,ILI,58,45,73.0,437.0,31901.0,2025-06-23
2025062305009057,ILI,42,45,25.0,437.0,10925.0,2025-06-23
2025062305009056,ILI,19,45,100.0,437.0,43700.0,2025-06-23
2025062305009055,ILI,36,45,40.0,437.0,17480.0,2025-06-23
2025062305009054,ILI,36,45,30.0,437.0,13110.0,2025-06-23
2025062305009053,ILI,59,45,41.0,437.0,17917.0,2025-06-23
2025062304032243,SSHL,57,49,100.0,245.0,24500.0,2025-06-23
2025062305009052,HIDCL,35,97,343.0,292.0,100156.0,2025-06-23
2025062305009051,HIDCL,45,97,100.0,292.0,29200.0,2025-06-23
2025062305009050,HIDCL,6,97,200.0,292.0,58400.0,2025-06-23
2025062305009049,HIDCL,35,97,57.0,292.0,16644.0,2025-06-23
2025062304032242,AKPL,97,48,150.0,260.9,39135.0,2025-06-23
2025062304032241,AKPL,97,16,50.0,260.5,13025.0,2025-06-23
2025062301021712,NIMB,41,22,358.0,206.9,74070.2,2025-06-23
2025062304032240,AHPC,14,43,10.0,287.7,2877.0,2025-06-23
2025062303007601,JFL,62,69,307.0,465.0,142755.0,2025-06-23
2025062304032239,NIL,57,64,10.0,670.0,6700.0,2025-06-23
2025062304032238,NIL,57,48,25.0,670.0,16750.0,2025-06-23
2025062304032237,SICL,34,99,24.0,724.0,17376.0,2025-06-23
2025062305009048,HIDCL,35,49,500.0,292.8,146400.0,2025-06-23
2025062304032236,SSHL,59,86,1949.0,246.0,479454.0,2025-06-23
2025062304032235,SSHL,59,43,500.0,246.0,123000.0,2025-06-23
2025062304032234,SSHL,59,59,40.0,246.0,9840.0,2025-06-23
2025062304032233,SSHL,59,41,25.0,246.0,6150.0,2025-06-23
2025062304032232,SSHL,59,8,491.0,246.0,120786.0,2025-06-23
2025062304032231,SSHL,59,29,92.0,246.0,22632.0,2025-06-23
2025062304032230,SSHL,59,71,1000.0,245.8,245800.0,2025-06-23
2025062304032229,SSHL,59,39,100.0,245.6,24560.0,2025-06-23
2025062304032228,SSHL,59,39,462.0,245.5,113421.0,2025-06-23
2025062304032227,SSHL,59,59,30.0,245.5,7365.0,2025-06-23
2025062304032226,SSHL,59,40,251.0,245.5,61620.5,2025-06-23
2025062304032225,SSHL,59,42,60.0,245.5,14730.0,2025-06-23
2025062304032224,SPDL,19,7,68.0,419.7,28539.6,2025-06-23
2025062304032223,SPDL,89,7,500.0,420.0,210000.0,2025-06-23
2025062304032222,SPDL,57,7,10.0,420.0,4200.0,2025-06-23
2025062304032221,SPDL,62,7,22.0,420.0,9240.0,2025-06-23
2025062304032220,MEN,80,49,200.0,593.0,118600.0,2025-06-23
2025062301021711,PURE,44,48,10.0,927.0,9270.0,2025-06-23
2025062301021710,KBL,49,4,100.0,202.0,20200.0,2025-06-23
2025062305009047,GCIL,22,29,294.0,497.0,146118.0,2025-06-23
2025062305009046,GCIL,32,29,78.0,497.0,38766.0,2025-06-23
2025062305009045,GCIL,62,29,128.0,497.3,63654.4,2025-06-23
2025062301021709,RFPL,72,66,190.0,579.0,110010.0,2025-06-23
2025062301021708,RFPL,72,49,10.0,576.0,5760.0,2025-06-23
2025062305009044,SONA,54,45,50.0,448.0,22400.0,2025-06-23
2025062301021707,HIDCLP,60,8,100.0,209.7,20970.0,2025-06-23
2025062303007600,MFIL,6,13,100.0,580.1,58010.0,2025-06-23
2025062304032219,CGH,22,10,10.0,968.9,9689.0,2025-06-23
2025062304032218,AKJCL,7,41,50.0,210.0,10500.0,2025-06-23
2025062303007599,SINDU,49,64,100.0,764.0,76400.0,2025-06-23
2025062301021706,TAMOR,45,74,100.0,521.1,52110.0,2025-06-23
2025062303007598,SAPDBL,62,58,25.0,919.0,22975.0,2025-06-23
2025062301021705,BHDC,32,35,120.0,443.3,53196.0,2025-06-23
2025062301021704,BHDC,48,35,500.0,443.4,221700.0,2025-06-23
2025062301021703,BHDC,38,35,50.0,444.0,22200.0,2025-06-23
2025062301021702,BHDC,52,35,100.0,444.0,44400.0,2025-06-23
2025062304032217,UPPER,41,57,25.0,196.0,4900.0,2025-06-23
2025062304032216,PMHPL,66,48,12.0,396.9,4762.8,2025-06-23
2025062304032215,PMHPL,66,57,15.0,396.8,5952.0,2025-06-23
2025062305009043,SHIVM,32,70,65.0,504.0,32760.0,2025-06-23
2025062304032214,PPCL,16,44,185.0,357.1,66063.5,2025-06-23
2025062304032213,PPCL,39,44,500.0,357.2,178600.0,2025-06-23
2025062304032212,PPCL,52,44,50.0,357.3,17865.0,2025-06-23
2025062304032211,RHPL,5,58,80.0,382.0,30560.0,2025-06-23
2025062303007597,SIFC,45,64,30.0,518.0,15540.0,2025-06-23
2025062305009042,PHCL,60,22,150.0,491.1,73665.0,2025-06-23
2025062304032210,RADHI,3,63,100.0,825.6,82560.0,2025-06-23
2025062304032209,RADHI,80,63,100.0,825.6,82560.0,2025-06-23
2025062301021701,CREST,16,58,10.0,1319.0,13190.0,2025-06-23
2025062304032208,SSHL,63,42,200.0,245.5,49100.0,2025-06-23
2025062303007596,GFCL,38,57,15.0,609.5,9142.5,2025-06-23
2025062304032207,SSHL,34,48,100.0,245.4,24540.0,2025-06-23
2025062303007595,SKBBL,34,44,10.0,789.0,7890.0,2025-06-23
2025062305009041,STC,34,54,13.0,5000.0,65000.0,2025-06-23
2025062304032206,UPCL,44,58,340.0,418.1,142154.0,2025-06-23
2025062304032205,UPCL,60,58,500.0,418.2,209100.0,2025-06-23
2025062304032204,UPCL,37,58,10.0,418.2,4182.0,2025-06-23
2025062304032203,UPCL,3,58,150.0,418.2,62730.0,2025-06-23
2025062303007594,GMFIL,59,28,10.0,484.5,4845.0,2025-06-23
2025062304032202,SSHL,57,41,500.0,245.0,122500.0,2025-06-23
2025062304032201,GHL,21,62,100.0,251.0,25100.0,2025-06-23
2025062303007593,GILB,58,99,40.0,1230.0,49200.0,2025-06-23
2025062301021700,BHL,36,1,100.0,208.4,20840.0,2025-06-23
2025062303007592,SFCL,57,39,225.0,472.0,106200.0,2025-06-23
2025062303007591,SFCL,54,39,25.0,472.7,11817.5,2025-06-23
2025062303007590,SFCL,21,39,100.0,472.7,47270.0,2025-06-23
2025062303007589,HLBSL,54,42,50.0,916.0,45800.0,2025-06-23
2025062304032200,BARUN,38,33,20.0,383.0,7660.0,2025-06-23
2025062303007588,NMLBBL,45,98,10.0,631.0,6310.0,2025-06-23
2025062304032199,KPCL,49,99,200.0,564.0,112800.0,2025-06-23
2025062301021699,SRLI,44,58,100.0,394.0,39400.0,2025-06-23
2025062303007587,JFL,62,57,311.0,465.0,144615.0,2025-06-23
2025062303007586,NLIC,17,45,95.0,730.0,69350.0,2025-06-23
2025062303007585,NLIC,17,56,105.0,730.0,76650.0,2025-06-23
2025062303007584,WNLB,17,6,10.0,1849.0,18490.0,2025-06-23
2025062305009040,SMATA,4,49,10.0,775.0,7750.0,2025-06-23
2025062305009039,NTC,44,37,120.0,842.0,101040.0,2025-06-23
2025062305009038,NTC,39,37,30.0,842.1,25263.0,2025-06-23
2025062305009037,HRL,32,44,200.0,885.1,177020.0,2025-06-23
2025062301021698,SRLI,19,58,10.0,394.0,3940.0,2025-06-23
2025062304032198,BPCL,75,38,82.0,829.0,67978.0,2025-06-23
2025062304032197,BPCL,29,38,97.0,830.0,80510.0,2025-06-23
2025062304032196,BPCL,7,38,341.0,831.0,283371.0,2025-06-23
2025062305009036,HATHY,38,22,10.0,1216.0,12160.0,2025-06-23
2025062305009035,HATHY,38,14,40.0,1208.0,48320.0,2025-06-23
2025062305009034,HATHY,38,39,10.0,1208.0,12080.0,2025-06-23
2025062305009033,HATHY,38,56,139.0,1207.9,167898.1,2025-06-23
2025062303007583,NMFBS,43,8,766.0,1210.1,926936.6,2025-06-23
2025062305009032,HRL,94,52,100.0,885.0,88500.0,2025-06-23
2025062305009031,HRL,94,26,35.0,885.0,30975.0,2025-06-23
2025062305009030,NRIC,58,52,25.0,1217.0,30425.0,2025-06-23
2025062305009029,NRIC,28,52,50.0,1217.0,60850.0,2025-06-23
2025062305009028,NIFRA,22,26,30.0,273.0,8190.0,2025-06-23
2025062301021697,NABIL,49,25,73.0,487.1,35558.3,2025-06-23
2025062301021696,NABIL,45,25,200.0,487.2,97440.0,2025-06-23
2025062301021695,NABIL,41,25,27.0,487.2,13154.4,2025-06-23
2025062301021694,PRVU,36,57,300.0,200.0,60000.0,2025-06-23
2025062305009027,HRL,67,34,100.0,884.9,88490.0,2025-06-23
2025062301021693,BHL,35,58,100.0,208.5,20850.0,2025-06-23
2025062304032195,CHL,35,39,157.0,302.9,47555.3,2025-06-23
2025062301021692,SPL,7,21,20.0,795.0,15900.0,2025-06-23
2025062301021691,SPL,7,48,30.0,794.0,23820.0,2025-06-23
2025062303007582,LBBL,99,45,42.0,425.0,17850.0,2025-06-23
2025062303007581,LBBL,99,35,59.0,425.0,25075.0,2025-06-23
2025062303007580,LBBL,99,22,154.0,425.0,65450.0,2025-06-23
2025062303007579,LBBL,99,48,115.0,425.0,48875.0,2025-06-23
2025062303007578,LBBL,99,86,90.0,424.7,38223.0,2025-06-23
2025062303007577,LBBL,99,1,30.0,424.6,12738.0,2025-06-23
2025062303007576,LBBL,99,28,50.0,424.0,21200.0,2025-06-23
2025062303007575,LBBL,99,4,430.0,424.0,182320.0,2025-06-23
2025062303007574,LBBL,99,1,20.0,423.9,8478.0,2025-06-23
2025062303007573,LBBL,99,39,1000.0,422.9,422900.0,2025-06-23
2025062303007572,LBBL,99,1,10.0,422.9,4229.0,2025-06-23
2025062303007571,LBBL,3,28,200.0,422.0,84400.0,2025-06-23
2025062303007570,LBBL,3,100,480.0,422.0,202560.0,2025-06-23
2025062301021690,MKHC,51,6,100.0,416.0,41600.0,2025-06-23
2025062303007569,FOWAD,51,57,67.0,1085.0,72695.0,2025-06-23
2025062304032194,UMHL,75,11,50.0,542.0,27100.0,2025-06-23
2025062304032193,HURJA,29,71,62.0,255.9,15865.8,2025-06-23
2025062301021689,HIDCLP,50,8,150.0,209.7,31455.0,2025-06-23
2025062301021688,HIDCLP,50,57,100.0,209.7,20970.0,2025-06-23
2025062304032192,SHEL,19,32,200.0,307.1,61420.0,2025-06-23
2025062303007568,SAPDBL,14,58,50.0,919.0,45950.0,2025-06-23
2025062304032191,UPPER,51,33,452.0,195.7,88456.4,2025-06-23
2025062304032190,UPPER,51,33,48.0,195.7,9393.6,2025-06-23
2025062305009026,SAHAS,52,60,429.0,546.9,234620.1,2025-06-23
2025062305009025,SAHAS,52,97,41.0,545.0,22345.0,2025-06-23
2025062303007567,BFC,45,49,400.0,469.0,187600.0,2025-06-23
2025062305009024,CLI,45,8,10.0,453.0,4530.0,2025-06-23
2025062303007566,SFCL,49,57,95.0,473.0,44935.0,2025-06-23
2025062303007565,NICLBSL,22,11,10.0,607.0,6070.0,2025-06-23
2025062301021687,BEDC,64,69,557.0,633.0,352581.0,2025-06-23
2025062304032189,SHEL,50,42,50.0,307.0,15350.0,2025-06-23
2025062303007564,LBBL,34,100,10.0,422.0,4220.0,2025-06-23
2025062303007563,RSDC,34,74,10.0,654.9,6549.0,2025-06-23
2025062301021686,RHGCL,59,35,240.0,318.0,76320.0,2025-06-23
2025062301021685,RHGCL,59,33,200.0,318.0,63600.0,2025-06-23
2025062301021684,RHGCL,59,34,30.0,318.0,9540.0,2025-06-23
2025062301021683,RHGCL,59,100,30.0,315.3,9459.0,2025-06-23
2025062304032188,KPCL,57,99,50.0,564.0,28200.0,2025-06-23
2025062304032187,UPPER,58,57,255.0,196.0,49980.0,2025-06-23
2025062303007562,MSLB,58,4,10.0,1159.0,11590.0,2025-06-23
2025062304032186,HPPL,48,48,500.0,552.0,276000.0,2025-06-23
2025062304032185,GLH,21,7,160.0,261.0,41760.0,2025-06-23
2025062301021682,NYADI,58,7,20.0,407.1,8142.0,2025-06-23
2025062304032184,BPCL,7,52,500.0,831.0,415500.0,2025-06-23
2025062304032183,BPCL,7,47,100.0,830.7,83070.0,2025-06-23
2025062304032182,BPCL,7,69,400.0,830.7,332280.0,2025-06-23
2025062301021681,NBL,72,58,46.0,250.0,11500.0,2025-06-23
2025062301021680,NBL,72,58,100.0,250.0,25000.0,2025-06-23
2025062301021679,NBL,72,26,500.0,250.0,125000.0,2025-06-23
2025062301021678,NBL,72,1,16.0,250.0,4000.0,2025-06-23
2025062301021677,NBL,72,57,159.0,250.0,39750.0,2025-06-23
2025062301021676,NBL,72,49,51.0,250.0,12750.0,2025-06-23
2025062301021675,NBL,72,41,25.0,250.0,6250.0,2025-06-23
2025062301021674,NBL,72,58,103.0,250.0,25750.0,2025-06-23
2025062303007561,KSBBL,38,52,21.0,443.0,9303.0,2025-06-23
2025062301021673,RHGCL,33,100,100.0,315.3,31530.0,2025-06-23
2025062301021672,MANDU,16,52,25.0,851.1,21277.5,2025-06-23
2025062301021671,MANDU,91,52,75.0,852.0,63900.0,2025-06-23
2025062304032181,SHEL,41,49,265.0,308.0,81620.0,2025-06-23
2025062304032180,SHEL,41,19,200.0,308.0,61600.0,2025-06-23
2025062304032179,SHEL,41,33,100.0,308.0,30800.0,2025-06-23
2025062304032178,SHEL,41,57,100.0,308.0,30800.0,2025-06-23
2025062304032177,SHEL,41,36,270.0,308.0,83160.0,2025-06-23
2025062304032176,SHEL,41,55,50.0,308.0,15400.0,2025-06-23
2025062304032175,SHEL,41,67,500.0,308.0,154000.0,2025-06-23
2025062304032174,SHEL,41,18,330.0,308.0,101640.0,2025-06-23
2025062304032173,SHEL,41,52,1000.0,307.9,307900.0,2025-06-23
2025062304032172,SHEL,41,18,100.0,307.9,30790.0,2025-06-23
2025062304032171,SHEL,41,34,1100.0,307.8,338580.0,2025-06-23
2025062304032170,SHEL,41,25,985.0,307.5,302887.5,2025-06-23
2025062305009023,SAHAS,35,97,59.0,545.0,32155.0,2025-06-23
2025062305009022,SAHAS,42,97,90.0,545.0,49050.0,2025-06-23
2025062305009021,SAHAS,34,97,10.0,545.1,5451.0,2025-06-23
2025062304032169,BPCL,29,69,403.0,830.0,334490.0,2025-06-23
2025062304032168,BPCL,7,69,50.0,830.0,41500.0,2025-06-23
2025062304032167,BPCL,21,69,500.0,830.0,415000.0,2025-06-23
2025062304032166,BPCL,17,69,47.0,830.0,39010.0,2025-06-23
2025062304032165,GHL,22,62,200.0,251.0,50200.0,2025-06-23
2025062301021670,PRVU,36,53,420.0,200.0,84000.0,2025-06-23
2025062304032164,AHPC,7,25,10.0,286.1,2861.0,2025-06-23
2025062304032163,NHPC,25,36,269.0,213.6,57458.4,2025-06-23
2025062304032162,HPPL,34,48,100.0,552.0,55200.0,2025-06-23
2025062304032161,SHEL,50,17,1000.0,307.0,307000.0,2025-06-23
2025062304032160,NGPL,42,99,800.0,407.0,325600.0,2025-06-23
2025062305009020,NIFRA,90,26,10.0,273.0,2730.0,2025-06-23
2025062304032159,SHL,71,55,920.0,563.0,517960.0,2025-06-23
2025062303007560,MFIL,6,48,50.0,580.1,29005.0,2025-06-23
2025062304032158,SSHL,57,3,20.0,245.0,4900.0,2025-06-23
2025062305009019,HIDCL,35,68,150.0,292.0,43800.0,2025-06-23
2025062305009018,HIDCL,11,68,150.0,292.0,43800.0,2025-06-23
2025062301021669,SBI,36,57,600.0,396.0,237600.0,2025-06-23
2025062304032157,NHPC,50,36,100.0,213.6,21360.0,2025-06-23
2025062305009017,SHIVM,32,1,35.0,503.5,17622.5,2025-06-23
2025062303007559,SJLIC,16,19,20.0,422.0,8440.0,2025-06-23
2025062304032156,UMHL,75,45,200.0,542.0,108400.0,2025-06-23
2025062305009016,NRN,58,83,25.0,1955.0,48875.0,2025-06-23
2025062305009015,NRN,68,83,50.0,1955.1,97755.0,2025-06-23
2025062305009014,NRN,58,83,25.0,1955.5,48887.5,2025-06-23
2025062305009013,NRN,58,83,40.0,1956.0,78240.0,2025-06-23
2025062305009012,NRN,57,83,25.0,1957.0,48925.0,2025-06-23
2025062305009011,NRN,43,83,10.0,1957.0,19570.0,2025-06-23
2025062305009010,NRN,38,83,15.0,1958.0,29370.0,2025-06-23
2025062304032155,AHPC,51,43,530.0,286.2,151686.0,2025-06-23
2025062304032154,AHPC,39,43,500.0,286.2,143100.0,2025-06-23
2025062304032153,AHPC,48,43,100.0,286.5,28650.0,2025-06-23
2025062304032152,AHPC,60,43,1830.0,287.0,525210.0,2025-06-23
2025062301021668,PURE,42,57,20.0,932.0,18640.0,2025-06-23
2025062301021667,KBL,49,6,180.0,202.0,36360.0,2025-06-23
2025062301021666,KBL,45,6,300.0,202.0,60600.0,2025-06-23
2025062304032151,KKHC,57,34,11.0,361.0,3971.0,2025-06-23
2025062304032150,MEN,42,34,317.0,590.1,187061.7,2025-06-23
2025062304032149,MEN,34,34,300.0,590.2,177060.0,2025-06-23
2025062304032148,MEN,45,34,40.0,590.2,23608.0,2025-06-23
2025062304032147,MEN,42,34,118.0,590.3,69655.4,2025-06-23
2025062304032146,MEN,55,34,300.0,590.4,177120.0,2025-06-23
2025062304032145,MEN,6,34,200.0,590.4,118080.0,2025-06-23
2025062304032144,MEN,58,34,100.0,591.0,59100.0,2025-06-23
2025062304032143,MEN,19,34,125.0,592.0,74000.0,2025-06-23
2025062304032142,UNHPL,53,59,50.0,426.0,21300.0,2025-06-23
2025062305009009,SHIVM,58,1,10.0,503.5,5035.0,2025-06-23
2025062305009008,SHIVM,42,1,145.0,503.5,73007.5,2025-06-23
2025062301021665,PRVU,36,11,10.0,200.0,2000.0,2025-06-23
2025062304032141,RURU,22,40,15.0,710.3,10654.5,2025-06-23
2025062305009007,HRL,35,26,40.0,885.0,35400.0,2025-06-23
2025062305009006,HRL,59,26,10.0,885.0,8850.0,2025-06-23
2025062305009005,HRL,49,26,13.0,885.0,11505.0,2025-06-23
2025062305009004,ENL,48,52,61.0,1053.5,64263.5,2025-06-23
2025062305009003,ENL,39,52,10.0,1053.5,10535.0,2025-06-23
2025062305009002,ENL,55,52,100.0,1053.6,105360.0,2025-06-23
2025062305009001,ENL,39,52,10.0,1053.7,10537.0,2025-06-23
2025062304032140,BARUN,29,41,90.0,384.0,34560.0,2025-06-23
2025062303007558,GRDBL,62,65,20.0,1165.0,23300.0,2025-06-23
2025062303007557,GRDBL,75,65,10.0,1170.0,11700.0,2025-06-23
2025062304032139,UAIL,49,49,50.0,574.0,28700.0,2025-06-23
2025062303007556,HLI,45,34,25.0,384.5,9612.5,2025-06-23
2025062301021664,BHDC,47,35,108.0,445.0,48060.0,2025-06-23
2025062301021663,BHDC,47,42,12.0,445.0,5340.0,2025-06-23
2025062304032138,SSHL,57,58,706.0,245.0,172970.0,2025-06-23
2025062304032137,SSHL,33,58,100.0,245.0,24500.0,2025-06-23
2025062304032136,SSHL,16,58,50.0,245.0,12250.0,2025-06-23
2025062304032135,BPCL,29,69,100.0,830.7,83070.0,2025-06-23
2025062304032134,BPCL,29,34,100.0,830.6,83060.0,2025-06-23
2025062304032133,AHPC,60,4,170.0,287.0,48790.0,2025-06-23
2025062304032132,BPCL,17,5,96.0,830.0,79680.0,2025-06-23
2025062304032131,UPPER,38,57,10.0,196.0,1960.0,2025-06-23
2025062304032130,HDHPC,58,45,300.0,198.3,59490.0,2025-06-23
2025062301021662,TPC,32,13,100.0,359.0,35900.0,2025-06-23
2025062301021661,TPC,55,13,103.0,359.0,36977.0,2025-06-23
2025062301021660,TPC,26,13,38.0,359.0,13642.0,2025-06-23
2025062303007555,MPFL,13,22,40.0,580.0,23200.0,2025-06-23
2025062303007554,SKBBL,34,70,88.0,785.0,69080.0,2025-06-23
2025062304032129,UPCL,21,81,990.0,418.9,414711.0,2025-06-23
2025062304032128,UPCL,21,57,10.0,418.8,4188.0,2025-06-23
2025062301021659,PURE,44,4,20.0,927.0,18540.0,2025-06-23
2025062301021658,PURE,58,4,30.0,928.0,27840.0,2025-06-23
2025062301021657,PURE,42,4,150.0,930.0,139500.0,2025-06-23
2025062304032127,RADHI,58,70,225.0,826.0,185850.0,2025-06-23
2025062301021656,NWCL,44,35,10.0,852.0,8520.0,2025-06-23
2025062304032126,SHEL,50,72,400.0,307.0,122800.0,2025-06-23
2025062304032125,UPCL,50,21,200.0,418.5,83700.0,2025-06-23
2025062304032124,HPPL,5,48,100.0,552.0,55200.0,2025-06-23
2025062304032123,SGIC,26,49,10.0,535.0,5350.0,2025-06-23
2025062304032122,SGIC,26,39,45.0,530.0,23850.0,2025-06-23
2025062304032121,KKHC,7,49,658.0,367.0,241486.0,2025-06-23
2025062304032120,KKHC,7,37,246.0,367.0,90282.0,2025-06-23
2025062304032119,KKHC,7,54,50.0,367.0,18350.0,2025-06-23
2025062304032118,KKHC,7,53,300.0,366.9,110070.0,2025-06-23
2025062304032117,KKHC,7,55,170.0,366.0,62220.0,2025-06-23
2025062304032116,KKHC,7,13,100.0,365.0,36500.0,2025-06-23
2025062304032115,KKHC,7,48,100.0,365.0,36500.0,2025-06-23
2025062304032114,KKHC,7,17,40.0,365.0,14600.0,2025-06-23
2025062304032113,KKHC,7,17,100.0,365.0,36500.0,2025-06-23
2025062304032112,KKHC,7,56,10.0,365.0,3650.0,2025-06-23
2025062304032111,KKHC,7,4,26.0,364.9,9487.4,2025-06-23
2025062304032110,KKHC,7,1,100.0,364.9,36490.0,2025-06-23
2025062304032109,KKHC,7,34,500.0,364.1,182050.0,2025-06-23
2025062304032108,KKHC,7,49,100.0,364.0,36400.0,2025-06-23
2025062304032107,KKHC,7,22,500.0,364.0,182000.0,2025-06-23
2025062304032106,BARUN,29,45,400.0,384.0,153600.0,2025-06-23
2025062305009000,CIT,59,22,19.0,1884.0,35796.0,2025-06-23
2025062305008999,CIT,58,22,50.0,1884.0,94200.0,2025-06-23
2025062305008998,CIT,44,22,10.0,1884.0,18840.0,2025-06-23
2025062305008997,CIT,48,22,50.0,1884.0,94200.0,2025-06-23
2025062305008996,CIT,34,22,71.0,1884.1,133771.1,2025-06-23
2025062301021655,HHL,57,52,20.0,396.0,7920.0,2025-06-23
2025062305008995,HRL,49,21,25.0,885.0,22125.0,2025-06-23
2025062304032105,BARUN,29,21,10.0,384.0,3840.0,2025-06-23
2025062301021654,SRLI,49,18,10.0,393.0,3930.0,2025-06-23
2025062303007553,BFC,88,49,10.0,469.0,4690.0,2025-06-23
2025062304032104,BARUN,28,34,67.0,385.0,25795.0,2025-06-23
2025062304032103,BARUN,28,62,240.0,385.0,92400.0,2025-06-23
2025062304032102,BARUN,28,48,193.0,384.9,74285.7,2025-06-23
2025062304032101,BARUN,28,50,500.0,384.8,192400.0,2025-06-23
2025062304032100,NGPL,42,3,442.0,407.0,179894.0,2025-06-23
2025062303007552,SAPDBL,58,58,40.0,919.0,36760.0,2025-06-23
2025062304032099,CGH,32,10,27.0,968.9,26160.3,2025-06-23
2025062304032098,CGH,32,18,10.0,968.0,9680.0,2025-06-23
2025062304032097,CGH,32,11,500.0,967.0,483500.0,2025-06-23
2025062304032096,CGH,32,44,100.0,966.0,96600.0,2025-06-23
2025062304032095,CGH,32,48,50.0,965.1,48255.0,2025-06-23
2025062304032094,CGH,32,41,50.0,965.0,48250.0,2025-06-23
2025062304032093,CGH,32,59,10.0,965.0,9650.0,2025-06-23
2025062304032092,CGH,32,51,68.0,965.0,65620.0,2025-06-23
2025062304032091,CGH,32,38,75.0,965.0,72375.0,2025-06-23
2025062304032090,CGH,32,35,50.0,964.9,48245.0,2025-06-23
2025062304032089,CGH,32,42,60.0,964.0,57840.0,2025-06-23
2025062304032088,JOSHI,19,38,77.0,383.4,29521.8,2025-06-23
2025062304032087,JOSHI,34,38,10.0,383.4,3834.0,2025-06-23
2025062304032086,JOSHI,33,38,500.0,383.4,191700.0,2025-06-23
2025062304032085,JOSHI,41,38,88.0,383.4,33739.2,2025-06-23
2025062304032084,JOSHI,65,38,80.0,383.4,30672.0,2025-06-23
2025062304032083,JOSHI,48,38,500.0,383.4,191700.0,2025-06-23
2025062304032082,JOSHI,22,38,755.0,383.4,289467.0,2025-06-23
2025062304032081,RBCL,57,52,10.0,14511.3,145113.0,2025-06-23
2025062304032080,GLH,21,41,336.0,261.0,87696.0,2025-06-23
2025062304032079,GLH,21,41,984.0,261.0,256824.0,2025-06-23
2025062301021653,CREST,58,55,20.0,1320.0,26400.0,2025-06-23
2025062304032078,UNHPL,53,17,28.0,426.0,11928.0,2025-06-23
2025062304032077,UNHPL,53,26,100.0,425.0,42500.0,2025-06-23
2025062304032076,DHPL,60,57,10.0,325.1,3251.0,2025-06-23
2025062304032075,UNHPL,35,26,100.0,425.0,42500.0,2025-06-23
2025062301021652,BHL,59,58,130.0,208.5,27105.0,2025-06-23
2025062301021651,BHL,59,13,1620.0,208.5,337770.0,2025-06-23
2025062301021650,BHL,59,44,250.0,208.4,52100.0,2025-06-23
2025062303007551,NFS,34,49,185.0,615.0,113775.0,2025-06-23
2025062304032074,MEN,80,1,100.0,592.9,59290.0,2025-06-23
2025062304032073,MEN,80,44,200.0,592.8,118560.0,2025-06-23
2025062301021649,NMB,55,35,32.0,236.0,7552.0,2025-06-23
2025062301021648,NMB,55,54,500.0,236.0,118000.0,2025-06-23
2025062304032072,SHPC,45,1,300.0,612.0,183600.0,2025-06-23
2025062304032071,UPCL,44,71,1000.0,418.1,418100.0,2025-06-23
2025062305008994,NRM,45,29,11.0,436.9,4805.9,2025-06-23
2025062304032070,PMHPL,47,95,170.0,396.1,67337.0,2025-06-23
2025062304032069,PMHPL,58,95,30.0,396.5,11895.0,2025-06-23
2025062301021647,SPC,5,58,10.0,488.0,4880.0,2025-06-23
2025062303007550,PMLI,38,58,12.0,498.9,5986.8,2025-06-23
2025062304032068,RURU,42,26,20.0,713.0,14260.0,2025-06-23
2025062304032067,RADHI,57,70,100.0,826.0,82600.0,2025-06-23
2025062304032066,HURJA,25,62,400.0,255.0,102000.0,2025-06-23
2025062304032065,HURJA,57,62,100.0,255.0,25500.0,2025-06-23
2025062304032064,HURJA,57,62,500.0,255.1,127550.0,2025-06-23
2025062301021646,PURE,42,59,10.0,930.0,9300.0,2025-06-23
2025062304032063,BPCL,17,49,47.0,830.0,39010.0,2025-06-23
2025062304032062,BPCL,17,25,10.0,830.0,8300.0,2025-06-23
2025062304032061,BPCL,17,45,100.0,830.0,83000.0,2025-06-23
2025062304032060,RADHI,56,70,36.0,826.0,29736.0,2025-06-23
2025062301021645,CREST,6,55,10.0,1320.0,13200.0,2025-06-23
2025062301021644,CREST,58,55,10.0,1320.0,13200.0,2025-06-23
2025062304032059,UPPER,51,1,760.0,195.7,148732.0,2025-06-23
2025062301021643,BHL,29,11,915.0,208.3,190594.5,2025-06-23
2025062304032058,SHEL,50,13,127.0,306.9,38976.3,2025-06-23
2025062304032057,UMHL,75,38,200.0,542.0,108400.0,2025-06-23
2025062303007549,SIFC,41,64,100.0,518.0,51800.0,2025-06-23
2025062303007548,NFS,63,49,380.0,615.0,233700.0,2025-06-23
2025062303007547,NFS,63,22,20.0,614.9,12298.0,2025-06-23
2025062304032056,AKPL,45,49,500.0,260.1,130050.0,2025-06-23
2025062304032055,SHPC,45,62,50.0,612.0,30600.0,2025-06-23
2025062301021642,MHL,48,42,10.0,568.1,5681.0,2025-06-23
2025062303007546,PFL,42,97,33.0,405.0,13365.0,2025-06-23
2025062303007545,PFL,42,4,300.0,404.9,121470.0,2025-06-23
2025062303007544,PFL,42,18,160.0,402.0,64320.0,2025-06-23
2025062305008993,MEL,57,39,100.0,300.9,30090.0,2025-06-23
2025062304032054,AKJCL,58,14,500.0,210.1,105050.0,2025-06-23
2025062303007543,GBBL,18,77,2000.0,387.0,774000.0,2025-06-23
2025062305008992,MEL,55,39,197.0,300.9,59277.3,2025-06-23
2025062305008991,MEL,55,57,203.0,300.0,60900.0,2025-06-23
2025062301021641,OMPL,11,44,20.0,1283.0,25660.0,2025-06-23
2025062304032053,CGH,44,54,100.0,963.0,96300.0,2025-06-23
2025062304032052,CGH,44,48,20.0,963.0,19260.0,2025-06-23
2025062303007542,SINDU,94,64,53.0,764.0,40492.0,2025-06-23
2025062303007541,SINDU,49,64,24.0,767.0,18408.0,2025-06-23
2025062304032051,HPPL,16,5,70.0,551.0,38570.0,2025-06-23
2025062304032050,HPPL,53,5,200.0,551.1,110220.0,2025-06-23
2025062304032049,HPPL,54,5,30.0,551.1,16533.0,2025-06-23
2025062304032048,GHL,32,62,250.0,251.0,62750.0,2025-06-23
2025062305008990,HATHY,64,49,14.0,1207.0,16898.0,2025-06-23
2025062304032047,PRIN,22,39,10.0,850.0,8500.0,2025-06-23
2025062304032046,NGPL,42,41,100.0,407.0,40700.0,2025-06-23
2025062304032045,NGPL,42,19,10.0,407.0,4070.0,2025-06-23
2025062304032044,NGPL,42,48,500.0,406.8,203400.0,2025-06-23
2025062304032043,NGPL,42,6,145.0,406.7,58971.5,2025-06-23
2025062304032042,NGPL,42,8,1002.0,406.0,406812.0,2025-06-23
2025062304032041,SPDL,57,48,10.0,421.0,4210.0,2025-06-23
2025062301021640,PURE,47,59,10.0,932.0,9320.0,2025-06-23
2025062304032040,UMHL,75,34,246.0,542.0,133332.0,2025-06-23
2025062303007540,LICN,21,29,10.0,908.0,9080.0,2025-06-23
2025062304032039,BARUN,21,48,180.0,384.9,69282.0,2025-06-23
2025062301021639,NICA,56,16,10.0,337.9,3379.0,2025-06-23
2025062303007539,JBBL,33,47,102.0,316.7,32303.4,2025-06-23
2025062303007538,JBBL,33,47,98.0,316.7,31036.6,2025-06-23
2025062305008989,HIDCL,11,5,50.0,292.0,14600.0,2025-06-23
2025062305008988,HIDCL,45,5,150.0,292.2,43830.0,2025-06-23
2025062301021638,PURE,47,40,10.0,932.0,9320.0,2025-06-23
2025062304032038,SALICO,7,46,34.0,669.1,22749.4,2025-06-23
2025062304032037,SPDL,8,48,20.0,421.0,8420.0,2025-06-23
2025062304032036,SPDL,8,1,80.0,421.0,33680.0,2025-06-23
2025062304032035,CHCL,63,25,22.0,544.9,11987.8,2025-06-23
2025062304032034,CHCL,63,19,56.0,544.8,30508.8,2025-06-23
2025062304032033,SHEL,45,13,273.0,306.9,83783.7,2025-06-23
2025062305008987,MEL,50,57,167.0,300.0,50100.0,2025-06-23
2025062305008986,MEL,14,57,630.0,300.0,189000.0,2025-06-23
2025062304032032,PPCL,59,33,558.0,360.1,200935.8,2025-06-23
2025062304032031,PPCL,59,59,500.0,360.0,180000.0,2025-06-23
2025062304032030,PPCL,59,19,1000.0,360.0,360000.0,2025-06-23
2025062304032029,PPCL,59,64,10.0,360.0,3600.0,2025-06-23
2025062304032028,PPCL,59,7,200.0,360.0,72000.0,2025-06-23
2025062304032027,PPCL,59,49,300.0,360.0,108000.0,2025-06-23
2025062304032026,PPCL,59,74,120.0,360.0,43200.0,2025-06-23
2025062304032025,PPCL,59,3,10.0,360.0,3600.0,2025-06-23
2025062304032024,PPCL,59,46,10.0,359.6,3596.0,2025-06-23
2025062304032023,PPCL,59,49,100.0,359.6,35960.0,2025-06-23
2025062304032022,PPCL,59,47,100.0,359.5,35950.0,2025-06-23
2025062304032021,PPCL,59,48,140.0,359.5,50330.0,2025-06-23
2025062304032020,PPCL,59,58,150.0,359.4,53910.0,2025-06-23
2025062304032019,PPCL,59,14,500.0,359.0,179500.0,2025-06-23
2025062304032018,PPCL,59,56,300.0,359.0,107700.0,2025-06-23
2025062304032017,PPCL,59,5,10.0,358.5,3585.0,2025-06-23
2025062304032016,PPCL,59,21,20.0,358.5,7170.0,2025-06-23
2025062304032015,PPCL,59,34,200.0,358.5,71700.0,2025-06-23
2025062304032014,PPCL,59,52,44.0,358.5,15774.0,2025-06-23
2025062304032013,PPCL,59,36,500.0,358.0,179000.0,2025-06-23
2025062304032012,PPCL,59,38,200.0,358.0,71600.0,2025-06-23
2025062304032011,PPCL,59,10,28.0,358.0,10024.0,2025-06-23
2025062301021637,PURE,47,21,10.0,932.0,9320.0,2025-06-23
2025062305008985,HRL,49,17,12.0,885.0,10620.0,2025-06-23
2025062305008984,HRL,42,17,38.0,885.0,33630.0,2025-06-23
2025062304032010,CHCL,52,17,22.0,542.0,11924.0,2025-06-23
2025062301021636,PURE,47,58,10.0,932.0,9320.0,2025-06-23
2025062301021635,TAMOR,45,60,100.0,521.2,52120.0,2025-06-23
2025062301021634,TAMOR,45,60,100.0,522.0,52200.0,2025-06-23
2025062304032009,SJCL,14,47,20.0,324.8,6496.0,2025-06-23
2025062301021633,NBL,41,58,12.0,250.0,3000.0,2025-06-23
2025062301021632,BHL,29,49,20.0,208.3,4166.0,2025-06-23
2025062305008983,RNLI,34,45,150.0,435.8,65370.0,2025-06-23
2025062301021631,GBIME,45,22,344.0,227.9,78397.6,2025-06-23
2025062304032008,UPPER,42,57,20.0,196.0,3920.0,2025-06-23
2025062304032007,UPPER,42,41,80.0,196.0,15680.0,2025-06-23
2025062304032006,PPCL,42,10,40.0,358.0,14320.0,2025-06-23
2025062304032005,HEI,35,42,10.0,568.0,5680.0,2025-06-23
2025062304032004,KKHC,57,21,100.0,361.0,36100.0,2025-06-23
2025062304032003,KKHC,1,21,100.0,361.0,36100.0,2025-06-23
2025062303007537,KSBBL,47,52,30.0,443.0,13290.0,2025-06-23
2025062301021630,GBIME,45,58,49.0,227.9,11167.1,2025-06-23
2025062303007536,GRDBL,62,58,50.0,1165.0,58250.0,2025-06-23
2025062301021629,ULHC,60,48,50.0,458.0,22900.0,2025-06-23
2025062304032002,SHPC,26,82,50.0,612.0,30600.0,2025-06-23
2025062304032001,UMHL,75,94,85.0,542.0,46070.0,2025-06-23
2025062305008982,CIT,45,41,50.0,1884.5,94225.0,2025-06-23
2025062305008981,CIT,36,41,10.0,1884.5,18845.0,2025-06-23
2025062301021628,PURE,44,45,20.0,933.0,18660.0,2025-06-23
2025062305008980,NIFRA,43,26,46.0,273.0,12558.0,2025-06-23
2025062305008979,NIFRA,43,58,54.0,273.0,14742.0,2025-06-23
2025062304032000,SICL,57,35,18.0,723.0,13014.0,2025-06-23
2025062305008978,SAHAS,34,57,90.0,545.1,49059.0,2025-06-23
2025062305008977,SHIVM,42,1,100.0,503.5,50350.0,2025-06-23
2025062304031999,UPCL,44,16,540.0,418.1,225774.0,2025-06-23
2025062304031998,SSHL,58,33,1000.0,245.0,245000.0,2025-06-23
2025062303007535,GUFL,38,34,263.0,535.6,140862.8,2025-06-23
2025062304031997,RIDI,65,32,141.0,270.0,38070.0,2025-06-23
2025062304031996,RIDI,65,64,85.0,270.0,22950.0,2025-06-23
2025062304031995,RIDI,65,63,50.0,270.0,13500.0,2025-06-23
2025062304031994,RIDI,65,44,2000.0,270.0,540000.0,2025-06-23
2025062304031993,RIDI,65,43,150.0,270.0,40500.0,2025-06-23
2025062304031992,RIDI,65,49,900.0,270.0,243000.0,2025-06-23
2025062304031991,RIDI,65,49,1000.0,270.0,270000.0,2025-06-23
2025062304031990,RIDI,65,4,174.0,270.0,46980.0,2025-06-23
2025062304031989,RIDI,65,45,500.0,268.0,134000.0,2025-06-23
2025062304031988,AKJCL,13,50,605.0,210.9,127594.5,2025-06-23
2025062304031987,AKJCL,13,59,400.0,210.7,84280.0,2025-06-23
2025062304031986,AKJCL,13,59,200.0,210.6,42120.0,2025-06-23
2025062304031985,AKJCL,13,59,375.0,210.6,78975.0,2025-06-23
2025062304031984,AKJCL,13,58,100.0,210.5,21050.0,2025-06-23
2025062304031983,AKJCL,13,51,120.0,210.5,25260.0,2025-06-23
2025062304031982,AKJCL,13,42,100.0,210.5,21050.0,2025-06-23
2025062304031981,AKJCL,13,42,100.0,210.4,21040.0,2025-06-23
2025062303007534,LICN,18,69,500.0,907.0,453500.0,2025-06-23
2025062303007533,MNBBL,45,34,10.0,356.5,3565.0,2025-06-23
2025062304031980,UPPER,51,22,300.0,195.7,58710.0,2025-06-23
2025062304031979,UPPER,32,22,200.0,195.8,39160.0,2025-06-23
2025062301021627,NICA,35,42,550.0,337.3,185515.0,2025-06-23
2025062301021626,NICA,19,42,100.0,337.4,33740.0,2025-06-23
2025062301021625,NICA,58,42,50.0,337.4,16870.0,2025-06-23
2025062301021624,NICA,17,42,300.0,337.4,101220.0,2025-06-23
2025062303007532,SLBBL,57,57,37.0,844.2,31235.4,2025-06-23
2025062301021623,MBL,22,17,490.0,213.3,104517.0,2025-06-23
2025062301021622,MBL,33,17,200.0,213.4,42680.0,2025-06-23
2025062301021621,MBL,58,17,50.0,213.4,10670.0,2025-06-23
2025062304031978,SHPC,57,58,100.0,611.0,61100.0,2025-06-23
2025062301021620,PURE,47,58,10.0,932.0,9320.0,2025-06-23
2025062301021619,PURE,47,50,230.0,932.0,214360.0,2025-06-23
2025062304031977,UNHPL,7,17,23.0,426.0,9798.0,2025-06-23
2025062304031976,UNHPL,7,48,500.0,426.0,213000.0,2025-06-23
2025062304031975,UNHPL,7,40,112.0,426.0,47712.0,2025-06-23
2025062304031974,UNHPL,7,61,765.0,425.0,325125.0,2025-06-23
2025062304031973,UNHPL,7,10,100.0,424.9,42490.0,2025-06-23
2025062304031972,NGPL,87,8,988.0,406.1,401226.8,2025-06-23
2025062304031971,NGPL,91,8,10.0,406.2,4062.0,2025-06-23
2025062304031970,BARUN,60,48,627.0,384.9,241332.3,2025-06-23
2025062304031969,BARUN,60,4,200.0,384.9,76980.0,2025-06-23
2025062304031968,BARUN,60,29,100.0,384.9,38490.0,2025-06-23
2025062304031967,BARUN,60,56,23.0,384.9,8852.7,2025-06-23
2025062304031966,BARUN,60,45,50.0,384.0,19200.0,2025-06-23
2025062301021618,BEDC,64,69,110.0,633.0,69630.0,2025-06-23
2025062301021617,BEDC,42,69,500.0,633.1,316550.0,2025-06-23
2025062301021616,BEDC,58,69,50.0,633.3,31665.0,2025-06-23
2025062301021615,BEDC,26,69,40.0,634.0,25360.0,2025-06-23
2025062304031965,NGPL,42,6,355.0,406.7,144378.5,2025-06-23
2025062301021614,KBL,22,43,114.0,202.3,23062.2,2025-06-23
2025062301021613,NMIC,34,21,10.0,1578.0,15780.0,2025-06-23
2025062301021612,PURE,47,57,10.0,932.0,9320.0,2025-06-23
2025062304031964,PMHPL,47,34,41.0,396.1,16240.1,2025-06-23
2025062304031963,PMHPL,22,34,59.0,396.5,23393.5,2025-06-23
2025062303007531,SADBL,60,54,510.0,394.0,200940.0,2025-06-23
2025062304031962,NGPL,87,28,112.0,406.0,45472.0,2025-06-23
2025062301021611,RHGCL,28,89,19.0,315.0,5985.0,2025-06-23
2025062301021610,RHGCL,17,89,31.0,315.2,9771.2,2025-06-23
2025062303007530,CBBL,76,38,190.0,875.3,166307.0,2025-06-23
2025062303007529,CBBL,52,38,10.0,876.0,8760.0,2025-06-23
2025062301021609,PURE,47,38,10.0,932.0,9320.0,2025-06-23
2025062301021608,TSHL,34,49,10.0,640.0,6400.0,2025-06-23
2025062301021607,PURE,47,49,10.0,932.0,9320.0,2025-06-23
2025062301021606,ULHC,48,66,100.0,455.0,45500.0,2025-06-23
2025062301021605,ULHC,26,66,10.0,455.0,4550.0,2025-06-23
2025062301021604,ULHC,33,66,90.0,455.1,40959.0,2025-06-23
2025062304031961,SHEL,57,25,15.0,307.5,4612.5,2025-06-23
2025062304031960,SHEL,57,52,85.0,307.0,26095.0,2025-06-23
2025062304031959,RADHI,58,70,600.0,826.0,495600.0,2025-06-23
2025062304031958,RADHI,57,70,321.0,826.0,265146.0,2025-06-23
2025062301021603,OMPL,11,44,30.0,1283.0,38490.0,2025-06-23
2025062304031957,NHPC,22,44,1000.0,213.5,213500.0,2025-06-23
2025062304031956,NGPL,16,28,500.0,406.0,203000.0,2025-06-23
2025062304031955,NGPL,38,28,500.0,406.0,203000.0,2025-06-23
2025062305008976,SHIVM,42,47,10.0,503.5,5035.0,2025-06-23
2025062304031954,NGPL,41,28,888.0,406.0,360528.0,2025-06-23
2025062303007528,NLIC,1,56,100.0,730.0,73000.0,2025-06-23
2025062305008975,CHDC,39,52,50.0,2550.0,127500.0,2025-06-23
2025062303007527,NFS,39,49,342.0,615.0,210330.0,2025-06-23
2025062303007526,NFS,39,64,500.0,615.0,307500.0,2025-06-23
2025062303007525,NFS,39,64,358.0,615.0,220170.0,2025-06-23
2025062301021602,BHL,29,42,594.0,208.3,123730.2,2025-06-23
2025062304031953,UNHPL,58,61,35.0,425.0,14875.0,2025-06-23
2025062304031952,UNHPL,42,61,500.0,425.0,212500.0,2025-06-23
2025062304031951,UNHPL,42,61,200.0,425.0,85000.0,2025-06-23
2025062301021601,BHL,26,42,300.0,208.3,62490.0,2025-06-23
2025062301021600,MKCL,38,34,10.0,1438.9,14389.0,2025-06-23
2025062304031950,PPCL,13,10,932.0,358.0,333656.0,2025-06-23
2025062304031949,PPCL,13,16,100.0,358.0,35800.0,2025-06-23
2025062304031948,PPCL,13,17,70.0,358.0,25060.0,2025-06-23
2025062304031947,PPCL,13,58,200.0,358.0,71600.0,2025-06-23
2025062304031946,CGH,66,25,100.0,962.3,96230.0,2025-06-23
2025062301021599,SPL,49,48,10.0,794.0,7940.0,2025-06-23
2025062303007524,CORBL,35,22,20.0,2150.0,43000.0,2025-06-23
2025062304031945,UMHL,75,35,120.0,542.0,65040.0,2025-06-23
2025062304031944,UMHL,29,35,180.0,542.0,97560.0,2025-06-23
2025062304031943,UPPER,59,41,420.0,196.0,82320.0,2025-06-23
2025062304031942,UPPER,59,67,80.0,196.0,15680.0,2025-06-23
2025062301021598,RHGCL,13,100,170.0,315.3,53601.0,2025-06-23
2025062301021597,NBL,42,63,761.0,249.9,190173.9,2025-06-23
2025062304031941,SHEL,34,52,100.0,307.0,30700.0,2025-06-23
2025062303007523,LBBL,99,100,10.0,422.0,4220.0,2025-06-23
2025062303007522,LBBL,99,55,90.0,420.0,37800.0,2025-06-23
2025062304031940,BPCL,7,29,81.0,829.0,67149.0,2025-06-23
2025062304031939,SHEL,58,52,104.0,307.0,31928.0,2025-06-23
2025062304031938,SHEL,50,52,711.0,307.0,218277.0,2025-06-23
2025062304031937,SHEL,50,56,1000.0,307.0,307000.0,2025-06-23
2025062304031936,SHEL,50,25,50.0,307.0,15350.0,2025-06-23
2025062304031935,SHEL,50,29,239.0,307.0,73373.0,2025-06-23
2025062301021596,PURE,26,45,10.0,933.0,9330.0,2025-06-23
2025062303007521,CORBL,17,26,20.0,2140.0,42800.0,2025-06-23
2025062304031934,SGIC,92,39,1100.0,530.0,583000.0,2025-06-23
2025062304031933,DHPL,53,32,90.0,325.0,29250.0,2025-06-23
2025062301021595,USHL,34,52,10.0,590.2,5902.0,2025-06-23
2025062304031932,SHPC,57,53,132.0,611.0,80652.0,2025-06-23
2025062304031931,SHPC,34,53,100.0,611.0,61100.0,2025-06-23
2025062304031930,SHPC,40,53,53.0,611.0,32383.0,2025-06-23
2025062304031929,SHPC,49,53,25.0,611.1,15277.5,2025-06-23
2025062304031928,SHPC,28,53,500.0,611.1,305550.0,2025-06-23
2025062304031927,SHPC,96,53,190.0,611.2,116128.0,2025-06-23
2025062304031926,SSHL,44,42,100.0,245.5,24550.0,2025-06-23
2025062303007520,SKBBL,47,70,12.0,785.0,9420.0,2025-06-23
2025062305008974,HIDCL,28,68,200.0,292.7,58540.0,2025-06-23
2025062305008973,SMATA,4,75,10.0,770.0,7700.0,2025-06-23
2025062304031925,NGPL,41,71,820.0,406.0,332920.0,2025-06-23
2025062304031924,NGPL,62,71,30.0,406.1,12183.0,2025-06-23
2025062305008972,ILI,59,55,12.0,437.0,5244.0,2025-06-23
2025062304031923,BARUN,56,56,190.0,384.9,73131.0,2025-06-23
2025062304031922,BARUN,56,13,10.0,384.0,3840.0,2025-06-23
2025062301021594,MKHC,48,34,500.0,415.0,207500.0,2025-06-23
2025062304031921,SHEL,48,29,200.0,307.0,61400.0,2025-06-23
2025062301021593,PURE,47,56,10.0,932.0,9320.0,2025-06-23
2025062301021592,AVYAN,74,50,241.0,977.0,235457.0,2025-06-23
2025062301021591,AVYAN,45,50,100.0,977.5,97750.0,2025-06-23
2025062301021590,PURE,47,26,10.0,932.0,9320.0,2025-06-23
2025062301021589,GBIME,13,35,30.0,228.0,6840.0,2025-06-23
2025062301021588,MANDU,91,52,42.0,852.0,35784.0,2025-06-23
2025062301021587,MANDU,49,52,10.0,852.2,8522.0,2025-06-23
2025062301021586,MANDU,41,52,50.0,852.3,42615.0,2025-06-23
2025062301021585,MANDU,29,52,20.0,852.4,17048.0,2025-06-23
2025062301021584,MANDU,43,52,378.0,853.0,322434.0,2025-06-23
2025062304031920,BPCL,19,45,100.0,830.0,83000.0,2025-06-23
2025062304031919,SPDL,10,1,100.0,421.0,42100.0,2025-06-23
2025062304031918,CGH,35,53,50.0,960.2,48010.0,2025-06-23
2025062304031917,SSHL,49,42,90.0,245.5,22095.0,2025-06-23
2025062304031916,API,42,80,38.0,291.5,11077.0,2025-06-23
2025062304031915,API,19,80,50.0,291.6,14580.0,2025-06-23
2025062304031914,API,3,80,422.0,291.9,123181.8,2025-06-23
2025062304031913,API,62,80,150.0,292.0,43800.0,2025-06-23
2025062304031912,API,51,80,340.0,292.0,99280.0,2025-06-23
2025062301021583,SBI,36,51,100.0,390.6,39060.0,2025-06-23
2025062301021582,SBI,36,57,50.0,390.5,19525.0,2025-06-23
2025062301021581,SBI,36,11,50.0,390.0,19500.0,2025-06-23
2025062301021580,SBI,36,64,131.0,390.0,51090.0,2025-06-23
2025062301021579,SBI,36,34,50.0,389.6,19480.0,2025-06-23
2025062301021578,SBI,36,34,100.0,389.2,38920.0,2025-06-23
2025062301021577,SBI,36,53,10.0,388.0,3880.0,2025-06-23
2025062301021576,SBI,36,58,100.0,388.0,38800.0,2025-06-23
2025062301021575,SBI,36,16,76.0,385.0,29260.0,2025-06-23
2025062301021574,SBI,36,25,30.0,383.8,11514.0,2025-06-23
2025062301021573,SBI,36,42,10.0,383.8,3838.0,2025-06-23
2025062301021572,SBI,36,59,500.0,383.0,191500.0,2025-06-23
2025062304031911,PPCL,16,14,15.0,357.1,5356.5,2025-06-23
2025062304031910,PPCL,40,14,70.0,357.7,25039.0,2025-06-23
2025062304031909,HPPL,10,48,10.0,552.0,5520.0,2025-06-23
2025062304031908,HPPL,29,48,80.0,552.1,44168.0,2025-06-23
2025062305008971,SMATA,57,52,118.0,762.1,89927.8,2025-06-23
2025062301021571,DLBS,52,8,10.0,1370.0,13700.0,2025-06-23
2025062301021570,DLBS,13,8,10.0,1370.0,13700.0,2025-06-23
2025062304031907,UNHPL,42,74,300.0,425.0,127500.0,2025-06-23
2025062305008970,GCIL,62,37,72.0,497.3,35805.6,2025-06-23
2025062301021569,PCBL,25,51,50.0,235.7,11785.0,2025-06-23
2025062304031906,SALICO,66,10,11.0,674.0,7414.0,2025-06-23
2025062304031905,SSHL,58,41,3365.0,245.0,824425.0,2025-06-23
2025062304031904,SSHL,58,41,1562.0,245.0,382690.0,2025-06-23
2025062304031903,SSHL,58,41,340.0,245.0,83300.0,2025-06-23
2025062304031902,SSHL,52,41,85.0,245.1,20833.5,2025-06-23
2025062304031901,SSHL,25,41,500.0,245.1,122550.0,2025-06-23
2025062304031900,SSHL,35,41,175.0,245.1,42892.5,2025-06-23
2025062304031899,SSHL,13,41,300.0,245.2,73560.0,2025-06-23
2025062304031898,SSHL,22,41,100.0,245.2,24520.0,2025-06-23
2025062301021568,GVL,6,42,10.0,449.9,4499.0,2025-06-23
2025062301021567,GVL,6,21,10.0,448.0,4480.0,2025-06-23
2025062305008969,SHIVM,42,99,245.0,503.5,123357.5,2025-06-23
2025062301021566,CREST,36,42,10.0,1320.0,13200.0,2025-06-23
2025062303007519,MLBL,3,45,20.0,374.8,7496.0,2025-06-23
2025062303007518,MLBL,51,45,20.0,375.0,7500.0,2025-06-23
2025062303007517,MLBL,7,45,10.0,375.0,3750.0,2025-06-23
2025062301021565,PURE,47,42,10.0,932.0,9320.0,2025-06-23
2025062304031897,SPIL,77,34,390.0,790.0,308100.0,2025-06-23
2025062304031896,SSHL,17,42,200.0,245.5,49100.0,2025-06-23
2025062304031895,BPCL,7,47,500.0,829.0,414500.0,2025-06-23
2025062303007516,PFL,4,58,43.0,401.0,17243.0,2025-06-23
2025062304031894,AKJCL,7,4,145.0,210.0,30450.0,2025-06-23
2025062304031893,AKJCL,59,4,325.0,210.0,68250.0,2025-06-23
2025062304031892,AKJCL,45,4,30.0,210.0,6300.0,2025-06-23
2025062303007515,SIFC,1,64,50.0,518.0,25900.0,2025-06-23
2025062304031891,RIDI,56,4,26.0,270.0,7020.0,2025-06-23
2025062304031890,RIDI,56,60,4700.0,270.0,1269000.0,2025-06-23
2025062304031889,RIDI,56,7,274.0,270.0,73980.0,2025-06-23
2025062304031888,BPCL,7,38,17.0,829.0,14093.0,2025-06-23
2025062304031887,UPCL,32,21,250.0,418.5,104625.0,2025-06-23
2025062304031886,UPCL,32,57,250.0,418.3,104575.0,2025-06-23
2025062304031885,BARUN,13,13,190.0,384.0,72960.0,2025-06-23
2025062304031884,BARUN,28,13,500.0,384.1,192050.0,2025-06-23
2025062303007514,GRDBL,62,52,14.0,1165.0,16310.0,2025-06-23
2025062303007513,GRDBL,26,52,11.0,1165.1,12816.1,2025-06-23
2025062303007512,GRDBL,19,52,25.0,1165.2,29130.0,2025-06-23
2025062301021564,RFPL,60,41,137.0,580.0,79460.0,2025-06-23
2025062301021563,RFPL,60,6,200.0,580.0,116000.0,2025-06-23
2025062301021562,RFPL,60,51,13.0,580.0,7540.0,2025-06-23
2025062304031883,PMHPL,82,48,158.0,396.9,62710.2,2025-06-23
2025062304031882,PMHPL,82,59,50.0,396.8,19840.0,2025-06-23
2025062301021561,GVL,48,25,16.0,447.8,7164.8,2025-06-23
2025062303007511,SINDU,94,49,77.0,764.0,58828.0,2025-06-23
2025062303007510,SINDU,22,49,100.0,764.0,76400.0,2025-06-23
2025062303007509,SINDU,42,49,12.0,764.0,9168.0,2025-06-23
2025062303007508,SINDU,13,49,10.0,764.0,7640.0,2025-06-23
2025062303007507,SINDU,34,49,10.0,764.5,7645.0,2025-06-23
2025062303007506,SINDU,46,49,14.0,765.0,10710.0,2025-06-23
2025062303007505,SINDU,35,49,100.0,766.0,76600.0,2025-06-23
2025062303007504,SINDU,22,49,50.0,766.0,38300.0,2025-06-23
2025062303007503,SINDU,44,49,80.0,768.0,61440.0,2025-06-23
2025062303007502,SINDU,41,49,77.0,768.0,59136.0,2025-06-23
2025062303007501,GMFIL,48,53,218.0,480.0,104640.0,2025-06-23
2025062303007500,GMFIL,48,53,17.0,480.0,8160.0,2025-06-23
2025062303007499,GMFIL,63,53,15.0,480.1,7201.5,2025-06-23
2025062305008968,CLI,59,8,88.0,453.0,39864.0,2025-06-23
2025062303007498,SIFC,6,64,100.0,518.0,51800.0,2025-06-23
2025062304031881,RADHI,57,34,72.0,826.0,59472.0,2025-06-23
2025062304031880,RADHI,96,34,28.0,826.1,23130.8,2025-06-23
2025062305008967,NRIC,34,42,10.0,1218.1,12181.0,2025-06-23
2025062304031879,KPCL,57,74,50.0,565.0,28250.0,2025-06-23
2025062301021560,DORDI,1,52,819.0,345.0,282555.0,2025-06-23
2025062301021559,DORDI,1,16,1000.0,344.9,344900.0,2025-06-23
2025062301021558,DORDI,1,32,25.0,344.0,8600.0,2025-06-23
2025062301021557,DORDI,1,14,126.0,344.0,43344.0,2025-06-23
2025062301021556,DORDI,1,21,30.0,343.9,10317.0,2025-06-23
2025062303007497,GBBL,89,77,10.0,387.0,3870.0,2025-06-23
2025062301021555,PURE,47,97,10.0,932.0,9320.0,2025-06-23
2025062304031878,NGPL,38,6,500.0,406.7,203350.0,2025-06-23
2025062304031877,NGPL,41,52,100.0,406.0,40600.0,2025-06-23
2025062304031876,NGPL,60,52,100.0,406.3,40630.0,2025-06-23
2025062305008966,NTC,40,35,10.0,843.0,8430.0,2025-06-23
2025062304031875,PPCL,40,63,80.0,357.7,28616.0,2025-06-23
2025062304031874,API,51,62,60.0,292.0,17520.0,2025-06-23
2025062304031873,SHPC,42,82,1000.0,612.0,612000.0,2025-06-23
2025062301021554,NMB,38,42,50.0,235.9,11795.0,2025-06-23
2025062304031872,GLH,21,5,16.0,261.0,4176.0,2025-06-23
2025062301021553,PURE,47,34,10.0,932.0,9320.0,2025-06-23
2025062304031871,SGIC,57,39,50.0,530.0,26500.0,2025-06-23
2025062304031870,UPPER,28,67,50.0,196.0,9800.0,2025-06-23
2025062301021552,NMIC,1,32,90.0,1594.0,143460.0,2025-06-23
2025062301021551,NMIC,1,58,10.0,1590.0,15900.0,2025-06-23
2025062304031869,BPCL,64,45,20.0,830.0,16600.0,2025-06-23
2025062304031868,BPCL,5,45,370.0,830.0,307100.0,2025-06-23
2025062304031867,BPCL,5,6,20.0,830.0,16600.0,2025-06-23
2025062304031866,BPCL,5,25,100.0,830.0,83000.0,2025-06-23
2025062304031865,BPCL,5,34,460.0,830.0,381800.0,2025-06-23
2025062304031864,BPCL,5,56,50.0,829.8,41490.0,2025-06-23
2025062304031863,SHEL,50,29,50.0,307.0,15350.0,2025-06-23
2025062303007496,GBBL,26,77,102.0,387.0,39474.0,2025-06-23
2025062304031862,RIDI,65,7,226.0,270.0,61020.0,2025-06-23
2025062304031861,RIDI,65,4,150.0,270.0,40500.0,2025-06-23
2025062304031860,RIDI,65,49,100.0,270.0,27000.0,2025-06-23
2025062304031859,RIDI,65,25,500.0,270.0,135000.0,2025-06-23
2025062304031858,RIDI,65,17,40.0,270.0,10800.0,2025-06-23
2025062304031857,RIDI,65,18,700.0,270.0,189000.0,2025-06-23
2025062304031856,RIDI,65,45,100.0,270.0,27000.0,2025-06-23
2025062304031855,RIDI,65,39,425.0,270.0,114750.0,2025-06-23
2025062304031854,RIDI,65,51,30.0,269.0,8070.0,2025-06-23
2025062304031853,RIDI,65,57,100.0,269.0,26900.0,2025-06-23
2025062304031852,RIDI,65,36,100.0,268.9,26890.0,2025-06-23
2025062304031851,RIDI,65,45,200.0,268.9,53780.0,2025-06-23
2025062304031850,RIDI,65,21,1500.0,268.2,402300.0,2025-06-23
2025062304031849,RIDI,65,50,600.0,268.0,160800.0,2025-06-23
2025062304031848,RIDI,65,45,210.0,268.0,56280.0,2025-06-23
2025062304031847,RIDI,65,94,1000.0,268.0,268000.0,2025-06-23
2025062304031846,RIDI,65,21,1500.0,268.0,402000.0,2025-06-23
2025062304031845,RIDI,65,21,1500.0,268.0,402000.0,2025-06-23
2025062304031844,RIDI,65,21,1019.0,268.0,273092.0,2025-06-23
2025062303007495,MLBL,7,34,90.0,375.0,33750.0,2025-06-23
2025062304031843,GHL,26,7,1357.0,250.0,339250.0,2025-06-23
2025062304031842,GHL,26,7,443.0,250.0,110750.0,2025-06-23
2025062304031841,HURJA,48,52,100.0,255.0,25500.0,2025-06-23
2025062304031840,PPCL,16,40,100.0,357.1,35710.0,2025-06-23
2025062304031839,GHL,26,83,1057.0,250.0,264250.0,2025-06-23
2025062304031838,GHL,21,83,443.0,250.0,110750.0,2025-06-23
2025062304031837,BARUN,63,56,27.0,384.9,10392.3,2025-06-23
2025062304031836,BARUN,63,6,473.0,384.8,182010.4,2025-06-23
2025062301021550,OMPL,11,49,10.0,1283.0,12830.0,2025-06-23
2025062303007494,MLBBL,39,45,50.0,1406.0,70300.0,2025-06-23
2025062304031835,NGPL,41,45,550.0,406.0,223300.0,2025-06-23
2025062304031834,NGPL,11,45,200.0,406.2,81240.0,2025-06-23
2025062301021549,SMH,22,57,15.0,826.0,12390.0,2025-06-23
2025062303007493,MLBL,3,42,700.0,374.8,262360.0,2025-06-23
2025062301021548,EHPL,21,36,100.0,540.2,54020.0,2025-06-23
2025062301021547,PURE,22,42,10.0,933.0,9330.0,2025-06-23
2025062301021546,PURE,47,34,10.0,932.0,9320.0,2025-06-23
2025062301021545,RFPL,85,42,61.0,575.0,35075.0,2025-06-23
2025062301021544,RFPL,7,42,69.0,575.3,39695.7,2025-06-23
2025062301021543,RFPL,49,42,20.0,577.3,11546.0,2025-06-23
2025062304031833,RADHI,96,17,100.0,826.1,82610.0,2025-06-23
2025062304031832,NHPC,4,36,90.0,213.6,19224.0,2025-06-23
2025062304031831,HURJA,11,81,176.0,256.0,45056.0,2025-06-23
2025062304031830,NGPL,11,41,300.0,406.2,121860.0,2025-06-23
2025062303007492,GBBL,16,77,50.0,387.0,19350.0,2025-06-23
2025062303007491,GBBL,1,77,500.0,387.0,193500.0,2025-06-23
2025062303007490,GBBL,43,77,30.0,387.0,11610.0,2025-06-23
2025062303007489,GBBL,18,77,1286.0,387.2,497939.2,2025-06-23
2025062303007488,GBBL,13,77,230.0,387.3,89079.0,2025-06-23
2025062303007487,GBBL,43,77,121.0,387.5,46887.5,2025-06-23
2025062301021542,JBLB,6,38,55.0,1284.1,70625.5,2025-06-23
2025062304031829,SHPC,56,82,300.0,612.0,183600.0,2025-06-23
2025062304031828,NHPC,38,36,76.0,213.6,16233.6,2025-06-23
2025062304031827,RADHI,96,32,200.0,826.1,165220.0,2025-06-23
2025062304031826,BPCL,33,34,310.0,830.0,257300.0,2025-06-23
2025062304031825,BPCL,33,14,50.0,829.9,41495.0,2025-06-23
2025062301021541,DORDI,46,58,10.0,343.5,3435.0,2025-06-23
2025062305008965,CIT,25,44,15.0,1885.0,28275.0,2025-06-23
2025062301021540,NICA,49,16,80.0,337.9,27032.0,2025-06-23
2025062304031824,PMHPL,29,59,150.0,396.8,59520.0,2025-06-23
2025062305008964,SHIVM,45,99,150.0,503.5,75525.0,2025-06-23
2025062301021539,PURE,47,34,25.0,932.0,23300.0,2025-06-23
2025062301021538,PURE,16,34,25.0,932.0,23300.0,2025-06-23
2025062303007486,CFCL,38,42,50.0,506.4,25320.0,2025-06-23
2025062304031823,BPCL,7,57,22.0,829.0,18238.0,2025-06-23
2025062304031822,RIDI,47,57,60.0,266.0,15960.0,2025-06-23
2025062304031821,RIDI,7,57,10.0,266.0,2660.0,2025-06-23
2025062304031820,RIDI,75,57,30.0,266.0,7980.0,2025-06-23
2025062304031819,RIDI,35,57,30.0,266.0,7980.0,2025-06-23
2025062304031818,RIDI,17,57,70.0,266.0,18620.0,2025-06-23
2025062303007485,NMFBS,57,4,4.0,1185.9,4743.6,2025-06-23
2025062304031817,GLH,13,28,100.0,260.9,26090.0,2025-06-23
2025062304031816,CHL,51,39,343.0,302.9,103894.7,2025-06-23
2025062304031815,UPCL,52,39,50.0,418.0,20900.0,2025-06-23
2025062304031814,RADHI,96,64,100.0,826.1,82610.0,2025-06-23
2025062304031813,RADHI,3,64,500.0,826.2,413100.0,2025-06-23
2025062301021537,KDL,48,50,10.0,1084.2,10842.0,2025-06-23
2025062301021536,CREST,36,38,10.0,1320.0,13200.0,2025-06-23
2025062304031812,SHPC,33,82,100.0,612.0,61200.0,2025-06-23
2025062304031811,NIL,33,48,38.0,670.0,25460.0,2025-06-23
2025062304031810,NIL,33,35,62.0,670.0,41540.0,2025-06-23
2025062303007484,SLBSL,56,42,18.0,1307.0,23526.0,2025-06-23
2025062303007483,SLBSL,56,26,100.0,1306.9,130690.0,2025-06-23
2025062303007482,SLBSL,56,40,50.0,1306.0,65300.0,2025-06-23
2025062303007481,SLBSL,56,22,80.0,1306.0,104480.0,2025-06-23
2025062303007480,SLBSL,56,47,50.0,1305.0,65250.0,2025-06-23
2025062303007479,SLBSL,56,42,10.0,1304.9,13049.0,2025-06-23
2025062303007478,SLBSL,56,42,10.0,1304.8,13048.0,2025-06-23
2025062304031809,SHPC,98,82,141.0,612.0,86292.0,2025-06-23
2025062304031808,SHPC,56,82,400.0,612.5,245000.0,2025-06-23
2025062301021535,HBL,14,22,100.0,213.8,21380.0,2025-06-23
2025062303007477,PFL,48,49,155.0,400.4,62062.0,2025-06-23
2025062304031807,BARUN,34,6,27.0,384.8,10389.6,2025-06-23
2025062301021534,PURE,16,91,10.0,932.0,9320.0,2025-06-23
2025062301021533,BHL,45,42,250.0,208.3,52075.0,2025-06-23
2025062304031806,NHDL,21,26,105.0,665.0,69825.0,2025-06-23
2025062301021532,CREST,36,42,80.0,1320.0,105600.0,2025-06-23
2025062301021531,CREST,51,42,20.0,1320.0,26400.0,2025-06-23
2025062303007476,JFL,58,57,47.0,467.5,21972.5,2025-06-23
2025062303007475,JFL,58,38,43.0,467.0,20081.0,2025-06-23
2025062303007474,JFL,58,7,10.0,466.0,4660.0,2025-06-23
2025062305008963,CIT,39,44,50.0,1885.0,94250.0,2025-06-23
2025062304031805,GHL,21,39,620.0,250.0,155000.0,2025-06-23
2025062304031804,GHL,17,39,80.0,250.1,20008.0,2025-06-23
2025062304031803,SPDL,8,1,320.0,421.0,134720.0,2025-06-23
2025062303007473,SIFC,58,64,20.0,518.0,10360.0,2025-06-23
2025062303007472,SIFC,53,64,30.0,518.0,15540.0,2025-06-23
2025062303007471,SIFC,49,64,120.0,518.2,62184.0,2025-06-23
2025062303007470,SIFC,44,64,171.0,518.2,88612.2,2025-06-23
2025062303007469,SIFC,44,64,20.0,518.3,10366.0,2025-06-23
2025062303007468,SIFC,57,64,63.0,518.3,32652.9,2025-06-23
2025062303007467,SIFC,55,64,100.0,519.0,51900.0,2025-06-23
2025062303007466,SIFC,74,64,135.0,519.0,70065.0,2025-06-23
2025062303007465,HLBSL,38,5,25.0,910.0,22750.0,2025-06-23
2025062301021530,PURE,16,50,10.0,932.0,9320.0,2025-06-23
2025062301021529,USHEC,48,36,203.0,431.0,87493.0,2025-06-23
2025062301021528,USHEC,48,45,30.0,431.0,12930.0,2025-06-23
2025062301021527,USHEC,48,34,200.0,431.0,86200.0,2025-06-23
2025062304031802,NHPC,7,36,200.0,213.6,42720.0,2025-06-23
2025062304031801,NHPC,56,36,10.0,213.6,2136.0,2025-06-23
2025062304031800,NHPC,42,36,10.0,213.6,2136.0,2025-06-23
2025062304031799,NHPC,57,36,60.0,213.6,12816.0,2025-06-23
2025062304031798,NHPC,42,36,185.0,213.6,39516.0,2025-06-23
2025062304031797,BARUN,34,53,200.0,384.8,76960.0,2025-06-23
2025062301021526,OMPL,11,66,10.0,1283.0,12830.0,2025-06-23
2025062301021525,PURE,16,6,10.0,932.0,9320.0,2025-06-23
2025062301021524,GMLI,55,45,15.0,2216.0,33240.0,2025-06-23
2025062301021523,GMLI,6,45,45.0,2216.2,99729.0,2025-06-23
2025062301021522,PURE,16,45,10.0,932.0,9320.0,2025-06-23
2025062304031796,BARUN,34,45,23.0,384.8,8850.4,2025-06-23
2025062304031795,SSHL,34,42,100.0,245.5,24550.0,2025-06-23
2025062304031794,HURJA,14,81,100.0,256.0,25600.0,2025-06-23
2025062301021521,PPL,42,37,135.0,379.8,51273.0,2025-06-23
2025062301021520,PPL,42,7,100.0,376.0,37600.0,2025-06-23
2025062301021519,SNLI,57,44,12.0,463.0,5556.0,2025-06-23
2025062301021518,SNLI,57,44,12.0,463.0,5556.0,2025-06-23
2025062301021517,PURE,16,47,50.0,932.0,46600.0,2025-06-23
2025062301021516,ADBLD83,47,45,10.0,1123.5,11235.0,2025-06-23
2025062301021515,ADBLD83,47,45,10.0,1122.0,11220.0,2025-06-23
2025062301021514,ADBLD83,47,45,10.0,1121.8,11218.0,2025-06-23
2025062301021513,ADBLD83,47,57,25.0,1118.0,27950.0,2025-06-23
2025062303007464,SJLIC,18,51,578.0,421.5,243627.0,2025-06-23
2025062303007463,SJLIC,52,51,72.0,421.6,30355.2,2025-06-23
2025062303007462,SIFC,74,4,65.0,519.0,33735.0,2025-06-23
2025062303007461,SIFC,45,4,10.0,521.0,5210.0,2025-06-23
2025062304031793,KPCL,58,78,363.0,564.0,204732.0,2025-06-23
2025062304031792,KPCL,36,78,137.0,564.0,77268.0,2025-06-23
2025062304031791,BARUN,34,26,50.0,384.8,19240.0,2025-06-23
2025062301021512,SRLI,38,58,64.0,394.0,25216.0,2025-06-23
2025062304031790,BPCL,36,34,230.0,830.0,190900.0,2025-06-23
2025062304031789,BPCL,36,58,430.0,830.0,356900.0,2025-06-23
2025062304031788,OHL,49,4,100.0,880.0,88000.0,2025-06-23
2025062303007460,SHINE,57,49,50.0,400.0,20000.0,2025-06-23
2025062304031787,PPCL,39,45,500.0,357.0,178500.0,2025-06-23
2025062304031786,HURJA,48,43,94.0,255.0,23970.0,2025-06-23
2025062304031785,HURJA,6,43,356.0,255.0,90780.0,2025-06-23
2025062304031784,SICL,34,35,82.0,723.0,59286.0,2025-06-23
2025062304031783,SICL,34,1,18.0,723.0,13014.0,2025-06-23
2025062301021511,DORDI,17,14,100.0,344.0,34400.0,2025-06-23
2025062301021510,BHL,45,42,200.0,208.3,41660.0,2025-06-23
2025062301021509,BHL,18,42,50.0,208.3,10415.0,2025-06-23
2025062301021508,BHL,38,42,100.0,208.3,20830.0,2025-06-23
2025062304031782,GHL,17,42,20.0,250.1,5002.0,2025-06-23
2025062304031781,AKPL,47,62,900.0,260.9,234810.0,2025-06-23
2025062301021507,CITY,42,36,10.0,824.0,8240.0,2025-06-23
2025062305008962,SMATA,4,22,10.0,769.0,7690.0,2025-06-23
2025062304031780,AHPC,7,33,20.0,286.1,5722.0,2025-06-23
2025062305008961,SAHAS,42,8,10.0,545.0,5450.0,2025-06-23
2025062304031779,SSHL,22,13,25.0,245.2,6130.0,2025-06-23
2025062304031778,PPCL,39,63,500.0,357.0,178500.0,2025-06-23
2025062301021506,LSL,13,25,62.0,208.1,12902.2,2025-06-23
2025062301021505,LSL,7,25,50.0,208.2,10410.0,2025-06-23
2025062301021504,LSL,35,25,18.0,208.2,3747.6,2025-06-23
2025062304031777,AHPC,7,100,1000.0,286.1,286100.0,2025-06-23
2025062301021503,NBL,49,63,100.0,249.9,24990.0,2025-06-23
2025062301021502,CITY,42,6,15.0,824.0,12360.0,2025-06-23
2025062301021501,CITY,28,6,185.0,824.0,152440.0,2025-06-23
2025062304031776,BPCL,91,58,70.0,830.0,58100.0,2025-06-23
2025062304031775,BPCL,91,35,500.0,830.0,415000.0,2025-06-23
2025062304031774,BPCL,91,45,176.0,830.0,146080.0,2025-06-23
2025062304031773,BPCL,91,49,50.0,830.0,41500.0,2025-06-23
2025062304031772,BPCL,91,48,28.0,830.0,23240.0,2025-06-23
2025062304031771,BPCL,91,52,21.0,830.0,17430.0,2025-06-23
2025062304031770,BPCL,91,38,30.0,830.0,24900.0,2025-06-23
2025062304031769,BPCL,91,14,10.0,830.0,8300.0,2025-06-23
2025062304031768,BPCL,91,6,115.0,830.0,95450.0,2025-06-23
2025062304031767,BARUN,34,45,200.0,384.8,76960.0,2025-06-23
2025062304031766,SGIC,68,39,80.0,530.0,42400.0,2025-06-23
2025062305008960,MEL,57,39,500.0,300.9,150450.0,2025-06-23
2025062303007459,SAPDBL,57,57,44.0,911.0,40084.0,2025-06-23
2025062303007458,SAPDBL,90,22,111.0,910.3,101043.3,2025-06-23
2025062303007457,SAPDBL,57,22,10.0,911.0,9110.0,2025-06-23
2025062301021500,SGHC,39,41,10.0,413.3,4133.0,2025-06-23
2025062303007456,MATRI,42,41,10.0,1147.0,11470.0,2025-06-23
2025062301021499,OMPL,50,47,10.0,1283.1,12831.0,2025-06-23
2025062304031765,NIL,45,50,18.0,668.4,12031.2,2025-06-23
2025062301021498,GVL,48,100,80.0,447.8,35824.0,2025-06-23
2025062305008959,MBJC,74,16,90.0,328.2,29538.0,2025-06-23
2025062304031764,SHPC,98,33,500.0,612.0,306000.0,2025-06-23
2025062304031763,AKPL,47,33,500.0,260.0,130000.0,2025-06-23
2025062304031762,AKPL,34,33,100.0,260.1,26010.0,2025-06-23
2025062304031761,AKPL,57,33,1000.0,260.1,260100.0,2025-06-23
2025062304031760,AKPL,42,33,100.0,260.2,26020.0,2025-06-23
2025062304031759,AKPL,85,33,800.0,260.3,208240.0,2025-06-23
2025062304031758,SHPC,98,32,10.0,612.0,6120.0,2025-06-23
2025062304031757,AKPL,85,56,200.0,260.3,52060.0,2025-06-23
2025062304031756,AKPL,59,56,1000.0,260.3,260300.0,2025-06-23
2025062304031755,RIDI,56,21,481.0,268.0,128908.0,2025-06-23
2025062304031754,RIDI,56,49,1000.0,268.0,268000.0,2025-06-23
2025062304031753,RIDI,56,84,1000.0,267.7,267700.0,2025-06-23
2025062304031752,RIDI,56,38,501.0,267.2,133867.2,2025-06-23
2025062304031751,RIDI,56,38,261.0,267.0,69687.0,2025-06-23
2025062304031750,RIDI,56,36,900.0,267.0,240300.0,2025-06-23
2025062304031749,RIDI,56,11,300.0,267.0,80100.0,2025-06-23
2025062304031748,RIDI,56,14,57.0,267.0,15219.0,2025-06-23
2025062304031747,RIDI,56,45,100.0,266.9,26690.0,2025-06-23
2025062304031746,RIDI,56,16,300.0,266.7,80010.0,2025-06-23
2025062304031745,RIDI,56,44,100.0,266.5,26650.0,2025-06-23
2025062304031744,NGPL,19,41,200.0,406.2,81240.0,2025-06-23
2025062304031743,SHPC,98,62,100.0,612.0,61200.0,2025-06-23
2025062304031742,SPIL,7,34,100.0,791.0,79100.0,2025-06-23
2025062304031741,BPCL,64,6,385.0,830.0,319550.0,2025-06-23
2025062304031740,BPCL,64,21,345.0,830.0,286350.0,2025-06-23
2025062301021497,NBL,41,63,59.0,249.9,14744.1,2025-06-23
2025062304031739,LEC,65,41,965.0,216.1,208536.5,2025-06-23
2025062304031738,LEC,41,41,335.0,216.1,72393.5,2025-06-23
2025062304031737,NGPL,41,10,300.0,406.0,121800.0,2025-06-23
2025062305008958,GCIL,32,29,222.0,497.0,110334.0,2025-06-23
2025062305008957,GCIL,26,29,754.0,497.0,374738.0,2025-06-23
2025062305008956,GCIL,48,29,78.0,498.0,38844.0,2025-06-23
2025062301021496,RFPL,60,51,20.0,580.0,11600.0,2025-06-23
2025062301021495,PURE,16,58,10.0,932.0,9320.0,2025-06-23
2025062301021494,DORDI,46,58,10.0,343.5,3435.0,2025-06-23
2025062301021493,NBL,19,63,20.0,249.9,4998.0,2025-06-23
2025062304031736,UNHPL,52,62,105.0,422.1,44320.5,2025-06-23
2025062304031735,UNHPL,16,62,200.0,423.0,84600.0,2025-06-23
2025062304031734,UNHPL,29,62,340.0,423.0,143820.0,2025-06-23
2025062304031733,UNHPL,59,62,50.0,423.1,21155.0,2025-06-23
2025062304031732,UNHPL,49,62,30.0,423.3,12699.0,2025-06-23
2025062304031731,UNHPL,74,62,500.0,424.0,212000.0,2025-06-23
2025062304031730,UNHPL,53,62,100.0,424.0,42400.0,2025-06-23
2025062304031729,UNHPL,99,62,500.0,424.1,212050.0,2025-06-23
2025062304031728,UNHPL,57,62,10.0,424.6,4246.0,2025-06-23
2025062304031727,UNHPL,71,62,60.0,424.6,25476.0,2025-06-23
2025062304031726,UNHPL,60,62,105.0,425.0,44625.0,2025-06-23
2025062304031725,SHPC,58,7,540.0,613.0,331020.0,2025-06-23
2025062304031724,BPCL,34,21,155.0,830.0,128650.0,2025-06-23
2025062304031723,BPCL,34,57,50.0,830.0,41500.0,2025-06-23
2025062304031722,BPCL,34,45,15.0,830.0,12450.0,2025-06-23
2025062304031721,BPCL,34,6,1000.0,830.0,830000.0,2025-06-23
2025062304031720,BPCL,34,28,80.0,830.0,66400.0,2025-06-23
2025062305008955,HRL,42,71,20.0,885.0,17700.0,2025-06-23
2025062301021492,NMIC,34,42,51.0,1578.0,80478.0,2025-06-23
2025062301021491,NMIC,19,42,10.0,1578.0,15780.0,2025-06-23
2025062301021490,NMIC,39,42,10.0,1578.0,15780.0,2025-06-23
2025062301021489,NMIC,33,42,10.0,1578.0,15780.0,2025-06-23
2025062301021488,NMIC,43,42,10.0,1578.0,15780.0,2025-06-23
2025062301021487,NMIC,43,42,10.0,1578.0,15780.0,2025-06-23
2025062301021486,NMIC,58,42,30.0,1578.1,47343.0,2025-06-23
2025062301021485,NMIC,58,42,10.0,1578.2,15782.0,2025-06-23
2025062301021484,NMIC,19,42,20.0,1579.0,31580.0,2025-06-23
2025062301021483,NMIC,22,42,20.0,1580.0,31600.0,2025-06-23
2025062301021482,NMIC,55,42,100.0,1580.0,158000.0,2025-06-23
2025062301021481,NMIC,34,42,20.0,1580.0,31600.0,2025-06-23
2025062301021480,NMIC,58,42,10.0,1580.0,15800.0,2025-06-23
2025062301021479,NMIC,58,42,20.0,1580.2,31604.0,2025-06-23
2025062301021478,NMIC,42,42,20.0,1585.0,31700.0,2025-06-23
2025062301021477,NMIC,16,42,10.0,1586.2,15862.0,2025-06-23
2025062301021476,NMIC,46,42,70.0,1588.0,111160.0,2025-06-23
2025062301021475,NMIC,26,42,10.0,1590.0,15900.0,2025-06-23
2025062301021474,NBL,55,63,50.0,249.9,12495.0,2025-06-23
2025062303007455,MFIL,6,57,60.0,580.1,34806.0,2025-06-23
2025062304031719,UNHPL,60,72,200.0,425.0,85000.0,2025-06-23
2025062301021473,OMPL,11,39,10.0,1283.0,12830.0,2025-06-23
2025062301021472,NMIC,26,45,10.0,1590.0,15900.0,2025-06-23
2025062304031718,PMHPL,29,22,200.0,396.8,79360.0,2025-06-23
2025062301021471,PURE,16,58,10.0,932.0,9320.0,2025-06-23
2025062304031717,SHEL,52,29,1000.0,307.0,307000.0,2025-06-23
2025062304031716,JOSHI,22,25,245.0,383.4,93933.0,2025-06-23
2025062304031715,JOSHI,19,25,10.0,383.4,3834.0,2025-06-23
2025062304031714,JOSHI,36,25,245.0,383.4,93933.0,2025-06-23
2025062304031713,UAIL,34,49,75.0,573.9,43042.5,2025-06-23
2025062304031712,UAIL,51,49,25.0,574.0,14350.0,2025-06-23
2025062303007454,GUFL,72,34,117.0,535.6,62665.2,2025-06-23
2025062304031711,BARUN,34,56,60.0,384.9,23094.0,2025-06-23
2025062304031710,BARUN,34,87,240.0,384.9,92376.0,2025-06-23
2025062303007453,MERO,42,57,137.0,725.1,99338.7,2025-06-23
2025062303007452,MERO,80,57,56.0,725.2,40611.2,2025-06-23
2025062303007451,MERO,54,57,30.0,725.2,21756.0,2025-06-23
2025062301021470,PURE,16,57,10.0,932.0,9320.0,2025-06-23
2025062304031709,HURJA,6,57,20.0,255.0,5100.0,2025-06-23
2025062304031708,HURJA,44,57,100.0,255.1,25510.0,2025-06-23
2025062304031707,HURJA,16,57,500.0,255.1,127550.0,2025-06-23
2025062304031706,SHEL,57,29,100.0,307.0,30700.0,2025-06-23
2025062301021469,SHLB,41,55,110.0,1763.3,193963.0,2025-06-23
2025062301021468,SHLB,47,55,100.0,1763.3,176330.0,2025-06-23
2025062301021467,SHLB,34,55,10.0,1763.3,17633.0,2025-06-23
2025062301021466,SHLB,33,55,20.0,1763.3,35266.0,2025-06-23
2025062301021465,SHLB,6,55,30.0,1763.4,52902.0,2025-06-23
2025062301021464,SHLB,14,55,30.0,1764.0,52920.0,2025-06-23
2025062303007450,SIFC,45,41,10.0,521.0,5210.0,2025-06-23
2025062305008954,SHIVM,41,99,350.0,503.5,176225.0,2025-06-23
2025062304031705,SHEL,22,29,500.0,307.0,153500.0,2025-06-23
2025062304031704,SHEL,11,29,230.0,307.0,70610.0,2025-06-23
2025062304031703,SHEL,5,29,330.0,307.0,101310.0,2025-06-23
2025062304031702,SHEL,11,29,100.0,307.0,30700.0,2025-06-23
2025062304031701,SHEL,55,29,630.0,307.0,193410.0,2025-06-23
2025062304031700,SHEL,36,29,22.0,307.0,6754.0,2025-06-23
2025062304031699,SHEL,96,29,200.0,307.0,61400.0,2025-06-23
2025062304031698,SHEL,52,29,299.0,307.0,91793.0,2025-06-23
2025062304031697,SHEL,42,29,1000.0,307.1,307100.0,2025-06-23
2025062304031696,RADHI,96,58,500.0,826.1,413050.0,2025-06-23
2025062301021463,NMB,38,49,19.0,235.9,4482.1,2025-06-23
2025062303007449,GUFL,72,60,683.0,535.6,365814.8,2025-06-23
2025062303007448,GUFL,62,60,117.0,540.0,63180.0,2025-06-23
2025062304031695,HDHPC,52,43,182.0,198.0,36036.0,2025-06-23
2025062305008953,SONA,58,48,100.0,448.0,44800.0,2025-06-23
2025062304031694,NGPL,41,56,4455.0,406.0,1808730.0,2025-06-23
2025062304031693,NGPL,32,56,245.0,406.2,99519.0,2025-06-23
2025062304031692,NGPL,5,56,50.0,406.2,20310.0,2025-06-23
2025062304031691,NGPL,57,56,250.0,406.3,101575.0,2025-06-23
2025062304031690,PMHPL,66,48,70.0,396.9,27783.0,2025-06-23
2025062301021462,EHPL,88,36,300.0,540.2,162060.0,2025-06-23
2025062304031689,SSHL,6,42,100.0,245.5,24550.0,2025-06-23
2025062304031688,NHPC,34,38,25.0,214.0,5350.0,2025-06-23
2025062301021461,PURE,16,34,200.0,932.0,186400.0,2025-06-23
2025062301021460,RFPL,42,51,507.0,580.0,294060.0,2025-06-23
2025062301021459,RFPL,42,88,10.0,577.3,5773.0,2025-06-23
2025062301021458,CZBIL,14,45,200.0,201.5,40300.0,2025-06-23
2025062301021457,CZBIL,33,45,106.0,201.5,21359.0,2025-06-23
2025062304031687,UPPER,45,67,170.0,196.0,33320.0,2025-06-23
2025062304031686,UPPER,45,26,500.0,196.0,98000.0,2025-06-23
2025062304031685,UPPER,45,58,10.0,196.0,1960.0,2025-06-23
2025062304031684,UPPER,45,57,1000.0,196.0,196000.0,2025-06-23
2025062304031683,UPPER,45,10,32.0,196.0,6272.0,2025-06-23
2025062304031682,UPPER,45,10,288.0,195.8,56390.4,2025-06-23
2025062304031681,PMHPL,29,22,100.0,396.8,39680.0,2025-06-23
2025062304031680,PMHPL,29,16,50.0,396.5,19825.0,2025-06-23
2025062304031679,HPPL,29,48,120.0,552.1,66252.0,2025-06-23
2025062304031678,HPPL,39,48,100.0,552.1,55210.0,2025-06-23
2025062304031677,HPPL,25,48,280.0,553.0,154840.0,2025-06-23
2025062301021456,RFPL,7,60,433.0,575.3,249104.9,2025-06-23
2025062301021455,RFPL,38,60,100.0,576.0,57600.0,2025-06-23
2025062301021454,RFPL,42,60,367.0,576.0,211392.0,2025-06-23
2025062301021453,RFPL,68,60,100.0,576.1,57610.0,2025-06-23
2025062304031676,RHPL,36,58,20.0,382.0,7640.0,2025-06-23
2025062304031675,SHPC,98,58,449.0,612.0,274788.0,2025-06-23
2025062304031674,SHPC,46,58,81.0,612.0,49572.0,2025-06-23
2025062304031673,SHPC,57,58,220.0,612.0,134640.0,2025-06-23
2025062304031672,UPCL,34,62,500.0,417.8,208900.0,2025-06-23
2025062304031671,UPCL,74,62,1000.0,418.0,418000.0,2025-06-23
2025062304031670,NLG,43,35,300.0,763.0,228900.0,2025-06-23
2025062305008952,NIFRA,98,91,260.0,272.5,70850.0,2025-06-23
2025062305008951,NIFRA,34,91,200.0,272.5,54500.0,2025-06-23
2025062305008950,NIFRA,45,91,40.0,272.6,10904.0,2025-06-23
2025062305008949,RNLI,34,87,300.0,435.8,130740.0,2025-06-23
2025062301021452,NYADI,25,34,85.0,406.6,34561.0,2025-06-23
2025062301021451,NYADI,16,34,400.0,407.0,162800.0,2025-06-23
2025062301021450,NYADI,44,34,15.0,407.0,6105.0,2025-06-23
2025062301021449,BNHC,4,29,200.0,490.0,98000.0,2025-06-23
2025062301021448,PURE,16,58,10.0,932.0,9320.0,2025-06-23
2025062304031669,SGIC,50,39,25.0,530.0,13250.0,2025-06-23
2025062301021447,PURE,16,57,10.0,932.0,9320.0,2025-06-23
2025062305008948,HRL,42,45,42.0,885.0,37170.0,2025-06-23
2025062304031668,SGIC,26,49,10.0,535.0,5350.0,2025-06-23
2025062305008947,PHCL,58,26,10.0,491.2,4912.0,2025-06-23
2025062304031667,UPPER,51,7,50.0,195.7,9785.0,2025-06-23
2025062301021446,BHL,17,38,100.0,208.3,20830.0,2025-06-23
2025062301021445,BHL,50,38,200.0,208.3,41660.0,2025-06-23
2025062301021444,BHL,47,38,200.0,208.3,41660.0,2025-06-23
2025062304031666,AHPC,38,33,45.0,287.8,12951.0,2025-06-23
2025062304031665,NGPL,5,63,50.0,406.2,20310.0,2025-06-23
2025062304031664,NGPL,58,63,50.0,406.2,20310.0,2025-06-23
2025062304031663,BARUN,63,87,160.0,384.9,61584.0,2025-06-23
2025062304031662,BARUN,63,71,240.0,384.9,92376.0,2025-06-23
2025062304031661,BARUN,63,26,50.0,384.9,19245.0,2025-06-23
2025062304031660,BARUN,63,58,50.0,384.9,19245.0,2025-06-23
2025062301021443,PURE,16,58,10.0,932.0,9320.0,2025-06-23
2025062303007447,MLBL,3,21,10.0,374.8,3748.0,2025-06-23
2025062303007446,ICFC,39,6,125.0,605.0,75625.0,2025-06-23
2025062303007445,ICFC,39,6,500.0,605.0,302500.0,2025-06-23
2025062303007444,ICFC,43,6,100.0,605.0,60500.0,2025-06-23
2025062303007443,ICFC,60,6,50.0,605.0,30250.0,2025-06-23
2025062303007442,ICFC,57,6,25.0,605.1,15127.5,2025-06-23
2025062303007441,ICFC,47,6,100.0,605.1,60510.0,2025-06-23
2025062301021442,SARBTM,4,42,35.0,835.0,29225.0,2025-06-23
2025062304031659,HPPL,25,47,200.0,553.0,110600.0,2025-06-23
2025062304031658,API,57,42,40.0,293.0,11720.0,2025-06-23
2025062303007440,SIFC,41,57,193.0,519.0,100167.0,2025-06-23
2025062305008946,NTC,55,51,110.0,843.6,92796.0,2025-06-23
2025062304031657,SHPC,57,26,100.0,612.0,61200.0,2025-06-23
2025062304031656,API,51,13,380.0,292.0,110960.0,2025-06-23
2025062304031655,API,32,13,120.0,292.0,35040.0,2025-06-23
2025062303007439,NUBL,59,58,10.0,676.0,6760.0,2025-06-23
2025062304031654,TRH,45,53,50.0,926.5,46325.0,2025-06-23
2025062304031653,AHPC,7,53,4220.0,286.1,1207342.0,2025-06-23
2025062304031652,AHPC,41,53,270.0,286.1,77247.0,2025-06-23
2025062304031651,AHPC,49,53,10.0,286.5,2865.0,2025-06-23
2025062303007438,HLI,58,34,50.0,384.5,19225.0,2025-06-23
2025062303007437,KSBBL,34,52,81.0,443.0,35883.0,2025-06-23
2025062303007436,KSBBL,34,16,1900.0,443.0,841700.0,2025-06-23
2025062303007435,KSBBL,34,16,1480.0,443.0,655640.0,2025-06-23
2025062303007434,KSBBL,34,55,90.0,442.9,39861.0,2025-06-23
2025062301021441,DORDI,57,42,200.0,343.5,68700.0,2025-06-23
2025062301021440,DORDI,57,19,190.0,343.5,65265.0,2025-06-23
2025062301021439,OMPL,11,58,10.0,1283.0,12830.0,2025-06-23
2025062301021438,OMPL,11,34,10.0,1283.0,12830.0,2025-06-23
2025062301021437,OMPL,11,84,10.0,1283.0,12830.0,2025-06-23
2025062301021436,OMPL,11,57,10.0,1283.0,12830.0,2025-06-23
2025062301021435,OMPL,11,57,50.0,1282.0,64100.0,2025-06-23
2025062301021434,OMPL,11,38,10.0,1281.0,12810.0,2025-06-23
2025062301021433,OMPL,11,58,10.0,1280.0,12800.0,2025-06-23
2025062301021432,OMPL,11,57,30.0,1280.0,38400.0,2025-06-23
2025062301021431,OMPL,11,42,70.0,1280.0,89600.0,2025-06-23
2025062301021430,OMPL,11,14,30.0,1278.0,38340.0,2025-06-23
2025062304031650,SPDL,8,85,680.0,421.0,286280.0,2025-06-23
2025062303007433,SIFC,44,41,235.0,521.0,122435.0,2025-06-23
2025062304031649,HDHPC,13,43,218.0,198.0,43164.0,2025-06-23
2025062304031648,HDHPC,13,50,282.0,198.0,55836.0,2025-06-23
2025062304031647,CHCL,65,53,745.0,541.1,403119.5,2025-06-23
2025062304031646,CHCL,44,53,75.0,541.1,40582.5,2025-06-23
2025062304031645,CHCL,29,53,180.0,541.1,97398.0,2025-06-23
2025062304031644,GHL,71,26,447.0,251.0,112197.0,2025-06-23
2025062304031643,MHNL,56,57,874.0,257.1,224705.4,2025-06-23
2025062304031642,MHNL,6,57,82.0,257.4,21106.8,2025-06-23
2025062305008945,HRL,77,44,10.0,885.1,8851.0,2025-06-23
2025062304031641,HDHPC,3,48,530.0,197.6,104728.0,2025-06-23
2025062304031640,HDHPC,26,48,70.0,197.7,13839.0,2025-06-23
2025062304031639,SGIC,92,49,138.0,535.0,73830.0,2025-06-23
2025062304031638,SGIC,92,38,537.0,534.8,287187.6,2025-06-23
2025062304031637,SGIC,92,50,200.0,534.1,106820.0,2025-06-23
2025062304031636,SGIC,92,58,125.0,534.0,66750.0,2025-06-23
2025062305008944,NRM,38,38,20.0,437.0,8740.0,2025-06-23
2025062304031635,GHL,86,40,500.0,250.9,125450.0,2025-06-23
2025062304031634,SHEL,60,18,1000.0,308.0,308000.0,2025-06-23
2025062305008943,SMATA,57,49,108.0,762.1,82306.8,2025-06-23
2025062305008942,HRL,67,58,10.0,884.9,8849.0,2025-06-23
2025062301021429,PURE,16,34,10.0,932.0,9320.0,2025-06-23
2025062301021428,NMB,87,49,281.0,235.9,66287.9,2025-06-23
2025062303007432,SINDU,41,22,100.0,768.0,76800.0,2025-06-23
2025062304031633,SSHL,26,58,144.0,245.7,35380.8,2025-06-23
2025062304031632,SSHL,26,38,500.0,245.6,122800.0,2025-06-23
2025062304031631,SSHL,26,59,20.0,245.6,4912.0,2025-06-23
2025062304031630,SSHL,26,26,100.0,245.6,24560.0,2025-06-23
2025062304031629,SSHL,26,32,50.0,245.5,12275.0,2025-06-23
2025062304031628,SSHL,26,17,186.0,245.5,45663.0,2025-06-23
2025062304031627,SHPC,58,7,150.0,613.0,91950.0,2025-06-23
2025062301021427,OMPL,44,14,10.0,1278.0,12780.0,2025-06-23
2025062301021426,CZBIL,33,10,50.0,201.5,10075.0,2025-06-23
2025062303007431,CFCL,60,19,95.0,508.0,48260.0,2025-06-23
2025062303007430,CFCL,60,19,30.0,508.0,15240.0,2025-06-23
2025062303007429,SIFC,58,41,10.0,521.0,5210.0,2025-06-23
2025062301021425,HIDCLP,17,34,986.0,209.0,206074.0,2025-06-23
2025062301021424,HIDCLP,56,34,214.0,209.0,44726.0,2025-06-23
2025062304031626,NGPL,58,36,340.0,406.2,138108.0,2025-06-23
2025062304031625,NGPL,49,36,160.0,406.5,65040.0,2025-06-23
2025062304031624,SSHL,22,57,100.0,245.2,24520.0,2025-06-23
2025062303007428,FOWAD,44,81,64.0,1082.0,69248.0,2025-06-23
2025062303007427,FOWAD,5,81,50.0,1083.0,54150.0,2025-06-23
2025062303007426,FOWAD,38,81,30.0,1083.0,32490.0,2025-06-23
2025062303007425,FOWAD,25,81,38.0,1084.0,41192.0,2025-06-23
2025062303007424,FOWAD,57,81,30.0,1084.3,32529.0,2025-06-23
2025062304031623,UMRH,58,50,100.0,572.0,57200.0,2025-06-23
2025062304031622,RADHI,96,94,972.0,826.1,802969.2,2025-06-23
2025062304031621,RADHI,6,94,28.0,826.1,23130.8,2025-06-23
2025062303007423,MNBBL,77,74,333.0,355.8,118481.4,2025-06-23
2025062303007422,MNBBL,77,74,136.0,355.8,48388.8,2025-06-23
2025062304031620,CHCL,58,84,228.0,542.0,123576.0,2025-06-23
2025062304031619,CHCL,1,84,572.0,542.0,310024.0,2025-06-23
2025062304031618,RADHI,82,8,500.0,826.9,413450.0,2025-06-23
2025062304031617,LEC,41,19,165.0,216.1,35656.5,2025-06-23
2025062305008941,RNLI,34,49,10.0,435.7,4357.0,2025-06-23
2025062301021423,ULHC,33,49,10.0,455.1,4551.0,2025-06-23
2025062303007421,SJLIC,18,58,10.0,421.5,4215.0,2025-06-23
2025062305008940,ILI,59,55,91.0,437.0,39767.0,2025-06-23
2025062305008939,ILI,58,55,13.0,437.0,5681.0,2025-06-23
2025062305008938,ILI,89,55,46.0,437.0,20102.0,2025-06-23
2025062304031616,KPCL,36,57,100.0,564.0,56400.0,2025-06-23
2025062305008937,CIT,42,44,10.0,1885.0,18850.0,2025-06-23
2025062304031615,HPPL,25,48,520.0,553.0,287560.0,2025-06-23
2025062304031614,HPPL,19,48,45.0,553.0,24885.0,2025-06-23
2025062304031613,HPPL,22,48,100.0,553.0,55300.0,2025-06-23
2025062304031612,HPPL,38,48,200.0,553.0,110600.0,2025-06-23
2025062304031611,HPPL,52,48,100.0,553.0,55300.0,2025-06-23
2025062304031610,HPPL,57,48,50.0,553.0,27650.0,2025-06-23
2025062304031609,HPPL,29,48,25.0,553.0,13825.0,2025-06-23
2025062304031608,HPPL,34,48,200.0,553.1,110620.0,2025-06-23
2025062304031607,HPPL,3,48,490.0,553.1,271019.0,2025-06-23
2025062304031606,HPPL,56,48,20.0,553.1,11062.0,2025-06-23
2025062304031605,HPPL,42,48,50.0,553.1,27655.0,2025-06-23
2025062304031604,HPPL,90,48,200.0,553.2,110640.0,2025-06-23
2025062301021422,TPC,26,7,262.0,359.0,94058.0,2025-06-23
2025062301021421,TPC,39,7,200.0,359.0,71800.0,2025-06-23
2025062301021420,TPC,33,7,302.0,359.0,108418.0,2025-06-23
2025062301021419,TPC,77,7,50.0,359.1,17955.0,2025-06-23
2025062301021418,TPC,45,7,24.0,359.1,8618.4,2025-06-23
2025062301021417,TPC,6,7,10.0,359.1,3591.0,2025-06-23
2025062301021416,SBL,17,8,4670.0,304.0,1419680.0,2025-06-23
2025062301021415,SBL,13,8,500.0,304.0,152000.0,2025-06-23
2025062301021414,SBL,43,8,830.0,304.4,252652.0,2025-06-23
2025062303007420,FMDBL,38,26,70.0,737.0,51590.0,2025-06-23
2025062301021413,PURE,16,58,10.0,932.0,9320.0,2025-06-23
2025062305008936,HIDCL,3,56,50.0,292.0,14600.0,2025-06-23
2025062304031603,UNHPL,60,45,555.0,425.0,235875.0,2025-06-23
2025062304031602,UNHPL,60,51,200.0,425.0,85000.0,2025-06-23
2025062304031601,UNHPL,60,7,350.0,425.0,148750.0,2025-06-23
2025062304031600,UNHPL,60,62,290.0,425.0,123250.0,2025-06-23
2025062304031599,UNHPL,60,1,300.0,424.9,127470.0,2025-06-23
2025062304031598,SSHL,35,49,50.0,245.1,12255.0,2025-06-23
2025062304031597,SSHL,16,49,100.0,245.2,24520.0,2025-06-23
2025062301021412,NMIC,26,3,10.0,1590.0,15900.0,2025-06-23
2025062304031596,DHPL,53,3,200.0,325.0,65000.0,2025-06-23
2025062303007419,HLI,4,34,17.0,384.7,6539.9,2025-06-23
2025062301021411,BHL,58,44,50.0,208.4,10420.0,2025-06-23
2025062304031595,UPPER,54,10,510.0,195.8,99858.0,2025-06-23
2025062304031594,UPPER,58,10,12.0,195.8,2349.6,2025-06-23
2025062304031593,UPPER,54,10,1450.0,195.8,283910.0,2025-06-23
2025062304031592,UPPER,54,10,1640.0,195.8,321112.0,2025-06-23
2025062305008935,SHIVM,32,99,100.0,503.5,50350.0,2025-06-23
2025062305008934,SAHAS,63,59,12.0,547.0,6564.0,2025-06-23
2025062304031591,PMHPL,50,38,60.0,396.0,23760.0,2025-06-23
2025062304031590,PMHPL,16,38,90.0,396.0,35640.0,2025-06-23
2025062305008933,CHDC,48,62,1.0,2503.0,2503.0,2025-06-23
2025062301021410,MEHL,57,43,20.0,408.1,8162.0,2025-06-23
2025062301021409,MEHL,45,43,100.0,408.1,40810.0,2025-06-23
2025062301021408,MMKJL,17,58,10.0,540.0,5400.0,2025-06-23
2025062305008932,SAHAS,28,59,277.0,547.0,151519.0,2025-06-23
2025062305008931,SAHAS,28,19,10.0,547.0,5470.0,2025-06-23
2025062305008930,SAHAS,28,3,10.0,547.0,5470.0,2025-06-23
2025062305008929,SAHAS,28,4,100.0,547.0,54700.0,2025-06-23
2025062305008928,SAHAS,28,54,300.0,547.0,164100.0,2025-06-23
2025062305008927,SAHAS,28,58,40.0,547.0,21880.0,2025-06-23
2025062305008926,SAHAS,28,6,100.0,547.0,54700.0,2025-06-23
2025062305008925,SAHAS,28,38,163.0,546.9,89144.7,2025-06-23
2025062305008924,SAHAS,28,74,1000.0,546.7,546700.0,2025-06-23
2025062303007418,JFL,62,95,382.0,465.0,177630.0,2025-06-23
2025062303007417,JFL,36,95,50.0,465.0,23250.0,2025-06-23
2025062305008923,NTC,51,35,46.0,843.7,38810.2,2025-06-23
2025062301021407,PURE,16,58,10.0,932.0,9320.0,2025-06-23
2025062303007416,MLBSL,49,57,20.0,2085.0,41700.0,2025-06-23
2025062304031589,NHPC,42,38,230.0,214.0,49220.0,2025-06-23
2025062305008922,RNLI,34,7,250.0,435.7,108925.0,2025-06-23
2025062301021406,PURE,16,38,10.0,932.0,9320.0,2025-06-23
2025062303007415,NMFBS,43,35,74.0,1210.1,89547.4,2025-06-23
2025062305008921,MBJC,56,58,30.0,332.0,9960.0,2025-06-23
2025062304031588,NHPC,14,51,1000.0,213.7,213700.0,2025-06-23
2025062301021405,CREST,39,55,20.0,1323.0,26460.0,2025-06-23
2025062301021404,CREST,42,55,20.0,1323.0,26460.0,2025-06-23
2025062301021403,CREST,57,55,10.0,1323.3,13233.0,2025-06-23
2025062301021402,CREST,34,55,10.0,1323.4,13234.0,2025-06-23
2025062301021401,CREST,26,55,30.0,1324.0,39720.0,2025-06-23
2025062301021400,CREST,35,55,20.0,1324.0,26480.0,2025-06-23
2025062301021399,CREST,22,55,25.0,1324.0,33100.0,2025-06-23
2025062301021398,BHL,47,5,500.0,208.3,104150.0,2025-06-23
2025062303007414,SAPDBL,22,58,50.0,919.0,45950.0,2025-06-23
2025062305008920,NRIC,49,38,48.0,1217.0,58416.0,2025-06-23
2025062304031587,UPCL,45,21,50.0,418.7,20935.0,2025-06-23
2025062305008919,SHIVM,45,99,80.0,503.5,40280.0,2025-06-23
2025062305008918,SHIVM,53,99,1000.0,503.5,503500.0,2025-06-23
2025062305008917,SHIVM,44,99,34.0,503.5,17119.0,2025-06-23
2025062305008916,SHIVM,45,99,100.0,503.5,50350.0,2025-06-23
2025062305008915,SHIVM,45,99,400.0,504.0,201600.0,2025-06-23
2025062305008914,SHIVM,35,99,200.0,504.0,100800.0,2025-06-23
2025062305008913,SHIVM,34,99,10.0,504.0,5040.0,2025-06-23
2025062305008912,SHIVM,38,99,20.0,504.0,10080.0,2025-06-23
2025062305008911,SHIVM,35,99,100.0,504.0,50400.0,2025-06-23
2025062305008910,SHIVM,100,99,100.0,504.0,50400.0,2025-06-23
2025062305008909,SHIVM,38,99,100.0,504.0,50400.0,2025-06-23
2025062305008908,SHIVM,58,99,500.0,504.1,252050.0,2025-06-23
2025062305008907,SHIVM,48,99,11.0,504.2,5546.2,2025-06-23
2025062304031586,SSHL,16,1,100.0,245.2,24520.0,2025-06-23
2025062303007413,NFS,45,64,142.0,615.0,87330.0,2025-06-23
2025062303007412,NFS,45,50,158.0,615.0,97170.0,2025-06-23
2025062301021397,TAMOR,45,55,10.0,524.0,5240.0,2025-06-23
2025062301021396,TAMOR,45,58,10.0,524.0,5240.0,2025-06-23
2025062301021395,TAMOR,45,17,10.0,523.0,5230.0,2025-06-23
2025062301021394,TAMOR,45,48,166.0,523.0,86818.0,2025-06-23
2025062301021393,NICA,35,34,25.0,337.3,8432.5,2025-06-23
2025062301021392,NICA,17,34,220.0,337.4,74228.0,2025-06-23
2025062301021391,NICA,42,34,100.0,337.4,33740.0,2025-06-23
2025062301021390,NICA,56,34,100.0,337.4,33740.0,2025-06-23
2025062301021389,NICA,42,34,20.0,337.4,6748.0,2025-06-23
2025062301021388,NICA,32,34,15.0,337.5,5062.5,2025-06-23
2025062305008906,RNLI,34,50,103.0,435.7,44877.1,2025-06-23
2025062304031585,UMHL,62,16,2330.0,541.0,1260530.0,2025-06-23
2025062304031584,UMHL,32,16,100.0,541.1,54110.0,2025-06-23
2025062304031583,UMHL,70,16,50.0,541.3,27065.0,2025-06-23
2025062304031582,UMHL,62,16,4735.0,541.3,2563055.5,2025-06-23
2025062304031581,UMHL,62,16,900.0,541.4,487260.0,2025-06-23
2025062304031580,UMHL,62,16,900.0,541.4,487260.0,2025-06-23
2025062304031579,UMHL,58,16,200.0,541.5,108300.0,2025-06-23
2025062304031578,UMHL,70,16,50.0,541.5,27075.0,2025-06-23
2025062304031577,UMHL,77,16,100.0,541.5,54150.0,2025-06-23
2025062304031576,UMHL,77,16,100.0,541.6,54160.0,2025-06-23
2025062304031575,UMHL,70,16,50.0,541.7,27085.0,2025-06-23
2025062304031574,UMHL,77,16,100.0,541.8,54180.0,2025-06-23
2025062304031573,UMHL,1,16,10.0,542.0,5420.0,2025-06-23
2025062304031572,UMHL,57,16,250.0,542.0,135500.0,2025-06-23
2025062304031571,UMHL,70,16,200.0,542.0,108400.0,2025-06-23
2025062304031570,UMHL,77,16,100.0,542.0,54200.0,2025-06-23
2025062304031569,UMHL,66,16,10.0,542.0,5420.0,2025-06-23
2025062304031568,UMHL,32,16,100.0,542.1,54210.0,2025-06-23
2025062304031567,UMHL,62,16,25000.0,542.1,13552500.0,2025-06-23
2025062304031566,UMHL,48,16,20.0,542.2,10844.0,2025-06-23
2025062304031565,UMHL,38,16,210.0,542.2,113862.0,2025-06-23
2025062304031564,UMHL,62,16,1000.0,542.2,542200.0,2025-06-23
2025062304031563,UMHL,62,16,800.0,542.2,433760.0,2025-06-23
2025062304031562,UMHL,35,16,2310.0,542.2,1252482.0,2025-06-23
2025062304031561,UMHL,7,16,50.0,542.3,27115.0,2025-06-23
2025062304031560,UMHL,38,16,325.0,542.3,176247.5,2025-06-23
2025062301021387,SRLI,19,26,11.0,393.1,4324.1,2025-06-23
2025062301021386,CITY,25,36,10.0,824.1,8241.0,2025-06-23
2025062305008905,NRIC,49,75,300.0,1217.0,365100.0,2025-06-23
2025062304031559,BPCL,75,28,20.0,830.0,16600.0,2025-06-23
2025062304031558,BPCL,75,6,80.0,829.8,66384.0,2025-06-23
2025062301021385,NMIC,83,35,10.0,1590.0,15900.0,2025-06-23
2025062304031557,SHEL,60,41,900.0,307.8,277020.0,2025-06-23
2025062304031556,CHCL,1,55,260.0,541.2,140712.0,2025-06-23
2025062303007411,SFCL,21,58,200.0,472.7,94540.0,2025-06-23
2025062304031555,GHL,5,26,10.0,251.0,2510.0,2025-06-23
2025062301021384,PURE,16,41,10.0,932.0,9320.0,2025-06-23
2025062305008904,HATHY,41,56,30.0,1207.9,36237.0,2025-06-23
2025062305008903,NRN,45,99,10.0,1964.9,19649.0,2025-06-23
2025062304031554,AKJCL,45,45,100.0,210.0,21000.0,2025-06-23
2025062304031553,AKJCL,45,48,500.0,210.0,105000.0,2025-06-23
2025062304031552,AKJCL,45,49,250.0,210.0,52500.0,2025-06-23
2025062304031551,AKJCL,45,42,1050.0,210.0,220500.0,2025-06-23
2025062304031550,AKJCL,45,26,70.0,210.0,14700.0,2025-06-23
2025062301021383,GBIME,26,35,452.0,228.0,103056.0,2025-06-23
2025062304031549,BARUN,42,8,900.0,384.0,345600.0,2025-06-23
2025062304031548,BARUN,36,8,100.0,384.8,38480.0,2025-06-23
2025062301021382,SANIMA,32,51,10.0,313.9,3139.0,2025-06-23
2025062301021381,SANIMA,32,18,70.0,313.5,21945.0,2025-06-23
2025062301021380,NIMB,19,22,10.0,206.9,2069.0,2025-06-23
2025062305008902,SONA,38,49,100.0,445.0,44500.0,2025-06-23
2025062305008901,NIFRA,6,58,54.0,273.0,14742.0,2025-06-23
2025062305008900,NIFRA,6,58,43.0,273.0,11739.0,2025-06-23
2025062304031547,SHEL,52,4,30.0,307.0,9210.0,2025-06-23
2025062301021379,TSHL,57,34,10.0,640.2,6402.0,2025-06-23
2025062304031546,MHNL,6,11,80.0,257.4,20592.0,2025-06-23
2025062303007410,CORBL,41,22,10.0,2136.0,21360.0,2025-06-23
2025062304031545,NGPL,58,48,100.0,406.2,40620.0,2025-06-23
2025062304031544,AHPC,41,48,30.0,286.1,8583.0,2025-06-23
2025062301021378,JBLB,6,26,16.0,1284.1,20545.6,2025-06-23
2025062304031543,BPCL,7,92,1300.0,829.0,1077700.0,2025-06-23
2025062301021377,MAKAR,13,14,50.0,587.2,29360.0,2025-06-23
2025062301021376,TPC,35,13,500.0,360.0,180000.0,2025-06-23
2025062301021375,TPC,49,13,70.0,360.0,25200.0,2025-06-23
2025062301021374,TPC,11,13,500.0,360.0,180000.0,2025-06-23
2025062301021373,TPC,4,13,100.0,360.0,36000.0,2025-06-23
2025062301021372,TPC,4,13,80.0,360.0,28800.0,2025-06-23
2025062301021371,TPC,33,13,250.0,360.1,90025.0,2025-06-23
2025062301021370,TPC,11,13,250.0,360.1,90025.0,2025-06-23
2025062301021369,TPC,50,13,50.0,360.2,18010.0,2025-06-23
2025062304031542,NGPL,58,90,15.0,406.2,6093.0,2025-06-23
2025062301021368,PURE,16,14,10.0,932.0,9320.0,2025-06-23
2025062305008899,GCIL,58,43,10.0,500.0,5000.0,2025-06-23
2025062303007409,FOWAD,5,57,50.0,1085.0,54250.0,2025-06-23
2025062301021367,BEDC,26,29,460.0,634.0,291640.0,2025-06-23
2025062301021366,BEDC,26,29,50.0,634.0,31700.0,2025-06-23
2025062301021365,BEDC,5,29,30.0,634.0,19020.0,2025-06-23
2025062301021364,BEDC,34,29,10.0,645.0,6450.0,2025-06-23
2025062301021363,USHEC,48,94,107.0,430.0,46010.0,2025-06-23
2025062303007408,GUFL,62,11,20.0,540.0,10800.0,2025-06-23
2025062303007407,GUFL,62,58,15.0,540.0,8100.0,2025-06-23
2025062303007406,GUFL,62,34,100.0,540.0,54000.0,2025-06-23
2025062303007405,GUFL,62,52,30.0,539.9,16197.0,2025-06-23
2025062303007404,GUFL,62,47,18.0,539.8,9716.4,2025-06-23
2025062305008898,HDL,58,35,97.0,1185.0,114945.0,2025-06-23
2025062305008897,HDL,58,22,29.0,1185.0,34365.0,2025-06-23
2025062304031541,BARUN,42,34,135.0,384.0,51840.0,2025-06-23
2025062303007403,SADBL,60,58,250.0,394.0,98500.0,2025-06-23
2025062304031540,CHCL,42,55,72.0,541.2,38966.4,2025-06-23
2025062301021362,SRLI,49,22,12.0,393.1,4717.2,2025-06-23
2025062303007402,PROFL,3,32,200.0,480.0,96000.0,2025-06-23
2025062303007401,PROFL,13,32,150.0,480.1,72015.0,2025-06-23
2025062301021361,ULHC,60,48,300.0,458.0,137400.0,2025-06-23
2025062304031539,NHPC,14,38,200.0,214.0,42800.0,2025-06-23
2025062303007400,MLBL,3,21,600.0,374.8,224880.0,2025-06-23
2025062305008896,SHIVM,47,8,16.0,505.0,8080.0,2025-06-23
2025062304031538,SHPC,34,7,66.0,613.0,40458.0,2025-06-23
2025062304031537,SHPC,34,16,50.0,613.0,30650.0,2025-06-23
2025062304031536,SHPC,34,74,715.0,613.0,438295.0,2025-06-23
2025062304031535,SHPC,34,38,90.0,612.0,55080.0,2025-06-23
2025062304031534,SHPC,34,7,79.0,611.9,48340.1,2025-06-23
2025062303007399,RLFL,42,1,52.0,472.0,24544.0,2025-06-23
2025062303007398,MLBL,3,45,100.0,374.8,37480.0,2025-06-23
2025062301021360,GVL,17,7,840.0,445.0,373800.0,2025-06-23
2025062301021359,GVL,17,7,500.0,445.9,222950.0,2025-06-23
2025062301021358,GVL,45,7,40.0,446.0,17840.0,2025-06-23
2025062301021357,GVL,38,7,40.0,446.0,17840.0,2025-06-23
2025062301021356,GVL,26,7,500.0,447.1,223550.0,2025-06-23
2025062301021355,GVL,47,7,500.0,447.2,223600.0,2025-06-23
2025062301021354,GVL,66,7,80.0,447.2,35776.0,2025-06-23
2025062304031533,RURU,6,40,40.0,710.2,28408.0,2025-06-23
2025062304031532,UPPER,44,10,80.0,196.0,15680.0,2025-06-23
2025062304031531,BARUN,62,58,250.0,384.9,96225.0,2025-06-23
2025062304031530,BARUN,62,38,150.0,384.9,57735.0,2025-06-23
2025062304031529,BARUN,62,6,600.0,384.8,230880.0,2025-06-23
2025062301021353,OMPL,44,17,90.0,1278.0,115020.0,2025-06-23
2025062304031528,PRIN,11,56,30.0,840.0,25200.0,2025-06-23
2025062304031527,PRIN,28,56,50.0,840.0,42000.0,2025-06-23
2025062304031526,PRIN,45,56,40.0,840.0,33600.0,2025-06-23
2025062304031525,PRIN,57,56,30.0,840.0,25200.0,2025-06-23
2025062304031524,PRIN,39,56,100.0,840.0,84000.0,2025-06-23
2025062304031523,PRIN,49,56,20.0,840.0,16800.0,2025-06-23
2025062304031522,PRIN,54,56,28.0,840.0,23520.0,2025-06-23
2025062304031521,PRIN,11,56,100.0,840.0,84000.0,2025-06-23
2025062304031520,PRIN,39,56,100.0,840.0,84000.0,2025-06-23
2025062304031519,PRIN,64,56,100.0,840.0,84000.0,2025-06-23
2025062304031518,PRIN,41,56,30.0,840.0,25200.0,2025-06-23
2025062304031517,PRIN,8,56,1000.0,840.1,840100.0,2025-06-23
2025062304031516,PRIN,49,56,550.0,840.1,462055.0,2025-06-23
2025062304031515,PRIN,13,56,150.0,841.0,126150.0,2025-06-23
2025062304031514,PRIN,45,56,20.0,841.0,16820.0,2025-06-23
2025062304031513,PRIN,16,56,100.0,841.0,84100.0,2025-06-23
2025062304031512,PRIN,32,56,100.0,841.1,84110.0,2025-06-23
2025062304031511,PRIN,44,56,500.0,841.3,420650.0,2025-06-23
2025062304031510,PRIN,63,56,355.0,841.4,298697.0,2025-06-23
2025062304031509,PRIN,8,56,500.0,841.4,420700.0,2025-06-23
2025062304031508,PRIN,50,56,100.0,841.5,84150.0,2025-06-23
2025062304031507,PRIN,45,56,10.0,842.0,8420.0,2025-06-23
2025062304031506,PRIN,42,56,100.0,842.0,84200.0,2025-06-23
2025062304031505,PRIN,66,56,95.0,842.0,79990.0,2025-06-23
2025062304031504,PRIN,50,56,100.0,842.1,84210.0,2025-06-23
2025062304031503,PRIN,32,56,10.0,842.2,8422.0,2025-06-23
2025062303007397,PMLI,51,53,35.0,494.3,17300.5,2025-06-23
2025062303007396,NFS,34,50,222.0,615.0,136530.0,2025-06-23
2025062303007395,NFS,34,57,17.0,615.0,10455.0,2025-06-23
2025062303007394,NFS,34,36,275.0,614.9,169097.5,2025-06-23
2025062303007393,NFS,34,33,50.0,614.0,30700.0,2025-06-23
2025062303007392,NFS,34,22,20.0,613.9,12278.0,2025-06-23
2025062303007391,NFS,34,6,16.0,612.0,9792.0,2025-06-23
2025062304031502,UMHL,38,94,200.0,542.3,108460.0,2025-06-23
2025062304031501,BARUN,42,98,100.0,384.0,38400.0,2025-06-23
2025062305008895,SHIVM,65,8,40.0,505.0,20200.0,2025-06-23
2025062304031500,BPCL,48,6,10.0,829.8,8298.0,2025-06-23
2025062301021352,SBL,43,8,170.0,304.4,51748.0,2025-06-23
2025062301021351,SBL,13,8,32.0,304.4,9740.8,2025-06-23
2025062301021350,SBL,13,8,28.0,304.4,8523.2,2025-06-23
2025062301021349,PURE,16,58,10.0,932.0,9320.0,2025-06-23
2025062303007390,MNBBL,57,53,45.0,356.0,16020.0,2025-06-23
2025062305008894,HIDCL,34,6,150.0,292.0,43800.0,2025-06-23
2025062301021348,PURE,16,58,10.0,932.0,9320.0,2025-06-23
2025062301021347,PURE,16,58,10.0,932.0,9320.0,2025-06-23
