transaction,symbol,buyer,seller,quantity,rate,amount,date
2025052705009339,PHCL,100,16,330.0,572.0,188760.0,2025-05-27
2025052705009338,PHCL,100,50,10.0,572.0,5720.0,2025-05-27
2025052705009337,PHCL,100,26,100.0,571.2,57120.0,2025-05-27
2025052705009336,PHCL,100,42,10.0,571.2,5712.0,2025-05-27
2025052704022691,RIDI,25,45,350.0,251.1,87885.0,2025-05-27
2025052704022690,RIDI,94,45,100.0,251.5,25150.0,2025-05-27
2025052704022689,RIDI,58,45,50.0,251.7,12585.0,2025-05-27
2025052701017604,SPC,56,6,20.0,505.0,10100.0,2025-05-27
2025052703009987,CFCL,48,42,78.0,523.0,40794.0,2025-05-27
2025052703009986,CFCL,7,42,20.0,523.0,10460.0,2025-05-27
2025052703009985,CFCL,52,42,50.0,523.0,26150.0,2025-05-27
2025052703009984,CFCL,4,42,10.0,523.0,5230.0,2025-05-27
2025052703009983,CFCL,52,42,284.0,523.0,148532.0,2025-05-27
2025052703009982,CFCL,57,42,20.0,523.2,10464.0,2025-05-27
2025052701017603,BHL,42,1,10.0,215.7,2157.0,2025-05-27
2025052701017602,ULBSL,38,32,10.0,3500.0,35000.0,2025-05-27
2025052701017601,ANLB,38,57,10.0,5429.0,54290.0,2025-05-27
2025052704022688,PMHPL,55,25,100.0,286.0,28600.0,2025-05-27
2025052705009335,RNLI,49,44,35.0,508.0,17780.0,2025-05-27
2025052701017600,BNT,13,54,10.0,12600.0,126000.0,2025-05-27
2025052704022687,API,57,43,45.0,291.4,13113.0,2025-05-27
2025052703009981,SINDU,58,4,18.0,868.0,15624.0,2025-05-27
2025052701017599,SMHL,72,65,30.0,940.0,28200.0,2025-05-27
2025052701017598,DORDI,48,38,40.0,389.0,15560.0,2025-05-27
2025052704022686,AHPC,28,34,535.0,279.0,149265.0,2025-05-27
2025052703009980,KMCDB,28,25,10.0,1058.0,10580.0,2025-05-27
2025052704022685,NHPC,34,8,50.0,216.5,10825.0,2025-05-27
2025052703009979,SAPDBL,17,72,355.0,900.0,319500.0,2025-05-27
2025052704022684,SHEL,13,75,50.0,264.6,13230.0,2025-05-27
2025052704022683,UPCL,80,81,200.0,458.0,91600.0,2025-05-27
2025052704022682,UPCL,80,34,50.0,457.9,22895.0,2025-05-27
2025052701017597,CREST,54,55,40.0,1801.0,72040.0,2025-05-27
2025052704022681,RHPL,55,14,80.0,378.0,30240.0,2025-05-27
2025052704022680,RHPL,55,54,20.0,378.0,7560.0,2025-05-27
2025052703009978,NABBC,20,21,10.0,1556.9,15569.0,2025-05-27
2025052704022679,RADHI,6,58,120.0,792.0,95040.0,2025-05-27
2025052704022678,NGPL,57,33,20.0,388.3,7766.0,2025-05-27
2025052701017596,BHPL,26,37,10.0,853.0,8530.0,2025-05-27
2025052704022677,UNHPL,91,1,75.0,324.4,24330.0,2025-05-27
2025052704022676,UNHPL,91,40,25.0,323.4,8085.0,2025-05-27
2025052704022675,UNHPL,91,21,200.0,323.0,64600.0,2025-05-27
2025052704022674,SHPC,5,91,1208.0,562.5,679500.0,2025-05-27
2025052704022673,SHPC,63,91,1000.0,562.8,562800.0,2025-05-27
2025052701017595,NMIC,56,17,10.0,1900.0,19000.0,2025-05-27
2025052704022672,UMRH,8,80,10.0,554.9,5549.0,2025-05-27
2025052701017594,LSL,57,17,50.0,227.2,11360.0,2025-05-27
2025052701017593,LSL,57,26,50.0,227.2,11360.0,2025-05-27
2025052704022671,NGPL,57,34,100.0,388.3,38830.0,2025-05-27
2025052704022670,PRIN,45,53,80.0,851.0,68080.0,2025-05-27
2025052704022669,PRIN,59,53,20.0,851.0,17020.0,2025-05-27
2025052705009334,SONA,33,41,650.0,456.3,296595.0,2025-05-27
2025052704022668,SALICO,43,39,692.0,675.2,467238.4,2025-05-27
2025052704022667,SALICO,43,39,258.0,675.2,174201.6,2025-05-27
2025052704022666,GHL,47,45,10.0,245.0,2450.0,2025-05-27
2025052704022665,RADHI,7,58,100.0,792.0,79200.0,2025-05-27
2025052703009977,SADBL,84,32,224.0,422.8,94707.2,2025-05-27
2025052703009976,SADBL,84,44,200.0,422.8,84560.0,2025-05-27
2025052703009975,SADBL,84,43,300.0,422.8,126840.0,2025-05-27
2025052703009974,SADBL,84,55,50.0,422.0,21100.0,2025-05-27
2025052703009973,SADBL,84,49,226.0,422.0,95372.0,2025-05-27
2025052704022664,HURJA,59,58,10.0,246.0,2460.0,2025-05-27
2025052703009972,SJLIC,45,19,28.0,436.0,12208.0,2025-05-27
2025052703009971,SJLIC,34,19,100.0,436.0,43600.0,2025-05-27
2025052703009970,SJLIC,36,19,200.0,436.2,87240.0,2025-05-27
2025052703009969,SJLIC,47,19,50.0,436.3,21815.0,2025-05-27
2025052703009968,SJLIC,57,19,44.0,436.4,19201.6,2025-05-27
2025052703009967,SJLIC,43,19,50.0,436.9,21845.0,2025-05-27
2025052703009966,SJLIC,53,19,100.0,437.0,43700.0,2025-05-27
2025052703009965,SJLIC,47,19,50.0,437.0,21850.0,2025-05-27
2025052703009964,SJLIC,41,19,50.0,437.0,21850.0,2025-05-27
2025052703009963,SJLIC,21,19,410.0,437.2,179252.0,2025-05-27
2025052703009962,SJLIC,6,19,50.0,437.3,21865.0,2025-05-27
2025052703009961,SJLIC,13,19,150.0,437.3,65595.0,2025-05-27
2025052704022663,RURU,35,22,27.0,686.5,18535.5,2025-05-27
2025052701017592,NWCL,55,51,10.0,933.9,9339.0,2025-05-27
2025052701017591,MANDU,56,90,45.0,865.0,38925.0,2025-05-27
2025052703009960,USLB,40,58,11.0,2070.0,22770.0,2025-05-27
2025052704022662,SHPC,43,50,200.0,563.0,112600.0,2025-05-27
2025052704022661,SPIL,36,84,290.0,833.8,241802.0,2025-05-27
2025052704022660,SPIL,36,48,100.0,833.2,83320.0,2025-05-27
2025052704022659,SPIL,36,63,399.0,831.5,331768.5,2025-05-27
2025052704022658,SPIL,36,78,201.0,831.3,167091.3,2025-05-27
2025052704022657,SPIL,36,6,10.0,831.1,8311.0,2025-05-27
2025052704022656,RADHI,17,100,1500.0,791.0,1186500.0,2025-05-27
2025052704022655,RADHI,64,100,500.0,791.1,395550.0,2025-05-27
2025052703009959,SINDU,58,72,15.0,870.0,13050.0,2025-05-27
2025052703009958,NUBL,36,71,155.0,703.0,108965.0,2025-05-27
2025052703009957,NUBL,36,71,145.0,702.0,101790.0,2025-05-27
2025052703009956,NUBL,36,57,100.0,701.9,70190.0,2025-05-27
2025052701017590,TAMOR,45,58,500.0,502.3,251150.0,2025-05-27
2025052704022654,SHPC,94,50,100.0,563.0,56300.0,2025-05-27
2025052701017589,HHL,32,49,200.0,422.0,84400.0,2025-05-27
2025052701017588,UNLB,49,57,10.0,2130.0,21300.0,2025-05-27
2025052704022653,SPDL,57,59,20.0,363.0,7260.0,2025-05-27
2025052701017587,MKHC,57,99,10.0,407.9,4079.0,2025-05-27
2025052703009955,MLBSL,74,49,50.0,2282.0,114100.0,2025-05-27
2025052704022652,OHL,45,58,50.0,900.0,45000.0,2025-05-27
2025052704022651,OHL,47,58,150.0,900.0,135000.0,2025-05-27
2025052704022650,OHL,49,58,500.0,900.2,450100.0,2025-05-27
2025052704022649,OHL,57,58,200.0,900.3,180060.0,2025-05-27
2025052704022648,OHL,54,58,35.0,900.5,31517.5,2025-05-27
2025052704022647,OHL,56,58,500.0,901.0,450500.0,2025-05-27
2025052704022646,OHL,42,58,100.0,902.0,90200.0,2025-05-27
2025052704022645,SSHL,38,4,24.0,230.0,5520.0,2025-05-27
2025052704022644,SSHL,51,4,30.0,230.0,6900.0,2025-05-27
2025052704022643,SSHL,45,4,10.0,230.0,2300.0,2025-05-27
2025052704022642,SSHL,42,4,60.0,230.0,13800.0,2025-05-27
2025052704022641,SSHL,22,4,506.0,230.0,116380.0,2025-05-27
2025052704022640,SSHL,57,4,100.0,230.0,23000.0,2025-05-27
2025052704022639,SSHL,58,4,170.0,230.0,39100.0,2025-05-27
2025052704022638,SSHL,6,4,100.0,230.2,23020.0,2025-05-27
2025052704022637,RADHI,29,58,50.0,792.0,39600.0,2025-05-27
2025052701017586,NBL,5,41,100.0,258.7,25870.0,2025-05-27
2025052704022636,UPCL,29,67,100.0,457.0,45700.0,2025-05-27
2025052705009333,SONA,33,3,200.0,456.3,91260.0,2025-05-27
2025052703009954,EDBL,34,47,70.0,590.0,41300.0,2025-05-27
2025052703009953,EDBL,34,26,30.0,589.8,17694.0,2025-05-27
2025052703009952,NADEP,34,26,20.0,870.0,17400.0,2025-05-27
2025052705009332,MBJC,52,34,81.0,310.0,25110.0,2025-05-27
2025052705009331,MBJC,57,34,250.0,310.0,77500.0,2025-05-27
2025052705009330,MBJC,58,34,100.0,310.0,31000.0,2025-05-27
2025052705009329,MBJC,22,34,20.0,310.0,6200.0,2025-05-27
2025052705009328,MBJC,45,34,15.0,310.3,4654.5,2025-05-27
2025052705009327,MBJC,29,34,406.0,310.3,125981.8,2025-05-27
2025052705009326,MBJC,26,34,78.0,310.5,24219.0,2025-05-27
2025052705009325,HIDCL,38,13,100.0,295.3,29530.0,2025-05-27
2025052704022635,AKPL,42,39,75.0,240.2,18015.0,2025-05-27
2025052704022634,AKPL,42,39,200.0,240.3,48060.0,2025-05-27
2025052704022633,AKPL,40,39,25.0,241.0,6025.0,2025-05-27
2025052703009951,SLBSL,62,47,10.0,1529.9,15299.0,2025-05-27
2025052704022632,UPCL,29,65,500.0,457.0,228500.0,2025-05-27
2025052704022631,TRH,22,65,10.0,933.0,9330.0,2025-05-27
2025052705009324,GCIL,55,47,368.0,500.2,184073.6,2025-05-27
2025052705009323,GCIL,37,47,132.0,500.3,66039.6,2025-05-27
2025052701017585,SPL,7,34,10.0,800.9,8009.0,2025-05-27
2025052701017584,GBIME,40,52,1405.0,240.3,337621.5,2025-05-27
2025052701017583,GBIME,57,52,595.0,240.4,143038.0,2025-05-27
2025052704022630,PPCL,52,49,10.0,327.9,3279.0,2025-05-27
2025052704022629,SHEL,13,59,50.0,264.6,13230.0,2025-05-27
2025052704022628,SHPC,50,50,100.0,563.0,56300.0,2025-05-27
2025052703009950,HLI,50,48,10.0,408.0,4080.0,2025-05-27
2025052704022627,PPCL,60,49,10.0,327.9,3279.0,2025-05-27
2025052701017582,MHL,22,34,20.0,619.4,12388.0,2025-05-27
2025052704022626,SHPC,97,50,20.0,563.0,11260.0,2025-05-27
2025052705009322,HIDCL,38,11,335.0,295.3,98925.5,2025-05-27
2025052704022625,RADHI,17,83,200.0,791.0,158200.0,2025-05-27
2025052704022624,RADHI,32,83,800.0,791.1,632880.0,2025-05-27
2025052701017581,NMIC,49,58,10.0,1900.0,19000.0,2025-05-27
2025052701017580,GBIME,42,36,80.0,242.0,19360.0,2025-05-27
2025052701017579,GBIME,42,34,500.0,241.9,120950.0,2025-05-27
2025052701017578,GBIME,42,41,74.0,241.9,17900.6,2025-05-27
2025052704022623,UPCL,42,81,409.0,458.0,187322.0,2025-05-27
2025052701017577,GBIME,42,1,193.0,241.9,46686.7,2025-05-27
2025052704022622,UPCL,42,38,50.0,458.0,22900.0,2025-05-27
2025052701017576,GBIME,42,94,100.0,241.8,24180.0,2025-05-27
2025052704022621,UPCL,42,38,100.0,458.0,45800.0,2025-05-27
2025052701017575,GBIME,42,35,53.0,241.0,12773.0,2025-05-27
2025052704022620,UPCL,42,4,144.0,458.0,65952.0,2025-05-27
2025052704022619,UPCL,42,48,500.0,458.0,229000.0,2025-05-27
2025052704022618,UPCL,42,43,300.0,458.0,137400.0,2025-05-27
2025052704022617,UPCL,42,45,25.0,458.0,11450.0,2025-05-27
2025052704022616,UPCL,42,7,500.0,458.0,229000.0,2025-05-27
2025052704022615,UPCL,42,98,382.0,458.0,174956.0,2025-05-27
2025052704022614,UPCL,42,25,90.0,457.1,41139.0,2025-05-27
2025052701017574,PRVU,75,56,133.0,213.4,28382.2,2025-05-27
2025052701017573,PRVU,32,56,10.0,213.5,2135.0,2025-05-27
2025052701017572,PRVU,34,56,300.0,213.5,64050.0,2025-05-27
2025052704022613,BPCL,1,49,300.0,535.0,160500.0,2025-05-27
2025052701017571,NICA,50,53,258.0,362.0,93396.0,2025-05-27
2025052705009321,NIFRA,70,26,800.0,277.6,222080.0,2025-05-27
2025052705009320,NIFRA,58,26,200.0,277.8,55560.0,2025-05-27
2025052704022612,RIDI,26,48,100.0,252.0,25200.0,2025-05-27
2025052704022611,RADHI,72,58,200.0,792.0,158400.0,2025-05-27
2025052703009949,SINDU,55,72,55.0,868.0,47740.0,2025-05-27
2025052703009948,SINDU,35,72,398.0,868.0,345464.0,2025-05-27
2025052703009947,SINDU,40,72,30.0,869.0,26070.0,2025-05-27
2025052703009946,SINDU,39,72,100.0,869.0,86900.0,2025-05-27
2025052703009945,SINDU,1,72,10.0,869.0,8690.0,2025-05-27
2025052704022610,UPCL,29,92,100.0,457.0,45700.0,2025-05-27
2025052705009319,CHDC,32,77,10.0,2525.0,25250.0,2025-05-27
2025052703009944,LBBL,34,48,247.0,455.0,112385.0,2025-05-27
2025052703009943,LBBL,34,1,510.0,454.9,231999.0,2025-05-27
2025052703009942,LBBL,34,44,500.0,454.9,227450.0,2025-05-27
2025052703009941,LBBL,34,44,500.0,453.9,226950.0,2025-05-27
2025052703009940,LBBL,34,70,520.0,452.5,235300.0,2025-05-27
2025052703009939,LBBL,34,13,15.0,451.0,6765.0,2025-05-27
2025052703009938,LBBL,34,63,208.0,451.0,93808.0,2025-05-27
2025052703009937,LBBL,34,63,150.0,451.0,67650.0,2025-05-27
2025052701017570,UHEWA,34,50,73.0,610.7,44581.1,2025-05-27
2025052701017569,UHEWA,34,59,310.0,610.6,189286.0,2025-05-27
2025052701017568,UHEWA,34,90,190.0,610.6,116014.0,2025-05-27
2025052701017567,UHEWA,34,37,10.0,610.0,6100.0,2025-05-27
2025052701017566,UHEWA,34,41,100.0,609.0,60900.0,2025-05-27
2025052701017565,UHEWA,34,49,10.0,605.0,6050.0,2025-05-27
2025052701017564,UHEWA,34,42,379.0,604.0,228916.0,2025-05-27
2025052701017563,UHEWA,34,41,10.0,604.0,6040.0,2025-05-27
2025052701017562,UHEWA,34,42,10.0,603.0,6030.0,2025-05-27
2025052701017561,UHEWA,34,21,50.0,603.0,30150.0,2025-05-27
2025052701017560,UHEWA,34,59,20.0,603.0,12060.0,2025-05-27
2025052701017559,UHEWA,34,35,70.0,603.0,42210.0,2025-05-27
2025052701017558,UHEWA,34,58,100.0,603.0,60300.0,2025-05-27
2025052701017557,UHEWA,34,29,289.0,602.0,173978.0,2025-05-27
2025052701017556,UHEWA,34,48,379.0,601.0,227779.0,2025-05-27
2025052701017555,MKCL,34,13,10.0,1549.8,15498.0,2025-05-27
2025052704022609,GHL,48,36,230.0,244.1,56143.0,2025-05-27
2025052704022608,GHL,1,36,50.0,244.2,12210.0,2025-05-27
2025052701017554,NBL,6,16,10.0,256.5,2565.0,2025-05-27
2025052705009318,HDL,16,16,29.0,1216.0,35264.0,2025-05-27
2025052704022607,SHPC,63,50,800.0,562.8,450240.0,2025-05-27
2025052703009936,JBBL,37,22,200.0,334.0,66800.0,2025-05-27
2025052703009935,JBBL,57,22,50.0,334.0,16700.0,2025-05-27
2025052704022606,AKJCL,47,58,50.0,206.0,10300.0,2025-05-27
2025052704022605,RURU,35,58,80.0,686.5,54920.0,2025-05-27
2025052704022604,NGPL,98,25,400.0,388.0,155200.0,2025-05-27
2025052704022603,BPCL,86,47,400.0,535.5,214200.0,2025-05-27
2025052704022602,BPCL,86,43,50.0,535.4,26770.0,2025-05-27
2025052704022601,BPCL,86,19,50.0,535.2,26760.0,2025-05-27
2025052705009317,ILI,25,42,327.0,453.1,148163.7,2025-05-27
2025052705009316,ILI,32,42,89.0,453.1,40325.9,2025-05-27
2025052705009315,PSF,42,8,1000.0,10.84,10840.0,2025-05-27
2025052705009314,NRM,42,36,380.0,454.2,172596.0,2025-05-27
2025052705009313,NRM,42,34,220.0,454.1,99902.0,2025-05-27
2025052704022600,BPCL,62,57,40.0,535.0,21400.0,2025-05-27
2025052703009934,SFCL,47,21,80.0,483.5,38680.0,2025-05-27
2025052703009933,SINDU,1,57,20.0,869.0,17380.0,2025-05-27
2025052703009932,SINDU,42,57,10.0,869.0,8690.0,2025-05-27
2025052705009312,HRL,49,57,150.0,933.7,140055.0,2025-05-27
2025052705009311,HRL,29,57,50.0,933.7,46685.0,2025-05-27
2025052703009931,PMLI,44,45,50.0,552.0,27600.0,2025-05-27
2025052703009930,PMLI,44,42,255.0,552.0,140760.0,2025-05-27
2025052701017553,MEHL,26,19,110.0,447.0,49170.0,2025-05-27
2025052701017552,MEHL,26,16,90.0,445.0,40050.0,2025-05-27
2025052704022599,SPIL,43,56,550.0,827.2,454960.0,2025-05-27
2025052704022598,UMHL,32,68,10.0,515.0,5150.0,2025-05-27
2025052701017551,BNHC,34,58,23.0,534.0,12282.0,2025-05-27
2025052701017550,BNHC,34,47,480.0,533.5,256080.0,2025-05-27
2025052701017549,BNHC,34,32,297.0,533.0,158301.0,2025-05-27
2025052701017548,USHEC,39,59,10.0,477.3,4773.0,2025-05-27
2025052701017547,SAMAJ,62,62,20.0,2459.9,49198.0,2025-05-27
2025052704022597,RIDI,41,48,150.0,252.0,37800.0,2025-05-27
2025052701017546,MMKJL,42,46,10.0,594.0,5940.0,2025-05-27
2025052704022596,RURU,35,60,41.0,686.5,28146.5,2025-05-27
2025052701017545,HIDCLP,96,44,245.0,202.5,49612.5,2025-05-27
2025052705009310,NTC,52,59,10.0,879.0,8790.0,2025-05-27
2025052704022595,UPCL,55,25,30.0,457.1,13713.0,2025-05-27
2025052705009309,NRIC,6,63,53.0,1266.0,67098.0,2025-05-27
2025052701017544,MKJC,33,88,156.0,490.0,76440.0,2025-05-27
2025052701017543,MKJC,33,49,844.0,490.0,413560.0,2025-05-27
2025052701017542,RAWA,36,35,100.0,803.2,80320.0,2025-05-27
2025052704022594,API,35,43,100.0,291.4,29140.0,2025-05-27
2025052704022593,SICL,35,3,16.0,746.1,11937.6,2025-05-27
2025052703009929,SADBL,58,49,82.0,422.0,34604.0,2025-05-27
2025052703009928,SADBL,58,55,118.0,422.0,49796.0,2025-05-27
2025052705009308,SONA,58,13,100.0,456.9,45690.0,2025-05-27
2025052703009927,JBBL,36,42,174.0,334.1,58133.4,2025-05-27
2025052704022592,SSHL,42,42,20.0,230.3,4606.0,2025-05-27
2025052704022591,AKPL,42,32,50.0,241.9,12095.0,2025-05-27
2025052705009307,SMJC,44,91,10.0,503.0,5030.0,2025-05-27
2025052704022590,UPPER,36,3,352.0,200.5,70576.0,2025-05-27
2025052704022589,UPPER,28,3,373.0,200.5,74786.5,2025-05-27
2025052704022588,UPPER,16,3,775.0,200.6,155465.0,2025-05-27
2025052701017541,USHL,28,44,30.0,624.0,18720.0,2025-05-27
2025052701017540,MKJC,34,49,100.0,490.0,49000.0,2025-05-27
2025052703009926,ALICL,13,75,46.0,709.3,32627.8,2025-05-27
2025052703009925,ALICL,62,75,109.0,709.4,77324.6,2025-05-27
2025052704022587,UPCL,65,25,20.0,457.1,9142.0,2025-05-27
2025052703009924,MFIL,21,50,140.0,594.2,83188.0,2025-05-27
2025052703009923,MFIL,28,50,60.0,594.3,35658.0,2025-05-27
2025052701017539,BGWT,34,35,270.0,923.1,249237.0,2025-05-27
2025052704022586,AKPL,53,51,59.0,241.0,14219.0,2025-05-27
2025052704022585,RADHI,91,58,100.0,792.0,79200.0,2025-05-27
2025052701017538,NIMB,58,78,439.0,217.7,95570.3,2025-05-27
2025052701017537,NIMB,58,47,500.0,217.6,108800.0,2025-05-27
2025052701017536,NIMB,58,57,561.0,217.5,122017.5,2025-05-27
2025052701017535,MKHL,42,94,130.0,745.0,96850.0,2025-05-27
2025052701017534,MKHL,57,94,200.0,746.0,149200.0,2025-05-27
2025052701017533,MKHL,21,94,10.0,746.0,7460.0,2025-05-27
2025052703009922,USLB,8,46,12.0,2070.0,24840.0,2025-05-27
2025052703009921,USLB,8,58,18.0,2070.0,37260.0,2025-05-27
2025052705009306,SHIVM,59,42,237.0,522.1,123737.7,2025-05-27
2025052701017532,HBL,8,49,326.0,232.4,75762.4,2025-05-27
2025052701017531,HBL,8,19,2474.0,232.0,573968.0,2025-05-27
2025052701017530,HBL,8,34,1000.0,231.9,231900.0,2025-05-27
2025052704022584,SHPC,42,50,50.0,563.0,28150.0,2025-05-27
2025052704022583,SHPC,42,52,50.0,563.0,28150.0,2025-05-27
2025052701017529,NMIC,49,42,10.0,1900.0,19000.0,2025-05-27
2025052705009305,HIDCL,38,42,50.0,295.3,14765.0,2025-05-27
2025052705009304,HIDCL,71,42,250.0,295.3,73825.0,2025-05-27
2025052701017528,NMIC,49,42,10.0,1900.0,19000.0,2025-05-27
2025052701017527,NMIC,49,49,10.0,1900.0,19000.0,2025-05-27
2025052703009920,MLBL,21,42,10.0,392.0,3920.0,2025-05-27
2025052704022582,RIDI,16,48,200.0,252.0,50400.0,2025-05-27
2025052704022581,RIDI,58,48,100.0,252.0,25200.0,2025-05-27
2025052704022580,RIDI,22,48,250.0,252.0,63000.0,2025-05-27
2025052704022579,RIDI,14,48,130.0,252.0,32760.0,2025-05-27
2025052703009919,SINDU,48,72,10.0,870.0,8700.0,2025-05-27
2025052703009918,SAPDBL,3,72,200.0,900.0,180000.0,2025-05-27
2025052705009303,HRL,34,71,56.0,935.0,52360.0,2025-05-27
2025052705009302,HRL,34,57,33.0,935.0,30855.0,2025-05-27
2025052705009301,HRL,34,58,61.0,934.0,56974.0,2025-05-27
2025052704022578,RIDI,14,62,370.0,252.0,93240.0,2025-05-27
2025052704022577,RIDI,42,62,30.0,252.0,7560.0,2025-05-27
2025052704022576,RIDI,22,62,20.0,252.0,5040.0,2025-05-27
2025052704022575,RIDI,28,62,50.0,252.0,12600.0,2025-05-27
2025052704022574,RIDI,45,62,30.0,252.0,7560.0,2025-05-27
2025052704022573,RIDI,32,62,50.0,252.0,12600.0,2025-05-27
2025052704022572,RIDI,36,62,50.0,252.0,12600.0,2025-05-27
2025052704022571,RIDI,50,62,200.0,252.0,50400.0,2025-05-27
2025052704022570,RIDI,41,62,100.0,252.0,25200.0,2025-05-27
2025052704022569,RIDI,55,62,1000.0,252.0,252000.0,2025-05-27
2025052704022568,RIDI,41,62,1550.0,252.0,390600.0,2025-05-27
2025052704022567,RIDI,55,62,50.0,252.9,12645.0,2025-05-27
2025052703009917,CFCL,57,39,180.0,523.2,94176.0,2025-05-27
2025052704022566,GHL,42,41,146.0,244.1,35638.6,2025-05-27
2025052704022565,GHL,72,41,154.0,244.2,37606.8,2025-05-27
2025052701017526,GMLI,55,60,510.0,2574.0,1312740.0,2025-05-27
2025052704022564,AHPC,74,16,43.0,278.5,11975.5,2025-05-27
2025052704022563,BPCL,62,19,60.0,535.0,32100.0,2025-05-27
2025052704022562,BPCL,39,19,440.0,535.0,235400.0,2025-05-27
2025052705009300,RNLI,19,44,60.0,508.0,30480.0,2025-05-27
2025052703009916,NADEP,6,58,10.0,867.0,8670.0,2025-05-27
2025052701017525,BHL,6,1,50.0,215.7,10785.0,2025-05-27
2025052705009299,NRIC,6,37,120.0,1266.0,151920.0,2025-05-27
2025052704022561,UPCL,14,25,60.0,457.1,27426.0,2025-05-27
2025052701017524,NIMB,17,57,13.0,217.5,2827.5,2025-05-27
2025052704022560,HDHPC,21,58,15.0,202.0,3030.0,2025-05-27
2025052704022559,HDHPC,21,62,500.0,202.0,101000.0,2025-05-27
2025052704022558,HDHPC,21,42,362.0,202.0,73124.0,2025-05-27
2025052704022557,HDHPC,21,49,68.0,201.9,13729.2,2025-05-27
2025052704022556,HDHPC,21,57,55.0,201.8,11099.0,2025-05-27
2025052704022555,DHPL,49,74,1410.0,335.0,472350.0,2025-05-27
2025052704022554,DHPL,34,74,2000.0,337.2,674400.0,2025-05-27
2025052704022553,DHPL,54,74,1300.0,337.2,438360.0,2025-05-27
2025052704022552,DHPL,74,74,290.0,337.2,97788.0,2025-05-27
2025052703009915,SADBL,84,74,1000.0,421.0,421000.0,2025-05-27
2025052704022551,BPCL,39,26,100.0,535.0,53500.0,2025-05-27
2025052701017523,SCB,26,34,10.0,628.0,6280.0,2025-05-27
2025052703009914,MLBL,6,34,220.0,390.0,85800.0,2025-05-27
2025052701017522,C30MF,55,62,500.0,9.85,4925.0,2025-05-27
2025052704022550,BPCL,39,17,10.0,535.0,5350.0,2025-05-27
2025052704022549,SHPC,63,80,800.0,562.8,450240.0,2025-05-27
2025052704022548,BPCL,39,10,20.0,535.0,10700.0,2025-05-27
2025052704022547,BPCL,39,41,50.0,535.0,26750.0,2025-05-27
2025052704022546,BPCL,39,22,50.0,535.0,26750.0,2025-05-27
2025052704022545,BPCL,39,58,30.0,535.0,16050.0,2025-05-27
2025052704022544,BPCL,39,58,300.0,535.0,160500.0,2025-05-27
2025052704022543,NGPL,98,43,950.0,388.0,368600.0,2025-05-27
2025052704022542,NGPL,98,21,126.0,388.0,48888.0,2025-05-27
2025052704022541,NGPL,98,34,1000.0,388.0,388000.0,2025-05-27
2025052704022540,NGPL,98,43,1500.0,388.0,582000.0,2025-05-27
2025052704022539,NGPL,98,42,2064.0,388.0,800832.0,2025-05-27
2025052701017521,MCHL,59,50,250.0,551.4,137850.0,2025-05-27
2025052703009913,RLFL,4,50,90.0,476.2,42858.0,2025-05-27
2025052703009912,RLFL,34,50,60.0,476.3,28578.0,2025-05-27
2025052703009911,RLFL,52,50,400.0,476.5,190600.0,2025-05-27
2025052703009910,RLFL,56,50,100.0,477.0,47700.0,2025-05-27
2025052703009909,RLFL,45,50,10.0,478.0,4780.0,2025-05-27
2025052701017520,GBIME,57,22,50.0,240.4,12020.0,2025-05-27
2025052701017519,CYCL,22,1,30.0,1700.0,51000.0,2025-05-27
2025052701017518,CYCL,22,38,13.0,1700.0,22100.0,2025-05-27
2025052701017517,CYCL,22,58,20.0,1700.0,34000.0,2025-05-27
2025052701017516,CREST,54,22,10.0,1801.0,18010.0,2025-05-27
2025052704022538,UPCL,58,98,118.0,458.0,54044.0,2025-05-27
2025052704022537,UPCL,58,60,382.0,458.0,174956.0,2025-05-27
2025052704022536,NGPL,87,22,10.0,387.4,3874.0,2025-05-27
2025052704022535,NGPL,62,22,10.0,387.5,3875.0,2025-05-27
2025052704022534,UNHPL,34,41,23.0,321.7,7399.1,2025-05-27
2025052704022533,RADHI,17,100,200.0,791.0,158200.0,2025-05-27
2025052701017515,JBLB,35,33,23.0,1310.0,30130.0,2025-05-27
2025052701017514,JBLB,55,33,72.0,1310.0,94320.0,2025-05-27
2025052705009298,CIT,45,58,20.0,1919.0,38380.0,2025-05-27
2025052704022532,UPCL,29,54,100.0,457.0,45700.0,2025-05-27
2025052703009908,NFS,34,49,52.0,619.0,32188.0,2025-05-27
2025052703009907,NFS,45,49,50.0,619.0,30950.0,2025-05-27
2025052703009906,NFS,46,49,28.0,619.0,17332.0,2025-05-27
2025052703009905,NUBL,42,57,100.0,701.9,70190.0,2025-05-27
2025052703009904,MSLB,62,57,10.0,1254.0,12540.0,2025-05-27
2025052704022531,HPPL,19,26,100.0,486.0,48600.0,2025-05-27
2025052704022530,HPPL,42,26,200.0,486.0,97200.0,2025-05-27
2025052704022529,HPPL,58,26,100.0,486.0,48600.0,2025-05-27
2025052704022528,HPPL,86,26,50.0,486.0,24300.0,2025-05-27
2025052705009297,HRL,56,58,100.0,934.0,93400.0,2025-05-27
2025052704022527,SSHL,56,42,500.0,230.3,115150.0,2025-05-27
2025052704022526,GLH,1,32,20.0,253.0,5060.0,2025-05-27
2025052704022525,GLH,38,32,30.0,253.0,7590.0,2025-05-27
2025052701017513,GMLI,55,17,10.0,2574.0,25740.0,2025-05-27
2025052703009903,FMDBL,46,42,455.0,758.0,344890.0,2025-05-27
2025052703009902,FMDBL,46,42,45.0,758.0,34110.0,2025-05-27
2025052704022524,RADHI,47,55,50.0,791.0,39550.0,2025-05-27
2025052705009296,PHCL,100,48,25.0,571.0,14275.0,2025-05-27
2025052705009295,PHCL,100,94,10.0,571.0,5710.0,2025-05-27
2025052705009294,PHCL,100,17,10.0,570.0,5700.0,2025-05-27
2025052705009293,PHCL,100,19,10.0,570.0,5700.0,2025-05-27
2025052705009292,PHCL,100,13,10.0,570.0,5700.0,2025-05-27
2025052705009291,PHCL,100,14,10.0,570.0,5700.0,2025-05-27
2025052705009290,PHCL,100,58,10.0,570.0,5700.0,2025-05-27
2025052705009289,PHCL,100,47,10.0,570.0,5700.0,2025-05-27
2025052705009288,PHCL,100,21,50.0,570.0,28500.0,2025-05-27
2025052705009287,PHCL,100,49,850.0,569.0,483650.0,2025-05-27
2025052705009286,PHCL,100,13,25.0,565.0,14125.0,2025-05-27
2025052705009285,PHCL,100,58,10.0,565.0,5650.0,2025-05-27
2025052705009284,PHCL,100,7,10.0,565.0,5650.0,2025-05-27
2025052705009283,PHCL,100,57,1810.0,565.0,1022650.0,2025-05-27
2025052705009282,PHCL,100,71,520.0,564.9,293748.0,2025-05-27
2025052705009281,PHCL,100,56,1000.0,564.0,564000.0,2025-05-27
2025052705009280,PHCL,100,56,80.0,564.0,45120.0,2025-05-27
2025052705009279,PHCL,100,50,90.0,563.9,50751.0,2025-05-27
2025052705009278,PHCL,100,1,10.0,562.4,5624.0,2025-05-27
2025052705009277,SAHAS,37,11,150.0,518.0,77700.0,2025-05-27
2025052704022523,RIDI,7,6,1000.0,252.1,252100.0,2025-05-27
2025052704022522,HPPL,86,25,10.0,486.0,4860.0,2025-05-27
2025052704022521,UPCL,29,42,40.0,457.0,18280.0,2025-05-27
2025052704022520,SSHL,38,42,100.0,230.3,23030.0,2025-05-27
2025052705009276,NIFRA,70,49,111.0,277.6,30813.6,2025-05-27
2025052705009275,NIFRA,56,49,200.0,277.6,55520.0,2025-05-27
2025052705009274,NIFRA,18,49,50.0,277.6,13880.0,2025-05-27
2025052705009273,NIFRA,57,49,50.0,277.8,13890.0,2025-05-27
2025052705009272,NIFRA,36,49,20.0,277.8,5556.0,2025-05-27
2025052705009271,NIFRA,35,49,25.0,277.8,6945.0,2025-05-27
2025052705009270,NIFRA,54,49,127.0,277.8,35280.6,2025-05-27
2025052705009269,NIFRA,34,49,42.0,277.9,11671.8,2025-05-27
2025052705009268,NIFRA,34,49,375.0,278.0,104250.0,2025-05-27
2025052704022519,UPCL,72,60,10.0,458.0,4580.0,2025-05-27
2025052703009901,SAPDBL,48,57,10.0,899.0,8990.0,2025-05-27
2025052703009900,SAPDBL,48,38,170.0,899.0,152830.0,2025-05-27
2025052705009267,MBJC,26,32,50.0,310.5,15525.0,2025-05-27
2025052704022518,RADHI,47,32,43.0,791.0,34013.0,2025-05-27
2025052704022517,RADHI,45,32,57.0,791.0,45087.0,2025-05-27
2025052704022516,KKHC,34,19,20.0,345.9,6918.0,2025-05-27
2025052704022515,SPDL,19,59,35.0,363.5,12722.5,2025-05-27
2025052704022514,SPDL,70,59,12.0,364.0,4368.0,2025-05-27
2025052703009899,MSLB,62,36,79.0,1254.0,99066.0,2025-05-27
2025052703009898,MSLB,62,36,100.0,1254.0,125400.0,2025-05-27
2025052703009897,MSLB,62,36,16.0,1254.0,20064.0,2025-05-27
2025052704022513,LEC,42,40,380.0,211.3,80294.0,2025-05-27
2025052705009266,HIDCL,71,35,100.0,295.3,29530.0,2025-05-27
2025052705009265,HRL,14,58,39.0,934.0,36426.0,2025-05-27
2025052701017512,GBIME,40,51,94.0,240.3,22588.2,2025-05-27
2025052705009264,HRL,14,58,20.0,934.0,18680.0,2025-05-27
2025052701017511,NMIC,8,38,10.0,1900.0,19000.0,2025-05-27
2025052701017510,SRLI,8,14,50.0,408.0,20400.0,2025-05-27
2025052701017509,MKHC,42,8,130.0,406.8,52884.0,2025-05-27
2025052704022512,AHPC,38,34,100.0,279.0,27900.0,2025-05-27
2025052704022511,UPCL,29,57,300.0,457.0,137100.0,2025-05-27
2025052705009263,CHDC,1,94,50.0,2505.0,125250.0,2025-05-27
2025052705009262,CHDC,57,94,100.0,2505.0,250500.0,2025-05-27
2025052705009261,CHDC,72,94,100.0,2506.0,250600.0,2025-05-27
2025052705009260,CHDC,51,94,10.0,2506.0,25060.0,2025-05-27
2025052705009259,CHDC,38,94,50.0,2507.0,125350.0,2025-05-27
2025052705009258,CHDC,50,94,100.0,2507.0,250700.0,2025-05-27
2025052705009257,CHDC,56,94,200.0,2507.0,501400.0,2025-05-27
2025052705009256,CHDC,7,94,10.0,2507.0,25070.0,2025-05-27
2025052705009255,CHDC,7,94,200.0,2507.1,501420.0,2025-05-27
2025052705009254,CHDC,34,94,100.0,2508.0,250800.0,2025-05-27
2025052705009253,CHDC,14,94,100.0,2508.2,250820.0,2025-05-27
2025052705009252,CHDC,19,94,150.0,2509.0,376350.0,2025-05-27
2025052705009251,CHDC,99,94,200.0,2509.0,501800.0,2025-05-27
2025052705009250,CHDC,99,94,34.0,2509.0,85306.0,2025-05-27
2025052705009249,CHDC,64,94,50.0,2510.0,125500.0,2025-05-27
2025052705009248,CHDC,40,94,150.0,2510.0,376500.0,2025-05-27
2025052704022510,RADHI,72,58,81.0,792.0,64152.0,2025-05-27
2025052704022509,RADHI,72,91,60.0,791.9,47514.0,2025-05-27
2025052704022508,RADHI,72,38,59.0,791.9,46722.1,2025-05-27
2025052701017508,LSL,29,17,500.0,227.1,113550.0,2025-05-27
2025052701017507,LSL,29,54,50.0,227.1,11355.0,2025-05-27
2025052703009896,BFC,38,13,145.0,485.1,70339.5,2025-05-27
2025052705009247,HRL,14,75,41.0,934.0,38294.0,2025-05-27
2025052701017506,UHEWA,32,34,13.0,593.2,7711.6,2025-05-27
2025052703009895,BFC,38,34,300.0,485.1,145530.0,2025-05-27
2025052704022507,NGPL,34,42,500.0,388.0,194000.0,2025-05-27
2025052705009246,NRIC,6,17,2605.0,1266.0,3297930.0,2025-05-27
2025052701017505,RFPL,47,7,248.0,470.0,116560.0,2025-05-27
2025052701017504,RFPL,49,7,32.0,470.0,15040.0,2025-05-27
2025052701017503,RFPL,22,7,40.0,470.0,18800.0,2025-05-27
2025052701017502,RFPL,8,7,100.0,470.1,47010.0,2025-05-27
2025052701017501,RFPL,8,7,100.0,470.1,47010.0,2025-05-27
2025052701017500,RFPL,7,7,100.0,471.0,47100.0,2025-05-27
2025052701017499,RFPL,4,7,80.0,471.0,37680.0,2025-05-27
2025052704022506,BPCL,49,6,429.0,534.0,229086.0,2025-05-27
2025052704022505,BPCL,13,6,1000.0,534.0,534000.0,2025-05-27
2025052704022504,BPCL,44,6,571.0,534.0,304914.0,2025-05-27
2025052703009894,JFL,57,44,43.0,474.3,20394.9,2025-05-27
2025052704022503,HURJA,50,45,400.0,245.2,98080.0,2025-05-27
2025052704022502,HURJA,57,45,10.0,245.2,2452.0,2025-05-27
2025052704022501,HURJA,34,45,895.0,245.5,219722.5,2025-05-27
2025052704022500,HURJA,35,45,100.0,245.6,24560.0,2025-05-27
2025052704022499,HURJA,41,45,220.0,245.6,54032.0,2025-05-27
2025052704022498,HURJA,57,45,252.0,246.0,61992.0,2025-05-27
2025052704022497,HURJA,58,45,95.0,246.0,23370.0,2025-05-27
2025052704022496,HURJA,42,45,24.0,246.0,5904.0,2025-05-27
2025052703009893,SFCL,47,41,100.0,483.5,48350.0,2025-05-27
2025052701017498,SGHC,77,57,10.0,427.0,4270.0,2025-05-27
2025052701017497,SGHC,77,45,100.0,427.0,42700.0,2025-05-27
2025052704022495,RADHI,77,38,10.0,791.9,7919.0,2025-05-27
2025052703009892,JFL,57,44,46.0,474.1,21808.6,2025-05-27
2025052703009891,JFL,57,21,311.0,474.0,147414.0,2025-05-27
2025052701017496,EBL,13,11,200.0,657.0,131400.0,2025-05-27
2025052703009890,HLI,13,48,53.0,408.0,21624.0,2025-05-27
2025052704022494,CGH,58,34,10.0,861.0,8610.0,2025-05-27
2025052704022493,CGH,14,34,40.0,861.0,34440.0,2025-05-27
2025052704022492,CGH,59,34,50.0,862.0,43100.0,2025-05-27
2025052704022491,JOSHI,58,34,191.0,388.0,74108.0,2025-05-27
2025052703009889,GILB,52,52,30.0,1347.0,40410.0,2025-05-27
2025052701017495,BHL,50,1,500.0,215.7,107850.0,2025-05-27
2025052704022490,HURJA,50,33,100.0,246.5,24650.0,2025-05-27
2025052704022489,RADHI,45,55,83.0,791.0,65653.0,2025-05-27
2025052704022488,NGPL,59,42,436.0,388.0,169168.0,2025-05-27
2025052704022487,NGPL,59,81,100.0,388.0,38800.0,2025-05-27
2025052704022486,NGPL,59,52,510.0,388.0,197880.0,2025-05-27
2025052704022485,NGPL,59,38,100.0,388.0,38800.0,2025-05-27
2025052704022484,NGPL,59,34,1014.0,388.0,393432.0,2025-05-27
2025052704022483,NGPL,59,69,2800.0,387.9,1086120.0,2025-05-27
2025052704022482,NGPL,59,42,40.0,387.5,15500.0,2025-05-27
2025052704022481,HURJA,42,33,376.0,246.0,92496.0,2025-05-27
2025052704022480,HURJA,14,33,120.0,246.0,29520.0,2025-05-27
2025052704022479,HURJA,42,33,100.0,246.0,24600.0,2025-05-27
2025052704022478,HURJA,1,33,404.0,246.1,99424.4,2025-05-27
2025052704022477,RADHI,45,45,200.0,791.0,158200.0,2025-05-27
2025052705009245,HIDCL,71,45,150.0,295.3,44295.0,2025-05-27
2025052703009888,NLICL,54,57,40.0,635.9,25436.0,2025-05-27
2025052703009887,SWMF,58,41,142.0,727.0,103234.0,2025-05-27
2025052703009886,SWMF,1,41,69.0,727.1,50169.9,2025-05-27
2025052701017494,MKJC,42,49,10.0,490.0,4900.0,2025-05-27
2025052701017493,NIMBPO,28,45,481.0,171.0,82251.0,2025-05-27
2025052701017492,NIMBPO,28,43,500.0,170.9,85450.0,2025-05-27
2025052701017491,NIMBPO,28,22,50.0,168.5,8425.0,2025-05-27
2025052701017490,NIMBPO,28,8,149.0,168.5,25106.5,2025-05-27
2025052701017489,NIMBPO,28,45,1000.0,168.0,168000.0,2025-05-27
2025052701017488,NIMBPO,28,71,5000.0,167.0,835000.0,2025-05-27
2025052701017487,NIMBPO,28,22,50.0,165.2,8260.0,2025-05-27
2025052701017486,NIMBPO,28,43,500.0,164.9,82450.0,2025-05-27
2025052701017485,NIMBPO,28,65,1000.0,164.0,164000.0,2025-05-27
2025052701017484,NIMBPO,28,22,30.0,164.0,4920.0,2025-05-27
2025052701017483,NIMBPO,28,7,30.0,164.0,4920.0,2025-05-27
2025052701017482,BHL,58,1,25.0,215.8,5395.0,2025-05-27
2025052701017481,BHL,25,1,2471.0,215.8,533241.8,2025-05-27
2025052704022476,RADHI,45,13,460.0,791.0,363860.0,2025-05-27
2025052704022475,RADHI,17,13,400.0,791.0,316400.0,2025-05-27
2025052704022474,RADHI,1,13,140.0,791.0,110740.0,2025-05-27
2025052704022473,RADHI,32,13,100.0,791.0,79100.0,2025-05-27
2025052704022472,RADHI,50,13,907.0,791.0,717437.0,2025-05-27
2025052703009885,GUFL,32,42,150.0,543.0,81450.0,2025-05-27
2025052703009884,GUFL,32,58,34.0,543.0,18462.0,2025-05-27
2025052701017480,BNHC,34,32,88.0,533.0,46904.0,2025-05-27
2025052701017479,BNHC,34,52,50.0,532.0,26600.0,2025-05-27
2025052701017478,BNHC,34,25,38.0,532.0,20216.0,2025-05-27
2025052701017477,BNHC,34,14,50.0,532.0,26600.0,2025-05-27
2025052701017476,BNHC,34,49,179.0,532.0,95228.0,2025-05-27
2025052701017475,BNHC,34,42,160.0,532.0,85120.0,2025-05-27
2025052701017474,BNHC,34,19,40.0,531.0,21240.0,2025-05-27
2025052701017473,BNHC,34,26,100.0,530.0,53000.0,2025-05-27
2025052701017472,BNHC,34,35,95.0,527.0,50065.0,2025-05-27
2025052703009883,SADBL,70,55,82.0,422.0,34604.0,2025-05-27
2025052703009882,SADBL,70,44,418.0,422.0,176396.0,2025-05-27
2025052703009881,LICN,66,20,52.0,914.0,47528.0,2025-05-27
2025052701017471,NICA,50,29,32.0,362.0,11584.0,2025-05-27
2025052705009244,GCIL,38,63,167.0,501.0,83667.0,2025-05-27
2025052703009880,NADEP,6,81,11.0,855.0,9405.0,2025-05-27
2025052701017470,GBIME,40,45,10.0,240.3,2403.0,2025-05-27
2025052703009879,PMLI,45,42,173.0,552.0,95496.0,2025-05-27
2025052705009243,RNLI,42,44,10.0,508.0,5080.0,2025-05-27
2025052701017469,GMLI,55,8,90.0,2574.0,231660.0,2025-05-27
2025052705009242,ILI,32,42,11.0,453.1,4984.1,2025-05-27
2025052705009241,ILI,44,42,300.0,453.2,135960.0,2025-05-27
2025052705009240,ILI,48,42,89.0,453.3,40343.7,2025-05-27
2025052703009878,PMLI,13,42,142.0,552.0,78384.0,2025-05-27
2025052703009877,PMLI,13,49,23.0,551.9,12693.7,2025-05-27
2025052705009239,HRL,14,91,100.0,934.0,93400.0,2025-05-27
2025052705009238,NRN,1,62,100.0,1993.2,199320.0,2025-05-27
2025052705009237,MBJC,26,39,872.0,310.5,270756.0,2025-05-27
2025052705009236,MBJC,57,39,395.0,310.5,122647.5,2025-05-27
2025052705009235,MBJC,39,39,733.0,310.5,227596.5,2025-05-27
2025052704022471,NGPL,41,42,100.0,387.5,38750.0,2025-05-27
2025052701017468,BHL,25,41,100.0,215.8,21580.0,2025-05-27
2025052704022470,AHPC,33,34,90.0,279.0,25110.0,2025-05-27
2025052703009876,ACLBSL,42,7,13.0,1078.0,14014.0,2025-05-27
2025052703009875,ACLBSL,5,7,20.0,1078.1,21562.0,2025-05-27
2025052703009874,ACLBSL,47,7,37.0,1078.1,39889.7,2025-05-27
2025052701017467,NIMB,17,47,200.0,217.5,43500.0,2025-05-27
2025052703009873,SINDU,63,47,53.0,869.0,46057.0,2025-05-27
2025052703009872,SJLIC,47,19,177.0,438.0,77526.0,2025-05-27
2025052703009871,SJLIC,64,19,144.0,438.0,63072.0,2025-05-27
2025052703009870,SJLIC,33,19,40.0,438.0,17520.0,2025-05-27
2025052703009869,SJLIC,35,19,31.0,438.0,13578.0,2025-05-27
2025052703009868,SJLIC,54,19,50.0,438.0,21900.0,2025-05-27
2025052703009867,SJLIC,7,19,40.0,438.0,17520.0,2025-05-27
2025052703009866,SJLIC,57,19,128.0,438.1,56076.8,2025-05-27
2025052703009865,SJLIC,26,19,31.0,438.2,13584.2,2025-05-27
2025052703009864,SJLIC,14,19,20.0,438.3,8766.0,2025-05-27
2025052703009863,SJLIC,32,19,130.0,438.3,56979.0,2025-05-27
2025052703009862,SJLIC,8,19,40.0,438.5,17540.0,2025-05-27
2025052703009861,SJLIC,35,19,387.0,438.5,169699.5,2025-05-27
2025052703009860,PFL,17,43,80.0,408.0,32640.0,2025-05-27
2025052703009859,PFL,45,43,20.0,408.1,8162.0,2025-05-27
2025052703009858,PFL,59,43,100.0,408.2,40820.0,2025-05-27
2025052703009857,PFL,49,43,130.0,409.0,53170.0,2025-05-27
2025052704022469,AHPC,33,39,10.0,279.0,2790.0,2025-05-27
2025052703009856,RSDC,28,45,77.0,676.1,52059.7,2025-05-27
2025052703009855,RSDC,13,45,10.0,677.0,6770.0,2025-05-27
2025052703009854,RSDC,34,45,113.0,677.0,76501.0,2025-05-27
2025052703009853,SINDU,63,45,12.0,869.0,10428.0,2025-05-27
2025052703009852,SINDU,35,45,38.0,869.5,33041.0,2025-05-27
2025052701017466,ADBL,56,8,20.0,294.8,5896.0,2025-05-27
2025052701017465,ADBL,59,8,15.0,294.8,4422.0,2025-05-27
2025052703009851,USLB,29,58,12.0,2070.0,24840.0,2025-05-27
2025052703009850,USLB,40,58,20.0,2070.0,41400.0,2025-05-27
2025052703009849,USLB,29,58,44.0,2070.0,91080.0,2025-05-27
2025052704022468,TRH,57,16,203.0,934.0,189602.0,2025-05-27
2025052704022467,TRH,57,16,67.0,934.0,62578.0,2025-05-27
2025052701017464,SARBTM,4,26,75.0,855.5,64162.5,2025-05-27
2025052704022466,MEN,29,37,45.0,585.0,26325.0,2025-05-27
2025052704022465,MEN,29,44,1000.0,585.0,585000.0,2025-05-27
2025052701017463,MMKJL,38,5,50.0,594.9,29745.0,2025-05-27
2025052703009848,MDB,38,42,100.0,600.0,60000.0,2025-05-27
2025052701017462,EBL,33,65,3571.0,653.1,2332220.1,2025-05-27
2025052701017461,EBL,42,65,200.0,654.0,130800.0,2025-05-27
2025052701017460,EBL,33,65,6229.0,654.0,4073766.0,2025-05-27
2025052703009847,JBBL,36,7,826.0,334.1,275966.6,2025-05-27
2025052703009846,PFL,88,37,10.0,409.8,4098.0,2025-05-27
2025052705009234,SHIVM,59,59,750.0,522.1,391575.0,2025-05-27
2025052705009233,SHIVM,1,59,200.0,522.2,104440.0,2025-05-27
2025052704022464,UPCL,86,60,40.0,458.0,18320.0,2025-05-27
2025052704022463,UPCL,86,65,350.0,457.9,160265.0,2025-05-27
2025052704022462,UPCL,86,58,100.0,457.9,45790.0,2025-05-27
2025052704022461,UPCL,86,53,10.0,457.1,4571.0,2025-05-27
2025052704022460,RIDI,14,3,50.0,253.0,12650.0,2025-05-27
2025052704022459,RIDI,14,3,150.0,252.9,37935.0,2025-05-27
2025052703009845,HLI,41,42,20.0,407.8,8156.0,2025-05-27
2025052704022458,RHPL,11,57,20.0,377.0,7540.0,2025-05-27
2025052704022457,DHPL,42,74,40.0,343.0,13720.0,2025-05-27
2025052704022456,DHPL,42,14,10.0,343.0,3430.0,2025-05-27
2025052703009844,SADBL,58,44,100.0,422.0,42200.0,2025-05-27
2025052704022455,NIL,58,41,10.0,715.5,7155.0,2025-05-27
2025052704022454,RURU,3,48,10.0,687.0,6870.0,2025-05-27
2025052701017459,CREST,54,58,10.0,1801.0,18010.0,2025-05-27
2025052704022453,SHEL,14,21,1000.0,264.6,264600.0,2025-05-27
2025052704022452,UPCL,29,71,210.0,457.0,95970.0,2025-05-27
2025052704022451,UPCL,41,71,440.0,457.0,201080.0,2025-05-27
2025052704022450,BARUN,70,91,200.0,512.9,102580.0,2025-05-27
2025052704022449,AKJCL,47,22,110.0,206.0,22660.0,2025-05-27
2025052704022448,AKJCL,37,22,20.0,206.1,4122.0,2025-05-27
2025052704022447,AKJCL,58,22,70.0,206.1,14427.0,2025-05-27
2025052704022446,AKJCL,55,22,50.0,206.2,10310.0,2025-05-27
2025052701017458,BHL,25,50,500.0,215.8,107900.0,2025-05-27
2025052705009232,SMATA,35,43,83.0,780.1,64748.3,2025-05-27
2025052705009231,SMATA,39,43,31.0,783.4,24285.4,2025-05-27
2025052701017457,EBL,33,25,140.0,658.0,92120.0,2025-05-27
2025052701017456,EBL,33,7,10.0,657.9,6579.0,2025-05-27
2025052701017455,EBL,33,32,50.0,657.0,32850.0,2025-05-27
2025052705009230,GCIL,38,35,233.0,501.0,116733.0,2025-05-27
2025052703009843,MNBBL,7,35,250.0,365.3,91325.0,2025-05-27
2025052704022445,SGIC,52,45,10.0,560.0,5600.0,2025-05-27
2025052704022444,UMRH,8,36,70.0,552.0,38640.0,2025-05-27
2025052703009842,CBBL,38,49,25.0,894.0,22350.0,2025-05-27
2025052701017454,EBL,33,4,300.0,654.0,196200.0,2025-05-27
2025052701017453,EBL,35,4,200.0,655.0,131000.0,2025-05-27
2025052705009229,ENL,58,29,10.0,1120.0,11200.0,2025-05-27
2025052705009228,RNLI,57,44,500.0,508.0,254000.0,2025-05-27
2025052705009227,HDL,38,16,24.0,1216.0,29184.0,2025-05-27
2025052701017452,USHEC,18,38,100.0,469.0,46900.0,2025-05-27
2025052701017451,USHEC,25,38,530.0,469.0,248570.0,2025-05-27
2025052701017450,MKCL,42,95,10.0,1535.0,15350.0,2025-05-27
2025052704022443,UPCL,41,71,50.0,457.0,22850.0,2025-05-27
2025052701017449,CREST,54,42,10.0,1801.0,18010.0,2025-05-27
2025052705009226,SAHAS,68,57,50.0,518.0,25900.0,2025-05-27
2025052704022442,RHPL,11,34,100.0,377.0,37700.0,2025-05-27
2025052701017448,NABIL,35,14,93.0,496.5,46174.5,2025-05-27
2025052701017447,NABIL,51,14,14.0,496.7,6953.8,2025-05-27
2025052704022441,GHL,72,36,965.0,244.2,235653.0,2025-05-27
2025052704022440,GHL,89,36,200.0,244.3,48860.0,2025-05-27
2025052704022439,UMRH,8,36,100.0,552.0,55200.0,2025-05-27
2025052703009841,JBBL,36,33,500.0,334.1,167050.0,2025-05-27
2025052704022438,UPPER,16,6,225.0,200.6,45135.0,2025-05-27
2025052704022437,UPPER,8,6,275.0,200.6,55165.0,2025-05-27
2025052703009840,MERO,48,44,163.0,751.2,122445.6,2025-05-27
2025052703009839,MERO,5,44,47.0,751.3,35311.1,2025-05-27
2025052703009838,MERO,32,44,190.0,751.4,142766.0,2025-05-27
2025052703009837,MERO,6,44,100.0,751.4,75140.0,2025-05-27
2025052701017446,CREST,54,49,10.0,1801.0,18010.0,2025-05-27
2025052704022436,SSHL,57,42,100.0,230.3,23030.0,2025-05-27
2025052703009836,MPFL,1,38,20.0,590.2,11804.0,2025-05-27
2025052703009835,MPFL,17,38,100.0,590.2,59020.0,2025-05-27
2025052704022435,JOSHI,38,45,10.0,389.0,3890.0,2025-05-27
2025052704022434,RADHI,50,38,93.0,791.0,73563.0,2025-05-27
2025052701017445,ULBSL,38,25,11.0,3520.0,38720.0,2025-05-27
2025052701017444,MEHL,56,16,10.0,445.0,4450.0,2025-05-27
2025052703009834,SINDU,35,22,55.0,869.5,47822.5,2025-05-27
2025052704022433,RADHI,34,58,1000.0,792.0,792000.0,2025-05-27
2025052701017443,PRVU,34,21,97.0,214.0,20758.0,2025-05-27
2025052703009833,VLBS,34,45,11.0,845.0,9295.0,2025-05-27
2025052703009832,VLBS,34,47,69.0,841.0,58029.0,2025-05-27
2025052703009831,VLBS,34,45,60.0,840.0,50400.0,2025-05-27
2025052704022432,SSHL,58,47,230.0,230.0,52900.0,2025-05-27
2025052704022431,SSHL,41,47,2000.0,230.0,460000.0,2025-05-27
2025052704022430,SSHL,42,47,3027.0,230.0,696210.0,2025-05-27
2025052704022429,SSHL,14,47,500.0,230.1,115050.0,2025-05-27
2025052704022428,SSHL,42,47,200.0,230.1,46020.0,2025-05-27
2025052704022427,SSHL,11,47,300.0,230.1,69030.0,2025-05-27
2025052704022426,SSHL,26,47,1000.0,230.1,230100.0,2025-05-27
2025052704022425,SSHL,5,47,743.0,230.1,170964.3,2025-05-27
2025052704022424,SSHL,14,47,1000.0,230.2,230200.0,2025-05-27
2025052704022423,SSHL,14,47,1000.0,230.2,230200.0,2025-05-27
2025052703009830,USLB,29,58,46.0,2070.0,95220.0,2025-05-27
2025052703009829,USLB,43,58,24.0,2070.0,49680.0,2025-05-27
2025052703009828,JFL,58,21,55.0,474.0,26070.0,2025-05-27
2025052704022422,SSHL,41,42,100.0,230.3,23030.0,2025-05-27
2025052703009827,HLI,51,48,10.0,408.0,4080.0,2025-05-27
2025052701017442,CREST,54,8,10.0,1801.0,18010.0,2025-05-27
2025052704022421,RADHI,72,58,200.0,792.0,158400.0,2025-05-27
2025052704022420,NGPL,60,69,2200.0,387.9,853380.0,2025-05-27
2025052704022419,NGPL,60,63,500.0,387.5,193750.0,2025-05-27
2025052704022418,NGPL,60,99,240.0,387.5,93000.0,2025-05-27
2025052704022417,NGPL,60,63,60.0,387.5,23250.0,2025-05-27
2025052703009826,CBBL,38,49,32.0,894.0,28608.0,2025-05-27
2025052701017441,SPC,59,49,10.0,504.4,5044.0,2025-05-27
2025052704022416,UPPER,8,38,25.0,200.6,5015.0,2025-05-27
2025052704022415,UPPER,1,38,50.0,200.6,10030.0,2025-05-27
2025052705009225,NRN,1,38,55.0,1993.2,109626.0,2025-05-27
2025052704022414,UPCL,41,44,10.0,457.0,4570.0,2025-05-27
2025052704022413,API,46,19,300.0,291.3,87390.0,2025-05-27
2025052705009224,SONA,58,13,100.0,457.0,45700.0,2025-05-27
2025052701017440,NMIC,38,6,10.0,1900.0,19000.0,2025-05-27
2025052701017439,NMIC,38,49,10.0,1900.0,19000.0,2025-05-27
2025052701017438,NMIC,38,35,10.0,1900.0,19000.0,2025-05-27
2025052703009825,ALICL,45,75,100.0,710.0,71000.0,2025-05-27
2025052705009223,GCIL,45,7,98.0,501.0,49098.0,2025-05-27
2025052701017437,LSL,45,22,85.0,227.0,19295.0,2025-05-27
2025052704022412,GLH,38,34,70.0,253.0,17710.0,2025-05-27
2025052704022411,GLH,54,34,100.0,253.0,25300.0,2025-05-27
2025052704022410,GLH,57,34,100.0,253.0,25300.0,2025-05-27
2025052704022409,GLH,48,34,220.0,253.1,55682.0,2025-05-27
2025052704022408,GLH,86,34,10.0,253.8,2538.0,2025-05-27
2025052704022407,CGH,59,34,50.0,862.0,43100.0,2025-05-27
2025052703009824,MNBBL,7,34,100.0,365.3,36530.0,2025-05-27
2025052704022406,RHPL,11,34,100.0,377.9,37790.0,2025-05-27
2025052701017436,MEHL,58,43,150.0,444.0,66600.0,2025-05-27
2025052701017435,KBL,58,59,4750.0,215.0,1021250.0,2025-05-27
2025052701017434,KBL,14,59,250.0,215.0,53750.0,2025-05-27
2025052704022405,GLH,86,91,490.0,253.8,124362.0,2025-05-27
2025052703009823,USLB,43,25,12.0,2070.0,24840.0,2025-05-27
2025052701017433,NABIL,35,45,435.0,496.5,215977.5,2025-05-27
2025052701017432,NABIL,29,45,65.0,496.5,32272.5,2025-05-27
2025052701017431,HIDCLP,44,21,3110.0,202.0,628220.0,2025-05-27
2025052701017430,HIDCLP,28,21,405.0,202.2,81891.0,2025-05-27
2025052701017429,BEDC,64,26,20.0,740.7,14814.0,2025-05-27
2025052704022404,IGI,48,44,58.0,545.0,31610.0,2025-05-27
2025052704022403,IGI,48,6,42.0,544.9,22885.8,2025-05-27
2025052701017428,NMBHF2,38,32,100.0,8.43,843.0,2025-05-27
2025052704022402,NHPC,42,8,50.0,216.5,10825.0,2025-05-27
2025052705009222,HRL,52,57,67.0,935.0,62645.0,2025-05-27
2025052705009221,HRL,52,56,81.0,934.5,75694.5,2025-05-27
2025052705009220,HRL,52,77,52.0,934.0,48568.0,2025-05-27
2025052705009219,CHDC,40,50,100.0,2510.0,251000.0,2025-05-27
2025052701017427,NMIC,42,63,10.0,1899.0,18990.0,2025-05-27
2025052704022401,UPCL,58,14,100.0,456.1,45610.0,2025-05-27
2025052703009822,MDB,35,42,50.0,600.0,30000.0,2025-05-27
2025052701017426,MAKAR,35,7,170.0,629.0,106930.0,2025-05-27
2025052701017425,MAKAR,35,63,10.0,625.0,6250.0,2025-05-27
2025052701017424,MAKAR,35,42,120.0,624.0,74880.0,2025-05-27
2025052701017423,MAKAR,35,26,100.0,623.9,62390.0,2025-05-27
2025052701017422,MAKAR,35,10,100.0,620.0,62000.0,2025-05-27
2025052705009218,MBJC,39,51,10.0,310.5,3105.0,2025-05-27
2025052704022400,SSHL,21,42,170.0,230.3,39151.0,2025-05-27
2025052705009217,NIFRA,48,42,10.0,278.3,2783.0,2025-05-27
2025052705009216,NRM,36,34,200.0,454.1,90820.0,2025-05-27
2025052703009821,LBBL,17,42,101.0,450.0,45450.0,2025-05-27
2025052703009820,SADBL,84,44,20.0,422.0,8440.0,2025-05-27
2025052701017421,BNHC,34,90,500.0,530.0,265000.0,2025-05-27
2025052701017420,BNHC,34,52,10.0,530.0,5300.0,2025-05-27
2025052701017419,BNHC,34,38,300.0,530.0,159000.0,2025-05-27
2025052705009215,PHCL,58,50,20.0,560.0,11200.0,2025-05-27
2025052701017418,CREST,8,50,20.0,1800.5,36010.0,2025-05-27
2025052704022399,SHPC,94,36,100.0,562.6,56260.0,2025-05-27
2025052703009819,SADBL,55,44,108.0,422.0,45576.0,2025-05-27
2025052705009214,ILI,48,59,11.0,453.3,4986.3,2025-05-27
2025052705009213,NRIC,6,69,53.0,1266.0,67098.0,2025-05-27
2025052705009212,NRIC,49,69,500.0,1266.1,633050.0,2025-05-27
2025052705009211,NRIC,56,69,47.0,1267.0,59549.0,2025-05-27
2025052704022398,SPDL,19,21,265.0,363.5,96327.5,2025-05-27
2025052704022397,HPPL,86,19,140.0,486.0,68040.0,2025-05-27
2025052704022396,HPPL,60,19,60.0,486.0,29160.0,2025-05-27
2025052703009818,GFCL,58,36,25.0,637.0,15925.0,2025-05-27
2025052705009210,HIDCL,25,41,15.0,295.5,4432.5,2025-05-27
2025052704022395,AKPL,53,6,110.0,241.0,26510.0,2025-05-27
2025052701017417,BHL,25,21,600.0,215.8,129480.0,2025-05-27
2025052701017416,BHL,25,14,329.0,215.8,70998.2,2025-05-27
2025052704022394,UPCL,72,6,10.0,457.0,4570.0,2025-05-27
2025052703009817,USLB,43,49,10.0,2070.0,20700.0,2025-05-27
2025052703009816,SIFC,48,57,94.0,494.1,46445.4,2025-05-27
2025052703009815,BFC,59,13,10.0,486.0,4860.0,2025-05-27
2025052703009814,BFC,42,13,31.0,486.0,15066.0,2025-05-27
2025052704022393,SHPC,94,80,800.0,562.6,450080.0,2025-05-27
2025052704022392,NGPL,22,65,1000.0,387.4,387400.0,2025-05-27
2025052704022391,BPCL,44,39,50.0,534.0,26700.0,2025-05-27
2025052704022390,AHPC,41,39,90.0,279.0,25110.0,2025-05-27
2025052704022389,SSHL,53,42,500.0,230.3,115150.0,2025-05-27
2025052704022388,SSHL,55,42,2175.0,230.3,500902.5,2025-05-27
2025052703009813,SFCL,42,21,20.0,485.9,9718.0,2025-05-27
2025052703009812,ALICL,62,56,391.0,709.4,277375.4,2025-05-27
2025052703009811,ALICL,48,56,50.0,709.4,35470.0,2025-05-27
2025052703009810,ALICL,8,56,360.0,709.4,255384.0,2025-05-27
2025052703009809,ALICL,58,56,98.0,709.4,69521.2,2025-05-27
2025052703009808,ALICL,78,56,25.0,709.5,17737.5,2025-05-27
2025052703009807,ALICL,26,56,25.0,709.5,17737.5,2025-05-27
2025052703009806,ALICL,25,56,80.0,709.5,56760.0,2025-05-27
2025052703009805,ALICL,4,56,10.0,709.5,7095.0,2025-05-27
2025052703009804,ALICL,43,56,40.0,709.6,28384.0,2025-05-27
2025052703009803,ALICL,84,56,100.0,710.0,71000.0,2025-05-27
2025052703009802,ALICL,101,56,20.0,710.0,14200.0,2025-05-27
2025052703009801,ALICL,16,56,121.0,710.0,85910.0,2025-05-27
2025052703009800,ALICL,35,56,80.0,710.1,56808.0,2025-05-27
2025052703009799,ALICL,67,56,250.0,710.3,177575.0,2025-05-27
2025052703009798,ALICL,22,56,50.0,711.0,35550.0,2025-05-27
2025052701017415,NESDO,18,52,41.0,1719.8,70511.8,2025-05-27
2025052701017414,NESDO,18,5,40.0,1715.0,68600.0,2025-05-27
2025052701017413,NESDO,18,34,10.0,1715.0,17150.0,2025-05-27
2025052701017412,NESDO,18,26,49.0,1714.0,83986.0,2025-05-27
2025052701017411,NESDO,18,7,10.0,1713.9,17139.0,2025-05-27
2025052703009797,JSLBB,14,57,10.0,1371.0,13710.0,2025-05-27
2025052701017410,RAWA,36,45,10.0,803.2,8032.0,2025-05-27
2025052703009796,HLBSL,49,35,80.0,966.0,77280.0,2025-05-27
2025052701017409,BHL,45,74,25.0,215.5,5387.5,2025-05-27
2025052701017408,BHL,42,74,500.0,215.5,107750.0,2025-05-27
2025052701017407,BHL,50,74,100.0,215.5,21550.0,2025-05-27
2025052701017406,BHL,59,74,40.0,215.5,8620.0,2025-05-27
2025052701017405,BHL,5,74,45.0,215.5,9697.5,2025-05-27
2025052701017404,BHL,26,74,800.0,215.7,172560.0,2025-05-27
2025052701017403,BHL,39,74,90.0,215.7,19413.0,2025-05-27
2025052704022387,UPPER,49,36,1231.0,201.0,247431.0,2025-05-27
2025052704022386,UPPER,49,14,144.0,200.9,28929.6,2025-05-27
2025052704022385,UPPER,49,17,200.0,200.8,40160.0,2025-05-27
2025052704022384,UPCL,57,6,130.0,457.0,59410.0,2025-05-27
2025052704022383,RURU,58,48,100.0,687.0,68700.0,2025-05-27
2025052701017402,NICA,58,29,40.0,362.0,14480.0,2025-05-27
2025052703009795,KMCDB,57,13,40.0,1050.0,42000.0,2025-05-27
2025052703009794,NMLBBL,80,42,231.0,665.0,153615.0,2025-05-27
2025052705009209,HIDCL,32,38,10.0,296.0,2960.0,2025-05-27
2025052705009208,HIDCL,25,42,100.0,295.5,29550.0,2025-05-27
2025052705009207,RNLI,56,44,17.0,508.0,8636.0,2025-05-27
2025052701017401,SPC,34,58,98.0,505.0,49490.0,2025-05-27
2025052704022382,RIDI,41,16,115.0,252.0,28980.0,2025-05-27
2025052704022381,NGPL,39,63,50.0,387.5,19375.0,2025-05-27
2025052704022380,NGPL,41,63,138.0,387.5,53475.0,2025-05-27
2025052704022379,NGPL,47,63,852.0,387.6,330235.2,2025-05-27
2025052704022378,KKHC,55,19,100.0,345.9,34590.0,2025-05-27
2025052704022377,KKHC,55,38,66.0,345.9,22829.4,2025-05-27
2025052704022376,KKHC,55,34,100.0,345.7,34570.0,2025-05-27
2025052704022375,RIDI,41,41,335.0,252.0,84420.0,2025-05-27
2025052704022374,RIDI,43,41,300.0,252.1,75630.0,2025-05-27
2025052704022373,RIDI,59,41,500.0,252.1,126050.0,2025-05-27
2025052704022372,RIDI,37,41,105.0,252.2,26481.0,2025-05-27
2025052704022371,RIDI,49,41,50.0,252.2,12610.0,2025-05-27
2025052704022370,RIDI,40,41,200.0,252.4,50480.0,2025-05-27
2025052704022369,RIDI,55,41,10.0,252.4,2524.0,2025-05-27
2025052704022368,RIDI,78,41,500.0,252.5,126250.0,2025-05-27
2025052704022367,AHPC,41,44,500.0,279.0,139500.0,2025-05-27
2025052704022366,AHPC,41,49,10.0,279.0,2790.0,2025-05-27
2025052704022365,AHPC,41,59,400.0,279.0,111600.0,2025-05-27
2025052701017400,LSL,45,25,100.0,227.0,22700.0,2025-05-27
2025052703009793,SAPDBL,6,58,50.0,896.0,44800.0,2025-05-27
2025052701017399,CZBIL,45,45,873.0,216.0,188568.0,2025-05-27
2025052701017398,CZBIL,36,45,127.0,216.1,27444.7,2025-05-27
2025052704022364,UMRH,8,80,10.0,554.9,5549.0,2025-05-27
2025052705009206,NRIC,56,36,53.0,1267.0,67151.0,2025-05-27
2025052704022363,SPIL,57,78,299.0,831.3,248558.7,2025-05-27
2025052704022362,SPIL,57,20,271.0,831.2,225255.2,2025-05-27
2025052704022361,SPIL,57,56,300.0,831.0,249300.0,2025-05-27
2025052704022360,SPIL,57,7,30.0,830.5,24915.0,2025-05-27
2025052704022359,UPCL,28,6,100.0,457.0,45700.0,2025-05-27
2025052703009792,SHINE,14,29,113.0,415.0,46895.0,2025-05-27
2025052703009791,SHINE,14,14,50.0,415.0,20750.0,2025-05-27
2025052703009790,SHINE,14,29,37.0,415.0,15355.0,2025-05-27
2025052703009789,SHINE,14,33,300.0,414.9,124470.0,2025-05-27
2025052701017397,JBLB,55,32,14.0,1310.0,18340.0,2025-05-27
2025052701017396,JBLB,25,32,25.0,1311.6,32790.0,2025-05-27
2025052701017395,JBLB,42,32,21.0,1315.0,27615.0,2025-05-27
2025052701017394,JBLB,34,32,10.0,1315.0,13150.0,2025-05-27
2025052701017393,JBLB,6,32,20.0,1315.0,26300.0,2025-05-27
2025052701017392,JBLB,49,32,15.0,1315.0,19725.0,2025-05-27
2025052704022358,BPCL,44,22,446.0,534.0,238164.0,2025-05-27
2025052704022357,BPCL,81,22,54.0,535.0,28890.0,2025-05-27
2025052704022356,BARUN,89,55,210.0,512.5,107625.0,2025-05-27
2025052703009788,NUBL,36,71,355.0,702.0,249210.0,2025-05-27
2025052703009787,NUBL,36,71,500.0,702.0,351000.0,2025-05-27
2025052703009786,NUBL,36,39,50.0,701.0,35050.0,2025-05-27
2025052703009785,NUBL,36,71,295.0,701.0,206795.0,2025-05-27
2025052705009205,SMJC,96,91,10.0,503.0,5030.0,2025-05-27
2025052701017391,CREST,45,45,50.0,1801.0,90050.0,2025-05-27
2025052704022355,SHPC,94,49,99.0,562.6,55697.4,2025-05-27
2025052704022354,SHPC,94,49,82.0,562.6,46133.2,2025-05-27
2025052704022353,SHPC,38,49,100.0,562.7,56270.0,2025-05-27
2025052704022352,SHPC,32,49,100.0,563.0,56300.0,2025-05-27
2025052704022351,SHPC,42,49,400.0,563.0,225200.0,2025-05-27
2025052704022350,SHPC,57,49,89.0,563.0,50107.0,2025-05-27
2025052704022349,SHPC,58,49,81.0,563.0,45603.0,2025-05-27
2025052704022348,DHPL,74,58,160.0,337.2,53952.0,2025-05-27
2025052704022347,DHPL,33,58,200.0,337.3,67460.0,2025-05-27
2025052704022346,DHPL,38,58,340.0,338.0,114920.0,2025-05-27
2025052704022345,IGI,45,48,480.0,544.5,261360.0,2025-05-27
2025052704022344,IGI,5,48,20.0,544.5,10890.0,2025-05-27
2025052703009784,MLBL,6,48,100.0,390.0,39000.0,2025-05-27
2025052705009204,ENL,38,58,10.0,1109.0,11090.0,2025-05-27
2025052704022343,HPPL,60,49,1330.0,486.0,646380.0,2025-05-27
2025052704022342,HPPL,3,49,460.0,486.1,223606.0,2025-05-27
2025052704022341,HPPL,1,49,200.0,486.3,97260.0,2025-05-27
2025052704022340,HPPL,16,49,10.0,486.4,4864.0,2025-05-27
2025052704022339,SPDL,49,36,34.0,361.0,12274.0,2025-05-27
2025052704022338,SPDL,16,36,700.0,361.9,253330.0,2025-05-27
2025052704022337,SPDL,34,36,61.0,362.0,22082.0,2025-05-27
2025052701017390,GBIME,48,38,123.0,240.0,29520.0,2025-05-27
2025052701017389,GBIME,46,38,77.0,240.2,18495.4,2025-05-27
2025052704022336,UPCL,58,6,260.0,457.0,118820.0,2025-05-27
2025052704022335,UPCL,58,87,240.0,457.0,109680.0,2025-05-27
2025052701017388,BHL,39,56,10.0,215.6,2156.0,2025-05-27
2025052701017387,CREST,45,17,10.0,1801.0,18010.0,2025-05-27
2025052704022334,NGPL,47,7,348.0,387.6,134884.8,2025-05-27
2025052705009203,SAHAS,22,57,150.0,518.0,77700.0,2025-05-27
2025052705009202,HDL,45,16,30.0,1216.0,36480.0,2025-05-27
2025052705009201,HDL,6,16,50.0,1216.0,60800.0,2025-05-27
2025052705009200,HDL,81,16,50.0,1216.0,60800.0,2025-05-27
2025052705009199,HDL,36,16,10.0,1216.0,12160.0,2025-05-27
2025052705009198,HDL,33,16,184.0,1216.0,223744.0,2025-05-27
2025052701017386,NMIC,39,56,10.0,1900.0,19000.0,2025-05-27
2025052701017385,BGWT,34,55,95.0,923.1,87694.5,2025-05-27
2025052701017384,BGWT,68,55,30.0,923.2,27696.0,2025-05-27
2025052701017383,BGWT,34,55,140.0,923.2,129248.0,2025-05-27
2025052704022333,CHCL,91,6,185.0,485.0,89725.0,2025-05-27
2025052704022332,CHCL,17,6,100.0,485.2,48520.0,2025-05-27
2025052701017382,UHEWA,85,29,11.0,602.0,6622.0,2025-05-27
2025052701017381,CREST,45,51,10.0,1801.0,18010.0,2025-05-27
2025052704022331,RADHI,77,58,10.0,792.0,7920.0,2025-05-27
2025052703009783,USLB,43,21,10.0,2070.0,20700.0,2025-05-27
2025052704022330,SSHL,55,57,500.0,230.3,115150.0,2025-05-27
2025052703009782,GUFL,58,58,100.0,543.0,54300.0,2025-05-27
2025052704022329,RADHI,58,58,200.0,792.0,158400.0,2025-05-27
2025052705009197,CIT,1,58,50.0,1919.0,95950.0,2025-05-27
2025052705009196,SMATA,39,62,59.0,783.4,46220.6,2025-05-27
2025052703009781,NMFBS,58,17,10.0,1236.4,12364.0,2025-05-27
2025052704022328,NGPL,41,88,162.0,387.5,62775.0,2025-05-27
2025052704022327,NGPL,36,88,200.0,387.5,77500.0,2025-05-27
2025052704022326,NGPL,51,88,138.0,387.5,53475.0,2025-05-27
2025052701017380,GBIME,46,22,500.0,240.2,120100.0,2025-05-27
2025052704022325,SGIC,52,58,153.0,560.0,85680.0,2025-05-27
2025052704022324,HEI,21,44,170.0,571.0,97070.0,2025-05-27
2025052703009780,USLB,43,34,10.0,2070.0,20700.0,2025-05-27
2025052703009779,PROFL,59,33,56.0,492.6,27585.6,2025-05-27
2025052703009778,PROFL,56,33,50.0,492.6,24630.0,2025-05-27
2025052703009777,PROFL,34,33,100.0,492.6,49260.0,2025-05-27
2025052704022323,MEN,38,86,200.0,583.1,116620.0,2025-05-27
2025052705009195,NRN,19,51,10.0,1995.0,19950.0,2025-05-27
2025052701017379,NABIL,29,45,10.0,496.5,4965.0,2025-05-27
2025052705009194,HRL,52,77,50.0,934.0,46700.0,2025-05-27
2025052705009193,HRL,1,77,100.0,934.0,93400.0,2025-05-27
2025052705009192,HRL,47,77,28.0,934.0,26152.0,2025-05-27
2025052704022322,SHEL,21,8,50.0,264.0,13200.0,2025-05-27
2025052704022321,RADHI,72,58,100.0,792.0,79200.0,2025-05-27
2025052704022320,RADHI,72,32,100.0,791.1,79110.0,2025-05-27
2025052705009191,HRL,47,95,72.0,934.0,67248.0,2025-05-27
2025052705009190,HRL,6,95,100.0,934.0,93400.0,2025-05-27
2025052705009189,HRL,45,95,200.0,934.0,186800.0,2025-05-27
2025052705009188,HRL,42,95,10.0,934.0,9340.0,2025-05-27
2025052705009187,HRL,84,95,80.0,934.0,74720.0,2025-05-27
2025052705009186,HRL,39,95,100.0,934.0,93400.0,2025-05-27
2025052705009185,HRL,42,95,99.0,934.0,92466.0,2025-05-27
2025052705009184,HRL,49,95,169.0,934.1,157862.9,2025-05-27
2025052704022319,NGPL,26,7,10.0,387.6,3876.0,2025-05-27
2025052701017378,CREST,45,46,10.0,1801.0,18010.0,2025-05-27
2025052701017377,KBL,28,45,1703.0,216.0,367848.0,2025-05-27
2025052701017376,KBL,28,35,297.0,216.0,64152.0,2025-05-27
2025052704022318,NGPL,75,7,480.0,387.6,186048.0,2025-05-27
2025052703009776,MNBBL,62,11,71.0,366.0,25986.0,2025-05-27
2025052701017375,MHCL,38,57,10.0,463.9,4639.0,2025-05-27
2025052701017374,MHCL,38,29,10.0,463.0,4630.0,2025-05-27
2025052701017373,MHCL,38,34,10.0,463.0,4630.0,2025-05-27
2025052701017372,NMIC,42,38,10.0,1900.0,19000.0,2025-05-27
2025052705009183,GCIL,45,47,251.0,501.0,125751.0,2025-05-27
2025052705009182,GCIL,56,47,69.0,501.1,34575.9,2025-05-27
2025052705009181,GCIL,25,47,180.0,501.2,90216.0,2025-05-27
2025052705009180,NTC,45,16,10.0,879.0,8790.0,2025-05-27
2025052703009775,CFCL,34,39,20.0,525.0,10500.0,2025-05-27
2025052704022317,UPCL,95,69,290.0,456.0,132240.0,2025-05-27
2025052704022316,UPCL,62,69,10.0,456.0,4560.0,2025-05-27
2025052705009179,NIFRA,34,36,25.0,278.0,6950.0,2025-05-27
2025052705009178,HIDCL,60,38,300.0,296.0,88800.0,2025-05-27
2025052703009774,MSLB,62,14,50.0,1254.0,62700.0,2025-05-27
2025052704022315,SPDL,34,14,180.0,362.0,65160.0,2025-05-27
2025052701017371,PRVU,6,21,400.0,214.0,85600.0,2025-05-27
2025052704022314,DHPL,38,74,660.0,338.0,223080.0,2025-05-27
2025052704022313,DHPL,45,74,300.0,338.2,101460.0,2025-05-27
2025052704022312,DHPL,45,74,140.0,338.5,47390.0,2025-05-27
2025052704022311,DHPL,17,74,300.0,338.6,101580.0,2025-05-27
2025052704022310,DHPL,48,74,500.0,339.0,169500.0,2025-05-27
2025052704022309,DHPL,33,74,100.0,339.0,33900.0,2025-05-27
2025052701017370,PCBL,21,34,550.0,253.0,139150.0,2025-05-27
2025052701017369,PCBL,21,17,100.0,253.0,25300.0,2025-05-27
2025052701017368,PCBL,21,29,175.0,253.0,44275.0,2025-05-27
2025052703009773,MFIL,14,58,50.0,595.0,29750.0,2025-05-27
2025052705009177,HDL,33,98,16.0,1216.0,19456.0,2025-05-27
2025052705009176,HDL,33,98,184.0,1216.0,223744.0,2025-05-27
2025052705009175,CLI,42,67,44.0,483.0,21252.0,2025-05-27
2025052705009174,CLI,42,45,12.0,483.0,5796.0,2025-05-27
2025052705009173,CLI,42,56,12.0,483.0,5796.0,2025-05-27
2025052705009172,CLI,42,55,12.0,483.0,5796.0,2025-05-27
2025052705009171,CLI,42,47,172.0,483.0,83076.0,2025-05-27
2025052705009170,CLI,42,5,250.0,482.9,120725.0,2025-05-27
2025052705009169,CLI,42,38,30.0,482.8,14484.0,2025-05-27
2025052705009168,CLI,42,58,10.0,482.5,4825.0,2025-05-27
2025052701017367,MANDU,42,32,50.0,866.0,43300.0,2025-05-27
2025052704022308,BPCL,81,57,46.0,535.0,24610.0,2025-05-27
2025052704022307,BPCL,81,58,400.0,535.0,214000.0,2025-05-27
2025052704022306,HURJA,41,33,10.0,246.5,2465.0,2025-05-27
2025052701017366,JBLB,55,33,15.0,1315.2,19728.0,2025-05-27
2025052701017365,NYADI,49,21,100.0,419.5,41950.0,2025-05-27
2025052701017364,NYADI,34,21,100.0,419.5,41950.0,2025-05-27
2025052704022305,MHNL,4,14,50.0,259.0,12950.0,2025-05-27
2025052704022304,MHNL,4,38,450.0,258.9,116505.0,2025-05-27
2025052704022303,RIDI,89,3,200.0,252.9,50580.0,2025-05-27
2025052704022302,RIDI,81,3,100.0,252.9,25290.0,2025-05-27
2025052704022301,RIDI,51,3,50.0,252.9,12645.0,2025-05-27
2025052703009772,SWMF,1,57,31.0,727.1,22540.1,2025-05-27
2025052703009771,SWMF,45,57,19.0,728.1,13833.9,2025-05-27
2025052703009770,SWMF,34,57,30.0,728.1,21843.0,2025-05-27
2025052703009769,SWMF,34,57,20.0,730.0,14600.0,2025-05-27
2025052705009167,HRL,49,48,31.0,934.1,28957.1,2025-05-27
2025052704022300,AKPL,53,57,500.0,241.0,120500.0,2025-05-27
2025052704022299,AKPL,53,49,331.0,241.0,79771.0,2025-05-27
2025052704022298,SPDL,34,75,500.0,362.0,181000.0,2025-05-27
2025052704022297,SICL,8,38,70.0,746.0,52220.0,2025-05-27
2025052704022296,SICL,38,38,26.0,746.0,19396.0,2025-05-27
2025052704022295,SICL,43,38,30.0,746.0,22380.0,2025-05-27
2025052704022294,NGPL,51,38,200.0,387.5,77500.0,2025-05-27
2025052701017363,NIMB,17,39,100.0,217.5,21750.0,2025-05-27
2025052701017362,NIMB,17,35,187.0,217.5,40672.5,2025-05-27
2025052701017361,BNHC,61,42,100.0,528.0,52800.0,2025-05-27
2025052704022293,SHPC,58,49,19.0,563.0,10697.0,2025-05-27
2025052704022292,SHPC,58,32,100.0,563.0,56300.0,2025-05-27
2025052704022291,SSHL,10,42,20.0,230.9,4618.0,2025-05-27
2025052703009768,NUBL,29,37,10.0,696.2,6962.0,2025-05-27
2025052704022290,BPCL,44,14,30.0,534.0,16020.0,2025-05-27
2025052701017360,BHL,5,33,155.0,215.5,33402.5,2025-05-27
2025052701017359,BHL,35,33,300.0,215.5,64650.0,2025-05-27
2025052701017358,BHL,58,33,10.0,215.5,2155.0,2025-05-27
2025052701017357,BHL,42,33,40.0,215.5,8620.0,2025-05-27
2025052701017356,BHL,55,33,10.0,215.6,2156.0,2025-05-27
2025052701017355,BHL,1,33,50.0,215.6,10780.0,2025-05-27
2025052701017354,BHL,32,33,50.0,215.6,10780.0,2025-05-27
2025052701017353,BHL,58,33,200.0,215.6,43120.0,2025-05-27
2025052701017352,BHL,49,33,40.0,215.7,8628.0,2025-05-27
2025052701017351,BHL,22,33,1145.0,215.7,246976.5,2025-05-27
2025052703009767,KSBBL,21,38,65.0,454.5,29542.5,2025-05-27
2025052701017350,KBL,63,35,153.0,216.0,33048.0,2025-05-27
2025052704022289,SHL,17,4,1300.0,564.0,733200.0,2025-05-27
2025052701017349,NIMB,48,35,10.0,217.5,2175.0,2025-05-27
2025052705009166,HIDCL,28,38,65.0,296.0,19240.0,2025-05-27
2025052705009165,HIDCL,28,45,10.0,295.6,2956.0,2025-05-27
2025052705009164,HIDCL,28,14,125.0,295.5,36937.5,2025-05-27
2025052705009163,SAHAS,38,57,150.0,518.0,77700.0,2025-05-27
2025052705009162,SAHAS,17,57,50.0,518.0,25900.0,2025-05-27
2025052705009161,SAHAS,6,57,100.0,518.0,51800.0,2025-05-27
2025052701017348,KBL,63,58,335.0,216.0,72360.0,2025-05-27
2025052701017347,EBL,33,66,3294.0,654.0,2154276.0,2025-05-27
2025052701017346,EBL,44,66,706.0,657.0,463842.0,2025-05-27
2025052704022288,PMHPL,42,16,290.0,286.1,82969.0,2025-05-27
2025052703009766,NMLBBL,80,42,69.0,665.0,45885.0,2025-05-27
2025052704022287,API,35,22,250.0,291.0,72750.0,2025-05-27
2025052701017345,USHEC,39,59,10.0,477.3,4773.0,2025-05-27
2025052701017344,USHEC,39,47,10.0,472.9,4729.0,2025-05-27
2025052704022286,MHNL,52,63,400.0,254.0,101600.0,2025-05-27
2025052701017343,MBL,16,56,37.0,229.0,8473.0,2025-05-27
2025052701017342,MBL,16,10,100.0,229.0,22900.0,2025-05-27
2025052701017341,MBL,16,42,363.0,229.0,83127.0,2025-05-27
2025052701017340,MBL,16,3,500.0,228.9,114450.0,2025-05-27
2025052703009765,SINDU,63,58,10.0,869.0,8690.0,2025-05-27
2025052701017339,MHCL,59,59,277.0,461.0,127697.0,2025-05-27
2025052701017338,MHCL,44,59,73.0,461.0,33653.0,2025-05-27
2025052701017337,MHCL,45,59,90.0,461.5,41535.0,2025-05-27
2025052701017336,MHCL,59,59,20.0,462.0,9240.0,2025-05-27
2025052704022285,NGPL,55,7,12.0,387.6,4651.2,2025-05-27
2025052701017335,SAMAJ,52,34,10.0,2440.0,24400.0,2025-05-27
2025052704022284,UPPER,28,6,327.0,200.5,65563.5,2025-05-27
2025052704022283,UPPER,34,6,173.0,200.6,34703.8,2025-05-27
2025052703009764,ALICL,21,44,50.0,712.0,35600.0,2025-05-27
2025052704022282,UPCL,72,87,10.0,457.0,4570.0,2025-05-27
2025052701017334,GVL,45,48,302.0,436.3,131762.6,2025-05-27
2025052701017333,GVL,29,48,500.0,436.3,218150.0,2025-05-27
2025052701017332,GVL,18,48,18.0,436.3,7853.4,2025-05-27
2025052701017331,GVL,32,48,100.0,436.5,43650.0,2025-05-27
2025052701017330,KBL,63,13,50.0,216.0,10800.0,2025-05-27
2025052704022281,NGPL,62,7,200.0,387.6,77520.0,2025-05-27
2025052705009160,CIT,41,58,10.0,1919.0,19190.0,2025-05-27
2025052705009159,CIT,26,58,10.0,1919.0,19190.0,2025-05-27
2025052705009158,CIT,38,58,20.0,1919.0,38380.0,2025-05-27
2025052705009157,CIT,53,58,39.0,1919.1,74844.9,2025-05-27
2025052703009763,SADBL,84,32,400.0,421.0,168400.0,2025-05-27
2025052703009762,MLBL,6,32,50.0,390.0,19500.0,2025-05-27
2025052703009761,MLBBL,58,7,100.0,1490.0,149000.0,2025-05-27
2025052701017329,NMIC,42,38,10.0,1900.0,19000.0,2025-05-27
2025052703009760,MDB,52,42,10.0,600.0,6000.0,2025-05-27
2025052703009759,MDB,36,42,90.0,600.0,54000.0,2025-05-27
2025052703009758,MDB,58,42,50.0,600.0,30000.0,2025-05-27
2025052704022280,RADHI,18,60,15.0,791.0,11865.0,2025-05-27
2025052704022279,RADHI,10,60,10.0,791.0,7910.0,2025-05-27
2025052704022278,RADHI,7,60,25.0,791.0,19775.0,2025-05-27
2025052704022277,RADHI,91,60,100.0,791.1,79110.0,2025-05-27
2025052704022276,RADHI,91,60,200.0,791.1,158220.0,2025-05-27
2025052704022275,RADHI,50,60,50.0,791.1,39555.0,2025-05-27
2025052701017328,HBL,8,49,546.0,232.4,126890.4,2025-05-27
2025052701017327,HBL,8,34,100.0,232.0,23200.0,2025-05-27
2025052701017326,HBL,8,16,1000.0,232.0,232000.0,2025-05-27
2025052701017325,HBL,8,11,100.0,232.0,23200.0,2025-05-27
2025052701017324,HBL,8,1,500.0,232.0,116000.0,2025-05-27
2025052701017323,HBL,8,42,50.0,232.0,11600.0,2025-05-27
2025052701017322,HBL,8,49,43.0,232.0,9976.0,2025-05-27
2025052701017321,HBL,8,42,190.0,232.0,44080.0,2025-05-27
2025052701017320,HBL,8,4,306.0,231.9,70961.4,2025-05-27
2025052701017319,HBL,8,1,21.0,231.0,4851.0,2025-05-27
2025052701017318,HBL,8,36,144.0,230.8,33235.2,2025-05-27
2025052704022274,CHL,39,8,20.0,284.1,5682.0,2025-05-27
2025052704022273,CHL,29,8,40.0,286.7,11468.0,2025-05-27
2025052704022272,SPDL,34,45,100.0,362.0,36200.0,2025-05-27
2025052704022271,AKPL,29,92,100.0,240.1,24010.0,2025-05-27
2025052704022270,SALICO,43,43,20.0,675.2,13504.0,2025-05-27
2025052701017317,NIMB,57,35,200.0,217.5,43500.0,2025-05-27
2025052704022269,AHPC,50,57,500.0,278.4,139200.0,2025-05-27
2025052704022268,UPCL,13,87,100.0,457.0,45700.0,2025-05-27
2025052701017316,NMIC,42,49,10.0,1900.0,19000.0,2025-05-27
2025052703009757,MFIL,21,1,201.0,594.2,119434.2,2025-05-27
2025052703009756,MFIL,21,1,399.0,594.2,237085.8,2025-05-27
2025052701017315,KBL,63,17,200.0,216.0,43200.0,2025-05-27
2025052701017314,GBIME,46,14,310.0,240.2,74462.0,2025-05-27
2025052703009755,JBBL,14,22,300.0,334.4,100320.0,2025-05-27
2025052701017313,EBL,44,11,175.0,657.0,114975.0,2025-05-27
2025052704022267,HPPL,57,59,400.0,486.5,194600.0,2025-05-27
2025052701017312,RFPL,58,7,100.0,473.8,47380.0,2025-05-27
2025052701017311,MEHL,58,42,500.0,444.0,222000.0,2025-05-27
2025052701017310,GMLI,55,14,10.0,2574.0,25740.0,2025-05-27
2025052704022266,NGPL,51,41,200.0,387.5,77500.0,2025-05-27
2025052704022265,NGPL,62,41,500.0,387.6,193800.0,2025-05-27
2025052705009156,CLI,26,41,10.0,481.6,4816.0,2025-05-27
2025052705009155,CLI,11,41,70.0,482.0,33740.0,2025-05-27
2025052705009154,CLI,58,41,54.0,482.2,26038.8,2025-05-27
2025052705009153,NRIC,6,33,200.0,1266.0,253200.0,2025-05-27
2025052705009152,VLUCL,34,54,50.0,605.1,30255.0,2025-05-27
2025052701017309,KBL,63,45,300.0,216.0,64800.0,2025-05-27
2025052701017308,SARBTM,59,26,25.0,856.1,21402.5,2025-05-27
2025052701017307,CITY,57,39,20.0,830.0,16600.0,2025-05-27
2025052701017306,MKJC,8,49,250.0,490.0,122500.0,2025-05-27
2025052704022264,CHL,29,4,260.0,286.7,74542.0,2025-05-27
2025052703009754,NMLBBL,49,71,20.0,667.0,13340.0,2025-05-27
2025052705009151,PHCL,42,50,10.0,563.9,5639.0,2025-05-27
2025052704022263,SHL,90,13,100.0,564.8,56480.0,2025-05-27
2025052701017305,BHDC,4,11,29.0,455.0,13195.0,2025-05-27
2025052701017304,BHDC,5,11,200.0,455.0,91000.0,2025-05-27
2025052701017303,BHDC,57,11,19.0,455.0,8645.0,2025-05-27
2025052701017302,BHDC,58,11,12.0,455.0,5460.0,2025-05-27
2025052701017301,BHDC,45,11,39.0,455.0,17745.0,2025-05-27
2025052701017300,BHDC,45,11,30.0,455.0,13650.0,2025-05-27
2025052701017299,BHDC,42,11,50.0,455.0,22750.0,2025-05-27
2025052701017298,BHDC,58,11,21.0,455.1,9557.1,2025-05-27
2025052701017297,BHDC,42,11,10.0,455.1,4551.0,2025-05-27
2025052701017296,BHDC,49,11,40.0,455.1,18204.0,2025-05-27
2025052701017295,BHDC,89,11,50.0,455.2,22760.0,2025-05-27
2025052704022262,SGIC,34,58,100.0,560.0,56000.0,2025-05-27
2025052704022261,SGIC,29,58,47.0,560.0,26320.0,2025-05-27
2025052704022260,RURU,58,58,100.0,687.0,68700.0,2025-05-27
2025052704022259,NGPL,33,34,86.0,388.0,33368.0,2025-05-27
2025052703009753,MLBSL,34,49,10.0,2282.0,22820.0,2025-05-27
2025052703009752,SAPDBL,14,38,50.0,899.0,44950.0,2025-05-27
2025052703009751,GMFBS,21,60,375.0,1556.0,583500.0,2025-05-27
2025052704022258,NGPL,33,6,314.0,388.0,121832.0,2025-05-27
2025052705009150,RNLI,33,44,20.0,508.0,10160.0,2025-05-27
2025052701017294,EHPL,21,56,25.0,569.7,14242.5,2025-05-27
2025052701017293,CREST,45,21,10.0,1801.0,18010.0,2025-05-27
2025052703009750,SMB,35,43,10.0,2319.9,23199.0,2025-05-27
2025052704022257,BPCL,26,19,50.0,535.2,26760.0,2025-05-27
2025052704022256,BPCL,26,1,50.0,535.0,26750.0,2025-05-27
2025052703009749,SINDU,45,72,450.0,870.0,391500.0,2025-05-27
2025052704022255,BPCL,44,53,56.0,534.0,29904.0,2025-05-27
2025052703009748,SADBL,84,57,500.0,421.0,210500.0,2025-05-27
2025052703009747,USLB,43,32,34.0,2070.0,70380.0,2025-05-27
2025052704022254,SGIC,29,32,63.0,560.0,35280.0,2025-05-27
2025052704022253,SHEL,13,89,228.0,263.0,59964.0,2025-05-27
2025052704022252,SHEL,1,89,200.0,263.0,52600.0,2025-05-27
2025052704022251,SHEL,28,89,86.0,263.0,22618.0,2025-05-27
2025052704022250,SHEL,34,89,200.0,263.1,52620.0,2025-05-27
2025052704022249,NGPL,25,6,686.0,388.0,266168.0,2025-05-27
2025052704022248,NGPL,25,41,150.0,388.0,58200.0,2025-05-27
2025052704022247,NGPL,25,34,264.0,388.0,102432.0,2025-05-27
2025052703009746,GMFBS,21,58,123.0,1556.0,191388.0,2025-05-27
2025052704022246,JOSHI,58,41,300.0,388.0,116400.0,2025-05-27
2025052704022245,JOSHI,58,47,10.0,388.0,3880.0,2025-05-27
2025052704022244,JOSHI,58,34,400.0,387.9,155160.0,2025-05-27
2025052704022243,JOSHI,58,74,67.0,387.9,25989.3,2025-05-27
2025052704022242,JOSHI,58,4,20.0,387.8,7756.0,2025-05-27
2025052704022241,JOSHI,58,58,12.0,387.0,4644.0,2025-05-27
2025052705009149,CHDC,40,77,190.0,2510.0,476900.0,2025-05-27
2025052705009148,CHDC,71,77,100.0,2510.0,251000.0,2025-05-27
2025052705009147,CHDC,39,77,50.0,2510.0,125500.0,2025-05-27
2025052705009146,CHDC,34,77,360.0,2510.0,903600.0,2025-05-27
2025052705009145,CHDC,39,77,100.0,2511.0,251100.0,2025-05-27
2025052705009144,CHDC,71,77,20.0,2511.0,50220.0,2025-05-27
2025052705009143,CHDC,92,77,50.0,2511.0,125550.0,2025-05-27
2025052705009142,CHDC,39,77,100.0,2511.0,251100.0,2025-05-27
2025052705009141,CHDC,5,77,30.0,2511.3,75339.0,2025-05-27
2025052701017292,CREST,45,58,10.0,1801.0,18010.0,2025-05-27
2025052704022240,RADHI,77,58,10.0,792.0,7920.0,2025-05-27
2025052705009140,ILI,49,8,1000.0,454.0,454000.0,2025-05-27
2025052705009139,ILI,16,8,30.0,454.0,13620.0,2025-05-27
2025052704022239,SHL,17,45,700.0,564.0,394800.0,2025-05-27
2025052705009138,SONA,45,57,200.0,457.0,91400.0,2025-05-27
2025052701017291,HIDCLP,28,7,395.0,202.2,79869.0,2025-05-27
2025052704022238,MHNL,58,57,40.0,253.0,10120.0,2025-05-27
2025052703009745,SIFC,26,57,10.0,494.1,4941.0,2025-05-27
2025052701017290,SNLI,32,57,10.0,488.1,4881.0,2025-05-27
2025052703009744,MNBBL,49,11,21.0,366.0,7686.0,2025-05-27
2025052703009743,MNBBL,49,50,34.0,366.0,12444.0,2025-05-27
2025052701017289,KBL,63,7,2244.0,216.0,484704.0,2025-05-27
2025052705009137,SONA,94,36,460.0,456.1,209806.0,2025-05-27
2025052705009136,SONA,5,36,40.0,456.1,18244.0,2025-05-27
2025052703009742,LBBL,17,39,500.0,450.0,225000.0,2025-05-27
2025052703009741,JBBL,13,42,500.0,334.5,167250.0,2025-05-27
2025052703009740,JBBL,58,42,145.0,334.5,48502.5,2025-05-27
2025052703009739,JBBL,25,42,68.0,334.6,22752.8,2025-05-27
2025052701017288,BHL,22,58,10.0,215.7,2157.0,2025-05-27
2025052704022237,HURJA,42,33,60.0,246.5,14790.0,2025-05-27
2025052704022236,NGPL,62,38,500.0,387.6,193800.0,2025-05-27
2025052704022235,UPCL,34,87,150.0,457.0,68550.0,2025-05-27
2025052703009738,CBBL,38,34,14.0,894.0,12516.0,2025-05-27
2025052703009737,CBBL,48,34,107.0,894.0,95658.0,2025-05-27
2025052701017287,PRVU,6,21,503.0,214.0,107642.0,2025-05-27
2025052701017286,PRVU,6,18,497.0,214.0,106358.0,2025-05-27
2025052701017285,BHPL,64,58,45.0,864.0,38880.0,2025-05-27
2025052701017284,BHPL,64,21,10.0,863.9,8639.0,2025-05-27
2025052704022234,RADHI,94,58,250.0,792.0,198000.0,2025-05-27
2025052704022233,RIDI,38,46,103.0,252.9,26048.7,2025-05-27
2025052701017283,NIMB,32,3,34.0,217.2,7384.8,2025-05-27
2025052703009736,SADBL,84,44,100.0,422.0,42200.0,2025-05-27
2025052701017282,SIGS3,58,32,3500.0,10.19,35665.0,2025-05-27
2025052703009735,LBBL,17,34,140.0,450.0,63000.0,2025-05-27
2025052704022232,LEC,39,40,86.0,212.0,18232.0,2025-05-27
2025052704022231,LEC,39,42,500.0,212.0,106000.0,2025-05-27
2025052704022230,LEC,39,10,414.0,212.0,87768.0,2025-05-27
2025052704022229,SPDL,34,16,350.0,362.0,126700.0,2025-05-27
2025052701017281,MEHL,56,61,186.0,443.9,82565.4,2025-05-27
2025052704022228,HDHPC,13,34,500.0,201.5,100750.0,2025-05-27
2025052701017280,SPL,26,58,10.0,790.7,7907.0,2025-05-27
2025052704022227,NLG,71,17,10.0,824.0,8240.0,2025-05-27
2025052701017279,BHL,41,58,90.0,215.7,19413.0,2025-05-27
2025052701017278,LSL,45,26,500.0,227.0,113500.0,2025-05-27
2025052701017277,LSL,45,26,1000.0,227.0,227000.0,2025-05-27
2025052701017276,LSL,45,26,100.0,227.0,22700.0,2025-05-27
2025052701017275,LSL,45,58,1200.0,227.0,272400.0,2025-05-27
2025052701017274,LSL,45,6,100.0,227.0,22700.0,2025-05-27
2025052701017273,LSL,45,33,200.0,227.0,45400.0,2025-05-27
2025052701017272,LSL,45,38,675.0,226.9,153157.5,2025-05-27
2025052701017271,LSL,45,29,1000.0,226.9,226900.0,2025-05-27
2025052701017270,LSL,45,26,100.0,226.8,22680.0,2025-05-27
2025052701017269,LSL,45,21,17.0,226.8,3855.6,2025-05-27
2025052704022226,SPIL,57,38,70.0,830.0,58100.0,2025-05-27
2025052705009135,NRIC,6,29,260.0,1266.0,329160.0,2025-05-27
2025052703009734,BFC,42,39,100.0,486.0,48600.0,2025-05-27
2025052703009733,RLFL,56,42,100.0,477.0,47700.0,2025-05-27
2025052701017268,MCHL,52,50,100.0,551.4,55140.0,2025-05-27
2025052704022225,CHCL,58,36,50.0,486.0,24300.0,2025-05-27
2025052704022224,CHCL,41,36,90.0,486.0,43740.0,2025-05-27
2025052704022223,CHCL,11,36,40.0,486.0,19440.0,2025-05-27
2025052704022222,CHCL,33,36,29.0,486.4,14105.6,2025-05-27
2025052705009134,HRL,42,59,10.0,934.0,9340.0,2025-05-27
2025052705009133,HRL,47,59,87.0,934.1,81266.7,2025-05-27
2025052704022221,NGPL,19,34,596.0,388.0,231248.0,2025-05-27
2025052704022220,KKHC,58,38,14.0,345.9,4842.6,2025-05-27
2025052704022219,NGPL,26,34,20.0,388.0,7760.0,2025-05-27
2025052705009132,MEL,26,16,240.0,300.5,72120.0,2025-05-27
2025052704022218,SHPC,57,32,400.0,563.0,225200.0,2025-05-27
2025052704022217,BPCL,70,7,44.0,535.0,23540.0,2025-05-27
2025052704022216,BPCL,70,34,30.0,535.0,16050.0,2025-05-27
2025052704022215,BPCL,70,7,50.0,535.0,26750.0,2025-05-27
2025052704022214,BPCL,70,58,10.0,535.0,5350.0,2025-05-27
2025052704022213,BPCL,70,22,100.0,535.0,53500.0,2025-05-27
2025052704022212,BPCL,70,34,200.0,535.0,107000.0,2025-05-27
2025052704022211,BPCL,70,57,10.0,535.0,5350.0,2025-05-27
2025052704022210,BPCL,70,51,116.0,535.0,62060.0,2025-05-27
2025052704022209,BPCL,70,45,1000.0,535.0,535000.0,2025-05-27
2025052704022208,BPCL,70,21,10.0,535.0,5350.0,2025-05-27
2025052704022207,BPCL,70,34,231.0,535.0,123585.0,2025-05-27
2025052704022206,BPCL,70,8,100.0,535.0,53500.0,2025-05-27
2025052704022205,BPCL,70,50,50.0,535.0,26750.0,2025-05-27
2025052704022204,BPCL,70,45,100.0,535.0,53500.0,2025-05-27
2025052704022203,BPCL,70,55,563.0,535.0,301205.0,2025-05-27
2025052704022202,BPCL,70,20,10.0,535.0,5350.0,2025-05-27
2025052704022201,BPCL,70,32,600.0,535.0,321000.0,2025-05-27
2025052704022200,BPCL,70,19,100.0,535.0,53500.0,2025-05-27
2025052704022199,BPCL,70,17,200.0,535.0,107000.0,2025-05-27
2025052704022198,BPCL,70,22,100.0,535.0,53500.0,2025-05-27
2025052704022197,BPCL,70,32,10.0,535.0,5350.0,2025-05-27
2025052704022196,BPCL,70,86,194.0,535.0,103790.0,2025-05-27
2025052704022195,BPCL,70,51,92.0,535.0,49220.0,2025-05-27
2025052703009732,RSDC,34,29,95.0,677.0,64315.0,2025-05-27
2025052701017267,SBL,49,46,179.0,303.9,54398.1,2025-05-27
2025052701017266,SBL,49,43,100.0,303.9,30390.0,2025-05-27
2025052701017265,SBL,49,35,670.0,303.8,203546.0,2025-05-27
2025052701017264,SBL,49,14,100.0,303.8,30380.0,2025-05-27
2025052701017263,SBL,49,78,23.0,303.8,6987.4,2025-05-27
2025052701017262,SBL,49,1,300.0,303.7,91110.0,2025-05-27
2025052701017261,SBL,49,40,150.0,303.7,45555.0,2025-05-27
2025052701017260,SBL,49,53,200.0,303.0,60600.0,2025-05-27
2025052701017259,SBL,49,42,282.0,303.0,85446.0,2025-05-27
2025052701017258,SBL,49,54,696.0,303.0,210888.0,2025-05-27
2025052704022194,API,22,43,105.0,291.4,30597.0,2025-05-27
2025052704022193,API,22,6,45.0,291.4,13113.0,2025-05-27
2025052701017257,KBL,63,38,50.0,216.0,10800.0,2025-05-27
2025052704022192,MEN,38,56,100.0,583.1,58310.0,2025-05-27
2025052704022191,UPPER,34,17,200.0,200.6,40120.0,2025-05-27
2025052704022190,UPPER,34,57,27.0,200.6,5416.2,2025-05-27
2025052703009731,PFL,22,34,50.0,408.5,20425.0,2025-05-27
2025052704022189,LEC,19,10,90.0,212.0,19080.0,2025-05-27
2025052701017256,ADBL,59,6,10.0,294.8,2948.0,2025-05-27
2025052704022188,BPCL,44,33,790.0,534.0,421860.0,2025-05-27
2025052704022187,BPCL,95,33,110.0,534.0,58740.0,2025-05-27
2025052701017255,CREST,8,57,10.0,1800.5,18005.0,2025-05-27
2025052703009730,ALICL,67,29,350.0,710.3,248605.0,2025-05-27
2025052703009729,ALICL,8,29,50.0,710.5,35525.0,2025-05-27
2025052703009728,ALICL,11,29,100.0,710.6,71060.0,2025-05-27
2025052705009131,CLI,58,29,12.0,482.2,5786.4,2025-05-27
2025052704022186,UPPER,28,66,600.0,200.5,120300.0,2025-05-27
2025052704022185,BARUN,11,39,14.0,511.0,7154.0,2025-05-27
2025052701017254,CREST,41,34,20.0,1800.6,36012.0,2025-05-27
2025052701017253,CREST,56,34,140.0,1800.6,252084.0,2025-05-27
2025052704022184,NICL,58,52,25.0,795.0,19875.0,2025-05-27
2025052704022183,PRIN,95,32,10.0,861.8,8618.0,2025-05-27
2025052701017252,EBL,44,45,100.0,657.0,65700.0,2025-05-27
2025052705009130,RNLI,70,44,89.0,508.0,45212.0,2025-05-27
2025052705009129,RNLI,70,51,11.0,507.9,5586.9,2025-05-27
2025052701017251,EHPL,53,56,460.0,569.7,262062.0,2025-05-27
2025052701017250,EHPL,53,36,40.0,569.6,22784.0,2025-05-27
2025052703009727,BFC,88,32,10.0,488.0,4880.0,2025-05-27
2025052701017249,PRVU,62,18,150.0,214.0,32100.0,2025-05-27
2025052701017248,PRVU,1,18,300.0,214.0,64200.0,2025-05-27
2025052701017247,PRVU,17,18,500.0,214.0,107000.0,2025-05-27
2025052701017246,PRVU,14,18,100.0,214.0,21400.0,2025-05-27
2025052701017245,PRVU,45,18,263.0,214.0,56282.0,2025-05-27
2025052701017244,PRVU,29,18,100.0,214.0,21400.0,2025-05-27
2025052701017243,PRVU,42,18,90.0,214.0,19260.0,2025-05-27
2025052705009128,HATHY,1,22,50.0,1235.0,61750.0,2025-05-27
2025052705009127,SMJC,70,38,240.0,501.0,120240.0,2025-05-27
2025052704022182,UPCL,34,69,300.0,457.0,137100.0,2025-05-27
2025052703009726,MDB,34,44,133.0,601.0,79933.0,2025-05-27
2025052703009725,MDB,34,1,120.0,601.0,72120.0,2025-05-27
2025052704022181,BPCL,86,8,97.0,535.0,51895.0,2025-05-27
2025052704022180,BPCL,86,45,50.0,535.0,26750.0,2025-05-27
2025052704022179,BPCL,86,3,10.0,535.0,5350.0,2025-05-27
2025052704022178,BPCL,86,60,300.0,535.0,160500.0,2025-05-27
2025052704022177,BPCL,86,84,43.0,535.0,23005.0,2025-05-27
2025052703009724,MNBBL,86,50,65.0,366.0,23790.0,2025-05-27
2025052704022176,AKPL,6,51,672.0,240.3,161481.6,2025-05-27
2025052703009723,PROFL,45,33,16.0,493.0,7888.0,2025-05-27
2025052701017242,NICA,58,49,90.0,362.0,32580.0,2025-05-27
2025052701017241,NICA,58,42,50.0,362.0,18100.0,2025-05-27
2025052701017240,NICA,58,89,20.0,361.0,7220.0,2025-05-27
2025052703009722,HLI,58,48,95.0,408.0,38760.0,2025-05-27
2025052703009721,CBBL,48,41,50.0,894.0,44700.0,2025-05-27
2025052701017239,CZBIL,76,45,300.0,216.8,65040.0,2025-05-27
2025052701017238,CZBIL,76,45,50.0,216.5,10825.0,2025-05-27
2025052701017237,CZBIL,76,46,150.0,216.5,32475.0,2025-05-27
2025052701017236,TPC,49,34,10.0,344.7,3447.0,2025-05-27
2025052701017235,NICA,38,89,20.0,361.0,7220.0,2025-05-27
2025052704022175,UNHPL,62,39,70.0,321.6,22512.0,2025-05-27
2025052704022174,UPCL,34,38,50.0,457.0,22850.0,2025-05-27
2025052705009126,HDL,33,38,16.0,1216.0,19456.0,2025-05-27
2025052705009125,HDL,33,38,113.0,1216.0,137408.0,2025-05-27
2025052701017234,SRLI,34,54,165.0,407.0,67155.0,2025-05-27
2025052701017233,SRLI,34,6,61.0,407.0,24827.0,2025-05-27
2025052704022173,SPDL,34,57,100.0,362.0,36200.0,2025-05-27
2025052704022172,SPDL,34,13,600.0,361.9,217140.0,2025-05-27
2025052704022171,SPDL,34,55,109.0,361.8,39436.2,2025-05-27
2025052705009124,ENL,58,39,10.0,1119.0,11190.0,2025-05-27
2025052705009123,NRIC,6,77,10.0,1266.0,12660.0,2025-05-27
2025052705009122,NRIC,6,77,200.0,1266.1,253220.0,2025-05-27
2025052703009720,NLICL,54,54,500.0,636.0,318000.0,2025-05-27
2025052703009719,NLICL,54,13,20.0,636.0,12720.0,2025-05-27
2025052703009718,NLICL,54,48,20.0,636.0,12720.0,2025-05-27
2025052701017232,NMIC,42,4,10.0,1900.0,19000.0,2025-05-27
2025052704022170,AHPC,50,41,13.0,278.4,3619.2,2025-05-27
2025052705009121,HDL,33,48,87.0,1216.0,105792.0,2025-05-27
2025052705009120,HDL,33,48,83.0,1216.0,100928.0,2025-05-27
2025052701017231,GBIME,46,48,100.0,240.2,24020.0,2025-05-27
2025052701017230,IHL,13,6,20.0,560.0,11200.0,2025-05-27
2025052704022169,BPCL,95,45,500.0,534.0,267000.0,2025-05-27
2025052701017229,CREST,80,38,10.0,1801.0,18010.0,2025-05-27
2025052703009717,SADBL,7,44,377.0,422.0,159094.0,2025-05-27
2025052703009716,SADBL,7,32,123.0,422.0,51906.0,2025-05-27
2025052704022168,RADHI,54,58,20.0,792.0,15840.0,2025-05-27
2025052704022167,RADHI,81,58,50.0,792.0,39600.0,2025-05-27
2025052704022166,RADHI,91,58,100.0,792.0,79200.0,2025-05-27
2025052704022165,RADHI,52,58,200.0,792.0,158400.0,2025-05-27
2025052704022164,RADHI,22,58,100.0,792.0,79200.0,2025-05-27
2025052704022163,RADHI,59,58,150.0,792.1,118815.0,2025-05-27
2025052704022162,RADHI,69,58,100.0,792.2,79220.0,2025-05-27
2025052704022161,RADHI,64,58,50.0,792.4,39620.0,2025-05-27
2025052704022160,RADHI,58,58,280.0,792.7,221956.0,2025-05-27
2025052704022159,RADHI,6,58,50.0,792.8,39640.0,2025-05-27
2025052703009715,GBLBS,43,34,40.0,812.1,32484.0,2025-05-27
2025052703009714,GBLBS,52,34,10.0,812.1,8121.0,2025-05-27
2025052704022158,SHPC,94,8,918.0,562.6,516466.8,2025-05-27
2025052704022157,SHPC,45,8,100.0,562.7,56270.0,2025-05-27
2025052704022156,SHPC,94,8,300.0,562.7,168810.0,2025-05-27
2025052704022155,SHPC,38,8,500.0,563.0,281500.0,2025-05-27
2025052704022154,SHPC,35,8,500.0,563.0,281500.0,2025-05-27
2025052704022153,SHPC,45,8,500.0,563.0,281500.0,2025-05-27
2025052704022152,SHPC,17,8,182.0,563.0,102466.0,2025-05-27
2025052704022151,BARUN,5,58,10.0,512.0,5120.0,2025-05-27
2025052701017228,GMLI,55,4,10.0,2574.0,25740.0,2025-05-27
2025052705009119,SHIVM,3,59,50.0,523.0,26150.0,2025-05-27
2025052705009118,HIDCL,25,45,135.0,295.4,39879.0,2025-05-27
2025052704022150,UMHL,66,7,210.0,513.0,107730.0,2025-05-27
2025052704022149,RADHI,39,50,91.0,794.0,72254.0,2025-05-27
2025052704022148,RADHI,39,1,409.0,794.0,324746.0,2025-05-27
2025052703009713,NMLBBL,80,39,500.0,665.0,332500.0,2025-05-27
2025052701017227,CREST,56,58,10.0,1800.6,18006.0,2025-05-27
2025052704022147,JOSHI,21,58,160.0,384.5,61520.0,2025-05-27
2025052704022146,AHPC,50,38,50.0,278.4,13920.0,2025-05-27
2025052704022145,NGPL,59,34,120.0,388.0,46560.0,2025-05-27
2025052704022144,NGPL,59,34,500.0,388.0,194000.0,2025-05-27
2025052704022143,NGPL,59,58,1190.0,388.0,461720.0,2025-05-27
2025052704022142,NGPL,59,35,100.0,388.0,38800.0,2025-05-27
2025052704022141,NGPL,59,34,590.0,388.0,228920.0,2025-05-27
2025052704022140,NGPL,59,25,500.0,387.9,193950.0,2025-05-27
2025052705009117,NTC,42,42,25.0,879.9,21997.5,2025-05-27
2025052704022139,RADHI,42,1,91.0,794.0,72254.0,2025-05-27
2025052704022138,RADHI,42,38,1309.0,794.0,1039346.0,2025-05-27
2025052704022137,RADHI,42,89,100.0,793.0,79300.0,2025-05-27
2025052705009116,HRL,42,34,500.0,934.0,467000.0,2025-05-27
2025052704022136,UPCL,34,58,500.0,457.0,228500.0,2025-05-27
2025052704022135,API,22,58,6.0,291.0,1746.0,2025-05-27
2025052704022134,API,22,34,14.0,291.0,4074.0,2025-05-27
2025052704022133,API,21,34,50.0,291.0,14550.0,2025-05-27
2025052704022132,API,40,34,50.0,291.0,14550.0,2025-05-27
2025052704022131,API,22,34,20.0,291.0,5820.0,2025-05-27
2025052704022130,API,99,34,366.0,291.0,106506.0,2025-05-27
2025052703009712,GBLBS,52,54,10.0,812.1,8121.0,2025-05-27
2025052704022129,RIDI,38,3,49.0,252.9,12392.1,2025-05-27
2025052704022128,RIDI,13,3,351.0,253.0,88803.0,2025-05-27
2025052704022127,UPCL,13,58,200.0,457.0,91400.0,2025-05-27
2025052701017226,CREST,56,36,10.0,1800.6,18006.0,2025-05-27
2025052701017225,KBL,66,21,150.0,216.5,32475.0,2025-05-27
2025052701017224,KBL,66,35,850.0,216.5,184025.0,2025-05-27
2025052701017223,SARBTM,59,42,300.0,856.1,256830.0,2025-05-27
2025052703009711,DDBL,42,6,75.0,815.0,61125.0,2025-05-27
2025052703009710,DDBL,42,56,75.0,814.0,61050.0,2025-05-27
2025052703009709,SADBL,84,19,62.0,421.0,26102.0,2025-05-27
2025052701017222,MKCL,35,95,40.0,1535.0,61400.0,2025-05-27
2025052703009708,NLIC,35,48,30.0,757.0,22710.0,2025-05-27
2025052703009707,NLIC,53,48,74.0,757.0,56018.0,2025-05-27
2025052705009115,NRIC,6,48,1000.0,1266.0,1266000.0,2025-05-27
2025052704022126,GHL,72,45,70.0,244.2,17094.0,2025-05-27
2025052704022125,GHL,55,45,80.0,244.3,19544.0,2025-05-27
2025052704022124,AHPC,50,45,27.0,278.4,7516.8,2025-05-27
2025052704022123,AHPC,7,45,473.0,278.4,131683.2,2025-05-27
2025052705009114,SHIVM,59,45,411.0,522.1,214583.1,2025-05-27
2025052705009113,SHIVM,22,45,329.0,522.1,171770.9,2025-05-27
2025052705009112,SHIVM,49,45,20.0,522.2,10444.0,2025-05-27
2025052705009111,SHIVM,34,45,100.0,522.2,52220.0,2025-05-27
2025052705009110,SHIVM,62,45,50.0,523.0,26150.0,2025-05-27
2025052705009109,SHIVM,4,45,90.0,523.0,47070.0,2025-05-27
2025052704022122,AKPL,46,49,169.0,241.0,40729.0,2025-05-27
2025052704022121,AKPL,46,39,71.0,241.0,17111.0,2025-05-27
2025052701017221,KBL,63,45,300.0,216.0,64800.0,2025-05-27
2025052701017220,KBL,63,26,16.0,216.0,3456.0,2025-05-27
2025052701017219,KBL,63,1,286.0,216.0,61776.0,2025-05-27
2025052703009706,JFL,51,44,46.0,473.1,21762.6,2025-05-27
2025052704022120,SSHL,55,42,325.0,230.3,74847.5,2025-05-27
2025052704022119,SSHL,91,42,1090.0,230.3,251027.0,2025-05-27
2025052704022118,SSHL,57,42,30.0,230.4,6912.0,2025-05-27
2025052704022117,SSHL,56,42,300.0,230.4,69120.0,2025-05-27
2025052704022116,SSHL,45,42,125.0,230.5,28812.5,2025-05-27
2025052704022115,SSHL,42,42,130.0,230.5,29965.0,2025-05-27
2025052704022114,CHCL,33,21,20.0,486.4,9728.0,2025-05-27
2025052703009705,SWMF,8,32,30.0,737.6,22128.0,2025-05-27
2025052703009704,MLBL,6,3,501.0,390.0,195390.0,2025-05-27
2025052704022113,NGPL,51,28,150.0,387.5,58125.0,2025-05-27
2025052703009703,SADBL,84,55,50.0,421.0,21050.0,2025-05-27
2025052703009702,MERO,5,36,46.0,751.3,34559.8,2025-05-27
2025052703009701,MERO,52,36,14.0,755.0,10570.0,2025-05-27
2025052703009700,RSDC,57,42,50.0,678.0,33900.0,2025-05-27
2025052705009108,HRL,42,66,78.0,934.0,72852.0,2025-05-27
2025052703009699,MATRI,6,39,10.0,1212.0,12120.0,2025-05-27
2025052704022112,HDHPC,13,16,1000.0,201.5,201500.0,2025-05-27
2025052704022111,SPDL,49,49,500.0,361.0,180500.0,2025-05-27
2025052704022110,SPDL,41,49,500.0,361.0,180500.0,2025-05-27
2025052704022109,SPDL,48,49,1000.0,361.1,361100.0,2025-05-27
2025052704022108,NGPL,49,34,50.0,388.0,19400.0,2025-05-27
2025052701017218,KBL,22,1,34.0,216.0,7344.0,2025-05-27
2025052703009698,NLIC,50,3,337.0,758.0,255446.0,2025-05-27
2025052703009697,NLIC,50,22,103.0,758.0,78074.0,2025-05-27
2025052701017217,SCB,50,54,175.0,628.0,109900.0,2025-05-27
2025052705009107,HRL,42,58,10.0,934.0,9340.0,2025-05-27
2025052701017216,MBL,49,59,400.0,228.0,91200.0,2025-05-27
2025052701017215,MBL,34,59,100.0,228.0,22800.0,2025-05-27
2025052701017214,KBL,42,1,180.0,216.0,38880.0,2025-05-27
2025052701017213,KBL,42,38,100.0,216.0,21600.0,2025-05-27
2025052701017212,KBL,42,38,500.0,216.0,108000.0,2025-05-27
2025052701017211,KBL,42,45,1720.0,216.0,371520.0,2025-05-27
2025052703009696,MERO,52,42,26.0,755.0,19630.0,2025-05-27
2025052705009106,HRL,42,6,45.0,934.0,42030.0,2025-05-27
2025052704022107,API,99,6,634.0,291.0,184494.0,2025-05-27
2025052704022106,API,49,6,366.0,291.0,106506.0,2025-05-27
2025052703009695,RSDC,34,4,164.0,677.0,111028.0,2025-05-27
2025052705009105,HRL,62,56,100.0,934.5,93450.0,2025-05-27
2025052704022105,API,49,32,134.0,291.0,38994.0,2025-05-27
2025052704022104,API,55,32,55.0,291.0,16005.0,2025-05-27
2025052704022103,API,7,32,11.0,291.0,3201.0,2025-05-27
2025052703009694,SHINE,14,29,25.0,414.0,10350.0,2025-05-27
2025052703009693,SHINE,14,38,154.0,414.0,63756.0,2025-05-27
2025052703009692,SHINE,14,14,222.0,414.0,91908.0,2025-05-27
2025052703009691,SHINE,14,32,400.0,414.0,165600.0,2025-05-27
2025052703009690,SHINE,14,57,250.0,413.0,103250.0,2025-05-27
2025052703009689,SHINE,14,57,100.0,413.0,41300.0,2025-05-27
2025052703009688,SHINE,14,25,10.0,413.0,4130.0,2025-05-27
2025052703009687,SHINE,14,26,206.0,413.0,85078.0,2025-05-27
2025052703009686,SHINE,14,34,68.0,413.0,28084.0,2025-05-27
2025052701017210,CITY,7,39,16.0,830.0,13280.0,2025-05-27
2025052703009685,MNBBL,17,17,20.0,365.2,7304.0,2025-05-27
2025052703009684,SHINE,58,50,10.0,412.1,4121.0,2025-05-27
2025052701017209,NMIC,42,58,10.0,1902.0,19020.0,2025-05-27
2025052705009104,HRL,42,59,100.0,934.0,93400.0,2025-05-27
2025052701017208,CREST,42,58,20.0,1801.0,36020.0,2025-05-27
2025052701017207,CREST,42,68,10.0,1801.0,18010.0,2025-05-27
2025052701017206,CREST,42,11,10.0,1801.0,18010.0,2025-05-27
2025052701017205,CREST,42,52,20.0,1801.0,36020.0,2025-05-27
2025052701017204,CREST,42,57,10.0,1801.0,18010.0,2025-05-27
2025052701017203,CREST,42,38,10.0,1801.0,18010.0,2025-05-27
2025052701017202,BHL,57,25,275.0,215.7,59317.5,2025-05-27
2025052701017201,BHL,26,25,10.0,215.7,2157.0,2025-05-27
2025052701017200,BHL,51,25,200.0,215.7,43140.0,2025-05-27
2025052701017199,BHL,43,25,200.0,215.7,43140.0,2025-05-27
2025052701017198,BHL,54,25,36.0,215.7,7765.2,2025-05-27
2025052705009103,HDL,33,41,11.0,1216.0,13376.0,2025-05-27
2025052701017197,MMKJL,42,65,90.0,594.0,53460.0,2025-05-27
2025052701017196,BGWT,57,58,10.0,925.0,9250.0,2025-05-27
2025052701017195,RBCLPO,40,7,20.0,11400.0,228000.0,2025-05-27
2025052703009683,MFIL,7,58,30.0,595.0,17850.0,2025-05-27
2025052704022102,SHPC,17,82,118.0,563.0,66434.0,2025-05-27
2025052701017194,HIDCLP,44,39,5664.0,202.0,1144128.0,2025-05-27
2025052701017193,HIDCLP,16,39,250.0,202.0,50500.0,2025-05-27
2025052701017192,HIDCLP,17,39,500.0,202.0,101000.0,2025-05-27
2025052701017191,HIDCLP,51,39,1268.0,202.0,256136.0,2025-05-27
2025052701017190,HIDCLP,42,39,1000.0,202.1,202100.0,2025-05-27
2025052701017189,HIDCLP,50,39,1000.0,202.1,202100.0,2025-05-27
2025052701017188,HIDCLP,32,39,318.0,202.1,64267.8,2025-05-27
2025052704022101,BPCL,95,39,90.0,534.0,48060.0,2025-05-27
2025052705009102,HRL,42,18,440.0,934.0,410960.0,2025-05-27
2025052703009682,NICLBSL,17,34,10.0,640.0,6400.0,2025-05-27
2025052701017187,SANIMA,50,19,200.0,321.0,64200.0,2025-05-27
2025052701017186,NABIL,58,29,10.0,496.9,4969.0,2025-05-27
2025052704022100,HDHPC,10,38,200.0,201.8,40360.0,2025-05-27
2025052701017185,NMIC,42,91,110.0,1902.0,209220.0,2025-05-27
2025052703009681,SAPDBL,44,61,50.0,898.1,44905.0,2025-05-27
2025052701017184,MKHC,6,8,20.0,406.8,8136.0,2025-05-27
2025052703009680,MLBL,6,4,345.0,390.0,134550.0,2025-05-27
2025052705009101,CIT,52,3,40.0,1919.2,76768.0,2025-05-27
2025052705009100,CIT,34,3,10.0,1919.4,19194.0,2025-05-27
2025052701017183,BHL,13,14,500.0,215.8,107900.0,2025-05-27
2025052704022099,BPCL,70,84,957.0,535.0,511995.0,2025-05-27
2025052704022098,BPCL,70,72,250.0,535.0,133750.0,2025-05-27
2025052704022097,BPCL,70,6,450.0,535.0,240750.0,2025-05-27
2025052704022096,BPCL,70,13,10.0,535.0,5350.0,2025-05-27
2025052704022095,BPCL,70,22,40.0,535.0,21400.0,2025-05-27
2025052704022094,BPCL,70,34,500.0,535.0,267500.0,2025-05-27
2025052704022093,BPCL,70,25,192.0,535.0,102720.0,2025-05-27
2025052704022092,BPCL,70,52,30.0,535.0,16050.0,2025-05-27
2025052704022091,BPCL,70,6,500.0,535.0,267500.0,2025-05-27
2025052704022090,BPCL,70,58,15.0,535.0,8025.0,2025-05-27
2025052704022089,BPCL,70,13,50.0,535.0,26750.0,2025-05-27
2025052704022088,BPCL,70,41,39.0,535.0,20865.0,2025-05-27
2025052704022087,BPCL,70,42,50.0,535.0,26750.0,2025-05-27
2025052704022086,BPCL,70,19,15.0,535.0,8025.0,2025-05-27
2025052704022085,BPCL,70,57,520.0,535.0,278200.0,2025-05-27
2025052704022084,BPCL,70,34,500.0,535.0,267500.0,2025-05-27
2025052704022083,BPCL,70,41,100.0,535.0,53500.0,2025-05-27
2025052704022082,BPCL,70,42,50.0,535.0,26750.0,2025-05-27
2025052704022081,BPCL,70,57,150.0,535.0,80250.0,2025-05-27
2025052704022080,BPCL,70,45,23.0,535.0,12305.0,2025-05-27
2025052704022079,BPCL,70,41,50.0,535.0,26750.0,2025-05-27
2025052704022078,BPCL,70,17,10.0,535.0,5350.0,2025-05-27
2025052704022077,BPCL,70,42,449.0,535.0,240215.0,2025-05-27
2025052704022076,BPCL,70,43,50.0,534.9,26745.0,2025-05-27
2025052704022075,NGPL,35,34,80.0,388.0,31040.0,2025-05-27
2025052705009099,NRIC,45,54,83.0,1270.0,105410.0,2025-05-27
2025052705009098,NRIC,45,22,10.0,1270.0,12700.0,2025-05-27
2025052705009097,NRIC,45,66,57.0,1270.0,72390.0,2025-05-27
2025052705009096,NRIC,45,53,50.0,1269.0,63450.0,2025-05-27
2025052705009095,NRIC,45,58,100.0,1267.0,126700.0,2025-05-27
2025052701017182,CKHL,57,32,10.0,650.0,6500.0,2025-05-27
2025052704022074,HEI,21,44,20.0,571.0,11420.0,2025-05-27
2025052705009094,VLUCL,57,52,50.0,605.3,30265.0,2025-05-27
2025052704022073,NGPL,51,22,30.0,387.5,11625.0,2025-05-27
2025052705009093,HIDCL,25,42,500.0,295.4,147700.0,2025-05-27
2025052701017181,BHL,54,6,50.0,215.7,10785.0,2025-05-27
2025052701017180,MKHC,13,8,200.0,406.8,81360.0,2025-05-27
2025052704022072,NGPL,70,34,280.0,388.0,108640.0,2025-05-27
2025052704022071,NGPL,70,88,500.0,388.0,194000.0,2025-05-27
2025052704022070,NGPL,70,38,20.0,388.0,7760.0,2025-05-27
2025052704022069,NGPL,70,13,100.0,388.0,38800.0,2025-05-27
2025052704022068,NGPL,70,42,100.0,388.0,38800.0,2025-05-27
2025052703009679,SHINE,58,62,29.0,412.1,11950.9,2025-05-27
2025052701017179,CREST,8,45,10.0,1800.5,18005.0,2025-05-27
2025052703009678,LBBL,57,34,1000.0,450.0,450000.0,2025-05-27
2025052704022067,RADHI,45,89,100.0,793.0,79300.0,2025-05-27
2025052704022066,SHPC,94,43,700.0,562.7,393890.0,2025-05-27
2025052704022065,SHPC,25,43,750.0,562.7,422025.0,2025-05-27
2025052704022064,SHPC,94,43,1000.0,562.8,562800.0,2025-05-27
2025052704022063,SHPC,97,43,550.0,562.9,309595.0,2025-05-27
2025052701017178,PRVU,42,41,70.0,214.2,14994.0,2025-05-27
2025052703009677,SFCL,47,49,10.0,483.5,4835.0,2025-05-27
2025052703009676,SFCL,42,49,20.0,485.5,9710.0,2025-05-27
2025052701017177,CZBIL,36,55,27.0,216.1,5834.7,2025-05-27
2025052701017176,CZBIL,36,56,586.0,216.1,126634.6,2025-05-27
2025052704022062,HPPL,60,91,1414.0,486.7,688193.8,2025-05-27
2025052701017175,BHPL,44,25,20.0,859.5,17190.0,2025-05-27
2025052701017174,BHPL,58,25,70.0,861.0,60270.0,2025-05-27
2025052701017173,SCB,48,1,44.0,627.0,27588.0,2025-05-27
2025052703009675,LBBL,34,94,1624.0,449.0,729176.0,2025-05-27
2025052703009674,MLBBL,58,60,90.0,1490.0,134100.0,2025-05-27
2025052703009673,MLBBL,33,60,100.0,1490.0,149000.0,2025-05-27
2025052703009672,MLBBL,43,60,50.0,1490.1,74505.0,2025-05-27
2025052703009671,MLBBL,45,60,10.0,1491.0,14910.0,2025-05-27
2025052703009670,SIFC,26,26,10.0,496.0,4960.0,2025-05-27
2025052701017172,HIDCLP,32,32,75.0,202.1,15157.5,2025-05-27
2025052704022061,SHPC,32,82,300.0,563.0,168900.0,2025-05-27
2025052704022060,HPPL,52,35,50.0,487.0,24350.0,2025-05-27
2025052704022059,UPCL,86,60,68.0,458.0,31144.0,2025-05-27
2025052704022058,UPCL,86,45,200.0,458.0,91600.0,2025-05-27
2025052704022057,UPCL,86,58,32.0,458.0,14656.0,2025-05-27
2025052704022056,UPCL,86,25,200.0,457.0,91400.0,2025-05-27
2025052705009092,NRIC,51,19,70.0,1267.0,88690.0,2025-05-27
2025052704022055,GLH,48,68,270.0,252.4,68148.0,2025-05-27
2025052704022054,GLH,41,68,10.0,252.5,2525.0,2025-05-27
2025052704022053,GLH,32,68,60.0,253.0,15180.0,2025-05-27
2025052701017171,TPC,68,34,200.0,344.7,68940.0,2025-05-27
2025052704022052,RIDI,13,3,149.0,253.0,37697.0,2025-05-27
2025052704022051,API,7,45,89.0,291.0,25899.0,2025-05-27
2025052704022050,API,58,45,400.0,291.0,116400.0,2025-05-27
2025052704022049,API,58,45,60.0,291.0,17460.0,2025-05-27
2025052704022048,API,58,45,213.0,291.0,61983.0,2025-05-27
2025052704022047,BPCL,26,42,351.0,535.0,187785.0,2025-05-27
2025052704022046,BPCL,26,58,53.0,535.0,28355.0,2025-05-27
2025052704022045,BPCL,26,42,96.0,535.0,51360.0,2025-05-27
2025052703009669,MSLB,62,32,24.0,1254.0,30096.0,2025-05-27
2025052705009091,SONA,5,41,450.0,456.1,205245.0,2025-05-27
2025052705009090,SONA,25,41,50.0,456.2,22810.0,2025-05-27
2025052701017170,CREST,8,49,10.0,1800.5,18005.0,2025-05-27
2025052701017169,NMIC,42,38,10.0,1902.0,19020.0,2025-05-27
2025052705009089,RNLI,42,44,20.0,508.0,10160.0,2025-05-27
2025052703009668,SINDU,42,72,34.0,870.0,29580.0,2025-05-27
2025052704022044,UPCL,4,91,687.0,455.6,312997.2,2025-05-27
2025052704022043,UPCL,64,91,500.0,455.7,227850.0,2025-05-27
2025052704022042,UPCL,5,91,200.0,456.0,91200.0,2025-05-27
2025052704022041,UPCL,69,91,513.0,456.0,233928.0,2025-05-27
2025052703009667,NLIC,19,22,21.0,758.0,15918.0,2025-05-27
2025052705009088,HRL,42,64,200.0,934.0,186800.0,2025-05-27
2025052705009087,RNLI,52,34,11.0,507.3,5580.3,2025-05-27
2025052701017168,MKJC,59,48,70.0,490.0,34300.0,2025-05-27
2025052701017167,MKJC,21,48,30.0,490.0,14700.0,2025-05-27
2025052701017166,MKJC,98,48,300.0,490.0,147000.0,2025-05-27
2025052701017165,MKJC,6,48,100.0,490.1,49010.0,2025-05-27
2025052704022040,MEN,38,13,37.0,583.1,21574.7,2025-05-27
2025052705009086,HRL,42,35,10.0,934.0,9340.0,2025-05-27
2025052703009666,RSDC,34,57,128.0,677.0,86656.0,2025-05-27
2025052703009665,RSDC,8,57,22.0,677.0,14894.0,2025-05-27
2025052703009664,RSDC,17,57,500.0,677.0,338500.0,2025-05-27
2025052703009663,RSDC,85,57,50.0,677.1,33855.0,2025-05-27
2025052701017164,NICA,62,47,147.0,361.0,53067.0,2025-05-27
2025052701017163,RFPL,4,39,30.0,471.0,14130.0,2025-05-27
2025052701017162,MANDU,56,49,10.0,865.0,8650.0,2025-05-27
2025052705009085,NRIC,6,35,90.0,1266.0,113940.0,2025-05-27
2025052705009084,SEF,52,32,100.0,9.83,983.0,2025-05-27
2025052704022039,BARUN,11,39,150.0,511.0,76650.0,2025-05-27
2025052704022038,NGPL,51,44,500.0,387.5,193750.0,2025-05-27
2025052704022037,BPCL,95,38,200.0,534.0,106800.0,2025-05-27
2025052705009083,HRL,42,38,10.0,934.0,9340.0,2025-05-27
2025052705009082,HIDCL,91,14,875.0,295.5,258562.5,2025-05-27
2025052705009081,HIDCL,91,14,125.0,295.5,36937.5,2025-05-27
2025052704022036,PMHPL,42,16,20.0,286.1,5722.0,2025-05-27
2025052701017161,RFPL,4,70,40.0,471.0,18840.0,2025-05-27
2025052701017160,RFPL,69,70,60.0,473.0,28380.0,2025-05-27
2025052704022035,GLH,62,91,10.0,253.8,2538.0,2025-05-27
2025052704022034,GLH,62,22,50.0,253.6,12680.0,2025-05-27
2025052704022033,NHPC,40,58,220.0,216.3,47586.0,2025-05-27
2025052704022032,NHPC,58,58,50.0,216.3,10815.0,2025-05-27
2025052701017159,CREST,8,58,10.0,1800.5,18005.0,2025-05-27
2025052704022031,AKPL,42,39,309.0,241.0,74469.0,2025-05-27
2025052704022030,AKPL,42,57,191.0,241.0,46031.0,2025-05-27
2025052703009662,SINDU,35,21,23.0,868.0,19964.0,2025-05-27
2025052705009080,MEL,54,16,10.0,300.5,3005.0,2025-05-27
2025052701017158,NMIC,42,54,10.0,1902.0,19020.0,2025-05-27
2025052703009661,MFIL,44,1,50.0,594.3,29715.0,2025-05-27
2025052704022029,UPCL,69,26,200.0,456.0,91200.0,2025-05-27
2025052704022028,SPIL,57,5,22.0,829.5,18249.0,2025-05-27
2025052704022027,GLH,32,48,40.0,253.0,10120.0,2025-05-27
2025052701017157,TSHL,58,41,10.0,700.2,7002.0,2025-05-27
2025052701017156,NMIC,42,42,10.0,1902.0,19020.0,2025-05-27
2025052705009079,HDL,33,34,106.0,1216.0,128896.0,2025-05-27
2025052705009078,HDL,33,34,44.0,1216.0,53504.0,2025-05-27
