transaction,symbol,buyer,seller,quantity,rate,amount,date
2025070904021460,HURJA,75,49,175.0,250.3,43802.5,2025-07-09
2025070904021459,HURJA,68,49,185.0,250.4,46324.0,2025-07-09
2025070904021458,HURJA,55,49,250.0,250.4,62600.0,2025-07-09
2025070904021457,HURJA,42,49,20.0,250.5,5010.0,2025-07-09
2025070904021456,HURJA,42,49,320.0,250.6,80192.0,2025-07-09
2025070904021455,HURJA,43,49,50.0,250.9,12545.0,2025-07-09
2025070901019616,CREST,48,57,50.0,1402.0,70100.0,2025-07-09
2025070903009640,FMDBL,41,34,100.0,755.0,75500.0,2025-07-09
2025070904021454,RADHI,41,41,245.0,790.0,193550.0,2025-07-09
2025070904021453,RADHI,41,75,400.0,790.0,316000.0,2025-07-09
2025070904021452,RADHI,41,34,55.0,790.0,43450.0,2025-07-09
2025070905012168,NRN,86,82,100.0,2320.0,232000.0,2025-07-09
2025070905012167,NRN,86,26,100.0,2319.9,231990.0,2025-07-09
2025070904021451,PMHPL,65,87,10.0,403.3,4033.0,2025-07-09
2025070904021450,SPDL,87,65,280.0,408.0,114240.0,2025-07-09
2025070905012166,STC,43,13,20.0,5243.0,104860.0,2025-07-09
2025070905012165,STC,57,13,25.0,5243.7,131092.5,2025-07-09
2025070905012164,STC,37,13,10.0,5246.0,52460.0,2025-07-09
2025070905012163,STC,43,13,50.0,5247.0,262350.0,2025-07-09
2025070905012162,STC,44,13,14.0,5250.0,73500.0,2025-07-09
2025070904021449,CHCL,93,6,10.0,526.0,5260.0,2025-07-09
2025070905012161,CHDC,94,45,10.0,2720.0,27200.0,2025-07-09
2025070905012160,CHDC,94,91,10.0,2720.0,27200.0,2025-07-09
2025070904021448,SHEL,36,6,100.0,289.0,28900.0,2025-07-09
2025070904021447,SHEL,36,13,400.0,289.0,115600.0,2025-07-09
2025070903009639,GRDBL,63,35,10.0,1360.0,13600.0,2025-07-09
2025070904021446,UNHPL,14,62,151.0,420.1,63435.1,2025-07-09
2025070904021445,UNHPL,63,62,280.0,420.2,117656.0,2025-07-09
2025070904021444,UNHPL,47,62,50.0,420.2,21010.0,2025-07-09
2025070904021443,UNHPL,33,62,19.0,420.3,7985.7,2025-07-09
2025070904021442,UMHL,62,58,20.0,568.4,11368.0,2025-07-09
2025070901019615,GBIME,56,6,10.0,243.0,2430.0,2025-07-09
2025070904021441,RADHI,81,6,75.0,788.5,59137.5,2025-07-09
2025070904021440,RADHI,6,6,25.0,789.0,19725.0,2025-07-09
2025070904021439,BARUN,34,34,25.0,453.2,11330.0,2025-07-09
2025070904021438,BARUN,34,54,75.0,453.0,33975.0,2025-07-09
2025070903009638,NFS,53,34,128.0,728.0,93184.0,2025-07-09
2025070903009637,NFS,88,34,60.0,728.0,43680.0,2025-07-09
2025070903009636,NFS,53,34,47.0,728.0,34216.0,2025-07-09
2025070903009635,NFS,22,34,75.0,729.0,54675.0,2025-07-09
2025070903009634,NFS,50,34,500.0,729.0,364500.0,2025-07-09
2025070903009633,NFS,58,34,490.0,729.0,357210.0,2025-07-09
2025070901019614,H8020,4,46,100.0,11.37,1137.0,2025-07-09
2025070901019613,MCHL,36,7,200.0,531.0,106200.0,2025-07-09
2025070901019612,MHL,38,32,200.0,572.0,114400.0,2025-07-09
2025070904021437,UMHL,62,70,500.0,568.0,284000.0,2025-07-09
2025070903009632,MERO,42,57,50.0,810.9,40545.0,2025-07-09
2025070903009631,MERO,42,63,100.0,810.0,81000.0,2025-07-09
2025070903009630,MERO,42,25,25.0,810.0,20250.0,2025-07-09
2025070903009629,MERO,42,49,25.0,808.9,20222.5,2025-07-09
2025070901019611,KBSH,14,48,10.0,1930.0,19300.0,2025-07-09
2025070901019610,KBSH,14,48,10.0,1930.0,19300.0,2025-07-09
2025070905012159,ENL,55,16,50.0,1058.0,52900.0,2025-07-09
2025070901019609,OMPL,58,75,10.0,1355.0,13550.0,2025-07-09
2025070901019608,OMPL,58,14,10.0,1355.0,13550.0,2025-07-09
2025070901019607,EHPL,42,60,234.0,562.0,131508.0,2025-07-09
2025070901019606,SANIMA,22,43,83.0,343.0,28469.0,2025-07-09
2025070901019605,SANIMA,22,28,217.0,342.5,74322.5,2025-07-09
2025070904021436,SSHL,98,46,100.0,252.0,25200.0,2025-07-09
2025070901019604,NYADI,49,50,100.0,490.0,49000.0,2025-07-09
2025070903009628,SAPDBL,14,33,35.0,1060.0,37100.0,2025-07-09
2025070903009627,SAPDBL,58,33,15.0,1060.0,15900.0,2025-07-09
2025070901019603,SBL,50,37,10.0,344.3,3443.0,2025-07-09
2025070901019602,NIMB,88,50,350.0,215.9,75565.0,2025-07-09
2025070904021435,KPCL,26,57,63.0,544.0,34272.0,2025-07-09
2025070904021434,KPCL,26,85,200.0,543.0,108600.0,2025-07-09
2025070901019601,NIMB,52,50,500.0,216.0,108000.0,2025-07-09
2025070904021433,KPCL,26,38,14.0,543.0,7602.0,2025-07-09
2025070903009626,NMFBS,67,43,500.0,1268.0,634000.0,2025-07-09
2025070903009625,SLBSL,29,45,60.0,1553.4,93204.0,2025-07-09
2025070903009624,SLBSL,29,45,10.0,1553.4,15534.0,2025-07-09
2025070903009623,SLBSL,29,49,10.0,1546.0,15460.0,2025-07-09
2025070903009622,SLBSL,29,25,75.0,1545.0,115875.0,2025-07-09
2025070903009621,SLBSL,29,38,50.0,1545.0,77250.0,2025-07-09
2025070903009620,SLBSL,29,88,100.0,1545.0,154500.0,2025-07-09
2025070903009619,SLBSL,29,45,200.0,1545.0,309000.0,2025-07-09
2025070903009618,SLBSL,29,42,50.0,1544.0,77200.0,2025-07-09
2025070903009617,ALICL,36,80,34.0,500.0,17000.0,2025-07-09
2025070901019600,NICA,62,36,500.0,362.0,181000.0,2025-07-09
2025070905012158,HRL,35,95,195.0,927.0,180765.0,2025-07-09
2025070901019599,KBL,32,35,30.0,212.7,6381.0,2025-07-09
2025070901019598,RFPL,25,34,100.0,610.0,61000.0,2025-07-09
2025070904021432,BARUN,48,13,500.0,452.0,226000.0,2025-07-09
2025070904021431,RHPL,94,41,10.0,348.0,3480.0,2025-07-09
2025070904021430,RHPL,94,3,10.0,348.0,3480.0,2025-07-09
2025070904021429,RHPL,94,58,40.0,348.0,13920.0,2025-07-09
2025070904021428,RHPL,94,34,200.0,348.0,69600.0,2025-07-09
2025070904021427,RHPL,94,16,400.0,347.7,139080.0,2025-07-09
2025070904021426,RHPL,94,16,120.0,347.6,41712.0,2025-07-09
2025070901019597,NICA,62,56,28.0,363.9,10189.2,2025-07-09
2025070901019596,NICA,62,45,108.0,363.9,39301.2,2025-07-09
2025070905012157,NIBSF2,51,7,500.0,8.69,4345.0,2025-07-09
2025070903009616,NADEP,34,8,14.0,863.0,12082.0,2025-07-09
2025070901019595,GVL,21,58,20.0,465.1,9302.0,2025-07-09
2025070904021425,SPDL,21,65,200.0,408.0,81600.0,2025-07-09
2025070905012156,NRIC,65,45,1000.0,1312.1,1312100.0,2025-07-09
2025070904021424,BARUN,45,5,50.0,453.0,22650.0,2025-07-09
2025070904021423,BARUN,45,42,1000.0,453.0,453000.0,2025-07-09
2025070904021422,BARUN,45,33,135.0,453.0,61155.0,2025-07-09
2025070904021421,BARUN,45,58,315.0,452.9,142663.5,2025-07-09
2025070904021420,NGPL,56,4,10.0,388.0,3880.0,2025-07-09
2025070905012155,HRL,4,95,220.0,927.0,203940.0,2025-07-09
2025070901019594,BGWT,38,63,100.0,1029.9,102990.0,2025-07-09
2025070904021419,CHL,34,57,100.0,332.0,33200.0,2025-07-09
2025070901019593,NICA,62,10,100.0,362.0,36200.0,2025-07-09
2025070903009615,NABBC,28,21,10.0,1672.0,16720.0,2025-07-09
2025070903009614,NABBC,28,8,20.0,1668.8,33376.0,2025-07-09
2025070903009613,NABBC,28,8,20.0,1668.7,33374.0,2025-07-09
2025070903009612,NABBC,28,28,50.0,1668.6,83430.0,2025-07-09
2025070901019592,BEDC,62,81,35.0,685.1,23978.5,2025-07-09
2025070901019591,BEDC,52,81,145.0,686.0,99470.0,2025-07-09
2025070901019590,BEDC,51,81,145.0,686.0,99470.0,2025-07-09
2025070901019589,MKHC,47,91,460.0,416.1,191406.0,2025-07-09
2025070901019588,MKHC,52,91,500.0,416.3,208150.0,2025-07-09
2025070901019587,MKHC,1,91,40.0,416.4,16656.0,2025-07-09
2025070905012154,HIDCL,58,13,390.0,294.7,114933.0,2025-07-09
2025070904021418,UPCL,25,57,67.0,409.0,27403.0,2025-07-09
2025070904021417,UPCL,25,14,100.0,409.0,40900.0,2025-07-09
2025070904021416,UPCL,25,36,389.0,409.0,159101.0,2025-07-09
2025070904021415,UPCL,25,29,20.0,408.8,8176.0,2025-07-09
2025070904021414,UPCL,25,38,24.0,408.0,9792.0,2025-07-09
2025070904021413,UMHL,62,16,200.0,568.0,113600.0,2025-07-09
2025070904021412,UMHL,62,44,182.0,568.0,103376.0,2025-07-09
2025070904021411,RADHI,6,91,75.0,789.0,59175.0,2025-07-09
2025070905012153,SMJC,19,58,10.0,530.0,5300.0,2025-07-09
2025070904021410,UPPER,55,66,50.0,195.8,9790.0,2025-07-09
2025070901019586,NMB,45,4,43.0,252.0,10836.0,2025-07-09
2025070904021409,UPCL,54,38,200.0,408.0,81600.0,2025-07-09
2025070904021408,UPCL,92,38,10.0,408.0,4080.0,2025-07-09
2025070904021407,UPCL,67,38,100.0,408.0,40800.0,2025-07-09
2025070904021406,UPCL,52,38,100.0,408.0,40800.0,2025-07-09
2025070904021405,UPCL,7,38,100.0,408.0,40800.0,2025-07-09
2025070904021404,UPCL,36,38,50.0,408.0,20400.0,2025-07-09
2025070904021403,UPCL,48,38,490.0,408.0,199920.0,2025-07-09
2025070904021402,UPCL,67,38,100.0,408.0,40800.0,2025-07-09
2025070904021401,UPCL,36,38,10.0,408.0,4080.0,2025-07-09
2025070904021400,UPCL,56,38,113.0,408.0,46104.0,2025-07-09
2025070904021399,UPCL,57,38,80.0,408.0,32640.0,2025-07-09
2025070904021398,UPCL,38,38,100.0,408.0,40800.0,2025-07-09
2025070904021397,UPCL,47,38,50.0,408.0,20400.0,2025-07-09
2025070904021396,UPCL,52,38,100.0,408.0,40800.0,2025-07-09
2025070904021395,UPCL,57,38,100.0,408.0,40800.0,2025-07-09
2025070904021394,UPCL,38,38,500.0,408.0,204000.0,2025-07-09
2025070904021393,UPCL,57,38,100.0,408.0,40800.0,2025-07-09
2025070904021392,UPCL,25,38,252.0,408.0,102816.0,2025-07-09
2025070904021391,UPCL,75,38,500.0,408.0,204000.0,2025-07-09
2025070904021390,UPCL,66,38,50.0,408.0,20400.0,2025-07-09
2025070904021389,UPCL,26,38,250.0,408.0,102000.0,2025-07-09
2025070904021388,UPCL,14,38,100.0,408.0,40800.0,2025-07-09
2025070904021387,UPCL,40,38,200.0,408.1,81620.0,2025-07-09
2025070904021386,UPCL,25,38,100.0,408.2,40820.0,2025-07-09
2025070904021385,UPCL,7,38,20.0,408.2,8164.0,2025-07-09
2025070904021384,UPCL,28,38,201.0,408.5,82108.5,2025-07-09
2025070903009611,SWBBL,22,29,100.0,825.0,82500.0,2025-07-09
2025070903009610,SWBBL,22,38,100.0,824.0,82400.0,2025-07-09
2025070901019585,GMLI,55,52,10.0,2326.0,23260.0,2025-07-09
2025070905012152,HDL,43,18,100.0,1223.0,122300.0,2025-07-09
2025070905012151,SHIVM,36,38,150.0,516.0,77400.0,2025-07-09
2025070905012150,SHIVM,36,44,150.0,515.6,77340.0,2025-07-09
2025070904021383,SSHL,49,49,20.0,251.2,5024.0,2025-07-09
2025070904021382,SSHL,49,43,79.0,251.1,19836.9,2025-07-09
2025070903009609,SINDU,72,26,22.0,917.0,20174.0,2025-07-09
2025070903009608,SINDU,11,26,55.0,917.0,50435.0,2025-07-09
2025070903009607,SINDU,91,26,70.0,917.1,64197.0,2025-07-09
2025070903009606,SINDU,57,26,10.0,917.1,9171.0,2025-07-09
2025070903009605,SINDU,58,26,84.0,917.1,77036.4,2025-07-09
2025070903009604,SINDU,7,26,259.0,917.2,237554.8,2025-07-09
2025070901019584,SMHL,56,67,200.0,971.1,194220.0,2025-07-09
2025070905012149,HRL,35,95,30.0,927.0,27810.0,2025-07-09
2025070904021381,RADHI,81,58,220.0,788.5,173470.0,2025-07-09
2025070901019583,SANIMA,42,58,10.0,342.0,3420.0,2025-07-09
2025070901019582,NICA,62,14,100.0,362.0,36200.0,2025-07-09
2025070904021380,BARUN,48,39,45.0,452.0,20340.0,2025-07-09
2025070903009603,NFS,58,32,10.0,729.0,7290.0,2025-07-09
2025070901019581,KBL,32,52,200.0,212.7,42540.0,2025-07-09
2025070901019580,KBL,32,25,500.0,212.6,106300.0,2025-07-09
2025070901019579,KBL,32,32,25.0,212.6,5315.0,2025-07-09
2025070904021379,AKJCL,69,1,300.0,207.9,62370.0,2025-07-09
2025070904021378,API,32,69,350.0,294.0,102900.0,2025-07-09
2025070904021377,API,13,69,10.0,294.2,2942.0,2025-07-09
2025070904021376,NHPC,39,25,200.0,212.2,42440.0,2025-07-09
2025070904021375,AKPL,42,46,365.0,256.1,93476.5,2025-07-09
2025070904021374,AKPL,26,46,135.0,257.0,34695.0,2025-07-09
2025070904021373,CHCL,42,6,30.0,526.0,15780.0,2025-07-09
2025070904021372,HPPL,6,95,34.0,509.0,17306.0,2025-07-09
2025070904021371,JOSHI,55,45,100.0,326.2,32620.0,2025-07-09
2025070904021370,JOSHI,32,45,100.0,326.2,32620.0,2025-07-09
2025070904021369,JOSHI,89,45,50.0,326.7,16335.0,2025-07-09
2025070903009602,NMLBBL,57,42,35.0,672.1,23523.5,2025-07-09
2025070901019578,BHL,52,42,350.0,211.5,74025.0,2025-07-09
2025070901019577,BHL,7,42,50.0,211.6,10580.0,2025-07-09
2025070901019576,BHL,46,42,100.0,211.7,21170.0,2025-07-09
2025070901019575,BHL,42,42,500.0,211.7,105850.0,2025-07-09
2025070901019574,ULHC,42,42,10.0,488.0,4880.0,2025-07-09
2025070901019573,ULHC,42,42,10.0,488.0,4880.0,2025-07-09
2025070901019572,SARBTM,42,11,20.0,872.0,17440.0,2025-07-09
2025070905012148,VLUCL,57,44,390.0,596.0,232440.0,2025-07-09
2025070905012147,VLUCL,22,44,15.0,596.0,8940.0,2025-07-09
2025070905012146,NTC,28,68,20.0,847.1,16942.0,2025-07-09
2025070905012145,SONA,33,48,10.0,456.0,4560.0,2025-07-09
2025070905012144,SONA,33,26,10.0,456.0,4560.0,2025-07-09
2025070901019571,ULHC,58,33,10.0,483.0,4830.0,2025-07-09
2025070903009601,MERO,59,50,100.0,808.4,80840.0,2025-07-09
2025070904021368,PRIN,58,56,10.0,930.0,9300.0,2025-07-09
2025070905012143,ILI,87,55,88.0,451.8,39758.4,2025-07-09
2025070905012142,SMATA,54,22,13.0,841.0,10933.0,2025-07-09
2025070905012141,SMATA,54,51,87.0,841.0,73167.0,2025-07-09
2025070903009600,HLI,7,32,20.0,405.0,8100.0,2025-07-09
2025070904021367,SHPC,44,29,10.0,598.1,5981.0,2025-07-09
2025070904021366,JOSHI,6,42,35.0,327.0,11445.0,2025-07-09
2025070904021365,BARUN,48,66,105.0,452.0,47460.0,2025-07-09
2025070901019570,MBL,85,48,404.0,233.0,94132.0,2025-07-09
2025070901019569,MBL,85,45,500.0,233.0,116500.0,2025-07-09
2025070901019568,MBL,85,1,475.0,233.0,110675.0,2025-07-09
2025070901019567,GBIME,56,38,100.0,243.0,24300.0,2025-07-09
2025070901019566,GBIME,56,26,452.0,243.0,109836.0,2025-07-09
2025070901019565,GBIME,56,45,500.0,243.0,121500.0,2025-07-09
2025070901019564,GBIME,56,35,58.0,243.0,14094.0,2025-07-09
2025070904021364,BPCL,64,38,270.0,834.1,225207.0,2025-07-09
2025070904021363,BPCL,55,38,30.0,835.0,25050.0,2025-07-09
2025070901019563,SANIMA,42,8,105.0,342.0,35910.0,2025-07-09
2025070901019562,SANIMA,42,42,463.0,342.0,158346.0,2025-07-09
2025070901019561,CREST,45,44,10.0,1400.0,14000.0,2025-07-09
2025070904021362,RADHI,43,91,200.0,789.0,157800.0,2025-07-09
2025070901019560,MANDU,43,11,30.0,879.9,26397.0,2025-07-09
2025070901019559,MANDU,43,54,80.0,879.8,70384.0,2025-07-09
2025070901019558,MANDU,43,35,10.0,879.6,8796.0,2025-07-09
2025070901019557,MANDU,43,59,10.0,876.0,8760.0,2025-07-09
2025070901019556,MANDU,43,22,10.0,875.0,8750.0,2025-07-09
2025070901019555,MANDU,43,26,110.0,875.0,96250.0,2025-07-09
2025070901019554,MANDU,43,59,20.0,874.5,17490.0,2025-07-09
2025070901019553,MANDU,43,89,30.0,874.0,26220.0,2025-07-09
2025070901019552,KBL,42,49,29.0,212.5,6162.5,2025-07-09
2025070904021361,LEC,49,13,235.0,216.5,50877.5,2025-07-09
2025070904021360,LEC,49,84,20.0,216.0,4320.0,2025-07-09
2025070904021359,LEC,49,42,45.0,216.0,9720.0,2025-07-09
2025070901019551,NBL,39,49,200.0,265.0,53000.0,2025-07-09
2025070904021358,CGH,49,49,50.0,958.0,47900.0,2025-07-09
2025070903009599,PMLI,50,67,400.0,527.1,210840.0,2025-07-09
2025070904021357,AKPL,26,26,16.0,257.0,4112.0,2025-07-09
2025070904021356,AKPL,26,42,50.0,257.0,12850.0,2025-07-09
2025070904021355,AKPL,26,29,24.0,257.0,6168.0,2025-07-09
2025070904021354,AKPL,26,41,100.0,257.0,25700.0,2025-07-09
2025070904021353,AKPL,26,13,1000.0,257.0,257000.0,2025-07-09
2025070904021352,AKPL,26,85,175.0,256.2,44835.0,2025-07-09
2025070903009598,GBLBS,58,41,50.0,815.1,40755.0,2025-07-09
2025070904021351,NHPC,58,64,123.0,212.3,26112.9,2025-07-09
2025070901019550,NBL,39,14,300.0,265.0,79500.0,2025-07-09
2025070904021350,BPCL,29,50,200.0,835.9,167180.0,2025-07-09
2025070901019549,DORDI,39,6,72.0,315.5,22716.0,2025-07-09
2025070903009597,MDB,65,55,237.0,594.0,140778.0,2025-07-09
2025070903009596,MDB,65,49,300.0,594.0,178200.0,2025-07-09
2025070903009595,MDB,65,1,200.0,593.9,118780.0,2025-07-09
2025070903009594,RSDC,34,22,50.0,666.0,33300.0,2025-07-09
2025070901019548,ADBL,45,57,302.0,306.0,92412.0,2025-07-09
2025070903009593,CORBL,11,38,200.0,2480.0,496000.0,2025-07-09
2025070901019547,TPC,38,55,100.0,404.0,40400.0,2025-07-09
2025070905012140,CLI,57,29,12.0,473.0,5676.0,2025-07-09
2025070901019546,SANIMA,42,42,287.0,342.0,98154.0,2025-07-09
2025070901019545,MKCL,55,57,10.0,1498.0,14980.0,2025-07-09
2025070901019544,MKJC,34,5,10.0,528.0,5280.0,2025-07-09
2025070901019543,MKJC,41,5,50.0,529.0,26450.0,2025-07-09
2025070903009592,JBBL,22,22,573.0,330.6,189433.8,2025-07-09
2025070903009591,JBBL,19,22,20.0,330.7,6614.0,2025-07-09
2025070903009590,JBBL,36,22,20.0,331.0,6620.0,2025-07-09
2025070903009589,JBBL,34,22,50.0,331.5,16575.0,2025-07-09
2025070904021349,CHCL,42,8,70.0,526.0,36820.0,2025-07-09
2025070904021348,CHCL,29,8,30.0,526.0,15780.0,2025-07-09
2025070905012139,CLI,49,48,13.0,472.6,6143.8,2025-07-09
2025070905012138,RNLI,33,1,14.0,475.0,6650.0,2025-07-09
2025070905012137,RNLI,33,37,253.0,474.9,120149.7,2025-07-09
2025070905012136,RNLI,33,38,11.0,474.0,5214.0,2025-07-09
2025070905012135,RNLI,33,8,11.0,474.0,5214.0,2025-07-09
2025070905012134,RNLI,33,29,11.0,473.0,5203.0,2025-07-09
2025070901019542,GVL,28,49,50.0,465.0,23250.0,2025-07-09
2025070904021347,SSHL,97,43,21.0,251.1,5273.1,2025-07-09
2025070904021346,SSHL,97,1,79.0,251.1,19836.9,2025-07-09
2025070901019541,MBL,44,58,300.0,232.6,69780.0,2025-07-09
2025070901019540,RFPL,78,17,100.0,609.9,60990.0,2025-07-09
2025070903009588,SLBBL,40,25,15.0,908.0,13620.0,2025-07-09
2025070901019539,GBIME,21,35,22.0,243.0,5346.0,2025-07-09
2025070901019538,GBIME,21,51,978.0,243.0,237654.0,2025-07-09
2025070904021345,PPCL,29,57,10.0,377.5,3775.0,2025-07-09
2025070903009587,MLBL,71,71,492.0,384.2,189026.4,2025-07-09
2025070903009586,MLBL,44,71,300.0,384.2,115260.0,2025-07-09
2025070903009585,MLBL,58,71,18.0,384.5,6921.0,2025-07-09
2025070903009584,MLBL,74,71,76.0,384.7,29237.2,2025-07-09
2025070903009583,MLBL,45,71,25.0,385.1,9627.5,2025-07-09
2025070903009582,MLBL,71,71,89.0,385.1,34273.9,2025-07-09
2025070901019537,PRVU,47,59,434.0,212.6,92268.4,2025-07-09
2025070901019536,PRVU,47,59,200.0,212.6,42520.0,2025-07-09
2025070901019535,PRVU,47,13,100.0,212.5,21250.0,2025-07-09
2025070901019534,PRVU,47,21,900.0,212.5,191250.0,2025-07-09
2025070901019533,PRVU,47,34,260.0,212.1,55146.0,2025-07-09
2025070901019532,PRVU,47,41,106.0,212.0,22472.0,2025-07-09
2025070904021344,SPDL,42,65,20.0,408.0,8160.0,2025-07-09
2025070905012133,NRM,45,49,40.0,460.5,18420.0,2025-07-09
2025070905012132,NRM,45,19,60.0,460.4,27624.0,2025-07-09
2025070904021343,KKHC,45,41,25.0,436.5,10912.5,2025-07-09
2025070903009581,LBBL,45,45,10.0,437.4,4374.0,2025-07-09
2025070903009580,LBBL,45,62,18.0,435.0,7830.0,2025-07-09
2025070903009579,LBBL,45,34,12.0,435.0,5220.0,2025-07-09
2025070903009578,LBBL,45,62,100.0,435.0,43500.0,2025-07-09
2025070903009577,LBBL,45,41,10.0,432.0,4320.0,2025-07-09
2025070905012131,GCIL,95,14,285.0,508.1,144808.5,2025-07-09
2025070904021342,BARUN,48,101,1000.0,452.0,452000.0,2025-07-09
2025070905012130,MBJC,14,58,70.0,312.0,21840.0,2025-07-09
2025070904021341,AKPL,41,85,125.0,256.2,32025.0,2025-07-09
2025070903009576,MPFL,41,26,60.0,602.0,36120.0,2025-07-09
2025070901019531,BHPL,36,4,23.0,760.0,17480.0,2025-07-09
2025070904021340,SGIC,6,34,55.0,558.2,30701.0,2025-07-09
2025070904021339,SGIC,29,34,50.0,558.2,27910.0,2025-07-09
2025070904021338,SGIC,47,34,25.0,558.2,13955.0,2025-07-09
2025070904021337,SGIC,34,34,20.0,558.3,11166.0,2025-07-09
2025070904021336,CHL,34,72,80.0,332.0,26560.0,2025-07-09
2025070903009575,MERO,56,49,100.0,808.9,80890.0,2025-07-09
2025070901019530,ADBL,45,57,200.0,306.0,61200.0,2025-07-09
2025070901019529,ADBL,45,57,198.0,307.0,60786.0,2025-07-09
2025070905012129,NRN,5,82,100.0,2320.0,232000.0,2025-07-09
2025070905012128,HRL,35,60,100.0,927.0,92700.0,2025-07-09
2025070905012127,CHDC,5,91,50.0,2720.0,136000.0,2025-07-09
2025070905012126,GCIL,95,55,201.0,508.1,102128.1,2025-07-09
2025070905012125,GCIL,6,55,100.0,508.1,50810.0,2025-07-09
2025070905012124,GCIL,21,55,79.0,508.1,40139.9,2025-07-09
2025070905012123,GCIL,40,55,100.0,508.5,50850.0,2025-07-09
2025070904021335,GHL,45,6,247.0,252.3,62318.1,2025-07-09
2025070904021334,GHL,45,48,203.0,252.3,51216.9,2025-07-09
2025070904021333,GHL,45,82,50.0,252.0,12600.0,2025-07-09
2025070904021332,BARUN,48,58,22.0,452.0,9944.0,2025-07-09
2025070904021331,AKPL,42,49,200.0,256.1,51220.0,2025-07-09
2025070901019528,NABIL,14,4,10.0,499.0,4990.0,2025-07-09
2025070901019527,NABIL,14,57,10.0,499.0,4990.0,2025-07-09
2025070901019526,NABIL,14,22,15.0,499.0,7485.0,2025-07-09
2025070901019525,NABIL,14,46,89.0,499.0,44411.0,2025-07-09
2025070901019524,NABIL,14,50,212.0,499.0,105788.0,2025-07-09
2025070905012122,HDL,26,58,40.0,1220.2,48808.0,2025-07-09
2025070904021330,HDHPC,49,58,206.0,197.1,40602.6,2025-07-09
2025070904021329,HDHPC,45,58,200.0,197.2,39440.0,2025-07-09
2025070904021328,HDHPC,4,58,124.0,197.2,24452.8,2025-07-09
2025070904021327,HDHPC,21,58,470.0,197.3,92731.0,2025-07-09
2025070901019523,NWCL,5,58,31.0,913.0,28303.0,2025-07-09
2025070905012121,HIDCL,58,1,100.0,294.9,29490.0,2025-07-09
2025070905012120,HDL,39,18,20.0,1223.0,24460.0,2025-07-09
2025070901019522,OMPL,58,39,85.0,1355.0,115175.0,2025-07-09
2025070901019521,OMPL,42,39,315.0,1355.1,426856.5,2025-07-09
2025070901019520,OMPL,56,39,100.0,1355.6,135560.0,2025-07-09
2025070904021326,KPCL,26,33,15.0,542.0,8130.0,2025-07-09
2025070904021325,KPCL,26,5,10.0,542.0,5420.0,2025-07-09
2025070904021324,KPCL,26,58,80.0,541.9,43352.0,2025-07-09
2025070904021323,KPCL,26,49,25.0,541.8,13545.0,2025-07-09
2025070904021322,KPCL,26,42,500.0,540.5,270250.0,2025-07-09
2025070904021321,KPCL,26,11,190.0,540.0,102600.0,2025-07-09
2025070904021320,NGPL,6,16,100.0,387.6,38760.0,2025-07-09
2025070904021319,NGPL,51,16,100.0,388.4,38840.0,2025-07-09
2025070904021318,PRIN,1,37,100.0,929.1,92910.0,2025-07-09
2025070904021317,PRIN,43,37,10.0,930.0,9300.0,2025-07-09
2025070904021316,PRIN,26,37,10.0,930.0,9300.0,2025-07-09
2025070904021315,PRIN,32,37,10.0,930.0,9300.0,2025-07-09
2025070904021314,PRIN,36,37,50.0,930.1,46505.0,2025-07-09
2025070901019519,MHCL,65,71,90.0,451.0,40590.0,2025-07-09
2025070901019518,MHCL,65,33,10.0,451.0,4510.0,2025-07-09
2025070901019517,MHCL,65,58,50.0,450.0,22500.0,2025-07-09
2025070901019516,MHCL,65,45,190.0,450.0,85500.0,2025-07-09
2025070904021313,HPPL,41,95,50.0,509.0,25450.0,2025-07-09
2025070901019515,MHCL,65,45,10.0,450.0,4500.0,2025-07-09
2025070901019514,MHCL,65,11,10.0,450.0,4500.0,2025-07-09
2025070901019513,MHCL,65,45,10.0,450.0,4500.0,2025-07-09
2025070901019512,MHCL,65,17,10.0,450.0,4500.0,2025-07-09
2025070901019511,MHCL,65,26,10.0,450.0,4500.0,2025-07-09
2025070901019510,MHCL,65,7,10.0,450.0,4500.0,2025-07-09
2025070901019509,MHCL,65,58,10.0,450.0,4500.0,2025-07-09
2025070901019508,MHCL,65,21,10.0,450.0,4500.0,2025-07-09
2025070901019507,MHCL,65,57,10.0,450.0,4500.0,2025-07-09
2025070901019506,MHCL,65,49,30.0,450.0,13500.0,2025-07-09
2025070901019505,MHCL,65,41,40.0,449.9,17996.0,2025-07-09
2025070904021312,PPCL,41,55,30.0,378.0,11340.0,2025-07-09
2025070904021311,CHCL,41,29,50.0,527.0,26350.0,2025-07-09
2025070901019504,RFPL,52,34,96.0,610.0,58560.0,2025-07-09
2025070901019503,RFPL,25,34,2000.0,610.0,1220000.0,2025-07-09
2025070901019502,RFPL,47,34,100.0,610.0,61000.0,2025-07-09
2025070901019501,RFPL,46,34,200.0,610.0,122000.0,2025-07-09
2025070901019500,RFPL,36,34,100.0,610.0,61000.0,2025-07-09
2025070901019499,RFPL,58,34,10.0,610.0,6100.0,2025-07-09
2025070901019498,RFPL,36,34,104.0,610.0,63440.0,2025-07-09
2025070901019497,RFPL,56,34,473.0,610.2,288624.6,2025-07-09
2025070901019496,RFPL,42,34,15.0,611.0,9165.0,2025-07-09
2025070901019495,RFPL,49,34,100.0,611.0,61100.0,2025-07-09
2025070901019494,RFPL,38,34,29.0,611.0,17719.0,2025-07-09
2025070901019493,RFPL,35,34,138.0,611.0,84318.0,2025-07-09
2025070901019492,RFPL,70,34,20.0,611.1,12222.0,2025-07-09
2025070901019491,RFPL,94,34,50.0,611.2,30560.0,2025-07-09
2025070901019490,RFPL,45,34,25.0,611.4,15285.0,2025-07-09
2025070905012119,HIDCL,51,1,10.0,294.9,2949.0,2025-07-09
2025070901019489,MKHC,42,57,200.0,416.5,83300.0,2025-07-09
2025070904021310,LEC,38,42,30.0,216.0,6480.0,2025-07-09
2025070904021309,LEC,38,54,20.0,216.0,4320.0,2025-07-09
2025070903009574,DDBL,19,45,54.0,832.9,44976.6,2025-07-09
2025070903009573,DDBL,19,43,205.0,832.9,170744.5,2025-07-09
2025070901019488,KDL,47,49,30.0,1127.9,33837.0,2025-07-09
2025070901019487,KDL,47,58,28.0,1127.9,31581.2,2025-07-09
2025070901019486,KDL,47,42,10.0,1127.5,11275.0,2025-07-09
2025070901019485,KDL,47,44,96.0,1125.0,108000.0,2025-07-09
2025070901019484,KDL,47,44,30.0,1125.0,33750.0,2025-07-09
2025070901019483,SANIMA,34,8,2800.0,341.7,956760.0,2025-07-09
2025070901019482,SANIMA,32,8,200.0,341.8,68360.0,2025-07-09
2025070901019481,MBL,22,1,110.0,233.0,25630.0,2025-07-09
2025070904021308,SHEL,43,13,500.0,289.0,144500.0,2025-07-09
2025070901019480,IHL,82,32,199.0,553.8,110206.2,2025-07-09
2025070903009572,SINDU,7,29,244.0,917.2,223796.8,2025-07-09
2025070903009571,SINDU,58,29,10.0,917.4,9174.0,2025-07-09
2025070903009570,SINDU,36,29,100.0,917.4,91740.0,2025-07-09
2025070903009569,SINDU,38,29,50.0,917.5,45875.0,2025-07-09
2025070903009568,SINDU,1,29,96.0,919.0,88224.0,2025-07-09
2025070903009567,PMLI,62,58,10.0,527.0,5270.0,2025-07-09
2025070901019479,NMIC,53,45,20.0,1577.0,31540.0,2025-07-09
2025070905012118,SHIVM,36,7,150.0,515.6,77340.0,2025-07-09
2025070905012117,NBF3,94,7,11670.0,10.0,116700.0,2025-07-09
2025070905012116,NBF3,34,7,5000.0,10.01,50050.0,2025-07-09
2025070904021307,SPDL,48,34,500.0,407.0,203500.0,2025-07-09
2025070901019478,NMIC,34,45,15.0,1577.0,23655.0,2025-07-09
2025070901019477,NABIL,59,34,604.0,498.6,301154.4,2025-07-09
2025070901019476,NABIL,25,34,90.0,498.7,44883.0,2025-07-09
2025070901019475,NABIL,38,34,10.0,498.8,4988.0,2025-07-09
2025070901019474,NABIL,44,34,296.0,498.8,147644.8,2025-07-09
2025070905012115,MBJC,4,58,200.0,312.0,62400.0,2025-07-09
2025070903009566,SAPDBL,36,65,173.0,1064.0,184072.0,2025-07-09
2025070903009565,SAPDBL,36,45,27.0,1063.0,28701.0,2025-07-09
2025070904021306,UPCL,28,5,99.0,408.5,40441.5,2025-07-09
2025070904021305,UPCL,82,5,401.0,408.6,163848.6,2025-07-09
2025070903009564,DDBL,45,43,96.0,832.9,79958.4,2025-07-09
2025070903009563,DDBL,45,59,54.0,832.8,44971.2,2025-07-09
2025070901019473,NYADI,45,50,465.0,490.0,227850.0,2025-07-09
2025070901019472,NYADI,45,41,100.0,490.0,49000.0,2025-07-09
2025070901019471,NYADI,45,58,10.0,490.0,4900.0,2025-07-09
2025070901019470,NYADI,45,41,11.0,490.0,5390.0,2025-07-09
2025070901019469,NYADI,45,42,170.0,490.0,83300.0,2025-07-09
2025070901019468,NYADI,45,13,184.0,490.0,90160.0,2025-07-09
2025070901019467,NYADI,45,45,10.0,490.0,4900.0,2025-07-09
2025070901019466,NYADI,45,58,20.0,489.8,9796.0,2025-07-09
2025070901019465,NYADI,45,35,30.0,489.0,14670.0,2025-07-09
2025070904021304,CHL,7,64,40.0,330.0,13200.0,2025-07-09
2025070903009562,SFCL,45,32,100.0,508.0,50800.0,2025-07-09
2025070904021303,AHPC,6,48,145.0,288.0,41760.0,2025-07-09
2025070904021302,AHPC,6,6,20.0,288.0,5760.0,2025-07-09
2025070904021301,AHPC,6,44,150.0,287.9,43185.0,2025-07-09
2025070904021300,AHPC,6,49,1000.0,287.9,287900.0,2025-07-09
2025070904021299,AHPC,6,74,250.0,287.7,71925.0,2025-07-09
2025070904021298,AHPC,6,22,50.0,287.5,14375.0,2025-07-09
2025070904021297,AHPC,6,26,300.0,287.0,86100.0,2025-07-09
2025070904021296,AHPC,6,19,85.0,286.9,24386.5,2025-07-09
2025070901019464,SBI,44,41,17.0,412.9,7019.3,2025-07-09
2025070901019463,SBI,44,42,13.0,412.8,5366.4,2025-07-09
2025070901019462,SBI,44,94,200.0,412.8,82560.0,2025-07-09
2025070905012114,CHDC,39,39,100.0,2711.0,271100.0,2025-07-09
2025070905012113,CHDC,25,39,100.0,2711.0,271100.0,2025-07-09
2025070905012112,CHDC,94,39,125.0,2711.1,338887.5,2025-07-09
2025070901019461,NICA,62,32,50.0,362.0,18100.0,2025-07-09
2025070903009561,HLI,52,32,93.0,405.0,37665.0,2025-07-09
2025070904021295,HEI,57,29,300.0,593.0,177900.0,2025-07-09
2025070904021294,DHPL,50,53,10.0,322.2,3222.0,2025-07-09
2025070901019460,SBL,63,37,60.0,344.3,20658.0,2025-07-09
2025070905012111,NIFRA,70,41,200.0,279.3,55860.0,2025-07-09
2025070904021293,KKHC,21,41,50.0,436.5,21825.0,2025-07-09
2025070901019459,JBLB,1,14,14.0,1320.1,18481.4,2025-07-09
2025070901019458,JBLB,57,14,11.0,1323.0,14553.0,2025-07-09
2025070903009560,SJLIC,52,68,90.0,440.0,39600.0,2025-07-09
2025070901019457,NABIL,38,50,100.0,499.0,49900.0,2025-07-09
2025070903009559,SKBBL,41,71,10.0,809.0,8090.0,2025-07-09
2025070903009558,SKBBL,58,71,49.0,809.0,39641.0,2025-07-09
2025070903009557,SKBBL,17,71,160.0,809.0,129440.0,2025-07-09
2025070901019456,SMH,47,45,35.0,865.0,30275.0,2025-07-09
2025070901019455,SMH,47,59,10.0,865.0,8650.0,2025-07-09
2025070904021292,UPCL,38,36,20.0,409.0,8180.0,2025-07-09
2025070904021291,UPCL,38,38,480.0,409.0,196320.0,2025-07-09
2025070901019454,SARBTM,42,42,85.0,872.0,74120.0,2025-07-09
2025070901019453,SARBTM,42,11,280.0,872.0,244160.0,2025-07-09
2025070904021290,HURJA,38,42,300.0,250.9,75270.0,2025-07-09
2025070901019452,GBIME,8,51,50.0,243.0,12150.0,2025-07-09
2025070905012110,RNLI,45,74,70.0,473.0,33110.0,2025-07-09
2025070905012109,NRIC,65,64,183.0,1312.1,240114.3,2025-07-09
2025070905012108,NRIC,58,64,37.0,1312.2,48551.4,2025-07-09
2025070905012107,NRIC,63,64,180.0,1312.2,236196.0,2025-07-09
2025070904021289,BARUN,45,58,10.0,452.0,4520.0,2025-07-09
2025070904021288,KPCL,33,11,10.0,540.0,5400.0,2025-07-09
2025070904021287,RADHI,43,91,300.0,789.0,236700.0,2025-07-09
2025070903009556,MLBL,77,48,349.0,386.0,134714.0,2025-07-09
2025070901019451,NABIL,6,50,100.0,499.0,49900.0,2025-07-09
2025070903009555,SAPDBL,58,58,85.0,1060.0,90100.0,2025-07-09
2025070903009554,SAPDBL,56,58,20.0,1060.0,21200.0,2025-07-09
2025070904021286,GHL,39,82,450.0,252.0,113400.0,2025-07-09
2025070905012106,CHDC,59,91,20.0,2720.0,54400.0,2025-07-09
2025070904021285,SSHL,42,29,100.0,251.0,25100.0,2025-07-09
2025070903009553,SMFBS,62,45,10.0,1739.0,17390.0,2025-07-09
2025070903009552,SMFBS,62,55,150.0,1735.0,260250.0,2025-07-09
2025070903009551,SMFBS,62,6,20.0,1730.0,34600.0,2025-07-09
2025070904021284,SHL,32,16,200.0,563.0,112600.0,2025-07-09
2025070904021283,SHL,56,16,200.0,563.1,112620.0,2025-07-09
2025070904021282,SHL,50,16,200.0,563.1,112620.0,2025-07-09
2025070904021281,SHL,29,16,100.0,563.2,56320.0,2025-07-09
2025070903009550,GFCL,35,7,25.0,647.5,16187.5,2025-07-09
2025070901019450,IHL,32,41,10.0,553.0,5530.0,2025-07-09
2025070901019449,PRVU,4,41,894.0,212.0,189528.0,2025-07-09
2025070901019448,PRVU,4,77,150.0,212.0,31800.0,2025-07-09
2025070904021280,RADHI,60,91,125.0,789.0,98625.0,2025-07-09
2025070901019447,NIMB,52,52,200.0,216.0,43200.0,2025-07-09
2025070904021279,NHPC,21,64,10.0,212.3,2123.0,2025-07-09
2025070903009549,HLI,52,49,100.0,405.0,40500.0,2025-07-09
2025070901019446,HHL,26,36,167.0,404.0,67468.0,2025-07-09
2025070901019445,HHL,56,36,50.0,404.0,20200.0,2025-07-09
2025070901019444,HHL,45,36,120.0,404.0,48480.0,2025-07-09
2025070901019443,HHL,49,36,23.0,404.0,9292.0,2025-07-09
2025070901019442,HIDCLP,1,13,30.0,209.7,6291.0,2025-07-09
2025070904021278,IGI,25,6,100.0,543.1,54310.0,2025-07-09
2025070903009548,GLBSL,57,36,50.0,2186.0,109300.0,2025-07-09
2025070903009547,GLBSL,58,36,30.0,2186.3,65589.0,2025-07-09
2025070903009546,GLBSL,58,36,20.0,2186.7,43734.0,2025-07-09
2025070905012105,NRIC,63,91,120.0,1312.2,157464.0,2025-07-09
2025070904021277,RADHI,81,62,656.0,788.5,517256.0,2025-07-09
2025070904021276,RADHI,64,62,500.0,788.8,394400.0,2025-07-09
2025070904021275,RADHI,53,62,100.0,788.9,78890.0,2025-07-09
2025070901019441,KBL,42,17,322.0,212.5,68425.0,2025-07-09
2025070901019440,KBL,14,17,78.0,212.5,16575.0,2025-07-09
2025070901019439,KBL,89,17,500.0,212.5,106250.0,2025-07-09
2025070901019438,KBL,47,17,100.0,212.6,21260.0,2025-07-09
2025070903009545,LLBS,34,17,11.0,1053.5,11588.5,2025-07-09
2025070904021274,SHL,66,89,196.0,565.0,110740.0,2025-07-09
2025070901019437,PRVU,4,55,456.0,212.0,96672.0,2025-07-09
2025070903009544,RSDC,34,51,10.0,665.0,6650.0,2025-07-09
2025070905012104,GCIL,58,34,245.0,509.0,124705.0,2025-07-09
2025070905012103,GCIL,40,34,100.0,509.0,50900.0,2025-07-09
2025070905012102,GCIL,8,34,49.0,509.0,24941.0,2025-07-09
2025070901019436,HIDCLP,57,13,200.0,209.7,41940.0,2025-07-09
2025070904021273,UPPER,43,57,100.0,195.7,19570.0,2025-07-09
2025070904021272,UPPER,94,57,60.0,195.7,11742.0,2025-07-09
2025070903009543,GFCL,35,45,200.0,647.5,129500.0,2025-07-09
2025070901019435,NYADI,45,35,170.0,489.0,83130.0,2025-07-09
2025070901019434,NYADI,45,41,100.0,489.0,48900.0,2025-07-09
2025070901019433,NYADI,45,94,1000.0,489.0,489000.0,2025-07-09
2025070901019432,NYADI,45,36,450.0,488.9,220005.0,2025-07-09
2025070901019431,NYADI,45,21,500.0,488.0,244000.0,2025-07-09
2025070901019430,NYADI,45,34,20.0,487.0,9740.0,2025-07-09
2025070901019429,NYADI,45,45,200.0,487.0,97400.0,2025-07-09
2025070901019428,NYADI,45,52,10.0,487.0,4870.0,2025-07-09
2025070901019427,NYADI,45,65,100.0,487.0,48700.0,2025-07-09
2025070901019426,NYADI,45,64,200.0,487.0,97400.0,2025-07-09
2025070901019425,NYADI,45,32,250.0,486.0,121500.0,2025-07-09
2025070903009542,ILBS,54,45,10.0,840.1,8401.0,2025-07-09
2025070903009541,CFCL,58,45,50.0,536.0,26800.0,2025-07-09
2025070904021271,AKJCL,26,1,85.0,207.9,17671.5,2025-07-09
2025070905012101,STC,44,6,10.0,5250.0,52500.0,2025-07-09
2025070903009540,MNBBL,43,25,40.0,383.8,15352.0,2025-07-09
2025070903009539,CBBL,43,59,50.0,977.0,48850.0,2025-07-09
2025070903009538,CBBL,43,40,50.0,974.9,48745.0,2025-07-09
2025070901019424,TVCL,28,69,367.0,486.1,178398.7,2025-07-09
2025070901019423,TVCL,4,69,70.0,486.5,34055.0,2025-07-09
2025070901019422,TVCL,58,69,23.0,486.5,11189.5,2025-07-09
2025070901019421,TVCL,43,69,50.0,486.6,24330.0,2025-07-09
2025070901019420,TVCL,57,69,100.0,487.0,48700.0,2025-07-09
2025070901019419,TVCL,6,69,30.0,487.0,14610.0,2025-07-09
2025070901019418,TVCL,43,69,20.0,487.0,9740.0,2025-07-09
2025070901019417,RFPL,58,3,50.0,612.0,30600.0,2025-07-09
2025070901019416,RFPL,58,7,50.0,611.4,30570.0,2025-07-09
2025070901019415,CREST,35,41,10.0,1401.9,14019.0,2025-07-09
2025070901019414,CREST,35,14,20.0,1401.0,28020.0,2025-07-09
2025070904021270,BPCL,29,50,150.0,835.9,125385.0,2025-07-09
2025070904021269,BPCL,29,77,50.0,835.8,41790.0,2025-07-09
2025070904021268,UMHL,25,44,10.0,568.0,5680.0,2025-07-09
2025070904021267,AHPC,32,68,100.0,286.5,28650.0,2025-07-09
2025070905012100,SMJC,58,58,50.0,530.0,26500.0,2025-07-09
2025070901019413,NICA,62,14,500.0,362.0,181000.0,2025-07-09
2025070905012099,SAHAS,48,42,26.0,598.0,15548.0,2025-07-09
2025070905012098,SAHAS,26,42,74.0,598.0,44252.0,2025-07-09
2025070905012097,NRN,42,82,50.0,2320.0,116000.0,2025-07-09
2025070901019412,PRVU,28,55,444.0,212.0,94128.0,2025-07-09
2025070905012096,NIFRA,58,32,100.0,279.5,27950.0,2025-07-09
2025070903009537,SINDU,1,22,50.0,919.0,45950.0,2025-07-09
2025070901019411,ADBL,45,51,602.0,307.0,184814.0,2025-07-09
2025070901019410,ADBL,45,39,100.0,306.9,30690.0,2025-07-09
2025070901019409,ADBL,45,58,100.0,306.9,30690.0,2025-07-09
2025070904021266,NLG,33,50,90.0,809.1,72819.0,2025-07-09
2025070903009536,GMFIL,60,6,300.0,489.0,146700.0,2025-07-09
2025070905012095,HRL,35,67,100.0,927.0,92700.0,2025-07-09
2025070905012094,HRL,35,45,10.0,927.0,9270.0,2025-07-09
2025070905012093,HRL,35,21,20.0,926.6,18532.0,2025-07-09
2025070905012092,HRL,35,11,10.0,926.6,9266.0,2025-07-09
2025070905012091,HRL,35,48,20.0,926.1,18522.0,2025-07-09
2025070905012090,HRL,35,58,10.0,926.1,9261.0,2025-07-09
2025070901019408,NICA,62,32,25.0,362.0,9050.0,2025-07-09
2025070905012089,NIFRA,1,32,200.0,279.5,55900.0,2025-07-09
2025070905012088,NIFRA,43,32,208.0,279.6,58156.8,2025-07-09
2025070905012087,SAHAS,26,85,126.0,598.0,75348.0,2025-07-09
2025070905012086,SAHAS,41,85,200.0,598.0,119600.0,2025-07-09
2025070905012085,SAHAS,45,85,500.0,598.0,299000.0,2025-07-09
2025070905012084,SAHAS,95,85,100.0,598.0,59800.0,2025-07-09
2025070905012083,SAHAS,81,85,974.0,598.1,582549.4,2025-07-09
2025070905012082,SAHAS,19,85,1000.0,599.0,599000.0,2025-07-09
2025070905012081,SAHAS,58,85,100.0,603.0,60300.0,2025-07-09
2025070905012080,MEL,34,6,50.0,316.0,15800.0,2025-07-09
2025070905012079,MEL,34,49,10.0,316.0,3160.0,2025-07-09
2025070905012078,MEL,34,49,10.0,316.0,3160.0,2025-07-09
2025070905012077,MEL,34,58,20.0,316.0,6320.0,2025-07-09
2025070904021265,RIDI,33,74,109.0,256.0,27904.0,2025-07-09
2025070904021264,RIDI,6,74,100.0,256.0,25600.0,2025-07-09
2025070904021263,RIDI,11,74,100.0,256.0,25600.0,2025-07-09
2025070904021262,RIDI,55,74,91.0,256.0,23296.0,2025-07-09
2025070901019407,NWCL,5,57,19.0,913.0,17347.0,2025-07-09
2025070904021261,NHPC,21,60,190.0,212.3,40337.0,2025-07-09
2025070904021260,NHPC,41,60,200.0,212.3,42460.0,2025-07-09
2025070904021259,SSHL,42,42,120.0,251.0,30120.0,2025-07-09
2025070903009535,SHINE,42,42,45.0,405.0,18225.0,2025-07-09
2025070903009534,SHINE,42,48,50.0,405.0,20250.0,2025-07-09
2025070904021258,OHL,57,42,177.0,875.1,154892.7,2025-07-09
2025070904021257,OHL,54,42,20.0,875.2,17504.0,2025-07-09
2025070904021256,OHL,57,42,93.0,876.0,81468.0,2025-07-09
2025070904021255,OHL,45,42,10.0,877.0,8770.0,2025-07-09
2025070903009533,SAPDBL,56,52,10.0,1060.0,10600.0,2025-07-09
2025070901019406,NIMB,52,35,133.0,216.0,28728.0,2025-07-09
2025070901019405,NIMB,52,42,167.0,215.9,36055.3,2025-07-09
2025070905012076,NIFRA,43,50,92.0,279.6,25723.2,2025-07-09
2025070905012075,NIFRA,51,50,10.0,279.6,2796.0,2025-07-09
2025070901019404,NIMB,26,45,100.0,215.8,21580.0,2025-07-09
2025070904021254,CHL,45,72,200.0,332.0,66400.0,2025-07-09
2025070901019403,SARBTM,1,11,10.0,872.0,8720.0,2025-07-09
2025070903009532,BFC,26,55,10.0,493.0,4930.0,2025-07-09
2025070904021253,AKJCL,58,56,45.0,208.0,9360.0,2025-07-09
2025070904021252,KKHC,14,41,150.0,436.5,65475.0,2025-07-09
2025070903009531,GMFBS,16,59,20.0,1560.0,31200.0,2025-07-09
2025070903009530,GMFBS,49,59,100.0,1560.0,156000.0,2025-07-09
2025070904021251,RIDI,16,57,1390.0,257.0,357230.0,2025-07-09
2025070904021250,DHPL,41,3,200.0,322.5,64500.0,2025-07-09
2025070903009529,MLBBL,86,77,14.0,1515.0,21210.0,2025-07-09
2025070904021249,NLG,33,57,246.0,809.1,199038.6,2025-07-09
2025070904021248,NLG,41,57,30.0,809.2,24276.0,2025-07-09
2025070901019402,GVL,56,42,20.0,465.4,9308.0,2025-07-09
2025070905012074,NRN,40,82,50.0,2320.0,116000.0,2025-07-09
2025070904021247,UMHL,62,33,20.0,567.5,11350.0,2025-07-09
2025070905012073,HRL,41,97,15.0,926.0,13890.0,2025-07-09
2025070905012072,MBJC,45,58,10.0,312.0,3120.0,2025-07-09
2025070901019401,KBL,47,45,200.0,212.6,42520.0,2025-07-09
2025070904021246,KKHC,6,38,222.0,436.0,96792.0,2025-07-09
2025070904021245,CHCL,93,29,10.0,527.0,5270.0,2025-07-09
2025070903009528,SHINE,58,26,50.0,404.2,20210.0,2025-07-09
2025070901019400,HIDCLP,59,13,117.0,209.7,24534.9,2025-07-09
2025070904021244,UPCL,82,59,78.0,408.6,31870.8,2025-07-09
2025070904021243,UPCL,54,59,422.0,408.7,172471.4,2025-07-09
2025070905012071,NRN,62,82,10.0,2320.0,23200.0,2025-07-09
2025070903009527,MERO,42,32,139.0,808.0,112312.0,2025-07-09
2025070904021242,MHNL,32,16,10.0,276.7,2767.0,2025-07-09
2025070903009526,SFCL,42,32,100.0,508.0,50800.0,2025-07-09
2025070903009525,NMLBBL,57,44,100.0,672.3,67230.0,2025-07-09
2025070901019399,NABIL,44,77,250.0,498.8,124700.0,2025-07-09
2025070904021241,RHPL,101,57,35.0,347.5,12162.5,2025-07-09
2025070904021240,UPCL,49,38,2000.0,408.9,817800.0,2025-07-09
2025070903009524,NFS,1,98,100.0,730.0,73000.0,2025-07-09
2025070903009523,NFS,35,98,30.0,730.0,21900.0,2025-07-09
2025070903009522,NFS,34,98,50.0,730.0,36500.0,2025-07-09
2025070903009521,BFC,38,55,200.0,493.0,98600.0,2025-07-09
2025070901019398,HBL,38,36,100.0,224.4,22440.0,2025-07-09
2025070903009520,BFC,58,55,90.0,493.0,44370.0,2025-07-09
2025070904021239,HURJA,52,48,100.0,251.0,25100.0,2025-07-09
2025070903009519,EDBL,44,49,60.0,590.0,35400.0,2025-07-09
2025070903009518,EDBL,44,45,100.0,590.0,59000.0,2025-07-09
2025070903009517,EDBL,44,50,500.0,590.0,295000.0,2025-07-09
2025070903009516,EDBL,44,53,10.0,590.0,5900.0,2025-07-09
2025070903009515,EDBL,44,6,100.0,589.5,58950.0,2025-07-09
2025070903009514,EDBL,44,41,30.0,589.5,17685.0,2025-07-09
2025070903009513,EDBL,44,50,1000.0,589.0,589000.0,2025-07-09
2025070903009512,EDBL,44,6,200.0,588.9,117780.0,2025-07-09
2025070904021238,BARUN,56,50,3452.0,451.1,1557197.2,2025-07-09
2025070904021237,BARUN,56,50,1000.0,452.0,452000.0,2025-07-09
2025070901019397,SANIMA,49,42,20.0,342.0,6840.0,2025-07-09
2025070901019396,NMIC,43,45,13.0,1577.0,20501.0,2025-07-09
2025070901019395,TSHL,45,42,20.0,660.0,13200.0,2025-07-09
2025070901019394,TSHL,45,32,10.0,660.0,6600.0,2025-07-09
2025070901019393,TSHL,45,21,10.0,660.0,6600.0,2025-07-09
2025070901019392,UHEWA,45,94,50.0,560.1,28005.0,2025-07-09
2025070901019391,NMIC,43,58,10.0,1577.0,15770.0,2025-07-09
2025070904021236,NGPL,33,63,497.0,387.3,192488.1,2025-07-09
2025070904021235,NGPL,36,63,100.0,387.4,38740.0,2025-07-09
2025070904021234,NGPL,38,63,300.0,387.4,116220.0,2025-07-09
2025070904021233,NGPL,45,63,53.0,387.5,20537.5,2025-07-09
2025070904021232,NGPL,69,63,1000.0,388.0,388000.0,2025-07-09
2025070904021231,NGPL,44,63,50.0,388.0,19400.0,2025-07-09
2025070903009511,SAPDBL,58,45,15.0,1063.0,15945.0,2025-07-09
2025070903009510,NLIC,34,53,54.0,767.0,41418.0,2025-07-09
2025070903009509,NLIC,94,53,86.0,767.0,65962.0,2025-07-09
2025070901019390,NABIL,44,16,200.0,498.8,99760.0,2025-07-09
2025070901019389,RFPL,41,17,100.0,611.3,61130.0,2025-07-09
2025070901019388,SPL,7,64,15.0,825.0,12375.0,2025-07-09
2025070901019387,NICA,34,45,892.0,363.9,324598.8,2025-07-09
2025070901019386,NICA,34,26,30.0,363.9,10917.0,2025-07-09
2025070901019385,NICA,34,43,50.0,363.9,18195.0,2025-07-09
2025070901019384,NICA,34,58,100.0,363.0,36300.0,2025-07-09
2025070901019383,NICA,34,58,250.0,363.0,90750.0,2025-07-09
2025070901019382,NICA,34,59,950.0,363.0,344850.0,2025-07-09
2025070901019381,NICA,34,38,30.0,363.0,10890.0,2025-07-09
2025070901019380,NICA,34,45,268.0,363.0,97284.0,2025-07-09
2025070901019379,NICA,34,45,500.0,362.5,181250.0,2025-07-09
2025070901019378,NICA,34,44,40.0,362.2,14488.0,2025-07-09
2025070901019377,NICA,34,34,100.0,362.0,36200.0,2025-07-09
2025070901019376,NICA,34,35,200.0,362.0,72400.0,2025-07-09
2025070901019375,NICA,34,55,90.0,362.0,32580.0,2025-07-09
2025070901019374,NICA,34,26,100.0,362.0,36200.0,2025-07-09
2025070901019373,NICA,34,6,400.0,362.0,144800.0,2025-07-09
2025070901019372,NICA,34,14,1000.0,362.0,362000.0,2025-07-09
2025070901019371,ULHC,72,33,60.0,484.0,29040.0,2025-07-09
2025070904021230,API,40,69,50.0,294.9,14745.0,2025-07-09
2025070904021229,KPCL,33,41,11.0,537.0,5907.0,2025-07-09
2025070903009508,SADBL,49,55,322.0,415.0,133630.0,2025-07-09
2025070903009507,SADBL,49,14,50.0,414.9,20745.0,2025-07-09
2025070903009506,SADBL,49,4,200.0,414.9,82980.0,2025-07-09
2025070903009505,SADBL,49,58,428.0,413.7,177063.6,2025-07-09
2025070904021228,CHL,43,22,100.0,331.9,33190.0,2025-07-09
2025070903009504,MERO,42,69,1047.0,808.0,845976.0,2025-07-09
2025070903009503,MERO,58,69,100.0,808.3,80830.0,2025-07-09
2025070901019370,CZBIL,47,26,50.0,215.1,10755.0,2025-07-09
2025070904021227,UMHL,62,39,500.0,567.5,283750.0,2025-07-09
2025070905012070,MBJC,52,58,100.0,312.0,31200.0,2025-07-09
2025070905012069,MBJC,41,58,40.0,312.1,12484.0,2025-07-09
2025070903009502,BFC,45,100,30.0,494.0,14820.0,2025-07-09
2025070904021226,BPCL,55,16,20.0,835.0,16700.0,2025-07-09
2025070904021225,BPCL,71,16,206.0,835.0,172010.0,2025-07-09
2025070904021224,KKHC,32,38,30.0,436.0,13080.0,2025-07-09
2025070901019369,SNLI,65,11,12.0,490.0,5880.0,2025-07-09
2025070901019368,SNLI,65,54,40.0,490.0,19600.0,2025-07-09
2025070901019367,SNLI,65,57,43.0,490.0,21070.0,2025-07-09
2025070901019366,SNLI,65,59,12.0,490.0,5880.0,2025-07-09
2025070901019365,SNLI,65,49,12.0,490.0,5880.0,2025-07-09
2025070901019364,SNLI,65,38,12.0,490.0,5880.0,2025-07-09
2025070903009501,NLICL,6,29,30.0,620.0,18600.0,2025-07-09
2025070904021223,AKPL,42,17,100.0,256.1,25610.0,2025-07-09
2025070901019363,KDL,47,44,10.0,1125.0,11250.0,2025-07-09
2025070901019362,KDL,47,46,10.0,1125.0,11250.0,2025-07-09
2025070901019361,KDL,47,33,10.0,1124.0,11240.0,2025-07-09
2025070901019360,KDL,47,58,20.0,1120.0,22400.0,2025-07-09
2025070901019359,KDL,47,50,10.0,1120.0,11200.0,2025-07-09
2025070901019358,KDL,47,58,70.0,1120.0,78400.0,2025-07-09
2025070901019357,KDL,47,5,10.0,1120.0,11200.0,2025-07-09
2025070901019356,KDL,47,43,10.0,1117.8,11178.0,2025-07-09
2025070901019355,KDL,47,43,30.0,1117.8,33534.0,2025-07-09
2025070901019354,KDL,47,48,100.0,1117.7,111770.0,2025-07-09
2025070901019353,KDL,47,43,20.0,1117.6,22352.0,2025-07-09
2025070901019352,JBLB,35,57,10.0,1324.1,13241.0,2025-07-09
2025070904021222,HDHPC,57,33,240.0,198.0,47520.0,2025-07-09
2025070901019351,KBL,47,36,200.0,212.6,42520.0,2025-07-09
2025070903009500,SAPDBL,56,38,20.0,1060.0,21200.0,2025-07-09
2025070903009499,SAPDBL,44,38,20.0,1060.0,21200.0,2025-07-09
2025070903009498,SAPDBL,3,38,40.0,1060.0,42400.0,2025-07-09
2025070903009497,SAPDBL,38,38,20.0,1061.0,21220.0,2025-07-09
2025070903009496,SLBSL,56,45,64.0,1545.0,98880.0,2025-07-09
2025070903009495,SLBSL,56,13,100.0,1543.6,154360.0,2025-07-09
2025070903009494,SLBSL,56,34,100.0,1542.0,154200.0,2025-07-09
2025070903009493,MLBL,77,55,100.0,386.0,38600.0,2025-07-09
2025070904021221,RHPL,101,34,215.0,347.5,74712.5,2025-07-09
2025070904021220,SSHL,10,1,11.0,251.1,2762.1,2025-07-09
2025070903009492,SFCL,35,25,490.0,509.0,249410.0,2025-07-09
2025070903009491,EDBL,44,62,40.0,585.9,23436.0,2025-07-09
2025070903009490,SIFC,29,32,50.0,526.5,26325.0,2025-07-09
2025070904021219,AHPC,32,17,195.0,286.5,55867.5,2025-07-09
2025070904021218,AHPC,26,17,500.0,286.5,143250.0,2025-07-09
2025070904021217,AHPC,45,17,225.0,286.5,64462.5,2025-07-09
2025070901019350,RFPL,32,7,10.0,611.5,6115.0,2025-07-09
2025070901019349,RFPL,78,7,440.0,611.6,269104.0,2025-07-09
2025070904021216,UPPER,94,41,440.0,195.7,86108.0,2025-07-09
2025070901019348,SRLI,78,34,343.0,400.9,137508.7,2025-07-09
2025070901019347,SRLI,43,34,500.0,401.0,200500.0,2025-07-09
2025070901019346,SRLI,35,34,100.0,401.0,40100.0,2025-07-09
2025070901019345,SRLI,47,34,200.0,401.0,80200.0,2025-07-09
2025070901019344,SRLI,45,34,20.0,401.0,8020.0,2025-07-09
2025070901019343,SRLI,16,34,100.0,401.0,40100.0,2025-07-09
2025070901019342,SRLI,53,34,21.0,401.1,8423.1,2025-07-09
2025070901019341,SRLI,4,34,50.0,401.1,20055.0,2025-07-09
2025070901019340,SRLI,44,34,1000.0,401.2,401200.0,2025-07-09
2025070901019339,SRLI,44,34,500.0,401.3,200650.0,2025-07-09
2025070901019338,SRLI,22,34,166.0,401.3,66615.8,2025-07-09
2025070904021215,API,32,34,897.0,294.0,263718.0,2025-07-09
2025070904021214,API,49,34,200.0,294.1,58820.0,2025-07-09
2025070904021213,NIL,50,47,300.0,699.0,209700.0,2025-07-09
2025070901019337,NABIL,58,11,10.0,498.9,4989.0,2025-07-09
2025070903009489,GLBSL,42,57,65.0,2187.0,142155.0,2025-07-09
2025070904021212,SPDL,57,48,59.0,408.3,24089.7,2025-07-09
2025070901019336,PPL,42,62,14.0,394.0,5516.0,2025-07-09
2025070904021211,SPDL,48,55,63.0,407.0,25641.0,2025-07-09
2025070904021210,SPDL,62,55,300.0,407.0,122100.0,2025-07-09
2025070904021209,SPDL,7,55,20.0,407.0,8140.0,2025-07-09
2025070904021208,SPDL,7,55,50.0,407.0,20350.0,2025-07-09
2025070904021207,SPDL,58,55,297.0,407.5,121027.5,2025-07-09
2025070904021206,SPDL,35,55,70.0,407.6,28532.0,2025-07-09
2025070904021205,SPDL,36,55,200.0,408.1,81620.0,2025-07-09
2025070904021204,DHPL,50,26,100.0,323.0,32300.0,2025-07-09
2025070904021203,RADHI,33,62,500.0,789.0,394500.0,2025-07-09
2025070901019335,CZBIL,47,33,200.0,215.1,43020.0,2025-07-09
2025070903009488,CBBL,48,45,119.0,973.0,115787.0,2025-07-09
2025070903009487,CBBL,48,59,31.0,973.0,30163.0,2025-07-09
2025070901019334,SANIMA,32,1,100.0,341.8,34180.0,2025-07-09
2025070903009486,GLBSL,39,36,20.0,2188.0,43760.0,2025-07-09
2025070903009485,SADBL,49,58,72.0,413.7,29786.4,2025-07-09
2025070905012068,HATHY,58,42,100.0,1212.0,121200.0,2025-07-09
2025070904021202,BARUN,56,66,200.0,451.1,90220.0,2025-07-09
2025070901019333,MKHL,84,4,60.0,825.0,49500.0,2025-07-09
2025070901019332,MKHL,84,4,10.0,825.0,8250.0,2025-07-09
2025070903009484,PFL,6,34,50.0,420.0,21000.0,2025-07-09
2025070904021201,API,7,69,10.0,294.9,2949.0,2025-07-09
2025070903009483,SLBSL,41,34,30.0,1542.0,46260.0,2025-07-09
2025070901019331,CKHL,84,42,30.0,645.0,19350.0,2025-07-09
2025070901019330,MLBS,7,42,40.0,1543.0,61720.0,2025-07-09
2025070901019329,SPL,84,42,10.0,824.0,8240.0,2025-07-09
2025070905012067,NICBF,59,50,3690.0,9.46,34907.4,2025-07-09
2025070903009482,EDBL,44,49,140.0,585.9,82026.0,2025-07-09
2025070901019328,SNLI,72,49,123.0,488.3,60060.9,2025-07-09
2025070901019327,PRVU,45,34,200.0,212.1,42420.0,2025-07-09
2025070904021200,RIDI,55,48,1859.0,256.0,475904.0,2025-07-09
2025070904021199,RIDI,11,48,100.0,256.0,25600.0,2025-07-09
2025070904021198,RIDI,58,48,20.0,256.0,5120.0,2025-07-09
2025070904021197,RIDI,6,48,100.0,256.0,25600.0,2025-07-09
2025070904021196,RIDI,34,48,400.0,256.0,102400.0,2025-07-09
2025070904021195,RIDI,28,48,1500.0,256.4,384600.0,2025-07-09
2025070904021194,RIDI,28,48,1500.0,256.4,384600.0,2025-07-09
2025070904021193,RIDI,28,48,1500.0,256.4,384600.0,2025-07-09
2025070904021192,RIDI,28,48,1021.0,256.4,261784.4,2025-07-09
2025070905012066,GCIL,8,43,15.0,509.0,7635.0,2025-07-09
2025070905012065,HRL,41,43,1000.0,926.0,926000.0,2025-07-09
2025070904021191,SHPC,43,81,490.0,599.9,293951.0,2025-07-09
2025070904021190,SHPC,43,29,10.0,598.2,5982.0,2025-07-09
2025070904021189,SSHL,57,1,131.0,251.1,32894.1,2025-07-09
2025070901019326,CZBIL,47,58,108.0,215.1,23230.8,2025-07-09
2025070901019325,GMLI,55,58,10.0,2326.0,23260.0,2025-07-09
2025070904021188,BPCL,29,50,200.0,835.9,167180.0,2025-07-09
2025070904021187,BPCL,29,6,200.0,835.8,167160.0,2025-07-09
2025070901019324,CREST,45,29,100.0,1400.0,140000.0,2025-07-09
2025070901019323,PCBL,34,42,30.0,263.6,7908.0,2025-07-09
2025070901019322,PCBL,34,43,100.0,263.6,26360.0,2025-07-09
2025070901019321,PCBL,34,62,370.0,263.5,97495.0,2025-07-09
2025070903009481,MLBL,77,48,328.0,386.0,126608.0,2025-07-09
2025070903009480,MLBL,77,34,40.0,386.0,15440.0,2025-07-09
2025070903009479,MLBL,77,38,100.0,386.0,38600.0,2025-07-09
2025070903009478,MLBL,77,49,30.0,386.0,11580.0,2025-07-09
2025070903009477,MLBL,77,13,53.0,386.0,20458.0,2025-07-09
2025070904021186,KKHC,36,38,30.0,436.0,13080.0,2025-07-09
2025070904021185,KKHC,26,38,10.0,436.0,4360.0,2025-07-09
2025070904021184,KKHC,11,38,212.0,436.0,92432.0,2025-07-09
2025070904021183,KKHC,57,38,110.0,436.1,47971.0,2025-07-09
2025070904021182,KKHC,86,38,200.0,436.5,87300.0,2025-07-09
2025070904021181,KKHC,1,38,86.0,436.5,37539.0,2025-07-09
2025070904021180,KKHC,58,38,100.0,436.5,43650.0,2025-07-09
2025070901019320,LSL,22,1,227.0,223.5,50734.5,2025-07-09
2025070901019319,LSL,22,17,473.0,223.5,105715.5,2025-07-09
2025070905012064,PHCL,45,40,10.0,511.0,5110.0,2025-07-09
2025070904021179,BARUN,45,33,10.0,453.0,4530.0,2025-07-09
2025070905012063,HIDCL,58,45,180.0,294.7,53046.0,2025-07-09
2025070901019318,ULHC,1,33,160.0,484.0,77440.0,2025-07-09
2025070905012062,HATHY,13,1,200.0,1211.0,242200.0,2025-07-09
2025070905012061,HATHY,45,1,100.0,1211.3,121130.0,2025-07-09
2025070905012060,HATHY,63,1,100.0,1212.0,121200.0,2025-07-09
2025070905012059,HATHY,32,1,100.0,1212.0,121200.0,2025-07-09
2025070905012058,HATHY,58,1,100.0,1213.0,121300.0,2025-07-09
2025070904021178,PMHPL,35,81,74.0,405.0,29970.0,2025-07-09
2025070904021177,BARUN,48,13,300.0,451.0,135300.0,2025-07-09
2025070905012057,HRL,41,14,20.0,926.0,18520.0,2025-07-09
2025070905012056,CHDC,32,21,12.0,2712.0,32544.0,2025-07-09
2025070905012055,HRL,41,66,10.0,926.0,9260.0,2025-07-09
2025070905012054,HRL,5,66,30.0,926.0,27780.0,2025-07-09
2025070905012053,NBF2,6,46,100.0,10.09,1009.0,2025-07-09
2025070905012052,NBF2,6,16,100.0,10.05,1005.0,2025-07-09
2025070905012051,NBF2,6,42,100.0,10.05,1005.0,2025-07-09
2025070901019317,MKJC,68,41,1000.0,530.0,530000.0,2025-07-09
2025070905012050,HIDCL,58,34,1000.0,294.7,294700.0,2025-07-09
2025070904021176,SSHL,57,34,629.0,251.1,157941.9,2025-07-09
2025070904021175,SSHL,21,34,370.0,251.1,92907.0,2025-07-09
2025070901019316,NIMB,57,42,200.0,215.9,43180.0,2025-07-09
2025070903009476,RLFL,14,39,15.0,494.0,7410.0,2025-07-09
2025070903009475,RLFL,14,72,100.0,493.9,49390.0,2025-07-09
2025070903009474,RLFL,14,49,10.0,492.0,4920.0,2025-07-09
2025070904021174,API,38,69,50.0,294.9,14745.0,2025-07-09
2025070903009473,SIFC,56,32,40.0,526.5,21060.0,2025-07-09
2025070903009472,SIFC,56,22,160.0,526.4,84224.0,2025-07-09
2025070905012049,NRM,45,19,40.0,460.4,18416.0,2025-07-09
2025070905012048,NRM,45,13,80.0,460.0,36800.0,2025-07-09
2025070905012047,NRM,45,55,30.0,459.0,13770.0,2025-07-09
2025070901019315,NBL,39,42,258.0,264.8,68318.4,2025-07-09
2025070904021173,UPCL,54,16,578.0,408.7,236228.6,2025-07-09
2025070904021172,UPCL,16,16,70.0,408.8,28616.0,2025-07-09
2025070904021171,UPCL,7,16,200.0,408.8,81760.0,2025-07-09
2025070904021170,UPCL,26,16,62.0,408.8,25345.6,2025-07-09
2025070905012046,HIDCL,58,32,1505.0,294.7,443523.5,2025-07-09
2025070905012045,SONA,25,72,10.0,455.0,4550.0,2025-07-09
2025070905012044,SONA,25,38,200.0,455.0,91000.0,2025-07-09
2025070905012043,SONA,25,41,10.0,455.0,4550.0,2025-07-09
2025070905012042,SONA,25,6,10.0,455.0,4550.0,2025-07-09
2025070905012041,SONA,25,59,10.0,455.0,4550.0,2025-07-09
2025070905012040,SONA,25,49,10.0,455.0,4550.0,2025-07-09
2025070905012039,SONA,25,50,10.0,455.0,4550.0,2025-07-09
2025070905012038,SONA,25,16,10.0,455.0,4550.0,2025-07-09
2025070905012037,SONA,25,1,107.0,455.0,48685.0,2025-07-09
2025070904021169,SJCL,25,68,30.0,317.0,9510.0,2025-07-09
2025070904021168,JOSHI,89,34,50.0,326.7,16335.0,2025-07-09
2025070901019314,SCB,48,14,378.0,642.5,242865.0,2025-07-09
2025070901019313,SCB,91,14,155.0,642.5,99587.5,2025-07-09
2025070901019312,SCB,35,14,106.0,642.9,68147.4,2025-07-09
2025070901019311,NYADI,48,52,140.0,485.0,67900.0,2025-07-09
2025070904021167,SHPC,34,43,322.0,598.0,192556.0,2025-07-09
2025070904021166,SHPC,58,43,100.0,598.0,59800.0,2025-07-09
2025070904021165,SHPC,38,43,150.0,598.0,89700.0,2025-07-09
2025070904021164,SHPC,29,43,37.0,598.0,22126.0,2025-07-09
2025070904021163,UMHL,1,44,18.0,568.0,10224.0,2025-07-09
2025070901019310,NICA,62,21,310.0,361.9,112189.0,2025-07-09
2025070901019309,NICA,62,53,19.0,361.5,6868.5,2025-07-09
2025070901019308,NICA,62,50,35.0,361.0,12635.0,2025-07-09
2025070904021162,MHNL,34,62,4000.0,271.6,1086400.0,2025-07-09
2025070904021161,MHNL,62,62,200.0,271.8,54360.0,2025-07-09
2025070904021160,MHNL,32,62,500.0,272.0,136000.0,2025-07-09
2025070904021159,MHNL,58,62,150.0,272.1,40815.0,2025-07-09
2025070904021158,MHNL,44,62,100.0,272.1,27210.0,2025-07-09
2025070904021157,MHNL,34,62,170.0,273.0,46410.0,2025-07-09
2025070904021156,MHNL,44,62,96.0,276.0,26496.0,2025-07-09
2025070904021155,MHNL,22,62,50.0,276.0,13800.0,2025-07-09
2025070903009471,SJLIC,32,62,460.0,441.0,202860.0,2025-07-09
2025070903009470,SJLIC,32,62,40.0,441.0,17640.0,2025-07-09
2025070901019307,PCBL,17,62,200.0,263.5,52700.0,2025-07-09
2025070901019306,NBL,44,34,500.0,264.6,132300.0,2025-07-09
2025070904021154,HURJA,47,48,500.0,251.0,125500.0,2025-07-09
2025070901019305,CITY,62,14,95.0,837.2,79534.0,2025-07-09
2025070904021153,JOSHI,7,42,50.0,327.0,16350.0,2025-07-09
2025070903009469,MFIL,18,28,300.0,609.0,182700.0,2025-07-09
2025070904021152,GHL,5,48,2247.0,252.3,566918.1,2025-07-09
2025070904021151,GHL,5,32,219.0,252.3,55253.7,2025-07-09
2025070904021150,GHL,5,59,50.0,252.0,12600.0,2025-07-09
2025070904021149,PRIN,55,56,100.0,930.1,93010.0,2025-07-09
2025070901019304,PRVU,28,45,50.0,212.0,10600.0,2025-07-09
2025070904021148,GHL,62,59,100.0,252.0,25200.0,2025-07-09
2025070901019303,MKHL,62,34,25.0,828.0,20700.0,2025-07-09
2025070904021147,JOSHI,29,42,100.0,327.0,32700.0,2025-07-09
2025070901019302,SARBTM,25,11,10.0,872.0,8720.0,2025-07-09
2025070901019301,LSL,58,34,69.0,222.0,15318.0,2025-07-09
2025070901019300,LSL,8,34,186.0,222.0,41292.0,2025-07-09
2025070901019299,LSL,57,34,50.0,223.0,11150.0,2025-07-09
2025070903009468,MDB,34,49,125.0,592.9,74112.5,2025-07-09
2025070903009467,MDB,34,32,100.0,592.8,59280.0,2025-07-09
2025070905012036,BBC,47,34,10.0,5438.9,54389.0,2025-07-09
2025070904021146,TRH,72,34,95.0,940.0,89300.0,2025-07-09
2025070904021145,TRH,72,48,25.0,939.9,23497.5,2025-07-09
2025070903009466,LICN,41,55,21.0,896.9,18834.9,2025-07-09
2025070901019298,CREST,45,41,15.0,1400.0,21000.0,2025-07-09
2025070901019297,MKJC,34,41,10.0,530.0,5300.0,2025-07-09
2025070904021144,DHPL,58,26,20.0,323.0,6460.0,2025-07-09
2025070905012035,NRIC,52,38,29.0,1314.0,38106.0,2025-07-09
2025070905012034,NRIC,52,38,100.0,1314.0,131400.0,2025-07-09
2025070905012033,NRIC,52,6,20.0,1314.0,26280.0,2025-07-09
2025070905012032,NRIC,52,38,10.0,1313.0,13130.0,2025-07-09
2025070905012031,NRIC,52,45,100.0,1313.0,131300.0,2025-07-09
2025070905012030,NRIC,52,26,30.0,1313.0,39390.0,2025-07-09
2025070905012029,NRIC,52,91,11.0,1313.0,14443.0,2025-07-09
2025070904021143,GHL,22,5,470.0,252.0,118440.0,2025-07-09
2025070904021142,GHL,49,5,30.0,252.1,7563.0,2025-07-09
2025070903009465,SLBBL,58,25,95.0,909.8,86431.0,2025-07-09
2025070904021141,PMHPL,65,87,10.0,403.3,4033.0,2025-07-09
2025070901019296,DORDI,56,6,371.0,315.0,116865.0,2025-07-09
2025070903009464,MPFL,48,26,20.0,602.0,12040.0,2025-07-09
2025070904021140,UNHPL,62,48,160.0,423.0,67680.0,2025-07-09
2025070901019295,MCHL,1,7,500.0,531.0,265500.0,2025-07-09
2025070904021139,IGI,35,62,19.0,544.0,10336.0,2025-07-09
2025070904021138,IGI,35,41,121.0,544.0,65824.0,2025-07-09
2025070904021137,RADHI,36,62,100.0,789.0,78900.0,2025-07-09
2025070904021136,CHCL,29,62,70.0,526.0,36820.0,2025-07-09
2025070903009463,NLICL,6,54,305.0,620.0,189100.0,2025-07-09
2025070905012028,SHIVM,54,50,259.0,516.9,133877.1,2025-07-09
2025070905012027,SHIVM,54,45,24.0,516.9,12405.6,2025-07-09
2025070905012026,SHIVM,54,41,201.0,516.5,103816.5,2025-07-09
2025070905012025,SHIVM,54,52,16.0,515.0,8240.0,2025-07-09
2025070901019294,CREST,45,36,53.0,1400.0,74200.0,2025-07-09
2025070901019293,CREST,1,36,28.0,1400.0,39200.0,2025-07-09
2025070905012024,CIT,65,47,100.0,1935.0,193500.0,2025-07-09
2025070905012023,CIT,65,56,50.0,1935.0,96750.0,2025-07-09
2025070905012022,CIT,65,28,50.0,1935.0,96750.0,2025-07-09
2025070905012021,CIT,65,14,21.0,1934.0,40614.0,2025-07-09
2025070905012020,CIT,65,35,100.0,1932.0,193200.0,2025-07-09
2025070905012019,CIT,65,41,22.0,1930.0,42460.0,2025-07-09
2025070905012018,CIT,65,11,10.0,1930.0,19300.0,2025-07-09
2025070905012017,CIT,65,22,60.0,1930.0,115800.0,2025-07-09
2025070905012016,CIT,65,35,22.0,1930.0,42460.0,2025-07-09
2025070905012015,CIT,65,26,150.0,1929.9,289485.0,2025-07-09
2025070905012014,CIT,65,45,70.0,1928.0,134960.0,2025-07-09
2025070905012013,CIT,65,46,65.0,1928.0,125320.0,2025-07-09
2025070905012012,CIT,65,46,40.0,1927.0,77080.0,2025-07-09
2025070905012011,CIT,65,17,50.0,1926.9,96345.0,2025-07-09
2025070905012010,CIT,65,47,100.0,1926.0,192600.0,2025-07-09
2025070905012009,CIT,65,25,26.0,1926.0,50076.0,2025-07-09
2025070905012008,CIT,65,13,10.0,1925.9,19259.0,2025-07-09
2025070905012007,CIT,65,38,20.0,1925.0,38500.0,2025-07-09
2025070905012006,CIT,65,45,24.0,1925.0,46200.0,2025-07-09
2025070905012005,CIT,65,58,10.0,1924.0,19240.0,2025-07-09
2025070901019292,CREST,1,14,500.0,1400.0,700000.0,2025-07-09
2025070904021135,BPCL,71,53,10.0,835.0,8350.0,2025-07-09
2025070904021134,BPCL,71,71,34.0,835.0,28390.0,2025-07-09
2025070905012004,HIDCL,6,32,200.0,294.7,58940.0,2025-07-09
2025070903009462,PFL,6,19,100.0,420.0,42000.0,2025-07-09
2025070903009461,PFL,6,37,129.0,420.0,54180.0,2025-07-09
2025070901019291,PURE,26,40,25.0,884.2,22105.0,2025-07-09
2025070901019290,PURE,42,40,50.0,885.0,44250.0,2025-07-09
2025070901019289,PURE,4,40,15.0,885.0,13275.0,2025-07-09
2025070901019288,PURE,60,40,10.0,885.0,8850.0,2025-07-09
2025070904021133,SSHL,21,38,20.0,251.1,5022.0,2025-07-09
2025070904021132,CHL,7,38,696.0,330.0,229680.0,2025-07-09
2025070904021131,CHL,45,38,50.0,330.0,16500.0,2025-07-09
2025070901019287,GVL,59,42,11.0,465.1,5116.1,2025-07-09
2025070901019286,MKHL,1,34,35.0,828.0,28980.0,2025-07-09
2025070901019285,MKHL,1,39,65.0,826.0,53690.0,2025-07-09
2025070903009460,SINDU,1,58,120.0,919.0,110280.0,2025-07-09
2025070901019284,MKHL,84,39,15.0,826.0,12390.0,2025-07-09
2025070901019283,MKHL,84,39,10.0,827.0,8270.0,2025-07-09
2025070901019282,BHL,49,1,100.0,212.0,21200.0,2025-07-09
2025070901019281,BHL,62,1,90.0,212.0,19080.0,2025-07-09
2025070901019280,BHL,41,1,400.0,212.1,84840.0,2025-07-09
2025070901019279,BHL,14,1,1579.0,212.5,335537.5,2025-07-09
2025070901019278,BHL,25,1,285.0,212.5,60562.5,2025-07-09
2025070903009459,CBBL,43,59,19.0,977.1,18564.9,2025-07-09
2025070904021130,BPCL,64,62,1076.0,834.0,897384.0,2025-07-09
2025070904021129,UNHPL,62,35,50.0,423.0,21150.0,2025-07-09
2025070904021128,UNHPL,62,49,90.0,422.5,38025.0,2025-07-09
2025070904021127,UNHPL,62,7,200.0,422.0,84400.0,2025-07-09
2025070905012003,SMJC,21,58,70.0,530.0,37100.0,2025-07-09
2025070901019277,IHL,32,49,11.0,553.7,6090.7,2025-07-09
2025070901019276,GBIME,84,58,17.0,242.7,4125.9,2025-07-09
2025070903009458,JFL,25,42,27.0,500.0,13500.0,2025-07-09
2025070903009457,SJLIC,52,47,10.0,440.0,4400.0,2025-07-09
2025070901019275,BGWT,49,14,190.0,1030.0,195700.0,2025-07-09
2025070901019274,BGWT,49,50,20.0,1029.9,20598.0,2025-07-09
2025070901019273,BGWT,49,34,40.0,1029.9,41196.0,2025-07-09
2025070901019272,NICA,6,50,500.0,361.0,180500.0,2025-07-09
2025070901019271,PRVU,28,17,1000.0,212.0,212000.0,2025-07-09
2025070901019270,PRVU,28,1,200.0,212.0,42400.0,2025-07-09
2025070901019269,PRVU,28,33,356.0,212.0,75472.0,2025-07-09
2025070901019268,CYCL,67,58,140.0,1645.0,230300.0,2025-07-09
2025070901019267,CYCL,67,45,60.0,1644.9,98694.0,2025-07-09
2025070901019266,NMIC,38,25,90.0,1579.9,142191.0,2025-07-09
2025070901019265,SANIMA,50,42,200.0,342.0,68400.0,2025-07-09
2025070901019264,GMLI,25,33,10.0,2330.0,23300.0,2025-07-09
2025070903009456,CBBL,48,46,26.0,979.2,25459.2,2025-07-09
2025070903009455,CBBL,48,58,13.0,979.1,12728.3,2025-07-09
2025070903009454,CBBL,48,8,50.0,979.0,48950.0,2025-07-09
2025070903009453,CBBL,48,29,82.0,979.0,80278.0,2025-07-09
2025070903009452,CBBL,48,59,67.0,979.0,65593.0,2025-07-09
2025070903009451,CBBL,48,5,58.0,979.0,56782.0,2025-07-09
2025070903009450,CBBL,48,21,13.0,979.0,12727.0,2025-07-09
2025070903009449,CBBL,48,26,10.0,979.0,9790.0,2025-07-09
2025070903009448,CBBL,48,65,1000.0,979.0,979000.0,2025-07-09
2025070903009447,CBBL,48,43,30.0,979.0,29370.0,2025-07-09
2025070903009446,CBBL,48,49,795.0,979.0,778305.0,2025-07-09
2025070903009445,CBBL,48,60,356.0,977.2,347883.2,2025-07-09
2025070905012002,HIDCL,45,32,10.0,294.7,2947.0,2025-07-09
2025070903009444,SAPDBL,3,45,10.0,1060.0,10600.0,2025-07-09
2025070904021126,CHCL,93,29,10.0,527.0,5270.0,2025-07-09
2025070901019263,NESDO,42,13,16.0,1580.0,25280.0,2025-07-09
2025070901019262,NESDO,62,13,34.0,1580.0,53720.0,2025-07-09
2025070901019261,NICA,22,50,30.0,361.0,10830.0,2025-07-09
2025070904021125,RADHI,16,62,200.0,789.0,157800.0,2025-07-09
2025070904021124,RADHI,4,62,115.0,789.0,90735.0,2025-07-09
2025070904021123,RADHI,48,62,200.0,789.0,157800.0,2025-07-09
2025070904021122,RADHI,59,62,200.0,789.0,157800.0,2025-07-09
2025070904021121,RADHI,21,62,500.0,789.0,394500.0,2025-07-09
2025070904021120,RADHI,64,62,429.0,789.0,338481.0,2025-07-09
2025070903009443,NFS,58,62,200.0,730.0,146000.0,2025-07-09
2025070904021119,HEI,16,44,100.0,593.9,59390.0,2025-07-09
2025070901019260,SRLI,22,34,34.0,401.3,13644.2,2025-07-09
2025070901019259,SRLI,44,34,500.0,401.5,200750.0,2025-07-09
2025070901019258,SRLI,42,34,20.0,401.9,8038.0,2025-07-09
2025070901019257,SRLI,14,34,50.0,402.0,20100.0,2025-07-09
2025070901019256,SRLI,59,34,1000.0,402.0,402000.0,2025-07-09
2025070901019255,SRLI,11,34,50.0,402.0,20100.0,2025-07-09
2025070901019254,SRLI,32,34,500.0,402.1,201050.0,2025-07-09
2025070901019253,SRLI,55,34,488.0,402.2,196273.6,2025-07-09
2025070901019252,SRLI,52,34,40.0,402.3,16092.0,2025-07-09
2025070901019251,SRLI,21,34,95.0,402.5,38237.5,2025-07-09
2025070901019250,SRLI,35,34,50.0,402.7,20135.0,2025-07-09
2025070901019249,SRLI,19,34,38.0,403.0,15314.0,2025-07-09
2025070901019248,SRLI,1,34,25.0,403.0,10075.0,2025-07-09
2025070901019247,SRLI,54,34,91.0,403.0,36673.0,2025-07-09
2025070901019246,SRLI,22,34,19.0,403.3,7662.7,2025-07-09
2025070901019245,PURE,6,58,10.0,886.0,8860.0,2025-07-09
2025070904021118,KKHC,11,58,50.0,436.0,21800.0,2025-07-09
2025070904021117,KKHC,51,58,350.0,436.1,152635.0,2025-07-09
2025070901019244,PRVU,33,6,500.0,211.9,105950.0,2025-07-09
2025070904021116,NIL,28,42,10.0,700.0,7000.0,2025-07-09
2025070901019243,NIMB,26,57,400.0,215.8,86320.0,2025-07-09
2025070901019242,SMHL,56,41,270.0,971.1,262197.0,2025-07-09
2025070901019241,SMHL,62,41,20.0,971.2,19424.0,2025-07-09
2025070901019240,SMHL,62,41,10.0,971.2,9712.0,2025-07-09
2025070904021115,PMHPL,5,47,427.0,406.9,173746.3,2025-07-09
2025070904021114,PMHPL,5,62,190.0,406.9,77311.0,2025-07-09
2025070904021113,PMHPL,5,17,73.0,406.0,29638.0,2025-07-09
2025070904021112,PMHPL,5,64,310.0,405.0,125550.0,2025-07-09
2025070904021111,UMRH,21,19,60.0,583.0,34980.0,2025-07-09
2025070901019239,BHL,25,38,10.0,212.5,2125.0,2025-07-09
2025070904021110,UMRH,48,75,77.0,586.0,45122.0,2025-07-09
2025070904021109,UMRH,48,25,54.0,585.0,31590.0,2025-07-09
2025070904021108,UMRH,48,17,369.0,585.0,215865.0,2025-07-09
2025070903009442,CBBL,43,3,19.0,977.1,18564.9,2025-07-09
2025070903009441,CBBL,43,97,20.0,977.0,19540.0,2025-07-09
2025070903009440,CBBL,43,55,42.0,973.0,40866.0,2025-07-09
2025070905012001,PHCL,45,98,28.0,511.0,14308.0,2025-07-09
2025070904021107,SICL,26,51,50.0,766.9,38345.0,2025-07-09
2025070901019238,MANDU,6,44,200.0,871.0,174200.0,2025-07-09
2025070904021106,CGH,59,49,365.0,958.0,349670.0,2025-07-09
2025070901019237,HIDCLP,59,69,150.0,209.7,31455.0,2025-07-09
2025070901019236,HIDCLP,59,41,233.0,209.7,48860.1,2025-07-09
2025070904021105,DHPL,22,26,20.0,323.0,6460.0,2025-07-09
2025070904021104,DHPL,22,43,180.0,323.0,58140.0,2025-07-09
2025070905012000,MBJC,41,22,10.0,312.1,3121.0,2025-07-09
2025070903009439,KMCDB,62,42,10.0,1043.0,10430.0,2025-07-09
2025070903009438,KMCDB,62,34,60.0,1040.0,62400.0,2025-07-09
2025070904021103,NICL,26,21,26.0,634.0,16484.0,2025-07-09
2025070904021102,NICL,48,21,200.0,634.0,126800.0,2025-07-09
2025070904021101,NICL,33,21,350.0,634.0,221900.0,2025-07-09
2025070904021100,NICL,16,21,69.0,635.0,43815.0,2025-07-09
2025070904021099,NICL,10,21,44.0,635.0,27940.0,2025-07-09
2025070904021098,NICL,38,21,150.0,635.0,95250.0,2025-07-09
2025070904021097,NICL,35,21,55.0,635.1,34930.5,2025-07-09
2025070904021096,NICL,54,21,10.0,635.1,6351.0,2025-07-09
2025070904021095,NICL,58,21,30.0,636.0,19080.0,2025-07-09
2025070904021094,NICL,22,21,11.0,636.0,6996.0,2025-07-09
2025070904021093,NICL,42,21,20.0,636.5,12730.0,2025-07-09
2025070904021092,NICL,49,21,35.0,636.9,22291.5,2025-07-09
2025070903009437,SLBBL,16,25,490.0,909.8,445802.0,2025-07-09
2025070903009436,SLBBL,16,62,10.0,909.8,9098.0,2025-07-09
2025070904021091,SHPC,29,25,63.0,598.0,37674.0,2025-07-09
2025070904021090,SHPC,22,25,187.0,598.0,111826.0,2025-07-09
2025070904021089,RIDI,47,57,500.0,257.0,128500.0,2025-07-09
2025070901019235,SANIMA,49,42,30.0,342.0,10260.0,2025-07-09
2025070904021088,API,57,69,20.0,294.9,5898.0,2025-07-09
2025070904021087,UPCL,57,38,200.0,409.0,81800.0,2025-07-09
2025070904021086,SHPC,22,95,513.0,598.0,306774.0,2025-07-09
2025070904021085,SHPC,35,95,10.0,598.0,5980.0,2025-07-09
2025070904021084,SHPC,41,95,100.0,598.0,59800.0,2025-07-09
2025070904021083,SHPC,34,95,300.0,598.0,179400.0,2025-07-09
2025070904021082,SHPC,62,95,77.0,598.0,46046.0,2025-07-09
2025070901019234,NBL,84,42,1330.0,264.8,352184.0,2025-07-09
2025070903009435,GBLBS,58,19,60.0,815.1,48906.0,2025-07-09
2025070905011999,NTC,19,68,10.0,847.1,8471.0,2025-07-09
2025070904021081,GLH,55,38,15.0,263.4,3951.0,2025-07-09
2025070904021080,GLH,26,38,15.0,263.4,3951.0,2025-07-09
2025070904021079,GLH,26,38,20.0,263.5,5270.0,2025-07-09
2025070905011998,HATHY,52,38,50.0,1217.0,60850.0,2025-07-09
2025070901019233,SPC,45,62,20.0,517.0,10340.0,2025-07-09
2025070903009434,MPFL,42,45,70.0,601.0,42070.0,2025-07-09
2025070904021078,UAIL,45,1,10.0,564.0,5640.0,2025-07-09
2025070905011997,SMJC,58,58,400.0,530.0,212000.0,2025-07-09
2025070905011996,CHDC,59,91,20.0,2720.0,54400.0,2025-07-09
2025070905011995,CHDC,59,91,90.0,2720.0,244800.0,2025-07-09
2025070903009433,MDB,7,22,69.0,591.3,40799.7,2025-07-09
2025070903009432,MDB,5,22,10.0,591.4,5914.0,2025-07-09
2025070903009431,MDB,45,22,21.0,592.3,12438.3,2025-07-09
2025070905011994,SAHAS,81,62,26.0,598.1,15550.6,2025-07-09
2025070905011993,SAHAS,66,62,1414.0,603.0,852642.0,2025-07-09
2025070905011992,NRIC,22,91,50.0,1313.0,65650.0,2025-07-09
2025070901019232,RFPL,78,19,240.0,613.0,147120.0,2025-07-09
2025070901019231,RFPL,78,58,260.0,612.0,159120.0,2025-07-09
2025070903009430,CBBL,44,55,10.0,973.0,9730.0,2025-07-09
2025070901019230,OMPL,68,25,10.0,1357.0,13570.0,2025-07-09
2025070901019229,PCBL,34,62,11.0,263.5,2898.5,2025-07-09
2025070904021077,RIDI,28,34,479.0,256.4,122815.6,2025-07-09
2025070904021076,RIDI,59,34,300.0,256.5,76950.0,2025-07-09
2025070904021075,RIDI,6,34,98.0,256.5,25137.0,2025-07-09
2025070904021074,RIDI,43,34,20.0,256.5,5130.0,2025-07-09
2025070904021073,RIDI,17,34,72.0,256.5,18468.0,2025-07-09
2025070904021072,RIDI,28,34,200.0,256.5,51300.0,2025-07-09
2025070904021071,RIDI,40,34,1000.0,256.6,256600.0,2025-07-09
2025070904021070,RIDI,101,34,20.0,256.7,5134.0,2025-07-09
2025070904021069,RIDI,6,34,10.0,256.7,2567.0,2025-07-09
2025070904021068,RIDI,6,34,71.0,256.7,18225.7,2025-07-09
2025070905011991,SAHAS,66,10,500.0,603.0,301500.0,2025-07-09
2025070904021067,BPCL,64,67,2000.0,834.0,1668000.0,2025-07-09
2025070901019228,RFPL,40,58,340.0,612.0,208080.0,2025-07-09
2025070901019227,RFPL,40,32,10.0,612.0,6120.0,2025-07-09
2025070901019226,RFPL,40,53,200.0,612.0,122400.0,2025-07-09
2025070901019225,MMKJL,48,42,91.0,618.0,56238.0,2025-07-09
2025070901019224,MMKJL,48,64,10.0,617.0,6170.0,2025-07-09
2025070901019223,MMKJL,48,48,179.0,616.9,110425.1,2025-07-09
2025070901019222,MMKJL,48,34,390.0,614.0,239460.0,2025-07-09
2025070901019221,MMKJL,48,42,30.0,613.0,18390.0,2025-07-09
2025070901019220,NMIC,43,58,10.0,1577.0,15770.0,2025-07-09
2025070901019219,SNLI,72,43,12.0,488.3,5859.6,2025-07-09
2025070903009429,SKBBL,45,71,200.0,810.0,162000.0,2025-07-09
2025070901019218,SANIMA,32,14,100.0,341.8,34180.0,2025-07-09
2025070901019217,CREST,1,35,10.0,1400.0,14000.0,2025-07-09
2025070903009428,SFCL,35,49,100.0,508.0,50800.0,2025-07-09
2025070901019216,DLBS,43,53,10.0,1525.2,15252.0,2025-07-09
2025070901019215,HBL,32,22,500.0,223.2,111600.0,2025-07-09
2025070904021066,NICL,49,13,65.0,636.9,41398.5,2025-07-09
2025070905011990,NRN,72,82,100.0,2320.0,232000.0,2025-07-09
2025070905011989,NRIC,63,57,50.0,1312.2,65610.0,2025-07-09
2025070901019214,GBIME,57,51,50.0,243.0,12150.0,2025-07-09
2025070904021065,UPCL,86,38,100.0,409.0,40900.0,2025-07-09
2025070903009427,NFS,58,43,100.0,730.0,73000.0,2025-07-09
2025070903009426,NFS,49,43,100.0,731.0,73100.0,2025-07-09
2025070903009425,GRDBL,88,72,10.0,1361.0,13610.0,2025-07-09
2025070904021064,UAIL,35,1,50.0,564.0,28200.0,2025-07-09
2025070904021063,AKJCL,26,10,200.0,207.9,41580.0,2025-07-09
2025070905011988,HIDCL,51,32,1081.0,294.1,317922.1,2025-07-09
2025070905011987,HIDCL,38,32,500.0,294.1,147050.0,2025-07-09
2025070905011986,HIDCL,1,32,10.0,294.2,2942.0,2025-07-09
2025070905011985,HIDCL,42,32,1000.0,294.2,294200.0,2025-07-09
2025070905011984,HIDCL,57,32,100.0,294.2,29420.0,2025-07-09
2025070905011983,HIDCL,88,32,559.0,294.2,164457.8,2025-07-09
2025070905011982,HIDCL,40,32,1750.0,294.3,515025.0,2025-07-09
2025070903009424,SJLIC,52,29,50.0,440.0,22000.0,2025-07-09
2025070904021062,HPPL,22,95,40.0,509.0,20360.0,2025-07-09
2025070903009423,MLBSL,34,34,10.0,2240.0,22400.0,2025-07-09
2025070901019213,SBL,63,34,250.0,344.0,86000.0,2025-07-09
2025070905011981,HIDCL,40,49,250.0,294.3,73575.0,2025-07-09
2025070903009422,RLFL,34,49,20.0,492.0,9840.0,2025-07-09
2025070904021061,HEI,64,44,10.0,593.9,5939.0,2025-07-09
2025070903009421,SFCL,64,49,200.0,508.0,101600.0,2025-07-09
2025070905011980,HIDCL,58,32,50.0,294.7,14735.0,2025-07-09
2025070901019212,NMIC,83,58,10.0,1577.0,15770.0,2025-07-09
2025070901019211,PCBL,74,50,100.0,260.3,26030.0,2025-07-09
2025070904021060,SHPC,62,38,410.0,598.0,245180.0,2025-07-09
2025070904021059,SHPC,4,38,90.0,598.1,53829.0,2025-07-09
2025070901019210,NBL,48,42,75.0,264.8,19860.0,2025-07-09
2025070903009420,LICN,45,55,15.0,897.0,13455.0,2025-07-09
2025070905011979,HDL,43,18,42.0,1223.0,51366.0,2025-07-09
2025070905011978,HDL,43,58,10.0,1223.0,12230.0,2025-07-09
2025070905011977,HDL,43,57,23.0,1223.0,28129.0,2025-07-09
2025070905011976,HDL,43,36,25.0,1223.0,30575.0,2025-07-09
2025070904021058,PPCL,42,65,100.0,377.3,37730.0,2025-07-09
2025070901019209,NESDO,66,58,10.0,1583.0,15830.0,2025-07-09
2025070904021057,NGPL,17,49,50.0,389.0,19450.0,2025-07-09
2025070904021056,KKHC,11,17,200.0,436.0,87200.0,2025-07-09
2025070905011975,NRN,25,82,54.0,2320.0,125280.0,2025-07-09
2025070905011974,NRN,25,42,46.0,2319.0,106674.0,2025-07-09
2025070905011973,NRN,25,7,100.0,2318.9,231890.0,2025-07-09
2025070903009419,JBBL,25,22,337.0,331.7,111782.9,2025-07-09
2025070903009418,JBBL,25,51,93.0,331.7,30848.1,2025-07-09
2025070903009417,JBBL,25,34,20.0,331.5,6630.0,2025-07-09
2025070901019208,NIBD84,58,1,50.0,1055.0,52750.0,2025-07-09
2025070901019207,EHPL,42,22,10.0,562.0,5620.0,2025-07-09
2025070904021055,SPDL,58,34,97.0,407.5,39527.5,2025-07-09
2025070904021054,SPDL,58,34,50.0,408.0,20400.0,2025-07-09
2025070904021053,SPDL,62,34,853.0,408.0,348024.0,2025-07-09
2025070904021052,SPDL,41,34,500.0,408.2,204100.0,2025-07-09
2025070901019206,PURE,6,1,10.0,886.0,8860.0,2025-07-09
2025070901019205,CKHL,5,36,50.0,646.0,32300.0,2025-07-09
2025070903009416,GRDBL,57,72,10.0,1361.0,13610.0,2025-07-09
2025070904021051,LEC,40,19,50.0,215.6,10780.0,2025-07-09
2025070901019204,DORDI,38,6,65.0,315.0,20475.0,2025-07-09
2025070901019203,PRVU,48,33,644.0,212.0,136528.0,2025-07-09
2025070901019202,PRVU,48,42,903.0,212.0,191436.0,2025-07-09
2025070901019201,PRVU,48,6,100.0,212.0,21200.0,2025-07-09
2025070901019200,PRVU,48,50,100.0,212.0,21200.0,2025-07-09
2025070901019199,PRVU,48,46,25.0,212.0,5300.0,2025-07-09
2025070901019198,PRVU,48,45,500.0,212.0,106000.0,2025-07-09
2025070901019197,PRVU,48,33,42.0,212.0,8904.0,2025-07-09
2025070901019196,PRVU,48,58,10.0,212.0,2120.0,2025-07-09
2025070901019195,PRVU,48,41,200.0,212.0,42400.0,2025-07-09
2025070901019194,PRVU,48,55,2500.0,212.0,530000.0,2025-07-09
2025070901019193,PRVU,48,59,476.0,212.0,100912.0,2025-07-09
2025070901019192,PRVU,48,3,500.0,211.9,105950.0,2025-07-09
2025070901019191,PRVU,48,52,100.0,211.9,21190.0,2025-07-09
2025070901019190,PRVU,48,71,900.0,211.8,190620.0,2025-07-09
2025070904021050,RHPL,45,34,25.0,347.5,8687.5,2025-07-09
2025070904021049,RADHI,64,66,71.0,789.0,56019.0,2025-07-09
2025070904021048,RADHI,43,66,200.0,789.1,157820.0,2025-07-09
2025070901019189,ULBSL,34,38,10.0,3420.0,34200.0,2025-07-09
2025070901019188,MBL,6,1,201.0,233.0,46833.0,2025-07-09
2025070901019187,MBL,6,34,50.0,233.0,11650.0,2025-07-09
2025070901019186,MBL,6,49,200.0,233.0,46600.0,2025-07-09
2025070901019185,MBL,6,58,150.0,233.0,34950.0,2025-07-09
2025070901019184,MBL,6,58,500.0,233.0,116500.0,2025-07-09
2025070901019183,MBL,6,51,60.0,233.0,13980.0,2025-07-09
2025070901019182,MBL,6,43,200.0,233.0,46600.0,2025-07-09
2025070901019181,MBL,6,1,850.0,233.0,198050.0,2025-07-09
2025070901019180,MBL,6,59,250.0,232.9,58225.0,2025-07-09
2025070901019179,MBL,6,25,50.0,232.9,11645.0,2025-07-09
2025070901019178,MBL,6,1,1500.0,232.9,349350.0,2025-07-09
2025070901019177,MBL,6,58,50.0,232.8,11640.0,2025-07-09
2025070901019176,MBL,6,42,939.0,232.6,218411.4,2025-07-09
2025070901019175,TVCL,4,41,20.0,487.0,9740.0,2025-07-09
2025070904021047,MHNL,22,84,200.0,276.0,55200.0,2025-07-09
2025070901019174,NBL,8,42,50.0,264.8,13240.0,2025-07-09
2025070904021046,BARUN,48,56,1000.0,451.0,451000.0,2025-07-09
2025070903009415,ICFC,57,5,10.0,623.0,6230.0,2025-07-09
2025070901019173,CITY,62,57,10.0,837.2,8372.0,2025-07-09
2025070901019172,GMLI,25,38,40.0,2330.0,93200.0,2025-07-09
2025070903009414,NFS,49,58,100.0,731.0,73100.0,2025-07-09
2025070905011972,HDL,16,13,100.0,1220.1,122010.0,2025-07-09
2025070903009413,NICLBSL,45,45,10.0,622.0,6220.0,2025-07-09
2025070903009412,LICN,45,21,155.0,897.0,139035.0,2025-07-09
2025070903009411,LICN,45,59,20.0,897.0,17940.0,2025-07-09
2025070903009410,LICN,45,54,10.0,897.0,8970.0,2025-07-09
2025070904021045,NGPL,45,45,241.0,389.0,93749.0,2025-07-09
2025070904021044,NGPL,45,62,300.0,389.0,116700.0,2025-07-09
2025070904021043,NGPL,45,50,459.0,389.0,178551.0,2025-07-09
2025070904021042,NGPL,45,16,1000.0,388.0,388000.0,2025-07-09
2025070904021041,RHPL,42,34,10.0,347.5,3475.0,2025-07-09
2025070901019171,HIDCLP,74,42,500.0,209.4,104700.0,2025-07-09
2025070901019170,MHCL,65,41,60.0,449.9,26994.0,2025-07-09
2025070901019169,MHCL,65,61,100.0,449.4,44940.0,2025-07-09
2025070901019168,MHCL,65,41,50.0,449.3,22465.0,2025-07-09
2025070901019167,MHCL,65,57,10.0,449.0,4490.0,2025-07-09
2025070901019166,MHCL,65,34,10.0,449.0,4490.0,2025-07-09
2025070901019165,MHCL,65,41,270.0,449.0,121230.0,2025-07-09
2025070901019164,RFPL,58,19,20.0,613.0,12260.0,2025-07-09
2025070901019163,RFPL,58,44,20.0,613.0,12260.0,2025-07-09
2025070901019162,RFPL,58,42,200.0,613.0,122600.0,2025-07-09
2025070901019161,RFPL,58,6,160.0,613.0,98080.0,2025-07-09
2025070901019160,RFPL,58,6,100.0,612.0,61200.0,2025-07-09
2025070901019159,ADBL,58,51,398.0,307.0,122186.0,2025-07-09
2025070901019158,ADBL,58,57,239.0,307.0,73373.0,2025-07-09
2025070901019157,ADBL,58,22,33.0,307.0,10131.0,2025-07-09
2025070901019156,ADBL,58,41,100.0,307.0,30700.0,2025-07-09
2025070901019155,ADBL,58,42,170.0,307.0,52190.0,2025-07-09
2025070901019154,ADBL,58,4,195.0,307.0,59865.0,2025-07-09
2025070901019153,ADBL,58,42,200.0,307.0,61400.0,2025-07-09
2025070901019152,ADBL,58,59,200.0,307.0,61400.0,2025-07-09
2025070901019151,ADBL,58,13,300.0,307.0,92100.0,2025-07-09
2025070901019150,ADBL,58,58,13.0,307.0,3991.0,2025-07-09
2025070901019149,ADBL,58,25,486.0,307.0,149202.0,2025-07-09
2025070901019148,ADBL,58,1,66.0,307.0,20262.0,2025-07-09
2025070901019147,KBL,89,41,571.0,212.9,121565.9,2025-07-09
2025070901019146,KBL,89,45,838.0,212.9,178410.2,2025-07-09
2025070901019145,KBL,89,42,200.0,212.8,42560.0,2025-07-09
2025070901019144,KBL,89,6,1000.0,212.8,212800.0,2025-07-09
2025070901019143,KBL,89,6,100.0,212.8,21280.0,2025-07-09
2025070901019142,KBL,89,6,1000.0,212.7,212700.0,2025-07-09
2025070901019141,KBL,89,29,10.0,212.7,2127.0,2025-07-09
2025070901019140,KBL,89,13,200.0,212.5,42500.0,2025-07-09
2025070901019139,KBL,89,18,50.0,212.5,10625.0,2025-07-09
2025070901019138,KBL,89,53,31.0,212.5,6587.5,2025-07-09
2025070905011971,GCIL,74,19,72.0,510.0,36720.0,2025-07-09
2025070905011970,GCIL,74,32,241.0,510.0,122910.0,2025-07-09
2025070905011969,GCIL,74,55,57.0,510.0,29070.0,2025-07-09
2025070905011968,GCIL,74,57,10.0,510.0,5100.0,2025-07-09
2025070905011967,GCIL,74,81,10.0,510.0,5100.0,2025-07-09
2025070905011966,GCIL,74,38,10.0,510.0,5100.0,2025-07-09
2025070905011965,GCIL,74,57,11.0,510.0,5610.0,2025-07-09
2025070905011964,GCIL,74,22,11.0,510.0,5610.0,2025-07-09
2025070905011963,GCIL,74,7,23.0,510.0,11730.0,2025-07-09
2025070905011962,GCIL,74,43,33.0,510.0,16830.0,2025-07-09
2025070901019137,RHGCL,36,7,10.0,389.9,3899.0,2025-07-09
2025070901019136,RHGCL,36,33,20.0,385.0,7700.0,2025-07-09
2025070901019135,NMIC,53,17,10.0,1576.5,15765.0,2025-07-09
2025070901019134,GVL,59,17,90.0,465.1,41859.0,2025-07-09
2025070904021040,UPPER,36,28,571.0,196.4,112144.4,2025-07-09
2025070904021039,UPPER,36,58,45.0,196.0,8820.0,2025-07-09
2025070904021038,UPPER,36,55,20.0,196.0,3920.0,2025-07-09
2025070904021037,UPPER,36,49,364.0,196.0,71344.0,2025-07-09
2025070901019133,USHL,3,58,110.0,619.0,68090.0,2025-07-09
2025070901019132,USHL,3,61,80.0,618.0,49440.0,2025-07-09
2025070901019131,GBIME,22,51,40.0,243.0,9720.0,2025-07-09
2025070904021036,RIDI,34,57,110.0,257.0,28270.0,2025-07-09
2025070904021035,RIDI,34,57,390.0,257.0,100230.0,2025-07-09
2025070903009409,SADBL,49,34,90.0,414.0,37260.0,2025-07-09
2025070901019130,DORDI,58,6,50.0,315.0,15750.0,2025-07-09
2025070901019129,DORDI,42,6,300.0,315.0,94500.0,2025-07-09
2025070901019128,DORDI,58,6,25.0,315.0,7875.0,2025-07-09
2025070901019127,DORDI,90,6,20.0,315.0,6300.0,2025-07-09
2025070901019126,DORDI,6,6,100.0,315.0,31500.0,2025-07-09
2025070901019125,DORDI,55,6,69.0,315.0,21735.0,2025-07-09
2025070905011961,CHDC,92,91,10.0,2720.0,27200.0,2025-07-09
2025070905011960,ILI,57,44,88.0,451.9,39767.2,2025-07-09
2025070904021034,SSHL,21,57,210.0,251.1,52731.0,2025-07-09
2025070904021033,SSHL,26,57,200.0,251.1,50220.0,2025-07-09
2025070904021032,SSHL,45,57,90.0,251.2,22608.0,2025-07-09
2025070903009408,MNBBL,43,49,97.0,384.0,37248.0,2025-07-09
2025070903009407,MNBBL,43,50,100.0,383.9,38390.0,2025-07-09
2025070903009406,MNBBL,43,85,100.0,383.9,38390.0,2025-07-09
2025070903009405,MNBBL,43,50,100.0,383.9,38390.0,2025-07-09
2025070903009404,MNBBL,43,45,403.0,383.6,154590.8,2025-07-09
2025070901019124,CZBIL,47,45,42.0,215.1,9034.2,2025-07-09
2025070903009403,WNLB,89,3,20.0,2110.0,42200.0,2025-07-09
2025070901019123,BHL,25,43,110.0,212.5,23375.0,2025-07-09
2025070901019122,BHL,25,13,95.0,212.5,20187.5,2025-07-09
2025070901019121,MKJC,29,34,10.0,532.5,5325.0,2025-07-09
2025070901019120,MKJC,29,84,400.0,531.0,212400.0,2025-07-09
2025070901019119,MKJC,29,22,80.0,530.0,42400.0,2025-07-09
2025070904021031,SHEL,21,51,290.0,288.3,83607.0,2025-07-09
2025070901019118,GBIME,80,51,882.0,243.0,214326.0,2025-07-09
2025070903009402,SWBBL,22,29,500.0,825.0,412500.0,2025-07-09
2025070903009401,NMLBBL,58,44,90.0,673.0,60570.0,2025-07-09
2025070903009400,NMLBBL,58,44,110.0,673.0,74030.0,2025-07-09
2025070905011959,NIFRA,52,34,142.0,279.5,39689.0,2025-07-09
2025070905011958,NIFRA,42,34,558.0,279.6,156016.8,2025-07-09
2025070905011957,NIFRA,59,34,300.0,279.8,83940.0,2025-07-09
2025070901019117,HBL,38,72,58.0,224.0,12992.0,2025-07-09
2025070901019116,HBL,1,72,440.0,224.0,98560.0,2025-07-09
2025070901019115,KBL,40,58,100.0,212.2,21220.0,2025-07-09
2025070901019114,DORDI,55,38,330.0,315.0,103950.0,2025-07-09
2025070904021030,CGH,59,49,445.0,958.0,426310.0,2025-07-09
2025070904021029,CGH,59,58,10.0,958.0,9580.0,2025-07-09
2025070904021028,CGH,59,34,45.0,958.0,43110.0,2025-07-09
2025070905011956,GCIL,8,14,11.0,509.0,5599.0,2025-07-09
2025070901019113,RFPL,78,42,50.0,611.6,30580.0,2025-07-09
2025070904021027,RIDI,42,57,10.0,257.0,2570.0,2025-07-09
2025070901019112,GBIME,80,42,100.0,243.0,24300.0,2025-07-09
2025070904021026,SHEL,70,13,100.0,289.0,28900.0,2025-07-09
2025070901019111,MSHL,38,16,20.0,857.7,17154.0,2025-07-09
2025070903009399,NLIC,94,17,14.0,767.0,10738.0,2025-07-09
2025070904021025,API,14,69,10.0,294.9,2949.0,2025-07-09
2025070904021024,API,14,38,10.0,294.9,2949.0,2025-07-09
2025070901019110,GBIME,80,25,150.0,243.0,36450.0,2025-07-09
2025070901019109,MKHL,84,34,15.0,828.0,12420.0,2025-07-09
2025070901019108,KBL,40,49,100.0,212.2,21220.0,2025-07-09
2025070901019107,KBL,40,49,500.0,212.2,106100.0,2025-07-09
2025070903009398,SINDU,7,28,130.0,917.2,119236.0,2025-07-09
2025070903009397,HLI,52,29,12.0,405.0,4860.0,2025-07-09
2025070903009396,HLI,52,44,40.0,405.0,16200.0,2025-07-09
2025070903009395,SAPDBL,38,52,31.0,1060.0,32860.0,2025-07-09
2025070904021023,BARUN,56,33,255.0,453.0,115515.0,2025-07-09
2025070904021022,BARUN,56,84,212.0,453.0,96036.0,2025-07-09
2025070904021021,BARUN,56,39,463.0,453.0,209739.0,2025-07-09
2025070904021020,BARUN,56,52,50.0,452.0,22600.0,2025-07-09
2025070901019106,TAMOR,33,83,20.0,509.0,10180.0,2025-07-09
2025070904021019,BARUN,56,45,20.0,452.0,9040.0,2025-07-09
2025070901019105,USHL,44,61,20.0,618.0,12360.0,2025-07-09
2025070903009394,SFCL,57,49,20.0,508.0,10160.0,2025-07-09
2025070901019104,MMKJL,48,58,10.0,613.9,6139.0,2025-07-09
2025070904021018,UAIL,91,1,10.0,564.0,5640.0,2025-07-09
2025070904021017,UMHL,62,39,650.0,567.5,368875.0,2025-07-09
2025070904021016,UMHL,42,39,200.0,567.6,113520.0,2025-07-09
2025070904021015,BARUN,48,32,155.0,451.0,69905.0,2025-07-09
2025070904021014,BARUN,49,32,100.0,451.0,45100.0,2025-07-09
2025070905011955,SMJC,58,58,10.0,528.1,5281.0,2025-07-09
2025070901019103,NIMB,26,17,60.0,215.8,12948.0,2025-07-09
2025070901019102,NIMB,5,17,13.0,215.8,2805.4,2025-07-09
2025070901019101,NIMB,45,17,500.0,215.9,107950.0,2025-07-09
2025070901019100,SANIMA,64,28,83.0,342.5,28427.5,2025-07-09
2025070901019099,SANIMA,64,45,100.0,342.0,34200.0,2025-07-09
2025070901019098,SANIMA,64,1,3027.0,342.0,1035234.0,2025-07-09
2025070901019097,SANIMA,64,14,100.0,342.0,34200.0,2025-07-09
2025070901019096,SANIMA,64,44,190.0,341.9,64961.0,2025-07-09
2025070901019095,SANIMA,64,42,3000.0,341.8,1025400.0,2025-07-09
2025070904021013,PMHPL,45,64,90.0,405.0,36450.0,2025-07-09
2025070901019094,ADBL,67,1,134.0,307.0,41138.0,2025-07-09
2025070901019093,ADBL,67,48,633.0,307.0,194331.0,2025-07-09
2025070901019092,ADBL,67,17,176.0,307.0,54032.0,2025-07-09
2025070901019091,ADBL,67,54,57.0,306.0,17442.0,2025-07-09
2025070901019090,MBL,29,56,20.0,232.5,4650.0,2025-07-09
2025070901019089,RFPL,49,6,500.0,613.0,306500.0,2025-07-09
2025070904021012,AHPC,45,69,500.0,286.5,143250.0,2025-07-09
2025070903009393,MERO,42,69,2381.0,809.0,1926229.0,2025-07-09
2025070903009392,CORBL,11,57,80.0,2460.0,196800.0,2025-07-09
2025070903009391,CORBL,57,57,20.0,2485.0,49700.0,2025-07-09
2025070903009390,SAPDBL,38,11,218.0,1060.0,231080.0,2025-07-09
2025070903009389,SAPDBL,38,6,41.0,1059.9,43455.9,2025-07-09
2025070905011954,HDL,16,48,223.0,1220.1,272082.3,2025-07-09
2025070905011953,HDL,21,48,177.0,1222.0,216294.0,2025-07-09
2025070903009388,SAPDBL,57,55,20.0,1059.0,21180.0,2025-07-09
2025070905011952,SONA,59,1,300.0,455.0,136500.0,2025-07-09
2025070904021011,RURU,7,42,10.0,714.0,7140.0,2025-07-09
2025070905011951,NRM,42,42,10.0,455.7,4557.0,2025-07-09
2025070903009387,MPFL,36,26,50.0,602.0,30100.0,2025-07-09
2025070904021010,BPCL,45,71,216.0,835.0,180360.0,2025-07-09
2025070901019088,NBL,51,42,1000.0,264.8,264800.0,2025-07-09
2025070901019087,BGWT,22,34,30.0,1029.8,30894.0,2025-07-09
2025070905011950,SHIVM,36,52,90.0,515.1,46359.0,2025-07-09
2025070905011949,CIT,16,58,18.0,1923.0,34614.0,2025-07-09
2025070901019086,RFPL,67,58,50.0,612.0,30600.0,2025-07-09
2025070905011948,SMJC,54,58,100.0,530.0,53000.0,2025-07-09
2025070905011947,SMJC,29,58,17.0,531.0,9027.0,2025-07-09
2025070901019085,RFPL,67,54,50.0,612.0,30600.0,2025-07-09
2025070905011946,HRL,40,97,315.0,926.1,291721.5,2025-07-09
2025070904021009,UNHPL,47,57,150.0,420.2,63030.0,2025-07-09
2025070901019084,BGWT,57,34,10.0,1029.8,10298.0,2025-07-09
2025070903009386,CBBL,48,55,30.0,973.0,29190.0,2025-07-09
2025070904021008,KKHC,11,38,35.0,436.0,15260.0,2025-07-09
2025070901019083,NABIL,44,35,77.0,498.8,38407.6,2025-07-09
2025070901019082,HBL,1,36,60.0,224.0,13440.0,2025-07-09
2025070901019081,RFPL,22,54,100.0,612.0,61200.0,2025-07-09
2025070904021007,KKHC,11,32,248.0,436.0,108128.0,2025-07-09
2025070901019080,SNLI,72,34,12.0,488.3,5859.6,2025-07-09
2025070904021006,HDHPC,4,50,1300.0,197.2,256360.0,2025-07-09
2025070904021005,SHPC,4,6,100.0,598.1,59810.0,2025-07-09
2025070904021004,NHDL,63,41,10.0,668.0,6680.0,2025-07-09
2025070904021003,SPDL,62,45,11.0,408.0,4488.0,2025-07-09
2025070904021002,PMHPL,45,17,10.0,405.0,4050.0,2025-07-09
2025070904021001,BPCL,45,45,200.0,835.0,167000.0,2025-07-09
2025070904021000,BPCL,45,38,84.0,835.0,70140.0,2025-07-09
2025070901019079,BGWT,35,54,10.0,1027.0,10270.0,2025-07-09
2025070904020999,NHPC,17,60,100.0,212.4,21240.0,2025-07-09
2025070901019078,LSL,14,17,27.0,223.5,6034.5,2025-07-09
2025070903009385,SINDU,7,34,67.0,917.2,61452.4,2025-07-09
2025070903009384,SINDU,36,34,33.0,917.4,30274.2,2025-07-09
2025070904020998,PMHPL,5,17,80.0,406.0,32480.0,2025-07-09
2025070904020997,PMHPL,5,32,50.0,406.0,20300.0,2025-07-09
2025070904020996,PMHPL,5,28,660.0,406.0,267960.0,2025-07-09
2025070904020995,PMHPL,5,71,210.0,405.0,85050.0,2025-07-09
2025070905011945,HIDCL,87,32,3380.0,294.7,996086.0,2025-07-09
2025070904020994,AKPL,42,82,1080.0,256.1,276588.0,2025-07-09
2025070904020993,AKPL,42,82,100.0,256.2,25620.0,2025-07-09
2025070904020992,AKPL,51,82,120.0,256.2,30744.0,2025-07-09
2025070901019077,CREST,1,91,186.0,1400.0,260400.0,2025-07-09
2025070901019076,CREST,42,91,14.0,1401.0,19614.0,2025-07-09
2025070905011944,GCIL,8,35,11.0,509.0,5599.0,2025-07-09
2025070901019075,USHEC,42,26,30.0,445.0,13350.0,2025-07-09
2025070905011943,NRIC,63,35,30.0,1312.2,39366.0,2025-07-09
2025070904020991,UPPER,94,42,950.0,195.6,185820.0,2025-07-09
2025070904020990,UPPER,14,42,50.0,195.6,9780.0,2025-07-09
2025070904020989,GHL,22,68,530.0,252.0,133560.0,2025-07-09
2025070901019074,NESDO,62,32,21.0,1580.0,33180.0,2025-07-09
2025070903009383,JFL,25,45,100.0,499.0,49900.0,2025-07-09
2025070904020988,KKHC,11,51,255.0,436.0,111180.0,2025-07-09
2025070903009382,ALICL,22,7,10.0,499.9,4999.0,2025-07-09
2025070904020987,RIDI,34,57,1100.0,257.0,282700.0,2025-07-09
2025070904020986,SHPC,34,43,10.0,600.0,6000.0,2025-07-09
2025070901019073,DLBS,64,42,10.0,1539.9,15399.0,2025-07-09
2025070901019072,NYADI,28,52,100.0,485.0,48500.0,2025-07-09
2025070901019071,NYADI,28,34,1900.0,485.0,921500.0,2025-07-09
2025070904020985,KKHC,49,41,249.0,436.0,108564.0,2025-07-09
2025070901019070,ULHC,49,33,70.0,484.0,33880.0,2025-07-09
2025070901019069,RFPL,39,6,100.0,613.0,61300.0,2025-07-09
2025070904020984,CHCL,45,17,2.0,526.0,1052.0,2025-07-09
2025070904020983,CHCL,45,71,98.0,526.0,51548.0,2025-07-09
2025070904020982,CHCL,19,71,40.0,526.0,21040.0,2025-07-09
2025070904020981,CHCL,43,71,50.0,526.0,26300.0,2025-07-09
2025070904020980,CHCL,14,71,12.0,526.0,6312.0,2025-07-09
2025070904020979,BPCL,29,38,116.0,835.0,96860.0,2025-07-09
2025070904020978,BPCL,29,17,300.0,835.0,250500.0,2025-07-09
2025070904020977,BPCL,29,48,84.0,835.0,70140.0,2025-07-09
2025070901019068,USHEC,34,26,365.0,447.0,163155.0,2025-07-09
2025070901019067,USHEC,34,38,35.0,447.0,15645.0,2025-07-09
2025070904020976,UPPER,52,49,482.0,196.0,94472.0,2025-07-09
2025070904020975,UPPER,52,58,100.0,196.0,19600.0,2025-07-09
2025070904020974,UPPER,52,51,218.0,196.0,42728.0,2025-07-09
2025070901019066,KBL,40,17,300.0,212.2,63660.0,2025-07-09
2025070901019065,KBL,40,59,211.0,212.2,44774.2,2025-07-09
2025070901019064,KBL,40,3,35.0,212.2,7427.0,2025-07-09
2025070901019063,IHL,32,49,10.0,553.7,5537.0,2025-07-09
2025070905011942,CLI,49,51,12.0,473.0,5676.0,2025-07-09
2025070901019062,SBL,63,50,1000.0,344.0,344000.0,2025-07-09
2025070901019061,GBIME,80,6,20.0,243.0,4860.0,2025-07-09
2025070904020973,HPPL,6,95,31.0,509.0,15779.0,2025-07-09
2025070904020972,HPPL,6,22,302.0,509.0,153718.0,2025-07-09
2025070904020971,PRIN,54,56,200.0,930.0,186000.0,2025-07-09
2025070904020970,PRIN,35,56,10.0,930.0,9300.0,2025-07-09
2025070904020969,PRIN,51,56,10.0,930.0,9300.0,2025-07-09
2025070904020968,PRIN,26,56,25.0,930.0,23250.0,2025-07-09
2025070904020967,PRIN,21,56,100.0,930.0,93000.0,2025-07-09
2025070904020966,PRIN,32,56,10.0,930.0,9300.0,2025-07-09
2025070904020965,PRIN,34,56,50.0,930.4,46520.0,2025-07-09
2025070904020964,PRIN,52,56,50.0,932.0,46600.0,2025-07-09
2025070901019060,MMKJL,48,42,10.0,613.0,6130.0,2025-07-09
2025070901019059,KBL,38,3,14.0,212.2,2970.8,2025-07-09
2025070901019058,DORDI,55,57,70.0,315.0,22050.0,2025-07-09
2025070901019057,DORDI,34,57,430.0,315.1,135493.0,2025-07-09
2025070901019056,NBL,25,42,437.0,264.8,115717.6,2025-07-09
2025070905011941,SMATA,67,51,13.0,841.0,10933.0,2025-07-09
2025070905011940,SMATA,67,52,20.0,840.0,16800.0,2025-07-09
2025070905011939,SMATA,67,46,10.0,834.4,8344.0,2025-07-09
2025070905011938,SMATA,67,25,15.0,833.5,12502.5,2025-07-09
2025070905011937,SMATA,67,25,12.0,833.0,9996.0,2025-07-09
2025070905011936,SMATA,67,25,10.0,833.0,8330.0,2025-07-09
2025070905011935,SMATA,67,44,10.0,830.0,8300.0,2025-07-09
2025070905011934,SMATA,67,16,10.0,830.0,8300.0,2025-07-09
2025070905011933,ENL,42,14,10.0,1048.2,10482.0,2025-07-09
2025070901019055,BHL,41,49,100.0,212.1,21210.0,2025-07-09
2025070901019054,NICA,35,50,50.0,361.0,18050.0,2025-07-09
2025070901019053,NICA,10,50,385.0,361.3,139100.5,2025-07-09
2025070905011932,NRIC,63,56,100.0,1312.2,131220.0,2025-07-09
2025070905011931,CHDC,94,54,12.0,2712.0,32544.0,2025-07-09
2025070901019052,NICA,10,48,99.0,361.3,35768.7,2025-07-09
2025070904020963,UPCL,52,38,220.0,409.0,89980.0,2025-07-09
2025070901019051,DOLTI,58,57,100.0,565.1,56510.0,2025-07-09
2025070901019050,NICA,62,21,10.0,361.9,3619.0,2025-07-09
2025070901019049,NICA,62,38,50.0,361.8,18090.0,2025-07-09
2025070901019048,NICA,62,58,40.0,361.8,14472.0,2025-07-09
2025070903009381,MDB,45,43,50.0,592.3,29615.0,2025-07-09
2025070905011930,HDL,21,44,200.0,1222.0,244400.0,2025-07-09
2025070905011929,HDL,21,74,10.0,1222.0,12220.0,2025-07-09
2025070905011928,HDL,21,34,19.0,1222.0,23218.0,2025-07-09
2025070904020962,RHPL,33,68,80.0,347.0,27760.0,2025-07-09
2025070904020961,PPCL,44,71,281.0,377.0,105937.0,2025-07-09
2025070904020960,PPCL,13,71,18.0,377.0,6786.0,2025-07-09
2025070904020959,PPCL,55,71,201.0,377.1,75797.1,2025-07-09
2025070901019047,RFPL,17,17,47.0,612.0,28764.0,2025-07-09
2025070901019046,RFPL,58,17,53.0,612.0,32436.0,2025-07-09
2025070903009380,SAPDBL,25,11,72.0,1060.0,76320.0,2025-07-09
2025070901019045,OMPL,58,44,175.0,1355.0,237125.0,2025-07-09
2025070901019044,OMPL,47,44,50.0,1355.1,67755.0,2025-07-09
2025070905011927,MEL,17,58,10.0,315.0,3150.0,2025-07-09
2025070903009379,CFCL,58,19,50.0,536.0,26800.0,2025-07-09
2025070904020958,SGIC,43,51,40.0,558.9,22356.0,2025-07-09
2025070904020957,CHCL,14,58,27.0,526.0,14202.0,2025-07-09
2025070903009378,SJLIC,52,26,439.0,440.0,193160.0,2025-07-09
2025070903009377,SJLIC,35,26,61.0,440.0,26840.0,2025-07-09
2025070904020956,CGH,59,34,18.0,958.0,17244.0,2025-07-09
2025070904020955,CGH,59,42,100.0,957.9,95790.0,2025-07-09
2025070904020954,CGH,59,53,100.0,957.8,95780.0,2025-07-09
2025070904020953,CGH,59,58,40.0,957.5,38300.0,2025-07-09
2025070904020952,CGH,59,80,52.0,957.0,49764.0,2025-07-09
2025070904020951,HURJA,42,14,50.0,250.5,12525.0,2025-07-09
2025070904020950,HURJA,42,49,300.0,250.5,75150.0,2025-07-09
2025070904020949,HURJA,42,60,100.0,250.5,25050.0,2025-07-09
2025070901019043,OMPL,68,35,10.0,1358.9,13589.0,2025-07-09
2025070905011926,SHIVM,36,50,10.0,515.0,5150.0,2025-07-09
2025070905011925,NIFRA,32,57,2000.0,279.9,559800.0,2025-07-09
2025070903009376,GLBSL,48,36,10.0,2188.0,21880.0,2025-07-09
2025070903009375,GLBSL,76,36,50.0,2188.5,109425.0,2025-07-09
2025070903009374,GLBSL,4,36,20.0,2190.0,43800.0,2025-07-09
2025070903009373,SINDU,36,22,27.0,917.4,24769.8,2025-07-09
2025070903009372,SINDU,10,22,20.0,917.5,18350.0,2025-07-09
2025070904020948,RADHI,60,34,300.0,790.0,237000.0,2025-07-09
2025070904020947,RADHI,45,34,75.0,790.0,59250.0,2025-07-09
2025070901019042,TAMOR,1,83,100.0,509.0,50900.0,2025-07-09
2025070901019041,NABIL,52,50,90.0,499.0,44910.0,2025-07-09
2025070905011924,HRL,40,58,20.0,926.1,18522.0,2025-07-09
2025070905011923,SAHAS,66,38,200.0,603.0,120600.0,2025-07-09
2025070901019040,DORDI,34,59,70.0,315.1,22057.0,2025-07-09
2025070901019039,DORDI,58,59,30.0,315.3,9459.0,2025-07-09
2025070903009371,NICLBSL,54,41,10.0,623.0,6230.0,2025-07-09
2025070905011922,CLI,21,3,3.0,472.6,1417.8,2025-07-09
2025070905011921,CLI,21,32,18.0,472.6,8506.8,2025-07-09
2025070905011920,CLI,25,32,138.0,472.6,65218.8,2025-07-09
2025070903009370,SFCL,54,49,180.0,508.5,91530.0,2025-07-09
2025070903009369,NMFBS,7,43,100.0,1268.0,126800.0,2025-07-09
2025070905011919,NRN,58,101,235.0,2307.2,542192.0,2025-07-09
2025070905011918,NRN,58,101,200.0,2310.0,462000.0,2025-07-09
2025070905011917,NRN,91,101,80.0,2310.0,184800.0,2025-07-09
2025070905011916,NRN,35,101,50.0,2313.0,115650.0,2025-07-09
2025070905011915,NRN,36,101,50.0,2313.5,115675.0,2025-07-09
2025070905011914,NRN,5,101,50.0,2316.0,115800.0,2025-07-09
2025070905011913,NRN,42,101,235.0,2316.0,544260.0,2025-07-09
2025070905011912,NRN,54,101,100.0,2318.9,231890.0,2025-07-09
2025070904020946,AKJCL,5,56,50.0,208.0,10400.0,2025-07-09
2025070901019038,OMPL,58,6,18.0,1355.0,24390.0,2025-07-09
2025070905011911,GCIL,57,43,56.0,510.0,28560.0,2025-07-09
2025070905011910,GCIL,57,7,10.0,510.0,5100.0,2025-07-09
2025070905011909,MBJC,39,26,21.0,311.5,6541.5,2025-07-09
2025070905011908,MBJC,13,26,50.0,311.6,15580.0,2025-07-09
2025070905011907,MBJC,52,26,200.0,311.6,62320.0,2025-07-09
2025070905011906,MBJC,75,26,200.0,311.6,62320.0,2025-07-09
2025070905011905,MBJC,52,26,192.0,311.6,59827.2,2025-07-09
2025070905011904,MBJC,19,26,100.0,311.7,31170.0,2025-07-09
2025070905011903,MBJC,55,26,500.0,311.7,155850.0,2025-07-09
2025070905011902,MBJC,58,26,50.0,311.7,15585.0,2025-07-09
2025070905011901,MBJC,58,26,40.0,311.9,12476.0,2025-07-09
2025070905011900,MBJC,33,26,77.0,311.9,24016.3,2025-07-09
2025070905011899,MBJC,45,26,20.0,312.0,6240.0,2025-07-09
2025070905011898,MBJC,55,26,100.0,312.0,31200.0,2025-07-09
2025070905011897,MBJC,52,26,180.0,312.1,56178.0,2025-07-09
2025070905011896,MBJC,51,26,100.0,313.3,31330.0,2025-07-09
2025070905011895,SAHAS,66,5,200.0,603.0,120600.0,2025-07-09
2025070905011894,SAHAS,66,52,100.0,603.0,60300.0,2025-07-09
2025070905011893,SAHAS,66,19,10.0,603.0,6030.0,2025-07-09
2025070905011892,SAHAS,66,52,250.0,603.0,150750.0,2025-07-09
2025070905011891,SAHAS,66,63,10.0,603.0,6030.0,2025-07-09
2025070905011890,SAHAS,66,48,10.0,603.0,6030.0,2025-07-09
2025070905011889,SAHAS,66,6,500.0,603.0,301500.0,2025-07-09
2025070905011888,SAHAS,66,38,600.0,602.5,361500.0,2025-07-09
2025070905011887,SAHAS,66,43,100.0,602.0,60200.0,2025-07-09
2025070905011886,SAHAS,66,14,1000.0,602.0,602000.0,2025-07-09
2025070905011885,SAHAS,66,38,77.0,602.0,46354.0,2025-07-09
2025070905011884,SAHAS,66,19,10.0,602.0,6020.0,2025-07-09
2025070905011883,SAHAS,66,11,128.0,602.0,77056.0,2025-07-09
2025070905011882,SAHAS,66,22,195.0,601.9,117370.5,2025-07-09
2025070905011881,SAHAS,66,35,25.0,601.7,15042.5,2025-07-09
2025070905011880,SAHAS,66,50,50.0,601.7,30085.0,2025-07-09
2025070905011879,SAHAS,66,4,30.0,601.5,18045.0,2025-07-09
2025070905011878,SAHAS,66,50,100.0,601.5,60150.0,2025-07-09
2025070905011877,SAHAS,66,45,400.0,601.0,240400.0,2025-07-09
2025070905011876,SAHAS,66,34,10.0,601.0,6010.0,2025-07-09
2025070905011875,SAHAS,66,56,10.0,601.0,6010.0,2025-07-09
2025070905011874,SAHAS,66,25,2000.0,600.0,1200000.0,2025-07-09
2025070905011873,SAHAS,66,42,100.0,600.0,60000.0,2025-07-09
2025070905011872,SAHAS,66,42,100.0,600.0,60000.0,2025-07-09
2025070905011871,SAHAS,66,44,1188.0,599.0,711612.0,2025-07-09
2025070905011870,SAHAS,66,21,600.0,598.9,359340.0,2025-07-09
2025070905011869,SAHAS,66,32,10.0,598.8,5988.0,2025-07-09
2025070905011868,SAHAS,66,55,10.0,598.0,5980.0,2025-07-09
2025070905011867,SAHAS,66,45,63.0,598.0,37674.0,2025-07-09
2025070904020945,AKPL,51,58,380.0,256.2,97356.0,2025-07-09
2025070904020944,AKPL,39,58,20.0,256.2,5124.0,2025-07-09
2025070904020943,AKPL,17,58,100.0,256.7,25670.0,2025-07-09
2025070904020942,GHL,45,5,500.0,252.2,126100.0,2025-07-09
2025070904020941,NGPL,43,50,41.0,389.0,15949.0,2025-07-09
2025070904020940,NGPL,43,14,274.0,388.5,106449.0,2025-07-09
2025070903009368,ICFC,13,45,35.0,621.0,21735.0,2025-07-09
2025070903009367,ICFC,49,45,40.0,621.0,24840.0,2025-07-09
2025070901019037,NMIC,14,58,180.0,1577.0,283860.0,2025-07-09
2025070905011866,SMATA,54,97,10.0,827.0,8270.0,2025-07-09
2025070903009366,SMB,28,45,10.0,2198.0,21980.0,2025-07-09
2025070901019036,USHEC,42,34,20.0,445.0,8900.0,2025-07-09
2025070901019035,USHEC,39,34,100.0,445.0,44500.0,2025-07-09
2025070901019034,USHEC,50,34,280.0,445.0,124600.0,2025-07-09
2025070903009365,GBBL,34,41,51.0,405.0,20655.0,2025-07-09
2025070903009364,GBBL,34,13,1000.0,405.0,405000.0,2025-07-09
2025070903009363,GBBL,34,19,860.0,405.0,348300.0,2025-07-09
2025070903009362,GBBL,34,14,120.0,405.0,48600.0,2025-07-09
2025070903009361,GBBL,34,57,92.0,405.0,37260.0,2025-07-09
2025070903009360,GBBL,34,44,100.0,405.0,40500.0,2025-07-09
2025070903009359,GBBL,34,17,1000.0,404.4,404400.0,2025-07-09
2025070903009358,GBBL,34,34,271.0,404.1,109511.1,2025-07-09
2025070903009357,GBBL,34,16,200.0,404.0,80800.0,2025-07-09
2025070903009356,GBBL,34,58,60.0,404.0,24240.0,2025-07-09
2025070903009355,GBBL,34,42,246.0,403.0,99138.0,2025-07-09
2025070904020939,NGPL,45,34,447.0,387.5,173212.5,2025-07-09
2025070904020938,NGPL,57,34,1000.0,388.0,388000.0,2025-07-09
2025070904020937,NGPL,58,34,20.0,388.0,7760.0,2025-07-09
2025070904020936,NGPL,57,34,30.0,388.0,11640.0,2025-07-09
2025070904020935,NGPL,22,34,1000.0,388.0,388000.0,2025-07-09
2025070904020934,NGPL,25,34,73.0,388.0,28324.0,2025-07-09
2025070904020933,NGPL,3,34,500.0,388.0,194000.0,2025-07-09
2025070904020932,NGPL,57,34,50.0,388.0,19400.0,2025-07-09
2025070904020931,NGPL,101,34,855.0,388.0,331740.0,2025-07-09
2025070904020930,NGPL,55,34,25.0,388.4,9710.0,2025-07-09
