transaction,symbol,buyer,seller,quantity,rate,amount,date
2024102403018051,JBBL,3,44,185.0,349.0,64565.0,2024-10-24
2024102403018050,JBBL,1,44,305.0,349.0,106445.0,2024-10-24
2024102401018791,TPC,44,34,76.0,476.0,36176.0,2024-10-24
2024102401018790,TPC,44,33,250.0,476.0,119000.0,2024-10-24
2024102401018789,TPC,44,34,140.0,475.5,66570.0,2024-10-24
2024102401018788,TPC,44,39,34.0,475.0,16150.0,2024-10-24
2024102403018049,NFS,41,44,100.0,1318.9,131890.0,2024-10-24
2024102403018048,RSDC,63,55,10.0,721.5,7215.0,2024-10-24
2024102401018787,TVCL,45,92,20.0,460.0,9200.0,2024-10-24
2024102403018047,SHINE,45,21,20.0,469.0,9380.0,2024-10-24
2024102401018786,PCBL,21,52,400.0,290.0,116000.0,2024-10-24
2024102401018785,EHPL,3,14,50.0,820.1,41005.0,2024-10-24
2024102404010125,NLG,55,86,3000.0,1357.0,4071000.0,2024-10-24
2024102401018784,SAMAJ,38,50,50.0,3221.0,161050.0,2024-10-24
2024102401018783,NBL,50,13,10.0,289.0,2890.0,2024-10-24
2024102403018046,MERO,56,43,20.0,759.9,15198.0,2024-10-24
2024102403018045,MERO,56,53,40.0,755.0,30200.0,2024-10-24
2024102403018044,GFCL,51,43,10.0,1015.0,10150.0,2024-10-24
2024102401018782,RFPL,33,92,50.0,522.0,26100.0,2024-10-24
2024102401018781,RFPL,49,92,30.0,522.0,15660.0,2024-10-24
2024102401018780,RFPL,42,92,100.0,522.0,52200.0,2024-10-24
2024102401018779,RFPL,48,92,500.0,527.3,263650.0,2024-10-24
2024102401018778,RFPL,36,92,200.0,528.0,105600.0,2024-10-24
2024102401018777,RFPL,42,92,1000.0,528.3,528300.0,2024-10-24
2024102401018776,RFPL,52,92,2800.0,529.4,1482320.0,2024-10-24
2024102401018775,RFPL,50,92,10.0,530.0,5300.0,2024-10-24
2024102401018774,RFPL,45,92,1000.0,531.3,531300.0,2024-10-24
2024102401018773,RFPL,55,92,40.0,531.3,21252.0,2024-10-24
2024102401018772,RFPL,8,92,80.0,531.8,42544.0,2024-10-24
2024102401018771,RFPL,8,92,1000.0,533.1,533100.0,2024-10-24
2024102401018770,RFPL,8,92,500.0,535.2,267600.0,2024-10-24
2024102401018769,RFPL,22,92,100.0,536.1,53610.0,2024-10-24
2024102401018768,RFPL,39,92,400.0,538.2,215280.0,2024-10-24
2024102401018767,RFPL,42,92,30.0,545.0,16350.0,2024-10-24
2024102401018766,RFPL,62,92,300.0,546.1,163830.0,2024-10-24
2024102401018765,RFPL,17,92,500.0,551.2,275600.0,2024-10-24
2024102401018764,RFPL,5,92,500.0,553.0,276500.0,2024-10-24
2024102401018763,RFPL,86,92,200.0,553.0,110600.0,2024-10-24
2024102401018762,RFPL,39,92,3000.0,555.0,1665000.0,2024-10-24
2024102401018761,RFPL,22,92,10.0,555.0,5550.0,2024-10-24
2024102401018760,RFPL,62,92,980.0,555.3,544194.0,2024-10-24
2024102401018759,RFPL,39,92,1791.0,555.4,994721.4,2024-10-24
2024102403018043,MERO,46,53,10.0,755.0,7550.0,2024-10-24
2024102404010124,AHPC,34,56,22.0,267.9,5893.8,2024-10-24
2024102404010123,AHPC,34,48,28.0,267.5,7490.0,2024-10-24
2024102405014818,SAHAS,34,49,115.0,531.0,61065.0,2024-10-24
2024102401018758,MAKAR,4,58,10.0,501.0,5010.0,2024-10-24
2024102405014817,HIDCL,53,16,10.0,269.5,2695.0,2024-10-24
2024102401018757,TAMOR,58,58,1756.0,487.0,855172.0,2024-10-24
2024102401018756,TAMOR,7,58,80.0,487.1,38968.0,2024-10-24
2024102401018755,TAMOR,58,58,300.0,488.1,146430.0,2024-10-24
2024102404010122,KPCL,60,1,10.0,497.0,4970.0,2024-10-24
2024102404010121,RADHI,60,49,10.0,399.0,3990.0,2024-10-24
2024102401018754,HBL,91,34,10.0,254.0,2540.0,2024-10-24
2024102403018042,LICN,6,50,50.0,1988.0,99400.0,2024-10-24
2024102403018041,SMFBS,84,22,10.0,1564.0,15640.0,2024-10-24
2024102404010120,API,17,58,19.0,291.0,5529.0,2024-10-24
2024102404010119,API,17,54,31.0,291.0,9021.0,2024-10-24
2024102404010118,SJCL,49,17,10.0,330.5,3305.0,2024-10-24
2024102405014816,PHCL,52,39,10.0,508.0,5080.0,2024-10-24
2024102401018753,TPC,44,39,66.0,475.0,31350.0,2024-10-24
2024102404010117,CHCL,35,65,384.0,563.0,216192.0,2024-10-24
2024102404010116,CHCL,45,65,16.0,563.1,9009.6,2024-10-24
2024102404010115,CHCL,45,65,100.0,563.2,56320.0,2024-10-24
2024102403018040,NLIC,16,57,10.0,810.3,8103.0,2024-10-24
2024102401018752,MMKJL,46,19,10.0,572.1,5721.0,2024-10-24
2024102403018039,PFL,58,42,160.0,643.0,102880.0,2024-10-24
2024102404010114,UPCL,42,48,100.0,261.5,26150.0,2024-10-24
2024102403018038,NFS,41,62,2080.0,1318.9,2743312.0,2024-10-24
2024102403018037,ALICL,62,55,10.0,710.0,7100.0,2024-10-24
2024102403018036,ALICL,62,28,100.0,709.9,70990.0,2024-10-24
2024102403018035,ALICL,62,25,50.0,709.0,35450.0,2024-10-24
2024102403018034,MPFL,38,42,30.0,734.0,22020.0,2024-10-24
2024102401018751,RAWA,71,57,10.0,799.2,7992.0,2024-10-24
2024102403018033,PFL,57,6,10.0,644.0,6440.0,2024-10-24
2024102404010113,BARUN,57,7,10.0,381.8,3818.0,2024-10-24
2024102404010112,UNHPL,35,57,50.0,262.2,13110.0,2024-10-24
2024102404010111,NLG,55,35,10.0,1357.0,13570.0,2024-10-24
2024102405014815,SHIVM,52,57,424.0,594.0,251856.0,2024-10-24
2024102405014814,SHIVM,39,57,300.0,594.0,178200.0,2024-10-24
2024102405014813,SHIVM,56,57,26.0,594.0,15444.0,2024-10-24
2024102405014812,SHIVM,3,57,200.0,594.1,118820.0,2024-10-24
2024102405014811,SHIVM,52,57,50.0,594.9,29745.0,2024-10-24
2024102403018032,MFIL,6,62,80.0,755.1,60408.0,2024-10-24
2024102403018031,MFIL,39,62,20.0,755.5,15110.0,2024-10-24
2024102403018030,JSLBB,62,62,50.0,1481.0,74050.0,2024-10-24
2024102405014810,ILI,49,13,124.0,481.9,59755.6,2024-10-24
2024102405014809,PHCL,52,49,10.0,508.0,5080.0,2024-10-24
2024102401018750,SNLI,49,49,61.0,585.0,35685.0,2024-10-24
2024102401018749,SNLI,49,32,39.0,585.0,22815.0,2024-10-24
2024102403018029,GRDBL,20,49,10.0,719.9,7199.0,2024-10-24
2024102403018028,HLI,37,56,10.0,467.0,4670.0,2024-10-24
2024102403018027,SAPDBL,99,16,10.0,559.0,5590.0,2024-10-24
2024102404010110,API,34,81,25.0,290.0,7250.0,2024-10-24
2024102404010109,API,38,81,100.0,290.0,29000.0,2024-10-24
2024102404010108,API,41,81,500.0,290.0,145000.0,2024-10-24
2024102404010107,API,49,81,25.0,290.0,7250.0,2024-10-24
2024102404010106,API,52,81,340.0,290.0,98600.0,2024-10-24
2024102404010105,API,58,81,10.0,290.0,2900.0,2024-10-24
2024102404010104,API,55,81,100.0,290.0,29000.0,2024-10-24
2024102404010103,API,32,81,500.0,290.1,145050.0,2024-10-24
2024102404010102,API,60,81,900.0,290.1,261090.0,2024-10-24
2024102401018748,DOLTI,48,55,30.0,529.0,15870.0,2024-10-24
2024102405014808,PHCL,52,48,50.0,508.0,25400.0,2024-10-24
2024102401018747,MLBS,26,29,10.0,1550.0,15500.0,2024-10-24
2024102403018026,SWBBL,28,42,10.0,1075.0,10750.0,2024-10-24
2024102403018025,SINDU,88,45,10.0,667.8,6678.0,2024-10-24
2024102403018024,NFS,41,26,90.0,1318.9,118701.0,2024-10-24
2024102401018746,NICA,1,45,10.0,443.0,4430.0,2024-10-24
2024102401018745,CYCL,45,7,10.0,1520.0,15200.0,2024-10-24
2024102401018744,SMHL,14,21,10.0,656.9,6569.0,2024-10-24
2024102404010101,CHCL,50,45,11.0,564.0,6204.0,2024-10-24
2024102403018023,BFC,70,34,40.0,614.0,24560.0,2024-10-24
2024102405014807,SAHAS,70,49,10.0,531.0,5310.0,2024-10-24
2024102401018743,HBL,56,34,50.0,254.0,12700.0,2024-10-24
2024102403018022,GRDBL,20,26,10.0,728.0,7280.0,2024-10-24
2024102401018742,TVCL,34,92,10.0,460.0,4600.0,2024-10-24
2024102401018741,TVCL,34,47,10.0,460.0,4600.0,2024-10-24
2024102405014806,PHCL,13,39,10.0,508.8,5088.0,2024-10-24
2024102401018740,EBL,34,45,10.0,601.5,6015.0,2024-10-24
2024102404010100,NLG,55,34,2000.0,1357.0,2714000.0,2024-10-24
2024102404010099,UMRH,13,38,10.0,468.0,4680.0,2024-10-24
2024102401018739,DOLTI,33,55,100.0,529.0,52900.0,2024-10-24
2024102405014805,SMJC,60,38,10.0,578.4,5784.0,2024-10-24
2024102404010098,HPPL,58,58,50.0,324.2,16210.0,2024-10-24
2024102401018738,SGHC,11,60,500.0,390.0,195000.0,2024-10-24
2024102405014804,ILI,42,58,12.0,480.0,5760.0,2024-10-24
2024102404010097,SSHL,65,47,86.0,214.5,18447.0,2024-10-24
2024102404010096,SSHL,58,47,114.0,214.5,24453.0,2024-10-24
2024102401018737,SMH,84,44,10.0,1020.0,10200.0,2024-10-24
2024102401018736,SMH,84,17,10.0,1020.0,10200.0,2024-10-24
2024102401018735,MMKJL,58,41,100.0,575.0,57500.0,2024-10-24
2024102403018021,PROFL,16,58,170.0,651.9,110823.0,2024-10-24
2024102405014803,SAHAS,55,58,100.0,530.1,53010.0,2024-10-24
2024102403018020,KRBL,32,57,10.0,606.0,6060.0,2024-10-24
2024102403018019,SMFBS,32,22,10.0,1564.0,15640.0,2024-10-24
2024102401018734,TVCL,14,32,200.0,455.1,91020.0,2024-10-24
2024102403018018,GFCL,6,43,290.0,1015.0,294350.0,2024-10-24
2024102404010095,RURU,6,34,20.0,739.9,14798.0,2024-10-24
2024102404010094,RURU,6,39,30.0,739.0,22170.0,2024-10-24
2024102401018733,DORDI,32,39,151.0,437.0,65987.0,2024-10-24
2024102401018732,DORDI,32,58,29.0,437.0,12673.0,2024-10-24
2024102404010093,NLG,55,58,40.0,1357.0,54280.0,2024-10-24
2024102403018017,HLBSL,6,8,10.0,994.0,9940.0,2024-10-24
2024102401018731,NWCL,58,22,10.0,970.0,9700.0,2024-10-24
2024102405014802,PHCL,52,46,90.0,508.0,45720.0,2024-10-24
2024102405014801,PHCL,52,45,105.0,506.0,53130.0,2024-10-24
2024102401018730,NIMB,38,19,145.0,236.0,34220.0,2024-10-24
2024102401018729,NIMB,19,19,200.0,236.1,47220.0,2024-10-24
2024102405014800,HRL,67,43,36.0,855.0,30780.0,2024-10-24
2024102405014799,HRL,67,3,50.0,854.5,42725.0,2024-10-24
2024102405014798,HRL,67,47,10.0,854.0,8540.0,2024-10-24
2024102401018728,MEHL,55,70,60.0,382.9,22974.0,2024-10-24
2024102401018727,MEHL,55,7,10.0,380.0,3800.0,2024-10-24
2024102401018726,MEHL,55,62,10.0,380.0,3800.0,2024-10-24
2024102401018725,MEHL,55,34,10.0,380.0,3800.0,2024-10-24
2024102401018724,MEHL,55,58,10.0,380.0,3800.0,2024-10-24
2024102401018723,MEHL,55,38,280.0,376.0,105280.0,2024-10-24
2024102401018722,MEHL,55,38,20.0,375.0,7500.0,2024-10-24
2024102405014797,PHCL,71,45,10.0,506.0,5060.0,2024-10-24
2024102405014796,HIDCL,42,16,100.0,269.5,26950.0,2024-10-24
2024102405014795,HATHY,35,1,10.0,1325.0,13250.0,2024-10-24
2024102405014794,SMATA,51,55,20.0,866.3,17326.0,2024-10-24
2024102403018016,MDB,62,45,95.0,628.9,59745.5,2024-10-24
2024102403018015,MDB,62,40,50.0,628.8,31440.0,2024-10-24
2024102403018014,MDB,62,42,65.0,627.0,40755.0,2024-10-24
2024102403018013,MDB,62,58,90.0,626.9,56421.0,2024-10-24
2024102403018012,NFS,41,55,30.0,1318.9,39567.0,2024-10-24
2024102401018721,BEDC,42,6,20.0,466.0,9320.0,2024-10-24
2024102403018011,WNLB,4,57,39.0,2597.1,101286.9,2024-10-24
2024102401018720,USHEC,25,38,171.0,538.0,91998.0,2024-10-24
2024102405014793,MEL,1,46,50.0,288.0,14400.0,2024-10-24
2024102405014792,MBJC,50,49,30.0,324.0,9720.0,2024-10-24
2024102404010092,AKPL,49,45,270.0,249.0,67230.0,2024-10-24
2024102403018010,NFS,41,37,259.0,1318.9,341595.1,2024-10-24
2024102403018009,SHINE,45,1,500.0,469.0,234500.0,2024-10-24
2024102403018008,MPFL,38,22,60.0,734.0,44040.0,2024-10-24
2024102403018007,MPFL,45,22,100.0,734.0,73400.0,2024-10-24
2024102401018719,GBIME,22,21,400.0,253.0,101200.0,2024-10-24
2024102401018718,ULBSL,74,81,11.0,3119.0,34309.0,2024-10-24
2024102403018006,NMLBBL,42,48,100.0,758.0,75800.0,2024-10-24
2024102403018005,MFIL,48,42,10.0,756.3,7563.0,2024-10-24
2024102401018717,MEHL,29,38,200.0,375.0,75000.0,2024-10-24
2024102401018716,MEHL,56,38,100.0,375.0,37500.0,2024-10-24
2024102401018715,MEHL,88,38,150.0,375.5,56325.0,2024-10-24
2024102401018714,MEHL,58,38,30.0,375.6,11268.0,2024-10-24
2024102403018004,FMDBL,83,98,10.0,750.0,7500.0,2024-10-24
2024102403018003,FMDBL,57,98,100.0,750.0,75000.0,2024-10-24
2024102403018002,FMDBL,29,98,100.0,750.0,75000.0,2024-10-24
2024102403018001,FMDBL,71,98,10.0,750.0,7500.0,2024-10-24
2024102403018000,FMDBL,43,98,100.0,750.0,75000.0,2024-10-24
2024102401018713,ANLB,16,38,10.0,4418.0,44180.0,2024-10-24
2024102403017999,MLBL,29,34,10.0,397.7,3977.0,2024-10-24
2024102404010091,NHDL,80,92,100.0,579.0,57900.0,2024-10-24
2024102405014791,STC,55,38,13.0,5785.0,75205.0,2024-10-24
2024102405014790,NIFRA,25,7,54.0,276.6,14936.4,2024-10-24
2024102405014789,HATHY,69,1,33.0,1325.0,43725.0,2024-10-24
2024102403017998,SINDU,88,45,60.0,667.8,40068.0,2024-10-24
2024102403017997,SINDU,88,6,20.0,667.7,13354.0,2024-10-24
2024102403017996,SINDU,88,29,100.0,666.0,66600.0,2024-10-24
2024102403017995,SINDU,88,49,420.0,666.0,279720.0,2024-10-24
2024102403017994,NFS,96,34,20.0,1319.0,26380.0,2024-10-24
2024102405014788,SONA,68,45,10.0,471.0,4710.0,2024-10-24
2024102404010090,HDHPC,28,26,67.0,207.9,13929.3,2024-10-24
2024102401018712,MKJC,29,36,10.0,472.0,4720.0,2024-10-24
2024102403017993,SLBSL,21,5,10.0,1379.9,13799.0,2024-10-24
2024102404010089,UPPER,36,45,20.0,213.0,4260.0,2024-10-24
2024102404010088,SPDL,70,45,12.0,310.0,3720.0,2024-10-24
2024102401018711,SBI,58,20,8720.0,530.0,4621600.0,2024-10-24
2024102403017992,MDB,62,34,10.0,625.0,6250.0,2024-10-24
2024102405014787,STC,53,29,10.0,5840.0,58400.0,2024-10-24
2024102403017991,SLBBL,14,53,200.0,942.0,188400.0,2024-10-24
2024102404010087,HDHPC,53,58,484.0,208.0,100672.0,2024-10-24
2024102404010086,HDHPC,53,6,100.0,208.0,20800.0,2024-10-24
2024102404010085,HDHPC,53,39,200.0,208.0,41600.0,2024-10-24
2024102404010084,HDHPC,53,57,216.0,208.0,44928.0,2024-10-24
2024102401018710,SBI,58,34,500.0,530.0,265000.0,2024-10-24
2024102403017990,MNBBL,17,49,10.0,391.0,3910.0,2024-10-24
2024102404010083,NGPL,94,17,100.0,475.0,47500.0,2024-10-24
2024102405014786,HIDCL,94,54,15.0,269.0,4035.0,2024-10-24
2024102404010082,API,10,54,69.0,291.0,20079.0,2024-10-24
2024102403017989,GBLBS,32,90,10.0,740.0,7400.0,2024-10-24
2024102405014785,HATHY,57,39,100.0,1315.0,131500.0,2024-10-24
2024102403017988,PFL,58,42,10.0,643.0,6430.0,2024-10-24
2024102403017987,PFL,58,68,132.0,643.0,84876.0,2024-10-24
2024102403017986,PFL,58,39,100.0,643.0,64300.0,2024-10-24
2024102403017985,PFL,58,42,290.0,643.0,186470.0,2024-10-24
2024102405014784,SHIVM,52,45,500.0,595.0,297500.0,2024-10-24
2024102404010081,PMHPL,58,28,45.0,265.9,11965.5,2024-10-24
2024102404010080,PMHPL,58,11,55.0,263.0,14465.0,2024-10-24
2024102401018709,USHL,96,52,32.0,775.0,24800.0,2024-10-24
2024102401018708,SARBTM,36,58,18.0,757.9,13642.2,2024-10-24
2024102401018707,ULHC,90,58,20.0,397.9,7958.0,2024-10-24
2024102403017984,PMLI,34,71,55.0,555.3,30541.5,2024-10-24
2024102403017983,PMLI,49,71,195.0,555.4,108303.0,2024-10-24
2024102403017982,SAPDBL,43,16,10.0,559.0,5590.0,2024-10-24
2024102405014783,SHIVM,62,45,10.0,595.0,5950.0,2024-10-24
2024102403017981,SLBSL,17,62,10.0,1356.0,13560.0,2024-10-24
2024102405014782,KDBY,91,55,2000.0,9.7,19400.0,2024-10-24
2024102404010079,NLG,55,55,269.0,1357.0,365033.0,2024-10-24
2024102401018706,CKHL,55,42,10.0,632.0,6320.0,2024-10-24
2024102403017980,NLIC,25,39,400.0,810.0,324000.0,2024-10-24
2024102401018705,MKCL,11,57,50.0,1496.0,74800.0,2024-10-24
2024102403017979,RSDC,38,49,100.0,718.6,71860.0,2024-10-24
2024102403017978,GRDBL,20,49,10.0,719.9,7199.0,2024-10-24
2024102401018704,JBLB,34,22,26.0,1535.0,39910.0,2024-10-24
2024102404010078,RIDI,58,54,10.0,235.0,2350.0,2024-10-24
2024102403017977,SFCL,74,13,400.0,747.6,299040.0,2024-10-24
2024102403017976,SFCL,74,22,50.0,747.6,37380.0,2024-10-24
2024102403017975,SFCL,74,52,200.0,747.6,149520.0,2024-10-24
2024102403017974,SFCL,74,46,100.0,747.6,74760.0,2024-10-24
2024102403017973,SFCL,74,35,50.0,747.6,37380.0,2024-10-24
2024102403017972,SFCL,74,1,30.0,747.4,22422.0,2024-10-24
2024102403017971,SFCL,74,41,20.0,747.0,14940.0,2024-10-24
2024102403017970,SFCL,74,11,950.0,747.0,709650.0,2024-10-24
2024102403017969,SFCL,74,34,200.0,747.0,149400.0,2024-10-24
2024102403017968,SFCL,74,80,140.0,747.0,104580.0,2024-10-24
2024102403017967,SFCL,74,14,70.0,747.0,52290.0,2024-10-24
2024102403017966,SFCL,74,45,300.0,747.0,224100.0,2024-10-24
2024102403017965,SFCL,74,58,100.0,746.6,74660.0,2024-10-24
2024102403017964,SFCL,74,57,100.0,746.5,74650.0,2024-10-24
2024102403017963,SFCL,74,55,40.0,746.5,29860.0,2024-10-24
2024102403017962,SFCL,74,3,100.0,746.5,74650.0,2024-10-24
2024102403017961,SFCL,74,55,500.0,746.0,373000.0,2024-10-24
2024102403017960,SFCL,74,45,10.0,746.0,7460.0,2024-10-24
2024102403017959,SFCL,74,26,100.0,746.0,74600.0,2024-10-24
2024102403017958,SFCL,74,63,50.0,746.0,37300.0,2024-10-24
2024102403017957,SFCL,74,11,250.0,746.0,186500.0,2024-10-24
2024102403017956,SFCL,74,26,100.0,745.5,74550.0,2024-10-24
2024102403017955,SFCL,74,50,600.0,745.0,447000.0,2024-10-24
2024102403017954,SFCL,74,59,200.0,745.0,149000.0,2024-10-24
2024102403017953,SFCL,74,34,10.0,745.0,7450.0,2024-10-24
2024102403017952,SFCL,74,69,25.0,745.0,18625.0,2024-10-24
2024102403017951,SFCL,74,33,200.0,744.9,148980.0,2024-10-24
2024102403017950,SFCL,74,38,20.0,744.8,14896.0,2024-10-24
2024102403017949,SFCL,74,42,40.0,744.8,29792.0,2024-10-24
2024102403017948,SFCL,74,14,70.0,744.8,52136.0,2024-10-24
2024102403017947,SFCL,74,16,200.0,744.7,148940.0,2024-10-24
2024102403017946,SFCL,74,34,50.0,744.7,37235.0,2024-10-24
2024102403017945,SFCL,74,6,100.0,744.6,74460.0,2024-10-24
2024102403017944,SFCL,74,34,100.0,744.6,74460.0,2024-10-24
2024102403017943,SFCL,74,86,285.0,744.6,212211.0,2024-10-24
2024102403017942,SFCL,74,22,200.0,744.6,148920.0,2024-10-24
2024102403017941,SFCL,74,34,10.0,744.6,7446.0,2024-10-24
2024102403017940,SFCL,74,57,200.0,744.6,148920.0,2024-10-24
2024102403017939,SFCL,74,71,300.0,744.6,223380.0,2024-10-24
2024102403017938,SFCL,74,58,100.0,744.6,74460.0,2024-10-24
2024102403017937,SFCL,74,21,10.0,744.6,7446.0,2024-10-24
2024102403017936,SFCL,74,41,100.0,744.5,74450.0,2024-10-24
2024102403017935,SFCL,74,7,70.0,744.5,52115.0,2024-10-24
2024102403017934,SFCL,74,49,75.0,744.5,55837.5,2024-10-24
2024102403017933,SFCL,74,25,115.0,744.5,85617.5,2024-10-24
2024102403017932,SFCL,74,51,304.0,744.5,226328.0,2024-10-24
2024102403017931,SFCL,74,91,510.0,744.4,379644.0,2024-10-24
2024102403017930,SFCL,74,58,75.0,744.0,55800.0,2024-10-24
2024102403017929,SFCL,74,99,200.0,744.0,148800.0,2024-10-24
2024102403017928,SFCL,74,22,100.0,744.0,74400.0,2024-10-24
2024102403017927,SFCL,74,54,10.0,744.0,7440.0,2024-10-24
2024102403017926,SFCL,74,49,60.0,744.0,44640.0,2024-10-24
2024102403017925,SFCL,74,42,200.0,744.0,148800.0,2024-10-24
2024102403017924,SFCL,74,58,250.0,744.0,186000.0,2024-10-24
2024102403017923,SFCL,74,3,50.0,744.0,37200.0,2024-10-24
2024102403017922,SFCL,74,34,500.0,744.0,372000.0,2024-10-24
2024102403017921,SFCL,74,44,200.0,744.0,148800.0,2024-10-24
2024102403017920,SFCL,74,26,500.0,744.0,372000.0,2024-10-24
2024102403017919,SFCL,74,14,100.0,744.0,74400.0,2024-10-24
2024102403017918,SFCL,74,57,10.0,744.0,7440.0,2024-10-24
2024102403017917,SFCL,74,45,50.0,744.0,37200.0,2024-10-24
2024102403017916,SFCL,74,25,100.0,744.0,74400.0,2024-10-24
2024102403017915,SFCL,74,41,50.0,744.0,37200.0,2024-10-24
2024102403017914,SFCL,74,56,100.0,744.0,74400.0,2024-10-24
2024102403017913,SFCL,74,55,10.0,744.0,7440.0,2024-10-24
2024102403017912,SFCL,74,17,150.0,744.0,111600.0,2024-10-24
2024102403017911,SFCL,74,6,53.0,744.0,39432.0,2024-10-24
2024102403017910,SFCL,74,39,50.0,744.0,37200.0,2024-10-24
2024102403017909,SFCL,74,14,20.0,744.0,14880.0,2024-10-24
2024102403017908,SFCL,74,94,50.0,744.0,37200.0,2024-10-24
2024102403017907,SFCL,74,52,500.0,744.0,372000.0,2024-10-24
2024102403017906,SFCL,74,7,100.0,744.0,74400.0,2024-10-24
2024102403017905,SFCL,74,94,10.0,744.0,7440.0,2024-10-24
2024102403017904,SFCL,74,16,100.0,743.0,74300.0,2024-10-24
2024102403017903,SFCL,74,45,40.0,743.0,29720.0,2024-10-24
2024102403017902,SFCL,74,21,30.0,743.0,22290.0,2024-10-24
2024102403017901,SFCL,74,34,200.0,742.5,148500.0,2024-10-24
2024102403017900,SFCL,74,58,100.0,742.5,74250.0,2024-10-24
2024102403017899,SFCL,74,47,250.0,742.5,185625.0,2024-10-24
2024102403017898,SFCL,74,4,50.0,742.0,37100.0,2024-10-24
2024102403017897,SFCL,74,57,200.0,742.0,148400.0,2024-10-24
2024102403017896,SFCL,74,69,2000.0,742.0,1484000.0,2024-10-24
2024102403017895,SFCL,74,42,500.0,741.5,370750.0,2024-10-24
2024102403017894,SFCL,74,35,50.0,741.5,37075.0,2024-10-24
2024102403017893,SFCL,74,21,50.0,741.5,37075.0,2024-10-24
2024102403017892,SFCL,74,35,100.0,741.5,74150.0,2024-10-24
2024102403017891,SFCL,74,56,200.0,741.5,148300.0,2024-10-24
2024102403017890,SFCL,74,56,100.0,741.5,74150.0,2024-10-24
2024102403017889,SFCL,74,14,50.0,741.5,37075.0,2024-10-24
2024102403017888,SFCL,74,22,200.0,741.5,148300.0,2024-10-24
2024102403017887,SFCL,74,45,100.0,741.4,74140.0,2024-10-24
2024102403017886,SFCL,74,19,70.0,741.4,51898.0,2024-10-24
2024102403017885,SFCL,74,58,50.0,741.4,37070.0,2024-10-24
2024102403017884,SFCL,74,34,300.0,741.4,222420.0,2024-10-24
2024102403017883,SFCL,74,13,100.0,741.4,74140.0,2024-10-24
2024102403017882,SFCL,74,68,100.0,741.0,74100.0,2024-10-24
2024102403017881,SFCL,74,32,20.0,741.0,14820.0,2024-10-24
2024102403017880,SFCL,74,45,100.0,741.0,74100.0,2024-10-24
2024102403017879,SFCL,74,52,25.0,741.0,18525.0,2024-10-24
2024102403017878,SFCL,74,44,100.0,741.0,74100.0,2024-10-24
2024102403017877,SFCL,74,34,100.0,741.0,74100.0,2024-10-24
2024102403017876,SFCL,74,44,200.0,741.0,148200.0,2024-10-24
2024102403017875,SFCL,74,49,200.0,741.0,148200.0,2024-10-24
2024102403017874,SFCL,74,61,250.0,741.0,185250.0,2024-10-24
2024102403017873,SFCL,74,64,240.0,740.5,177720.0,2024-10-24
2024102403017872,SFCL,74,22,10.0,740.5,7405.0,2024-10-24
2024102403017871,SFCL,74,63,30.0,740.5,22215.0,2024-10-24
2024102403017870,SFCL,74,7,300.0,740.5,222150.0,2024-10-24
2024102403017869,SFCL,74,35,200.0,740.5,148100.0,2024-10-24
2024102403017868,SFCL,74,74,100.0,740.4,74040.0,2024-10-24
2024102403017867,SFCL,74,42,150.0,740.0,111000.0,2024-10-24
2024102403017866,SFCL,74,42,500.0,740.0,370000.0,2024-10-24
2024102403017865,SFCL,74,58,20.0,740.0,14800.0,2024-10-24
2024102403017864,SFCL,74,10,200.0,740.0,148000.0,2024-10-24
2024102403017863,SFCL,74,72,500.0,740.0,370000.0,2024-10-24
2024102403017862,SFCL,74,16,50.0,740.0,37000.0,2024-10-24
2024102403017861,SFCL,74,39,516.0,740.0,381840.0,2024-10-24
2024102403017860,SFCL,74,47,100.0,740.0,74000.0,2024-10-24
2024102403017859,SFCL,74,45,50.0,740.0,37000.0,2024-10-24
2024102403017858,SFCL,74,11,150.0,740.0,111000.0,2024-10-24
2024102403017857,SFCL,74,36,250.0,740.0,185000.0,2024-10-24
2024102403017856,SFCL,74,38,50.0,740.0,37000.0,2024-10-24
2024102403017855,SFCL,74,51,55.0,740.0,40700.0,2024-10-24
2024102403017854,SFCL,74,28,500.0,740.0,370000.0,2024-10-24
2024102403017853,SFCL,74,51,100.0,740.0,74000.0,2024-10-24
2024102403017852,SFCL,74,58,10.0,740.0,7400.0,2024-10-24
2024102403017851,SFCL,74,13,100.0,740.0,74000.0,2024-10-24
2024102403017850,SFCL,74,41,100.0,740.0,74000.0,2024-10-24
2024102403017849,SFCL,74,40,25.0,740.0,18500.0,2024-10-24
2024102403017848,SFCL,74,34,30.0,740.0,22200.0,2024-10-24
2024102403017847,SFCL,74,45,25.0,740.0,18500.0,2024-10-24
2024102403017846,SFCL,74,28,1000.0,740.0,740000.0,2024-10-24
2024102403017845,SFCL,74,33,20.0,740.0,14800.0,2024-10-24
2024102403017844,SFCL,74,52,60.0,740.0,44400.0,2024-10-24
2024102403017843,SFCL,74,57,40.0,739.8,29592.0,2024-10-24
2024102403017842,SFCL,74,49,100.0,739.5,73950.0,2024-10-24
2024102403017841,SFCL,74,51,200.0,739.5,147900.0,2024-10-24
2024102403017840,SFCL,74,21,100.0,739.5,73950.0,2024-10-24
2024102403017839,SFCL,74,57,200.0,739.5,147900.0,2024-10-24
2024102403017838,SFCL,74,22,100.0,739.5,73950.0,2024-10-24
2024102403017837,SFCL,74,11,406.0,739.0,300034.0,2024-10-24
2024102403017836,SFCL,74,57,60.0,739.0,44340.0,2024-10-24
2024102403017835,SFCL,74,59,500.0,739.0,369500.0,2024-10-24
2024102403017834,SFCL,74,94,560.0,739.0,413840.0,2024-10-24
2024102403017833,SFCL,74,45,500.0,739.0,369500.0,2024-10-24
2024102403017832,SFCL,74,58,600.0,739.0,443400.0,2024-10-24
2024102403017831,SFCL,74,49,300.0,739.0,221700.0,2024-10-24
2024102403017830,SFCL,74,39,200.0,739.0,147800.0,2024-10-24
2024102403017829,SFCL,74,41,200.0,739.0,147800.0,2024-10-24
2024102403017828,SFCL,74,53,100.0,739.0,73900.0,2024-10-24
2024102403017827,SFCL,74,72,300.0,739.0,221700.0,2024-10-24
2024102403017826,SFCL,74,29,100.0,739.0,73900.0,2024-10-24
2024102403017825,SFCL,74,57,500.0,738.1,369050.0,2024-10-24
2024102403017824,SFCL,74,42,1000.0,738.0,738000.0,2024-10-24
2024102403017823,SFCL,74,38,10.0,738.0,7380.0,2024-10-24
2024102403017822,SFCL,74,56,100.0,738.0,73800.0,2024-10-24
2024102403017821,SFCL,74,14,100.0,738.0,73800.0,2024-10-24
2024102403017820,SFCL,74,58,50.0,738.0,36900.0,2024-10-24
2024102403017819,SFCL,74,62,50.0,738.0,36900.0,2024-10-24
2024102403017818,SFCL,74,25,13.0,738.0,9594.0,2024-10-24
2024102403017817,SFCL,74,41,200.0,737.6,147520.0,2024-10-24
2024102403017816,SFCL,74,38,100.0,737.4,73740.0,2024-10-24
2024102403017815,SFCL,74,57,200.0,737.4,147480.0,2024-10-24
2024102403017814,SFCL,74,56,300.0,737.4,221220.0,2024-10-24
2024102403017813,SFCL,74,19,100.0,737.0,73700.0,2024-10-24
2024102403017812,SFCL,74,54,200.0,737.0,147400.0,2024-10-24
2024102403017811,SFCL,74,52,1000.0,737.0,737000.0,2024-10-24
2024102403017810,SFCL,74,32,50.0,737.0,36850.0,2024-10-24
2024102403017809,SFCL,74,58,113.0,737.0,83281.0,2024-10-24
2024102403017808,SFCL,74,44,50.0,737.0,36850.0,2024-10-24
2024102403017807,SFCL,74,55,10.0,736.0,7360.0,2024-10-24
2024102403017806,SFCL,74,34,1000.0,736.0,736000.0,2024-10-24
2024102403017805,SFCL,74,46,100.0,735.4,73540.0,2024-10-24
2024102403017804,SFCL,74,53,100.0,735.4,73540.0,2024-10-24
2024102403017803,SFCL,74,55,20.0,735.2,14704.0,2024-10-24
2024102403017802,SFCL,74,32,400.0,735.0,294000.0,2024-10-24
2024102403017801,SFCL,74,17,100.0,735.0,73500.0,2024-10-24
2024102403017800,SFCL,74,34,50.0,735.0,36750.0,2024-10-24
2024102403017799,SFCL,74,26,250.0,735.0,183750.0,2024-10-24
2024102403017798,SFCL,74,53,100.0,735.0,73500.0,2024-10-24
2024102403017797,SFCL,74,13,50.0,735.0,36750.0,2024-10-24
2024102403017796,SFCL,74,32,130.0,735.0,95550.0,2024-10-24
2024102403017795,SFCL,74,38,10.0,735.0,7350.0,2024-10-24
2024102403017794,SFCL,74,68,100.0,735.0,73500.0,2024-10-24
2024102403017793,SFCL,74,34,200.0,735.0,147000.0,2024-10-24
2024102403017792,SFCL,74,34,40.0,735.0,29400.0,2024-10-24
2024102403017791,SFCL,74,4,100.0,735.0,73500.0,2024-10-24
2024102403017790,SFCL,74,45,200.0,735.0,147000.0,2024-10-24
2024102403017789,SFCL,74,14,430.0,735.0,316050.0,2024-10-24
2024102403017788,SFCL,74,14,50.0,735.0,36750.0,2024-10-24
2024102403017787,SFCL,74,14,50.0,735.0,36750.0,2024-10-24
2024102403017786,SFCL,74,80,50.0,735.0,36750.0,2024-10-24
2024102403017785,SFCL,74,38,500.0,735.0,367500.0,2024-10-24
2024102403017784,SFCL,74,34,130.0,735.0,95550.0,2024-10-24
2024102403017783,SFCL,74,6,20.0,734.4,14688.0,2024-10-24
2024102403017782,SFCL,74,28,100.0,734.4,73440.0,2024-10-24
2024102403017781,SFCL,74,58,50.0,734.0,36700.0,2024-10-24
2024102403017780,SFCL,74,5,50.0,733.3,36665.0,2024-10-24
2024102403017779,SFCL,74,19,50.0,732.3,36615.0,2024-10-24
2024102403017778,SFCL,74,63,200.0,732.3,146460.0,2024-10-24
2024102403017777,SFCL,74,48,100.0,732.3,73230.0,2024-10-24
2024102403017776,SFCL,74,42,1900.0,732.3,1391370.0,2024-10-24
2024102403017775,SFCL,74,52,100.0,732.2,73220.0,2024-10-24
2024102403017774,SFCL,74,53,50.0,732.0,36600.0,2024-10-24
2024102403017773,SFCL,74,88,190.0,732.0,139080.0,2024-10-24
2024102403017772,SFCL,74,6,100.0,732.0,73200.0,2024-10-24
2024102403017771,SFCL,74,48,52.0,732.0,38064.0,2024-10-24
2024102403017770,SFCL,74,38,30.0,732.0,21960.0,2024-10-24
2024102403017769,SFCL,74,41,150.0,732.0,109800.0,2024-10-24
2024102403017768,SFCL,74,45,100.0,732.0,73200.0,2024-10-24
2024102403017767,SFCL,74,49,500.0,732.0,366000.0,2024-10-24
2024102403017766,SFCL,74,45,300.0,732.0,219600.0,2024-10-24
2024102403017765,SFCL,74,33,100.0,731.0,73100.0,2024-10-24
2024102403017764,SFCL,74,6,50.0,730.3,36515.0,2024-10-24
2024102403017763,SFCL,74,4,50.0,730.1,36505.0,2024-10-24
2024102403017762,SFCL,74,26,50.0,730.0,36500.0,2024-10-24
2024102403017761,SFCL,74,51,355.0,730.0,259150.0,2024-10-24
2024102403017760,SFCL,74,48,50.0,730.0,36500.0,2024-10-24
2024102403017759,SFCL,74,57,100.0,730.0,73000.0,2024-10-24
2024102403017758,SFCL,74,56,500.0,730.0,365000.0,2024-10-24
2024102403017757,SFCL,74,43,200.0,730.0,146000.0,2024-10-24
2024102403017756,SFCL,74,5,200.0,730.0,146000.0,2024-10-24
2024102403017755,SFCL,74,34,200.0,730.0,146000.0,2024-10-24
2024102403017754,SFCL,74,58,105.0,730.0,76650.0,2024-10-24
2024102403017753,SFCL,74,62,400.0,730.0,292000.0,2024-10-24
2024102403017752,SFCL,74,48,80.0,730.0,58400.0,2024-10-24
2024102403017751,SFCL,74,14,50.0,730.0,36500.0,2024-10-24
2024102403017750,SFCL,74,45,80.0,730.0,58400.0,2024-10-24
2024102403017749,SFCL,74,57,200.0,730.0,146000.0,2024-10-24
2024102403017748,SFCL,74,4,300.0,730.0,219000.0,2024-10-24
2024102403017747,SFCL,74,58,20.0,730.0,14600.0,2024-10-24
2024102403017746,SFCL,74,38,10.0,730.0,7300.0,2024-10-24
2024102403017745,SFCL,74,57,310.0,730.0,226300.0,2024-10-24
2024102403017744,SFCL,74,34,15.0,730.0,10950.0,2024-10-24
2024102403017743,SFCL,74,41,200.0,730.0,146000.0,2024-10-24
2024102403017742,SFCL,74,48,35.0,730.0,25550.0,2024-10-24
2024102403017741,SFCL,74,38,100.0,730.0,73000.0,2024-10-24
2024102403017740,SFCL,74,57,200.0,730.0,146000.0,2024-10-24
2024102403017739,SFCL,74,34,200.0,730.0,146000.0,2024-10-24
2024102403017738,SFCL,74,52,200.0,730.0,146000.0,2024-10-24
2024102403017737,SFCL,74,50,55.0,730.0,40150.0,2024-10-24
2024102403017736,SFCL,74,58,20.0,730.0,14600.0,2024-10-24
2024102403017735,SFCL,74,21,71.0,730.0,51830.0,2024-10-24
2024102403017734,SFCL,74,57,160.0,730.0,116800.0,2024-10-24
2024102403017733,SFCL,74,11,120.0,730.0,87600.0,2024-10-24
2024102403017732,SFCL,74,58,50.0,730.0,36500.0,2024-10-24
2024102403017731,SFCL,74,41,10.0,730.0,7300.0,2024-10-24
2024102403017730,SFCL,74,49,20.0,729.3,14586.0,2024-10-24
2024102403017729,SFCL,74,49,100.0,729.2,72920.0,2024-10-24
2024102403017728,SFCL,74,74,200.0,729.0,145800.0,2024-10-24
2024102403017727,SFCL,74,19,200.0,729.0,145800.0,2024-10-24
2024102403017726,SFCL,74,51,30.0,729.0,21870.0,2024-10-24
2024102403017725,SFCL,74,46,10.0,729.0,7290.0,2024-10-24
2024102403017724,SFCL,74,33,50.0,728.8,36440.0,2024-10-24
2024102403017723,SFCL,74,19,200.0,728.0,145600.0,2024-10-24
2024102403017722,SFCL,74,57,95.0,728.0,69160.0,2024-10-24
2024102403017721,SFCL,74,17,100.0,728.0,72800.0,2024-10-24
2024102403017720,SFCL,74,55,100.0,728.0,72800.0,2024-10-24
2024102403017719,SFCL,74,80,300.0,727.0,218100.0,2024-10-24
2024102403017718,SFCL,74,58,100.0,727.0,72700.0,2024-10-24
2024102403017717,SFCL,74,50,80.0,727.0,58160.0,2024-10-24
2024102403017716,SFCL,74,34,452.0,727.0,328604.0,2024-10-24
2024102403017715,SFCL,74,1,50.0,726.2,36310.0,2024-10-24
2024102403017714,SFCL,74,6,60.0,726.1,43566.0,2024-10-24
2024102403017713,SFCL,74,41,100.0,726.0,72600.0,2024-10-24
2024102403017712,SFCL,74,38,1000.0,726.0,726000.0,2024-10-24
2024102403017711,SFCL,74,14,30.0,725.6,21768.0,2024-10-24
2024102403017710,SFCL,74,58,500.0,725.0,362500.0,2024-10-24
2024102403017709,SFCL,74,56,100.0,725.0,72500.0,2024-10-24
2024102403017708,SFCL,74,25,20.0,725.0,14500.0,2024-10-24
2024102403017707,SFCL,74,14,3500.0,725.0,2537500.0,2024-10-24
2024102403017706,SFCL,74,13,100.0,725.0,72500.0,2024-10-24
2024102403017705,SFCL,74,17,100.0,725.0,72500.0,2024-10-24
2024102403017704,SFCL,74,48,50.0,725.0,36250.0,2024-10-24
2024102403017703,SFCL,74,74,200.0,725.0,145000.0,2024-10-24
2024102403017702,SFCL,74,32,125.0,725.0,90625.0,2024-10-24
2024102403017701,SFCL,74,14,50.0,725.0,36250.0,2024-10-24
2024102403017700,SFCL,74,3,100.0,725.0,72500.0,2024-10-24
2024102403017699,SFCL,74,6,53.0,725.0,38425.0,2024-10-24
2024102403017698,SFCL,74,52,300.0,725.0,217500.0,2024-10-24
2024102403017697,SFCL,74,41,50.0,725.0,36250.0,2024-10-24
2024102403017696,SFCL,74,35,100.0,725.0,72500.0,2024-10-24
2024102403017695,SFCL,74,56,100.0,724.0,72400.0,2024-10-24
2024102403017694,SFCL,74,51,438.0,723.0,316674.0,2024-10-24
2024102403017693,SFCL,74,46,30.0,723.0,21690.0,2024-10-24
2024102403017692,SFCL,74,22,100.0,722.5,72250.0,2024-10-24
2024102403017691,SFCL,74,45,500.0,722.0,361000.0,2024-10-24
2024102403017690,SFCL,74,52,100.0,722.0,72200.0,2024-10-24
2024102403017689,SFCL,74,41,1500.0,722.0,1083000.0,2024-10-24
2024102403017688,SFCL,74,51,50.0,720.5,36025.0,2024-10-24
2024102403017687,SFCL,74,36,100.0,720.0,72000.0,2024-10-24
2024102403017686,SFCL,74,53,1000.0,720.0,720000.0,2024-10-24
2024102403017685,SFCL,74,13,1200.0,720.0,864000.0,2024-10-24
2024102403017684,SFCL,74,85,10.0,720.0,7200.0,2024-10-24
2024102403017683,SFCL,74,42,100.0,720.0,72000.0,2024-10-24
2024102403017682,SFCL,74,38,13.0,720.0,9360.0,2024-10-24
2024102403017681,SFCL,74,33,100.0,720.0,72000.0,2024-10-24
2024102403017680,SFCL,74,41,100.0,720.0,72000.0,2024-10-24
2024102403017679,SFCL,74,34,200.0,720.0,144000.0,2024-10-24
2024102403017678,SFCL,74,49,50.0,720.0,36000.0,2024-10-24
2024102403017677,SFCL,74,26,350.0,719.2,251720.0,2024-10-24
2024102403017676,SFCL,74,58,37.0,719.1,26606.7,2024-10-24
2024102403017675,SFCL,74,58,95.0,719.0,68305.0,2024-10-24
2024102403017674,SFCL,74,49,10.0,719.0,7190.0,2024-10-24
2024102403017673,SFCL,74,58,500.0,719.0,359500.0,2024-10-24
2024102403017672,SFCL,74,34,80.0,719.0,57520.0,2024-10-24
2024102403017671,SFCL,74,4,730.0,718.8,524724.0,2024-10-24
2024102403017670,SFCL,74,19,60.0,718.0,43080.0,2024-10-24
2024102403017669,SFCL,74,62,15.0,716.0,10740.0,2024-10-24
2024102403017668,SFCL,74,1,160.0,716.0,114560.0,2024-10-24
2024102403017667,SFCL,74,19,2000.0,715.0,1430000.0,2024-10-24
2024102403017666,SFCL,74,38,500.0,715.0,357500.0,2024-10-24
2024102403017665,SFCL,74,45,150.0,715.0,107250.0,2024-10-24
2024102403017664,SFCL,74,21,500.0,715.0,357500.0,2024-10-24
2024102403017663,SFCL,74,49,10.0,715.0,7150.0,2024-10-24
2024102403017662,SFCL,74,57,500.0,715.0,357500.0,2024-10-24
2024102403017661,SFCL,74,62,400.0,712.7,285080.0,2024-10-24
2024102403017660,SFCL,74,56,150.0,711.0,106650.0,2024-10-24
2024102403017659,SFCL,74,33,140.0,710.0,99400.0,2024-10-24
2024102403017658,SFCL,74,45,200.0,710.0,142000.0,2024-10-24
2024102403017657,SFCL,74,71,500.0,710.0,355000.0,2024-10-24
2024102403017656,SFCL,74,26,150.0,710.0,106500.0,2024-10-24
2024102403017655,SFCL,74,61,230.0,710.0,163300.0,2024-10-24
2024102403017654,SFCL,74,39,100.0,710.0,71000.0,2024-10-24
2024102403017653,SFCL,74,81,100.0,710.0,71000.0,2024-10-24
2024102403017652,SFCL,74,38,300.0,710.0,213000.0,2024-10-24
2024102403017651,SFCL,74,38,500.0,710.0,355000.0,2024-10-24
2024102403017650,SFCL,74,21,20.0,710.0,14200.0,2024-10-24
2024102403017649,SFCL,74,36,500.0,709.9,354950.0,2024-10-24
2024102403017648,SFCL,74,8,85.0,709.0,60265.0,2024-10-24
2024102403017647,SFCL,74,25,100.0,709.0,70900.0,2024-10-24
2024102403017646,SFCL,74,22,100.0,709.0,70900.0,2024-10-24
2024102403017645,SFCL,74,1,150.0,705.0,105750.0,2024-10-24
2024102403017644,SFCL,74,81,100.0,705.0,70500.0,2024-10-24
2024102403017643,SFCL,74,63,1000.0,705.0,705000.0,2024-10-24
2024102403017642,SFCL,74,13,200.0,705.0,141000.0,2024-10-24
2024102403017641,SFCL,74,43,60.0,705.0,42300.0,2024-10-24
2024102403017640,SFCL,74,46,20.0,705.0,14100.0,2024-10-24
2024102403017639,SFCL,74,42,300.0,704.6,211380.0,2024-10-24
2024102403017638,SFCL,74,49,100.0,704.1,70410.0,2024-10-24
2024102403017637,SFCL,74,58,38.0,704.0,26752.0,2024-10-24
2024102403017636,SFCL,74,45,11.0,701.0,7711.0,2024-10-24
2024102403017635,SFCL,74,58,50.0,700.0,35000.0,2024-10-24
2024102403017634,SFCL,74,54,100.0,700.0,70000.0,2024-10-24
2024102403017633,SFCL,74,26,40.0,700.0,28000.0,2024-10-24
2024102403017632,SFCL,74,19,600.0,700.0,420000.0,2024-10-24
2024102403017631,SFCL,74,26,100.0,700.0,70000.0,2024-10-24
2024102403017630,SFCL,74,19,1000.0,700.0,700000.0,2024-10-24
2024102403017629,SFCL,74,86,100.0,699.0,69900.0,2024-10-24
2024102403017628,SFCL,74,34,325.0,699.0,227175.0,2024-10-24
2024102403017627,SFCL,74,34,1500.0,698.0,1047000.0,2024-10-24
2024102403017626,SFCL,74,48,100.0,698.0,69800.0,2024-10-24
2024102403017625,SFCL,74,29,150.0,698.0,104700.0,2024-10-24
2024102403017624,SFCL,74,7,100.0,698.0,69800.0,2024-10-24
2024102403017623,SFCL,74,6,200.0,698.0,139600.0,2024-10-24
2024102403017622,SFCL,74,58,50.0,696.0,34800.0,2024-10-24
2024102405014781,HDL,41,48,30.0,1384.0,41520.0,2024-10-24
2024102404010077,UMHL,11,57,10.0,309.9,3099.0,2024-10-24
2024102401018703,NIMB,29,45,10.0,237.0,2370.0,2024-10-24
2024102404010076,RADHI,58,29,100.0,397.2,39720.0,2024-10-24
2024102401018702,SBI,58,26,280.0,530.0,148400.0,2024-10-24
2024102404010075,API,10,49,422.0,291.0,122802.0,2024-10-24
2024102404010074,API,10,34,500.0,291.0,145500.0,2024-10-24
2024102404010073,API,10,38,109.0,291.0,31719.0,2024-10-24
2024102401018701,NMB,50,21,54.0,259.0,13986.0,2024-10-24
2024102401018700,NMB,43,21,200.0,259.2,51840.0,2024-10-24
2024102404010072,UMHL,21,57,10.0,309.9,3099.0,2024-10-24
2024102403017621,MSLB,44,45,10.0,1534.0,15340.0,2024-10-24
2024102403017620,SHINE,45,45,100.0,469.0,46900.0,2024-10-24
2024102403017619,SHINE,45,49,100.0,469.0,46900.0,2024-10-24
2024102403017618,SHINE,45,57,90.0,469.0,42210.0,2024-10-24
2024102404010071,SGIC,47,14,250.0,642.1,160525.0,2024-10-24
2024102403017617,SAPDBL,45,16,10.0,559.0,5590.0,2024-10-24
2024102403017616,SAPDBL,45,60,490.0,558.9,273861.0,2024-10-24
2024102403017615,NMBMF,56,6,50.0,696.0,34800.0,2024-10-24
2024102403017614,MNBBL,33,41,200.0,390.2,78040.0,2024-10-24
2024102403017613,HLI,13,56,100.0,467.0,46700.0,2024-10-24
2024102401018699,KBSH,39,13,50.0,2392.1,119605.0,2024-10-24
2024102401018698,EBL,33,45,10.0,601.5,6015.0,2024-10-24
2024102401018697,TVCL,34,47,10.0,460.0,4600.0,2024-10-24
2024102401018696,TVCL,34,50,10.0,456.3,4563.0,2024-10-24
2024102403017612,GBBL,57,34,382.0,445.0,169990.0,2024-10-24
2024102403017611,GBBL,44,34,118.0,445.4,52557.2,2024-10-24
2024102403017610,GMFIL,91,8,10.0,605.0,6050.0,2024-10-24
2024102403017609,SIFC,91,45,150.0,619.0,92850.0,2024-10-24
2024102401018695,RHGCL,32,70,10.0,391.4,3914.0,2024-10-24
2024102401018694,RHGCL,32,38,10.0,391.4,3914.0,2024-10-24
2024102401018693,RHGCL,32,32,280.0,390.0,109200.0,2024-10-24
2024102401018692,NWCL,32,22,10.0,970.0,9700.0,2024-10-24
2024102403017608,LICN,16,50,25.0,1988.0,49700.0,2024-10-24
2024102401018691,HIDCLP,71,47,50.0,182.8,9140.0,2024-10-24
2024102401018690,HIDCLP,71,7,50.0,182.5,9125.0,2024-10-24
2024102401018689,EHPL,8,29,10.0,824.0,8240.0,2024-10-24
2024102405014780,SAHAS,55,43,180.0,530.1,95418.0,2024-10-24
2024102404010070,GHL,29,35,459.0,217.0,99603.0,2024-10-24
2024102404010069,GHL,11,35,12.0,217.0,2604.0,2024-10-24
2024102404010068,GHL,58,35,29.0,217.2,6298.8,2024-10-24
2024102405014779,CLI,57,55,16.0,625.0,10000.0,2024-10-24
2024102403017607,GMFIL,42,8,20.0,605.0,12100.0,2024-10-24
2024102404010067,NIL,42,7,10.0,910.0,9100.0,2024-10-24
2024102403017606,NFS,41,25,50.0,1318.9,65945.0,2024-10-24
2024102403017605,NLICL,20,49,358.0,616.0,220528.0,2024-10-24
2024102405014778,NRM,36,58,10.0,427.9,4279.0,2024-10-24
2024102404010066,RHPL,45,64,200.0,367.5,73500.0,2024-10-24
2024102401018688,SBI,58,58,500.0,530.0,265000.0,2024-10-24
2024102401018687,NYADI,58,4,20.0,309.9,6198.0,2024-10-24
2024102401018686,NYADI,58,6,10.0,308.0,3080.0,2024-10-24
2024102401018685,NYADI,58,58,10.0,306.0,3060.0,2024-10-24
2024102401018684,NYADI,58,43,35.0,306.0,10710.0,2024-10-24
2024102401018683,NYADI,58,34,60.0,305.7,18342.0,2024-10-24
2024102403017604,PROFL,48,63,21.0,652.0,13692.0,2024-10-24
2024102401018682,MEHL,58,28,470.0,375.6,176532.0,2024-10-24
2024102401018681,MEHL,49,28,30.0,375.7,11271.0,2024-10-24
2024102403017603,LICN,35,3,20.0,1970.0,39400.0,2024-10-24
2024102403017602,LICN,32,3,100.0,1970.0,197000.0,2024-10-24
2024102403017601,LICN,41,3,100.0,1970.0,197000.0,2024-10-24
2024102403017600,LICN,3,3,150.0,1970.0,295500.0,2024-10-24
2024102403017599,LICN,14,3,200.0,1975.0,395000.0,2024-10-24
2024102403017598,LICN,1,3,400.0,1975.0,790000.0,2024-10-24
2024102403017597,LICN,13,3,100.0,1975.0,197500.0,2024-10-24
2024102403017596,LICN,7,3,30.0,1975.1,59253.0,2024-10-24
2024102403017595,LICN,10,3,20.0,1980.0,39600.0,2024-10-24
2024102403017594,LICN,49,3,10.0,1980.0,19800.0,2024-10-24
2024102403017593,LICN,47,3,55.0,1980.0,108900.0,2024-10-24
2024102403017592,LICN,45,3,100.0,1980.0,198000.0,2024-10-24
2024102403017591,LICN,33,3,10.0,1980.0,19800.0,2024-10-24
2024102403017590,LICN,74,3,200.0,1980.0,396000.0,2024-10-24
2024102403017589,LICN,49,3,10.0,1980.0,19800.0,2024-10-24
2024102403017588,LICN,14,3,20.0,1980.0,39600.0,2024-10-24
2024102403017587,LICN,58,3,20.0,1980.0,39600.0,2024-10-24
2024102403017586,LICN,39,3,50.0,1980.0,99000.0,2024-10-24
2024102403017585,LICN,17,3,60.0,1980.0,118800.0,2024-10-24
2024102403017584,LICN,14,3,50.0,1980.0,99000.0,2024-10-24
2024102403017583,LICN,85,3,100.0,1980.0,198000.0,2024-10-24
2024102403017582,LICN,42,3,500.0,1980.0,990000.0,2024-10-24
2024102403017581,LICN,36,3,50.0,1980.0,99000.0,2024-10-24
2024102403017580,LICN,17,3,10.0,1980.0,19800.0,2024-10-24
2024102403017579,LICN,6,3,10.0,1980.0,19800.0,2024-10-24
2024102403017578,LICN,7,3,20.0,1980.1,39602.0,2024-10-24
2024102403017577,LICN,17,3,50.0,1980.2,99010.0,2024-10-24
2024102403017576,LICN,7,3,50.0,1980.3,99015.0,2024-10-24
2024102403017575,LICN,39,3,50.0,1985.0,99250.0,2024-10-24
2024102403017574,LICN,50,3,100.0,1985.0,198500.0,2024-10-24
2024102403017573,LICN,49,3,100.0,1985.0,198500.0,2024-10-24
2024102403017572,LICN,42,3,100.0,1985.0,198500.0,2024-10-24
2024102403017571,LICN,29,3,200.0,1985.0,397000.0,2024-10-24
2024102403017570,LICN,35,3,100.0,1985.0,198500.0,2024-10-24
2024102403017569,LICN,41,3,25.0,1985.1,49627.5,2024-10-24
2024102403017568,LICN,22,3,200.0,1987.0,397400.0,2024-10-24
2024102403017567,LICN,43,3,16.0,1987.0,31792.0,2024-10-24
2024102403017566,LICN,71,3,100.0,1987.0,198700.0,2024-10-24
2024102403017565,PROFL,80,63,300.0,652.0,195600.0,2024-10-24
2024102404010065,BARUN,3,7,100.0,381.8,38180.0,2024-10-24
2024102401018680,GBIME,38,21,48.0,253.0,12144.0,2024-10-24
2024102403017564,MLBSL,5,51,10.0,2012.5,20125.0,2024-10-24
2024102404010064,SSHL,26,26,20.0,214.9,4298.0,2024-10-24
2024102404010063,SSHL,26,67,10.0,214.9,2149.0,2024-10-24
2024102405014777,SMATA,51,21,11.0,866.3,9529.3,2024-10-24
2024102405014776,SMATA,47,21,39.0,866.4,33789.6,2024-10-24
2024102403017563,MFIL,16,21,38.0,756.0,28728.0,2024-10-24
2024102401018679,MSHL,64,45,35.0,925.0,32375.0,2024-10-24
2024102404010062,RIDI,72,54,10.0,235.0,2350.0,2024-10-24
2024102401018678,KDL,57,92,40.0,1024.0,40960.0,2024-10-24
2024102401018677,KDL,17,92,10.0,1024.0,10240.0,2024-10-24
2024102401018676,KDL,45,92,60.0,1024.3,61458.0,2024-10-24
2024102401018675,KDL,72,92,90.0,1024.4,92196.0,2024-10-24
2024102403017562,KRBL,20,57,50.0,606.0,30300.0,2024-10-24
2024102404010061,NICL,62,4,10.0,986.0,9860.0,2024-10-24
2024102404010060,NICL,54,4,15.0,986.0,14790.0,2024-10-24
2024102403017561,CORBL,58,13,40.0,913.0,36520.0,2024-10-24
2024102403017560,NFS,41,16,85.0,1318.0,112030.0,2024-10-24
2024102403017559,NFS,41,34,170.0,1317.0,223890.0,2024-10-24
2024102403017558,NFS,41,6,10.0,1316.0,13160.0,2024-10-24
2024102403017557,NFS,41,42,75.0,1315.0,98625.0,2024-10-24
2024102403017556,NFS,41,58,10.0,1315.0,13150.0,2024-10-24
2024102403017555,NFS,41,41,150.0,1315.0,197250.0,2024-10-24
2024102403017554,NFS,41,7,200.0,1314.9,262980.0,2024-10-24
2024102403017553,NFS,41,58,10.0,1314.9,13149.0,2024-10-24
2024102403017552,NFS,41,42,300.0,1314.0,394200.0,2024-10-24
2024102403017551,NFS,41,33,355.0,1314.0,466470.0,2024-10-24
2024102403017550,NFS,41,34,100.0,1310.0,131000.0,2024-10-24
2024102403017549,NFS,41,59,200.0,1310.0,262000.0,2024-10-24
2024102403017548,NFS,41,40,20.0,1309.0,26180.0,2024-10-24
2024102403017547,NFS,41,7,15.0,1309.0,19635.0,2024-10-24
2024102403017546,NFS,41,57,410.0,1308.9,536649.0,2024-10-24
2024102403017545,NFS,41,38,25.0,1307.0,32675.0,2024-10-24
2024102403017544,NFS,41,6,10.0,1304.0,13040.0,2024-10-24
2024102403017543,NFS,41,47,25.0,1303.0,32575.0,2024-10-24
2024102401018674,SARBTM,34,16,80.0,758.0,60640.0,2024-10-24
2024102401018673,NIMB,19,40,300.0,236.1,70830.0,2024-10-24
2024102403017542,SINDU,32,49,75.0,666.0,49950.0,2024-10-24
2024102403017541,SINDU,32,25,35.0,665.0,23275.0,2024-10-24
2024102403017540,SINDU,32,19,490.0,658.0,322420.0,2024-10-24
2024102405014775,RNLI,57,52,200.0,490.0,98000.0,2024-10-24
2024102401018672,RHGCL,90,32,10.0,390.0,3900.0,2024-10-24
2024102401018671,MBL,59,48,200.0,252.0,50400.0,2024-10-24
2024102404010059,API,43,38,191.0,291.0,55581.0,2024-10-24
2024102403017539,ALBSL,58,35,10.0,1050.0,10500.0,2024-10-24
2024102404010058,NLG,55,43,384.0,1357.0,521088.0,2024-10-24
2024102405014774,PHCL,65,22,170.0,505.0,85850.0,2024-10-24
2024102405014773,PHCL,87,22,120.0,506.1,60732.0,2024-10-24
2024102404010057,UPCL,28,48,50.0,261.5,13075.0,2024-10-24
2024102404010056,NGPL,94,21,200.0,475.0,95000.0,2024-10-24
2024102404010055,RURU,43,45,15.0,738.3,11074.5,2024-10-24
2024102401018670,SBI,77,58,500.0,522.0,261000.0,2024-10-24
2024102401018669,SBI,77,32,286.0,493.6,141169.6,2024-10-24
2024102401018668,SBI,77,6,500.0,493.6,246800.0,2024-10-24
2024102401018667,SBI,77,40,100.0,493.6,49360.0,2024-10-24
2024102401018666,SBI,77,40,100.0,493.6,49360.0,2024-10-24
2024102401018665,SBI,77,26,4000.0,493.6,1974400.0,2024-10-24
2024102401018664,SBI,77,45,10.0,493.6,4936.0,2024-10-24
2024102401018663,SBI,77,60,500.0,493.6,246800.0,2024-10-24
2024102401018662,SBI,77,96,100.0,493.6,49360.0,2024-10-24
2024102401018661,SBI,77,69,2500.0,493.6,1234000.0,2024-10-24
2024102401018660,SBI,77,42,200.0,493.6,98720.0,2024-10-24
2024102401018659,SBI,77,14,55.0,493.6,27148.0,2024-10-24
2024102401018658,SBI,77,81,515.0,493.5,254152.5,2024-10-24
2024102401018657,SBI,77,81,1000.0,493.5,493500.0,2024-10-24
2024102401018656,SBI,77,8,200.0,493.5,98700.0,2024-10-24
2024102401018655,SBI,77,53,1000.0,493.5,493500.0,2024-10-24
2024102401018654,SBI,77,63,50.0,493.5,24675.0,2024-10-24
2024102401018653,SBI,77,1,119.0,493.0,58667.0,2024-10-24
2024102401018652,SBI,77,39,311.0,493.0,153323.0,2024-10-24
2024102401018651,SBI,77,58,20.0,493.0,9860.0,2024-10-24
2024102401018650,SBI,77,98,300.0,493.0,147900.0,2024-10-24
2024102401018649,SBI,77,33,213.0,492.6,104923.8,2024-10-24
2024102401018648,SBI,77,35,5000.0,492.6,2463000.0,2024-10-24
2024102401018647,SBI,77,51,1000.0,492.6,492600.0,2024-10-24
2024102401018646,SBI,77,42,41.0,492.6,20196.6,2024-10-24
2024102401018645,SBI,77,42,40.0,492.6,19704.0,2024-10-24
2024102401018644,SBI,77,49,3000.0,492.6,1477800.0,2024-10-24
2024102401018643,SBI,77,49,5000.0,492.6,2463000.0,2024-10-24
2024102401018642,SBI,77,52,1500.0,492.6,738900.0,2024-10-24
2024102401018641,SBI,77,34,20.0,492.6,9852.0,2024-10-24
2024102401018640,SBI,77,8,150.0,492.4,73860.0,2024-10-24
2024102401018639,SBI,77,47,300.0,492.0,147600.0,2024-10-24
2024102401018638,SBI,77,58,1000.0,492.0,492000.0,2024-10-24
2024102401018637,SBI,77,36,100.0,492.0,49200.0,2024-10-24
2024102401018636,SBI,77,14,300.0,492.0,147600.0,2024-10-24
2024102401018635,SBI,77,55,500.0,492.0,246000.0,2024-10-24
2024102401018634,SBI,77,38,200.0,491.6,98320.0,2024-10-24
2024102401018633,SBI,77,34,450.0,491.6,221220.0,2024-10-24
2024102401018632,SBI,77,8,150.0,491.5,73725.0,2024-10-24
2024102401018631,SBI,77,45,100.0,491.5,49150.0,2024-10-24
2024102401018630,SBI,77,13,331.0,491.0,162521.0,2024-10-24
2024102401018629,SBI,77,45,485.0,491.0,238135.0,2024-10-24
2024102401018628,SBI,77,38,500.0,490.6,245300.0,2024-10-24
2024102401018627,SBI,77,58,1000.0,490.6,490600.0,2024-10-24
2024102401018626,SBI,77,34,20.0,490.6,9812.0,2024-10-24
2024102401018625,SBI,77,52,1000.0,490.0,490000.0,2024-10-24
2024102401018624,SBI,77,59,50.0,490.0,24500.0,2024-10-24
2024102401018623,SBI,77,21,1000.0,490.0,490000.0,2024-10-24
2024102401018622,SBI,77,39,303.0,490.0,148470.0,2024-10-24
2024102401018621,SBI,77,44,129.0,490.0,63210.0,2024-10-24
2024102401018620,SBI,77,34,210.0,490.0,102900.0,2024-10-24
2024102401018619,SBI,77,48,300.0,490.0,147000.0,2024-10-24
2024102401018618,SBI,77,32,300.0,490.0,147000.0,2024-10-24
2024102401018617,SBI,77,53,500.0,490.0,245000.0,2024-10-24
2024102401018616,SBI,77,38,400.0,490.0,196000.0,2024-10-24
2024102401018615,SBI,77,32,50.0,490.0,24500.0,2024-10-24
2024102401018614,SBI,77,32,15.0,490.0,7350.0,2024-10-24
2024102401018613,SBI,77,51,100.0,490.0,49000.0,2024-10-24
2024102401018612,SBI,77,45,10.0,489.9,4899.0,2024-10-24
2024102401018611,SBI,77,29,300.0,489.9,146970.0,2024-10-24
2024102401018610,SBI,77,38,500.0,489.7,244850.0,2024-10-24
2024102401018609,SBI,77,71,25.0,489.6,12240.0,2024-10-24
2024102401018608,SBI,77,68,100.0,489.6,48960.0,2024-10-24
2024102401018607,SBI,77,59,2000.0,489.0,978000.0,2024-10-24
2024102401018606,SBI,77,19,553.0,489.0,270417.0,2024-10-24
2024102401018605,SBI,77,42,300.0,489.0,146700.0,2024-10-24
2024102401018604,SBI,77,38,50.0,489.0,24450.0,2024-10-24
2024102401018603,SBI,77,42,500.0,489.0,244500.0,2024-10-24
2024102401018602,SBI,77,21,150.0,489.0,73350.0,2024-10-24
2024102401018601,SBI,77,8,150.0,488.9,73335.0,2024-10-24
2024102401018600,SBI,77,39,1000.0,488.9,488900.0,2024-10-24
2024102401018599,SBI,77,50,20.0,488.0,9760.0,2024-10-24
2024102401018598,SBI,77,52,100.0,488.0,48800.0,2024-10-24
2024102401018597,SBI,77,42,100.0,487.0,48700.0,2024-10-24
2024102401018596,SBI,77,8,165.0,487.0,80355.0,2024-10-24
2024102401018595,SBI,77,49,95.0,485.0,46075.0,2024-10-24
2024102401018594,SBI,77,49,300.0,485.0,145500.0,2024-10-24
2024102401018593,SBI,77,43,1000.0,485.0,485000.0,2024-10-24
2024102401018592,SBI,77,58,30.0,485.0,14550.0,2024-10-24
2024102401018591,SBI,77,28,500.0,485.0,242500.0,2024-10-24
2024102401018590,SBI,77,68,100.0,485.0,48500.0,2024-10-24
2024102401018589,SBI,77,44,200.0,483.0,96600.0,2024-10-24
2024102401018588,SBI,77,47,500.0,483.0,241500.0,2024-10-24
2024102401018587,SBI,77,17,240.0,483.0,115920.0,2024-10-24
2024102401018586,MAKAR,4,54,50.0,502.0,25100.0,2024-10-24
2024102403017538,SWBBL,33,42,100.0,1075.0,107500.0,2024-10-24
2024102403017537,NFS,13,47,37.0,1303.0,48211.0,2024-10-24
2024102403017536,NFS,13,22,13.0,1303.0,16939.0,2024-10-24
2024102403017535,NLIC,13,13,25.0,810.0,20250.0,2024-10-24
2024102403017534,SHINE,41,57,10.0,469.0,4690.0,2024-10-24
2024102405014772,RNLI,57,47,11.0,490.0,5390.0,2024-10-24
2024102404010054,SHL,17,16,198.0,508.0,100584.0,2024-10-24
2024102404010053,API,60,54,100.0,290.1,29010.0,2024-10-24
2024102404010052,API,29,54,100.0,290.8,29080.0,2024-10-24
2024102404010051,UMHL,6,57,20.0,309.9,6198.0,2024-10-24
2024102403017533,GBLBS,32,90,10.0,740.0,7400.0,2024-10-24
2024102403017532,CFCL,16,52,10.0,650.0,6500.0,2024-10-24
2024102401018585,SMHL,55,90,10.0,655.0,6550.0,2024-10-24
2024102404010050,UMRH,8,38,10.0,468.0,4680.0,2024-10-24
2024102403017531,GBLBS,62,90,30.0,740.0,22200.0,2024-10-24
2024102404010049,NGPL,94,62,470.0,475.0,223250.0,2024-10-24
2024102404010048,NGPL,49,62,30.0,475.1,14253.0,2024-10-24
2024102405014771,SHIVM,43,45,70.0,595.0,41650.0,2024-10-24
2024102403017530,SHINE,58,35,22.0,468.1,10298.2,2024-10-24
2024102403017529,SHINE,57,35,78.0,468.2,36519.6,2024-10-24
2024102404010047,RHPL,35,51,10.0,369.0,3690.0,2024-10-24
2024102403017528,NFS,18,22,35.0,1303.0,45605.0,2024-10-24
2024102401018584,MHCL,57,45,10.0,425.0,4250.0,2024-10-24
2024102401018583,MHCL,57,42,50.0,421.0,21050.0,2024-10-24
2024102403017527,ICFC,42,25,100.0,833.0,83300.0,2024-10-24
2024102403017526,PROFL,25,63,20.0,652.0,13040.0,2024-10-24
2024102404010046,UPCL,22,48,10.0,261.5,2615.0,2024-10-24
2024102405014770,NIFRA,49,38,33.0,277.0,9141.0,2024-10-24
2024102405014769,NIFRA,49,13,17.0,277.0,4709.0,2024-10-24
2024102403017525,NFS,58,22,27.0,1303.0,35181.0,2024-10-24
2024102405014768,HRL,16,28,10.0,853.5,8535.0,2024-10-24
2024102405014767,NRIC,58,55,47.0,793.0,37271.0,2024-10-24
2024102404010045,RHPL,38,51,10.0,369.0,3690.0,2024-10-24
2024102403017524,SAPDBL,86,60,10.0,558.9,5589.0,2024-10-24
2024102403017523,NABBC,44,14,20.0,619.0,12380.0,2024-10-24
2024102403017522,NMLBBL,42,14,83.0,758.0,62914.0,2024-10-24
2024102403017521,NMLBBL,34,14,40.0,758.0,30320.0,2024-10-24
2024102403017520,NMLBBL,90,14,50.0,758.0,37900.0,2024-10-24
2024102403017519,NMLBBL,26,14,10.0,758.1,7581.0,2024-10-24
2024102403017518,NMLBBL,42,14,117.0,758.7,88767.9,2024-10-24
2024102401018582,KBL,14,39,281.0,229.6,64517.6,2024-10-24
2024102401018581,KBL,14,51,160.0,229.5,36720.0,2024-10-24
2024102401018580,KBL,14,41,59.0,229.5,13540.5,2024-10-24
2024102404010044,CHCL,47,50,15.0,563.4,8451.0,2024-10-24
2024102403017517,ICFC,14,50,50.0,832.0,41600.0,2024-10-24
2024102403017516,ICFC,43,50,50.0,832.1,41605.0,2024-10-24
2024102401018579,LSL,14,17,10.0,246.9,2469.0,2024-10-24
2024102401018578,ADBL,6,45,20.0,361.1,7222.0,2024-10-24
2024102401018577,KBL,55,56,31.0,229.0,7099.0,2024-10-24
2024102401018576,KBL,42,56,105.0,229.0,24045.0,2024-10-24
2024102401018575,MBL,46,48,200.0,252.0,50400.0,2024-10-24
2024102404010043,NIL,57,13,10.0,909.0,9090.0,2024-10-24
2024102405014766,MEL,34,46,20.0,288.0,5760.0,2024-10-24
2024102403017515,BFC,57,34,100.0,614.0,61400.0,2024-10-24
2024102403017514,BFC,38,34,100.0,614.0,61400.0,2024-10-24
2024102404010042,SHPC,17,81,55.0,529.5,29122.5,2024-10-24
2024102404010041,SHPC,17,48,45.0,529.0,23805.0,2024-10-24
2024102405014765,HIDCL,94,62,20.0,269.0,5380.0,2024-10-24
2024102405014764,HIDCL,94,14,974.0,269.0,262006.0,2024-10-24
2024102405014763,HIDCL,94,36,800.0,268.9,215120.0,2024-10-24
2024102404010040,RADHI,58,6,722.0,397.2,286778.4,2024-10-24
2024102404010039,RADHI,17,6,30.0,397.3,11919.0,2024-10-24
2024102404010038,RADHI,13,6,231.0,397.3,91776.3,2024-10-24
2024102404010037,RADHI,52,6,117.0,397.5,46507.5,2024-10-24
2024102404010036,RHPL,6,51,20.0,369.0,7380.0,2024-10-24
2024102403017513,GFCL,45,32,89.0,1010.0,89890.0,2024-10-24
2024102403017512,GFCL,77,32,50.0,1010.0,50500.0,2024-10-24
2024102403017511,GFCL,32,32,10.0,1010.0,10100.0,2024-10-24
2024102403017510,GFCL,58,32,27.0,1010.0,27270.0,2024-10-24
2024102403017509,GFCL,58,32,52.0,1010.0,52520.0,2024-10-24
2024102403017508,GFCL,58,32,20.0,1010.0,20200.0,2024-10-24
2024102403017507,GFCL,18,32,50.0,1010.1,50505.0,2024-10-24
2024102403017506,GFCL,46,32,300.0,1010.1,303030.0,2024-10-24
2024102403017505,GFCL,58,32,22.0,1011.0,22242.0,2024-10-24
2024102403017504,GFCL,38,32,235.0,1011.0,237585.0,2024-10-24
2024102403017503,GFCL,34,32,45.0,1012.0,45540.0,2024-10-24
2024102401018574,UNLB,62,5,65.0,2514.0,163410.0,2024-10-24
2024102401018573,UNLB,62,22,10.0,2510.0,25100.0,2024-10-24
2024102401018572,UNLB,62,13,10.0,2505.0,25050.0,2024-10-24
2024102401018571,UNLB,62,77,10.0,2490.0,24900.0,2024-10-24
2024102401018570,UNLB,62,38,20.0,2487.1,49742.0,2024-10-24
2024102401018569,UNLB,62,17,35.0,2480.0,86800.0,2024-10-24
2024102401018568,UNLB,62,17,50.0,2465.0,123250.0,2024-10-24
2024102404010035,RIDI,59,54,10.0,235.0,2350.0,2024-10-24
2024102401018567,SRLI,57,17,80.0,445.0,35600.0,2024-10-24
2024102403017502,FMDBL,43,42,150.0,750.0,112500.0,2024-10-24
2024102404010034,NGPL,49,42,20.0,475.1,9502.0,2024-10-24
2024102405014762,CLI,57,1,50.0,625.0,31250.0,2024-10-24
2024102403017501,ACLBSL,22,20,10.0,1033.8,10338.0,2024-10-24
2024102405014761,PHCL,87,28,100.0,506.0,50600.0,2024-10-24
2024102403017500,PROFL,48,63,100.0,652.0,65200.0,2024-10-24
2024102404010033,NLG,55,58,100.0,1357.0,135700.0,2024-10-24
2024102404010032,SHL,38,16,250.0,508.0,127000.0,2024-10-24
2024102401018566,USHL,96,62,66.0,785.0,51810.0,2024-10-24
2024102401018565,USHL,96,35,65.0,785.0,51025.0,2024-10-24
2024102401018564,USHL,96,80,229.0,785.0,179765.0,2024-10-24
2024102401018563,USHL,96,43,40.0,780.0,31200.0,2024-10-24
2024102403017499,EDBL,56,26,154.0,631.0,97174.0,2024-10-24
2024102403017498,EDBL,58,26,500.0,631.0,315500.0,2024-10-24
2024102403017497,EDBL,62,26,370.0,631.0,233470.0,2024-10-24
2024102405014760,SAHAS,76,49,100.0,531.0,53100.0,2024-10-24
2024102403017496,LBBL,21,33,25.0,478.9,11972.5,2024-10-24
2024102404010031,CHCL,20,45,500.0,564.0,282000.0,2024-10-24
2024102404010030,CHCL,20,49,500.0,563.9,281950.0,2024-10-24
2024102401018562,PCBL,42,41,100.0,289.9,28990.0,2024-10-24
2024102401018561,MKJC,34,57,28.0,474.9,13297.2,2024-10-24
2024102401018560,MKJC,34,42,56.0,473.0,26488.0,2024-10-24
2024102401018559,MKJC,34,42,50.0,473.0,23650.0,2024-10-24
2024102401018558,MKJC,34,42,55.0,473.0,26015.0,2024-10-24
2024102401018557,MKJC,34,45,11.0,472.0,5192.0,2024-10-24
2024102405014759,HDL,1,52,100.0,1383.1,138310.0,2024-10-24
2024102405014758,HDL,36,52,90.0,1383.5,124515.0,2024-10-24
2024102405014757,HDL,16,52,50.0,1384.0,69200.0,2024-10-24
2024102401018556,ADBL,35,33,45.0,363.0,16335.0,2024-10-24
2024102403017495,SFCL,45,57,50.0,695.0,34750.0,2024-10-24
2024102403017494,SFCL,40,57,50.0,695.0,34750.0,2024-10-24
2024102404010029,KKHC,57,19,500.0,260.4,130200.0,2024-10-24
2024102403017493,SWMF,56,57,200.0,803.0,160600.0,2024-10-24
2024102403017492,SWMF,41,57,59.0,803.1,47382.9,2024-10-24
2024102404010028,SHPC,57,48,450.0,529.0,238050.0,2024-10-24
2024102403017491,MFIL,16,22,10.0,756.0,7560.0,2024-10-24
2024102401018555,MCHL,6,49,10.0,490.0,4900.0,2024-10-24
2024102404010027,RADHI,58,49,10.0,399.0,3990.0,2024-10-24
2024102403017490,GBBL,44,26,100.0,445.4,44540.0,2024-10-24
2024102405014756,SHIVM,50,45,100.0,595.0,59500.0,2024-10-24
2024102401018554,SNLI,52,92,50.0,583.0,29150.0,2024-10-24
2024102401018553,SNLI,71,92,52.0,584.0,30368.0,2024-10-24
2024102403017489,HLBSL,77,57,451.0,995.0,448745.0,2024-10-24
2024102403017488,HLBSL,77,7,60.0,994.0,59640.0,2024-10-24
2024102403017487,HLBSL,77,57,140.0,994.0,139160.0,2024-10-24
2024102403017486,HLBSL,77,18,127.0,993.0,126111.0,2024-10-24
2024102403017485,HLBSL,77,38,20.0,992.0,19840.0,2024-10-24
2024102403017484,HLBSL,77,57,20.0,976.3,19526.0,2024-10-24
2024102403017483,HLBSL,77,29,182.0,975.0,177450.0,2024-10-24
2024102401018552,NYADI,72,45,60.0,305.1,18306.0,2024-10-24
2024102404010026,BARUN,36,42,100.0,381.7,38170.0,2024-10-24
2024102403017482,EDBL,62,13,70.0,631.0,44170.0,2024-10-24
2024102404010025,CGH,34,41,100.0,903.6,90360.0,2024-10-24
2024102404010024,AHPC,101,57,755.0,267.0,201585.0,2024-10-24
2024102404010023,SGIC,47,17,20.0,642.1,12842.0,2024-10-24
2024102403017481,SWBBL,54,42,10.0,1075.0,10750.0,2024-10-24
2024102401018551,AHL,56,6,52.0,671.0,34892.0,2024-10-24
2024102401018550,AHL,17,6,48.0,671.0,32208.0,2024-10-24
2024102404010022,HDHPC,28,32,340.0,207.9,70686.0,2024-10-24
2024102404010021,HDHPC,29,32,400.0,207.9,83160.0,2024-10-24
2024102404010020,HDHPC,58,32,200.0,207.9,41580.0,2024-10-24
2024102404010019,HDHPC,48,32,60.0,207.9,12474.0,2024-10-24
2024102405014755,HRL,26,67,75.0,853.0,63975.0,2024-10-24
2024102405014754,HRL,51,67,70.0,853.0,59710.0,2024-10-24
2024102405014753,HRL,34,67,50.0,853.0,42650.0,2024-10-24
2024102405014752,HRL,19,67,200.0,853.0,170600.0,2024-10-24
2024102405014751,HRL,57,67,45.0,853.0,38385.0,2024-10-24
2024102405014750,HRL,35,67,25.0,853.0,21325.0,2024-10-24
2024102405014749,HRL,57,67,250.0,853.0,213250.0,2024-10-24
2024102405014748,HRL,60,67,135.0,853.0,115155.0,2024-10-24
2024102405014747,HRL,3,67,50.0,853.1,42655.0,2024-10-24
2024102405014746,HRL,8,67,50.0,853.1,42655.0,2024-10-24
2024102405014745,HRL,35,67,50.0,853.5,42675.0,2024-10-24
2024102403017480,GFCL,38,60,206.0,1011.0,208266.0,2024-10-24
2024102403017479,GFCL,48,60,94.0,1012.0,95128.0,2024-10-24
2024102405014744,SMJC,63,59,10.0,578.3,5783.0,2024-10-24
2024102401018549,MSHL,64,42,32.0,924.0,29568.0,2024-10-24
2024102401018548,SPHL,42,37,80.0,658.0,52640.0,2024-10-24
2024102403017478,NMLBBL,42,45,383.0,758.7,290582.1,2024-10-24
2024102403017477,NFS,58,48,120.0,1301.5,156180.0,2024-10-24
2024102403017476,NFS,1,48,50.0,1301.5,65075.0,2024-10-24
2024102403017475,NFS,39,48,20.0,1302.0,26040.0,2024-10-24
2024102403017474,NFS,34,48,20.0,1303.0,26060.0,2024-10-24
2024102401018547,ADBL,48,33,10.0,363.0,3630.0,2024-10-24
2024102404010018,SHEL,72,86,10.0,245.0,2450.0,2024-10-24
2024102404010017,SHEL,72,57,100.0,245.0,24500.0,2024-10-24
2024102404010016,SHEL,72,32,900.0,245.0,220500.0,2024-10-24
2024102404010015,SHEL,72,99,100.0,245.0,24500.0,2024-10-24
2024102404010014,SHEL,72,10,10.0,245.0,2450.0,2024-10-24
2024102404010013,SHEL,72,49,100.0,245.0,24500.0,2024-10-24
2024102404010012,SHEL,72,29,200.0,245.0,49000.0,2024-10-24
2024102404010011,SHEL,72,55,300.0,245.0,73500.0,2024-10-24
2024102404010010,SHEL,72,90,100.0,245.0,24500.0,2024-10-24
2024102404010009,SHEL,72,34,200.0,245.0,49000.0,2024-10-24
2024102404010008,SHEL,72,57,300.0,244.5,73350.0,2024-10-24
2024102404010007,SHEL,72,58,20.0,243.0,4860.0,2024-10-24
2024102404010006,SHEL,72,58,20.0,243.0,4860.0,2024-10-24
2024102404010005,SHEL,72,46,10.0,243.0,2430.0,2024-10-24
2024102404010004,SHEL,72,64,500.0,242.9,121450.0,2024-10-24
2024102404010003,SHEL,72,6,290.0,242.9,70441.0,2024-10-24
2024102401018546,USHL,50,43,10.0,780.0,7800.0,2024-10-24
2024102401018545,USHL,50,58,10.0,780.0,7800.0,2024-10-24
2024102403017473,PROFL,16,45,20.0,651.9,13038.0,2024-10-24
2024102401018544,SRLI,49,45,10.0,443.0,4430.0,2024-10-24
2024102403017472,MATRI,45,70,10.0,1400.0,14000.0,2024-10-24
2024102403017471,MATRI,45,56,10.0,1399.9,13999.0,2024-10-24
2024102401018543,SAMAJ,77,38,10.0,3250.0,32500.0,2024-10-24
2024102401018542,SAMAJ,77,45,10.0,3250.0,32500.0,2024-10-24
2024102401018541,NICA,45,51,557.0,444.0,247308.0,2024-10-24
2024102401018540,NICA,45,38,10.0,444.0,4440.0,2024-10-24
2024102401018539,NICA,45,45,33.0,444.0,14652.0,2024-10-24
2024102401018538,NICA,45,6,200.0,443.9,88780.0,2024-10-24
2024102405014743,HDL,16,4,20.0,1384.0,27680.0,2024-10-24
2024102401018537,TVCL,14,34,130.0,455.1,59163.0,2024-10-24
2024102405014742,CLI,57,52,10.0,625.0,6250.0,2024-10-24
2024102404010002,NGPL,94,16,250.0,475.0,118750.0,2024-10-24
2024102403017470,SAPDBL,70,16,650.0,553.3,359645.0,2024-10-24
2024102403017469,SAPDBL,4,16,100.0,554.0,55400.0,2024-10-24
2024102401018536,SNLI,71,32,52.0,585.0,30420.0,2024-10-24
2024102401018535,SNLI,71,57,12.0,585.0,7020.0,2024-10-24
2024102401018534,SNLI,71,49,12.0,585.0,7020.0,2024-10-24
2024102401018533,SNLI,71,58,12.0,585.0,7020.0,2024-10-24
2024102401018532,SNLI,71,58,12.0,585.0,7020.0,2024-10-24
2024102403017468,JFL,57,53,55.0,666.0,36630.0,2024-10-24
2024102403017467,JFL,57,1,20.0,665.2,13304.0,2024-10-24
2024102403017466,JFL,57,34,30.0,665.0,19950.0,2024-10-24
2024102403017465,JFL,57,41,50.0,665.0,33250.0,2024-10-24
2024102403017464,JFL,57,36,45.0,665.0,29925.0,2024-10-24
2024102404010001,RADHI,57,49,10.0,399.0,3990.0,2024-10-24
2024102401018531,SNLI,71,57,12.0,584.0,7008.0,2024-10-24
2024102404010000,NLG,42,17,10.0,1358.0,13580.0,2024-10-24
2024102403017463,LBBL,88,42,3777.0,471.0,1778967.0,2024-10-24
2024102405014741,HDL,16,48,30.0,1384.0,41520.0,2024-10-24
2024102405014740,HDL,52,48,80.0,1384.0,110720.0,2024-10-24
2024102403017462,DDBL,7,49,20.0,908.0,18160.0,2024-10-24
2024102405014739,HRL,35,7,30.0,853.5,25605.0,2024-10-24
2024102403017461,JSLBB,61,7,100.0,1488.0,148800.0,2024-10-24
2024102403017460,JSLBB,58,7,10.0,1489.1,14891.0,2024-10-24
2024102401018530,USHL,96,38,60.0,775.0,46500.0,2024-10-24
2024102401018529,USHL,57,38,20.0,775.1,15502.0,2024-10-24
2024102403017459,MATRI,5,56,10.0,1399.9,13999.0,2024-10-24
2024102403017458,SHINE,57,21,22.0,468.2,10300.4,2024-10-24
2024102403017457,LICN,43,50,20.0,1988.0,39760.0,2024-10-24
2024102403017456,LICN,41,50,50.0,1988.0,99400.0,2024-10-24
2024102403017455,LICN,26,50,20.0,1988.0,39760.0,2024-10-24
2024102403017454,LICN,28,50,50.0,1988.0,99400.0,2024-10-24
2024102403017453,LICN,58,50,84.0,1988.0,166992.0,2024-10-24
2024102403017452,LICN,34,50,20.0,1988.1,39762.0,2024-10-24
2024102403017451,LICN,17,50,30.0,1988.1,59643.0,2024-10-24
2024102403017450,LICN,16,50,50.0,1989.0,99450.0,2024-10-24
2024102403017449,LICN,44,50,200.0,1989.0,397800.0,2024-10-24
2024102403017448,LICN,13,50,130.0,1989.0,258570.0,2024-10-24
2024102401018528,SARBTM,50,16,100.0,758.0,75800.0,2024-10-24
2024102403017447,JFL,22,45,10.0,662.1,6621.0,2024-10-24
2024102403017446,SIFC,45,45,10.0,619.0,6190.0,2024-10-24
2024102401018527,KBL,4,41,100.0,229.5,22950.0,2024-10-24
2024102405014738,MMF1,13,17,400.0,8.9,3560.0,2024-10-24
2024102405014737,MMF1,13,3,100.0,8.75,875.0,2024-10-24
2024102403017445,LICN,53,14,100.0,1990.0,199000.0,2024-10-24
2024102403017444,GFCL,48,34,100.0,1012.0,101200.0,2024-10-24
2024102401018526,MKHL,36,34,296.0,496.0,146816.0,2024-10-24
2024102401018525,BEDC,32,16,10.0,465.9,4659.0,2024-10-24
2024102405014736,PHCL,43,29,10.0,506.0,5060.0,2024-10-24
2024102403017443,NUBL,57,29,492.0,716.0,352272.0,2024-10-24
2024102403017442,BFC,22,4,10.0,614.5,6145.0,2024-10-24
2024102403017441,MNBBL,32,42,100.0,390.1,39010.0,2024-10-24
2024102404009999,SHPC,49,48,10.0,529.0,5290.0,2024-10-24
2024102403017440,GFCL,48,49,22.0,1012.0,22264.0,2024-10-24
2024102401018524,AVYAN,48,7,10.0,896.0,8960.0,2024-10-24
2024102401018523,MSHL,6,38,10.0,923.3,9233.0,2024-10-24
2024102404009998,HEI,32,5,145.0,638.0,92510.0,2024-10-24
2024102404009997,HEI,34,5,30.0,638.1,19143.0,2024-10-24
2024102401018522,RFPL,39,92,2930.0,555.4,1627322.0,2024-10-24
2024102401018521,RFPL,62,92,410.0,555.5,227755.0,2024-10-24
2024102401018520,RFPL,62,92,500.0,555.7,277850.0,2024-10-24
2024102401018519,RFPL,62,92,500.0,556.5,278250.0,2024-10-24
2024102401018518,RFPL,62,92,500.0,557.0,278500.0,2024-10-24
2024102401018517,RFPL,56,92,60.0,557.1,33426.0,2024-10-24
2024102401018516,RFPL,61,92,30.0,561.5,16845.0,2024-10-24
2024102401018515,RFPL,56,92,20.0,561.6,11232.0,2024-10-24
2024102401018514,RFPL,7,92,50.0,564.2,28210.0,2024-10-24
2024102404009996,PPCL,77,53,50.0,261.8,13090.0,2024-10-24
2024102401018513,RAWA,45,57,200.0,799.2,159840.0,2024-10-24
2024102405014735,ILI,42,40,316.0,480.0,151680.0,2024-10-24
2024102405014734,ILI,47,40,20.0,480.0,9600.0,2024-10-24
2024102405014733,ILI,48,40,30.0,480.0,14400.0,2024-10-24
2024102405014732,ILI,44,40,200.0,480.0,96000.0,2024-10-24
2024102405014731,ILI,36,40,100.0,480.0,48000.0,2024-10-24
2024102405014730,ILI,42,40,300.0,480.0,144000.0,2024-10-24
2024102405014729,ILI,51,40,45.0,480.0,21600.0,2024-10-24
2024102405014728,HATHY,56,95,42.0,1309.0,54978.0,2024-10-24
2024102405014727,HATHY,28,95,20.0,1310.0,26200.0,2024-10-24
2024102405014726,HATHY,52,95,15.0,1310.0,19650.0,2024-10-24
2024102405014725,HATHY,61,95,10.0,1310.0,13100.0,2024-10-24
2024102405014724,HATHY,88,95,50.0,1310.0,65500.0,2024-10-24
2024102405014723,HATHY,34,95,50.0,1310.0,65500.0,2024-10-24
2024102405014722,HATHY,59,95,100.0,1310.0,131000.0,2024-10-24
2024102405014721,HATHY,34,95,10.0,1310.0,13100.0,2024-10-24
2024102405014720,HATHY,42,95,10.0,1310.0,13100.0,2024-10-24
2024102405014719,HATHY,57,95,20.0,1310.0,26200.0,2024-10-24
2024102405014718,HATHY,53,95,20.0,1310.1,26202.0,2024-10-24
2024102405014717,HATHY,57,95,250.0,1310.2,327550.0,2024-10-24
2024102405014716,HATHY,77,95,33.0,1311.0,43263.0,2024-10-24
2024102405014715,HATHY,25,95,50.0,1311.0,65550.0,2024-10-24
2024102405014714,HATHY,38,95,10.0,1311.0,13110.0,2024-10-24
2024102405014713,HATHY,35,95,200.0,1311.2,262240.0,2024-10-24
2024102405014712,HATHY,38,95,10.0,1313.0,13130.0,2024-10-24
2024102405014711,HATHY,49,95,100.0,1313.0,131300.0,2024-10-24
2024102401018512,PCBL,58,52,100.0,290.0,29000.0,2024-10-24
2024102401018511,DOLTI,56,55,15.0,529.0,7935.0,2024-10-24
2024102401018510,DOLTI,42,55,198.0,529.0,104742.0,2024-10-24
2024102404009995,CGH,8,14,400.0,904.0,361600.0,2024-10-24
2024102404009994,KPCL,60,33,71.0,496.9,35279.9,2024-10-24
2024102404009993,NLG,35,17,20.0,1358.0,27160.0,2024-10-24
2024102401018509,SPHL,36,35,20.0,655.1,13102.0,2024-10-24
2024102403017439,CFCL,94,25,777.0,648.1,503573.7,2024-10-24
2024102403017438,CFCL,48,25,23.0,648.1,14906.3,2024-10-24
2024102403017437,CFCL,41,25,200.0,649.0,129800.0,2024-10-24
2024102401018508,CYCL,98,57,13.0,1518.0,19734.0,2024-10-24
2024102401018507,DOLTI,57,63,30.0,536.0,16080.0,2024-10-24
2024102401018506,DOLTI,57,38,10.0,533.0,5330.0,2024-10-24
2024102401018505,DOLTI,57,1,10.0,530.0,5300.0,2024-10-24
2024102403017436,MNBBL,11,49,20.0,391.0,7820.0,2024-10-24
2024102403017435,GFCL,48,42,284.0,1012.0,287408.0,2024-10-24
2024102401018504,MHL,66,4,10.0,722.0,7220.0,2024-10-24
2024102401018503,KBL,28,39,60.0,229.6,13776.0,2024-10-24
2024102403017434,NFS,34,68,100.0,1303.0,130300.0,2024-10-24
2024102401018502,NABIL,49,58,23.0,591.5,13604.5,2024-10-24
2024102403017433,ICFC,43,58,50.0,832.1,41605.0,2024-10-24
2024102401018501,SBI,44,17,260.0,483.0,125580.0,2024-10-24
2024102401018500,SBI,44,17,500.0,483.0,241500.0,2024-10-24
2024102401018499,SBI,44,54,200.0,483.0,96600.0,2024-10-24
2024102401018498,SBI,44,8,150.0,482.9,72435.0,2024-10-24
2024102401018497,SBI,44,34,90.0,482.9,43461.0,2024-10-24
2024102404009992,AHPC,21,57,375.0,267.0,100125.0,2024-10-24
2024102404009991,AHPC,57,50,46.0,265.6,12217.6,2024-10-24
2024102404009990,AHPC,51,50,387.0,265.7,102825.9,2024-10-24
2024102404009989,AHPC,49,50,500.0,266.0,133000.0,2024-10-24
2024102404009988,AHPC,43,50,40.0,266.0,10640.0,2024-10-24
2024102404009987,AHPC,36,50,27.0,266.0,7182.0,2024-10-24
2024102403017432,SJLIC,65,45,30.0,476.0,14280.0,2024-10-24
2024102403017431,GMFIL,91,8,10.0,605.0,6050.0,2024-10-24
2024102403017430,ICFC,53,25,20.0,833.0,16660.0,2024-10-24
2024102403017429,ICFC,53,41,30.0,832.4,24972.0,2024-10-24
2024102401018496,NWCL,39,22,10.0,970.0,9700.0,2024-10-24
2024102401018495,GBIME,49,17,100.0,252.8,25280.0,2024-10-24
2024102404009986,HDHPC,48,34,100.0,207.9,20790.0,2024-10-24
2024102401018494,MMKJL,29,90,105.0,569.0,59745.0,2024-10-24
2024102401018493,MMKJL,60,90,100.0,569.1,56910.0,2024-10-24
2024102401018492,MMKJL,52,90,45.0,570.0,25650.0,2024-10-24
2024102401018491,MMKJL,32,90,50.0,570.0,28500.0,2024-10-24
2024102401018490,MMKJL,64,90,200.0,572.0,114400.0,2024-10-24
2024102405014710,HDL,52,41,25.0,1384.0,34600.0,2024-10-24
2024102405014709,HDL,52,6,10.0,1384.0,13840.0,2024-10-24
2024102405014708,HDL,52,46,55.0,1384.0,76120.0,2024-10-24
2024102403017428,MLBL,62,36,100.0,397.0,39700.0,2024-10-24
2024102403017427,MLBL,62,19,100.0,397.0,39700.0,2024-10-24
2024102403017426,SMFBS,16,62,10.0,1485.0,14850.0,2024-10-24
2024102403017425,SMFBS,80,62,67.0,1486.5,99595.5,2024-10-24
2024102403017424,SMFBS,77,62,11.0,1550.9,17059.9,2024-10-24
2024102403017423,SMFBS,77,62,11.0,1563.9,17202.9,2024-10-24
2024102405014707,PHCL,55,29,10.0,506.0,5060.0,2024-10-24
2024102405014706,HDL,41,46,10.0,1384.0,13840.0,2024-10-24
2024102405014705,HDL,36,57,70.0,1383.5,96845.0,2024-10-24
2024102401018489,USHEC,25,51,20.0,540.0,10800.0,2024-10-24
2024102403017422,LICN,25,14,11.0,1990.0,21890.0,2024-10-24
2024102401018488,MHL,38,25,40.0,713.1,28524.0,2024-10-24
2024102403017421,WNLB,66,58,10.0,2600.0,26000.0,2024-10-24
2024102403017420,GUFL,28,7,20.0,730.0,14600.0,2024-10-24
2024102405014704,PHCL,53,29,80.0,506.0,40480.0,2024-10-24
2024102403017419,GBBL,13,58,50.0,446.6,22330.0,2024-10-24
2024102404009985,SPDL,47,14,170.0,307.0,52190.0,2024-10-24
2024102404009984,SPDL,3,14,230.0,307.0,70610.0,2024-10-24
2024102404009983,SPDL,47,14,100.0,307.3,30730.0,2024-10-24
2024102404009982,SPDL,45,14,30.0,308.0,9240.0,2024-10-24
2024102401018487,USHEC,61,51,80.0,540.0,43200.0,2024-10-24
2024102401018486,USHEC,61,42,10.0,539.9,5399.0,2024-10-24
2024102401018485,USHEC,61,51,10.0,539.0,5390.0,2024-10-24
2024102403017418,NMBMF,56,95,21.0,695.0,14595.0,2024-10-24
2024102403017417,NFS,34,13,50.0,1303.0,65150.0,2024-10-24
2024102404009981,AKJCL,57,6,25.0,208.0,5200.0,2024-10-24
2024102403017416,GUFL,28,19,300.0,730.0,219000.0,2024-10-24
2024102403017415,GFCL,16,42,200.0,1012.0,202400.0,2024-10-24
2024102403017414,SADBL,35,61,10.0,409.0,4090.0,2024-10-24
2024102403017413,RLFL,1,34,27.0,617.0,16659.0,2024-10-24
2024102403017412,RLFL,1,38,85.0,617.0,52445.0,2024-10-24
2024102404009980,SJCL,49,50,828.0,335.0,277380.0,2024-10-24
2024102404009979,SJCL,49,34,20.0,335.0,6700.0,2024-10-24
2024102404009978,SJCL,49,17,40.0,335.0,13400.0,2024-10-24
2024102404009977,SJCL,49,45,40.0,335.0,13400.0,2024-10-24
2024102404009976,SJCL,49,58,268.0,335.0,89780.0,2024-10-24
2024102404009975,SJCL,49,57,200.0,334.9,66980.0,2024-10-24
2024102404009974,SJCL,49,57,20.0,334.0,6680.0,2024-10-24
2024102404009973,SJCL,49,49,20.0,334.0,6680.0,2024-10-24
2024102404009972,SJCL,49,42,40.0,333.0,13320.0,2024-10-24
2024102404009971,UAIL,26,41,30.0,631.3,18939.0,2024-10-24
2024102401018484,TPC,44,45,200.0,475.0,95000.0,2024-10-24
2024102401018483,TPC,44,11,200.0,475.0,95000.0,2024-10-24
2024102401018482,TPC,44,49,380.0,474.0,180120.0,2024-10-24
2024102401018481,TPC,44,48,100.0,474.0,47400.0,2024-10-24
2024102401018480,TPC,44,42,820.0,474.0,388680.0,2024-10-24
2024102401018479,TPC,44,58,50.0,473.9,23695.0,2024-10-24
2024102401018478,TPC,44,29,200.0,473.9,94780.0,2024-10-24
2024102401018477,TPC,44,57,83.0,473.7,39317.1,2024-10-24
2024102401018476,TPC,44,5,401.0,472.0,189272.0,2024-10-24
2024102401018475,KBL,42,44,50.0,229.0,11450.0,2024-10-24
2024102401018474,KBL,13,44,300.0,229.0,68700.0,2024-10-24
2024102401018473,KBL,58,44,500.0,229.0,114500.0,2024-10-24
2024102401018472,KBL,32,44,10.0,229.0,2290.0,2024-10-24
2024102401018471,KBL,48,44,495.0,229.0,113355.0,2024-10-24
2024102404009970,NICL,20,20,1.0,970.0,970.0,2024-10-24
2024102404009969,SHPC,45,81,145.0,529.5,76777.5,2024-10-24
2024102404009968,SHPC,45,21,155.0,529.0,81995.0,2024-10-24
2024102404009967,SHEL,36,39,100.0,242.0,24200.0,2024-10-24
2024102403017411,GBLBS,29,34,785.0,731.3,574070.5,2024-10-24
2024102403017410,GBLBS,28,34,10.0,731.6,7316.0,2024-10-24
2024102405014703,HRL,67,32,15.0,854.0,12810.0,2024-10-24
2024102405014702,HRL,67,3,50.0,854.0,42700.0,2024-10-24
2024102405014701,HRL,67,19,380.0,854.0,324520.0,2024-10-24
2024102405014700,HRL,67,66,655.0,853.5,559042.5,2024-10-24
2024102401018470,BGWT,42,19,70.0,915.0,64050.0,2024-10-24
2024102403017409,MLBBL,43,3,18.0,1706.0,30708.0,2024-10-24
2024102403017408,MLBBL,43,58,50.0,1705.0,85250.0,2024-10-24
2024102403017407,MLBBL,43,38,250.0,1705.0,426250.0,2024-10-24
2024102403017406,MLBBL,43,29,30.0,1704.0,51120.0,2024-10-24
2024102403017405,MLBBL,43,37,15.0,1700.0,25500.0,2024-10-24
2024102403017404,MLBBL,43,16,19.0,1700.0,32300.0,2024-10-24
2024102403017403,MLBBL,43,35,18.0,1699.9,30598.2,2024-10-24
2024102404009966,BPCL,51,55,20.0,450.1,9002.0,2024-10-24
2024102405014699,HRL,55,66,380.0,853.5,324330.0,2024-10-24
2024102403017402,HLI,22,38,86.0,466.0,40076.0,2024-10-24
2024102403017401,HLI,32,38,29.0,466.0,13514.0,2024-10-24
2024102401018469,KBSH,38,45,10.0,2400.0,24000.0,2024-10-24
2024102401018468,GBIME,86,45,1200.0,253.0,303600.0,2024-10-24
2024102401018467,GBIME,86,57,400.0,253.0,101200.0,2024-10-24
2024102401018466,GBIME,86,34,393.0,253.0,99429.0,2024-10-24
2024102404009965,SPDL,44,45,100.0,310.0,31000.0,2024-10-24
2024102404009964,SPDL,44,13,100.0,309.0,30900.0,2024-10-24
2024102404009963,SPDL,44,56,100.0,308.0,30800.0,2024-10-24
2024102405014698,ILI,49,58,50.0,480.0,24000.0,2024-10-24
2024102405014697,ILI,1,58,35.0,480.0,16800.0,2024-10-24
2024102405014696,ILI,45,58,40.0,480.0,19200.0,2024-10-24
2024102405014695,ILI,42,58,20.0,480.0,9600.0,2024-10-24
2024102403017400,NMLBBL,26,14,80.0,758.1,60648.0,2024-10-24
2024102403017399,NMLBBL,52,14,20.0,758.5,15170.0,2024-10-24
2024102403017398,NMLBBL,41,14,10.0,758.6,7586.0,2024-10-24
2024102403017397,NMLBBL,41,14,10.0,758.6,7586.0,2024-10-24
2024102403017396,NMLBBL,41,14,10.0,758.6,7586.0,2024-10-24
2024102401018465,BNHC,50,14,50.0,465.0,23250.0,2024-10-24
2024102405014694,CHDC,77,81,10.0,1673.0,16730.0,2024-10-24
2024102405014693,PHCL,53,4,10.0,506.0,5060.0,2024-10-24
2024102401018464,PPL,45,22,10.0,464.7,4647.0,2024-10-24
2024102401018463,PPL,45,57,10.0,460.0,4600.0,2024-10-24
2024102405014692,SONA,32,45,65.0,470.6,30589.0,2024-10-24
2024102405014691,SONA,45,45,100.0,470.7,47070.0,2024-10-24
2024102405014690,SONA,56,45,20.0,470.9,9418.0,2024-10-24
2024102405014689,SONA,64,45,500.0,471.0,235500.0,2024-10-24
2024102405014688,SONA,58,45,62.0,471.0,29202.0,2024-10-24
2024102404009962,NLG,13,22,98.0,1358.9,133172.2,2024-10-24
2024102404009961,NLG,13,6,17.0,1358.9,23101.3,2024-10-24
2024102405014687,ILI,39,47,15.0,480.0,7200.0,2024-10-24
2024102405014686,ILI,36,47,340.0,480.0,163200.0,2024-10-24
2024102405014685,ILI,42,47,500.0,480.0,240000.0,2024-10-24
2024102405014684,ILI,26,47,68.0,480.0,32640.0,2024-10-24
2024102405014683,ILI,54,47,72.0,480.1,34567.2,2024-10-24
2024102401018462,NICA,17,6,100.0,443.9,44390.0,2024-10-24
2024102401018461,PCBL,17,17,75.0,290.7,21802.5,2024-10-24
2024102401018460,PCBL,17,84,125.0,290.7,36337.5,2024-10-24
2024102401018459,SBI,58,39,900.0,481.0,432900.0,2024-10-24
2024102401018458,MKJC,34,45,295.0,472.0,139240.0,2024-10-24
2024102401018457,MKJC,34,35,90.0,472.0,42480.0,2024-10-24
2024102401018456,MKJC,34,16,25.0,471.9,11797.5,2024-10-24
2024102401018455,MKJC,34,38,300.0,471.0,141300.0,2024-10-24
2024102401018454,MKJC,34,51,10.0,470.0,4700.0,2024-10-24
2024102401018453,MKJC,34,6,850.0,469.9,399415.0,2024-10-24
2024102401018452,MKJC,34,3,130.0,469.0,60970.0,2024-10-24
2024102401018451,PRVU,57,62,191.0,240.0,45840.0,2024-10-24
2024102401018450,PRVU,38,62,125.0,240.0,30000.0,2024-10-24
2024102401018449,PRVU,58,62,100.0,240.0,24000.0,2024-10-24
2024102401018448,PRVU,35,62,400.0,240.0,96000.0,2024-10-24
2024102401018447,PRVU,42,62,75.0,240.0,18000.0,2024-10-24
2024102401018446,PRVU,58,62,420.0,240.0,100800.0,2024-10-24
2024102401018445,PRVU,22,62,260.0,240.0,62400.0,2024-10-24
2024102401018444,PRVU,49,62,92.0,240.0,22080.0,2024-10-24
2024102401018443,PRVU,58,62,50.0,240.0,12000.0,2024-10-24
2024102401018442,PRVU,7,62,1000.0,240.0,240000.0,2024-10-24
2024102401018441,PRVU,19,62,250.0,240.0,60000.0,2024-10-24
2024102401018440,PRVU,42,62,1037.0,240.0,248880.0,2024-10-24
2024102403017395,NADEP,57,42,10.0,1030.0,10300.0,2024-10-24
2024102401018439,MHCL,57,33,45.0,419.2,18864.0,2024-10-24
2024102401018438,MHCL,57,42,10.0,417.2,4172.0,2024-10-24
2024102401018437,MHCL,57,48,10.0,417.2,4172.0,2024-10-24
2024102401018436,MHCL,57,29,10.0,416.0,4160.0,2024-10-24
2024102401018435,MHCL,57,41,10.0,416.0,4160.0,2024-10-24
2024102401018434,MHCL,57,81,415.0,415.1,172266.5,2024-10-24
2024102401018433,SARBTM,42,16,15.0,758.0,11370.0,2024-10-24
2024102403017394,CBBL,42,42,100.0,968.5,96850.0,2024-10-24
2024102403017393,GFCL,45,7,50.0,1010.0,50500.0,2024-10-24
2024102403017392,GFCL,34,7,75.0,1010.0,75750.0,2024-10-24
2024102403017391,GFCL,26,7,50.0,1010.3,50515.0,2024-10-24
2024102403017390,GFCL,38,7,20.0,1011.0,20220.0,2024-10-24
2024102401018432,BGWT,42,58,50.0,915.0,45750.0,2024-10-24
2024102405014682,PHCL,53,58,10.0,506.0,5060.0,2024-10-24
2024102405014681,NRIC,50,55,20.0,793.0,15860.0,2024-10-24
2024102403017389,LICN,48,14,10.0,1990.0,19900.0,2024-10-24
2024102403017388,LICN,57,14,20.0,1990.0,39800.0,2024-10-24
2024102403017387,LICN,45,14,100.0,1991.0,199100.0,2024-10-24
2024102401018431,PCBL,21,34,55.0,290.0,15950.0,2024-10-24
2024102401018430,PCBL,21,58,60.0,290.0,17400.0,2024-10-24
2024102403017386,SIFC,91,28,10.0,617.0,6170.0,2024-10-24
2024102403017385,SIFC,91,59,340.0,617.0,209780.0,2024-10-24
2024102405014680,SHIVM,56,85,174.0,594.0,103356.0,2024-10-24
2024102405014679,SHIVM,36,85,26.0,594.0,15444.0,2024-10-24
2024102403017384,GBLBS,32,90,10.0,740.0,7400.0,2024-10-24
2024102403017383,GBLBS,32,49,15.0,739.0,11085.0,2024-10-24
2024102403017382,GBLBS,32,57,15.0,732.0,10980.0,2024-10-24
2024102401018429,TVCL,14,32,50.0,455.1,22755.0,2024-10-24
2024102404009960,UPPER,1,6,711.0,212.5,151087.5,2024-10-24
2024102404009959,UPPER,48,6,47.0,212.5,9987.5,2024-10-24
2024102404009958,UPPER,38,6,500.0,212.5,106250.0,2024-10-24
2024102404009957,UPPER,38,6,500.0,212.5,106250.0,2024-10-24
2024102404009956,UPPER,49,6,150.0,212.5,31875.0,2024-10-24
2024102404009955,UPPER,19,6,41.0,212.5,8712.5,2024-10-24
2024102404009954,UPPER,22,6,1000.0,212.5,212500.0,2024-10-24
2024102404009953,UPPER,57,6,200.0,212.5,42500.0,2024-10-24
2024102404009952,UPPER,57,6,500.0,212.5,106250.0,2024-10-24
2024102404009951,UPPER,5,6,1000.0,212.5,212500.0,2024-10-24
2024102404009950,UPPER,11,6,200.0,212.5,42500.0,2024-10-24
2024102404009949,UPPER,1,6,345.0,212.5,73312.5,2024-10-24
2024102404009948,UPPER,59,6,650.0,212.6,138190.0,2024-10-24
2024102404009947,UPPER,44,6,400.0,212.6,85040.0,2024-10-24
2024102404009946,UPPER,48,6,10.0,212.6,2126.0,2024-10-24
2024102404009945,UPPER,42,6,300.0,212.6,63780.0,2024-10-24
2024102404009944,UPPER,34,6,19.0,212.6,4039.4,2024-10-24
2024102404009943,UPPER,50,6,100.0,212.7,21270.0,2024-10-24
2024102404009942,UPPER,13,6,518.0,212.7,110178.6,2024-10-24
2024102404009941,UPPER,37,6,100.0,212.7,21270.0,2024-10-24
2024102404009940,UPPER,33,6,30.0,212.7,6381.0,2024-10-24
2024102404009939,UPPER,38,6,25.0,212.8,5320.0,2024-10-24
2024102404009938,UPPER,57,6,100.0,212.8,21280.0,2024-10-24
2024102404009937,UPPER,22,6,20.0,212.8,4256.0,2024-10-24
2024102404009936,UPPER,46,6,96.0,212.9,20438.4,2024-10-24
2024102404009935,UPPER,65,6,200.0,212.9,42580.0,2024-10-24
2024102404009934,UPPER,41,6,200.0,213.0,42600.0,2024-10-24
2024102404009933,UPPER,51,6,3938.0,213.0,838794.0,2024-10-24
2024102401018428,MBL,34,48,10.0,252.0,2520.0,2024-10-24
2024102404009932,PMHPL,42,37,140.0,262.0,36680.0,2024-10-24
2024102404009931,PMHPL,58,37,200.0,262.0,52400.0,2024-10-24
2024102404009930,PMHPL,51,37,10.0,262.0,2620.0,2024-10-24
2024102404009929,PMHPL,57,37,200.0,262.0,52400.0,2024-10-24
2024102405014678,SHIVM,59,45,450.0,595.0,267750.0,2024-10-24
2024102405014677,SHIVM,59,29,50.0,594.9,29745.0,2024-10-24
2024102405014676,NIFRA,59,13,33.0,277.0,9141.0,2024-10-24
2024102405014675,NIFRA,59,7,67.0,277.0,18559.0,2024-10-24
2024102404009928,NLG,55,35,1370.0,1357.0,1859090.0,2024-10-24
2024102404009927,NLG,6,35,1240.0,1358.0,1683920.0,2024-10-24
2024102404009926,NLG,6,35,365.0,1358.0,495670.0,2024-10-24
2024102403017381,NFS,34,22,40.0,1303.0,52120.0,2024-10-24
2024102404009925,NGPL,94,98,90.0,475.0,42750.0,2024-10-24
2024102403017380,NFS,34,57,290.0,1303.0,377870.0,2024-10-24
2024102403017379,NFS,6,57,10.0,1303.0,13030.0,2024-10-24
2024102401018427,BHL,32,57,30.0,438.1,13143.0,2024-10-24
2024102403017378,VLBS,41,7,10.0,870.1,8701.0,2024-10-24
2024102405014674,SAHAS,18,49,70.0,531.0,37170.0,2024-10-24
2024102405014673,HDL,36,38,10.0,1383.5,13835.0,2024-10-24
2024102404009924,HEI,34,36,150.0,638.1,95715.0,2024-10-24
2024102404009923,HEI,42,36,350.0,639.0,223650.0,2024-10-24
2024102403017377,KRBL,34,14,80.0,598.1,47848.0,2024-10-24
2024102403017376,KRBL,25,14,200.0,598.1,119620.0,2024-10-24
2024102403017375,KRBL,34,14,100.0,599.0,59900.0,2024-10-24
2024102403017374,LBBL,32,21,97.0,470.0,45590.0,2024-10-24
2024102403017373,LBBL,32,21,10.0,470.1,4701.0,2024-10-24
2024102403017372,GMFIL,91,8,10.0,605.0,6050.0,2024-10-24
2024102404009922,KPCL,60,43,10.0,495.0,4950.0,2024-10-24
2024102405014672,SAHAS,18,18,20.0,531.0,10620.0,2024-10-24
2024102404009921,CHL,59,29,115.0,343.0,39445.0,2024-10-24
2024102404009920,CHL,59,44,200.0,342.9,68580.0,2024-10-24
2024102404009919,CHL,59,45,367.0,341.0,125147.0,2024-10-24
2024102404009918,AKPL,7,22,50.0,248.3,12415.0,2024-10-24
2024102404009917,HEI,3,34,10.0,642.9,6429.0,2024-10-24
2024102404009916,SICL,58,42,100.0,820.3,82030.0,2024-10-24
2024102401018426,PCBL,42,7,165.0,289.9,47833.5,2024-10-24
2024102401018425,PCBL,25,7,435.0,289.9,126106.5,2024-10-24
2024102404009915,AKPL,14,45,10.0,249.0,2490.0,2024-10-24
2024102404009914,AKPL,14,45,10.0,249.0,2490.0,2024-10-24
2024102401018424,LSL,6,14,100.0,245.1,24510.0,2024-10-24
2024102403017371,ALBSL,58,57,30.0,1050.0,31500.0,2024-10-24
2024102403017370,ALBSL,58,51,10.0,1050.0,10500.0,2024-10-24
2024102401018423,PRVU,42,58,139.0,240.0,33360.0,2024-10-24
2024102404009913,NGPL,94,33,315.0,475.0,149625.0,2024-10-24
2024102403017369,NLIC,14,33,160.0,809.0,129440.0,2024-10-24
2024102404009912,HDHPC,48,45,50.0,207.9,10395.0,2024-10-24
2024102403017368,MERO,39,39,80.0,750.0,60000.0,2024-10-24
2024102403017367,MERO,39,22,50.0,746.0,37300.0,2024-10-24
2024102403017366,MERO,39,34,40.0,745.1,29804.0,2024-10-24
2024102401018422,RFPL,7,54,20.0,564.3,11286.0,2024-10-24
2024102404009911,RIDI,45,17,13.0,233.1,3030.3,2024-10-24
2024102401018421,SNLI,71,52,36.0,584.0,21024.0,2024-10-24
2024102405014671,SAHAS,18,34,10.0,531.0,5310.0,2024-10-24
2024102405014670,CHDC,64,81,300.0,1673.0,501900.0,2024-10-24
2024102403017365,MLBSL,58,22,14.0,1995.0,27930.0,2024-10-24
2024102405014669,PHCL,22,58,30.0,508.9,15267.0,2024-10-24
2024102405014668,PHCL,22,57,10.0,508.9,5089.0,2024-10-24
2024102403017364,RLFL,8,57,80.0,616.0,49280.0,2024-10-24
2024102403017363,RLFL,57,57,11.0,616.0,6776.0,2024-10-24
2024102403017362,PROFL,48,63,100.0,652.0,65200.0,2024-10-24
2024102405014667,PHCL,87,57,10.0,506.0,5060.0,2024-10-24
2024102401018420,USHEC,25,26,100.0,539.0,53900.0,2024-10-24
2024102401018419,USHEC,25,45,10.0,539.0,5390.0,2024-10-24
2024102401018418,USHEC,25,45,10.0,539.0,5390.0,2024-10-24
2024102401018417,USHEC,25,34,10.0,539.0,5390.0,2024-10-24
2024102401018416,USHEC,25,26,60.0,539.0,32340.0,2024-10-24
2024102404009910,DHPL,42,51,11.0,242.0,2662.0,2024-10-24
2024102403017361,MFIL,49,42,100.0,756.3,75630.0,2024-10-24
2024102403017360,MFIL,57,42,20.0,756.5,15130.0,2024-10-24
2024102403017359,MFIL,3,42,200.0,756.5,151300.0,2024-10-24
2024102403017358,MFIL,56,42,20.0,756.5,15130.0,2024-10-24
2024102403017357,MFIL,4,42,50.0,757.0,37850.0,2024-10-24
2024102403017356,MFIL,29,42,100.0,757.0,75700.0,2024-10-24
2024102405014666,SAHAS,55,11,100.0,530.1,53010.0,2024-10-24
2024102403017355,MFIL,47,42,30.0,757.0,22710.0,2024-10-24
2024102403017354,MFIL,5,42,50.0,758.0,37900.0,2024-10-24
2024102403017353,MFIL,58,42,20.0,758.0,15160.0,2024-10-24
2024102404009909,UMHL,95,5,500.0,308.0,154000.0,2024-10-24
2024102404009908,UMHL,49,5,500.0,308.0,154000.0,2024-10-24
2024102404009907,AKPL,7,38,600.0,248.3,148980.0,2024-10-24
2024102403017352,JFL,77,36,80.0,665.0,53200.0,2024-10-24
2024102401018415,CKHL,51,94,300.0,630.0,189000.0,2024-10-24
2024102401018414,GBIME,46,34,108.0,253.0,27324.0,2024-10-24
2024102401018413,GBIME,46,1,52.0,253.0,13156.0,2024-10-24
2024102401018412,GBIME,46,17,150.0,253.0,37950.0,2024-10-24
2024102401018411,GBIME,46,41,80.0,253.0,20240.0,2024-10-24
2024102404009906,AKJCL,57,46,72.0,208.0,14976.0,2024-10-24
2024102404009905,AKJCL,25,46,128.0,208.0,26624.0,2024-10-24
2024102404009904,SHEL,21,6,10.0,242.9,2429.0,2024-10-24
2024102401018410,LSL,58,17,47.0,246.9,11604.3,2024-10-24
2024102401018409,LSL,58,11,13.0,246.8,3208.4,2024-10-24
2024102401018408,LSL,58,44,40.0,246.0,9840.0,2024-10-24
2024102404009903,AHPC,36,53,17.0,266.0,4522.0,2024-10-24
2024102403017351,GUFL,28,13,16.0,730.0,11680.0,2024-10-24
2024102403017350,GUFL,94,13,116.0,730.0,84680.0,2024-10-24
2024102405014665,SHIVM,36,45,100.0,594.0,59400.0,2024-10-24
2024102404009902,UPCL,58,47,35.0,261.1,9138.5,2024-10-24
2024102405014664,HATHY,57,95,46.0,1314.0,60444.0,2024-10-24
2024102405014663,HATHY,49,95,10.0,1315.0,13150.0,2024-10-24
2024102405014662,HATHY,38,95,30.0,1316.0,39480.0,2024-10-24
2024102405014661,HATHY,41,95,14.0,1316.0,18424.0,2024-10-24
2024102401018407,HIDCLP,65,17,413.0,181.6,75000.8,2024-10-24
2024102401018406,HIDCLP,71,17,87.0,182.0,15834.0,2024-10-24
2024102405014660,NIFRA,17,7,50.0,277.0,13850.0,2024-10-24
2024102404009901,SGIC,6,78,100.0,642.2,64220.0,2024-10-24
2024102403017349,GMFIL,19,8,50.0,605.0,30250.0,2024-10-24
2024102404009900,UMHL,6,57,50.0,309.9,15495.0,2024-10-24
2024102401018405,SANIMA,26,6,10.0,323.0,3230.0,2024-10-24
2024102401018404,PRVU,34,55,22.0,241.0,5302.0,2024-10-24
2024102401018403,PRVU,34,57,150.0,240.9,36135.0,2024-10-24
2024102401018402,NBL,34,13,15.0,289.0,4335.0,2024-10-24
2024102404009899,JOSHI,58,59,40.0,305.0,12200.0,2024-10-24
2024102404009898,NLG,6,59,15.0,1358.0,20370.0,2024-10-24
2024102401018401,ULHC,36,58,20.0,397.9,7958.0,2024-10-24
2024102404009897,AHPC,22,57,50.0,267.0,13350.0,2024-10-24
2024102401018400,MKJC,29,3,10.0,469.0,4690.0,2024-10-24
2024102401018399,MKJC,29,3,20.0,469.8,9396.0,2024-10-24
2024102401018398,HBL,42,17,500.0,253.9,126950.0,2024-10-24
2024102405014659,CMF1,91,42,2000.0,10.7,21400.0,2024-10-24
2024102404009896,SSHL,58,49,36.0,214.5,7722.0,2024-10-24
2024102403017348,HLBSL,8,29,69.0,975.0,67275.0,2024-10-24
2024102403017347,HLBSL,14,29,100.0,975.0,97500.0,2024-10-24
2024102403017346,HLBSL,51,29,200.0,975.0,195000.0,2024-10-24
2024102403017345,HLBSL,6,29,10.0,975.0,9750.0,2024-10-24
2024102403017344,HLBSL,33,29,50.0,975.0,48750.0,2024-10-24
2024102403017343,HLBSL,7,29,49.0,976.2,47833.8,2024-10-24
2024102403017342,HLBSL,10,29,10.0,976.3,9763.0,2024-10-24
2024102401018397,KBL,48,38,50.0,229.0,11450.0,2024-10-24
2024102401018396,KBL,38,38,50.0,229.5,11475.0,2024-10-24
2024102405014658,HRL,26,66,15.0,853.5,12802.5,2024-10-24
2024102403017341,JBBL,33,21,500.0,350.0,175000.0,2024-10-24
2024102403017340,EDBL,62,84,60.0,631.0,37860.0,2024-10-24
2024102403017339,EDBL,17,84,500.0,631.1,315550.0,2024-10-24
2024102403017338,EDBL,6,84,300.0,632.5,189750.0,2024-10-24
2024102403017337,EDBL,56,84,300.0,632.6,189780.0,2024-10-24
2024102403017336,EDBL,47,84,40.0,633.0,25320.0,2024-10-24
2024102403017335,GMFIL,53,8,85.0,605.0,51425.0,2024-10-24
2024102401018395,MAKAR,4,54,10.0,502.0,5020.0,2024-10-24
2024102405014657,HRL,4,66,10.0,853.5,8535.0,2024-10-24
2024102404009895,PRIN,32,21,100.0,955.0,95500.0,2024-10-24
2024102401018394,HIDCLP,71,65,100.0,182.0,18200.0,2024-10-24
2024102401018393,HIDCLP,71,56,13.0,182.0,2366.0,2024-10-24
2024102405014656,HRL,60,52,10.0,853.0,8530.0,2024-10-24
2024102404009894,LEC,16,62,275.0,275.1,75652.5,2024-10-24
2024102404009893,LEC,10,62,150.0,275.1,41265.0,2024-10-24
2024102404009892,BARUN,65,62,80.0,381.6,30528.0,2024-10-24
2024102404009891,BARUN,3,62,170.0,381.7,64889.0,2024-10-24
2024102405014655,NRN,60,60,10.0,898.5,8985.0,2024-10-24
2024102405014654,CHDC,94,34,100.0,1670.0,167000.0,2024-10-24
2024102403017334,NFS,58,34,100.0,1301.5,130150.0,2024-10-24
2024102403017333,NFS,51,34,100.0,1302.0,130200.0,2024-10-24
2024102401018392,SNLI,52,81,225.0,583.0,131175.0,2024-10-24
2024102404009890,HDHPC,59,57,100.0,208.0,20800.0,2024-10-24
2024102405014653,HRL,48,66,40.0,853.5,34140.0,2024-10-24
2024102404009889,HDHPC,48,17,500.0,207.9,103950.0,2024-10-24
2024102404009888,HDHPC,48,28,290.0,207.9,60291.0,2024-10-24
2024102401018391,GBIME,49,57,115.0,252.8,29072.0,2024-10-24
2024102401018390,GBIME,17,57,50.0,252.8,12640.0,2024-10-24
2024102401018389,GBIME,59,57,635.0,252.8,160528.0,2024-10-24
2024102403017332,NLIC,14,57,10.0,809.0,8090.0,2024-10-24
2024102403017331,CFCL,57,52,70.0,650.0,45500.0,2024-10-24
2024102403017330,CFCL,57,45,80.0,650.0,52000.0,2024-10-24
2024102401018388,ULHC,38,49,10.0,392.9,3929.0,2024-10-24
2024102404009887,API,33,38,30.0,291.0,8730.0,2024-10-24
2024102401018387,MSHL,6,14,90.0,923.3,83097.0,2024-10-24
2024102401018386,MSHL,58,14,10.0,923.5,9235.0,2024-10-24
2024102401018385,MHL,38,21,60.0,713.1,42786.0,2024-10-24
2024102401018384,MHL,14,21,10.0,713.2,7132.0,2024-10-24
2024102401018383,MHL,49,21,50.0,713.3,35665.0,2024-10-24
2024102405014652,RNLI,57,58,11.0,490.0,5390.0,2024-10-24
2024102403017329,GBBL,13,53,50.0,446.6,22330.0,2024-10-24
2024102404009886,RIDI,45,58,30.0,233.1,6993.0,2024-10-24
2024102404009885,SJCL,6,35,20.0,332.0,6640.0,2024-10-24
2024102401018382,BHDC,52,37,20.0,572.0,11440.0,2024-10-24
2024102401018381,SCB,34,33,10.0,692.0,6920.0,2024-10-24
2024102405014651,SONA,81,62,10.0,473.0,4730.0,2024-10-24
2024102403017328,SWBBL,58,48,60.0,1065.0,63900.0,2024-10-24
2024102403017327,SWBBL,59,48,40.0,1065.0,42600.0,2024-10-24
2024102401018380,SMH,48,36,110.0,1009.0,110990.0,2024-10-24
2024102403017326,SFCL,58,36,100.0,695.0,69500.0,2024-10-24
2024102403017325,SFCL,59,36,300.0,695.1,208530.0,2024-10-24
2024102403017324,SFCL,45,36,162.0,695.5,112671.0,2024-10-24
2024102403017323,SFCL,13,36,350.0,696.0,243600.0,2024-10-24
2024102403017322,SFCL,19,36,780.0,698.0,544440.0,2024-10-24
2024102401018379,BEDC,32,42,10.0,465.9,4659.0,2024-10-24
2024102404009884,NHPC,5,57,10.0,220.0,2200.0,2024-10-24
2024102405014650,CLI,57,38,10.0,625.0,6250.0,2024-10-24
2024102401018378,PRVU,38,55,50.0,241.0,12050.0,2024-10-24
2024102403017321,SFCL,38,34,100.0,699.0,69900.0,2024-10-24
2024102401018377,HHL,51,49,100.0,442.0,44200.0,2024-10-24
2024102404009883,NGPL,94,21,400.0,475.0,190000.0,2024-10-24
2024102401018376,SMHL,55,53,10.0,655.0,6550.0,2024-10-24
2024102404009882,API,33,13,470.0,291.0,136770.0,2024-10-24
2024102404009881,API,49,13,500.0,291.0,145500.0,2024-10-24
2024102404009880,API,10,13,380.0,291.0,110580.0,2024-10-24
2024102405014649,PHCL,87,13,30.0,506.0,15180.0,2024-10-24
2024102404009879,NHDL,17,45,10.0,573.1,5731.0,2024-10-24
2024102403017320,NMLBBL,7,45,107.0,758.7,81180.9,2024-10-24
2024102401018375,LBBLD89,6,42,150.0,1233.0,184950.0,2024-10-24
2024102401018374,LBBLD89,6,38,150.0,1230.0,184500.0,2024-10-24
2024102403017319,GFCL,34,60,25.0,1010.0,25250.0,2024-10-24
2024102403017318,GFCL,38,60,25.0,1010.0,25250.0,2024-10-24
2024102403017317,GFCL,17,60,200.0,1010.0,202000.0,2024-10-24
2024102403017316,GFCL,38,60,20.0,1010.0,20200.0,2024-10-24
2024102403017315,GFCL,58,60,30.0,1011.0,30330.0,2024-10-24
2024102404009878,HURJA,41,16,370.0,218.3,80771.0,2024-10-24
2024102404009877,HURJA,17,16,30.0,218.5,6555.0,2024-10-24
2024102404009876,HURJA,34,16,600.0,218.5,131100.0,2024-10-24
2024102401018373,KBL,58,16,100.0,229.5,22950.0,2024-10-24
2024102401018372,NESDO,1,58,10.0,2229.0,22290.0,2024-10-24
2024102401018371,NESDO,1,43,10.0,2220.0,22200.0,2024-10-24
2024102403017314,JBBL,48,21,130.0,350.0,45500.0,2024-10-24
2024102403017313,JBBL,48,57,410.0,350.0,143500.0,2024-10-24
2024102405014648,SAHAS,55,3,100.0,530.1,53010.0,2024-10-24
2024102405014647,RNLI,57,32,10.0,490.0,4900.0,2024-10-24
2024102405014646,RNLI,57,64,11.0,490.0,5390.0,2024-10-24
2024102405014645,RNLI,57,49,11.0,490.0,5390.0,2024-10-24
2024102401018370,SAMAJ,38,42,35.0,3221.0,112735.0,2024-10-24
2024102401018369,SAMAJ,56,42,25.0,3222.0,80550.0,2024-10-24
2024102404009875,SHPC,77,49,500.0,529.0,264500.0,2024-10-24
2024102401018368,SMH,42,36,60.0,1009.9,60594.0,2024-10-24
2024102404009874,NGPL,94,42,50.0,475.0,23750.0,2024-10-24
2024102404009873,NLG,6,26,200.0,1358.0,271600.0,2024-10-24
2024102403017312,NLIC,14,77,157.0,808.0,126856.0,2024-10-24
2024102403017311,ICFC,25,21,135.0,831.0,112185.0,2024-10-24
2024102403017310,ICFC,74,21,65.0,831.2,54028.0,2024-10-24
2024102401018367,SPC,47,49,80.0,515.0,41200.0,2024-10-24
2024102401018366,SPC,47,28,80.0,514.0,41120.0,2024-10-24
2024102403017309,NLIC,13,94,454.0,805.1,365515.4,2024-10-24
2024102403017308,NLIC,49,94,500.0,805.1,402550.0,2024-10-24
2024102403017307,NLIC,56,94,100.0,805.1,80510.0,2024-10-24
2024102403017306,NLIC,14,94,50.0,805.1,40255.0,2024-10-24
2024102403017305,NLIC,57,94,20.0,805.1,16102.0,2024-10-24
2024102403017304,NLIC,54,94,300.0,805.3,241590.0,2024-10-24
2024102403017303,NLIC,49,94,200.0,805.9,161180.0,2024-10-24
2024102404009872,SSHL,58,38,300.0,214.5,64350.0,2024-10-24
2024102403017302,GFCL,58,56,20.0,1010.2,20204.0,2024-10-24
2024102403017301,ICFC,33,6,100.0,832.0,83200.0,2024-10-24
2024102401018365,RFPL,6,58,10.0,570.0,5700.0,2024-10-24
2024102405014644,HDL,36,6,10.0,1383.5,13835.0,2024-10-24
2024102404009871,RURU,57,39,20.0,739.0,14780.0,2024-10-24
2024102401018364,TPC,55,5,50.0,472.0,23600.0,2024-10-24
2024102401018363,SRLI,65,17,420.0,445.0,186900.0,2024-10-24
2024102401018362,SRLI,65,58,10.0,445.0,4450.0,2024-10-24
2024102401018361,SRLI,65,46,10.0,445.0,4450.0,2024-10-24
2024102401018360,SRLI,65,17,40.0,445.0,17800.0,2024-10-24
2024102401018359,RHGCL,32,32,10.0,390.0,3900.0,2024-10-24
2024102401018358,RHGCL,32,38,10.0,390.0,3900.0,2024-10-24
2024102401018357,RHGCL,32,56,50.0,389.9,19495.0,2024-10-24
2024102401018356,RHGCL,32,41,80.0,389.0,31120.0,2024-10-24
2024102401018355,KBSH,34,33,10.0,2400.0,24000.0,2024-10-24
2024102405014643,PHCL,87,35,10.0,506.0,5060.0,2024-10-24
2024102403017300,NABBC,14,22,45.0,616.2,27729.0,2024-10-24
2024102403017299,NABBC,70,22,20.0,616.4,12328.0,2024-10-24
2024102403017298,NABBC,58,22,200.0,616.6,123320.0,2024-10-24
2024102403017297,NABBC,67,22,75.0,617.0,46275.0,2024-10-24
2024102403017296,NABBC,17,22,10.0,617.0,6170.0,2024-10-24
2024102403017295,NABBC,32,22,15.0,617.0,9255.0,2024-10-24
2024102403017294,NABBC,72,22,200.0,617.1,123420.0,2024-10-24
2024102403017293,NABBC,49,22,161.0,618.0,99498.0,2024-10-24
2024102403017292,NABBC,34,22,20.0,618.0,12360.0,2024-10-24
2024102403017291,NABBC,57,22,224.0,620.0,138880.0,2024-10-24
2024102404009870,RIDI,57,54,500.0,235.0,117500.0,2024-10-24
2024102401018354,HBL,38,42,583.0,253.0,147499.0,2024-10-24
2024102401018353,HBL,41,42,330.0,253.1,83523.0,2024-10-24
2024102401018352,HBL,5,42,87.0,253.2,22028.4,2024-10-24
2024102401018351,AHL,17,42,20.0,671.0,13420.0,2024-10-24
2024102405014642,HATHY,45,5,97.0,1316.5,127700.5,2024-10-24
2024102405014641,NRIC,39,26,200.0,792.0,158400.0,2024-10-24
2024102404009869,BPCL,51,38,200.0,450.1,90020.0,2024-10-24
2024102403017290,NLICL,20,46,1000.0,616.0,616000.0,2024-10-24
2024102403017289,NLICL,20,54,50.0,615.9,30795.0,2024-10-24
2024102403017288,NLICL,20,32,292.0,615.5,179726.0,2024-10-24
2024102403017287,NLICL,20,53,300.0,610.0,183000.0,2024-10-24
2024102401018350,NBL,21,13,76.0,289.5,22002.0,2024-10-24
2024102401018349,NBL,52,13,20.0,289.5,5790.0,2024-10-24
2024102403017286,BFC,47,4,10.0,614.5,6145.0,2024-10-24
2024102403017285,GFCL,6,56,30.0,1010.2,30306.0,2024-10-24
2024102404009868,BARUN,45,64,100.0,381.8,38180.0,2024-10-24
2024102404009867,RADHI,52,58,70.0,397.5,27825.0,2024-10-24
2024102404009866,NICL,58,49,40.0,987.0,39480.0,2024-10-24
2024102401018348,BGWT,42,6,50.0,915.0,45750.0,2024-10-24
2024102401018347,HIDCLP,65,6,10.0,181.6,1816.0,2024-10-24
2024102404009865,RBCL,41,65,10.0,16900.0,169000.0,2024-10-24
2024102403017284,SJLIC,65,34,400.0,476.4,190560.0,2024-10-24
2024102403017283,PFL,62,42,10.0,643.0,6430.0,2024-10-24
2024102401018346,NIMB,38,43,106.0,236.0,25016.0,2024-10-24
2024102405014640,HIDCL,61,36,200.0,269.0,53800.0,2024-10-24
2024102401018345,PRVU,42,34,12.0,240.0,2880.0,2024-10-24
2024102401018344,PRVU,57,34,153.0,240.1,36735.3,2024-10-24
2024102401018343,PRVU,49,34,35.0,240.2,8407.0,2024-10-24
2024102405014639,CIT,8,1,18.0,2180.0,39240.0,2024-10-24
2024102405014638,CIT,44,1,45.0,2180.0,98100.0,2024-10-24
2024102405014637,CIT,45,1,100.0,2180.0,218000.0,2024-10-24
2024102405014636,CIT,60,1,152.0,2180.0,331360.0,2024-10-24
2024102405014635,CIT,35,1,15.0,2180.1,32701.5,2024-10-24
2024102404009864,NLG,35,6,20.0,1358.9,27178.0,2024-10-24
2024102404009863,SHEL,36,97,250.0,242.0,60500.0,2024-10-24
2024102403017282,KSBBL,14,28,21.0,456.0,9576.0,2024-10-24
2024102403017281,KSBBL,14,32,1000.0,456.0,456000.0,2024-10-24
2024102403017280,KSBBL,14,29,132.0,456.0,60192.0,2024-10-24
2024102403017279,KSBBL,14,57,145.0,455.9,66105.5,2024-10-24
2024102403017278,KSBBL,14,50,52.0,455.0,23660.0,2024-10-24
2024102403017277,KSBBL,14,48,50.0,455.0,22750.0,2024-10-24
2024102403017276,KSBBL,14,45,100.0,455.0,45500.0,2024-10-24
2024102403017275,KSBBL,14,49,247.0,455.0,112385.0,2024-10-24
2024102403017274,KSBBL,14,58,50.0,455.0,22750.0,2024-10-24
2024102403017273,KSBBL,14,45,100.0,454.0,45400.0,2024-10-24
2024102403017272,KSBBL,14,38,50.0,454.0,22700.0,2024-10-24
2024102403017271,KSBBL,14,48,53.0,454.0,24062.0,2024-10-24
2024102405014634,NRN,49,21,10.0,896.0,8960.0,2024-10-24
2024102401018342,GBIME,59,13,290.0,252.8,73312.0,2024-10-24
2024102401018341,GBIME,49,13,10.0,252.9,2529.0,2024-10-24
2024102404009862,UMHL,49,13,700.0,308.0,215600.0,2024-10-24
2024102404009861,NHPC,58,13,287.0,219.0,62853.0,2024-10-24
2024102404009860,NHPC,17,13,70.0,219.0,15330.0,2024-10-24
2024102404009859,NHPC,84,13,200.0,219.0,43800.0,2024-10-24
2024102404009858,NHPC,89,13,443.0,219.0,97017.0,2024-10-24
2024102403017270,SADBL,36,45,150.0,409.9,61485.0,2024-10-24
2024102403017269,SADBL,36,45,150.0,409.0,61350.0,2024-10-24
2024102403017268,SADBL,36,34,200.0,409.0,81800.0,2024-10-24
2024102401018340,NMB,50,47,11.0,259.0,2849.0,2024-10-24
2024102405014633,HDL,26,46,15.0,1384.0,20760.0,2024-10-24
2024102405014632,HDL,26,57,85.0,1383.9,117631.5,2024-10-24
2024102401018339,TSHL,35,45,10.0,880.0,8800.0,2024-10-24
2024102401018338,TSHL,51,45,20.0,880.0,17600.0,2024-10-24
2024102401018337,TSHL,59,45,40.0,880.0,35200.0,2024-10-24
2024102401018336,TSHL,57,45,20.0,880.1,17602.0,2024-10-24
2024102405014631,HDL,54,57,15.0,1383.9,20758.5,2024-10-24
2024102404009857,SGIC,17,78,10.0,642.2,6422.0,2024-10-24
2024102401018335,UNLB,94,17,100.0,2465.0,246500.0,2024-10-24
2024102404009856,RHPL,45,17,40.0,367.5,14700.0,2024-10-24
2024102404009855,UPPER,51,58,30.0,213.0,6390.0,2024-10-24
2024102403017267,ICFC,39,41,20.0,832.4,16648.0,2024-10-24
2024102401018334,UHEWA,32,57,20.0,480.0,9600.0,2024-10-24
2024102401018333,UHEWA,32,21,10.0,480.0,4800.0,2024-10-24
2024102401018332,UHEWA,32,52,30.0,480.0,14400.0,2024-10-24
2024102401018331,UHEWA,32,41,100.0,479.0,47900.0,2024-10-24
