transaction,symbol,buyer,seller,quantity,rate,amount,date
2024070803018841,VLBS,18,84,10.0,1030.0,10300.0,2024-07-08
2024070804009339,LEC,37,42,10.0,183.0,1830.0,2024-07-08
2024070804009338,GLH,62,34,130.0,211.0,27430.0,2024-07-08
2024070801024700,BNHC,60,34,400.0,675.1,270040.0,2024-07-08
2024070801024699,VLUCL,34,49,30.0,508.8,15264.0,2024-07-08
2024070804009337,RURU,19,13,10.0,640.0,6400.0,2024-07-08
2024070804009336,GHL,35,35,260.0,149.6,38896.0,2024-07-08
2024070804009335,GHL,6,35,930.0,149.6,139128.0,2024-07-08
2024070804009334,GHL,28,35,10.0,150.0,1500.0,2024-07-08
2024070803018840,ACLBSL,35,19,32.0,1224.0,39168.0,2024-07-08
2024070803018839,ACLBSL,35,42,65.0,1224.0,79560.0,2024-07-08
2024070803018838,ACLBSL,35,50,100.0,1224.0,122400.0,2024-07-08
2024070803018837,ACLBSL,35,63,50.0,1224.0,61200.0,2024-07-08
2024070803018836,ACLBSL,35,6,10.0,1224.0,12240.0,2024-07-08
2024070803018835,ACLBSL,35,25,13.0,1224.0,15912.0,2024-07-08
2024070803018834,ACLBSL,35,33,30.0,1224.0,36720.0,2024-07-08
2024070803018833,LLBS,69,26,20.0,1234.9,24698.0,2024-07-08
2024070803018832,SFCL,50,42,400.0,452.0,180800.0,2024-07-08
2024070803018831,SFCL,28,42,101.0,452.0,45652.0,2024-07-08
2024070803018830,SFCL,28,34,59.0,452.0,26668.0,2024-07-08
2024070803018829,SFCL,28,57,10.0,452.0,4520.0,2024-07-08
2024070801024698,EBL,39,57,160.0,537.8,86048.0,2024-07-08
2024070801024697,EBL,58,57,10.0,537.9,5379.0,2024-07-08
2024070801024696,EBL,67,57,30.0,537.9,16137.0,2024-07-08
2024070801024695,SAMAJ,58,57,100.0,3400.0,340000.0,2024-07-08
2024070801024694,MKHC,83,54,50.0,335.9,16795.0,2024-07-08
2024070803018828,BFC,56,21,10.0,500.0,5000.0,2024-07-08
2024070801024693,RNLI,41,38,10.0,445.0,4450.0,2024-07-08
2024070803018827,CFCL,21,46,10.0,516.0,5160.0,2024-07-08
2024070803018826,NFS,41,72,470.0,849.0,399030.0,2024-07-08
2024070803018825,GFCL,72,57,10.0,629.8,6298.0,2024-07-08
2024070804009333,AKJCL,11,34,300.0,224.0,67200.0,2024-07-08
2024070804009332,AKJCL,11,19,200.0,223.9,44780.0,2024-07-08
2024070803018824,HLI,36,41,10.0,380.9,3809.0,2024-07-08
2024070803018823,KRBL,20,76,10.0,488.8,4888.0,2024-07-08
2024070803018822,FMDBL,62,32,10.0,677.0,6770.0,2024-07-08
2024070803018821,SINDU,32,35,91.0,469.0,42679.0,2024-07-08
2024070803018820,SINDU,32,49,20.0,468.1,9362.0,2024-07-08
2024070803018819,SINDU,32,16,500.0,468.1,234050.0,2024-07-08
2024070803018818,SINDU,32,49,263.0,468.1,123110.3,2024-07-08
2024070803018817,SINDU,32,26,400.0,468.0,187200.0,2024-07-08
2024070803018816,SINDU,32,13,355.0,468.0,166140.0,2024-07-08
2024070803018815,SINDU,32,52,356.0,465.0,165540.0,2024-07-08
2024070803018814,SINDU,32,41,25.0,465.0,11625.0,2024-07-08
2024070803018813,SINDU,32,42,100.0,465.0,46500.0,2024-07-08
2024070803018812,SINDU,32,42,200.0,465.0,93000.0,2024-07-08
2024070803018811,SINDU,32,75,100.0,465.0,46500.0,2024-07-08
2024070803018810,SINDU,32,44,500.0,465.0,232500.0,2024-07-08
2024070803018809,SINDU,32,17,100.0,464.9,46490.0,2024-07-08
2024070803018808,SINDU,32,42,100.0,464.1,46410.0,2024-07-08
2024070803018807,SINDU,32,52,100.0,464.0,46400.0,2024-07-08
2024070803018806,SINDU,32,45,500.0,464.0,232000.0,2024-07-08
2024070803018805,SINDU,32,33,200.0,463.0,92600.0,2024-07-08
2024070803018804,SINDU,32,10,50.0,463.0,23150.0,2024-07-08
2024070803018803,SINDU,32,11,180.0,463.0,83340.0,2024-07-08
2024070803018802,SINDU,32,74,100.0,463.0,46300.0,2024-07-08
2024070803018801,SINDU,32,49,180.0,463.0,83340.0,2024-07-08
2024070803018800,SINDU,32,29,100.0,462.0,46200.0,2024-07-08
2024070803018799,SINDU,32,13,100.0,460.0,46000.0,2024-07-08
2024070803018798,SINDU,32,48,100.0,460.0,46000.0,2024-07-08
2024070803018797,SINDU,32,51,10.0,460.0,4600.0,2024-07-08
2024070803018796,SINDU,32,45,100.0,460.0,46000.0,2024-07-08
2024070803018795,SINDU,32,8,170.0,460.0,78200.0,2024-07-08
2024070803018794,RLFL,32,14,40.0,452.4,18096.0,2024-07-08
2024070801024692,BGWT,19,42,93.0,895.0,83235.0,2024-07-08
2024070801024691,SMJC,53,37,20.0,406.0,8120.0,2024-07-08
2024070803018793,CORBL,14,57,10.0,582.0,5820.0,2024-07-08
2024070803018792,PFL,50,29,50.0,593.1,29655.0,2024-07-08
2024070803018791,PFL,47,29,50.0,593.1,29655.0,2024-07-08
2024070803018790,GMFIL,29,18,100.0,487.0,48700.0,2024-07-08
2024070803018789,KRBL,5,76,10.0,488.8,4888.0,2024-07-08
2024070801024690,SBI,5,34,20.0,304.9,6098.0,2024-07-08
2024070801024689,NRM,47,59,10.0,440.0,4400.0,2024-07-08
2024070803018788,MPFL,58,48,20.0,520.5,10410.0,2024-07-08
2024070803018787,MPFL,25,48,70.0,521.0,36470.0,2024-07-08
2024070803018786,MPFL,57,48,110.0,521.0,57310.0,2024-07-08
2024070803018785,HLBSL,49,38,100.0,1258.0,125800.0,2024-07-08
2024070801024688,SHIVM,17,48,250.0,491.0,122750.0,2024-07-08
2024070801024687,SHIVM,13,48,40.0,491.0,19640.0,2024-07-08
2024070801024686,SHIVM,42,48,100.0,491.0,49100.0,2024-07-08
2024070801024685,SHIVM,53,48,50.0,491.0,24550.0,2024-07-08
2024070801024684,SHIVM,50,48,245.0,491.1,120319.5,2024-07-08
2024070803018784,MNBBL,58,49,112.0,353.0,39536.0,2024-07-08
2024070803018783,MNBBL,55,49,50.0,353.0,17650.0,2024-07-08
2024070803018782,MNBBL,41,49,20.0,353.0,7060.0,2024-07-08
2024070803018781,MNBBL,55,49,500.0,353.0,176500.0,2024-07-08
2024070803018780,MNBBL,42,49,50.0,353.0,17650.0,2024-07-08
2024070803018779,MNBBL,6,49,150.0,353.0,52950.0,2024-07-08
2024070803018778,MNBBL,32,49,500.0,353.1,176550.0,2024-07-08
2024070803018777,MNBBL,33,49,480.0,353.1,169488.0,2024-07-08
2024070803018776,MNBBL,22,49,217.0,353.3,76666.1,2024-07-08
2024070803018775,MNBBL,48,49,173.0,353.4,61138.2,2024-07-08
2024070801024683,KBL,48,10,180.0,143.0,25740.0,2024-07-08
2024070801024682,KBL,48,54,20.0,142.9,2858.0,2024-07-08
2024070801024681,KBL,48,11,400.0,142.9,57160.0,2024-07-08
2024070801024680,KBL,48,33,400.0,142.8,57120.0,2024-07-08
2024070803018774,NFS,41,86,30.0,849.0,25470.0,2024-07-08
2024070801024679,MEL,87,32,10.0,222.9,2229.0,2024-07-08
2024070801024678,MEL,87,32,100.0,222.0,22200.0,2024-07-08
2024070803018773,HLBSL,45,38,28.0,1258.0,35224.0,2024-07-08
2024070803018772,HLBSL,45,38,72.0,1256.0,90432.0,2024-07-08
2024070805007094,ENL,45,43,10.0,1088.0,10880.0,2024-07-08
2024070803018771,HLBSL,38,38,50.0,1256.0,62800.0,2024-07-08
2024070803018770,NFS,41,38,30.0,849.0,25470.0,2024-07-08
2024070803018769,HLBSL,34,17,16.0,1255.0,20080.0,2024-07-08
2024070801024677,BNHC,39,61,10.0,675.6,6756.0,2024-07-08
2024070803018768,SAPDBL,13,52,10.0,430.0,4300.0,2024-07-08
2024070801024676,BEDC,37,39,140.0,420.8,58912.0,2024-07-08
2024070801024675,BEDC,21,39,60.0,421.0,25260.0,2024-07-08
2024070803018767,NFS,62,35,10.0,850.0,8500.0,2024-07-08
2024070801024674,SMH,34,39,100.0,787.0,78700.0,2024-07-08
2024070801024673,SMH,57,39,110.0,788.0,86680.0,2024-07-08
2024070801024672,TVCL,62,86,10.0,482.0,4820.0,2024-07-08
2024070801024671,TAMOR,67,21,380.0,431.1,163818.0,2024-07-08
2024070801024670,TAMOR,47,21,10.0,432.0,4320.0,2024-07-08
2024070801024669,TAMOR,59,21,110.0,434.1,47751.0,2024-07-08
2024070804009331,HPPL,34,26,240.0,282.7,67848.0,2024-07-08
2024070804009330,HPPL,57,26,500.0,282.8,141400.0,2024-07-08
2024070804009329,HPPL,67,26,150.0,282.8,42420.0,2024-07-08
2024070804009328,HPPL,42,26,610.0,285.0,173850.0,2024-07-08
2024070801024668,SAMAJ,58,35,100.0,3400.0,340000.0,2024-07-08
2024070805007093,ENL,35,43,10.0,1088.0,10880.0,2024-07-08
2024070803018766,MPFL,34,51,450.0,522.0,234900.0,2024-07-08
2024070803018765,MDB,69,56,50.0,560.0,28000.0,2024-07-08
2024070803018764,SLBSL,16,34,20.0,1219.0,24380.0,2024-07-08
2024070801024667,SBL,50,40,113.0,264.9,29933.7,2024-07-08
2024070801024666,SBL,50,42,20.0,264.2,5284.0,2024-07-08
2024070801024665,SBL,50,14,37.0,264.0,9768.0,2024-07-08
2024070801024664,SBL,50,42,30.0,264.0,7920.0,2024-07-08
2024070803018763,SLBSL,34,34,10.0,1219.0,12190.0,2024-07-08
2024070803018762,SLBSL,34,57,10.0,1215.0,12150.0,2024-07-08
2024070803018761,MDB,28,80,13.0,560.0,7280.0,2024-07-08
2024070801024663,GBIME,28,59,71.0,183.0,12993.0,2024-07-08
2024070801024662,GBIME,28,57,151.0,182.9,27617.9,2024-07-08
2024070801024661,GBIME,28,46,11.0,182.7,2009.7,2024-07-08
2024070801024660,GBIME,28,64,20.0,182.1,3642.0,2024-07-08
2024070801024659,GBIME,28,6,312.0,182.0,56784.0,2024-07-08
2024070801024658,GBIME,28,58,52.0,182.0,9464.0,2024-07-08
2024070801024657,GBIME,28,47,111.0,182.0,20202.0,2024-07-08
2024070801024656,GBIME,28,38,150.0,182.0,27300.0,2024-07-08
2024070801024655,GBIME,28,44,32.0,182.0,5824.0,2024-07-08
2024070801024654,GBIME,28,39,90.0,182.0,16380.0,2024-07-08
2024070801024653,NRM,34,50,100.0,443.0,44300.0,2024-07-08
2024070801024652,SPC,56,41,10.0,572.0,5720.0,2024-07-08
2024070801024651,BEDC,40,34,10.0,423.4,4234.0,2024-07-08
2024070801024650,BEDC,40,53,50.0,422.0,21100.0,2024-07-08
2024070803018760,KLBSL,10,14,133.0,1008.0,134064.0,2024-07-08
2024070803018759,KMCDB,62,43,10.0,1151.0,11510.0,2024-07-08
2024070804009327,DHPL,43,58,10.0,207.0,2070.0,2024-07-08
2024070803018758,GUFL,47,55,130.0,697.0,90610.0,2024-07-08
2024070803018757,GFCL,53,57,50.0,629.8,31490.0,2024-07-08
2024070801024649,NYADI,32,38,20.0,328.0,6560.0,2024-07-08
2024070805007092,NTC,36,32,10.0,816.0,8160.0,2024-07-08
2024070805007091,NTC,32,32,81.0,816.0,66096.0,2024-07-08
2024070801024648,PPL,58,13,10.0,454.0,4540.0,2024-07-08
2024070801024647,CYCL,77,58,45.0,1601.0,72045.0,2024-07-08
2024070803018756,NADEP,5,32,48.0,840.0,40320.0,2024-07-08
2024070803018755,NADEP,5,39,50.0,840.0,42000.0,2024-07-08
2024070803018754,NADEP,5,40,300.0,838.9,251670.0,2024-07-08
2024070803018753,NADEP,5,64,10.0,838.0,8380.0,2024-07-08
2024070803018752,NADEP,5,43,20.0,837.9,16758.0,2024-07-08
2024070803018751,NADEP,5,48,72.0,837.0,60264.0,2024-07-08
2024070803018750,RLFL,53,58,110.0,452.3,49753.0,2024-07-08
2024070801024646,AHL,34,77,282.0,517.0,145794.0,2024-07-08
2024070801024645,AHL,42,77,50.0,517.0,25850.0,2024-07-08
2024070801024644,AHL,41,77,300.0,517.1,155130.0,2024-07-08
2024070801024643,AHL,5,77,10.0,517.2,5172.0,2024-07-08
2024070801024642,AHL,5,77,400.0,517.3,206920.0,2024-07-08
2024070801024641,AHL,22,77,100.0,518.0,51800.0,2024-07-08
2024070801024640,AHL,52,77,100.0,518.0,51800.0,2024-07-08
2024070801024639,AHL,13,77,50.0,518.0,25900.0,2024-07-08
2024070801024638,AHL,22,77,100.0,518.1,51810.0,2024-07-08
2024070801024637,AHL,56,77,400.0,518.2,207280.0,2024-07-08
2024070801024636,AHL,5,77,232.0,518.2,120222.4,2024-07-08
2024070801024635,AHL,39,77,40.0,518.3,20732.0,2024-07-08
2024070801024634,AHL,52,77,50.0,518.5,25925.0,2024-07-08
2024070801024633,AHL,39,77,20.0,520.1,10402.0,2024-07-08
2024070801024632,AHL,45,77,100.0,521.0,52100.0,2024-07-08
2024070801024631,AHL,39,77,10.0,521.1,5211.0,2024-07-08
2024070801024630,AHL,13,77,100.0,524.0,52400.0,2024-07-08
2024070803018749,SIFC,29,52,30.0,473.0,14190.0,2024-07-08
2024070803018748,GMFIL,56,29,15.0,482.3,7234.5,2024-07-08
2024070803018747,GMFIL,88,29,485.0,482.5,234012.5,2024-07-08
2024070801024629,PCBL,44,74,10.0,202.0,2020.0,2024-07-08
2024070801024628,TVCL,29,44,270.0,479.0,129330.0,2024-07-08
2024070801024627,TVCL,34,44,100.0,479.1,47910.0,2024-07-08
2024070801024626,TVCL,1,44,100.0,480.0,48000.0,2024-07-08
2024070801024625,TVCL,22,44,30.0,480.0,14400.0,2024-07-08
2024070801024624,SMHL,65,38,10.0,623.9,6239.0,2024-07-08
2024070803018746,SAPDBL,96,52,25.0,430.0,10750.0,2024-07-08
2024070803018745,SAPDBL,96,7,475.0,429.9,204202.5,2024-07-08
2024070804009326,NICL,1,26,10.0,858.9,8589.0,2024-07-08
2024070803018744,GLBSL,49,4,10.0,1784.0,17840.0,2024-07-08
2024070801024623,MKHC,45,54,10.0,335.9,3359.0,2024-07-08
2024070801024622,MKHC,45,39,10.0,335.8,3358.0,2024-07-08
2024070801024621,AVYAN,45,63,10.0,958.0,9580.0,2024-07-08
2024070803018743,HLI,91,41,200.0,380.9,76180.0,2024-07-08
2024070803018742,GMFIL,88,18,10.0,487.0,4870.0,2024-07-08
2024070804009325,AKJCL,13,34,20.0,224.0,4480.0,2024-07-08
2024070801024620,NIMBPO,21,14,893.0,135.0,120555.0,2024-07-08
2024070801024619,NIMBPO,21,44,3000.0,135.0,405000.0,2024-07-08
2024070801024618,NIMBPO,21,44,2000.0,135.0,270000.0,2024-07-08
2024070801024617,NIMBPO,21,7,107.0,134.9,14434.3,2024-07-08
2024070801024616,NIBLSTF,67,6,100.0,8.5,850.0,2024-07-08
2024070801024615,NIBLSTF,67,34,100.0,8.5,850.0,2024-07-08
2024070801024614,NIBLSTF,67,34,100.0,8.5,850.0,2024-07-08
2024070801024613,MHL,62,49,90.0,553.9,49851.0,2024-07-08
2024070801024612,MHL,62,43,150.0,553.0,82950.0,2024-07-08
2024070801024611,MHL,62,32,100.0,552.0,55200.0,2024-07-08
2024070801024610,MHL,62,44,10.0,551.0,5510.0,2024-07-08
2024070801024609,MHL,62,57,10.0,550.0,5500.0,2024-07-08
2024070801024608,MHL,62,7,10.0,550.0,5500.0,2024-07-08
2024070801024607,MHL,62,47,10.0,550.0,5500.0,2024-07-08
2024070801024606,MHL,62,51,10.0,550.0,5500.0,2024-07-08
2024070801024605,MHL,62,35,10.0,550.0,5500.0,2024-07-08
2024070801024604,MHL,62,7,10.0,550.0,5500.0,2024-07-08
2024070801024603,MHL,62,38,10.0,550.0,5500.0,2024-07-08
2024070801024602,MHL,62,58,10.0,549.0,5490.0,2024-07-08
2024070801024601,MHL,62,45,70.0,548.0,38360.0,2024-07-08
2024070803018741,MDB,62,80,487.0,560.0,272720.0,2024-07-08
2024070803018740,MDB,62,58,62.0,560.0,34720.0,2024-07-08
2024070803018739,MDB,62,6,500.0,560.0,280000.0,2024-07-08
2024070803018738,MDB,62,58,50.0,559.9,27995.0,2024-07-08
2024070803018737,MDB,62,55,272.0,559.9,152292.8,2024-07-08
2024070803018736,MDB,62,44,500.0,559.0,279500.0,2024-07-08
2024070803018735,MDB,62,49,50.0,558.0,27900.0,2024-07-08
2024070803018734,MDB,62,46,79.0,558.0,44082.0,2024-07-08
2024070801024600,SMHL,62,38,10.0,623.9,6239.0,2024-07-08
2024070801024599,SMHL,62,54,10.0,623.0,6230.0,2024-07-08
2024070803018733,GILB,62,18,37.0,1438.0,53206.0,2024-07-08
2024070803018732,GILB,62,62,98.0,1437.0,140826.0,2024-07-08
2024070803018731,GILB,62,62,80.0,1436.0,114880.0,2024-07-08
2024070803018730,GILB,62,35,20.0,1435.8,28716.0,2024-07-08
2024070803018729,GILB,62,34,20.0,1435.0,28700.0,2024-07-08
2024070803018728,GILB,62,8,45.0,1435.0,64575.0,2024-07-08
2024070801024598,SAMAJ,58,62,10.0,3400.0,34000.0,2024-07-08
2024070801024597,CLI,62,16,79.0,515.9,40756.1,2024-07-08
2024070801024596,CLI,62,25,100.0,515.7,51570.0,2024-07-08
2024070801024595,CLI,62,45,10.0,515.0,5150.0,2024-07-08
2024070801024594,CLI,62,56,10.0,515.0,5150.0,2024-07-08
2024070801024593,CLI,62,32,10.0,515.0,5150.0,2024-07-08
2024070801024592,CLI,62,36,10.0,515.0,5150.0,2024-07-08
2024070801024591,CLI,62,11,10.0,515.0,5150.0,2024-07-08
2024070801024590,CLI,62,42,10.0,515.0,5150.0,2024-07-08
2024070801024589,CLI,62,7,21.0,515.0,10815.0,2024-07-08
2024070801024588,CLI,62,48,170.0,515.0,87550.0,2024-07-08
2024070801024587,CLI,62,45,50.0,514.9,25745.0,2024-07-08
2024070801024586,CLI,62,52,10.0,514.0,5140.0,2024-07-08
2024070801024585,CLI,62,45,10.0,514.0,5140.0,2024-07-08
2024070801024584,AVYAN,62,63,55.0,958.0,52690.0,2024-07-08
2024070801024583,AVYAN,62,16,100.0,957.0,95700.0,2024-07-08
2024070801024582,AVYAN,62,16,45.0,956.9,43060.5,2024-07-08
2024070803018727,CFCL,50,4,10.0,518.0,5180.0,2024-07-08
2024070801024581,BNHC,25,61,54.0,675.6,36482.4,2024-07-08
2024070803018726,JFL,41,34,500.0,671.9,335950.0,2024-07-08
2024070803018725,JFL,41,41,65.0,671.9,43673.5,2024-07-08
2024070803018724,SFCL,34,57,90.0,452.0,40680.0,2024-07-08
2024070803018723,SFCL,34,59,60.0,451.9,27114.0,2024-07-08
2024070803018722,SFCL,34,49,50.0,451.0,22550.0,2024-07-08
2024070804009324,UMHL,11,58,10.0,240.0,2400.0,2024-07-08
2024070801024580,SAMAJ,58,55,10.0,3400.0,34000.0,2024-07-08
2024070803018721,NFS,41,42,1000.0,849.0,849000.0,2024-07-08
2024070804009323,UPCL,22,22,10.0,193.7,1937.0,2024-07-08
2024070801024579,SPL,22,58,10.0,750.0,7500.0,2024-07-08
2024070801024578,NRM,58,53,45.0,442.9,19930.5,2024-07-08
2024070801024577,NRM,58,36,255.0,442.0,112710.0,2024-07-08
2024070801024576,MANDU,65,21,126.0,1093.0,137718.0,2024-07-08
2024070801024575,MANDU,65,39,410.0,1091.0,447310.0,2024-07-08
2024070801024574,MANDU,65,58,100.0,1090.5,109050.0,2024-07-08
2024070801024573,MANDU,65,58,100.0,1090.4,109040.0,2024-07-08
2024070801024572,MANDU,65,58,100.0,1090.3,109030.0,2024-07-08
2024070801024571,MANDU,65,11,10.0,1090.0,10900.0,2024-07-08
2024070801024570,MANDU,65,28,10.0,1090.0,10900.0,2024-07-08
2024070801024569,MANDU,65,20,10.0,1090.0,10900.0,2024-07-08
2024070801024568,MANDU,65,58,10.0,1090.0,10900.0,2024-07-08
2024070801024567,MANDU,65,19,300.0,1088.0,326400.0,2024-07-08
2024070801024566,MANDU,65,19,100.0,1087.4,108740.0,2024-07-08
2024070801024565,MANDU,65,52,10.0,1086.0,10860.0,2024-07-08
2024070801024564,MANDU,65,39,10.0,1085.9,10859.0,2024-07-08
2024070801024563,MANDU,65,35,10.0,1085.8,10858.0,2024-07-08
2024070801024562,MANDU,65,21,109.0,1085.0,118265.0,2024-07-08
2024070801024561,MANDU,65,21,10.0,1085.0,10850.0,2024-07-08
2024070801024560,MANDU,65,42,10.0,1084.0,10840.0,2024-07-08
2024070801024559,MANDU,65,34,50.0,1080.0,54000.0,2024-07-08
2024070801024558,MANDU,65,22,10.0,1080.0,10800.0,2024-07-08
2024070801024557,MANDU,65,41,10.0,1080.0,10800.0,2024-07-08
2024070801024556,MANDU,65,3,125.0,1080.0,135000.0,2024-07-08
2024070801024555,MANDU,65,58,100.0,1079.2,107920.0,2024-07-08
2024070801024554,MANDU,65,58,100.0,1079.0,107900.0,2024-07-08
2024070801024553,MANDU,65,49,10.0,1079.0,10790.0,2024-07-08
2024070801024552,MANDU,65,22,10.0,1079.0,10790.0,2024-07-08
2024070801024551,MANDU,65,34,50.0,1078.0,53900.0,2024-07-08
2024070801024550,MANDU,65,19,50.0,1074.0,53700.0,2024-07-08
2024070801024549,MANDU,65,44,10.0,1072.0,10720.0,2024-07-08
2024070801024548,MANDU,65,34,10.0,1070.0,10700.0,2024-07-08
2024070801024547,MANDU,65,3,10.0,1070.0,10700.0,2024-07-08
2024070801024546,MANDU,65,11,10.0,1068.0,10680.0,2024-07-08
2024070801024545,MANDU,65,45,10.0,1067.6,10676.0,2024-07-08
2024070801024544,CITY,44,34,10.0,751.0,7510.0,2024-07-08
2024070803018720,MLBBL,44,6,10.0,1380.0,13800.0,2024-07-08
2024070803018719,CFCL,71,4,10.0,518.0,5180.0,2024-07-08
2024070803018718,GMFIL,1,18,10.0,487.0,4870.0,2024-07-08
2024070804009322,UNHPL,1,44,10.0,238.0,2380.0,2024-07-08
2024070804009321,UNHPL,1,57,123.0,236.2,29052.6,2024-07-08
2024070801024543,MSHL,51,44,10.0,648.0,6480.0,2024-07-08
2024070801024542,SAMAJ,58,49,40.0,3400.0,136000.0,2024-07-08
2024070804009320,SHPC,26,49,30.0,321.1,9633.0,2024-07-08
2024070803018717,NFS,41,6,2000.0,849.0,1698000.0,2024-07-08
2024070803018716,PROFL,34,6,406.0,419.3,170235.8,2024-07-08
2024070803018715,JBBL,45,34,50.0,309.8,15490.0,2024-07-08
2024070801024541,SCB,49,45,103.0,580.6,59801.8,2024-07-08
2024070801024540,SCB,57,45,77.0,580.6,44706.2,2024-07-08
2024070803018714,MFIL,53,45,12.0,610.0,7320.0,2024-07-08
2024070803018713,MFIL,1,45,100.0,610.1,61010.0,2024-07-08
2024070803018712,MFIL,44,45,500.0,610.1,305050.0,2024-07-08
2024070803018711,MFIL,6,45,300.0,611.0,183300.0,2024-07-08
2024070803018710,MFIL,52,45,10.0,611.0,6110.0,2024-07-08
2024070803018709,MFIL,57,45,100.0,611.0,61100.0,2024-07-08
2024070803018708,MFIL,48,45,50.0,611.0,30550.0,2024-07-08
2024070803018707,MFIL,1,45,100.0,611.3,61130.0,2024-07-08
2024070803018706,MFIL,14,45,200.0,612.0,122400.0,2024-07-08
2024070803018705,MFIL,34,45,70.0,612.0,42840.0,2024-07-08
2024070803018704,MFIL,57,45,500.0,612.0,306000.0,2024-07-08
2024070803018703,MFIL,57,45,50.0,612.0,30600.0,2024-07-08
2024070803018702,RLFL,74,14,10.0,452.4,4524.0,2024-07-08
2024070801024539,SAMAJ,58,62,290.0,3400.0,986000.0,2024-07-08
2024070801024538,NMB,26,5,10.0,198.0,1980.0,2024-07-08
2024070803018701,NICLBSL,26,34,10.0,649.0,6490.0,2024-07-08
2024070801024537,NYADI,35,38,55.0,328.0,18040.0,2024-07-08
2024070803018700,EDBL,42,35,100.0,465.0,46500.0,2024-07-08
2024070803018699,PFL,25,8,350.0,594.0,207900.0,2024-07-08
2024070804009319,AKPL,57,57,390.0,162.5,63375.0,2024-07-08
2024070804009318,AKPL,35,57,110.0,162.5,17875.0,2024-07-08
2024070803018698,JFL,41,63,100.0,671.9,67190.0,2024-07-08
2024070801024536,ILI,57,40,10.0,436.2,4362.0,2024-07-08
2024070803018697,JFL,41,28,10.0,672.0,6720.0,2024-07-08
2024070803018696,GFCL,41,10,218.0,628.0,136904.0,2024-07-08
2024070803018695,GFCL,39,10,100.0,628.1,62810.0,2024-07-08
2024070803018694,GFCL,49,10,10.0,628.1,6281.0,2024-07-08
2024070803018693,GFCL,98,10,172.0,628.1,108033.2,2024-07-08
2024070803018692,PROFL,34,34,350.0,419.3,146755.0,2024-07-08
2024070801024535,NRM,34,36,10.0,442.0,4420.0,2024-07-08
2024070803018691,KSBBL,34,3,10.0,407.6,4076.0,2024-07-08
2024070801024534,PCBL,14,74,50.0,202.0,10100.0,2024-07-08
2024070804009317,HPPL,42,81,390.0,285.0,111150.0,2024-07-08
2024070804009316,IGI,5,34,402.0,545.0,219090.0,2024-07-08
2024070804009315,IGI,5,43,20.0,544.9,10898.0,2024-07-08
2024070804009314,IGI,5,49,18.0,544.9,9808.2,2024-07-08
2024070804009313,IGI,5,56,40.0,544.5,21780.0,2024-07-08
2024070804009312,IGI,5,58,75.0,544.5,40837.5,2024-07-08
2024070804009311,IGI,5,45,500.0,544.0,272000.0,2024-07-08
2024070804009310,IGI,5,13,820.0,543.8,445916.0,2024-07-08
2024070804009309,IGI,5,22,100.0,542.5,54250.0,2024-07-08
2024070804009308,IGI,5,58,55.0,542.0,29810.0,2024-07-08
2024070804009307,IGI,5,38,100.0,541.9,54190.0,2024-07-08
2024070804009306,IGI,5,8,10.0,541.0,5410.0,2024-07-08
2024070804009305,IGI,5,85,500.0,541.0,270500.0,2024-07-08
2024070804009304,IGI,5,42,110.0,541.0,59510.0,2024-07-08
2024070804009303,IGI,5,26,50.0,540.7,27035.0,2024-07-08
2024070804009302,IGI,5,44,3000.0,540.0,1620000.0,2024-07-08
2024070804009301,IGI,5,61,1000.0,540.0,540000.0,2024-07-08
2024070804009300,IGI,5,35,100.0,540.0,54000.0,2024-07-08
2024070804009299,IGI,5,42,500.0,540.0,270000.0,2024-07-08
2024070804009298,IGI,5,37,400.0,539.8,215920.0,2024-07-08
2024070804009297,IGI,5,49,100.0,539.8,53980.0,2024-07-08
2024070804009296,IGI,5,16,955.0,539.1,514840.5,2024-07-08
2024070804009295,IGI,5,57,145.0,538.9,78140.5,2024-07-08
2024070803018690,MLBL,59,66,50.0,345.0,17250.0,2024-07-08
2024070801024533,SNLI,44,48,10.0,485.0,4850.0,2024-07-08
2024070803018689,ALICL,44,44,97.0,595.0,57715.0,2024-07-08
2024070803018688,ALICL,44,52,103.0,594.9,61274.7,2024-07-08
2024070801024532,GCIL,16,33,10.0,487.0,4870.0,2024-07-08
2024070801024531,SBI,58,45,10.0,303.2,3032.0,2024-07-08
2024070803018687,SAPDBL,88,7,25.0,429.9,10747.5,2024-07-08
2024070803018686,SAPDBL,88,7,175.0,429.9,75232.5,2024-07-08
2024070804009294,NHPC,4,38,50.0,143.0,7150.0,2024-07-08
2024070801024530,MCHL,52,49,10.0,427.9,4279.0,2024-07-08
2024070801024529,MCHL,52,32,10.0,425.0,4250.0,2024-07-08
2024070801024528,MCHL,52,51,10.0,425.0,4250.0,2024-07-08
2024070801024527,MCHL,52,55,10.0,424.5,4245.0,2024-07-08
2024070801024526,MCHL,52,35,10.0,424.3,4243.0,2024-07-08
2024070804009293,KPCL,62,6,10.0,459.0,4590.0,2024-07-08
2024070803018685,NUBL,62,94,10.0,678.5,6785.0,2024-07-08
2024070801024525,USHEC,26,45,10.0,470.0,4700.0,2024-07-08
2024070804009292,GLH,62,55,400.0,211.0,84400.0,2024-07-08
2024070804009291,GLH,62,42,43.0,211.0,9073.0,2024-07-08
2024070803018684,GILB,62,8,10.0,1435.0,14350.0,2024-07-08
2024070803018683,ACLBSL,35,33,70.0,1224.0,85680.0,2024-07-08
2024070803018682,ACLBSL,35,49,13.0,1224.0,15912.0,2024-07-08
2024070803018681,ACLBSL,35,6,37.0,1223.0,45251.0,2024-07-08
2024070803018680,ACLBSL,35,17,13.0,1221.9,15884.7,2024-07-08
2024070803018679,ACLBSL,35,58,100.0,1221.0,122100.0,2024-07-08
2024070803018678,ACLBSL,35,8,30.0,1221.0,36630.0,2024-07-08
2024070803018677,ACLBSL,35,57,37.0,1210.0,44770.0,2024-07-08
2024070803018676,SHINE,57,16,20.0,402.0,8040.0,2024-07-08
2024070803018675,PFL,47,19,30.0,593.1,17793.0,2024-07-08
2024070803018674,PFL,44,19,50.0,593.1,29655.0,2024-07-08
2024070805007090,MMF1,10,78,4350.0,7.38,32103.0,2024-07-08
2024070803018673,JFL,41,57,120.0,671.9,80628.0,2024-07-08
2024070801024524,NYADI,57,38,10.0,328.0,3280.0,2024-07-08
2024070805007089,NIFRA,58,57,46.0,210.8,9696.8,2024-07-08
2024070801024523,MSHL,57,44,10.0,648.0,6480.0,2024-07-08
2024070801024522,NICA,58,10,85.0,427.0,36295.0,2024-07-08
2024070801024521,NICA,38,10,40.0,427.0,17080.0,2024-07-08
2024070804009290,API,54,34,61.0,170.4,10394.4,2024-07-08
2024070801024520,BHL,33,36,80.0,345.1,27608.0,2024-07-08
2024070801024519,BHL,58,36,50.0,345.2,17260.0,2024-07-08
2024070801024518,BHL,52,36,30.0,345.2,10356.0,2024-07-08
2024070801024517,RHGCL,32,26,41.0,349.8,14341.8,2024-07-08
2024070801024516,RHGCL,32,38,70.0,349.5,24465.0,2024-07-08
2024070801024515,RHGCL,32,49,10.0,349.0,3490.0,2024-07-08
2024070801024514,RHGCL,32,38,10.0,349.0,3490.0,2024-07-08
2024070801024513,RHGCL,32,4,10.0,349.0,3490.0,2024-07-08
2024070801024512,RHGCL,32,57,19.0,348.9,6629.1,2024-07-08
2024070801024511,RHGCL,32,49,10.0,346.0,3460.0,2024-07-08
2024070801024510,RHGCL,32,21,200.0,346.0,69200.0,2024-07-08
2024070801024509,RHGCL,32,56,10.0,345.0,3450.0,2024-07-08
2024070801024508,RHGCL,32,52,480.0,345.0,165600.0,2024-07-08
2024070801024507,SONA,57,32,10.0,448.0,4480.0,2024-07-08
2024070801024506,PRVU,22,21,48.0,148.0,7104.0,2024-07-08
2024070801024505,PRVU,22,38,252.0,147.0,37044.0,2024-07-08
2024070801024504,UHEWA,64,50,10.0,473.0,4730.0,2024-07-08
2024070803018672,GFCL,98,3,200.0,628.1,125620.0,2024-07-08
2024070805007088,HRL,1,3,134.0,562.0,75308.0,2024-07-08
2024070803018671,ILBS,44,34,10.0,1202.0,12020.0,2024-07-08
2024070803018670,ILBS,44,14,40.0,1200.0,48000.0,2024-07-08
2024070803018669,ILBS,44,14,30.0,1199.0,35970.0,2024-07-08
2024070804009289,SSHL,32,45,25.0,168.0,4200.0,2024-07-08
2024070803018668,SAPDBL,96,7,325.0,429.9,139717.5,2024-07-08
2024070803018667,SAPDBL,96,40,100.0,429.4,42940.0,2024-07-08
2024070803018666,SAPDBL,96,32,50.0,428.4,21420.0,2024-07-08
2024070803018665,SAPDBL,96,40,100.0,428.4,42840.0,2024-07-08
2024070803018664,SAPDBL,96,55,25.0,428.4,10710.0,2024-07-08
2024070803018663,SAPDBL,96,81,100.0,428.0,42800.0,2024-07-08
2024070803018662,SAPDBL,96,35,120.0,428.0,51360.0,2024-07-08
2024070803018661,SAPDBL,96,57,70.0,427.9,29953.0,2024-07-08
2024070803018660,SAPDBL,96,34,10.0,427.0,4270.0,2024-07-08
2024070803018659,SAPDBL,96,35,1000.0,427.0,427000.0,2024-07-08
2024070803018658,SAPDBL,96,40,100.0,426.9,42690.0,2024-07-08
2024070803018657,SAPDBL,96,40,90.0,426.9,38421.0,2024-07-08
2024070803018656,SAPDBL,96,52,100.0,426.0,42600.0,2024-07-08
2024070803018655,SAPDBL,96,34,560.0,426.0,238560.0,2024-07-08
2024070803018654,SAPDBL,96,48,250.0,425.0,106250.0,2024-07-08
2024070801024503,NRM,47,32,15.0,440.0,6600.0,2024-07-08
2024070804009288,API,54,33,25.0,170.4,4260.0,2024-07-08
2024070805007087,HRL,1,4,10.0,562.0,5620.0,2024-07-08
2024070805007086,HRL,1,58,17.0,562.0,9554.0,2024-07-08
2024070805007085,HRL,1,34,31.0,562.0,17422.0,2024-07-08
2024070805007084,HRL,1,4,10.0,562.0,5620.0,2024-07-08
2024070805007083,HRL,1,35,10.0,562.0,5620.0,2024-07-08
2024070805007082,HRL,1,54,10.0,562.0,5620.0,2024-07-08
2024070805007081,HRL,1,16,20.0,562.0,11240.0,2024-07-08
2024070805007080,HRL,1,44,20.0,562.0,11240.0,2024-07-08
2024070805007079,HRL,1,25,20.0,562.0,11240.0,2024-07-08
2024070805007078,HRL,1,16,20.0,562.0,11240.0,2024-07-08
2024070805007077,HRL,1,44,41.0,562.0,23042.0,2024-07-08
2024070805007076,HRL,1,13,11.0,562.0,6182.0,2024-07-08
2024070804009287,CHCL,13,49,30.0,438.0,13140.0,2024-07-08
2024070801024502,SAMAJ,58,17,500.0,3400.0,1700000.0,2024-07-08
2024070803018653,NMFBS,81,17,810.0,1355.0,1097550.0,2024-07-08
2024070801024501,MBL,58,7,10.0,183.0,1830.0,2024-07-08
2024070801024500,UNLB,88,94,10.0,2013.0,20130.0,2024-07-08
2024070801024499,UNLB,88,20,10.0,2010.0,20100.0,2024-07-08
2024070804009286,JOSHI,26,41,30.0,293.5,8805.0,2024-07-08
2024070803018652,KRBL,35,76,10.0,488.8,4888.0,2024-07-08
2024070804009285,UPCL,35,22,50.0,193.7,9685.0,2024-07-08
2024070805007075,HRL,45,50,100.0,561.1,56110.0,2024-07-08
2024070801024498,MKCL,28,19,10.0,1302.0,13020.0,2024-07-08
2024070801024497,CITY,63,34,22.0,751.0,16522.0,2024-07-08
2024070801024496,CITY,63,34,368.0,751.0,276368.0,2024-07-08
2024070801024495,CITY,63,45,100.0,750.0,75000.0,2024-07-08
2024070801024494,CITY,63,17,10.0,750.0,7500.0,2024-07-08
2024070803018651,JFL,41,4,100.0,671.0,67100.0,2024-07-08
2024070803018650,JFL,41,57,50.0,671.0,33550.0,2024-07-08
2024070803018649,JFL,41,36,100.0,670.0,67000.0,2024-07-08
2024070803018648,JFL,41,57,450.0,670.0,301500.0,2024-07-08
2024070803018647,JFL,41,42,50.0,670.0,33500.0,2024-07-08
2024070803018646,JFL,41,35,10.0,670.0,6700.0,2024-07-08
2024070803018645,JFL,41,34,700.0,670.0,469000.0,2024-07-08
2024070803018644,SIFC,14,11,57.0,472.0,26904.0,2024-07-08
2024070803018643,SIFC,57,11,50.0,472.0,23600.0,2024-07-08
2024070803018642,SIFC,45,11,66.0,472.0,31152.0,2024-07-08
2024070803018641,SIFC,21,11,75.0,472.1,35407.5,2024-07-08
2024070804009284,LEC,42,54,40.0,182.8,7312.0,2024-07-08
2024070801024493,SNLI,42,48,270.0,485.0,130950.0,2024-07-08
2024070801024492,SNLI,42,38,10.0,485.0,4850.0,2024-07-08
2024070801024491,SNLI,42,36,10.0,485.0,4850.0,2024-07-08
2024070801024490,SNLI,42,34,710.0,485.0,344350.0,2024-07-08
2024070804009283,PPCL,33,41,10.0,236.9,2369.0,2024-07-08
2024070801024489,MKCL,96,19,39.0,1302.0,50778.0,2024-07-08
2024070801024488,MKCL,96,13,10.0,1300.0,13000.0,2024-07-08
2024070801024487,MKCL,96,7,71.0,1300.0,92300.0,2024-07-08
2024070801024486,HEIP,14,48,270.0,343.1,92637.0,2024-07-08
2024070805007074,NRN,86,92,50.0,724.0,36200.0,2024-07-08
2024070805007073,NRN,1,92,100.0,724.0,72400.0,2024-07-08
2024070801024485,GVL,66,1,10.0,581.1,5811.0,2024-07-08
2024070801024484,SGHC,13,45,67.0,334.0,22378.0,2024-07-08
2024070801024483,SHIVM,50,13,255.0,491.1,125230.5,2024-07-08
2024070801024482,SHIVM,33,13,145.0,491.1,71209.5,2024-07-08
2024070803018640,KMCDB,62,67,155.0,1160.0,179800.0,2024-07-08
2024070801024481,SAMAJ,58,58,10.0,3345.0,33450.0,2024-07-08
2024070801024480,SAMAJ,58,20,52.0,3340.0,173680.0,2024-07-08
2024070801024479,SAMAJ,58,41,19.0,3280.0,62320.0,2024-07-08
2024070801024478,SAMAJ,58,33,10.0,2958.0,29580.0,2024-07-08
2024070801024477,SAMAJ,58,51,10.0,2958.0,29580.0,2024-07-08
2024070801024476,SAMAJ,58,16,10.0,2954.0,29540.0,2024-07-08
2024070803018639,FMDBL,62,26,50.0,677.0,33850.0,2024-07-08
2024070801024475,SONA,57,16,174.0,448.0,77952.0,2024-07-08
2024070801024474,SONA,57,58,10.0,447.5,4475.0,2024-07-08
2024070803018638,GFCL,98,56,28.0,628.1,17586.8,2024-07-08
2024070803018637,GFCL,58,56,10.0,629.0,6290.0,2024-07-08
2024070803018636,CORBL,46,57,100.0,582.0,58200.0,2024-07-08
2024070801024473,NICA,38,85,75.0,427.0,32025.0,2024-07-08
2024070801024472,NICA,81,85,40.0,427.0,17080.0,2024-07-08
2024070801024471,NICA,46,85,20.0,427.0,8540.0,2024-07-08
2024070801024470,NICA,33,85,150.0,427.0,64050.0,2024-07-08
2024070801024469,NICA,57,85,48.0,427.0,20496.0,2024-07-08
2024070801024468,NICA,58,85,10.0,427.0,4270.0,2024-07-08
2024070801024467,NICA,48,85,20.0,427.0,8540.0,2024-07-08
2024070801024466,NICA,47,85,187.0,427.0,79849.0,2024-07-08
2024070801024465,NICA,1,85,100.0,427.1,42710.0,2024-07-08
2024070801024464,NICA,59,85,50.0,427.5,21375.0,2024-07-08
2024070801024463,CKHL,20,61,10.0,588.0,5880.0,2024-07-08
2024070801024462,CKHL,20,58,10.0,586.0,5860.0,2024-07-08
2024070805007072,NTC,14,58,10.0,817.0,8170.0,2024-07-08
2024070803018635,EDBL,14,43,10.0,466.9,4669.0,2024-07-08
2024070804009282,HPPL,42,81,10.0,285.0,2850.0,2024-07-08
2024070801024461,TAMOR,59,55,10.0,434.1,4341.0,2024-07-08
2024070801024460,TAMOR,59,22,10.0,433.0,4330.0,2024-07-08
2024070801024459,TAMOR,59,58,10.0,432.8,4328.0,2024-07-08
2024070801024458,TAMOR,59,34,10.0,432.5,4325.0,2024-07-08
2024070801024457,MMKJL,58,59,50.0,503.0,25150.0,2024-07-08
2024070801024456,SAHAS,44,42,10.0,517.5,5175.0,2024-07-08
2024070801024455,KBSH,44,16,50.0,1446.0,72300.0,2024-07-08
2024070801024454,NWCL,48,81,10.0,880.0,8800.0,2024-07-08
2024070805007071,NRN,48,92,10.0,724.0,7240.0,2024-07-08
2024070803018634,SAPDBL,32,48,50.0,425.0,21250.0,2024-07-08
2024070801024453,CYCL,77,32,100.0,1601.0,160100.0,2024-07-08
2024070804009281,NHDL,6,45,100.0,515.0,51500.0,2024-07-08
2024070804009280,HURJA,45,21,155.0,187.0,28985.0,2024-07-08
2024070804009279,HURJA,42,21,50.0,187.1,9355.0,2024-07-08
2024070804009278,HURJA,42,21,95.0,187.2,17784.0,2024-07-08
2024070803018633,ICFC,58,53,50.0,621.9,31095.0,2024-07-08
2024070801024452,PCBL,22,74,100.0,202.0,20200.0,2024-07-08
2024070801024451,PCBL,32,74,50.0,202.0,10100.0,2024-07-08
2024070801024450,PCBL,41,74,80.0,202.1,16168.0,2024-07-08
2024070801024449,PCBL,42,74,240.0,202.5,48600.0,2024-07-08
2024070801024448,PCBL,47,74,257.0,203.0,52171.0,2024-07-08
2024070801024447,MMKJL,58,42,10.0,504.0,5040.0,2024-07-08
2024070801024446,MMKJL,58,43,200.0,503.9,100780.0,2024-07-08
2024070803018632,GILB,62,8,10.0,1435.0,14350.0,2024-07-08
2024070803018631,ACLBSL,35,49,172.0,1221.0,210012.0,2024-07-08
2024070803018630,ACLBSL,35,19,100.0,1219.0,121900.0,2024-07-08
2024070803018629,ACLBSL,35,29,23.0,1212.0,27876.0,2024-07-08
2024070801024445,BHDC,58,50,384.0,560.0,215040.0,2024-07-08
2024070801024444,BHDC,17,50,100.0,560.0,56000.0,2024-07-08
2024070801024443,BHDC,42,50,16.0,561.0,8976.0,2024-07-08
2024070801024442,SGHC,13,11,23.0,334.0,7682.0,2024-07-08
2024070803018628,NMBMF,42,50,25.0,718.9,17972.5,2024-07-08
2024070803018627,NMBMF,42,50,20.0,714.5,14290.0,2024-07-08
2024070803018626,NMBMF,42,17,16.0,714.0,11424.0,2024-07-08
2024070803018625,NMBMF,42,50,30.0,713.9,21417.0,2024-07-08
2024070803018624,NMBMF,42,45,19.0,712.0,13528.0,2024-07-08
2024070801024441,NRM,34,36,235.0,442.0,103870.0,2024-07-08
2024070803018623,BFC,54,21,170.0,500.0,85000.0,2024-07-08
2024070803018622,BFC,54,6,30.0,500.0,15000.0,2024-07-08
2024070805007070,STC,54,33,100.0,4870.0,487000.0,2024-07-08
2024070803018621,EDBL,42,14,100.0,465.0,46500.0,2024-07-08
2024070803018620,EDBL,42,6,170.0,465.0,79050.0,2024-07-08
2024070803018619,GUFL,29,52,50.0,697.5,34875.0,2024-07-08
2024070805007069,NRN,58,60,1500.0,723.0,1084500.0,2024-07-08
2024070805007068,NRN,57,60,100.0,723.1,72310.0,2024-07-08
2024070803018618,CFCL,21,71,341.0,516.0,175956.0,2024-07-08
2024070803018617,CFCL,48,71,50.0,516.0,25800.0,2024-07-08
2024070803018616,CFCL,45,71,50.0,516.0,25800.0,2024-07-08
2024070803018615,CFCL,29,71,10.0,516.0,5160.0,2024-07-08
2024070803018614,CFCL,25,71,100.0,516.1,51610.0,2024-07-08
2024070803018613,CFCL,77,71,10.0,517.0,5170.0,2024-07-08
2024070803018612,CFCL,22,71,39.0,517.0,20163.0,2024-07-08
2024070801024440,USHEC,38,53,10.0,468.0,4680.0,2024-07-08
2024070803018611,SJLIC,33,52,100.0,413.6,41360.0,2024-07-08
2024070801024439,GVL,66,1,100.0,581.1,58110.0,2024-07-08
2024070804009277,TRH,17,19,200.0,799.0,159800.0,2024-07-08
2024070801024438,SBL,48,6,100.0,263.9,26390.0,2024-07-08
2024070803018610,SIFC,21,13,25.0,472.1,11802.5,2024-07-08
2024070801024437,RHGCL,21,52,10.0,345.0,3450.0,2024-07-08
2024070804009276,JOSHI,4,6,20.0,293.5,5870.0,2024-07-08
2024070803018609,ICFC,34,58,445.0,621.0,276345.0,2024-07-08
2024070803018608,ICFC,57,58,55.0,621.0,34155.0,2024-07-08
2024070801024436,SPC,33,58,90.0,567.0,51030.0,2024-07-08
2024070801024435,SPC,33,47,172.0,567.0,97524.0,2024-07-08
2024070801024434,SPC,63,47,28.0,567.0,15876.0,2024-07-08
2024070803018607,KMCDB,62,70,290.0,1160.0,336400.0,2024-07-08
2024070801024433,HBL,25,52,20.0,186.0,3720.0,2024-07-08
2024070801024432,MEHL,8,57,40.0,340.0,13600.0,2024-07-08
2024070801024431,MEHL,17,57,60.0,340.0,20400.0,2024-07-08
2024070803018606,BFC,46,6,30.0,500.0,15000.0,2024-07-08
2024070801024430,TPC,36,56,25.0,545.0,13625.0,2024-07-08
2024070804009275,PPCL,14,41,10.0,236.9,2369.0,2024-07-08
2024070801024429,SIKLES,42,42,160.0,692.0,110720.0,2024-07-08
2024070804009274,NGPL,34,42,80.0,315.0,25200.0,2024-07-08
2024070803018605,SADBL,34,17,100.0,348.0,34800.0,2024-07-08
2024070801024428,RBCLPO,59,7,10.0,10389.0,103890.0,2024-07-08
2024070801024427,SMHL,7,53,100.0,622.0,62200.0,2024-07-08
2024070803018604,SMB,53,37,75.0,1660.0,124500.0,2024-07-08
2024070803018603,ALICL,72,44,100.0,594.0,59400.0,2024-07-08
2024070805007067,CIT,48,1,10.0,1898.0,18980.0,2024-07-08
2024070805007066,CIT,10,1,10.0,1898.0,18980.0,2024-07-08
2024070805007065,CIT,47,1,10.0,1898.0,18980.0,2024-07-08
2024070803018602,FMDBL,38,26,20.0,677.0,13540.0,2024-07-08
2024070803018601,MLBL,38,66,384.0,345.0,132480.0,2024-07-08
2024070803018600,MLBL,38,6,14.0,345.0,4830.0,2024-07-08
2024070803018599,MLBL,38,63,237.0,345.0,81765.0,2024-07-08
2024070804009273,NICL,6,57,31.0,859.9,26656.9,2024-07-08
2024070804009272,NICL,6,58,20.0,859.7,17194.0,2024-07-08
2024070804009271,NICL,6,21,20.0,859.5,17190.0,2024-07-08
2024070804009270,NICL,6,69,29.0,857.0,24853.0,2024-07-08
2024070803018598,SMB,28,37,25.0,1660.1,41502.5,2024-07-08
2024070803018597,GFCL,58,49,40.0,629.0,25160.0,2024-07-08
2024070805007064,HIDCL,58,57,10.0,170.0,1700.0,2024-07-08
2024070804009269,NICL,4,69,10.0,857.0,8570.0,2024-07-08
2024070804009268,NICL,52,69,461.0,857.0,395077.0,2024-07-08
2024070803018596,PROFL,40,6,50.0,420.0,21000.0,2024-07-08
2024070805007063,CHDC,82,94,90.0,1075.0,96750.0,2024-07-08
2024070805007062,CHDC,82,59,100.0,1075.0,107500.0,2024-07-08
2024070805007061,CHDC,82,60,300.0,1074.0,322200.0,2024-07-08
2024070805007060,CHDC,82,22,10.0,1073.0,10730.0,2024-07-08
2024070803018595,MLBBL,41,6,10.0,1380.0,13800.0,2024-07-08
2024070803018594,EDBL,14,6,10.0,465.0,4650.0,2024-07-08
2024070801024426,SAMAJ,16,8,20.0,2898.3,57966.0,2024-07-08
2024070804009267,NIL,65,62,255.0,825.0,210375.0,2024-07-08
2024070804009266,NIL,65,55,100.0,825.0,82500.0,2024-07-08
2024070804009265,NIL,65,36,200.0,824.9,164980.0,2024-07-08
2024070804009264,NIL,65,7,22.0,824.9,18147.8,2024-07-08
2024070804009263,NIL,65,14,20.0,824.8,16496.0,2024-07-08
2024070804009262,NIL,65,36,200.0,824.1,164820.0,2024-07-08
2024070804009261,NIL,65,52,203.0,824.1,167292.3,2024-07-08
2024070801024425,MBJC,29,19,10.0,296.4,2964.0,2024-07-08
2024070803018593,PMLI,43,59,30.0,522.0,15660.0,2024-07-08
2024070803018592,PMLI,57,59,50.0,523.0,26150.0,2024-07-08
2024070803018591,PMLI,67,59,20.0,523.0,10460.0,2024-07-08
2024070801024424,MHCL,58,34,90.0,399.0,35910.0,2024-07-08
2024070801024423,MHCL,42,34,410.0,399.0,163590.0,2024-07-08
2024070804009260,SHPC,26,49,20.0,321.1,6422.0,2024-07-08
2024070804009259,NGPL,6,42,105.0,315.0,33075.0,2024-07-08
2024070804009258,NGPL,6,48,12.0,315.0,3780.0,2024-07-08
2024070804009257,NGPL,6,5,83.0,315.0,26145.0,2024-07-08
2024070803018590,MSLB,39,88,21.0,1377.0,28917.0,2024-07-08
2024070803018589,MSLB,39,41,10.0,1376.0,13760.0,2024-07-08
2024070803018588,MSLB,39,48,19.0,1376.0,26144.0,2024-07-08
2024070805007059,NIFRA,58,4,54.0,210.8,11383.2,2024-07-08
2024070801024422,DORDI,26,45,10.0,478.0,4780.0,2024-07-08
2024070801024421,HATHY,69,58,12.0,949.0,11388.0,2024-07-08
2024070801024420,SMH,16,16,10.0,790.0,7900.0,2024-07-08
2024070801024419,SONA,36,47,500.0,447.0,223500.0,2024-07-08
2024070801024418,MHCL,34,42,79.0,400.0,31600.0,2024-07-08
2024070801024417,NIMB,16,42,25.0,159.5,3987.5,2024-07-08
2024070801024416,NIMB,34,42,100.0,159.5,15950.0,2024-07-08
2024070801024415,NIMB,41,42,109.0,159.5,17385.5,2024-07-08
2024070805007058,NRN,58,33,1137.0,723.0,822051.0,2024-07-08
2024070805007057,NRN,65,33,213.0,723.1,154020.3,2024-07-08
2024070805007056,NRN,64,33,50.0,723.2,36160.0,2024-07-08
2024070801024414,BHL,66,85,10.0,346.0,3460.0,2024-07-08
2024070801024413,EBL,34,32,668.0,539.0,360052.0,2024-07-08
2024070801024412,EBL,34,6,112.0,538.9,60356.8,2024-07-08
2024070801024411,EBL,34,88,354.0,538.0,190452.0,2024-07-08
2024070801024410,SONA,36,48,347.0,447.0,155109.0,2024-07-08
2024070801024409,SONA,57,48,10.0,447.0,4470.0,2024-07-08
2024070801024408,SONA,22,48,20.0,447.1,8942.0,2024-07-08
2024070803018587,FOWAD,41,49,100.0,1407.0,140700.0,2024-07-08
2024070801024407,DLBS,17,34,7.0,1260.0,8820.0,2024-07-08
2024070804009256,RADHI,44,45,165.0,251.0,41415.0,2024-07-08
2024070803018586,GUFL,47,45,20.0,697.0,13940.0,2024-07-08
2024070801024406,JBLB,38,58,100.0,1434.0,143400.0,2024-07-08
2024070805007055,CIT,21,41,18.0,1898.0,34164.0,2024-07-08
2024070803018585,SKBBL,57,35,42.0,815.0,34230.0,2024-07-08
2024070801024405,JALPA,22,19,10.0,1330.0,13300.0,2024-07-08
2024070801024404,JALPA,22,16,33.0,1330.0,43890.0,2024-07-08
2024070801024403,JALPA,22,33,20.0,1330.0,26600.0,2024-07-08
2024070801024402,JALPA,22,58,129.0,1330.0,171570.0,2024-07-08
2024070801024401,JALPA,22,58,50.0,1329.7,66485.0,2024-07-08
2024070801024400,JALPA,22,32,45.0,1328.0,59760.0,2024-07-08
2024070801024399,JALPA,22,35,10.0,1328.0,13280.0,2024-07-08
2024070804009255,RURU,60,13,18.0,640.0,11520.0,2024-07-08
2024070803018584,GMFIL,71,18,10.0,487.0,4870.0,2024-07-08
2024070801024398,VLUCL,5,29,10.0,507.1,5071.0,2024-07-08
2024070803018583,GMFIL,88,29,15.0,482.5,7237.5,2024-07-08
2024070803018582,GMFIL,57,29,485.0,482.6,234061.0,2024-07-08
2024070803018581,MNBBL,48,45,327.0,353.4,115561.8,2024-07-08
2024070801024397,MLBS,81,34,10.0,1364.0,13640.0,2024-07-08
2024070803018580,MLBBL,11,6,40.0,1380.0,55200.0,2024-07-08
2024070803018579,BFC,17,6,102.0,499.0,50898.0,2024-07-08
2024070803018578,BFC,18,6,58.0,499.0,28942.0,2024-07-08
2024070803018577,BFC,49,6,40.0,499.1,19964.0,2024-07-08
2024070804009254,MHNL,35,45,50.0,235.7,11785.0,2024-07-08
2024070804009253,MHNL,43,45,104.0,236.2,24564.8,2024-07-08
2024070804009252,MHNL,68,45,135.0,236.3,31900.5,2024-07-08
2024070803018576,SHINE,45,62,500.0,403.0,201500.0,2024-07-08
2024070801024396,MEHL,16,94,10.0,340.0,3400.0,2024-07-08
2024070803018575,ALBSL,26,57,147.0,1014.8,149175.6,2024-07-08
2024070803018574,KMCDB,62,49,128.0,1163.0,148864.0,2024-07-08
2024070803018573,KMCDB,62,49,200.0,1163.0,232600.0,2024-07-08
2024070803018572,KMCDB,62,49,95.0,1162.0,110390.0,2024-07-08
2024070803018571,KMCDB,62,17,377.0,1162.0,438074.0,2024-07-08
2024070803018570,KMCDB,62,59,100.0,1162.0,116200.0,2024-07-08
2024070803018569,KMCDB,62,3,100.0,1161.0,116100.0,2024-07-08
2024070801024395,NABIL,35,58,35.0,490.0,17150.0,2024-07-08
2024070801024394,NABIL,35,5,345.0,490.0,169050.0,2024-07-08
2024070801024393,NABIL,35,52,20.0,487.0,9740.0,2024-07-08
2024070803018568,NMFBS,81,35,31.0,1355.0,42005.0,2024-07-08
2024070803018567,NMFBS,19,35,23.0,1361.0,31303.0,2024-07-08
2024070803018566,SFCL,40,49,100.0,451.0,45100.0,2024-07-08
2024070801024392,CITY,6,56,1000.0,745.6,745600.0,2024-07-08
2024070801024391,NICA,57,5,100.0,428.0,42800.0,2024-07-08
2024070803018565,MDB,58,46,74.0,558.0,41292.0,2024-07-08
2024070803018564,MDB,58,41,490.0,556.2,272538.0,2024-07-08
2024070803018563,MDB,58,41,14.0,556.0,7784.0,2024-07-08
2024070803018562,MDB,58,22,150.0,556.0,83400.0,2024-07-08
2024070803018561,MDB,58,43,500.0,556.0,278000.0,2024-07-08
2024070803018560,MDB,58,52,127.0,556.0,70612.0,2024-07-08
2024070803018559,MDB,58,65,250.0,555.0,138750.0,2024-07-08
2024070803018558,MDB,58,17,255.0,555.0,141525.0,2024-07-08
2024070803018557,MDB,58,49,640.0,552.0,353280.0,2024-07-08
2024070803018556,PFL,58,8,15.0,594.0,8910.0,2024-07-08
2024070803018555,RLFL,53,22,91.0,452.3,41159.3,2024-07-08
2024070803018554,RLFL,53,22,1089.0,452.3,492554.7,2024-07-08
2024070803018553,RLFL,5,22,820.0,452.4,370968.0,2024-07-08
2024070801024390,SAHAS,44,40,10.0,517.4,5174.0,2024-07-08
2024070803018552,CBBL,96,58,50.0,855.0,42750.0,2024-07-08
2024070803018551,CBBL,96,44,50.0,854.9,42745.0,2024-07-08
2024070803018550,CBBL,96,49,10.0,853.8,8538.0,2024-07-08
2024070803018549,CBBL,96,49,390.0,852.0,332280.0,2024-07-08
2024070801024389,PPL,51,13,40.0,454.0,18160.0,2024-07-08
2024070801024388,PPL,51,22,10.0,454.0,4540.0,2024-07-08
2024070801024387,MHCL,34,32,21.0,400.0,8400.0,2024-07-08
2024070801024386,MHCL,57,32,50.0,400.0,20000.0,2024-07-08
2024070804009251,RHPL,21,28,150.0,264.5,39675.0,2024-07-08
2024070803018548,HLI,38,41,70.0,380.9,26663.0,2024-07-08
2024070801024385,NRM,34,53,10.0,442.9,4429.0,2024-07-08
2024070803018547,NLIC,38,14,30.0,595.9,17877.0,2024-07-08
2024070803018546,GFCL,41,45,2000.0,628.0,1256000.0,2024-07-08
2024070804009250,SHEL,28,52,23.0,155.6,3578.8,2024-07-08
2024070803018545,ACLBSL,35,49,47.0,1221.0,57387.0,2024-07-08
2024070803018544,ACLBSL,35,19,50.0,1220.9,61045.0,2024-07-08
2024070803018543,ACLBSL,35,45,100.0,1220.7,122070.0,2024-07-08
2024070803018542,ACLBSL,35,35,73.0,1220.0,89060.0,2024-07-08
2024070803018541,ACLBSL,35,38,30.0,1220.0,36600.0,2024-07-08
2024070801024384,MANDU,66,72,400.0,1067.1,426840.0,2024-07-08
2024070801024383,BGWT,19,57,20.0,895.0,17900.0,2024-07-08
2024070803018540,PROFL,34,7,200.0,419.3,83860.0,2024-07-08
2024070803018539,PROFL,11,7,300.0,419.3,125790.0,2024-07-08
2024070805007054,NIFRA,58,42,150.0,211.0,31650.0,2024-07-08
2024070801024382,SARBTM,8,45,60.0,798.0,47880.0,2024-07-08
2024070801024381,SARBTM,8,34,54.0,796.5,43011.0,2024-07-08
2024070803018538,SADBL,17,17,100.0,348.0,34800.0,2024-07-08
2024070804009249,NGPL,46,21,100.0,314.9,31490.0,2024-07-08
2024070803018537,KMCDB,62,6,319.0,1160.0,370040.0,2024-07-08
2024070803018536,ICFC,57,52,145.0,621.0,90045.0,2024-07-08
2024070803018535,ICFC,56,52,28.0,621.0,17388.0,2024-07-08
2024070805007053,NRN,50,92,35.0,724.0,25340.0,2024-07-08
2024070804009248,IGI,45,57,65.0,538.9,35028.5,2024-07-08
2024070804009247,UAIL,48,45,100.0,580.2,58020.0,2024-07-08
2024070804009246,UAIL,17,45,500.0,580.3,290150.0,2024-07-08
2024070804009245,UAIL,44,45,47.0,580.4,27278.8,2024-07-08
2024070805007052,NRN,50,45,10.0,724.0,7240.0,2024-07-08
2024070805007051,NRN,50,33,155.0,724.0,112220.0,2024-07-08
2024070801024380,HDL,16,42,23.0,1245.0,28635.0,2024-07-08
2024070801024379,SIKLES,35,83,250.0,693.1,173275.0,2024-07-08
2024070801024378,SIKLES,35,45,550.0,693.0,381150.0,2024-07-08
2024070801024377,SIKLES,35,35,200.0,692.9,138580.0,2024-07-08
2024070803018534,PROFL,11,43,200.0,419.3,83860.0,2024-07-08
2024070801024376,NBL,54,43,10.0,219.0,2190.0,2024-07-08
2024070801024375,NBL,4,43,90.0,219.0,19710.0,2024-07-08
2024070804009244,RIDI,40,58,262.0,164.0,42968.0,2024-07-08
2024070804009243,RIDI,48,58,200.0,164.0,32800.0,2024-07-08
2024070804009242,RIDI,48,58,500.0,164.0,82000.0,2024-07-08
2024070804009241,RIDI,48,58,88.0,164.1,14440.8,2024-07-08
2024070804009240,HPPL,67,22,50.0,282.8,14140.0,2024-07-08
2024070805007050,NRN,65,77,87.0,723.1,62909.7,2024-07-08
2024070805007049,NRN,34,77,200.0,723.1,144620.0,2024-07-08
2024070805007048,NRN,45,77,213.0,723.1,154020.3,2024-07-08
2024070804009239,UPPER,39,41,100.0,157.0,15700.0,2024-07-08
2024070804009238,HURJA,42,21,294.0,187.2,55036.8,2024-07-08
2024070803018533,PROFL,57,6,94.0,420.3,39508.2,2024-07-08
2024070803018532,GUFL,47,52,100.0,697.0,69700.0,2024-07-08
2024070805007047,NIFRA,52,42,20.0,211.0,4220.0,2024-07-08
2024070805007046,NRN,45,38,782.0,723.1,565464.2,2024-07-08
2024070803018531,GUFL,47,18,10.0,697.0,6970.0,2024-07-08
2024070803018530,GUFL,47,46,50.0,696.9,34845.0,2024-07-08
2024070804009237,MEN,83,13,100.0,574.0,57400.0,2024-07-08
2024070803018529,ACLBSL,35,38,20.0,1220.0,24400.0,2024-07-08
2024070803018528,ACLBSL,35,58,25.0,1220.0,30500.0,2024-07-08
2024070803018527,ACLBSL,35,55,13.0,1220.0,15860.0,2024-07-08
2024070803018526,ACLBSL,35,16,10.0,1220.0,12200.0,2024-07-08
2024070803018525,ACLBSL,35,19,10.0,1219.0,12190.0,2024-07-08
2024070803018524,ACLBSL,35,63,200.0,1218.9,243780.0,2024-07-08
2024070803018523,ACLBSL,35,75,22.0,1218.9,26815.8,2024-07-08
2024070805007045,SMATA,35,38,204.0,969.9,197859.6,2024-07-08
2024070801024374,NRM,34,53,10.0,442.9,4429.0,2024-07-08
2024070801024373,ULHC,25,50,20.0,389.0,7780.0,2024-07-08
2024070801024372,BHDC,42,57,34.0,561.0,19074.0,2024-07-08
2024070803018522,JFL,22,38,30.0,668.0,20040.0,2024-07-08
2024070804009236,NGPL,46,22,100.0,314.9,31490.0,2024-07-08
2024070804009235,AKJCL,58,34,166.0,224.0,37184.0,2024-07-08
2024070803018521,GRDBL,22,28,50.0,492.0,24600.0,2024-07-08
2024070803018520,MPFL,58,51,204.0,520.5,106182.0,2024-07-08
2024070803018519,MPFL,60,51,170.0,520.5,88485.0,2024-07-08
2024070803018518,MPFL,41,51,30.0,520.6,15618.0,2024-07-08
2024070803018517,MPFL,32,51,96.0,521.0,50016.0,2024-07-08
2024070801024371,TSHL,44,51,10.0,573.0,5730.0,2024-07-08
2024070801024370,MKCL,39,7,25.0,1300.0,32500.0,2024-07-08
2024070801024369,SPHL,39,14,100.0,558.0,55800.0,2024-07-08
2024070803018516,GRDBL,33,88,98.0,490.2,48039.6,2024-07-08
2024070803018515,GRDBL,52,88,200.0,491.0,98200.0,2024-07-08
2024070803018514,GRDBL,38,88,102.0,491.1,50092.2,2024-07-08
2024070803018513,GRDBL,52,88,100.0,491.2,49120.0,2024-07-08
2024070801024368,SARBTM,62,34,60.0,796.5,47790.0,2024-07-08
2024070801024367,RFPL,62,45,45.0,365.0,16425.0,2024-07-08
2024070801024366,RFPL,44,45,45.0,365.0,16425.0,2024-07-08
2024070801024365,RFPL,62,45,500.0,365.1,182550.0,2024-07-08
2024070801024364,RFPL,48,45,100.0,365.3,36530.0,2024-07-08
2024070801024363,RFPL,42,45,30.0,365.3,10959.0,2024-07-08
2024070801024362,CLI,35,38,133.0,513.0,68229.0,2024-07-08
2024070801024361,CLI,7,38,500.0,513.1,256550.0,2024-07-08
2024070801024360,CLI,45,38,70.0,513.1,35917.0,2024-07-08
2024070801024359,CLI,50,38,180.0,513.1,92358.0,2024-07-08
2024070801024358,CLI,33,38,10.0,513.3,5133.0,2024-07-08
2024070801024357,CLI,48,38,35.0,513.4,17969.0,2024-07-08
2024070801024356,CLI,26,38,15.0,513.5,7702.5,2024-07-08
2024070801024355,CLI,28,38,57.0,513.5,29269.5,2024-07-08
2024070803018512,ACLBSL,35,75,78.0,1218.9,95074.2,2024-07-08
2024070803018511,ACLBSL,35,55,10.0,1218.0,12180.0,2024-07-08
2024070803018510,ACLBSL,35,26,50.0,1218.0,60900.0,2024-07-08
2024070803018509,ACLBSL,35,48,162.0,1217.8,197283.6,2024-07-08
2024070804009234,RIDI,48,34,200.0,164.1,32820.0,2024-07-08
2024070804009233,SHEL,58,34,20.0,155.5,3110.0,2024-07-08
2024070801024354,MKHL,10,49,30.0,503.0,15090.0,2024-07-08
2024070801024353,MKHL,10,45,10.0,503.0,5030.0,2024-07-08
2024070801024352,SBL,52,41,300.0,263.5,79050.0,2024-07-08
2024070801024351,SARBTM,36,34,10.0,796.5,7965.0,2024-07-08
2024070803018508,MLBL,7,63,773.0,345.0,266685.0,2024-07-08
2024070803018507,MLBL,7,16,127.0,345.0,43815.0,2024-07-08
2024070803018506,MLBL,7,34,100.0,344.9,34490.0,2024-07-08
2024070803018505,CFCL,22,48,11.0,517.0,5687.0,2024-07-08
2024070804009232,NGPL,46,44,50.0,314.9,15745.0,2024-07-08
2024070803018504,SKBBL,4,33,236.0,814.5,192222.0,2024-07-08
2024070801024350,GVL,66,1,100.0,581.1,58110.0,2024-07-08
2024070803018503,HLI,50,32,33.0,379.0,12507.0,2024-07-08
2024070803018502,HLI,50,32,500.0,379.1,189550.0,2024-07-08
2024070803018501,HLI,26,32,50.0,379.2,18960.0,2024-07-08
2024070803018500,HLI,45,32,100.0,379.2,37920.0,2024-07-08
2024070803018499,HLI,35,32,2000.0,379.3,758600.0,2024-07-08
2024070803018498,HLI,35,32,2000.0,379.3,758600.0,2024-07-08
2024070803018497,HLI,34,32,200.0,379.5,75900.0,2024-07-08
2024070803018496,HLI,34,32,500.0,380.0,190000.0,2024-07-08
2024070803018495,HLI,58,32,100.0,380.0,38000.0,2024-07-08
2024070803018494,HLI,48,32,100.0,380.0,38000.0,2024-07-08
2024070803018493,HLI,36,32,500.0,380.0,190000.0,2024-07-08
2024070803018492,HLI,53,32,470.0,380.0,178600.0,2024-07-08
2024070803018491,HLI,32,32,500.0,380.1,190050.0,2024-07-08
2024070803018490,HLI,42,32,10.0,380.1,3801.0,2024-07-08
2024070803018489,HLI,6,32,80.0,380.1,30408.0,2024-07-08
2024070803018488,HLI,45,32,82.0,380.1,31168.2,2024-07-08
2024070803018487,HLI,22,32,35.0,380.2,13307.0,2024-07-08
2024070803018486,HLI,32,32,144.0,380.3,54763.2,2024-07-08
2024070803018485,SDLBSL,34,58,12.0,1020.0,12240.0,2024-07-08
2024070804009231,RADHI,44,17,41.0,251.0,10291.0,2024-07-08
2024070801024349,GCIL,49,36,10.0,487.5,4875.0,2024-07-08
2024070801024348,MAKAR,4,13,295.0,455.0,134225.0,2024-07-08
2024070804009230,RIDI,48,6,100.0,164.1,16410.0,2024-07-08
2024070803018484,NFS,6,35,10.0,850.0,8500.0,2024-07-08
2024070803018483,NFS,6,17,40.0,850.0,34000.0,2024-07-08
2024070803018482,RLFL,1,49,105.0,453.0,47565.0,2024-07-08
2024070803018481,RLFL,1,22,35.0,453.0,15855.0,2024-07-08
2024070803018480,RLFL,1,42,109.0,452.6,49333.4,2024-07-08
2024070803018479,RLFL,1,89,150.0,452.5,67875.0,2024-07-08
2024070801024347,USHEC,26,45,65.0,469.9,30543.5,2024-07-08
2024070803018478,MFIL,45,45,258.0,613.8,158360.4,2024-07-08
2024070803018477,MFIL,45,35,100.0,613.0,61300.0,2024-07-08
2024070803018476,MFIL,45,17,15.0,613.0,9195.0,2024-07-08
2024070803018475,MFIL,45,6,500.0,613.0,306500.0,2024-07-08
2024070803018474,MFIL,45,26,50.0,613.0,30650.0,2024-07-08
2024070803018473,MFIL,45,45,40.0,613.0,24520.0,2024-07-08
2024070803018472,MFIL,45,22,10.0,613.0,6130.0,2024-07-08
2024070803018471,MFIL,45,64,27.0,613.0,16551.0,2024-07-08
2024070803018470,VLBS,45,45,122.0,1027.0,125294.0,2024-07-08
2024070803018469,VLBS,45,29,27.0,1025.0,27675.0,2024-07-08
2024070803018468,VLBS,45,94,43.0,1025.0,44075.0,2024-07-08
2024070801024346,PPL,33,45,160.0,450.2,72032.0,2024-07-08
2024070801024345,PPL,35,45,10.0,450.2,4502.0,2024-07-08
2024070801024344,PPL,59,45,200.0,450.3,90060.0,2024-07-08
2024070801024343,PPL,34,45,10.0,450.5,4505.0,2024-07-08
2024070801024342,PPL,52,45,20.0,450.5,9010.0,2024-07-08
2024070801024341,PPL,47,45,100.0,450.6,45060.0,2024-07-08
2024070803018467,DDBL,25,58,200.0,823.0,164600.0,2024-07-08
2024070803018466,SJLIC,46,52,20.0,413.6,8272.0,2024-07-08
2024070801024340,NRM,47,56,50.0,440.0,22000.0,2024-07-08
2024070804009229,NIL,34,52,36.0,824.1,29667.6,2024-07-08
2024070804009228,NIL,34,26,130.0,824.1,107133.0,2024-07-08
2024070801024339,JBLB,38,34,22.0,1434.0,31548.0,2024-07-08
2024070801024338,MKHL,52,57,30.0,502.3,15069.0,2024-07-08
2024070804009227,HDHPC,7,56,159.0,130.1,20685.9,2024-07-08
2024070804009226,HDHPC,7,34,100.0,130.0,13000.0,2024-07-08
2024070804009225,HDHPC,7,39,41.0,130.0,5330.0,2024-07-08
2024070803018465,GFCL,41,14,200.0,628.0,125600.0,2024-07-08
2024070801024337,HDL,62,42,100.0,1244.3,124430.0,2024-07-08
2024070804009224,PMHPL,47,58,370.0,227.5,84175.0,2024-07-08
2024070803018464,CBBL,6,42,281.0,845.0,237445.0,2024-07-08
2024070801024336,NWCL,53,49,150.0,874.0,131100.0,2024-07-08
2024070801024335,CLI,28,52,10.0,513.5,5135.0,2024-07-08
2024070803018463,BFC,16,6,20.0,500.0,10000.0,2024-07-08
2024070801024334,TAMOR,47,58,10.0,432.0,4320.0,2024-07-08
2024070801024333,TAMOR,47,49,10.0,432.0,4320.0,2024-07-08
2024070801024332,TAMOR,47,16,60.0,432.0,25920.0,2024-07-08
2024070801024331,JBLB,38,58,100.0,1434.0,143400.0,2024-07-08
2024070801024330,JBLB,38,35,12.0,1433.0,17196.0,2024-07-08
2024070801024329,JBLB,38,51,12.0,1433.0,17196.0,2024-07-08
2024070801024328,JBLB,38,45,20.0,1432.0,28640.0,2024-07-08
2024070801024327,JBLB,38,45,13.0,1432.0,18616.0,2024-07-08
2024070804009223,SPDL,57,25,400.0,236.5,94600.0,2024-07-08
2024070804009222,SPDL,96,25,100.0,236.5,23650.0,2024-07-08
2024070801024326,EBL,67,10,90.0,537.9,48411.0,2024-07-08
2024070801024325,EBL,36,10,10.0,538.0,5380.0,2024-07-08
2024070804009221,AKJCL,34,55,50.0,223.9,11195.0,2024-07-08
2024070803018462,LLBS,14,57,100.0,1222.1,122210.0,2024-07-08
2024070801024324,AVYAN,25,57,314.0,952.2,298990.8,2024-07-08
2024070804009220,PPCL,14,34,23.0,235.0,5405.0,2024-07-08
2024070804009219,NGPL,42,5,50.0,315.0,15750.0,2024-07-08
2024070804009218,NIL,59,26,70.0,824.1,57687.0,2024-07-08
2024070804009217,SGIC,53,7,10.0,558.8,5588.0,2024-07-08
2024070803018461,SWBBL,45,51,63.0,898.1,56580.3,2024-07-08
2024070801024323,MMKJL,58,43,200.0,503.0,100600.0,2024-07-08
2024070801024322,MMKJL,58,14,110.0,502.8,55308.0,2024-07-08
2024070801024321,MMKJL,58,81,1000.0,502.0,502000.0,2024-07-08
2024070801024320,MMKJL,58,19,50.0,501.0,25050.0,2024-07-08
2024070801024319,MMKJL,58,49,10.0,501.0,5010.0,2024-07-08
2024070801024318,MMKJL,58,43,100.0,500.9,50090.0,2024-07-08
2024070801024317,MMKJL,58,47,10.0,500.0,5000.0,2024-07-08
2024070804009216,SHEL,58,52,20.0,155.6,3112.0,2024-07-08
2024070803018460,ILBS,58,6,47.0,1195.0,56165.0,2024-07-08
2024070803018459,ILBS,52,6,50.0,1195.0,59750.0,2024-07-08
2024070803018458,ILBS,50,6,10.0,1195.1,11951.0,2024-07-08
2024070803018457,MNBBL,49,45,47.0,353.4,16609.8,2024-07-08
2024070801024316,HDL,52,42,10.0,1245.0,12450.0,2024-07-08
2024070801024315,JALPA,26,35,10.0,1328.0,13280.0,2024-07-08
2024070804009215,UMHL,50,40,10.0,240.0,2400.0,2024-07-08
2024070804009214,UMHL,50,62,1990.0,240.0,477600.0,2024-07-08
2024070801024314,SARBTM,49,19,64.0,795.1,50886.4,2024-07-08
2024070801024313,SARBTM,57,19,100.0,795.1,79510.0,2024-07-08
2024070801024312,SARBTM,3,19,100.0,795.4,79540.0,2024-07-08
2024070801024311,SARBTM,13,19,130.0,796.0,103480.0,2024-07-08
2024070801024310,SARBTM,35,19,25.0,796.1,19902.5,2024-07-08
2024070801024309,SARBTM,81,19,50.0,796.2,39810.0,2024-07-08
2024070801024308,SARBTM,78,19,20.0,796.4,15928.0,2024-07-08
2024070801024307,SARBTM,52,19,11.0,796.4,8760.4,2024-07-08
2024070801024306,DOLTI,38,32,184.0,423.0,77832.0,2024-07-08
2024070801024305,DOLTI,38,41,10.0,422.0,4220.0,2024-07-08
2024070803018456,ACLBSL,33,35,10.0,1185.0,11850.0,2024-07-08
2024070801024304,JBLB,58,57,20.0,1430.3,28606.0,2024-07-08
2024070803018455,RSDC,34,14,19.0,670.0,12730.0,2024-07-08
2024070803018454,RSDC,20,14,100.0,670.0,67000.0,2024-07-08
2024070803018453,RSDC,52,14,500.0,670.0,335000.0,2024-07-08
2024070804009213,CHCL,13,14,189.0,438.0,82782.0,2024-07-08
2024070804009212,CHCL,34,14,10.0,438.0,4380.0,2024-07-08
2024070804009211,CHCL,58,14,53.0,438.0,23214.0,2024-07-08
2024070804009210,CHCL,25,14,202.0,438.0,88476.0,2024-07-08
2024070804009209,CHCL,29,14,500.0,438.1,219050.0,2024-07-08
2024070804009208,CHCL,6,14,46.0,438.1,20152.6,2024-07-08
2024070804009207,AHPC,22,22,10.0,155.0,1550.0,2024-07-08
2024070804009206,HURJA,88,32,625.0,187.5,117187.5,2024-07-08
2024070801024303,MANDU,66,17,50.0,1067.1,53355.0,2024-07-08
2024070805007044,CHDC,39,22,10.0,1073.0,10730.0,2024-07-08
2024070805007043,CHDC,39,49,10.0,1073.0,10730.0,2024-07-08
2024070805007042,CHDC,39,17,10.0,1072.0,10720.0,2024-07-08
2024070803018452,SJLIC,51,52,12.0,413.6,4963.2,2024-07-08
2024070803018451,SJLIC,17,52,82.0,413.6,33915.2,2024-07-08
2024070801024302,VLUCL,5,49,100.0,507.1,50710.0,2024-07-08
2024070803018450,KMCDB,62,53,11.0,1160.0,12760.0,2024-07-08
2024070803018449,KMCDB,62,57,500.0,1160.0,580000.0,2024-07-08
2024070803018448,KMCDB,62,45,50.0,1160.0,58000.0,2024-07-08
2024070803018447,KMCDB,62,49,10.0,1160.0,11600.0,2024-07-08
2024070803018446,KMCDB,62,47,90.0,1160.0,104400.0,2024-07-08
2024070803018445,KMCDB,62,53,20.0,1160.0,23200.0,2024-07-08
2024070803018444,KMCDB,62,38,50.0,1160.0,58000.0,2024-07-08
2024070803018443,KMCDB,62,26,50.0,1160.0,58000.0,2024-07-08
2024070803018442,KMCDB,62,45,100.0,1160.0,116000.0,2024-07-08
2024070803018441,KMCDB,62,59,200.0,1160.0,232000.0,2024-07-08
2024070803018440,KMCDB,62,3,200.0,1157.0,231400.0,2024-07-08
2024070803018439,KMCDB,62,77,200.0,1157.0,231400.0,2024-07-08
2024070803018438,KMCDB,62,33,170.0,1156.9,196673.0,2024-07-08
2024070803018437,KMCDB,62,50,200.0,1156.8,231360.0,2024-07-08
2024070803018436,KMCDB,62,5,50.0,1155.2,57760.0,2024-07-08
2024070803018435,KMCDB,62,48,14.0,1155.0,16170.0,2024-07-08
2024070803018434,KMCDB,62,4,69.0,1155.0,79695.0,2024-07-08
2024070803018433,KMCDB,62,59,100.0,1154.9,115490.0,2024-07-08
2024070803018432,KMCDB,62,38,50.0,1154.0,57700.0,2024-07-08
2024070803018431,KMCDB,62,6,22.0,1154.0,25388.0,2024-07-08
2024070803018430,KMCDB,62,11,50.0,1153.0,57650.0,2024-07-08
2024070803018429,KMCDB,62,53,20.0,1153.0,23060.0,2024-07-08
2024070803018428,KMCDB,62,19,10.0,1152.9,11529.0,2024-07-08
2024070801024301,PHCL,25,49,10.0,306.0,3060.0,2024-07-08
2024070805007041,NRN,45,45,1500.0,723.1,1084650.0,2024-07-08
2024070805007040,NRN,14,45,50.0,723.2,36160.0,2024-07-08
2024070805007039,NRN,44,45,450.0,723.2,325440.0,2024-07-08
2024070801024300,LSL,49,45,150.0,160.5,24075.0,2024-07-08
2024070801024299,LSL,38,45,50.0,160.6,8030.0,2024-07-08
2024070801024298,TAMOR,83,16,100.0,431.0,43100.0,2024-07-08
2024070801024297,ULHC,16,50,10.0,389.0,3890.0,2024-07-08
2024070801024296,SPL,22,50,177.0,750.0,132750.0,2024-07-08
2024070801024295,SPL,57,50,20.0,750.0,15000.0,2024-07-08
2024070801024294,SPL,14,50,50.0,750.0,37500.0,2024-07-08
2024070801024293,SPL,16,50,71.0,750.0,53250.0,2024-07-08
2024070801024292,SPL,47,50,320.0,750.1,240032.0,2024-07-08
2024070801024291,SPL,21,50,12.0,750.1,9001.2,2024-07-08
2024070801024290,SPL,26,50,200.0,750.2,150040.0,2024-07-08
2024070801024289,SPL,41,50,40.0,750.3,30012.0,2024-07-08
2024070801024288,SPL,57,50,100.0,750.3,75030.0,2024-07-08
2024070803018427,MERO,35,38,44.0,690.4,30377.6,2024-07-08
2024070803018426,ACLBSL,35,48,38.0,1217.8,46276.4,2024-07-08
2024070803018425,ACLBSL,35,32,50.0,1217.0,60850.0,2024-07-08
2024070803018424,ACLBSL,35,38,13.0,1215.0,15795.0,2024-07-08
2024070803018423,ACLBSL,35,54,30.0,1215.0,36450.0,2024-07-08
2024070803018422,ACLBSL,35,42,169.0,1215.0,205335.0,2024-07-08
2024070801024287,GBIME,28,41,233.0,181.0,42173.0,2024-07-08
2024070803018421,SIFC,21,34,100.0,472.1,47210.0,2024-07-08
2024070803018420,GFCL,41,57,188.0,628.0,118064.0,2024-07-08
2024070803018419,GFCL,65,57,50.0,628.1,31405.0,2024-07-08
2024070803018418,GFCL,43,57,100.0,628.1,62810.0,2024-07-08
2024070803018417,GFCL,67,57,162.0,628.1,101752.2,2024-07-08
2024070803018416,ICFC,14,53,100.0,621.9,62190.0,2024-07-08
2024070801024286,HDL,45,8,20.0,1244.4,24888.0,2024-07-08
2024070801024285,GVL,66,1,6409.0,581.1,3724269.9,2024-07-08
2024070801024284,GVL,66,72,500.0,581.0,290500.0,2024-07-08
2024070801024283,GVL,66,45,500.0,581.0,290500.0,2024-07-08
2024070801024282,GVL,66,34,10.0,581.0,5810.0,2024-07-08
2024070801024281,GVL,66,49,10.0,580.0,5800.0,2024-07-08
2024070801024280,GVL,66,3,10.0,580.0,5800.0,2024-07-08
2024070801024279,GVL,66,4,10.0,580.0,5800.0,2024-07-08
2024070801024278,GVL,66,29,110.0,580.0,63800.0,2024-07-08
2024070801024277,GVL,66,25,10.0,580.0,5800.0,2024-07-08
2024070801024276,GVL,66,42,10.0,580.0,5800.0,2024-07-08
2024070801024275,GVL,66,29,391.0,580.0,226780.0,2024-07-08
2024070801024274,GVL,66,35,10.0,580.0,5800.0,2024-07-08
2024070801024273,GVL,66,49,395.0,580.0,229100.0,2024-07-08
2024070801024272,GVL,66,47,100.0,580.0,58000.0,2024-07-08
2024070801024271,GVL,66,38,10.0,580.0,5800.0,2024-07-08
2024070801024270,GVL,66,44,100.0,580.0,58000.0,2024-07-08
2024070801024269,GVL,66,44,100.0,580.0,58000.0,2024-07-08
2024070801024268,GVL,66,80,295.0,580.0,171100.0,2024-07-08
2024070801024267,GVL,66,56,10.0,580.0,5800.0,2024-07-08
2024070801024266,GVL,66,38,10.0,580.0,5800.0,2024-07-08
2024070801024265,GVL,66,32,100.0,579.0,57900.0,2024-07-08
2024070801024264,GVL,66,67,100.0,579.0,57900.0,2024-07-08
2024070801024263,GVL,66,45,490.0,579.0,283710.0,2024-07-08
2024070801024262,GVL,66,5,410.0,578.9,237349.0,2024-07-08
2024070805007038,HIDCL,52,81,39.0,170.0,6630.0,2024-07-08
2024070805007037,HIDCL,41,81,61.0,170.0,10370.0,2024-07-08
2024070803018415,EDBL,42,17,1313.0,461.1,605424.3,2024-07-08
2024070803018414,EDBL,32,17,400.0,462.0,184800.0,2024-07-08
2024070803018413,EDBL,4,17,500.0,463.0,231500.0,2024-07-08
2024070803018412,EDBL,65,17,21.0,463.0,9723.0,2024-07-08
2024070803018411,LBBL,58,17,180.0,402.0,72360.0,2024-07-08
2024070801024261,SBI,58,47,480.0,304.0,145920.0,2024-07-08
2024070803018410,SMB,28,6,15.0,1660.1,24901.5,2024-07-08
2024070804009205,AKJCL,51,34,153.0,224.0,34272.0,2024-07-08
2024070804009204,AKJCL,51,38,100.0,224.0,22400.0,2024-07-08
2024070801024260,CITY,6,26,165.0,745.6,123024.0,2024-07-08
2024070801024259,CITY,49,26,35.0,746.0,26110.0,2024-07-08
2024070801024258,CITY,45,26,100.0,746.1,74610.0,2024-07-08
2024070805007036,NIFRA,49,42,31.0,211.0,6541.0,2024-07-08
2024070805007035,NIFRA,49,42,19.0,211.0,4009.0,2024-07-08
2024070804009203,SHPC,48,49,182.0,321.0,58422.0,2024-07-08
2024070804009202,SHPC,6,49,75.0,321.0,24075.0,2024-07-08
2024070804009201,SHPC,42,49,69.0,321.0,22149.0,2024-07-08
2024070804009200,SHPC,7,49,20.0,321.2,6424.0,2024-07-08
2024070804009199,SHPC,50,49,40.0,322.0,12880.0,2024-07-08
2024070804009198,SHPC,48,49,15.0,322.0,4830.0,2024-07-08
2024070804009197,SHPC,48,49,99.0,322.0,31878.0,2024-07-08
2024070801024257,AVYAN,45,16,10.0,956.9,9569.0,2024-07-08
2024070801024256,BGWT,50,45,10.0,896.0,8960.0,2024-07-08
2024070801024255,CITY,63,34,132.0,751.0,99132.0,2024-07-08
2024070801024254,CITY,63,48,168.0,750.0,126000.0,2024-07-08
2024070801024253,CITY,63,39,200.0,749.0,149800.0,2024-07-08
2024070803018409,JFL,41,25,100.0,665.0,66500.0,2024-07-08
2024070803018408,JFL,41,46,147.0,665.0,97755.0,2024-07-08
2024070803018407,JFL,34,46,53.0,665.1,35250.3,2024-07-08
2024070805007034,NTC,32,41,19.0,816.0,15504.0,2024-07-08
2024070805007033,NTC,45,41,31.0,816.0,25296.0,2024-07-08
2024070801024252,TAMOR,83,7,10.0,431.0,4310.0,2024-07-08
2024070803018406,SWBBL,34,33,10.0,900.0,9000.0,2024-07-08
2024070801024251,GBIME,34,39,10.0,182.0,1820.0,2024-07-08
2024070803018405,FOWAD,41,5,30.0,1407.0,42210.0,2024-07-08
2024070801024250,SAHAS,44,40,90.0,517.4,46566.0,2024-07-08
2024070801024249,SAHAS,44,45,10.0,515.0,5150.0,2024-07-08
2024070803018404,CFCL,10,48,39.0,517.0,20163.0,2024-07-08
2024070801024248,NRM,59,35,10.0,443.0,4430.0,2024-07-08
2024070801024247,NRM,59,34,200.0,443.0,88600.0,2024-07-08
2024070801024246,NRM,59,45,100.0,443.0,44300.0,2024-07-08
2024070801024245,NRM,59,58,497.0,443.0,220171.0,2024-07-08
2024070801024244,NRM,59,49,185.0,440.0,81400.0,2024-07-08
2024070801024243,USHEC,38,1,10.0,461.6,4616.0,2024-07-08
2024070804009196,SSHL,34,58,525.0,167.6,87990.0,2024-07-08
2024070803018403,NFS,41,49,90.0,849.0,76410.0,2024-07-08
2024070803018402,NLIC,54,47,200.0,595.3,119060.0,2024-07-08
2024070804009195,PPCL,16,7,10.0,235.0,2350.0,2024-07-08
2024070804009194,PPCL,16,17,69.0,234.0,16146.0,2024-07-08
2024070804009193,PPCL,16,6,20.0,233.8,4676.0,2024-07-08
2024070804009192,RHPL,1,28,71.0,264.5,18779.5,2024-07-08
2024070804009191,SGIC,49,45,50.0,555.3,27765.0,2024-07-08
2024070803018401,NFS,41,38,20.0,849.0,16980.0,2024-07-08
2024070804009190,AKPL,35,59,40.0,162.5,6500.0,2024-07-08
2024070804009189,PRIN,56,76,10.0,823.4,8234.0,2024-07-08
2024070804009188,NHPC,58,57,300.0,142.5,42750.0,2024-07-08
2024070804009187,SJCL,57,25,10.0,264.0,2640.0,2024-07-08
2024070804009186,SJCL,57,40,10.0,263.5,2635.0,2024-07-08
2024070804009185,SJCL,57,58,10.0,263.0,2630.0,2024-07-08
2024070804009184,SJCL,57,45,20.0,263.0,5260.0,2024-07-08
2024070804009183,SJCL,57,48,30.0,263.0,7890.0,2024-07-08
2024070804009182,SJCL,57,34,40.0,262.9,10516.0,2024-07-08
2024070804009181,SJCL,57,57,30.0,262.9,7887.0,2024-07-08
2024070804009180,SJCL,57,6,55.0,262.0,14410.0,2024-07-08
2024070803018400,PFL,48,14,100.0,594.0,59400.0,2024-07-08
2024070805007032,CIT,34,1,70.0,1898.5,132895.0,2024-07-08
2024070801024242,ILI,3,44,100.0,437.0,43700.0,2024-07-08
2024070801024241,ILI,58,44,40.0,437.0,17480.0,2024-07-08
2024070801024240,ILI,34,44,100.0,437.0,43700.0,2024-07-08
2024070801024239,ILI,8,44,100.0,437.0,43700.0,2024-07-08
2024070801024238,ILI,53,44,20.0,437.0,8740.0,2024-07-08
2024070801024237,ILI,14,44,145.0,437.0,63365.0,2024-07-08
2024070801024236,IHL,29,91,10.0,452.0,4520.0,2024-07-08
2024070803018399,MPFL,32,60,250.0,522.0,130500.0,2024-07-08
2024070803018398,FMDBL,25,32,81.0,677.0,54837.0,2024-07-08
2024070803018397,JBBL,59,3,300.0,309.9,92970.0,2024-07-08
2024070801024235,NRM,59,49,50.0,440.0,22000.0,2024-07-08
2024070803018396,GUFL,17,18,370.0,697.0,257890.0,2024-07-08
2024070803018395,SWMF,21,44,20.0,897.5,17950.0,2024-07-08
2024070801024234,NIMB,58,42,50.0,160.0,8000.0,2024-07-08
2024070801024233,NIMB,58,54,100.0,159.9,15990.0,2024-07-08
2024070804009179,BARUN,58,62,323.0,295.0,95285.0,2024-07-08
2024070804009178,BARUN,52,62,50.0,295.0,14750.0,2024-07-08
2024070804009177,BARUN,52,62,200.0,295.0,59000.0,2024-07-08
2024070804009176,BARUN,38,62,300.0,295.0,88500.0,2024-07-08
2024070804009175,BARUN,56,62,290.0,295.0,85550.0,2024-07-08
2024070804009174,BARUN,57,62,30.0,295.0,8850.0,2024-07-08
2024070804009173,BARUN,64,62,500.0,295.0,147500.0,2024-07-08
2024070804009172,BARUN,52,62,100.0,295.0,29500.0,2024-07-08
2024070804009171,BARUN,38,62,50.0,295.0,14750.0,2024-07-08
2024070804009170,BARUN,55,62,500.0,295.0,147500.0,2024-07-08
2024070804009169,BARUN,63,62,1000.0,295.0,295000.0,2024-07-08
2024070804009168,BARUN,64,62,300.0,295.0,88500.0,2024-07-08
2024070804009167,BARUN,70,62,100.0,295.0,29500.0,2024-07-08
2024070804009166,BARUN,45,62,15.0,295.0,4425.0,2024-07-08
2024070804009165,BARUN,64,62,100.0,295.2,29520.0,2024-07-08
2024070804009164,BARUN,6,62,81.0,295.2,23911.2,2024-07-08
2024070803018394,GILB,62,8,50.0,1435.0,71750.0,2024-07-08
2024070803018393,GILB,62,59,50.0,1433.0,71650.0,2024-07-08
2024070805007031,NIFRA,47,42,297.0,211.0,62667.0,2024-07-08
2024070805007030,NIFRA,47,13,203.0,211.0,42833.0,2024-07-08
2024070801024232,PRVU,38,38,49.0,147.0,7203.0,2024-07-08
2024070801024231,PRVU,38,5,51.0,147.0,7497.0,2024-07-08
2024070804009163,JOSHI,39,56,180.0,293.0,52740.0,2024-07-08
2024070803018392,JFL,34,10,50.0,665.1,33255.0,2024-07-08
2024070803018391,JFL,58,10,100.0,666.0,66600.0,2024-07-08
2024070805007029,NRN,44,55,50.0,723.2,36160.0,2024-07-08
2024070801024230,MKCL,11,7,100.0,1300.0,130000.0,2024-07-08
2024070805007028,NRN,42,55,50.0,723.2,36160.0,2024-07-08
2024070804009162,GLH,11,35,65.0,210.0,13650.0,2024-07-08
2024070804009161,GLH,51,35,50.0,210.0,10500.0,2024-07-08
2024070804009160,GLH,51,35,50.0,210.0,10500.0,2024-07-08
2024070804009159,GLH,51,35,200.0,210.0,42000.0,2024-07-08
2024070804009158,GLH,49,35,50.0,210.0,10500.0,2024-07-08
2024070804009157,GLH,57,35,1200.0,210.0,252000.0,2024-07-08
2024070804009156,GLH,25,35,100.0,210.0,21000.0,2024-07-08
2024070804009155,GLH,34,35,200.0,210.0,42000.0,2024-07-08
2024070804009154,GLH,22,35,50.0,210.0,10500.0,2024-07-08
2024070804009153,GLH,41,35,190.0,210.1,39919.0,2024-07-08
2024070804009152,GLH,57,35,300.0,210.4,63120.0,2024-07-08
2024070804009151,GLH,41,35,45.0,210.5,9472.5,2024-07-08
2024070804009150,GLH,32,35,600.0,210.6,126360.0,2024-07-08
2024070803018390,ICFC,56,57,72.0,621.0,44712.0,2024-07-08
2024070803018389,ICFC,10,57,228.0,621.0,141588.0,2024-07-08
2024070803018388,ICFC,4,57,200.0,621.5,124300.0,2024-07-08
2024070803018387,ALBSL,26,42,123.0,1014.5,124783.5,2024-07-08
2024070801024229,MAKAR,4,32,195.0,455.0,88725.0,2024-07-08
2024070801024228,MAKAR,34,32,50.0,455.0,22750.0,2024-07-08
2024070801024227,MAKAR,40,32,605.0,455.0,275275.0,2024-07-08
2024070801024226,RHGCL,32,74,391.0,344.5,134699.5,2024-07-08
2024070803018386,PMLI,67,45,10.0,523.0,5230.0,2024-07-08
2024070803018385,PMLI,67,58,10.0,523.0,5230.0,2024-07-08
2024070801024225,CITY,1,39,100.0,749.0,74900.0,2024-07-08
2024070801024224,NICA,47,18,45.0,427.0,19215.0,2024-07-08
2024070801024223,NICA,58,18,55.0,427.3,23501.5,2024-07-08
2024070801024222,NICA,40,18,300.0,427.9,128370.0,2024-07-08
2024070801024221,MEL,37,32,250.0,222.0,55500.0,2024-07-08
2024070801024220,BNHC,60,49,10.0,675.1,6751.0,2024-07-08
2024070801024219,MAKAR,40,45,395.0,455.0,179725.0,2024-07-08
2024070801024218,MAKAR,39,45,60.0,455.0,27300.0,2024-07-08
2024070801024217,MAKAR,34,45,50.0,455.1,22755.0,2024-07-08
2024070801024216,MAKAR,60,45,290.0,455.1,131979.0,2024-07-08
2024070801024215,MAKAR,74,45,500.0,455.2,227600.0,2024-07-08
2024070801024214,MAKAR,59,45,130.0,455.3,59189.0,2024-07-08
2024070801024213,MAKAR,56,45,125.0,455.5,56937.5,2024-07-08
2024070801024212,MAKAR,42,45,450.0,455.5,204975.0,2024-07-08
2024070804009149,API,41,38,20.0,171.0,3420.0,2024-07-08
2024070804009148,API,49,38,500.0,171.0,85500.0,2024-07-08
2024070804009147,API,28,38,2872.0,171.0,491112.0,2024-07-08
2024070801024211,HDL,45,55,29.0,1244.4,36087.6,2024-07-08
2024070801024210,HDL,42,55,21.0,1244.5,26134.5,2024-07-08
2024070805007027,NRIC,35,35,100.0,674.0,67400.0,2024-07-08
2024070804009146,CHCL,35,57,10.0,439.0,4390.0,2024-07-08
2024070803018384,ACLBSL,35,42,31.0,1215.0,37665.0,2024-07-08
2024070803018383,ACLBSL,35,19,100.0,1213.8,121380.0,2024-07-08
2024070803018382,ACLBSL,35,38,75.0,1213.0,90975.0,2024-07-08
2024070803018381,ACLBSL,35,8,94.0,1213.0,114022.0,2024-07-08
2024070803018380,ACLBSL,33,35,10.0,1185.0,11850.0,2024-07-08
2024070803018379,PROFL,57,42,206.0,420.0,86520.0,2024-07-08
2024070803018378,NADEP,5,48,128.0,837.0,107136.0,2024-07-08
2024070803018377,NADEP,5,49,68.0,837.0,56916.0,2024-07-08
2024070803018376,NADEP,5,49,260.0,836.9,217594.0,2024-07-08
2024070803018375,NADEP,5,19,44.0,836.0,36784.0,2024-07-08
2024070803018374,PMLI,42,58,10.0,523.0,5230.0,2024-07-08
2024070801024209,IHL,53,91,10.0,452.0,4520.0,2024-07-08
2024070803018373,GUFL,44,18,200.0,697.0,139400.0,2024-07-08
2024070804009145,HDHPC,57,39,309.0,130.0,40170.0,2024-07-08
2024070801024208,NABIL,39,52,10.0,487.0,4870.0,2024-07-08
2024070803018372,ALBSL,26,52,10.0,1014.0,10140.0,2024-07-08
2024070803018371,ALBSL,26,53,10.0,1014.0,10140.0,2024-07-08
2024070803018370,ALBSL,26,71,10.0,1014.0,10140.0,2024-07-08
2024070801024207,DORDI,77,26,200.0,470.5,94100.0,2024-07-08
2024070801024206,DORDI,52,26,100.0,470.6,47060.0,2024-07-08
2024070804009144,SHEL,16,52,12.0,155.6,1867.2,2024-07-08
2024070801024205,DORDI,45,45,85.0,478.0,40630.0,2024-07-08
2024070801024204,DORDI,45,17,100.0,478.0,47800.0,2024-07-08
2024070801024203,DORDI,45,57,10.0,477.0,4770.0,2024-07-08
2024070801024202,DORDI,45,63,100.0,476.9,47690.0,2024-07-08
2024070801024201,DORDI,45,34,500.0,475.0,237500.0,2024-07-08
2024070801024200,DORDI,45,39,300.0,475.0,142500.0,2024-07-08
2024070801024199,DORDI,45,52,10.0,475.0,4750.0,2024-07-08
2024070801024198,DORDI,45,29,350.0,475.0,166250.0,2024-07-08
2024070801024197,DORDI,45,34,400.0,475.0,190000.0,2024-07-08
2024070801024196,DORDI,45,57,10.0,475.0,4750.0,2024-07-08
2024070801024195,DORDI,45,14,100.0,475.0,47500.0,2024-07-08
2024070801024194,DORDI,45,38,10.0,475.0,4750.0,2024-07-08
2024070801024193,DORDI,45,66,10.0,475.0,4750.0,2024-07-08
2024070801024192,DORDI,45,90,290.0,475.0,137750.0,2024-07-08
2024070801024191,DORDI,45,54,10.0,475.0,4750.0,2024-07-08
2024070801024190,DORDI,45,91,250.0,475.0,118750.0,2024-07-08
2024070801024189,DORDI,45,17,20.0,474.3,9486.0,2024-07-08
2024070801024188,DORDI,45,63,50.0,474.2,23710.0,2024-07-08
2024070801024187,DORDI,45,26,500.0,474.0,237000.0,2024-07-08
2024070801024186,DORDI,45,75,10.0,473.9,4739.0,2024-07-08
2024070801024185,DORDI,45,58,45.0,473.9,21325.5,2024-07-08
2024070801024184,DORDI,45,3,100.0,473.8,47380.0,2024-07-08
2024070801024183,DORDI,45,61,500.0,473.0,236500.0,2024-07-08
2024070801024182,DORDI,45,32,10.0,473.0,4730.0,2024-07-08
2024070801024181,DORDI,45,58,70.0,473.0,33110.0,2024-07-08
2024070801024180,DORDI,45,55,10.0,473.0,4730.0,2024-07-08
2024070801024179,DORDI,45,1,30.0,473.0,14190.0,2024-07-08
2024070801024178,DORDI,45,54,10.0,473.0,4730.0,2024-07-08
2024070801024177,DORDI,45,17,100.0,472.0,47200.0,2024-07-08
2024070801024176,DORDI,45,13,10.0,472.0,4720.0,2024-07-08
2024070803018369,MLBSL,45,45,20.0,1960.1,39202.0,2024-07-08
2024070801024175,TPC,42,56,10.0,548.5,5485.0,2024-07-08
2024070804009143,AHPC,41,22,100.0,155.0,15500.0,2024-07-08
2024070804009142,NIL,34,7,39.0,821.0,32019.0,2024-07-08
2024070801024174,SPC,63,57,10.0,567.0,5670.0,2024-07-08
2024070801024173,SMHL,60,65,500.0,622.0,311000.0,2024-07-08
2024070801024172,JBLB,33,45,285.0,1432.0,408120.0,2024-07-08
2024070801024171,JBLB,33,58,71.0,1431.0,101601.0,2024-07-08
2024070801024170,JBLB,33,22,22.0,1431.0,31482.0,2024-07-08
2024070804009141,HURJA,88,32,300.0,187.5,56250.0,2024-07-08
2024070801024169,USHEC,26,34,91.0,469.0,42679.0,2024-07-08
2024070804009140,SHPC,48,49,1901.0,322.0,612122.0,2024-07-08
2024070804009139,SHPC,20,49,74.0,322.0,23828.0,2024-07-08
2024070804009138,SHPC,51,49,25.0,322.3,8057.5,2024-07-08
2024070801024168,TAMOR,83,49,500.0,431.0,215500.0,2024-07-08
2024070801024167,TPC,47,56,200.0,549.0,109800.0,2024-07-08
2024070803018368,CFCL,28,38,100.0,517.9,51790.0,2024-07-08
2024070803018367,CFCL,28,56,450.0,517.9,233055.0,2024-07-08
2024070803018366,RLFL,44,89,50.0,452.5,22625.0,2024-07-08
2024070803018365,NABBC,41,42,180.0,578.9,104202.0,2024-07-08
2024070803018364,NABBC,41,57,120.0,578.5,69420.0,2024-07-08
2024070803018363,NABBC,41,17,100.0,575.0,57500.0,2024-07-08
2024070803018362,NABBC,41,17,400.0,575.0,230000.0,2024-07-08
2024070803018361,JFL,36,38,10.0,668.0,6680.0,2024-07-08
2024070805007026,NRIC,45,35,10.0,674.0,6740.0,2024-07-08
2024070805007025,NRIC,45,14,10.0,673.9,6739.0,2024-07-08
2024070803018360,PFL,14,45,97.0,594.0,57618.0,2024-07-08
2024070803018359,PFL,58,45,13.0,594.0,7722.0,2024-07-08
2024070803018358,SIFC,45,52,20.0,473.0,9460.0,2024-07-08
2024070803018357,HLI,32,61,56.0,380.3,21296.8,2024-07-08
2024070804009137,TRH,17,11,100.0,799.9,79990.0,2024-07-08
2024070804009136,TRH,17,49,70.0,799.0,55930.0,2024-07-08
2024070804009135,TRH,17,17,220.0,799.0,175780.0,2024-07-08
2024070801024166,NRM,34,49,10.0,440.0,4400.0,2024-07-08
2024070804009134,CGH,28,49,383.0,866.6,331907.8,2024-07-08
2024070804009133,CGH,25,49,10.0,867.0,8670.0,2024-07-08
2024070804009132,CGH,58,49,50.0,867.4,43370.0,2024-07-08
2024070804009131,CGH,21,49,57.0,867.6,49453.2,2024-07-08
2024070801024165,MAKAR,42,49,50.0,455.5,22775.0,2024-07-08
2024070805007024,HRL,44,58,20.0,561.0,11220.0,2024-07-08
2024070804009130,HDHPC,57,58,106.0,130.0,13780.0,2024-07-08
2024070803018356,BFC,46,6,20.0,500.0,10000.0,2024-07-08
2024070801024164,SONA,22,7,30.0,447.1,13413.0,2024-07-08
2024070803018355,JFL,45,38,10.0,668.0,6680.0,2024-07-08
2024070803018354,ACLBSL,35,8,16.0,1213.0,19408.0,2024-07-08
2024070803018353,ACLBSL,35,38,50.0,1210.0,60500.0,2024-07-08
2024070803018352,ACLBSL,35,42,200.0,1210.0,242000.0,2024-07-08
2024070803018351,ACLBSL,35,34,13.0,1210.0,15730.0,2024-07-08
2024070803018350,ACLBSL,35,10,21.0,1210.0,25410.0,2024-07-08
2024070801024163,RNLI,57,35,11.0,444.5,4889.5,2024-07-08
2024070804009129,UPPER,38,57,100.0,156.5,15650.0,2024-07-08
2024070803018349,BFC,61,6,100.0,500.0,50000.0,2024-07-08
2024070804009128,NLG,49,42,2000.0,769.8,1539600.0,2024-07-08
2024070804009127,NLG,42,42,200.0,770.0,154000.0,2024-07-08
2024070804009126,NLG,26,42,61.0,770.0,46970.0,2024-07-08
2024070801024162,SHLB,32,45,10.0,1800.0,18000.0,2024-07-08
2024070801024161,SHLB,32,57,10.0,1800.0,18000.0,2024-07-08
2024070801024160,SHLB,32,82,10.0,1800.0,18000.0,2024-07-08
2024070801024159,SHLB,32,6,70.0,1798.0,125860.0,2024-07-08
2024070801024158,NABIL,58,52,20.0,487.0,9740.0,2024-07-08
2024070801024157,NABIL,25,52,500.0,487.0,243500.0,2024-07-08
2024070803018348,SWBBL,45,1,97.0,898.1,87115.7,2024-07-08
2024070803018347,SWBBL,49,1,53.0,899.0,47647.0,2024-07-08
2024070805007023,HIDCL,41,34,189.0,170.0,32130.0,2024-07-08
2024070805007022,HIDCL,51,34,11.0,170.0,1870.0,2024-07-08
2024070803018346,KSBBL,81,63,100.0,405.5,40550.0,2024-07-08
2024070801024156,TAMOR,83,38,110.0,431.0,47410.0,2024-07-08
2024070801024155,TAMOR,29,38,100.0,431.1,43110.0,2024-07-08
2024070801024154,TAMOR,58,38,40.0,431.1,17244.0,2024-07-08
2024070803018345,FMDBL,25,34,21.0,677.0,14217.0,2024-07-08
2024070803018344,FMDBL,25,41,20.0,677.0,13540.0,2024-07-08
2024070803018343,FMDBL,25,57,50.0,677.0,33850.0,2024-07-08
2024070803018342,FMDBL,25,45,78.0,677.0,52806.0,2024-07-08
2024070804009125,CHL,48,55,50.0,311.0,15550.0,2024-07-08
2024070803018341,MNBBL,51,45,30.0,353.4,10602.0,2024-07-08
2024070803018340,LLBS,29,57,100.0,1223.0,122300.0,2024-07-08
2024070804009124,UMHL,54,62,10.0,240.0,2400.0,2024-07-08
2024070804009123,UNHPL,91,8,60.0,236.1,14166.0,2024-07-08
2024070803018339,NFS,41,22,19.0,849.0,16131.0,2024-07-08
2024070801024153,SIKLES,42,35,10.0,692.9,6929.0,2024-07-08
2024070801024152,SIKLES,42,44,50.0,681.7,34085.0,2024-07-08
2024070805007021,CHDC,82,42,75.0,1070.2,80265.0,2024-07-08
2024070805007020,CHDC,39,42,10.0,1071.0,10710.0,2024-07-08
2024070803018338,CBBL,96,42,29.0,848.0,24592.0,2024-07-08
2024070804009122,RURU,60,13,10.0,640.0,6400.0,2024-07-08
2024070801024151,SPHL,48,14,200.0,558.0,111600.0,2024-07-08
2024070804009121,CGH,88,5,100.0,869.0,86900.0,2024-07-08
2024070803018337,SABSL,57,17,10.0,978.5,9785.0,2024-07-08
2024070801024150,SCB,57,74,23.0,580.6,13353.8,2024-07-08
2024070801024149,MANDU,66,21,80.0,1067.1,85368.0,2024-07-08
2024070803018336,KRBL,20,62,10.0,482.1,4821.0,2024-07-08
2024070801024148,GCIL,16,50,23.0,487.0,11201.0,2024-07-08
2024070803018335,SIFC,16,52,10.0,473.0,4730.0,2024-07-08
2024070801024147,SHIVM,28,49,25.0,493.0,12325.0,2024-07-08
2024070805007019,HRL,58,13,10.0,562.0,5620.0,2024-07-08
2024070805007018,HRL,58,57,10.0,561.9,5619.0,2024-07-08
2024070804009120,NGPL,46,7,1300.0,314.9,409370.0,2024-07-08
2024070801024146,SAHAS,44,87,10.0,517.0,5170.0,2024-07-08
2024070801024145,SAHAS,44,49,10.0,517.0,5170.0,2024-07-08
2024070801024144,SAHAS,44,79,10.0,517.0,5170.0,2024-07-08
2024070801024143,SAHAS,44,58,10.0,516.0,5160.0,2024-07-08
2024070801024142,SAHAS,44,32,10.0,516.0,5160.0,2024-07-08
2024070801024141,SAHAS,44,58,10.0,516.0,5160.0,2024-07-08
2024070803018334,RSDC,29,14,100.0,671.0,67100.0,2024-07-08
2024070801024140,NWCL,8,81,10.0,880.0,8800.0,2024-07-08
2024070801024139,NWCL,19,81,690.0,880.0,607200.0,2024-07-08
2024070801024138,NWCL,96,81,755.0,881.0,665155.0,2024-07-08
2024070801024137,MKJC,17,59,10.0,606.0,6060.0,2024-07-08
2024070803018333,SDLBSL,34,13,10.0,1020.0,10200.0,2024-07-08
2024070804009119,HURJA,88,6,300.0,187.5,56250.0,2024-07-08
2024070803018332,NMFBS,77,62,10.0,1362.0,13620.0,2024-07-08
2024070805007017,MMF1,10,78,4800.0,7.38,35424.0,2024-07-08
2024070801024136,NWCL,65,4,10.0,884.9,8849.0,2024-07-08
2024070804009118,GHL,49,34,543.0,150.4,81667.2,2024-07-08
2024070801024135,SARBTM,38,34,69.0,796.5,54958.5,2024-07-08
2024070801024134,SARBTM,11,34,50.0,797.0,39850.0,2024-07-08
2024070801024133,CLI,28,47,63.0,513.5,32350.5,2024-07-08
2024070803018331,ALICL,34,44,50.0,595.0,29750.0,2024-07-08
2024070803018330,ALICL,34,58,150.0,595.0,89250.0,2024-07-08
2024070803018329,ALICL,34,49,500.0,594.9,297450.0,2024-07-08
2024070803018328,ALICL,34,78,300.0,594.9,178470.0,2024-07-08
2024070801024132,PPL,52,19,10.0,450.5,4505.0,2024-07-08
2024070803018327,NFS,41,38,240.0,849.0,203760.0,2024-07-08
2024070803018326,SDLBSL,34,50,145.0,1020.0,147900.0,2024-07-08
2024070801024131,SMH,57,58,390.0,788.0,307320.0,2024-07-08
2024070801024130,SMH,57,58,10.0,788.0,7880.0,2024-07-08
2024070801024129,SMH,8,58,30.0,788.0,23640.0,2024-07-08
2024070801024128,SMH,38,58,10.0,788.0,7880.0,2024-07-08
2024070801024127,SMH,43,58,35.0,788.1,27583.5,2024-07-08
2024070803018325,SDLBSL,34,50,10.0,1020.0,10200.0,2024-07-08
2024070801024126,HDL,42,41,27.0,1244.5,33601.5,2024-07-08
2024070804009117,AHPC,45,22,30.0,155.0,4650.0,2024-07-08
2024070803018324,ACLBSL,35,10,29.0,1210.0,35090.0,2024-07-08
2024070803018323,ACLBSL,35,6,100.0,1209.0,120900.0,2024-07-08
2024070803018322,ACLBSL,35,45,18.0,1207.0,21726.0,2024-07-08
2024070803018321,ACLBSL,35,1,13.0,1205.0,15665.0,2024-07-08
2024070803018320,ACLBSL,35,35,140.0,1205.0,168700.0,2024-07-08
2024070804009116,SSHL,35,45,20.0,168.0,3360.0,2024-07-08
2024070803018319,SAPDBL,57,34,440.0,426.0,187440.0,2024-07-08
2024070803018318,SAPDBL,57,16,290.0,426.0,123540.0,2024-07-08
2024070803018317,SAPDBL,57,4,170.0,426.0,72420.0,2024-07-08
2024070803018316,SAPDBL,57,41,100.0,425.9,42590.0,2024-07-08
2024070803018315,SWBBL,33,33,50.0,900.0,45000.0,2024-07-08
2024070803018314,FOWAD,41,17,38.0,1407.0,53466.0,2024-07-08
2024070803018313,FOWAD,45,17,12.0,1407.1,16885.2,2024-07-08
2024070805007016,CHDC,39,66,120.0,1071.0,128520.0,2024-07-08
2024070804009115,SHPC,51,11,25.0,322.3,8057.5,2024-07-08
2024070801024125,SAHAS,44,41,10.0,515.0,5150.0,2024-07-08
2024070801024124,TAMOR,58,45,10.0,431.1,4311.0,2024-07-08
2024070803018312,SAPDBL,49,96,21.0,420.0,8820.0,2024-07-08
2024070803018311,SAPDBL,83,96,1000.0,420.5,420500.0,2024-07-08
2024070803018310,SAPDBL,53,96,102.0,421.0,42942.0,2024-07-08
2024070803018309,SAPDBL,57,96,210.0,422.0,88620.0,2024-07-08
2024070803018308,SAPDBL,66,96,27.0,422.0,11394.0,2024-07-08
2024070803018307,SAPDBL,33,96,500.0,423.0,211500.0,2024-07-08
2024070803018306,SAPDBL,50,96,290.0,423.0,122670.0,2024-07-08
2024070803018305,SAPDBL,72,96,200.0,423.1,84620.0,2024-07-08
2024070803018304,SAPDBL,32,96,100.0,425.0,42500.0,2024-07-08
2024070803018303,SAPDBL,32,96,50.0,425.0,21250.0,2024-07-08
2024070801024123,KBL,25,32,544.0,142.1,77302.4,2024-07-08
2024070803018302,GILB,62,8,100.0,1435.0,143500.0,2024-07-08
2024070801024122,NRM,57,49,30.0,440.0,13200.0,2024-07-08
2024070801024121,NRM,44,49,75.0,440.0,33000.0,2024-07-08
2024070801024120,NRM,34,49,500.0,440.0,220000.0,2024-07-08
2024070801024119,NRM,38,49,50.0,440.1,22005.0,2024-07-08
2024070801024118,NRM,38,49,50.0,440.1,22005.0,2024-07-08
2024070801024117,NRM,34,49,50.0,440.1,22005.0,2024-07-08
2024070805007015,NTC,45,49,20.0,816.0,16320.0,2024-07-08
2024070805007014,NTC,57,49,10.0,816.0,8160.0,2024-07-08
2024070805007013,NTC,52,49,50.0,816.0,40800.0,2024-07-08
2024070805007012,NTC,45,49,20.0,816.0,16320.0,2024-07-08
2024070801024116,CLI,28,58,10.0,513.5,5135.0,2024-07-08
2024070804009114,BARUN,6,58,100.0,295.2,29520.0,2024-07-08
2024070801024115,NRM,34,58,10.0,443.0,4430.0,2024-07-08
2024070804009113,RADHI,44,34,241.0,251.0,60491.0,2024-07-08
2024070801024114,VLUCL,5,56,50.0,507.1,25355.0,2024-07-08
2024070804009112,BARUN,6,36,145.0,295.2,42804.0,2024-07-08
2024070804009111,BARUN,25,36,100.0,295.3,29530.0,2024-07-08
2024070804009110,HDHPC,36,41,150.0,130.0,19500.0,2024-07-08
2024070804009109,AKJCL,41,55,80.0,223.9,17912.0,2024-07-08
2024070801024113,MAKAR,45,88,20.0,456.0,9120.0,2024-07-08
2024070801024112,MAKAR,45,21,125.0,455.5,56937.5,2024-07-08
2024070803018301,LICN,14,13,25.0,1395.9,34897.5,2024-07-08
2024070803018300,LICN,14,38,10.0,1395.0,13950.0,2024-07-08
2024070803018299,LICN,14,18,100.0,1393.9,139390.0,2024-07-08
2024070803018298,ACLBSL,35,35,60.0,1205.0,72300.0,2024-07-08
2024070803018297,ACLBSL,35,42,100.0,1205.0,120500.0,2024-07-08
2024070803018296,ACLBSL,35,91,140.0,1205.0,168700.0,2024-07-08
2024070803018295,ACLBSL,35,91,60.0,1205.0,72300.0,2024-07-08
2024070803018294,ACLBSL,35,19,50.0,1204.9,60245.0,2024-07-08
2024070803018293,ACLBSL,35,58,23.0,1203.0,27669.0,2024-07-08
2024070803018292,ACLBSL,35,29,45.0,1203.0,54135.0,2024-07-08
2024070803018291,ACLBSL,35,57,70.0,1202.0,84140.0,2024-07-08
2024070803018290,ACLBSL,35,19,50.0,1200.9,60045.0,2024-07-08
2024070803018289,ACLBSL,35,35,34.0,1200.0,40800.0,2024-07-08
2024070803018288,ACLBSL,35,60,50.0,1200.0,60000.0,2024-07-08
2024070803018287,ACLBSL,35,57,146.0,1200.0,175200.0,2024-07-08
2024070803018286,ACLBSL,35,58,10.0,1200.0,12000.0,2024-07-08
2024070803018285,ACLBSL,35,4,26.0,1200.0,31200.0,2024-07-08
2024070803018284,ACLBSL,35,56,50.0,1199.9,59995.0,2024-07-08
2024070803018283,ACLBSL,35,35,100.0,1199.0,119900.0,2024-07-08
2024070803018282,ACLBSL,35,57,90.0,1198.0,107820.0,2024-07-08
2024070803018281,ACLBSL,35,4,13.0,1198.0,15574.0,2024-07-08
2024070803018280,ACLBSL,35,41,28.0,1195.0,33460.0,2024-07-08
2024070803018279,ACLBSL,35,45,100.0,1190.0,119000.0,2024-07-08
2024070803018278,ACLBSL,35,35,55.0,1190.0,65450.0,2024-07-08
2024070801024111,AVYAN,25,54,10.0,952.2,9522.0,2024-07-08
2024070805007011,CIT,54,1,20.0,1898.5,37970.0,2024-07-08
2024070801024110,MKJC,96,45,50.0,607.0,30350.0,2024-07-08
2024070801024109,GVL,66,5,90.0,578.9,52101.0,2024-07-08
2024070801024108,GVL,66,49,10.0,578.9,5789.0,2024-07-08
2024070805007010,HRL,44,44,20.0,561.0,11220.0,2024-07-08
2024070804009108,CHL,48,16,200.0,311.0,62200.0,2024-07-08
2024070803018277,ALBSL,19,17,10.0,1009.0,10090.0,2024-07-08
2024070801024107,MBJC,66,59,515.0,296.3,152594.5,2024-07-08
2024070801024106,MBJC,26,59,100.0,296.4,29640.0,2024-07-08
2024070801024105,MBJC,19,59,195.0,296.4,57798.0,2024-07-08
2024070805007009,NIFRA,49,13,297.0,211.0,62667.0,2024-07-08
2024070803018276,ILBS,50,59,70.0,1195.1,83657.0,2024-07-08
2024070804009107,UMRH,52,95,230.0,426.9,98187.0,2024-07-08
2024070801024104,MHL,66,26,875.0,545.2,477050.0,2024-07-08
2024070801024103,MHL,34,26,55.0,546.0,30030.0,2024-07-08
2024070801024102,MHL,11,26,70.0,546.0,38220.0,2024-07-08
2024070801024101,CITY,45,26,100.0,746.1,74610.0,2024-07-08
2024070801024100,CITY,41,26,100.0,746.2,74620.0,2024-07-08
2024070801024099,CITY,13,26,200.0,748.0,149600.0,2024-07-08
2024070801024098,CITY,51,26,300.0,749.0,224700.0,2024-07-08
2024070803018275,GUFL,29,16,50.0,697.0,34850.0,2024-07-08
2024070803018274,LICN,29,49,21.0,1390.3,29196.3,2024-07-08
2024070803018273,GFCL,38,55,49.0,629.0,30821.0,2024-07-08
2024070804009106,UPPER,38,21,10.0,156.6,1566.0,2024-07-08
2024070801024097,PHCL,25,32,10.0,306.0,3060.0,2024-07-08
2024070801024096,PHCL,25,46,20.0,306.0,6120.0,2024-07-08
2024070801024095,PHCL,25,57,50.0,306.0,15300.0,2024-07-08
2024070801024094,PHCL,25,41,10.0,306.0,3060.0,2024-07-08
2024070801024093,PHCL,25,48,1000.0,305.9,305900.0,2024-07-08
2024070804009105,SGIC,20,20,50.0,555.3,27765.0,2024-07-08
2024070803018272,RLFL,44,45,50.0,452.5,22625.0,2024-07-08
2024070803018271,NFS,41,14,200.0,849.0,169800.0,2024-07-08
2024070803018270,SINDU,35,8,30.0,460.0,13800.0,2024-07-08
2024070801024092,GCIL,53,36,26.0,487.5,12675.0,2024-07-08
2024070801024091,GCIL,53,7,23.0,487.5,11212.5,2024-07-08
2024070801024090,GCIL,53,34,11.0,487.5,5362.5,2024-07-08
2024070801024089,NYADI,42,38,20.0,328.0,6560.0,2024-07-08
2024070801024088,NYADI,42,37,10.0,328.0,3280.0,2024-07-08
2024070801024087,NYADI,42,34,10.0,328.0,3280.0,2024-07-08
2024070801024086,SHIVM,33,53,255.0,491.1,125230.5,2024-07-08
2024070805007008,NRIC,42,57,100.0,673.2,67320.0,2024-07-08
2024070803018269,NMBMF,3,57,45.0,710.0,31950.0,2024-07-08
2024070804009104,MEN,45,66,100.0,573.8,57380.0,2024-07-08
2024070801024085,NICA,81,5,80.0,428.0,34240.0,2024-07-08
2024070801024084,NICA,81,4,20.0,427.9,8558.0,2024-07-08
2024070805007007,NIFRA,49,51,54.0,211.0,11394.0,2024-07-08
2024070803018268,GRDBL,34,28,100.0,492.0,49200.0,2024-07-08
2024070803018267,MPFL,32,49,250.0,522.0,130500.0,2024-07-08
2024070803018266,MPFL,58,49,99.0,522.0,51678.0,2024-07-08
2024070803018265,MPFL,22,49,149.0,522.0,77778.0,2024-07-08
2024070801024083,SRLI,35,16,10.0,449.0,4490.0,2024-07-08
2024070803018264,RLFL,22,42,50.0,452.6,22630.0,2024-07-08
2024070803018263,SADBL,22,17,26.0,348.0,9048.0,2024-07-08
2024070803018262,SADBL,22,45,1000.0,347.9,347900.0,2024-07-08
2024070803018261,SADBL,22,33,10.0,347.9,3479.0,2024-07-08
2024070803018260,SADBL,22,4,264.0,347.0,91608.0,2024-07-08
2024070804009103,HURJA,88,19,100.0,187.5,18750.0,2024-07-08
2024070804009102,HURJA,88,16,625.0,187.5,117187.5,2024-07-08
2024070803018259,CORBL,13,67,100.0,581.0,58100.0,2024-07-08
2024070801024082,TSHL,52,42,330.0,574.0,189420.0,2024-07-08
2024070803018258,VLBS,29,94,27.0,1025.0,27675.0,2024-07-08
2024070803018257,LBBL,57,1,180.0,404.0,72720.0,2024-07-08
2024070803018256,KMCDB,62,40,200.0,1150.9,230180.0,2024-07-08
2024070803018255,KMCDB,62,55,100.0,1150.0,115000.0,2024-07-08
2024070803018254,KMCDB,62,28,45.0,1150.0,51750.0,2024-07-08
2024070803018253,KMCDB,62,53,10.0,1150.0,11500.0,2024-07-08
2024070803018252,KMCDB,62,22,20.0,1149.9,22998.0,2024-07-08
2024070803018251,KMCDB,62,54,456.0,1149.0,523944.0,2024-07-08
2024070803018250,KMCDB,62,16,49.0,1149.0,56301.0,2024-07-08
2024070803018249,KMCDB,62,11,42.0,1149.0,48258.0,2024-07-08
2024070803018248,KMCDB,62,59,147.0,1149.0,168903.0,2024-07-08
2024070803018247,KMCDB,62,54,200.0,1148.0,229600.0,2024-07-08
2024070803018246,KMCDB,62,52,19.0,1146.0,21774.0,2024-07-08
2024070803018245,KMCDB,62,52,82.0,1146.0,93972.0,2024-07-08
2024070803018244,KMCDB,62,41,80.0,1145.0,91600.0,2024-07-08
2024070804009101,NHDL,6,58,324.0,515.0,166860.0,2024-07-08
2024070801024081,USHEC,26,38,91.0,468.9,42669.9,2024-07-08
2024070801024080,USHEC,26,32,10.0,467.0,4670.0,2024-07-08
2024070801024079,CITY,49,48,62.0,750.0,46500.0,2024-07-08
2024070804009100,NLG,56,42,10.0,773.0,7730.0,2024-07-08
2024070804009099,GHL,6,43,1000.0,149.6,149600.0,2024-07-08
2024070801024078,MMKJL,58,34,50.0,497.0,24850.0,2024-07-08
2024070803018243,KRBL,43,92,10.0,488.9,4889.0,2024-07-08
2024070804009098,NGPL,38,7,200.0,314.9,62980.0,2024-07-08
2024070801024077,MANDU,66,45,20.0,1067.1,21342.0,2024-07-08
2024070803018242,ACLBSL,33,45,17.0,1185.0,20145.0,2024-07-08
2024070803018241,ACLBSL,8,45,20.0,1185.2,23704.0,2024-07-08
2024070803018240,ACLBSL,66,45,13.0,1185.3,15408.9,2024-07-08
2024070803018239,ACLBSL,63,45,50.0,1185.5,59275.0,2024-07-08
2024070803018238,ACLBSL,42,45,100.0,1185.6,118560.0,2024-07-08
2024070803018237,HLI,22,5,65.0,380.2,24713.0,2024-07-08
2024070803018236,HLI,26,5,135.0,380.2,51327.0,2024-07-08
2024070803018235,JBBL,8,45,60.0,310.0,18600.0,2024-07-08
2024070803018234,JBBL,8,40,240.0,310.0,74400.0,2024-07-08
2024070801024076,KDL,55,96,50.0,1175.2,58760.0,2024-07-08
2024070801024075,KDL,44,96,250.0,1175.3,293825.0,2024-07-08
2024070801024074,JBLB,42,45,102.0,1432.0,146064.0,2024-07-08
2024070801024073,JBLB,42,49,10.0,1432.0,14320.0,2024-07-08
2024070801024072,JBLB,42,8,10.0,1432.0,14320.0,2024-07-08
2024070804009097,TRH,17,58,300.0,798.9,239670.0,2024-07-08
2024070804009096,TRH,17,45,50.0,798.0,39900.0,2024-07-08
2024070804009095,TRH,17,49,10.0,798.0,7980.0,2024-07-08
2024070804009094,TRH,17,52,200.0,797.0,159400.0,2024-07-08
2024070804009093,RIDI,48,59,112.0,164.1,18379.2,2024-07-08
2024070804009092,RIDI,20,59,741.0,164.1,121598.1,2024-07-08
2024070804009091,RIDI,6,59,72.0,164.2,11822.4,2024-07-08
2024070804009090,RIDI,91,59,500.0,164.3,82150.0,2024-07-08
2024070804009089,RIDI,44,59,900.0,164.3,147870.0,2024-07-08
2024070803018233,NUBL,17,94,56.0,676.0,37856.0,2024-07-08
2024070803018232,NUBL,38,94,444.0,676.1,300188.4,2024-07-08
2024070801024071,MANDU,66,72,100.0,1067.1,106710.0,2024-07-08
2024070805007006,CHDC,82,49,50.0,1070.2,53510.0,2024-07-08
2024070801024070,HHL,45,49,20.0,356.0,7120.0,2024-07-08
2024070801024069,HHL,41,49,40.0,356.0,14240.0,2024-07-08
2024070801024068,HHL,28,49,10.0,356.8,3568.0,2024-07-08
2024070801024067,HHL,22,49,40.0,357.0,14280.0,2024-07-08
2024070801024066,HHL,40,49,20.0,357.9,7158.0,2024-07-08
2024070801024065,HHL,22,49,150.0,358.0,53700.0,2024-07-08
2024070801024064,HHL,42,49,20.0,359.0,7180.0,2024-07-08
2024070801024063,SGHC,21,11,100.0,336.0,33600.0,2024-07-08
2024070801024062,JBLB,33,11,72.0,1430.3,102981.6,2024-07-08
2024070801024061,JBLB,42,11,50.0,1431.2,71560.0,2024-07-08
2024070801024060,ADBL,38,58,28.0,280.5,7854.0,2024-07-08
2024070804009088,MHNL,68,55,65.0,236.3,15359.5,2024-07-08
2024070804009087,MHNL,39,55,50.0,236.4,11820.0,2024-07-08
2024070803018231,CFCL,10,7,30.0,517.0,15510.0,2024-07-08
2024070804009086,API,28,14,130.0,171.0,22230.0,2024-07-08
2024070801024059,MHCL,34,54,98.0,400.0,39200.0,2024-07-08
2024070801024058,MHCL,35,54,10.0,400.0,4000.0,2024-07-08
2024070801024057,MHCL,58,54,202.0,400.0,80800.0,2024-07-08
2024070801024056,MHCL,57,54,500.0,400.0,200000.0,2024-07-08
2024070801024055,MHCL,59,54,100.0,400.0,40000.0,2024-07-08
2024070801024054,MHCL,45,54,200.0,400.1,80020.0,2024-07-08
2024070804009085,TRH,50,22,30.0,792.1,23763.0,2024-07-08
2024070804009084,TRH,51,22,10.0,792.1,7921.0,2024-07-08
2024070803018230,USLB,57,48,10.0,1731.9,17319.0,2024-07-08
2024070804009083,API,28,66,244.0,171.0,41724.0,2024-07-08
2024070801024053,DORDI,21,58,190.0,471.9,89661.0,2024-07-08
2024070803018229,LLBS,69,26,230.0,1234.9,284027.0,2024-07-08
2024070803018228,LLBS,69,14,100.0,1234.4,123440.0,2024-07-08
2024070803018227,LLBS,69,49,70.0,1234.0,86380.0,2024-07-08
2024070803018226,SWBBL,1,48,100.0,900.0,90000.0,2024-07-08
2024070801024052,PHCL,41,6,40.0,305.0,12200.0,2024-07-08
2024070801024051,PHCL,21,6,60.0,305.0,18300.0,2024-07-08
2024070803018225,MFIL,57,36,50.0,612.0,30600.0,2024-07-08
2024070801024050,SNLI,34,34,320.0,485.0,155200.0,2024-07-08
2024070801024049,SNLI,34,36,10.0,485.0,4850.0,2024-07-08
2024070801024048,SNLI,34,50,10.0,485.0,4850.0,2024-07-08
2024070801024047,SNLI,34,58,90.0,485.0,43650.0,2024-07-08
2024070803018224,SABSL,14,41,10.0,981.0,9810.0,2024-07-08
2024070803018223,NMBMF,29,14,131.0,708.1,92761.1,2024-07-08
2024070803018222,NMBMF,52,14,30.0,708.2,21246.0,2024-07-08
2024070803018221,NMBMF,48,14,20.0,709.0,14180.0,2024-07-08
2024070803018220,NMBMF,49,14,60.0,709.0,42540.0,2024-07-08
2024070803018219,NMBMF,52,14,10.0,709.1,7091.0,2024-07-08
2024070803018218,NMBMF,21,14,100.0,709.2,70920.0,2024-07-08
2024070803018217,NMBMF,58,14,110.0,710.0,78100.0,2024-07-08
2024070803018216,NMBMF,29,14,39.0,710.0,27690.0,2024-07-08
2024070804009082,API,22,45,19.0,171.1,3250.9,2024-07-08
2024070804009081,KPCL,77,6,52.0,459.0,23868.0,2024-07-08
2024070804009080,KPCL,77,45,110.0,457.9,50369.0,2024-07-08
2024070804009079,KPCL,77,47,10.0,457.0,4570.0,2024-07-08
2024070804009078,KPCL,77,34,14.0,457.0,6398.0,2024-07-08
2024070803018215,EDBL,17,43,100.0,466.9,46690.0,2024-07-08
2024070805007005,STC,33,33,139.0,4870.0,676930.0,2024-07-08
2024070805007004,STC,33,54,210.0,4869.0,1022490.0,2024-07-08
2024070805007003,STC,33,26,50.0,4869.0,243450.0,2024-07-08
2024070805007002,STC,33,26,50.0,4867.0,243350.0,2024-07-08
2024070805007001,STC,33,21,10.0,4844.4,48444.0,2024-07-08
2024070805007000,STC,33,28,20.0,4841.0,96820.0,2024-07-08
2024070805006999,STC,33,8,11.0,4840.0,53240.0,2024-07-08
2024070805006998,STC,33,41,10.0,4840.0,48400.0,2024-07-08
2024070801024046,SHLB,58,32,20.0,1780.0,35600.0,2024-07-08
2024070804009077,SHPC,48,4,4000.0,322.5,1290000.0,2024-07-08
2024070804009076,SHPC,6,4,1232.0,322.6,397443.2,2024-07-08
2024070804009075,SHPC,1,4,560.0,322.6,180656.0,2024-07-08
2024070804009074,SHPC,38,4,50.0,322.7,16135.0,2024-07-08
2024070805006997,HIDCL,51,16,289.0,170.0,49130.0,2024-07-08
2024070805006996,HIDCL,35,16,50.0,170.0,8500.0,2024-07-08
2024070805006995,HIDCL,57,16,10.0,170.0,1700.0,2024-07-08
2024070805006994,HIDCL,59,16,16.0,170.0,2720.0,2024-07-08
2024070805006993,HIDCL,58,16,135.0,170.0,22950.0,2024-07-08
2024070804009073,NHPC,50,6,500.0,143.0,71500.0,2024-07-08
2024070804009072,NHPC,50,50,900.0,143.0,128700.0,2024-07-08
2024070801024045,MKCL,41,7,50.0,1300.0,65000.0,2024-07-08
2024070801024044,MKCL,55,7,30.0,1300.0,39000.0,2024-07-08
2024070801024043,MKCL,13,7,50.0,1300.0,65000.0,2024-07-08
2024070801024042,MKCL,41,7,10.0,1300.0,13000.0,2024-07-08
2024070801024041,MKCL,44,7,100.0,1300.0,130000.0,2024-07-08
2024070801024040,MKCL,41,7,10.0,1300.0,13000.0,2024-07-08
2024070801024039,MKCL,82,7,100.0,1300.0,130000.0,2024-07-08
2024070801024038,MKCL,19,7,10.0,1300.0,13000.0,2024-07-08
2024070801024037,MKCL,19,7,20.0,1300.0,26000.0,2024-07-08
2024070801024036,MKCL,34,7,80.0,1300.0,104000.0,2024-07-08
2024070801024035,MKCL,62,7,44.0,1300.0,57200.0,2024-07-08
2024070801024034,MKCL,49,7,50.0,1300.1,65005.0,2024-07-08
2024070801024033,MKCL,39,7,90.0,1300.1,117009.0,2024-07-08
2024070803018214,MERO,22,45,144.0,689.0,99216.0,2024-07-08
2024070803018213,MERO,45,45,316.0,689.0,217724.0,2024-07-08
2024070803018212,MERO,46,45,40.0,690.0,27600.0,2024-07-08
2024070803018211,KRBL,5,92,10.0,488.9,4889.0,2024-07-08
2024070803018210,RLFL,44,57,100.0,452.5,45250.0,2024-07-08
2024070801024032,TPC,57,56,55.0,549.0,30195.0,2024-07-08
2024070801024031,KBSH,44,16,200.0,1446.0,289200.0,2024-07-08
2024070801024030,PCBL,47,39,189.0,203.0,38367.0,2024-07-08
2024070801024029,PCBL,14,39,100.0,203.5,20350.0,2024-07-08
2024070801024028,MKJC,17,8,100.0,606.0,60600.0,2024-07-08
2024070804009071,RIDI,58,21,148.0,164.3,24316.4,2024-07-08
2024070801024027,SONA,22,21,18.0,447.1,8047.8,2024-07-08
2024070803018209,PMLI,18,58,20.0,523.0,10460.0,2024-07-08
2024070804009070,NHPC,58,1,433.0,142.5,61702.5,2024-07-08
2024070804009069,HDHPC,36,16,150.0,130.0,19500.0,2024-07-08
2024070804009068,HDHPC,34,16,100.0,130.0,13000.0,2024-07-08
2024070804009067,HDHPC,51,16,200.0,130.0,26000.0,2024-07-08
2024070804009066,HPPL,34,72,1101.0,282.7,311252.7,2024-07-08
2024070804009065,HPPL,39,72,150.0,283.0,42450.0,2024-07-08
2024070805006992,NRN,36,33,50.0,724.0,36200.0,2024-07-08
2024070804009064,NICL,52,22,20.0,857.0,17140.0,2024-07-08
2024070804009063,UPCL,34,81,100.0,193.0,19300.0,2024-07-08
2024070803018208,GUFL,29,29,50.0,697.0,34850.0,2024-07-08
2024070803018207,GUFL,58,29,50.0,697.0,34850.0,2024-07-08
2024070803018206,JBBL,25,40,17.0,310.0,5270.0,2024-07-08
2024070803018205,PMLI,43,61,10.0,522.1,5221.0,2024-07-08
2024070803018204,NLIC,6,55,100.0,595.2,59520.0,2024-07-08
2024070801024026,JALPA,42,38,86.0,1312.0,112832.0,2024-07-08
2024070801024025,JALPA,34,38,11.0,1312.1,14433.1,2024-07-08
2024070804009062,AKPL,38,34,550.0,162.5,89375.0,2024-07-08
2024070803018203,ALICL,34,78,200.0,594.9,118980.0,2024-07-08
2024070803018202,ALICL,34,78,500.0,594.8,297400.0,2024-07-08
2024070803018201,ALICL,34,33,500.0,594.7,297350.0,2024-07-08
2024070803018200,ALICL,34,28,500.0,594.6,297300.0,2024-07-08
2024070801024024,HBL,34,52,75.0,186.0,13950.0,2024-07-08
2024070804009061,GLH,45,42,50.0,211.0,10550.0,2024-07-08
2024070804009060,SGIC,52,39,20.0,555.3,11106.0,2024-07-08
2024070803018199,EDBL,65,17,279.0,463.0,129177.0,2024-07-08
2024070803018198,EDBL,96,17,2000.0,463.0,926000.0,2024-07-08
