transaction,symbol,buyer,seller,quantity,rate,amount,date
2024041401030847,CYCL,62,54,20.0,1727.0,34540.0,2024-04-14
2024041403013462,CORBL,41,33,10.0,435.9,4359.0,2024-04-14
2024041405005119,NRIC,58,90,11.0,760.0,8360.0,2024-04-14
2024041405005118,NRIC,58,58,25.0,758.0,18950.0,2024-04-14
2024041405005117,NRIC,58,34,164.0,758.0,124312.0,2024-04-14
2024041401030846,PPL,62,58,25.0,640.4,16010.0,2024-04-14
2024041404009614,NGPL,58,84,190.0,332.0,63080.0,2024-04-14
2024041401030845,MKHL,58,36,44.0,464.5,20438.0,2024-04-14
2024041401030844,MKHL,58,58,10.0,464.0,4640.0,2024-04-14
2024041401030843,MKHL,58,13,300.0,464.0,139200.0,2024-04-14
2024041401030842,MKHL,58,74,146.0,463.9,67729.4,2024-04-14
2024041401030841,BNHC,34,70,20.0,484.3,9686.0,2024-04-14
2024041405005116,CHDC,14,34,100.0,843.0,84300.0,2024-04-14
2024041403013461,NMBMF,34,41,10.0,615.0,6150.0,2024-04-14
2024041404009613,TRH,14,33,65.0,730.1,47456.5,2024-04-14
2024041404009612,TRH,17,33,50.0,730.2,36510.0,2024-04-14
2024041404009611,TRH,55,33,25.0,731.0,18275.0,2024-04-14
2024041404009610,TRH,58,33,25.0,731.1,18277.5,2024-04-14
2024041401030840,SNLI,34,52,10.0,593.0,5930.0,2024-04-14
2024041403013460,NLICL,44,52,10.0,555.0,5550.0,2024-04-14
2024041403013459,SWBBL,50,34,60.0,764.9,45894.0,2024-04-14
2024041401030839,SONA,52,6,147.0,453.0,66591.0,2024-04-14
2024041401030838,SONA,21,6,353.0,453.1,159944.3,2024-04-14
2024041401030837,SMJC,6,57,180.0,387.9,69822.0,2024-04-14
2024041401030836,SMJC,6,52,10.0,387.9,3879.0,2024-04-14
2024041401030835,SMJC,6,33,520.0,387.8,201656.0,2024-04-14
2024041401030834,RFPL,95,6,200.0,394.0,78800.0,2024-04-14
2024041403013458,NICLBSL,38,38,50.0,667.0,33350.0,2024-04-14
2024041403013457,GUFL,41,1,32.0,828.5,26512.0,2024-04-14
2024041401030833,SARBTM,59,35,20.0,821.0,16420.0,2024-04-14
2024041401030832,DORDI,14,59,20.0,433.9,8678.0,2024-04-14
2024041401030831,MBJC,83,85,280.0,300.1,84028.0,2024-04-14
2024041401030830,MBJC,21,85,50.0,300.1,15005.0,2024-04-14
2024041401030829,MBJC,51,85,50.0,300.1,15005.0,2024-04-14
2024041401030828,MBJC,50,85,50.0,300.2,15010.0,2024-04-14
2024041401030827,MBJC,29,85,20.0,300.2,6004.0,2024-04-14
2024041401030826,MBJC,42,85,50.0,300.2,15010.0,2024-04-14
2024041403013456,NICLBSL,74,38,23.0,667.0,15341.0,2024-04-14
2024041403013455,NICLBSL,74,35,77.0,667.0,51359.0,2024-04-14
2024041404009609,AHPC,47,7,10.0,171.3,1713.0,2024-04-14
2024041401030825,ULHC,45,66,10.0,344.9,3449.0,2024-04-14
2024041401030824,VLUCL,42,49,10.0,502.0,5020.0,2024-04-14
2024041401030823,VLUCL,42,49,10.0,502.0,5020.0,2024-04-14
2024041403013454,SWBBL,50,8,10.0,758.2,7582.0,2024-04-14
2024041401030822,SHLB,62,28,10.0,1262.8,12628.0,2024-04-14
2024041401030821,CYCL,71,54,10.0,1727.0,17270.0,2024-04-14
2024041405005115,STC,54,55,14.0,4500.0,63000.0,2024-04-14
2024041401030820,RHGCL,71,58,10.0,353.9,3539.0,2024-04-14
2024041403013453,VLBS,28,88,10.0,747.0,7470.0,2024-04-14
2024041401030819,RHGCL,25,87,10.0,353.5,3535.0,2024-04-14
2024041401030818,RHGCL,25,42,10.0,353.5,3535.0,2024-04-14
2024041401030817,RHGCL,25,32,100.0,353.5,35350.0,2024-04-14
2024041401030816,RHGCL,25,26,200.0,353.4,70680.0,2024-04-14
2024041401030815,RHGCL,25,28,100.0,353.0,35300.0,2024-04-14
2024041401030814,RHGCL,25,52,10.0,353.0,3530.0,2024-04-14
2024041401030813,RHGCL,25,20,500.0,353.0,176500.0,2024-04-14
2024041401030812,RHGCL,25,58,10.0,353.0,3530.0,2024-04-14
2024041401030811,RHGCL,25,58,50.0,353.0,17650.0,2024-04-14
2024041401030810,RHGCL,25,47,10.0,353.0,3530.0,2024-04-14
2024041401030809,RHGCL,25,49,10.0,353.0,3530.0,2024-04-14
2024041401030808,RHGCL,25,58,10.0,353.0,3530.0,2024-04-14
2024041401030807,RHGCL,25,58,10.0,353.0,3530.0,2024-04-14
2024041401030806,RHGCL,25,51,10.0,353.0,3530.0,2024-04-14
2024041401030805,RHGCL,25,49,10.0,353.0,3530.0,2024-04-14
2024041401030804,RHGCL,25,45,10.0,352.9,3529.0,2024-04-14
2024041401030803,RHGCL,25,42,10.0,352.9,3529.0,2024-04-14
2024041401030802,RHGCL,25,45,242.0,352.0,85184.0,2024-04-14
2024041401030801,RHGCL,25,4,10.0,352.0,3520.0,2024-04-14
2024041401030800,RHGCL,25,38,10.0,352.0,3520.0,2024-04-14
2024041401030799,RHGCL,25,58,455.0,352.0,160160.0,2024-04-14
2024041401030798,RHGCL,25,39,50.0,352.0,17600.0,2024-04-14
2024041401030797,RHGCL,25,51,10.0,352.0,3520.0,2024-04-14
2024041401030796,RHGCL,25,57,50.0,352.0,17600.0,2024-04-14
2024041401030795,RHGCL,25,56,10.0,351.9,3519.0,2024-04-14
2024041401030794,RHGCL,25,70,200.0,351.6,70320.0,2024-04-14
2024041401030793,RHGCL,25,6,10.0,351.5,3515.0,2024-04-14
2024041401030792,RHGCL,25,49,10.0,351.0,3510.0,2024-04-14
2024041401030791,RHGCL,25,57,10.0,351.0,3510.0,2024-04-14
2024041401030790,RHGCL,25,51,10.0,351.0,3510.0,2024-04-14
2024041401030789,RHGCL,25,13,410.0,351.0,143910.0,2024-04-14
2024041401030788,RHGCL,25,32,100.0,351.0,35100.0,2024-04-14
2024041401030787,RHGCL,25,54,10.0,351.0,3510.0,2024-04-14
2024041401030786,RHGCL,25,6,10.0,351.0,3510.0,2024-04-14
2024041401030785,RHGCL,25,35,100.0,350.0,35000.0,2024-04-14
2024041401030784,RHGCL,25,21,50.0,350.0,17500.0,2024-04-14
2024041401030783,RHGCL,25,22,10.0,350.0,3500.0,2024-04-14
2024041401030782,RHGCL,25,22,100.0,350.0,35000.0,2024-04-14
2024041401030781,RHGCL,25,57,10.0,350.0,3500.0,2024-04-14
2024041401030780,RHGCL,25,51,10.0,350.0,3500.0,2024-04-14
2024041401030779,RHGCL,25,34,10.0,350.0,3500.0,2024-04-14
2024041401030778,RHGCL,25,38,10.0,350.0,3500.0,2024-04-14
2024041401030777,RHGCL,25,49,360.0,350.0,126000.0,2024-04-14
2024041401030776,RHGCL,25,51,10.0,350.0,3500.0,2024-04-14
2024041401030775,RHGCL,25,57,10.0,350.0,3500.0,2024-04-14
2024041401030774,RHGCL,25,59,200.0,350.0,70000.0,2024-04-14
2024041401030773,RHGCL,25,32,10.0,350.0,3500.0,2024-04-14
2024041401030772,RHGCL,25,57,100.0,350.0,35000.0,2024-04-14
2024041401030771,RHGCL,25,70,200.0,349.5,69900.0,2024-04-14
2024041401030770,RHGCL,25,6,10.0,349.0,3490.0,2024-04-14
2024041401030769,RHGCL,25,38,10.0,349.0,3490.0,2024-04-14
2024041401030768,RHGCL,25,4,10.0,349.0,3490.0,2024-04-14
2024041401030767,RHGCL,25,32,100.0,349.0,34900.0,2024-04-14
2024041401030766,RHGCL,25,21,200.0,348.0,69600.0,2024-04-14
2024041401030765,RHGCL,25,21,100.0,348.0,34800.0,2024-04-14
2024041401030764,RHGCL,25,21,200.0,348.0,69600.0,2024-04-14
2024041401030763,RHGCL,25,58,170.0,348.0,59160.0,2024-04-14
2024041401030762,RHGCL,25,26,200.0,348.0,69600.0,2024-04-14
2024041401030761,RHGCL,25,49,125.0,347.0,43375.0,2024-04-14
2024041403013452,GUFL,41,49,200.0,828.5,165700.0,2024-04-14
2024041401030760,SMJC,63,33,30.0,387.8,11634.0,2024-04-14
2024041401030759,RNLI,48,59,10.0,430.5,4305.0,2024-04-14
2024041401030758,KBL,48,45,357.0,136.9,48873.3,2024-04-14
2024041401030757,KBL,48,43,318.0,136.7,43470.6,2024-04-14
2024041401030756,KBL,48,32,100.0,136.5,13650.0,2024-04-14
2024041401030755,KBL,48,29,700.0,136.0,95200.0,2024-04-14
2024041401030754,KBL,48,32,200.0,136.0,27200.0,2024-04-14
2024041401030753,KBL,48,39,200.0,136.0,27200.0,2024-04-14
2024041401030752,KBL,48,43,100.0,136.0,13600.0,2024-04-14
2024041401030751,KBL,48,42,25.0,136.0,3400.0,2024-04-14
2024041401030750,NRM,35,14,100.0,374.0,37400.0,2024-04-14
2024041401030749,MEHL,35,19,10.0,332.0,3320.0,2024-04-14
2024041401030748,SANIMA,13,34,10.0,236.0,2360.0,2024-04-14
2024041404009608,UMRH,43,38,10.0,351.9,3519.0,2024-04-14
2024041403013451,JFL,43,38,10.0,459.0,4590.0,2024-04-14
2024041401030747,EBL,39,16,10.0,503.8,5038.0,2024-04-14
2024041403013450,PFL,39,13,10.0,546.0,5460.0,2024-04-14
2024041403013449,USLB,62,72,10.0,1864.0,18640.0,2024-04-14
2024041403013448,GRDBL,65,32,12.0,378.0,4536.0,2024-04-14
2024041401030746,MANDU,65,57,420.0,815.0,342300.0,2024-04-14
2024041401030745,MANDU,65,6,10.0,815.0,8150.0,2024-04-14
2024041401030744,MANDU,65,43,70.0,814.9,57043.0,2024-04-14
2024041404009607,UPPER,58,36,75.0,169.2,12690.0,2024-04-14
2024041401030743,UNLB,32,58,10.0,1700.0,17000.0,2024-04-14
2024041401030742,UNLB,32,34,10.0,1700.0,17000.0,2024-04-14
2024041401030741,BNHC,32,70,10.0,484.3,4843.0,2024-04-14
2024041401030740,BNHC,32,58,10.0,484.0,4840.0,2024-04-14
2024041401030739,ULBSL,34,34,10.0,1413.0,14130.0,2024-04-14
2024041401030738,MKHC,19,38,30.0,342.0,10260.0,2024-04-14
2024041401030737,MKHC,19,1,190.0,342.0,64980.0,2024-04-14
2024041401030736,MKHC,19,65,280.0,341.9,95732.0,2024-04-14
2024041403013447,PROFL,58,57,47.0,324.0,15228.0,2024-04-14
2024041403013446,PROFL,58,32,100.0,322.9,32290.0,2024-04-14
2024041403013445,PROFL,58,58,100.0,322.0,32200.0,2024-04-14
2024041403013444,PROFL,58,32,53.0,321.0,17013.0,2024-04-14
2024041401030735,MSHL,64,58,80.0,652.8,52224.0,2024-04-14
2024041401030734,MSHL,64,29,50.0,652.8,32640.0,2024-04-14
2024041401030733,MSHL,64,45,20.0,652.8,13056.0,2024-04-14
2024041401030732,MSHL,64,5,200.0,652.8,130560.0,2024-04-14
2024041401030731,MSHL,64,5,300.0,652.8,195840.0,2024-04-14
2024041401030730,MSHL,64,52,100.0,652.0,65200.0,2024-04-14
2024041401030729,MSHL,64,34,10.0,651.7,6517.0,2024-04-14
2024041401030728,MSHL,64,42,10.0,651.2,6512.0,2024-04-14
2024041401030727,MSHL,64,34,10.0,651.0,6510.0,2024-04-14
2024041401030726,MSHL,64,17,200.0,651.0,130200.0,2024-04-14
2024041401030725,MSHL,64,50,100.0,650.0,65000.0,2024-04-14
2024041401030724,MSHL,64,48,10.0,650.0,6500.0,2024-04-14
2024041401030723,MSHL,64,59,10.0,650.0,6500.0,2024-04-14
2024041401030722,MSHL,64,51,10.0,650.0,6500.0,2024-04-14
2024041401030721,MSHL,64,41,310.0,649.9,201469.0,2024-04-14
2024041401030720,MSHL,64,38,10.0,645.0,6450.0,2024-04-14
2024041401030719,MSHL,64,17,50.0,645.0,32250.0,2024-04-14
2024041401030718,MSHL,64,45,180.0,641.5,115470.0,2024-04-14
2024041401030717,MSHL,64,21,50.0,641.0,32050.0,2024-04-14
2024041401030716,MSHL,64,45,10.0,641.0,6410.0,2024-04-14
2024041401030715,MSHL,64,40,10.0,640.5,6405.0,2024-04-14
2024041401030714,MSHL,64,42,170.0,640.0,108800.0,2024-04-14
2024041401030713,MSHL,64,42,500.0,640.0,320000.0,2024-04-14
2024041401030712,MSHL,64,42,50.0,640.0,32000.0,2024-04-14
2024041401030711,MSHL,64,3,50.0,640.0,32000.0,2024-04-14
2024041401030710,MSHL,64,66,10.0,640.0,6400.0,2024-04-14
2024041401030709,MSHL,64,34,160.0,640.0,102400.0,2024-04-14
2024041401030708,MSHL,64,44,60.0,639.0,38340.0,2024-04-14
2024041403013443,JSLBB,33,17,10.0,1186.0,11860.0,2024-04-14
2024041403013442,JSLBB,33,45,10.0,1180.0,11800.0,2024-04-14
2024041403013441,GUFL,41,33,500.0,828.5,414250.0,2024-04-14
2024041403013440,SADBL,33,45,25.0,299.0,7475.0,2024-04-14
2024041403013439,SADBL,33,45,200.0,295.0,59000.0,2024-04-14
2024041404009606,MEN,50,57,20.0,512.0,10240.0,2024-04-14
2024041401030707,NBL,6,57,69.0,210.5,14524.5,2024-04-14
2024041401030706,NIMB,26,54,150.0,156.0,23400.0,2024-04-14
2024041401030705,ULHC,11,38,10.0,340.6,3406.0,2024-04-14
2024041401030704,PHCL,59,71,100.0,313.0,31300.0,2024-04-14
2024041404009605,BARUN,37,14,50.0,241.1,12055.0,2024-04-14
2024041403013438,KRBL,58,59,50.0,422.0,21100.0,2024-04-14
2024041403013437,KRBL,58,45,150.0,421.0,63150.0,2024-04-14
2024041403013436,PFL,74,13,15.0,546.0,8190.0,2024-04-14
2024041403013435,PFL,74,58,115.0,545.5,62732.5,2024-04-14
2024041404009604,LEC,47,34,37.0,192.0,7104.0,2024-04-14
2024041404009603,LEC,47,49,210.0,191.9,40299.0,2024-04-14
2024041404009602,LEC,47,45,253.0,190.5,48196.5,2024-04-14
2024041401030703,PCBL,56,37,10.0,192.9,1929.0,2024-04-14
2024041401030702,NRM,53,8,10.0,371.0,3710.0,2024-04-14
2024041401030701,SMJC,71,33,20.0,387.8,7756.0,2024-04-14
2024041401030700,RHGCL,71,49,50.0,347.0,17350.0,2024-04-14
2024041401030699,DOLTI,28,64,500.0,532.0,266000.0,2024-04-14
2024041401030698,DOLTI,28,25,100.0,489.0,48900.0,2024-04-14
2024041401030697,DOLTI,28,38,100.0,487.5,48750.0,2024-04-14
2024041401030696,DOLTI,28,39,750.0,487.5,365625.0,2024-04-14
2024041401030695,DOLTI,28,42,225.0,486.8,109530.0,2024-04-14
2024041401030694,DOLTI,28,56,10.0,486.5,4865.0,2024-04-14
2024041401030693,DOLTI,28,5,10.0,486.0,4860.0,2024-04-14
2024041401030692,DOLTI,28,42,75.0,485.0,36375.0,2024-04-14
2024041401030691,DOLTI,28,55,10.0,485.0,4850.0,2024-04-14
2024041401030690,DOLTI,28,50,500.0,484.5,242250.0,2024-04-14
2024041401030689,DOLTI,28,8,50.0,484.5,24225.0,2024-04-14
2024041401030688,DOLTI,28,34,351.0,484.5,170059.5,2024-04-14
2024041401030687,PPL,69,28,55.0,640.5,35227.5,2024-04-14
2024041403013434,SFCL,54,55,150.0,325.0,48750.0,2024-04-14
2024041401030686,USHEC,60,35,30.0,379.9,11397.0,2024-04-14
2024041401030685,MKLB,60,45,10.0,1004.0,10040.0,2024-04-14
2024041403013433,USLB,75,72,10.0,1864.0,18640.0,2024-04-14
2024041401030684,BHPL,35,49,276.0,498.0,137448.0,2024-04-14
2024041401030683,BHPL,35,13,39.0,498.0,19422.0,2024-04-14
2024041401030682,BHPL,35,7,10.0,498.0,4980.0,2024-04-14
2024041401030681,BHPL,35,71,50.0,492.6,24630.0,2024-04-14
2024041401030680,BHPL,35,49,10.0,490.0,4900.0,2024-04-14
2024041401030679,BHPL,35,28,10.0,490.0,4900.0,2024-04-14
2024041401030678,BHPL,35,49,10.0,490.0,4900.0,2024-04-14
2024041401030677,BHPL,35,14,55.0,489.8,26939.0,2024-04-14
2024041401030676,BHPL,35,26,40.0,489.7,19588.0,2024-04-14
2024041404009601,TRH,35,6,50.0,732.0,36600.0,2024-04-14
2024041403013432,RSDC,13,32,10.0,618.8,6188.0,2024-04-14
2024041403013431,SAPDBL,57,34,10.0,303.0,3030.0,2024-04-14
2024041401030675,HHL,57,39,50.0,373.1,18655.0,2024-04-14
2024041401030674,HHL,58,39,20.0,374.0,7480.0,2024-04-14
2024041405005114,HRL,17,62,170.0,613.2,104244.0,2024-04-14
2024041403013430,BFC,21,21,200.0,364.0,72800.0,2024-04-14
2024041403013429,BFC,21,34,100.0,363.0,36300.0,2024-04-14
2024041403013428,BFC,21,14,200.0,363.0,72600.0,2024-04-14
2024041401030673,SMHL,84,18,30.0,448.0,13440.0,2024-04-14
2024041401030672,SMHL,84,29,10.0,448.0,4480.0,2024-04-14
2024041401030671,SMHL,84,49,40.0,447.0,17880.0,2024-04-14
2024041401030670,SMHL,84,55,10.0,445.0,4450.0,2024-04-14
2024041401030669,SMHL,84,54,10.0,445.0,4450.0,2024-04-14
2024041401030668,SMHL,84,74,50.0,443.0,22150.0,2024-04-14
2024041401030667,SARBTM,57,53,365.0,820.0,299300.0,2024-04-14
2024041401030666,SARBTM,29,53,10.0,820.0,8200.0,2024-04-14
2024041401030665,SARBTM,35,53,75.0,820.0,61500.0,2024-04-14
2024041401030664,SARBTM,17,53,50.0,820.1,41005.0,2024-04-14
2024041401030663,MKHL,53,74,54.0,463.9,25050.6,2024-04-14
2024041401030662,MKHL,53,57,10.0,462.0,4620.0,2024-04-14
2024041401030661,MKHL,53,42,10.0,462.0,4620.0,2024-04-14
2024041401030660,MKHL,53,44,10.0,462.0,4620.0,2024-04-14
2024041401030659,MKHL,53,49,16.0,462.0,7392.0,2024-04-14
2024041404009600,NHDL,33,32,10.0,429.0,4290.0,2024-04-14
2024041403013427,MERO,1,39,45.0,638.0,28710.0,2024-04-14
2024041401030658,SARBTM,38,35,10.0,821.0,8210.0,2024-04-14
2024041401030657,VLUCL,58,14,10.0,501.2,5012.0,2024-04-14
2024041404009599,UPCL,22,7,10.0,203.0,2030.0,2024-04-14
2024041404009598,UMHL,58,34,27.0,247.2,6674.4,2024-04-14
2024041404009597,UMHL,58,64,200.0,247.0,49400.0,2024-04-14
2024041404009596,UMHL,58,74,463.0,247.0,114361.0,2024-04-14
2024041404009595,UMHL,58,74,500.0,245.0,122500.0,2024-04-14
2024041404009594,UMHL,58,32,70.0,245.0,17150.0,2024-04-14
2024041404009593,UMHL,58,32,50.0,244.0,12200.0,2024-04-14
2024041404009592,UMHL,58,32,190.0,244.0,46360.0,2024-04-14
2024041401030656,SMJC,58,33,20.0,387.8,7756.0,2024-04-14
2024041403013426,NMBMF,45,45,10.0,615.0,6150.0,2024-04-14
2024041401030655,SNLI,34,42,15.0,593.0,8895.0,2024-04-14
2024041401030654,GCIL,47,8,67.0,490.0,32830.0,2024-04-14
2024041401030653,GCIL,32,8,30.0,490.2,14706.0,2024-04-14
2024041405005113,CHDC,71,70,25.0,848.9,21222.5,2024-04-14
2024041405005112,CHDC,71,21,10.0,848.0,8480.0,2024-04-14
2024041405005111,CHDC,71,38,10.0,846.0,8460.0,2024-04-14
2024041405005110,CHDC,71,33,34.0,846.0,28764.0,2024-04-14
2024041401030652,DOLTI,28,34,1649.0,484.5,798940.5,2024-04-14
2024041401030651,DOLTI,28,34,500.0,484.5,242250.0,2024-04-14
2024041401030650,DOLTI,28,8,30.0,484.5,14535.0,2024-04-14
2024041401030649,DOLTI,28,6,500.0,484.5,242250.0,2024-04-14
2024041401030648,DOLTI,28,56,500.0,484.5,242250.0,2024-04-14
2024041401030647,DOLTI,28,71,980.0,484.5,474810.0,2024-04-14
2024041401030646,DOLTI,28,66,100.0,484.1,48410.0,2024-04-14
2024041401030645,DOLTI,28,21,238.0,484.1,115215.8,2024-04-14
2024041401030644,DOLTI,28,66,100.0,484.1,48410.0,2024-04-14
2024041401030643,DOLTI,28,16,300.0,484.1,145230.0,2024-04-14
2024041401030642,DOLTI,28,49,10.0,484.0,4840.0,2024-04-14
2024041401030641,DOLTI,28,58,79.0,484.0,38236.0,2024-04-14
2024041401030640,DOLTI,28,34,243.0,483.4,117466.2,2024-04-14
2024041401030639,DOLTI,28,38,10.0,483.4,4834.0,2024-04-14
2024041401030638,DOLTI,28,67,200.0,483.0,96600.0,2024-04-14
2024041401030637,DOLTI,28,59,500.0,482.7,241350.0,2024-04-14
2024041401030636,DOLTI,28,70,50.0,482.7,24135.0,2024-04-14
2024041401030635,DOLTI,28,19,30.0,482.0,14460.0,2024-04-14
2024041401030634,DOLTI,28,59,500.0,482.0,241000.0,2024-04-14
2024041401030633,DOLTI,28,35,200.0,482.0,96400.0,2024-04-14
2024041401030632,DOLTI,28,58,10.0,482.0,4820.0,2024-04-14
2024041401030631,DOLTI,28,21,200.0,482.0,96400.0,2024-04-14
2024041401030630,DOLTI,28,58,60.0,481.0,28860.0,2024-04-14
2024041401030629,DOLTI,28,14,11.0,474.0,5214.0,2024-04-14
2024041404009591,CHCL,17,22,10.0,454.5,4545.0,2024-04-14
2024041401030628,TSHL,60,6,185.0,556.0,102860.0,2024-04-14
2024041401030627,TSHL,60,49,10.0,556.0,5560.0,2024-04-14
2024041401030626,TSHL,60,45,100.0,556.0,55600.0,2024-04-14
2024041401030625,TSHL,60,42,10.0,556.0,5560.0,2024-04-14
2024041401030624,TSHL,60,11,10.0,555.9,5559.0,2024-04-14
2024041401030623,TSHL,60,44,500.0,555.9,277950.0,2024-04-14
2024041401030622,TSHL,60,42,185.0,555.0,102675.0,2024-04-14
2024041401030621,IHL,43,7,10.0,409.5,4095.0,2024-04-14
2024041403013425,SAPDBL,20,34,66.0,303.0,19998.0,2024-04-14
2024041401030620,NABIL,34,55,10.0,438.0,4380.0,2024-04-14
2024041401030619,NABIL,34,51,90.0,437.9,39411.0,2024-04-14
2024041401030618,MKHL,58,32,100.0,460.1,46010.0,2024-04-14
2024041401030617,MKHC,19,65,20.0,341.9,6838.0,2024-04-14
2024041401030616,MKHC,19,36,20.0,341.5,6830.0,2024-04-14
2024041401030615,MKHC,19,25,460.0,340.0,156400.0,2024-04-14
2024041401030614,SRLI,59,19,267.0,439.0,117213.0,2024-04-14
2024041401030613,SRLI,34,19,73.0,439.3,32068.9,2024-04-14
2024041401030612,SRLI,52,19,25.0,439.5,10987.5,2024-04-14
2024041401030611,SRLI,74,19,90.0,439.5,39555.0,2024-04-14
2024041401030610,SRLI,58,19,60.0,439.6,26376.0,2024-04-14
2024041401030609,SRLI,59,19,20.0,439.7,8794.0,2024-04-14
2024041403013424,GRDBL,53,32,400.0,378.0,151200.0,2024-04-14
2024041404009590,HURJA,41,16,70.0,289.2,20244.0,2024-04-14
2024041403013423,ILBS,77,49,10.0,971.0,9710.0,2024-04-14
2024041401030608,TSHL,77,17,16.0,552.9,8846.4,2024-04-14
2024041401030607,TSHL,77,35,50.0,552.0,27600.0,2024-04-14
2024041401030606,CITY,50,62,150.0,592.5,88875.0,2024-04-14
2024041401030605,SBL,50,58,72.0,226.0,16272.0,2024-04-14
2024041401030604,SBL,50,26,128.0,226.0,28928.0,2024-04-14
2024041401030603,MANDU,65,6,200.0,812.0,162400.0,2024-04-14
2024041401030602,MKCL,7,6,30.0,921.0,27630.0,2024-04-14
2024041401030601,MKCL,41,6,10.0,921.0,9210.0,2024-04-14
2024041401030600,MKCL,45,6,200.0,921.0,184200.0,2024-04-14
2024041401030599,MKCL,6,6,60.0,921.2,55272.0,2024-04-14
2024041403013422,CBBL,65,59,35.0,836.0,29260.0,2024-04-14
2024041405005109,NIFRA,35,14,30.0,204.0,6120.0,2024-04-14
2024041401030598,NRM,53,45,185.0,371.0,68635.0,2024-04-14
2024041403013421,JBBL,39,42,143.0,291.0,41613.0,2024-04-14
2024041403013420,JBBL,57,42,63.0,292.0,18396.0,2024-04-14
2024041404009589,NGPL,58,55,200.0,332.0,66400.0,2024-04-14
2024041403013419,MNBBL,17,57,50.0,341.0,17050.0,2024-04-14
2024041403013418,MFIL,41,29,18.0,511.1,9199.8,2024-04-14
2024041401030597,SMJC,4,35,10.0,385.4,3854.0,2024-04-14
2024041405005108,NIFRA,35,49,54.0,204.0,11016.0,2024-04-14
2024041401030596,BEDC,45,57,500.0,368.0,184000.0,2024-04-14
2024041403013417,ILBS,62,49,51.0,971.0,49521.0,2024-04-14
2024041403013416,ILBS,62,62,30.0,970.0,29100.0,2024-04-14
2024041403013415,ILBS,62,65,19.0,970.0,18430.0,2024-04-14
2024041403013414,ILBS,62,44,95.0,970.0,92150.0,2024-04-14
2024041403013413,ILBS,62,49,105.0,970.0,101850.0,2024-04-14
2024041401030595,NIMB,41,54,34.0,156.0,5304.0,2024-04-14
2024041401030594,NIMB,41,45,166.0,156.0,25896.0,2024-04-14
2024041401030593,RHGCL,65,49,445.0,347.0,154415.0,2024-04-14
2024041401030592,RHGCL,65,38,100.0,346.0,34600.0,2024-04-14
2024041401030591,RHGCL,65,53,1455.0,346.0,503430.0,2024-04-14
2024041403013412,SINDU,34,36,10.0,365.3,3653.0,2024-04-14
2024041401030590,RAWA,50,34,10.0,490.0,4900.0,2024-04-14
2024041401030589,RAWA,13,34,10.0,490.0,4900.0,2024-04-14
2024041403013411,SLBBL,33,52,100.0,672.0,67200.0,2024-04-14
2024041403013410,SJLIC,22,49,200.0,500.0,100000.0,2024-04-14
2024041403013409,GBLBS,22,17,10.0,635.0,6350.0,2024-04-14
2024041401030588,SONA,22,13,20.0,454.0,9080.0,2024-04-14
2024041401030587,KDL,47,45,25.0,799.9,19997.5,2024-04-14
2024041401030586,KDL,47,32,10.0,799.9,7999.0,2024-04-14
2024041401030585,KDL,47,49,20.0,795.0,15900.0,2024-04-14
2024041401030584,KDL,47,26,153.0,795.0,121635.0,2024-04-14
2024041401030583,KDL,47,56,30.0,795.0,23850.0,2024-04-14
2024041401030582,KDL,47,42,10.0,795.0,7950.0,2024-04-14
2024041401030581,SIKLES,35,58,10.0,527.9,5279.0,2024-04-14
2024041401030580,CLI,8,14,135.0,448.0,60480.0,2024-04-14
2024041401030579,CLI,8,44,15.0,447.9,6718.5,2024-04-14
2024041403013408,SJLIC,17,49,100.0,500.0,50000.0,2024-04-14
2024041404009588,NGPL,7,56,399.0,333.0,132867.0,2024-04-14
2024041404009587,NGPL,7,35,200.0,333.0,66600.0,2024-04-14
2024041404009586,NGPL,7,42,401.0,333.0,133533.0,2024-04-14
2024041401030578,MANDU,65,49,550.0,812.0,446600.0,2024-04-14
2024041401030577,MANDU,45,49,50.0,813.0,40650.0,2024-04-14
2024041401030576,SNLI,34,49,10.0,593.0,5930.0,2024-04-14
2024041404009585,SSHL,49,4,20.0,165.0,3300.0,2024-04-14
2024041401030575,SARBTM,35,35,25.0,820.0,20500.0,2024-04-14
2024041401030574,SARBTM,44,35,50.0,820.0,41000.0,2024-04-14
2024041401030573,SARBTM,16,35,55.0,820.0,45100.0,2024-04-14
2024041401030572,SARBTM,41,35,50.0,820.1,41005.0,2024-04-14
2024041401030571,SARBTM,41,35,50.0,820.5,41025.0,2024-04-14
2024041401030570,IHL,17,57,110.0,404.0,44440.0,2024-04-14
2024041401030569,AVYAN,62,18,10.0,695.0,6950.0,2024-04-14
2024041401030568,AVYAN,62,1,50.0,694.9,34745.0,2024-04-14
2024041401030567,AVYAN,62,95,100.0,694.9,69490.0,2024-04-14
2024041401030566,AVYAN,62,34,10.0,690.0,6900.0,2024-04-14
2024041401030565,AVYAN,62,54,50.0,689.0,34450.0,2024-04-14
2024041401030564,AVYAN,62,36,80.0,686.0,54880.0,2024-04-14
2024041403013407,PFL,41,1,255.0,545.0,138975.0,2024-04-14
2024041403013406,PFL,41,19,75.0,545.0,40875.0,2024-04-14
2024041403013405,PFL,41,58,100.0,544.9,54490.0,2024-04-14
2024041403013404,PFL,41,55,100.0,544.0,54400.0,2024-04-14
2024041403013403,PFL,41,13,200.0,544.0,108800.0,2024-04-14
2024041403013402,PFL,41,46,23.0,544.0,12512.0,2024-04-14
2024041403013401,PFL,41,41,112.0,544.0,60928.0,2024-04-14
2024041403013400,PFL,41,21,100.0,544.0,54400.0,2024-04-14
2024041403013399,PFL,41,13,90.0,544.0,48960.0,2024-04-14
2024041403013398,PFL,41,6,52.0,543.0,28236.0,2024-04-14
2024041403013397,PFL,41,25,21.0,543.0,11403.0,2024-04-14
2024041403013396,PFL,41,21,30.0,543.0,16290.0,2024-04-14
2024041403013395,PFL,41,19,100.0,542.1,54210.0,2024-04-14
2024041403013394,PFL,41,8,20.0,542.0,10840.0,2024-04-14
2024041403013393,PFL,41,58,95.0,542.0,51490.0,2024-04-14
2024041403013392,PFL,41,38,43.0,542.0,23306.0,2024-04-14
2024041403013391,PFL,41,29,17.0,542.0,9214.0,2024-04-14
2024041403013390,PFL,41,7,26.0,541.0,14066.0,2024-04-14
2024041403013389,PFL,41,50,200.0,541.0,108200.0,2024-04-14
2024041403013388,PFL,41,49,299.0,541.0,161759.0,2024-04-14
2024041403013387,PFL,41,33,15.0,541.0,8115.0,2024-04-14
2024041403013386,PFL,41,19,100.0,540.0,54000.0,2024-04-14
2024041403013385,PFL,41,32,200.0,540.0,108000.0,2024-04-14
2024041403013384,PFL,41,36,894.0,540.0,482760.0,2024-04-14
2024041403013383,PFL,41,14,10.0,539.5,5395.0,2024-04-14
2024041404009584,TRH,41,6,25.0,732.0,18300.0,2024-04-14
2024041404009583,AHPC,41,7,139.0,171.3,23810.7,2024-04-14
2024041401030563,SHIVM,38,32,200.0,509.3,101860.0,2024-04-14
2024041401030562,SHIVM,57,32,1750.0,509.3,891275.0,2024-04-14
2024041401030561,MEL,33,58,20.0,243.4,4868.0,2024-04-14
2024041404009582,RIDI,86,55,10.0,177.5,1775.0,2024-04-14
2024041403013382,EDBL,42,51,20.0,365.8,7316.0,2024-04-14
2024041401030560,HIDCLP,42,42,10.0,101.0,1010.0,2024-04-14
2024041404009581,NGPL,58,58,500.0,332.0,166000.0,2024-04-14
2024041401030559,RNLI,51,42,25.0,430.1,10752.5,2024-04-14
2024041401030558,GVL,42,66,110.0,429.1,47201.0,2024-04-14
2024041403013381,FMDBL,58,57,28.0,629.0,17612.0,2024-04-14
2024041403013380,FMDBL,58,25,72.0,628.0,45216.0,2024-04-14
2024041401030557,AHL,18,25,30.0,449.8,13494.0,2024-04-14
2024041401030556,KBSH,72,19,20.0,1055.0,21100.0,2024-04-14
2024041401030555,KBSH,72,58,10.0,1053.0,10530.0,2024-04-14
2024041401030554,KBSH,72,71,10.0,1053.0,10530.0,2024-04-14
2024041401030553,KBSH,72,17,150.0,1050.0,157500.0,2024-04-14
2024041401030552,KBSH,72,55,60.0,1050.0,63000.0,2024-04-14
2024041401030551,KBSH,72,7,10.0,1045.0,10450.0,2024-04-14
2024041401030550,KBSH,72,57,10.0,1045.0,10450.0,2024-04-14
2024041401030549,KBSH,72,58,10.0,1045.0,10450.0,2024-04-14
2024041401030548,KBSH,72,57,10.0,1043.0,10430.0,2024-04-14
2024041401030547,KBSH,72,34,10.0,1039.0,10390.0,2024-04-14
2024041401030546,KBSH,72,17,10.0,1038.0,10380.0,2024-04-14
2024041401030545,KBSH,72,57,40.0,1038.0,41520.0,2024-04-14
2024041401030544,KBSH,72,43,67.0,1037.9,69539.3,2024-04-14
2024041401030543,SONA,10,13,10.0,454.0,4540.0,2024-04-14
2024041401030542,CYCL,62,54,117.0,1730.0,202410.0,2024-04-14
2024041404009580,AHPC,26,7,50.0,171.3,8565.0,2024-04-14
2024041401030541,USHL,49,25,10.0,504.0,5040.0,2024-04-14
2024041401030540,ULHC,49,66,10.0,344.9,3449.0,2024-04-14
2024041401030539,SIKLES,35,6,32.0,530.0,16960.0,2024-04-14
2024041401030538,SIKLES,35,17,18.0,529.2,9525.6,2024-04-14
2024041403013379,KLBSL,62,58,10.0,890.0,8900.0,2024-04-14
2024041401030537,MEL,49,21,10.0,243.1,2431.0,2024-04-14
2024041401030536,SMJC,34,33,10.0,387.8,3878.0,2024-04-14
2024041401030535,TSHL,77,42,115.0,555.0,63825.0,2024-04-14
2024041401030534,TSHL,77,74,100.0,555.0,55500.0,2024-04-14
2024041401030533,TSHL,77,52,50.0,555.0,27750.0,2024-04-14
2024041401030532,TSHL,77,74,150.0,555.0,83250.0,2024-04-14
2024041401030531,TSHL,77,42,10.0,555.0,5550.0,2024-04-14
2024041401030530,TSHL,77,42,80.0,555.0,44400.0,2024-04-14
2024041401030529,TSHL,77,49,10.0,555.0,5550.0,2024-04-14
2024041401030528,TSHL,77,52,100.0,554.8,55480.0,2024-04-14
2024041401030527,TSHL,77,44,300.0,554.2,166260.0,2024-04-14
2024041401030526,TSHL,77,47,10.0,554.1,5541.0,2024-04-14
2024041401030525,TSHL,77,44,75.0,554.0,41550.0,2024-04-14
2024041401030524,MKHL,58,36,1325.0,460.1,609632.5,2024-04-14
2024041401030523,SHLB,48,38,10.0,1260.0,12600.0,2024-04-14
2024041403013378,VLBS,38,88,10.0,747.0,7470.0,2024-04-14
2024041401030522,ILI,80,22,10.0,545.2,5452.0,2024-04-14
2024041404009579,AHPC,45,38,10.0,172.0,1720.0,2024-04-14
2024041401030521,PPL,62,71,300.0,640.4,192120.0,2024-04-14
2024041401030520,RFPL,42,88,100.0,395.0,39500.0,2024-04-14
2024041403013377,MFIL,41,42,22.0,511.1,11244.2,2024-04-14
2024041403013376,RSDC,49,42,100.0,612.2,61220.0,2024-04-14
2024041401030519,RFPL,95,58,520.0,394.0,204880.0,2024-04-14
2024041401030518,MBJC,29,85,170.0,301.0,51170.0,2024-04-14
2024041401030517,MBJC,29,6,200.0,301.0,60200.0,2024-04-14
2024041401030516,MBJC,29,50,130.0,301.0,39130.0,2024-04-14
2024041401030515,NWCL,49,26,20.0,745.0,14900.0,2024-04-14
2024041404009578,UNHPL,33,35,80.0,231.6,18528.0,2024-04-14
2024041404009577,UPPER,62,42,100.0,169.3,16930.0,2024-04-14
2024041403013375,GBLBS,41,17,100.0,635.0,63500.0,2024-04-14
2024041404009576,MHNL,4,21,135.0,228.2,30807.0,2024-04-14
2024041404009575,MHNL,45,21,25.0,228.2,5705.0,2024-04-14
2024041401030514,RNLI,54,22,2.0,430.1,860.2,2024-04-14
2024041401030513,RNLI,54,21,10.0,430.1,4301.0,2024-04-14
2024041404009574,SPIL,76,64,40.0,752.3,30092.0,2024-04-14
2024041401030512,PRVU,26,19,187.0,139.1,26011.7,2024-04-14
2024041401030511,PRVU,58,19,1000.0,139.2,139200.0,2024-04-14
2024041401030510,PRVU,1,19,30.0,139.2,4176.0,2024-04-14
2024041401030509,PRVU,39,19,10.0,139.5,1395.0,2024-04-14
2024041401030508,TSHL,16,44,25.0,554.0,13850.0,2024-04-14
2024041401030507,TSHL,16,29,240.0,554.0,132960.0,2024-04-14
2024041401030506,TSHL,16,7,200.0,554.0,110800.0,2024-04-14
2024041401030505,TSHL,16,51,35.0,554.0,19390.0,2024-04-14
2024041401030504,TSHL,16,74,100.0,554.0,55400.0,2024-04-14
2024041401030503,TSHL,16,55,10.0,554.0,5540.0,2024-04-14
2024041401030502,TSHL,16,37,100.0,554.0,55400.0,2024-04-14
2024041401030501,TSHL,16,48,20.0,553.9,11078.0,2024-04-14
2024041401030500,TSHL,16,62,60.0,552.9,33174.0,2024-04-14
2024041401030499,TSHL,16,21,200.0,552.1,110420.0,2024-04-14
2024041401030498,TSHL,16,54,10.0,552.0,5520.0,2024-04-14
2024041403013374,SJLIC,1,49,20.0,500.0,10000.0,2024-04-14
2024041404009573,CHL,56,52,13.0,312.9,4067.7,2024-04-14
2024041404009572,CHL,56,39,87.0,312.9,27222.3,2024-04-14
2024041404009571,CHL,56,57,300.0,312.8,93840.0,2024-04-14
2024041404009570,CHL,56,41,100.0,312.0,31200.0,2024-04-14
2024041401030497,ILI,80,36,50.0,545.2,27260.0,2024-04-14
2024041401030496,ILI,80,34,10.0,545.2,5452.0,2024-04-14
2024041403013373,MFIL,41,42,100.0,511.1,51110.0,2024-04-14
2024041403013372,SMFBS,25,33,10.0,1219.0,12190.0,2024-04-14
2024041403013371,NFS,18,38,280.0,452.0,126560.0,2024-04-14
2024041403013370,NFS,18,57,20.0,452.0,9040.0,2024-04-14
2024041403013369,PFL,88,58,154.0,538.0,82852.0,2024-04-14
2024041403013368,PFL,45,58,20.0,539.0,10780.0,2024-04-14
2024041401030495,PRVU,39,35,120.0,139.5,16740.0,2024-04-14
2024041403013367,GUFL,41,62,10.0,828.5,8285.0,2024-04-14
2024041404009569,NGPL,58,62,100.0,332.0,33200.0,2024-04-14
2024041401030494,MANDU,65,43,80.0,814.9,65192.0,2024-04-14
2024041401030493,MANDU,65,52,100.0,814.9,81490.0,2024-04-14
2024041401030492,MANDU,65,52,540.0,814.0,439560.0,2024-04-14
2024041401030491,MANDU,65,58,110.0,814.0,89540.0,2024-04-14
2024041401030490,MANDU,65,51,30.0,814.0,24420.0,2024-04-14
2024041401030489,MANDU,65,42,10.0,814.0,8140.0,2024-04-14
2024041401030488,MANDU,65,62,100.0,814.0,81400.0,2024-04-14
2024041401030487,MANDU,65,59,10.0,814.0,8140.0,2024-04-14
2024041401030486,MANDU,65,58,20.0,813.9,16278.0,2024-04-14
2024041401030485,MANDU,65,47,100.0,813.9,81390.0,2024-04-14
2024041401030484,MANDU,65,42,10.0,813.0,8130.0,2024-04-14
2024041401030483,MANDU,65,69,390.0,813.0,317070.0,2024-04-14
2024041403013366,GUFL,41,32,930.0,828.5,770505.0,2024-04-14
2024041404009568,SGIC,32,36,10.0,529.9,5299.0,2024-04-14
2024041404009567,AKJCL,34,7,150.0,214.0,32100.0,2024-04-14
2024041401030482,MEL,49,34,50.0,243.1,12155.0,2024-04-14
2024041401030481,RHGCL,44,53,35.0,346.0,12110.0,2024-04-14
2024041405005107,NRIC,32,50,14.0,757.1,10599.4,2024-04-14
2024041404009566,NGPL,14,42,100.0,333.0,33300.0,2024-04-14
2024041404009565,NGPL,14,11,100.0,333.0,33300.0,2024-04-14
2024041404009564,NGPL,14,34,100.0,333.0,33300.0,2024-04-14
2024041404009563,NGPL,14,16,200.0,333.0,66600.0,2024-04-14
2024041401030480,SARBTM,41,38,50.0,820.5,41025.0,2024-04-14
2024041401030479,SONA,22,13,20.0,454.0,9080.0,2024-04-14
2024041404009562,UPPER,4,45,671.0,169.0,113399.0,2024-04-14
2024041404009561,UPPER,42,45,20.0,169.0,3380.0,2024-04-14
2024041404009560,UPPER,58,45,309.0,169.0,52221.0,2024-04-14
2024041401030478,MKHC,45,25,40.0,340.0,13600.0,2024-04-14
2024041401030477,MKHC,45,41,90.0,340.0,30600.0,2024-04-14
2024041401030476,MKHC,45,22,10.0,340.0,3400.0,2024-04-14
2024041401030475,MKHC,45,58,30.0,339.9,10197.0,2024-04-14
2024041401030474,MKHC,45,34,230.0,339.0,77970.0,2024-04-14
2024041403013365,GUFL,41,45,1000.0,828.5,828500.0,2024-04-14
2024041401030473,NBL,55,57,12.0,210.5,2526.0,2024-04-14
2024041404009559,HDHPC,45,4,300.0,133.6,40080.0,2024-04-14
2024041404009558,HDHPC,58,4,500.0,133.6,66800.0,2024-04-14
2024041404009557,GHL,4,6,300.0,155.0,46500.0,2024-04-14
2024041404009556,GHL,4,35,100.0,155.0,15500.0,2024-04-14
2024041404009555,GHL,4,53,500.0,155.0,77500.0,2024-04-14
2024041404009554,GHL,4,33,400.0,155.0,62000.0,2024-04-14
2024041404009553,GHL,4,58,54.0,155.0,8370.0,2024-04-14
2024041404009552,GHL,4,48,100.0,155.0,15500.0,2024-04-14
2024041404009551,GHL,4,45,500.0,155.0,77500.0,2024-04-14
2024041404009550,GHL,4,45,500.0,154.8,77400.0,2024-04-14
2024041404009549,GHL,4,50,400.0,154.8,61920.0,2024-04-14
2024041404009548,GHL,4,57,600.0,154.6,92760.0,2024-04-14
2024041404009547,GHL,4,57,200.0,154.5,30900.0,2024-04-14
2024041404009546,GHL,4,43,100.0,154.5,15450.0,2024-04-14
2024041404009545,GHL,4,59,30.0,154.5,4635.0,2024-04-14
2024041403013364,GUFL,41,29,1451.0,828.5,1202153.5,2024-04-14
2024041403013363,NFS,7,42,180.0,451.0,81180.0,2024-04-14
2024041401030472,NMB,41,75,46.0,176.0,8096.0,2024-04-14
2024041401030471,NMB,56,75,102.0,176.6,18013.2,2024-04-14
2024041401030470,PHCL,56,41,100.0,313.0,31300.0,2024-04-14
2024041401030469,PHCL,44,41,150.0,313.0,46950.0,2024-04-14
2024041405005106,CIT,52,41,21.0,2108.0,44268.0,2024-04-14
2024041405005105,CIT,17,41,100.0,2108.0,210800.0,2024-04-14
2024041405005104,CIT,28,41,100.0,2108.1,210810.0,2024-04-14
2024041405005103,CIT,56,41,62.0,2108.1,130702.2,2024-04-14
2024041405005102,CIT,51,41,30.0,2109.0,63270.0,2024-04-14
2024041405005101,CIT,81,41,200.0,2109.0,421800.0,2024-04-14
2024041405005100,CIT,16,41,10.0,2110.0,21100.0,2024-04-14
2024041405005099,CIT,59,41,40.0,2110.0,84400.0,2024-04-14
2024041405005098,CIT,49,41,15.0,2110.0,31650.0,2024-04-14
2024041405005097,CIT,41,41,22.0,2112.0,46464.0,2024-04-14
2024041401030468,SNLI,34,45,10.0,593.0,5930.0,2024-04-14
2024041401030467,SNLI,34,58,10.0,593.0,5930.0,2024-04-14
2024041401030466,SNLI,34,42,10.0,593.0,5930.0,2024-04-14
2024041401030465,SNLI,34,45,30.0,593.0,17790.0,2024-04-14
2024041404009544,NGPL,58,53,50.0,332.0,16600.0,2024-04-14
2024041403013362,MPFL,77,28,16.0,382.9,6126.4,2024-04-14
2024041403013361,MPFL,77,4,347.0,381.0,132207.0,2024-04-14
2024041403013360,MPFL,77,26,10.0,380.4,3804.0,2024-04-14
2024041403013359,MPFL,77,43,500.0,380.0,190000.0,2024-04-14
2024041403013358,MPFL,77,35,100.0,380.0,38000.0,2024-04-14
2024041403013357,MPFL,77,22,27.0,380.0,10260.0,2024-04-14
2024041403013356,SFCL,34,80,17.0,324.0,5508.0,2024-04-14
2024041401030464,BNHC,44,33,100.0,476.0,47600.0,2024-04-14
2024041403013355,CFCL,20,59,352.0,378.0,133056.0,2024-04-14
2024041403013354,CFCL,53,59,100.0,378.0,37800.0,2024-04-14
2024041403013353,CFCL,33,59,100.0,378.2,37820.0,2024-04-14
2024041403013352,CFCL,45,59,50.0,380.0,19000.0,2024-04-14
2024041403013351,CFCL,35,59,90.0,380.0,34200.0,2024-04-14
2024041403013350,CFCL,35,59,80.0,380.0,30400.0,2024-04-14
2024041403013349,CFCL,70,59,100.0,380.0,38000.0,2024-04-14
2024041403013348,CFCL,7,59,100.0,380.0,38000.0,2024-04-14
2024041403013347,CFCL,48,59,100.0,380.0,38000.0,2024-04-14
2024041403013346,CFCL,39,59,453.0,380.0,172140.0,2024-04-14
2024041403013345,CFCL,64,59,300.0,382.0,114600.0,2024-04-14
2024041401030463,NIMB,56,45,20.0,156.0,3120.0,2024-04-14
2024041405005096,STC,54,55,40.0,4500.0,180000.0,2024-04-14
2024041401030462,MEL,42,58,740.0,243.4,180116.0,2024-04-14
2024041401030461,MEL,42,34,10.0,243.2,2432.0,2024-04-14
2024041401030460,SMJC,29,33,100.0,387.8,38780.0,2024-04-14
2024041401030459,VLUCL,58,49,10.0,501.2,5012.0,2024-04-14
2024041403013344,FMDBL,58,42,100.0,628.8,62880.0,2024-04-14
2024041401030458,NBLD87,49,45,50.0,1000.0,50000.0,2024-04-14
2024041401030457,NBLD87,49,49,50.0,1000.0,50000.0,2024-04-14
2024041401030456,NBLD87,49,52,25.0,999.9,24997.5,2024-04-14
2024041401030455,CYCL,62,49,40.0,1749.0,69960.0,2024-04-14
2024041401030454,CYCL,62,49,27.0,1749.0,47223.0,2024-04-14
2024041401030453,CYCL,62,41,13.0,1745.0,22685.0,2024-04-14
2024041401030452,CYCL,62,22,10.0,1745.0,17450.0,2024-04-14
2024041401030451,CYCL,62,38,13.0,1745.0,22685.0,2024-04-14
2024041401030450,CYCL,62,54,13.0,1745.0,22685.0,2024-04-14
2024041401030449,CYCL,62,26,10.0,1743.0,17430.0,2024-04-14
2024041401030448,CYCL,62,45,13.0,1741.0,22633.0,2024-04-14
2024041401030447,CYCL,62,45,10.0,1740.0,17400.0,2024-04-14
2024041401030446,CYCL,62,42,10.0,1740.0,17400.0,2024-04-14
2024041401030445,CYCL,62,26,13.0,1740.0,22620.0,2024-04-14
2024041401030444,CYCL,62,6,13.0,1740.0,22620.0,2024-04-14
2024041401030443,CYCL,62,38,10.0,1740.0,17400.0,2024-04-14
2024041401030442,CYCL,62,44,13.0,1735.0,22555.0,2024-04-14
2024041401030441,CYCL,62,17,12.0,1735.0,20820.0,2024-04-14
2024041401030440,CYCL,62,42,70.0,1735.0,121450.0,2024-04-14
2024041401030439,CYCL,62,34,10.0,1735.0,17350.0,2024-04-14
2024041401030438,CYCL,62,50,10.0,1734.0,17340.0,2024-04-14
2024041401030437,CYCL,62,84,190.0,1734.0,329460.0,2024-04-14
2024041403013343,MLBBL,41,44,22.0,1087.0,23914.0,2024-04-14
2024041403013342,MLBBL,41,42,10.0,1086.0,10860.0,2024-04-14
2024041403013341,MLBBL,41,49,50.0,1085.0,54250.0,2024-04-14
2024041403013340,MLBBL,41,58,11.0,1079.0,11869.0,2024-04-14
2024041401030436,MMKJL,64,64,20.0,407.0,8140.0,2024-04-14
2024041404009543,UPPER,58,50,91.0,169.0,15379.0,2024-04-14
2024041404009542,UPPER,42,50,59.0,169.0,9971.0,2024-04-14
2024041404009541,UPPER,13,50,60.0,169.0,10140.0,2024-04-14
2024041404009540,UPPER,77,50,40.0,169.0,6760.0,2024-04-14
2024041404009539,MEN,6,57,10.0,512.0,5120.0,2024-04-14
2024041403013339,SJLIC,34,49,10.0,500.0,5000.0,2024-04-14
2024041401030435,SHIVM,34,17,12.0,510.0,6120.0,2024-04-14
2024041401030434,SHIVM,34,34,18.0,509.4,9169.2,2024-04-14
2024041401030433,MEHL,70,19,40.0,332.0,13280.0,2024-04-14
2024041401030432,MEHL,70,35,60.0,332.0,19920.0,2024-04-14
2024041401030431,DOLTI,6,14,54.0,474.0,25596.0,2024-04-14
2024041401030430,ADBL,32,38,182.0,226.1,41150.2,2024-04-14
2024041401030429,ADBL,54,38,50.0,226.5,11325.0,2024-04-14
2024041401030428,ADBL,49,38,40.0,226.5,9060.0,2024-04-14
2024041401030427,MEHL,28,22,150.0,331.5,49725.0,2024-04-14
2024041401030426,MEHL,77,22,150.0,331.8,49770.0,2024-04-14
2024041401030425,MCHL,41,56,10.0,383.0,3830.0,2024-04-14
2024041401030424,CLI,35,56,10.0,446.4,4464.0,2024-04-14
2024041404009538,AHPC,45,38,120.0,172.0,20640.0,2024-04-14
2024041404009537,NGPL,7,59,41.0,333.0,13653.0,2024-04-14
2024041404009536,NGPL,7,71,150.0,332.9,49935.0,2024-04-14
2024041404009535,NGPL,7,4,87.0,332.1,28892.7,2024-04-14
2024041401030423,NRM,53,35,300.0,371.0,111300.0,2024-04-14
2024041405005095,HRL,62,41,50.0,613.5,30675.0,2024-04-14
2024041401030422,CITY,40,62,50.0,592.5,29625.0,2024-04-14
2024041401030421,CITY,35,62,70.0,592.5,41475.0,2024-04-14
2024041401030420,CITY,57,62,20.0,592.6,11852.0,2024-04-14
2024041401030419,CITY,43,62,44.0,592.9,26087.6,2024-04-14
2024041401030418,CITY,39,62,15.0,592.9,8893.5,2024-04-14
2024041401030417,CITY,56,62,100.0,593.0,59300.0,2024-04-14
2024041403013338,NADEP,64,38,18.0,717.0,12906.0,2024-04-14
2024041403013337,NADEP,64,59,100.0,716.0,71600.0,2024-04-14
2024041405005094,HRL,51,41,20.0,613.5,12270.0,2024-04-14
2024041401030416,CLI,41,44,10.0,447.9,4479.0,2024-04-14
2024041405005093,HRL,32,41,40.0,613.5,24540.0,2024-04-14
2024041405005092,HRL,45,41,130.0,613.5,79755.0,2024-04-14
2024041404009534,KPCL,50,49,10.0,424.3,4243.0,2024-04-14
2024041404009533,KPCL,50,41,20.0,417.1,8342.0,2024-04-14
2024041404009532,KPCL,50,17,13.0,417.0,5421.0,2024-04-14
2024041404009531,KPCL,50,32,10.0,416.0,4160.0,2024-04-14
2024041404009530,KPCL,50,41,300.0,416.0,124800.0,2024-04-14
2024041404009529,KPCL,50,29,13.0,416.0,5408.0,2024-04-14
2024041404009528,KPCL,50,50,582.0,416.0,242112.0,2024-04-14
2024041404009527,KPCL,50,45,351.0,412.5,144787.5,2024-04-14
2024041404009526,KPCL,50,42,10.0,412.5,4125.0,2024-04-14
2024041404009525,KPCL,50,56,100.0,412.0,41200.0,2024-04-14
2024041404009524,KPCL,50,42,13.0,412.0,5356.0,2024-04-14
2024041404009523,KPCL,50,4,13.0,409.9,5328.7,2024-04-14
2024041404009522,KPCL,50,6,50.0,409.9,20495.0,2024-04-14
2024041404009521,KPCL,50,6,50.0,409.9,20495.0,2024-04-14
2024041404009520,KPCL,50,49,1300.0,407.0,529100.0,2024-04-14
2024041404009519,KPCL,50,35,24.0,407.0,9768.0,2024-04-14
2024041404009518,KPCL,50,40,500.0,406.0,203000.0,2024-04-14
2024041404009517,KPCL,50,7,13.0,406.0,5278.0,2024-04-14
2024041404009516,KPCL,50,42,13.0,405.9,5276.7,2024-04-14
2024041404009515,KPCL,50,53,20.0,405.8,8116.0,2024-04-14
2024041404009514,KPCL,50,49,444.0,404.0,179376.0,2024-04-14
2024041401030415,GVL,39,66,310.0,429.1,133021.0,2024-04-14
2024041404009513,AHPC,6,38,160.0,172.0,27520.0,2024-04-14
2024041404009512,TRH,47,6,20.0,732.0,14640.0,2024-04-14
2024041404009511,TRH,42,6,20.0,732.0,14640.0,2024-04-14
2024041404009510,TRH,19,6,27.0,732.0,19764.0,2024-04-14
2024041404009509,TRH,43,6,100.0,732.0,73200.0,2024-04-14
2024041404009508,TRH,34,6,400.0,732.1,292840.0,2024-04-14
2024041401030414,AVYAN,14,36,50.0,686.0,34300.0,2024-04-14
2024041403013336,ICFC,49,47,100.0,513.0,51300.0,2024-04-14
2024041403013335,ICFC,4,47,200.0,513.0,102600.0,2024-04-14
2024041403013334,ICFC,49,47,100.0,513.2,51320.0,2024-04-14
2024041403013333,ICFC,14,47,100.0,514.0,51400.0,2024-04-14
2024041403013332,ICFC,14,47,60.0,514.0,30840.0,2024-04-14
2024041403013331,ICFC,49,47,100.0,514.0,51400.0,2024-04-14
2024041403013330,ICFC,40,47,50.0,514.1,25705.0,2024-04-14
2024041403013329,ICFC,6,47,100.0,514.1,51410.0,2024-04-14
2024041405005091,HRL,45,47,10.0,613.5,6135.0,2024-04-14
2024041404009507,UPPER,16,22,500.0,169.1,84550.0,2024-04-14
2024041404009506,NGPL,58,56,500.0,332.0,166000.0,2024-04-14
2024041401030413,PPL,62,8,500.0,640.4,320200.0,2024-04-14
2024041403013328,MLBL,46,45,15.0,321.2,4818.0,2024-04-14
2024041401030412,JBLB,25,11,10.0,1315.0,13150.0,2024-04-14
2024041403013327,GUFL,41,29,100.0,828.5,82850.0,2024-04-14
2024041401030411,MLBS,29,44,10.0,1230.0,12300.0,2024-04-14
2024041405005090,NIFRA,58,48,147.0,203.0,29841.0,2024-04-14
2024041405005089,NIFRA,13,48,100.0,203.0,20300.0,2024-04-14
2024041405005088,NIFRA,21,48,140.0,203.0,28420.0,2024-04-14
2024041405005087,NIFRA,57,48,50.0,203.2,10160.0,2024-04-14
2024041401030410,MEL,49,48,500.0,243.1,121550.0,2024-04-14
2024041401030409,HHL,57,26,10.0,375.0,3750.0,2024-04-14
2024041401030408,SANIMA,57,57,196.0,235.0,46060.0,2024-04-14
2024041401030407,USHEC,84,35,100.0,379.9,37990.0,2024-04-14
2024041401030406,USHEC,84,35,900.0,379.9,341910.0,2024-04-14
2024041403013326,NADEP,49,44,100.0,713.0,71300.0,2024-04-14
2024041401030405,CYCL,62,64,200.0,1730.0,346000.0,2024-04-14
2024041401030404,SRLI,26,45,52.0,445.0,23140.0,2024-04-14
2024041401030403,SRLI,26,7,10.0,445.0,4450.0,2024-04-14
2024041401030402,SRLI,26,19,15.0,445.0,6675.0,2024-04-14
2024041401030401,SRLI,26,52,10.0,443.0,4430.0,2024-04-14
2024041401030400,SRLI,26,33,10.0,443.0,4430.0,2024-04-14
2024041401030399,SRLI,26,58,10.0,443.0,4430.0,2024-04-14
2024041401030398,SRLI,26,8,10.0,443.0,4430.0,2024-04-14
2024041401030397,SRLI,26,51,10.0,442.0,4420.0,2024-04-14
2024041401030396,SRLI,26,19,10.0,442.0,4420.0,2024-04-14
2024041401030395,SRLI,26,38,110.0,442.0,48620.0,2024-04-14
2024041401030394,SRLI,26,88,223.0,441.9,98543.7,2024-04-14
2024041401030393,SRLI,26,89,20.0,441.0,8820.0,2024-04-14
2024041401030392,SRLI,26,32,10.0,441.0,4410.0,2024-04-14
2024041404009505,TRH,34,1,100.0,732.1,73210.0,2024-04-14
2024041403013325,PFL,14,36,106.0,540.0,57240.0,2024-04-14
2024041403013324,PFL,14,50,50.0,539.5,26975.0,2024-04-14
2024041403013323,PFL,14,8,34.0,539.0,18326.0,2024-04-14
2024041403013322,PFL,14,41,10.0,539.0,5390.0,2024-04-14
2024041401030391,SHIVM,57,61,300.0,509.3,152790.0,2024-04-14
2024041403013321,FMDBL,58,28,18.0,627.0,11286.0,2024-04-14
2024041401030390,BEDC,45,57,10.0,369.0,3690.0,2024-04-14
2024041404009504,SICL,58,34,10.0,689.9,6899.0,2024-04-14
2024041403013320,SJLIC,58,49,40.0,500.0,20000.0,2024-04-14
2024041404009503,NHDL,32,52,57.0,425.3,24242.1,2024-04-14
2024041403013319,CORBL,48,34,200.0,432.8,86560.0,2024-04-14
2024041401030389,SONA,21,34,10.0,453.1,4531.0,2024-04-14
2024041403013318,SKBBL,14,41,100.0,825.0,82500.0,2024-04-14
2024041404009502,SHPC,59,4,5000.0,334.0,1670000.0,2024-04-14
2024041404009501,SHEL,11,14,60.0,180.8,10848.0,2024-04-14
2024041404009500,SHEL,65,14,195.0,180.9,35275.5,2024-04-14
2024041404009499,SHEL,4,14,20.0,181.0,3620.0,2024-04-14
2024041404009498,SHEL,38,14,50.0,181.0,9050.0,2024-04-14
2024041404009497,SHEL,4,14,675.0,181.0,122175.0,2024-04-14
2024041404009496,GHL,70,29,490.0,154.0,75460.0,2024-04-14
2024041404009495,GHL,42,29,10.0,154.1,1541.0,2024-04-14
2024041401030388,SARBTM,16,48,25.0,820.0,20500.0,2024-04-14
2024041401030387,SARBTM,45,48,15.0,820.0,12300.0,2024-04-14
2024041403013317,KRBL,58,28,10.0,420.0,4200.0,2024-04-14
2024041403013316,KRBL,58,39,500.0,420.0,210000.0,2024-04-14
2024041403013315,KRBL,58,62,500.0,419.0,209500.0,2024-04-14
2024041403013314,KRBL,58,10,100.0,419.0,41900.0,2024-04-14
2024041403013313,KRBL,58,42,42.0,418.5,17577.0,2024-04-14
2024041403013312,KRBL,58,54,90.0,418.0,37620.0,2024-04-14
2024041401030386,SIKLES,35,17,32.0,529.2,16934.4,2024-04-14
2024041401030385,SIKLES,35,17,10.0,529.2,5292.0,2024-04-14
2024041401030384,SIKLES,35,38,10.0,529.0,5290.0,2024-04-14
2024041401030383,SIKLES,35,49,10.0,529.0,5290.0,2024-04-14
2024041401030382,SIKLES,35,33,38.0,529.0,20102.0,2024-04-14
2024041404009494,UMHL,88,62,20.0,242.2,4844.0,2024-04-14
2024041403013311,MDB,62,21,122.0,427.0,52094.0,2024-04-14
2024041403013310,MDB,32,21,48.0,427.0,20496.0,2024-04-14
2024041401030381,MEL,49,19,20.0,243.1,4862.0,2024-04-14
2024041404009493,MEN,16,57,10.0,512.0,5120.0,2024-04-14
2024041403013309,GFCL,53,52,10.0,468.9,4689.0,2024-04-14
2024041404009492,SGIC,58,41,10.0,525.1,5251.0,2024-04-14
2024041401030380,SARBTM,57,41,50.0,820.0,41000.0,2024-04-14
2024041403013308,SADBL,14,46,18.0,294.0,5292.0,2024-04-14
2024041401030379,PRVU,22,35,10.0,139.5,1395.0,2024-04-14
2024041405005086,HRL,45,4,20.0,613.5,12270.0,2024-04-14
2024041405005085,HRL,17,4,410.0,613.7,251617.0,2024-04-14
2024041401030378,RFPL,42,88,50.0,395.0,19750.0,2024-04-14
2024041401030377,RFPL,42,29,10.0,395.0,3950.0,2024-04-14
2024041401030376,RFPL,42,62,170.0,395.0,67150.0,2024-04-14
2024041403013307,ILBS,60,53,15.0,967.9,14518.5,2024-04-14
2024041403013306,DDBL,58,54,100.0,713.0,71300.0,2024-04-14
2024041403013305,USLB,75,16,10.0,1850.0,18500.0,2024-04-14
2024041403013304,USLB,75,34,70.0,1850.0,129500.0,2024-04-14
2024041403013303,MLBBL,49,58,10.0,1079.0,10790.0,2024-04-14
2024041404009491,NHPC,49,45,100.0,148.6,14860.0,2024-04-14
2024041403013302,HLI,49,56,10.0,392.1,3921.0,2024-04-14
2024041403013301,HLI,49,51,20.0,392.1,7842.0,2024-04-14
2024041403013300,JFL,43,38,10.0,459.0,4590.0,2024-04-14
2024041403013299,JFL,43,57,10.0,456.1,4561.0,2024-04-14
2024041404009490,API,35,58,177.0,173.9,30780.3,2024-04-14
2024041401030375,MKCL,6,58,10.0,921.2,9212.0,2024-04-14
2024041404009489,GLH,44,48,10.0,212.5,2125.0,2024-04-14
2024041401030374,DORDI,53,29,10.0,433.5,4335.0,2024-04-14
2024041404009488,IGI,41,38,25.0,528.0,13200.0,2024-04-14
2024041401030373,PCBL,1,37,11.0,192.9,2121.9,2024-04-14
2024041401030372,MEL,49,26,500.0,243.1,121550.0,2024-04-14
2024041401030371,MKHL,58,26,1000.0,460.1,460100.0,2024-04-14
2024041405005084,ENL,33,59,10.0,805.0,8050.0,2024-04-14
2024041404009487,RIDI,14,55,10.0,177.5,1775.0,2024-04-14
2024041401030370,KBL,52,38,100.0,135.7,13570.0,2024-04-14
2024041401030369,NWCL,49,38,10.0,745.0,7450.0,2024-04-14
2024041403013298,SAPDBL,20,21,200.0,303.0,60600.0,2024-04-14
2024041403013297,SAPDBL,20,58,34.0,303.0,10302.0,2024-04-14
2024041404009486,OHL,42,19,10.0,744.0,7440.0,2024-04-14
2024041403013296,NFS,65,42,420.0,451.0,189420.0,2024-04-14
2024041401030368,MHCL,49,54,30.0,417.0,12510.0,2024-04-14
2024041403013295,MLBL,49,26,500.0,323.0,161500.0,2024-04-14
2024041404009485,JOSHI,42,49,52.0,338.0,17576.0,2024-04-14
2024041404009484,JOSHI,33,49,45.0,338.0,15210.0,2024-04-14
2024041404009483,JOSHI,45,49,100.0,338.1,33810.0,2024-04-14
2024041404009482,NGPL,58,49,300.0,332.0,99600.0,2024-04-14
2024041401030367,TAMOR,59,43,980.0,394.5,386610.0,2024-04-14
2024041401030366,TAMOR,44,43,1000.0,394.7,394700.0,2024-04-14
2024041401030365,TAMOR,81,43,500.0,394.8,197400.0,2024-04-14
2024041403013294,SMFBS,25,18,41.0,1218.0,49938.0,2024-04-14
2024041401030364,IHL,43,7,10.0,409.5,4095.0,2024-04-14
2024041404009481,UMHL,40,32,10.0,244.0,2440.0,2024-04-14
2024041401030363,MKHC,65,34,10.0,339.0,3390.0,2024-04-14
2024041403013293,FMDBL,58,17,507.0,627.0,317889.0,2024-04-14
2024041401030362,RNLI,55,58,1.0,432.2,432.2,2024-04-14
2024041404009480,SJCL,58,1,145.0,281.8,40861.0,2024-04-14
2024041404009479,SJCL,58,21,100.0,280.2,28020.0,2024-04-14
2024041404009478,SJCL,58,33,140.0,280.0,39200.0,2024-04-14
2024041404009477,SJCL,58,58,30.0,280.0,8400.0,2024-04-14
2024041404009476,SJCL,58,6,20.0,280.0,5600.0,2024-04-14
2024041404009475,SJCL,58,7,65.0,279.0,18135.0,2024-04-14
2024041401030361,TVCL,58,47,10.0,495.0,4950.0,2024-04-14
2024041401030360,PPL,62,53,250.0,640.4,160100.0,2024-04-14
2024041401030359,MCHL,41,34,150.0,383.0,57450.0,2024-04-14
2024041401030358,MCHL,41,49,10.0,383.0,3830.0,2024-04-14
2024041403013292,ILBS,14,74,28.0,969.0,27132.0,2024-04-14
2024041401030357,AHL,18,8,10.0,452.9,4529.0,2024-04-14
2024041401030356,AHL,18,49,10.0,451.0,4510.0,2024-04-14
2024041401030355,AHL,18,55,10.0,451.0,4510.0,2024-04-14
2024041403013291,SJLIC,50,45,19.0,499.9,9498.1,2024-04-14
2024041401030354,NRM,53,4,250.0,371.0,92750.0,2024-04-14
2024041403013290,GUFL,41,42,200.0,828.5,165700.0,2024-04-14
2024041401030353,MEL,49,45,350.0,243.1,85085.0,2024-04-14
2024041401030352,MANDU,65,57,500.0,812.0,406000.0,2024-04-14
2024041403013289,NUBL,62,49,10.0,664.0,6640.0,2024-04-14
2024041403013288,GUFL,41,58,50.0,828.5,41425.0,2024-04-14
2024041401030351,MEL,19,45,100.0,243.1,24310.0,2024-04-14
2024041403013287,SLBBL,33,52,2500.0,672.0,1680000.0,2024-04-14
2024041401030350,SNLI,41,45,50.0,593.0,29650.0,2024-04-14
2024041404009474,UMHL,41,58,50.0,243.1,12155.0,2024-04-14
2024041401030349,SONA,1,13,80.0,454.0,36320.0,2024-04-14
2024041403013286,MSLB,36,58,75.0,1140.0,85500.0,2024-04-14
2024041401030348,MEL,29,22,10.0,243.0,2430.0,2024-04-14
2024041401030347,MHL,45,75,10.0,425.0,4250.0,2024-04-14
2024041404009473,RADHI,29,14,10.0,239.5,2395.0,2024-04-14
2024041401030346,CYCL,62,49,20.0,1730.0,34600.0,2024-04-14
2024041403013285,NFS,65,48,80.0,451.0,36080.0,2024-04-14
2024041404009472,LEC,57,45,150.0,190.5,28575.0,2024-04-14
2024041403013284,JBBL,57,22,10.0,292.0,2920.0,2024-04-14
2024041403013283,JBBL,57,50,27.0,291.1,7859.7,2024-04-14
2024041401030345,CKHL,64,42,14.0,553.9,7754.6,2024-04-14
2024041403013282,NICLBSL,50,35,623.0,667.0,415541.0,2024-04-14
2024041403013281,NICLBSL,50,58,100.0,666.9,66690.0,2024-04-14
2024041403013280,NICLBSL,50,58,50.0,666.9,33345.0,2024-04-14
2024041403013279,NICLBSL,50,81,208.0,666.8,138694.4,2024-04-14
2024041403013278,NICLBSL,50,48,19.0,666.0,12654.0,2024-04-14
2024041403013277,HLBSL,50,17,180.0,744.4,133992.0,2024-04-14
2024041401030344,KBL,52,26,250.0,135.7,33925.0,2024-04-14
2024041405005083,HRL,17,36,20.0,613.7,12274.0,2024-04-14
2024041405005082,STC,54,55,46.0,4500.0,207000.0,2024-04-14
2024041403013276,GBLBS,22,45,50.0,630.0,31500.0,2024-04-14
2024041401030343,MKHL,58,49,10.0,460.1,4601.0,2024-04-14
2024041404009471,UPPER,77,25,50.0,169.0,8450.0,2024-04-14
2024041404009470,RHPL,39,11,70.0,275.0,19250.0,2024-04-14
2024041404009469,RHPL,39,59,10.0,275.0,2750.0,2024-04-14
2024041404009468,UNHPL,33,35,400.0,231.6,92640.0,2024-04-14
2024041404009467,UNHPL,7,35,100.0,231.6,23160.0,2024-04-14
2024041404009466,NGPL,21,4,13.0,332.1,4317.3,2024-04-14
2024041403013275,PFL,88,21,100.0,538.0,53800.0,2024-04-14
2024041403013274,ALICL,44,28,10.0,554.9,5549.0,2024-04-14
2024041403013273,ALICL,44,49,20.0,554.8,11096.0,2024-04-14
2024041403013272,SJLIC,3,49,10.0,500.0,5000.0,2024-04-14
2024041403013271,SAPDBL,34,74,650.0,302.2,196430.0,2024-04-14
2024041403013270,SJLIC,36,49,100.0,500.0,50000.0,2024-04-14
2024041403013269,NICLBSL,38,48,10.0,666.0,6660.0,2024-04-14
2024041401030342,MKHC,8,34,50.0,339.0,16950.0,2024-04-14
2024041404009465,UAIL,84,45,151.0,530.2,80060.2,2024-04-14
2024041404009464,UAIL,18,45,50.0,530.3,26515.0,2024-04-14
2024041405005081,HRL,17,25,10.0,613.7,6137.0,2024-04-14
2024041401030341,GCIL,43,39,30.0,491.0,14730.0,2024-04-14
2024041401030340,HATHY,33,21,728.0,856.0,623168.0,2024-04-14
2024041401030339,HATHY,50,21,656.0,856.1,561601.6,2024-04-14
2024041401030338,HATHY,53,21,58.0,856.2,49659.6,2024-04-14
2024041401030337,HATHY,45,21,488.0,857.0,418216.0,2024-04-14
2024041401030336,HATHY,16,21,10.0,857.1,8571.0,2024-04-14
2024041401030335,HATHY,90,21,50.0,857.5,42875.0,2024-04-14
2024041401030334,HATHY,58,21,10.0,858.0,8580.0,2024-04-14
2024041403013268,HLI,89,51,150.0,392.1,58815.0,2024-04-14
2024041401030333,MEHL,53,35,10.0,332.0,3320.0,2024-04-14
2024041401030332,VLUCL,58,19,283.0,501.2,141839.6,2024-04-14
2024041401030331,PPL,62,52,10.0,640.4,6404.0,2024-04-14
2024041401030330,SPHL,32,40,70.0,473.9,33173.0,2024-04-14
2024041401030329,SPHL,32,36,10.0,473.0,4730.0,2024-04-14
2024041401030328,SPHL,32,4,20.0,472.0,9440.0,2024-04-14
2024041404009463,PPCL,14,45,10.0,250.0,2500.0,2024-04-14
2024041403013267,SADBL,10,46,50.0,294.0,14700.0,2024-04-14
2024041403013266,SADBL,35,46,300.0,294.0,88200.0,2024-04-14
2024041403013265,SADBL,58,46,232.0,294.0,68208.0,2024-04-14
2024041401030327,SIKLES,35,28,10.0,527.9,5279.0,2024-04-14
2024041401030326,RFPL,95,38,170.0,394.0,66980.0,2024-04-14
2024041404009462,SHL,42,10,100.0,440.0,44000.0,2024-04-14
2024041401030325,CITY,68,34,10.0,596.8,5968.0,2024-04-14
2024041403013264,NFS,65,42,300.0,451.0,135300.0,2024-04-14
2024041401030324,MHCL,48,49,393.0,415.1,163134.3,2024-04-14
2024041401030323,MHCL,58,49,250.0,415.2,103800.0,2024-04-14
2024041401030322,MHCL,38,49,50.0,415.2,20760.0,2024-04-14
2024041401030321,MHCL,42,49,50.0,415.2,20760.0,2024-04-14
2024041401030320,MHCL,41,49,20.0,415.6,8312.0,2024-04-14
2024041401030319,MHCL,35,49,20.0,415.7,8314.0,2024-04-14
2024041401030318,MHCL,47,49,150.0,416.0,62400.0,2024-04-14
2024041401030317,NWCL,49,25,10.0,747.0,7470.0,2024-04-14
2024041401030316,ILI,82,49,10.0,545.0,5450.0,2024-04-14
2024041401030315,SARBTM,57,40,80.0,820.0,65600.0,2024-04-14
2024041401030314,SARBTM,34,40,20.0,820.1,16402.0,2024-04-14
2024041401030313,SHIVM,39,34,250.0,509.4,127350.0,2024-04-14
2024041404009461,PRIN,16,21,50.0,778.0,38900.0,2024-04-14
2024041401030312,PPL,62,58,300.0,640.4,192120.0,2024-04-14
2024041401030311,MBJC,40,50,20.0,301.0,6020.0,2024-04-14
2024041403013263,NMBMF,35,3,185.0,607.0,112295.0,2024-04-14
2024041403013262,NMBMF,64,3,10.0,607.0,6070.0,2024-04-14
2024041403013261,NMBMF,4,3,100.0,607.5,60750.0,2024-04-14
2024041403013260,JFL,13,11,30.0,455.6,13668.0,2024-04-14
2024041403013259,JFL,13,11,10.0,456.0,4560.0,2024-04-14
2024041401030310,ILI,82,1,100.0,545.0,54500.0,2024-04-14
2024041403013258,GRDBL,26,32,100.0,378.0,37800.0,2024-04-14
2024041404009460,RBCL,35,6,10.0,13053.0,130530.0,2024-04-14
2024041404009459,RBCL,42,6,10.0,13055.0,130550.0,2024-04-14
2024041403013257,PFL,88,6,380.0,538.0,204440.0,2024-04-14
2024041401030309,SMJC,63,34,50.0,385.3,19265.0,2024-04-14
2024041404009458,UPPER,77,59,10.0,169.0,1690.0,2024-04-14
2024041403013256,SJLIC,57,38,50.0,499.6,24980.0,2024-04-14
2024041403013255,SJLIC,93,38,50.0,499.6,24980.0,2024-04-14
2024041401030308,MHL,44,20,65.0,422.5,27462.5,2024-04-14
2024041401030307,MHL,33,20,35.0,422.6,14791.0,2024-04-14
2024041401030306,MEL,45,45,50.0,243.1,12155.0,2024-04-14
2024041403013254,PFL,88,45,10.0,538.0,5380.0,2024-04-14
2024041401030305,SPHL,45,44,100.0,471.0,47100.0,2024-04-14
2024041401030304,RHGCL,41,49,380.0,347.0,131860.0,2024-04-14
2024041403013253,SAPDBL,34,57,180.0,302.2,54396.0,2024-04-14
2024041403013252,SAPDBL,54,57,200.0,302.3,60460.0,2024-04-14
2024041403013251,SAPDBL,18,57,100.0,302.4,30240.0,2024-04-14
2024041403013250,SAPDBL,57,57,20.0,302.5,6050.0,2024-04-14
2024041401030303,SIKLES,35,6,100.0,527.3,52730.0,2024-04-14
2024041401030302,SIKLES,35,58,10.0,527.3,5273.0,2024-04-14
2024041401030301,SIKLES,35,57,200.0,527.3,105460.0,2024-04-14
2024041401030300,SIKLES,35,29,10.0,527.0,5270.0,2024-04-14
2024041401030299,SIKLES,35,38,10.0,527.0,5270.0,2024-04-14
2024041401030298,SIKLES,35,3,138.0,527.0,72726.0,2024-04-14
2024041401030297,MEHL,91,35,10.0,332.0,3320.0,2024-04-14
2024041401030296,PPL,62,21,17.0,640.4,10886.8,2024-04-14
2024041403013249,NICLBSL,58,48,106.0,666.0,70596.0,2024-04-14
2024041403013248,EDBL,34,42,277.0,365.9,101354.3,2024-04-14
2024041403013247,EDBL,34,46,13.0,365.1,4746.3,2024-04-14
2024041403013246,EDBL,34,74,10.0,365.0,3650.0,2024-04-14
2024041401030295,AVYAN,45,56,10.0,684.0,6840.0,2024-04-14
2024041405005080,HRL,17,45,10.0,613.7,6137.0,2024-04-14
2024041403013245,NICLBSL,74,45,11.0,665.8,7323.8,2024-04-14
2024041404009457,JOSHI,45,58,10.0,338.3,3383.0,2024-04-14
2024041401030294,MEL,29,7,10.0,243.0,2430.0,2024-04-14
2024041401030293,MKHC,21,42,274.0,336.6,92228.4,2024-04-14
2024041401030292,MKHC,56,42,200.0,336.7,67340.0,2024-04-14
2024041401030291,MKHC,64,42,26.0,337.0,8762.0,2024-04-14
2024041403013244,CFCL,42,42,45.0,383.0,17235.0,2024-04-14
2024041403013243,CFCL,42,42,210.0,383.0,80430.0,2024-04-14
2024041403013242,CFCL,42,35,45.0,382.9,17230.5,2024-04-14
2024041403013241,HLI,49,51,20.0,392.1,7842.0,2024-04-14
2024041404009456,SHEL,49,38,10.0,181.9,1819.0,2024-04-14
2024041404009455,SHEL,49,49,30.0,181.9,5457.0,2024-04-14
2024041404009454,SHEL,49,44,20.0,181.9,3638.0,2024-04-14
2024041401030290,KDL,39,4,10.0,793.5,7935.0,2024-04-14
2024041401030289,CYCL,62,14,50.0,1730.0,86500.0,2024-04-14
2024041401030288,CYCL,62,25,13.0,1730.0,22490.0,2024-04-14
2024041401030287,CYCL,62,38,70.0,1730.0,121100.0,2024-04-14
2024041401030286,CYCL,62,16,50.0,1730.0,86500.0,2024-04-14
2024041401030285,CYCL,62,58,50.0,1730.0,86500.0,2024-04-14
2024041401030284,CYCL,62,39,20.0,1727.9,34558.0,2024-04-14
2024041401030283,CYCL,62,35,10.0,1727.8,17278.0,2024-04-14
2024041401030282,CYCL,62,14,50.0,1727.0,86350.0,2024-04-14
2024041401030281,UHEWA,57,16,20.0,410.0,8200.0,2024-04-14
2024041401030280,SONA,21,21,137.0,453.1,62074.7,2024-04-14
2024041401030279,SONA,29,21,163.0,453.1,73855.3,2024-04-14
2024041401030278,SONA,70,21,150.0,454.0,68100.0,2024-04-14
2024041401030277,MEHL,91,41,40.0,332.0,13280.0,2024-04-14
2024041401030276,MEHL,47,41,60.0,332.0,19920.0,2024-04-14
2024041401030275,TVCL,42,74,310.0,492.0,152520.0,2024-04-14
2024041401030274,TVCL,37,74,190.0,492.1,93499.0,2024-04-14
2024041401030273,IHL,17,36,60.0,404.0,24240.0,2024-04-14
2024041403013240,CFCL,44,71,200.0,382.1,76420.0,2024-04-14
2024041401030272,MANDU,65,4,605.0,812.0,491260.0,2024-04-14
2024041401030271,VLUCL,58,62,10.0,501.2,5012.0,2024-04-14
2024041404009453,UPCL,35,7,10.0,203.0,2030.0,2024-04-14
2024041404009452,TRH,5,6,20.0,732.5,14650.0,2024-04-14
2024041405005079,HRL,17,6,10.0,613.7,6137.0,2024-04-14
2024041404009451,AKJCL,22,36,171.0,213.5,36508.5,2024-04-14
2024041404009450,AKJCL,48,36,149.0,213.7,31841.3,2024-04-14
2024041404009449,NGPL,58,33,50.0,332.0,16600.0,2024-04-14
2024041401030270,SONA,22,65,40.0,458.0,18320.0,2024-04-14
2024041403013239,SIFC,55,4,10.0,381.0,3810.0,2024-04-14
2024041405005078,NRN,55,47,10.0,518.0,5180.0,2024-04-14
2024041403013238,GUFL,38,34,20.0,828.6,16572.0,2024-04-14
2024041401030269,GCIL,49,39,272.0,491.0,133552.0,2024-04-14
2024041403013237,ILBS,62,74,272.0,969.0,263568.0,2024-04-14
2024041403013236,ILBS,62,26,20.0,968.0,19360.0,2024-04-14
2024041403013235,ILBS,62,47,70.0,968.0,67760.0,2024-04-14
2024041403013234,ILBS,62,64,38.0,965.0,36670.0,2024-04-14
2024041404009448,HEI,52,62,447.0,576.1,257516.7,2024-04-14
2024041404009447,HEI,58,62,40.0,577.0,23080.0,2024-04-14
2024041404009446,HEI,83,62,13.0,577.1,7502.3,2024-04-14
2024041404009445,NGPL,58,21,50.0,332.0,16600.0,2024-04-14
2024041403013233,KSBBL,44,58,350.0,356.8,124880.0,2024-04-14
2024041403013232,NFS,65,44,200.0,451.0,90200.0,2024-04-14
2024041401030268,NIMB,77,58,80.0,155.8,12464.0,2024-04-14
2024041405005077,SMATA,51,17,59.0,744.0,43896.0,2024-04-14
2024041405005076,CHDC,14,5,10.0,843.0,8430.0,2024-04-14
2024041401030267,BGWT,41,3,253.0,617.9,156328.7,2024-04-14
2024041401030266,BGWT,45,3,30.0,618.0,18540.0,2024-04-14
2024041404009444,TRH,19,6,50.0,732.5,36625.0,2024-04-14
2024041401030265,RAWA,32,64,10.0,492.0,4920.0,2024-04-14
2024041401030264,RAWA,32,65,90.0,492.0,44280.0,2024-04-14
2024041403013231,CFCL,64,59,200.0,382.0,76400.0,2024-04-14
2024041404009443,UPCL,22,7,10.0,203.0,2030.0,2024-04-14
2024041401030263,MEHL,47,55,10.0,332.0,3320.0,2024-04-14
2024041404009442,UPPER,17,42,90.0,169.3,15237.0,2024-04-14
2024041404009441,SHPC,17,4,248.0,332.0,82336.0,2024-04-14
2024041404009440,SHPC,58,4,15.0,332.2,4983.0,2024-04-14
2024041404009439,SHPC,35,4,75.0,332.2,24915.0,2024-04-14
2024041404009438,SHPC,58,4,100.0,332.9,33290.0,2024-04-14
2024041404009437,SHPC,4,4,250.0,333.0,83250.0,2024-04-14
2024041404009436,SHPC,21,4,250.0,333.0,83250.0,2024-04-14
2024041404009435,SHPC,25,4,65.0,333.0,21645.0,2024-04-14
2024041404009434,SHPC,58,4,10.0,333.0,3330.0,2024-04-14
2024041404009433,SHPC,28,4,887.0,333.0,295371.0,2024-04-14
2024041404009432,SHPC,86,4,100.0,333.1,33310.0,2024-04-14
2024041404009431,NGPL,58,4,100.0,332.0,33200.0,2024-04-14
2024041401030262,HHL,42,26,10.0,375.0,3750.0,2024-04-14
2024041403013230,ACLBSL,42,17,10.0,785.0,7850.0,2024-04-14
2024041404009430,NGPL,42,71,150.0,332.9,49935.0,2024-04-14
2024041401030261,JBLB,42,58,27.0,1311.6,35413.2,2024-04-14
2024041401030260,JBLB,42,47,129.0,1311.6,169196.4,2024-04-14
2024041401030259,CLI,35,40,10.0,446.5,4465.0,2024-04-14
2024041403013229,GUFL,41,21,27.0,828.5,22369.5,2024-04-14
2024041403013228,GUFL,42,21,195.0,828.6,161577.0,2024-04-14
2024041403013227,MLBSL,5,58,10.0,1735.0,17350.0,2024-04-14
2024041401030258,MKHC,5,34,10.0,339.0,3390.0,2024-04-14
2024041403013226,GMFIL,34,5,500.0,365.1,182550.0,2024-04-14
2024041405005075,CHDC,22,33,66.0,846.0,55836.0,2024-04-14
2024041404009429,MEN,42,34,10.0,509.0,5090.0,2024-04-14
2024041404009428,MEN,44,34,64.0,509.0,32576.0,2024-04-14
2024041401030257,PPL,62,58,20.0,640.4,12808.0,2024-04-14
2024041404009427,SHL,42,4,100.0,440.0,44000.0,2024-04-14
2024041401030256,SNLI,54,34,10.0,592.3,5923.0,2024-04-14
2024041404009426,NHPC,57,45,190.0,148.6,28234.0,2024-04-14
2024041404009425,NHPC,40,45,100.0,148.7,14870.0,2024-04-14
2024041401030255,MCHL,49,52,18.0,383.0,6894.0,2024-04-14
2024041401030254,MANDU,65,49,1000.0,812.0,812000.0,2024-04-14
2024041403013225,NUBL,13,6,17.0,655.0,11135.0,2024-04-14
2024041403013224,NUBL,13,16,58.0,655.0,37990.0,2024-04-14
2024041403013223,KRBL,35,54,10.0,418.0,4180.0,2024-04-14
2024041405005074,HRL,17,21,10.0,613.7,6137.0,2024-04-14
2024041404009424,UMRH,42,44,762.0,350.0,266700.0,2024-04-14
2024041404009423,UMRH,29,44,50.0,350.3,17515.0,2024-04-14
2024041404009422,UMRH,1,44,15.0,350.3,5254.5,2024-04-14
2024041404009421,UMRH,29,44,94.0,350.6,32956.4,2024-04-14
2024041404009420,UMRH,44,44,79.0,350.7,27705.3,2024-04-14
2024041403013222,HLI,11,51,28.0,392.1,10978.8,2024-04-14
2024041401030253,SONA,70,74,150.0,454.0,68100.0,2024-04-14
2024041401030252,MKCL,6,6,30.0,921.2,27636.0,2024-04-14
2024041401030251,MKCL,66,6,10.0,921.2,9212.0,2024-04-14
2024041401030250,MKCL,45,6,300.0,921.3,276390.0,2024-04-14
2024041401030249,MKCL,34,6,60.0,921.3,55278.0,2024-04-14
2024041401030248,MKCL,42,6,100.0,921.4,92140.0,2024-04-14
2024041403013221,PFL,88,22,21.0,538.0,11298.0,2024-04-14
2024041401030247,SHIVM,81,34,202.0,509.4,102898.8,2024-04-14
2024041401030246,MMKJL,34,47,10.0,412.0,4120.0,2024-04-14
2024041401030245,MMKJL,34,35,10.0,411.0,4110.0,2024-04-14
2024041401030244,MMKJL,34,34,10.0,410.3,4103.0,2024-04-14
2024041401030243,MMKJL,34,22,10.0,410.0,4100.0,2024-04-14
2024041401030242,MMKJL,34,51,10.0,409.0,4090.0,2024-04-14
2024041401030241,AHL,18,34,40.0,448.0,17920.0,2024-04-14
2024041401030240,MANDU,65,45,10.0,812.0,8120.0,2024-04-14
2024041401030239,SARBTM,34,45,10.0,820.1,8201.0,2024-04-14
2024041401030238,SARBTM,1,45,40.0,820.5,32820.0,2024-04-14
2024041404009419,NGPL,58,71,100.0,332.9,33290.0,2024-04-14
2024041401030237,TAMOR,44,43,1000.0,395.0,395000.0,2024-04-14
2024041401030236,GVL,39,66,200.0,429.1,85820.0,2024-04-14
2024041401030235,PPL,62,50,10.0,640.4,6404.0,2024-04-14
2024041403013220,JBBL,22,50,200.0,291.1,58220.0,2024-04-14
2024041401030234,NRM,53,26,409.0,371.0,151739.0,2024-04-14
2024041401030233,NRM,37,26,100.0,371.0,37100.0,2024-04-14
2024041401030232,NRM,1,26,250.0,371.0,92750.0,2024-04-14
2024041401030231,NRM,32,26,40.0,371.2,14848.0,2024-04-14
2024041401030230,NRM,62,26,200.0,371.3,74260.0,2024-04-14
2024041404009418,SHPC,36,4,50.0,334.0,16700.0,2024-04-14
2024041401030229,SNLI,14,45,20.0,593.0,11860.0,2024-04-14
2024041401030228,SNLI,14,58,10.0,592.5,5925.0,2024-04-14
2024041403013219,KMCDB,33,25,76.0,823.9,62616.4,2024-04-14
2024041403013218,KMCDB,33,52,150.0,823.9,123585.0,2024-04-14
2024041403013217,KMCDB,33,25,200.0,823.0,164600.0,2024-04-14
2024041403013216,KMCDB,33,35,50.0,823.0,41150.0,2024-04-14
2024041403013215,KMCDB,33,42,14.0,820.0,11480.0,2024-04-14
2024041403013214,KMCDB,33,26,10.0,819.0,8190.0,2024-04-14
2024041401030227,SIKLES,41,3,50.0,527.0,26350.0,2024-04-14
2024041403013213,PFL,88,34,56.0,538.0,30128.0,2024-04-14
2024041401030226,SHIVM,81,17,748.0,509.4,381031.2,2024-04-14
2024041401030225,SHIVM,65,17,37.0,509.5,18851.5,2024-04-14
2024041403013212,FMDBL,58,17,110.0,628.8,69168.0,2024-04-14
2024041404009417,HDHPC,38,16,62.0,133.9,8301.8,2024-04-14
2024041403013211,RLFL,45,10,120.0,370.0,44400.0,2024-04-14
2024041403013210,RLFL,45,17,70.0,369.9,25893.0,2024-04-14
2024041401030224,NWCL,49,49,10.0,745.0,7450.0,2024-04-14
2024041404009416,NGPL,58,88,700.0,332.0,232400.0,2024-04-14
2024041404009415,HPPL,58,58,10.0,272.8,2728.0,2024-04-14
2024041401030223,UHEWA,57,16,620.0,410.0,254200.0,2024-04-14
2024041401030222,UHEWA,57,45,10.0,410.0,4100.0,2024-04-14
2024041401030221,UHEWA,57,44,70.0,410.0,28700.0,2024-04-14
2024041401030220,UHEWA,57,65,100.0,409.9,40990.0,2024-04-14
2024041401030219,RFPL,95,21,10.0,394.0,3940.0,2024-04-14
2024041403013209,SJLIC,32,49,13.0,500.0,6500.0,2024-04-14
2024041403013208,SJLIC,33,49,200.0,500.0,100000.0,2024-04-14
2024041404009414,NICL,56,11,60.0,832.4,49944.0,2024-04-14
2024041403013207,SINDU,34,36,10.0,365.3,3653.0,2024-04-14
2024041403013206,SINDU,34,32,10.0,364.1,3641.0,2024-04-14
2024041405005073,HRL,17,4,20.0,613.7,12274.0,2024-04-14
2024041401030218,SAHAS,45,32,50.0,518.6,25930.0,2024-04-14
2024041405005072,NIFRA,21,42,160.0,203.0,32480.0,2024-04-14
2024041405005071,NIFRA,17,42,10.0,203.1,2031.0,2024-04-14
2024041403013205,SJLIC,42,49,152.0,500.0,76000.0,2024-04-14
2024041401030217,MANDU,65,48,50.0,812.0,40600.0,2024-04-14
2024041403013204,MLBL,49,26,146.0,323.0,47158.0,2024-04-14
2024041403013203,MLBL,49,59,100.0,322.9,32290.0,2024-04-14
2024041401030216,IHL,58,7,12.0,409.5,4914.0,2024-04-14
2024041401030215,IHL,58,6,10.0,409.0,4090.0,2024-04-14
2024041404009413,API,58,58,10.0,173.9,1739.0,2024-04-14
2024041404009412,CHL,52,58,20.0,310.0,6200.0,2024-04-14
2024041404009411,CHL,13,58,100.0,310.1,31010.0,2024-04-14
2024041403013202,RLFL,44,17,10.0,369.9,3699.0,2024-04-14
2024041403013201,SJLIC,32,53,200.0,499.9,99980.0,2024-04-14
2024041404009410,NGPL,36,71,44.0,332.9,14647.6,2024-04-14
2024041404009409,NGPL,36,67,56.0,332.7,18631.2,2024-04-14
2024041401030214,AVYAN,14,36,20.0,686.0,13720.0,2024-04-14
2024041403013200,WNLB,59,41,30.0,1400.0,42000.0,2024-04-14
2024041403013199,WNLB,59,19,229.0,1400.0,320600.0,2024-04-14
2024041403013198,WNLB,59,52,11.0,1400.0,15400.0,2024-04-14
2024041403013197,WNLB,59,45,10.0,1399.0,13990.0,2024-04-14
2024041403013196,WNLB,59,45,90.0,1398.0,125820.0,2024-04-14
2024041401030213,DOLTI,6,28,10.0,474.0,4740.0,2024-04-14
2024041401030212,RHGCL,41,42,10.0,347.0,3470.0,2024-04-14
2024041401030211,RHGCL,41,45,500.0,347.0,173500.0,2024-04-14
2024041401030210,RHGCL,41,49,10.0,347.0,3470.0,2024-04-14
2024041401030209,RHGCL,41,57,10.0,347.0,3470.0,2024-04-14
2024041401030208,RHGCL,41,51,10.0,347.0,3470.0,2024-04-14
2024041401030207,RHGCL,41,32,80.0,347.0,27760.0,2024-04-14
2024041401030206,RNLI,45,41,11.0,430.0,4730.0,2024-04-14
2024041405005070,HRL,17,56,10.0,613.7,6137.0,2024-04-14
2024041401030205,MEHL,47,34,10.0,332.0,3320.0,2024-04-14
2024041403013195,PFL,88,7,100.0,538.0,53800.0,2024-04-14
2024041401030204,MBJC,40,49,280.0,301.0,84280.0,2024-04-14
2024041401030203,MBJC,3,49,670.0,301.1,201737.0,2024-04-14
2024041401030202,MBJC,59,49,50.0,301.2,15060.0,2024-04-14
2024041403013194,NFS,88,38,1000.0,451.0,451000.0,2024-04-14
2024041401030201,TSHL,35,50,200.0,550.0,110000.0,2024-04-14
2024041404009408,UNHPL,7,35,380.0,231.6,88008.0,2024-04-14
2024041404009407,UNHPL,29,35,20.0,231.7,4634.0,2024-04-14
2024041404009406,RHPL,21,59,60.0,275.0,16500.0,2024-04-14
2024041404009405,RHPL,21,7,10.0,275.0,2750.0,2024-04-14
2024041404009404,RHPL,21,21,130.0,274.5,35685.0,2024-04-14
2024041404009403,RHPL,21,8,100.0,274.4,27440.0,2024-04-14
2024041403013193,SJLIC,59,53,300.0,499.9,149970.0,2024-04-14
2024041401030200,USHL,38,66,20.0,500.5,10010.0,2024-04-14
2024041401030199,USHL,40,66,200.0,500.6,100120.0,2024-04-14
2024041401030198,USHL,56,66,10.0,500.8,5008.0,2024-04-14
2024041401030197,USHL,84,66,20.0,500.9,10018.0,2024-04-14
2024041401030196,USHL,52,66,50.0,503.0,25150.0,2024-04-14
2024041401030195,SGHC,8,11,950.0,317.7,301815.0,2024-04-14
2024041401030194,SGHC,39,11,50.0,317.8,15890.0,2024-04-14
2024041405005069,HRL,17,6,500.0,613.7,306850.0,2024-04-14
2024041404009402,RBCL,91,6,10.0,13055.0,130550.0,2024-04-14
2024041401030193,GBIME,21,14,294.0,179.0,52626.0,2024-04-14
2024041401030192,GBIME,42,14,101.0,179.0,18079.0,2024-04-14
2024041401030191,GBIME,33,14,55.0,179.1,9850.5,2024-04-14
2024041401030190,GBIME,21,14,50.0,179.1,8955.0,2024-04-14
2024041403013192,CFCL,72,35,20.0,382.9,7658.0,2024-04-14
2024041401030189,SONA,22,74,150.0,454.0,68100.0,2024-04-14
2024041405005068,NRIC,45,34,206.0,758.0,156148.0,2024-04-14
2024041405005067,NRIC,34,34,130.0,758.1,98553.0,2024-04-14
2024041403013191,JFL,13,81,20.0,456.0,9120.0,2024-04-14
2024041403013190,JFL,32,81,80.0,456.0,36480.0,2024-04-14
2024041403013189,NADEP,13,38,20.0,717.0,14340.0,2024-04-14
2024041401030188,MLBS,61,39,15.0,1216.0,18240.0,2024-04-14
2024041401030187,PPL,58,28,80.0,640.5,51240.0,2024-04-14
2024041403013188,MLBBL,43,57,37.0,1078.0,39886.0,2024-04-14
2024041401030186,ILI,82,21,10.0,545.0,5450.0,2024-04-14
2024041401030185,SNLI,49,16,42.0,592.1,24868.2,2024-04-14
2024041401030184,NABIL,26,51,200.0,437.9,87580.0,2024-04-14
2024041403013187,LBBL,49,26,43.0,374.0,16082.0,2024-04-14
2024041403013186,LBBL,49,26,82.0,374.0,30668.0,2024-04-14
2024041403013185,LBBL,49,26,50.0,374.0,18700.0,2024-04-14
2024041403013184,LBBL,16,26,30.0,374.0,11220.0,2024-04-14
2024041403013183,LBBL,34,26,40.0,374.1,14964.0,2024-04-14
2024041403013182,LBBL,32,26,55.0,374.1,20575.5,2024-04-14
2024041403013181,MSLB,36,58,10.0,1140.0,11400.0,2024-04-14
2024041401030183,MCHL,6,22,10.0,380.6,3806.0,2024-04-14
2024041401030182,MCHL,6,22,10.0,380.7,3807.0,2024-04-14
2024041401030181,MCHL,6,22,10.0,380.9,3809.0,2024-04-14
2024041401030180,MCHL,57,22,100.0,381.0,38100.0,2024-04-14
2024041401030179,MCHL,65,22,20.0,381.0,7620.0,2024-04-14
2024041401030178,MCHL,5,22,50.0,381.0,19050.0,2024-04-14
2024041401030177,MCHL,41,22,100.0,382.0,38200.0,2024-04-14
2024041401030176,MCHL,40,22,100.0,382.0,38200.0,2024-04-14
2024041401030175,MCHL,6,22,100.0,382.0,38200.0,2024-04-14
2024041401030174,MKCL,33,42,10.0,926.0,9260.0,2024-04-14
2024041404009401,NGPL,58,34,40000.0,332.0,13280000.0,2024-04-14
2024041401030173,SNLI,54,1,38.0,592.3,22507.4,2024-04-14
2024041403013180,FMDBL,45,57,10.0,629.0,6290.0,2024-04-14
2024041401030172,NRM,62,49,300.0,371.3,111390.0,2024-04-14
2024041401030171,SANIMA,13,34,12.0,235.5,2826.0,2024-04-14
2024041403013179,ILBS,62,47,320.0,968.0,309760.0,2024-04-14
2024041403013178,ILBS,62,45,80.0,968.0,77440.0,2024-04-14
2024041403013177,PFL,88,21,943.0,538.0,507334.0,2024-04-14
2024041401030170,PPL,62,6,10.0,640.4,6404.0,2024-04-14
2024041401030169,DOLTI,17,58,10.0,481.0,4810.0,2024-04-14
2024041401030168,CLI,48,38,360.0,446.3,160668.0,2024-04-14
2024041401030167,CLI,45,38,100.0,446.4,44640.0,2024-04-14
2024041401030166,CLI,49,38,40.0,446.4,17856.0,2024-04-14
2024041404009400,SHL,34,32,300.0,440.0,132000.0,2024-04-14
2024041401030165,SONA,29,34,37.0,453.1,16764.7,2024-04-14
2024041401030164,SONA,7,34,100.0,453.1,45310.0,2024-04-14
2024041401030163,SONA,13,34,20.0,453.2,9064.0,2024-04-14
2024041401030162,SONA,52,34,222.0,454.0,100788.0,2024-04-14
2024041401030161,SONA,62,34,121.0,454.0,54934.0,2024-04-14
2024041401030160,PPL,62,34,223.0,640.4,142809.2,2024-04-14
2024041403013176,MSLB,36,45,240.0,1112.0,266880.0,2024-04-14
2024041403013175,MSLB,4,45,10.0,1112.0,11120.0,2024-04-14
2024041403013174,MSLB,5,45,10.0,1112.1,11121.0,2024-04-14
2024041403013173,MSLB,45,45,30.0,1113.0,33390.0,2024-04-14
2024041403013172,MSLB,49,45,10.0,1118.0,11180.0,2024-04-14
2024041403013171,MSLB,35,45,50.0,1118.0,55900.0,2024-04-14
2024041403013170,MSLB,19,45,100.0,1120.0,112000.0,2024-04-14
2024041404009399,JOSHI,33,45,955.0,338.0,322790.0,2024-04-14
2024041404009398,JOSHI,47,45,460.0,338.0,155480.0,2024-04-14
2024041404009397,JOSHI,62,45,100.0,338.0,33800.0,2024-04-14
2024041404009396,JOSHI,37,45,100.0,338.2,33820.0,2024-04-14
2024041404009395,JOSHI,28,45,385.0,338.3,130245.5,2024-04-14
2024041401030159,SARBTM,34,67,70.0,820.1,57407.0,2024-04-14
2024041401030158,SARBTM,71,67,20.0,820.2,16404.0,2024-04-14
2024041401030157,SARBTM,37,67,20.0,820.3,16406.0,2024-04-14
2024041403013169,SKBBL,42,41,76.0,825.0,62700.0,2024-04-14
2024041403013168,SKBBL,42,38,72.0,824.9,59392.8,2024-04-14
2024041403013167,SKBBL,42,25,20.0,824.8,16496.0,2024-04-14
2024041403013166,SKBBL,42,57,100.0,824.0,82400.0,2024-04-14
2024041403013165,SKBBL,42,58,17.0,823.0,13991.0,2024-04-14
2024041403013164,MNBBL,8,57,79.0,341.0,26939.0,2024-04-14
2024041401030156,MEL,29,52,10.0,243.0,2430.0,2024-04-14
2024041401030155,CKHL,51,49,10.0,554.0,5540.0,2024-04-14
2024041401030154,HBL,48,50,232.0,183.0,42456.0,2024-04-14
2024041401030153,KBSH,6,57,10.0,1038.0,10380.0,2024-04-14
2024041401030152,NICA,45,14,24.0,395.0,9480.0,2024-04-14
2024041404009394,CHCL,32,21,10.0,454.9,4549.0,2024-04-14
2024041403013163,GBLBS,41,17,140.0,635.0,88900.0,2024-04-14
2024041401030151,SHLB,54,38,10.0,1262.8,12628.0,2024-04-14
2024041401030150,MHCL,14,54,20.0,417.0,8340.0,2024-04-14
2024041403013162,VLBS,45,14,37.0,745.0,27565.0,2024-04-14
2024041404009393,SALICO,47,45,99.0,655.5,64894.5,2024-04-14
2024041401030149,SHIVM,65,22,153.0,509.5,77953.5,2024-04-14
2024041401030148,MHCL,14,35,10.0,417.0,4170.0,2024-04-14
2024041401030147,MHCL,42,35,90.0,417.3,37557.0,2024-04-14
2024041401030146,SMJC,44,33,10.0,388.0,3880.0,2024-04-14
2024041401030145,SMJC,44,21,390.0,388.0,151320.0,2024-04-14
2024041405005066,HRL,45,57,40.0,613.5,24540.0,2024-04-14
2024041405005065,HRL,58,57,60.0,613.6,36816.0,2024-04-14
2024041403013161,VLBS,52,34,255.0,743.0,189465.0,2024-04-14
2024041401030144,NESDO,26,42,20.0,1726.0,34520.0,2024-04-14
2024041404009392,PPCL,14,32,340.0,249.0,84660.0,2024-04-14
2024041404009391,GHL,70,33,515.0,154.0,79310.0,2024-04-14
2024041403013160,GUFL,54,38,66.0,829.0,54714.0,2024-04-14
2024041403013159,GUFL,54,54,34.0,828.6,28172.4,2024-04-14
2024041401030143,PPL,62,45,10.0,640.4,6404.0,2024-04-14
2024041401030142,RNLI,45,48,33.0,430.0,14190.0,2024-04-14
2024041401030141,RNLI,59,48,101.0,430.0,43430.0,2024-04-14
2024041401030140,RNLI,41,48,19.0,430.0,8170.0,2024-04-14
2024041401030139,RNLI,48,48,23.0,430.1,9892.3,2024-04-14
2024041401030138,SNLI,42,1,11.0,592.3,6515.3,2024-04-14
2024041403013158,FMDBL,58,62,100.0,628.8,62880.0,2024-04-14
2024041403013157,FMDBL,58,62,100.0,628.9,62890.0,2024-04-14
2024041404009390,MEN,16,16,10.0,512.9,5129.0,2024-04-14
2024041404009389,NHPC,57,3,150.0,148.6,22290.0,2024-04-14
2024041405005064,HRL,58,1,410.0,613.6,251576.0,2024-04-14
2024041404009388,SGIC,32,57,10.0,530.0,5300.0,2024-04-14
2024041404009387,SGIC,32,34,60.0,529.0,31740.0,2024-04-14
2024041403013156,NUBL,47,14,20.0,654.0,13080.0,2024-04-14
2024041401030137,CZBIL,38,22,72.0,159.0,11448.0,2024-04-14
2024041401030136,NABIL,34,51,10.0,437.9,4379.0,2024-04-14
2024041401030135,MHL,33,20,250.0,422.6,105650.0,2024-04-14
2024041401030134,MEL,29,41,10.0,243.0,2430.0,2024-04-14
2024041401030133,DLBS,13,33,25.0,1216.6,30415.0,2024-04-14
2024041401030132,DLBS,13,33,40.0,1217.0,48680.0,2024-04-14
2024041401030131,DLBS,34,33,10.0,1217.1,12171.0,2024-04-14
2024041401030130,DLBS,13,33,60.0,1218.0,73080.0,2024-04-14
2024041401030129,DLBS,45,33,20.0,1218.0,24360.0,2024-04-14
2024041401030128,DLBS,34,33,50.0,1218.1,60905.0,2024-04-14
2024041401030127,DLBS,57,33,10.0,1227.0,12270.0,2024-04-14
2024041401030126,DLBS,26,33,45.0,1230.0,55350.0,2024-04-14
2024041401030125,DLBS,13,33,10.0,1231.0,12310.0,2024-04-14
2024041404009386,TRH,34,6,10.0,734.0,7340.0,2024-04-14
2024041401030124,MANDU,65,49,320.0,812.0,259840.0,2024-04-14
2024041401030123,MANDU,65,49,180.0,812.0,146160.0,2024-04-14
2024041404009385,UPPER,42,42,259.0,169.3,43848.7,2024-04-14
2024041404009384,UPPER,42,10,71.0,169.2,12013.2,2024-04-14
2024041401030122,MKHL,35,36,50.0,460.2,23010.0,2024-04-14
2024041404009383,NGPL,58,57,420.0,332.0,139440.0,2024-04-14
2024041404009382,NGPL,92,57,380.0,332.1,126198.0,2024-04-14
2024041404009381,BPCL,63,38,20.0,299.8,5996.0,2024-04-14
2024041405005063,HRL,58,36,20.0,613.6,12272.0,2024-04-14
2024041404009380,IGI,22,59,123.0,525.1,64587.3,2024-04-14
2024041404009379,IGI,25,59,20.0,525.1,10502.0,2024-04-14
2024041404009378,IGI,25,59,50.0,526.0,26300.0,2024-04-14
2024041404009377,IGI,58,59,27.0,526.1,14204.7,2024-04-14
2024041401030121,MHCL,55,35,100.0,418.0,41800.0,2024-04-14
2024041401030120,RNLI,48,8,10.0,430.1,4301.0,2024-04-14
2024041401030119,NBL,38,68,17.0,210.0,3570.0,2024-04-14
2024041401030118,RNLI,48,38,11.0,430.1,4731.1,2024-04-14
2024041404009376,SHEL,4,40,10.0,181.0,1810.0,2024-04-14
2024041404009375,SHEL,4,38,100.0,181.0,18100.0,2024-04-14
2024041404009374,SHEL,4,38,215.0,181.0,38915.0,2024-04-14
2024041404009373,API,16,45,274.0,173.6,47566.4,2024-04-14
2024041404009372,API,45,45,26.0,173.6,4513.6,2024-04-14
2024041404009371,API,47,45,300.0,173.7,52110.0,2024-04-14
2024041404009370,API,41,45,400.0,173.7,69480.0,2024-04-14
2024041403013155,SJLIC,45,49,500.0,500.0,250000.0,2024-04-14
2024041404009369,NICL,58,41,22.0,830.0,18260.0,2024-04-14
2024041401030117,HDL,49,57,200.0,1488.0,297600.0,2024-04-14
2024041401030116,HDL,49,52,10.0,1488.0,14880.0,2024-04-14
2024041401030115,RNLI,48,40,56.0,430.1,24085.6,2024-04-14
2024041405005062,HRL,58,65,20.0,613.6,12272.0,2024-04-14
2024041403013154,GUFL,41,64,50.0,828.5,41425.0,2024-04-14
2024041403013153,JFL,13,57,200.0,455.6,91120.0,2024-04-14
2024041401030114,PPL,62,21,100.0,640.4,64040.0,2024-04-14
2024041404009368,IGI,58,11,10.0,526.1,5261.0,2024-04-14
2024041401030113,SARBTM,44,71,50.0,821.0,41050.0,2024-04-14
2024041403013152,MSLB,36,45,90.0,1120.0,100800.0,2024-04-14
2024041405005061,NICBF,46,59,100.0,8.53,853.0,2024-04-14
2024041401030112,MKHL,58,49,10.0,460.1,4601.0,2024-04-14
2024041403013151,SFCL,33,80,90.0,324.0,29160.0,2024-04-14
2024041404009367,UNHPL,29,43,180.0,231.7,41706.0,2024-04-14
2024041404009366,UNHPL,16,43,20.0,231.7,4634.0,2024-04-14
2024041401030111,DLBS,65,33,10.0,1244.0,12440.0,2024-04-14
2024041401030110,DLBS,65,11,20.0,1244.0,24880.0,2024-04-14
2024041401030109,DLBS,65,45,10.0,1244.0,12440.0,2024-04-14
2024041401030108,DLBS,65,22,10.0,1239.0,12390.0,2024-04-14
2024041401030107,DLBS,65,35,50.0,1235.0,61750.0,2024-04-14
2024041403013150,SLBBL,33,44,312.0,672.0,209664.0,2024-04-14
2024041401030106,SARBTM,44,57,50.0,821.0,41050.0,2024-04-14
2024041403013149,JFL,58,45,110.0,456.0,50160.0,2024-04-14
2024041404009365,JOSHI,58,14,10.0,339.9,3399.0,2024-04-14
2024041404009364,AKJCL,14,36,10.0,214.0,2140.0,2024-04-14
2024041401030105,VLUCL,58,47,85.0,501.2,42602.0,2024-04-14
2024041401030104,VLUCL,11,47,10.0,501.2,5012.0,2024-04-14
2024041401030103,VLUCL,34,47,190.0,501.3,95247.0,2024-04-14
2024041404009363,SPDL,17,28,12.0,236.5,2838.0,2024-04-14
2024041401030102,SONA,62,34,379.0,454.0,172066.0,2024-04-14
2024041401030101,SONA,22,34,121.0,454.0,54934.0,2024-04-14
2024041404009362,GHL,70,29,1000.0,154.0,154000.0,2024-04-14
2024041404009361,AKJCL,29,36,270.0,214.0,57780.0,2024-04-14
2024041404009360,AKJCL,29,32,100.0,213.8,21380.0,2024-04-14
2024041401030100,PPL,62,81,400.0,640.4,256160.0,2024-04-14
2024041401030099,MKHC,64,48,118.0,337.0,39766.0,2024-04-14
2024041401030098,MKHC,34,48,82.0,337.1,27642.2,2024-04-14
2024041401030097,MHCL,42,34,10.0,417.1,4171.0,2024-04-14
2024041401030096,BEDC,39,43,200.0,368.0,73600.0,2024-04-14
2024041403013148,ILBS,74,45,20.0,968.0,19360.0,2024-04-14
2024041403013147,ILBS,74,74,126.0,968.0,121968.0,2024-04-14
2024041403013146,ILBS,74,14,100.0,967.9,96790.0,2024-04-14
2024041403013145,ILBS,74,5,15.0,967.9,14518.5,2024-04-14
2024041401030095,GCIL,49,8,10.0,491.0,4910.0,2024-04-14
2024041404009359,UPPER,52,17,100.0,169.0,16900.0,2024-04-14
2024041401030094,MHCL,42,34,10.0,417.1,4171.0,2024-04-14
2024041401030093,MHCL,4,34,10.0,417.1,4171.0,2024-04-14
2024041403013144,SKBBL,77,46,25.0,820.6,20515.0,2024-04-14
2024041403013143,SKBBL,57,46,100.0,820.6,82060.0,2024-04-14
2024041403013142,SKBBL,41,46,35.0,821.0,28735.0,2024-04-14
2024041403013141,SKBBL,47,46,50.0,821.0,41050.0,2024-04-14
2024041403013140,SKBBL,53,46,50.0,821.0,41050.0,2024-04-14
2024041403013139,SKBBL,25,46,50.0,822.0,41100.0,2024-04-14
2024041403013138,SKBBL,58,46,15.0,822.0,12330.0,2024-04-14
2024041403013137,SKBBL,26,46,15.0,822.0,12330.0,2024-04-14
2024041403013136,SKBBL,10,46,100.0,822.0,82200.0,2024-04-14
2024041403013135,SKBBL,42,46,10.0,822.1,8221.0,2024-04-14
2024041403013134,SKBBL,22,46,50.0,822.1,41105.0,2024-04-14
2024041404009358,SJCL,47,6,10.0,278.0,2780.0,2024-04-14
2024041403013133,GUFL,41,33,50.0,828.5,41425.0,2024-04-14
2024041403013132,NLICL,42,52,10.0,558.0,5580.0,2024-04-14
2024041405005060,HRL,42,58,10.0,614.0,6140.0,2024-04-14
2024041405005059,HRL,42,38,100.0,614.0,61400.0,2024-04-14
2024041405005058,HRL,42,56,35.0,614.0,21490.0,2024-04-14
2024041404009357,API,41,25,50.0,173.7,8685.0,2024-04-14
2024041405005057,HRL,42,58,20.0,613.7,12274.0,2024-04-14
2024041403013131,KSBBL,38,35,150.0,356.6,53490.0,2024-04-14
2024041403013130,FMDBL,58,42,400.0,628.9,251560.0,2024-04-14
2024041401030092,SHIVM,51,22,37.0,509.5,18851.5,2024-04-14
2024041404009356,JOSHI,28,72,500.0,338.3,169150.0,2024-04-14
2024041405005056,HRL,58,14,20.0,613.6,12272.0,2024-04-14
2024041401030091,CLI,8,14,462.0,448.0,206976.0,2024-04-14
2024041401030090,CLI,8,62,10.0,448.0,4480.0,2024-04-14
2024041401030089,CLI,8,32,10.0,448.0,4480.0,2024-04-14
2024041401030088,CLI,8,49,10.0,448.0,4480.0,2024-04-14
2024041401030087,CLI,8,58,10.0,448.0,4480.0,2024-04-14
2024041401030086,CLI,8,58,10.0,448.0,4480.0,2024-04-14
2024041401030085,CLI,8,58,22.0,448.0,9856.0,2024-04-14
2024041401030084,CLI,8,14,51.0,447.9,22842.9,2024-04-14
2024041401030083,CLI,8,75,10.0,447.5,4475.0,2024-04-14
2024041401030082,CLI,8,49,10.0,447.0,4470.0,2024-04-14
2024041401030081,CLI,8,21,95.0,447.0,42465.0,2024-04-14
2024041404009355,NGPL,92,34,300.0,332.1,99630.0,2024-04-14
2024041401030080,MAKAR,21,45,500.0,400.0,200000.0,2024-04-14
2024041403013129,MPFL,45,22,110.0,380.0,41800.0,2024-04-14
2024041403013128,MPFL,45,57,190.0,379.5,72105.0,2024-04-14
2024041405005055,HIDCL,48,25,1400.0,166.0,232400.0,2024-04-14
2024041401030079,EHPL,18,65,200.0,440.0,88000.0,2024-04-14
2024041401030078,EHPL,18,65,130.0,441.0,57330.0,2024-04-14
2024041401030077,EHPL,18,65,170.0,442.0,75140.0,2024-04-14
2024041401030076,EHPL,18,65,138.0,443.0,61134.0,2024-04-14
2024041404009354,GLH,44,48,10.0,212.5,2125.0,2024-04-14
2024041404009353,UMHL,88,19,210.0,242.2,50862.0,2024-04-14
2024041404009352,UMHL,56,19,40.0,243.1,9724.0,2024-04-14
2024041403013127,HLBSL,50,17,10.0,744.0,7440.0,2024-04-14
2024041403013126,SJLIC,21,49,100.0,500.0,50000.0,2024-04-14
2024041401030075,SNLI,49,36,218.0,592.1,129077.8,2024-04-14
2024041401030074,SNLI,44,36,23.0,592.2,13620.6,2024-04-14
2024041401030073,SNLI,42,36,50.0,592.2,29610.0,2024-04-14
2024041401030072,SNLI,59,36,34.0,592.2,20134.8,2024-04-14
2024041401030071,TAMOR,38,79,10.0,395.0,3950.0,2024-04-14
2024041401030070,MKLB,14,45,193.0,1004.0,193772.0,2024-04-14
2024041401030069,MKLB,14,38,35.0,1003.5,35122.5,2024-04-14
2024041401030068,MKLB,14,48,100.0,1003.0,100300.0,2024-04-14
2024041401030067,MKLB,14,58,22.0,1003.0,22066.0,2024-04-14
2024041401030066,MKLB,14,35,50.0,1002.0,50100.0,2024-04-14
2024041404009351,RBCL,57,6,10.0,13055.1,130551.0,2024-04-14
2024041404009350,RBCL,45,6,10.0,13067.3,130673.0,2024-04-14
2024041404009349,RBCL,35,6,10.0,13072.1,130721.0,2024-04-14
2024041404009348,RBCL,3,6,10.0,13073.0,130730.0,2024-04-14
2024041404009347,RBCL,35,6,10.0,13075.0,130750.0,2024-04-14
2024041401030065,DOLTI,6,66,36.0,473.2,17035.2,2024-04-14
2024041403013125,SFCL,6,62,83.0,323.0,26809.0,2024-04-14
2024041401030064,SIKLES,35,3,312.0,527.0,164424.0,2024-04-14
2024041401030063,SIKLES,35,42,10.0,526.0,5260.0,2024-04-14
2024041401030062,SIKLES,35,58,10.0,526.0,5260.0,2024-04-14
2024041401030061,SIKLES,35,22,50.0,526.0,26300.0,2024-04-14
2024041401030060,SIKLES,35,6,10.0,525.3,5253.0,2024-04-14
2024041401030059,SIKLES,35,45,100.0,525.0,52500.0,2024-04-14
2024041401030058,SIKLES,35,49,10.0,525.0,5250.0,2024-04-14
2024041401030057,SIKLES,35,57,50.0,525.0,26250.0,2024-04-14
2024041401030056,SIKLES,35,74,843.0,525.0,442575.0,2024-04-14
2024041401030055,SIKLES,35,13,105.0,524.0,55020.0,2024-04-14
2024041404009346,NGPL,66,59,50.0,333.0,16650.0,2024-04-14
2024041404009345,NGPL,66,86,250.0,333.0,83250.0,2024-04-14
2024041401030054,ULHC,14,26,104.0,340.5,35412.0,2024-04-14
2024041401030053,ULHC,34,26,100.0,340.7,34070.0,2024-04-14
2024041401030052,ULHC,13,26,30.0,340.7,10221.0,2024-04-14
2024041401030051,ULHC,7,26,500.0,341.0,170500.0,2024-04-14
2024041401030050,ULHC,35,26,87.0,342.0,29754.0,2024-04-14
2024041401030049,ULHC,16,26,46.0,342.0,15732.0,2024-04-14
2024041401030048,MEHL,47,4,10.0,332.0,3320.0,2024-04-14
2024041401030047,MEHL,47,38,10.0,332.0,3320.0,2024-04-14
2024041401030046,MEHL,47,49,50.0,332.0,16600.0,2024-04-14
2024041401030045,MEHL,47,21,10.0,332.0,3320.0,2024-04-14
2024041401030044,MEHL,47,58,10.0,332.0,3320.0,2024-04-14
2024041401030043,MEHL,47,58,10.0,332.0,3320.0,2024-04-14
2024041401030042,MEHL,47,32,10.0,332.0,3320.0,2024-04-14
2024041401030041,MEHL,47,35,10.0,332.0,3320.0,2024-04-14
2024041405005054,NRN,56,38,10.0,516.1,5161.0,2024-04-14
2024041401030040,PBD85,49,45,100.0,1000.0,100000.0,2024-04-14
2024041401030039,SHIVM,57,65,500.0,509.3,254650.0,2024-04-14
2024041404009344,NGPL,92,62,20.0,332.1,6642.0,2024-04-14
2024041404009343,TRH,57,17,100.0,735.0,73500.0,2024-04-14
2024041404009342,TRH,57,34,25.0,735.0,18375.0,2024-04-14
2024041401030038,MKHC,70,34,200.0,339.0,67800.0,2024-04-14
2024041403013124,NICLBSL,60,28,10.0,665.7,6657.0,2024-04-14
2024041404009341,JOSHI,57,22,200.0,338.4,67680.0,2024-04-14
2024041401030037,PCBL,34,37,860.0,192.9,165894.0,2024-04-14
2024041401030036,PCBL,34,34,90.0,192.9,17361.0,2024-04-14
2024041401030035,PCBL,34,21,50.0,192.9,9645.0,2024-04-14
2024041403013123,SAPDBL,49,41,1000.0,302.5,302500.0,2024-04-14
2024041403013122,GBLBS,41,50,60.0,634.0,38040.0,2024-04-14
2024041401030034,GCIL,49,49,11.0,491.0,5401.0,2024-04-14
2024041401030033,GCIL,49,49,80.0,491.0,39280.0,2024-04-14
2024041401030032,GCIL,49,39,27.0,491.0,13257.0,2024-04-14
2024041404009340,SPDL,3,49,83.0,235.0,19505.0,2024-04-14
2024041405005053,HRL,58,42,10.0,613.6,6136.0,2024-04-14
2024041401030031,SBL,42,26,72.0,226.0,16272.0,2024-04-14
2024041401030030,SBL,42,45,100.0,226.0,22600.0,2024-04-14
2024041401030029,SBL,42,58,500.0,226.0,113000.0,2024-04-14
2024041401030028,SBL,42,44,88.0,226.0,19888.0,2024-04-14
2024041401030027,SBL,42,46,580.0,226.0,131080.0,2024-04-14
2024041401030026,SBL,42,17,300.0,225.9,67770.0,2024-04-14
2024041404009339,MEN,16,57,10.0,511.2,5112.0,2024-04-14
2024041404009338,MEN,16,57,10.0,511.1,5111.0,2024-04-14
2024041401030025,ILI,82,70,60.0,545.0,32700.0,2024-04-14
2024041401030024,ILI,35,70,10.0,545.0,5450.0,2024-04-14
2024041401030023,ILI,63,70,100.0,545.1,54510.0,2024-04-14
2024041401030022,ILI,45,70,30.0,545.1,16353.0,2024-04-14
2024041401030021,ILI,40,70,90.0,545.2,49068.0,2024-04-14
2024041401030020,RFPL,95,5,80.0,394.0,31520.0,2024-04-14
2024041401030019,RFPL,41,5,170.0,394.0,66980.0,2024-04-14
2024041401030018,KBL,3,39,572.0,135.9,77734.8,2024-04-14
2024041404009337,UPCL,1,58,102.0,201.4,20542.8,2024-04-14
2024041401030017,PHCL,44,36,50.0,313.0,15650.0,2024-04-14
2024041401030016,MEL,29,58,60.0,243.0,14580.0,2024-04-14
2024041401030015,MEL,29,35,10.0,243.0,2430.0,2024-04-14
2024041401030014,MEL,29,51,100.0,243.0,24300.0,2024-04-14
2024041401030013,MEL,29,47,250.0,243.0,60750.0,2024-04-14
2024041401030012,MEL,29,32,600.0,243.0,145800.0,2024-04-14
2024041401030011,MEL,29,58,100.0,243.0,24300.0,2024-04-14
2024041401030010,MEL,29,55,10.0,243.0,2430.0,2024-04-14
2024041401030009,MEL,29,58,30.0,243.0,7290.0,2024-04-14
2024041401030008,MEL,29,36,10.0,243.0,2430.0,2024-04-14
2024041401030007,MEL,29,32,656.0,243.0,159408.0,2024-04-14
2024041401030006,MEL,29,58,22.0,243.0,5346.0,2024-04-14
2024041401030005,MEL,29,41,10.0,243.0,2430.0,2024-04-14
2024041401030004,MEL,29,36,50.0,243.0,12150.0,2024-04-14
2024041401030003,MEL,29,41,10.0,243.0,2430.0,2024-04-14
2024041401030002,MEL,29,56,10.0,243.0,2430.0,2024-04-14
2024041401030001,MEL,29,52,200.0,242.0,48400.0,2024-04-14
2024041401030000,MEL,29,4,75.0,242.0,18150.0,2024-04-14
2024041401029999,MEL,29,32,10.0,242.0,2420.0,2024-04-14
2024041401029998,MEL,29,45,250.0,242.0,60500.0,2024-04-14
2024041401029997,MEL,29,52,10.0,242.0,2420.0,2024-04-14
2024041401029996,MEL,29,45,224.0,242.0,54208.0,2024-04-14
2024041401029995,MEL,29,50,500.0,241.0,120500.0,2024-04-14
2024041405005052,STC,54,43,20.0,4508.0,90160.0,2024-04-14
2024041404009336,UPPER,34,10,10.0,169.2,1692.0,2024-04-14
2024041403013121,PFL,88,38,100.0,538.0,53800.0,2024-04-14
2024041404009335,NIL,4,48,10.0,813.3,8133.0,2024-04-14
2024041401029994,NYADI,34,25,90.0,305.0,27450.0,2024-04-14
2024041401029993,MKHL,58,44,500.0,460.1,230050.0,2024-04-14
2024041401029992,DOLTI,56,66,44.0,473.2,20820.8,2024-04-14
2024041401029991,DORDI,17,58,10.0,427.0,4270.0,2024-04-14
2024041401029990,SGHC,58,70,90.0,320.0,28800.0,2024-04-14
2024041401029989,JALPA,36,4,30.0,1250.0,37500.0,2024-04-14
2024041401029988,DOLTI,56,72,26.0,473.2,12303.2,2024-04-14
2024041404009334,RADHI,14,3,10.0,238.0,2380.0,2024-04-14
2024041401029987,TVCL,37,22,10.0,492.1,4921.0,2024-04-14
2024041401029986,TVCL,19,22,20.0,492.1,9842.0,2024-04-14
2024041401029985,TVCL,14,22,30.0,492.1,14763.0,2024-04-14
2024041401029984,HDL,42,34,12.0,1485.5,17826.0,2024-04-14
2024041401029983,KDL,45,56,10.0,790.0,7900.0,2024-04-14
2024041401029982,PRVU,26,33,41.0,139.1,5703.1,2024-04-14
2024041404009333,UAIL,19,42,27.0,530.3,14318.1,2024-04-14
2024041404009332,UAIL,14,42,300.0,531.0,159300.0,2024-04-14
2024041401029981,MEL,19,50,500.0,241.0,120500.0,2024-04-14
2024041405005051,NTC,45,50,190.0,836.0,158840.0,2024-04-14
2024041405005050,NTC,39,50,10.0,836.0,8360.0,2024-04-14
2024041401029980,RMF2,10,49,200.0,8.3,1660.0,2024-04-14
2024041401029979,RMF2,10,45,200.0,8.26,1652.0,2024-04-14
2024041403013120,SABSL,49,19,10.0,833.0,8330.0,2024-04-14
2024041401029978,RHGCL,44,13,490.0,346.0,169540.0,2024-04-14
2024041401029977,HHL,4,62,153.0,372.6,57007.8,2024-04-14
2024041401029976,HHL,35,62,405.0,372.8,150984.0,2024-04-14
2024041401029975,HHL,34,62,300.0,372.9,111870.0,2024-04-14
2024041401029974,HHL,34,62,182.0,373.0,67886.0,2024-04-14
2024041401029973,HHL,58,62,80.0,373.0,29840.0,2024-04-14
2024041401029972,HHL,14,62,10.0,373.1,3731.0,2024-04-14
2024041401029971,HHL,44,62,20.0,374.0,7480.0,2024-04-14
2024041401029970,HHL,32,62,90.0,374.0,33660.0,2024-04-14
2024041401029969,ULHC,16,35,10.0,342.0,3420.0,2024-04-14
2024041404009331,NGPL,66,86,190.0,333.0,63270.0,2024-04-14
2024041404009330,NGPL,66,45,10.0,333.0,3330.0,2024-04-14
2024041404009329,NGPL,66,22,100.0,332.7,33270.0,2024-04-14
2024041401029968,DOLTI,56,57,10.0,473.2,4732.0,2024-04-14
2024041403013119,PMLI,57,26,100.0,508.0,50800.0,2024-04-14
2024041403013118,ALBSL,51,74,180.0,740.0,133200.0,2024-04-14
2024041401029967,PPL,62,21,78.0,640.4,49951.2,2024-04-14
2024041403013117,MSLB,58,45,22.0,1120.0,24640.0,2024-04-14
2024041403013116,SIFC,58,80,11.0,377.0,4147.0,2024-04-14
2024041404009328,SJCL,47,36,20.0,278.0,5560.0,2024-04-14
2024041403013115,KRBL,58,10,400.0,416.0,166400.0,2024-04-14
2024041404009327,UPPER,42,10,19.0,169.2,3214.8,2024-04-14
2024041404009326,UPPER,45,10,200.0,169.3,33860.0,2024-04-14
2024041401029966,GCIL,29,39,400.0,491.0,196400.0,2024-04-14
2024041403013114,MDB,32,62,27.0,427.0,11529.0,2024-04-14
2024041403013113,MDB,20,62,200.0,427.0,85400.0,2024-04-14
2024041403013112,MDB,69,62,200.0,428.0,85600.0,2024-04-14
2024041403013111,MDB,49,62,73.0,428.0,31244.0,2024-04-14
2024041401029965,GCIL,47,57,17.0,490.0,8330.0,2024-04-14
2024041401029964,GCIL,33,57,100.0,490.0,49000.0,2024-04-14
2024041401029963,GCIL,57,57,400.0,490.0,196000.0,2024-04-14
2024041401029962,GCIL,52,57,50.0,490.0,24500.0,2024-04-14
2024041401029961,GCIL,7,57,433.0,490.0,212170.0,2024-04-14
2024041401029960,MKCL,34,5,10.0,921.3,9213.0,2024-04-14
2024041403013110,PFL,39,71,68.0,537.1,36522.8,2024-04-14
2024041403013109,PFL,25,71,459.0,537.1,246528.9,2024-04-14
2024041403013108,PFL,39,71,373.0,537.1,200338.3,2024-04-14
2024041403013107,PFL,42,71,100.0,537.2,53720.0,2024-04-14
2024041403013106,NFS,88,36,500.0,450.2,225100.0,2024-04-14
2024041403013105,NFS,33,36,100.0,450.3,45030.0,2024-04-14
2024041403013104,GBLBS,35,32,20.0,630.0,12600.0,2024-04-14
2024041403013103,GBLBS,35,32,50.0,630.0,31500.0,2024-04-14
2024041403013102,GBLBS,34,32,200.0,630.0,126000.0,2024-04-14
2024041403013101,GBLBS,68,32,50.0,630.0,31500.0,2024-04-14
2024041403013100,GBLBS,19,32,200.0,630.0,126000.0,2024-04-14
2024041403013099,GBLBS,32,32,50.0,630.1,31505.0,2024-04-14
2024041403013098,GBLBS,50,32,45.0,630.1,28354.5,2024-04-14
2024041403013097,GBLBS,17,32,200.0,631.0,126200.0,2024-04-14
2024041403013096,GBLBS,17,32,200.0,631.0,126200.0,2024-04-14
2024041403013095,GBLBS,22,32,50.0,631.3,31565.0,2024-04-14
2024041404009325,GHL,42,59,10.0,154.3,1543.0,2024-04-14
2024041401029959,RHGCL,44,38,100.0,346.0,34600.0,2024-04-14
2024041401029958,GCIL,34,39,10.0,490.7,4907.0,2024-04-14
2024041403013094,JFL,13,49,70.0,455.6,31892.0,2024-04-14
2024041401029957,JBLB,49,42,12.0,1311.0,15732.0,2024-04-14
2024041401029956,MKHL,25,36,490.0,460.2,225498.0,2024-04-14
2024041403013093,SLBBL,33,25,91.0,672.0,61152.0,2024-04-14
2024041401029955,VLUCL,34,52,10.0,501.3,5013.0,2024-04-14
2024041401029954,SNLI,44,1,200.0,592.3,118460.0,2024-04-14
2024041401029953,SNLI,40,1,100.0,592.3,59230.0,2024-04-14
2024041401029952,SNLI,34,1,90.0,592.3,53307.0,2024-04-14
2024041401029951,RNLI,58,58,1.0,428.1,428.1,2024-04-14
2024041403013092,FMDBL,58,95,90.0,625.0,56250.0,2024-04-14
2024041401029950,RAWA,13,36,90.0,490.0,44100.0,2024-04-14
2024041401029949,RAWA,71,36,50.0,490.0,24500.0,2024-04-14
2024041401029948,RAWA,13,36,100.0,490.2,49020.0,2024-04-14
2024041401029947,RAWA,44,36,60.0,490.3,29418.0,2024-04-14
2024041401029946,RAWA,49,36,100.0,490.5,49050.0,2024-04-14
2024041403013091,JFL,13,22,20.0,455.6,9112.0,2024-04-14
2024041401029945,LSL,22,62,10.0,152.8,1528.0,2024-04-14
2024041401029944,NABIL,17,25,31.0,437.8,13571.8,2024-04-14
2024041401029943,SONA,10,65,10.0,458.0,4580.0,2024-04-14
2024041404009324,SALICO,47,41,114.0,655.5,74727.0,2024-04-14
2024041404009323,SALICO,13,41,86.0,655.6,56381.6,2024-04-14
2024041403013090,HLI,41,51,100.0,392.1,39210.0,2024-04-14
2024041401029942,MANDU,65,83,360.0,812.0,292320.0,2024-04-14
2024041401029941,MANDU,45,83,140.0,813.0,113820.0,2024-04-14
2024041401029940,BGWT,13,65,65.0,620.0,40300.0,2024-04-14
2024041401029939,BGWT,13,58,35.0,619.9,21696.5,2024-04-14
2024041401029938,MEL,11,45,10.0,242.0,2420.0,2024-04-14
2024041404009322,API,41,58,170.0,173.7,29529.0,2024-04-14
2024041401029937,CZBIL,14,58,10.0,158.0,1580.0,2024-04-14
2024041401029936,CYCL,62,32,13.0,1726.9,22449.7,2024-04-14
2024041401029935,MANDU,45,32,100.0,813.0,81300.0,2024-04-14
2024041404009321,UPPER,38,14,1132.0,169.0,191308.0,2024-04-14
2024041404009320,UPPER,41,14,10.0,169.1,1691.0,2024-04-14
2024041404009319,UPPER,52,14,50.0,169.1,8455.0,2024-04-14
2024041404009318,UPPER,32,14,500.0,169.1,84550.0,2024-04-14
2024041404009317,UPPER,85,14,400.0,169.1,67640.0,2024-04-14
2024041404009316,UPPER,57,14,200.0,169.1,33820.0,2024-04-14
2024041404009315,UPPER,45,14,176.0,169.1,29761.6,2024-04-14
2024041404009314,UPPER,57,14,310.0,169.2,52452.0,2024-04-14
2024041404009313,UPPER,26,14,122.0,169.2,20642.4,2024-04-14
2024041404009312,BARUN,37,45,50.0,241.1,12055.0,2024-04-14
2024041401029934,GCIL,7,25,1000.0,490.0,490000.0,2024-04-14
2024041404009311,HPPL,47,58,550.0,270.0,148500.0,2024-04-14
2024041404009310,HPPL,57,58,200.0,270.1,54020.0,2024-04-14
2024041401029933,SARBTM,37,22,180.0,820.3,147654.0,2024-04-14
2024041401029932,SARBTM,34,22,20.0,820.5,16410.0,2024-04-14
2024041401029931,MBJC,29,28,10.0,302.0,3020.0,2024-04-14
2024041401029930,MBJC,29,42,10.0,302.0,3020.0,2024-04-14
2024041403013089,NLICL,57,41,10.0,553.1,5531.0,2024-04-14
2024041403013088,NFS,45,57,50.0,452.0,22600.0,2024-04-14
2024041403013087,JFL,13,6,17.0,455.6,7745.2,2024-04-14
2024041401029929,SONA,57,65,444.0,458.0,203352.0,2024-04-14
2024041403013086,GRDBL,35,32,15.0,378.0,5670.0,2024-04-14
2024041401029928,SIKLES,35,13,95.0,524.0,49780.0,2024-04-14
2024041401029927,SIKLES,35,6,100.0,523.9,52390.0,2024-04-14
2024041401029926,SIKLES,35,34,485.0,523.0,253655.0,2024-04-14
2024041401029925,SIKLES,35,45,10.0,522.0,5220.0,2024-04-14
2024041401029924,SIKLES,35,45,10.0,520.9,5209.0,2024-04-14
2024041404009309,SHPC,57,4,1000.0,334.0,334000.0,2024-04-14
2024041404009308,UPPER,52,11,35.0,169.5,5932.5,2024-04-14
2024041401029923,GCIL,7,21,544.0,490.0,266560.0,2024-04-14
2024041401029922,GCIL,1,21,13.0,490.1,6371.3,2024-04-14
2024041401029921,GCIL,16,21,189.0,490.1,92628.9,2024-04-14
2024041401029920,GCIL,19,21,44.0,490.2,21568.8,2024-04-14
2024041401029919,GCIL,53,21,100.0,490.3,49030.0,2024-04-14
2024041401029918,GCIL,51,21,10.0,490.5,4905.0,2024-04-14
2024041401029917,GCIL,60,21,500.0,490.6,245300.0,2024-04-14
2024041404009307,NGPL,14,45,300.0,333.0,99900.0,2024-04-14
2024041404009306,NGPL,14,62,100.0,332.9,33290.0,2024-04-14
2024041404009305,NGPL,14,48,100.0,332.8,33280.0,2024-04-14
2024041401029916,CLI,26,34,10.0,446.5,4465.0,2024-04-14
2024041401029915,CYCL,62,55,10.0,1727.0,17270.0,2024-04-14
2024041403013085,GRDBL,81,64,100.0,377.0,37700.0,2024-04-14
2024041401029914,AHL,33,66,102.0,441.0,44982.0,2024-04-14
2024041401029913,AHL,13,66,100.0,441.0,44100.0,2024-04-14
2024041401029912,AHL,68,66,105.0,444.0,46620.0,2024-04-14
2024041401029911,AHL,5,66,43.0,444.4,19109.2,2024-04-14
2024041401029910,AHL,50,66,90.0,444.5,40005.0,2024-04-14
2024041401029909,AHL,39,66,90.0,444.5,40005.0,2024-04-14
2024041401029908,AHL,21,66,40.0,444.6,17784.0,2024-04-14
2024041401029907,CYCL,66,55,10.0,1727.0,17270.0,2024-04-14
2024041404009304,AKPL,11,33,50.0,172.8,8640.0,2024-04-14
2024041401029906,PPL,62,21,10.0,640.4,6404.0,2024-04-14
2024041401029905,MEHL,58,39,100.0,331.9,33190.0,2024-04-14
2024041404009303,SHL,81,57,105.0,440.0,46200.0,2024-04-14
2024041404009302,SHL,81,21,350.0,440.0,154000.0,2024-04-14
2024041401029904,NYADI,34,48,500.0,305.0,152500.0,2024-04-14
2024041401029903,SARBTM,36,45,45.0,823.0,37035.0,2024-04-14
2024041404009301,KKHC,34,54,232.0,246.3,57141.6,2024-04-14
2024041404009300,KKHC,34,25,410.0,246.0,100860.0,2024-04-14
2024041404009299,KKHC,34,86,10.0,245.8,2458.0,2024-04-14
2024041404009298,KKHC,34,57,710.0,245.0,173950.0,2024-04-14
2024041404009297,KKHC,34,59,100.0,245.0,24500.0,2024-04-14
2024041404009296,KKHC,34,45,200.0,245.0,49000.0,2024-04-14
2024041404009295,KKHC,34,58,184.0,245.0,45080.0,2024-04-14
