transaction,symbol,buyer,seller,quantity,rate,amount,date
2025010503014504,NABBC,56,59,17.0,947.7,16110.9,2025-01-05
2025010503014503,NABBC,45,59,20.0,947.8,18956.0,2025-01-05
2025010503014502,NABBC,21,59,50.0,948.0,47400.0,2025-01-05
2025010503014501,NABBC,69,59,13.0,950.0,12350.0,2025-01-05
2025010501022153,TPC,38,64,118.0,540.0,63720.0,2025-01-05
2025010501022152,TPC,38,40,90.0,539.8,48582.0,2025-01-05
2025010501022151,TPC,38,55,30.0,539.0,16170.0,2025-01-05
2025010501022150,TPC,38,17,10.0,536.0,5360.0,2025-01-05
2025010501022149,TPC,38,11,350.0,535.0,187250.0,2025-01-05
2025010501022148,TPC,38,42,60.0,534.5,32070.0,2025-01-05
2025010501022147,TPC,38,56,46.0,534.5,24587.0,2025-01-05
2025010503014500,MLBBL,38,11,10.0,1600.0,16000.0,2025-01-05
2025010503014499,CFCL,57,48,10.0,580.0,5800.0,2025-01-05
2025010501022146,RHGCL,87,48,50.0,595.0,29750.0,2025-01-05
2025010503014498,PFL,17,41,190.0,515.1,97869.0,2025-01-05
2025010503014497,PFL,52,41,10.0,515.1,5151.0,2025-01-05
2025010501022145,RHGCL,41,48,20.0,595.0,11900.0,2025-01-05
2025010501022144,RHGCL,41,48,10.0,595.0,5950.0,2025-01-05
2025010501022143,RHGCL,41,13,70.0,594.5,41615.0,2025-01-05
2025010501022142,AHL,41,41,20.0,730.9,14618.0,2025-01-05
2025010501022141,AHL,41,47,31.0,725.0,22475.0,2025-01-05
2025010503014496,JBBL,96,26,10.0,369.0,3690.0,2025-01-05
2025010504011534,SPDL,44,41,422.0,331.0,139682.0,2025-01-05
2025010504011533,SPDL,44,16,300.0,330.9,99270.0,2025-01-05
2025010504011532,SPDL,44,14,150.0,330.0,49500.0,2025-01-05
2025010504011531,SPDL,44,42,26.0,330.0,8580.0,2025-01-05
2025010504011530,SPDL,44,49,549.0,330.0,181170.0,2025-01-05
2025010504011529,SPDL,44,45,53.0,329.5,17463.5,2025-01-05
2025010503014495,NLIC,39,47,10.0,765.0,7650.0,2025-01-05
2025010501022140,ULBSL,74,35,18.0,4840.0,87120.0,2025-01-05
2025010501022139,ULBSL,74,62,10.0,4840.0,48400.0,2025-01-05
2025010501022138,ULBSL,74,66,150.0,4835.0,725250.0,2025-01-05
2025010501022137,ULBSL,74,48,250.0,4800.0,1200000.0,2025-01-05
2025010503014494,CORBL,71,71,10.0,1669.0,16690.0,2025-01-05
2025010503014493,SINDU,55,34,52.0,830.0,43160.0,2025-01-05
2025010503014492,SINDU,55,20,100.0,827.5,82750.0,2025-01-05
2025010503014491,SINDU,55,16,300.0,827.5,248250.0,2025-01-05
2025010503014490,SINDU,55,91,10.0,825.0,8250.0,2025-01-05
2025010503014489,SINDU,55,91,10.0,823.0,8230.0,2025-01-05
2025010503014488,SINDU,55,18,78.0,820.0,63960.0,2025-01-05
2025010503014487,MNBBL,57,55,100.0,370.7,37070.0,2025-01-05
2025010501022136,MKHL,53,5,10.0,628.0,6280.0,2025-01-05
2025010505012976,PHCL,35,71,1000.0,570.2,570200.0,2025-01-05
2025010503014486,LBBL,72,33,12.0,465.0,5580.0,2025-01-05
2025010503014485,LBBL,72,49,20.0,464.0,9280.0,2025-01-05
2025010503014484,LBBL,72,62,28.0,464.0,12992.0,2025-01-05
2025010501022135,TVCL,88,71,10.0,649.0,6490.0,2025-01-05
2025010501022134,MCHL,56,49,10.0,637.0,6370.0,2025-01-05
2025010504011528,RHPL,62,58,10.0,448.0,4480.0,2025-01-05
2025010501022133,HEIP,62,38,10.0,477.0,4770.0,2025-01-05
2025010503014483,NMBMF,56,26,10.0,690.0,6900.0,2025-01-05
2025010503014482,NMBMF,56,6,30.0,689.8,20694.0,2025-01-05
2025010503014481,NMBMF,56,41,380.0,686.0,260680.0,2025-01-05
2025010504011527,RURU,36,57,20.0,675.0,13500.0,2025-01-05
2025010501022132,SMHL,65,21,85.0,1361.0,115685.0,2025-01-05
2025010501022131,SMHL,65,65,150.0,1361.0,204150.0,2025-01-05
2025010501022130,SMHL,65,47,10.0,1361.0,13610.0,2025-01-05
2025010501022129,SMHL,65,65,200.0,1360.7,272140.0,2025-01-05
2025010501022128,SMHL,65,21,150.0,1360.0,204000.0,2025-01-05
2025010501022127,SMHL,65,65,100.0,1360.0,136000.0,2025-01-05
2025010501022126,SMHL,65,29,10.0,1358.6,13586.0,2025-01-05
2025010501022125,SMHL,65,45,10.0,1358.0,13580.0,2025-01-05
2025010501022124,SMHL,65,62,100.0,1358.0,135800.0,2025-01-05
2025010501022123,SMHL,65,75,20.0,1358.0,27160.0,2025-01-05
2025010501022122,SMHL,65,45,10.0,1358.0,13580.0,2025-01-05
2025010501022121,SMHL,65,58,100.0,1358.0,135800.0,2025-01-05
2025010501022120,SMHL,65,39,20.0,1358.0,27160.0,2025-01-05
2025010501022119,SMHL,65,44,10.0,1356.8,13568.0,2025-01-05
2025010501022118,SMHL,65,38,30.0,1356.6,40698.0,2025-01-05
2025010501022117,SMHL,65,56,200.0,1356.6,271320.0,2025-01-05
2025010501022116,SMHL,65,28,10.0,1356.6,13566.0,2025-01-05
2025010501022115,SMHL,65,45,10.0,1356.6,13566.0,2025-01-05
2025010501022114,SMHL,65,55,10.0,1356.5,13565.0,2025-01-05
2025010501022113,SMHL,65,58,10.0,1356.0,13560.0,2025-01-05
2025010501022112,SMHL,65,42,225.0,1356.0,305100.0,2025-01-05
2025010501022111,SMHL,65,77,100.0,1356.0,135600.0,2025-01-05
2025010501022110,SMHL,65,14,50.0,1355.0,67750.0,2025-01-05
2025010501022109,SMHL,65,51,10.0,1355.0,13550.0,2025-01-05
2025010501022108,SMHL,65,77,100.0,1354.0,135400.0,2025-01-05
2025010501022107,SMHL,65,65,100.0,1352.6,135260.0,2025-01-05
2025010501022106,SMHL,65,14,40.0,1350.4,54016.0,2025-01-05
2025010501022105,SMHL,65,53,10.0,1350.0,13500.0,2025-01-05
2025010501022104,SMHL,65,42,30.0,1350.0,40500.0,2025-01-05
2025010501022103,SMHL,65,66,500.0,1350.0,675000.0,2025-01-05
2025010501022102,SMHL,65,42,10.0,1350.0,13500.0,2025-01-05
2025010501022101,SMHL,65,37,10.0,1350.0,13500.0,2025-01-05
2025010501022100,SMHL,65,4,10.0,1350.0,13500.0,2025-01-05
2025010501022099,SMHL,65,17,10.0,1350.0,13500.0,2025-01-05
2025010501022098,SMHL,65,17,10.0,1350.0,13500.0,2025-01-05
2025010501022097,SMHL,65,22,10.0,1350.0,13500.0,2025-01-05
2025010501022096,SMHL,65,45,10.0,1350.0,13500.0,2025-01-05
2025010501022095,SMHL,65,52,10.0,1350.0,13500.0,2025-01-05
2025010501022094,SMHL,65,34,10.0,1349.0,13490.0,2025-01-05
2025010501022093,SMHL,65,55,10.0,1349.0,13490.0,2025-01-05
2025010501022092,SMHL,65,66,490.0,1349.0,661010.0,2025-01-05
2025010501022091,RHGCL,56,48,40.0,595.0,23800.0,2025-01-05
2025010503014480,GBBL,50,41,10.0,393.9,3939.0,2025-01-05
2025010504011526,UNHPL,48,3,500.0,281.0,140500.0,2025-01-05
2025010503014479,SFCL,50,47,156.0,581.1,90651.6,2025-01-05
2025010503014478,SFCL,14,47,10.0,581.1,5811.0,2025-01-05
2025010503014477,SFCL,34,47,10.0,582.0,5820.0,2025-01-05
2025010503014476,SFCL,54,47,10.0,582.0,5820.0,2025-01-05
2025010503014475,SFCL,41,47,100.0,582.1,58210.0,2025-01-05
2025010503014474,SFCL,67,47,50.0,583.0,29150.0,2025-01-05
2025010503014473,SFCL,35,47,15.0,583.0,8745.0,2025-01-05
2025010503014472,SFCL,57,47,50.0,583.0,29150.0,2025-01-05
2025010503014471,SFCL,58,47,18.0,583.0,10494.0,2025-01-05
2025010503014470,JFL,48,42,10.0,700.0,7000.0,2025-01-05
2025010504011525,HURJA,33,34,80.0,229.6,18368.0,2025-01-05
2025010504011524,HURJA,33,34,10.0,229.5,2295.0,2025-01-05
2025010504011523,HURJA,33,19,500.0,229.1,114550.0,2025-01-05
2025010504011522,HURJA,33,42,40.0,228.9,9156.0,2025-01-05
2025010504011521,HURJA,33,52,370.0,228.9,84693.0,2025-01-05
2025010503014469,JBBL,96,21,1000.0,367.9,367900.0,2025-01-05
2025010503014468,NABBC,6,71,10.0,1005.0,10050.0,2025-01-05
2025010501022090,RHGCL,6,48,50.0,595.0,29750.0,2025-01-05
2025010501022089,DOLTI,25,6,10.0,777.0,7770.0,2025-01-05
2025010501022088,SHLB,25,1,10.0,2700.0,27000.0,2025-01-05
2025010501022087,DOLTI,70,6,50.0,780.0,39000.0,2025-01-05
2025010503014467,JFL,17,42,34.0,700.0,23800.0,2025-01-05
2025010503014466,JFL,17,58,66.0,700.0,46200.0,2025-01-05
2025010505012975,ILI,19,49,10.0,476.9,4769.0,2025-01-05
2025010504011520,AKPL,17,71,429.0,231.0,99099.0,2025-01-05
2025010504011519,AKPL,17,57,500.0,231.0,115500.0,2025-01-05
2025010504011518,AKPL,17,46,90.0,231.0,20790.0,2025-01-05
2025010504011517,AKPL,17,35,250.0,230.9,57725.0,2025-01-05
2025010504011516,AKPL,17,32,500.0,230.5,115250.0,2025-01-05
2025010504011515,AKPL,17,36,231.0,230.5,53245.5,2025-01-05
2025010501022086,MAKAR,18,38,10.0,634.9,6349.0,2025-01-05
2025010504011514,SPDL,22,45,20.0,329.5,6590.0,2025-01-05
2025010501022085,EHPL,42,59,10.0,774.0,7740.0,2025-01-05
2025010501022084,RFPL,92,62,100.0,1225.0,122500.0,2025-01-05
2025010501022083,MKHC,99,36,10.0,506.5,5065.0,2025-01-05
2025010501022082,MKHC,99,58,30.0,506.5,15195.0,2025-01-05
2025010503014465,MLBBL,99,11,10.0,1600.0,16000.0,2025-01-05
2025010503014464,SJLIC,38,52,505.0,445.1,224775.5,2025-01-05
2025010503014463,SJLIC,25,52,81.0,445.2,36061.2,2025-01-05
2025010503014462,SJLIC,5,52,190.0,445.3,84607.0,2025-01-05
2025010503014461,SJLIC,26,52,100.0,446.0,44600.0,2025-01-05
2025010503014460,SJLIC,5,52,504.0,447.0,225288.0,2025-01-05
2025010504011513,UMRH,53,51,63.0,630.0,39690.0,2025-01-05
2025010501022081,BHPL,83,13,80.0,839.9,67192.0,2025-01-05
2025010501022080,NWCL,45,44,20.0,950.0,19000.0,2025-01-05
2025010501022079,TAMOR,56,45,10.0,513.0,5130.0,2025-01-05
2025010503014459,NFS,42,49,300.0,990.0,297000.0,2025-01-05
2025010503014458,BFC,35,35,966.0,645.0,623070.0,2025-01-05
2025010503014457,BFC,51,35,50.0,645.0,32250.0,2025-01-05
2025010503014456,BFC,58,35,300.0,645.3,193590.0,2025-01-05
2025010503014455,BFC,38,35,10.0,645.9,6459.0,2025-01-05
2025010503014454,BFC,26,35,500.0,645.9,322950.0,2025-01-05
2025010503014453,BFC,21,35,50.0,646.0,32300.0,2025-01-05
2025010503014452,BFC,16,35,50.0,646.0,32300.0,2025-01-05
2025010503014451,BFC,41,35,74.0,646.0,47804.0,2025-01-05
2025010503014450,SAPDBL,68,60,10.0,970.0,9700.0,2025-01-05
2025010503014449,SAPDBL,8,60,110.0,976.0,107360.0,2025-01-05
2025010505012974,NRM,35,16,190.0,427.0,81130.0,2025-01-05
2025010503014448,JFL,39,34,50.0,698.0,34900.0,2025-01-05
2025010504011512,SSHL,32,34,84.0,223.5,18774.0,2025-01-05
2025010504011511,SSHL,43,34,526.0,223.6,117613.6,2025-01-05
2025010504011510,SSHL,22,34,140.0,223.8,31332.0,2025-01-05
2025010503014447,BFC,16,32,10.0,650.0,6500.0,2025-01-05
2025010501022078,MCHL,32,34,10.0,632.2,6322.0,2025-01-05
2025010503014446,NADEP,58,38,10.0,950.0,9500.0,2025-01-05
2025010501022077,SPC,58,69,10.0,508.9,5089.0,2025-01-05
2025010503014445,HLBSL,64,48,30.0,954.0,28620.0,2025-01-05
2025010501022076,DOLTI,64,64,1000.0,772.0,772000.0,2025-01-05
2025010501022075,DOLTI,64,18,500.0,744.0,372000.0,2025-01-05
2025010501022074,DOLTI,64,58,158.0,739.0,116762.0,2025-01-05
2025010501022073,DOLTI,64,8,200.0,734.4,146880.0,2025-01-05
2025010501022072,DOLTI,64,5,1500.0,734.0,1101000.0,2025-01-05
2025010501022071,DOLTI,64,68,200.0,733.0,146600.0,2025-01-05
2025010501022070,DOLTI,64,91,600.0,732.3,439380.0,2025-01-05
2025010501022069,DOLTI,64,58,10.0,732.0,7320.0,2025-01-05
2025010501022068,DOLTI,64,70,700.0,732.0,512400.0,2025-01-05
2025010501022067,DOLTI,64,52,19.0,731.9,13906.1,2025-01-05
2025010501022066,DOLTI,64,44,300.0,731.8,219540.0,2025-01-05
2025010501022065,DOLTI,64,80,100.0,731.8,73180.0,2025-01-05
2025010501022064,DOLTI,64,58,10.0,731.4,7314.0,2025-01-05
2025010501022063,DOLTI,64,28,50.0,731.0,36550.0,2025-01-05
2025010501022062,DOLTI,64,22,10.0,731.0,7310.0,2025-01-05
2025010501022061,DOLTI,64,66,100.0,731.0,73100.0,2025-01-05
2025010501022060,DOLTI,64,44,200.0,731.0,146200.0,2025-01-05
2025010501022059,DOLTI,64,42,300.0,731.0,219300.0,2025-01-05
2025010501022058,DOLTI,64,45,667.0,730.0,486910.0,2025-01-05
2025010501022057,DOLTI,64,55,100.0,729.3,72930.0,2025-01-05
2025010501022056,DOLTI,64,5,490.0,729.3,357357.0,2025-01-05
2025010501022055,DOLTI,64,22,100.0,729.0,72900.0,2025-01-05
2025010501022054,DOLTI,64,52,100.0,729.0,72900.0,2025-01-05
2025010501022053,DOLTI,64,57,200.0,729.0,145800.0,2025-01-05
2025010501022052,DOLTI,64,62,100.0,729.0,72900.0,2025-01-05
2025010501022051,DOLTI,64,32,10.0,728.4,7284.0,2025-01-05
2025010501022050,DOLTI,64,26,40.0,728.0,29120.0,2025-01-05
2025010501022049,DOLTI,64,58,10.0,728.0,7280.0,2025-01-05
2025010501022048,DOLTI,64,38,10.0,727.0,7270.0,2025-01-05
2025010501022047,DOLTI,64,25,100.0,726.6,72660.0,2025-01-05
2025010501022046,DOLTI,64,56,100.0,725.0,72500.0,2025-01-05
2025010501022045,DOLTI,64,45,200.0,725.0,145000.0,2025-01-05
2025010501022044,DOLTI,64,10,20.0,725.0,14500.0,2025-01-05
2025010501022043,DOLTI,64,38,70.0,725.0,50750.0,2025-01-05
2025010501022042,DOLTI,64,32,10.0,725.0,7250.0,2025-01-05
2025010501022041,DOLTI,64,41,100.0,720.0,72000.0,2025-01-05
2025010501022040,DOLTI,64,52,500.0,720.0,360000.0,2025-01-05
2025010501022039,DOLTI,64,62,10.0,720.0,7200.0,2025-01-05
2025010501022038,DOLTI,64,49,59.0,720.0,42480.0,2025-01-05
2025010503014444,SHINE,44,38,20.0,410.0,8200.0,2025-01-05
2025010503014443,SHINE,51,38,10.0,410.0,4100.0,2025-01-05
2025010503014442,SHINE,77,38,70.0,410.0,28700.0,2025-01-05
2025010501022037,MSHL,38,38,10.0,967.9,9679.0,2025-01-05
2025010501022036,MSHL,38,62,10.0,967.9,9679.0,2025-01-05
2025010501022035,MSHL,38,19,10.0,964.0,9640.0,2025-01-05
2025010501022034,MSHL,38,51,10.0,960.0,9600.0,2025-01-05
2025010501022033,MSHL,38,44,10.0,958.0,9580.0,2025-01-05
2025010501022032,MSHL,38,44,50.0,957.0,47850.0,2025-01-05
2025010501022031,MEHL,57,59,100.0,479.0,47900.0,2025-01-05
2025010501022030,RHGCL,28,48,100.0,595.0,59500.0,2025-01-05
2025010503014441,MLBBL,57,11,50.0,1600.0,80000.0,2025-01-05
2025010501022029,DOLTI,28,49,10.0,720.0,7200.0,2025-01-05
2025010501022028,DOLTI,28,49,10.0,720.0,7200.0,2025-01-05
2025010503014440,NABBC,28,71,260.0,1005.0,261300.0,2025-01-05
2025010503014439,NABBC,28,13,30.0,1004.0,30120.0,2025-01-05
2025010503014438,NABBC,28,5,100.0,1004.0,100400.0,2025-01-05
2025010503014437,NABBC,28,6,10.0,1004.0,10040.0,2025-01-05
2025010505012973,PHCL,14,57,150.0,571.0,85650.0,2025-01-05
2025010505012972,PHCL,57,57,100.0,571.0,57100.0,2025-01-05
2025010505012971,PHCL,5,57,250.0,571.0,142750.0,2025-01-05
2025010503014436,NABBC,28,1,200.0,1003.0,200600.0,2025-01-05
2025010501022027,BEDC,41,39,50.0,787.9,39395.0,2025-01-05
2025010501022026,BHPL,90,13,10.0,839.9,8399.0,2025-01-05
2025010501022025,CKHL,90,34,10.0,750.0,7500.0,2025-01-05
2025010501022024,ULHC,26,37,10.0,519.0,5190.0,2025-01-05
2025010505012970,SHIVM,16,41,90.0,511.1,45999.0,2025-01-05
2025010505012969,SHIVM,14,41,10.0,511.5,5115.0,2025-01-05
2025010503014435,LBBL,51,44,36.0,463.1,16671.6,2025-01-05
2025010501022023,ANLB,39,58,11.0,6120.0,67320.0,2025-01-05
2025010501022022,ANLB,39,29,11.0,6120.0,67320.0,2025-01-05
2025010501022021,ANLB,39,42,11.0,6114.0,67254.0,2025-01-05
2025010501022020,ANLB,39,59,11.0,6100.0,67100.0,2025-01-05
2025010501022019,ANLB,39,51,11.0,6100.0,67100.0,2025-01-05
2025010501022018,ANLB,39,42,11.0,6063.0,66693.0,2025-01-05
2025010501022017,ANLB,39,58,27.0,6060.0,163620.0,2025-01-05
2025010501022016,MKHC,13,58,20.0,506.5,10130.0,2025-01-05
2025010501022015,MKHC,13,5,20.0,506.0,10120.0,2025-01-05
2025010501022014,DOLTI,8,49,11.0,720.0,7920.0,2025-01-05
2025010505012968,PHCL,68,44,10.0,572.0,5720.0,2025-01-05
2025010503014434,RLFL,74,58,10.0,547.0,5470.0,2025-01-05
2025010501022013,CKHL,74,34,300.0,750.0,225000.0,2025-01-05
2025010501022012,ULHC,69,37,10.0,519.0,5190.0,2025-01-05
2025010501022011,MCHL,55,51,10.0,637.0,6370.0,2025-01-05
2025010501022010,MHCL,55,28,355.0,547.0,194185.0,2025-01-05
2025010501022009,MHCL,55,91,50.0,546.0,27300.0,2025-01-05
2025010501022008,MHCL,55,34,100.0,546.0,54600.0,2025-01-05
2025010501022007,MHCL,55,65,100.0,546.0,54600.0,2025-01-05
2025010501022006,MHCL,55,41,10.0,546.0,5460.0,2025-01-05
2025010501022005,MHCL,55,19,320.0,546.0,174720.0,2025-01-05
2025010501022004,MHCL,55,52,50.0,545.0,27250.0,2025-01-05
2025010501022003,MHCL,55,6,100.0,545.0,54500.0,2025-01-05
2025010501022002,MHCL,55,28,2000.0,545.0,1090000.0,2025-01-05
2025010501022001,MHCL,55,42,200.0,545.0,109000.0,2025-01-05
2025010501022000,MHCL,55,11,10.0,545.0,5450.0,2025-01-05
2025010501021999,MHCL,55,10,276.0,545.0,150420.0,2025-01-05
2025010501021998,MHCL,55,25,500.0,544.9,272450.0,2025-01-05
2025010501021997,MHCL,55,58,10.0,544.9,5449.0,2025-01-05
2025010501021996,MHCL,55,5,100.0,544.8,54480.0,2025-01-05
2025010501021995,MHCL,55,99,500.0,544.1,272050.0,2025-01-05
2025010501021994,MHCL,55,91,100.0,544.0,54400.0,2025-01-05
2025010501021993,MHCL,55,11,10.0,544.0,5440.0,2025-01-05
2025010501021992,MHCL,55,16,100.0,544.0,54400.0,2025-01-05
2025010501021991,MHCL,55,45,109.0,542.0,59078.0,2025-01-05
2025010504011509,SPDL,29,45,10.0,329.5,3295.0,2025-01-05
2025010503014433,SLBSL,62,62,10.0,2353.0,23530.0,2025-01-05
2025010503014432,SLBSL,62,58,150.0,2290.0,343500.0,2025-01-05
2025010503014431,SLBSL,62,58,200.0,2276.0,455200.0,2025-01-05
2025010503014430,SLBSL,62,20,68.0,2276.0,154768.0,2025-01-05
2025010501021990,ULBSL,62,66,50.0,4835.0,241750.0,2025-01-05
2025010501021989,ULBSL,62,57,150.0,4794.9,719235.0,2025-01-05
2025010503014429,SLBSL,62,20,10.0,2276.0,22760.0,2025-01-05
2025010501021988,NYADI,56,63,1052.0,505.0,531260.0,2025-01-05
2025010501021987,NYADI,39,63,100.0,506.0,50600.0,2025-01-05
2025010501021986,NYADI,56,63,248.0,506.0,125488.0,2025-01-05
2025010501021985,NYADI,19,63,100.0,507.0,50700.0,2025-01-05
2025010501021984,HBL,56,40,10.0,240.0,2400.0,2025-01-05
2025010501021983,MKHC,56,5,50.0,506.0,25300.0,2025-01-05
2025010501021982,RHGCL,56,48,50.0,595.0,29750.0,2025-01-05
2025010503014428,SINDU,43,18,12.0,820.0,9840.0,2025-01-05
2025010505012967,NRN,50,45,10.0,1040.0,10400.0,2025-01-05
2025010501021981,MKHC,53,47,10.0,500.0,5000.0,2025-01-05
2025010503014427,MPFL,48,10,10.0,673.0,6730.0,2025-01-05
2025010501021980,CYCL,48,6,10.0,1578.0,15780.0,2025-01-05
2025010505012966,CHDC,50,66,191.0,1580.0,301780.0,2025-01-05
2025010505012965,CHDC,50,49,197.0,1578.0,310866.0,2025-01-05
2025010505012964,CHDC,50,19,50.0,1577.9,78895.0,2025-01-05
2025010505012963,CHDC,50,11,50.0,1577.0,78850.0,2025-01-05
2025010505012962,CHDC,50,46,12.0,1574.0,18888.0,2025-01-05
2025010504011508,JOSHI,21,59,70.0,433.0,30310.0,2025-01-05
2025010501021979,SGHC,1,81,40.0,470.0,18800.0,2025-01-05
2025010501021978,SGHC,1,32,10.0,470.0,4700.0,2025-01-05
2025010501021977,SGHC,1,16,150.0,469.9,70485.0,2025-01-05
2025010501021976,RHGCL,20,48,90.0,595.0,53550.0,2025-01-05
2025010501021975,RHGCL,20,21,10.0,592.0,5920.0,2025-01-05
2025010503014426,NLIC,22,6,457.0,763.0,348691.0,2025-01-05
2025010503014425,NLIC,58,6,15.0,763.0,11445.0,2025-01-05
2025010503014424,NLIC,1,6,100.0,763.0,76300.0,2025-01-05
2025010503014423,NLIC,55,6,179.0,763.7,136702.3,2025-01-05
2025010503014422,NLIC,44,6,49.0,764.0,37436.0,2025-01-05
2025010503014421,NLIC,45,6,200.0,764.1,152820.0,2025-01-05
2025010501021974,HEIP,22,38,10.0,477.0,4770.0,2025-01-05
2025010503014420,JFL,39,22,142.0,698.0,99116.0,2025-01-05
2025010503014419,JFL,44,22,58.0,698.0,40484.0,2025-01-05
2025010504011507,HPPL,42,8,20.0,405.5,8110.0,2025-01-05
2025010503014418,PROFL,48,52,200.0,612.0,122400.0,2025-01-05
2025010505012961,PHCL,5,66,250.0,571.0,142750.0,2025-01-05
2025010503014417,SFCL,14,14,10.0,585.0,5850.0,2025-01-05
2025010501021973,MHCL,14,45,20.0,542.0,10840.0,2025-01-05
2025010505012960,MBJC,32,44,10.0,340.0,3400.0,2025-01-05
2025010505012959,MBJC,32,46,10.0,340.0,3400.0,2025-01-05
2025010505012958,MBJC,32,51,1500.0,340.0,510000.0,2025-01-05
2025010505012957,MBJC,32,5,10.0,340.0,3400.0,2025-01-05
2025010505012956,MBJC,32,45,10.0,340.0,3400.0,2025-01-05
2025010505012955,MBJC,32,19,50.0,340.0,17000.0,2025-01-05
2025010505012954,MBJC,32,58,40.0,340.0,13600.0,2025-01-05
2025010505012953,MBJC,32,7,10.0,340.0,3400.0,2025-01-05
2025010505012952,MBJC,32,19,50.0,340.0,17000.0,2025-01-05
2025010505012951,MBJC,32,83,500.0,340.0,170000.0,2025-01-05
2025010505012950,MBJC,32,7,10.0,340.0,3400.0,2025-01-05
2025010505012949,MBJC,32,7,10.0,340.0,3400.0,2025-01-05
2025010505012948,MBJC,32,21,10.0,340.0,3400.0,2025-01-05
2025010505012947,MBJC,32,64,500.0,340.0,170000.0,2025-01-05
2025010505012946,MBJC,32,29,10.0,339.9,3399.0,2025-01-05
2025010505012945,MBJC,32,53,40.0,339.9,13596.0,2025-01-05
2025010505012944,MBJC,32,29,10.0,339.9,3399.0,2025-01-05
2025010505012943,MBJC,32,25,10.0,339.8,3398.0,2025-01-05
2025010505012942,MBJC,32,41,500.0,339.8,169900.0,2025-01-05
2025010505012941,MBJC,32,43,90.0,339.7,30573.0,2025-01-05
2025010505012940,MBJC,32,28,300.0,339.5,101850.0,2025-01-05
2025010505012939,MBJC,32,4,50.0,339.5,16975.0,2025-01-05
2025010505012938,MBJC,32,49,10.0,339.5,3395.0,2025-01-05
2025010505012937,MBJC,32,38,90.0,339.1,30519.0,2025-01-05
2025010505012936,MBJC,32,51,50.0,339.0,16950.0,2025-01-05
2025010505012935,MBJC,32,4,90.0,339.0,30510.0,2025-01-05
2025010505012934,MBJC,32,7,10.0,339.0,3390.0,2025-01-05
2025010505012933,MBJC,32,51,50.0,339.0,16950.0,2025-01-05
2025010505012932,MBJC,32,19,10.0,339.0,3390.0,2025-01-05
2025010505012931,MBJC,32,55,10.0,339.0,3390.0,2025-01-05
2025010505012930,MBJC,32,32,26.0,339.0,8814.0,2025-01-05
2025010505012929,MBJC,32,26,90.0,338.6,30474.0,2025-01-05
2025010505012928,MBJC,32,49,40.0,338.0,13520.0,2025-01-05
2025010505012927,MBJC,32,49,50.0,338.0,16900.0,2025-01-05
2025010505012926,MBJC,32,25,50.0,338.0,16900.0,2025-01-05
2025010505012925,MBJC,32,57,90.0,338.0,30420.0,2025-01-05
2025010505012924,MBJC,32,14,800.0,338.0,270400.0,2025-01-05
2025010505012923,MBJC,32,50,40.0,338.0,13520.0,2025-01-05
2025010505012922,MBJC,32,21,1000.0,338.0,338000.0,2025-01-05
2025010505012921,MBJC,32,28,10.0,338.0,3380.0,2025-01-05
2025010505012920,MBJC,32,28,10.0,338.0,3380.0,2025-01-05
2025010505012919,MBJC,32,32,10.0,338.0,3380.0,2025-01-05
2025010505012918,MBJC,32,22,70.0,338.0,23660.0,2025-01-05
2025010505012917,MBJC,32,42,90.0,335.0,30150.0,2025-01-05
2025010505012916,MBJC,32,38,10.0,335.0,3350.0,2025-01-05
2025010505012915,MBJC,32,22,50.0,335.0,16750.0,2025-01-05
2025010505012914,MBJC,32,52,500.0,334.9,167450.0,2025-01-05
2025010505012913,MBJC,32,43,50.0,334.0,16700.0,2025-01-05
2025010505012912,MBJC,32,53,10.0,334.0,3340.0,2025-01-05
2025010505012911,MBJC,32,52,20.0,334.0,6680.0,2025-01-05
2025010505012910,MBJC,32,57,40.0,334.0,13360.0,2025-01-05
2025010505012909,MBJC,32,36,90.0,333.4,30006.0,2025-01-05
2025010505012908,MBJC,32,29,315.0,333.3,104989.5,2025-01-05
2025010501021972,CITY,45,35,37.0,875.1,32378.7,2025-01-05
2025010501021971,ADBL,17,45,33.0,302.0,9966.0,2025-01-05
2025010501021970,ADBL,19,45,250.0,302.0,75500.0,2025-01-05
2025010501021969,ADBL,39,45,20.0,302.0,6040.0,2025-01-05
2025010501021968,ADBL,35,45,292.0,302.0,88184.0,2025-01-05
2025010501021967,ADBL,34,45,418.0,302.1,126277.8,2025-01-05
2025010505012907,NIFRA,26,35,100.0,247.1,24710.0,2025-01-05
2025010505012906,NIFRA,49,35,200.0,247.1,49420.0,2025-01-05
2025010505012905,NIFRA,17,35,570.0,247.1,140847.0,2025-01-05
2025010503014416,MLBSL,21,32,60.0,2285.0,137100.0,2025-01-05
2025010503014415,MLBSL,39,32,100.0,2286.0,228600.0,2025-01-05
2025010503014414,MLBSL,58,32,50.0,2286.0,114300.0,2025-01-05
2025010503014413,MLBSL,26,32,10.0,2286.0,22860.0,2025-01-05
2025010503014412,MLBSL,22,32,10.0,2286.2,22862.0,2025-01-05
2025010503014411,MLBSL,49,32,10.0,2286.3,22863.0,2025-01-05
2025010503014410,MLBSL,57,32,10.0,2287.0,22870.0,2025-01-05
2025010503014409,MLBSL,5,32,10.0,2320.0,23200.0,2025-01-05
2025010501021966,TAMOR,32,38,10.0,513.7,5137.0,2025-01-05
2025010501021965,PRVU,34,34,20.0,225.0,4500.0,2025-01-05
2025010503014408,MLBSL,34,85,10.0,2330.0,23300.0,2025-01-05
2025010504011506,SGIC,38,58,10.0,683.2,6832.0,2025-01-05
2025010505012904,MBJC,58,29,10.0,333.3,3333.0,2025-01-05
2025010501021964,EBL,81,58,19.0,580.0,11020.0,2025-01-05
2025010501021963,EBL,81,17,31.0,579.9,17976.9,2025-01-05
2025010501021962,EBL,81,41,100.0,578.5,57850.0,2025-01-05
2025010501021961,MKHC,58,5,30.0,506.0,15180.0,2025-01-05
2025010501021960,SNLI,26,38,10.0,627.5,6275.0,2025-01-05
2025010505012903,CLI,21,38,10.0,685.0,6850.0,2025-01-05
2025010505012902,HDL,26,28,49.0,1196.0,58604.0,2025-01-05
2025010503014407,MDB,28,19,10.0,635.0,6350.0,2025-01-05
2025010503014406,JFL,44,57,42.0,698.0,29316.0,2025-01-05
2025010503014405,JFL,53,57,530.0,698.5,370205.0,2025-01-05
2025010503014404,JFL,6,57,100.0,698.6,69860.0,2025-01-05
2025010503014403,JFL,42,57,48.0,699.0,33552.0,2025-01-05
2025010503014402,JBBL,96,26,290.0,369.0,107010.0,2025-01-05
2025010503014401,JBBL,96,16,10.0,369.0,3690.0,2025-01-05
2025010503014400,JBBL,96,42,500.0,368.0,184000.0,2025-01-05
2025010503014399,JBBL,96,42,1000.0,368.0,368000.0,2025-01-05
2025010504011505,JOSHI,96,59,100.0,433.0,43300.0,2025-01-05
2025010501021959,MEHL,60,75,10.0,477.4,4774.0,2025-01-05
2025010504011504,HURJA,94,37,96.0,226.5,21744.0,2025-01-05
2025010504011503,HURJA,26,37,10.0,226.5,2265.0,2025-01-05
2025010504011502,HURJA,45,37,324.0,226.6,73418.4,2025-01-05
2025010504011501,HURJA,38,37,70.0,226.7,15869.0,2025-01-05
2025010505012901,HATHY,69,57,25.0,1316.0,32900.0,2025-01-05
2025010505012900,HATHY,69,58,24.0,1310.0,31440.0,2025-01-05
2025010505012899,HATHY,69,95,10.0,1309.0,13090.0,2025-01-05
2025010505012898,HATHY,69,42,84.0,1308.0,109872.0,2025-01-05
2025010505012897,HATHY,69,53,155.0,1307.9,202724.5,2025-01-05
2025010505012896,HATHY,69,7,10.0,1307.0,13070.0,2025-01-05
2025010505012895,HATHY,69,8,30.0,1305.0,39150.0,2025-01-05
2025010505012894,HATHY,69,43,12.0,1305.0,15660.0,2025-01-05
2025010505012893,MEL,55,58,265.0,318.0,84270.0,2025-01-05
2025010505012892,MEL,55,46,10.0,318.0,3180.0,2025-01-05
2025010505012891,MEL,55,58,10.0,318.0,3180.0,2025-01-05
2025010505012890,MEL,55,4,10.0,318.0,3180.0,2025-01-05
2025010505012889,MEL,55,25,100.0,317.8,31780.0,2025-01-05
2025010505012888,MEL,55,17,10.0,317.0,3170.0,2025-01-05
2025010505012887,MEL,55,49,95.0,316.9,30105.5,2025-01-05
2025010503014398,GLBSL,29,34,10.0,2394.0,23940.0,2025-01-05
2025010503014397,NABBC,69,71,87.0,950.0,82650.0,2025-01-05
2025010503014396,NABBC,34,71,10.0,950.0,9500.0,2025-01-05
2025010503014395,NABBC,48,71,100.0,950.0,95000.0,2025-01-05
2025010503014394,NABBC,55,71,200.0,951.0,190200.0,2025-01-05
2025010503014393,NABBC,1,71,400.0,952.0,380800.0,2025-01-05
2025010503014392,NABBC,22,71,20.0,952.2,19044.0,2025-01-05
2025010503014391,NABBC,34,71,10.0,954.0,9540.0,2025-01-05
2025010503014390,NABBC,71,71,1168.0,955.5,1116024.0,2025-01-05
2025010503014389,NABBC,14,71,20.0,960.1,19202.0,2025-01-05
2025010503014388,NABBC,22,71,100.0,960.4,96040.0,2025-01-05
2025010503014387,NABBC,19,71,500.0,963.9,481950.0,2025-01-05
2025010503014386,NABBC,5,71,90.0,963.9,86751.0,2025-01-05
2025010503014385,NABBC,45,71,10.0,964.0,9640.0,2025-01-05
2025010503014384,NABBC,5,71,50.0,964.0,48200.0,2025-01-05
2025010503014383,NABBC,38,71,100.0,965.1,96510.0,2025-01-05
2025010503014382,NABBC,34,71,10.0,965.3,9653.0,2025-01-05
2025010503014381,NABBC,69,71,100.0,965.3,96530.0,2025-01-05
2025010503014380,NABBC,22,71,10.0,966.0,9660.0,2025-01-05
2025010503014379,NABBC,59,71,200.0,966.0,193200.0,2025-01-05
2025010503014378,NABBC,44,71,200.0,966.3,193260.0,2025-01-05
2025010503014377,NABBC,33,71,10.0,967.0,9670.0,2025-01-05
2025010503014376,NABBC,62,71,50.0,967.0,48350.0,2025-01-05
2025010503014375,NABBC,21,71,76.0,967.0,73492.0,2025-01-05
2025010503014374,NABBC,98,71,10.0,967.1,9671.0,2025-01-05
2025010503014373,NABBC,62,71,50.0,968.0,48400.0,2025-01-05
2025010503014372,NABBC,34,71,10.0,969.0,9690.0,2025-01-05
2025010503014371,NABBC,28,71,25.0,970.0,24250.0,2025-01-05
2025010503014370,NABBC,49,71,100.0,970.0,97000.0,2025-01-05
2025010503014369,NABBC,11,71,50.0,970.1,48505.0,2025-01-05
2025010503014368,NABBC,45,71,300.0,970.2,291060.0,2025-01-05
2025010503014367,NABBC,14,71,10.0,970.2,9702.0,2025-01-05
2025010503014366,NABBC,58,71,100.0,971.0,97100.0,2025-01-05
2025010503014365,NABBC,77,71,50.0,971.0,48550.0,2025-01-05
2025010503014364,NABBC,5,71,100.0,971.0,97100.0,2025-01-05
2025010503014363,NABBC,6,71,24.0,985.0,23640.0,2025-01-05
2025010503014362,NABBC,28,71,50.0,985.0,49250.0,2025-01-05
2025010503014361,NABBC,42,71,10.0,986.1,9861.0,2025-01-05
2025010503014360,JFL,42,62,52.0,699.0,36348.0,2025-01-05
2025010503014359,JFL,17,62,50.0,699.0,34950.0,2025-01-05
2025010503014358,JFL,47,62,115.0,699.1,80396.5,2025-01-05
2025010501021958,NWCL,62,44,10.0,950.0,9500.0,2025-01-05
2025010504011500,UMRH,65,42,10.0,632.0,6320.0,2025-01-05
2025010501021957,SARBTM,32,47,28.0,712.0,19936.0,2025-01-05
2025010501021956,SARBTM,34,47,52.0,712.3,37039.6,2025-01-05
2025010501021955,SARBTM,45,47,385.0,712.4,274274.0,2025-01-05
2025010501021954,SARBTM,57,47,100.0,712.5,71250.0,2025-01-05
2025010501021953,SARBTM,41,47,10.0,712.5,7125.0,2025-01-05
2025010501021952,SARBTM,38,47,25.0,712.6,17815.0,2025-01-05
2025010501021951,SARBTM,1,47,100.0,713.0,71300.0,2025-01-05
2025010501021950,SARBTM,57,47,100.0,713.0,71300.0,2025-01-05
2025010501021949,SARBTM,21,47,200.0,713.0,142600.0,2025-01-05
2025010501021948,USHEC,28,47,10.0,615.1,6151.0,2025-01-05
2025010503014357,JFL,48,58,30.0,700.0,21000.0,2025-01-05
2025010501021947,KBL,47,1,47.0,210.0,9870.0,2025-01-05
2025010501021946,KBL,38,1,200.0,210.1,42020.0,2025-01-05
2025010503014356,HLBSL,1,48,10.0,954.0,9540.0,2025-01-05
2025010503014355,HLBSL,1,42,50.0,950.0,47500.0,2025-01-05
2025010503014354,GBLBS,6,42,50.0,764.0,38200.0,2025-01-05
2025010504011499,RHPL,6,58,50.0,448.0,22400.0,2025-01-05
2025010504011498,RHPL,6,45,10.0,448.0,4480.0,2025-01-05
2025010504011497,RHPL,6,16,100.0,447.0,44700.0,2025-01-05
2025010504011496,RHPL,6,47,70.0,447.0,31290.0,2025-01-05
2025010504011495,RHPL,6,53,50.0,447.0,22350.0,2025-01-05
2025010504011494,RHPL,6,53,20.0,445.0,8900.0,2025-01-05
2025010503014353,CFCL,17,48,30.0,580.0,17400.0,2025-01-05
2025010503014352,CFCL,17,99,15.0,574.0,8610.0,2025-01-05
2025010501021945,MKHC,53,52,423.0,500.0,211500.0,2025-01-05
2025010501021944,MKHC,25,52,100.0,500.0,50000.0,2025-01-05
2025010501021943,MKHC,36,52,42.0,500.1,21004.2,2025-01-05
2025010501021942,MKHC,34,52,435.0,500.2,217587.0,2025-01-05
2025010501021941,PCBL,32,52,178.0,252.0,44856.0,2025-01-05
2025010504011493,SSHL,42,32,20.0,225.0,4500.0,2025-01-05
2025010503014351,ICFC,51,42,60.0,655.0,39300.0,2025-01-05
2025010503014350,ICFC,41,42,10.0,655.0,6550.0,2025-01-05
2025010503014349,ICFC,14,42,70.0,655.0,45850.0,2025-01-05
2025010503014348,ICFC,55,42,60.0,655.0,39300.0,2025-01-05
2025010503014347,RLFL,52,58,10.0,547.0,5470.0,2025-01-05
2025010501021940,ANLB,39,4,11.0,5940.2,65342.2,2025-01-05
2025010501021939,MAKAR,4,38,10.0,634.9,6349.0,2025-01-05
2025010503014346,NICLBSL,42,14,10.0,645.2,6452.0,2025-01-05
2025010503014345,NICLBSL,88,14,10.0,646.0,6460.0,2025-01-05
2025010503014344,NICLBSL,45,14,10.0,646.1,6461.0,2025-01-05
2025010501021938,HHL,16,6,110.0,520.0,57200.0,2025-01-05
2025010501021937,HHL,16,57,40.0,519.9,20796.0,2025-01-05
2025010501021936,HHL,16,16,100.0,518.0,51800.0,2025-01-05
2025010503014343,NUBL,43,45,27.0,675.0,18225.0,2025-01-05
2025010503014342,NUBL,38,45,23.0,677.0,15571.0,2025-01-05
2025010501021935,TAMOR,45,38,10.0,513.7,5137.0,2025-01-05
2025010501021934,SBLD89,13,45,10.0,1247.0,12470.0,2025-01-05
2025010503014341,SINDU,34,18,30.0,820.0,24600.0,2025-01-05
2025010505012886,NRM,34,16,10.0,427.0,4270.0,2025-01-05
2025010503014340,SINDU,34,18,10.0,820.0,8200.0,2025-01-05
2025010504011492,PRIN,60,34,100.0,973.0,97300.0,2025-01-05
2025010501021933,TVCL,34,14,10.0,642.0,6420.0,2025-01-05
2025010503014339,NLIC,34,47,40.0,765.0,30600.0,2025-01-05
2025010503014338,NLIC,34,54,10.0,765.0,7650.0,2025-01-05
2025010505012885,HATHY,59,43,10.0,1305.0,13050.0,2025-01-05
2025010501021932,MEHL,50,59,400.0,479.5,191800.0,2025-01-05
2025010504011491,BARUN,56,38,112.0,405.1,45371.2,2025-01-05
2025010504011490,BARUN,56,38,88.0,405.6,35692.8,2025-01-05
2025010501021931,PRVU,57,26,46.0,225.0,10350.0,2025-01-05
2025010501021930,PRVU,57,50,350.0,225.0,78750.0,2025-01-05
2025010501021929,PRVU,57,35,60.0,225.0,13500.0,2025-01-05
2025010501021928,PRVU,57,14,1544.0,225.0,347400.0,2025-01-05
2025010501021927,RAWA,57,83,30.0,794.8,23844.0,2025-01-05
2025010501021926,ULHC,90,37,10.0,519.0,5190.0,2025-01-05
2025010501021925,PPL,62,57,120.0,549.0,65880.0,2025-01-05
2025010501021924,MMKJL,51,39,100.0,686.7,68670.0,2025-01-05
2025010501021923,BEDC,41,48,1358.0,795.0,1079610.0,2025-01-05
2025010501021922,BEDC,41,41,10.0,795.0,7950.0,2025-01-05
2025010501021921,BEDC,41,61,1100.0,795.0,874500.0,2025-01-05
2025010501021920,BEDC,41,32,150.0,795.0,119250.0,2025-01-05
2025010501021919,BEDC,41,49,10.0,795.0,7950.0,2025-01-05
2025010501021918,BEDC,41,49,10.0,795.0,7950.0,2025-01-05
2025010501021917,BEDC,41,6,50.0,795.0,39750.0,2025-01-05
2025010501021916,BEDC,41,42,180.0,795.0,143100.0,2025-01-05
2025010501021915,BEDC,41,58,10.0,795.0,7950.0,2025-01-05
2025010501021914,BEDC,41,43,10.0,795.0,7950.0,2025-01-05
2025010501021913,BEDC,41,58,10.0,795.0,7950.0,2025-01-05
2025010501021912,BEDC,41,7,304.0,795.0,241680.0,2025-01-05
2025010501021911,BEDC,41,21,10.0,795.0,7950.0,2025-01-05
2025010501021910,BEDC,41,1,10.0,795.0,7950.0,2025-01-05
2025010501021909,BEDC,41,51,10.0,795.0,7950.0,2025-01-05
2025010501021908,BEDC,41,42,100.0,795.0,79500.0,2025-01-05
2025010501021907,BEDC,41,57,10.0,795.0,7950.0,2025-01-05
2025010501021906,BEDC,41,34,10.0,795.0,7950.0,2025-01-05
2025010501021905,BEDC,41,35,10.0,795.0,7950.0,2025-01-05
2025010501021904,BEDC,41,49,10.0,795.0,7950.0,2025-01-05
2025010501021903,BEDC,41,21,10.0,795.0,7950.0,2025-01-05
2025010501021902,BEDC,41,49,10.0,794.8,7948.0,2025-01-05
2025010501021901,BEDC,41,20,75.0,794.5,59587.5,2025-01-05
2025010501021900,BEDC,41,45,10.0,794.0,7940.0,2025-01-05
2025010501021899,BEDC,41,1,300.0,794.0,238200.0,2025-01-05
2025010501021898,BEDC,41,22,10.0,793.2,7932.0,2025-01-05
2025010501021897,BEDC,41,17,10.0,793.1,7931.0,2025-01-05
2025010501021896,BEDC,41,17,10.0,793.1,7931.0,2025-01-05
2025010501021895,BEDC,41,67,650.0,793.0,515450.0,2025-01-05
2025010501021894,BEDC,41,58,10.0,793.0,7930.0,2025-01-05
2025010501021893,BEDC,41,6,50.0,792.0,39600.0,2025-01-05
2025010501021892,BEDC,41,42,10.0,792.0,7920.0,2025-01-05
2025010501021891,BEDC,41,35,10.0,791.0,7910.0,2025-01-05
2025010501021890,BEDC,41,47,50.0,791.0,39550.0,2025-01-05
2025010501021889,BEDC,41,17,10.0,790.9,7909.0,2025-01-05
2025010501021888,BEDC,41,45,100.0,790.0,79000.0,2025-01-05
2025010501021887,BEDC,41,56,10.0,790.0,7900.0,2025-01-05
2025010501021886,BEDC,41,57,355.0,790.0,280450.0,2025-01-05
2025010501021885,BEDC,41,16,304.0,790.0,240160.0,2025-01-05
2025010501021884,BEDC,41,45,150.0,790.0,118500.0,2025-01-05
2025010501021883,BEDC,41,21,10.0,790.0,7900.0,2025-01-05
2025010501021882,BEDC,41,42,250.0,790.0,197500.0,2025-01-05
2025010501021881,BEDC,41,34,120.0,790.0,94800.0,2025-01-05
2025010501021880,BEDC,41,55,20.0,790.0,15800.0,2025-01-05
2025010501021879,BEDC,41,22,10.0,790.0,7900.0,2025-01-05
2025010501021878,BEDC,41,53,10.0,790.0,7900.0,2025-01-05
2025010501021877,BEDC,41,32,10.0,790.0,7900.0,2025-01-05
2025010501021876,BEDC,41,13,10.0,790.0,7900.0,2025-01-05
2025010501021875,BEDC,41,43,10.0,790.0,7900.0,2025-01-05
2025010501021874,BEDC,41,42,10.0,790.0,7900.0,2025-01-05
2025010501021873,BEDC,41,61,40.0,790.0,31600.0,2025-01-05
2025010501021872,BEDC,41,74,55.0,789.9,43444.5,2025-01-05
2025010501021871,BEDC,41,14,10.0,789.9,7899.0,2025-01-05
2025010501021870,BEDC,41,44,10.0,789.9,7899.0,2025-01-05
2025010501021869,BEDC,41,13,10.0,789.8,7898.0,2025-01-05
2025010501021868,BEDC,41,38,109.0,789.0,86001.0,2025-01-05
2025010501021867,BEDC,41,58,10.0,789.0,7890.0,2025-01-05
2025010501021866,BEDC,41,51,100.0,789.0,78900.0,2025-01-05
2025010501021865,BEDC,41,5,10.0,789.0,7890.0,2025-01-05
2025010501021864,BEDC,41,5,10.0,789.0,7890.0,2025-01-05
2025010501021863,BEDC,41,81,1500.0,788.0,1182000.0,2025-01-05
2025010501021862,BEDC,41,38,10.0,788.0,7880.0,2025-01-05
2025010501021861,BEDC,41,48,1000.0,788.0,788000.0,2025-01-05
2025010501021860,BEDC,41,59,10.0,785.0,7850.0,2025-01-05
2025010501021859,BEDC,41,38,10.0,785.0,7850.0,2025-01-05
2025010501021858,BEDC,41,42,10.0,785.0,7850.0,2025-01-05
2025010501021857,BEDC,41,67,250.0,785.0,196250.0,2025-01-05
2025010501021856,BEDC,41,48,780.0,783.0,610740.0,2025-01-05
2025010501021855,BEDC,41,25,90.0,782.9,70461.0,2025-01-05
2025010503014337,KSBBL,53,55,54.0,430.0,23220.0,2025-01-05
2025010503014336,KSBBL,42,55,56.0,430.0,24080.0,2025-01-05
2025010503014335,KSBBL,34,55,90.0,430.1,38709.0,2025-01-05
2025010503014334,SLBSL,62,20,122.0,2276.0,277672.0,2025-01-05
2025010503014333,SLBSL,62,58,40.0,2276.0,91040.0,2025-01-05
2025010503014332,SLBSL,62,75,500.0,2040.0,1020000.0,2025-01-05
2025010503014331,SLBSL,62,76,100.0,2040.0,204000.0,2025-01-05
2025010503014330,SLBSL,62,33,370.0,2040.0,754800.0,2025-01-05
2025010503014329,SLBSL,62,38,10.0,2040.0,20400.0,2025-01-05
2025010503014328,SLBSL,62,57,50.0,2040.0,102000.0,2025-01-05
2025010503014327,SLBSL,62,32,20.0,2040.0,40800.0,2025-01-05
2025010503014326,SLBSL,62,11,58.0,2040.0,118320.0,2025-01-05
2025010503014325,SLBSL,62,67,100.0,2040.0,204000.0,2025-01-05
2025010503014324,SLBSL,62,14,10.0,2040.0,20400.0,2025-01-05
2025010503014323,SLBSL,62,58,20.0,2040.0,40800.0,2025-01-05
2025010503014322,SLBSL,62,19,10.0,2040.0,20400.0,2025-01-05
2025010503014321,SLBSL,62,35,100.0,2040.0,204000.0,2025-01-05
2025010503014320,SLBSL,62,38,100.0,2040.0,204000.0,2025-01-05
2025010503014319,SLBSL,62,43,200.0,2040.0,408000.0,2025-01-05
2025010503014318,SLBSL,62,67,100.0,2026.0,202600.0,2025-01-05
2025010503014317,SLBSL,62,35,90.0,1999.9,179991.0,2025-01-05
2025010504011489,JOSHI,57,43,195.0,432.3,84298.5,2025-01-05
2025010504011488,JOSHI,45,43,150.0,433.0,64950.0,2025-01-05
2025010505012884,NRN,67,58,360.0,1035.0,372600.0,2025-01-05
2025010505012883,NRN,67,33,250.0,1035.0,258750.0,2025-01-05
2025010505012882,NRN,67,43,200.0,1034.9,206980.0,2025-01-05
2025010504011487,AHPC,3,48,100.0,246.9,24690.0,2025-01-05
2025010503014316,JFL,21,58,10.0,700.0,7000.0,2025-01-05
2025010501021854,USHL,6,22,10.0,845.0,8450.0,2025-01-05
2025010505012881,ENL,22,55,10.0,1186.7,11867.0,2025-01-05
2025010505012880,ENL,22,42,20.0,1180.0,23600.0,2025-01-05
2025010503014315,GMFIL,51,35,10.0,519.9,5199.0,2025-01-05
2025010501021853,AHL,42,47,10.0,725.0,7250.0,2025-01-05
2025010501021852,NYADI,56,52,40.0,506.0,20240.0,2025-01-05
2025010503014314,USLB,32,49,10.0,1580.0,15800.0,2025-01-05
2025010504011486,PMHPL,11,64,130.0,281.0,36530.0,2025-01-05
2025010503014313,CFCL,57,99,30.0,574.0,17220.0,2025-01-05
2025010504011485,RHPL,14,53,50.0,445.0,22250.0,2025-01-05
2025010503014312,SLBSL,16,72,75.0,1957.5,146812.5,2025-01-05
2025010503014311,SLBSL,16,72,23.0,1957.5,45022.5,2025-01-05
2025010503014310,SLBSL,62,72,100.0,1957.5,195750.0,2025-01-05
2025010503014309,SLBSL,16,72,200.0,1957.5,391500.0,2025-01-05
2025010503014308,SLBSL,74,72,100.0,1957.5,195750.0,2025-01-05
2025010503014307,SLBSL,45,72,10.0,1957.6,19576.0,2025-01-05
2025010503014306,SLBSL,45,72,10.0,1957.6,19576.0,2025-01-05
2025010503014305,SLBSL,25,72,300.0,1958.0,587400.0,2025-01-05
2025010503014304,SLBSL,57,72,100.0,1958.0,195800.0,2025-01-05
2025010503014303,SLBSL,25,72,200.0,1958.0,391600.0,2025-01-05
2025010503014302,SLBSL,38,72,50.0,1960.0,98000.0,2025-01-05
2025010503014301,SLBSL,71,72,20.0,1960.0,39200.0,2025-01-05
2025010503014300,SLBSL,33,72,50.0,1960.0,98000.0,2025-01-05
2025010503014299,SLBSL,38,72,100.0,1960.0,196000.0,2025-01-05
2025010503014298,SLBSL,34,72,200.0,1961.1,392220.0,2025-01-05
2025010503014297,SLBSL,43,72,200.0,1962.0,392400.0,2025-01-05
2025010503014296,SLBSL,95,72,12.0,1964.0,23568.0,2025-01-05
2025010503014295,SLBSL,58,72,20.0,1965.0,39300.0,2025-01-05
2025010503014294,SLBSL,51,72,20.0,1965.0,39300.0,2025-01-05
2025010503014293,SLBSL,45,72,50.0,1965.1,98255.0,2025-01-05
2025010503014292,SLBSL,63,72,40.0,1966.0,78640.0,2025-01-05
2025010503014291,SLBSL,41,72,20.0,1980.0,39600.0,2025-01-05
2025010503014290,SLBSL,60,72,40.0,1982.1,79284.0,2025-01-05
2025010503014289,SLBSL,43,72,50.0,1982.2,99110.0,2025-01-05
2025010503014288,SLBSL,58,72,50.0,1982.3,99115.0,2025-01-05
2025010503014287,SLBSL,52,72,10.0,1986.0,19860.0,2025-01-05
2025010503014286,SLBSL,57,72,50.0,1987.0,99350.0,2025-01-05
2025010503014285,GRDBL,91,72,10.0,1015.0,10150.0,2025-01-05
2025010504011484,UPPER,38,53,100.0,202.3,20230.0,2025-01-05
2025010501021851,DOLTI,29,49,10.0,720.0,7200.0,2025-01-05
2025010501021850,SBL,29,22,10.0,297.0,2970.0,2025-01-05
2025010501021849,SBL,29,42,500.0,296.0,148000.0,2025-01-05
2025010501021848,TVCL,88,14,10.0,642.0,6420.0,2025-01-05
2025010504011483,NHDL,88,19,61.0,735.0,44835.0,2025-01-05
2025010504011482,NHDL,88,44,1239.0,735.0,910665.0,2025-01-05
2025010505012879,VLUCL,43,32,50.0,686.9,34345.0,2025-01-05
2025010505012878,VLUCL,43,48,200.0,686.8,137360.0,2025-01-05
2025010505012877,VLUCL,43,47,100.0,686.7,68670.0,2025-01-05
2025010505012876,VLUCL,43,35,50.0,686.0,34300.0,2025-01-05
2025010505012875,VLUCL,43,48,540.0,686.0,370440.0,2025-01-05
2025010505012874,VLUCL,43,45,10.0,686.0,6860.0,2025-01-05
2025010505012873,VLUCL,43,49,10.0,685.0,6850.0,2025-01-05
2025010505012872,VLUCL,43,49,10.0,685.0,6850.0,2025-01-05
2025010505012871,VLUCL,43,58,10.0,685.0,6850.0,2025-01-05
2025010505012870,VLUCL,43,4,10.0,684.4,6844.0,2025-01-05
2025010505012869,VLUCL,43,14,10.0,684.0,6840.0,2025-01-05
2025010503014284,MLBSL,37,8,10.0,2329.0,23290.0,2025-01-05
2025010504011481,HPPL,21,8,10.0,405.5,4055.0,2025-01-05
2025010503014283,NFS,42,33,80.0,990.0,79200.0,2025-01-05
2025010503014282,NFS,7,33,20.0,991.0,19820.0,2025-01-05
2025010505012868,GCIL,34,20,115.0,490.0,56350.0,2025-01-05
2025010503014281,RLFL,48,42,106.0,545.3,57801.8,2025-01-05
2025010501021847,MANDU,42,50,80.0,904.0,72320.0,2025-01-05
2025010504011480,UPPER,48,4,132.0,202.1,26677.2,2025-01-05
2025010504011479,UPPER,13,4,18.0,202.1,3637.8,2025-01-05
2025010504011478,UPPER,57,4,70.0,202.1,14147.0,2025-01-05
2025010504011477,UPPER,58,4,130.0,202.2,26286.0,2025-01-05
2025010504011476,RIDI,42,29,10.0,220.0,2200.0,2025-01-05
2025010503014280,SMB,42,45,45.0,2768.0,124560.0,2025-01-05
2025010501021846,MANDU,49,58,50.0,904.0,45200.0,2025-01-05
2025010504011475,RHPL,14,25,40.0,445.0,17800.0,2025-01-05
2025010504011474,RHPL,14,32,110.0,445.0,48950.0,2025-01-05
2025010501021845,MEHL,32,42,108.0,480.0,51840.0,2025-01-05
2025010501021844,MEHL,32,42,392.0,480.0,188160.0,2025-01-05
2025010504011473,SSHL,22,45,10.0,223.8,2238.0,2025-01-05
2025010501021843,UHEWA,59,46,230.0,750.0,172500.0,2025-01-05
2025010501021842,UHEWA,59,41,100.0,750.0,75000.0,2025-01-05
2025010501021841,DORDI,5,26,34.0,580.8,19747.2,2025-01-05
2025010501021840,DORDI,70,26,66.0,580.8,38332.8,2025-01-05
2025010503014279,CBBL,49,58,10.0,848.1,8481.0,2025-01-05
2025010503014278,SADBL,74,35,50.0,387.0,19350.0,2025-01-05
2025010503014277,MNBBL,38,41,5.0,370.0,1850.0,2025-01-05
2025010503014276,MNBBL,34,41,10.0,370.4,3704.0,2025-01-05
2025010503014275,MNBBL,34,41,10.0,370.5,3705.0,2025-01-05
2025010501021839,TSHL,39,48,15.0,850.0,12750.0,2025-01-05
2025010501021838,UHEWA,38,55,10.0,741.2,7412.0,2025-01-05
2025010501021837,ULBSL,62,62,10.0,4840.0,48400.0,2025-01-05
2025010501021836,ULBSL,62,57,80.0,4753.0,380240.0,2025-01-05
2025010501021835,ULBSL,62,62,10.0,4750.0,47500.0,2025-01-05
2025010501021834,ULBSL,62,14,100.0,4386.0,438600.0,2025-01-05
2025010501021833,ULBSL,62,14,61.0,4375.8,266923.8,2025-01-05
2025010501021832,ULBSL,62,1,16.0,4375.8,70012.8,2025-01-05
2025010501021831,ULBSL,62,37,10.0,4375.0,43750.0,2025-01-05
2025010501021830,ULBSL,62,7,20.0,4375.0,87500.0,2025-01-05
2025010501021829,ULBSL,62,43,16.0,4375.0,70000.0,2025-01-05
2025010501021828,ULBSL,62,54,20.0,4370.0,87400.0,2025-01-05
2025010501021827,ULBSL,62,70,50.0,4368.0,218400.0,2025-01-05
2025010501021826,ULBSL,62,50,16.0,4365.0,69840.0,2025-01-05
2025010501021825,ULBSL,62,33,102.0,4300.0,438600.0,2025-01-05
2025010501021824,ULBSL,62,57,50.0,4300.0,215000.0,2025-01-05
2025010501021823,ULBSL,62,42,16.0,4284.0,68544.0,2025-01-05
2025010501021822,ULBSL,62,43,16.0,4249.0,67984.0,2025-01-05
2025010501021821,ULBSL,62,35,50.0,4244.2,212210.0,2025-01-05
2025010501021820,ULBSL,62,8,27.0,4225.0,114075.0,2025-01-05
2025010504011472,NLG,65,58,459.0,985.0,452115.0,2025-01-05
2025010504011471,NLG,65,14,21.0,984.0,20664.0,2025-01-05
2025010504011470,NLG,65,88,520.0,981.0,510120.0,2025-01-05
2025010503014274,MDB,38,37,35.0,633.0,22155.0,2025-01-05
2025010503014273,MDB,11,37,20.0,633.0,12660.0,2025-01-05
2025010503014272,MDB,29,37,180.0,633.0,113940.0,2025-01-05
2025010503014271,MDB,29,37,225.0,633.0,142425.0,2025-01-05
2025010505012867,RNLI,58,47,11.0,498.2,5480.2,2025-01-05
2025010503014270,NFS,42,48,62.0,990.0,61380.0,2025-01-05
2025010503014269,ILBS,6,32,19.0,937.0,17803.0,2025-01-05
2025010503014268,ILBS,6,88,10.0,935.5,9355.0,2025-01-05
2025010503014267,GFCL,17,35,10.0,799.9,7999.0,2025-01-05
2025010503014266,GMFIL,35,70,100.0,517.8,51780.0,2025-01-05
2025010504011469,UPPER,58,66,20.0,202.2,4044.0,2025-01-05
2025010504011468,API,42,6,18.0,259.0,4662.0,2025-01-05
2025010505012866,SAHAS,1,38,50.0,464.0,23200.0,2025-01-05
2025010505012865,CIT,34,58,182.0,2110.0,384020.0,2025-01-05
2025010505012864,CIT,34,25,18.0,2110.0,37980.0,2025-01-05
2025010504011467,CHL,77,43,130.0,404.0,52520.0,2025-01-05
2025010504011466,CHL,77,71,370.0,402.9,149073.0,2025-01-05
2025010505012863,SONA,7,33,30.0,453.0,13590.0,2025-01-05
2025010505012862,SONA,7,58,10.0,452.0,4520.0,2025-01-05
2025010505012861,SONA,7,40,440.0,452.0,198880.0,2025-01-05
2025010505012860,SONA,7,6,10.0,451.5,4515.0,2025-01-05
2025010505012859,SONA,7,58,10.0,451.2,4512.0,2025-01-05
2025010501021819,UHEWA,90,29,10.0,745.0,7450.0,2025-01-05
2025010504011465,SPDL,44,26,500.0,329.0,164500.0,2025-01-05
2025010503014265,GRDBL,72,45,30.0,1090.3,32709.0,2025-01-05
2025010503014264,GRDBL,72,60,2030.0,1090.3,2213309.0,2025-01-05
2025010503014263,GRDBL,72,29,50.0,1090.3,54515.0,2025-01-05
2025010503014262,GRDBL,72,98,100.0,1090.3,109030.0,2025-01-05
2025010503014261,GRDBL,72,41,26.0,1090.3,28347.8,2025-01-05
2025010503014260,GRDBL,72,33,500.0,1090.0,545000.0,2025-01-05
2025010503014259,GRDBL,72,45,600.0,1090.0,654000.0,2025-01-05
2025010503014258,GRDBL,72,60,100.0,1090.0,109000.0,2025-01-05
2025010503014257,GRDBL,72,62,700.0,1090.0,763000.0,2025-01-05
2025010503014256,GRDBL,72,74,100.0,1090.0,109000.0,2025-01-05
2025010503014255,GRDBL,72,60,200.0,1090.0,218000.0,2025-01-05
2025010503014254,GRDBL,72,3,140.0,1090.0,152600.0,2025-01-05
2025010503014253,GRDBL,72,59,50.0,1090.0,54500.0,2025-01-05
2025010503014252,GRDBL,72,44,100.0,1090.0,109000.0,2025-01-05
2025010503014251,GRDBL,72,71,30.0,1090.0,32700.0,2025-01-05
2025010503014250,GRDBL,72,43,500.0,1089.9,544950.0,2025-01-05
2025010503014249,GRDBL,72,1,10.0,1089.0,10890.0,2025-01-05
2025010503014248,GRDBL,72,21,667.0,1089.0,726363.0,2025-01-05
2025010503014247,GRDBL,72,60,110.0,1084.2,119262.0,2025-01-05
2025010503014246,GRDBL,72,60,100.0,1084.2,108420.0,2025-01-05
2025010503014245,GRDBL,72,44,200.0,1084.0,216800.0,2025-01-05
2025010503014244,GRDBL,72,22,10.0,1080.1,10801.0,2025-01-05
2025010503014243,GRDBL,72,13,10.0,1080.1,10801.0,2025-01-05
2025010503014242,GRDBL,72,21,56.0,1080.0,60480.0,2025-01-05
2025010503014241,GRDBL,72,29,50.0,1080.0,54000.0,2025-01-05
2025010503014240,GRDBL,72,71,20.0,1080.0,21600.0,2025-01-05
2025010503014239,GRDBL,72,46,10.0,1080.0,10800.0,2025-01-05
2025010503014238,GRDBL,72,28,400.0,1080.0,432000.0,2025-01-05
2025010503014237,GRDBL,72,72,150.0,1079.1,161865.0,2025-01-05
2025010503014236,GRDBL,72,22,47.0,1079.1,50717.7,2025-01-05
2025010503014235,GRDBL,72,22,20.0,1079.1,21582.0,2025-01-05
2025010503014234,GRDBL,72,34,20.0,1079.1,21582.0,2025-01-05
2025010503014233,GRDBL,72,29,105.0,1079.0,113295.0,2025-01-05
2025010503014232,GRDBL,72,5,53.0,1079.0,57187.0,2025-01-05
2025010503014231,GRDBL,72,39,50.0,1079.0,53950.0,2025-01-05
2025010503014230,GRDBL,72,41,20.0,1079.0,21580.0,2025-01-05
2025010503014229,GRDBL,72,41,150.0,1079.0,161850.0,2025-01-05
2025010503014228,GRDBL,72,7,100.0,1078.8,107880.0,2025-01-05
2025010503014227,GRDBL,72,60,140.0,1078.0,150920.0,2025-01-05
2025010503014226,GRDBL,72,60,400.0,1078.0,431200.0,2025-01-05
2025010503014225,GRDBL,72,17,10.0,1077.0,10770.0,2025-01-05
2025010503014224,GRDBL,72,87,100.0,1077.0,107700.0,2025-01-05
2025010503014223,GRDBL,72,32,100.0,1076.1,107610.0,2025-01-05
2025010503014222,GRDBL,72,5,53.0,1076.0,57028.0,2025-01-05
2025010503014221,GRDBL,72,32,13.0,1076.0,13988.0,2025-01-05
2025010503014220,GRDBL,72,57,200.0,1075.0,215000.0,2025-01-05
2025010503014219,GRDBL,72,41,50.0,1075.0,53750.0,2025-01-05
2025010503014218,GRDBL,72,34,40.0,1072.0,42880.0,2025-01-05
2025010503014217,GRDBL,72,40,76.0,1071.2,81411.2,2025-01-05
2025010503014216,GRDBL,72,39,100.0,1071.0,107100.0,2025-01-05
2025010503014215,GRDBL,72,39,400.0,1071.0,428400.0,2025-01-05
2025010503014214,GRDBL,72,58,100.0,1071.0,107100.0,2025-01-05
2025010503014213,GRDBL,72,38,200.0,1071.0,214200.0,2025-01-05
2025010503014212,GRDBL,72,58,450.0,1071.0,481950.0,2025-01-05
2025010503014211,GRDBL,72,3,500.0,1071.0,535500.0,2025-01-05
2025010503014210,GRDBL,72,42,38.0,1071.0,40698.0,2025-01-05
2025010503014209,GRDBL,72,33,500.0,1071.0,535500.0,2025-01-05
2025010503014208,GRDBL,72,49,20.0,1070.8,21416.0,2025-01-05
2025010503014207,GRDBL,72,60,500.0,1070.0,535000.0,2025-01-05
2025010503014206,GRDBL,72,39,30.0,1070.0,32100.0,2025-01-05
2025010503014205,GRDBL,72,89,500.0,1070.0,535000.0,2025-01-05
2025010503014204,GRDBL,72,6,10.0,1070.0,10700.0,2025-01-05
2025010503014203,GRDBL,72,6,30.0,1070.0,32100.0,2025-01-05
2025010503014202,GRDBL,72,49,10.0,1070.0,10700.0,2025-01-05
2025010503014201,GRDBL,72,49,140.0,1070.0,149800.0,2025-01-05
2025010503014200,GRDBL,72,74,19.0,1070.0,20330.0,2025-01-05
2025010503014199,GRDBL,72,59,40.0,1069.0,42760.0,2025-01-05
2025010503014198,GRDBL,72,66,100.0,1069.0,106900.0,2025-01-05
2025010503014197,GRDBL,72,48,102.0,1069.0,109038.0,2025-01-05
2025010503014196,GRDBL,72,17,122.0,1069.0,130418.0,2025-01-05
2025010503014195,GRDBL,72,58,100.0,1068.0,106800.0,2025-01-05
2025010503014194,GRDBL,72,57,10.0,1066.0,10660.0,2025-01-05
2025010503014193,GRDBL,72,13,50.0,1066.0,53300.0,2025-01-05
2025010503014192,GRDBL,72,96,50.0,1065.9,53295.0,2025-01-05
2025010503014191,GRDBL,72,33,500.0,1065.0,532500.0,2025-01-05
2025010503014190,GRDBL,72,7,11.0,1065.0,11715.0,2025-01-05
2025010503014189,GRDBL,72,54,20.0,1065.0,21300.0,2025-01-05
2025010503014188,GRDBL,72,47,53.0,1065.0,56445.0,2025-01-05
2025010503014187,GRDBL,72,28,10.0,1065.0,10650.0,2025-01-05
2025010503014186,GRDBL,72,33,20.0,1065.0,21300.0,2025-01-05
2025010503014185,GRDBL,72,35,30.0,1065.0,31950.0,2025-01-05
2025010503014184,GRDBL,72,19,11.0,1065.0,11715.0,2025-01-05
2025010503014183,GRDBL,72,21,50.0,1062.0,53100.0,2025-01-05
2025010503014182,GRDBL,72,35,53.0,1060.9,56227.7,2025-01-05
2025010503014181,GRDBL,72,38,250.0,1060.0,265000.0,2025-01-05
2025010503014180,GRDBL,72,58,30.0,1060.0,31800.0,2025-01-05
2025010503014179,GRDBL,72,38,10.0,1060.0,10600.0,2025-01-05
2025010503014178,GRDBL,72,45,31.0,1060.0,32860.0,2025-01-05
2025010503014177,GRDBL,72,4,10.0,1060.0,10600.0,2025-01-05
2025010503014176,GRDBL,72,58,50.0,1058.0,52900.0,2025-01-05
2025010503014175,GRDBL,72,49,117.0,1058.0,123786.0,2025-01-05
2025010503014174,GRDBL,72,42,30.0,1057.0,31710.0,2025-01-05
2025010503014173,GRDBL,72,52,53.0,1056.0,55968.0,2025-01-05
2025010503014172,GRDBL,72,32,100.0,1055.7,105570.0,2025-01-05
2025010503014171,GRDBL,72,58,100.0,1055.0,105500.0,2025-01-05
2025010503014170,GRDBL,72,60,900.0,1055.0,949500.0,2025-01-05
2025010503014169,GRDBL,72,57,30.0,1055.0,31650.0,2025-01-05
2025010503014168,GRDBL,72,17,39.0,1055.0,41145.0,2025-01-05
2025010503014167,GRDBL,72,5,13.0,1055.0,13715.0,2025-01-05
2025010503014166,GRDBL,72,67,20.0,1054.9,21098.0,2025-01-05
2025010503014165,GRDBL,72,48,100.0,1053.0,105300.0,2025-01-05
2025010503014164,GRDBL,72,51,53.0,1051.0,55703.0,2025-01-05
2025010503014163,GRDBL,72,42,10.0,1050.0,10500.0,2025-01-05
2025010503014162,GRDBL,72,45,11.0,1050.0,11550.0,2025-01-05
2025010503014161,GRDBL,72,53,321.0,1050.0,337050.0,2025-01-05
2025010503014160,GRDBL,72,96,20.0,1049.9,20998.0,2025-01-05
2025010503014159,GRDBL,72,5,53.0,1045.0,55385.0,2025-01-05
2025010503014158,GRDBL,72,4,1133.0,1045.0,1183985.0,2025-01-05
2025010503014157,GRDBL,72,64,100.0,1043.0,104300.0,2025-01-05
2025010503014156,GRDBL,72,21,50.0,1043.0,52150.0,2025-01-05
2025010503014155,GRDBL,72,59,10.0,1041.5,10415.0,2025-01-05
2025010503014154,GRDBL,72,72,10.0,1040.0,10400.0,2025-01-05
2025010503014153,GRDBL,72,48,25.0,1040.0,26000.0,2025-01-05
2025010503014152,GRDBL,72,29,20.0,1040.0,20800.0,2025-01-05
2025010503014151,GRDBL,72,58,100.0,1040.0,104000.0,2025-01-05
2025010503014150,GRDBL,72,50,100.0,1040.0,104000.0,2025-01-05
2025010503014149,GRDBL,72,8,40.0,1035.0,41400.0,2025-01-05
2025010503014148,GRDBL,72,58,80.0,1030.0,82400.0,2025-01-05
2025010501021818,RFPL,62,49,10.0,1224.0,12240.0,2025-01-05
2025010501021817,RFPL,62,17,10.0,1224.0,12240.0,2025-01-05
2025010501021816,RFPL,62,49,100.0,1224.0,122400.0,2025-01-05
2025010501021815,RFPL,62,22,10.0,1224.0,12240.0,2025-01-05
2025010501021814,RFPL,62,41,175.0,1224.0,214200.0,2025-01-05
2025010501021813,RFPL,62,47,500.0,1224.0,612000.0,2025-01-05
2025010501021812,RFPL,62,58,600.0,1223.0,733800.0,2025-01-05
2025010501021811,RFPL,62,60,200.0,1223.0,244600.0,2025-01-05
2025010501021810,RFPL,62,38,10.0,1221.9,12219.0,2025-01-05
2025010501021809,RFPL,62,22,10.0,1221.0,12210.0,2025-01-05
2025010501021808,RFPL,62,50,10.0,1220.0,12200.0,2025-01-05
2025010501021807,RFPL,62,39,25.0,1215.0,30375.0,2025-01-05
2025010501021806,RFPL,62,14,10.0,1215.0,12150.0,2025-01-05
2025010501021805,RFPL,62,58,10.0,1210.0,12100.0,2025-01-05
2025010501021804,RFPL,62,57,10.0,1210.0,12100.0,2025-01-05
2025010501021803,RFPL,62,58,10.0,1210.0,12100.0,2025-01-05
2025010501021802,RFPL,62,34,10.0,1210.0,12100.0,2025-01-05
2025010501021801,RFPL,62,21,10.0,1210.0,12100.0,2025-01-05
2025010501021800,RFPL,62,21,10.0,1208.0,12080.0,2025-01-05
2025010501021799,RFPL,62,7,10.0,1205.0,12050.0,2025-01-05
2025010501021798,RFPL,62,28,10.0,1205.0,12050.0,2025-01-05
2025010501021797,RFPL,62,38,10.0,1201.0,12010.0,2025-01-05
2025010501021796,RFPL,62,13,10.0,1200.1,12001.0,2025-01-05
2025010504011464,BARUN,56,46,20.0,405.6,8112.0,2025-01-05
2025010504011463,BARUN,35,46,30.0,405.6,12168.0,2025-01-05
2025010505012858,NTC,50,54,10.0,912.0,9120.0,2025-01-05
2025010505012857,NTC,50,36,35.0,912.0,31920.0,2025-01-05
2025010505012856,SMJC,10,55,10.0,529.0,5290.0,2025-01-05
2025010501021795,KBL,17,38,418.0,210.5,87989.0,2025-01-05
2025010501021794,KBL,17,41,82.0,210.4,17252.8,2025-01-05
2025010503014147,SADBL,70,35,50.0,387.0,19350.0,2025-01-05
2025010501021793,RHGCL,52,48,100.0,595.0,59500.0,2025-01-05
2025010504011462,UMRH,35,42,10.0,632.0,6320.0,2025-01-05
2025010504011461,UNHPL,36,14,56.0,278.0,15568.0,2025-01-05
2025010504011460,UNHPL,74,14,200.0,278.1,55620.0,2025-01-05
2025010504011459,UNHPL,34,14,200.0,278.1,55620.0,2025-01-05
2025010504011458,UNHPL,94,14,360.0,278.5,100260.0,2025-01-05
2025010504011457,UNHPL,51,14,184.0,278.6,51262.4,2025-01-05
2025010505012855,SMATA,49,90,28.0,829.0,23212.0,2025-01-05
2025010505012854,SMATA,49,90,30.0,829.0,24870.0,2025-01-05
2025010505012853,SMATA,49,90,30.0,829.0,24870.0,2025-01-05
2025010505012852,SMATA,49,6,10.0,825.0,8250.0,2025-01-05
2025010505012851,SMATA,49,36,22.0,825.0,18150.0,2025-01-05
2025010501021792,USHL,14,22,10.0,845.0,8450.0,2025-01-05
2025010503014146,SKBBL,14,57,10.0,801.9,8019.0,2025-01-05
2025010504011456,HURJA,45,52,80.0,228.9,18312.0,2025-01-05
2025010504011455,HURJA,45,17,120.0,227.0,27240.0,2025-01-05
2025010501021791,TVCL,74,71,110.0,649.0,71390.0,2025-01-05
2025010501021790,TVCL,74,34,20.0,648.0,12960.0,2025-01-05
2025010501021789,TVCL,74,14,190.0,647.7,123063.0,2025-01-05
2025010501021788,TVCL,74,17,20.0,647.7,12954.0,2025-01-05
2025010501021787,TVCL,74,34,200.0,647.7,129540.0,2025-01-05
2025010501021786,TVCL,74,36,20.0,647.7,12954.0,2025-01-05
2025010501021785,TVCL,74,50,120.0,647.7,77724.0,2025-01-05
2025010501021784,TVCL,74,70,1500.0,647.7,971550.0,2025-01-05
2025010501021783,TVCL,74,22,20.0,647.7,12954.0,2025-01-05
2025010501021782,TVCL,74,86,500.0,647.7,323850.0,2025-01-05
2025010501021781,TVCL,74,4,50.0,647.7,32385.0,2025-01-05
2025010501021780,TVCL,74,74,500.0,647.7,323850.0,2025-01-05
2025010501021779,TVCL,74,11,100.0,647.0,64700.0,2025-01-05
2025010501021778,TVCL,74,42,50.0,647.0,32350.0,2025-01-05
2025010501021777,TVCL,74,25,150.0,647.0,97050.0,2025-01-05
2025010501021776,TVCL,74,34,20.0,647.0,12940.0,2025-01-05
2025010501021775,TVCL,74,53,20.0,646.0,12920.0,2025-01-05
2025010501021774,TVCL,74,41,60.0,645.0,38700.0,2025-01-05
2025010501021773,TVCL,74,51,30.0,645.0,19350.0,2025-01-05
2025010501021772,TVCL,74,45,20.0,645.0,12900.0,2025-01-05
2025010501021771,TVCL,74,22,10.0,645.0,6450.0,2025-01-05
2025010501021770,TVCL,74,7,500.0,645.0,322500.0,2025-01-05
2025010501021769,TVCL,74,58,160.0,645.0,103200.0,2025-01-05
2025010501021768,TVCL,74,49,10.0,645.0,6450.0,2025-01-05
2025010501021767,TVCL,74,22,50.0,645.0,32250.0,2025-01-05
2025010501021766,TVCL,74,56,500.0,644.8,322400.0,2025-01-05
2025010501021765,TVCL,74,13,200.0,643.0,128600.0,2025-01-05
2025010501021764,TVCL,74,55,500.0,643.0,321500.0,2025-01-05
2025010501021763,TVCL,74,64,250.0,643.0,160750.0,2025-01-05
2025010501021762,TVCL,74,99,300.0,643.0,192900.0,2025-01-05
2025010501021761,TVCL,74,74,100.0,642.6,64260.0,2025-01-05
2025010501021760,TVCL,74,35,500.0,642.6,321300.0,2025-01-05
2025010501021759,TVCL,74,55,150.0,642.5,96375.0,2025-01-05
2025010501021758,TVCL,74,1,10.0,642.5,6425.0,2025-01-05
2025010501021757,TVCL,74,74,300.0,642.0,192600.0,2025-01-05
2025010501021756,TVCL,74,45,300.0,642.0,192600.0,2025-01-05
2025010501021755,TVCL,74,36,250.0,642.0,160500.0,2025-01-05
2025010501021754,TVCL,74,45,400.0,642.0,256800.0,2025-01-05
2025010501021753,TVCL,74,74,500.0,642.0,321000.0,2025-01-05
2025010501021752,TVCL,74,70,200.0,642.0,128400.0,2025-01-05
2025010501021751,TVCL,74,34,20.0,642.0,12840.0,2025-01-05
2025010501021750,TVCL,74,32,20.0,642.0,12840.0,2025-01-05
2025010501021749,TVCL,74,52,10.0,642.0,6420.0,2025-01-05
2025010501021748,TVCL,74,1,50.0,640.5,32025.0,2025-01-05
2025010501021747,TVCL,74,38,60.0,640.5,38430.0,2025-01-05
2025010501021746,TVCL,74,86,250.0,640.5,160125.0,2025-01-05
2025010501021745,TVCL,74,10,50.0,640.5,32025.0,2025-01-05
2025010501021744,TVCL,74,39,50.0,639.9,31995.0,2025-01-05
2025010501021743,TVCL,74,54,100.0,639.0,63900.0,2025-01-05
2025010501021742,TVCL,74,74,500.0,638.9,319450.0,2025-01-05
2025010501021741,BHL,41,32,80.0,374.7,29976.0,2025-01-05
2025010501021740,BHL,41,44,10.0,374.0,3740.0,2025-01-05
2025010503014145,SMB,57,58,10.0,2763.0,27630.0,2025-01-05
2025010501021739,NWCL,58,44,10.0,950.0,9500.0,2025-01-05
2025010505012850,NIFRA,17,38,54.0,247.1,13343.4,2025-01-05
2025010503014144,JBBL,96,62,123.0,367.9,45251.7,2025-01-05
2025010501021738,LSL,11,52,1670.0,218.0,364060.0,2025-01-05
2025010503014143,MSLB,50,21,10.0,1467.0,14670.0,2025-01-05
2025010501021737,NICA,50,57,50.0,384.0,19200.0,2025-01-05
2025010501021736,NICA,50,49,100.0,383.9,38390.0,2025-01-05
2025010501021735,RFPL,62,48,10.0,1200.0,12000.0,2025-01-05
2025010504011454,UMHL,21,45,50.0,336.0,16800.0,2025-01-05
2025010504011453,HPPL,80,49,10.0,405.0,4050.0,2025-01-05
2025010503014142,BFC,41,10,26.0,646.0,16796.0,2025-01-05
2025010503014141,BFC,34,10,20.0,646.8,12936.0,2025-01-05
2025010503014140,BFC,33,10,34.0,646.8,21991.2,2025-01-05
2025010501021734,CZBIL,22,22,50.0,216.0,10800.0,2025-01-05
2025010501021733,CZBIL,16,22,60.0,216.0,12960.0,2025-01-05
2025010501021732,CZBIL,32,22,667.0,216.0,144072.0,2025-01-05
2025010501021731,RHGCL,51,48,60.0,595.0,35700.0,2025-01-05
2025010501021730,RHGCL,51,49,10.0,595.0,5950.0,2025-01-05
2025010501021729,RHGCL,51,35,10.0,595.0,5950.0,2025-01-05
2025010501021728,RHGCL,51,58,10.0,595.0,5950.0,2025-01-05
2025010501021727,RHGCL,51,1,10.0,594.9,5949.0,2025-01-05
2025010501021726,BGWT,44,36,10.0,975.0,9750.0,2025-01-05
2025010504011452,RADHI,42,60,100.0,336.0,33600.0,2025-01-05
2025010504011451,RADHI,6,60,160.0,336.0,53760.0,2025-01-05
2025010504011450,CHCL,1,45,100.0,509.0,50900.0,2025-01-05
2025010504011449,RIDI,5,29,30.0,220.0,6600.0,2025-01-05
2025010504011448,RIDI,5,45,20.0,220.0,4400.0,2025-01-05
2025010504011447,AKPL,35,36,90.0,230.5,20745.0,2025-01-05
2025010501021725,NYADI,56,45,40.0,506.0,20240.0,2025-01-05
2025010503014139,SMB,45,45,116.0,2768.0,321088.0,2025-01-05
2025010503014138,GILB,45,45,10.0,1155.0,11550.0,2025-01-05
2025010501021724,NYADI,56,13,20.0,506.0,10120.0,2025-01-05
2025010505012849,VLUCL,57,56,10.0,683.0,6830.0,2025-01-05
2025010501021723,RFPL,62,39,10.0,1200.0,12000.0,2025-01-05
2025010503014137,JBBL,96,8,430.0,367.9,158197.0,2025-01-05
2025010501021722,HBL,57,62,400.0,237.9,95160.0,2025-01-05
2025010501021721,HBL,19,62,90.0,237.9,21411.0,2025-01-05
2025010501021720,HBL,44,62,510.0,237.9,121329.0,2025-01-05
2025010503014136,SINDU,62,18,70.0,820.0,57400.0,2025-01-05
2025010503014135,SINDU,62,14,50.0,820.0,41000.0,2025-01-05
2025010501021719,RHGCL,62,1,10.0,594.9,5949.0,2025-01-05
2025010503014134,PFL,86,62,50.0,515.0,25750.0,2025-01-05
2025010505012848,NRM,36,58,10.0,429.0,4290.0,2025-01-05
2025010505012847,NRM,36,58,10.0,427.0,4270.0,2025-01-05
2025010501021718,SNLI,18,3,10.0,629.0,6290.0,2025-01-05
2025010501021717,BGWT,44,49,17.0,975.0,16575.0,2025-01-05
2025010503014133,SKBBL,49,57,37.0,801.9,29670.3,2025-01-05
2025010504011446,UNHPL,45,38,155.0,281.8,43679.0,2025-01-05
2025010501021716,IHL,81,36,15.0,690.0,10350.0,2025-01-05
2025010501021715,IHL,81,45,100.0,690.0,69000.0,2025-01-05
2025010501021714,IHL,81,4,115.0,690.0,79350.0,2025-01-05
2025010501021713,IHL,81,13,210.0,690.0,144900.0,2025-01-05
2025010501021712,IHL,81,45,100.0,690.0,69000.0,2025-01-05
2025010504011445,AKPL,59,36,129.0,230.5,29734.5,2025-01-05
2025010504011444,AKPL,59,52,171.0,230.5,39415.5,2025-01-05
2025010503014132,GRDBL,91,74,30.0,1015.0,30450.0,2025-01-05
2025010503014131,GRDBL,43,74,300.0,1016.3,304890.0,2025-01-05
2025010503014130,GRDBL,71,74,100.0,1019.2,101920.0,2025-01-05
2025010503014129,GRDBL,94,74,60.0,1019.2,61152.0,2025-01-05
2025010505012846,GCIL,34,39,85.0,490.0,41650.0,2025-01-05
2025010505012845,GCIL,34,39,100.0,490.0,49000.0,2025-01-05
2025010505012844,GCIL,50,39,163.0,490.0,79870.0,2025-01-05
2025010501021711,NBL,38,50,10.0,264.5,2645.0,2025-01-05
2025010504011443,TRH,3,62,25.0,1101.0,27525.0,2025-01-05
2025010501021710,TAMOR,56,51,10.0,513.0,5130.0,2025-01-05
2025010501021709,TAMOR,56,25,200.0,513.0,102600.0,2025-01-05
2025010501021708,TAMOR,56,26,100.0,512.0,51200.0,2025-01-05
2025010501021707,SCB,25,65,41.0,671.0,27511.0,2025-01-05
2025010503014128,MLBBL,40,11,100.0,1600.0,160000.0,2025-01-05
2025010503014127,GBLBS,6,32,18.0,765.0,13770.0,2025-01-05
2025010503014126,GBLBS,6,44,290.0,765.0,221850.0,2025-01-05
2025010501021706,SRLI,17,49,100.0,420.0,42000.0,2025-01-05
2025010504011442,SJCL,35,45,20.0,348.9,6978.0,2025-01-05
2025010504011441,SJCL,35,1,20.0,347.0,6940.0,2025-01-05
2025010504011440,SJCL,35,34,10.0,346.4,3464.0,2025-01-05
2025010505012843,GCIL,50,35,37.0,490.0,18130.0,2025-01-05
2025010505012842,GCIL,39,35,20.0,490.0,9800.0,2025-01-05
2025010505012841,MEL,32,49,20.0,316.9,6338.0,2025-01-05
2025010501021705,BGWT,44,14,30.0,975.0,29250.0,2025-01-05
2025010503014125,JFL,49,58,20.0,700.0,14000.0,2025-01-05
2025010505012840,BBC,17,45,10.0,5873.0,58730.0,2025-01-05
2025010503014124,RSDC,34,45,10.0,679.9,6799.0,2025-01-05
2025010501021704,CYCL,46,57,45.0,1550.0,69750.0,2025-01-05
2025010501021703,MHL,72,34,10.0,850.0,8500.0,2025-01-05
2025010501021702,MHL,72,58,50.0,849.5,42475.0,2025-01-05
2025010501021701,MHL,72,42,10.0,839.0,8390.0,2025-01-05
2025010501021700,MHL,72,4,10.0,838.0,8380.0,2025-01-05
2025010501021699,MHL,72,43,40.0,835.0,33400.0,2025-01-05
2025010501021698,MHL,72,49,10.0,835.0,8350.0,2025-01-05
2025010501021697,MHL,72,58,10.0,835.0,8350.0,2025-01-05
2025010501021696,MHL,72,91,20.0,830.0,16600.0,2025-01-05
2025010504011439,RHPL,62,32,200.0,445.0,89000.0,2025-01-05
2025010505012839,PHCL,35,63,460.0,570.2,262292.0,2025-01-05
2025010501021695,JBLB,50,62,70.0,1359.0,95130.0,2025-01-05
2025010501021694,HHL,48,57,10.0,519.9,5199.0,2025-01-05
2025010505012838,NRN,51,48,18.0,1033.2,18597.6,2025-01-05
2025010505012837,NRN,58,48,327.0,1033.3,337889.1,2025-01-05
2025010504011438,PMHPL,11,25,200.0,281.0,56200.0,2025-01-05
2025010501021693,RAWA,92,51,10.0,792.0,7920.0,2025-01-05
2025010503014123,SLBSL,51,35,10.0,1999.9,19999.0,2025-01-05
2025010504011437,HDHPC,51,42,10.0,195.9,1959.0,2025-01-05
2025010501021692,RFPL,62,16,20.0,1200.0,24000.0,2025-01-05
2025010505012836,SLCF,47,5,100.0,9.38,938.0,2025-01-05
2025010503014122,ALICL,42,42,258.0,706.1,182173.8,2025-01-05
2025010501021691,NABIL,49,14,198.0,499.0,98802.0,2025-01-05
2025010501021690,NABIL,49,35,10.0,499.0,4990.0,2025-01-05
2025010501021689,NABIL,49,4,50.0,499.0,24950.0,2025-01-05
2025010501021688,NABIL,49,6,42.0,499.0,20958.0,2025-01-05
2025010503014121,SLBBL,47,42,15.0,885.0,13275.0,2025-01-05
2025010504011436,SGIC,38,42,20.0,683.2,13664.0,2025-01-05
2025010504011435,SGIC,44,42,25.0,683.3,17082.5,2025-01-05
2025010504011434,SGIC,75,42,40.0,683.3,27332.0,2025-01-05
2025010504011433,SGIC,36,42,15.0,683.5,10252.5,2025-01-05
2025010501021687,USHL,58,49,15.0,839.1,12586.5,2025-01-05
2025010501021686,SRLI,58,49,10.0,419.8,4198.0,2025-01-05
2025010501021685,CKHL,85,34,1000.0,750.0,750000.0,2025-01-05
2025010501021684,BHL,34,65,10.0,374.5,3745.0,2025-01-05
2025010503014120,VLBS,44,16,892.0,861.9,768814.8,2025-01-05
2025010503014119,VLBS,44,39,120.0,861.9,103428.0,2025-01-05
2025010503014118,VLBS,44,36,58.0,861.4,49961.2,2025-01-05
2025010503014117,VLBS,44,7,200.0,860.0,172000.0,2025-01-05
2025010503014116,VLBS,44,56,100.0,860.0,86000.0,2025-01-05
2025010503014115,VLBS,44,17,10.0,859.0,8590.0,2025-01-05
2025010503014114,VLBS,44,34,70.0,859.0,60130.0,2025-01-05
2025010503014113,VLBS,44,70,50.0,858.0,42900.0,2025-01-05
2025010501021683,SGHC,13,41,100.0,468.0,46800.0,2025-01-05
2025010505012835,CIT,38,25,32.0,2110.0,67520.0,2025-01-05
2025010505012834,CIT,38,6,100.0,2110.0,211000.0,2025-01-05
2025010505012833,CIT,38,14,35.0,2110.0,73850.0,2025-01-05
2025010505012832,CIT,38,45,100.0,2110.0,211000.0,2025-01-05
2025010505012831,CIT,38,21,10.0,2110.0,21100.0,2025-01-05
2025010505012830,CIT,38,21,20.0,2110.0,42200.0,2025-01-05
2025010505012829,CIT,38,17,81.0,2109.9,170901.9,2025-01-05
2025010505012828,CIT,38,25,50.0,2109.9,105495.0,2025-01-05
2025010505012827,CIT,38,43,10.0,2109.9,21099.0,2025-01-05
2025010505012826,CIT,38,13,20.0,2109.8,42196.0,2025-01-05
2025010505012825,CIT,38,13,42.0,2109.0,88578.0,2025-01-05
2025010505012824,ILI,58,6,12.0,476.0,5712.0,2025-01-05
2025010501021682,PRVU,22,14,10.0,225.0,2250.0,2025-01-05
2025010504011432,UPPER,58,22,50.0,202.2,10110.0,2025-01-05
2025010504011431,UPPER,42,22,450.0,202.2,90990.0,2025-01-05
2025010503014112,ALBSL,52,13,10.0,790.0,7900.0,2025-01-05
2025010501021681,CYCL,60,6,10.0,1578.0,15780.0,2025-01-05
2025010501021680,AVYAN,17,16,165.0,995.0,164175.0,2025-01-05
2025010501021679,AVYAN,39,16,10.0,995.0,9950.0,2025-01-05
2025010501021678,AVYAN,17,16,90.0,995.0,89550.0,2025-01-05
2025010501021677,AVYAN,42,16,250.0,995.0,248750.0,2025-01-05
2025010501021676,AVYAN,57,16,466.0,996.0,464136.0,2025-01-05
2025010501021675,AVYAN,50,16,500.0,997.0,498500.0,2025-01-05
2025010501021674,AVYAN,50,16,500.0,997.5,498750.0,2025-01-05
2025010501021673,AVYAN,42,16,10.0,998.0,9980.0,2025-01-05
2025010501021672,ULHC,14,99,11.0,519.9,5718.9,2025-01-05
2025010501021671,ULHC,14,6,169.0,519.9,87863.1,2025-01-05
2025010501021670,ULHC,14,25,50.0,519.8,25990.0,2025-01-05
2025010501021669,ULHC,14,98,250.0,519.8,129950.0,2025-01-05
2025010501021668,ULHC,14,37,20.0,519.8,10396.0,2025-01-05
2025010505012823,HDL,26,14,110.0,1196.0,131560.0,2025-01-05
2025010505012822,HDL,17,14,10.0,1196.0,11960.0,2025-01-05
2025010505012821,HDL,42,14,100.0,1196.0,119600.0,2025-01-05
2025010504011430,JOSHI,45,94,150.0,433.0,64950.0,2025-01-05
2025010504011429,JOSHI,34,94,100.0,433.0,43300.0,2025-01-05
2025010504011428,JOSHI,26,94,100.0,433.1,43310.0,2025-01-05
2025010504011427,HDHPC,42,42,30.0,195.9,5877.0,2025-01-05
2025010503014111,MLBBL,58,45,150.0,1612.0,241800.0,2025-01-05
2025010504011426,OHL,36,48,10.0,867.9,8679.0,2025-01-05
2025010501021667,MHCL,57,45,100.0,542.0,54200.0,2025-01-05
2025010501021666,SMHL,41,66,10.0,1349.0,13490.0,2025-01-05
2025010501021665,EHPL,29,59,90.0,774.0,69660.0,2025-01-05
2025010501021664,EHPL,29,48,10.0,773.9,7739.0,2025-01-05
2025010504011425,LEC,49,38,374.0,200.1,74837.4,2025-01-05
2025010504011424,LEC,43,38,100.0,200.2,20020.0,2025-01-05
2025010504011423,LEC,26,38,106.0,200.3,21231.8,2025-01-05
2025010504011422,LEC,36,38,20.0,201.0,4020.0,2025-01-05
2025010504011421,LEC,42,38,50.0,202.0,10100.0,2025-01-05
2025010504011420,LEC,48,38,50.0,202.0,10100.0,2025-01-05
2025010503014110,GUFL,48,58,10.0,661.0,6610.0,2025-01-05
2025010505012820,CLI,21,34,190.0,685.0,130150.0,2025-01-05
2025010504011419,NHPC,6,6,80.0,210.2,16816.0,2025-01-05
2025010501021663,GVL,17,58,10.0,533.5,5335.0,2025-01-05
2025010501021662,GVL,17,22,100.0,533.5,53350.0,2025-01-05
2025010501021661,GVL,17,11,25.0,533.5,13337.5,2025-01-05
2025010501021660,GVL,17,60,30.0,533.5,16005.0,2025-01-05
2025010501021659,GVL,17,45,100.0,533.5,53350.0,2025-01-05
2025010501021658,GVL,17,54,50.0,533.5,26675.0,2025-01-05
2025010501021657,GVL,17,50,30.0,533.5,16005.0,2025-01-05
2025010501021656,GVL,17,58,10.0,533.5,5335.0,2025-01-05
2025010501021655,GVL,17,35,200.0,533.5,106700.0,2025-01-05
2025010501021654,GVL,17,48,10.0,533.5,5335.0,2025-01-05
2025010501021653,GVL,17,38,50.0,533.5,26675.0,2025-01-05
2025010501021652,GVL,17,1,1000.0,533.5,533500.0,2025-01-05
2025010501021651,GVL,17,34,500.0,533.5,266750.0,2025-01-05
2025010503014109,JFL,47,14,300.0,699.1,209730.0,2025-01-05
2025010501021650,USHL,14,39,100.0,844.0,84400.0,2025-01-05
2025010501021649,JBLB,42,62,30.0,1359.0,40770.0,2025-01-05
2025010501021648,BNHC,42,90,30.0,480.0,14400.0,2025-01-05
2025010501021647,BNHC,42,33,260.0,480.0,124800.0,2025-01-05
2025010505012819,NRIC,33,57,160.0,740.0,118400.0,2025-01-05
2025010505012818,SMJC,41,43,10.0,529.0,5290.0,2025-01-05
2025010505012817,SMJC,41,58,10.0,527.0,5270.0,2025-01-05
2025010505012816,SMJC,41,39,100.0,527.0,52700.0,2025-01-05
2025010505012815,SMJC,41,58,250.0,527.0,131750.0,2025-01-05
2025010505012814,SMJC,41,91,10.0,527.0,5270.0,2025-01-05
2025010505012813,SMJC,41,17,10.0,527.0,5270.0,2025-01-05
2025010505012812,SMJC,41,58,20.0,526.9,10538.0,2025-01-05
2025010505012811,SMJC,41,50,200.0,526.8,105360.0,2025-01-05
2025010505012810,SMJC,41,22,10.0,526.6,5266.0,2025-01-05
2025010505012809,SMJC,41,80,30.0,526.0,15780.0,2025-01-05
2025010505012808,SMJC,41,80,100.0,526.0,52600.0,2025-01-05
2025010505012807,SMJC,41,55,745.0,520.0,387400.0,2025-01-05
2025010504011418,SICL,52,53,40.0,789.0,31560.0,2025-01-05
2025010504011417,SICL,35,53,25.0,789.1,19727.5,2025-01-05
2025010504011416,HURJA,54,17,80.0,227.0,18160.0,2025-01-05
2025010504011415,DHPL,26,8,858.0,294.0,252252.0,2025-01-05
2025010501021646,MHCL,91,29,140.0,541.4,75796.0,2025-01-05
2025010501021645,MHCL,22,29,60.0,541.6,32496.0,2025-01-05
2025010504011414,LEC,44,3,50.0,202.4,10120.0,2025-01-05
2025010505012806,SFMF,48,48,1000.0,10.06,10060.0,2025-01-05
2025010503014108,MATRI,16,48,89.0,1236.0,110004.0,2025-01-05
2025010505012805,HIDCL,19,48,99.0,233.0,23067.0,2025-01-05
2025010505012804,HIDCL,19,42,37.0,233.0,8621.0,2025-01-05
2025010505012803,HIDCL,19,45,150.0,232.8,34920.0,2025-01-05
2025010505012802,HIDCL,19,58,400.0,232.5,93000.0,2025-01-05
2025010505012801,HIDCL,19,19,314.0,232.4,72973.6,2025-01-05
2025010501021644,PCBL,32,43,44.0,252.0,11088.0,2025-01-05
2025010501021643,PCBL,22,43,100.0,252.0,25200.0,2025-01-05
2025010501021642,PCBL,42,43,200.0,252.0,50400.0,2025-01-05
2025010501021641,PCBL,51,43,50.0,252.0,12600.0,2025-01-05
2025010501021640,PCBL,56,43,15.0,252.0,3780.0,2025-01-05
2025010501021639,PCBL,36,43,35.0,252.0,8820.0,2025-01-05
2025010501021638,PCBL,32,43,79.0,252.0,19908.0,2025-01-05
2025010501021637,PCBL,35,43,50.0,252.0,12600.0,2025-01-05
2025010501021636,PCBL,39,43,1889.0,252.0,476028.0,2025-01-05
2025010501021635,PCBL,77,43,20.0,252.1,5042.0,2025-01-05
2025010501021634,PCBL,45,43,50.0,252.1,12605.0,2025-01-05
2025010501021633,PCBL,43,43,468.0,252.1,117982.8,2025-01-05
2025010504011413,NIL,60,49,328.0,929.9,305007.2,2025-01-05
2025010504011412,NIL,60,44,100.0,929.8,92980.0,2025-01-05
2025010504011411,NIL,60,14,200.0,929.7,185940.0,2025-01-05
2025010504011410,NIL,60,48,100.0,929.0,92900.0,2025-01-05
2025010504011409,NIL,60,65,30.0,927.0,27810.0,2025-01-05
2025010504011408,NIL,60,45,92.0,925.5,85146.0,2025-01-05
2025010504011407,NIL,60,21,100.0,925.0,92500.0,2025-01-05
2025010504011406,NIL,60,17,50.0,925.0,46250.0,2025-01-05
2025010503014107,SIFC,60,55,20.0,564.0,11280.0,2025-01-05
2025010503014106,SINDU,96,84,27.0,816.0,22032.0,2025-01-05
2025010503014105,SINDU,45,84,73.0,816.0,59568.0,2025-01-05
2025010505012800,PHCL,45,44,65.0,572.0,37180.0,2025-01-05
2025010505012799,PHCL,45,58,10.0,572.0,5720.0,2025-01-05
2025010505012798,PHCL,45,45,25.0,571.0,14275.0,2025-01-05
2025010501021632,MKHC,49,45,10.0,505.0,5050.0,2025-01-05
2025010503014104,KSBBL,42,59,250.0,430.0,107500.0,2025-01-05
2025010505012797,NRN,68,45,10.0,1034.0,10340.0,2025-01-05
2025010501021631,MHCL,22,44,40.0,541.6,21664.0,2025-01-05
2025010501021630,MHCL,45,44,10.0,541.8,5418.0,2025-01-05
2025010504011405,KKHC,81,57,50.0,380.0,19000.0,2025-01-05
2025010504011404,KKHC,56,57,10.0,380.0,3800.0,2025-01-05
2025010504011403,KKHC,16,57,55.0,380.0,20900.0,2025-01-05
2025010504011402,SHEL,50,57,389.0,236.1,91842.9,2025-01-05
2025010504011401,NHDL,88,44,11.0,735.0,8085.0,2025-01-05
2025010504011400,NHDL,88,34,58.0,735.0,42630.0,2025-01-05
2025010504011399,NHDL,88,52,200.0,735.0,147000.0,2025-01-05
2025010504011398,NHDL,88,35,50.0,734.0,36700.0,2025-01-05
2025010504011397,NHDL,88,16,162.0,732.0,118584.0,2025-01-05
2025010504011396,NHDL,88,40,119.0,731.0,86989.0,2025-01-05
2025010504011395,NHDL,88,29,400.0,731.0,292400.0,2025-01-05
2025010504011394,NHDL,88,57,700.0,730.0,511000.0,2025-01-05
2025010504011393,NHDL,88,38,250.0,730.0,182500.0,2025-01-05
2025010504011392,NHDL,88,48,50.0,729.9,36495.0,2025-01-05
2025010504011391,SPDL,29,45,10.0,329.5,3295.0,2025-01-05
2025010501021629,SNLI,54,3,100.0,629.0,62900.0,2025-01-05
2025010501021628,NBL,26,56,200.0,264.0,52800.0,2025-01-05
2025010501021627,NBL,45,56,300.0,264.0,79200.0,2025-01-05
2025010501021626,NBL,34,56,10.0,264.0,2640.0,2025-01-05
2025010501021625,NBL,42,56,100.0,264.0,26400.0,2025-01-05
2025010501021624,NBL,57,56,20.0,264.0,5280.0,2025-01-05
2025010501021623,NBL,34,56,100.0,264.0,26400.0,2025-01-05
2025010501021622,NBL,32,56,200.0,264.0,52800.0,2025-01-05
2025010501021621,NBL,49,56,200.0,264.0,52800.0,2025-01-05
2025010501021620,NBL,57,56,20.0,264.1,5282.0,2025-01-05
2025010501021619,NBL,14,56,350.0,264.1,92435.0,2025-01-05
2025010505012796,HRL,26,58,10.0,794.0,7940.0,2025-01-05
2025010504011390,RADHI,6,76,130.0,336.0,43680.0,2025-01-05
2025010504011389,RADHI,57,76,20.0,336.0,6720.0,2025-01-05
2025010503014103,RSDC,41,50,100.0,669.0,66900.0,2025-01-05
2025010501021618,NWCL,62,20,10.0,943.1,9431.0,2025-01-05
2025010503014102,SINDU,17,14,50.0,820.0,41000.0,2025-01-05
2025010505012795,ILI,58,17,12.0,476.0,5712.0,2025-01-05
2025010503014101,GILB,53,17,25.0,1147.0,28675.0,2025-01-05
2025010503014100,GILB,14,17,70.0,1147.0,80290.0,2025-01-05
2025010503014099,GILB,62,17,105.0,1147.1,120445.5,2025-01-05
2025010505012794,CIT,5,13,10.0,2109.0,21090.0,2025-01-05
2025010503014098,NMBMF,16,41,10.0,686.0,6860.0,2025-01-05
2025010504011388,SHEL,50,42,100.0,236.1,23610.0,2025-01-05
2025010503014097,NFS,42,91,10.0,990.0,9900.0,2025-01-05
2025010504011387,BARUN,86,46,200.0,406.0,81200.0,2025-01-05
2025010505012793,SONA,41,57,363.0,450.1,163386.3,2025-01-05
2025010505012792,SONA,41,57,100.0,450.1,45010.0,2025-01-05
2025010505012791,SONA,41,57,100.0,450.1,45010.0,2025-01-05
2025010505012790,SONA,45,57,100.0,450.3,45030.0,2025-01-05
2025010505012789,SONA,62,57,300.0,450.4,135120.0,2025-01-05
2025010505012788,SONA,64,57,300.0,450.4,135120.0,2025-01-05
2025010505012787,SONA,42,57,30.0,451.0,13530.0,2025-01-05
2025010505012786,SONA,19,57,25.0,451.0,11275.0,2025-01-05
2025010505012785,SONA,1,57,460.0,451.0,207460.0,2025-01-05
2025010505012784,SONA,36,57,10.0,451.0,4510.0,2025-01-05
2025010505012783,SONA,56,57,12.0,451.0,5412.0,2025-01-05
2025010505012782,SONA,54,57,140.0,451.0,63140.0,2025-01-05
2025010505012781,SONA,41,57,50.0,451.2,22560.0,2025-01-05
2025010505012780,SONA,41,57,10.0,451.2,4512.0,2025-01-05
2025010501021617,GBIME,29,41,30.0,222.2,6666.0,2025-01-05
2025010503014096,JFL,47,56,100.0,699.1,69910.0,2025-01-05
2025010501021616,MKHC,58,62,10.0,504.0,5040.0,2025-01-05
2025010503014095,CORBL,5,25,10.0,1637.0,16370.0,2025-01-05
2025010503014094,CORBL,5,25,40.0,1637.0,65480.0,2025-01-05
2025010501021615,TVCL,70,49,20.0,640.0,12800.0,2025-01-05
2025010501021614,TVCL,70,14,100.0,640.0,64000.0,2025-01-05
2025010501021613,TVCL,70,90,30.0,640.0,19200.0,2025-01-05
2025010501021612,TVCL,70,74,500.0,640.0,320000.0,2025-01-05
2025010501021611,TVCL,70,58,20.0,640.0,12800.0,2025-01-05
2025010501021610,TVCL,70,45,100.0,640.0,64000.0,2025-01-05
2025010501021609,TVCL,70,40,20.0,640.0,12800.0,2025-01-05
2025010501021608,TVCL,70,49,100.0,640.0,64000.0,2025-01-05
2025010501021607,TVCL,70,58,20.0,640.0,12800.0,2025-01-05
2025010501021606,TVCL,70,58,20.0,640.0,12800.0,2025-01-05
2025010501021605,TVCL,70,57,235.0,640.0,150400.0,2025-01-05
2025010501021604,TVCL,70,40,20.0,640.0,12800.0,2025-01-05
2025010501021603,TVCL,70,72,100.0,640.0,64000.0,2025-01-05
2025010501021602,TVCL,70,7,500.0,640.0,320000.0,2025-01-05
2025010501021601,TVCL,70,74,290.0,639.9,185571.0,2025-01-05
2025010501021600,TVCL,70,45,130.0,639.9,83187.0,2025-01-05
2025010501021599,TVCL,70,58,50.0,639.5,31975.0,2025-01-05
2025010501021598,TVCL,70,11,956.0,639.5,611362.0,2025-01-05
2025010501021597,TVCL,70,58,90.0,639.3,57537.0,2025-01-05
2025010501021596,TVCL,70,19,24.0,639.0,15336.0,2025-01-05
2025010501021595,TVCL,70,28,10.0,639.0,6390.0,2025-01-05
2025010501021594,TVCL,70,62,150.0,639.0,95850.0,2025-01-05
2025010501021593,TVCL,70,11,20.0,639.0,12780.0,2025-01-05
2025010501021592,TVCL,70,47,30.0,639.0,19170.0,2025-01-05
2025010501021591,TVCL,70,52,306.0,639.0,195534.0,2025-01-05
2025010501021590,TVCL,70,57,243.0,638.0,155034.0,2025-01-05
2025010501021589,TVCL,70,45,22.0,638.0,14036.0,2025-01-05
2025010501021588,TVCL,70,49,124.0,637.0,78988.0,2025-01-05
2025010501021587,TVCL,70,7,268.0,637.0,170716.0,2025-01-05
2025010503014093,GRDBL,60,58,160.0,1030.0,164800.0,2025-01-05
2025010503014092,GRDBL,60,59,80.0,1020.0,81600.0,2025-01-05
2025010505012779,PHCL,39,94,100.0,570.1,57010.0,2025-01-05
2025010505012778,SHIVM,42,25,85.0,512.0,43520.0,2025-01-05
2025010505012777,SHIVM,42,16,15.0,512.0,7680.0,2025-01-05
2025010504011386,AKJCL,77,45,990.0,195.5,193545.0,2025-01-05
2025010504011385,SALICO,34,16,50.0,719.0,35950.0,2025-01-05
2025010505012776,MBJC,53,34,50.0,333.0,16650.0,2025-01-05
2025010504011384,HDHPC,57,42,10.0,195.9,1959.0,2025-01-05
2025010505012775,CIT,41,13,50.0,2109.0,105450.0,2025-01-05
2025010504011383,AKPL,86,54,70.0,230.3,16121.0,2025-01-05
2025010503014091,KSBBL,42,38,54.0,430.0,23220.0,2025-01-05
2025010503014090,KSBBL,8,38,341.0,430.0,146630.0,2025-01-05
2025010501021586,NYADI,56,58,120.0,506.0,60720.0,2025-01-05
2025010505012774,CIT,47,21,26.0,2107.0,54782.0,2025-01-05
2025010505012773,CIT,59,21,10.0,2108.0,21080.0,2025-01-05
2025010505012772,CIT,38,21,164.0,2108.0,345712.0,2025-01-05
2025010503014089,SWBBL,50,42,10.0,875.0,8750.0,2025-01-05
2025010504011382,MEN,80,14,60.0,586.2,35172.0,2025-01-05
2025010504011381,SICL,22,44,21.0,790.0,16590.0,2025-01-05
2025010503014088,NFS,42,4,15.0,990.0,14850.0,2025-01-05
2025010504011380,SALICO,65,52,75.0,717.0,53775.0,2025-01-05
2025010503014087,PROFL,49,52,150.0,611.0,91650.0,2025-01-05
2025010503014086,MLBBL,60,96,400.0,1623.0,649200.0,2025-01-05
2025010503014085,MLBBL,60,6,100.0,1620.0,162000.0,2025-01-05
2025010501021585,CYCL,60,57,31.0,1578.0,48918.0,2025-01-05
2025010501021584,RHGCL,5,1,10.0,594.9,5949.0,2025-01-05
2025010504011379,RHPL,39,32,100.0,445.0,44500.0,2025-01-05
2025010504011378,RHPL,4,32,90.0,445.1,40059.0,2025-01-05
2025010501021583,GVL,14,67,50.0,533.5,26675.0,2025-01-05
2025010501021582,GVL,14,57,50.0,533.4,26670.0,2025-01-05
2025010501021581,GVL,14,59,50.0,533.4,26670.0,2025-01-05
2025010501021580,GVL,14,33,250.0,533.3,133325.0,2025-01-05
2025010503014084,NABBC,49,28,500.0,991.0,495500.0,2025-01-05
2025010503014083,PFL,86,57,150.0,515.0,77250.0,2025-01-05
2025010505012771,SMJC,52,55,200.0,520.0,104000.0,2025-01-05
2025010505012770,SMJC,38,55,70.0,521.0,36470.0,2025-01-05
2025010505012769,SMJC,49,55,85.0,525.0,44625.0,2025-01-05
2025010503014082,MATRI,16,41,31.0,1236.0,38316.0,2025-01-05
2025010504011377,AKJCL,58,45,10.0,195.5,1955.0,2025-01-05
2025010501021579,ADBL,35,48,100.0,302.0,30200.0,2025-01-05
2025010504011376,RIDI,48,48,531.0,219.0,116289.0,2025-01-05
2025010504011375,RIDI,45,48,1000.0,219.1,219100.0,2025-01-05
2025010504011374,RIDI,45,48,20.0,219.2,4384.0,2025-01-05
2025010504011373,RIDI,50,48,449.0,219.2,98420.8,2025-01-05
2025010501021578,USHEC,6,7,10.0,618.0,6180.0,2025-01-05
2025010501021577,TVCL,60,7,32.0,637.0,20384.0,2025-01-05
2025010501021576,KBL,47,35,34.0,210.0,7140.0,2025-01-05
2025010503014081,SMB,45,28,47.0,2768.0,130096.0,2025-01-05
2025010504011372,LEC,36,25,117.0,202.5,23692.5,2025-01-05
2025010504011371,LEC,36,25,83.0,202.4,16799.2,2025-01-05
2025010505012768,NTC,49,36,65.0,912.0,59280.0,2025-01-05
2025010504011370,MEN,4,34,51.0,586.1,29891.1,2025-01-05
2025010504011369,MEN,22,34,10.0,586.2,5862.0,2025-01-05
2025010504011368,MEN,22,34,39.0,586.2,22861.8,2025-01-05
2025010504011367,PMHPL,11,39,50.0,281.0,14050.0,2025-01-05
2025010503014080,SLBSL,57,53,25.0,1987.0,49675.0,2025-01-05
2025010501021575,MEHL,8,48,100.0,479.5,47950.0,2025-01-05
2025010503014079,SFCL,98,54,350.0,583.0,204050.0,2025-01-05
2025010503014078,SFCL,62,54,20.0,583.0,11660.0,2025-01-05
2025010503014077,SFCL,25,54,65.0,583.1,37901.5,2025-01-05
2025010503014076,SFCL,32,54,100.0,584.0,58400.0,2025-01-05
2025010503014075,SFCL,58,54,156.0,584.0,91104.0,2025-01-05
2025010503014074,SFCL,58,54,50.0,584.0,29200.0,2025-01-05
2025010504011366,UMRH,29,45,20.0,632.9,12658.0,2025-01-05
2025010504011365,UMRH,29,34,280.0,632.5,177100.0,2025-01-05
2025010501021574,PPL,62,17,10.0,549.0,5490.0,2025-01-05
2025010501021573,PPL,62,58,10.0,549.0,5490.0,2025-01-05
2025010503014073,JFL,38,58,10.0,700.0,7000.0,2025-01-05
2025010501021572,DORDI,70,58,234.0,580.8,135907.2,2025-01-05
2025010501021571,DORDI,17,58,30.0,580.8,17424.0,2025-01-05
2025010501021570,DORDI,41,58,300.0,580.8,174240.0,2025-01-05
2025010501021569,DORDI,40,58,436.0,580.8,253228.8,2025-01-05
2025010501021568,RAWA,92,20,41.0,790.0,32390.0,2025-01-05
2025010501021567,NABIL,51,33,227.0,498.0,113046.0,2025-01-05
2025010501021566,NABIL,36,33,100.0,498.05,49805.0,2025-01-05
2025010501021565,NABIL,58,33,19.0,498.1,9463.9,2025-01-05
2025010501021564,NABIL,5,33,30.0,498.2,14946.0,2025-01-05
2025010501021563,NABIL,4,33,100.0,498.2,49820.0,2025-01-05
2025010501021562,NABIL,58,33,10.0,498.3,4983.0,2025-01-05
2025010501021561,NABIL,22,33,14.0,498.3,6976.2,2025-01-05
2025010504011364,UAIL,52,4,344.0,660.0,227040.0,2025-01-05
2025010501021560,MANDU,44,16,100.0,900.2,90020.0,2025-01-05
2025010501021559,MANDU,34,16,113.0,901.0,101813.0,2025-01-05
2025010501021558,MANDU,34,16,37.0,902.0,33374.0,2025-01-05
2025010501021557,MANDU,17,16,20.0,903.0,18060.0,2025-01-05
2025010501021556,MANDU,22,16,30.0,903.0,27090.0,2025-01-05
2025010503014072,CORBL,5,32,10.0,1637.0,16370.0,2025-01-05
2025010501021555,UHEWA,13,58,10.0,749.0,7490.0,2025-01-05
2025010501021554,PRVU,13,14,1000.0,225.0,225000.0,2025-01-05
2025010504011363,UAIL,44,54,10.0,657.2,6572.0,2025-01-05
2025010505012767,SAHAS,13,38,50.0,464.0,23200.0,2025-01-05
2025010505012766,SAHAS,17,38,200.0,464.0,92800.0,2025-01-05
2025010505012765,SAHAS,42,38,100.0,464.0,46400.0,2025-01-05
2025010505012764,SAHAS,16,38,50.0,464.0,23200.0,2025-01-05
2025010505012763,SAHAS,58,38,40.0,464.0,18560.0,2025-01-05
2025010505012762,SAHAS,14,38,50.0,464.0,23200.0,2025-01-05
2025010505012761,SAHAS,41,38,275.0,464.0,127600.0,2025-01-05
2025010505012760,SAHAS,58,38,61.0,464.0,28304.0,2025-01-05
2025010505012759,SAHAS,52,38,100.0,464.0,46400.0,2025-01-05
2025010505012758,SAHAS,58,38,50.0,464.0,23200.0,2025-01-05
2025010505012757,SAHAS,46,38,220.0,464.0,102080.0,2025-01-05
2025010505012756,SAHAS,54,38,20.0,464.0,9280.0,2025-01-05
2025010505012755,SAHAS,49,38,100.0,464.0,46400.0,2025-01-05
2025010505012754,SAHAS,52,38,20.0,464.0,9280.0,2025-01-05
2025010505012753,SAHAS,22,38,200.0,464.0,92800.0,2025-01-05
2025010505012752,SAHAS,11,38,400.0,464.0,185600.0,2025-01-05
2025010505012751,SAHAS,38,38,20.0,464.0,9280.0,2025-01-05
2025010505012750,SAHAS,44,38,500.0,464.0,232000.0,2025-01-05
2025010505012749,SAHAS,21,38,500.0,464.0,232000.0,2025-01-05
2025010505012748,SAHAS,58,38,50.0,464.0,23200.0,2025-01-05
2025010505012747,SAHAS,38,38,110.0,464.0,51040.0,2025-01-05
2025010505012746,SAHAS,38,38,457.0,464.0,212048.0,2025-01-05
2025010505012745,SAHAS,56,38,200.0,464.1,92820.0,2025-01-05
2025010505012744,SAHAS,32,38,35.0,464.1,16243.5,2025-01-05
2025010505012743,SAHAS,77,38,500.0,464.2,232100.0,2025-01-05
2025010505012742,SAHAS,42,38,12.0,464.2,5570.4,2025-01-05
2025010505012741,SAHAS,5,38,352.0,464.5,163504.0,2025-01-05
2025010505012740,SAHAS,22,38,100.0,464.6,46460.0,2025-01-05
2025010505012739,SAHAS,17,38,50.0,464.7,23235.0,2025-01-05
2025010505012738,SAHAS,42,38,25.0,465.0,11625.0,2025-01-05
2025010505012737,SAHAS,55,38,250.0,465.1,116275.0,2025-01-05
2025010501021553,DORDI,40,38,10.0,580.8,5808.0,2025-01-05
2025010503014071,PFL,86,58,860.0,515.0,442900.0,2025-01-05
2025010503014070,PFL,51,58,48.0,515.3,24734.4,2025-01-05
2025010503014069,PFL,57,58,52.0,515.4,26800.8,2025-01-05
2025010501021552,MKHL,44,52,25.0,626.2,15655.0,2025-01-05
2025010504011362,UMHL,60,45,150.0,336.0,50400.0,2025-01-05
2025010505012736,CLI,35,34,10.0,685.0,6850.0,2025-01-05
2025010501021551,RHGCL,82,1,70.0,594.9,41643.0,2025-01-05
2025010501021550,RHGCL,82,53,180.0,594.5,107010.0,2025-01-05
2025010501021549,RHGCL,82,52,50.0,592.0,29600.0,2025-01-05
2025010503014068,NFS,42,57,26.0,990.0,25740.0,2025-01-05
2025010501021548,MMKJL,51,42,150.0,686.7,103005.0,2025-01-05
2025010501021547,CITY,49,42,10.0,880.9,8809.0,2025-01-05
2025010501021546,CITY,49,58,10.0,880.0,8800.0,2025-01-05
2025010504011361,CHL,49,71,130.0,402.9,52377.0,2025-01-05
2025010504011360,CHL,49,58,95.0,402.0,38190.0,2025-01-05
2025010504011359,CHL,49,19,80.0,401.9,32152.0,2025-01-05
2025010504011358,CHL,49,36,100.0,401.0,40100.0,2025-01-05
2025010504011357,CHL,49,37,300.0,400.0,120000.0,2025-01-05
2025010504011356,CHL,49,48,295.0,400.0,118000.0,2025-01-05
2025010505012735,SMJC,49,38,70.0,525.0,36750.0,2025-01-05
2025010505012734,SMJC,49,59,10.0,525.0,5250.0,2025-01-05
2025010505012733,SMJC,49,56,10.0,525.0,5250.0,2025-01-05
2025010505012732,SMJC,49,58,50.0,525.0,26250.0,2025-01-05
2025010505012731,SMJC,49,82,15.0,525.0,7875.0,2025-01-05
2025010503014067,NFS,49,57,24.0,990.0,23760.0,2025-01-05
2025010503014066,NFS,49,72,16.0,990.0,15840.0,2025-01-05
2025010501021545,RHGCL,56,13,100.0,591.1,59110.0,2025-01-05
2025010503014065,HLI,36,45,439.0,444.0,194916.0,2025-01-05
2025010503014064,HLI,17,45,500.0,444.0,222000.0,2025-01-05
2025010503014063,HLI,21,45,11.0,444.0,4884.0,2025-01-05
2025010503014062,HLI,28,45,50.0,445.0,22250.0,2025-01-05
2025010501021544,RHGCL,56,36,10.0,591.1,5911.0,2025-01-05
2025010503014061,NFS,42,49,29.0,989.9,28707.1,2025-01-05
2025010504011355,UAIL,44,26,40.0,657.2,26288.0,2025-01-05
2025010504011354,NHPC,6,45,13.0,210.2,2732.6,2025-01-05
2025010505012730,HIDCL,66,34,328.0,232.0,76096.0,2025-01-05
2025010505012729,HIDCL,19,34,563.0,232.0,130616.0,2025-01-05
2025010501021543,DORDI,40,26,54.0,580.8,31363.2,2025-01-05
2025010501021542,DORDI,58,26,54.0,580.8,31363.2,2025-01-05
2025010501021541,TSHL,26,48,170.0,850.0,144500.0,2025-01-05
2025010501021540,TSHL,26,6,10.0,850.0,8500.0,2025-01-05
2025010501021539,TSHL,26,55,10.0,850.0,8500.0,2025-01-05
2025010501021538,TSHL,26,36,10.0,849.0,8490.0,2025-01-05
2025010505012728,PHCL,39,39,107.0,570.1,61000.7,2025-01-05
2025010505012727,PHCL,52,39,193.0,571.0,110203.0,2025-01-05
2025010501021537,BGWT,44,8,36.0,975.0,35100.0,2025-01-05
2025010503014060,BFC,8,32,10.0,650.0,6500.0,2025-01-05
2025010501021536,SHLB,45,55,20.0,2661.0,53220.0,2025-01-05
2025010501021535,SHLB,33,55,60.0,2665.1,159906.0,2025-01-05
2025010501021534,SHLB,42,55,20.0,2676.1,53522.0,2025-01-05
2025010501021533,SBL,38,62,490.0,295.8,144942.0,2025-01-05
2025010501021532,HEIP,95,38,10.0,477.0,4770.0,2025-01-05
2025010501021531,SHLB,50,14,10.0,2685.0,26850.0,2025-01-05
2025010504011353,IGI,58,50,100.0,573.0,57300.0,2025-01-05
2025010501021530,PRVU,58,21,32.0,224.5,7184.0,2025-01-05
2025010501021529,CKHL,7,58,10.0,749.8,7498.0,2025-01-05
2025010505012726,ENL,19,55,10.0,1186.7,11867.0,2025-01-05
2025010505012725,CHDC,81,66,10.0,1573.1,15731.0,2025-01-05
2025010501021528,MBL,22,52,10.0,230.0,2300.0,2025-01-05
2025010501021527,MBL,14,52,490.0,230.0,112700.0,2025-01-05
2025010503014059,JFL,14,58,50.0,700.0,35000.0,2025-01-05
2025010503014058,HLI,42,48,60.0,445.9,26754.0,2025-01-05
2025010503014057,WNLB,49,64,10.0,2520.0,25200.0,2025-01-05
2025010503014056,JFL,44,58,10.0,700.0,7000.0,2025-01-05
2025010505012724,ILI,58,34,12.0,476.0,5712.0,2025-01-05
2025010505012723,VLUCL,91,34,35.0,682.4,23884.0,2025-01-05
2025010505012722,NRN,58,57,173.0,1033.3,178760.9,2025-01-05
2025010503014055,CORBL,72,60,100.0,1723.8,172380.0,2025-01-05
2025010503014054,CORBL,72,76,500.0,1723.8,861900.0,2025-01-05
2025010503014053,CORBL,72,52,60.0,1723.8,103428.0,2025-01-05
2025010503014052,CORBL,72,22,20.0,1723.8,34476.0,2025-01-05
2025010503014051,CORBL,72,34,300.0,1723.8,517140.0,2025-01-05
2025010503014050,CORBL,72,52,60.0,1723.8,103428.0,2025-01-05
2025010503014049,CORBL,72,38,300.0,1723.8,517140.0,2025-01-05
2025010503014048,CORBL,72,22,50.0,1723.8,86190.0,2025-01-05
2025010503014047,CORBL,72,69,100.0,1723.8,172380.0,2025-01-05
2025010503014046,CORBL,72,69,200.0,1723.8,344760.0,2025-01-05
2025010503014045,CORBL,72,34,150.0,1723.0,258450.0,2025-01-05
2025010503014044,CORBL,72,45,285.0,1723.0,491055.0,2025-01-05
2025010503014043,CORBL,72,69,50.0,1723.0,86150.0,2025-01-05
2025010503014042,CORBL,72,7,10.0,1720.7,17207.0,2025-01-05
2025010503014041,CORBL,72,22,100.0,1720.7,172070.0,2025-01-05
2025010503014040,CORBL,72,22,50.0,1720.7,86035.0,2025-01-05
2025010503014039,CORBL,72,22,50.0,1720.7,86035.0,2025-01-05
2025010503014038,CORBL,72,22,50.0,1720.7,86035.0,2025-01-05
2025010503014037,CORBL,72,17,10.0,1720.7,17207.0,2025-01-05
2025010503014036,CORBL,72,22,50.0,1720.7,86035.0,2025-01-05
2025010503014035,CORBL,72,32,500.0,1720.7,860350.0,2025-01-05
2025010503014034,CORBL,72,58,500.0,1720.0,860000.0,2025-01-05
2025010503014033,CORBL,72,43,500.0,1719.9,859950.0,2025-01-05
2025010503014032,CORBL,72,29,200.0,1718.0,343600.0,2025-01-05
2025010503014031,CORBL,72,78,386.0,1717.6,662993.6,2025-01-05
2025010503014030,CORBL,72,45,25.0,1717.6,42940.0,2025-01-05
2025010503014029,CORBL,72,32,20.0,1717.6,34352.0,2025-01-05
2025010503014028,CORBL,72,39,21.0,1717.6,36069.6,2025-01-05
2025010503014027,CORBL,72,22,100.0,1717.5,171750.0,2025-01-05
2025010503014026,CORBL,72,51,50.0,1717.0,85850.0,2025-01-05
2025010503014025,CORBL,72,34,100.0,1711.0,171100.0,2025-01-05
2025010503014024,CORBL,72,38,50.0,1711.0,85550.0,2025-01-05
2025010503014023,CORBL,72,34,150.0,1710.0,256500.0,2025-01-05
2025010503014022,CORBL,72,58,20.0,1710.0,34200.0,2025-01-05
2025010503014021,CORBL,72,19,10.0,1710.0,17100.0,2025-01-05
2025010503014020,CORBL,72,28,10.0,1710.0,17100.0,2025-01-05
2025010503014019,CORBL,72,57,10.0,1709.5,17095.0,2025-01-05
2025010503014018,CORBL,72,49,1100.0,1709.5,1880450.0,2025-01-05
2025010503014017,CORBL,72,48,20.0,1708.0,34160.0,2025-01-05
2025010503014016,CORBL,72,45,100.0,1708.0,170800.0,2025-01-05
2025010503014015,CORBL,72,58,100.0,1707.0,170700.0,2025-01-05
2025010503014014,CORBL,72,22,15.0,1705.4,25581.0,2025-01-05
2025010503014013,CORBL,72,6,50.0,1705.4,85270.0,2025-01-05
2025010503014012,CORBL,72,59,100.0,1705.0,170500.0,2025-01-05
2025010503014011,CORBL,72,28,70.0,1705.0,119350.0,2025-01-05
2025010503014010,CORBL,72,69,50.0,1705.0,85250.0,2025-01-05
2025010503014009,CORBL,72,14,25.0,1703.4,42585.0,2025-01-05
2025010503014008,CORBL,72,13,100.0,1703.0,170300.0,2025-01-05
2025010503014007,CORBL,72,41,25.0,1703.0,42575.0,2025-01-05
2025010503014006,CORBL,72,88,575.0,1701.0,978075.0,2025-01-05
2025010503014005,CORBL,72,17,212.0,1700.0,360400.0,2025-01-05
2025010503014004,CORBL,72,55,23.0,1700.0,39100.0,2025-01-05
2025010503014003,CORBL,72,96,1000.0,1700.0,1700000.0,2025-01-05
2025010503014002,CORBL,72,19,100.0,1700.0,170000.0,2025-01-05
2025010503014001,CORBL,72,1,400.0,1700.0,680000.0,2025-01-05
2025010503014000,CORBL,72,49,20.0,1700.0,34000.0,2025-01-05
2025010503013999,CORBL,72,41,20.0,1700.0,34000.0,2025-01-05
2025010503013998,CORBL,72,58,10.0,1700.0,17000.0,2025-01-05
2025010503013997,CORBL,72,40,10.0,1698.3,16983.0,2025-01-05
2025010503013996,CORBL,72,42,40.0,1697.0,67880.0,2025-01-05
2025010503013995,CORBL,72,94,17.0,1690.0,28730.0,2025-01-05
2025010503013994,CORBL,72,10,50.0,1690.0,84500.0,2025-01-05
2025010503013993,CORBL,72,69,50.0,1690.0,84500.0,2025-01-05
2025010503013992,CORBL,72,96,1000.0,1690.0,1690000.0,2025-01-05
2025010503013991,CORBL,72,28,100.0,1690.0,169000.0,2025-01-05
2025010503013990,CORBL,72,29,50.0,1690.0,84500.0,2025-01-05
2025010503013989,CORBL,72,69,50.0,1688.0,84400.0,2025-01-05
2025010503013988,CORBL,72,28,100.0,1688.0,168800.0,2025-01-05
2025010503013987,CORBL,72,28,100.0,1688.0,168800.0,2025-01-05
2025010503013986,CORBL,72,28,100.0,1687.0,168700.0,2025-01-05
2025010503013985,CORBL,72,28,28.0,1687.0,47236.0,2025-01-05
2025010503013984,CORBL,72,28,90.0,1686.5,151785.0,2025-01-05
2025010503013983,CORBL,72,28,20.0,1686.0,33720.0,2025-01-05
2025010503013982,CORBL,72,28,10.0,1685.0,16850.0,2025-01-05
2025010503013981,CORBL,72,28,50.0,1684.0,84200.0,2025-01-05
2025010503013980,CORBL,72,4,40.0,1684.0,67360.0,2025-01-05
2025010503013979,CORBL,72,17,10.0,1683.0,16830.0,2025-01-05
2025010503013978,CORBL,72,28,10.0,1683.0,16830.0,2025-01-05
2025010503013977,CORBL,72,19,20.0,1682.0,33640.0,2025-01-05
2025010503013976,CORBL,72,17,10.0,1681.0,16810.0,2025-01-05
2025010503013975,CORBL,72,13,100.0,1680.0,168000.0,2025-01-05
2025010503013974,CORBL,72,96,1000.0,1680.0,1680000.0,2025-01-05
2025010503013973,CORBL,72,14,1000.0,1680.0,1680000.0,2025-01-05
2025010503013972,CORBL,72,69,129.0,1678.0,216462.0,2025-01-05
2025010503013971,CORBL,72,34,10.0,1670.0,16700.0,2025-01-05
2025010504011352,IGI,7,3,50.0,572.0,28600.0,2025-01-05
2025010504011351,IGI,1,3,50.0,572.0,28600.0,2025-01-05
2025010501021526,MAKAR,16,46,10.0,628.1,6281.0,2025-01-05
2025010501021525,ANLB,38,58,23.0,6060.0,139380.0,2025-01-05
2025010501021524,ANLB,38,57,11.0,6050.0,66550.0,2025-01-05
2025010501021523,ANLB,38,7,11.0,6050.0,66550.0,2025-01-05
2025010501021522,ANLB,38,18,10.0,6049.0,60490.0,2025-01-05
2025010501021521,ANLB,38,38,25.0,6000.0,150000.0,2025-01-05
2025010501021520,ANLB,38,57,10.0,5960.0,59600.0,2025-01-05
2025010501021519,ANLB,38,39,10.0,5960.0,59600.0,2025-01-05
2025010503013970,MLBSL,38,49,20.0,2320.0,46400.0,2025-01-05
2025010501021518,SMHL,65,21,150.0,1331.0,199650.0,2025-01-05
2025010505012721,MBJC,53,48,90.0,333.0,29970.0,2025-01-05
2025010501021517,EHPL,42,48,10.0,773.9,7739.0,2025-01-05
2025010504011350,DHPL,26,58,54.0,294.0,15876.0,2025-01-05
2025010501021516,KBL,47,70,250.0,210.0,52500.0,2025-01-05
2025010501021515,KBL,29,70,150.0,210.1,31515.0,2025-01-05
2025010501021514,RHGCL,43,53,20.0,594.5,11890.0,2025-01-05
2025010501021513,RHGCL,43,47,10.0,594.0,5940.0,2025-01-05
2025010501021512,RHGCL,43,49,10.0,593.0,5930.0,2025-01-05
2025010501021511,RHGCL,43,17,60.0,592.0,35520.0,2025-01-05
2025010501021510,MEHL,60,43,326.0,477.4,155632.4,2025-01-05
2025010501021509,MEHL,88,43,100.0,478.0,47800.0,2025-01-05
2025010501021508,MEHL,34,43,74.0,478.0,35372.0,2025-01-05
2025010504011349,NLG,34,52,100.0,980.0,98000.0,2025-01-05
2025010504011348,NLG,57,52,10.0,980.0,9800.0,2025-01-05
2025010504011347,NLG,60,52,500.0,980.0,490000.0,2025-01-05
2025010504011346,NLG,64,52,100.0,980.0,98000.0,2025-01-05
2025010505012720,CIT,38,16,136.0,2108.0,286688.0,2025-01-05
2025010505012719,CIT,49,16,10.0,2108.0,21080.0,2025-01-05
2025010505012718,CIT,22,16,10.0,2109.0,21090.0,2025-01-05
2025010505012717,CIT,50,16,44.0,2109.0,92796.0,2025-01-05
2025010504011345,MEN,22,32,20.0,586.2,11724.0,2025-01-05
2025010503013969,JFL,42,58,714.0,700.0,499800.0,2025-01-05
2025010503013968,JFL,42,58,10.0,700.0,7000.0,2025-01-05
2025010501021507,DLBS,49,37,10.0,1665.0,16650.0,2025-01-05
2025010503013967,NFS,34,72,10.0,990.0,9900.0,2025-01-05
2025010503013966,NFS,34,72,100.0,990.0,99000.0,2025-01-05
2025010504011344,UMRH,53,71,137.0,630.0,86310.0,2025-01-05
2025010504011343,UMRH,34,71,63.0,630.0,39690.0,2025-01-05
2025010503013965,MPFL,11,8,200.0,669.5,133900.0,2025-01-05
2025010501021506,CITY,45,54,95.0,875.1,83134.5,2025-01-05
2025010501021505,CITY,32,54,100.0,875.2,87520.0,2025-01-05
2025010501021504,CITY,57,54,100.0,877.0,87700.0,2025-01-05
2025010501021503,CITY,11,54,50.0,877.3,43865.0,2025-01-05
2025010501021502,CITY,62,54,115.0,877.4,100901.0,2025-01-05
2025010501021501,CITY,32,54,40.0,877.5,35100.0,2025-01-05
2025010501021500,BHL,41,42,60.0,374.0,22440.0,2025-01-05
2025010504011342,SSHL,38,32,851.0,225.0,191475.0,2025-01-05
2025010504011341,SSHL,38,52,100.0,224.9,22490.0,2025-01-05
2025010504011340,SSHL,38,50,49.0,224.0,10976.0,2025-01-05
2025010503013964,LICN,22,38,37.0,1118.0,41366.0,2025-01-05
2025010504011339,NHPC,6,21,101.0,210.2,21230.2,2025-01-05
2025010503013963,GFCL,58,4,100.0,797.0,79700.0,2025-01-05
2025010504011338,CHL,14,33,80.0,399.0,31920.0,2025-01-05
2025010504011337,CHL,58,33,20.0,399.0,7980.0,2025-01-05
2025010504011336,NHPC,6,22,638.0,210.2,134107.6,2025-01-05
2025010504011335,NHPC,3,22,90.0,210.3,18927.0,2025-01-05
2025010501021499,SNLI,43,58,10.0,629.0,6290.0,2025-01-05
2025010501021498,SNLI,43,42,200.0,629.0,125800.0,2025-01-05
2025010501021497,SNLI,43,35,50.0,629.0,31450.0,2025-01-05
2025010505012716,PHCL,52,52,107.0,571.0,61097.0,2025-01-05
2025010504011334,SHPC,94,51,668.0,455.0,303940.0,2025-01-05
2025010501021496,RHGCL,82,17,500.0,592.0,296000.0,2025-01-05
2025010501021495,USHL,14,13,42.0,839.0,35238.0,2025-01-05
2025010501021494,USHL,42,13,23.0,839.0,19297.0,2025-01-05
2025010503013962,WNLB,14,44,50.0,2511.1,125555.0,2025-01-05
2025010503013961,WNLB,34,44,10.0,2515.1,25151.0,2025-01-05
2025010503013960,WNLB,78,44,10.0,2516.0,25160.0,2025-01-05
2025010503013959,WNLB,53,44,10.0,2516.1,25161.0,2025-01-05
2025010504011333,IGI,45,50,420.0,573.0,240660.0,2025-01-05
2025010505012715,CLI,94,34,10.0,684.0,6840.0,2025-01-05
2025010503013958,SAPDBL,62,74,20.0,979.0,19580.0,2025-01-05
2025010503013957,SAPDBL,62,94,180.0,976.0,175680.0,2025-01-05
2025010501021493,NABIL,14,38,105.0,498.4,52332.0,2025-01-05
2025010503013956,NMLBBL,62,47,62.0,645.0,39990.0,2025-01-05
2025010503013955,NFS,19,72,10.0,990.0,9900.0,2025-01-05
2025010501021492,DORDI,58,58,10.0,580.8,5808.0,2025-01-05
2025010501021491,GVL,22,38,10.0,533.0,5330.0,2025-01-05
2025010501021490,GVL,22,38,10.0,533.0,5330.0,2025-01-05
2025010501021489,GVL,22,35,105.0,533.0,55965.0,2025-01-05
2025010501021488,TAMOR,63,17,130.0,510.0,66300.0,2025-01-05
2025010501021487,TAMOR,86,17,1000.0,510.1,510100.0,2025-01-05
2025010501021486,TAMOR,17,17,20.0,510.2,10204.0,2025-01-05
2025010501021485,TAMOR,8,17,50.0,510.3,25515.0,2025-01-05
2025010501021484,TAMOR,36,17,20.0,510.4,10208.0,2025-01-05
2025010501021483,TAMOR,7,17,500.0,511.0,255500.0,2025-01-05
2025010501021482,TAMOR,34,17,280.0,511.0,143080.0,2025-01-05
2025010505012714,PHCL,51,52,100.0,571.0,57100.0,2025-01-05
2025010504011332,SICL,35,44,50.0,789.1,39455.0,2025-01-05
2025010503013954,GRDBL,44,59,20.0,1020.0,20400.0,2025-01-05
2025010505012713,SONA,71,49,10.0,451.3,4513.0,2025-01-05
2025010504011331,NHPC,3,25,30.0,210.3,6309.0,2025-01-05
2025010501021481,MKJC,29,58,10.0,534.8,5348.0,2025-01-05
2025010503013953,NICLBSL,47,59,10.0,649.0,6490.0,2025-01-05
2025010501021480,AHL,52,47,31.0,725.0,22475.0,2025-01-05
2025010501021479,AHL,58,47,100.0,725.0,72500.0,2025-01-05
2025010501021478,AHL,32,47,28.0,725.0,20300.0,2025-01-05
2025010504011330,PMHPL,11,33,50.0,281.0,14050.0,2025-01-05
