transaction,symbol,buyer,seller,quantity,rate,amount,date
2024092901016277,MLBS,4,74,10.0,1555.0,15550.0,2024-09-29
2024092903011649,WNLB,70,20,100.0,3090.0,309000.0,2024-09-29
2024092903011648,SLBSL,3,68,10.0,1380.0,13800.0,2024-09-29
2024092904017058,API,74,60,351.0,280.0,98280.0,2024-09-29
2024092904017057,API,43,60,200.0,280.0,56000.0,2024-09-29
2024092904017056,API,33,60,349.0,280.0,97720.0,2024-09-29
2024092904017055,API,45,60,200.0,280.2,56040.0,2024-09-29
2024092904017054,API,57,60,900.0,280.2,252180.0,2024-09-29
2024092904017053,UMHL,29,22,10.0,282.9,2829.0,2024-09-29
2024092901016276,TSHL,29,69,10.0,749.9,7499.0,2024-09-29
2024092904017052,RHPL,29,81,10.0,353.0,3530.0,2024-09-29
2024092904017051,RURU,42,58,162.0,805.0,130410.0,2024-09-29
2024092904017050,RURU,26,58,20.0,805.0,16100.0,2024-09-29
2024092904017049,RURU,25,58,18.0,805.0,14490.0,2024-09-29
2024092904017048,RURU,49,58,10.0,805.0,8050.0,2024-09-29
2024092904017047,RURU,47,58,10.0,805.0,8050.0,2024-09-29
2024092904017046,RURU,39,58,80.0,805.1,64408.0,2024-09-29
2024092903011647,NMBMF,56,65,10.0,659.9,6599.0,2024-09-29
2024092901016275,SARBTM,8,42,10.0,729.0,7290.0,2024-09-29
2024092901016274,MHL,8,41,10.0,669.0,6690.0,2024-09-29
2024092904017045,HDHPC,32,16,100.0,186.0,18600.0,2024-09-29
2024092904017044,NIL,34,49,25.0,895.0,22375.0,2024-09-29
2024092904017043,NIL,34,42,75.0,894.0,67050.0,2024-09-29
2024092905013417,SHIVM,82,34,85.0,555.1,47183.5,2024-09-29
2024092905013416,CIT,34,33,10.0,2094.0,20940.0,2024-09-29
2024092905013415,CIT,34,64,52.0,2093.0,108836.0,2024-09-29
2024092901016273,KDL,91,55,50.0,1000.0,50000.0,2024-09-29
2024092901016272,RAWA,44,6,10.0,675.0,6750.0,2024-09-29
2024092903011646,FOWAD,47,22,10.0,1353.0,13530.0,2024-09-29
2024092903011645,NFS,57,22,57.0,1168.0,66576.0,2024-09-29
2024092903011644,GILB,40,37,10.0,1145.0,11450.0,2024-09-29
2024092905013414,SAHAS,13,40,80.0,456.0,36480.0,2024-09-29
2024092905013413,SAHAS,43,40,20.0,456.1,9122.0,2024-09-29
2024092904017042,KKHC,38,51,100.0,258.0,25800.0,2024-09-29
2024092904017041,OHL,67,26,30.0,912.0,27360.0,2024-09-29
2024092904017040,OHL,67,55,50.0,910.0,45500.0,2024-09-29
2024092904017039,OHL,67,4,20.0,897.0,17940.0,2024-09-29
2024092904017038,OHL,67,59,20.0,895.3,17906.0,2024-09-29
2024092904017037,SHPC,58,7,200.0,474.0,94800.0,2024-09-29
2024092904017036,PMHPL,55,57,100.0,247.0,24700.0,2024-09-29
2024092901016271,SBL,14,35,11.0,325.0,3575.0,2024-09-29
2024092901016270,SMHL,14,42,40.0,599.0,23960.0,2024-09-29
2024092901016269,SMHL,14,47,10.0,599.0,5990.0,2024-09-29
2024092901016268,SMHL,14,58,10.0,597.9,5979.0,2024-09-29
2024092903011643,NFS,62,17,10.0,1176.0,11760.0,2024-09-29
2024092903011642,MDB,62,47,10.0,605.0,6050.0,2024-09-29
2024092903011641,MDB,62,17,60.0,603.5,36210.0,2024-09-29
2024092901016267,SAMAJ,48,45,10.0,2960.0,29600.0,2024-09-29
2024092901016266,SAMAJ,38,45,10.0,2975.0,29750.0,2024-09-29
2024092903011640,LBBL,17,32,10.0,443.0,4430.0,2024-09-29
2024092903011639,MATRI,45,49,17.0,1443.0,24531.0,2024-09-29
2024092903011638,MATRI,45,5,20.0,1440.0,28800.0,2024-09-29
2024092903011637,MATRI,45,59,10.0,1422.0,14220.0,2024-09-29
2024092903011636,MATRI,45,42,50.0,1420.0,71000.0,2024-09-29
2024092903011635,MATRI,45,42,47.0,1420.0,66740.0,2024-09-29
2024092903011634,MATRI,45,42,35.0,1420.0,49700.0,2024-09-29
2024092903011633,MATRI,45,42,25.0,1420.0,35500.0,2024-09-29
2024092903011632,MATRI,45,59,46.0,1418.0,65228.0,2024-09-29
2024092904017035,SHPC,45,57,460.0,479.9,220754.0,2024-09-29
2024092904017034,SHPC,45,59,200.0,479.9,95980.0,2024-09-29
2024092904017033,SHPC,45,48,100.0,479.0,47900.0,2024-09-29
2024092904017032,SHPC,45,55,85.0,478.0,40630.0,2024-09-29
2024092904017031,SHPC,45,38,18.0,477.0,8586.0,2024-09-29
2024092904017030,SHPC,45,91,137.0,475.0,65075.0,2024-09-29
2024092905013412,SONA,45,45,10.0,450.0,4500.0,2024-09-29
2024092903011631,GFCL,74,21,10.0,809.9,8099.0,2024-09-29
2024092901016265,RHGCL,16,35,10.0,370.0,3700.0,2024-09-29
2024092901016264,SBL,50,35,11.0,325.0,3575.0,2024-09-29
2024092904017029,LEC,19,10,102.0,248.2,25316.4,2024-09-29
2024092904017028,LEC,57,10,300.0,248.2,74460.0,2024-09-29
2024092904017027,LEC,56,10,200.0,248.2,49640.0,2024-09-29
2024092904017026,LEC,48,10,57.0,249.0,14193.0,2024-09-29
2024092904017025,LEC,43,10,121.0,249.0,30129.0,2024-09-29
2024092904017024,LEC,45,10,200.0,249.1,49820.0,2024-09-29
2024092901016263,MEHL,49,14,10.0,359.8,3598.0,2024-09-29
2024092901016262,ULBSL,49,14,11.0,2996.0,32956.0,2024-09-29
2024092904017023,RIDI,49,55,50.0,214.9,10745.0,2024-09-29
2024092905013411,PHCL,33,57,10.0,317.0,3170.0,2024-09-29
2024092903011630,SAPDBL,57,57,100.0,504.2,50420.0,2024-09-29
2024092904017022,NHPC,49,57,190.0,198.3,37677.0,2024-09-29
2024092904017021,NHPC,3,57,500.0,198.4,99200.0,2024-09-29
2024092904017020,NHPC,4,57,50.0,198.5,9925.0,2024-09-29
2024092904017019,NHPC,58,57,200.0,198.6,39720.0,2024-09-29
2024092904017018,NHPC,57,57,60.0,198.8,11928.0,2024-09-29
2024092904017017,RURU,39,42,20.0,805.1,16102.0,2024-09-29
2024092904017016,RURU,60,42,120.0,805.7,96684.0,2024-09-29
2024092904017015,UPCL,72,58,10.0,238.0,2380.0,2024-09-29
2024092903011629,GFCL,72,42,10.0,810.0,8100.0,2024-09-29
2024092903011628,NFS,72,17,10.0,1176.0,11760.0,2024-09-29
2024092901016261,MHL,87,34,10.0,657.0,6570.0,2024-09-29
2024092904017014,SPDL,70,16,11.0,265.0,2915.0,2024-09-29
2024092904017013,SGIC,1,95,10.0,617.9,6179.0,2024-09-29
2024092905013410,NRM,47,6,20.0,416.0,8320.0,2024-09-29
2024092905013409,NRM,47,6,10.0,415.0,4150.0,2024-09-29
2024092905013408,NRM,47,38,30.0,415.0,12450.0,2024-09-29
2024092905013407,NRM,47,26,10.0,415.0,4150.0,2024-09-29
2024092905013406,NRM,47,48,20.0,413.0,8260.0,2024-09-29
2024092905013405,NRM,47,22,10.0,412.0,4120.0,2024-09-29
2024092905013404,NRM,47,34,24.0,412.0,9888.0,2024-09-29
2024092903011627,CORBL,60,6,10.0,840.0,8400.0,2024-09-29
2024092903011626,CORBL,60,66,40.0,838.0,33520.0,2024-09-29
2024092901016260,MSHL,64,56,50.0,914.0,45700.0,2024-09-29
2024092901016259,MSHL,64,48,10.0,913.5,9135.0,2024-09-29
2024092901016258,MSHL,64,14,10.0,913.0,9130.0,2024-09-29
2024092901016257,MSHL,64,46,30.0,912.0,27360.0,2024-09-29
2024092905013403,MEL,29,17,500.0,270.0,135000.0,2024-09-29
2024092904017012,UMRH,56,50,10.0,415.0,4150.0,2024-09-29
2024092904017011,CGH,56,42,20.0,865.0,17300.0,2024-09-29
2024092901016256,BHL,56,64,40.0,428.0,17120.0,2024-09-29
2024092901016255,BHL,56,51,10.0,425.0,4250.0,2024-09-29
2024092901016254,BHL,56,53,10.0,425.0,4250.0,2024-09-29
2024092901016253,BHL,56,43,70.0,425.0,29750.0,2024-09-29
2024092901016252,BHL,56,4,745.0,425.0,316625.0,2024-09-29
2024092901016251,BHL,56,42,175.0,424.4,74270.0,2024-09-29
2024092904017010,UPPER,14,32,49.0,198.0,9702.0,2024-09-29
2024092904017009,UPPER,48,32,100.0,198.0,19800.0,2024-09-29
2024092904017008,UPPER,34,32,70.0,198.0,13860.0,2024-09-29
2024092904017007,UPPER,41,32,50.0,198.0,9900.0,2024-09-29
2024092904017006,UPPER,45,32,200.0,198.0,39600.0,2024-09-29
2024092904017005,UPPER,19,32,20.0,198.0,3960.0,2024-09-29
2024092904017004,UPPER,54,32,200.0,198.0,39600.0,2024-09-29
2024092903011625,PFL,32,39,356.0,553.8,197152.8,2024-09-29
2024092903011624,PFL,32,28,500.0,553.8,276900.0,2024-09-29
2024092903011623,PFL,32,48,500.0,553.8,276900.0,2024-09-29
2024092903011622,PFL,32,42,150.0,553.8,83070.0,2024-09-29
2024092903011621,PFL,32,56,2150.0,553.8,1190670.0,2024-09-29
2024092903011620,PFL,32,26,100.0,553.8,55380.0,2024-09-29
2024092903011619,PFL,32,48,114.0,553.7,63121.8,2024-09-29
2024092903011618,PFL,32,25,50.0,552.0,27600.0,2024-09-29
2024092903011617,PFL,32,57,30.0,551.0,16530.0,2024-09-29
2024092903011616,PFL,32,6,100.0,550.2,55020.0,2024-09-29
2024092903011615,PFL,32,55,500.0,550.0,275000.0,2024-09-29
2024092903011614,PFL,32,17,200.0,550.0,110000.0,2024-09-29
2024092903011613,PFL,32,32,100.0,545.5,54550.0,2024-09-29
2024092903011612,PFL,32,88,100.0,545.0,54500.0,2024-09-29
2024092903011611,PFL,32,88,200.0,544.8,108960.0,2024-09-29
2024092903011610,PFL,32,43,20.0,544.8,10896.0,2024-09-29
2024092903011609,PFL,32,22,600.0,544.0,326400.0,2024-09-29
2024092903011608,PFL,32,38,60.0,544.0,32640.0,2024-09-29
2024092903011607,PFL,32,46,200.0,544.0,108800.0,2024-09-29
2024092903011606,PFL,32,8,200.0,544.0,108800.0,2024-09-29
2024092903011605,PFL,32,88,500.0,543.7,271850.0,2024-09-29
2024092903011604,PFL,32,34,100.0,543.0,54300.0,2024-09-29
2024092903011603,PFL,32,55,500.0,543.0,271500.0,2024-09-29
2024092903011602,PFL,32,57,500.0,543.0,271500.0,2024-09-29
2024092903011601,PFL,32,57,10.0,543.0,5430.0,2024-09-29
2024092903011600,PFL,32,88,100.0,541.0,54100.0,2024-09-29
2024092904017003,UPPER,43,32,100.0,198.0,19800.0,2024-09-29
2024092903011599,PFL,32,44,250.0,540.0,135000.0,2024-09-29
2024092903011598,PFL,32,26,100.0,538.9,53890.0,2024-09-29
2024092903011597,PFL,32,53,200.0,538.5,107700.0,2024-09-29
2024092903011596,PFL,32,57,200.0,538.0,107600.0,2024-09-29
2024092903011595,PFL,32,55,310.0,535.0,165850.0,2024-09-29
2024092904017002,UPPER,56,32,50.0,198.0,9900.0,2024-09-29
2024092904017001,UPPER,32,32,161.0,198.0,31878.0,2024-09-29
2024092903011594,NFS,22,26,420.0,1170.0,491400.0,2024-09-29
2024092903011593,NFS,6,26,10.0,1170.0,11700.0,2024-09-29
2024092903011592,NFS,53,26,10.0,1170.0,11700.0,2024-09-29
2024092903011591,NFS,58,26,100.0,1170.0,117000.0,2024-09-29
2024092903011590,NFS,43,26,50.0,1170.0,58500.0,2024-09-29
2024092903011589,NFS,22,26,10.0,1170.1,11701.0,2024-09-29
2024092903011588,NFS,58,26,10.0,1171.1,11711.0,2024-09-29
2024092903011587,NFS,35,26,28.0,1172.1,32818.8,2024-09-29
2024092903011586,NFS,57,26,10.0,1173.0,11730.0,2024-09-29
2024092903011585,NFS,41,26,100.0,1173.1,117310.0,2024-09-29
2024092903011584,NFS,57,26,50.0,1173.1,58655.0,2024-09-29
2024092903011583,NFS,7,26,10.0,1173.2,11732.0,2024-09-29
2024092903011582,NFS,6,26,10.0,1174.0,11740.0,2024-09-29
2024092903011581,NFS,17,26,50.0,1174.0,58700.0,2024-09-29
2024092903011580,NFS,22,26,10.0,1175.0,11750.0,2024-09-29
2024092903011579,NFS,1,26,10.0,1175.0,11750.0,2024-09-29
2024092903011578,NFS,58,26,100.0,1175.0,117500.0,2024-09-29
2024092903011577,NFS,63,26,10.0,1175.0,11750.0,2024-09-29
2024092903011576,SLBBL,58,34,20.0,963.0,19260.0,2024-09-29
2024092901016250,DORDI,38,58,31.0,395.0,12245.0,2024-09-29
2024092901016249,DORDI,32,58,40.0,395.0,15800.0,2024-09-29
2024092901016248,DORDI,22,58,10.0,398.0,3980.0,2024-09-29
2024092901016247,HEIP,20,58,10.0,350.9,3509.0,2024-09-29
2024092903011575,NFS,63,35,10.0,1175.0,11750.0,2024-09-29
2024092904017000,NGPL,34,58,546.0,421.0,229866.0,2024-09-29
2024092904016999,NGPL,34,44,950.0,421.0,399950.0,2024-09-29
2024092904016998,NGPL,34,45,300.0,420.5,126150.0,2024-09-29
2024092904016997,NGPL,34,25,55.0,420.0,23100.0,2024-09-29
2024092904016996,NGPL,34,49,100.0,420.0,42000.0,2024-09-29
2024092904016995,NGPL,34,6,1000.0,420.0,420000.0,2024-09-29
2024092904016994,NGPL,34,98,15.0,420.0,6300.0,2024-09-29
2024092904016993,NGPL,34,43,50.0,420.0,21000.0,2024-09-29
2024092904016992,NGPL,34,22,200.0,420.0,84000.0,2024-09-29
2024092904016991,NGPL,34,17,52.0,420.0,21840.0,2024-09-29
2024092904016990,NGPL,34,4,46.0,420.0,19320.0,2024-09-29
2024092904016989,NGPL,34,11,60.0,420.0,25200.0,2024-09-29
2024092904016988,NGPL,34,57,130.0,419.0,54470.0,2024-09-29
2024092904016987,NGPL,34,19,400.0,416.0,166400.0,2024-09-29
2024092904016986,NGPL,34,57,10.0,415.5,4155.0,2024-09-29
2024092904016985,NGPL,34,54,25.0,415.0,10375.0,2024-09-29
2024092904016984,NGPL,34,19,150.0,415.0,62250.0,2024-09-29
2024092904016983,NGPL,34,58,300.0,415.0,124500.0,2024-09-29
2024092904016982,NGPL,34,58,734.0,415.0,304610.0,2024-09-29
2024092904016981,NGPL,34,49,200.0,414.0,82800.0,2024-09-29
2024092904016980,NGPL,34,58,29.0,414.0,12006.0,2024-09-29
2024092904016979,NGPL,34,40,1648.0,414.0,682272.0,2024-09-29
2024092901016246,RHGCL,41,42,10.0,371.0,3710.0,2024-09-29
2024092901016245,RAWA,71,6,20.0,675.0,13500.0,2024-09-29
2024092904016978,LEC,44,57,10.0,251.0,2510.0,2024-09-29
2024092904016977,LEC,44,16,10.0,250.0,2500.0,2024-09-29
2024092901016244,SAMAJ,77,6,10.0,2994.0,29940.0,2024-09-29
2024092904016976,JOSHI,51,22,970.0,269.2,261124.0,2024-09-29
2024092904016975,JOSHI,49,22,10.0,269.3,2693.0,2024-09-29
2024092904016974,JOSHI,55,22,720.0,269.3,193896.0,2024-09-29
2024092904016973,TRH,43,59,10.0,1027.0,10270.0,2024-09-29
2024092905013402,HATHY,33,22,38.0,1268.9,48218.2,2024-09-29
2024092901016243,UNL,32,39,10.0,50000.0,500000.0,2024-09-29
2024092901016242,RFPL,92,84,737.0,519.0,382503.0,2024-09-29
2024092901016241,RFPL,92,29,10.0,519.0,5190.0,2024-09-29
2024092901016240,RFPL,92,56,120.0,518.9,62268.0,2024-09-29
2024092901016239,RFPL,92,35,10.0,518.0,5180.0,2024-09-29
2024092901016238,RFPL,92,58,10.0,517.0,5170.0,2024-09-29
2024092901016237,RFPL,92,38,10.0,517.0,5170.0,2024-09-29
2024092901016236,RFPL,92,21,10.0,517.0,5170.0,2024-09-29
2024092901016235,RFPL,92,46,10.0,516.0,5160.0,2024-09-29
2024092901016234,RFPL,92,38,10.0,516.0,5160.0,2024-09-29
2024092901016233,RFPL,92,49,10.0,515.0,5150.0,2024-09-29
2024092901016232,RFPL,92,54,20.0,510.0,10200.0,2024-09-29
2024092901016231,RFPL,92,19,43.0,506.8,21792.4,2024-09-29
2024092903011574,SAPDBL,55,38,10.0,510.0,5100.0,2024-09-29
2024092901016230,SARBTM,14,42,10.0,729.0,7290.0,2024-09-29
2024092901016229,USHEC,6,14,300.0,436.0,130800.0,2024-09-29
2024092903011573,JSLBB,62,74,30.0,1525.0,45750.0,2024-09-29
2024092903011572,CFCL,14,4,10.0,503.0,5030.0,2024-09-29
2024092903011571,JSLBB,62,74,10.0,1525.0,15250.0,2024-09-29
2024092903011570,JSLBB,62,11,20.0,1525.0,30500.0,2024-09-29
2024092903011569,LBBL,14,32,10.0,443.0,4430.0,2024-09-29
2024092901016228,BEDC,41,62,20.0,425.1,8502.0,2024-09-29
2024092901016227,ADBL,45,36,10.0,352.3,3523.0,2024-09-29
2024092901016226,ADBL,1,36,105.0,352.4,37002.0,2024-09-29
2024092901016225,ADBL,62,36,1076.0,352.4,379182.4,2024-09-29
2024092901016224,ADBL,54,36,50.0,352.5,17625.0,2024-09-29
2024092901016223,ADBL,57,36,100.0,352.5,35250.0,2024-09-29
2024092901016222,ADBL,1,36,150.0,352.5,52875.0,2024-09-29
2024092901016221,MEHL,45,14,10.0,359.8,3598.0,2024-09-29
2024092901016220,NWCL,45,55,10.0,870.0,8700.0,2024-09-29
2024092905013401,ENL,53,45,10.0,1058.4,10584.0,2024-09-29
2024092905013400,ENL,42,45,10.0,1070.0,10700.0,2024-09-29
2024092905013399,HIDCL,46,58,255.0,246.0,62730.0,2024-09-29
2024092904016972,UMHL,21,22,10.0,282.9,2829.0,2024-09-29
2024092905013398,HIDCL,46,45,45.0,246.0,11070.0,2024-09-29
2024092903011568,SWBBL,54,22,10.0,970.0,9700.0,2024-09-29
2024092901016219,SBL,50,35,110.0,325.0,35750.0,2024-09-29
2024092901016218,SMH,16,34,10.0,1050.0,10500.0,2024-09-29
2024092901016217,NWCL,59,57,10.0,860.1,8601.0,2024-09-29
2024092905013397,NTC,57,90,10.0,910.0,9100.0,2024-09-29
2024092904016971,RURU,60,13,80.0,805.7,64456.0,2024-09-29
2024092904016970,RURU,82,13,20.0,805.7,16114.0,2024-09-29
2024092904016969,JOSHI,42,38,10.0,273.0,2730.0,2024-09-29
2024092904016968,GHL,42,43,100.0,195.5,19550.0,2024-09-29
2024092904016967,NICL,39,42,10.0,989.0,9890.0,2024-09-29
2024092903011567,MFIL,42,6,232.0,608.4,141148.8,2024-09-29
2024092903011566,GFCL,74,72,10.0,809.9,8099.0,2024-09-29
2024092903011565,GFCL,74,49,490.0,805.0,394450.0,2024-09-29
2024092904016966,UMRH,5,50,10.0,415.0,4150.0,2024-09-29
2024092901016216,BGWT,47,45,16.0,910.0,14560.0,2024-09-29
2024092901016215,BGWT,47,52,160.0,910.0,145600.0,2024-09-29
2024092901016214,BGWT,47,45,10.0,910.0,9100.0,2024-09-29
2024092901016213,BGWT,47,45,10.0,908.0,9080.0,2024-09-29
2024092901016212,BGWT,47,45,200.0,907.8,181560.0,2024-09-29
2024092901016211,BGWT,47,57,200.0,907.0,181400.0,2024-09-29
2024092901016210,BGWT,47,42,274.0,907.0,248518.0,2024-09-29
2024092901016209,BGWT,47,38,20.0,906.9,18138.0,2024-09-29
2024092901016208,BGWT,47,49,100.0,905.0,90500.0,2024-09-29
2024092901016207,BGWT,47,42,10.0,900.0,9000.0,2024-09-29
2024092903011564,SAPDBL,60,38,10.0,510.0,5100.0,2024-09-29
2024092903011563,KRBL,60,32,100.0,536.0,53600.0,2024-09-29
2024092905013396,CHDC,64,8,10.0,1570.0,15700.0,2024-09-29
2024092904016965,KPCL,60,17,50.0,451.0,22550.0,2024-09-29
2024092904016964,KPCL,60,39,139.0,450.0,62550.0,2024-09-29
2024092901016206,CYCL,60,33,41.0,1535.0,62935.0,2024-09-29
2024092903011562,SFCL,61,55,10.0,509.0,5090.0,2024-09-29
2024092904016963,SHPC,51,91,63.0,475.0,29925.0,2024-09-29
2024092904016962,SHPC,51,59,107.0,475.0,50825.0,2024-09-29
2024092901016205,SCB,69,56,881.0,679.0,598199.0,2024-09-29
2024092903011561,WNLB,56,28,300.0,3111.0,933300.0,2024-09-29
2024092903011560,WNLB,56,64,22.0,3070.0,67540.0,2024-09-29
2024092903011559,WNLB,56,64,10.0,2735.5,27355.0,2024-09-29
2024092903011558,WNLB,56,64,10.0,2735.3,27353.0,2024-09-29
2024092903011557,WNLB,56,71,11.0,2735.0,30085.0,2024-09-29
2024092903011556,WNLB,56,49,16.0,2735.0,43760.0,2024-09-29
2024092904016961,NLG,32,17,10.0,1375.0,13750.0,2024-09-29
2024092903011555,SLBBL,58,34,20.0,963.0,19260.0,2024-09-29
2024092903011554,SLBBL,58,45,50.0,960.0,48000.0,2024-09-29
2024092903011553,SLBBL,58,34,35.0,959.0,33565.0,2024-09-29
2024092903011552,SLBBL,58,36,45.0,958.0,43110.0,2024-09-29
2024092905013395,HATHY,35,22,10.0,1268.9,12689.0,2024-09-29
2024092905013394,NRN,58,34,150.0,897.0,134550.0,2024-09-29
2024092903011551,GMFIL,34,65,10.0,496.0,4960.0,2024-09-29
2024092905013393,RNLI,38,34,11.0,468.0,5148.0,2024-09-29
2024092903011550,CFCL,34,4,10.0,503.0,5030.0,2024-09-29
2024092904016960,NICL,39,34,90.0,989.0,89010.0,2024-09-29
2024092904016959,JOSHI,55,48,100.0,269.3,26930.0,2024-09-29
2024092901016204,TPC,44,50,500.0,428.0,214000.0,2024-09-29
2024092901016203,TPC,44,21,10.0,427.3,4273.0,2024-09-29
2024092901016202,TPC,44,63,10.0,427.0,4270.0,2024-09-29
2024092901016201,TPC,44,50,500.0,427.0,213500.0,2024-09-29
2024092901016200,TPC,44,16,500.0,425.0,212500.0,2024-09-29
2024092901016199,TPC,44,25,32.0,423.8,13561.6,2024-09-29
2024092901016198,TPC,44,7,50.0,420.9,21045.0,2024-09-29
2024092901016197,TPC,44,58,200.0,420.0,84000.0,2024-09-29
2024092901016196,TPC,44,42,41.0,420.0,17220.0,2024-09-29
2024092901016195,SPL,88,29,10.0,815.0,8150.0,2024-09-29
2024092903011549,GMFIL,40,65,10.0,496.0,4960.0,2024-09-29
2024092903011548,NFS,63,39,30.0,1175.0,35250.0,2024-09-29
2024092903011547,NFS,49,39,30.0,1175.0,35250.0,2024-09-29
2024092903011546,NFS,40,39,100.0,1175.0,117500.0,2024-09-29
2024092903011545,SLBBL,35,65,100.0,946.0,94600.0,2024-09-29
2024092901016194,BHDC,63,22,10.0,555.5,5555.0,2024-09-29
2024092901016193,SMHL,45,29,10.0,597.9,5979.0,2024-09-29
2024092901016192,SMHL,45,29,10.0,597.0,5970.0,2024-09-29
2024092903011544,MATRI,44,45,80.0,1401.0,112080.0,2024-09-29
2024092903011543,MATRI,55,45,55.0,1401.1,77060.5,2024-09-29
2024092903011542,MATRI,44,45,35.0,1401.5,49052.5,2024-09-29
2024092903011541,MATRI,39,45,20.0,1410.0,28200.0,2024-09-29
2024092903011540,MATRI,57,45,10.0,1414.0,14140.0,2024-09-29
2024092901016191,LSL,46,35,13.0,234.0,3042.0,2024-09-29
2024092903011539,LICN,94,74,10.0,2099.0,20990.0,2024-09-29
2024092904016958,NHDL,50,36,35.0,539.0,18865.0,2024-09-29
2024092904016957,NHDL,50,39,100.0,537.9,53790.0,2024-09-29
2024092904016956,SHPC,50,59,200.0,475.0,95000.0,2024-09-29
2024092901016190,SRLI,93,58,10.0,453.0,4530.0,2024-09-29
2024092903011538,WNLB,28,49,14.0,2735.0,38290.0,2024-09-29
2024092903011537,WNLB,28,64,10.0,2735.0,27350.0,2024-09-29
2024092903011536,WNLB,28,52,11.0,2730.0,30030.0,2024-09-29
2024092903011535,WNLB,28,58,20.0,2730.0,54600.0,2024-09-29
2024092903011534,WNLB,28,28,11.0,2728.4,30012.4,2024-09-29
2024092903011533,WNLB,28,33,100.0,2725.0,272500.0,2024-09-29
2024092903011532,WNLB,28,42,100.0,2725.0,272500.0,2024-09-29
2024092903011531,WNLB,28,3,11.0,2724.4,29968.4,2024-09-29
2024092903011530,WNLB,28,32,11.0,2700.0,29700.0,2024-09-29
2024092903011529,WNLB,28,34,47.0,2699.0,126853.0,2024-09-29
2024092903011528,WNLB,28,26,90.0,2690.0,242100.0,2024-09-29
2024092903011527,WNLB,28,26,40.0,2690.0,107600.0,2024-09-29
2024092903011526,WNLB,28,6,35.0,2678.0,93730.0,2024-09-29
2024092905013392,HRL,42,38,15.0,754.0,11310.0,2024-09-29
2024092905013391,HRL,42,63,10.0,752.0,7520.0,2024-09-29
2024092904016955,NICL,81,1,100.0,989.0,98900.0,2024-09-29
2024092904016954,IGI,25,14,416.0,600.0,249600.0,2024-09-29
2024092904016953,IGI,25,65,300.0,600.0,180000.0,2024-09-29
2024092904016952,IGI,25,13,100.0,600.0,60000.0,2024-09-29
2024092904016951,IGI,25,7,50.0,599.9,29995.0,2024-09-29
2024092904016950,IGI,25,42,60.0,599.8,35988.0,2024-09-29
2024092904016949,IGI,25,29,81.0,599.0,48519.0,2024-09-29
2024092904016948,IGI,25,57,100.0,598.9,59890.0,2024-09-29
2024092904016947,IGI,25,35,590.0,598.8,353292.0,2024-09-29
2024092904016946,IGI,25,46,17.0,598.0,10166.0,2024-09-29
2024092904016945,IGI,25,63,186.0,598.0,111228.0,2024-09-29
2024092904016944,IGI,25,57,100.0,598.0,59800.0,2024-09-29
2024092901016189,AHL,42,32,30.0,630.0,18900.0,2024-09-29
2024092903011525,NFS,57,58,29.0,1175.0,34075.0,2024-09-29
2024092903011524,WNLB,45,6,30.0,2678.0,80340.0,2024-09-29
2024092903011523,JBBL,26,19,65.0,322.1,20936.5,2024-09-29
2024092903011522,JBBL,26,19,120.0,322.1,38652.0,2024-09-29
2024092903011521,JBBL,49,19,15.0,322.2,4833.0,2024-09-29
2024092903011520,JBBL,35,19,50.0,323.1,16155.0,2024-09-29
2024092903011519,NFS,57,52,21.0,1175.0,24675.0,2024-09-29
2024092903011518,NFS,19,52,60.0,1175.0,70500.0,2024-09-29
2024092903011517,ICFC,58,37,34.0,640.0,21760.0,2024-09-29
2024092903011516,ICFC,33,37,60.0,640.0,38400.0,2024-09-29
2024092903011515,ICFC,57,37,150.0,640.1,96015.0,2024-09-29
2024092903011514,ICFC,58,37,89.0,640.1,56968.9,2024-09-29
2024092903011513,ICFC,42,37,127.0,640.3,81318.1,2024-09-29
2024092903011512,ALICL,44,34,17.0,672.0,11424.0,2024-09-29
2024092903011511,ALICL,44,52,133.0,670.0,89110.0,2024-09-29
2024092901016188,GVL,88,42,249.0,527.0,131223.0,2024-09-29
2024092901016187,GVL,88,13,100.0,527.0,52700.0,2024-09-29
2024092901016186,GVL,88,57,100.0,525.3,52530.0,2024-09-29
2024092901016185,GVL,88,70,300.0,525.0,157500.0,2024-09-29
2024092901016184,GVL,88,26,10.0,525.0,5250.0,2024-09-29
2024092901016183,GVL,88,45,100.0,525.0,52500.0,2024-09-29
2024092901016182,GVL,88,1,30.0,524.0,15720.0,2024-09-29
2024092901016181,GVL,88,1,15.0,520.0,7800.0,2024-09-29
2024092901016180,GVL,88,14,10.0,519.4,5194.0,2024-09-29
2024092901016179,GVL,88,38,200.0,519.1,103820.0,2024-09-29
2024092901016178,GVL,88,57,150.0,519.0,77850.0,2024-09-29
2024092901016177,GVL,88,38,90.0,518.9,46701.0,2024-09-29
2024092901016176,GVL,88,26,10.0,518.0,5180.0,2024-09-29
2024092901016175,GVL,88,57,45.0,518.0,23310.0,2024-09-29
2024092901016174,GVL,88,25,190.0,517.0,98230.0,2024-09-29
2024092904016943,TRH,22,59,10.0,1027.0,10270.0,2024-09-29
2024092904016942,AKPL,43,45,170.0,213.0,36210.0,2024-09-29
2024092904016941,AKPL,43,49,100.0,212.8,21280.0,2024-09-29
2024092903011510,ICFC,42,40,41.0,640.3,26252.3,2024-09-29
2024092903011509,ICFC,16,40,399.0,640.3,255479.7,2024-09-29
2024092903011508,ICFC,56,40,50.0,640.4,32020.0,2024-09-29
2024092903011507,ICFC,58,40,10.0,640.4,6404.0,2024-09-29
2024092901016173,KDL,39,19,10.0,1000.0,10000.0,2024-09-29
2024092901016172,MANDU,65,11,14.0,854.0,11956.0,2024-09-29
2024092901016171,MANDU,65,47,150.0,853.0,127950.0,2024-09-29
2024092901016170,MANDU,65,48,100.0,852.0,85200.0,2024-09-29
2024092901016169,MANDU,65,58,60.0,852.0,51120.0,2024-09-29
2024092901016168,MANDU,65,3,80.0,852.0,68160.0,2024-09-29
2024092901016167,MANDU,65,18,90.0,850.0,76500.0,2024-09-29
2024092901016166,MANDU,65,1,300.0,850.0,255000.0,2024-09-29
2024092901016165,MANDU,65,49,110.0,850.0,93500.0,2024-09-29
2024092901016164,MANDU,65,35,10.0,848.7,8487.0,2024-09-29
2024092901016163,MANDU,65,6,10.0,848.0,8480.0,2024-09-29
2024092901016162,MANDU,65,58,10.0,845.0,8450.0,2024-09-29
2024092901016161,MANDU,65,80,92.0,845.0,77740.0,2024-09-29
2024092901016160,MANDU,65,48,90.0,845.0,76050.0,2024-09-29
2024092901016159,MANDU,65,29,200.0,844.9,168980.0,2024-09-29
2024092901016158,MANDU,65,28,100.0,840.0,84000.0,2024-09-29
2024092901016157,MANDU,65,25,10.0,840.0,8400.0,2024-09-29
2024092901016156,MANDU,65,42,174.0,840.0,146160.0,2024-09-29
2024092901016155,MANDU,65,5,300.0,838.0,251400.0,2024-09-29
2024092901016154,MANDU,65,16,50.0,838.0,41900.0,2024-09-29
2024092901016153,MANDU,65,34,50.0,838.0,41900.0,2024-09-29
2024092905013390,HDL,42,45,10.0,1230.0,12300.0,2024-09-29
2024092905013389,SFMF,57,62,120.0,9.7,1164.0,2024-09-29
2024092901016152,DOLTI,48,57,350.0,476.0,166600.0,2024-09-29
2024092904016940,AKPL,51,49,100.0,212.8,21280.0,2024-09-29
2024092901016151,AHL,42,57,10.0,630.0,6300.0,2024-09-29
2024092901016150,AHL,42,49,10.0,630.0,6300.0,2024-09-29
2024092901016149,AHL,42,38,10.0,625.0,6250.0,2024-09-29
2024092901016148,AHL,42,58,10.0,625.0,6250.0,2024-09-29
2024092901016147,AHL,42,51,120.0,625.0,75000.0,2024-09-29
2024092901016146,AHL,42,3,10.0,625.0,6250.0,2024-09-29
2024092901016145,AHL,42,18,10.0,625.0,6250.0,2024-09-29
2024092901016144,PPL,28,14,100.0,437.0,43700.0,2024-09-29
2024092904016939,SHL,92,4,100.0,471.0,47100.0,2024-09-29
2024092901016143,TSHL,58,51,100.0,740.3,74030.0,2024-09-29
2024092904016938,SSHL,26,33,310.0,203.0,62930.0,2024-09-29
2024092904016937,GHL,48,35,450.0,194.4,87480.0,2024-09-29
2024092904016936,GHL,25,35,200.0,195.0,39000.0,2024-09-29
2024092904016935,GHL,21,35,200.0,195.0,39000.0,2024-09-29
2024092903011506,SMPDA,41,17,11.0,852.0,9372.0,2024-09-29
2024092905013388,CHDC,26,98,410.0,1567.1,642511.0,2024-09-29
2024092905013387,CHDC,50,98,10.0,1568.0,15680.0,2024-09-29
2024092904016934,SPIL,44,50,11.0,867.9,9546.9,2024-09-29
2024092904016933,SPIL,44,49,125.0,862.0,107750.0,2024-09-29
2024092904016932,SPIL,44,44,50.0,862.0,43100.0,2024-09-29
2024092904016931,SPIL,44,35,70.0,862.0,60340.0,2024-09-29
2024092904016930,SPIL,44,50,33.0,856.0,28248.0,2024-09-29
2024092904016929,SPIL,44,86,11.0,855.9,9414.9,2024-09-29
2024092905013386,HRL,22,63,10.0,752.0,7520.0,2024-09-29
2024092901016142,LSL,43,35,10.0,234.0,2340.0,2024-09-29
2024092901016141,ULHC,57,40,200.0,370.0,74000.0,2024-09-29
2024092901016140,SRLI,36,40,100.0,450.0,45000.0,2024-09-29
2024092903011505,GMFIL,47,39,80.0,488.0,39040.0,2024-09-29
2024092903011504,GMFIL,45,39,20.0,488.1,9762.0,2024-09-29
2024092901016139,RAWA,44,39,123.0,664.0,81672.0,2024-09-29
2024092901016138,RAWA,47,39,152.0,664.0,100928.0,2024-09-29
2024092903011503,SKBBL,92,62,11.0,890.0,9790.0,2024-09-29
2024092903011502,SHINE,14,58,10.0,454.0,4540.0,2024-09-29
2024092901016137,HIDCLP,14,49,770.0,159.0,122430.0,2024-09-29
2024092901016136,HIDCLP,14,34,500.0,159.0,79500.0,2024-09-29
2024092901016135,HIDCLP,14,3,1000.0,158.9,158900.0,2024-09-29
2024092901016134,HIDCLP,14,34,80.0,158.9,12712.0,2024-09-29
2024092901016133,HIDCLP,14,50,800.0,158.5,126800.0,2024-09-29
2024092901016132,HIDCLP,14,55,1000.0,158.5,158500.0,2024-09-29
2024092901016131,HIDCLP,14,6,300.0,158.3,47490.0,2024-09-29
2024092901016130,HIDCLP,14,44,500.0,158.0,79000.0,2024-09-29
2024092901016129,HIDCLP,14,7,50.0,157.9,7895.0,2024-09-29
2024092901016128,GBIME,45,14,207.0,235.0,48645.0,2024-09-29
2024092903011501,NFS,19,17,40.0,1175.0,47000.0,2024-09-29
2024092903011500,NFS,58,17,10.0,1175.0,11750.0,2024-09-29
2024092901016127,SNLI,42,21,10.0,546.0,5460.0,2024-09-29
2024092903011499,GUFL,19,50,40.0,646.0,25840.0,2024-09-29
2024092901016126,BHDC,5,29,10.0,555.4,5554.0,2024-09-29
2024092904016928,RURU,5,26,10.0,806.0,8060.0,2024-09-29
2024092903011498,GFCL,38,42,30.0,800.0,24000.0,2024-09-29
2024092904016927,IGI,34,56,32.0,593.1,18979.2,2024-09-29
2024092905013385,NRN,58,34,410.0,897.0,367770.0,2024-09-29
2024092905013384,NRN,58,39,90.0,897.0,80730.0,2024-09-29
2024092905013383,CLI,4,58,90.0,599.0,53910.0,2024-09-29
2024092903011497,JBBL,44,52,24.0,326.0,7824.0,2024-09-29
2024092903011496,LICN,51,71,100.0,2081.0,208100.0,2024-09-29
2024092903011495,NLIC,71,65,10.0,745.9,7459.0,2024-09-29
2024092903011494,NLIC,71,57,100.0,745.0,74500.0,2024-09-29
2024092903011493,NLIC,71,6,140.0,745.0,104300.0,2024-09-29
2024092903011492,NLIC,71,45,50.0,744.0,37200.0,2024-09-29
2024092905013382,HIDCL,7,45,20.0,246.0,4920.0,2024-09-29
2024092901016125,UNLB,38,45,30.0,2488.0,74640.0,2024-09-29
2024092904016926,NHPC,17,42,40.0,199.5,7980.0,2024-09-29
2024092904016925,NLG,26,36,245.0,1374.0,336630.0,2024-09-29
2024092904016924,NLG,26,21,50.0,1374.0,68700.0,2024-09-29
2024092905013381,RNLI,38,21,11.0,468.0,5148.0,2024-09-29
2024092901016124,RAWA,57,6,10.0,675.0,6750.0,2024-09-29
2024092905013380,NRN,60,39,10.0,897.0,8970.0,2024-09-29
2024092905013379,NRN,60,45,20.0,890.0,17800.0,2024-09-29
2024092905013378,NRN,60,45,20.0,885.0,17700.0,2024-09-29
2024092901016123,MCHL,29,45,10.0,485.0,4850.0,2024-09-29
2024092901016122,MCHL,29,59,90.0,485.0,43650.0,2024-09-29
2024092901016121,NYADI,32,57,10.0,293.0,2930.0,2024-09-29
2024092901016120,NYADI,32,8,70.0,292.0,20440.0,2024-09-29
2024092901016119,NYADI,32,35,10.0,292.0,2920.0,2024-09-29
2024092901016118,NYADI,32,51,60.0,292.0,17520.0,2024-09-29
2024092903011491,GFCL,95,49,510.0,805.0,410550.0,2024-09-29
2024092903011490,GFCL,95,34,200.0,805.0,161000.0,2024-09-29
2024092903011489,GFCL,95,94,50.0,805.0,40250.0,2024-09-29
2024092903011488,GFCL,95,45,90.0,805.0,72450.0,2024-09-29
2024092903011487,GFCL,95,41,40.0,804.0,32160.0,2024-09-29
2024092903011486,GFCL,95,45,110.0,801.0,88110.0,2024-09-29
2024092905013377,NBF2,4,58,1300.0,9.6,12480.0,2024-09-29
2024092905013376,NBF2,51,58,500.0,9.61,4805.0,2024-09-29
2024092903011485,MFIL,58,6,68.0,608.4,41371.2,2024-09-29
2024092904016923,NGPL,34,40,252.0,414.0,104328.0,2024-09-29
2024092904016922,NGPL,34,45,300.0,413.9,124170.0,2024-09-29
2024092904016921,NGPL,34,42,73.0,413.1,30156.3,2024-09-29
2024092904016920,NGPL,34,41,75.0,413.0,30975.0,2024-09-29
2024092903011484,JBBL,44,35,16.0,326.0,5216.0,2024-09-29
2024092903011483,JBBL,44,45,20.0,324.0,6480.0,2024-09-29
2024092901016117,LSL,44,35,10.0,234.0,2340.0,2024-09-29
2024092903011482,PMLI,33,42,186.0,568.0,105648.0,2024-09-29
2024092903011481,PMLI,33,57,784.0,568.0,445312.0,2024-09-29
2024092903011480,PMLI,33,57,30.0,567.9,17037.0,2024-09-29
2024092905013375,NRN,52,92,100.0,880.2,88020.0,2024-09-29
2024092901016116,EHPL,38,36,200.0,736.0,147200.0,2024-09-29
2024092903011479,MATRI,39,57,13.0,1415.0,18395.0,2024-09-29
2024092903011478,NABBC,42,34,10.0,540.0,5400.0,2024-09-29
2024092901016115,MCHL,8,59,10.0,485.0,4850.0,2024-09-29
2024092901016114,MKJC,29,14,50.0,415.0,20750.0,2024-09-29
2024092905013374,NIFRA,58,35,102.0,258.0,26316.0,2024-09-29
2024092905013373,NIFRA,34,35,100.0,258.0,25800.0,2024-09-29
2024092905013372,NIFRA,6,35,587.0,258.0,151446.0,2024-09-29
2024092905013371,NIFRA,38,35,50.0,258.1,12905.0,2024-09-29
2024092905013370,NIFRA,47,35,18.0,258.1,4645.8,2024-09-29
2024092905013369,NIFRA,54,35,122.0,258.1,31488.2,2024-09-29
2024092905013368,SONA,45,48,55.0,450.0,24750.0,2024-09-29
2024092905013367,SONA,48,48,115.0,450.0,51750.0,2024-09-29
2024092901016113,BHL,37,42,220.0,424.4,93368.0,2024-09-29
2024092901016112,BHL,37,58,80.0,422.0,33760.0,2024-09-29
2024092901016111,USHEC,37,89,90.0,443.9,39951.0,2024-09-29
2024092901016110,USHEC,37,42,10.0,443.9,4439.0,2024-09-29
2024092901016109,USHEC,37,49,10.0,443.9,4439.0,2024-09-29
2024092905013366,PHCL,33,34,150.0,317.0,47550.0,2024-09-29
2024092903011477,GUFL,19,41,20.0,646.0,12920.0,2024-09-29
2024092903011476,GUFL,17,41,20.0,646.0,12920.0,2024-09-29
2024092904016919,NGPL,38,58,549.0,412.0,226188.0,2024-09-29
2024092904016918,NGPL,45,58,10.0,412.0,4120.0,2024-09-29
2024092904016917,NGPL,29,58,300.0,412.0,123600.0,2024-09-29
2024092904016916,NGPL,49,58,20.0,412.0,8240.0,2024-09-29
2024092904016915,NGPL,58,58,300.0,412.0,123600.0,2024-09-29
2024092904016914,NGPL,42,58,1000.0,412.0,412000.0,2024-09-29
2024092904016913,NGPL,16,58,121.0,412.0,49852.0,2024-09-29
2024092903011475,GFCL,38,53,60.0,800.0,48000.0,2024-09-29
2024092903011474,GFCL,42,53,40.0,800.0,32000.0,2024-09-29
2024092903011473,MFIL,25,22,40.0,608.3,24332.0,2024-09-29
2024092905013365,SMJC,65,65,456.0,527.0,240312.0,2024-09-29
2024092905013364,SMJC,52,65,104.0,528.0,54912.0,2024-09-29
2024092905013363,SMJC,52,65,100.0,528.0,52800.0,2024-09-29
2024092905013362,SMJC,52,65,100.0,528.0,52800.0,2024-09-29
2024092905013361,SMJC,7,65,40.0,528.0,21120.0,2024-09-29
2024092903011472,SMFBS,63,43,50.0,1400.0,70000.0,2024-09-29
2024092904016912,NGPL,16,92,33.0,412.0,13596.0,2024-09-29
2024092904016911,HDHPC,6,55,863.0,185.8,160345.4,2024-09-29
2024092904016910,HDHPC,59,55,737.0,185.9,137008.3,2024-09-29
2024092901016108,NABIL,14,21,63.0,541.5,34114.5,2024-09-29
2024092904016909,AKJCL,56,54,86.0,190.0,16340.0,2024-09-29
2024092901016107,ULHC,16,58,10.0,371.0,3710.0,2024-09-29
2024092901016106,ULHC,16,25,90.0,371.0,33390.0,2024-09-29
2024092903011471,NLICL,26,13,18.0,571.0,10278.0,2024-09-29
2024092905013360,SMJC,1,54,10.0,535.0,5350.0,2024-09-29
2024092903011470,MATRI,39,47,20.0,1415.0,28300.0,2024-09-29
2024092905013359,SAHAS,13,8,100.0,456.0,45600.0,2024-09-29
2024092904016908,SICL,26,56,27.0,787.1,21251.7,2024-09-29
2024092904016907,SICL,25,56,88.0,787.1,69264.8,2024-09-29
2024092904016906,SICL,42,56,30.0,788.0,23640.0,2024-09-29
2024092904016905,SICL,35,56,55.0,788.0,43340.0,2024-09-29
2024092903011469,GFCL,21,35,150.0,800.0,120000.0,2024-09-29
2024092903011468,GFCL,33,35,20.0,800.0,16000.0,2024-09-29
2024092903011467,GFCL,34,35,100.0,800.0,80000.0,2024-09-29
2024092903011466,GFCL,50,35,35.0,800.0,28000.0,2024-09-29
2024092901016105,SRLI,36,52,58.0,450.0,26100.0,2024-09-29
2024092901016104,SRLI,32,52,17.0,450.0,7650.0,2024-09-29
2024092904016904,AKPL,58,45,30.0,213.0,6390.0,2024-09-29
2024092901016103,RBCLPO,19,7,10.0,12293.0,122930.0,2024-09-29
2024092903011465,MERO,55,4,24.0,713.0,17112.0,2024-09-29
2024092903011464,MERO,55,57,16.0,713.0,11408.0,2024-09-29
2024092904016903,MHNL,17,17,10.0,243.1,2431.0,2024-09-29
2024092903011463,MFIL,25,36,10.0,608.3,6083.0,2024-09-29
2024092903011462,GFCL,38,45,10.0,801.0,8010.0,2024-09-29
2024092903011461,NFS,45,17,10.0,1176.0,11760.0,2024-09-29
2024092904016902,NLG,26,18,50.0,1374.0,68700.0,2024-09-29
2024092904016901,UPPER,32,13,39.0,198.0,7722.0,2024-09-29
2024092904016900,UPPER,59,13,500.0,198.0,99000.0,2024-09-29
2024092904016899,UPPER,57,13,50.0,198.0,9900.0,2024-09-29
2024092904016898,UPPER,13,13,50.0,198.0,9900.0,2024-09-29
2024092904016897,UPPER,42,13,40.0,198.0,7920.0,2024-09-29
2024092904016896,UPPER,55,13,25.0,198.0,4950.0,2024-09-29
2024092904016895,UPPER,52,13,678.0,198.0,134244.0,2024-09-29
2024092904016894,UPPER,34,13,150.0,198.0,29700.0,2024-09-29
2024092904016893,UPPER,42,13,443.0,198.0,87714.0,2024-09-29
2024092904016892,UPPER,59,13,25.0,198.3,4957.5,2024-09-29
2024092903011460,ICFC,16,20,11.0,640.3,7043.3,2024-09-29
2024092903011459,GFCL,50,91,140.0,800.0,112000.0,2024-09-29
2024092903011458,GFCL,6,91,60.0,800.0,48000.0,2024-09-29
2024092903011457,GFCL,49,91,100.0,800.0,80000.0,2024-09-29
2024092903011456,GFCL,8,91,200.0,800.0,160000.0,2024-09-29
2024092905013358,CLI,4,32,10.0,599.0,5990.0,2024-09-29
2024092903011455,FMDBL,65,26,100.0,717.2,71720.0,2024-09-29
2024092905013357,HRL,35,4,2503.0,750.0,1877250.0,2024-09-29
2024092905013356,HRL,6,4,200.0,750.0,150000.0,2024-09-29
2024092904016891,HDHPC,34,16,100.0,186.0,18600.0,2024-09-29
2024092903011454,PROFL,83,58,40.0,510.0,20400.0,2024-09-29
2024092901016102,HBL,21,58,603.0,240.0,144720.0,2024-09-29
2024092901016101,HBL,38,58,400.0,240.1,96040.0,2024-09-29
2024092901016100,RFPL,56,45,10.0,506.7,5067.0,2024-09-29
2024092903011453,MLBBL,72,57,10.0,1470.0,14700.0,2024-09-29
2024092904016890,UNHPL,57,42,93.0,239.0,22227.0,2024-09-29
2024092904016889,UNHPL,57,42,76.0,239.0,18164.0,2024-09-29
2024092904016888,UNHPL,42,42,16.0,240.0,3840.0,2024-09-29
2024092904016887,NHPC,21,42,10.0,199.5,1995.0,2024-09-29
2024092901016099,CYCL,60,33,49.0,1535.0,75215.0,2024-09-29
2024092901016098,CYCL,60,47,51.0,1532.0,78132.0,2024-09-29
2024092901016097,NBL,45,20,100.0,262.0,26200.0,2024-09-29
2024092904016886,AKJCL,56,42,14.0,190.0,2660.0,2024-09-29
2024092903011452,GBBL,34,32,50.0,421.0,21050.0,2024-09-29
2024092904016885,AKJCL,14,26,179.0,189.0,33831.0,2024-09-29
2024092904016884,AKJCL,32,26,121.0,189.0,22869.0,2024-09-29
2024092903011451,RLFL,34,22,160.0,512.0,81920.0,2024-09-29
2024092903011450,KSBBL,22,34,120.0,455.7,54684.0,2024-09-29
2024092901016096,SPL,39,52,10.0,815.0,8150.0,2024-09-29
2024092903011449,NFS,45,17,70.0,1176.0,82320.0,2024-09-29
2024092901016095,UHEWA,25,59,10.0,435.0,4350.0,2024-09-29
2024092903011448,FMDBL,65,57,100.0,717.2,71720.0,2024-09-29
2024092901016094,GBIME,42,26,20.0,235.5,4710.0,2024-09-29
2024092901016093,RFPL,66,19,17.0,506.8,8615.6,2024-09-29
2024092901016092,MAKAR,34,33,70.0,432.2,30254.0,2024-09-29
2024092901016091,MMKJL,58,22,10.0,499.9,4999.0,2024-09-29
2024092904016883,UPPER,42,17,57.0,198.0,11286.0,2024-09-29
2024092904016882,UPPER,55,17,50.0,198.0,9900.0,2024-09-29
2024092904016881,UPPER,16,17,39.0,198.0,7722.0,2024-09-29
2024092905013355,VLUCL,36,58,20.0,557.0,11140.0,2024-09-29
2024092904016880,UPPER,16,38,561.0,198.0,111078.0,2024-09-29
2024092904016879,UPPER,39,38,1439.0,198.0,284922.0,2024-09-29
2024092904016878,KPCL,60,39,61.0,450.0,27450.0,2024-09-29
2024092904016877,KPCL,60,56,35.0,450.0,15750.0,2024-09-29
2024092904016876,KPCL,60,41,14.0,449.5,6293.0,2024-09-29
2024092903011447,CFCL,49,25,40.0,500.2,20008.0,2024-09-29
2024092903011446,KSBBL,62,26,300.0,455.5,136650.0,2024-09-29
2024092903011445,KSBBL,66,26,400.0,455.6,182240.0,2024-09-29
2024092903011444,KMCDB,50,43,22.0,980.0,21560.0,2024-09-29
2024092903011443,KMCDB,60,43,11.0,980.1,10781.1,2024-09-29
2024092904016875,CHL,33,98,10.0,325.0,3250.0,2024-09-29
2024092901016090,MKCL,14,58,10.0,1250.0,12500.0,2024-09-29
2024092903011442,NLIC,45,58,10.0,742.0,7420.0,2024-09-29
2024092904016874,OHL,6,58,153.0,879.0,134487.0,2024-09-29
2024092904016873,OHL,48,58,20.0,879.0,17580.0,2024-09-29
2024092904016872,OHL,6,58,77.0,879.0,67683.0,2024-09-29
2024092904016871,OHL,33,58,50.0,880.0,44000.0,2024-09-29
2024092905013354,HRL,11,4,20.0,750.0,15000.0,2024-09-29
2024092904016870,AHPC,36,42,113.0,250.0,28250.0,2024-09-29
2024092904016869,AHPC,36,48,100.0,250.0,25000.0,2024-09-29
2024092904016868,AHPC,36,14,450.0,250.0,112500.0,2024-09-29
2024092904016867,AHPC,36,3,337.0,250.0,84250.0,2024-09-29
2024092901016089,CZBIL,49,45,300.0,225.0,67500.0,2024-09-29
2024092901016088,CZBIL,42,45,200.0,225.0,45000.0,2024-09-29
2024092903011441,GLBSL,51,13,24.0,1733.0,41592.0,2024-09-29
2024092903011440,GLBSL,25,13,38.0,1733.2,65861.6,2024-09-29
2024092903011439,GLBSL,48,13,38.0,1737.0,66006.0,2024-09-29
2024092903011438,GLBSL,22,13,10.0,1737.5,17375.0,2024-09-29
2024092903011437,GLBSL,45,13,50.0,1740.0,87000.0,2024-09-29
2024092903011436,GLBSL,42,13,40.0,1755.0,70200.0,2024-09-29
2024092904016866,RURU,59,26,26.0,806.0,20956.0,2024-09-29
2024092903011435,SFCL,61,55,10.0,509.0,5090.0,2024-09-29
2024092903011434,SLBSL,42,68,10.0,1380.0,13800.0,2024-09-29
2024092901016087,NABIL,22,8,87.0,541.1,47075.7,2024-09-29
2024092901016086,NABIL,11,8,200.0,541.1,108220.0,2024-09-29
2024092901016085,NABIL,42,8,67.0,541.1,36253.7,2024-09-29
2024092901016084,NABIL,55,8,50.0,541.1,27055.0,2024-09-29
2024092901016083,NABIL,35,8,20.0,541.1,10822.0,2024-09-29
2024092901016082,NABIL,32,8,100.0,541.3,54130.0,2024-09-29
2024092901016081,NABIL,53,8,50.0,541.3,27065.0,2024-09-29
2024092901016080,NABIL,11,8,15.0,541.5,8122.5,2024-09-29
2024092901016079,NABIL,42,8,10.0,541.5,5415.0,2024-09-29
2024092901016078,NABIL,34,8,100.0,541.5,54150.0,2024-09-29
2024092901016077,NABIL,21,8,75.0,541.5,40612.5,2024-09-29
2024092903011433,NMBMF,56,65,20.0,659.9,13198.0,2024-09-29
2024092901016076,CZBIL,45,26,40.0,225.0,9000.0,2024-09-29
2024092901016075,CZBIL,14,26,200.0,225.1,45020.0,2024-09-29
2024092905013353,CLI,4,26,100.0,599.0,59900.0,2024-09-29
2024092901016074,KBL,34,88,71.0,206.5,14661.5,2024-09-29
2024092901016073,KBL,58,88,50.0,206.5,10325.0,2024-09-29
2024092901016072,KBL,57,88,500.0,206.5,103250.0,2024-09-29
2024092901016071,KBL,32,88,144.0,207.0,29808.0,2024-09-29
2024092901016070,KBL,45,88,120.0,207.0,24840.0,2024-09-29
2024092901016069,KBL,53,88,100.0,207.0,20700.0,2024-09-29
2024092901016068,KBL,8,88,10.0,207.0,2070.0,2024-09-29
2024092901016067,KBL,49,88,500.0,207.0,103500.0,2024-09-29
2024092901016066,KBL,54,88,1000.0,207.0,207000.0,2024-09-29
2024092901016065,KBL,42,88,100.0,207.0,20700.0,2024-09-29
2024092901016064,KBL,51,88,200.0,207.0,41400.0,2024-09-29
2024092901016063,KBL,3,88,1000.0,207.0,207000.0,2024-09-29
2024092901016062,KBL,45,88,50.0,207.0,10350.0,2024-09-29
2024092901016061,KBL,55,88,1155.0,207.0,239085.0,2024-09-29
2024092904016865,NLG,26,34,46.0,1374.0,63204.0,2024-09-29
2024092901016060,KBL,55,22,1000.0,207.0,207000.0,2024-09-29
2024092904016864,SPDL,33,16,10.0,265.0,2650.0,2024-09-29
2024092903011432,GFCL,8,33,50.0,800.0,40000.0,2024-09-29
2024092903011431,GFCL,8,58,10.0,800.0,8000.0,2024-09-29
2024092905013352,GCIL,58,55,120.0,485.0,58200.0,2024-09-29
2024092905013351,GCIL,58,29,100.0,484.9,48490.0,2024-09-29
2024092905013350,GCIL,58,49,61.0,484.0,29524.0,2024-09-29
2024092901016059,CKHL,51,62,190.0,625.5,118845.0,2024-09-29
2024092901016058,CKHL,70,62,10.0,625.6,6256.0,2024-09-29
2024092904016863,UMHL,52,21,200.0,280.0,56000.0,2024-09-29
2024092904016862,UMHL,62,21,500.0,281.0,140500.0,2024-09-29
2024092905013349,HDL,42,45,17.0,1230.0,20910.0,2024-09-29
2024092905013348,HDL,58,45,31.0,1231.0,38161.0,2024-09-29
2024092905013347,HDL,45,45,117.0,1235.0,144495.0,2024-09-29
2024092904016861,SSHL,38,26,383.0,202.0,77366.0,2024-09-29
2024092901016057,SARBTM,57,42,50.0,729.0,36450.0,2024-09-29
2024092905013346,MBJC,57,56,38.0,323.0,12274.0,2024-09-29
2024092905013345,MBJC,57,34,20.0,323.0,6460.0,2024-09-29
2024092905013344,MBJC,57,39,232.0,323.0,74936.0,2024-09-29
2024092905013343,MBJC,57,51,10.0,322.9,3229.0,2024-09-29
2024092901016056,MEHL,57,14,120.0,359.8,43176.0,2024-09-29
2024092901016055,MEHL,57,95,80.0,358.7,28696.0,2024-09-29
2024092904016860,SALICO,60,21,11.0,739.0,8129.0,2024-09-29
2024092904016859,UPPER,39,47,71.0,198.0,14058.0,2024-09-29
2024092904016858,UPPER,45,47,53.0,198.0,10494.0,2024-09-29
2024092904016857,UPPER,22,47,100.0,198.0,19800.0,2024-09-29
2024092904016856,UPPER,65,47,40.0,198.0,7920.0,2024-09-29
2024092904016855,UPPER,42,47,50.0,198.0,9900.0,2024-09-29
2024092904016854,UPPER,53,47,20.0,198.0,3960.0,2024-09-29
2024092904016853,UPPER,58,47,500.0,198.0,99000.0,2024-09-29
2024092904016852,UPPER,49,47,25.0,198.0,4950.0,2024-09-29
2024092904016851,UPPER,63,47,41.0,198.0,8118.0,2024-09-29
2024092904016850,UPPER,56,47,50.0,198.1,9905.0,2024-09-29
2024092904016849,UPPER,47,47,50.0,198.3,9915.0,2024-09-29
2024092904016848,CHCL,21,25,55.0,544.0,29920.0,2024-09-29
2024092904016847,CHCL,89,25,10.0,544.0,5440.0,2024-09-29
2024092904016846,PPCL,49,32,10.0,244.0,2440.0,2024-09-29
2024092904016845,RADHI,32,32,559.0,349.0,195091.0,2024-09-29
2024092904016844,NLG,26,6,870.0,1373.0,1194510.0,2024-09-29
2024092901016054,MKHL,41,6,35.0,457.0,15995.0,2024-09-29
2024092903011430,NFS,58,98,10.0,1175.0,11750.0,2024-09-29
2024092903011429,NFS,32,98,90.0,1175.0,105750.0,2024-09-29
2024092901016053,GBIME,45,41,150.0,235.0,35250.0,2024-09-29
2024092905013342,NRM,59,77,10.0,410.0,4100.0,2024-09-29
2024092905013341,SHIVM,34,40,207.0,556.7,115236.9,2024-09-29
2024092905013340,SHIVM,34,19,553.0,555.0,306915.0,2024-09-29
2024092905013339,SHIVM,34,33,200.0,555.0,111000.0,2024-09-29
2024092905013338,SHIVM,34,50,40.0,555.0,22200.0,2024-09-29
2024092903011428,GFCL,8,34,50.0,800.0,40000.0,2024-09-29
2024092903011427,RLFL,25,22,100.0,512.0,51200.0,2024-09-29
2024092903011426,RLFL,17,22,20.0,513.5,10270.0,2024-09-29
2024092903011425,RLFL,34,22,40.0,514.0,20560.0,2024-09-29
2024092905013337,SONA,62,58,10.0,450.4,4504.0,2024-09-29
2024092901016052,SMHL,58,34,30.0,588.8,17664.0,2024-09-29
2024092904016843,MHNL,17,17,40.0,243.1,9724.0,2024-09-29
2024092904016842,MHNL,17,17,10.0,243.1,2431.0,2024-09-29
2024092904016841,MHNL,58,17,165.0,243.2,40128.0,2024-09-29
2024092904016840,MHNL,52,17,10.0,243.3,2433.0,2024-09-29
2024092904016839,MHNL,58,17,340.0,243.3,82722.0,2024-09-29
2024092903011424,PMLI,18,57,20.0,568.0,11360.0,2024-09-29
2024092905013336,HDL,45,41,11.0,1235.0,13585.0,2024-09-29
2024092905013335,HDL,45,34,15.0,1235.0,18525.0,2024-09-29
2024092904016838,SPDL,70,16,11.0,265.0,2915.0,2024-09-29
2024092903011423,MLBSL,5,54,10.0,1965.0,19650.0,2024-09-29
2024092904016837,API,57,83,100.0,280.2,28020.0,2024-09-29
2024092905013334,CLI,4,57,10.0,599.0,5990.0,2024-09-29
2024092905013333,HRL,49,4,250.0,750.0,187500.0,2024-09-29
2024092904016836,GHL,25,43,150.0,195.5,29325.0,2024-09-29
2024092903011422,KSBBL,66,32,100.0,455.6,45560.0,2024-09-29
2024092904016835,AKJCL,34,42,186.0,190.0,35340.0,2024-09-29
2024092904016834,AKJCL,34,8,200.0,190.0,38000.0,2024-09-29
2024092904016833,AKJCL,34,49,64.0,190.0,12160.0,2024-09-29
2024092904016832,AKJCL,34,34,50.0,189.9,9495.0,2024-09-29
2024092904016831,AKPL,44,48,500.0,213.0,106500.0,2024-09-29
2024092905013332,HRL,44,4,10.0,750.0,7500.0,2024-09-29
2024092904016830,SSHL,22,26,100.0,202.0,20200.0,2024-09-29
2024092904016829,UMRH,66,58,396.0,410.0,162360.0,2024-09-29
2024092904016828,UPPER,58,45,200.0,198.5,39700.0,2024-09-29
2024092905013331,HIDCL,58,45,135.0,246.0,33210.0,2024-09-29
2024092905013330,HIDCL,58,4,115.0,246.0,28290.0,2024-09-29
2024092904016827,HDHPC,45,16,87.0,186.0,16182.0,2024-09-29
2024092904016826,HDHPC,45,41,500.0,186.0,93000.0,2024-09-29
2024092904016825,HDHPC,45,17,200.0,186.0,37200.0,2024-09-29
2024092904016824,HDHPC,45,52,213.0,186.0,39618.0,2024-09-29
2024092901016051,AVYAN,28,54,10.0,848.0,8480.0,2024-09-29
2024092901016050,EHPL,38,61,200.0,736.0,147200.0,2024-09-29
2024092901016049,EHPL,38,61,300.0,736.0,220800.0,2024-09-29
2024092903011421,SFCL,49,55,15.0,509.0,7635.0,2024-09-29
2024092903011420,GMFIL,36,49,290.0,487.1,141259.0,2024-09-29
2024092903011419,GMFIL,56,49,10.0,487.2,4872.0,2024-09-29
2024092903011418,GMFIL,34,49,200.0,487.2,97440.0,2024-09-29
2024092904016823,RADHI,91,56,150.0,349.5,52425.0,2024-09-29
2024092905013329,HRL,19,4,20.0,750.0,15000.0,2024-09-29
2024092904016822,UMRH,66,59,604.0,410.0,247640.0,2024-09-29
2024092904016821,UAIL,41,49,100.0,617.0,61700.0,2024-09-29
2024092901016048,NABIL,41,41,100.0,542.0,54200.0,2024-09-29
2024092903011417,SMPDA,41,47,19.0,850.0,16150.0,2024-09-29
2024092901016047,SCB,69,7,20.0,679.0,13580.0,2024-09-29
2024092903011416,LICN,58,74,10.0,2099.0,20990.0,2024-09-29
2024092904016820,AHPC,36,58,200.0,249.7,49940.0,2024-09-29
2024092904016819,AHPC,39,58,200.0,249.7,49940.0,2024-09-29
2024092904016818,AHPC,72,58,10.0,249.7,2497.0,2024-09-29
2024092904016817,AHPC,57,58,210.0,249.7,52437.0,2024-09-29
2024092904016816,AHPC,62,58,2200.0,249.8,549560.0,2024-09-29
2024092904016815,AHPC,34,58,200.0,249.9,49980.0,2024-09-29
2024092903011415,SLBBL,35,16,33.0,946.0,31218.0,2024-09-29
2024092903011414,SLBBL,43,16,50.0,946.2,47310.0,2024-09-29
2024092903011413,SLBBL,58,16,50.0,946.5,47325.0,2024-09-29
2024092903011412,SLBBL,34,16,20.0,946.6,18932.0,2024-09-29
2024092903011411,SLBBL,36,16,10.0,950.0,9500.0,2024-09-29
2024092904016814,CHCL,45,45,15.0,545.0,8175.0,2024-09-29
2024092903011410,SLBSL,72,68,85.0,1380.0,117300.0,2024-09-29
2024092903011409,SLBSL,72,42,15.0,1379.0,20685.0,2024-09-29
2024092903011408,SLBSL,72,29,100.0,1378.9,137890.0,2024-09-29
2024092904016813,SHEL,13,42,250.0,226.0,56500.0,2024-09-29
2024092904016812,SHEL,13,52,22.0,226.0,4972.0,2024-09-29
2024092904016811,NGPL,16,57,346.0,412.0,142552.0,2024-09-29
2024092904016810,NGPL,19,57,100.0,412.0,41200.0,2024-09-29
2024092904016809,NGPL,58,57,19.0,412.0,7828.0,2024-09-29
2024092904016808,NGPL,44,57,1935.0,412.1,797413.5,2024-09-29
2024092905013328,NRM,59,45,50.0,410.0,20500.0,2024-09-29
2024092904016807,RURU,82,59,480.0,805.7,386736.0,2024-09-29
2024092904016806,RURU,58,59,40.0,805.8,32232.0,2024-09-29
2024092905013327,ILI,14,49,12.0,462.7,5552.4,2024-09-29
2024092901016046,BHPL,49,49,20.0,666.0,13320.0,2024-09-29
2024092904016805,TRH,91,45,94.0,1017.0,95598.0,2024-09-29
2024092904016804,TRH,91,8,150.0,1016.0,152400.0,2024-09-29
2024092904016803,TRH,91,99,10.0,1015.0,10150.0,2024-09-29
2024092903011407,SINDU,88,45,10.0,567.0,5670.0,2024-09-29
2024092901016045,NICA,32,41,70.0,436.0,30520.0,2024-09-29
2024092901016044,MEHL,33,95,10.0,358.7,3587.0,2024-09-29
2024092901016043,BHDC,57,62,12.0,544.7,6536.4,2024-09-29
2024092905013326,HIDCL,54,4,25.0,246.0,6150.0,2024-09-29
2024092905013325,VLUCL,60,36,20.0,557.1,11142.0,2024-09-29
2024092904016802,API,52,13,100.0,280.1,28010.0,2024-09-29
2024092905013324,MEL,5,17,500.0,270.0,135000.0,2024-09-29
2024092904016801,API,5,8,200.0,280.3,56060.0,2024-09-29
2024092904016800,SJCL,44,90,200.0,303.0,60600.0,2024-09-29
2024092904016799,SJCL,6,90,10.0,303.0,3030.0,2024-09-29
2024092901016042,SARBTM,42,42,10.0,729.0,7290.0,2024-09-29
2024092901016041,SARBTM,42,42,550.0,730.0,401500.0,2024-09-29
2024092901016040,SARBTM,42,42,50.0,731.0,36550.0,2024-09-29
2024092901016039,SARBTM,58,42,118.0,734.0,86612.0,2024-09-29
2024092903011406,MLBSL,16,56,10.0,1960.0,19600.0,2024-09-29
2024092904016798,NLG,26,6,10.0,1373.0,13730.0,2024-09-29
2024092903011405,MFIL,4,6,20.0,608.4,12168.0,2024-09-29
2024092903011404,MFIL,57,6,490.0,608.4,298116.0,2024-09-29
2024092903011403,MFIL,11,6,100.0,608.5,60850.0,2024-09-29
2024092903011402,LBBL,34,43,270.0,436.2,117774.0,2024-09-29
2024092903011401,LBBL,43,43,50.0,436.3,21815.0,2024-09-29
2024092903011400,LBBL,49,43,140.0,436.4,61096.0,2024-09-29
2024092903011399,LBBL,45,43,40.0,436.5,17460.0,2024-09-29
2024092904016797,SHEL,22,52,42.0,226.0,9492.0,2024-09-29
2024092901016038,MAKAR,57,33,1000.0,432.2,432200.0,2024-09-29
2024092901016037,MAKAR,42,33,100.0,432.2,43220.0,2024-09-29
2024092901016036,MAKAR,59,33,50.0,432.3,21615.0,2024-09-29
2024092901016035,MAKAR,26,33,200.0,433.0,86600.0,2024-09-29
2024092901016034,MAKAR,4,33,200.0,433.1,86620.0,2024-09-29
2024092901016033,MAKAR,58,33,200.0,433.2,86640.0,2024-09-29
2024092901016032,MAKAR,34,33,100.0,433.3,43330.0,2024-09-29
2024092904016796,UMHL,52,7,116.0,280.0,32480.0,2024-09-29
2024092904016795,UMHL,16,7,25.0,280.0,7000.0,2024-09-29
2024092904016794,UMHL,74,7,146.0,280.0,40880.0,2024-09-29
2024092904016793,RHPL,94,16,20.0,351.0,7020.0,2024-09-29
2024092903011398,SHINE,46,50,100.0,452.0,45200.0,2024-09-29
2024092903011397,NFS,32,28,10.0,1175.0,11750.0,2024-09-29
2024092904016792,API,80,57,100.0,280.2,28020.0,2024-09-29
2024092903011396,MDB,49,1,10.0,603.0,6030.0,2024-09-29
2024092904016791,GHL,32,6,200.0,195.1,39020.0,2024-09-29
2024092904016790,SGIC,44,34,263.0,615.2,161797.6,2024-09-29
2024092904016789,SGIC,32,34,40.0,615.2,24608.0,2024-09-29
2024092904016788,SGIC,38,34,177.0,616.0,109032.0,2024-09-29
2024092903011395,SJLIC,34,58,10.0,452.0,4520.0,2024-09-29
2024092903011394,SJLIC,34,4,10.0,451.9,4519.0,2024-09-29
2024092903011393,SAPDBL,65,55,315.0,504.1,158791.5,2024-09-29
2024092903011392,KRBL,54,32,50.0,536.0,26800.0,2024-09-29
2024092903011391,SKBBL,34,58,50.0,882.0,44100.0,2024-09-29
2024092903011390,JFL,58,10,11.0,527.0,5797.0,2024-09-29
2024092903011389,JFL,58,33,50.0,526.0,26300.0,2024-09-29
2024092903011388,JFL,58,57,26.0,526.0,13676.0,2024-09-29
2024092903011387,MATRI,5,59,14.0,1418.0,19852.0,2024-09-29
2024092903011386,JFL,5,57,14.0,526.0,7364.0,2024-09-29
2024092903011385,PFL,65,57,30.0,533.1,15993.0,2024-09-29
2024092905013323,NRIC,44,59,10.0,740.0,7400.0,2024-09-29
2024092901016031,MKJC,57,51,215.0,414.0,89010.0,2024-09-29
2024092904016787,SHPC,51,59,243.0,475.0,115425.0,2024-09-29
2024092904016786,SHPC,51,34,107.0,475.0,50825.0,2024-09-29
2024092904016785,SHPC,51,42,150.0,474.9,71235.0,2024-09-29
2024092905013322,CIT,59,49,20.0,2090.0,41800.0,2024-09-29
2024092905013321,CIT,41,49,27.0,2090.2,56435.4,2024-09-29
2024092905013320,GCIL,49,49,89.0,484.0,43076.0,2024-09-29
2024092905013319,GCIL,49,22,11.0,483.5,5318.5,2024-09-29
2024092905013318,HRL,49,4,10.0,750.0,7500.0,2024-09-29
2024092901016030,RHGCL,32,13,40.0,371.2,14848.0,2024-09-29
2024092901016029,RHGCL,32,45,200.0,370.0,74000.0,2024-09-29
2024092901016028,RHGCL,32,22,10.0,370.0,3700.0,2024-09-29
2024092901016027,RHGCL,32,32,200.0,369.2,73840.0,2024-09-29
2024092901016026,RHGCL,32,42,50.0,369.2,18460.0,2024-09-29
2024092901016025,RHGCL,32,42,200.0,369.0,73800.0,2024-09-29
2024092905013317,NIFRA,52,34,785.0,260.0,204100.0,2024-09-29
2024092905013316,NIFRA,52,34,15.0,259.9,3898.5,2024-09-29
2024092905013315,MEL,6,17,150.0,270.0,40500.0,2024-09-29
2024092901016024,EHPL,38,40,200.0,736.0,147200.0,2024-09-29
2024092901016023,EHPL,38,40,300.0,736.0,220800.0,2024-09-29
2024092903011384,SLBSL,66,34,20.0,1365.5,27310.0,2024-09-29
2024092903011383,SLBSL,66,34,20.0,1365.5,27310.0,2024-09-29
2024092905013314,SMJC,45,62,28.0,528.0,14784.0,2024-09-29
2024092905013313,SMJC,52,62,100.0,529.0,52900.0,2024-09-29
2024092905013312,SMJC,6,62,1000.0,529.0,529000.0,2024-09-29
2024092905013311,SMJC,41,62,100.0,530.0,53000.0,2024-09-29
2024092905013310,SMJC,58,62,72.0,530.0,38160.0,2024-09-29
2024092905013309,SMJC,45,62,50.0,531.0,26550.0,2024-09-29
2024092905013308,SMJC,58,62,150.0,532.0,79800.0,2024-09-29
2024092904016784,UPCL,11,58,100.0,238.0,23800.0,2024-09-29
2024092901016022,USHEC,6,17,10.0,436.0,4360.0,2024-09-29
2024092901016021,HHL,14,16,10.0,430.0,4300.0,2024-09-29
2024092904016783,NLG,39,36,40.0,1372.0,54880.0,2024-09-29
2024092904016782,NLG,32,36,30.0,1372.0,41160.0,2024-09-29
2024092904016781,NLG,21,36,10.0,1372.1,13721.0,2024-09-29
2024092904016780,NLG,21,36,10.0,1372.2,13722.0,2024-09-29
2024092904016779,NLG,39,36,200.0,1372.3,274460.0,2024-09-29
2024092904016778,NLG,21,36,10.0,1372.3,13723.0,2024-09-29
2024092903011382,MLBSL,58,54,10.0,1965.0,19650.0,2024-09-29
2024092901016020,JBLB,10,56,10.0,1448.0,14480.0,2024-09-29
2024092901016019,CYCL,60,47,49.0,1532.0,75068.0,2024-09-29
2024092901016018,CYCL,60,42,25.0,1530.0,38250.0,2024-09-29
2024092901016017,CYCL,60,7,26.0,1524.0,39624.0,2024-09-29
2024092904016777,KKHC,19,57,184.0,256.0,47104.0,2024-09-29
2024092904016776,KKHC,58,57,16.0,257.0,4112.0,2024-09-29
2024092905013307,NRM,57,45,50.0,410.0,20500.0,2024-09-29
2024092905013306,NRM,57,25,10.0,410.0,4100.0,2024-09-29
2024092905013305,NRM,57,57,10.0,409.0,4090.0,2024-09-29
2024092901016016,GVL,57,25,10.0,517.0,5170.0,2024-09-29
2024092903011381,MERO,1,57,10.0,713.0,7130.0,2024-09-29
2024092904016775,GLH,42,36,10.0,226.0,2260.0,2024-09-29
2024092904016774,GLH,42,35,1502.0,225.5,338701.0,2024-09-29
2024092903011380,NFS,29,17,20.0,1176.0,23520.0,2024-09-29
2024092901016015,BHPL,34,49,22.0,666.0,14652.0,2024-09-29
2024092901016014,BHPL,38,49,100.0,666.0,66600.0,2024-09-29
2024092905013304,NRIC,44,49,53.0,740.0,39220.0,2024-09-29
2024092901016013,ULBSL,49,35,11.0,2996.0,32956.0,2024-09-29
2024092901016012,PCBL,19,42,250.0,264.1,66025.0,2024-09-29
2024092905013303,HRL,32,4,50.0,750.0,37500.0,2024-09-29
2024092903011379,NFS,53,17,50.0,1176.0,58800.0,2024-09-29
2024092903011378,DDBL,6,22,10.0,850.5,8505.0,2024-09-29
2024092903011377,NLICL,34,38,90.0,573.9,51651.0,2024-09-29
2024092903011376,NLICL,34,49,10.0,573.9,5739.0,2024-09-29
2024092901016011,SNLI,8,22,12.0,545.1,6541.2,2024-09-29
2024092904016773,AKJCL,33,49,100.0,190.0,19000.0,2024-09-29
2024092905013302,GCIL,16,55,10.0,483.0,4830.0,2024-09-29
2024092903011375,KSBBL,66,14,500.0,455.6,227800.0,2024-09-29
2024092904016772,AKJCL,50,49,46.0,190.0,8740.0,2024-09-29
2024092904016771,AKJCL,50,14,54.0,190.0,10260.0,2024-09-29
2024092901016010,NBL,45,35,500.0,262.0,131000.0,2024-09-29
2024092905013301,SONA,42,59,70.0,450.0,31500.0,2024-09-29
2024092905013300,SONA,1,59,30.0,450.0,13500.0,2024-09-29
2024092903011374,MDB,42,1,190.0,603.0,114570.0,2024-09-29
2024092905013299,MEL,29,17,800.0,270.0,216000.0,2024-09-29
2024092905013298,SHIVM,42,50,50.0,555.0,27750.0,2024-09-29
2024092905013297,SHIVM,42,57,100.0,554.9,55490.0,2024-09-29
2024092903011373,ICFC,16,42,90.0,640.3,57627.0,2024-09-29
2024092901016009,IHL,32,26,17.0,502.0,8534.0,2024-09-29
2024092901016008,IHL,32,66,10.0,502.0,5020.0,2024-09-29
2024092901016007,IHL,32,45,300.0,501.0,150300.0,2024-09-29
2024092901016006,IHL,32,44,200.0,500.0,100000.0,2024-09-29
2024092901016005,IHL,32,63,90.0,499.0,44910.0,2024-09-29
2024092901016004,IHL,32,66,370.0,487.0,180190.0,2024-09-29
2024092901016003,IHL,32,94,733.0,478.0,350374.0,2024-09-29
2024092901016002,IHL,32,34,50.0,477.9,23895.0,2024-09-29
2024092901016001,IHL,32,1,200.0,471.2,94240.0,2024-09-29
2024092901016000,IHL,32,54,20.0,470.0,9400.0,2024-09-29
2024092901015999,IHL,32,18,10.0,470.0,4700.0,2024-09-29
2024092904016770,SHEL,7,52,20.0,226.0,4520.0,2024-09-29
2024092904016769,NLG,39,6,100.0,1373.1,137310.0,2024-09-29
2024092904016768,NLG,6,6,20.0,1374.1,27482.0,2024-09-29
2024092904016767,SHEL,7,44,100.0,226.0,22600.0,2024-09-29
2024092904016766,SHEL,7,34,80.0,226.0,18080.0,2024-09-29
2024092905013296,HRL,58,4,50.0,750.0,37500.0,2024-09-29
2024092901015998,SARBTM,58,38,22.0,733.9,16145.8,2024-09-29
2024092901015997,CKHL,70,70,70.0,625.6,43792.0,2024-09-29
2024092903011372,GFCL,8,57,220.0,800.0,176000.0,2024-09-29
2024092903011371,GFCL,41,57,50.0,800.1,40005.0,2024-09-29
2024092903011370,GFCL,99,57,410.0,800.1,328041.0,2024-09-29
2024092901015996,NMB,56,57,350.0,245.0,85750.0,2024-09-29
2024092905013295,HRL,42,4,10.0,750.0,7500.0,2024-09-29
2024092901015995,NICA,42,50,40.0,437.0,17480.0,2024-09-29
2024092904016765,HPPL,42,42,42.0,293.0,12306.0,2024-09-29
2024092904016764,HPPL,42,42,100.0,293.1,29310.0,2024-09-29
2024092903011369,MPFL,32,48,15.0,590.0,8850.0,2024-09-29
2024092903011368,MPFL,42,48,50.0,590.0,29500.0,2024-09-29
2024092903011367,MPFL,35,48,20.0,590.0,11800.0,2024-09-29
2024092901015994,PRVU,94,88,2727.0,226.1,616574.7,2024-09-29
2024092901015993,PRVU,44,88,500.0,226.1,113050.0,2024-09-29
2024092901015992,PRVU,57,88,100.0,226.1,22610.0,2024-09-29
2024092901015991,PRVU,45,88,200.0,226.1,45220.0,2024-09-29
2024092901015990,PRVU,58,88,100.0,226.2,22620.0,2024-09-29
2024092901015989,PRVU,57,88,100.0,226.2,22620.0,2024-09-29
2024092901015988,PRVU,49,88,651.0,226.2,147256.2,2024-09-29
2024092901015987,PRVU,57,88,100.0,226.5,22650.0,2024-09-29
2024092901015986,PRVU,42,88,500.0,226.5,113250.0,2024-09-29
2024092901015985,PRVU,78,88,22.0,226.5,4983.0,2024-09-29
2024092904016763,NIL,50,35,17.0,893.0,15181.0,2024-09-29
2024092904016762,RADHI,32,26,105.0,349.0,36645.0,2024-09-29
2024092904016761,HDHPC,41,52,10.0,186.0,1860.0,2024-09-29
2024092901015984,JBLB,55,19,10.0,1448.0,14480.0,2024-09-29
2024092901015983,PRVU,62,11,10.0,227.0,2270.0,2024-09-29
2024092903011366,NFS,45,17,10.0,1176.0,11760.0,2024-09-29
2024092903011365,NFS,45,17,20.0,1176.0,23520.0,2024-09-29
2024092903011364,NFS,35,17,10.0,1176.0,11760.0,2024-09-29
2024092903011363,NFS,38,17,100.0,1176.0,117600.0,2024-09-29
2024092903011362,NFS,13,17,17.0,1176.0,19992.0,2024-09-29
2024092903011361,NFS,1,17,10.0,1176.0,11760.0,2024-09-29
2024092903011360,NFS,6,17,20.0,1176.0,23520.0,2024-09-29
2024092903011359,NFS,58,17,10.0,1176.0,11760.0,2024-09-29
2024092903011358,NFS,50,17,100.0,1176.0,117600.0,2024-09-29
2024092903011357,NFS,7,17,10.0,1176.0,11760.0,2024-09-29
2024092903011356,NFS,22,17,10.0,1176.0,11760.0,2024-09-29
2024092903011355,NFS,49,17,10.0,1176.0,11760.0,2024-09-29
2024092903011354,NFS,22,17,50.0,1176.0,58800.0,2024-09-29
2024092903011353,NFS,28,17,10.0,1176.0,11760.0,2024-09-29
2024092903011352,NFS,54,17,10.0,1176.0,11760.0,2024-09-29
2024092905013294,HDL,17,58,10.0,1235.0,12350.0,2024-09-29
2024092905013293,HDL,17,42,30.0,1235.0,37050.0,2024-09-29
2024092905013292,HDL,17,49,10.0,1235.0,12350.0,2024-09-29
2024092901015982,PRVU,14,11,30.0,227.0,6810.0,2024-09-29
2024092901015981,PRVU,14,83,70.0,227.0,15890.0,2024-09-29
2024092905013291,MBJC,19,58,40.0,322.0,12880.0,2024-09-29
2024092905013290,PHCL,58,13,400.0,316.9,126760.0,2024-09-29
2024092903011351,CFCL,49,25,50.0,500.2,25010.0,2024-09-29
2024092901015980,UHEWA,25,58,290.0,435.0,126150.0,2024-09-29
2024092901015979,MCHL,42,59,100.0,480.0,48000.0,2024-09-29
2024092901015978,MCHL,42,76,10.0,480.0,4800.0,2024-09-29
2024092901015977,HBL,21,35,23.0,240.0,5520.0,2024-09-29
2024092904016760,API,53,8,10.0,280.3,2803.0,2024-09-29
2024092903011350,GMFIL,40,65,10.0,496.0,4960.0,2024-09-29
2024092903011349,SMFBS,71,43,10.0,1400.0,14000.0,2024-09-29
2024092903011348,SMFBS,17,43,50.0,1402.3,70115.0,2024-09-29
2024092903011347,SMFBS,26,43,80.0,1402.4,112192.0,2024-09-29
2024092903011346,SMFBS,63,43,10.0,1405.0,14050.0,2024-09-29
2024092901015976,MMKJL,65,58,10.0,485.0,4850.0,2024-09-29
2024092905013289,SAHAS,13,39,300.0,456.0,136800.0,2024-09-29
2024092905013288,SAHAS,59,39,100.0,456.0,45600.0,2024-09-29
2024092904016759,NGPL,44,34,65.0,412.1,26786.5,2024-09-29
2024092904016758,NGPL,58,34,65.0,412.2,26793.0,2024-09-29
2024092904016757,RHPL,45,13,100.0,350.4,35040.0,2024-09-29
2024092903011345,GFCL,99,25,90.0,800.1,72009.0,2024-09-29
2024092903011344,GFCL,59,25,10.0,800.1,8001.0,2024-09-29
2024092901015975,MLBS,61,57,10.0,1525.0,15250.0,2024-09-29
2024092901015974,MLBS,34,57,50.0,1525.0,76250.0,2024-09-29
2024092901015973,MLBS,38,57,10.0,1525.0,15250.0,2024-09-29
2024092901015972,MLBS,41,57,20.0,1525.0,30500.0,2024-09-29
2024092901015971,MLBS,67,57,31.0,1525.0,47275.0,2024-09-29
2024092901015970,KBL,57,58,10.0,207.1,2071.0,2024-09-29
2024092901015969,MEHL,26,32,184.0,347.9,64013.6,2024-09-29
2024092901015968,MEHL,55,32,10.0,347.9,3479.0,2024-09-29
2024092901015967,MEHL,16,32,100.0,348.0,34800.0,2024-09-29
2024092901015966,MEHL,47,32,100.0,348.0,34800.0,2024-09-29
2024092901015965,MEHL,48,32,76.0,348.0,26448.0,2024-09-29
2024092904016756,AKJCL,77,14,40.0,190.0,7600.0,2024-09-29
2024092904016755,RADHI,32,6,336.0,349.0,117264.0,2024-09-29
2024092904016754,RADHI,66,6,100.0,349.0,34900.0,2024-09-29
2024092905013287,SAHAS,4,43,200.0,457.0,91400.0,2024-09-29
2024092905013286,SAHAS,42,43,19.0,457.0,8683.0,2024-09-29
2024092903011343,EDBL,65,35,10.0,616.0,6160.0,2024-09-29
2024092901015964,SPL,39,49,10.0,815.0,8150.0,2024-09-29
2024092901015963,SPL,39,58,10.0,815.0,8150.0,2024-09-29
2024092901015962,SPL,39,21,10.0,810.0,8100.0,2024-09-29
2024092901015961,SPL,39,41,10.0,809.9,8099.0,2024-09-29
2024092901015960,SPL,39,91,100.0,809.9,80990.0,2024-09-29
2024092901015959,SPL,39,63,90.0,809.0,72810.0,2024-09-29
2024092905013285,HIDCL,34,4,50.0,246.0,12300.0,2024-09-29
2024092905013284,GCIL,16,36,161.0,483.0,77763.0,2024-09-29
2024092904016753,JOSHI,18,48,300.0,272.0,81600.0,2024-09-29
2024092904016752,JOSHI,18,34,10.0,270.0,2700.0,2024-09-29
2024092904016751,SHPC,58,5,50.0,474.0,23700.0,2024-09-29
2024092905013283,NIFRA,54,45,64.0,258.1,16518.4,2024-09-29
2024092904016750,UPPER,63,38,209.0,198.0,41382.0,2024-09-29
2024092904016749,UPPER,36,38,466.0,198.0,92268.0,2024-09-29
2024092904016748,UPPER,57,38,25.0,198.3,4957.5,2024-09-29
2024092904016747,UPPER,28,38,300.0,198.3,59490.0,2024-09-29
2024092903011342,NFS,57,25,50.0,1177.0,58850.0,2024-09-29
2024092901015958,RFPL,66,56,490.0,506.8,248332.0,2024-09-29
2024092904016746,CGH,19,42,10.0,865.0,8650.0,2024-09-29
2024092903011341,SIFC,19,57,10.0,509.0,5090.0,2024-09-29
2024092903011340,MDB,35,17,20.0,603.5,12070.0,2024-09-29
2024092903011339,NADEP,65,14,69.0,1013.8,69952.2,2024-09-29
2024092903011338,NADEP,65,4,20.0,1013.8,20276.0,2024-09-29
2024092903011337,NADEP,65,33,11.0,1013.8,11151.8,2024-09-29
2024092901015957,SPC,42,34,130.0,519.3,67509.0,2024-09-29
2024092901015956,SPC,33,34,70.0,519.4,36358.0,2024-09-29
2024092903011336,GFCL,59,45,20.0,800.1,16002.0,2024-09-29
2024092901015955,TPC,38,42,20.0,420.0,8400.0,2024-09-29
2024092904016745,API,82,8,250.0,280.3,70075.0,2024-09-29
2024092904016744,API,32,8,100.0,280.3,28030.0,2024-09-29
2024092904016743,API,96,8,200.0,280.3,56060.0,2024-09-29
2024092904016742,API,17,8,50.0,280.3,14015.0,2024-09-29
2024092904016741,API,33,8,563.0,280.3,157808.9,2024-09-29
2024092903011335,SJLIC,49,51,10.0,451.9,4519.0,2024-09-29
2024092905013282,ENL,42,44,10.0,1070.0,10700.0,2024-09-29
2024092904016740,RURU,47,26,237.0,806.0,191022.0,2024-09-29
2024092903011334,JBBL,35,41,150.0,322.5,48375.0,2024-09-29
2024092905013281,HRL,39,4,200.0,750.0,150000.0,2024-09-29
2024092903011333,SMB,55,56,16.0,1748.0,27968.0,2024-09-29
2024092901015954,MANDU,65,14,70.0,836.2,58534.0,2024-09-29
2024092901015953,MANDU,42,14,30.0,836.3,25089.0,2024-09-29
2024092905013280,ILI,54,49,100.0,463.0,46300.0,2024-09-29
2024092901015952,HIDCLP,36,59,100.0,158.0,15800.0,2024-09-29
2024092901015951,MANDU,58,34,36.0,838.0,30168.0,2024-09-29
2024092901015950,MANDU,42,58,20.0,836.3,16726.0,2024-09-29
2024092901015949,SDBD87,45,45,25.0,1025.0,25625.0,2024-09-29
2024092904016739,SPDL,49,90,200.0,263.5,52700.0,2024-09-29
2024092905013279,MMF1,25,45,100.0,8.0,800.0,2024-09-29
2024092901015948,PCBL,57,25,200.0,264.0,52800.0,2024-09-29
2024092903011332,ILBS,5,57,21.0,910.0,19110.0,2024-09-29
2024092903011331,ILBS,17,57,100.0,910.0,91000.0,2024-09-29
2024092903011330,ILBS,46,57,10.0,910.1,9101.0,2024-09-29
2024092903011329,ILBS,45,57,69.0,913.7,63045.3,2024-09-29
2024092903011328,WNLB,53,29,10.0,2676.1,26761.0,2024-09-29
2024092904016738,NHPC,4,49,50.0,198.5,9925.0,2024-09-29
2024092901015947,SNLI,8,32,10.0,545.1,5451.0,2024-09-29
2024092903011327,SAPDBL,52,55,10.0,505.0,5050.0,2024-09-29
2024092903011326,FMDBL,63,22,20.0,721.8,14436.0,2024-09-29
2024092903011325,FMDBL,63,45,100.0,721.0,72100.0,2024-09-29
2024092903011324,FMDBL,63,22,50.0,720.9,36045.0,2024-09-29
2024092903011323,FMDBL,63,11,300.0,720.0,216000.0,2024-09-29
2024092903011322,FMDBL,63,57,20.0,720.0,14400.0,2024-09-29
2024092903011321,FMDBL,63,50,10.0,717.5,7175.0,2024-09-29
2024092903011320,SAPDBL,41,55,175.0,505.0,88375.0,2024-09-29
2024092903011319,JFL,7,83,46.0,525.0,24150.0,2024-09-29
2024092904016737,SHEL,46,34,20.0,226.0,4520.0,2024-09-29
2024092905013278,SONA,26,58,500.0,450.2,225100.0,2024-09-29
2024092904016736,HDHPC,58,52,20.0,186.0,3720.0,2024-09-29
2024092901015946,CKHL,70,58,10.0,625.6,6256.0,2024-09-29
2024092903011318,SFCL,45,8,40.0,507.1,20284.0,2024-09-29
2024092901015945,MHCL,57,44,10.0,379.0,3790.0,2024-09-29
2024092901015944,MHCL,57,42,10.0,374.0,3740.0,2024-09-29
2024092905013277,HIDCL,48,4,10.0,246.0,2460.0,2024-09-29
2024092905013276,HIDCL,48,1,30.0,246.0,7380.0,2024-09-29
2024092903011317,NMLBBL,4,22,10.0,726.0,7260.0,2024-09-29
2024092901015943,MHCL,5,52,10.0,373.0,3730.0,2024-09-29
2024092904016735,MHNL,49,49,10.0,247.0,2470.0,2024-09-29
2024092901015942,KBSH,44,17,10.0,1899.6,18996.0,2024-09-29
2024092901015941,MKHL,57,6,15.0,462.0,6930.0,2024-09-29
2024092903011316,RLFL,34,39,10.0,514.0,5140.0,2024-09-29
2024092903011315,RLFL,34,39,90.0,514.5,46305.0,2024-09-29
2024092903011314,NFS,54,62,50.0,1176.0,58800.0,2024-09-29
2024092903011313,SHINE,34,21,50.0,454.0,22700.0,2024-09-29
2024092901015940,BHPL,55,49,80.0,667.0,53360.0,2024-09-29
2024092905013275,CHDC,69,8,21.0,1570.0,32970.0,2024-09-29
2024092903011312,NFS,21,25,30.0,1177.0,35310.0,2024-09-29
2024092903011311,NFS,54,87,10.0,1176.0,11760.0,2024-09-29
2024092903011310,JBBL,26,38,380.0,322.1,122398.0,2024-09-29
2024092903011309,JBBL,57,38,200.0,322.3,64460.0,2024-09-29
2024092904016734,UAIL,58,49,20.0,617.0,12340.0,2024-09-29
2024092901015939,NICA,32,8,308.0,436.0,134288.0,2024-09-29
2024092901015938,UHEWA,43,59,100.0,432.2,43220.0,2024-09-29
2024092903011308,NFS,54,57,30.0,1176.0,35280.0,2024-09-29
2024092901015937,TSHL,29,69,10.0,749.9,7499.0,2024-09-29
2024092901015936,TSHL,29,58,10.0,740.0,7400.0,2024-09-29
2024092903011307,NICLBSL,48,16,30.0,666.0,19980.0,2024-09-29
2024092903011306,NICLBSL,48,38,10.0,666.0,6660.0,2024-09-29
2024092903011305,NICLBSL,48,41,63.0,666.0,41958.0,2024-09-29
2024092903011304,NICLBSL,48,6,10.0,665.0,6650.0,2024-09-29
2024092903011303,NABBC,42,34,10.0,540.0,5400.0,2024-09-29
2024092905013274,HDL,49,49,40.0,1235.0,49400.0,2024-09-29
2024092905013273,HDL,49,17,10.0,1234.0,12340.0,2024-09-29
2024092903011302,MFIL,33,22,10.0,609.0,6090.0,2024-09-29
2024092905013272,NRN,14,49,210.0,882.0,185220.0,2024-09-29
2024092903011301,SAPDBL,65,28,191.0,504.1,96283.1,2024-09-29
2024092903011300,SAPDBL,32,28,100.0,504.2,50420.0,2024-09-29
2024092903011299,SAPDBL,42,28,39.0,504.2,19663.8,2024-09-29
2024092904016733,SHEL,38,34,100.0,226.0,22600.0,2024-09-29
2024092904016732,UPPER,36,38,534.0,198.0,105732.0,2024-09-29
2024092904016731,UPPER,21,38,393.0,198.0,77814.0,2024-09-29
2024092904016730,UPPER,58,38,25.0,198.0,4950.0,2024-09-29
2024092904016729,UPPER,46,38,180.0,198.0,35640.0,2024-09-29
2024092904016728,UPPER,44,38,100.0,198.0,19800.0,2024-09-29
2024092904016727,UPPER,34,38,38.0,198.0,7524.0,2024-09-29
2024092904016726,UPPER,22,38,15.0,198.1,2971.5,2024-09-29
2024092904016725,UPPER,13,38,215.0,198.1,42591.5,2024-09-29
2024092904016724,HDHPC,58,52,20.0,186.0,3720.0,2024-09-29
2024092905013271,CHDC,19,8,30.0,1570.0,47100.0,2024-09-29
2024092905013270,CHDC,26,8,310.0,1570.1,486731.0,2024-09-29
2024092905013269,CHDC,54,8,50.0,1570.2,78510.0,2024-09-29
2024092905013268,CHDC,40,8,50.0,1571.1,78555.0,2024-09-29
2024092905013267,CHDC,50,8,10.0,1571.2,15712.0,2024-09-29
2024092904016723,UPPER,59,45,100.0,198.5,19850.0,2024-09-29
2024092904016722,UPPER,59,57,200.0,198.3,39660.0,2024-09-29
2024092903011298,SFCL,45,48,50.0,507.1,25355.0,2024-09-29
2024092905013266,HRL,42,4,50.0,750.0,37500.0,2024-09-29
2024092904016721,API,4,38,345.0,280.5,96772.5,2024-09-29
2024092901015935,PRVU,78,26,200.0,226.5,45300.0,2024-09-29
2024092901015934,IHL,26,34,70.0,469.9,32893.0,2024-09-29
2024092901015933,IHL,26,38,210.0,469.0,98490.0,2024-09-29
2024092901015932,IHL,26,66,20.0,457.6,9152.0,2024-09-29
2024092901015931,SNLI,35,14,2.0,545.4,1090.8,2024-09-29
2024092904016720,CGH,49,42,390.0,865.0,337350.0,2024-09-29
2024092901015930,PCBL,41,42,300.0,264.1,79230.0,2024-09-29
2024092901015929,MEHL,48,33,10.0,348.0,3480.0,2024-09-29
2024092901015928,SMHL,6,34,70.0,588.8,41216.0,2024-09-29
2024092901015927,BEDC,7,54,10.0,430.0,4300.0,2024-09-29
2024092901015926,BEDC,7,49,10.0,430.0,4300.0,2024-09-29
2024092901015925,BEDC,7,38,30.0,429.0,12870.0,2024-09-29
2024092905013265,CIT,43,11,15.0,2090.2,31353.0,2024-09-29
2024092904016719,SICL,17,29,100.0,789.0,78900.0,2024-09-29
2024092904016718,RURU,47,45,200.0,806.0,161200.0,2024-09-29
2024092903011297,SFCL,42,58,10.0,507.2,5072.0,2024-09-29
2024092903011296,SFCL,42,58,10.0,507.2,5072.0,2024-09-29
2024092904016717,AHPC,62,19,800.0,249.8,199840.0,2024-09-29
2024092901015924,JBLB,49,4,25.0,1430.0,35750.0,2024-09-29
2024092901015923,JBLB,45,4,50.0,1430.0,71500.0,2024-09-29
2024092901015922,JBLB,47,4,10.0,1430.0,14300.0,2024-09-29
2024092901015921,JBLB,58,4,13.0,1430.5,18596.5,2024-09-29
2024092901015920,JBLB,77,4,10.0,1431.0,14310.0,2024-09-29
2024092901015919,SMHL,49,57,10.0,597.0,5970.0,2024-09-29
2024092901015918,SMHL,49,55,10.0,595.0,5950.0,2024-09-29
2024092904016716,NLG,39,6,299.0,1374.0,410826.0,2024-09-29
2024092901015917,CYCL,77,33,18.0,1507.0,27126.0,2024-09-29
2024092901015916,CYCL,16,33,40.0,1508.0,60320.0,2024-09-29
2024092903011295,NLICL,34,49,10.0,573.9,5739.0,2024-09-29
2024092903011294,LBBL,49,34,60.0,436.4,26184.0,2024-09-29
2024092904016715,AHPC,36,3,663.0,250.0,165750.0,2024-09-29
2024092904016714,AHPC,36,74,100.0,250.0,25000.0,2024-09-29
2024092904016713,AHPC,36,39,237.0,250.0,59250.0,2024-09-29
2024092903011293,MNBBL,32,18,200.0,369.0,73800.0,2024-09-29
2024092905013264,RNLI,38,35,11.0,467.9,5146.9,2024-09-29
2024092903011292,WNLB,38,26,10.0,2690.0,26900.0,2024-09-29
2024092904016712,RURU,47,90,61.0,806.0,49166.0,2024-09-29
2024092904016711,RURU,55,90,30.0,806.0,24180.0,2024-09-29
2024092904016710,RURU,19,90,409.0,806.0,329654.0,2024-09-29
2024092904016709,NLG,39,45,50.0,1374.0,68700.0,2024-09-29
2024092904016708,SHPC,58,42,50.0,474.9,23745.0,2024-09-29
2024092901015915,HHL,58,16,10.0,430.0,4300.0,2024-09-29
2024092901015914,RAWA,58,6,40.0,666.0,26640.0,2024-09-29
2024092903011291,GBBL,48,34,200.0,421.9,84380.0,2024-09-29
2024092905013263,HATHY,65,49,20.0,1260.0,25200.0,2024-09-29
2024092903011290,FMDBL,65,63,500.0,717.2,358600.0,2024-09-29
2024092901015913,SCB,69,8,99.0,679.0,67221.0,2024-09-29
2024092903011289,MNBBL,32,36,37.0,369.0,13653.0,2024-09-29
2024092903011288,MNBBL,6,36,70.0,369.0,25830.0,2024-09-29
2024092903011287,MNBBL,4,36,25.0,369.0,9225.0,2024-09-29
2024092903011286,MNBBL,29,36,30.0,369.1,11073.0,2024-09-29
2024092903011285,MNBBL,52,36,28.0,369.1,10334.8,2024-09-29
2024092903011284,MNBBL,57,36,10.0,369.2,3692.0,2024-09-29
2024092903011283,MNBBL,32,36,20.0,369.3,7386.0,2024-09-29
2024092901015912,EBL,16,38,10.0,594.0,5940.0,2024-09-29
2024092905013262,PHCL,72,58,10.0,318.0,3180.0,2024-09-29
2024092901015911,SAMAJ,38,45,50.0,2995.0,149750.0,2024-09-29
2024092903011282,NMBMF,42,58,10.0,650.0,6500.0,2024-09-29
2024092903011281,NMLBBL,96,29,285.0,725.1,206653.5,2024-09-29
2024092901015910,IHL,45,66,470.0,457.6,215072.0,2024-09-29
2024092901015909,BHDC,32,22,10.0,555.5,5555.0,2024-09-29
2024092905013261,HRL,68,4,70.0,750.0,52500.0,2024-09-29
2024092905013260,HRL,49,4,20.0,750.0,15000.0,2024-09-29
2024092905013259,HRL,45,4,100.0,750.0,75000.0,2024-09-29
2024092905013258,HRL,49,4,20.0,750.0,15000.0,2024-09-29
2024092905013257,HRL,45,4,50.0,750.0,37500.0,2024-09-29
2024092905013256,HRL,26,4,10.0,750.0,7500.0,2024-09-29
2024092905013255,HRL,38,4,60.0,750.0,45000.0,2024-09-29
2024092905013254,HRL,50,4,100.0,750.0,75000.0,2024-09-29
2024092905013253,HRL,26,4,100.0,750.0,75000.0,2024-09-29
2024092905013252,HRL,42,4,50.0,750.0,37500.0,2024-09-29
2024092905013251,HRL,45,4,20.0,750.0,15000.0,2024-09-29
2024092905013250,HRL,38,4,50.0,750.0,37500.0,2024-09-29
2024092905013249,HRL,55,4,30.0,750.0,22500.0,2024-09-29
2024092905013248,HRL,7,4,300.0,750.0,225000.0,2024-09-29
2024092905013247,HRL,35,4,50.0,750.0,37500.0,2024-09-29
2024092905013246,HRL,7,4,20.0,750.0,15000.0,2024-09-29
2024092905013245,HRL,5,4,100.0,750.0,75000.0,2024-09-29
2024092905013244,HRL,55,4,500.0,750.0,375000.0,2024-09-29
2024092905013243,HRL,17,4,50.0,750.0,37500.0,2024-09-29
2024092905013242,HRL,42,4,270.0,750.0,202500.0,2024-09-29
2024092905013241,HRL,19,4,50.0,750.0,37500.0,2024-09-29
2024092905013240,HRL,58,4,10.0,750.0,7500.0,2024-09-29
2024092905013239,HRL,6,4,50.0,750.0,37500.0,2024-09-29
2024092905013238,HRL,57,4,100.0,750.0,75000.0,2024-09-29
2024092905013237,HRL,36,4,100.0,750.0,75000.0,2024-09-29
2024092905013236,HRL,50,4,1000.0,750.0,750000.0,2024-09-29
2024092905013235,HRL,14,4,500.0,750.0,375000.0,2024-09-29
2024092905013234,HRL,38,4,100.0,750.0,75000.0,2024-09-29
2024092905013233,HRL,58,4,101.0,750.0,75750.0,2024-09-29
2024092905013232,HRL,50,4,40.0,750.0,30000.0,2024-09-29
2024092905013231,HRL,6,4,200.0,750.0,150000.0,2024-09-29
2024092905013230,HRL,57,4,80.0,750.0,60000.0,2024-09-29
2024092905013229,HRL,34,4,100.0,750.0,75000.0,2024-09-29
2024092905013228,HRL,14,4,30.0,750.0,22500.0,2024-09-29
2024092905013227,HRL,7,4,480.0,750.0,360000.0,2024-09-29
2024092905013226,HRL,21,4,70.0,750.0,52500.0,2024-09-29
2024092905013225,HRL,44,4,10.0,750.0,7500.0,2024-09-29
2024092905013224,HRL,40,4,100.0,750.0,75000.0,2024-09-29
2024092905013223,HRL,57,4,50.0,750.0,37500.0,2024-09-29
2024092905013222,HRL,47,4,23.0,750.0,17250.0,2024-09-29
2024092905013221,HRL,41,4,20.0,750.0,15000.0,2024-09-29
2024092905013220,HRL,44,4,1443.0,750.0,1082250.0,2024-09-29
2024092904016707,NLG,39,35,300.0,1374.0,412200.0,2024-09-29
2024092903011280,NFS,45,49,164.0,1176.0,192864.0,2024-09-29
2024092901015908,KBL,55,39,100.0,207.0,20700.0,2024-09-29
2024092904016706,SICL,33,29,15.0,789.0,11835.0,2024-09-29
2024092905013219,SONA,58,34,50.0,450.3,22515.0,2024-09-29
2024092904016705,BARUN,58,34,30.0,322.0,9660.0,2024-09-29
2024092905013218,HDL,22,17,20.0,1234.0,24680.0,2024-09-29
2024092904016704,UPPER,13,21,30.0,198.1,5943.0,2024-09-29
2024092904016703,UPPER,54,57,100.0,198.3,19830.0,2024-09-29
2024092903011279,LLBS,54,48,20.0,1019.0,20380.0,2024-09-29
2024092901015907,CZBIL,5,26,10.0,226.0,2260.0,2024-09-29
2024092903011278,GFCL,5,38,10.0,801.0,8010.0,2024-09-29
2024092903011277,NFS,45,28,10.0,1176.0,11760.0,2024-09-29
2024092904016702,UPPER,13,8,50.0,198.1,9905.0,2024-09-29
2024092903011276,GFCL,59,8,20.0,800.1,16002.0,2024-09-29
2024092903011275,GFCL,45,8,100.0,800.1,80010.0,2024-09-29
2024092903011274,GFCL,21,8,44.0,800.2,35208.8,2024-09-29
2024092901015906,NABIL,21,57,25.0,541.5,13537.5,2024-09-29
2024092901015905,NABIL,49,57,50.0,542.0,27100.0,2024-09-29
2024092901015904,USHEC,32,49,20.0,443.9,8878.0,2024-09-29
2024092901015903,USHEC,6,6,200.0,436.0,87200.0,2024-09-29
2024092904016701,GHL,6,6,300.0,195.1,58530.0,2024-09-29
2024092903011273,SMPDA,41,67,10.0,850.0,8500.0,2024-09-29
2024092905013217,ILI,14,28,12.0,462.7,5552.4,2024-09-29
2024092905013216,GCIL,16,51,11.0,483.0,5313.0,2024-09-29
2024092904016700,NLG,39,8,100.0,1374.0,137400.0,2024-09-29
2024092905013215,NRM,58,45,140.0,408.0,57120.0,2024-09-29
2024092905013214,NRM,58,11,20.0,408.0,8160.0,2024-09-29
2024092904016699,UPPER,57,57,100.0,198.3,19830.0,2024-09-29
2024092904016698,UPPER,57,57,500.0,198.3,99150.0,2024-09-29
2024092904016697,LEC,43,57,79.0,249.0,19671.0,2024-09-29
2024092904016696,LEC,6,57,10.0,249.0,2490.0,2024-09-29
2024092904016695,LEC,28,57,611.0,249.0,152139.0,2024-09-29
2024092904016694,LEC,5,57,300.0,249.1,74730.0,2024-09-29
2024092905013213,HIDCL,29,1,970.0,246.0,238620.0,2024-09-29
2024092905013212,HIDCL,29,54,30.0,246.0,7380.0,2024-09-29
2024092901015902,BHL,41,35,10.0,420.0,4200.0,2024-09-29
2024092901015901,SCB,49,35,169.0,666.0,112554.0,2024-09-29
2024092901015900,SCB,7,35,20.0,666.0,13320.0,2024-09-29
2024092901015899,SCB,7,35,11.0,666.0,7326.0,2024-09-29
2024092901015898,HHL,42,65,240.0,427.0,102480.0,2024-09-29
2024092901015897,HHL,43,65,60.0,427.1,25626.0,2024-09-29
2024092904016693,PMHPL,33,28,10.0,248.0,2480.0,2024-09-29
2024092901015896,TPC,33,42,100.0,420.0,42000.0,2024-09-29
2024092901015895,BEDC,41,41,27.0,425.1,11477.7,2024-09-29
2024092901015894,BEDC,48,41,50.0,425.2,21260.0,2024-09-29
2024092901015893,BEDC,11,41,50.0,426.0,21300.0,2024-09-29
2024092901015892,BEDC,37,41,100.0,426.0,42600.0,2024-09-29
2024092901015891,BEDC,48,41,155.0,429.0,66495.0,2024-09-29
2024092905013211,ILI,34,49,50.0,463.0,23150.0,2024-09-29
2024092901015890,SPHL,75,13,500.0,641.0,320500.0,2024-09-29
2024092904016692,PRIN,13,39,50.0,953.9,47695.0,2024-09-29
2024092905013210,NRN,33,95,150.0,880.0,132000.0,2024-09-29
2024092901015889,TAMOR,46,51,10.0,452.0,4520.0,2024-09-29
2024092903011272,GUFL,56,40,11.0,646.0,7106.0,2024-09-29
2024092903011271,GUFL,56,42,14.0,646.0,9044.0,2024-09-29
2024092904016691,CHCL,89,54,190.0,544.0,103360.0,2024-09-29
2024092903011270,SINDU,88,45,10.0,567.0,5670.0,2024-09-29
2024092901015888,CZBIL,26,26,100.0,226.0,22600.0,2024-09-29
2024092901015887,EHPL,38,40,200.0,736.0,147200.0,2024-09-29
2024092904016690,UPPER,13,43,30.0,198.1,5943.0,2024-09-29
2024092905013209,SAHAS,42,62,21.0,457.0,9597.0,2024-09-29
2024092901015886,SARBTM,41,44,40.0,740.0,29600.0,2024-09-29
2024092901015885,SARBTM,41,29,100.0,739.9,73990.0,2024-09-29
2024092901015884,SARBTM,41,4,100.0,739.0,73900.0,2024-09-29
2024092901015883,SARBTM,41,34,100.0,739.0,73900.0,2024-09-29
2024092901015882,SARBTM,41,58,600.0,738.8,443280.0,2024-09-29
2024092901015881,SARBTM,41,42,1000.0,737.0,737000.0,2024-09-29
2024092901015880,SARBTM,41,42,500.0,734.0,367000.0,2024-09-29
2024092901015879,SARBTM,41,17,60.0,733.0,43980.0,2024-09-29
2024092905013208,CLI,4,34,10.0,599.0,5990.0,2024-09-29
2024092901015878,SNLI,10,16,10.0,545.5,5455.0,2024-09-29
2024092901015877,LSL,42,50,170.0,231.2,39304.0,2024-09-29
2024092901015876,PCBL,68,42,188.0,264.1,49650.8,2024-09-29
2024092901015875,KBL,55,64,1000.0,207.0,207000.0,2024-09-29
2024092903011269,GFCL,60,38,100.0,801.0,80100.0,2024-09-29
2024092903011268,PROFL,38,34,25.0,513.0,12825.0,2024-09-29
2024092904016689,AHPC,45,39,763.0,250.0,190750.0,2024-09-29
2024092904016688,AHPC,45,48,237.0,250.0,59250.0,2024-09-29
2024092905013207,HRL,44,1,698.0,750.0,523500.0,2024-09-29
2024092905013206,HRL,42,1,100.0,751.0,75100.0,2024-09-29
2024092905013205,HRL,47,1,202.0,752.0,151904.0,2024-09-29
2024092903011267,GMFIL,34,37,50.0,487.2,24360.0,2024-09-29
2024092903011266,GMFIL,32,37,20.0,488.0,9760.0,2024-09-29
2024092903011265,GMFIL,42,37,10.0,489.0,4890.0,2024-09-29
2024092903011264,WNLB,58,29,10.0,2678.0,26780.0,2024-09-29
2024092901015874,SRLI,32,57,33.0,450.0,14850.0,2024-09-29
2024092901015873,SRLI,58,57,35.0,450.0,15750.0,2024-09-29
2024092901015872,SRLI,49,57,32.0,451.0,14432.0,2024-09-29
2024092901015871,SRLI,45,57,80.0,451.0,36080.0,2024-09-29
2024092905013204,SHIVM,57,50,410.0,555.0,227550.0,2024-09-29
2024092905013203,SHIVM,57,32,90.0,555.0,49950.0,2024-09-29
2024092904016687,RURU,19,35,100.0,806.0,80600.0,2024-09-29
2024092903011263,SWBBL,40,6,10.0,965.2,9652.0,2024-09-29
2024092905013202,NRIC,44,49,407.0,740.0,301180.0,2024-09-29
2024092905013201,NRIC,39,49,43.0,740.0,31820.0,2024-09-29
2024092903011262,SHINE,46,49,121.0,452.0,54692.0,2024-09-29
2024092903011261,SHINE,58,49,39.0,452.0,17628.0,2024-09-29
2024092904016686,RADHI,55,56,50.0,349.5,17475.0,2024-09-29
2024092905013200,CHDC,69,34,10.0,1574.0,15740.0,2024-09-29
2024092901015870,SRLI,45,41,20.0,451.0,9020.0,2024-09-29
2024092901015869,SANIMA,11,42,90.0,331.9,29871.0,2024-09-29
2024092901015868,SANIMA,11,45,100.0,331.9,33190.0,2024-09-29
2024092901015867,SANIMA,11,6,10.0,331.9,3319.0,2024-09-29
2024092905013199,SONA,1,17,10.0,450.0,4500.0,2024-09-29
2024092903011260,NFS,45,14,10.0,1176.0,11760.0,2024-09-29
2024092901015866,SARBTM,14,17,10.0,733.0,7330.0,2024-09-29
2024092901015865,NMB,56,21,200.0,245.0,49000.0,2024-09-29
2024092901015864,MMKJL,26,64,35.0,478.0,16730.0,2024-09-29
2024092901015863,KBL,38,32,400.0,207.2,82880.0,2024-09-29
2024092903011259,SFCL,80,55,20.0,509.0,10180.0,2024-09-29
2024092903011258,JFL,19,57,150.0,526.0,78900.0,2024-09-29
2024092903011257,JFL,19,7,50.0,525.9,26295.0,2024-09-29
2024092903011256,RLFL,34,57,110.0,514.0,56540.0,2024-09-29
2024092903011255,RLFL,19,57,100.0,514.1,51410.0,2024-09-29
2024092904016685,API,33,42,10.0,280.3,2803.0,2024-09-29
2024092904016684,UPCL,6,58,175.0,238.0,41650.0,2024-09-29
2024092904016683,UPCL,6,42,25.0,238.0,5950.0,2024-09-29
2024092905013198,NIFRA,6,43,20.0,258.9,5178.0,2024-09-29
2024092904016682,NGPL,58,39,31.0,412.2,12778.2,2024-09-29
2024092903011254,HLBSL,39,49,10.0,817.0,8170.0,2024-09-29
2024092903011253,NFS,49,25,100.0,1177.0,117700.0,2024-09-29
2024092903011252,FMDBL,65,49,900.0,717.2,645480.0,2024-09-29
2024092903011251,FMDBL,84,49,100.0,717.5,71750.0,2024-09-29
2024092903011250,LICN,35,62,10.0,2080.0,20800.0,2024-09-29
2024092903011249,LICN,58,62,10.0,2080.0,20800.0,2024-09-29
2024092901015862,SNLI,8,11,200.0,545.1,109020.0,2024-09-29
2024092901015861,MKCL,14,34,79.0,1250.0,98750.0,2024-09-29
2024092901015860,MKCL,88,34,11.0,1250.0,13750.0,2024-09-29
2024092901015859,MKCL,22,34,50.0,1251.0,62550.0,2024-09-29
2024092901015858,MKCL,1,34,60.0,1251.0,75060.0,2024-09-29
2024092904016681,SHEL,58,34,300.0,226.0,67800.0,2024-09-29
2024092905013197,CHDC,64,34,29.0,1574.0,45646.0,2024-09-29
2024092901015857,MBL,39,21,10.0,230.3,2303.0,2024-09-29
2024092905013196,NSIF2,48,13,1000.0,9.96,9960.0,2024-09-29
2024092905013195,NSIF2,57,13,2004.0,9.96,19959.84,2024-09-29
2024092904016680,AHPC,101,64,500.0,249.9,124950.0,2024-09-29
2024092901015856,KBL,45,32,10.0,207.2,2072.0,2024-09-29
2024092905013194,ENL,53,45,10.0,1058.4,10584.0,2024-09-29
2024092905013193,ENL,97,45,10.0,1060.0,10600.0,2024-09-29
2024092904016679,AKJCL,56,14,106.0,190.0,20140.0,2024-09-29
2024092904016678,AKJCL,56,47,24.0,190.0,4560.0,2024-09-29
2024092904016677,CHCL,77,54,10.0,544.0,5440.0,2024-09-29
2024092905013192,SHIVM,45,48,400.0,554.0,221600.0,2024-09-29
2024092903011248,MDB,42,57,100.0,603.0,60300.0,2024-09-29
2024092905013191,SONA,1,57,50.0,450.0,22500.0,2024-09-29
2024092904016676,AKJCL,32,42,129.0,189.0,24381.0,2024-09-29
2024092904016675,AKJCL,35,42,11.0,189.0,2079.0,2024-09-29
2024092904016674,AKJCL,20,42,150.0,189.0,28350.0,2024-09-29
2024092904016673,AKJCL,45,42,10.0,189.3,1893.0,2024-09-29
2024092905013190,NIFRA,50,43,30.0,259.0,7770.0,2024-09-29
2024092901015855,NESDO,6,14,40.0,2088.0,83520.0,2024-09-29
2024092905013189,NIFRA,59,43,10.0,259.0,2590.0,2024-09-29
2024092901015854,BHPL,55,49,60.0,667.0,40020.0,2024-09-29
2024092901015853,BHPL,58,49,10.0,668.0,6680.0,2024-09-29
2024092903011247,JBBL,13,41,100.0,322.5,32250.0,2024-09-29
2024092905013188,GCIL,16,55,11.0,483.0,5313.0,2024-09-29
2024092905013187,GCIL,16,35,165.0,483.0,79695.0,2024-09-29
2024092905013186,GCIL,16,5,75.0,483.0,36225.0,2024-09-29
2024092905013185,GCIL,16,29,15.0,482.9,7243.5,2024-09-29
2024092904016672,AKPL,26,25,254.0,212.1,53873.4,2024-09-29
2024092904016671,AKPL,22,25,16.0,212.1,3393.6,2024-09-29
2024092901015852,RAWA,47,56,60.0,664.0,39840.0,2024-09-29
2024092903011246,SADBL,29,47,10.0,399.0,3990.0,2024-09-29
2024092903011245,KSBBL,26,34,30.0,455.7,13671.0,2024-09-29
2024092904016670,UMHL,35,7,20.0,281.0,5620.0,2024-09-29
2024092903011244,SIFC,48,6,40.0,506.0,20240.0,2024-09-29
2024092903011243,NADEP,62,33,89.0,1013.8,90228.2,2024-09-29
2024092903011242,NADEP,62,35,100.0,1013.0,101300.0,2024-09-29
2024092903011241,NADEP,62,45,590.0,1013.0,597670.0,2024-09-29
2024092903011240,NADEP,62,45,74.0,1013.0,74962.0,2024-09-29
2024092903011239,NADEP,62,49,90.0,1012.0,91080.0,2024-09-29
2024092903011238,NADEP,62,41,83.0,1010.0,83830.0,2024-09-29
2024092903011237,NADEP,62,26,30.0,1010.0,30300.0,2024-09-29
2024092903011236,NADEP,62,1,20.0,1010.0,20200.0,2024-09-29
2024092903011235,NADEP,62,64,300.0,1009.6,302880.0,2024-09-29
2024092903011234,NADEP,62,57,13.0,1009.0,13117.0,2024-09-29
2024092903011233,NADEP,62,55,100.0,1009.0,100900.0,2024-09-29
2024092903011232,NADEP,62,77,100.0,1005.0,100500.0,2024-09-29
2024092903011231,NADEP,62,40,30.0,1000.0,30000.0,2024-09-29
2024092903011230,NADEP,62,16,150.0,1000.0,150000.0,2024-09-29
2024092903011229,NADEP,62,25,30.0,999.9,29997.0,2024-09-29
2024092903011228,NADEP,62,45,146.0,999.0,145854.0,2024-09-29
2024092903011227,NADEP,62,26,30.0,999.0,29970.0,2024-09-29
2024092903011226,NADEP,62,49,200.0,999.0,199800.0,2024-09-29
2024092903011225,NADEP,62,52,30.0,998.9,29967.0,2024-09-29
2024092903011224,NADEP,62,22,15.0,998.8,14982.0,2024-09-29
2024092903011223,NADEP,62,32,20.0,994.6,19892.0,2024-09-29
2024092903011222,NADEP,62,36,120.0,994.0,119280.0,2024-09-29
2024092903011221,NADEP,62,50,90.0,994.0,89460.0,2024-09-29
2024092903011220,NADEP,62,45,100.0,993.0,99300.0,2024-09-29
2024092904016669,API,33,7,951.0,280.3,266565.3,2024-09-29
2024092903011219,GILB,8,7,162.0,1124.3,182136.6,2024-09-29
2024092901015851,MHL,14,11,20.0,652.0,13040.0,2024-09-29
2024092904016668,NLG,39,17,80.0,1374.0,109920.0,2024-09-29
2024092903011218,SKBBL,92,44,195.0,889.9,173530.5,2024-09-29
2024092903011217,SKBBL,92,6,50.0,889.0,44450.0,2024-09-29
2024092903011216,SKBBL,92,34,10.0,889.0,8890.0,2024-09-29
2024092903011215,SKBBL,92,44,100.0,888.0,88800.0,2024-09-29
2024092903011214,SKBBL,92,19,20.0,888.0,17760.0,2024-09-29
2024092903011213,SKBBL,92,44,100.0,887.0,88700.0,2024-09-29
2024092903011212,SKBBL,92,16,25.0,885.0,22125.0,2024-09-29
2024092903011211,NABBC,74,34,10.0,540.0,5400.0,2024-09-29
2024092901015850,ADBL,45,44,500.0,352.5,176250.0,2024-09-29
2024092904016667,SHPC,51,34,893.0,475.0,424175.0,2024-09-29
2024092904016666,SHPC,51,55,85.0,474.9,40366.5,2024-09-29
2024092904016665,SHPC,51,43,22.0,474.9,10447.8,2024-09-29
2024092901015849,SNLI,8,48,49.0,545.1,26709.9,2024-09-29
2024092904016664,API,58,38,20.0,280.5,5610.0,2024-09-29
2024092901015848,MANDU,56,41,200.0,837.0,167400.0,2024-09-29
2024092901015847,MANDU,56,58,62.0,837.0,51894.0,2024-09-29
2024092901015846,MANDU,56,26,10.0,836.3,8363.0,2024-09-29
2024092905013184,CIT,58,16,12.0,2094.9,25138.8,2024-09-29
2024092904016663,RADHI,20,56,861.0,349.5,300919.5,2024-09-29
2024092904016662,RADHI,58,56,200.0,349.6,69920.0,2024-09-29
2024092904016661,RADHI,32,56,500.0,349.6,174800.0,2024-09-29
2024092904016660,RADHI,16,56,200.0,349.6,69920.0,2024-09-29
2024092904016659,JOSHI,55,52,300.0,269.3,80790.0,2024-09-29
2024092904016658,JOSHI,34,52,100.0,269.4,26940.0,2024-09-29
2024092905013183,PSF,58,41,100.0,10.68,1068.0,2024-09-29
2024092903011210,MFIL,32,22,100.0,609.0,60900.0,2024-09-29
2024092903011209,NFS,42,25,10.0,1177.0,11770.0,2024-09-29
2024092904016657,UPCL,22,42,10.0,238.0,2380.0,2024-09-29
2024092903011208,PMLI,33,49,10.0,568.0,5680.0,2024-09-29
2024092903011207,PMLI,33,42,10.0,568.0,5680.0,2024-09-29
2024092903011206,PMLI,33,41,500.0,567.9,283950.0,2024-09-29
2024092903011205,PMLI,33,26,10.0,567.0,5670.0,2024-09-29
2024092903011204,PMLI,33,17,300.0,567.0,170100.0,2024-09-29
2024092903011203,PMLI,33,54,330.0,567.0,187110.0,2024-09-29
2024092903011202,PMLI,33,57,186.0,567.0,105462.0,2024-09-29
2024092903011201,PMLI,33,14,100.0,566.9,56690.0,2024-09-29
2024092903011200,PMLI,33,46,60.0,566.9,34014.0,2024-09-29
2024092903011199,PMLI,33,45,20.0,566.5,11330.0,2024-09-29
2024092903011198,PMLI,33,42,190.0,564.0,107160.0,2024-09-29
2024092903011197,PMLI,41,42,10.0,564.0,5640.0,2024-09-29
2024092905013182,HIDCL,21,54,50.0,246.0,12300.0,2024-09-29
2024092905013181,NRM,44,11,50.0,408.0,20400.0,2024-09-29
2024092904016656,RIDI,5,58,10.0,212.0,2120.0,2024-09-29
2024092904016655,RIDI,5,7,180.0,212.0,38160.0,2024-09-29
2024092904016654,RIDI,5,58,30.0,212.0,6360.0,2024-09-29
2024092904016653,RIDI,5,14,354.0,212.0,75048.0,2024-09-29
2024092904016652,NHDL,50,90,94.0,535.0,50290.0,2024-09-29
2024092905013180,CIT,41,13,10.0,2088.0,20880.0,2024-09-29
2024092905013179,CIT,7,13,10.0,2088.0,20880.0,2024-09-29
2024092905013178,CIT,57,13,50.0,2088.0,104400.0,2024-09-29
2024092905013177,CIT,38,13,20.0,2090.0,41800.0,2024-09-29
2024092905013176,CIT,41,13,10.0,2090.1,20901.0,2024-09-29
2024092904016651,HDHPC,59,47,263.0,185.7,48839.1,2024-09-29
2024092903011196,NFS,17,25,10.0,1178.0,11780.0,2024-09-29
2024092901015845,RFPL,92,19,140.0,507.0,70980.0,2024-09-29
2024092901015844,AHL,68,66,10.0,620.0,6200.0,2024-09-29
2024092905013175,HIDCL,66,52,10.0,245.9,2459.0,2024-09-29
2024092905013174,SONA,1,58,10.0,450.0,4500.0,2024-09-29
2024092901015843,BHL,29,42,10.0,424.4,4244.0,2024-09-29
2024092904016650,AHPC,101,26,500.0,249.9,124950.0,2024-09-29
2024092903011195,JBBL,49,43,185.0,322.0,59570.0,2024-09-29
2024092903011194,JBBL,48,43,60.0,322.0,19320.0,2024-09-29
2024092903011193,JBBL,50,43,50.0,322.1,16105.0,2024-09-29
2024092903011192,JBBL,28,43,465.0,322.3,149869.5,2024-09-29
2024092903011191,JBBL,42,43,200.0,322.5,64500.0,2024-09-29
2024092903011190,JBBL,55,43,13.0,322.5,4192.5,2024-09-29
2024092903011189,JBBL,45,43,27.0,323.0,8721.0,2024-09-29
2024092901015842,ADBL,62,49,100.0,352.4,35240.0,2024-09-29
2024092903011188,KSBBL,1,34,300.0,455.7,136710.0,2024-09-29
2024092903011187,KSBBL,38,34,187.0,456.0,85272.0,2024-09-29
2024092901015841,IHL,45,34,10.0,457.6,4576.0,2024-09-29
2024092903011186,CORBL,16,66,60.0,838.0,50280.0,2024-09-29
2024092903011185,CORBL,16,11,40.0,815.0,32600.0,2024-09-29
2024092904016649,AHPC,64,48,20.0,250.0,5000.0,2024-09-29
2024092901015840,NABIL,59,16,9.0,542.0,4878.0,2024-09-29
2024092901015839,NABIL,59,34,10.0,542.0,5420.0,2024-09-29
2024092901015838,NABIL,59,11,11.0,542.0,5962.0,2024-09-29
2024092904016648,NLG,58,77,20.0,1377.0,27540.0,2024-09-29
2024092904016647,CGH,75,57,500.0,862.0,431000.0,2024-09-29
2024092901015837,PCBL,49,42,500.0,264.1,132050.0,2024-09-29
2024092903011184,SAPDBL,35,28,30.0,505.0,15150.0,2024-09-29
2024092901015836,TSHL,36,69,25.0,739.0,18475.0,2024-09-29
2024092903011183,ACLBSL,49,16,50.0,985.0,49250.0,2024-09-29
2024092903011182,WNLB,17,26,10.0,2693.0,26930.0,2024-09-29
2024092903011181,WNLB,17,46,30.0,2692.0,80760.0,2024-09-29
2024092903011180,WNLB,17,81,10.0,2691.0,26910.0,2024-09-29
2024092904016646,UAIL,50,34,250.0,616.1,154025.0,2024-09-29
2024092903011179,HLI,34,45,10.0,447.0,4470.0,2024-09-29
2024092904016645,NGPL,1,58,100.0,413.7,41370.0,2024-09-29
2024092904016644,UMRH,57,59,100.0,410.0,41000.0,2024-09-29
2024092904016643,UMRH,43,59,50.0,410.1,20505.0,2024-09-29
2024092904016642,SHPC,14,59,200.0,473.5,94700.0,2024-09-29
2024092904016641,UPPER,13,38,725.0,198.1,143622.5,2024-09-29
2024092901015835,KSY,4,4,100.0,9.02,902.0,2024-09-29
2024092901015834,IHL,45,32,10.0,457.6,4576.0,2024-09-29
2024092905013173,SHIVM,57,32,10.0,555.0,5550.0,2024-09-29
2024092903011178,NFS,45,63,101.0,1176.0,118776.0,2024-09-29
2024092903011177,NFS,10,63,10.0,1176.1,11761.0,2024-09-29
2024092903011176,NFS,35,63,50.0,1177.1,58855.0,2024-09-29
2024092903011175,NFS,58,63,39.0,1177.5,45922.5,2024-09-29
2024092904016640,HDHPC,58,52,400.0,186.0,74400.0,2024-09-29
2024092903011174,GLBSL,58,66,20.0,1768.0,35360.0,2024-09-29
2024092901015833,UHEWA,58,58,30.0,435.0,13050.0,2024-09-29
2024092901015832,UHEWA,58,38,10.0,435.0,4350.0,2024-09-29
2024092903011173,SKBBL,22,56,11.0,885.0,9735.0,2024-09-29
2024092903011172,GFCL,21,35,56.0,800.2,44811.2,2024-09-29
2024092905013172,CHDC,64,6,71.0,1574.0,111754.0,2024-09-29
2024092905013171,CHDC,58,6,29.0,1574.0,45646.0,2024-09-29
2024092904016639,PMHPL,33,57,147.0,245.0,36015.0,2024-09-29
2024092904016638,PMHPL,33,94,652.0,244.9,159674.8,2024-09-29
2024092904016637,UMHL,49,7,50.0,281.0,14050.0,2024-09-29
2024092904016636,UMHL,35,7,143.0,281.0,40183.0,2024-09-29
2024092904016635,SPDL,70,16,12.0,265.0,3180.0,2024-09-29
2024092904016634,SHEL,58,13,700.0,226.0,158200.0,2024-09-29
2024092901015831,MBL,44,32,38.0,234.9,8926.2,2024-09-29
2024092901015830,MBL,44,42,75.0,234.6,17595.0,2024-09-29
2024092901015829,MBL,44,34,53.0,234.2,12412.6,2024-09-29
2024092901015828,MBL,44,44,25.0,234.0,5850.0,2024-09-29
2024092901015827,MBL,44,48,89.0,234.0,20826.0,2024-09-29
2024092901015826,MBL,44,21,10.0,233.5,2335.0,2024-09-29
2024092901015825,MBL,44,58,100.0,232.3,23230.0,2024-09-29
2024092901015824,MBL,44,11,50.0,232.0,11600.0,2024-09-29
2024092901015823,MBL,44,42,100.0,232.0,23200.0,2024-09-29
2024092901015822,MBL,44,62,300.0,232.0,69600.0,2024-09-29
2024092901015821,MBL,44,59,160.0,231.8,37088.0,2024-09-29
2024092905013170,SONA,1,65,100.0,450.0,45000.0,2024-09-29
2024092905013169,NRN,58,77,170.0,881.0,149770.0,2024-09-29
2024092905013168,NRN,6,77,200.0,881.0,176200.0,2024-09-29
2024092905013167,NRN,89,77,70.0,881.0,61670.0,2024-09-29
2024092903011171,WNLB,58,29,10.0,2678.0,26780.0,2024-09-29
2024092901015820,RHGCL,57,42,10.0,369.2,3692.0,2024-09-29
2024092901015819,RHGCL,57,45,100.0,362.0,36200.0,2024-09-29
2024092901015818,RHGCL,57,39,60.0,362.0,21720.0,2024-09-29
2024092901015817,ULBSL,38,86,99.0,2881.0,285219.0,2024-09-29
2024092901015816,ULBSL,39,86,100.0,2882.0,288200.0,2024-09-29
2024092903011170,SHINE,58,49,900.0,452.0,406800.0,2024-09-29
2024092903011169,SHINE,38,49,100.0,452.1,45210.0,2024-09-29
2024092901015815,SNLI,17,34,12.0,545.5,6546.0,2024-09-29
2024092903011168,KSBBL,38,14,13.0,456.0,5928.0,2024-09-29
2024092903011167,KSBBL,22,14,120.0,456.0,54720.0,2024-09-29
2024092903011166,KSBBL,34,14,10.0,456.0,4560.0,2024-09-29
2024092903011165,KSBBL,42,14,67.0,456.0,30552.0,2024-09-29
2024092903011164,KSBBL,42,14,25.0,456.1,11402.5,2024-09-29
2024092903011163,KSBBL,58,14,15.0,456.4,6846.0,2024-09-29
2024092903011162,KSBBL,22,14,10.0,457.0,4570.0,2024-09-29
2024092905013166,ILI,14,34,12.0,462.7,5552.4,2024-09-29
2024092903011161,SJLIC,33,36,10.0,451.0,4510.0,2024-09-29
2024092904016633,NLG,39,70,50.0,1374.0,68700.0,2024-09-29
2024092904016632,NLG,54,70,50.0,1374.1,68705.0,2024-09-29
2024092904016631,NLG,48,70,100.0,1375.0,137500.0,2024-09-29
2024092901015814,KBSH,44,83,20.0,1876.0,37520.0,2024-09-29
2024092901015813,KBSH,44,49,30.0,1870.0,56100.0,2024-09-29
2024092904016630,NHPC,47,49,10.0,199.9,1999.0,2024-09-29
2024092904016629,NHPC,47,59,50.0,199.6,9980.0,2024-09-29
2024092904016628,NHPC,47,57,100.0,199.0,19900.0,2024-09-29
2024092904016627,NHPC,47,6,125.0,199.0,24875.0,2024-09-29
2024092904016626,NHPC,47,41,15.0,198.5,2977.5,2024-09-29
2024092901015812,SIKLES,63,29,54.0,671.1,36239.4,2024-09-29
2024092901015811,SIKLES,63,80,100.0,671.1,67110.0,2024-09-29
2024092901015810,SIKLES,63,57,50.0,671.0,33550.0,2024-09-29
2024092901015809,SIKLES,63,34,71.0,668.5,47463.5,2024-09-29
2024092901015808,SIKLES,63,14,30.0,668.0,20040.0,2024-09-29
2024092901015807,SIKLES,63,80,100.0,668.0,66800.0,2024-09-29
2024092901015806,SIKLES,63,70,100.0,668.0,66800.0,2024-09-29
2024092901015805,SIKLES,63,21,30.0,665.0,19950.0,2024-09-29
2024092901015804,SIKLES,63,66,10.0,660.0,6600.0,2024-09-29
2024092901015803,SIKLES,63,58,10.0,660.0,6600.0,2024-09-29
2024092901015802,SIKLES,63,45,10.0,658.0,6580.0,2024-09-29
2024092901015801,SIKLES,63,48,10.0,658.0,6580.0,2024-09-29
2024092901015800,SIKLES,63,45,10.0,657.0,6570.0,2024-09-29
2024092901015799,SIKLES,63,49,15.0,656.9,9853.5,2024-09-29
2024092901015798,SIKLES,63,95,400.0,655.0,262000.0,2024-09-29
2024092901015797,PRVU,78,65,148.0,226.5,33522.0,2024-09-29
2024092905013165,HDL,22,65,30.0,1234.0,37020.0,2024-09-29
2024092901015796,USHEC,6,6,130.0,436.0,56680.0,2024-09-29
2024092901015795,USHEC,7,6,70.0,436.1,30527.0,2024-09-29
2024092905013164,NRM,59,17,25.0,407.5,10187.5,2024-09-29
2024092901015794,SHLB,46,69,10.0,1808.1,18081.0,2024-09-29
2024092901015793,KBL,55,36,200.0,207.0,41400.0,2024-09-29
2024092903011160,LBBL,1,34,50.0,436.5,21825.0,2024-09-29
2024092904016625,NLG,51,77,200.0,1377.0,275400.0,2024-09-29
2024092904016624,AHPC,101,38,994.0,249.9,248400.6,2024-09-29
2024092904016623,AHPC,72,38,10.0,249.9,2499.0,2024-09-29
2024092904016622,SSHL,43,26,117.0,202.0,23634.0,2024-09-29
2024092904016621,SSHL,43,51,365.0,202.0,73730.0,2024-09-29
2024092904016620,SSHL,43,58,500.0,201.9,100950.0,2024-09-29
2024092904016619,SSHL,43,14,18.0,201.9,3634.2,2024-09-29
2024092901015792,SNLI,8,35,13.0,545.1,7086.3,2024-09-29
2024092903011159,NFS,58,55,101.0,1177.5,118927.5,2024-09-29
2024092903011158,BFC,32,55,400.0,492.2,196880.0,2024-09-29
2024092903011157,BFC,57,55,100.0,492.3,49230.0,2024-09-29
2024092903011156,VLBS,28,11,10.0,820.0,8200.0,2024-09-29
2024092905013163,HRL,44,34,100.0,750.0,75000.0,2024-09-29
2024092905013162,CIT,86,16,13.0,2094.9,27233.7,2024-09-29
2024092901015791,SBI,44,36,11.0,412.9,4541.9,2024-09-29
2024092901015790,CITY,16,25,20.0,746.1,14922.0,2024-09-29
2024092901015789,GBIME,45,59,200.0,235.0,47000.0,2024-09-29
2024092905013161,SAHAS,58,38,15.0,457.0,6855.0,2024-09-29
2024092905013160,SAHAS,6,38,10.0,457.0,4570.0,2024-09-29
2024092905013159,HRL,44,4,2240.0,750.0,1680000.0,2024-09-29
2024092905013158,HRL,19,4,60.0,750.1,45006.0,2024-09-29
2024092905013157,HRL,42,4,500.0,750.1,375050.0,2024-09-29
2024092905013156,HRL,56,4,101.0,750.1,75760.1,2024-09-29
2024092905013155,HRL,18,4,200.0,750.1,150020.0,2024-09-29
2024092905013154,HRL,44,4,500.0,750.2,375100.0,2024-09-29
2024092905013153,HRL,78,4,370.0,750.2,277574.0,2024-09-29
2024092905013152,HRL,55,4,50.0,750.3,37515.0,2024-09-29
2024092905013151,HRL,56,4,300.0,750.3,225090.0,2024-09-29
2024092905013150,HRL,57,4,313.0,750.3,234843.9,2024-09-29
2024092905013149,HRL,8,4,628.0,750.4,471251.2,2024-09-29
2024092905013148,HRL,58,4,70.0,750.5,52535.0,2024-09-29
2024092905013147,HRL,42,4,100.0,750.6,75060.0,2024-09-29
2024092905013146,HRL,50,4,1000.0,750.6,750600.0,2024-09-29
2024092905013145,HRL,1,4,500.0,751.0,375500.0,2024-09-29
2024092905013144,HRL,45,4,50.0,751.0,37550.0,2024-09-29
2024092905013143,HRL,35,4,980.0,751.0,735980.0,2024-09-29
2024092905013142,HRL,63,4,200.0,752.0,150400.0,2024-09-29
2024092905013141,HRL,35,4,200.0,752.0,150400.0,2024-09-29
2024092905013140,HRL,17,4,250.0,752.0,188000.0,2024-09-29
2024092905013139,HRL,7,4,20.0,752.0,15040.0,2024-09-29
2024092905013138,HRL,33,4,30.0,752.0,22560.0,2024-09-29
2024092905013137,HRL,21,4,10.0,752.0,7520.0,2024-09-29
2024092905013136,HRL,45,4,10.0,752.0,7520.0,2024-09-29
2024092905013135,HRL,22,4,428.0,752.0,321856.0,2024-09-29
2024092905013134,HRL,99,4,500.0,753.0,376500.0,2024-09-29
2024092905013133,HRL,4,4,290.0,754.0,218660.0,2024-09-29
2024092905013132,HRL,32,4,100.0,754.1,75410.0,2024-09-29
2024092901015788,MCHL,42,32,100.0,480.0,48000.0,2024-09-29
2024092903011155,NICLBSL,21,22,40.0,663.0,26520.0,2024-09-29
2024092905013131,SONA,22,49,40.0,450.0,18000.0,2024-09-29
2024092903011154,GLBSL,42,45,10.0,1755.0,17550.0,2024-09-29
