transaction,symbol,buyer,seller,quantity,rate,amount,date
2025011203013136,NABBC,56,71,10.0,988.0,9880.0,2025-01-12
2025011201012620,NABIL,58,47,50.0,490.6,24530.0,2025-01-12
2025011205009493,PHCL,65,35,850.0,566.0,481100.0,2025-01-12
2025011205009492,PHCL,65,35,505.0,565.0,285325.0,2025-01-12
2025011205009491,PHCL,65,17,20.0,565.0,11300.0,2025-01-12
2025011205009490,PHCL,65,62,200.0,563.5,112700.0,2025-01-12
2025011205009489,PHCL,65,17,100.0,563.1,56310.0,2025-01-12
2025011205009488,PHCL,65,98,5190.0,562.9,2921451.0,2025-01-12
2025011205009487,PHCL,65,98,1070.0,562.9,602303.0,2025-01-12
2025011205009486,PHCL,65,98,5000.0,562.9,2814500.0,2025-01-12
2025011205009485,PHCL,65,98,5000.0,562.9,2814500.0,2025-01-12
2025011205009484,PHCL,65,44,5000.0,562.9,2814500.0,2025-01-12
2025011205009483,PHCL,65,57,495.0,562.8,278586.0,2025-01-12
2025011205009482,PHCL,65,57,100.0,560.0,56000.0,2025-01-12
2025011205009481,PHCL,65,34,1000.0,560.0,560000.0,2025-01-12
2025011205009480,PHCL,65,42,10.0,560.0,5600.0,2025-01-12
2025011205009479,PHCL,65,11,70.0,560.0,39200.0,2025-01-12
2025011205009478,PHCL,65,39,390.0,559.5,218205.0,2025-01-12
2025011201012619,ULHC,14,58,200.0,544.0,108800.0,2025-01-12
2025011203013135,SMFBS,45,60,10.0,1897.8,18978.0,2025-01-12
2025011204011365,NLG,55,45,750.0,1020.0,765000.0,2025-01-12
2025011201012618,HHL,45,49,10.0,546.9,5469.0,2025-01-12
2025011201012617,PRVU,51,16,200.0,222.5,44500.0,2025-01-12
2025011201012616,PRVU,51,58,72.0,222.0,15984.0,2025-01-12
2025011201012615,PRVU,51,48,2250.0,222.0,499500.0,2025-01-12
2025011201012614,PRVU,51,22,150.0,222.0,33300.0,2025-01-12
2025011201012613,PRVU,51,13,278.0,222.0,61716.0,2025-01-12
2025011201012612,PRVU,51,55,800.0,221.7,177360.0,2025-01-12
2025011201012611,PRVU,51,50,1000.0,221.5,221500.0,2025-01-12
2025011201012610,PRVU,51,56,250.0,221.5,55375.0,2025-01-12
2025011201012609,RHGCL,48,49,27.0,609.9,16467.3,2025-01-12
2025011201012608,RHGCL,48,38,93.0,609.9,56720.7,2025-01-12
2025011204011364,DHPL,16,44,10.0,312.9,3129.0,2025-01-12
2025011201012607,SBL,28,33,440.0,295.0,129800.0,2025-01-12
2025011201012606,SBL,36,33,250.0,295.0,73750.0,2025-01-12
2025011201012605,SBL,6,33,200.0,295.0,59000.0,2025-01-12
2025011201012604,SBL,56,33,30.0,295.0,8850.0,2025-01-12
2025011201012603,SBL,50,33,45.0,296.0,13320.0,2025-01-12
2025011201012602,SBL,50,33,35.0,296.0,10360.0,2025-01-12
2025011201012601,MSHL,57,42,10.0,934.9,9349.0,2025-01-12
2025011205009477,NRM,39,57,10.0,456.1,4561.0,2025-01-12
2025011205009476,SHIVM,47,45,447.0,526.0,235122.0,2025-01-12
2025011205009475,SHIVM,47,34,50.0,526.0,26300.0,2025-01-12
2025011205009474,SHIVM,47,25,103.0,526.0,54178.0,2025-01-12
2025011204011363,HURJA,33,50,251.0,234.0,58734.0,2025-01-12
2025011204011362,HURJA,33,6,500.0,234.0,117000.0,2025-01-12
2025011204011361,HURJA,33,94,500.0,234.0,117000.0,2025-01-12
2025011204011360,HURJA,33,70,284.0,233.9,66427.6,2025-01-12
2025011204011359,HURJA,33,54,455.0,233.0,106015.0,2025-01-12
2025011204011358,HURJA,33,34,300.0,233.0,69900.0,2025-01-12
2025011204011357,HURJA,33,44,50.0,232.9,11645.0,2025-01-12
2025011204011356,HURJA,33,58,30.0,232.5,6975.0,2025-01-12
2025011204011355,HURJA,33,14,500.0,232.0,116000.0,2025-01-12
2025011204011354,HURJA,33,41,30.0,231.9,6957.0,2025-01-12
2025011204011353,HURJA,33,57,100.0,231.9,23190.0,2025-01-12
2025011201012600,MKHC,47,56,143.0,541.9,77491.7,2025-01-12
2025011201012599,MKHC,47,13,500.0,541.8,270900.0,2025-01-12
2025011201012598,MKHC,47,58,357.0,541.0,193137.0,2025-01-12
2025011203013134,SIFC,38,56,23.0,581.4,13372.2,2025-01-12
2025011203013133,SIFC,38,7,50.0,581.4,29070.0,2025-01-12
2025011203013132,SIFC,38,45,47.0,581.4,27325.8,2025-01-12
2025011203013131,NLIC,39,34,10.0,814.0,8140.0,2025-01-12
2025011203013130,NICLBSL,63,44,10.0,663.3,6633.0,2025-01-12
2025011203013129,NICLBSL,63,44,50.0,662.0,33100.0,2025-01-12
2025011203013128,NICLBSL,63,44,50.0,661.0,33050.0,2025-01-12
2025011203013127,MDB,6,21,10.0,651.5,6515.0,2025-01-12
2025011204011352,CHCL,43,56,25.0,504.0,12600.0,2025-01-12
2025011201012597,UNLB,34,41,10.0,2477.0,24770.0,2025-01-12
2025011201012596,RFPL,34,56,50.0,1484.0,74200.0,2025-01-12
2025011201012595,NICA,44,62,76.0,381.0,28956.0,2025-01-12
2025011201012594,RFPL,62,56,360.0,1484.0,534240.0,2025-01-12
2025011201012593,RFPL,62,56,250.0,1470.0,367500.0,2025-01-12
2025011201012592,RFPL,62,64,160.0,1462.0,233920.0,2025-01-12
2025011201012591,RFPL,62,57,230.0,1460.0,335800.0,2025-01-12
2025011204011351,JOSHI,33,36,400.0,424.1,169640.0,2025-01-12
2025011201012590,SPHL,72,33,20.0,829.0,16580.0,2025-01-12
2025011201012589,SBL,50,38,39.0,297.0,11583.0,2025-01-12
2025011201012588,SBL,50,19,61.0,297.0,18117.0,2025-01-12
2025011205009473,GCIL,48,11,206.0,490.5,101043.0,2025-01-12
2025011205009472,GCIL,59,11,10.0,490.5,4905.0,2025-01-12
2025011205009471,GCIL,48,11,84.0,490.5,41202.0,2025-01-12
2025011205009470,GCIL,22,11,300.0,490.6,147180.0,2025-01-12
2025011205009469,GCIL,48,11,500.0,491.0,245500.0,2025-01-12
2025011203013126,JFL,35,45,198.0,695.0,137610.0,2025-01-12
2025011203013125,JFL,35,35,60.0,695.0,41700.0,2025-01-12
2025011203013124,JFL,35,34,12.0,694.0,8328.0,2025-01-12
2025011203013123,JFL,35,34,30.0,693.0,20790.0,2025-01-12
2025011203013122,NABBC,17,71,60.0,988.0,59280.0,2025-01-12
2025011203013121,LBBL,17,21,16.0,463.0,7408.0,2025-01-12
2025011203013120,LBBL,17,32,17.0,460.0,7820.0,2025-01-12
2025011203013119,LBBL,17,13,77.0,460.0,35420.0,2025-01-12
2025011205009468,HDL,43,17,70.0,1160.2,81214.0,2025-01-12
2025011203013118,BFC,32,17,30.0,656.6,19698.0,2025-01-12
2025011203013117,BFC,49,17,50.0,656.6,32830.0,2025-01-12
2025011203013116,SAPDBL,28,64,20.0,1153.0,23060.0,2025-01-12
2025011203013115,SAPDBL,28,71,90.0,1152.9,103761.0,2025-01-12
2025011201012587,CKHL,13,75,900.0,790.0,711000.0,2025-01-12
2025011201012586,CKHL,57,75,70.0,795.0,55650.0,2025-01-12
2025011204011350,SPDL,36,32,10.0,342.7,3427.0,2025-01-12
2025011204011349,API,38,37,160.0,264.0,42240.0,2025-01-12
2025011203013114,SMPDA,42,35,50.0,946.0,47300.0,2025-01-12
2025011203013113,SMPDA,42,80,100.0,943.5,94350.0,2025-01-12
2025011203013112,SMPDA,42,48,10.0,940.5,9405.0,2025-01-12
2025011203013111,SMPDA,42,45,100.0,939.0,93900.0,2025-01-12
2025011203013110,SMPDA,42,41,40.0,938.9,37556.0,2025-01-12
2025011204011348,UPPER,42,40,500.0,201.5,100750.0,2025-01-12
2025011201012585,MKHC,42,58,10.0,541.0,5410.0,2025-01-12
2025011204011347,UAIL,50,42,46.0,645.0,29670.0,2025-01-12
2025011204011346,UAIL,99,42,100.0,646.0,64600.0,2025-01-12
2025011203013109,NLIC,42,45,46.0,814.0,37444.0,2025-01-12
2025011203013108,NMFBS,42,62,10.0,1329.0,13290.0,2025-01-12
2025011203013107,SAPDBL,32,25,10.0,1151.0,11510.0,2025-01-12
2025011203013106,SAPDBL,32,65,100.0,1148.0,114800.0,2025-01-12
2025011203013105,SAPDBL,32,34,80.0,1148.0,91840.0,2025-01-12
2025011201012584,RHGCL,32,51,470.0,608.0,285760.0,2025-01-12
2025011201012583,RHGCL,32,58,870.0,608.0,528960.0,2025-01-12
2025011203013104,CORBL,60,70,10.0,1600.0,16000.0,2025-01-12
2025011203013103,NABBC,20,71,397.0,988.0,392236.0,2025-01-12
2025011203013102,NABBC,20,45,20.0,988.0,19760.0,2025-01-12
2025011203013101,NABBC,20,34,90.0,988.0,88920.0,2025-01-12
2025011203013100,NABBC,20,21,50.0,987.3,49365.0,2025-01-12
2025011203013099,NABBC,20,16,100.0,986.3,98630.0,2025-01-12
2025011203013098,NABBC,20,48,10.0,986.0,9860.0,2025-01-12
2025011203013097,NABBC,20,29,10.0,986.0,9860.0,2025-01-12
2025011203013096,NABBC,20,65,10.0,985.0,9850.0,2025-01-12
2025011203013095,NABBC,20,39,100.0,984.3,98430.0,2025-01-12
2025011203013094,NABBC,20,14,100.0,979.2,97920.0,2025-01-12
2025011203013093,NABBC,20,4,90.0,979.0,88110.0,2025-01-12
2025011203013092,NABBC,20,58,10.0,979.0,9790.0,2025-01-12
2025011203013091,NABBC,20,56,50.0,978.0,48900.0,2025-01-12
2025011203013090,NABBC,20,34,50.0,976.0,48800.0,2025-01-12
2025011203013089,NABBC,20,45,10.0,974.1,9741.0,2025-01-12
2025011203013088,NABBC,20,33,30.0,974.0,29220.0,2025-01-12
2025011203013087,NABBC,20,91,299.0,974.0,291226.0,2025-01-12
2025011203013086,NABBC,20,34,100.0,974.0,97400.0,2025-01-12
2025011203013085,NABBC,20,60,100.0,974.0,97400.0,2025-01-12
2025011203013084,NABBC,20,29,402.0,970.0,389940.0,2025-01-12
2025011203013083,NABBC,20,34,100.0,969.9,96990.0,2025-01-12
2025011203013082,NABBC,20,34,74.0,969.0,71706.0,2025-01-12
2025011203013081,NABBC,20,34,100.0,969.0,96900.0,2025-01-12
2025011203013080,NABBC,20,47,65.0,969.0,62985.0,2025-01-12
2025011203013079,NABBC,20,5,100.0,969.0,96900.0,2025-01-12
2025011203013078,NABBC,20,38,100.0,969.0,96900.0,2025-01-12
2025011203013077,NABBC,20,45,10.0,968.0,9680.0,2025-01-12
2025011203013076,NABBC,20,7,10.0,967.9,9679.0,2025-01-12
2025011203013075,NABBC,20,22,10.0,967.0,9670.0,2025-01-12
2025011203013074,NABBC,20,22,10.0,967.0,9670.0,2025-01-12
2025011203013073,NABBC,20,5,200.0,966.0,193200.0,2025-01-12
2025011203013072,NABBC,20,21,800.0,966.0,772800.0,2025-01-12
2025011203013071,NABBC,20,19,393.0,965.0,379245.0,2025-01-12
2025011201012582,ULBSL,57,60,10.0,3915.1,39151.0,2025-01-12
2025011205009467,ILI,41,48,20.0,471.0,9420.0,2025-01-12
2025011201012581,AHL,41,41,10.0,772.0,7720.0,2025-01-12
2025011203013070,MLBBL,56,58,10.0,1577.0,15770.0,2025-01-12
2025011201012580,RHGCL,56,58,10.0,608.0,6080.0,2025-01-12
2025011204011345,HDHPC,55,6,30.0,197.5,5925.0,2025-01-12
2025011201012579,MHCL,55,44,388.0,545.0,211460.0,2025-01-12
2025011201012578,MHCL,55,58,900.0,545.0,490500.0,2025-01-12
2025011201012577,MHCL,55,41,20.0,543.0,10860.0,2025-01-12
2025011201012576,MHCL,55,56,10.0,543.0,5430.0,2025-01-12
2025011201012575,MHCL,55,25,150.0,542.8,81420.0,2025-01-12
2025011201012574,MHCL,55,19,400.0,542.0,216800.0,2025-01-12
2025011201012573,MHCL,55,47,813.0,540.0,439020.0,2025-01-12
2025011201012572,MHCL,55,56,10.0,540.0,5400.0,2025-01-12
2025011201012571,MHCL,55,77,500.0,540.0,270000.0,2025-01-12
2025011201012570,MHCL,55,38,30.0,540.0,16200.0,2025-01-12
2025011201012569,MHCL,55,36,20.0,539.9,10798.0,2025-01-12
2025011201012568,MHCL,55,65,200.0,539.0,107800.0,2025-01-12
2025011201012567,MHCL,55,58,30.0,539.0,16170.0,2025-01-12
2025011201012566,MHCL,55,34,129.0,539.0,69531.0,2025-01-12
2025011204011344,UMRH,96,7,15.0,657.0,9855.0,2025-01-12
2025011203013069,ALICL,36,17,90.0,726.0,65340.0,2025-01-12
2025011203013068,ALICL,36,56,10.0,726.0,7260.0,2025-01-12
2025011204011343,AKPL,44,45,110.0,235.0,25850.0,2025-01-12
2025011204011342,AKPL,7,45,40.0,235.1,9404.0,2025-01-12
2025011204011341,SHPC,45,66,10.0,471.0,4710.0,2025-01-12
2025011203013067,PFL,13,48,100.0,522.0,52200.0,2025-01-12
2025011203013066,PFL,52,48,20.0,522.0,10440.0,2025-01-12
2025011203013065,PFL,39,48,193.0,522.0,100746.0,2025-01-12
2025011204011340,UPCL,57,26,10.0,280.0,2800.0,2025-01-12
2025011201012565,UHEWA,50,70,30.0,860.2,25806.0,2025-01-12
2025011201012564,UHEWA,48,70,370.0,861.0,318570.0,2025-01-12
2025011201012563,SMHL,65,33,100.0,1386.0,138600.0,2025-01-12
2025011201012562,SGHC,13,57,100.0,523.8,52380.0,2025-01-12
2025011201012561,TVCL,3,19,60.0,579.9,34794.0,2025-01-12
2025011204011339,NICL,47,11,10.0,969.0,9690.0,2025-01-12
2025011204011338,UMHL,21,32,47.0,335.0,15745.0,2025-01-12
2025011204011337,UMHL,21,57,100.0,335.0,33500.0,2025-01-12
2025011204011336,UMHL,21,1,49.0,335.0,16415.0,2025-01-12
2025011204011335,JOSHI,61,57,10.0,425.0,4250.0,2025-01-12
2025011201012560,SMHL,65,38,100.0,1386.0,138600.0,2025-01-12
2025011201012559,RFPL,39,64,10.0,1462.0,14620.0,2025-01-12
2025011203013064,JSLBB,63,49,11.0,1640.0,18040.0,2025-01-12
2025011201012558,RHGCL,87,58,100.0,608.0,60800.0,2025-01-12
2025011203013063,LBBL,46,13,13.0,460.0,5980.0,2025-01-12
2025011205009466,HIDCL,1,41,30.0,240.4,7212.0,2025-01-12
2025011203013062,BFC,49,6,50.0,656.6,32830.0,2025-01-12
2025011203013061,BFC,1,6,50.0,657.4,32870.0,2025-01-12
2025011203013060,SLBSL,43,48,10.0,1800.0,18000.0,2025-01-12
2025011201012557,ULBSL,68,62,10.0,3915.1,39151.0,2025-01-12
2025011203013059,JFL,62,34,10.0,693.0,6930.0,2025-01-12
2025011203013058,SLBBL,62,62,10.0,918.2,9182.0,2025-01-12
2025011203013057,SLBSL,34,48,11.0,1800.0,19800.0,2025-01-12
2025011201012556,CYCL,62,51,10.0,1581.9,15819.0,2025-01-12
2025011203013056,NABBC,69,19,60.0,965.0,57900.0,2025-01-12
2025011204011334,CHL,69,53,10.0,420.0,4200.0,2025-01-12
2025011203013055,ILBS,13,77,9.0,960.4,8643.6,2025-01-12
2025011205009465,PHCL,65,11,10.0,555.1,5551.0,2025-01-12
2025011201012555,RHGCL,57,10,57.0,606.0,34542.0,2025-01-12
2025011201012554,RHGCL,34,10,10.0,607.0,6070.0,2025-01-12
2025011204011333,KKHC,17,38,10.0,378.1,3781.0,2025-01-12
2025011203013054,NABBC,28,19,47.0,965.0,45355.0,2025-01-12
2025011203013053,NABBC,28,1,93.0,964.9,89735.7,2025-01-12
2025011203013052,NABBC,28,34,10.0,964.8,9648.0,2025-01-12
2025011203013051,NABBC,28,49,50.0,950.0,47500.0,2025-01-12
2025011203013050,PROFL,37,8,45.0,605.0,27225.0,2025-01-12
2025011203013049,PROFL,37,28,55.0,605.0,33275.0,2025-01-12
2025011201012553,MKJC,77,32,64.0,560.0,35840.0,2025-01-12
2025011201012552,MKJC,77,58,40.0,560.0,22400.0,2025-01-12
2025011201012551,MKJC,77,29,40.0,560.0,22400.0,2025-01-12
2025011201012550,MKJC,77,58,11.0,559.0,6149.0,2025-01-12
2025011201012549,MKJC,77,34,400.0,558.9,223560.0,2025-01-12
2025011201012548,MKJC,77,39,200.0,558.0,111600.0,2025-01-12
2025011201012547,MKJC,77,34,56.0,558.0,31248.0,2025-01-12
2025011201012546,MKJC,77,60,189.0,555.0,104895.0,2025-01-12
2025011201012545,MKHL,53,38,10.0,648.0,6480.0,2025-01-12
2025011201012544,MKHL,53,49,60.0,644.0,38640.0,2025-01-12
2025011203013048,NFS,53,33,10.0,957.0,9570.0,2025-01-12
2025011201012543,EHPL,42,49,10.0,770.0,7700.0,2025-01-12
2025011201012542,KDL,42,66,10.0,1116.9,11169.0,2025-01-12
2025011201012541,KDL,42,45,60.0,1100.0,66000.0,2025-01-12
2025011205009464,SAHAS,42,22,250.0,494.5,123625.0,2025-01-12
2025011203013047,GRDBL,32,49,20.0,1132.0,22640.0,2025-01-12
2025011201012540,TAMOR,58,42,35.0,540.0,18900.0,2025-01-12
2025011201012539,TAMOR,58,43,800.0,540.0,432000.0,2025-01-12
2025011201012538,TAMOR,58,28,10.0,540.0,5400.0,2025-01-12
2025011201012537,TAMOR,58,13,200.0,540.0,108000.0,2025-01-12
2025011201012536,TAMOR,58,22,200.0,540.0,108000.0,2025-01-12
2025011201012535,TAMOR,58,60,50.0,540.0,27000.0,2025-01-12
2025011201012534,TAMOR,58,58,10.0,540.0,5400.0,2025-01-12
2025011201012533,TAMOR,58,28,10.0,540.0,5400.0,2025-01-12
2025011201012532,TAMOR,58,59,500.0,540.0,270000.0,2025-01-12
2025011201012531,TAMOR,58,39,10.0,540.0,5400.0,2025-01-12
2025011201012530,TAMOR,58,38,2000.0,540.0,1080000.0,2025-01-12
2025011201012529,TAMOR,58,59,10.0,540.0,5400.0,2025-01-12
2025011201012528,TAMOR,58,66,10.0,540.0,5400.0,2025-01-12
2025011201012527,TAMOR,58,63,50.0,540.0,27000.0,2025-01-12
2025011201012526,TAMOR,58,45,190.0,540.0,102600.0,2025-01-12
2025011201012525,TAMOR,58,78,915.0,539.9,494008.5,2025-01-12
2025011203013046,SFCL,14,45,10.0,654.0,6540.0,2025-01-12
2025011201012524,USHEC,25,58,10.0,667.0,6670.0,2025-01-12
2025011201012523,BHPL,86,92,30.0,873.0,26190.0,2025-01-12
2025011201012522,BHPL,42,92,10.0,883.0,8830.0,2025-01-12
2025011201012521,BHPL,1,92,210.0,883.0,185430.0,2025-01-12
2025011204011332,AHPC,14,7,400.0,251.0,100400.0,2025-01-12
2025011204011331,AHPC,14,57,100.0,251.0,25100.0,2025-01-12
2025011204011330,AHPC,14,58,500.0,250.5,125250.0,2025-01-12
2025011203013045,GBBL,14,22,300.0,392.4,117720.0,2025-01-12
2025011205009463,NRN,60,57,20.0,1114.0,22280.0,2025-01-12
2025011205009462,NRN,60,21,10.0,1114.0,11140.0,2025-01-12
2025011201012520,BGWT,58,60,369.0,1080.0,398520.0,2025-01-12
2025011203013044,MDB,60,21,10.0,651.5,6515.0,2025-01-12
2025011203013043,PFL,41,42,100.0,523.0,52300.0,2025-01-12
2025011203013042,ICFC,41,41,200.0,660.0,132000.0,2025-01-12
2025011201012519,SIKLES,68,34,10.0,863.0,8630.0,2025-01-12
2025011201012518,DORDI,71,56,80.0,602.0,48160.0,2025-01-12
2025011203013041,ICFC,58,41,30.0,662.0,19860.0,2025-01-12
2025011204011329,RURU,58,45,50.0,756.0,37800.0,2025-01-12
2025011201012517,NWCL,45,22,20.0,956.0,19120.0,2025-01-12
2025011205009461,CLI,66,45,10.0,692.0,6920.0,2025-01-12
2025011201012516,KBL,52,8,1000.0,209.7,209700.0,2025-01-12
2025011203013040,JFL,11,57,100.0,691.1,69110.0,2025-01-12
2025011203013039,JFL,21,57,500.0,692.0,346000.0,2025-01-12
2025011203013038,JFL,33,57,100.0,692.1,69210.0,2025-01-12
2025011204011328,UPPER,57,40,400.0,201.5,80600.0,2025-01-12
2025011201012515,MKHC,47,58,133.0,541.0,71953.0,2025-01-12
2025011201012514,MKHC,47,22,30.0,541.0,16230.0,2025-01-12
2025011201012513,MKHC,47,22,10.0,541.0,5410.0,2025-01-12
2025011201012512,MKHC,47,43,290.0,541.0,156890.0,2025-01-12
2025011201012511,MKHC,47,41,200.0,540.0,108000.0,2025-01-12
2025011201012510,MKHC,47,65,100.0,539.0,53900.0,2025-01-12
2025011201012509,MKHC,47,28,507.0,537.0,272259.0,2025-01-12
2025011201012508,MKHC,47,1,70.0,537.0,37590.0,2025-01-12
2025011201012507,MKHC,47,25,50.0,536.0,26800.0,2025-01-12
2025011201012506,MKHC,47,50,50.0,535.0,26750.0,2025-01-12
2025011201012505,MKHC,47,32,460.0,535.0,246100.0,2025-01-12
2025011201012504,MKHC,47,47,100.0,530.0,53000.0,2025-01-12
2025011203013037,SLBSL,21,48,10.0,1800.0,18000.0,2025-01-12
2025011205009460,CHDC,59,39,10.0,1594.0,15940.0,2025-01-12
2025011204011327,JOSHI,33,49,150.0,424.1,63615.0,2025-01-12
2025011204011326,JOSHI,22,49,200.0,425.0,85000.0,2025-01-12
2025011204011325,SPIL,38,16,10.0,804.0,8040.0,2025-01-12
2025011201012503,HBL,39,45,20.0,239.0,4780.0,2025-01-12
2025011203013036,MATRI,21,49,15.0,1230.1,18451.5,2025-01-12
2025011205009459,MBJC,80,58,30.0,343.0,10290.0,2025-01-12
2025011205009458,MBJC,80,39,10.0,343.0,3430.0,2025-01-12
2025011205009457,MBJC,80,34,10.0,343.0,3430.0,2025-01-12
2025011204011324,NGPL,66,18,10.0,264.9,2649.0,2025-01-12
2025011205009456,CIT,39,57,23.0,2000.0,46000.0,2025-01-12
2025011205009455,NRM,36,59,10.0,457.0,4570.0,2025-01-12
2025011201012502,CZBIL,1,13,10.0,214.0,2140.0,2025-01-12
2025011201012501,RFPL,62,64,30.0,1462.0,43860.0,2025-01-12
2025011201012500,RFPL,62,64,20.0,1435.0,28700.0,2025-01-12
2025011201012499,RFPL,62,49,50.0,1400.0,70000.0,2025-01-12
2025011201012498,RFPL,62,45,10.0,1390.0,13900.0,2025-01-12
2025011201012497,RFPL,62,57,10.0,1387.2,13872.0,2025-01-12
2025011201012496,RFPL,62,55,10.0,1387.0,13870.0,2025-01-12
2025011201012495,RFPL,62,62,50.0,1387.0,69350.0,2025-01-12
2025011201012494,RFPL,62,7,90.0,1387.0,124830.0,2025-01-12
2025011201012493,RFPL,62,62,50.0,1387.0,69350.0,2025-01-12
2025011201012492,RFPL,62,57,10.0,1387.0,13870.0,2025-01-12
2025011201012491,RFPL,62,25,10.0,1385.0,13850.0,2025-01-12
2025011201012490,RFPL,62,65,20.0,1382.0,27640.0,2025-01-12
2025011201012489,RFPL,62,14,10.0,1380.0,13800.0,2025-01-12
2025011201012488,RFPL,62,51,10.0,1378.0,13780.0,2025-01-12
2025011201012487,RFPL,62,22,10.0,1378.0,13780.0,2025-01-12
2025011201012486,RFPL,62,40,10.0,1378.0,13780.0,2025-01-12
2025011201012485,LSL,62,57,10.0,215.9,2159.0,2025-01-12
2025011201012484,LSL,62,16,176.0,215.0,37840.0,2025-01-12
2025011203013035,SLBSL,62,48,10.0,1800.0,18000.0,2025-01-12
2025011201012483,MCHL,34,54,10.0,618.0,6180.0,2025-01-12
2025011205009454,HDL,43,34,100.0,1160.2,116020.0,2025-01-12
2025011205009453,NRN,98,21,190.0,1114.0,211660.0,2025-01-12
2025011205009452,NRN,98,57,10.0,1114.0,11140.0,2025-01-12
2025011201012482,SMHL,65,50,100.0,1386.0,138600.0,2025-01-12
2025011201012481,UHEWA,50,49,70.0,869.0,60830.0,2025-01-12
2025011201012480,UHEWA,50,47,10.0,868.0,8680.0,2025-01-12
2025011201012479,UHEWA,50,38,10.0,868.0,8680.0,2025-01-12
2025011201012478,UHEWA,50,66,10.0,867.0,8670.0,2025-01-12
2025011201012477,UHEWA,50,49,100.0,867.0,86700.0,2025-01-12
2025011201012476,BEDC,74,34,155.0,738.2,114421.0,2025-01-12
2025011201012475,BEDC,74,47,200.0,737.1,147420.0,2025-01-12
2025011201012474,BEDC,74,48,50.0,737.0,36850.0,2025-01-12
2025011201012473,BEDC,74,41,10.0,736.0,7360.0,2025-01-12
2025011201012472,BEDC,74,47,10.0,735.0,7350.0,2025-01-12
2025011201012471,BEDC,74,59,50.0,734.0,36700.0,2025-01-12
2025011201012470,BEDC,74,49,25.0,734.0,18350.0,2025-01-12
2025011203013034,SINDU,17,71,1000.0,1189.0,1189000.0,2025-01-12
2025011205009451,HIDCL,53,41,10.0,240.4,2404.0,2025-01-12
2025011201012469,AHL,42,49,10.0,772.0,7720.0,2025-01-12
2025011204011323,HPPL,42,18,25.0,474.0,11850.0,2025-01-12
2025011204011322,HPPL,42,53,150.0,474.0,71100.0,2025-01-12
2025011204011321,HPPL,42,51,100.0,473.5,47350.0,2025-01-12
2025011204011320,HPPL,42,35,150.0,473.0,70950.0,2025-01-12
2025011204011319,HPPL,42,34,50.0,473.0,23650.0,2025-01-12
2025011204011318,HPPL,42,45,100.0,473.0,47300.0,2025-01-12
2025011204011317,HPPL,42,57,245.0,473.0,115885.0,2025-01-12
2025011204011316,HPPL,42,32,200.0,472.9,94580.0,2025-01-12
2025011204011315,HPPL,42,53,100.0,472.0,47200.0,2025-01-12
2025011204011314,HPPL,42,45,100.0,472.0,47200.0,2025-01-12
2025011204011313,HPPL,42,45,200.0,471.0,94200.0,2025-01-12
2025011204011312,HPPL,42,51,50.0,471.0,23550.0,2025-01-12
2025011204011311,HPPL,42,57,200.0,470.0,94000.0,2025-01-12
2025011204011310,HPPL,42,36,100.0,470.0,47000.0,2025-01-12
2025011204011309,HPPL,42,65,108.0,470.0,50760.0,2025-01-12
2025011204011308,HPPL,42,57,50.0,470.0,23500.0,2025-01-12
2025011204011307,HPPL,42,42,10.0,470.0,4700.0,2025-01-12
2025011204011306,HPPL,42,67,62.0,470.0,29140.0,2025-01-12
2025011201012468,RHGCL,20,58,10.0,608.0,6080.0,2025-01-12
2025011201012467,TVCL,51,19,110.0,579.9,63789.0,2025-01-12
2025011201012466,MHL,13,45,20.0,823.2,16464.0,2025-01-12
2025011201012465,HHL,58,45,50.0,542.0,27100.0,2025-01-12
2025011203013033,SWBBL,48,48,9.0,866.6,7799.4,2025-01-12
2025011203013032,MNBBL,45,5,365.0,369.0,134685.0,2025-01-12
2025011203013031,MNBBL,45,45,135.0,369.0,49815.0,2025-01-12
2025011204011305,RURU,45,41,80.0,759.0,60720.0,2025-01-12
2025011201012464,SPHL,45,45,130.0,818.5,106405.0,2025-01-12
2025011201012463,SPHL,44,45,20.0,818.5,16370.0,2025-01-12
2025011205009450,HRL,45,49,20.0,800.0,16000.0,2025-01-12
2025011205009449,NIFRA,57,33,100.0,249.6,24960.0,2025-01-12
2025011203013030,WNLB,56,57,30.0,2791.8,83754.0,2025-01-12
2025011201012462,MHL,38,45,10.0,838.0,8380.0,2025-01-12
2025011204011304,PPCL,38,35,123.0,284.0,34932.0,2025-01-12
2025011204011303,PPCL,38,60,377.0,284.0,107068.0,2025-01-12
2025011201012461,NABIL,58,38,44.0,490.1,21564.4,2025-01-12
2025011201012460,NABIL,42,38,100.0,490.1,49010.0,2025-01-12
2025011201012459,NABIL,45,38,30.0,490.1,14703.0,2025-01-12
2025011201012458,NABIL,58,38,50.0,490.2,24510.0,2025-01-12
2025011201012457,NABIL,8,38,100.0,490.2,49020.0,2025-01-12
2025011201012456,NABIL,45,38,100.0,490.3,49030.0,2025-01-12
2025011201012455,NABIL,54,38,10.0,490.5,4905.0,2025-01-12
2025011201012454,NABIL,41,38,200.0,490.5,98100.0,2025-01-12
2025011201012453,NABIL,49,38,200.0,490.5,98100.0,2025-01-12
2025011201012452,NABIL,41,38,20.0,490.5,9810.0,2025-01-12
2025011201012451,NABIL,58,38,656.0,490.5,321768.0,2025-01-12
2025011201012450,NABIL,44,38,100.0,490.6,49060.0,2025-01-12
2025011203013029,GRDBL,66,49,10.0,1132.0,11320.0,2025-01-12
2025011203013028,JBBL,49,41,10.0,361.9,3619.0,2025-01-12
2025011204011302,NGPL,43,18,100.0,264.9,26490.0,2025-01-12
2025011201012449,NESDO,34,62,10.0,2267.0,22670.0,2025-01-12
2025011204011301,KPCL,6,38,10.0,535.0,5350.0,2025-01-12
2025011203013027,ALICL,62,56,10.0,726.0,7260.0,2025-01-12
2025011203013026,SINDU,72,72,100.0,1208.9,120890.0,2025-01-12
2025011203013025,SINDU,72,16,100.0,1097.5,109750.0,2025-01-12
2025011203013024,SINDU,72,49,200.0,1097.5,219500.0,2025-01-12
2025011203013023,SINDU,72,53,100.0,1097.5,109750.0,2025-01-12
2025011203013022,SINDU,72,51,58.0,1097.5,63655.0,2025-01-12
2025011203013021,SINDU,72,52,2500.0,1097.5,2743750.0,2025-01-12
2025011203013020,SINDU,72,33,200.0,1097.5,219500.0,2025-01-12
2025011203013019,SINDU,72,75,200.0,1097.5,219500.0,2025-01-12
2025011203013018,SINDU,72,25,50.0,1097.5,54875.0,2025-01-12
2025011203013017,SINDU,72,19,100.0,1097.0,109700.0,2025-01-12
2025011203013016,SINDU,72,17,50.0,1097.0,54850.0,2025-01-12
2025011203013015,SINDU,72,52,400.0,1097.0,438800.0,2025-01-12
2025011203013014,SINDU,72,55,50.0,1097.0,54850.0,2025-01-12
2025011203013013,SINDU,72,42,100.0,1097.0,109700.0,2025-01-12
2025011203013012,SINDU,72,57,200.0,1097.0,219400.0,2025-01-12
2025011203013011,SINDU,72,16,120.0,1096.5,131580.0,2025-01-12
2025011203013010,SINDU,72,56,300.0,1096.5,328950.0,2025-01-12
2025011203013009,SINDU,72,48,500.0,1096.0,548000.0,2025-01-12
2025011203013008,SINDU,72,29,100.0,1096.0,109600.0,2025-01-12
2025011203013007,SINDU,72,29,500.0,1096.0,548000.0,2025-01-12
2025011203013006,SINDU,72,46,100.0,1096.0,109600.0,2025-01-12
2025011203013005,SINDU,72,71,300.0,1096.0,328800.0,2025-01-12
2025011203013004,SINDU,72,51,200.0,1096.0,219200.0,2025-01-12
2025011203013003,SINDU,72,38,4000.0,1095.0,4380000.0,2025-01-12
2025011203013002,SINDU,72,29,1000.0,1095.0,1095000.0,2025-01-12
2025011203013001,SINDU,72,29,200.0,1092.0,218400.0,2025-01-12
2025011203013000,SINDU,72,34,100.0,1091.0,109100.0,2025-01-12
2025011203012999,SINDU,72,13,450.0,1091.0,490950.0,2025-01-12
2025011203012998,SINDU,72,22,60.0,1091.0,65460.0,2025-01-12
2025011203012997,SINDU,72,16,200.0,1091.0,218200.0,2025-01-12
2025011203012996,SINDU,72,71,1000.0,1091.0,1091000.0,2025-01-12
2025011203012995,SINDU,72,17,100.0,1091.0,109100.0,2025-01-12
2025011203012994,SINDU,72,34,1000.0,1091.0,1091000.0,2025-01-12
2025011203012993,SINDU,72,1,100.0,1091.0,109100.0,2025-01-12
2025011203012992,SINDU,72,46,50.0,1090.3,54515.0,2025-01-12
2025011203012991,SINDU,72,1,200.0,1090.0,218000.0,2025-01-12
2025011203012990,SINDU,72,14,200.0,1089.0,217800.0,2025-01-12
2025011203012989,SINDU,72,22,200.0,1089.0,217800.0,2025-01-12
2025011203012988,SINDU,72,25,50.0,1089.0,54450.0,2025-01-12
2025011203012987,SINDU,72,74,50.0,1088.0,54400.0,2025-01-12
2025011203012986,SINDU,72,45,550.0,1087.3,598015.0,2025-01-12
2025011203012985,SINDU,72,41,1000.0,1087.3,1087300.0,2025-01-12
2025011203012984,SINDU,72,29,100.0,1087.0,108700.0,2025-01-12
2025011203012983,SINDU,72,34,100.0,1086.0,108600.0,2025-01-12
2025011203012982,SINDU,72,16,100.0,1085.2,108520.0,2025-01-12
2025011203012981,SINDU,72,71,500.0,1085.2,542600.0,2025-01-12
2025011203012980,SINDU,72,94,200.0,1085.0,217000.0,2025-01-12
2025011203012979,SINDU,72,48,720.0,1085.0,781200.0,2025-01-12
2025011203012978,SINDU,72,56,500.0,1085.0,542500.0,2025-01-12
2025011203012977,SINDU,72,47,153.0,1085.0,166005.0,2025-01-12
2025011203012976,SINDU,72,16,400.0,1084.2,433680.0,2025-01-12
2025011203012975,SINDU,72,49,100.0,1084.2,108420.0,2025-01-12
2025011203012974,SINDU,72,78,400.0,1084.0,433600.0,2025-01-12
2025011203012973,SINDU,72,21,100.0,1084.0,108400.0,2025-01-12
2025011203012972,SINDU,72,16,100.0,1083.2,108320.0,2025-01-12
2025011203012971,SINDU,72,10,100.0,1083.0,108300.0,2025-01-12
2025011203012970,SINDU,72,60,2854.0,1082.2,3088598.8,2025-01-12
2025011203012969,SINDU,72,21,800.0,1081.2,864960.0,2025-01-12
2025011203012968,SINDU,72,39,100.0,1081.0,108100.0,2025-01-12
2025011203012967,SINDU,72,72,400.0,1081.0,432400.0,2025-01-12
2025011203012966,SINDU,72,57,100.0,1080.0,108000.0,2025-01-12
2025011203012965,SINDU,72,6,280.0,1078.0,301840.0,2025-01-12
2025011203012964,SINDU,72,71,1000.0,1076.1,1076100.0,2025-01-12
2025011203012963,SINDU,72,95,10.0,1076.0,10760.0,2025-01-12
2025011203012962,SINDU,72,77,30.0,1075.0,32250.0,2025-01-12
2025011203012961,SINDU,72,76,1000.0,1075.0,1075000.0,2025-01-12
2025011203012960,SINDU,72,46,100.0,1071.0,107100.0,2025-01-12
2025011203012959,SINDU,72,16,100.0,1070.0,107000.0,2025-01-12
2025011203012958,SINDU,72,58,165.0,1070.0,176550.0,2025-01-12
2025011203012957,SINDU,72,49,100.0,1070.0,107000.0,2025-01-12
2025011203012956,SINDU,72,41,100.0,1070.0,107000.0,2025-01-12
2025011203012955,SINDU,72,29,432.0,1069.9,462196.8,2025-01-12
2025011203012954,SINDU,72,7,90.0,1069.8,96282.0,2025-01-12
2025011203012953,SINDU,72,17,100.0,1069.6,106960.0,2025-01-12
2025011203012952,SINDU,72,25,50.0,1069.0,53450.0,2025-01-12
2025011203012951,SINDU,72,41,100.0,1068.0,106800.0,2025-01-12
2025011203012950,SINDU,72,41,150.0,1067.9,160185.0,2025-01-12
2025011203012949,SINDU,72,57,220.0,1067.9,234938.0,2025-01-12
2025011203012948,SINDU,72,57,200.0,1067.0,213400.0,2025-01-12
2025011203012947,SINDU,72,40,490.0,1067.0,522830.0,2025-01-12
2025011203012946,SINDU,72,51,846.0,1066.4,902174.4,2025-01-12
2025011203012945,SINDU,72,57,100.0,1066.0,106600.0,2025-01-12
2025011203012944,SINDU,72,38,800.0,1065.0,852000.0,2025-01-12
2025011203012943,SINDU,72,22,50.0,1065.0,53250.0,2025-01-12
2025011203012942,SINDU,72,57,50.0,1065.0,53250.0,2025-01-12
2025011203012941,SINDU,72,25,50.0,1064.5,53225.0,2025-01-12
2025011203012940,SINDU,72,62,200.0,1064.0,212800.0,2025-01-12
2025011203012939,SINDU,72,78,400.0,1064.0,425600.0,2025-01-12
2025011203012938,SINDU,72,72,100.0,1064.0,106400.0,2025-01-12
2025011203012937,SINDU,72,64,10.0,1064.0,10640.0,2025-01-12
2025011203012936,SINDU,72,59,40.0,1063.9,42556.0,2025-01-12
2025011203012935,SINDU,72,50,200.0,1062.0,212400.0,2025-01-12
2025011203012934,SINDU,72,59,50.0,1061.0,53050.0,2025-01-12
2025011203012933,SINDU,72,37,90.0,1061.0,95490.0,2025-01-12
2025011203012932,SINDU,72,75,300.0,1060.0,318000.0,2025-01-12
2025011203012931,SINDU,72,45,100.0,1060.0,106000.0,2025-01-12
2025011203012930,SINDU,72,51,100.0,1060.0,106000.0,2025-01-12
2025011203012929,SINDU,72,16,130.0,1060.0,137800.0,2025-01-12
2025011203012928,SINDU,72,59,50.0,1060.0,53000.0,2025-01-12
2025011203012927,SINDU,72,33,200.0,1058.0,211600.0,2025-01-12
2025011203012926,SINDU,72,43,130.0,1055.0,137150.0,2025-01-12
2025011203012925,SINDU,72,43,180.0,1055.0,189900.0,2025-01-12
2025011203012924,SINDU,72,43,200.0,1055.0,211000.0,2025-01-12
2025011203012923,SINDU,72,43,120.0,1055.0,126600.0,2025-01-12
2025011203012922,SINDU,72,34,100.0,1050.0,105000.0,2025-01-12
2025011203012921,SINDU,72,36,50.0,1048.0,52400.0,2025-01-12
2025011203012920,SINDU,72,78,300.0,1047.0,314100.0,2025-01-12
2025011203012919,SINDU,72,28,375.0,1047.0,392625.0,2025-01-12
2025011203012918,SINDU,72,28,345.0,1047.0,361215.0,2025-01-12
2025011203012917,SINDU,72,42,80.0,1045.0,83600.0,2025-01-12
2025011203012916,SINDU,72,42,25.0,1045.0,26125.0,2025-01-12
2025011203012915,SINDU,72,78,500.0,1045.0,522500.0,2025-01-12
2025011205009448,ILI,36,1,12.0,470.5,5646.0,2025-01-12
2025011204011300,UPPER,50,40,2000.0,201.5,403000.0,2025-01-12
2025011201012448,TVCL,28,80,50.0,579.0,28950.0,2025-01-12
2025011201012447,TVCL,28,42,40.0,578.0,23120.0,2025-01-12
2025011203012914,NFS,42,33,21.0,957.0,20097.0,2025-01-12
2025011205009447,CIT,32,36,10.0,1998.0,19980.0,2025-01-12
2025011203012913,ALICL,58,19,70.0,722.8,50596.0,2025-01-12
2025011204011299,NLG,55,14,300.0,1020.0,306000.0,2025-01-12
2025011201012446,SPL,67,38,10.0,972.0,9720.0,2025-01-12
2025011201012445,TPC,41,49,10.0,555.0,5550.0,2025-01-12
2025011205009446,MEL,55,58,764.0,345.0,263580.0,2025-01-12
2025011205009445,MEL,55,26,300.0,345.0,103500.0,2025-01-12
2025011205009444,MEL,55,13,50.0,345.0,17250.0,2025-01-12
2025011205009443,MEL,55,42,310.0,343.0,106330.0,2025-01-12
2025011205009442,MEL,55,58,1050.0,343.0,360150.0,2025-01-12
2025011205009441,MEL,55,45,130.0,343.0,44590.0,2025-01-12
2025011205009440,MEL,55,28,500.0,343.0,171500.0,2025-01-12
2025011205009439,MEL,55,28,500.0,343.0,171500.0,2025-01-12
2025011205009438,MEL,55,54,21.0,342.0,7182.0,2025-01-12
2025011205009437,MEL,55,25,10.0,342.0,3420.0,2025-01-12
2025011205009436,MEL,55,40,2000.0,342.0,684000.0,2025-01-12
2025011205009435,MEL,55,58,300.0,342.0,102600.0,2025-01-12
2025011205009434,MEL,55,45,650.0,341.9,222235.0,2025-01-12
2025011205009433,MEL,55,22,500.0,341.8,170900.0,2025-01-12
2025011203012912,MDB,6,65,22.0,649.4,14286.8,2025-01-12
2025011203012911,MDB,17,65,100.0,649.5,64950.0,2025-01-12
2025011203012910,MDB,55,65,45.0,649.5,29227.5,2025-01-12
2025011205009432,MEL,55,32,150.0,341.8,51270.0,2025-01-12
2025011203012909,MDB,87,65,10.0,649.5,6495.0,2025-01-12
2025011203012908,MDB,49,65,30.0,649.6,19488.0,2025-01-12
2025011203012907,MDB,55,65,100.0,649.7,64970.0,2025-01-12
2025011205009431,MEL,55,25,555.0,341.0,189255.0,2025-01-12
2025011203012906,MDB,42,65,183.0,649.8,118913.4,2025-01-12
2025011205009430,MEL,55,63,210.0,341.0,71610.0,2025-01-12
2025011204011298,SHL,65,26,100.0,490.0,49000.0,2025-01-12
2025011204011297,SHL,65,57,500.0,490.0,245000.0,2025-01-12
2025011204011296,SHL,65,53,150.0,489.9,73485.0,2025-01-12
2025011204011295,GHL,58,43,100.0,203.4,20340.0,2025-01-12
2025011203012905,SAPDBL,44,48,190.0,1146.0,217740.0,2025-01-12
2025011203012904,SAPDBL,56,48,10.0,1146.0,11460.0,2025-01-12
2025011201012444,DOLTI,8,49,47.0,728.0,34216.0,2025-01-12
2025011201012443,DOLTI,8,34,10.0,728.0,7280.0,2025-01-12
2025011201012442,DOLTI,8,33,143.0,728.0,104104.0,2025-01-12
2025011201012441,DOLTI,8,40,200.0,727.9,145580.0,2025-01-12
2025011205009429,HATHY,59,94,10.0,1359.0,13590.0,2025-01-12
2025011203012903,JFL,57,34,10.0,693.0,6930.0,2025-01-12
2025011205009428,PHCL,66,39,10.0,559.5,5595.0,2025-01-12
2025011201012440,SIGS3,42,66,400.0,9.73,3892.0,2025-01-12
2025011204011294,SSHL,14,39,10.0,231.2,2312.0,2025-01-12
2025011201012439,SMH,34,45,10.0,1115.0,11150.0,2025-01-12
2025011203012902,SINDU,77,72,100.0,1001.6,100160.0,2025-01-12
2025011203012901,SINDU,49,72,105.0,1009.4,105987.0,2025-01-12
2025011203012900,SINDU,45,72,100.0,1009.4,100940.0,2025-01-12
2025011203012899,SINDU,58,72,200.0,1009.4,201880.0,2025-01-12
2025011203012898,SINDU,34,72,10.0,1009.4,10094.0,2025-01-12
2025011203012897,SINDU,49,72,100.0,1010.0,101000.0,2025-01-12
2025011203012896,SINDU,40,72,200.0,1010.0,202000.0,2025-01-12
2025011203012895,SINDU,49,72,20.0,1010.1,20202.0,2025-01-12
2025011203012894,SINDU,34,72,100.0,1011.0,101100.0,2025-01-12
2025011203012893,SINDU,49,72,100.0,1011.0,101100.0,2025-01-12
2025011203012892,SINDU,51,72,70.0,1011.4,70798.0,2025-01-12
2025011203012891,SINDU,43,72,300.0,1011.5,303450.0,2025-01-12
2025011203012890,SINDU,57,72,200.0,1012.0,202400.0,2025-01-12
2025011203012889,SINDU,39,72,100.0,1014.0,101400.0,2025-01-12
2025011203012888,SINDU,64,72,100.0,1015.0,101500.0,2025-01-12
2025011203012887,SINDU,36,72,50.0,1015.0,50750.0,2025-01-12
2025011203012886,SINDU,16,72,4000.0,1015.5,4062000.0,2025-01-12
2025011203012885,SINDU,58,72,500.0,1015.5,507750.0,2025-01-12
2025011203012884,SINDU,36,72,10.0,1019.0,10190.0,2025-01-12
2025011203012883,SINDU,36,72,20.0,1019.0,20380.0,2025-01-12
2025011203012882,SINDU,26,72,1000.0,1019.2,1019200.0,2025-01-12
2025011203012881,SINDU,5,72,1000.0,1019.2,1019200.0,2025-01-12
2025011203012880,SINDU,16,72,300.0,1019.2,305760.0,2025-01-12
2025011203012879,SINDU,71,72,500.0,1019.2,509600.0,2025-01-12
2025011203012878,SINDU,25,72,500.0,1019.2,509600.0,2025-01-12
2025011203012877,SINDU,57,72,16.0,1019.2,16307.2,2025-01-12
2025011203012876,SINDU,57,72,42.0,1019.2,42806.4,2025-01-12
2025011203012875,SINDU,35,72,20.0,1019.2,20384.0,2025-01-12
2025011203012874,SINDU,43,72,2000.0,1019.2,2038400.0,2025-01-12
2025011203012873,SINDU,58,72,10.0,1019.3,10193.0,2025-01-12
2025011203012872,SINDU,50,72,1500.0,1019.3,1528950.0,2025-01-12
2025011203012871,SINDU,38,72,20.0,1020.0,20400.0,2025-01-12
2025011203012870,SINDU,21,72,200.0,1020.0,204000.0,2025-01-12
2025011203012869,SINDU,26,72,100.0,1020.0,102000.0,2025-01-12
2025011203012868,SINDU,57,72,50.0,1020.0,51000.0,2025-01-12
2025011203012867,SINDU,36,72,20.0,1021.0,20420.0,2025-01-12
2025011203012866,SINDU,62,72,300.0,1021.2,306360.0,2025-01-12
2025011203012865,SINDU,92,72,200.0,1021.2,204240.0,2025-01-12
2025011203012864,SINDU,32,72,20.0,1022.0,20440.0,2025-01-12
2025011203012863,SINDU,8,72,100.0,1022.0,102200.0,2025-01-12
2025011203012862,SINDU,16,72,100.0,1024.1,102410.0,2025-01-12
2025011203012861,SINDU,88,72,5000.0,1024.2,5121000.0,2025-01-12
2025011203012860,SINDU,71,72,300.0,1024.2,307260.0,2025-01-12
2025011203012859,SINDU,21,72,100.0,1025.0,102500.0,2025-01-12
2025011203012858,SINDU,45,72,30.0,1026.0,30780.0,2025-01-12
2025011203012857,SINDU,51,72,50.0,1028.0,51400.0,2025-01-12
2025011203012856,SINDU,52,72,1000.0,1028.0,1028000.0,2025-01-12
2025011203012855,SINDU,51,72,60.0,1029.0,61740.0,2025-01-12
2025011203012854,SINDU,52,72,85.0,1030.0,87550.0,2025-01-12
2025011203012853,SINDU,49,72,10.0,1030.0,10300.0,2025-01-12
2025011203012852,SINDU,82,72,100.0,1030.0,103000.0,2025-01-12
2025011203012851,SINDU,58,72,50.0,1030.0,51500.0,2025-01-12
2025011203012850,SINDU,82,72,1000.0,1030.1,1030100.0,2025-01-12
2025011203012849,SINDU,49,72,100.0,1030.8,103080.0,2025-01-12
2025011203012848,SINDU,45,72,100.0,1032.0,103200.0,2025-01-12
2025011203012847,SINDU,11,72,40.0,1032.1,41284.0,2025-01-12
2025011203012846,SINDU,17,72,400.0,1033.0,413200.0,2025-01-12
2025011203012845,SINDU,17,72,100.0,1033.1,103310.0,2025-01-12
2025011203012844,SINDU,71,72,100.0,1033.9,103390.0,2025-01-12
2025011203012843,SINDU,94,72,200.0,1033.9,206780.0,2025-01-12
2025011203012842,SINDU,25,72,25.0,1035.0,25875.0,2025-01-12
2025011203012841,SINDU,45,72,200.0,1035.0,207000.0,2025-01-12
2025011203012840,SINDU,59,72,100.0,1036.0,103600.0,2025-01-12
2025011203012839,SINDU,16,72,111.0,1036.2,115018.2,2025-01-12
2025011203012838,SINDU,59,72,500.0,1038.0,519000.0,2025-01-12
2025011203012837,SINDU,17,72,95.0,1040.0,98800.0,2025-01-12
2025011203012836,SINDU,26,72,285.0,1040.0,296400.0,2025-01-12
2025011203012835,SINDU,58,72,100.0,1042.0,104200.0,2025-01-12
2025011203012834,SINDU,37,72,50.0,1042.0,52100.0,2025-01-12
2025011204011293,UMRH,69,7,10.0,657.0,6570.0,2025-01-12
2025011204011292,UMHL,69,1,43.0,335.0,14405.0,2025-01-12
2025011204011291,UMHL,69,3,300.0,335.0,100500.0,2025-01-12
2025011204011290,UMHL,69,57,14.0,334.9,4688.6,2025-01-12
2025011204011289,UMHL,69,32,43.0,334.0,14362.0,2025-01-12
2025011204011288,UMHL,69,34,300.0,333.0,99900.0,2025-01-12
2025011204011287,UMHL,69,37,300.0,333.0,99900.0,2025-01-12
2025011204011286,LEC,58,26,120.0,207.3,24876.0,2025-01-12
2025011204011285,LEC,42,26,20.0,207.5,4150.0,2025-01-12
2025011204011284,LEC,21,26,60.0,207.6,12456.0,2025-01-12
2025011201012438,PRVU,26,56,10.0,221.5,2215.0,2025-01-12
2025011204011283,SHPC,35,66,10.0,471.0,4710.0,2025-01-12
2025011204011282,RIDI,42,35,50.0,226.0,11300.0,2025-01-12
2025011204011281,RIDI,32,35,300.0,226.1,67830.0,2025-01-12
2025011204011280,RIDI,20,35,900.0,226.2,203580.0,2025-01-12
2025011204011279,RIDI,25,35,300.0,226.3,67890.0,2025-01-12
2025011204011278,RIDI,42,35,420.0,227.0,95340.0,2025-01-12
2025011204011277,RIDI,47,35,30.0,227.0,6810.0,2025-01-12
2025011204011276,AKJCL,28,33,11.0,199.0,2189.0,2025-01-12
2025011204011275,AKJCL,28,34,75.0,199.0,14925.0,2025-01-12
2025011204011274,AKJCL,28,33,811.0,199.0,161389.0,2025-01-12
2025011204011273,AKJCL,28,41,30.0,198.9,5967.0,2025-01-12
2025011204011272,AKJCL,28,34,573.0,198.0,113454.0,2025-01-12
2025011201012437,CKHL,57,77,10.0,795.0,7950.0,2025-01-12
2025011201012436,MAKAR,44,95,10.0,648.9,6489.0,2025-01-12
2025011205009427,NIBSF2,5,49,500.0,8.5,4250.0,2025-01-12
2025011204011271,GLH,57,42,50.0,245.0,12250.0,2025-01-12
2025011204011270,SHPC,60,66,10.0,471.0,4710.0,2025-01-12
2025011201012435,MKCL,14,34,10.0,1499.0,14990.0,2025-01-12
2025011201012434,BHDC,14,21,10.0,684.0,6840.0,2025-01-12
2025011204011269,CHCL,14,56,327.0,504.5,164971.5,2025-01-12
2025011205009426,PHCL,65,39,100.0,559.5,55950.0,2025-01-12
2025011203012833,NMBMF,58,14,10.0,711.0,7110.0,2025-01-12
2025011201012433,TVCL,58,42,10.0,578.0,5780.0,2025-01-12
2025011201012432,TAMOR,16,78,85.0,539.9,45891.5,2025-01-12
2025011201012431,TAMOR,16,59,115.0,538.0,61870.0,2025-01-12
2025011201012430,BHPL,42,16,10.0,890.0,8900.0,2025-01-12
2025011203012832,MFIL,47,47,100.0,652.0,65200.0,2025-01-12
2025011203012831,GFCL,38,56,10.0,792.0,7920.0,2025-01-12
2025011205009425,SHIVM,39,25,100.0,526.0,52600.0,2025-01-12
2025011204011268,API,38,49,181.0,264.0,47784.0,2025-01-12
2025011204011267,NICL,56,1,90.0,961.4,86526.0,2025-01-12
2025011204011266,NICL,45,1,410.0,961.5,394215.0,2025-01-12
2025011201012429,MANDU,26,6,36.0,895.0,32220.0,2025-01-12
2025011201012428,MANDU,100,6,10.0,895.0,8950.0,2025-01-12
2025011201012427,MANDU,42,6,120.0,895.0,107400.0,2025-01-12
2025011201012426,MANDU,58,6,10.0,895.1,8951.0,2025-01-12
2025011201012425,MANDU,42,6,69.0,896.0,61824.0,2025-01-12
2025011201012424,MANDU,36,6,25.0,896.1,22402.5,2025-01-12
2025011201012423,MANDU,58,6,10.0,896.2,8962.0,2025-01-12
2025011201012422,MANDU,6,6,20.0,896.3,17926.0,2025-01-12
2025011201012421,MKHL,26,34,300.0,642.0,192600.0,2025-01-12
2025011204011265,SHEL,44,34,10.0,258.0,2580.0,2025-01-12
2025011204011264,KKHC,50,32,358.0,378.0,135324.0,2025-01-12
2025011204011263,CGH,26,34,100.0,892.0,89200.0,2025-01-12
2025011201012420,EBL,11,45,100.0,585.0,58500.0,2025-01-12
2025011201012419,EBL,11,34,38.0,585.0,22230.0,2025-01-12
2025011201012418,EBL,11,17,200.0,585.0,117000.0,2025-01-12
2025011201012417,EBL,11,71,90.0,584.9,52641.0,2025-01-12
2025011201012416,EBL,11,38,900.0,584.6,526140.0,2025-01-12
2025011201012415,EBL,11,71,101.0,584.5,59034.5,2025-01-12
2025011201012414,EBL,11,51,1009.0,583.0,588247.0,2025-01-12
2025011205009424,NRN,39,99,300.0,1112.0,333600.0,2025-01-12
2025011205009423,PSF,5,34,10000.0,9.98,99800.0,2025-01-12
2025011204011262,UPCL,40,42,200.0,276.1,55220.0,2025-01-12
2025011203012830,PROFL,58,14,50.0,604.0,30200.0,2025-01-12
2025011203012829,PROFL,59,14,50.0,604.1,30205.0,2025-01-12
2025011204011261,SHEL,58,22,876.0,258.4,226358.4,2025-01-12
2025011204011260,SHEL,58,42,124.0,258.2,32016.8,2025-01-12
2025011204011259,SHEL,8,42,100.0,258.2,25820.0,2025-01-12
2025011203012828,NFS,21,33,30.0,957.0,28710.0,2025-01-12
2025011205009422,SONA,17,33,191.0,454.0,86714.0,2025-01-12
2025011205009421,SAHAS,26,33,200.0,491.1,98220.0,2025-01-12
2025011203012827,MFIL,57,51,11.0,654.9,7203.9,2025-01-12
2025011203012826,MFIL,57,45,20.0,653.0,13060.0,2025-01-12
2025011203012825,PROFL,59,28,15.0,605.0,9075.0,2025-01-12
2025011203012824,PROFL,59,14,85.0,605.0,51425.0,2025-01-12
2025011205009420,HATHY,38,94,10.0,1359.0,13590.0,2025-01-12
2025011205009419,NRN,39,49,20.0,1112.0,22240.0,2025-01-12
2025011205009418,SMJC,62,34,170.0,544.0,92480.0,2025-01-12
2025011205009417,SMJC,62,1,100.0,544.0,54400.0,2025-01-12
2025011204011258,NGPL,25,62,92.0,264.5,24334.0,2025-01-12
2025011204011257,NGPL,26,62,108.0,264.8,28598.4,2025-01-12
2025011204011256,UMRH,69,7,140.0,657.0,91980.0,2025-01-12
2025011203012823,SJLIC,55,26,200.0,449.0,89800.0,2025-01-12
2025011201012413,MKHL,26,47,375.0,642.0,240750.0,2025-01-12
2025011204011255,PPCL,7,59,100.0,283.0,28300.0,2025-01-12
2025011204011254,PPCL,7,35,10.0,283.0,2830.0,2025-01-12
2025011201012412,LSL,59,42,10.0,214.1,2141.0,2025-01-12
2025011203012822,MDB,32,21,10.0,651.5,6515.0,2025-01-12
2025011201012411,CITY,26,42,100.0,900.0,90000.0,2025-01-12
2025011204011253,NGPL,26,32,300.0,264.8,79440.0,2025-01-12
2025011205009416,CLI,66,25,10.0,692.0,6920.0,2025-01-12
2025011205009415,CLI,66,41,10.0,692.0,6920.0,2025-01-12
2025011204011252,NLG,55,58,500.0,1020.0,510000.0,2025-01-12
2025011201012410,SMHL,65,22,90.0,1386.0,124740.0,2025-01-12
2025011204011251,UAIL,45,14,80.0,647.0,51760.0,2025-01-12
2025011204011250,UAIL,45,17,45.0,646.0,29070.0,2025-01-12
2025011203012821,MPFL,59,45,100.0,686.0,68600.0,2025-01-12
2025011201012409,SCB,38,57,95.0,671.1,63754.5,2025-01-12
2025011201012408,SCB,25,57,282.0,671.1,189250.2,2025-01-12
2025011203012820,SKBBL,57,45,10.0,820.0,8200.0,2025-01-12
2025011203012819,MPFL,59,58,30.0,686.0,20580.0,2025-01-12
2025011203012818,EDBL,16,49,10.0,590.2,5902.0,2025-01-12
2025011201012407,MEHL,36,99,50.0,495.0,24750.0,2025-01-12
2025011201012406,CYCL,62,51,10.0,1581.9,15819.0,2025-01-12
2025011203012817,HLI,69,55,235.0,451.0,105985.0,2025-01-12
2025011203012816,HLI,69,55,10.0,451.0,4510.0,2025-01-12
2025011203012815,HLI,69,21,30.0,451.0,13530.0,2025-01-12
2025011201012405,TAMOR,58,59,385.0,538.0,207130.0,2025-01-12
2025011201012404,TAMOR,58,8,100.0,535.0,53500.0,2025-01-12
2025011201012403,TAMOR,58,58,10.0,535.0,5350.0,2025-01-12
2025011201012402,TAMOR,58,52,10.0,535.0,5350.0,2025-01-12
2025011201012401,TAMOR,58,38,1500.0,535.0,802500.0,2025-01-12
2025011201012400,TAMOR,58,32,10.0,534.9,5349.0,2025-01-12
2025011201012399,TAMOR,58,60,200.0,534.9,106980.0,2025-01-12
2025011201012398,TAMOR,58,44,40.0,534.9,21396.0,2025-01-12
2025011201012397,TAMOR,58,45,20.0,534.9,10698.0,2025-01-12
2025011201012396,TAMOR,58,77,2465.0,534.7,1318035.5,2025-01-12
2025011201012395,TAMOR,58,52,260.0,533.0,138580.0,2025-01-12
2025011201012394,KBSH,36,57,30.0,2500.0,75000.0,2025-01-12
2025011203012814,GLBSL,28,34,35.0,2318.0,81130.0,2025-01-12
2025011204011249,UPCL,44,26,10.0,280.0,2800.0,2025-01-12
2025011204011248,HPPL,49,32,200.0,465.0,93000.0,2025-01-12
2025011201012393,SPC,40,34,200.0,524.0,104800.0,2025-01-12
2025011204011247,KKHC,19,32,500.0,378.0,189000.0,2025-01-12
2025011204011246,JOSHI,22,58,400.0,425.0,170000.0,2025-01-12
2025011204011245,JOSHI,50,58,100.0,425.0,42500.0,2025-01-12
2025011205009414,NRM,40,48,75.0,456.0,34200.0,2025-01-12
2025011205009413,NRM,75,48,25.0,456.0,11400.0,2025-01-12
2025011204011244,SPDL,70,32,10.0,342.7,3427.0,2025-01-12
2025011203012813,JFL,33,8,100.0,692.1,69210.0,2025-01-12
2025011203012812,JFL,48,8,50.0,693.0,34650.0,2025-01-12
2025011204011243,LEC,21,38,300.0,208.0,62400.0,2025-01-12
2025011203012811,LLBS,33,35,10.0,1100.0,11000.0,2025-01-12
2025011205009412,HRL,36,49,29.0,800.0,23200.0,2025-01-12
2025011201012392,DORDI,25,49,10.0,597.1,5971.0,2025-01-12
2025011201012391,IHL,26,43,300.0,675.1,202530.0,2025-01-12
2025011201012390,SARBTM,62,41,50.0,745.0,37250.0,2025-01-12
2025011201012389,SARBTM,62,57,950.0,745.0,707750.0,2025-01-12
2025011204011242,AKJCL,42,6,500.0,197.8,98900.0,2025-01-12
2025011201012388,NWCL,48,13,10.0,951.0,9510.0,2025-01-12
2025011201012387,NWCL,58,13,30.0,951.0,28530.0,2025-01-12
2025011201012386,NWCL,62,13,30.0,952.1,28563.0,2025-01-12
2025011203012810,ALBSL,52,84,10.0,808.0,8080.0,2025-01-12
2025011203012809,PFL,34,42,30.0,523.0,15690.0,2025-01-12
2025011201012385,MBL,41,34,200.0,229.7,45940.0,2025-01-12
2025011201012384,MBL,1,34,50.0,229.8,11490.0,2025-01-12
2025011203012808,PMLI,57,26,40.0,563.1,22524.0,2025-01-12
2025011204011241,SHPC,50,35,500.0,470.1,235050.0,2025-01-12
2025011203012807,MLBBL,58,19,468.0,1571.0,735228.0,2025-01-12
2025011203012806,MLBBL,58,19,462.0,1571.0,725802.0,2025-01-12
2025011203012805,MLBBL,44,19,100.0,1571.1,157110.0,2025-01-12
2025011203012804,MLBBL,80,19,30.0,1571.3,47139.0,2025-01-12
2025011205009411,SAHAS,71,57,10.0,494.8,4948.0,2025-01-12
2025011204011240,PRIN,56,43,10.0,968.4,9684.0,2025-01-12
2025011203012803,CFCL,51,38,100.0,606.0,60600.0,2025-01-12
2025011204011239,AHPC,36,58,200.0,250.0,50000.0,2025-01-12
2025011201012383,NIMB,22,42,100.0,213.2,21320.0,2025-01-12
2025011203012802,SFCL,58,59,80.0,654.0,52320.0,2025-01-12
2025011203012801,SFCL,58,44,20.0,653.0,13060.0,2025-01-12
2025011203012800,SMB,45,1,10.0,2555.0,25550.0,2025-01-12
2025011203012799,GMFIL,47,38,10.0,540.0,5400.0,2025-01-12
2025011203012798,GMFIL,47,38,292.0,540.0,157680.0,2025-01-12
2025011203012797,GMFIL,47,22,79.0,540.0,42660.0,2025-01-12
2025011201012382,NESDO,66,57,10.0,2290.0,22900.0,2025-01-12
2025011204011238,UMRH,69,7,10.0,657.0,6570.0,2025-01-12
2025011205009410,HATHY,69,94,120.0,1359.0,163080.0,2025-01-12
2025011205009409,HATHY,69,6,50.0,1357.0,67850.0,2025-01-12
2025011205009408,HATHY,69,34,50.0,1355.0,67750.0,2025-01-12
2025011205009407,HATHY,69,57,30.0,1355.0,40650.0,2025-01-12
2025011205009406,HATHY,69,45,100.0,1354.0,135400.0,2025-01-12
2025011205009405,HATHY,69,26,20.0,1350.0,27000.0,2025-01-12
2025011205009404,HATHY,69,32,100.0,1350.0,135000.0,2025-01-12
2025011205009403,HATHY,69,34,37.0,1350.0,49950.0,2025-01-12
2025011205009402,HATHY,69,4,20.0,1350.0,27000.0,2025-01-12
2025011205009401,HATHY,69,57,15.0,1350.0,20250.0,2025-01-12
2025011205009400,HATHY,69,34,10.0,1350.0,13500.0,2025-01-12
2025011205009399,HATHY,69,38,65.0,1350.0,87750.0,2025-01-12
2025011205009398,HATHY,69,6,20.0,1350.0,27000.0,2025-01-12
2025011205009397,HATHY,69,42,10.0,1350.0,13500.0,2025-01-12
2025011205009396,HATHY,69,77,24.0,1350.0,32400.0,2025-01-12
2025011205009395,HATHY,69,7,11.0,1350.0,14850.0,2025-01-12
2025011205009394,HATHY,69,6,140.0,1349.9,188986.0,2025-01-12
2025011205009393,HATHY,69,62,100.0,1349.9,134990.0,2025-01-12
2025011205009392,HATHY,69,38,50.0,1348.4,67420.0,2025-01-12
2025011205009391,HATHY,69,57,24.0,1348.0,32352.0,2025-01-12
2025011205009390,HATHY,69,17,104.0,1344.0,139776.0,2025-01-12
2025011203012796,SMB,51,34,50.0,2554.1,127705.0,2025-01-12
2025011203012795,SMB,34,34,50.0,2554.2,127710.0,2025-01-12
2025011203012794,KMCDB,34,34,10.0,1040.0,10400.0,2025-01-12
2025011203012793,NLIC,28,45,20.0,814.0,16280.0,2025-01-12
2025011204011237,HPPL,28,67,438.0,470.0,205860.0,2025-01-12
2025011204011236,HPPL,28,41,10.0,470.0,4700.0,2025-01-12
2025011204011235,HPPL,28,49,190.0,470.0,89300.0,2025-01-12
2025011204011234,HPPL,28,52,10.0,467.5,4675.0,2025-01-12
2025011204011233,HPPL,28,39,320.0,467.0,149440.0,2025-01-12
2025011201012381,NICA,44,77,375.0,381.0,142875.0,2025-01-12
2025011203012792,ICFC,41,40,225.0,660.0,148500.0,2025-01-12
2025011203012791,ICFC,58,40,45.0,660.0,29700.0,2025-01-12
2025011203012790,ICFC,52,40,30.0,662.0,19860.0,2025-01-12
2025011204011232,SSHL,14,42,50.0,231.1,11555.0,2025-01-12
2025011201012380,ULHC,41,14,345.0,543.6,187542.0,2025-01-12
2025011203012789,PFL,39,55,10.0,522.0,5220.0,2025-01-12
2025011201012379,ULHC,41,58,10.0,543.6,5436.0,2025-01-12
2025011201012378,HBL,42,45,450.0,239.0,107550.0,2025-01-12
2025011201012377,MHCL,57,34,10.0,539.0,5390.0,2025-01-12
2025011203012788,EDBL,16,57,190.0,590.2,112138.0,2025-01-12
2025011203012787,EDBL,28,57,10.0,590.2,5902.0,2025-01-12
2025011203012786,SHINE,38,57,430.0,411.2,176816.0,2025-01-12
2025011203012785,PMLI,57,59,80.0,563.1,45048.0,2025-01-12
2025011203012784,PMLI,36,59,20.0,563.2,11264.0,2025-01-12
2025011205009389,HDL,57,80,100.0,1160.5,116050.0,2025-01-12
2025011201012376,MKHL,58,66,62.0,641.0,39742.0,2025-01-12
2025011201012375,MKHL,48,66,138.0,642.0,88596.0,2025-01-12
2025011201012374,TPC,34,38,1980.0,551.1,1091178.0,2025-01-12
2025011203012783,SMB,58,1,20.0,2555.0,51100.0,2025-01-12
2025011203012782,SMB,33,1,10.0,2555.0,25550.0,2025-01-12
2025011203012781,SMB,58,1,30.0,2555.0,76650.0,2025-01-12
2025011201012373,DOLTI,6,80,28.0,727.0,20356.0,2025-01-12
2025011204011231,UMHL,50,59,65.0,332.0,21580.0,2025-01-12
2025011203012780,NFS,57,34,15.0,955.1,14326.5,2025-01-12
2025011205009388,HDL,43,35,74.0,1160.2,85854.8,2025-01-12
2025011205009387,HDL,39,35,90.0,1160.2,104418.0,2025-01-12
2025011205009386,HDL,1,35,36.0,1160.3,41770.8,2025-01-12
2025011204011230,SSHL,34,42,150.0,231.1,34665.0,2025-01-12
2025011203012779,MFIL,47,42,240.0,652.0,156480.0,2025-01-12
2025011203012778,MDB,42,47,117.0,649.8,76026.6,2025-01-12
2025011203012777,SADBL,45,16,300.0,395.0,118500.0,2025-01-12
2025011203012776,MNBBL,52,57,490.0,368.8,180712.0,2025-01-12
2025011205009385,HDL,1,49,300.0,1160.3,348090.0,2025-01-12
2025011203012775,SINDU,26,49,215.0,1040.0,223600.0,2025-01-12
2025011203012774,SINDU,71,49,93.0,1040.0,96720.0,2025-01-12
2025011203012773,SINDU,45,49,95.0,1041.1,98904.5,2025-01-12
2025011203012772,SINDU,10,49,97.0,1043.0,101171.0,2025-01-12
2025011205009384,SAHAS,18,49,100.0,493.0,49300.0,2025-01-12
2025011201012372,JBLB,19,49,72.0,1365.2,98294.4,2025-01-12
2025011205009383,STC,84,11,100.0,5470.0,547000.0,2025-01-12
2025011201012371,MEHL,18,99,500.0,495.0,247500.0,2025-01-12
2025011201012370,MEHL,42,99,400.0,495.0,198000.0,2025-01-12
2025011201012369,MEHL,41,99,100.0,495.0,49500.0,2025-01-12
2025011201012368,MEHL,32,99,100.0,495.0,49500.0,2025-01-12
2025011201012367,MEHL,47,99,30.0,495.0,14850.0,2025-01-12
2025011201012366,MEHL,62,99,50.0,495.0,24750.0,2025-01-12
2025011201012365,MEHL,51,99,32.0,495.0,15840.0,2025-01-12
2025011201012364,MEHL,41,99,100.0,495.0,49500.0,2025-01-12
2025011201012363,MEHL,41,99,200.0,495.0,99000.0,2025-01-12
2025011201012362,MEHL,87,99,20.0,495.0,9900.0,2025-01-12
2025011201012361,MEHL,26,99,100.0,495.0,49500.0,2025-01-12
2025011201012360,MEHL,34,99,10.0,495.0,4950.0,2025-01-12
2025011201012359,MEHL,1,99,10.0,495.0,4950.0,2025-01-12
2025011201012358,MEHL,56,99,150.0,495.0,74250.0,2025-01-12
2025011204011229,GLH,42,34,180.0,245.2,44136.0,2025-01-12
2025011204011228,UAIL,53,17,10.0,646.0,6460.0,2025-01-12
2025011203012771,SINDU,10,25,75.0,1043.0,78225.0,2025-01-12
2025011201012357,DLBS,58,41,10.0,1605.0,16050.0,2025-01-12
2025011204011227,GLH,42,51,10.0,245.2,2452.0,2025-01-12
2025011204011226,OHL,22,11,10.0,900.0,9000.0,2025-01-12
2025011201012356,NBL,44,16,100.0,260.9,26090.0,2025-01-12
2025011203012770,SADBL,45,16,10.0,395.0,3950.0,2025-01-12
2025011203012769,WNLB,56,43,25.0,2791.8,69795.0,2025-01-12
2025011203012768,PFL,39,49,610.0,522.0,318420.0,2025-01-12
2025011203012767,SINDU,10,33,50.0,1043.0,52150.0,2025-01-12
2025011203012766,SINDU,10,70,78.0,1042.0,81276.0,2025-01-12
2025011203012765,SFCL,34,38,10.0,652.0,6520.0,2025-01-12
2025011203012764,JBBL,28,41,67.0,361.9,24247.3,2025-01-12
2025011203012763,JBBL,28,41,33.0,361.0,11913.0,2025-01-12
2025011204011225,NHPC,37,44,10.0,218.0,2180.0,2025-01-12
2025011203012762,GMFIL,32,22,200.0,540.0,108000.0,2025-01-12
2025011204011224,MHNL,19,75,10.0,256.0,2560.0,2025-01-12
2025011203012761,GMFIL,51,22,300.0,540.0,162000.0,2025-01-12
2025011201012355,BNHC,48,14,10.0,490.0,4900.0,2025-01-12
2025011201012354,BNHC,48,32,30.0,490.0,14700.0,2025-01-12
2025011201012353,GVL,6,22,100.0,546.1,54610.0,2025-01-12
2025011201012352,MEHL,16,42,50.0,497.0,24850.0,2025-01-12
2025011201012351,DORDI,21,58,190.0,600.0,114000.0,2025-01-12
2025011205009382,CLI,66,57,300.0,692.0,207600.0,2025-01-12
2025011201012350,AHL,60,39,230.0,765.8,176134.0,2025-01-12
2025011201012349,AHL,66,39,60.0,765.8,45948.0,2025-01-12
2025011201012348,AHL,66,39,70.0,766.0,53620.0,2025-01-12
2025011203012760,NADEP,42,38,20.0,960.0,19200.0,2025-01-12
2025011201012347,CYCL,62,51,10.0,1581.9,15819.0,2025-01-12
2025011201012346,BEDC,36,49,25.0,734.0,18350.0,2025-01-12
2025011205009381,BBC,72,16,10.0,5739.0,57390.0,2025-01-12
2025011205009380,BBC,72,7,20.0,5739.0,114780.0,2025-01-12
2025011205009379,BBC,72,7,10.0,5738.0,57380.0,2025-01-12
2025011205009378,BBC,72,7,10.0,5737.0,57370.0,2025-01-12
2025011205009377,BBC,72,7,10.0,5736.0,57360.0,2025-01-12
2025011205009376,BBC,72,1,10.0,5735.0,57350.0,2025-01-12
2025011205009375,BBC,72,7,10.0,5735.0,57350.0,2025-01-12
2025011205009374,BBC,72,42,50.0,5734.0,286700.0,2025-01-12
2025011205009373,BBC,72,45,40.0,5710.0,228400.0,2025-01-12
2025011204011223,UMRH,69,7,10.0,657.0,6570.0,2025-01-12
2025011203012759,SHINE,13,37,10.0,414.5,4145.0,2025-01-12
2025011203012758,MERO,52,64,80.0,667.1,53368.0,2025-01-12
2025011203012757,MERO,34,64,20.0,667.3,13346.0,2025-01-12
2025011203012756,MERO,48,64,50.0,667.4,33370.0,2025-01-12
2025011204011222,NGPL,26,57,92.0,264.8,24361.6,2025-01-12
2025011204011221,AKJCL,44,34,10.0,198.0,1980.0,2025-01-12
2025011204011220,UMRH,53,7,270.0,657.0,177390.0,2025-01-12
2025011203012755,HLI,33,60,62.0,450.0,27900.0,2025-01-12
2025011203012754,HLI,22,60,38.0,450.0,17100.0,2025-01-12
2025011201012345,SPC,68,34,11.0,524.0,5764.0,2025-01-12
2025011203012753,CORBL,71,34,70.0,1580.0,110600.0,2025-01-12
2025011203012752,CORBL,71,25,140.0,1580.0,221200.0,2025-01-12
2025011203012751,CORBL,71,57,50.0,1579.0,78950.0,2025-01-12
2025011205009372,CLI,18,71,10.0,699.7,6997.0,2025-01-12
2025011204011219,RIDI,47,25,70.0,227.0,15890.0,2025-01-12
2025011201012344,RAWA,58,36,5.0,800.0,4000.0,2025-01-12
2025011201012343,RAWA,58,45,10.0,800.0,8000.0,2025-01-12
2025011203012750,JFL,45,35,40.0,695.0,27800.0,2025-01-12
2025011203012749,JFL,45,28,60.0,695.0,41700.0,2025-01-12
2025011201012342,MHCL,57,34,11.0,539.0,5929.0,2025-01-12
2025011204011218,SPIL,38,36,10.0,801.9,8019.0,2025-01-12
2025011203012748,PFL,38,42,50.0,523.0,26150.0,2025-01-12
2025011203012747,GILB,100,49,230.0,1186.0,272780.0,2025-01-12
2025011204011217,MHNL,41,49,30.0,255.2,7656.0,2025-01-12
2025011205009371,SAHAS,6,57,10.0,494.8,4948.0,2025-01-12
2025011205009370,ENL,8,52,70.0,1160.0,81200.0,2025-01-12
2025011205009369,CHDC,43,6,150.0,1590.0,238500.0,2025-01-12
2025011205009368,SONA,17,42,40.0,454.0,18160.0,2025-01-12
2025011205009367,SONA,17,8,10.0,454.0,4540.0,2025-01-12
2025011201012341,TAMOR,32,34,237.0,530.1,125633.7,2025-01-12
2025011201012340,TAMOR,49,34,263.0,530.3,139468.9,2025-01-12
2025011201012339,MKJC,77,60,211.0,555.0,117105.0,2025-01-12
2025011201012338,MKJC,77,41,200.0,554.9,110980.0,2025-01-12
2025011201012337,MKJC,77,49,299.0,550.0,164450.0,2025-01-12
2025011201012336,MKJC,77,34,150.0,550.0,82500.0,2025-01-12
2025011201012335,MKJC,77,21,140.0,550.0,77000.0,2025-01-12
2025011205009366,HRL,36,54,91.0,800.0,72800.0,2025-01-12
2025011204011216,CHCL,14,74,200.0,504.5,100900.0,2025-01-12
2025011201012334,USHEC,25,58,20.0,667.0,13340.0,2025-01-12
2025011201012333,USHEC,25,58,10.0,665.0,6650.0,2025-01-12
2025011203012746,GFCL,11,56,139.0,792.0,110088.0,2025-01-12
2025011203012745,GFCL,62,56,147.0,796.1,117026.7,2025-01-12
2025011201012332,SGHC,13,48,108.0,523.8,56570.4,2025-01-12
2025011201012331,BGWT,58,16,60.0,1080.0,64800.0,2025-01-12
2025011203012744,SINDU,21,70,100.0,1042.0,104200.0,2025-01-12
2025011204011215,AKPL,44,47,459.0,235.0,107865.0,2025-01-12
2025011204011214,AKPL,14,47,541.0,235.1,127189.1,2025-01-12
2025011201012330,BGWT,58,45,21.0,1080.0,22680.0,2025-01-12
2025011201012329,NMB,1,58,50.0,238.0,11900.0,2025-01-12
2025011204011213,DHPL,58,6,51.0,311.2,15871.2,2025-01-12
2025011205009365,CLI,66,58,100.0,692.0,69200.0,2025-01-12
2025011205009364,MBJC,80,34,10.0,343.0,3430.0,2025-01-12
2025011201012328,RAWA,57,58,10.0,803.0,8030.0,2025-01-12
2025011205009363,PHCL,66,11,10.0,560.0,5600.0,2025-01-12
2025011203012743,ALICL,58,39,930.0,722.8,672204.0,2025-01-12
2025011203012742,ALICL,52,39,70.0,722.9,50603.0,2025-01-12
2025011201012327,USHEC,38,49,10.0,663.1,6631.0,2025-01-12
2025011203012741,CORBL,64,62,50.0,1570.0,78500.0,2025-01-12
2025011201012326,MLBS,6,62,70.0,2000.0,140000.0,2025-01-12
2025011201012325,MLBS,34,62,20.0,2000.1,40002.0,2025-01-12
2025011204011212,SGIC,58,49,300.0,668.0,200400.0,2025-01-12
2025011203012740,PFL,39,49,62.0,522.0,32364.0,2025-01-12
2025011203012739,GRDBL,6,13,100.0,1112.0,111200.0,2025-01-12
2025011203012738,HLI,22,52,12.0,450.0,5400.0,2025-01-12
2025011201012324,BHDC,26,21,10.0,684.0,6840.0,2025-01-12
2025011201012323,MLBS,28,17,10.0,2011.0,20110.0,2025-01-12
2025011205009362,CLI,60,71,44.0,699.7,30786.8,2025-01-12
2025011205009361,CLI,60,6,10.0,699.6,6996.0,2025-01-12
2025011205009360,CLI,60,42,20.0,699.4,13988.0,2025-01-12
2025011205009359,CLI,60,45,10.0,699.0,6990.0,2025-01-12
2025011205009358,CLI,60,26,70.0,699.0,48930.0,2025-01-12
2025011205009357,CLI,60,14,907.0,698.0,633086.0,2025-01-12
2025011205009356,CLI,60,57,10.0,698.0,6980.0,2025-01-12
2025011205009355,CLI,60,33,100.0,698.0,69800.0,2025-01-12
2025011205009354,CLI,60,22,10.0,697.0,6970.0,2025-01-12
2025011205009353,CLI,60,38,10.0,697.0,6970.0,2025-01-12
2025011205009352,CLI,60,58,10.0,697.0,6970.0,2025-01-12
2025011205009351,CLI,60,38,10.0,696.0,6960.0,2025-01-12
2025011205009350,CLI,60,52,399.0,695.8,277624.2,2025-01-12
2025011205009349,CLI,60,21,300.0,695.0,208500.0,2025-01-12
2025011205009348,CLI,60,38,10.0,695.0,6950.0,2025-01-12
2025011205009347,CLI,60,62,10.0,695.0,6950.0,2025-01-12
2025011205009346,CLI,60,51,500.0,694.7,347350.0,2025-01-12
2025011205009345,CLI,60,14,500.0,694.0,347000.0,2025-01-12
2025011205009344,CLI,60,58,60.0,694.0,41640.0,2025-01-12
2025011205009343,CLI,60,41,10.0,694.0,6940.0,2025-01-12
2025011205009342,SHIVM,38,25,100.0,526.0,52600.0,2025-01-12
2025011205009341,SHIVM,77,25,697.0,526.0,366622.0,2025-01-12
2025011203012737,NFS,47,65,80.0,958.0,76640.0,2025-01-12
2025011201012322,PRVU,48,43,36.0,221.0,7956.0,2025-01-12
2025011203012736,NFS,47,34,50.0,958.0,47900.0,2025-01-12
2025011203012735,NFS,47,32,50.0,958.0,47900.0,2025-01-12
2025011203012734,NFS,47,22,20.0,958.0,19160.0,2025-01-12
2025011201012321,MKHC,47,47,400.0,530.0,212000.0,2025-01-12
2025011204011211,SGIC,58,36,300.0,668.0,200400.0,2025-01-12
2025011203012733,GRDBL,66,6,10.0,1131.0,11310.0,2025-01-12
2025011201012320,TSHL,43,38,20.0,832.2,16644.0,2025-01-12
2025011201012319,SBI,38,28,10.0,428.7,4287.0,2025-01-12
2025011201012318,BEDC,36,45,50.0,734.0,36700.0,2025-01-12
2025011204011210,SPDL,26,50,69.0,342.0,23598.0,2025-01-12
2025011204011209,SPDL,58,50,81.0,342.0,27702.0,2025-01-12
2025011204011208,AKPL,6,16,130.0,235.3,30589.0,2025-01-12
2025011201012317,MKHC,47,6,100.0,530.0,53000.0,2025-01-12
2025011201012316,MKHC,13,6,100.0,530.1,53010.0,2025-01-12
2025011203012732,GRDBL,6,28,53.0,1112.0,58936.0,2025-01-12
2025011203012731,SMPDA,34,41,10.0,938.9,9389.0,2025-01-12
2025011204011207,API,38,44,600.0,264.0,158400.0,2025-01-12
2025011203012730,GUFL,42,25,115.0,656.1,75451.5,2025-01-12
2025011203012729,GUFL,17,25,20.0,657.0,13140.0,2025-01-12
2025011203012728,GUFL,45,25,15.0,657.0,9855.0,2025-01-12
2025011203012727,GUFL,1,25,10.0,657.9,6579.0,2025-01-12
2025011203012726,GUFL,34,25,40.0,658.0,26320.0,2025-01-12
2025011204011206,HPPL,71,39,80.0,467.0,37360.0,2025-01-12
2025011204011205,HPPL,71,10,10.0,466.9,4669.0,2025-01-12
2025011204011204,NIL,18,50,500.0,936.0,468000.0,2025-01-12
2025011204011203,UPCL,40,41,400.0,276.1,110440.0,2025-01-12
2025011204011202,UPCL,36,41,100.0,276.1,27610.0,2025-01-12
2025011204011201,UPCL,46,41,500.0,276.1,138050.0,2025-01-12
2025011205009340,HIDCL,43,41,33.0,239.0,7887.0,2025-01-12
2025011205009339,HIDCL,35,41,25.0,239.0,5975.0,2025-01-12
2025011205009338,HIDCL,43,41,492.0,239.0,117588.0,2025-01-12
2025011201012315,USHEC,48,55,10.0,659.2,6592.0,2025-01-12
2025011205009337,HRL,48,54,309.0,800.0,247200.0,2025-01-12
2025011205009336,HRL,48,14,21.0,800.0,16800.0,2025-01-12
2025011201012314,UHEWA,48,16,30.0,861.0,25830.0,2025-01-12
2025011203012725,SINDU,45,36,90.0,1041.1,93699.0,2025-01-12
2025011203012724,SLBSL,41,57,50.0,1780.0,89000.0,2025-01-12
2025011201012313,MKHL,48,38,27.0,642.0,17334.0,2025-01-12
2025011205009335,HATHY,38,17,10.0,1344.0,13440.0,2025-01-12
2025011204011200,API,38,49,572.0,264.0,151008.0,2025-01-12
2025011201012312,CYCL,62,51,10.0,1581.9,15819.0,2025-01-12
2025011204011199,UMRH,69,56,10.0,658.0,6580.0,2025-01-12
2025011205009334,HDL,1,49,300.0,1160.3,348090.0,2025-01-12
2025011201012311,MMKJL,49,39,90.0,721.8,64962.0,2025-01-12
2025011201012310,MMKJL,49,49,10.0,721.0,7210.0,2025-01-12
2025011205009333,HRL,6,14,39.0,800.0,31200.0,2025-01-12
2025011203012723,ILBS,6,28,10.0,980.0,9800.0,2025-01-12
2025011203012722,ILBS,6,18,50.0,979.0,48950.0,2025-01-12
2025011201012309,PCBL,5,42,30.0,249.0,7470.0,2025-01-12
2025011205009332,NTC,58,42,322.0,900.1,289832.2,2025-01-12
2025011205009331,NTC,7,42,10.0,901.0,9010.0,2025-01-12
2025011203012721,JBBL,16,14,139.0,360.0,50040.0,2025-01-12
2025011203012720,JBBL,67,14,60.0,360.0,21600.0,2025-01-12
2025011203012719,JBBL,57,14,50.0,360.0,18000.0,2025-01-12
2025011203012718,JBBL,58,14,20.0,360.0,7200.0,2025-01-12
2025011203012717,JBBL,41,14,50.0,360.0,18000.0,2025-01-12
2025011203012716,JBBL,58,14,50.0,360.0,18000.0,2025-01-12
2025011203012715,JBBL,32,14,131.0,360.0,47160.0,2025-01-12
2025011205009330,PHCL,65,11,10.0,560.0,5600.0,2025-01-12
2025011201012308,PCBL,22,42,10.0,249.0,2490.0,2025-01-12
2025011201012307,TAMOR,49,16,137.0,530.3,72651.1,2025-01-12
2025011201012306,TAMOR,56,16,100.0,530.4,53040.0,2025-01-12
2025011205009329,CLI,66,48,25.0,692.0,17300.0,2025-01-12
2025011201012305,RFPL,45,38,10.0,1377.0,13770.0,2025-01-12
2025011201012304,BEDC,88,45,500.0,733.6,366800.0,2025-01-12
2025011201012303,HHL,45,11,10.0,545.0,5450.0,2025-01-12
2025011201012302,HHL,45,18,25.0,543.0,13575.0,2025-01-12
2025011201012301,HHL,45,41,10.0,542.9,5429.0,2025-01-12
2025011201012300,MKJC,66,21,150.0,550.0,82500.0,2025-01-12
2025011205009328,HDL,58,42,50.0,1161.0,58050.0,2025-01-12
2025011204011198,RHPL,58,45,10.0,434.9,4349.0,2025-01-12
2025011204011197,UPPER,58,40,50.0,201.5,10075.0,2025-01-12
2025011204011196,AHPC,36,57,502.0,250.0,125500.0,2025-01-12
2025011204011195,AHPC,41,57,500.0,250.1,125050.0,2025-01-12
2025011205009327,NRN,39,34,63.0,1112.0,70056.0,2025-01-12
2025011201012299,PRVU,45,43,10.0,221.4,2214.0,2025-01-12
2025011205009326,NRN,38,34,37.0,1112.0,41144.0,2025-01-12
2025011205009325,NRN,38,42,13.0,1112.0,14456.0,2025-01-12
2025011203012714,BFC,32,62,15.0,656.7,9850.5,2025-01-12
2025011203012713,SMB,45,1,50.0,2556.0,127800.0,2025-01-12
2025011201012298,NIMB,13,42,200.0,213.2,42640.0,2025-01-12
2025011205009324,SMJC,64,52,10.0,542.0,5420.0,2025-01-12
2025011205009323,RNLI,6,51,39.0,507.9,19808.1,2025-01-12
2025011205009322,RNLI,6,47,11.0,507.9,5586.9,2025-01-12
2025011205009321,SMATA,34,34,10.0,823.0,8230.0,2025-01-12
2025011201012297,KDL,44,45,10.0,1100.0,11000.0,2025-01-12
2025011203012712,NICLBSL,63,44,50.0,658.0,32900.0,2025-01-12
2025011201012296,TAMOR,56,52,90.0,533.0,47970.0,2025-01-12
2025011201012295,TAMOR,56,42,10.0,533.0,5330.0,2025-01-12
2025011204011194,NLG,55,56,100.0,1020.0,102000.0,2025-01-12
2025011204011193,HDHPC,32,16,100.0,197.1,19710.0,2025-01-12
2025011205009320,NRM,75,48,20.0,456.0,9120.0,2025-01-12
2025011205009319,NRM,58,48,20.0,456.1,9122.0,2025-01-12
2025011201012294,KBL,52,47,104.0,209.7,21808.8,2025-01-12
2025011201012293,SPC,45,34,100.0,524.0,52400.0,2025-01-12
2025011203012711,MPFL,58,58,10.0,686.0,6860.0,2025-01-12
2025011204011192,TRH,58,57,21.0,1151.0,24171.0,2025-01-12
2025011201012292,NABIL,58,38,500.0,490.5,245250.0,2025-01-12
2025011201012291,PPL,56,13,403.0,572.2,230596.6,2025-01-12
2025011201012290,PPL,57,13,87.0,573.0,49851.0,2025-01-12
2025011201012289,PPL,42,13,10.0,574.0,5740.0,2025-01-12
2025011205009318,NRM,36,34,11.0,457.9,5036.9,2025-01-12
2025011203012710,ILBS,29,49,12.0,972.1,11665.2,2025-01-12
2025011204011191,SJCL,22,6,150.0,355.0,53250.0,2025-01-12
2025011204011190,SJCL,57,6,10.0,355.0,3550.0,2025-01-12
2025011205009317,SHIVM,77,34,50.0,526.0,26300.0,2025-01-12
2025011201012288,SBI,83,44,149.0,423.1,63041.9,2025-01-12
2025011201012287,SBI,16,44,1901.0,423.2,804503.2,2025-01-12
2025011201012286,SPL,19,5,10.0,970.0,9700.0,2025-01-12
2025011203012709,NABBC,28,42,10.0,949.0,9490.0,2025-01-12
2025011204011189,BARUN,14,40,500.0,417.0,208500.0,2025-01-12
2025011203012708,ALICL,52,80,30.0,722.9,21687.0,2025-01-12
2025011201012285,BEDC,58,45,30.0,734.0,22020.0,2025-01-12
2025011201012284,BEDC,38,45,20.0,734.0,14680.0,2025-01-12
2025011201012283,BEDC,32,45,100.0,734.1,73410.0,2025-01-12
2025011204011188,API,33,49,920.0,264.0,242880.0,2025-01-12
2025011204011187,API,33,56,80.0,264.0,21120.0,2025-01-12
2025011201012282,SMH,57,45,10.0,1115.0,11150.0,2025-01-12
2025011201012281,CKHL,57,46,420.0,795.0,333900.0,2025-01-12
2025011203012707,NFS,58,22,300.0,958.0,287400.0,2025-01-12
2025011203012706,SINDU,45,58,15.0,1041.1,15616.5,2025-01-12
2025011204011186,SHEL,44,58,1000.0,258.0,258000.0,2025-01-12
2025011201012280,NESDO,62,62,10.0,2267.1,22671.0,2025-01-12
2025011203012705,NMLBBL,35,11,10.0,662.0,6620.0,2025-01-12
2025011201012279,MAKAR,44,43,10.0,646.0,6460.0,2025-01-12
2025011203012704,GLBSL,42,34,10.0,2318.0,23180.0,2025-01-12
2025011205009316,NRN,42,42,182.0,1112.0,202384.0,2025-01-12
2025011205009315,VLUCL,68,51,10.0,685.0,6850.0,2025-01-12
2025011203012703,SAPDBL,41,34,20.0,1148.0,22960.0,2025-01-12
2025011205009314,NRM,58,55,10.0,456.1,4561.0,2025-01-12
2025011205009313,HRL,16,14,10.0,800.0,8000.0,2025-01-12
2025011201012278,KBL,52,21,261.0,209.7,54731.7,2025-01-12
2025011203012702,JSLBB,63,59,10.0,1639.0,16390.0,2025-01-12
2025011205009312,NRM,80,34,30.0,457.9,13737.0,2025-01-12
2025011205009311,NRM,80,6,20.0,457.0,9140.0,2025-01-12
2025011205009310,MEL,39,63,190.0,341.0,64790.0,2025-01-12
2025011201012277,SAMAJ,33,45,10.0,3320.0,33200.0,2025-01-12
2025011201012276,SAMAJ,41,45,20.0,3320.0,66400.0,2025-01-12
2025011201012275,MCHL,70,59,230.0,613.6,141128.0,2025-01-12
2025011201012274,MCHL,70,59,500.0,613.7,306850.0,2025-01-12
2025011201012273,MCHL,56,59,200.0,614.0,122800.0,2025-01-12
2025011201012272,MCHL,47,59,30.0,614.0,18420.0,2025-01-12
2025011201012271,MCHL,42,59,40.0,614.3,24572.0,2025-01-12
2025011205009309,NIFRA,57,33,900.0,249.6,224640.0,2025-01-12
2025011205009308,NIFRA,38,5,50.0,250.0,12500.0,2025-01-12
2025011204011185,UMRH,69,56,10.0,658.0,6580.0,2025-01-12
2025011204011184,UMRH,69,56,200.0,658.0,131600.0,2025-01-12
2025011203012701,SMFBS,62,64,170.0,1862.1,316557.0,2025-01-12
2025011203012700,SMFBS,32,64,10.0,1865.0,18650.0,2025-01-12
2025011203012699,SMFBS,34,64,20.0,1871.2,37424.0,2025-01-12
2025011205009307,HRL,49,14,50.0,800.0,40000.0,2025-01-12
2025011201012270,CITY,26,6,50.0,900.0,45000.0,2025-01-12
2025011205009306,PHCL,65,35,50.0,555.1,27755.0,2025-01-12
2025011205009305,PHCL,45,35,10.0,555.2,5552.0,2025-01-12
2025011205009304,PHCL,66,35,50.0,555.2,27760.0,2025-01-12
2025011205009303,PHCL,25,35,10.0,555.3,5553.0,2025-01-12
2025011205009302,PHCL,25,35,10.0,555.4,5554.0,2025-01-12
2025011205009301,PHCL,45,35,100.0,557.0,55700.0,2025-01-12
2025011205009300,PHCL,39,35,170.0,559.0,95030.0,2025-01-12
2025011201012269,KDL,35,45,30.0,1100.0,33000.0,2025-01-12
2025011203012698,SJLIC,55,77,786.0,449.0,352914.0,2025-01-12
2025011203012697,PMLI,57,34,12.0,563.1,6757.2,2025-01-12
2025011204011183,UPCL,44,26,14.0,280.0,3920.0,2025-01-12
2025011204011182,UPCL,44,17,86.0,276.9,23813.4,2025-01-12
2025011204011181,SHEL,44,42,500.0,258.0,129000.0,2025-01-12
2025011204011180,SHEL,44,41,187.0,258.0,48246.0,2025-01-12
2025011204011179,SHEL,44,25,1000.0,257.9,257900.0,2025-01-12
2025011204011178,HDHPC,32,32,240.0,197.1,47304.0,2025-01-12
2025011203012696,GFCL,42,42,20.0,798.0,15960.0,2025-01-12
2025011205009299,SONA,16,18,20.0,453.1,9062.0,2025-01-12
2025011201012268,MKCL,14,58,10.0,1498.0,14980.0,2025-01-12
2025011201012267,MKCL,14,58,10.0,1498.0,14980.0,2025-01-12
2025011201012266,MKCL,14,52,10.0,1495.0,14950.0,2025-01-12
2025011201012265,MKCL,14,1,10.0,1494.0,14940.0,2025-01-12
2025011201012264,MKCL,14,55,10.0,1490.0,14900.0,2025-01-12
2025011201012263,ULHC,38,14,200.0,544.0,108800.0,2025-01-12
2025011201012262,ULHC,85,14,120.0,544.1,65292.0,2025-01-12
2025011201012261,ULHC,67,14,335.0,545.0,182575.0,2025-01-12
2025011203012695,KMCDB,34,51,100.0,1030.0,103000.0,2025-01-12
2025011203012694,PMLI,57,48,510.0,563.1,287181.0,2025-01-12
2025011201012260,AHL,66,57,100.0,766.0,76600.0,2025-01-12
2025011201012259,AHL,66,57,30.0,766.0,22980.0,2025-01-12
2025011205009298,HIDCL,21,45,10.0,240.5,2405.0,2025-01-12
2025011201012258,SPC,33,33,220.0,523.0,115060.0,2025-01-12
2025011201012257,SPC,58,33,80.0,523.1,41848.0,2025-01-12
2025011205009297,SAHAS,37,33,200.0,491.0,98200.0,2025-01-12
2025011205009296,SAHAS,48,33,250.0,491.0,122750.0,2025-01-12
2025011205009295,SAHAS,94,33,500.0,491.0,245500.0,2025-01-12
2025011205009294,SAHAS,6,33,300.0,491.0,147300.0,2025-01-12
2025011205009293,SAHAS,28,33,300.0,491.0,147300.0,2025-01-12
2025011205009292,SAHAS,14,33,200.0,491.0,98200.0,2025-01-12
2025011205009291,SAHAS,34,33,450.0,491.0,220950.0,2025-01-12
2025011205009290,SAHAS,34,33,50.0,491.1,24555.0,2025-01-12
2025011205009289,SAHAS,42,33,50.0,493.0,24650.0,2025-01-12
2025011204011177,PRIN,71,43,400.0,956.0,382400.0,2025-01-12
2025011204011176,PRIN,66,43,100.0,956.0,95600.0,2025-01-12
2025011204011175,PRIN,50,43,100.0,956.0,95600.0,2025-01-12
2025011204011174,PRIN,65,43,500.0,956.1,478050.0,2025-01-12
2025011204011173,SPDL,58,58,19.0,342.0,6498.0,2025-01-12
2025011204011172,AKJCL,14,34,15.0,198.0,2970.0,2025-01-12
2025011203012693,GBLBS,7,21,10.0,788.0,7880.0,2025-01-12
2025011204011171,KKHC,42,32,200.0,378.0,75600.0,2025-01-12
2025011204011170,AKPL,14,14,230.0,235.1,54073.0,2025-01-12
2025011203012692,PROFL,8,14,40.0,605.0,24200.0,2025-01-12
2025011201012256,MKHC,13,47,500.0,530.1,265050.0,2025-01-12
2025011205009288,MEL,39,34,10.0,341.0,3410.0,2025-01-12
2025011201012255,CYCL,62,51,10.0,1581.9,15819.0,2025-01-12
2025011201012254,CYCL,62,47,10.0,1581.0,15810.0,2025-01-12
2025011204011169,AKPL,14,58,229.0,235.1,53837.9,2025-01-12
2025011204011168,AKPL,26,58,50.0,235.1,11755.0,2025-01-12
2025011204011167,AKPL,28,58,911.0,235.1,214176.1,2025-01-12
2025011204011166,AKPL,55,58,10.0,235.2,2352.0,2025-01-12
2025011203012691,SKBBL,38,45,35.0,820.0,28700.0,2025-01-12
2025011201012253,UNLB,13,99,100.0,2460.0,246000.0,2025-01-12
2025011201012252,DOLTI,8,11,70.0,726.0,50820.0,2025-01-12
2025011201012251,DOLTI,42,11,100.0,726.1,72610.0,2025-01-12
2025011201012250,DOLTI,49,11,50.0,726.1,36305.0,2025-01-12
2025011204011165,NGPL,25,6,960.0,264.5,253920.0,2025-01-12
2025011204011164,NGPL,50,6,40.0,264.6,10584.0,2025-01-12
2025011201012249,SANIMA,69,26,14.0,292.7,4097.8,2025-01-12
2025011205009287,HDL,1,49,300.0,1160.3,348090.0,2025-01-12
2025011201012248,BNHC,35,32,10.0,490.0,4900.0,2025-01-12
2025011201012247,ULHC,67,45,25.0,545.0,13625.0,2025-01-12
2025011201012246,ULHC,67,58,100.0,545.0,54500.0,2025-01-12
2025011201012245,ULHC,67,7,40.0,545.0,21800.0,2025-01-12
2025011201012244,SBL,17,19,10.0,297.0,2970.0,2025-01-12
2025011203012690,GBBL,53,32,16.0,392.2,6275.2,2025-01-12
2025011203012689,GBBL,26,32,189.0,392.2,74125.8,2025-01-12
2025011203012688,GBBL,57,32,265.0,392.4,103986.0,2025-01-12
2025011203012687,GBBL,66,32,30.0,392.5,11775.0,2025-01-12
2025011203012686,NMLBBL,32,48,73.0,660.0,48180.0,2025-01-12
2025011203012685,NMLBBL,7,48,11.0,660.0,7260.0,2025-01-12
2025011203012684,NMLBBL,42,48,100.0,660.6,66060.0,2025-01-12
2025011203012683,NMLBBL,85,48,100.0,660.7,66070.0,2025-01-12
2025011203012682,NMLBBL,100,48,771.0,660.7,509399.7,2025-01-12
2025011203012681,NMLBBL,56,48,100.0,660.8,66080.0,2025-01-12
2025011204011163,SHEL,56,48,600.0,257.3,154380.0,2025-01-12
2025011204011162,SHEL,57,48,100.0,257.3,25730.0,2025-01-12
2025011204011161,SHEL,5,48,400.0,257.4,102960.0,2025-01-12
2025011204011160,SHEL,42,48,800.0,257.5,206000.0,2025-01-12
2025011204011159,SHEL,35,48,100.0,257.5,25750.0,2025-01-12
2025011205009286,MEL,17,21,70.0,340.0,23800.0,2025-01-12
2025011205009285,MEL,36,21,500.0,340.0,170000.0,2025-01-12
2025011205009284,MEL,4,21,100.0,340.0,34000.0,2025-01-12
2025011205009283,MEL,5,21,100.0,340.0,34000.0,2025-01-12
2025011205009282,MEL,41,21,20.0,340.0,6800.0,2025-01-12
2025011205009281,MEL,58,21,500.0,340.0,170000.0,2025-01-12
2025011205009280,MEL,65,21,100.0,340.0,34000.0,2025-01-12
2025011205009279,MEL,77,21,1500.0,340.1,510150.0,2025-01-12
2025011205009278,MEL,43,21,390.0,340.3,132717.0,2025-01-12
2025011201012243,BNHC,45,32,10.0,490.0,4900.0,2025-01-12
2025011203012680,BFC,32,45,385.0,656.7,252829.5,2025-01-12
2025011203012679,BFC,42,45,102.0,657.0,67014.0,2025-01-12
2025011203012678,BFC,13,45,100.0,657.0,65700.0,2025-01-12
2025011203012677,BFC,35,45,30.0,657.0,19710.0,2025-01-12
2025011203012676,BFC,21,45,40.0,657.0,26280.0,2025-01-12
2025011203012675,BFC,19,45,10.0,657.0,6570.0,2025-01-12
2025011203012674,BFC,35,45,64.0,657.0,42048.0,2025-01-12
2025011203012673,BFC,56,45,30.0,657.2,19716.0,2025-01-12
2025011203012672,BFC,35,45,20.0,657.2,13144.0,2025-01-12
2025011203012671,BFC,56,45,25.0,657.2,16430.0,2025-01-12
2025011203012670,BFC,58,45,25.0,657.3,16432.5,2025-01-12
2025011203012669,BFC,6,45,75.0,657.4,49305.0,2025-01-12
2025011203012668,BFC,35,45,94.0,657.4,61795.6,2025-01-12
2025011204011158,NGPL,50,43,10.0,264.6,2646.0,2025-01-12
2025011201012242,H8020,42,58,100.0,9.92,992.0,2025-01-12
2025011203012667,LBBL,58,13,10.0,460.0,4600.0,2025-01-12
2025011201012241,SGHC,58,38,75.0,524.1,39307.5,2025-01-12
2025011204011157,DHPL,45,6,449.0,311.2,139728.8,2025-01-12
2025011204011156,API,49,56,20.0,264.0,5280.0,2025-01-12
2025011201012240,SPC,25,34,108.0,524.0,56592.0,2025-01-12
2025011204011155,NIL,47,7,500.0,936.0,468000.0,2025-01-12
2025011205009277,NRN,52,42,25.0,1112.0,27800.0,2025-01-12
2025011205009276,NRN,98,42,180.0,1112.0,200160.0,2025-01-12
2025011204011154,CHCL,14,43,28.0,504.0,14112.0,2025-01-12
2025011203012666,MFIL,47,42,31.0,652.0,20212.0,2025-01-12
2025011201012239,DORDI,39,58,10.0,600.0,6000.0,2025-01-12
2025011205009275,VLUCL,86,1,150.0,680.2,102030.0,2025-01-12
2025011204011153,PMHPL,49,11,55.0,285.0,15675.0,2025-01-12
2025011205009274,PHCL,39,52,300.0,559.0,167700.0,2025-01-12
2025011201012238,CKHL,39,49,929.0,787.2,731308.8,2025-01-12
2025011201012237,CKHL,33,49,71.0,793.8,56359.8,2025-01-12
2025011203012665,GRDBL,6,92,120.0,1112.0,133440.0,2025-01-12
2025011203012664,GRDBL,71,92,300.0,1121.0,336300.0,2025-01-12
2025011203012663,GRDBL,13,92,10.0,1122.1,11221.0,2025-01-12
2025011203012662,GRDBL,44,92,10.0,1125.0,11250.0,2025-01-12
2025011203012661,GRDBL,13,92,10.0,1125.1,11251.0,2025-01-12
2025011203012660,GRDBL,87,92,100.0,1125.3,112530.0,2025-01-12
2025011203012659,GRDBL,46,92,10.0,1126.0,11260.0,2025-01-12
2025011203012658,GRDBL,54,92,21.0,1126.0,23646.0,2025-01-12
2025011203012657,NUBL,34,17,10.0,682.5,6825.0,2025-01-12
2025011203012656,NUBL,34,58,10.0,682.0,6820.0,2025-01-12
2025011201012236,TPC,60,49,10.0,555.0,5550.0,2025-01-12
2025011203012655,PROFL,48,32,100.0,604.0,60400.0,2025-01-12
2025011201012235,SARBTM,42,57,50.0,745.0,37250.0,2025-01-12
2025011201012234,EHPL,56,14,380.0,766.0,291080.0,2025-01-12
2025011201012233,EHPL,55,14,20.0,766.2,15324.0,2025-01-12
2025011204011152,GHL,47,43,10.0,203.4,2034.0,2025-01-12
2025011201012232,CKHL,33,62,29.0,793.8,23020.2,2025-01-12
2025011205009273,NRN,98,57,20.0,1112.0,22240.0,2025-01-12
2025011205009272,NRN,43,57,10.0,1112.0,11120.0,2025-01-12
2025011205009271,NRN,32,57,70.0,1112.0,77840.0,2025-01-12
2025011203012654,GFCL,11,81,61.0,792.0,48312.0,2025-01-12
2025011203012653,GFCL,63,81,100.0,792.0,79200.0,2025-01-12
2025011203012652,GFCL,35,81,300.0,792.0,237600.0,2025-01-12
2025011203012651,GFCL,1,81,10.0,792.0,7920.0,2025-01-12
2025011203012650,GFCL,34,81,100.0,792.0,79200.0,2025-01-12
2025011203012649,GFCL,70,81,10.0,793.8,7938.0,2025-01-12
2025011203012648,GFCL,35,81,19.0,793.8,15082.2,2025-01-12
2025011203012647,GFCL,6,81,60.0,795.0,47700.0,2025-01-12
2025011203012646,GFCL,58,81,90.0,795.0,71550.0,2025-01-12
2025011203012645,GFCL,49,81,30.0,795.0,23850.0,2025-01-12
2025011203012644,GFCL,26,81,100.0,795.1,79510.0,2025-01-12
2025011203012643,GFCL,17,81,90.0,796.0,71640.0,2025-01-12
2025011203012642,GFCL,41,81,30.0,797.0,23910.0,2025-01-12
2025011205009270,ILI,35,38,122.0,470.2,57364.4,2025-01-12
2025011205009269,ILI,55,38,50.0,470.2,23510.0,2025-01-12
2025011205009268,ILI,62,38,340.0,470.3,159902.0,2025-01-12
2025011205009267,ILI,47,38,100.0,470.4,47040.0,2025-01-12
2025011205009266,ILI,58,38,50.0,470.5,23525.0,2025-01-12
2025011205009265,ILI,35,38,92.0,470.5,43286.0,2025-01-12
2025011205009264,ILI,47,38,98.0,470.5,46109.0,2025-01-12
2025011205009263,ILI,21,38,90.0,470.5,42345.0,2025-01-12
2025011205009262,ILI,26,38,58.0,470.5,27289.0,2025-01-12
2025011201012231,MMKJL,50,42,25.0,720.0,18000.0,2025-01-12
2025011201012230,BHDC,19,77,10.0,675.1,6751.0,2025-01-12
2025011201012229,JBLB,77,22,19.0,1373.9,26104.1,2025-01-12
2025011201012228,JBLB,77,44,12.0,1368.0,16416.0,2025-01-12
2025011201012227,JBLB,77,55,19.0,1366.0,25954.0,2025-01-12
2025011201012226,SBL,62,34,172.0,297.0,51084.0,2025-01-12
2025011205009261,ILI,34,48,15.0,471.0,7065.0,2025-01-12
2025011203012641,WNLB,56,7,100.0,2791.8,279180.0,2025-01-12
2025011203012640,KSBBL,57,34,414.0,426.1,176405.4,2025-01-12
2025011203012639,KSBBL,84,34,114.0,426.1,48575.4,2025-01-12
2025011205009260,MBJC,57,25,50.0,338.7,16935.0,2025-01-12
2025011204011151,CHL,74,42,50.0,418.1,20905.0,2025-01-12
2025011201012225,USHEC,19,41,835.0,659.1,550348.5,2025-01-12
2025011205009259,HATHY,26,56,30.0,1330.0,39900.0,2025-01-12
2025011205009258,HATHY,82,56,60.0,1330.0,79800.0,2025-01-12
2025011205009257,HATHY,60,56,50.0,1330.1,66505.0,2025-01-12
2025011205009256,HATHY,34,56,56.0,1330.1,74485.6,2025-01-12
2025011205009255,HATHY,56,56,210.0,1331.0,279510.0,2025-01-12
2025011201012224,CZBIL,22,13,10.0,214.0,2140.0,2025-01-12
2025011203012638,SFCL,41,47,100.0,651.0,65100.0,2025-01-12
2025011204011150,MEN,34,21,100.0,614.0,61400.0,2025-01-12
2025011201012223,PRVU,46,56,200.0,221.5,44300.0,2025-01-12
2025011204011149,JOSHI,39,36,500.0,425.1,212550.0,2025-01-12
2025011204011148,HEI,33,57,27.0,618.0,16686.0,2025-01-12
2025011204011147,HEI,72,57,30.0,618.1,18543.0,2025-01-12
2025011203012637,SMB,98,1,20.0,2556.1,51122.0,2025-01-12
2025011201012222,SARBTM,13,58,15.0,742.0,11130.0,2025-01-12
2025011204011146,SHPC,50,38,50.0,470.1,23505.0,2025-01-12
2025011204011145,SHPC,43,38,450.0,471.0,211950.0,2025-01-12
2025011204011144,AKJCL,50,41,50.0,198.9,9945.0,2025-01-12
2025011204011143,AKJCL,50,60,1000.0,198.0,198000.0,2025-01-12
2025011204011142,AKJCL,50,48,200.0,198.0,39600.0,2025-01-12
2025011201012221,ULHC,85,52,380.0,544.1,206758.0,2025-01-12
2025011201012220,ULHC,64,52,20.0,544.1,10882.0,2025-01-12
2025011203012636,JBBL,28,41,17.0,361.0,6137.0,2025-01-12
2025011203012635,JBBL,28,34,120.0,361.0,43320.0,2025-01-12
2025011203012634,JBBL,28,39,63.0,360.2,22692.6,2025-01-12
2025011205009254,HDL,1,49,64.0,1160.3,74259.2,2025-01-12
2025011205009253,HDL,78,49,36.0,1160.3,41770.8,2025-01-12
2025011205009252,HDL,54,49,100.0,1160.5,116050.0,2025-01-12
2025011204011141,UMRH,53,49,30.0,657.0,19710.0,2025-01-12
2025011204011140,UMRH,53,32,100.0,657.0,65700.0,2025-01-12
2025011201012219,HHL,19,44,114.0,540.0,61560.0,2025-01-12
2025011201012218,HHL,88,44,216.0,540.1,116661.6,2025-01-12
2025011204011139,HDHPC,32,34,524.0,197.1,103280.4,2025-01-12
2025011204011138,UMRH,57,34,12.0,653.0,7836.0,2025-01-12
2025011204011137,UMRH,69,34,88.0,653.0,57464.0,2025-01-12
2025011203012633,SAPDBL,56,25,100.0,1146.0,114600.0,2025-01-12
2025011203012632,RLFL,21,42,500.0,580.2,290100.0,2025-01-12
2025011205009251,NRN,18,41,200.0,1113.0,222600.0,2025-01-12
2025011201012217,DOLTI,41,48,100.0,726.1,72610.0,2025-01-12
2025011204011136,API,45,56,40.0,264.0,10560.0,2025-01-12
2025011203012631,MPFL,38,45,80.0,685.1,54808.0,2025-01-12
2025011203012630,MPFL,10,45,20.0,685.2,13704.0,2025-01-12
2025011204011135,UMRH,69,32,10.0,657.0,6570.0,2025-01-12
2025011201012216,CYCL,62,47,10.0,1581.0,15810.0,2025-01-12
2025011204011134,RIDI,49,25,30.0,227.0,6810.0,2025-01-12
2025011205009250,NRIC,49,49,10.0,753.0,7530.0,2025-01-12
2025011201012215,SIKLES,49,38,11.0,863.9,9502.9,2025-01-12
2025011204011133,HPPL,49,34,285.0,465.0,132525.0,2025-01-12
2025011204011132,API,38,18,310.0,263.9,81809.0,2025-01-12
2025011203012629,SJLIC,18,58,10.0,450.0,4500.0,2025-01-12
2025011201012214,SRLI,14,58,210.0,423.0,88830.0,2025-01-12
2025011203012628,SADBL,8,16,50.0,395.0,19750.0,2025-01-12
2025011201012213,MANDU,42,45,31.0,896.0,27776.0,2025-01-12
2025011201012212,GVL,57,48,10.0,548.0,5480.0,2025-01-12
2025011205009249,ILI,26,1,342.0,470.5,160911.0,2025-01-12
2025011205009248,ILI,58,1,128.0,470.5,60224.0,2025-01-12
2025011205009247,ILI,42,1,146.0,470.6,68707.6,2025-01-12
2025011205009246,ILI,19,1,84.0,470.6,39530.4,2025-01-12
2025011205009245,HATHY,38,6,30.0,1344.0,40320.0,2025-01-12
2025011205009244,HATHY,38,58,10.0,1340.0,13400.0,2025-01-12
2025011205009243,HATHY,38,90,24.0,1340.0,32160.0,2025-01-12
2025011205009242,HATHY,38,60,43.0,1340.0,57620.0,2025-01-12
2025011205009241,HATHY,38,22,76.0,1339.9,101832.4,2025-01-12
2025011205009240,HATHY,38,49,20.0,1339.0,26780.0,2025-01-12
2025011205009239,HATHY,38,22,15.0,1338.8,20082.0,2025-01-12
2025011205009238,HATHY,38,42,11.0,1335.0,14685.0,2025-01-12
2025011205009237,HATHY,38,52,50.0,1335.0,66750.0,2025-01-12
2025011205009236,HATHY,38,45,12.0,1334.0,16008.0,2025-01-12
2025011204011131,UPPER,57,35,50.0,201.4,10070.0,2025-01-12
2025011203012627,JFL,49,28,20.0,695.0,13900.0,2025-01-12
2025011204011130,SALICO,18,44,230.0,723.0,166290.0,2025-01-12
2025011204011129,HPPL,58,34,500.0,465.0,232500.0,2025-01-12
2025011204011128,HPPL,74,34,1000.0,465.0,465000.0,2025-01-12
2025011204011127,HPPL,32,34,50.0,465.0,23250.0,2025-01-12
2025011204011126,HPPL,68,34,695.0,465.0,323175.0,2025-01-12
2025011204011125,HPPL,32,34,470.0,465.1,218597.0,2025-01-12
2025011204011124,API,19,56,200.0,264.0,52800.0,2025-01-12
2025011203012626,JBBL,32,32,69.0,360.0,24840.0,2025-01-12
2025011203012625,JBBL,88,32,50.0,360.0,18000.0,2025-01-12
2025011203012624,JBBL,11,32,95.0,360.0,34200.0,2025-01-12
2025011203012623,JBBL,59,32,107.0,360.1,38530.7,2025-01-12
2025011203012622,JBBL,1,32,179.0,360.2,64475.8,2025-01-12
2025011203012621,NFS,38,22,65.0,958.0,62270.0,2025-01-12
2025011203012620,NFS,55,22,15.0,958.1,14371.5,2025-01-12
2025011201012211,MKHL,48,47,335.0,642.0,215070.0,2025-01-12
2025011201012210,MKHL,41,47,165.0,643.0,106095.0,2025-01-12
2025011205009235,CLI,45,48,10.0,693.0,6930.0,2025-01-12
2025011201012209,HBL,42,45,250.0,239.0,59750.0,2025-01-12
2025011205009234,NRIC,55,81,500.0,751.1,375550.0,2025-01-12
2025011203012619,CORBL,64,25,150.0,1580.0,237000.0,2025-01-12
2025011203012618,CORBL,64,13,10.0,1579.0,15790.0,2025-01-12
2025011203012617,CORBL,64,51,40.0,1579.0,63160.0,2025-01-12
2025011203012616,SINDU,10,70,200.0,1042.0,208400.0,2025-01-12
2025011201012208,KBL,57,50,50.0,209.5,10475.0,2025-01-12
2025011201012207,KBL,32,50,500.0,209.6,104800.0,2025-01-12
2025011201012206,KBL,19,50,50.0,209.7,10485.0,2025-01-12
2025011204011123,SPIL,20,58,73.0,800.0,58400.0,2025-01-12
2025011205009233,SHIVM,77,38,162.0,526.0,85212.0,2025-01-12
2025011201012205,MEHL,56,17,50.0,495.0,24750.0,2025-01-12
2025011201012204,MEHL,56,17,300.0,495.0,148500.0,2025-01-12
2025011201012203,MEHL,42,17,50.0,495.1,24755.0,2025-01-12
2025011201012202,MEHL,41,17,100.0,496.0,49600.0,2025-01-12
2025011201012201,PCBL,51,53,583.0,248.0,144584.0,2025-01-12
2025011201012200,PCBL,45,53,220.0,248.1,54582.0,2025-01-12
2025011201012199,PCBL,1,53,197.0,248.2,48895.4,2025-01-12
2025011204011122,JOSHI,13,36,100.0,425.1,42510.0,2025-01-12
2025011201012198,RFPL,21,92,50.0,1350.1,67505.0,2025-01-12
2025011201012197,RFPL,34,92,95.0,1350.1,128259.5,2025-01-12
2025011201012196,RFPL,62,92,100.0,1351.0,135100.0,2025-01-12
2025011203012615,GRDBL,54,60,200.0,1126.0,225200.0,2025-01-12
2025011203012614,ILBS,32,45,32.0,973.5,31152.0,2025-01-12
2025011205009232,SONA,32,14,230.0,454.0,104420.0,2025-01-12
2025011203012613,GRDBL,54,14,10.0,1126.0,11260.0,2025-01-12
2025011205009231,PHCL,39,14,20.0,559.0,11180.0,2025-01-12
2025011201012195,USHEC,19,14,580.0,659.1,382278.0,2025-01-12
2025011204011121,AKJCL,58,14,50.0,197.6,9880.0,2025-01-12
2025011204011120,AKJCL,46,14,150.0,197.6,29640.0,2025-01-12
2025011204011119,AKJCL,49,14,100.0,197.7,19770.0,2025-01-12
2025011204011118,SPDL,70,58,19.0,342.0,6498.0,2025-01-12
2025011204011117,NHPC,22,44,10.0,218.0,2180.0,2025-01-12
2025011205009230,MBJC,80,22,50.0,343.0,17150.0,2025-01-12
2025011205009229,MBJC,80,58,40.0,342.9,13716.0,2025-01-12
2025011205009228,MBJC,80,91,37.0,342.8,12683.6,2025-01-12
2025011205009227,MBJC,80,53,10.0,342.5,3425.0,2025-01-12
2025011205009226,MBJC,80,44,40.0,342.5,13700.0,2025-01-12
2025011205009225,MBJC,80,55,30.0,342.0,10260.0,2025-01-12
2025011205009224,MBJC,80,57,90.0,341.9,30771.0,2025-01-12
2025011205009223,MEL,43,57,110.0,340.3,37433.0,2025-01-12
2025011205009222,MEL,16,57,1000.0,340.4,340400.0,2025-01-12
2025011205009221,MEL,53,57,60.0,340.6,20436.0,2025-01-12
2025011205009220,MEL,46,57,130.0,341.0,44330.0,2025-01-12
2025011205009219,STC,84,26,100.0,5470.0,547000.0,2025-01-12
2025011205009218,STC,84,26,400.0,5470.0,2188000.0,2025-01-12
2025011205009217,STC,84,13,70.0,5460.0,382200.0,2025-01-12
2025011205009216,STC,84,11,100.0,5459.0,545900.0,2025-01-12
2025011201012194,UNLB,13,64,107.0,2460.0,263220.0,2025-01-12
2025011201012193,UNLB,14,64,10.0,2460.0,24600.0,2025-01-12
2025011201012192,UNLB,50,64,20.0,2460.1,49202.0,2025-01-12
2025011201012191,UNLB,58,64,10.0,2461.0,24610.0,2025-01-12
2025011201012190,UNLB,42,64,10.0,2462.0,24620.0,2025-01-12
2025011201012189,UNLB,39,64,13.0,2465.1,32046.3,2025-01-12
2025011205009215,CHDC,43,1,195.0,1590.0,310050.0,2025-01-12
2025011201012188,HHL,88,1,284.0,540.1,153388.4,2025-01-12
2025011201012187,HHL,88,1,61.0,540.2,32952.2,2025-01-12
2025011203012612,USLB,50,75,10.0,1519.0,15190.0,2025-01-12
2025011205009214,RNLI,42,28,11.0,507.0,5577.0,2025-01-12
2025011201012186,NABIL,38,37,225.0,491.0,110475.0,2025-01-12
2025011201012185,TVCL,6,17,455.0,572.6,260533.0,2025-01-12
2025011201012184,TVCL,11,17,30.0,574.0,17220.0,2025-01-12
2025011201012183,TVCL,57,17,50.0,574.0,28700.0,2025-01-12
2025011201012182,TVCL,50,17,285.0,575.0,163875.0,2025-01-12
2025011201012181,TVCL,51,17,70.0,575.0,40250.0,2025-01-12
2025011201012180,TVCL,99,17,50.0,575.0,28750.0,2025-01-12
2025011201012179,TVCL,45,17,460.0,577.0,265420.0,2025-01-12
2025011204011116,LEC,40,38,150.0,208.0,31200.0,2025-01-12
2025011204011115,LEC,42,38,100.0,208.0,20800.0,2025-01-12
2025011204011114,LEC,34,38,100.0,208.0,20800.0,2025-01-12
2025011205009213,NRN,32,17,10.0,1112.0,11120.0,2025-01-12
2025011204011113,LEC,58,38,1177.0,208.0,244816.0,2025-01-12
2025011201012178,DOLTI,35,48,150.0,726.1,108915.0,2025-01-12
2025011203012611,MPFL,49,49,50.0,686.0,34300.0,2025-01-12
2025011203012610,SFCL,41,19,94.0,651.0,61194.0,2025-01-12
2025011201012177,HBL,42,57,300.0,239.0,71700.0,2025-01-12
2025011203012609,SINDU,71,56,32.0,1040.0,33280.0,2025-01-12
2025011203012608,SINDU,29,56,100.0,1040.0,104000.0,2025-01-12
2025011203012607,SINDU,52,56,368.0,1040.0,382720.0,2025-01-12
2025011203012606,SINDU,26,56,500.0,1040.1,520050.0,2025-01-12
2025011203012605,SINDU,52,56,500.0,1041.0,520500.0,2025-01-12
2025011201012176,TAMOR,49,51,100.0,530.3,53030.0,2025-01-12
2025011201012175,NIMB,22,42,100.0,213.2,21320.0,2025-01-12
2025011203012604,SLBBL,48,62,10.0,918.0,9180.0,2025-01-12
2025011203012603,SLBBL,48,62,20.0,917.5,18350.0,2025-01-12
2025011203012602,SLBBL,48,22,30.0,917.3,27519.0,2025-01-12
2025011204011112,KKHC,48,32,342.0,378.0,129276.0,2025-01-12
2025011204011111,KKHC,48,13,10.0,378.0,3780.0,2025-01-12
2025011204011110,KKHC,48,32,278.0,378.0,105084.0,2025-01-12
2025011204011109,KKHC,48,37,70.0,377.9,26453.0,2025-01-12
2025011204011108,HPPL,32,21,530.0,465.1,246503.0,2025-01-12
2025011204011107,GLH,57,39,350.0,245.0,85750.0,2025-01-12
2025011204011106,GLH,49,39,50.0,245.1,12255.0,2025-01-12
2025011204011105,SJCL,57,49,40.0,357.0,14280.0,2025-01-12
2025011205009212,GCIL,48,98,82.0,490.5,40221.0,2025-01-12
2025011205009211,GCIL,49,98,100.0,490.6,49060.0,2025-01-12
2025011201012174,CYCL,62,47,10.0,1581.0,15810.0,2025-01-12
2025011203012601,GLBSL,28,26,15.0,2300.0,34500.0,2025-01-12
2025011201012173,PRVU,37,56,50.0,221.5,11075.0,2025-01-12
2025011204011104,JOSHI,58,49,150.0,427.9,64185.0,2025-01-12
2025011204011103,JOSHI,58,6,10.0,427.9,4279.0,2025-01-12
2025011204011102,AKJCL,58,58,50.0,198.0,9900.0,2025-01-12
2025011203012600,NABBC,28,5,90.0,949.0,85410.0,2025-01-12
2025011203012599,NABBC,32,5,100.0,949.1,94910.0,2025-01-12
2025011203012598,NABBC,13,5,10.0,949.2,9492.0,2025-01-12
2025011201012172,GBIME,5,49,30.0,223.0,6690.0,2025-01-12
2025011203012597,NLIC,7,45,234.0,814.0,190476.0,2025-01-12
2025011203012596,NLIC,7,45,100.0,814.0,81400.0,2025-01-12
2025011203012595,NLIC,7,50,152.0,814.0,123728.0,2025-01-12
2025011203012594,NLIC,7,58,14.0,814.0,11396.0,2025-01-12
2025011203012593,NLIC,7,18,500.0,813.9,406950.0,2025-01-12
2025011201012171,SBI,16,60,50.0,423.2,21160.0,2025-01-12
2025011201012170,SBI,52,60,50.0,425.0,21250.0,2025-01-12
2025011204011101,HPPL,68,42,305.0,465.0,141825.0,2025-01-12
2025011204011100,HPPL,45,42,200.0,465.0,93000.0,2025-01-12
2025011204011099,HPPL,90,42,170.0,465.0,79050.0,2025-01-12
2025011204011098,KKHC,22,37,40.0,377.9,15116.0,2025-01-12
2025011201012169,MMKJL,57,42,25.0,720.0,18000.0,2025-01-12
2025011201012168,MMKJL,57,34,175.0,720.0,126000.0,2025-01-12
2025011201012167,NABIL,58,57,200.0,490.5,98100.0,2025-01-12
2025011203012592,GFCL,43,42,100.0,798.0,79800.0,2025-01-12
2025011204011097,KPCL,50,38,10.0,535.0,5350.0,2025-01-12
2025011205009210,HDL,78,13,64.0,1160.3,74259.2,2025-01-12
2025011205009209,HDL,45,13,36.0,1160.4,41774.4,2025-01-12
2025011201012166,PPL,58,52,75.0,577.0,43275.0,2025-01-12
2025011201012165,PPL,58,35,35.0,577.0,20195.0,2025-01-12
2025011201012164,PPL,58,17,10.0,577.0,5770.0,2025-01-12
2025011201012163,PPL,58,75,100.0,577.0,57700.0,2025-01-12
2025011204011096,MEN,38,38,300.0,615.0,184500.0,2025-01-12
2025011201012162,PPL,58,49,190.0,575.0,109250.0,2025-01-12
2025011201012161,PPL,58,60,10.0,575.0,5750.0,2025-01-12
2025011201012160,PPL,58,22,180.0,575.0,103500.0,2025-01-12
2025011201012159,PPL,58,60,90.0,575.0,51750.0,2025-01-12
2025011201012158,PPL,58,51,10.0,575.0,5750.0,2025-01-12
2025011201012157,PPL,58,58,100.0,575.0,57500.0,2025-01-12
2025011203012591,SLBSL,34,38,50.0,1770.0,88500.0,2025-01-12
2025011203012590,SLBSL,57,38,20.0,1775.0,35500.0,2025-01-12
2025011203012589,SLBSL,1,38,10.0,1775.1,17751.0,2025-01-12
2025011203012588,SLBSL,38,38,10.0,1776.0,17760.0,2025-01-12
2025011203012587,SLBSL,38,38,10.0,1777.0,17770.0,2025-01-12
2025011203012586,SLBSL,1,38,100.0,1780.0,178000.0,2025-01-12
2025011203012585,NFS,55,25,20.0,958.1,19162.0,2025-01-12
2025011203012584,HLI,32,21,10.0,451.0,4510.0,2025-01-12
2025011203012583,PFL,34,42,200.0,523.0,104600.0,2025-01-12
2025011204011095,AHPC,36,36,136.0,250.0,34000.0,2025-01-12
2025011204011094,AHPC,59,36,300.0,250.0,75000.0,2025-01-12
2025011204011093,AHPC,11,36,100.0,250.0,25000.0,2025-01-12
2025011204011092,AHPC,41,36,500.0,250.0,125000.0,2025-01-12
2025011204011091,AHPC,13,36,89.0,250.0,22250.0,2025-01-12
2025011203012582,PFL,32,42,100.0,523.0,52300.0,2025-01-12
2025011203012581,PFL,41,42,127.0,523.0,66421.0,2025-01-12
2025011204011090,RURU,33,41,50.0,759.0,37950.0,2025-01-12
2025011203012580,PFL,45,62,100.0,524.0,52400.0,2025-01-12
2025011201012156,SPHL,72,33,10.0,829.0,8290.0,2025-01-12
2025011204011089,RHPL,58,45,10.0,434.9,4349.0,2025-01-12
2025011203012579,JFL,41,38,130.0,690.0,89700.0,2025-01-12
2025011203012578,JFL,35,38,100.0,690.1,69010.0,2025-01-12
2025011203012577,JFL,7,38,20.0,691.0,13820.0,2025-01-12
2025011203012576,JFL,58,38,50.0,691.0,34550.0,2025-01-12
2025011201012155,MKHC,49,32,40.0,535.0,21400.0,2025-01-12
2025011205009208,RNLI,42,74,100.0,507.0,50700.0,2025-01-12
2025011203012575,DDBL,66,68,313.0,780.0,244140.0,2025-01-12
2025011203012574,CORBL,18,51,50.0,1579.0,78950.0,2025-01-12
2025011205009207,HDL,34,42,40.0,1161.0,46440.0,2025-01-12
2025011205009206,HDL,34,59,60.0,1161.0,69660.0,2025-01-12
2025011204011088,SHPC,43,42,1050.0,471.0,494550.0,2025-01-12
2025011203012573,MFIL,1,42,200.0,652.0,130400.0,2025-01-12
2025011203012572,MFIL,55,42,269.0,652.1,175414.9,2025-01-12
2025011205009205,HDL,45,42,199.0,1160.4,230919.6,2025-01-12
2025011204011087,NGPL,50,70,200.0,264.6,52920.0,2025-01-12
2025011205009204,NRN,32,22,20.0,1112.0,22240.0,2025-01-12
2025011204011086,AHPC,13,48,1500.0,250.0,375000.0,2025-01-12
2025011203012571,JFL,36,33,300.0,691.0,207300.0,2025-01-12
2025011203012570,SADBL,45,16,10.0,395.0,3950.0,2025-01-12
2025011204011085,CHCL,45,43,40.0,504.0,20160.0,2025-01-12
2025011204011084,CHCL,49,43,182.0,504.0,91728.0,2025-01-12
2025011204011083,UMRH,69,69,12.0,653.0,7836.0,2025-01-12
2025011204011082,UMRH,22,69,988.0,653.1,645262.8,2025-01-12
2025011201012154,NABIL,52,37,66.0,491.0,32406.0,2025-01-12
2025011201012153,NABIL,52,17,200.0,491.0,98200.0,2025-01-12
2025011201012152,NABIL,52,11,34.0,490.6,16680.4,2025-01-12
2025011203012569,BFC,35,42,106.0,657.4,69684.4,2025-01-12
2025011201012151,EHPL,49,49,11.0,770.0,8470.0,2025-01-12
2025011204011081,BPCL,42,60,61.0,400.0,24400.0,2025-01-12
2025011204011080,BPCL,57,60,10.0,400.1,4001.0,2025-01-12
2025011205009203,SMJC,19,34,40.0,541.5,21660.0,2025-01-12
2025011201012150,NIMB,35,34,200.0,213.1,42620.0,2025-01-12
2025011205009202,NRM,75,55,70.0,456.0,31920.0,2025-01-12
2025011205009201,NRM,41,55,20.0,456.1,9122.0,2025-01-12
2025011205009200,NRM,49,55,10.0,456.1,4561.0,2025-01-12
2025011203012568,SMPDA,42,38,150.0,925.0,138750.0,2025-01-12
2025011201012149,MEHL,45,42,25.0,497.0,12425.0,2025-01-12
2025011201012148,AHL,66,41,190.0,765.8,145502.0,2025-01-12
2025011203012567,JBBL,41,34,10.0,361.0,3610.0,2025-01-12
2025011203012566,GFCL,41,34,70.0,796.1,55727.0,2025-01-12
2025011203012565,SWBBL,54,16,25.0,882.3,22057.5,2025-01-12
2025011203012564,PFL,41,14,200.0,523.0,104600.0,2025-01-12
2025011203012563,GMFIL,49,22,100.0,540.0,54000.0,2025-01-12
2025011203012562,GMFIL,51,22,121.0,543.0,65703.0,2025-01-12
2025011205009199,PHCL,66,11,10.0,560.0,5600.0,2025-01-12
2025011201012147,CYCL,34,48,20.0,1562.0,31240.0,2025-01-12
2025011201012146,MSHL,37,35,27.0,922.0,24894.0,2025-01-12
2025011201012145,MSHL,25,35,10.0,922.0,9220.0,2025-01-12
2025011201012144,MSHL,11,35,70.0,922.0,64540.0,2025-01-12
2025011201012143,MSHL,25,35,10.0,922.1,9221.0,2025-01-12
2025011201012142,MSHL,10,35,100.0,925.0,92500.0,2025-01-12
2025011204011079,SHEL,44,41,313.0,258.0,80754.0,2025-01-12
2025011204011078,SHEL,44,22,5000.0,258.0,1290000.0,2025-01-12
2025011204011077,SHEL,44,42,200.0,258.0,51600.0,2025-01-12
2025011204011076,SHEL,44,58,30.0,258.0,7740.0,2025-01-12
2025011204011075,SHEL,44,39,500.0,258.0,129000.0,2025-01-12
2025011204011074,SHEL,44,54,2674.0,258.0,689892.0,2025-01-12
2025011204011073,SHEL,44,52,500.0,257.9,128950.0,2025-01-12
2025011204011072,SHEL,44,7,743.0,257.9,191619.7,2025-01-12
2025011204011071,SHEL,44,38,40.0,257.5,10300.0,2025-01-12
2025011204011070,API,49,56,50.0,264.0,13200.0,2025-01-12
2025011204011069,SHPC,60,60,10.0,472.0,4720.0,2025-01-12
2025011201012141,CZBIL,13,42,19.0,211.7,4022.3,2025-01-12
2025011203012561,ALICL,58,80,50.0,723.0,36150.0,2025-01-12
2025011203012560,ALICL,39,80,50.0,725.0,36250.0,2025-01-12
2025011205009198,NIFRA,57,33,1100.0,249.6,274560.0,2025-01-12
2025011201012140,BEDC,38,43,10.0,734.0,7340.0,2025-01-12
2025011201012139,NBL,14,1,13.0,261.0,3393.0,2025-01-12
2025011205009197,ILI,37,52,10.0,470.6,4706.0,2025-01-12
2025011204011068,AKPL,55,26,51.0,235.2,11995.2,2025-01-12
2025011201012138,RHGCL,17,58,10.0,608.0,6080.0,2025-01-12
2025011204011067,AKPL,36,16,200.0,235.3,47060.0,2025-01-12
2025011203012559,JFL,36,7,100.0,691.0,69100.0,2025-01-12
2025011203012558,CFCL,40,58,50.0,605.0,30250.0,2025-01-12
2025011203012557,ACLBSL,40,25,142.0,1025.0,145550.0,2025-01-12
2025011205009196,NRN,32,58,200.0,1112.0,222400.0,2025-01-12
2025011201012137,BNT,65,55,20.0,13515.0,270300.0,2025-01-12
2025011203012556,CFCL,42,34,40.0,604.0,24160.0,2025-01-12
2025011203012555,CFCL,52,34,50.0,604.0,30200.0,2025-01-12
2025011203012554,CFCL,56,34,10.0,604.1,6041.0,2025-01-12
2025011205009195,SBCF,34,14,400.0,9.29,3716.0,2025-01-12
2025011204011066,UNHPL,47,34,800.0,292.2,233760.0,2025-01-12
2025011204011065,UNHPL,42,34,100.0,293.0,29300.0,2025-01-12
2025011203012553,GMFIL,51,25,79.0,543.0,42897.0,2025-01-12
2025011204011064,GLH,41,17,50.0,246.0,12300.0,2025-01-12
2025011205009194,HRL,8,14,100.0,800.0,80000.0,2025-01-12
2025011205009193,HRL,50,14,90.0,800.0,72000.0,2025-01-12
2025011204011063,IGI,56,36,300.0,570.6,171180.0,2025-01-12
2025011203012552,WNLB,56,80,50.0,2791.8,139590.0,2025-01-12
2025011201012136,RHGCL,45,21,50.0,605.4,30270.0,2025-01-12
2025011201012135,RHGCL,6,21,200.0,605.5,121100.0,2025-01-12
2025011204011062,UPPER,72,40,300.0,201.5,60450.0,2025-01-12
2025011204011061,HURJA,59,41,104.0,231.0,24024.0,2025-01-12
2025011203012551,SMB,43,1,10.0,2560.0,25600.0,2025-01-12
2025011201012134,CYCL,62,47,10.0,1581.0,15810.0,2025-01-12
2025011204011060,NICL,56,11,393.0,961.4,377830.2,2025-01-12
2025011204011059,NICL,45,11,100.0,961.4,96140.0,2025-01-12
2025011204011058,NICL,28,11,10.0,961.4,9614.0,2025-01-12
2025011204011057,NICL,38,11,380.0,962.0,365560.0,2025-01-12
2025011203012550,GLBSL,6,37,46.0,2285.9,105151.4,2025-01-12
2025011203012549,GLBSL,56,37,40.0,2286.0,91440.0,2025-01-12
2025011203012548,GLBSL,26,37,14.0,2299.0,32186.0,2025-01-12
2025011201012133,SNLI,77,13,38.0,625.0,23750.0,2025-01-12
2025011201012132,SNLI,77,50,50.0,624.0,31200.0,2025-01-12
2025011201012131,SNLI,77,58,100.0,624.0,62400.0,2025-01-12
2025011201012130,SNLI,77,56,12.0,620.0,7440.0,2025-01-12
2025011204011056,SGIC,58,58,195.0,668.0,130260.0,2025-01-12
2025011204011055,SGIC,25,58,40.0,668.2,26728.0,2025-01-12
2025011204011054,SGIC,99,58,55.0,668.2,36751.0,2025-01-12
2025011204011053,API,68,56,10.0,264.0,2640.0,2025-01-12
2025011205009192,NRM,49,68,50.0,456.1,22805.0,2025-01-12
