transaction,symbol,buyer,seller,quantity,rate,amount,date
2024102801017064,MLBS,86,29,10.0,1590.0,15900.0,2024-10-28
2024102803019111,BFC,62,6,43.0,654.9,28160.7,2024-10-28
2024102803019110,BFC,62,49,157.0,654.9,102819.3,2024-10-28
2024102805013061,PHCL,65,13,14500.0,515.0,7467500.0,2024-10-28
2024102803019109,RLFL,58,5,20.0,643.4,12868.0,2024-10-28
2024102804009316,RADHI,58,36,500.0,395.0,197500.0,2024-10-28
2024102801017063,MEHL,55,49,10.0,390.0,3900.0,2024-10-28
2024102804009315,SHPC,45,83,10.0,529.0,5290.0,2024-10-28
2024102801017062,RAWA,21,40,20.0,769.0,15380.0,2024-10-28
2024102805013060,SAHAS,48,22,14.0,522.0,7308.0,2024-10-28
2024102805013059,SAHAS,48,38,70.0,522.0,36540.0,2024-10-28
2024102805013058,SAHAS,48,58,10.0,522.0,5220.0,2024-10-28
2024102805013057,SAHAS,48,3,100.0,522.0,52200.0,2024-10-28
2024102805013056,SAHAS,48,49,50.0,522.0,26100.0,2024-10-28
2024102805013055,SAHAS,48,56,295.0,522.0,153990.0,2024-10-28
2024102803019108,NFS,72,41,100.0,1400.0,140000.0,2024-10-28
2024102804009314,SHEL,72,51,350.0,248.0,86800.0,2024-10-28
2024102804009313,AKJCL,38,51,20.0,210.8,4216.0,2024-10-28
2024102801017061,TAMOR,60,1,230.0,517.0,118910.0,2024-10-28
2024102801017060,TAMOR,60,22,10.0,517.0,5170.0,2024-10-28
2024102801017059,TAMOR,60,45,10.0,517.0,5170.0,2024-10-28
2024102801017058,TAMOR,60,57,10.0,517.0,5170.0,2024-10-28
2024102801017057,TAMOR,60,11,10.0,516.8,5168.0,2024-10-28
2024102801017056,TAMOR,60,55,10.0,516.8,5168.0,2024-10-28
2024102804009312,KPCL,60,57,14.0,500.0,7000.0,2024-10-28
2024102804009311,KPCL,60,16,14.0,499.0,6986.0,2024-10-28
2024102801017055,HBL,38,45,200.0,249.0,49800.0,2024-10-28
2024102804009310,SHPC,57,83,50.0,529.0,26450.0,2024-10-28
2024102805013054,BBC,51,7,10.0,4147.0,41470.0,2024-10-28
2024102805013053,NTC,35,32,40.0,974.3,38972.0,2024-10-28
2024102803019107,GLBSL,44,64,20.0,1610.0,32200.0,2024-10-28
2024102805013052,NRN,42,42,10.0,894.9,8949.0,2024-10-28
2024102801017054,MSHL,64,47,30.0,954.9,28647.0,2024-10-28
2024102801017053,MSHL,64,21,70.0,945.0,66150.0,2024-10-28
2024102801017052,BEDC,32,38,10.0,478.9,4789.0,2024-10-28
2024102803019106,PROFL,37,45,190.0,709.0,134710.0,2024-10-28
2024102803019105,PROFL,37,6,50.0,708.9,35445.0,2024-10-28
2024102801017051,MEHL,42,49,10.0,390.0,3900.0,2024-10-28
2024102804009309,UMRH,34,5,11.0,488.0,5368.0,2024-10-28
2024102804009308,UMRH,34,49,42.0,488.0,20496.0,2024-10-28
2024102804009307,UMRH,34,94,100.0,488.0,48800.0,2024-10-28
2024102804009306,UMRH,34,29,10.0,488.0,4880.0,2024-10-28
2024102804009305,UMRH,34,91,10.0,488.0,4880.0,2024-10-28
2024102804009304,UMRH,34,49,200.0,487.9,97580.0,2024-10-28
2024102804009303,UMRH,34,94,103.0,487.9,50253.7,2024-10-28
2024102804009302,UMRH,34,17,50.0,487.9,24395.0,2024-10-28
2024102804009301,UMRH,34,4,150.0,486.0,72900.0,2024-10-28
2024102804009300,UMRH,34,49,24.0,485.0,11640.0,2024-10-28
2024102804009299,HURJA,34,48,10.0,222.0,2220.0,2024-10-28
2024102804009298,SPDL,34,26,200.0,315.8,63160.0,2024-10-28
2024102803019104,NFS,34,41,10.0,1400.0,14000.0,2024-10-28
2024102801017050,NBL,49,8,466.0,282.1,131458.6,2024-10-28
2024102803019103,SMFBS,77,32,49.0,1545.0,75705.0,2024-10-28
2024102803019102,SMFBS,77,22,19.0,1545.0,29355.0,2024-10-28
2024102803019101,SMFBS,77,57,200.0,1535.1,307020.0,2024-10-28
2024102803019100,SMFBS,77,13,20.0,1533.0,30660.0,2024-10-28
2024102803019099,SMFBS,77,55,27.0,1531.0,41337.0,2024-10-28
2024102803019098,SMFBS,77,44,33.0,1530.0,50490.0,2024-10-28
2024102803019097,SMFBS,77,34,210.0,1530.0,321300.0,2024-10-28
2024102803019096,SMFBS,77,22,40.0,1529.9,61196.0,2024-10-28
2024102805013051,CHDC,46,98,10.0,1718.5,17185.0,2024-10-28
2024102801017049,TSHL,28,6,10.0,903.7,9037.0,2024-10-28
2024102801017048,TSHL,28,6,10.0,903.7,9037.0,2024-10-28
2024102803019095,BFC,28,49,45.0,654.9,29470.5,2024-10-28
2024102803019094,BFC,28,41,65.0,654.8,42562.0,2024-10-28
2024102801017047,SMHL,10,41,301.0,681.0,204981.0,2024-10-28
2024102801017046,SMHL,10,62,49.0,681.0,33369.0,2024-10-28
2024102803019093,SINDU,14,32,10.0,719.9,7199.0,2024-10-28
2024102805013050,PHCL,65,34,1110.0,519.0,576090.0,2024-10-28
2024102805013049,PHCL,65,4,60.0,519.0,31140.0,2024-10-28
2024102805013048,PHCL,65,45,300.0,519.0,155700.0,2024-10-28
2024102805013047,PHCL,65,38,130.0,519.0,67470.0,2024-10-28
2024102805013046,PHCL,65,57,1000.0,518.9,518900.0,2024-10-28
2024102805013045,PHCL,65,65,200.0,518.0,103600.0,2024-10-28
2024102805013044,PHCL,65,41,200.0,516.0,103200.0,2024-10-28
2024102805013043,PHCL,65,67,2000.0,515.0,1030000.0,2024-10-28
2024102805013042,PHCL,65,16,1000.0,515.0,515000.0,2024-10-28
2024102803019092,NLIC,16,87,10.0,814.9,8149.0,2024-10-28
2024102804009297,SPIL,44,45,10.0,850.0,8500.0,2024-10-28
2024102801017045,EHPL,50,53,10.0,822.0,8220.0,2024-10-28
2024102803019091,NFS,96,41,20.0,1400.0,28000.0,2024-10-28
2024102804009296,BARUN,96,11,355.0,399.8,141929.0,2024-10-28
2024102804009295,BARUN,96,43,400.0,399.4,159760.0,2024-10-28
2024102804009294,BARUN,96,42,195.0,399.3,77863.5,2024-10-28
2024102804009293,BARUN,96,36,150.0,397.0,59550.0,2024-10-28
2024102803019090,EDBL,43,13,11.0,637.0,7007.0,2024-10-28
2024102803019089,ICFC,26,49,10.0,827.0,8270.0,2024-10-28
2024102804009292,SSHL,26,45,10.0,217.9,2179.0,2024-10-28
2024102801017044,MHCL,49,1,370.0,423.4,156658.0,2024-10-28
2024102801017043,MHCL,49,21,20.0,423.0,8460.0,2024-10-28
2024102804009291,HEI,49,58,200.0,638.0,127600.0,2024-10-28
2024102801017042,MMKJL,96,20,450.0,570.0,256500.0,2024-10-28
2024102803019088,GMFIL,29,55,10.0,630.0,6300.0,2024-10-28
2024102804009290,SHEL,74,99,10.0,248.8,2488.0,2024-10-28
2024102803019087,NFS,62,41,10.0,1400.0,14000.0,2024-10-28
2024102801017041,UNLB,62,8,71.0,2552.0,181192.0,2024-10-28
2024102801017040,UNLB,62,63,100.0,2551.0,255100.0,2024-10-28
2024102801017039,UNLB,62,38,10.0,2550.0,25500.0,2024-10-28
2024102801017038,UNLB,62,34,30.0,2544.0,76320.0,2024-10-28
2024102801017037,UNLB,62,42,10.0,2540.0,25400.0,2024-10-28
2024102801017036,UNLB,62,49,29.0,2540.0,73660.0,2024-10-28
2024102801017035,UNLB,62,50,10.0,2535.0,25350.0,2024-10-28
2024102801017034,UNLB,62,52,10.0,2530.0,25300.0,2024-10-28
2024102801017033,UNLB,62,41,30.0,2530.0,75900.0,2024-10-28
2024102801017032,RFPL,62,5,534.0,629.0,335886.0,2024-10-28
2024102801017031,RFPL,62,22,100.0,622.2,62220.0,2024-10-28
2024102801017030,RFPL,62,57,200.0,622.2,124440.0,2024-10-28
2024102801017029,RFPL,62,38,300.0,622.2,186660.0,2024-10-28
2024102801017028,RFPL,62,16,500.0,622.0,311000.0,2024-10-28
2024102801017027,RFPL,62,70,100.0,622.0,62200.0,2024-10-28
2024102801017026,RFPL,62,86,2000.0,622.0,1244000.0,2024-10-28
2024102801017025,RFPL,62,58,200.0,622.0,124400.0,2024-10-28
2024102801017024,RFPL,62,38,10.0,622.0,6220.0,2024-10-28
2024102801017023,RFPL,62,34,10.0,622.0,6220.0,2024-10-28
2024102801017022,RFPL,62,10,150.0,622.0,93300.0,2024-10-28
2024102801017021,RFPL,62,42,10.0,622.0,6220.0,2024-10-28
2024102801017020,RFPL,62,77,10.0,620.0,6200.0,2024-10-28
2024102801017019,RFPL,62,34,100.0,620.0,62000.0,2024-10-28
2024102801017018,RFPL,62,58,10.0,620.0,6200.0,2024-10-28
2024102801017017,RFPL,62,11,10.0,619.1,6191.0,2024-10-28
2024102801017016,RFPL,62,5,100.0,619.1,61910.0,2024-10-28
2024102801017015,RFPL,62,17,700.0,619.1,433370.0,2024-10-28
2024102801017014,RFPL,62,29,10.0,619.1,6191.0,2024-10-28
2024102801017013,RFPL,62,58,50.0,619.1,30955.0,2024-10-28
2024102801017012,RFPL,62,36,100.0,619.0,61900.0,2024-10-28
2024102801017011,RFPL,62,17,700.0,619.0,433300.0,2024-10-28
2024102801017010,RFPL,62,58,10.0,619.0,6190.0,2024-10-28
2024102801017009,RFPL,62,17,700.0,618.9,433230.0,2024-10-28
2024102801017008,RFPL,62,16,10.0,617.0,6170.0,2024-10-28
2024102801017007,RFPL,62,62,50.0,616.0,30800.0,2024-10-28
2024102801017006,RFPL,62,41,10.0,614.0,6140.0,2024-10-28
2024102801017005,RFPL,62,66,100.0,614.0,61400.0,2024-10-28
2024102801017004,RFPL,62,33,550.0,613.0,337150.0,2024-10-28
2024102801017003,RFPL,62,41,270.0,613.0,165510.0,2024-10-28
2024102801017002,RFPL,62,35,40.0,613.0,24520.0,2024-10-28
2024102801017001,RFPL,62,13,325.0,613.0,199225.0,2024-10-28
2024102801017000,RFPL,62,62,100.0,612.0,61200.0,2024-10-28
2024102801016999,RFPL,62,49,250.0,612.0,153000.0,2024-10-28
2024102801016998,RFPL,62,57,10.0,612.0,6120.0,2024-10-28
2024102801016997,RFPL,62,42,100.0,612.0,61200.0,2024-10-28
2024102801016996,RFPL,62,7,10.0,612.0,6120.0,2024-10-28
2024102801016995,RFPL,62,58,400.0,612.0,244800.0,2024-10-28
2024102801016994,RFPL,62,10,50.0,612.0,30600.0,2024-10-28
2024102801016993,RFPL,62,17,500.0,612.0,306000.0,2024-10-28
2024102801016992,RFPL,62,38,10.0,612.0,6120.0,2024-10-28
2024102801016991,RFPL,62,49,10.0,612.0,6120.0,2024-10-28
2024102801016990,RFPL,62,8,101.0,612.0,61812.0,2024-10-28
2024102801016989,RFPL,62,70,50.0,612.0,30600.0,2024-10-28
2024102801016988,RFPL,62,21,10.0,612.0,6120.0,2024-10-28
2024102801016987,RFPL,62,41,10.0,612.0,6120.0,2024-10-28
2024102801016986,RFPL,62,41,10.0,612.0,6120.0,2024-10-28
2024102801016985,RFPL,62,34,10.0,612.0,6120.0,2024-10-28
2024102801016984,RFPL,62,62,50.0,612.0,30600.0,2024-10-28
2024102801016983,RFPL,62,42,350.0,612.0,214200.0,2024-10-28
2024102801016982,NICA,45,4,100.0,443.0,44300.0,2024-10-28
2024102801016981,NWCL,45,45,10.0,1003.0,10030.0,2024-10-28
2024102804009289,PMHPL,58,29,10.0,275.0,2750.0,2024-10-28
2024102804009288,PMHPL,58,32,90.0,275.0,24750.0,2024-10-28
2024102804009287,PMHPL,58,11,50.0,275.0,13750.0,2024-10-28
2024102804009286,PMHPL,58,29,50.0,274.3,13715.0,2024-10-28
2024102803019086,SINDU,88,32,10.0,719.9,7199.0,2024-10-28
2024102801016980,MEHL,48,49,10.0,390.0,3900.0,2024-10-28
2024102803019085,NLICL,67,51,413.0,605.1,249906.3,2024-10-28
2024102803019084,NLICL,49,51,50.0,605.1,30255.0,2024-10-28
2024102803019083,NLICL,16,51,164.0,605.2,99252.8,2024-10-28
2024102803019082,NLICL,44,51,122.0,605.3,73846.6,2024-10-28
2024102803019081,NLICL,39,51,52.0,605.4,31480.8,2024-10-28
2024102803019080,NLICL,52,51,50.0,605.5,30275.0,2024-10-28
2024102803019079,NLICL,19,51,14.0,605.5,8477.0,2024-10-28
2024102803019078,NLICL,35,51,200.0,606.0,121200.0,2024-10-28
2024102803019077,NLICL,57,51,10.0,606.0,6060.0,2024-10-28
2024102803019076,NLICL,58,51,500.0,607.0,303500.0,2024-10-28
2024102803019075,NLICL,14,51,25.0,607.0,15175.0,2024-10-28
2024102803019074,NLICL,5,51,15.0,607.0,9105.0,2024-10-28
2024102803019073,NLICL,49,51,10.0,607.1,6071.0,2024-10-28
2024102803019072,NLICL,42,51,20.0,608.0,12160.0,2024-10-28
2024102803019071,NLICL,25,51,25.0,608.0,15200.0,2024-10-28
2024102803019070,NLICL,45,51,10.0,608.1,6081.0,2024-10-28
2024102803019069,NLICL,37,51,200.0,608.5,121700.0,2024-10-28
2024102803019068,NLICL,33,51,10.0,608.6,6086.0,2024-10-28
2024102803019067,NLICL,33,51,10.0,608.8,6088.0,2024-10-28
2024102803019066,NLICL,37,51,100.0,609.0,60900.0,2024-10-28
2024102804009285,SHL,41,87,100.0,514.9,51490.0,2024-10-28
2024102804009284,SHL,41,26,100.0,514.9,51490.0,2024-10-28
2024102804009283,SHL,41,25,100.0,514.6,51460.0,2024-10-28
2024102801016979,AHL,60,13,20.0,697.8,13956.0,2024-10-28
2024102803019065,GFCL,41,38,480.0,1047.9,502992.0,2024-10-28
2024102803019064,PFL,38,38,10.0,669.0,6690.0,2024-10-28
2024102803019063,NFS,98,6,10.0,1400.0,14000.0,2024-10-28
2024102805013041,SHIVM,22,91,30.0,597.0,17910.0,2024-10-28
2024102803019062,NADEP,22,58,10.0,1018.0,10180.0,2024-10-28
2024102801016978,RAWA,57,40,10.0,774.0,7740.0,2024-10-28
2024102804009282,UPCL,55,57,96.0,267.0,25632.0,2024-10-28
2024102804009281,SHEL,42,99,10.0,248.8,2488.0,2024-10-28
2024102801016977,EHPL,42,53,10.0,822.0,8220.0,2024-10-28
2024102801016976,MEHL,32,49,10.0,390.0,3900.0,2024-10-28
2024102803019061,LICN,57,42,150.0,1270.0,190500.0,2024-10-28
2024102803019060,LICN,14,42,180.0,1270.0,228600.0,2024-10-28
2024102803019059,LICN,35,42,180.0,1273.0,229140.0,2024-10-28
2024102803019058,MPFL,34,55,10.0,775.0,7750.0,2024-10-28
2024102801016975,TVCL,34,13,20.0,468.0,9360.0,2024-10-28
2024102803019057,MDB,77,16,10.0,633.1,6331.0,2024-10-28
2024102801016974,SMHL,14,62,10.0,681.0,6810.0,2024-10-28
2024102804009280,API,4,94,70.0,293.5,20545.0,2024-10-28
2024102804009279,API,4,22,10.0,293.3,2933.0,2024-10-28
2024102805013040,SAHAS,48,10,104.0,520.0,54080.0,2024-10-28
2024102805013039,SAHAS,6,10,200.0,520.0,104000.0,2024-10-28
2024102805013038,SAHAS,17,10,196.0,520.0,101920.0,2024-10-28
2024102801016973,MKHL,19,33,50.0,560.0,28000.0,2024-10-28
2024102803019056,NFS,3,6,17.0,1400.0,23800.0,2024-10-28
2024102803019055,NFS,3,41,233.0,1400.0,326200.0,2024-10-28
2024102803019054,SWBBL,50,45,10.0,930.0,9300.0,2024-10-28
2024102801016972,SBL,50,99,100.0,333.0,33300.0,2024-10-28
2024102801016971,SBL,50,35,10.0,333.0,3330.0,2024-10-28
2024102803019053,MLBBL,54,45,10.0,1820.0,18200.0,2024-10-28
2024102803019052,MLBBL,54,7,84.0,1820.0,152880.0,2024-10-28
2024102803019051,JBBL,33,57,100.0,358.0,35800.0,2024-10-28
2024102805013037,SONA,17,62,40.0,485.8,19432.0,2024-10-28
2024102803019050,CFCL,45,49,160.0,692.0,110720.0,2024-10-28
2024102804009278,SHEL,35,99,10.0,248.8,2488.0,2024-10-28
2024102804009277,JOSHI,47,8,20.0,309.0,6180.0,2024-10-28
2024102803019049,SINDU,74,32,10.0,719.9,7199.0,2024-10-28
2024102804009276,KKHC,74,34,400.0,267.0,106800.0,2024-10-28
2024102804009275,KKHC,74,41,100.0,266.9,26690.0,2024-10-28
2024102801016970,MKJC,29,16,10.0,481.0,4810.0,2024-10-28
2024102801016969,HBL,56,45,50.0,249.0,12450.0,2024-10-28
2024102803019048,MLBL,42,6,59.0,398.0,23482.0,2024-10-28
2024102804009274,RURU,6,54,10.0,753.0,7530.0,2024-10-28
2024102804009273,RURU,6,34,10.0,752.9,7529.0,2024-10-28
2024102803019047,JSLBB,18,62,65.0,1470.2,95563.0,2024-10-28
2024102803019046,JSLBB,17,62,50.0,1475.0,73750.0,2024-10-28
2024102803019045,JSLBB,51,62,35.0,1484.9,51971.5,2024-10-28
2024102803019044,JSLBB,50,62,50.0,1490.0,74500.0,2024-10-28
2024102803019043,SMPDA,22,62,10.0,904.5,9045.0,2024-10-28
2024102801016968,JBLB,16,66,12.0,1530.2,18362.4,2024-10-28
2024102801016967,JBLB,26,66,10.0,1535.0,15350.0,2024-10-28
2024102803019042,ICFC,41,13,326.0,825.9,269243.4,2024-10-28
2024102803019041,ICFC,29,13,50.0,826.0,41300.0,2024-10-28
2024102803019040,ICFC,7,13,100.0,826.0,82600.0,2024-10-28
2024102803019039,ICFC,21,13,24.0,826.0,19824.0,2024-10-28
2024102805013036,MBJC,91,13,1155.0,328.0,378840.0,2024-10-28
2024102804009272,NLG,71,57,10.0,1329.0,13290.0,2024-10-28
2024102803019038,GFCL,45,75,50.0,1048.0,52400.0,2024-10-28
2024102801016966,TVCL,45,35,30.0,468.0,14040.0,2024-10-28
2024102801016965,TVCL,45,13,20.0,468.0,9360.0,2024-10-28
2024102801016964,TVCL,45,38,50.0,467.0,23350.0,2024-10-28
2024102803019037,SINDU,88,32,20.0,719.9,14398.0,2024-10-28
2024102803019036,MNBBL,58,16,30.0,395.0,11850.0,2024-10-28
2024102801016963,AHL,58,13,10.0,697.8,6978.0,2024-10-28
2024102801016962,AHL,58,42,10.0,695.0,6950.0,2024-10-28
2024102801016961,MMKJL,58,60,440.0,579.9,255156.0,2024-10-28
2024102801016960,MMKJL,58,54,70.0,579.9,40593.0,2024-10-28
2024102801016959,MMKJL,58,26,490.0,575.0,281750.0,2024-10-28
2024102803019035,MPFL,58,55,150.0,775.0,116250.0,2024-10-28
2024102805013035,GCIL,21,25,100.0,499.9,49990.0,2024-10-28
2024102805013034,HRL,41,55,30.0,862.0,25860.0,2024-10-28
2024102801016958,TSHL,60,32,10.0,902.7,9027.0,2024-10-28
2024102801016957,TSHL,60,86,10.0,902.7,9027.0,2024-10-28
2024102801016956,MBL,38,36,10.0,251.0,2510.0,2024-10-28
2024102805013033,NIFRA,52,55,100.0,280.0,28000.0,2024-10-28
2024102803019034,MFIL,7,20,232.0,766.0,177712.0,2024-10-28
2024102804009271,GHL,57,14,635.0,222.3,141160.5,2024-10-28
2024102805013032,NTC,57,58,10.0,975.0,9750.0,2024-10-28
2024102801016955,TSHL,64,86,10.0,902.7,9027.0,2024-10-28
2024102805013031,PHCL,65,57,280.0,515.0,144200.0,2024-10-28
2024102804009270,API,67,37,170.0,293.0,49810.0,2024-10-28
2024102804009269,API,16,37,10.0,293.0,2930.0,2024-10-28
2024102804009268,API,35,37,10.0,293.0,2930.0,2024-10-28
2024102804009267,API,94,37,120.0,293.0,35160.0,2024-10-28
2024102804009266,API,34,37,500.0,293.1,146550.0,2024-10-28
2024102804009265,API,8,37,190.0,293.1,55689.0,2024-10-28
2024102803019033,MLBL,42,40,141.0,398.0,56118.0,2024-10-28
2024102801016954,GVL,42,64,190.0,529.0,100510.0,2024-10-28
2024102801016953,GVL,42,26,10.0,528.9,5289.0,2024-10-28
2024102801016952,PPL,32,45,100.0,487.0,48700.0,2024-10-28
2024102801016951,PPL,32,8,20.0,487.0,9740.0,2024-10-28
2024102801016950,PPL,32,34,150.0,485.0,72750.0,2024-10-28
2024102801016949,PPL,32,35,25.0,484.0,12100.0,2024-10-28
2024102801016948,BHDC,32,41,10.0,602.0,6020.0,2024-10-28
2024102803019032,RLFL,32,5,50.0,643.4,32170.0,2024-10-28
2024102803019031,ALICL,34,50,115.0,723.0,83145.0,2024-10-28
2024102803019030,ALICL,34,29,85.0,722.0,61370.0,2024-10-28
2024102801016947,MBL,34,36,10.0,251.0,2510.0,2024-10-28
2024102801016946,MKHL,77,33,20.0,560.0,11200.0,2024-10-28
2024102801016945,TSHL,28,3,10.0,902.6,9026.0,2024-10-28
2024102801016944,TSHL,28,3,10.0,902.5,9025.0,2024-10-28
2024102801016943,TSHL,28,17,10.0,902.0,9020.0,2024-10-28
2024102801016942,TSHL,28,8,200.0,901.7,180340.0,2024-10-28
2024102801016941,TSHL,28,22,10.0,901.7,9017.0,2024-10-28
2024102801016940,TSHL,28,53,50.0,900.0,45000.0,2024-10-28
2024102801016939,TSHL,28,58,145.0,900.0,130500.0,2024-10-28
2024102801016938,TSHL,28,21,20.0,897.6,17952.0,2024-10-28
2024102801016937,TSHL,28,51,10.0,897.6,8976.0,2024-10-28
2024102801016936,TSHL,28,57,90.0,897.0,80730.0,2024-10-28
2024102801016935,TSHL,28,6,200.0,895.0,179000.0,2024-10-28
2024102801016934,TSHL,28,42,10.0,892.5,8925.0,2024-10-28
2024102801016933,TSHL,28,22,111.0,890.9,98889.9,2024-10-28
2024102801016932,TSHL,28,49,10.0,890.0,8900.0,2024-10-28
2024102801016931,TSHL,28,66,110.0,890.0,97900.0,2024-10-28
2024102801016930,TSHL,28,53,89.0,890.0,79210.0,2024-10-28
2024102801016929,TSHL,28,49,215.0,888.0,190920.0,2024-10-28
2024102803019029,NFS,14,41,100.0,1400.0,140000.0,2024-10-28
2024102801016928,KDL,10,4,10.0,1075.1,10751.0,2024-10-28
2024102804009264,UPCL,91,57,207.0,269.9,55869.3,2024-10-28
2024102804009263,UPCL,91,58,10.0,269.2,2692.0,2024-10-28
2024102804009262,UPCL,91,57,250.0,269.0,67250.0,2024-10-28
2024102804009261,UPCL,91,13,108.0,269.0,29052.0,2024-10-28
2024102804009260,UPCL,91,4,19.0,269.0,5111.0,2024-10-28
2024102804009259,UPCL,91,40,200.0,269.0,53800.0,2024-10-28
2024102804009258,UPCL,91,4,1800.0,269.0,484200.0,2024-10-28
2024102804009257,UPCL,91,32,19.0,269.0,5111.0,2024-10-28
2024102804009256,UPCL,91,34,157.0,269.0,42233.0,2024-10-28
2024102804009255,UPCL,91,36,100.0,268.9,26890.0,2024-10-28
2024102804009254,UPCL,91,58,1190.0,268.9,319991.0,2024-10-28
2024102804009253,UPCL,91,28,100.0,268.0,26800.0,2024-10-28
2024102804009252,UPCL,91,17,200.0,268.0,53600.0,2024-10-28
2024102804009251,UPCL,91,32,50.0,268.0,13400.0,2024-10-28
2024102804009250,UPCL,91,46,500.0,268.0,134000.0,2024-10-28
2024102804009249,UPCL,91,39,90.0,268.0,24120.0,2024-10-28
2024102801016927,SPL,96,22,10.0,845.0,8450.0,2024-10-28
2024102804009248,CGH,43,45,100.0,915.0,91500.0,2024-10-28
2024102801016926,HIDCLP,59,17,10.0,181.6,1816.0,2024-10-28
2024102803019028,NFS,74,41,10.0,1400.0,14000.0,2024-10-28
2024102801016925,MHCL,56,1,50.0,423.4,21170.0,2024-10-28
2024102803019027,NMBMF,56,37,50.0,700.0,35000.0,2024-10-28
2024102803019026,NMBMF,56,49,58.0,699.0,40542.0,2024-10-28
2024102803019025,NMBMF,56,65,25.0,695.0,17375.0,2024-10-28
2024102803019024,NMBMF,56,45,40.0,690.0,27600.0,2024-10-28
2024102803019023,GFCL,41,56,150.0,1047.9,157185.0,2024-10-28
2024102803019022,NABBC,62,36,10.0,639.0,6390.0,2024-10-28
2024102803019021,MDB,62,16,30.0,633.1,18993.0,2024-10-28
2024102803019020,MDB,62,29,70.0,633.0,44310.0,2024-10-28
2024102805013030,SMATA,57,55,10.0,873.0,8730.0,2024-10-28
2024102804009247,NIL,72,17,10.0,907.0,9070.0,2024-10-28
2024102803019019,NFS,41,6,27.0,1399.9,37797.3,2024-10-28
2024102803019018,NFS,58,6,13.0,1399.9,18198.7,2024-10-28
2024102803019017,MLBBL,58,10,10.0,1820.0,18200.0,2024-10-28
2024102805013029,HRL,21,58,2.0,861.0,1722.0,2024-10-28
2024102803019016,NFS,52,6,10.0,1399.9,13999.0,2024-10-28
2024102804009246,UNHPL,22,41,100.0,269.9,26990.0,2024-10-28
2024102805013028,MBJC,91,37,50.0,328.0,16400.0,2024-10-28
2024102801016924,PRVU,56,57,100.0,241.1,24110.0,2024-10-28
2024102801016923,NIMB,57,32,100.0,236.0,23600.0,2024-10-28
2024102801016922,MKHC,57,36,64.0,369.0,23616.0,2024-10-28
2024102801016921,MKHC,57,49,10.0,369.0,3690.0,2024-10-28
2024102801016920,MKHC,57,48,186.0,369.0,68634.0,2024-10-28
2024102801016919,EHPL,42,53,10.0,822.0,8220.0,2024-10-28
2024102805013027,SAHAS,17,42,1704.0,520.0,886080.0,2024-10-28
2024102805013026,SAHAS,34,42,157.0,520.0,81640.0,2024-10-28
2024102805013025,SAHAS,59,42,500.0,520.1,260050.0,2024-10-28
2024102805013024,SAHAS,57,42,500.0,520.5,260250.0,2024-10-28
2024102805013023,SAHAS,36,42,50.0,521.0,26050.0,2024-10-28
2024102805013022,SAHAS,81,42,89.0,521.1,46377.9,2024-10-28
2024102805013021,CHDC,32,4,165.0,1711.0,282315.0,2024-10-28
2024102805013020,CHDC,17,4,310.0,1711.5,530565.0,2024-10-28
2024102805013019,CHDC,25,4,50.0,1716.0,85800.0,2024-10-28
2024102805013018,CHDC,28,4,100.0,1717.0,171700.0,2024-10-28
2024102801016918,TVCL,21,4,70.0,466.0,32620.0,2024-10-28
2024102803019015,SAPDBL,36,16,900.0,570.0,513000.0,2024-10-28
2024102803019014,SAPDBL,38,16,100.0,572.0,57200.0,2024-10-28
2024102804009245,BARUN,38,5,225.0,396.1,89122.5,2024-10-28
2024102804009244,UMHL,50,44,147.0,317.8,46716.6,2024-10-28
2024102804009243,UMHL,50,22,10.0,317.0,3170.0,2024-10-28
2024102804009242,SHEL,33,99,530.0,248.8,131864.0,2024-10-28
2024102804009241,SHEL,33,50,100.0,248.8,24880.0,2024-10-28
2024102801016917,MMKJL,49,54,10.0,572.0,5720.0,2024-10-28
2024102801016916,MBL,49,36,10.0,251.0,2510.0,2024-10-28
2024102803019013,RLFL,14,59,50.0,642.1,32105.0,2024-10-28
2024102805013017,PHCL,65,26,1280.0,515.0,659200.0,2024-10-28
2024102805013016,PHCL,35,26,250.0,515.1,128775.0,2024-10-28
2024102805013015,PHCL,65,26,3470.0,515.1,1787397.0,2024-10-28
2024102801016915,SARBTM,87,88,61.0,773.0,47153.0,2024-10-28
2024102801016914,SARBTM,87,32,100.0,772.9,77290.0,2024-10-28
2024102801016913,SARBTM,87,45,19.0,772.9,14685.1,2024-10-28
2024102801016912,SARBTM,87,39,20.0,772.5,15450.0,2024-10-28
2024102801016911,MKHC,42,13,100.0,368.0,36800.0,2024-10-28
2024102804009240,UPPER,48,57,375.0,215.8,80925.0,2024-10-28
2024102804009239,UPPER,48,50,50.0,215.8,10790.0,2024-10-28
2024102804009238,UPPER,48,50,100.0,215.7,21570.0,2024-10-28
2024102804009237,UPPER,48,7,472.0,215.5,101716.0,2024-10-28
2024102803019012,SFCL,40,21,13.0,789.7,10266.1,2024-10-28
2024102803019011,SFCL,1,21,97.0,789.8,76610.6,2024-10-28
2024102803019010,SFCL,22,45,100.0,790.0,79000.0,2024-10-28
2024102801016910,SPC,37,42,10.0,521.8,5218.0,2024-10-28
2024102801016909,SPC,37,35,140.0,519.0,72660.0,2024-10-28
2024102801016908,SPC,37,41,10.0,518.0,5180.0,2024-10-28
2024102801016907,SPC,37,57,10.0,518.0,5180.0,2024-10-28
2024102801016906,MHCL,57,1,10.0,423.4,4234.0,2024-10-28
2024102801016905,BEDC,32,38,10.0,478.9,4789.0,2024-10-28
2024102801016904,SMHL,22,42,10.0,680.0,6800.0,2024-10-28
2024102804009236,JOSHI,61,8,185.0,309.0,57165.0,2024-10-28
2024102803019009,NFS,65,41,150.0,1400.0,210000.0,2024-10-28
2024102803019008,KSBBL,14,56,16.0,453.0,7248.0,2024-10-28
2024102803019007,KSBBL,14,17,10.0,452.0,4520.0,2024-10-28
2024102803019006,KSBBL,14,57,30.0,452.0,13560.0,2024-10-28
2024102803019005,KSBBL,14,25,34.0,450.0,15300.0,2024-10-28
2024102801016903,CKHL,41,4,10.0,647.0,6470.0,2024-10-28
2024102803019004,EDBL,61,14,15.0,635.0,9525.0,2024-10-28
2024102803019003,CFCL,14,4,10.0,694.0,6940.0,2024-10-28
2024102801016902,RFPL,39,42,3000.0,612.0,1836000.0,2024-10-28
2024102804009235,AKPL,50,1,1000.0,252.0,252000.0,2024-10-28
2024102801016901,BHL,49,1,400.0,449.0,179600.0,2024-10-28
2024102801016900,BHL,49,57,200.0,449.0,89800.0,2024-10-28
2024102801016899,BHL,49,57,100.0,449.0,44900.0,2024-10-28
2024102801016898,BHL,49,45,190.0,449.0,85310.0,2024-10-28
2024102801016897,BHL,49,8,750.0,448.9,336675.0,2024-10-28
2024102801016896,BHL,49,34,350.0,448.8,157080.0,2024-10-28
2024102801016895,BHL,49,59,10.0,447.5,4475.0,2024-10-28
2024102805013014,PHCL,65,35,10.0,515.1,5151.0,2024-10-28
2024102803019002,CFCL,35,4,20.0,694.0,13880.0,2024-10-28
2024102803019001,SJLIC,26,89,170.0,482.0,81940.0,2024-10-28
2024102803019000,SJLIC,26,57,90.0,481.9,43371.0,2024-10-28
2024102803018999,SJLIC,26,55,100.0,481.5,48150.0,2024-10-28
2024102803018998,SJLIC,26,55,100.0,481.0,48100.0,2024-10-28
2024102805013013,CHDC,28,87,80.0,1717.0,137360.0,2024-10-28
2024102805013012,SAHAS,13,56,50.0,522.0,26100.0,2024-10-28
2024102804009234,PMHPL,55,44,10.0,274.0,2740.0,2024-10-28
2024102803018997,SFCL,58,45,18.0,790.0,14220.0,2024-10-28
2024102803018996,SFCL,5,45,500.0,790.0,395000.0,2024-10-28
2024102801016894,HBL,41,45,20.0,249.0,4980.0,2024-10-28
2024102801016893,HBL,41,45,100.0,249.0,24900.0,2024-10-28
2024102801016892,HBL,26,45,100.0,249.0,24900.0,2024-10-28
2024102801016891,HBL,35,45,10.0,249.0,2490.0,2024-10-28
2024102801016890,HBL,42,45,50.0,249.0,12450.0,2024-10-28
2024102801016889,HBL,11,45,100.0,249.0,24900.0,2024-10-28
2024102801016888,HBL,34,45,100.0,249.0,24900.0,2024-10-28
2024102801016887,HBL,19,45,71.0,249.0,17679.0,2024-10-28
2024102801016886,HBL,14,45,150.0,249.1,37365.0,2024-10-28
2024102801016885,HBL,25,45,100.0,249.1,24910.0,2024-10-28
2024102801016884,HBL,35,45,100.0,250.0,25000.0,2024-10-28
2024102803018995,HLI,45,46,10.0,477.0,4770.0,2024-10-28
2024102803018994,HLI,45,45,86.0,477.0,41022.0,2024-10-28
2024102803018993,KRBL,60,25,20.0,630.5,12610.0,2024-10-28
2024102804009233,SSHL,58,38,100.0,217.0,21700.0,2024-10-28
2024102804009232,SSHL,58,26,10.0,217.0,2170.0,2024-10-28
2024102804009231,SSHL,58,44,823.0,217.0,178591.0,2024-10-28
2024102801016883,MCHL,58,54,10.0,538.0,5380.0,2024-10-28
2024102801016882,MCHL,58,34,10.0,537.0,5370.0,2024-10-28
2024102801016881,NYADI,58,56,10.0,310.0,3100.0,2024-10-28
2024102801016880,NYADI,58,38,10.0,309.0,3090.0,2024-10-28
2024102801016879,NYADI,58,58,20.0,308.0,6160.0,2024-10-28
2024102801016878,HIDCLP,4,61,10.0,181.1,1811.0,2024-10-28
2024102805013011,GCIL,42,52,50.0,499.5,24975.0,2024-10-28
2024102804009230,AKPL,50,10,1150.0,252.0,289800.0,2024-10-28
2024102801016877,MKJC,48,16,100.0,481.0,48100.0,2024-10-28
2024102803018992,KMCDB,47,18,80.0,1028.0,82240.0,2024-10-28
2024102803018991,KMCDB,47,33,10.0,1028.0,10280.0,2024-10-28
2024102803018990,KMCDB,47,33,10.0,1027.0,10270.0,2024-10-28
2024102801016876,PRVU,49,21,25.0,241.2,6030.0,2024-10-28
2024102805013010,HRL,10,49,10.0,861.0,8610.0,2024-10-28
2024102803018989,CFCL,49,4,200.0,694.0,138800.0,2024-10-28
2024102801016875,RFPL,62,42,1730.0,612.0,1058760.0,2024-10-28
2024102801016874,RFPL,62,11,150.0,612.0,91800.0,2024-10-28
2024102801016873,RFPL,62,34,10.0,612.0,6120.0,2024-10-28
2024102801016872,RFPL,62,42,10.0,612.0,6120.0,2024-10-28
2024102801016871,RFPL,62,38,10.0,612.0,6120.0,2024-10-28
2024102801016870,RFPL,62,58,10.0,612.0,6120.0,2024-10-28
2024102801016869,RFPL,62,54,40.0,612.0,24480.0,2024-10-28
2024102801016868,RFPL,62,42,100.0,611.0,61100.0,2024-10-28
2024102801016867,RFPL,62,32,10.0,610.4,6104.0,2024-10-28
2024102801016866,RFPL,62,4,10.0,610.4,6104.0,2024-10-28
2024102801016865,RFPL,62,35,10.0,610.0,6100.0,2024-10-28
2024102801016864,RFPL,62,4,100.0,610.0,61000.0,2024-10-28
2024102801016863,RFPL,62,48,810.0,610.0,494100.0,2024-10-28
2024102801016862,CITY,62,21,31.0,835.0,25885.0,2024-10-28
2024102805013009,PHCL,65,45,200.0,515.1,103020.0,2024-10-28
2024102801016861,GBIME,45,77,769.0,254.0,195326.0,2024-10-28
2024102801016860,GBIME,45,7,45.0,254.0,11430.0,2024-10-28
2024102801016859,GBIME,45,55,100.0,254.0,25400.0,2024-10-28
2024102801016858,GBIME,45,22,150.0,254.0,38100.0,2024-10-28
2024102801016857,GBIME,45,55,690.0,254.0,175260.0,2024-10-28
2024102801016856,GBIME,45,53,902.0,253.9,229017.8,2024-10-28
2024102801016855,GBIME,45,22,1000.0,253.8,253800.0,2024-10-28
2024102801016854,GBIME,45,47,234.0,253.7,59365.8,2024-10-28
2024102801016853,GBIME,45,26,500.0,253.5,126750.0,2024-10-28
2024102801016852,GBIME,45,44,500.0,253.5,126750.0,2024-10-28
2024102801016851,GBIME,45,45,30.0,253.5,7605.0,2024-10-28
2024102801016850,GBIME,45,13,500.0,253.0,126500.0,2024-10-28
2024102801016849,GBIME,45,1,200.0,253.0,50600.0,2024-10-28
2024102801016848,GBIME,45,54,48.0,253.0,12144.0,2024-10-28
2024102801016847,GBIME,45,32,500.0,253.0,126500.0,2024-10-28
2024102801016846,GBIME,45,53,151.0,253.0,38203.0,2024-10-28
2024102801016845,GBIME,45,58,50.0,253.0,12650.0,2024-10-28
2024102801016844,GBIME,45,17,220.0,253.0,55660.0,2024-10-28
2024102801016843,GBIME,45,54,10.0,253.0,2530.0,2024-10-28
2024102801016842,GBIME,45,39,272.0,253.0,68816.0,2024-10-28
2024102801016841,GBIME,45,4,30.0,253.0,7590.0,2024-10-28
2024102801016840,GBIME,45,3,100.0,253.0,25300.0,2024-10-28
2024102801016839,GBIME,45,34,15.0,253.0,3795.0,2024-10-28
2024102801016838,GBIME,45,7,1249.0,253.0,315997.0,2024-10-28
2024102801016837,GBIME,45,58,200.0,253.0,50600.0,2024-10-28
2024102801016836,GBIME,45,1,1101.0,253.0,278553.0,2024-10-28
2024102801016835,GBIME,45,44,300.0,252.8,75840.0,2024-10-28
2024102801016834,GBIME,45,35,8252.0,252.7,2085280.4,2024-10-28
2024102801016833,GBIME,45,22,1882.0,252.6,475393.2,2024-10-28
2024102801016832,MBL,44,41,500.0,251.0,125500.0,2024-10-28
2024102803018988,GILB,13,38,40.0,1242.1,49684.0,2024-10-28
2024102803018987,GILB,47,38,60.0,1244.0,74640.0,2024-10-28
2024102803018986,RLFL,58,5,50.0,643.4,32170.0,2024-10-28
2024102801016831,KBSH,58,8,10.0,2355.0,23550.0,2024-10-28
2024102804009229,UMHL,57,16,1133.0,314.7,356555.1,2024-10-28
2024102804009228,UMHL,50,16,157.0,315.0,49455.0,2024-10-28
2024102804009227,UMHL,11,16,300.0,315.0,94500.0,2024-10-28
2024102804009226,UMHL,38,16,300.0,315.1,94530.0,2024-10-28
2024102804009225,UMHL,52,16,100.0,315.9,31590.0,2024-10-28
2024102804009224,UMHL,35,16,10.0,315.9,3159.0,2024-10-28
2024102803018985,SLBBL,14,61,20.0,952.0,19040.0,2024-10-28
2024102805013008,HRL,14,55,10.0,862.0,8620.0,2024-10-28
2024102803018984,SFCL,58,25,25.0,790.0,19750.0,2024-10-28
2024102803018983,SLBSL,50,85,10.0,1361.0,13610.0,2024-10-28
2024102804009223,KKHC,58,17,194.0,265.2,51448.8,2024-10-28
2024102804009222,KKHC,5,17,20.0,265.3,5306.0,2024-10-28
2024102804009221,KKHC,29,17,60.0,265.5,15930.0,2024-10-28
2024102804009220,KKHC,45,17,500.0,265.6,132800.0,2024-10-28
2024102804009219,KKHC,38,17,200.0,266.0,53200.0,2024-10-28
2024102804009218,KKHC,42,17,26.0,266.0,6916.0,2024-10-28
2024102801016830,SMHL,48,62,441.0,681.0,300321.0,2024-10-28
2024102801016829,SMHL,48,57,10.0,681.0,6810.0,2024-10-28
2024102801016828,SMHL,48,44,49.0,681.0,33369.0,2024-10-28
2024102803018982,GUFL,45,62,19.0,755.0,14345.0,2024-10-28
2024102801016827,DOLTI,56,45,50.0,612.8,30640.0,2024-10-28
2024102803018981,BFC,6,45,80.0,654.0,52320.0,2024-10-28
2024102805013007,SAHAS,81,45,370.0,521.1,192807.0,2024-10-28
2024102801016826,RFPL,38,48,20.0,610.0,12200.0,2024-10-28
2024102803018980,BFC,22,41,25.0,654.8,16370.0,2024-10-28
2024102803018979,NFS,57,41,112.0,1400.0,156800.0,2024-10-28
2024102804009217,API,8,48,60.0,293.1,17586.0,2024-10-28
2024102805013006,PHCL,65,65,1320.0,515.1,679932.0,2024-10-28
2024102803018978,RSDC,10,4,10.0,724.9,7249.0,2024-10-28
2024102803018977,SWMF,18,21,18.0,804.0,14472.0,2024-10-28
2024102801016825,SIKLES,6,95,300.0,690.0,207000.0,2024-10-28
2024102801016824,BHL,34,59,40.0,447.5,17900.0,2024-10-28
2024102803018976,ALICL,49,29,100.0,722.0,72200.0,2024-10-28
2024102803018975,ALICL,35,29,29.0,722.5,20952.5,2024-10-28
2024102801016823,SMHL,22,6,10.0,680.0,6800.0,2024-10-28
2024102801016822,HIDCLP,38,87,30.0,181.0,5430.0,2024-10-28
2024102803018974,BFC,53,41,10.0,654.8,6548.0,2024-10-28
2024102803018973,ICFC,21,48,10.0,826.0,8260.0,2024-10-28
2024102801016821,RHGCL,7,18,10.0,405.0,4050.0,2024-10-28
2024102803018972,SINDU,19,77,357.0,714.0,254898.0,2024-10-28
2024102803018971,SINDU,19,77,143.0,718.0,102674.0,2024-10-28
2024102801016820,SPHL,52,34,10.0,681.0,6810.0,2024-10-28
2024102803018970,MLBBL,58,38,30.0,1820.0,54600.0,2024-10-28
2024102803018969,MLBBL,58,65,950.0,1820.0,1729000.0,2024-10-28
2024102803018968,MLBBL,58,56,20.0,1819.9,36398.0,2024-10-28
2024102803018967,SIFC,34,5,354.0,645.3,228436.2,2024-10-28
2024102803018966,SIFC,60,5,146.0,646.9,94447.4,2024-10-28
2024102801016819,MAKAR,39,38,100.0,570.0,57000.0,2024-10-28
2024102805013005,SHIVM,4,85,200.0,596.2,119240.0,2024-10-28
2024102805013004,STC,49,33,10.0,5870.0,58700.0,2024-10-28
2024102803018965,GRDBL,20,4,10.0,731.0,7310.0,2024-10-28
2024102804009216,GHL,56,14,50.0,222.3,11115.0,2024-10-28
2024102804009215,SSHL,51,44,1380.0,217.0,299460.0,2024-10-28
2024102804009214,HDHPC,6,52,100.0,211.5,21150.0,2024-10-28
2024102803018964,ALBSL,52,22,10.0,1044.8,10448.0,2024-10-28
2024102805013003,SAEF,57,22,300.0,11.11,3333.0,2024-10-28
2024102801016818,KBL,57,57,22.0,229.7,5053.4,2024-10-28
2024102801016817,DORDI,46,4,20.0,458.0,9160.0,2024-10-28
2024102801016816,BNT,42,28,10.0,14347.0,143470.0,2024-10-28
2024102803018963,NUBL,42,44,10.0,718.9,7189.0,2024-10-28
2024102801016815,RFPL,8,48,10.0,610.0,6100.0,2024-10-28
2024102803018962,SINDU,19,21,290.0,718.0,208220.0,2024-10-28
2024102804009213,DHPL,34,49,10.0,247.0,2470.0,2024-10-28
2024102804009212,UMRH,34,49,476.0,485.0,230860.0,2024-10-28
2024102804009211,UMRH,34,49,130.0,485.0,63050.0,2024-10-28
2024102804009210,UMRH,34,25,50.0,484.0,24200.0,2024-10-28
2024102804009209,UMRH,34,44,50.0,484.0,24200.0,2024-10-28
2024102804009208,UMRH,34,57,294.0,483.0,142002.0,2024-10-28
2024102805013002,PHCL,65,3,1500.0,515.0,772500.0,2024-10-28
2024102803018961,RLFL,5,5,50.0,643.4,32170.0,2024-10-28
2024102804009207,HPPL,58,38,100.0,334.7,33470.0,2024-10-28
2024102803018960,PFL,16,49,10.0,666.0,6660.0,2024-10-28
2024102803018959,SAPDBL,66,17,200.0,573.0,114600.0,2024-10-28
2024102805013001,PHCL,65,56,10.0,515.0,5150.0,2024-10-28
2024102805013000,MEL,56,55,140.0,294.0,41160.0,2024-10-28
2024102803018958,NLICL,51,50,10.0,610.0,6100.0,2024-10-28
2024102801016814,HBL,41,14,10.0,251.9,2519.0,2024-10-28
2024102801016813,GBIME,45,22,60.0,252.6,15156.0,2024-10-28
2024102804009206,HDHPC,6,7,1583.0,211.5,334804.5,2024-10-28
2024102804009205,HDHPC,42,7,17.0,211.5,3595.5,2024-10-28
2024102803018957,MLBL,7,40,229.0,398.0,91142.0,2024-10-28
2024102803018956,MLBL,7,58,271.0,398.0,107858.0,2024-10-28
2024102805012999,SONA,11,52,10.0,485.5,4855.0,2024-10-28
2024102803018955,SMPDA,22,57,50.0,905.0,45250.0,2024-10-28
2024102801016812,KBL,14,89,200.0,230.0,46000.0,2024-10-28
2024102803018954,BFC,6,54,28.0,654.0,18312.0,2024-10-28
2024102805012998,SMJC,4,48,20.0,585.0,11700.0,2024-10-28
2024102803018953,BFC,1,49,20.0,654.9,13098.0,2024-10-28
2024102805012997,HRL,39,55,10.0,862.0,8620.0,2024-10-28
2024102805012996,HRL,39,4,10.0,862.0,8620.0,2024-10-28
2024102805012995,HRL,39,45,31.0,862.0,26722.0,2024-10-28
2024102805012994,HRL,39,22,59.0,862.0,50858.0,2024-10-28
2024102805012993,HRL,39,18,10.0,862.0,8620.0,2024-10-28
2024102805012992,HRL,39,82,180.0,862.0,155160.0,2024-10-28
2024102803018952,SFCL,58,45,19.0,790.0,15010.0,2024-10-28
2024102801016811,MHL,58,72,60.0,738.0,44280.0,2024-10-28
2024102801016810,MSHL,81,33,50.0,938.0,46900.0,2024-10-28
2024102801016809,SBI,47,41,200.0,481.0,96200.0,2024-10-28
2024102804009204,PMHPL,42,47,10.0,270.0,2700.0,2024-10-28
2024102801016808,HBL,35,14,100.0,251.9,25190.0,2024-10-28
2024102804009203,NHDL,50,11,615.0,581.0,357315.0,2024-10-28
2024102803018951,NFS,29,41,70.0,1400.0,98000.0,2024-10-28
2024102803018950,NFS,29,25,30.0,1399.9,41997.0,2024-10-28
2024102803018949,MFIL,62,20,50.0,766.0,38300.0,2024-10-28
2024102805012991,PHCL,65,72,200.0,515.0,103000.0,2024-10-28
2024102803018948,GFCL,55,75,140.0,1048.0,146720.0,2024-10-28
2024102804009202,LEC,56,56,19900.0,276.1,5494390.0,2024-10-28
2024102804009201,LEC,8,56,100.0,276.1,27610.0,2024-10-28
2024102801016807,CZBIL,56,43,30.0,234.4,7032.0,2024-10-28
2024102801016806,CZBIL,56,58,200.0,234.4,46880.0,2024-10-28
2024102801016805,CZBIL,56,55,267.0,234.4,62584.8,2024-10-28
2024102805012990,SHIVM,4,48,375.0,596.2,223575.0,2024-10-28
2024102805012989,SHIVM,49,48,25.0,596.8,14920.0,2024-10-28
2024102804009200,API,45,94,900.0,293.5,264150.0,2024-10-28
2024102801016804,SBI,43,41,25.0,481.0,12025.0,2024-10-28
2024102801016803,SBI,47,41,18.0,481.0,8658.0,2024-10-28
2024102801016802,SBI,28,41,20.0,481.0,9620.0,2024-10-28
2024102801016801,SBI,58,41,100.0,481.0,48100.0,2024-10-28
2024102801016800,SBI,47,41,10.0,481.0,4810.0,2024-10-28
2024102801016799,SBI,40,41,20.0,481.0,9620.0,2024-10-28
2024102801016798,SBI,17,41,20.0,481.0,9620.0,2024-10-28
2024102801016797,SBI,7,41,200.0,481.0,96200.0,2024-10-28
2024102801016796,SBI,47,41,20.0,481.0,9620.0,2024-10-28
2024102801016795,SBI,58,41,1000.0,481.0,481000.0,2024-10-28
2024102801016794,SBI,26,41,100.0,481.1,48110.0,2024-10-28
2024102801016793,SBI,19,41,30.0,481.2,14436.0,2024-10-28
2024102801016792,SBI,36,41,95.0,481.2,45714.0,2024-10-28
2024102801016791,SBI,36,41,100.0,482.0,48200.0,2024-10-28
2024102801016790,SBI,39,41,300.0,482.0,144600.0,2024-10-28
2024102805012988,HRL,22,82,40.0,862.0,34480.0,2024-10-28
2024102805012987,HATHY,22,36,12.0,1325.0,15900.0,2024-10-28
2024102805012986,HATHY,22,66,20.0,1320.0,26400.0,2024-10-28
2024102805012985,NRM,38,11,12.0,437.0,5244.0,2024-10-28
2024102803018947,SFCL,38,45,31.0,790.0,24490.0,2024-10-28
2024102803018946,SFCL,38,57,19.0,790.0,15010.0,2024-10-28
2024102801016789,SMHL,22,38,50.0,680.0,34000.0,2024-10-28
2024102801016788,MMKJL,96,57,10.0,570.0,5700.0,2024-10-28
2024102803018945,GBLBS,32,50,10.0,750.9,7509.0,2024-10-28
2024102803018944,DDBL,42,55,15.0,927.0,13905.0,2024-10-28
2024102803018943,DDBL,42,21,10.0,927.0,9270.0,2024-10-28
2024102803018942,SIFC,60,42,100.0,646.9,64690.0,2024-10-28
2024102804009199,PRIN,42,77,26.0,959.0,24934.0,2024-10-28
2024102804009198,PRIN,42,5,14.0,959.0,13426.0,2024-10-28
2024102804009197,PRIN,42,58,20.0,958.9,19178.0,2024-10-28
2024102801016787,PRVU,56,34,160.0,241.1,38576.0,2024-10-28
2024102804009196,SPIL,11,44,420.0,848.5,356370.0,2024-10-28
2024102804009195,SPIL,52,44,50.0,848.6,42430.0,2024-10-28
2024102804009194,SPIL,88,44,200.0,848.6,169720.0,2024-10-28
2024102804009193,SPIL,16,44,30.0,849.1,25473.0,2024-10-28
2024102801016786,SBI,93,45,20.0,482.5,9650.0,2024-10-28
2024102804009192,GLH,46,25,735.0,248.0,182280.0,2024-10-28
2024102805012984,SHIVM,33,91,50.0,597.0,29850.0,2024-10-28
2024102803018941,GBLBS,40,49,47.0,743.5,34944.5,2024-10-28
2024102803018940,GBLBS,47,49,22.0,743.5,16357.0,2024-10-28
2024102803018939,GBLBS,13,49,200.0,743.7,148740.0,2024-10-28
2024102803018938,GBLBS,74,49,100.0,743.7,74370.0,2024-10-28
2024102803018937,GBLBS,58,49,10.0,743.8,7438.0,2024-10-28
2024102803018936,GBLBS,7,49,10.0,748.9,7489.0,2024-10-28
2024102803018935,GBLBS,32,49,11.0,749.9,8248.9,2024-10-28
2024102801016785,TPC,49,17,25.0,468.6,11715.0,2024-10-28
2024102803018934,MFIL,26,20,278.0,766.0,212948.0,2024-10-28
2024102803018933,MFIL,26,49,22.0,766.0,16852.0,2024-10-28
2024102805012983,PHCL,65,6,200.0,515.0,103000.0,2024-10-28
2024102801016784,HHL,62,45,30.0,455.0,13650.0,2024-10-28
2024102801016783,HHL,39,45,100.0,455.1,45510.0,2024-10-28
2024102804009191,IGI,19,22,90.0,598.1,53829.0,2024-10-28
2024102803018932,PFL,38,38,12.0,669.0,8028.0,2024-10-28
2024102803018931,PFL,38,35,11.0,668.0,7348.0,2024-10-28
2024102805012982,SONA,57,62,10.0,485.8,4858.0,2024-10-28
2024102805012981,SONA,57,41,10.0,485.8,4858.0,2024-10-28
2024102801016782,SAMAJ,57,45,30.0,3324.0,99720.0,2024-10-28
2024102803018930,SINDU,14,21,10.0,718.0,7180.0,2024-10-28
2024102805012980,RNLI,34,25,11.0,501.0,5511.0,2024-10-28
2024102804009190,GHL,84,14,150.0,222.3,33345.0,2024-10-28
2024102805012979,PHCL,65,13,950.0,515.0,489250.0,2024-10-28
2024102801016781,SIKLES,6,56,50.0,690.0,34500.0,2024-10-28
2024102804009189,NHPC,5,8,10.0,227.0,2270.0,2024-10-28
2024102803018929,BFC,6,41,100.0,654.0,65400.0,2024-10-28
2024102804009188,NGPL,64,7,50.0,469.4,23470.0,2024-10-28
2024102805012978,SMJC,49,45,10.0,584.8,5848.0,2024-10-28
2024102804009187,RADHI,17,22,15.0,394.1,5911.5,2024-10-28
2024102804009186,API,22,94,1362.0,293.5,399747.0,2024-10-28
2024102804009185,API,22,52,100.0,293.1,29310.0,2024-10-28
2024102804009184,API,22,38,38.0,293.1,11137.8,2024-10-28
2024102801016780,SNLI,32,38,43.0,584.1,25116.3,2024-10-28
2024102801016779,SNLI,6,38,142.0,584.3,82970.6,2024-10-28
2024102803018928,CFCL,60,4,10.0,694.0,6940.0,2024-10-28
2024102803018927,SWBBL,50,45,19.0,930.0,17670.0,2024-10-28
2024102803018926,SWBBL,50,41,71.0,925.0,65675.0,2024-10-28
2024102803018925,SWBBL,50,57,20.0,925.0,18500.0,2024-10-28
2024102801016778,USHEC,25,58,10.0,555.0,5550.0,2024-10-28
2024102801016777,BHPL,58,21,10.0,687.0,6870.0,2024-10-28
2024102801016776,BHPL,58,45,10.0,685.0,6850.0,2024-10-28
2024102803018924,ALICL,35,63,71.0,722.5,51297.5,2024-10-28
2024102801016775,NICA,58,4,30.0,443.0,13290.0,2024-10-28
2024102801016774,NICA,4,4,56.0,443.0,24808.0,2024-10-28
2024102801016773,NICA,42,4,23.0,443.0,10189.0,2024-10-28
2024102801016772,NICA,72,4,200.0,443.0,88600.0,2024-10-28
2024102801016771,NICA,66,4,20.0,443.0,8860.0,2024-10-28
2024102801016770,NICA,33,4,2000.0,443.1,886200.0,2024-10-28
2024102801016769,NICA,58,4,10.0,443.1,4431.0,2024-10-28
2024102801016768,NICA,56,4,100.0,443.2,44320.0,2024-10-28
2024102801016767,NICA,29,4,1000.0,443.2,443200.0,2024-10-28
2024102804009183,HDHPC,42,6,10.0,211.5,2115.0,2024-10-28
2024102804009182,SPDL,26,26,1644.0,315.8,519175.2,2024-10-28
2024102804009181,SPDL,26,52,356.0,315.0,112140.0,2024-10-28
2024102801016766,SARBTM,17,6,50.0,770.1,38505.0,2024-10-28
2024102801016765,IHL,38,52,10.0,543.0,5430.0,2024-10-28
2024102805012977,MBJC,91,45,40.0,328.0,13120.0,2024-10-28
2024102801016764,SBI,36,38,4270.0,481.2,2054724.0,2024-10-28
2024102803018923,SFCL,32,57,90.0,790.0,71100.0,2024-10-28
2024102804009180,UPCL,55,42,54.0,267.0,14418.0,2024-10-28
2024102803018922,GFCL,8,75,200.0,1048.9,209780.0,2024-10-28
2024102801016763,NWCL,58,32,70.0,1000.0,70000.0,2024-10-28
2024102803018921,MFIL,49,49,15.0,766.0,11490.0,2024-10-28
2024102803018920,MFIL,49,49,105.0,766.0,80430.0,2024-10-28
2024102803018919,GFCL,8,36,200.0,1048.9,209780.0,2024-10-28
2024102801016762,NABIL,36,55,335.0,585.0,195975.0,2024-10-28
2024102804009179,NHPC,13,8,500.0,227.0,113500.0,2024-10-28
2024102803018918,GUFL,72,62,35.0,755.0,26425.0,2024-10-28
2024102803018917,GUFL,72,4,295.0,754.0,222430.0,2024-10-28
2024102803018916,BFC,6,52,60.0,654.0,39240.0,2024-10-28
2024102803018915,BFC,33,52,40.0,654.0,26160.0,2024-10-28
2024102803018914,NFS,3,41,80.0,1400.0,112000.0,2024-10-28
2024102801016761,DORDI,7,4,30.0,458.0,13740.0,2024-10-28
2024102801016760,DORDI,7,55,10.0,458.0,4580.0,2024-10-28
2024102801016759,DORDI,7,38,50.0,458.0,22900.0,2024-10-28
2024102803018913,SFCL,41,57,50.0,790.0,39500.0,2024-10-28
2024102801016758,MKCL,25,22,10.0,1520.1,15201.0,2024-10-28
2024102801016757,MHCL,45,1,210.0,423.4,88914.0,2024-10-28
2024102801016756,MHCL,45,32,90.0,422.0,37980.0,2024-10-28
2024102803018912,KRBL,53,38,100.0,630.0,63000.0,2024-10-28
2024102805012976,HRL,10,77,840.0,861.0,723240.0,2024-10-28
2024102805012975,HRL,7,77,160.0,861.0,137760.0,2024-10-28
2024102804009178,SICL,57,6,50.0,824.0,41200.0,2024-10-28
2024102803018911,GBLBS,32,67,20.0,750.0,15000.0,2024-10-28
2024102805012974,SHIVM,34,91,22.0,597.0,13134.0,2024-10-28
2024102804009177,UMRH,51,44,10.0,482.2,4822.0,2024-10-28
2024102803018910,NLIC,58,16,388.0,814.0,315832.0,2024-10-28
2024102805012973,HDL,60,16,130.0,1360.0,176800.0,2024-10-28
2024102803018909,NFS,1,41,35.0,1400.0,49000.0,2024-10-28
2024102803018908,NMFBS,25,63,10.0,1438.0,14380.0,2024-10-28
2024102803018907,MFIL,7,17,20.0,765.9,15318.0,2024-10-28
2024102803018906,NFS,58,41,10.0,1400.0,14000.0,2024-10-28
2024102805012972,HDL,22,59,29.0,1364.0,39556.0,2024-10-28
2024102805012971,SHIVM,34,4,100.0,597.0,59700.0,2024-10-28
2024102803018905,MDB,62,34,113.0,630.0,71190.0,2024-10-28
2024102803018904,MDB,62,62,10.0,629.9,6299.0,2024-10-28
2024102805012970,HIDCL,6,54,35.0,274.0,9590.0,2024-10-28
2024102805012969,HIDCL,6,32,65.0,273.8,17797.0,2024-10-28
2024102801016755,MCHL,17,6,100.0,536.1,53610.0,2024-10-28
2024102803018903,SJLIC,52,32,10.0,480.0,4800.0,2024-10-28
2024102801016754,MHL,52,55,15.0,735.0,11025.0,2024-10-28
2024102804009176,NLG,56,57,10.0,1329.0,13290.0,2024-10-28
2024102803018902,GFCL,8,36,100.0,1048.9,104890.0,2024-10-28
2024102803018901,SINDU,19,21,500.0,715.0,357500.0,2024-10-28
2024102803018900,ICFC,21,7,66.0,826.0,54516.0,2024-10-28
2024102803018899,ICFC,28,7,134.0,826.0,110684.0,2024-10-28
2024102805012968,RNLI,34,38,200.0,501.0,100200.0,2024-10-28
2024102805012967,HIDCL,32,32,20.0,273.8,5476.0,2024-10-28
2024102801016753,MMKJL,96,42,10.0,570.0,5700.0,2024-10-28
2024102803018898,SFCL,42,57,86.0,790.0,67940.0,2024-10-28
2024102803018897,SFCL,42,45,14.0,790.0,11060.0,2024-10-28
2024102804009175,AKPL,50,50,620.0,252.0,156240.0,2024-10-28
2024102804009174,AKPL,58,50,200.0,252.1,50420.0,2024-10-28
2024102801016752,SBL,53,14,55.0,332.0,18260.0,2024-10-28
2024102801016751,SBL,1,14,500.0,332.0,166000.0,2024-10-28
2024102801016750,SBL,4,14,12.0,332.0,3984.0,2024-10-28
2024102804009173,AKPL,57,50,180.0,252.2,45396.0,2024-10-28
2024102801016749,SBL,32,14,100.0,332.1,33210.0,2024-10-28
2024102801016748,SBL,57,14,159.0,332.3,52835.7,2024-10-28
2024102801016747,SBL,55,14,50.0,332.4,16620.0,2024-10-28
2024102801016746,SBL,22,14,200.0,332.5,66500.0,2024-10-28
2024102801016745,RAWA,21,34,60.0,769.0,46140.0,2024-10-28
2024102801016744,RAWA,25,34,40.0,769.2,30768.0,2024-10-28
2024102805012966,HIDCL,34,39,53.0,273.1,14474.3,2024-10-28
2024102805012965,HIDCL,34,39,47.0,273.2,12840.4,2024-10-28
2024102805012964,RNLI,35,42,43.0,504.5,21693.5,2024-10-28
2024102805012963,RNLI,35,4,11.0,504.5,5549.5,2024-10-28
2024102805012962,RNLI,35,40,93.0,504.0,46872.0,2024-10-28
2024102805012961,RNLI,35,58,11.0,504.0,5544.0,2024-10-28
2024102805012960,RNLI,35,58,10.0,504.0,5040.0,2024-10-28
2024102805012959,RNLI,35,55,11.0,504.0,5544.0,2024-10-28
2024102805012958,RNLI,35,38,10.0,504.0,5040.0,2024-10-28
2024102805012957,RNLI,35,37,11.0,504.0,5544.0,2024-10-28
2024102805012956,RNLI,35,42,11.0,504.0,5544.0,2024-10-28
2024102805012955,RNLI,35,21,11.0,504.0,5544.0,2024-10-28
2024102805012954,RNLI,35,38,11.0,504.0,5544.0,2024-10-28
2024102805012953,RNLI,35,36,11.0,503.0,5533.0,2024-10-28
2024102805012952,RNLI,35,32,11.0,503.0,5533.0,2024-10-28
2024102805012951,RNLI,35,22,11.0,503.0,5533.0,2024-10-28
2024102805012950,RNLI,35,41,11.0,503.0,5533.0,2024-10-28
2024102805012949,RNLI,35,58,11.0,503.0,5533.0,2024-10-28
2024102805012948,RNLI,35,77,11.0,503.0,5533.0,2024-10-28
2024102805012947,RNLI,35,58,11.0,503.0,5533.0,2024-10-28
2024102805012946,RNLI,35,6,11.0,503.0,5533.0,2024-10-28
2024102805012945,RNLI,35,58,11.0,503.0,5533.0,2024-10-28
2024102805012944,RNLI,35,56,11.0,503.0,5533.0,2024-10-28
2024102805012943,RNLI,35,36,378.0,503.0,190134.0,2024-10-28
2024102805012942,RNLI,35,49,100.0,502.8,50280.0,2024-10-28
2024102805012941,RNLI,35,57,11.0,502.0,5522.0,2024-10-28
2024102805012940,RNLI,35,58,11.0,502.0,5522.0,2024-10-28
2024102805012939,RNLI,35,58,11.0,502.0,5522.0,2024-10-28
2024102805012938,RNLI,35,58,11.0,502.0,5522.0,2024-10-28
2024102805012937,RNLI,35,77,11.0,502.0,5522.0,2024-10-28
2024102805012936,RNLI,35,58,11.0,502.0,5522.0,2024-10-28
2024102805012935,RNLI,35,57,11.0,502.0,5522.0,2024-10-28
2024102805012934,RNLI,35,58,11.0,502.0,5522.0,2024-10-28
2024102805012933,RNLI,35,57,11.0,502.0,5522.0,2024-10-28
2024102805012932,RNLI,35,37,47.0,502.0,23594.0,2024-10-28
2024102805012931,RNLI,35,57,11.0,502.0,5522.0,2024-10-28
2024102805012930,RNLI,35,38,11.0,502.0,5522.0,2024-10-28
2024102805012929,RNLI,35,39,11.0,501.4,5515.4,2024-10-28
2024102803018896,LICN,49,56,22.0,1274.0,28028.0,2024-10-28
2024102804009172,UAIL,41,26,80.0,646.0,51680.0,2024-10-28
2024102801016743,SGHC,45,45,20.0,406.0,8120.0,2024-10-28
2024102801016742,SPHL,57,34,10.0,683.9,6839.0,2024-10-28
2024102801016741,MKHL,19,33,50.0,560.0,28000.0,2024-10-28
2024102805012928,HIDCL,34,32,715.0,273.8,195767.0,2024-10-28
2024102804009171,SPIL,14,45,100.0,850.0,85000.0,2024-10-28
2024102803018895,NABBC,14,36,198.0,639.0,126522.0,2024-10-28
2024102804009170,UPPER,34,7,208.0,215.5,44824.0,2024-10-28
2024102804009169,UPPER,34,41,692.0,215.5,149126.0,2024-10-28
2024102804009168,UPPER,34,32,50.0,215.3,10765.0,2024-10-28
2024102804009167,UPPER,34,38,50.0,215.3,10765.0,2024-10-28
2024102801016740,SNLI,16,57,2.0,574.3,1148.6,2024-10-28
2024102801016739,MCHL,58,57,71.0,536.2,38070.2,2024-10-28
2024102803018894,NFS,58,41,200.0,1400.0,280000.0,2024-10-28
2024102803018893,SIFC,11,36,50.0,647.0,32350.0,2024-10-28
2024102803018892,SIFC,11,10,50.0,647.0,32350.0,2024-10-28
2024102803018891,CORBL,4,71,50.0,908.8,45440.0,2024-10-28
2024102804009166,GHL,49,58,100.0,222.4,22240.0,2024-10-28
2024102804009165,SJCL,6,48,20.0,333.0,6660.0,2024-10-28
2024102803018890,SFCL,56,45,36.0,790.0,28440.0,2024-10-28
2024102803018889,SFCL,56,43,24.0,790.0,18960.0,2024-10-28
2024102805012927,RNLI,34,56,11.0,501.0,5511.0,2024-10-28
2024102804009164,HURJA,49,45,11.0,221.0,2431.0,2024-10-28
2024102803018888,WNLB,16,41,12.0,2550.0,30600.0,2024-10-28
2024102803018887,WNLB,13,41,20.0,2550.0,51000.0,2024-10-28
2024102803018886,WNLB,14,41,78.0,2550.0,198900.0,2024-10-28
2024102803018885,SFCL,45,43,26.0,790.0,20540.0,2024-10-28
2024102803018884,SFCL,45,21,20.0,790.0,15800.0,2024-10-28
2024102803018883,BFC,33,82,10.0,654.0,6540.0,2024-10-28
2024102803018882,CORBL,60,71,50.0,908.8,45440.0,2024-10-28
2024102803018881,CORBL,60,63,10.0,908.8,9088.0,2024-10-28
2024102805012926,MBJC,91,19,90.0,328.0,29520.0,2024-10-28
2024102805012925,MBJC,91,45,50.0,328.0,16400.0,2024-10-28
2024102805012924,MBJC,91,50,10.0,328.0,3280.0,2024-10-28
2024102805012923,MBJC,91,8,10.0,328.0,3280.0,2024-10-28
2024102805012922,MBJC,91,58,90.0,328.0,29520.0,2024-10-28
2024102805012921,MBJC,91,51,50.0,328.0,16400.0,2024-10-28
2024102805012920,MBJC,91,29,90.0,328.0,29520.0,2024-10-28
2024102805012919,MBJC,91,46,90.0,328.0,29520.0,2024-10-28
2024102805012918,MBJC,91,22,90.0,328.0,29520.0,2024-10-28
2024102805012917,MBJC,91,36,90.0,328.0,29520.0,2024-10-28
2024102805012916,MBJC,91,54,30.0,328.0,9840.0,2024-10-28
2024102805012915,MBJC,91,54,90.0,328.0,29520.0,2024-10-28
2024102805012914,MBJC,91,14,10.0,328.0,3280.0,2024-10-28
2024102805012913,MBJC,91,33,90.0,328.0,29520.0,2024-10-28
2024102805012912,MBJC,91,44,90.0,328.0,29520.0,2024-10-28
2024102805012911,MBJC,91,13,30.0,328.0,9840.0,2024-10-28
2024102805012910,MBJC,91,42,100.0,327.9,32790.0,2024-10-28
2024102805012909,MBJC,91,40,565.0,327.9,185263.5,2024-10-28
2024102805012908,MBJC,91,36,90.0,327.8,29502.0,2024-10-28
2024102804009163,SHPC,44,32,1000.0,529.0,529000.0,2024-10-28
2024102803018880,SHINE,34,58,10.0,476.0,4760.0,2024-10-28
2024102803018879,SHINE,34,49,50.0,475.0,23750.0,2024-10-28
2024102803018878,SHINE,34,13,150.0,475.0,71250.0,2024-10-28
2024102801016738,BNHC,34,45,490.0,472.0,231280.0,2024-10-28
2024102801016737,BNHC,34,38,10.0,471.9,4719.0,2024-10-28
2024102803018877,NFS,58,41,20.0,1400.0,28000.0,2024-10-28
2024102803018876,ICFC,28,58,66.0,826.0,54516.0,2024-10-28
2024102803018875,GUFL,19,4,50.0,754.0,37700.0,2024-10-28
2024102803018874,GUFL,58,4,20.0,754.0,15080.0,2024-10-28
2024102803018873,GUFL,29,4,135.0,754.2,101817.0,2024-10-28
2024102804009162,BARUN,49,36,100.0,397.0,39700.0,2024-10-28
2024102801016736,SPL,51,22,10.0,845.0,8450.0,2024-10-28
2024102804009161,GHL,36,19,170.0,222.1,37757.0,2024-10-28
2024102801016735,GBIME,42,22,20.0,252.6,5052.0,2024-10-28
2024102805012907,SBCF,22,14,1500.0,9.52,14280.0,2024-10-28
2024102803018872,NMLBBL,34,44,10.0,769.0,7690.0,2024-10-28
2024102803018871,NMLBBL,34,19,13.0,768.5,9990.5,2024-10-28
2024102801016734,USHEC,25,38,81.0,554.9,44946.9,2024-10-28
2024102803018870,MPFL,47,63,100.0,775.0,77500.0,2024-10-28
2024102801016733,CZBIL,59,55,10.0,234.4,2344.0,2024-10-28
2024102803018869,SADBL,49,32,10.0,420.0,4200.0,2024-10-28
2024102804009160,NICL,84,49,121.0,992.7,120116.7,2024-10-28
2024102804009159,NICL,94,49,29.0,992.8,28791.2,2024-10-28
2024102801016732,SBI,36,26,90.0,481.2,43308.0,2024-10-28
2024102801016731,SBI,39,26,110.0,482.0,53020.0,2024-10-28
2024102805012906,MEL,58,55,1380.0,294.0,405720.0,2024-10-28
2024102805012905,MEL,26,55,980.0,294.1,288218.0,2024-10-28
2024102803018868,CFCL,56,4,200.0,694.0,138800.0,2024-10-28
2024102804009158,MHNL,58,56,755.0,264.0,199320.0,2024-10-28
2024102803018867,CFCL,46,56,50.0,692.1,34605.0,2024-10-28
2024102803018866,CFCL,64,56,447.0,693.0,309771.0,2024-10-28
2024102805012904,SAHAS,81,22,41.0,521.1,21365.1,2024-10-28
2024102801016730,IHL,38,45,100.0,543.0,54300.0,2024-10-28
2024102803018865,MDB,45,57,200.0,629.0,125800.0,2024-10-28
2024102803018864,SINDU,36,21,200.0,718.0,143600.0,2024-10-28
2024102801016729,KBL,38,89,20.0,230.0,4600.0,2024-10-28
2024102801016728,UNLB,62,57,10.0,2523.0,25230.0,2024-10-28
2024102803018863,NFS,57,41,500.0,1400.0,700000.0,2024-10-28
2024102805012903,NRM,10,11,10.0,437.0,4370.0,2024-10-28
2024102805012902,NRM,10,55,10.0,434.0,4340.0,2024-10-28
2024102801016727,SANIMA,69,51,554.0,323.0,178942.0,2024-10-28
2024102801016726,SANIMA,69,94,286.0,323.0,92378.0,2024-10-28
2024102801016725,SANIMA,69,50,100.0,323.0,32300.0,2024-10-28
2024102801016724,SANIMA,69,16,2000.0,323.0,646000.0,2024-10-28
2024102801016723,SANIMA,69,55,700.0,323.0,226100.0,2024-10-28
2024102801016722,SANIMA,69,16,1000.0,322.9,322900.0,2024-10-28
2024102801016721,SANIMA,69,22,50.0,322.6,16130.0,2024-10-28
2024102801016720,SANIMA,69,16,1000.0,322.5,322500.0,2024-10-28
2024102801016719,SANIMA,69,22,50.0,322.4,16120.0,2024-10-28
2024102801016718,SANIMA,69,6,500.0,322.0,161000.0,2024-10-28
2024102801016717,SANIMA,69,59,10.0,322.0,3220.0,2024-10-28
2024102801016716,SANIMA,69,34,1000.0,322.0,322000.0,2024-10-28
2024102801016715,SANIMA,69,21,916.0,322.0,294952.0,2024-10-28
2024102801016714,SANIMA,69,39,500.0,322.0,161000.0,2024-10-28
2024102801016713,SANIMA,69,50,100.0,322.0,32200.0,2024-10-28
2024102801016712,SANIMA,69,14,200.0,322.0,64400.0,2024-10-28
2024102801016711,SANIMA,69,36,34.0,322.0,10948.0,2024-10-28
2024102804009157,UAIL,58,19,500.0,639.5,319750.0,2024-10-28
2024102803018862,PROFL,32,45,100.0,709.0,70900.0,2024-10-28
2024102803018861,PROFL,32,42,100.0,708.9,70890.0,2024-10-28
2024102804009156,HURJA,19,48,493.0,222.0,109446.0,2024-10-28
2024102804009155,HURJA,19,48,507.0,222.0,112554.0,2024-10-28
2024102801016710,NABIL,14,55,21.0,585.0,12285.0,2024-10-28
2024102801016709,NABIL,14,48,26.0,585.0,15210.0,2024-10-28
2024102801016708,NABIL,14,42,18.0,585.0,10530.0,2024-10-28
2024102803018860,ICFC,28,1,200.0,826.0,165200.0,2024-10-28
2024102804009154,HDHPC,42,42,73.0,211.5,15439.5,2024-10-28
2024102805012901,HRL,7,34,100.0,861.0,86100.0,2024-10-28
2024102804009153,UPPER,16,33,100.0,215.0,21500.0,2024-10-28
2024102803018859,SIFC,60,35,10.0,646.9,6469.0,2024-10-28
2024102804009152,HEI,29,58,50.0,638.0,31900.0,2024-10-28
2024102804009151,HEI,39,58,65.0,638.1,41476.5,2024-10-28
2024102804009150,GHL,36,26,20.0,222.1,4442.0,2024-10-28
2024102804009149,GHL,47,26,200.0,222.1,44420.0,2024-10-28
2024102801016707,PRVU,71,21,500.0,241.2,120600.0,2024-10-28
2024102803018858,RLFL,46,5,50.0,643.4,32170.0,2024-10-28
2024102803018857,RLFL,49,5,50.0,643.6,32180.0,2024-10-28
2024102803018856,RLFL,14,5,40.0,643.6,25744.0,2024-10-28
2024102805012900,SMATA,13,45,146.0,875.0,127750.0,2024-10-28
2024102805012899,SMATA,13,45,150.0,875.0,131250.0,2024-10-28
2024102805012898,SMATA,62,45,90.0,875.0,78750.0,2024-10-28
2024102804009148,API,42,38,50.0,293.1,14655.0,2024-10-28
2024102804009147,API,54,38,135.0,293.1,39568.5,2024-10-28
2024102804009146,API,56,38,356.0,293.1,104343.6,2024-10-28
2024102805012897,NIFRA,41,57,242.0,279.1,67542.2,2024-10-28
2024102805012896,NIFRA,41,57,58.0,279.1,16187.8,2024-10-28
2024102801016706,MHCL,34,32,10.0,423.0,4230.0,2024-10-28
2024102803018855,NFS,42,41,10.0,1400.0,14000.0,2024-10-28
2024102803018854,SAPDBL,45,1,300.0,572.0,171600.0,2024-10-28
2024102801016705,NABIL,42,42,11.0,585.0,6435.0,2024-10-28
2024102801016704,NABIL,58,33,11.0,584.8,6432.8,2024-10-28
2024102801016703,KDL,39,47,30.0,1073.2,32196.0,2024-10-28
2024102801016702,KDL,56,47,30.0,1075.0,32250.0,2024-10-28
2024102801016701,KDL,49,47,50.0,1075.1,53755.0,2024-10-28
2024102801016700,KDL,56,47,10.0,1076.0,10760.0,2024-10-28
2024102803018853,MLBBL,67,59,50.0,1816.1,90805.0,2024-10-28
2024102803018852,MLBBL,67,59,48.0,1816.1,87172.8,2024-10-28
2024102803018851,JBBL,59,71,60.0,359.0,21540.0,2024-10-28
2024102803018850,JBBL,59,54,100.0,359.0,35900.0,2024-10-28
2024102803018849,JBBL,59,57,10.0,359.0,3590.0,2024-10-28
2024102803018848,JBBL,59,56,11.0,359.0,3949.0,2024-10-28
2024102803018847,JBBL,59,19,100.0,359.0,35900.0,2024-10-28
2024102803018846,JBBL,59,44,200.0,358.9,71780.0,2024-10-28
2024102803018845,JBBL,59,22,19.0,358.0,6802.0,2024-10-28
2024102803018844,PFL,11,35,99.0,668.0,66132.0,2024-10-28
2024102801016699,SBLD2082,5,39,10.0,1086.3,10863.0,2024-10-28
2024102803018843,NFS,95,5,20.0,1399.1,27982.0,2024-10-28
2024102803018842,NFS,56,41,20.0,1400.0,28000.0,2024-10-28
2024102804009145,AKPL,57,50,50.0,252.2,12610.0,2024-10-28
2024102804009144,SSHL,11,44,300.0,217.0,65100.0,2024-10-28
2024102804009143,SSHL,34,44,500.0,217.0,108500.0,2024-10-28
2024102804009142,SSHL,52,44,1997.0,217.0,433349.0,2024-10-28
2024102801016698,SBI,39,56,390.0,482.0,187980.0,2024-10-28
2024102803018841,BFC,33,13,100.0,654.0,65400.0,2024-10-28
2024102805012895,NIFRA,41,20,120.0,279.1,33492.0,2024-10-28
2024102805012894,NIFRA,41,20,80.0,279.5,22360.0,2024-10-28
2024102801016697,NMB,58,32,40.0,260.9,10436.0,2024-10-28
2024102801016696,NMB,58,33,50.0,260.9,13045.0,2024-10-28
2024102805012893,MEL,58,14,545.0,296.0,161320.0,2024-10-28
2024102805012892,MEL,58,11,100.0,296.0,29600.0,2024-10-28
2024102805012891,MEL,58,41,10.0,295.0,2950.0,2024-10-28
2024102805012890,MEL,58,6,100.0,295.0,29500.0,2024-10-28
2024102805012889,MEL,58,55,10.0,295.0,2950.0,2024-10-28
2024102805012888,MEL,58,58,10.0,295.0,2950.0,2024-10-28
2024102805012887,MEL,58,36,375.0,295.0,110625.0,2024-10-28
2024102805012886,MEL,58,5,50.0,294.9,14745.0,2024-10-28
2024102803018840,GUFL,58,62,446.0,755.0,336730.0,2024-10-28
2024102803018839,GUFL,58,48,154.0,755.0,116270.0,2024-10-28
2024102804009141,SHEL,72,41,20.0,248.0,4960.0,2024-10-28
2024102804009140,SHEL,72,43,100.0,248.0,24800.0,2024-10-28
2024102804009139,SHEL,72,19,100.0,248.0,24800.0,2024-10-28
2024102804009138,SHEL,72,69,10.0,248.0,2480.0,2024-10-28
2024102804009137,SHEL,72,50,75.0,248.0,18600.0,2024-10-28
2024102804009136,SHEL,72,58,50.0,247.0,12350.0,2024-10-28
2024102804009135,SHEL,72,91,69.0,247.0,17043.0,2024-10-28
2024102804009134,CGH,55,55,100.0,918.9,91890.0,2024-10-28
2024102804009133,HDHPC,52,42,300.0,211.5,63450.0,2024-10-28
2024102805012885,HATHY,81,21,125.0,1316.1,164512.5,2024-10-28
2024102805012884,HATHY,38,21,50.0,1317.0,65850.0,2024-10-28
2024102805012883,HATHY,25,21,25.0,1318.0,32950.0,2024-10-28
2024102803018838,SFCL,21,21,40.0,790.0,31600.0,2024-10-28
2024102804009132,NHDL,50,21,100.0,581.0,58100.0,2024-10-28
2024102801016695,SIKLES,45,37,50.0,691.0,34550.0,2024-10-28
2024102801016694,CYCL,45,1,10.0,1519.0,15190.0,2024-10-28
2024102804009131,RIDI,16,57,150.0,237.0,35550.0,2024-10-28
2024102804009130,RIDI,16,57,350.0,237.9,83265.0,2024-10-28
2024102803018837,BFC,1,57,150.0,653.1,97965.0,2024-10-28
2024102803018836,BFC,42,57,50.0,653.8,32690.0,2024-10-28
2024102801016693,SRLI,63,60,500.0,447.2,223600.0,2024-10-28
2024102804009129,SHPC,50,32,200.0,529.0,105800.0,2024-10-28
2024102805012882,NRIC,55,39,44.0,794.0,34936.0,2024-10-28
2024102803018835,ICFC,28,43,100.0,826.0,82600.0,2024-10-28
2024102801016692,SBI,36,14,150.0,481.2,72180.0,2024-10-28
2024102805012881,MBJC,41,42,90.0,327.0,29430.0,2024-10-28
2024102801016691,MHCL,57,29,10.0,423.3,4233.0,2024-10-28
2024102804009128,SALICO,58,57,20.0,745.0,14900.0,2024-10-28
2024102803018834,GMFIL,6,55,158.0,630.0,99540.0,2024-10-28
2024102803018833,GMFIL,6,42,20.0,630.0,12600.0,2024-10-28
2024102803018832,GMFIL,6,53,150.0,630.0,94500.0,2024-10-28
2024102803018831,GMFIL,6,57,172.0,629.9,108342.8,2024-10-28
2024102803018830,GMFIL,6,90,200.0,629.8,125960.0,2024-10-28
2024102803018829,GMFIL,6,21,200.0,629.8,125960.0,2024-10-28
2024102803018828,GMFIL,6,13,100.0,629.0,62900.0,2024-10-28
2024102805012880,SMJC,49,55,180.0,584.8,105264.0,2024-10-28
2024102805012879,SMJC,81,55,20.0,584.9,11698.0,2024-10-28
2024102803018827,PROFL,3,45,26.0,709.0,18434.0,2024-10-28
2024102803018826,PROFL,3,16,180.0,709.0,127620.0,2024-10-28
2024102803018825,PROFL,3,46,44.0,709.0,31196.0,2024-10-28
2024102803018824,ICFC,52,55,50.0,827.9,41395.0,2024-10-28
2024102805012878,CHDC,28,56,20.0,1717.0,34340.0,2024-10-28
2024102801016690,SMHL,22,21,10.0,680.0,6800.0,2024-10-28
2024102804009127,IGI,17,22,10.0,599.0,5990.0,2024-10-28
2024102801016689,NABIL,41,42,377.0,585.0,220545.0,2024-10-28
2024102801016688,NABIL,41,49,123.0,585.0,71955.0,2024-10-28
2024102801016687,PPL,48,45,360.0,482.8,173808.0,2024-10-28
2024102801016686,PPL,7,45,100.0,483.0,48300.0,2024-10-28
2024102801016685,PPL,4,45,40.0,483.0,19320.0,2024-10-28
2024102805012877,CHDC,38,98,10.0,1718.5,17185.0,2024-10-28
2024102803018823,SMPDA,22,38,50.0,905.0,45250.0,2024-10-28
2024102804009126,SPDL,44,52,30.0,315.0,9450.0,2024-10-28
2024102801016684,SARBTM,61,44,50.0,770.2,38510.0,2024-10-28
2024102803018822,FMDBL,42,32,52.0,754.6,39239.2,2024-10-28
2024102803018821,FMDBL,42,38,38.0,754.5,28671.0,2024-10-28
2024102803018820,FMDBL,42,55,10.0,754.5,7545.0,2024-10-28
2024102801016683,TPC,33,17,10.0,468.6,4686.0,2024-10-28
2024102804009125,NGPL,44,47,200.0,469.3,93860.0,2024-10-28
2024102803018819,SAPDBL,86,17,10.0,573.0,5730.0,2024-10-28
2024102801016682,HIDCLP,59,17,10.0,181.6,1816.0,2024-10-28
2024102803018818,RLFL,14,87,10.0,643.6,6436.0,2024-10-28
2024102803018817,PROFL,29,46,149.0,709.0,105641.0,2024-10-28
2024102803018816,PROFL,29,22,10.0,709.0,7090.0,2024-10-28
2024102803018815,PROFL,29,38,41.0,709.0,29069.0,2024-10-28
2024102801016681,SGHC,49,35,310.0,408.0,126480.0,2024-10-28
2024102801016680,SGHC,49,42,10.0,408.0,4080.0,2024-10-28
2024102801016679,SGHC,49,21,260.0,407.0,105820.0,2024-10-28
2024102803018814,MLBBL,67,58,20.0,1816.1,36322.0,2024-10-28
2024102803018813,RSDC,7,57,10.0,717.5,7175.0,2024-10-28
2024102804009124,CHCL,58,36,500.0,572.0,286000.0,2024-10-28
2024102804009123,CHCL,22,36,71.0,572.0,40612.0,2024-10-28
2024102804009122,CHCL,88,36,22.0,572.1,12586.2,2024-10-28
2024102804009121,AKPL,57,41,20.0,252.2,5044.0,2024-10-28
2024102804009120,AKPL,34,41,10.0,252.5,2525.0,2024-10-28
2024102804009119,AKJCL,38,58,10.0,210.0,2100.0,2024-10-28
2024102803018812,NFS,95,38,110.0,1399.1,153901.0,2024-10-28
2024102805012876,HRL,38,82,10.0,862.0,8620.0,2024-10-28
2024102805012875,HRL,38,34,20.0,861.9,17238.0,2024-10-28
2024102803018811,LBBL,38,19,40.0,476.0,19040.0,2024-10-28
2024102803018810,LICN,14,60,120.0,1270.0,152400.0,2024-10-28
2024102803018809,LICN,1,60,100.0,1270.0,127000.0,2024-10-28
2024102803018808,LICN,37,60,50.0,1270.0,63500.0,2024-10-28
2024102803018807,LICN,29,60,50.0,1270.0,63500.0,2024-10-28
2024102803018806,LICN,58,60,20.0,1270.0,25400.0,2024-10-28
2024102803018805,LICN,6,60,20.0,1270.0,25400.0,2024-10-28
2024102803018804,LICN,36,60,100.0,1270.0,127000.0,2024-10-28
2024102803018803,LICN,1,60,10.0,1270.0,12700.0,2024-10-28
2024102803018802,LICN,35,60,20.0,1270.0,25400.0,2024-10-28
2024102803018801,LICN,57,60,10.0,1270.0,12700.0,2024-10-28
2024102803018800,LICN,58,60,10.0,1270.0,12700.0,2024-10-28
2024102803018799,LICN,45,60,50.0,1270.0,63500.0,2024-10-28
2024102803018798,LICN,18,60,30.0,1270.0,38100.0,2024-10-28
2024102803018797,LICN,57,60,50.0,1270.0,63500.0,2024-10-28
2024102803018796,LICN,57,60,50.0,1270.0,63500.0,2024-10-28
2024102803018795,LICN,22,60,100.0,1270.0,127000.0,2024-10-28
2024102803018794,LICN,48,60,100.0,1270.0,127000.0,2024-10-28
2024102803018793,LICN,62,60,100.0,1270.1,127010.0,2024-10-28
2024102803018792,LICN,43,60,100.0,1270.1,127010.0,2024-10-28
2024102803018791,LICN,58,60,27.0,1271.0,34317.0,2024-10-28
2024102803018790,LICN,42,60,40.0,1271.0,50840.0,2024-10-28
2024102803018789,LICN,52,60,50.0,1272.0,63600.0,2024-10-28
2024102803018788,LICN,17,60,12.0,1272.0,15264.0,2024-10-28
2024102803018787,LICN,49,60,10.0,1272.0,12720.0,2024-10-28
2024102803018786,LICN,58,60,30.0,1273.0,38190.0,2024-10-28
2024102803018785,LICN,16,60,100.0,1273.0,127300.0,2024-10-28
2024102803018784,LICN,58,60,125.0,1273.0,159125.0,2024-10-28
2024102803018783,LICN,29,60,16.0,1273.0,20368.0,2024-10-28
2024102801016678,RFPL,8,48,10.0,610.0,6100.0,2024-10-28
2024102805012874,NRIC,14,78,10.0,795.0,7950.0,2024-10-28
2024102804009118,RIDI,16,45,1000.0,237.9,237900.0,2024-10-28
2024102804009117,RIDI,16,34,50.0,237.9,11895.0,2024-10-28
2024102804009116,RIDI,16,48,500.0,237.5,118750.0,2024-10-28
2024102804009115,RIDI,16,34,100.0,237.2,23720.0,2024-10-28
2024102805012873,HIDCL,34,62,100.0,273.8,27380.0,2024-10-28
2024102801016677,NICA,42,35,100.0,445.0,44500.0,2024-10-28
2024102801016676,USHEC,25,42,51.0,554.0,28254.0,2024-10-28
2024102805012872,PHCL,65,33,100.0,515.0,51500.0,2024-10-28
2024102803018782,VLBS,63,14,10.0,885.0,8850.0,2024-10-28
2024102804009114,NICL,94,6,100.0,992.8,99280.0,2024-10-28
2024102804009113,NHPC,5,8,10.0,227.0,2270.0,2024-10-28
2024102805012871,PHCL,65,56,50.0,515.0,25750.0,2024-10-28
2024102801016675,MEHL,38,51,850.0,386.2,328270.0,2024-10-28
2024102801016674,MEHL,44,51,150.0,386.2,57930.0,2024-10-28
2024102804009112,BARUN,38,80,136.0,396.1,53869.6,2024-10-28
2024102804009111,BARUN,66,80,40.0,396.1,15844.0,2024-10-28
2024102804009110,BARUN,58,80,100.0,396.2,39620.0,2024-10-28
2024102804009109,BARUN,64,80,24.0,396.2,9508.8,2024-10-28
2024102803018781,MPFL,17,21,100.0,774.3,77430.0,2024-10-28
2024102801016673,RFPL,29,61,130.0,601.0,78130.0,2024-10-28
2024102801016672,MHCL,57,45,10.0,423.3,4233.0,2024-10-28
2024102801016671,SANIMA,57,36,400.0,322.0,128800.0,2024-10-28
2024102803018780,SWBBL,50,57,149.0,925.0,137825.0,2024-10-28
2024102803018779,SWBBL,50,22,141.0,923.5,130213.5,2024-10-28
2024102803018778,SWBBL,50,41,100.0,923.0,92300.0,2024-10-28
2024102803018777,SWBBL,50,1,50.0,923.0,46150.0,2024-10-28
2024102803018776,SWBBL,50,61,100.0,922.0,92200.0,2024-10-28
2024102803018775,SWBBL,50,34,100.0,922.0,92200.0,2024-10-28
2024102803018774,SWBBL,50,45,20.0,919.9,18398.0,2024-10-28
2024102803018773,SWBBL,50,58,300.0,919.8,275940.0,2024-10-28
2024102803018772,SWBBL,50,45,40.0,919.8,36792.0,2024-10-28
2024102801016670,MMKJL,96,39,10.0,570.0,5700.0,2024-10-28
2024102803018771,NUBL,39,13,88.0,715.0,62920.0,2024-10-28
2024102804009108,PMHPL,44,44,480.0,274.0,131520.0,2024-10-28
2024102805012870,MBJC,62,40,155.0,327.9,50824.5,2024-10-28
2024102804009107,GLH,46,42,100.0,248.0,24800.0,2024-10-28
2024102803018770,KRBL,53,42,200.0,630.0,126000.0,2024-10-28
2024102801016669,SHLB,34,38,10.0,1870.0,18700.0,2024-10-28
2024102805012869,VLUCL,43,25,10.0,619.9,6199.0,2024-10-28
2024102803018769,CFCL,64,17,53.0,693.0,36729.0,2024-10-28
2024102801016668,SBI,35,56,10.0,482.0,4820.0,2024-10-28
2024102803018768,GRDBL,20,14,10.0,738.0,7380.0,2024-10-28
2024102805012868,RNLI,34,49,11.0,501.0,5511.0,2024-10-28
2024102803018767,SADBL,53,32,10.0,420.0,4200.0,2024-10-28
2024102803018766,SADBL,53,35,40.0,419.0,16760.0,2024-10-28
2024102803018765,SADBL,53,74,40.0,419.0,16760.0,2024-10-28
2024102803018764,RLFL,56,7,120.0,643.7,77244.0,2024-10-28
2024102801016667,NABIL,22,49,30.0,585.0,17550.0,2024-10-28
2024102803018763,SFCL,21,21,20.0,790.0,15800.0,2024-10-28
2024102801016666,GVL,34,41,50.0,527.0,26350.0,2024-10-28
2024102804009106,RHPL,45,58,4599.0,375.0,1724625.0,2024-10-28
2024102804009105,AHPC,42,70,250.0,277.0,69250.0,2024-10-28
2024102805012867,CIT,36,19,10.0,2179.0,21790.0,2024-10-28
2024102801016665,HIDCLP,57,39,1000.0,181.0,181000.0,2024-10-28
2024102803018762,USLB,43,7,69.0,1466.6,101195.4,2024-10-28
2024102803018761,USLB,43,49,20.0,1460.0,29200.0,2024-10-28
2024102803018760,USLB,43,21,20.0,1439.2,28784.0,2024-10-28
2024102803018759,USLB,43,6,10.0,1439.0,14390.0,2024-10-28
2024102803018758,USLB,43,57,310.0,1438.0,445780.0,2024-10-28
2024102803018757,PROFL,42,38,14.0,709.0,9926.0,2024-10-28
2024102805012866,SHIVM,34,49,75.0,597.0,44775.0,2024-10-28
2024102805012865,SHIVM,34,40,100.0,597.0,59700.0,2024-10-28
2024102805012864,SHIVM,34,14,500.0,597.0,298500.0,2024-10-28
2024102805012863,SHIVM,34,57,480.0,596.9,286512.0,2024-10-28
2024102801016664,NWCL,35,32,20.0,1000.0,20000.0,2024-10-28
2024102804009104,UNHPL,3,4,290.0,268.6,77894.0,2024-10-28
2024102804009103,UNHPL,49,4,10.0,268.7,2687.0,2024-10-28
2024102804009102,MEN,41,58,200.0,640.0,128000.0,2024-10-28
2024102804009101,GHL,56,58,300.0,222.4,66720.0,2024-10-28
2024102804009100,SJCL,92,48,100.0,333.0,33300.0,2024-10-28
2024102804009099,SJCL,92,6,100.0,333.0,33300.0,2024-10-28
2024102803018756,HLBSL,77,1,10.0,979.0,9790.0,2024-10-28
2024102805012862,SHIVM,4,77,500.0,596.2,298100.0,2024-10-28
2024102805012861,MBJC,45,40,10.0,327.9,3279.0,2024-10-28
2024102804009098,AHPC,42,93,130.0,277.0,36010.0,2024-10-28
2024102803018755,CFCL,39,4,100.0,694.0,69400.0,2024-10-28
2024102803018754,CFCL,39,49,100.0,693.0,69300.0,2024-10-28
2024102801016663,BHL,33,8,100.0,448.9,44890.0,2024-10-28
2024102803018753,NLIC,58,47,53.0,814.0,43142.0,2024-10-28
2024102803018752,NLIC,58,47,417.0,814.0,339438.0,2024-10-28
2024102803018751,NLIC,18,47,30.0,814.1,24423.0,2024-10-28
2024102801016662,KBL,35,89,80.0,230.0,18400.0,2024-10-28
2024102801016661,KBL,35,4,20.0,229.9,4598.0,2024-10-28
2024102801016660,HIDCLP,98,63,130.0,180.9,23517.0,2024-10-28
2024102801016659,TAMOR,29,4,20.0,516.0,10320.0,2024-10-28
2024102801016658,TAMOR,29,43,100.0,516.0,51600.0,2024-10-28
2024102801016657,TAMOR,29,46,265.0,516.0,136740.0,2024-10-28
2024102803018750,NFS,13,41,50.0,1400.0,70000.0,2024-10-28
2024102804009097,API,56,52,200.0,293.1,58620.0,2024-10-28
2024102804009096,API,38,52,50.0,293.2,14660.0,2024-10-28
2024102801016656,PRVU,36,21,300.0,241.2,72360.0,2024-10-28
2024102801016655,IHL,51,33,230.0,544.9,125327.0,2024-10-28
2024102801016654,IHL,51,56,10.0,544.0,5440.0,2024-10-28
2024102801016653,IHL,51,57,60.0,544.0,32640.0,2024-10-28
2024102801016652,IHL,51,17,200.0,543.5,108700.0,2024-10-28
2024102801016651,IHL,51,49,100.0,543.0,54300.0,2024-10-28
2024102801016650,IHL,51,54,400.0,542.7,217080.0,2024-10-28
2024102805012860,PHCL,61,65,40.0,515.1,20604.0,2024-10-28
2024102803018749,MLBL,4,67,288.0,396.3,114134.4,2024-10-28
2024102803018748,MLBL,43,67,300.0,397.0,119100.0,2024-10-28
2024102803018747,MLBL,59,67,12.0,397.0,4764.0,2024-10-28
2024102803018746,NFS,62,41,20.0,1400.0,28000.0,2024-10-28
2024102804009095,AHPC,42,57,200.0,277.0,55400.0,2024-10-28
2024102804009094,AHPC,42,34,250.0,277.0,69250.0,2024-10-28
2024102804009093,AHPC,42,35,170.0,277.0,47090.0,2024-10-28
2024102803018745,LICN,29,34,34.0,1273.0,43282.0,2024-10-28
2024102803018744,LICN,95,34,66.0,1273.0,84018.0,2024-10-28
2024102805012859,STC,58,33,78.0,5800.0,452400.0,2024-10-28
2024102805012858,STC,16,33,50.0,5800.0,290000.0,2024-10-28
2024102805012857,STC,50,33,20.0,5800.0,116000.0,2024-10-28
2024102805012856,STC,25,33,15.0,5820.0,87300.0,2024-10-28
2024102805012855,STC,40,33,27.0,5825.2,157280.4,2024-10-28
2024102805012854,STC,58,33,10.0,5829.0,58290.0,2024-10-28
2024102801016649,MKJC,33,58,200.0,481.0,96200.0,2024-10-28
2024102804009092,HDHPC,21,4,70.0,211.4,14798.0,2024-10-28
2024102803018743,NFS,55,41,200.0,1400.0,280000.0,2024-10-28
2024102803018742,BFC,61,55,101.0,653.0,65953.0,2024-10-28
2024102803018741,BFC,58,55,200.0,653.0,130600.0,2024-10-28
2024102803018740,BFC,58,55,299.0,653.0,195247.0,2024-10-28
2024102805012853,HIDCL,49,54,10.0,274.0,2740.0,2024-10-28
2024102803018739,RLFL,45,7,360.0,643.7,231732.0,2024-10-28
2024102801016648,LSL,28,45,100.0,244.0,24400.0,2024-10-28
2024102801016647,MKHL,70,33,100.0,560.0,56000.0,2024-10-28
2024102801016646,SCB,45,45,10.0,695.1,6951.0,2024-10-28
2024102803018738,FMDBL,38,58,10.0,754.4,7544.0,2024-10-28
2024102803018737,RLFL,45,81,140.0,643.7,90118.0,2024-10-28
2024102803018736,RLFL,41,81,60.0,643.7,38622.0,2024-10-28
2024102805012852,HRL,7,19,50.0,861.0,43050.0,2024-10-28
2024102805012851,HRL,25,19,50.0,861.1,43055.0,2024-10-28
2024102801016645,PRVU,55,25,10.0,241.0,2410.0,2024-10-28
2024102804009091,IGI,17,16,90.0,599.0,53910.0,2024-10-28
2024102801016644,MKHL,41,33,10.0,563.0,5630.0,2024-10-28
2024102805012850,ILI,59,58,11.0,486.0,5346.0,2024-10-28
2024102805012849,PHCL,65,6,300.0,515.0,154500.0,2024-10-28
2024102801016643,NYADI,3,21,72.0,307.0,22104.0,2024-10-28
2024102803018735,NFS,95,55,10.0,1399.1,13991.0,2024-10-28
2024102803018734,ICFC,28,80,500.0,826.0,413000.0,2024-10-28
2024102803018733,JBBL,8,22,481.0,358.0,172198.0,2024-10-28
2024102803018732,JBBL,8,45,100.0,358.0,35800.0,2024-10-28
2024102803018731,JBBL,8,10,230.0,358.0,82340.0,2024-10-28
2024102803018730,JBBL,8,44,19.0,357.9,6800.1,2024-10-28
2024102801016642,SBI,95,56,500.0,482.0,241000.0,2024-10-28
2024102805012848,PHCL,65,34,1000.0,515.0,515000.0,2024-10-28
2024102801016641,MBL,36,74,58.0,250.1,14505.8,2024-10-28
2024102801016640,ULHC,35,33,270.0,425.0,114750.0,2024-10-28
2024102801016639,ULHC,35,43,500.0,425.0,212500.0,2024-10-28
2024102801016638,ULHC,35,62,130.0,425.0,55250.0,2024-10-28
2024102801016637,ULHC,35,14,100.0,424.9,42490.0,2024-10-28
2024102805012847,SMJC,81,94,10.0,584.9,5849.0,2024-10-28
2024102803018729,NUBL,26,13,10.0,715.0,7150.0,2024-10-28
2024102804009090,SPDL,26,52,200.0,315.0,63000.0,2024-10-28
2024102803018728,GBLBS,55,67,11.0,750.0,8250.0,2024-10-28
2024102803018727,GBLBS,55,54,20.0,750.0,15000.0,2024-10-28
2024102803018726,GBLBS,55,43,29.0,750.0,21750.0,2024-10-28
2024102803018725,GBLBS,55,40,40.0,750.0,30000.0,2024-10-28
2024102801016636,SBL,55,35,50.0,333.0,16650.0,2024-10-28
2024102803018724,CFCL,60,4,10.0,694.0,6940.0,2024-10-28
2024102803018723,NFS,95,54,10.0,1399.1,13991.0,2024-10-28
2024102803018722,NFS,38,41,100.0,1400.0,140000.0,2024-10-28
2024102803018721,NFS,38,41,25.0,1400.0,35000.0,2024-10-28
2024102805012846,MBJC,16,40,200.0,327.9,65580.0,2024-10-28
2024102803018720,SHINE,34,94,194.0,474.9,92130.6,2024-10-28
2024102803018719,SHINE,34,49,190.0,474.7,90193.0,2024-10-28
2024102805012845,SMJC,81,13,100.0,584.9,58490.0,2024-10-28
2024102801016635,MKJC,45,13,50.0,480.0,24000.0,2024-10-28
2024102803018718,HLI,49,45,454.0,477.0,216558.0,2024-10-28
2024102803018717,HLI,49,22,10.0,477.0,4770.0,2024-10-28
2024102803018716,HLI,49,59,10.0,477.0,4770.0,2024-10-28
2024102803018715,HLI,49,13,26.0,476.8,12396.8,2024-10-28
2024102803018714,MFIL,7,34,100.0,765.9,76590.0,2024-10-28
2024102803018713,MFIL,7,43,40.0,765.9,30636.0,2024-10-28
2024102803018712,MFIL,7,35,70.0,765.9,53613.0,2024-10-28
2024102803018711,MFIL,7,55,38.0,765.9,29104.2,2024-10-28
2024102803018710,HLBSL,77,40,44.0,976.0,42944.0,2024-10-28
2024102801016634,MMKJL,96,41,10.0,570.0,5700.0,2024-10-28
2024102801016633,MMKJL,96,58,10.0,570.0,5700.0,2024-10-28
2024102801016632,MCHL,95,57,10.0,536.2,5362.0,2024-10-28
2024102803018709,NLIC,58,57,50.0,814.0,40700.0,2024-10-28
2024102804009089,UNHPL,14,55,110.0,270.0,29700.0,2024-10-28
2024102804009088,UNHPL,14,42,177.0,270.0,47790.0,2024-10-28
2024102805012844,HDL,16,59,100.0,1364.0,136400.0,2024-10-28
2024102805012843,SHIVM,87,57,20.0,596.9,11938.0,2024-10-28
2024102801016631,SPL,34,51,20.0,838.0,16760.0,2024-10-28
2024102801016630,SPL,55,51,30.0,840.0,25200.0,2024-10-28
2024102803018708,GFCL,22,35,33.0,1049.0,34617.0,2024-10-28
2024102803018707,GFCL,22,16,100.0,1049.0,104900.0,2024-10-28
2024102803018706,GFCL,22,42,19.0,1048.9,19929.1,2024-10-28
2024102803018705,GFCL,22,8,300.0,1048.9,314670.0,2024-10-28
2024102803018704,GFCL,22,45,100.0,1048.0,104800.0,2024-10-28
2024102803018703,GFCL,22,45,45.0,1048.0,47160.0,2024-10-28
2024102803018702,GFCL,22,11,293.0,1048.0,307064.0,2024-10-28
2024102803018701,GFCL,22,32,110.0,1048.0,115280.0,2024-10-28
2024102801016629,SNLI,58,32,51.0,586.0,29886.0,2024-10-28
2024102803018700,BFC,61,49,440.0,654.9,288156.0,2024-10-28
2024102803018699,BFC,61,51,100.0,654.9,65490.0,2024-10-28
2024102803018698,BFC,61,8,260.0,654.9,170274.0,2024-10-28
2024102803018697,BFC,61,17,200.0,654.0,130800.0,2024-10-28
2024102805012842,SHIVM,4,41,25.0,596.2,14905.0,2024-10-28
2024102804009087,RADHI,49,36,38.0,395.0,15010.0,2024-10-28
2024102804009086,RADHI,36,36,103.0,395.0,40685.0,2024-10-28
2024102804009085,RADHI,51,36,200.0,395.1,79020.0,2024-10-28
2024102804009084,RADHI,58,36,184.0,396.0,72864.0,2024-10-28
2024102804009083,RADHI,38,36,200.0,396.5,79300.0,2024-10-28
2024102804009082,RADHI,38,36,500.0,398.0,199000.0,2024-10-28
2024102804009081,SHPC,48,32,45.0,529.0,23805.0,2024-10-28
2024102804009080,HDHPC,45,42,10.0,211.5,2115.0,2024-10-28
2024102801016628,SGHC,45,21,10.0,407.0,4070.0,2024-10-28
2024102804009079,BARUN,64,18,76.0,396.2,30111.2,2024-10-28
2024102804009078,BARUN,65,18,155.0,396.4,61442.0,2024-10-28
2024102804009077,BARUN,26,18,845.0,396.4,334958.0,2024-10-28
2024102804009076,SHL,44,16,300.0,514.5,154350.0,2024-10-28
2024102804009075,SHL,44,25,100.0,514.4,51440.0,2024-10-28
2024102804009074,SHL,44,25,100.0,514.4,51440.0,2024-10-28
2024102803018696,NABBC,62,36,10.0,639.0,6390.0,2024-10-28
2024102804009073,NLG,80,95,147.0,1325.0,194775.0,2024-10-28
2024102804009072,NLG,42,95,50.0,1329.0,66450.0,2024-10-28
2024102804009071,NLG,34,95,103.0,1330.0,136990.0,2024-10-28
2024102801016627,SNLI,16,41,2.0,575.0,1150.0,2024-10-28
2024102801016626,ULBSL,25,57,15.0,3070.0,46050.0,2024-10-28
2024102804009070,HDHPC,21,17,100.0,211.4,21140.0,2024-10-28
2024102803018695,GFCL,41,34,50.0,1047.9,52395.0,2024-10-28
2024102804009069,SHL,35,20,100.0,513.1,51310.0,2024-10-28
2024102803018694,BFC,41,17,100.0,654.0,65400.0,2024-10-28
2024102805012841,PHCL,44,65,10.0,515.1,5151.0,2024-10-28
2024102805012840,PHCL,42,65,30.0,515.1,15453.0,2024-10-28
2024102805012839,PHCL,65,65,100.0,515.2,51520.0,2024-10-28
2024102804009068,HDHPC,21,38,500.0,211.4,105700.0,2024-10-28
2024102803018693,RSDC,26,57,20.0,717.5,14350.0,2024-10-28
2024102803018692,RSDC,50,57,35.0,717.5,25112.5,2024-10-28
2024102801016625,SRLI,57,56,10.0,449.9,4499.0,2024-10-28
2024102803018691,ALICL,49,32,100.0,722.0,72200.0,2024-10-28
2024102805012838,HRL,57,82,270.0,862.0,232740.0,2024-10-28
2024102805012837,HRL,57,56,200.0,862.0,172400.0,2024-10-28
2024102805012836,HRL,57,4,10.0,862.0,8620.0,2024-10-28
2024102805012835,HRL,57,94,20.0,862.0,17240.0,2024-10-28
2024102805012834,VLUCL,7,32,100.0,620.0,62000.0,2024-10-28
2024102801016624,TAMOR,16,46,10.0,515.0,5150.0,2024-10-28
2024102801016623,TAMOR,16,39,10.0,515.0,5150.0,2024-10-28
2024102801016622,TAMOR,16,100,56.0,515.0,28840.0,2024-10-28
2024102803018690,NUBL,42,13,10.0,715.0,7150.0,2024-10-28
2024102801016621,LSL,28,17,80.0,244.0,19520.0,2024-10-28
2024102805012833,RNLI,34,58,58.0,501.0,29058.0,2024-10-28
2024102805012832,RNLI,34,35,11.0,501.0,5511.0,2024-10-28
2024102803018689,PROFL,63,38,30.0,709.0,21270.0,2024-10-28
2024102804009067,UPPER,14,29,44.0,215.0,9460.0,2024-10-28
2024102804009066,UPPER,22,29,20.0,215.0,4300.0,2024-10-28
2024102804009065,UPPER,42,29,36.0,215.0,7740.0,2024-10-28
2024102805012831,NTC,14,72,14.0,973.3,13626.2,2024-10-28
2024102805012830,NTC,33,72,103.0,973.5,100270.5,2024-10-28
2024102805012829,NTC,13,72,180.0,973.6,175248.0,2024-10-28
2024102805012828,NTC,58,72,20.0,974.0,19480.0,2024-10-28
2024102805012827,NTC,42,72,20.0,974.0,19480.0,2024-10-28
2024102805012826,NTC,52,72,50.0,974.0,48700.0,2024-10-28
2024102805012825,NTC,35,72,60.0,974.1,58446.0,2024-10-28
2024102805012824,NTC,17,72,13.0,976.0,12688.0,2024-10-28
2024102805012823,NTC,29,72,40.0,976.1,39044.0,2024-10-28
2024102801016620,SMHL,22,58,100.0,680.0,68000.0,2024-10-28
2024102801016619,SMHL,22,34,10.0,680.0,6800.0,2024-10-28
2024102801016618,SMHL,22,49,10.0,680.0,6800.0,2024-10-28
2024102801016617,SMHL,22,34,10.0,680.0,6800.0,2024-10-28
2024102801016616,SMHL,22,58,10.0,680.0,6800.0,2024-10-28
2024102801016615,SMHL,22,7,30.0,680.0,20400.0,2024-10-28
2024102801016614,SMHL,22,39,50.0,680.0,34000.0,2024-10-28
2024102801016613,SMHL,22,21,10.0,680.0,6800.0,2024-10-28
2024102801016612,SMHL,22,59,10.0,680.0,6800.0,2024-10-28
2024102801016611,SMHL,22,4,40.0,680.0,27200.0,2024-10-28
2024102805012822,PHCL,58,35,23.0,519.0,11937.0,2024-10-28
2024102805012821,MBJC,48,40,30.0,327.9,9837.0,2024-10-28
2024102805012820,MBJC,48,25,30.0,327.9,9837.0,2024-10-28
2024102801016610,MKHL,45,58,190.0,563.9,107141.0,2024-10-28
2024102801016609,NBL,38,25,39.0,283.9,11072.1,2024-10-28
2024102801016608,NABIL,57,49,27.0,585.0,15795.0,2024-10-28
2024102801016607,NABIL,57,1,13.0,585.0,7605.0,2024-10-28
2024102801016606,NABIL,57,26,10.0,585.0,5850.0,2024-10-28
2024102803018688,SAPDBL,72,1,200.0,573.0,114600.0,2024-10-28
2024102804009064,OHL,42,48,10.0,929.9,9299.0,2024-10-28
2024102803018687,NMLBBL,34,19,37.0,768.5,28434.5,2024-10-28
2024102803018686,NMLBBL,34,13,20.0,768.5,15370.0,2024-10-28
2024102803018685,NMLBBL,34,45,10.0,766.9,7669.0,2024-10-28
2024102803018684,NMLBBL,34,55,10.0,766.0,7660.0,2024-10-28
2024102803018683,NMLBBL,34,47,23.0,766.0,17618.0,2024-10-28
2024102803018682,GBBL,37,20,100.0,446.5,44650.0,2024-10-28
2024102801016605,SPL,55,19,10.0,840.0,8400.0,2024-10-28
2024102801016604,SPL,55,19,50.0,840.0,42000.0,2024-10-28
2024102801016603,SPL,55,1,10.0,840.0,8400.0,2024-10-28
2024102801016602,SPL,55,42,10.0,839.4,8394.0,2024-10-28
2024102801016601,SPL,55,58,10.0,839.4,8394.0,2024-10-28
2024102803018681,BFC,58,49,500.0,653.0,326500.0,2024-10-28
2024102801016600,SMHL,22,4,20.0,680.0,13600.0,2024-10-28
2024102801016599,SMHL,22,58,10.0,680.0,6800.0,2024-10-28
2024102801016598,SMHL,22,91,10.0,680.0,6800.0,2024-10-28
2024102801016597,SMHL,22,58,130.0,680.0,88400.0,2024-10-28
2024102801016596,SMHL,22,53,830.0,680.0,564400.0,2024-10-28
2024102804009063,BARUN,96,36,1000.0,397.0,397000.0,2024-10-28
2024102804009062,NIL,45,58,12.0,900.0,10800.0,2024-10-28
2024102804009061,JOSHI,45,49,10.0,310.0,3100.0,2024-10-28
2024102801016595,NMB,8,33,150.0,260.9,39135.0,2024-10-28
2024102803018680,NFS,39,41,100.0,1400.0,140000.0,2024-10-28
2024102801016594,MAKAR,51,43,10.0,567.0,5670.0,2024-10-28
2024102801016593,HIDCLP,57,49,50.0,181.5,9075.0,2024-10-28
2024102803018679,GFCL,41,57,195.0,1047.9,204340.5,2024-10-28
2024102805012819,HRL,7,57,150.0,861.0,129150.0,2024-10-28
2024102801016592,USHEC,25,51,130.0,554.0,72020.0,2024-10-28
2024102801016591,BEDC,32,6,10.0,477.2,4772.0,2024-10-28
2024102804009060,UPCL,55,6,50.0,267.0,13350.0,2024-10-28
2024102803018678,KRBL,53,34,100.0,630.0,63000.0,2024-10-28
2024102803018677,KRBL,53,74,10.0,630.0,6300.0,2024-10-28
2024102803018676,KRBL,53,45,500.0,630.0,315000.0,2024-10-28
2024102803018675,KRBL,53,58,200.0,630.0,126000.0,2024-10-28
2024102803018674,KRBL,53,25,100.0,630.0,63000.0,2024-10-28
2024102803018673,KRBL,53,56,100.0,627.0,62700.0,2024-10-28
2024102803018672,KRBL,53,54,543.0,626.9,340406.7,2024-10-28
2024102803018671,KRBL,53,42,120.0,626.0,75120.0,2024-10-28
2024102803018670,KRBL,53,19,100.0,625.9,62590.0,2024-10-28
2024102803018669,KRBL,53,49,500.0,625.0,312500.0,2024-10-28
2024102803018668,KRBL,53,91,31.0,625.0,19375.0,2024-10-28
2024102803018667,MPFL,52,63,31.0,775.0,24025.0,2024-10-28
2024102803018666,ICFC,41,64,300.0,825.9,247770.0,2024-10-28
2024102805012818,NRN,89,28,490.0,888.0,435120.0,2024-10-28
2024102805012817,NRN,33,28,10.0,888.1,8881.0,2024-10-28
2024102803018665,NABBC,45,36,50.0,639.0,31950.0,2024-10-28
2024102803018664,GUFL,8,48,100.0,755.0,75500.0,2024-10-28
2024102803018663,JFL,13,38,87.0,775.8,67494.6,2024-10-28
2024102803018662,JFL,13,38,113.0,775.8,87665.4,2024-10-28
2024102803018661,GUFL,38,48,46.0,755.0,34730.0,2024-10-28
2024102803018660,GUFL,38,8,124.0,755.0,93620.0,2024-10-28
2024102801016590,IHL,19,38,110.0,540.0,59400.0,2024-10-28
2024102803018659,MFIL,55,44,10.0,765.5,7655.0,2024-10-28
2024102803018658,MFIL,32,44,40.0,765.8,30632.0,2024-10-28
2024102801016589,NWCL,58,32,10.0,1000.0,10000.0,2024-10-28
2024102803018657,JBBL,34,42,500.0,355.0,177500.0,2024-10-28
2024102804009059,NLG,34,29,47.0,1330.0,62510.0,2024-10-28
2024102803018656,SFCL,1,59,228.0,789.8,180074.4,2024-10-28
2024102803018655,SFCL,44,59,200.0,790.0,158000.0,2024-10-28
2024102803018654,SFCL,57,59,490.0,791.0,387590.0,2024-10-28
2024102803018653,ACLBSL,5,4,12.0,1016.0,12192.0,2024-10-28
2024102803018652,ACLBSL,35,4,100.0,1016.1,101610.0,2024-10-28
2024102803018651,ACLBSL,47,4,50.0,1016.2,50810.0,2024-10-28
2024102803018650,ACLBSL,38,4,100.0,1017.0,101700.0,2024-10-28
2024102803018649,ACLBSL,49,4,36.0,1017.0,36612.0,2024-10-28
2024102803018648,ACLBSL,13,4,50.0,1018.0,50900.0,2024-10-28
2024102803018647,ACLBSL,48,4,10.0,1018.0,10180.0,2024-10-28
2024102803018646,ACLBSL,7,4,102.0,1018.6,103897.2,2024-10-28
2024102803018645,ACLBSL,48,4,10.0,1020.0,10200.0,2024-10-28
2024102801016588,SANIMA,35,52,50.0,321.0,16050.0,2024-10-28
2024102803018644,CFCL,64,4,10.0,694.0,6940.0,2024-10-28
2024102801016587,SBI,7,56,10.0,482.0,4820.0,2024-10-28
2024102801016586,H8020,48,58,100.0,9.89,989.0,2024-10-28
2024102803018643,NFS,28,41,20.0,1400.0,28000.0,2024-10-28
2024102801016585,RHGCL,57,18,910.0,405.0,368550.0,2024-10-28
2024102805012816,MBJC,41,8,100.0,327.0,32700.0,2024-10-28
2024102801016584,MHCL,57,1,10.0,423.4,4234.0,2024-10-28
2024102801016583,KBL,57,33,366.0,229.7,84070.2,2024-10-28
2024102801016582,KBL,14,33,200.0,229.8,45960.0,2024-10-28
2024102801016581,KBL,41,33,84.0,229.9,19311.6,2024-10-28
2024102801016580,TSHL,52,35,25.0,873.5,21837.5,2024-10-28
2024102801016579,TSHL,3,35,24.0,873.5,20964.0,2024-10-28
2024102801016578,TSHL,32,35,40.0,873.6,34944.0,2024-10-28
2024102803018642,JFL,13,26,32.0,775.8,24825.6,2024-10-28
2024102805012815,CIT,58,3,12.0,2179.0,26148.0,2024-10-28
2024102803018641,GUFL,5,8,26.0,755.0,19630.0,2024-10-28
2024102803018640,GUFL,5,45,74.0,755.0,55870.0,2024-10-28
2024102804009058,SPIL,44,45,10.0,851.0,8510.0,2024-10-28
2024102805012814,HIDCL,43,54,10.0,274.0,2740.0,2024-10-28
2024102801016577,KBL,44,89,400.0,230.0,92000.0,2024-10-28
2024102801016576,MEHL,44,49,200.0,390.0,78000.0,2024-10-28
2024102804009057,KPCL,44,16,86.0,499.9,42991.4,2024-10-28
2024102801016575,MKHL,38,58,100.0,563.9,56390.0,2024-10-28
2024102804009056,SHEL,32,91,131.0,247.0,32357.0,2024-10-28
2024102804009055,SHEL,32,21,369.0,247.0,91143.0,2024-10-28
2024102805012813,PSF,36,47,12172.0,9.6,116851.2,2024-10-28
2024102801016574,ULBSL,25,45,15.0,3060.0,45900.0,2024-10-28
2024102803018639,SFCL,57,52,10.0,791.0,7910.0,2024-10-28
2024102803018638,MPFL,58,63,164.0,775.0,127100.0,2024-10-28
2024102801016573,SAMAJ,86,58,100.0,3320.0,332000.0,2024-10-28
2024102804009054,RIDI,35,34,150.0,237.2,35580.0,2024-10-28
2024102805012812,SONA,35,41,100.0,485.8,48580.0,2024-10-28
2024102801016572,PRVU,59,21,70.0,241.2,16884.0,2024-10-28
2024102803018637,SFCL,40,4,45.0,791.0,35595.0,2024-10-28
2024102803018636,SFCL,40,52,50.0,790.5,39525.0,2024-10-28
2024102805012811,NRIC,55,32,13.0,794.0,10322.0,2024-10-28
2024102803018635,GMFIL,49,57,200.0,629.9,125980.0,2024-10-28
2024102801016571,TSHL,80,58,10.0,890.0,8900.0,2024-10-28
2024102801016570,KBL,41,51,106.0,229.9,24369.4,2024-10-28
2024102801016569,MEHL,26,58,100.0,386.3,38630.0,2024-10-28
2024102801016568,MAKAR,62,4,90.0,572.0,51480.0,2024-10-28
2024102801016567,MAKAR,62,62,10.0,571.2,5712.0,2024-10-28
2024102803018634,GFCL,41,17,10.0,1047.9,10479.0,2024-10-28
2024102804009053,UPPER,98,41,280.0,215.5,60340.0,2024-10-28
2024102804009052,UPPER,98,58,162.0,215.4,34894.8,2024-10-28
2024102803018633,NFS,95,37,20.0,1399.1,27982.0,2024-10-28
2024102803018632,NFS,50,37,10.0,1399.2,13992.0,2024-10-28
2024102803018631,NFS,57,37,20.0,1399.5,27990.0,2024-10-28
2024102805012810,ILI,6,49,12.0,486.0,5832.0,2024-10-28
2024102803018630,RLFL,49,51,100.0,644.0,64400.0,2024-10-28
2024102803018629,RLFL,29,51,190.0,644.0,122360.0,2024-10-28
2024102803018628,SFCL,21,52,50.0,790.5,39525.0,2024-10-28
2024102805012809,SMJC,56,48,50.0,585.0,29250.0,2024-10-28
2024102805012808,SMJC,56,16,170.0,585.0,99450.0,2024-10-28
2024102805012807,HIDCL,48,54,100.0,274.0,27400.0,2024-10-28
2024102803018627,JFL,13,62,60.0,775.8,46548.0,2024-10-28
2024102805012806,HIDCL,34,17,154.0,273.8,42165.2,2024-10-28
2024102804009051,HPPL,38,42,91.0,333.1,30312.1,2024-10-28
2024102805012805,SONA,57,42,150.0,485.5,72825.0,2024-10-28
2024102805012804,RNLI,41,42,11.0,500.4,5504.4,2024-10-28
2024102803018626,GBBL,42,42,79.0,447.0,35313.0,2024-10-28
2024102803018625,GBBL,42,33,911.0,447.0,407217.0,2024-10-28
2024102803018624,GBBL,42,32,10.0,446.9,4469.0,2024-10-28
2024102805012803,MBJC,13,59,200.0,327.1,65420.0,2024-10-28
2024102801016566,BHDC,94,29,40.0,600.0,24000.0,2024-10-28
2024102801016565,SNLI,98,98,2.0,580.1,1160.2,2024-10-28
2024102804009050,SJCL,92,35,20.0,332.0,6640.0,2024-10-28
2024102804009049,SJCL,92,13,10.0,332.0,3320.0,2024-10-28
2024102803018623,BFC,58,49,66.0,653.0,43098.0,2024-10-28
2024102803018622,BFC,45,49,100.0,653.1,65310.0,2024-10-28
2024102803018621,BFC,7,49,50.0,653.9,32695.0,2024-10-28
2024102803018620,BFC,42,49,50.0,654.0,32700.0,2024-10-28
2024102801016564,MKHC,51,48,114.0,369.0,42066.0,2024-10-28
2024102803018619,SFCL,48,52,100.0,790.5,79050.0,2024-10-28
2024102804009048,UPPER,42,45,64.0,215.0,13760.0,2024-10-28
2024102804009047,UPPER,58,45,86.0,215.0,18490.0,2024-10-28
2024102805012802,PHCL,42,45,500.0,515.1,257550.0,2024-10-28
2024102805012801,PHCL,91,45,500.0,515.2,257600.0,2024-10-28
2024102804009046,DHPL,49,62,10.0,246.1,2461.0,2024-10-28
2024102804009045,NICL,52,16,100.0,993.0,99300.0,2024-10-28
2024102804009044,UPPER,58,38,14.0,215.0,3010.0,2024-10-28
2024102804009043,UPPER,49,38,42.0,215.0,9030.0,2024-10-28
2024102804009042,UPPER,58,38,100.0,215.0,21500.0,2024-10-28
2024102804009041,UPPER,49,38,10.0,215.0,2150.0,2024-10-28
2024102804009040,UPPER,41,38,100.0,215.0,21500.0,2024-10-28
2024102804009039,UPPER,25,38,15.0,215.0,3225.0,2024-10-28
2024102804009038,UPPER,42,38,30.0,215.0,6450.0,2024-10-28
2024102804009037,UPPER,14,38,29.0,215.0,6235.0,2024-10-28
2024102804009036,UPPER,49,38,100.0,215.1,21510.0,2024-10-28
2024102804009035,UPPER,36,38,147.0,215.1,31619.7,2024-10-28
2024102804009034,UPPER,38,38,200.0,215.2,43040.0,2024-10-28
2024102804009033,UPPER,28,38,13.0,215.3,2798.9,2024-10-28
2024102804009032,SHEL,33,57,970.0,246.6,239202.0,2024-10-28
2024102804009031,SHEL,18,57,30.0,246.6,7398.0,2024-10-28
2024102803018618,BFC,42,44,50.0,654.0,32700.0,2024-10-28
2024102803018617,PROFL,4,38,100.0,709.0,70900.0,2024-10-28
2024102804009030,API,39,94,100.0,293.7,29370.0,2024-10-28
2024102804009029,API,61,94,30.0,293.7,8811.0,2024-10-28
2024102801016563,HIDCLP,59,49,10.0,181.5,1815.0,2024-10-28
2024102803018616,LICN,6,56,50.0,1274.0,63700.0,2024-10-28
2024102801016562,GBIME,55,22,10.0,252.6,2526.0,2024-10-28
2024102805012800,HIDCL,55,54,179.0,274.0,49046.0,2024-10-28
2024102805012799,HIDCL,55,56,10.0,274.0,2740.0,2024-10-28
2024102805012798,HIDCL,55,21,111.0,274.0,30414.0,2024-10-28
2024102801016561,MKHC,51,49,62.0,369.0,22878.0,2024-10-28
2024102801016560,MKHC,86,49,38.0,369.0,14022.0,2024-10-28
2024102803018615,MPFL,58,49,26.0,775.0,20150.0,2024-10-28
2024102804009028,AKJCL,48,82,10.0,209.2,2092.0,2024-10-28
2024102803018614,SLBBL,72,61,120.0,952.0,114240.0,2024-10-28
2024102805012797,PHCL,61,35,10.0,519.0,5190.0,2024-10-28
2024102803018613,SLBSL,50,85,60.0,1361.0,81660.0,2024-10-28
2024102803018612,ICFC,41,43,100.0,825.9,82590.0,2024-10-28
2024102803018611,NMLBBL,34,47,50.0,766.0,38300.0,2024-10-28
2024102803018610,NMLBBL,34,47,100.0,766.0,76600.0,2024-10-28
2024102803018609,SJLIC,13,35,10.0,479.1,4791.0,2024-10-28
2024102804009027,API,78,38,70.0,293.8,20566.0,2024-10-28
2024102801016559,PCBL,45,13,210.0,279.0,58590.0,2024-10-28
2024102803018608,SMFBS,77,22,10.0,1529.9,15299.0,2024-10-28
2024102804009026,AHPC,75,35,30.0,277.0,8310.0,2024-10-28
2024102801016558,MAKAR,18,45,188.0,571.2,107385.6,2024-10-28
2024102804009025,SSHL,52,44,4669.0,217.0,1013173.0,2024-10-28
2024102801016557,MLBS,58,33,10.0,1598.0,15980.0,2024-10-28
2024102804009024,SSHL,44,44,331.0,217.0,71827.0,2024-10-28
2024102803018607,SADBL,48,74,180.0,419.0,75420.0,2024-10-28
2024102803018606,GRDBL,88,20,343.0,731.0,250733.0,2024-10-28
2024102801016556,USHEC,6,51,200.0,554.0,110800.0,2024-10-28
2024102803018605,LICN,41,56,44.0,1274.0,56056.0,2024-10-28
2024102803018604,LICN,58,56,10.0,1274.0,12740.0,2024-10-28
2024102803018603,LICN,29,56,50.0,1274.0,63700.0,2024-10-28
2024102801016555,PCBL,46,18,50.0,280.0,14000.0,2024-10-28
2024102803018602,BFC,45,44,500.0,654.0,327000.0,2024-10-28
2024102801016554,BNHC,34,45,100.0,472.0,47200.0,2024-10-28
2024102801016553,BNHC,19,45,140.0,472.2,66108.0,2024-10-28
2024102805012796,NRIC,1,16,28.0,794.0,22232.0,2024-10-28
2024102805012795,NRIC,1,41,25.0,794.0,19850.0,2024-10-28
2024102801016552,RHGCL,57,25,80.0,405.0,32400.0,2024-10-28
2024102804009023,LEC,33,35,200.0,277.0,55400.0,2024-10-28
2024102801016551,PRVU,55,58,67.0,241.0,16147.0,2024-10-28
2024102805012794,SAHAS,21,56,40.0,522.0,20880.0,2024-10-28
2024102801016550,RFPL,62,62,10.0,600.0,6000.0,2024-10-28
2024102801016549,SNLI,16,46,2.0,576.0,1152.0,2024-10-28
2024102803018601,LICN,58,34,200.0,1274.8,254960.0,2024-10-28
2024102803018600,LICN,58,7,100.0,1274.7,127470.0,2024-10-28
2024102805012793,NIFRA,41,47,30.0,279.1,8373.0,2024-10-28
2024102804009022,API,32,38,200.0,293.8,58760.0,2024-10-28
2024102801016548,PRVU,42,58,165.0,241.0,39765.0,2024-10-28
2024102803018599,NFS,57,57,30.0,1399.5,41985.0,2024-10-28
2024102801016547,MHCL,70,57,25.0,421.0,10525.0,2024-10-28
2024102805012792,NIFRA,41,34,10.0,279.1,2791.0,2024-10-28
2024102803018598,NLICL,42,50,30.0,610.0,18300.0,2024-10-28
2024102805012791,MBJC,41,35,90.0,327.0,29430.0,2024-10-28
2024102805012790,MBJC,41,42,70.0,327.0,22890.0,2024-10-28
2024102805012789,MBJC,28,42,20.0,327.0,6540.0,2024-10-28
2024102801016546,SARBTM,17,13,130.0,770.1,100113.0,2024-10-28
2024102801016545,SARBTM,49,13,50.0,770.1,38505.0,2024-10-28
2024102805012788,HRL,7,58,20.0,861.0,17220.0,2024-10-28
2024102803018597,SINDU,21,58,100.0,715.0,71500.0,2024-10-28
2024102803018596,CFCL,45,56,141.0,692.0,97572.0,2024-10-28
2024102803018595,CFCL,58,56,100.0,692.0,69200.0,2024-10-28
2024102803018594,CFCL,35,56,759.0,692.0,525228.0,2024-10-28
2024102803018593,FOWAD,41,51,23.0,1450.0,33350.0,2024-10-28
2024102801016544,KBL,62,89,65.0,230.0,14950.0,2024-10-28
2024102805012787,NIFRA,14,55,591.0,280.0,165480.0,2024-10-28
2024102805012786,NIFRA,14,48,300.0,280.0,84000.0,2024-10-28
2024102805012785,NIFRA,14,34,54.0,280.0,15120.0,2024-10-28
2024102805012784,NIFRA,14,32,100.0,280.0,28000.0,2024-10-28
2024102805012783,NIFRA,14,34,40.0,280.0,11200.0,2024-10-28
2024102805012782,NIFRA,14,44,54.0,279.9,15114.6,2024-10-28
2024102805012781,NIFRA,14,59,54.0,279.9,15114.6,2024-10-28
2024102805012780,NIFRA,14,56,350.0,279.9,97965.0,2024-10-28
2024102805012779,NIFRA,14,32,200.0,279.8,55960.0,2024-10-28
2024102805012778,NIFRA,14,22,40.0,279.7,11188.0,2024-10-28
2024102805012777,NIFRA,14,42,44.0,279.7,12306.8,2024-10-28
2024102805012776,NIFRA,14,41,34.0,279.6,9506.4,2024-10-28
2024102805012775,NIFRA,14,26,64.0,279.5,17888.0,2024-10-28
2024102805012774,NIFRA,14,41,75.0,279.5,20962.5,2024-10-28
2024102803018592,BFC,22,44,250.0,654.0,163500.0,2024-10-28
2024102805012773,MBJC,28,14,20.0,327.0,6540.0,2024-10-28
2024102803018591,NFS,66,41,200.0,1400.0,280000.0,2024-10-28
2024102803018590,SWMF,34,21,10.0,804.0,8040.0,2024-10-28
2024102803018589,FMDBL,34,55,30.0,754.0,22620.0,2024-10-28
2024102803018588,PROFL,49,38,815.0,709.0,577835.0,2024-10-28
2024102803018587,PROFL,49,25,685.0,709.0,485665.0,2024-10-28
2024102803018586,SHINE,43,67,887.0,472.5,419107.5,2024-10-28
2024102803018585,SHINE,45,67,113.0,473.0,53449.0,2024-10-28
2024102801016543,TAMOR,70,100,100.0,515.0,51500.0,2024-10-28
2024102801016542,GBIME,45,50,1846.0,252.0,465192.0,2024-10-28
2024102801016541,GBIME,49,50,64.0,252.1,16134.4,2024-10-28
2024102801016540,GBIME,53,50,100.0,252.5,25250.0,2024-10-28
2024102801016539,AVYAN,58,58,10.0,910.5,9105.0,2024-10-28
2024102805012772,SMJC,81,42,40.0,584.9,23396.0,2024-10-28
2024102803018584,LBBL,35,19,225.0,476.0,107100.0,2024-10-28
2024102801016538,TAMOR,64,4,10.0,514.0,5140.0,2024-10-28
2024102805012771,PHCL,42,98,10.0,515.1,5151.0,2024-10-28
2024102801016537,NBL,55,25,50.0,283.9,14195.0,2024-10-28
2024102801016536,NICA,51,35,25.0,445.0,11125.0,2024-10-28
2024102804009021,API,22,38,400.0,293.8,117520.0,2024-10-28
2024102803018583,NABBC,14,22,10.0,637.5,6375.0,2024-10-28
2024102801016535,SBI,57,56,90.0,482.0,43380.0,2024-10-28
2024102803018582,BFC,22,62,145.0,654.0,94830.0,2024-10-28
2024102804009020,NGPL,58,38,10.0,470.0,4700.0,2024-10-28
2024102803018581,KRBL,34,91,100.0,625.0,62500.0,2024-10-28
2024102805012770,HDL,42,42,50.0,1361.0,68050.0,2024-10-28
2024102803018580,GMFIL,34,57,335.0,629.9,211016.5,2024-10-28
2024102803018579,GMFIL,34,26,365.0,629.9,229913.5,2024-10-28
2024102803018578,MLBL,7,64,1905.0,396.2,754761.0,2024-10-28
2024102803018577,MLBL,51,64,32.0,396.2,12678.4,2024-10-28
2024102803018576,MLBL,95,64,50.0,396.3,19815.0,2024-10-28
2024102803018575,MLBL,6,64,500.0,396.4,198200.0,2024-10-28
2024102803018574,MLBL,7,64,213.0,396.5,84454.5,2024-10-28
2024102803018573,SFCL,44,51,50.0,790.0,39500.0,2024-10-28
2024102803018572,BFC,22,22,70.0,654.0,45780.0,2024-10-28
2024102803018571,SFCL,44,22,250.0,790.0,197500.0,2024-10-28
2024102803018570,SFCL,48,22,200.0,790.0,158000.0,2024-10-28
2024102803018569,SFCL,38,22,50.0,790.0,39500.0,2024-10-28
2024102805012769,SMATA,53,41,100.0,875.1,87510.0,2024-10-28
2024102801016534,TAMOR,62,100,14.0,515.0,7210.0,2024-10-28
2024102804009019,UPPER,45,58,25.0,215.4,5385.0,2024-10-28
2024102803018568,RSDC,50,14,100.0,717.5,71750.0,2024-10-28
2024102804009018,RIDI,16,1,500.0,237.0,118500.0,2024-10-28
2024102804009017,RIDI,16,45,860.0,237.0,203820.0,2024-10-28
2024102804009016,NHPC,35,63,400.0,226.1,90440.0,2024-10-28
2024102801016533,USHL,58,34,10.0,778.0,7780.0,2024-10-28
2024102803018567,GFCL,58,32,30.0,1048.0,31440.0,2024-10-28
2024102801016532,SGHC,57,58,10.0,404.0,4040.0,2024-10-28
2024102803018566,PFL,38,38,13.0,669.0,8697.0,2024-10-28
2024102803018565,GFCL,49,32,160.0,1048.0,167680.0,2024-10-28
2024102803018564,GFCL,49,21,40.0,1048.0,41920.0,2024-10-28
2024102805012768,SHIVM,34,77,423.0,595.3,251811.9,2024-10-28
2024102805012767,PHCL,42,65,50.0,515.1,25755.0,2024-10-28
2024102805012766,PHCL,43,65,440.0,515.1,226644.0,2024-10-28
2024102803018563,NADEP,41,50,10.0,1007.7,10077.0,2024-10-28
2024102803018562,RLFL,29,45,50.0,644.0,32200.0,2024-10-28
2024102803018561,SHINE,45,45,67.0,473.0,31691.0,2024-10-28
2024102803018560,SHINE,40,45,100.0,474.0,47400.0,2024-10-28
2024102804009015,NLG,44,29,50.0,1330.0,66500.0,2024-10-28
2024102801016531,BGWT,47,52,10.0,945.0,9450.0,2024-10-28
2024102801016530,BGWT,47,57,100.0,944.0,94400.0,2024-10-28
2024102801016529,SNLI,59,57,12.0,586.0,7032.0,2024-10-28
2024102805012765,SHIVM,34,57,20.0,595.3,11906.0,2024-10-28
2024102805012764,SHIVM,41,57,30.0,596.1,17883.0,2024-10-28
2024102803018559,JBBL,59,44,200.0,357.9,71580.0,2024-10-28
2024102803018558,CBBL,25,6,40.0,965.2,38608.0,2024-10-28
2024102804009014,SHPC,55,32,25.0,529.0,13225.0,2024-10-28
2024102803018557,SFCL,38,64,50.0,790.0,39500.0,2024-10-28
2024102803018556,SFCL,55,64,50.0,790.3,39515.0,2024-10-28
2024102803018555,WNLB,51,64,20.0,2564.0,51280.0,2024-10-28
2024102801016528,KBL,41,51,10.0,229.9,2299.0,2024-10-28
2024102803018554,USLB,56,57,75.0,1438.0,107850.0,2024-10-28
2024102803018553,USLB,56,6,55.0,1430.0,78650.0,2024-10-28
2024102803018552,USLB,56,21,10.0,1428.0,14280.0,2024-10-28
2024102803018551,USLB,56,55,20.0,1428.0,28560.0,2024-10-28
2024102801016527,SANIMA,48,22,12.0,320.2,3842.4,2024-10-28
2024102801016526,SANIMA,58,22,30.0,320.2,9606.0,2024-10-28
2024102801016525,SANIMA,45,22,10.0,320.2,3202.0,2024-10-28
2024102803018550,KRBL,60,60,240.0,623.1,149544.0,2024-10-28
2024102803018549,KRBL,48,60,510.0,623.3,317883.0,2024-10-28
2024102803018548,KRBL,48,60,100.0,623.4,62340.0,2024-10-28
2024102803018547,KRBL,49,60,350.0,623.5,218225.0,2024-10-28
2024102804009013,SHPC,48,32,50.0,529.0,26450.0,2024-10-28
2024102804009012,SHPC,6,32,123.0,529.0,65067.0,2024-10-28
