transaction,symbol,buyer,seller,quantity,rate,amount,date
2024031001030910,RAWA,34,26,50.0,490.0,24500.0,2024-03-10
2024031001030909,RAWA,34,58,10.0,490.0,4900.0,2024-03-10
2024031001030908,RAWA,34,34,80.0,485.0,38800.0,2024-03-10
2024031001030907,RAWA,34,49,10.0,484.0,4840.0,2024-03-10
2024031001030906,RAWA,34,58,10.0,484.0,4840.0,2024-03-10
2024031001030905,RAWA,34,45,40.0,483.9,19356.0,2024-03-10
2024031001030904,MEHL,58,34,10.0,301.5,3015.0,2024-03-10
2024031003010538,PMLI,6,32,40.0,513.0,20520.0,2024-03-10
2024031003010537,GMFBS,57,48,25.0,867.0,21675.0,2024-03-10
2024031003010536,GMFBS,57,37,14.0,866.9,12136.6,2024-03-10
2024031003010535,GMFBS,57,52,10.0,866.0,8660.0,2024-03-10
2024031001030903,EHPL,65,18,20.0,453.5,9070.0,2024-03-10
2024031001030902,CITY,46,57,12.0,601.0,7212.0,2024-03-10
2024031001030901,CITY,13,57,50.0,601.5,30075.0,2024-03-10
2024031001030900,CITY,58,57,83.0,601.5,49924.5,2024-03-10
2024031001030899,CITY,45,57,40.0,601.5,24060.0,2024-03-10
2024031001030898,CITY,52,57,15.0,601.5,9022.5,2024-03-10
2024031003010534,MERO,53,19,37.0,566.0,20942.0,2024-03-10
2024031003010533,MERO,49,19,40.0,566.1,22644.0,2024-03-10
2024031001030897,MLBS,16,41,10.0,762.0,7620.0,2024-03-10
2024031001030896,MLBS,16,55,10.0,754.8,7548.0,2024-03-10
2024031001030895,GBIME,28,29,155.0,191.0,29605.0,2024-03-10
2024031001030894,GBIME,28,35,50.0,191.0,9550.0,2024-03-10
2024031001030893,GBIME,28,38,10.0,191.0,1910.0,2024-03-10
2024031001030892,GBIME,28,38,30.0,190.9,5727.0,2024-03-10
2024031001030891,GBIME,28,87,75.0,190.5,14287.5,2024-03-10
2024031001030890,GBIME,28,16,100.0,190.0,19000.0,2024-03-10
2024031001030889,GBIME,28,34,80.0,190.0,15200.0,2024-03-10
2024031004010226,UPCL,52,34,681.0,217.0,147777.0,2024-03-10
2024031004010225,UPCL,52,26,128.0,217.0,27776.0,2024-03-10
2024031004010224,UPCL,52,17,11.0,217.0,2387.0,2024-03-10
2024031004010223,UPCL,52,39,180.0,217.0,39060.0,2024-03-10
2024031004010222,JOSHI,22,42,10.0,342.0,3420.0,2024-03-10
2024031001030888,NRM,3,22,285.0,407.0,115995.0,2024-03-10
2024031001030887,BEDC,22,13,10.0,363.7,3637.0,2024-03-10
2024031004010221,UPCL,22,39,10.0,217.0,2170.0,2024-03-10
2024031001030886,SHIVM,36,60,75.0,537.0,40275.0,2024-03-10
2024031001030885,SHIVM,36,14,100.0,536.9,53690.0,2024-03-10
2024031001030884,IHL,71,3,10.0,370.7,3707.0,2024-03-10
2024031005005052,NRN,71,38,124.0,564.0,69936.0,2024-03-10
2024031005005051,NRN,71,16,16.0,563.1,9009.6,2024-03-10
2024031005005050,NRN,71,35,50.0,563.0,28150.0,2024-03-10
2024031005005049,NRN,71,39,50.0,563.0,28150.0,2024-03-10
2024031005005048,NRN,71,4,360.0,563.0,202680.0,2024-03-10
2024031001030883,BNHC,71,56,50.0,480.0,24000.0,2024-03-10
2024031001030882,BNHC,71,13,200.0,479.8,95960.0,2024-03-10
2024031001030881,NRM,53,72,50.0,408.9,20445.0,2024-03-10
2024031001030880,MAKAR,33,77,50.0,404.9,20245.0,2024-03-10
2024031001030879,CITY,29,3,10.0,604.9,6049.0,2024-03-10
2024031001030878,HATHY,81,62,80.0,937.0,74960.0,2024-03-10
2024031003010532,HLI,62,21,10.0,397.0,3970.0,2024-03-10
2024031004010220,TRH,81,42,10.0,785.0,7850.0,2024-03-10
2024031004010219,HURJA,45,46,10.0,303.0,3030.0,2024-03-10
2024031003010531,GBLBS,34,45,10.0,567.0,5670.0,2024-03-10
2024031001030877,TSHL,42,48,21.0,484.9,10182.9,2024-03-10
2024031001030876,TSHL,42,37,29.0,484.0,14036.0,2024-03-10
2024031001030875,MHCL,42,57,10.0,475.0,4750.0,2024-03-10
2024031001030874,TVCL,28,42,90.0,531.1,47799.0,2024-03-10
2024031003010530,CORBL,1,69,12.0,432.0,5184.0,2024-03-10
2024031001030873,TSHL,77,37,11.0,484.0,5324.0,2024-03-10
2024031001030872,TSHL,77,34,20.0,475.0,9500.0,2024-03-10
2024031001030871,MCHL,43,80,90.0,341.0,30690.0,2024-03-10
2024031001030870,PPL,36,43,10.0,335.1,3351.0,2024-03-10
2024031001030869,BEDC,49,13,100.0,363.7,36370.0,2024-03-10
2024031001030868,NYADI,17,58,10.0,309.5,3095.0,2024-03-10
2024031003010529,GUFL,41,74,610.0,671.0,409310.0,2024-03-10
2024031004010218,NLG,14,58,10.0,785.9,7859.0,2024-03-10
2024031001030867,CKHL,58,58,250.0,632.0,158000.0,2024-03-10
2024031001030866,AHL,34,71,40.0,448.0,17920.0,2024-03-10
2024031001030865,NRM,34,72,20.0,408.9,8178.0,2024-03-10
2024031001030864,MAKAR,50,77,50.0,404.9,20245.0,2024-03-10
2024031004010217,NGPL,50,40,350.0,306.7,107345.0,2024-03-10
2024031004010216,NGPL,50,39,500.0,306.5,153250.0,2024-03-10
2024031004010215,NGPL,50,41,2000.0,306.0,612000.0,2024-03-10
2024031004010214,NGPL,50,41,100.0,306.0,30600.0,2024-03-10
2024031004010213,NGPL,50,57,50.0,306.0,15300.0,2024-03-10
2024031001030863,MSHL,50,52,20.0,619.9,12398.0,2024-03-10
2024031001030862,HEIP,50,16,10.0,358.0,3580.0,2024-03-10
2024031001030861,HEIP,50,16,20.0,349.9,6998.0,2024-03-10
2024031003010528,ICFC,14,36,10.0,493.0,4930.0,2024-03-10
2024031001030860,GVL,66,34,238.0,440.0,104720.0,2024-03-10
2024031001030859,GVL,66,43,12.0,439.9,5278.8,2024-03-10
2024031001030858,GVL,66,34,10.0,439.0,4390.0,2024-03-10
2024031003010527,GUFL,41,74,15.0,672.0,10080.0,2024-03-10
2024031001030857,MAKAR,4,77,107.0,404.9,43324.3,2024-03-10
2024031001030856,MAKAR,4,52,100.0,404.8,40480.0,2024-03-10
2024031001030855,MAKAR,4,48,150.0,404.8,60720.0,2024-03-10
2024031001030854,MAKAR,4,41,10.0,404.0,4040.0,2024-03-10
2024031001030853,MAKAR,4,58,100.0,403.0,40300.0,2024-03-10
2024031001030852,SONA,42,19,500.0,507.4,253700.0,2024-03-10
2024031001030851,PHCL,34,48,946.0,325.5,307923.0,2024-03-10
2024031001030850,PHCL,42,48,17.0,325.6,5535.2,2024-03-10
2024031001030849,PHCL,45,48,37.0,326.0,12062.0,2024-03-10
2024031005005047,NRN,59,16,210.0,562.2,118062.0,2024-03-10
2024031005005046,NRN,56,16,290.0,562.3,163067.0,2024-03-10
2024031001030848,MSHL,28,52,10.0,619.9,6199.0,2024-03-10
2024031001030847,MSHL,28,26,10.0,618.0,6180.0,2024-03-10
2024031001030846,MSHL,28,42,10.0,615.0,6150.0,2024-03-10
2024031001030845,DOLTI,28,70,35.0,413.0,14455.0,2024-03-10
2024031001030844,DOLTI,20,70,50.0,413.0,20650.0,2024-03-10
2024031004010212,SHPC,5,60,10.0,347.0,3470.0,2024-03-10
2024031005005045,HRL,26,42,10.0,620.0,6200.0,2024-03-10
2024031001030843,SMH,60,14,20.0,684.0,13680.0,2024-03-10
2024031003010526,SAPDBL,44,4,10.0,261.9,2619.0,2024-03-10
2024031004010211,SPDL,45,6,70.0,254.0,17780.0,2024-03-10
2024031004010210,JOSHI,42,42,50.0,342.0,17100.0,2024-03-10
2024031004010209,JOSHI,58,42,100.0,342.1,34210.0,2024-03-10
2024031004010208,JOSHI,29,42,500.0,342.1,171050.0,2024-03-10
2024031004010207,JOSHI,59,42,50.0,343.0,17150.0,2024-03-10
2024031004010206,JOSHI,11,42,50.0,343.0,17150.0,2024-03-10
2024031003010525,NFS,32,26,10.0,362.5,3625.0,2024-03-10
2024031003010524,KRBL,64,21,154.0,370.3,57026.2,2024-03-10
2024031003010523,KRBL,21,21,46.0,371.2,17075.2,2024-03-10
2024031004010205,JOSHI,58,49,20.0,344.0,6880.0,2024-03-10
2024031004010204,HDHPC,43,53,12.0,143.0,1716.0,2024-03-10
2024031001030842,MKJC,35,58,85.0,504.0,42840.0,2024-03-10
2024031001030841,MKJC,35,56,10.0,503.5,5035.0,2024-03-10
2024031001030840,MKJC,35,40,315.0,502.8,158382.0,2024-03-10
2024031001030839,MKJC,35,38,10.0,499.0,4990.0,2024-03-10
2024031003010522,NADEP,39,35,70.0,565.0,39550.0,2024-03-10
2024031003010521,NADEP,34,35,30.0,565.0,16950.0,2024-03-10
2024031001030838,HHL,37,22,20.0,330.0,6600.0,2024-03-10
2024031001030837,SPC,37,25,40.0,587.0,23480.0,2024-03-10
2024031003010520,ICFC,34,36,20.0,493.0,9860.0,2024-03-10
2024031001030836,TVCL,58,58,10.0,536.0,5360.0,2024-03-10
2024031001030835,TVCL,58,39,10.0,535.0,5350.0,2024-03-10
2024031001030834,MHCL,58,57,10.0,475.0,4750.0,2024-03-10
2024031004010203,SALICO,58,35,5.0,680.0,3400.0,2024-03-10
2024031004010202,SALICO,58,32,67.0,678.0,45426.0,2024-03-10
2024031001030833,SNLI,58,43,30.0,595.0,17850.0,2024-03-10
2024031004010201,UPPER,41,34,25.0,205.0,5125.0,2024-03-10
2024031004010200,UPPER,55,34,100.0,205.0,20500.0,2024-03-10
2024031004010199,UPPER,28,34,80.0,205.0,16400.0,2024-03-10
2024031004010198,UPPER,45,34,223.0,205.0,45715.0,2024-03-10
2024031004010197,UPPER,17,34,30.0,205.1,6153.0,2024-03-10
2024031004010196,UPPER,58,34,182.0,205.1,37328.2,2024-03-10
2024031001030832,NESDO,51,55,14.0,1725.0,24150.0,2024-03-10
2024031001030831,NESDO,51,58,10.0,1725.0,17250.0,2024-03-10
2024031001030830,NESDO,51,43,30.0,1719.9,51597.0,2024-03-10
2024031001030829,NESDO,51,45,10.0,1719.9,17199.0,2024-03-10
2024031001030828,NESDO,51,53,50.0,1712.3,85615.0,2024-03-10
2024031001030827,NESDO,51,5,10.0,1712.2,17122.0,2024-03-10
2024031001030826,NESDO,51,57,76.0,1710.0,129960.0,2024-03-10
2024031001030825,TSHL,57,57,50.0,474.0,23700.0,2024-03-10
2024031004010195,PPCL,41,34,50.0,260.0,13000.0,2024-03-10
2024031001030824,KBL,48,48,36.0,145.0,5220.0,2024-03-10
2024031001030823,KBL,48,7,1000.0,144.9,144900.0,2024-03-10
2024031001030822,KBL,48,13,864.0,144.9,125193.6,2024-03-10
2024031001030821,KBL,48,6,100.0,144.4,14440.0,2024-03-10
2024031005005044,HRL,52,19,30.0,620.0,18600.0,2024-03-10
2024031005005043,HRL,52,58,10.0,620.0,6200.0,2024-03-10
2024031005005042,HRL,52,19,10.0,620.0,6200.0,2024-03-10
2024031003010519,NMBMF,60,52,155.0,535.0,82925.0,2024-03-10
2024031001030820,DOLTI,42,28,270.0,412.2,111294.0,2024-03-10
2024031001030819,DOLTI,42,28,730.0,412.5,301125.0,2024-03-10
2024031003010518,KMCDB,57,20,86.0,703.4,60492.4,2024-03-10
2024031001030818,HATHY,81,8,20.0,937.0,18740.0,2024-03-10
2024031001030817,HHL,34,22,300.0,330.0,99000.0,2024-03-10
2024031001030816,HHL,35,22,175.0,330.0,57750.0,2024-03-10
2024031001030815,HHL,58,22,100.0,330.2,33020.0,2024-03-10
2024031001030814,PCBL,44,39,10.0,195.0,1950.0,2024-03-10
2024031001030813,PCBL,44,67,100.0,194.9,19490.0,2024-03-10
2024031003010517,PMLI,7,32,20.0,513.0,10260.0,2024-03-10
2024031004010194,SHL,33,35,100.0,444.0,44400.0,2024-03-10
2024031004010193,SHL,33,26,100.0,443.0,44300.0,2024-03-10
2024031003010516,GUFL,62,41,20.0,671.9,13438.0,2024-03-10
2024031003010515,NLIC,29,36,10.0,598.0,5980.0,2024-03-10
2024031001030812,ILI,10,38,10.0,534.0,5340.0,2024-03-10
2024031003010514,CFCL,38,22,40.0,343.0,13720.0,2024-03-10
2024031003010513,CFCL,38,41,100.0,339.3,33930.0,2024-03-10
2024031001030811,DLBS,62,52,20.0,921.9,18438.0,2024-03-10
2024031001030810,DLBS,62,43,45.0,921.3,41458.5,2024-03-10
2024031001030809,DLBS,62,19,10.0,921.0,9210.0,2024-03-10
2024031001030808,DLBS,62,58,25.0,921.0,23025.0,2024-03-10
2024031001030807,DLBS,62,57,50.0,920.0,46000.0,2024-03-10
2024031001030806,GCIL,34,62,10.0,545.1,5451.0,2024-03-10
2024031003010512,NMBMF,45,6,10.0,537.0,5370.0,2024-03-10
2024031001030805,SHIVM,69,60,53.0,537.0,28461.0,2024-03-10
2024031001030804,SHIVM,69,83,47.0,536.9,25234.3,2024-03-10
2024031001030803,HATHY,69,45,10.0,939.9,9399.0,2024-03-10
2024031005005041,SMATA,3,77,180.0,616.5,110970.0,2024-03-10
2024031005005040,SMATA,17,77,20.0,617.0,12340.0,2024-03-10
2024031001030802,PCBL,42,54,30.0,194.1,5823.0,2024-03-10
2024031004010192,RIDI,21,45,40.0,194.0,7760.0,2024-03-10
2024031004010191,RIDI,21,33,60.0,194.0,11640.0,2024-03-10
2024031001030801,CLI,35,42,10.0,459.0,4590.0,2024-03-10
2024031004010190,HURJA,1,46,10.0,303.0,3030.0,2024-03-10
2024031004010189,HURJA,1,19,150.0,302.0,45300.0,2024-03-10
2024031005005039,HRL,64,58,10.0,619.0,6190.0,2024-03-10
2024031001030800,EHPL,18,65,60.0,451.0,27060.0,2024-03-10
2024031001030799,SRLI,57,64,10.0,450.0,4500.0,2024-03-10
2024031004010188,CHCL,50,37,60.0,475.0,28500.0,2024-03-10
2024031005005038,SMATA,29,14,10.0,623.0,6230.0,2024-03-10
2024031001030798,NBL,43,41,500.0,222.0,111000.0,2024-03-10
2024031004010187,HPPL,4,55,100.0,286.0,28600.0,2024-03-10
2024031004010186,HPPL,4,78,70.0,286.0,20020.0,2024-03-10
2024031003010511,MPFL,48,57,100.0,365.0,36500.0,2024-03-10
2024031001030797,IHL,88,3,20.0,370.7,7414.0,2024-03-10
2024031001030796,IHL,88,57,10.0,370.0,3700.0,2024-03-10
2024031001030795,IHL,88,57,10.0,370.0,3700.0,2024-03-10
2024031001030794,IHL,88,35,10.0,370.0,3700.0,2024-03-10
2024031001030793,IHL,44,39,10.0,370.0,3700.0,2024-03-10
2024031001030792,IHL,44,10,100.0,370.0,37000.0,2024-03-10
2024031001030791,IHL,44,21,10.0,369.0,3690.0,2024-03-10
2024031001030790,IHL,44,58,10.0,369.0,3690.0,2024-03-10
2024031003010510,SJLIC,19,71,100.0,486.2,48620.0,2024-03-10
2024031003010509,GUFL,41,29,500.0,671.0,335500.0,2024-03-10
2024031001030789,MEL,42,49,10.0,222.0,2220.0,2024-03-10
2024031004010185,CHCL,49,37,10.0,475.0,4750.0,2024-03-10
2024031003010508,NFS,49,13,145.0,361.0,52345.0,2024-03-10
2024031003010507,NFS,39,13,155.0,362.0,56110.0,2024-03-10
2024031001030788,RFPL,21,25,200.0,354.1,70820.0,2024-03-10
2024031003010506,JBBL,32,35,100.0,298.0,29800.0,2024-03-10
2024031003010505,JBBL,14,35,170.0,298.0,50660.0,2024-03-10
2024031003010504,JBBL,35,35,51.0,298.0,15198.0,2024-03-10
2024031004010184,PRIN,65,35,200.0,771.0,154200.0,2024-03-10
2024031004010183,SPDL,45,43,500.0,253.0,126500.0,2024-03-10
2024031001030787,SNLI,42,43,20.0,595.0,11900.0,2024-03-10
2024031001030786,SNLI,47,43,80.0,595.0,47600.0,2024-03-10
2024031001030785,SNLI,49,43,125.0,595.0,74375.0,2024-03-10
2024031004010182,SICL,25,34,92.0,711.0,65412.0,2024-03-10
2024031003010503,DDBL,34,48,10.0,775.0,7750.0,2024-03-10
2024031005005037,HRL,64,58,10.0,619.0,6190.0,2024-03-10
2024031004010181,LEC,51,72,50.0,196.0,9800.0,2024-03-10
2024031003010502,GUFL,41,70,500.0,671.0,335500.0,2024-03-10
2024031003010501,ICFC,50,36,10.0,493.0,4930.0,2024-03-10
2024031001030784,CYCL,66,58,10.0,1407.0,14070.0,2024-03-10
2024031003010500,GUFL,41,16,300.0,671.0,201300.0,2024-03-10
2024031001030783,RHGCL,58,5,10.0,300.3,3003.0,2024-03-10
2024031001030782,RFPL,71,3,10.0,356.9,3569.0,2024-03-10
2024031001030781,RFPL,71,51,20.0,356.9,7138.0,2024-03-10
2024031003010499,GBLBS,34,7,450.0,567.0,255150.0,2024-03-10
2024031001030780,EBL,33,44,10.0,513.9,5139.0,2024-03-10
2024031001030779,SRLI,38,64,10.0,450.0,4500.0,2024-03-10
2024031001030778,ILI,10,11,50.0,534.0,26700.0,2024-03-10
2024031003010498,NLIC,32,43,10.0,598.4,5984.0,2024-03-10
2024031004010180,UMRH,32,86,10.0,371.5,3715.0,2024-03-10
2024031001030777,MBJC,13,32,500.0,324.0,162000.0,2024-03-10
2024031001030776,KBL,6,49,3.0,144.0,432.0,2024-03-10
2024031001030775,KBL,6,25,47.0,144.0,6768.0,2024-03-10
2024031001030774,KBL,8,25,30.0,144.0,4320.0,2024-03-10
2024031001030773,KBL,41,25,150.0,144.0,21600.0,2024-03-10
2024031001030772,KBL,58,25,50.0,144.0,7200.0,2024-03-10
2024031001030771,KBL,41,25,100.0,144.0,14400.0,2024-03-10
2024031001030770,KBL,45,25,100.0,144.0,14400.0,2024-03-10
2024031001030769,KBL,4,25,20.0,144.0,2880.0,2024-03-10
2024031001030768,KBL,17,25,153.0,144.0,22032.0,2024-03-10
2024031001030767,GVL,73,48,10.0,439.0,4390.0,2024-03-10
2024031001030766,GVL,73,58,10.0,439.0,4390.0,2024-03-10
2024031001030765,GVL,73,61,10.0,439.0,4390.0,2024-03-10
2024031001030764,GVL,73,17,10.0,437.0,4370.0,2024-03-10
2024031001030763,GVL,73,58,10.0,437.0,4370.0,2024-03-10
2024031001030762,NABIL,6,72,32.0,449.8,14393.6,2024-03-10
2024031001030761,NABIL,6,1,100.0,449.6,44960.0,2024-03-10
2024031004010179,UPCL,56,39,10.0,217.0,2170.0,2024-03-10
2024031004010178,UNHPL,58,17,99.0,257.8,25522.2,2024-03-10
2024031004010177,UNHPL,58,19,1000.0,257.0,257000.0,2024-03-10
2024031004010176,UNHPL,58,80,40.0,257.0,10280.0,2024-03-10
2024031004010175,UNHPL,58,19,500.0,256.8,128400.0,2024-03-10
2024031004010174,UNHPL,58,32,110.0,256.0,28160.0,2024-03-10
2024031004010173,UNHPL,58,80,200.0,255.9,51180.0,2024-03-10
2024031004010172,UNHPL,58,41,945.0,255.0,240975.0,2024-03-10
2024031004010171,UNHPL,58,58,106.0,255.0,27030.0,2024-03-10
2024031001030760,MKLB,58,34,24.0,739.0,17736.0,2024-03-10
2024031001030759,BHPL,14,44,20.0,499.9,9998.0,2024-03-10
2024031001030758,SMHL,44,40,10.0,448.0,4480.0,2024-03-10
2024031001030757,SIKLES,58,59,10.0,482.0,4820.0,2024-03-10
2024031001030756,GVL,52,58,180.0,436.0,78480.0,2024-03-10
2024031005005036,HRL,64,60,40.0,619.0,24760.0,2024-03-10
2024031005005035,HRL,82,60,260.0,619.0,160940.0,2024-03-10
2024031001030755,NRM,29,72,10.0,408.9,4089.0,2024-03-10
2024031004010170,CHL,38,39,10.0,306.9,3069.0,2024-03-10
2024031004010169,GHL,42,41,75.0,153.5,11512.5,2024-03-10
2024031003010497,JBBL,45,41,10.0,299.0,2990.0,2024-03-10
2024031003010496,MPFL,34,49,20.0,364.0,7280.0,2024-03-10
2024031001030754,DOLTI,42,49,260.0,412.5,107250.0,2024-03-10
2024031001030753,DOLTI,32,49,20.0,412.6,8252.0,2024-03-10
2024031001030752,UNLB,18,5,15.0,1386.8,20802.0,2024-03-10
2024031001030751,PHCL,45,25,13.0,326.0,4238.0,2024-03-10
2024031001030750,PHCL,14,25,20.0,326.0,6520.0,2024-03-10
2024031001030749,PHCL,36,25,200.0,326.0,65200.0,2024-03-10
2024031001030748,PHCL,51,25,50.0,326.0,16300.0,2024-03-10
2024031001030747,PHCL,32,25,20.0,326.0,6520.0,2024-03-10
2024031001030746,PHCL,42,25,20.0,326.0,6520.0,2024-03-10
2024031001030745,PHCL,44,25,90.0,326.0,29340.0,2024-03-10
2024031001030744,PHCL,49,25,50.0,326.1,16305.0,2024-03-10
2024031001030743,PHCL,42,25,500.0,326.5,163250.0,2024-03-10
2024031001030742,PHCL,38,25,37.0,327.0,12099.0,2024-03-10
2024031001030741,NABIL,34,72,100.0,449.8,44980.0,2024-03-10
2024031004010168,AKJCL,34,62,10.0,226.9,2269.0,2024-03-10
2024031001030740,CKHL,58,43,10.0,633.0,6330.0,2024-03-10
2024031001030739,CKHL,58,43,30.0,630.0,18900.0,2024-03-10
2024031001030738,CKHL,58,4,10.0,630.0,6300.0,2024-03-10
2024031001030737,CKHL,58,47,10.0,625.0,6250.0,2024-03-10
2024031001030736,CKHL,58,38,40.0,623.9,24956.0,2024-03-10
2024031003010495,WNLB,35,32,27.0,869.0,23463.0,2024-03-10
2024031003010494,WNLB,35,47,453.0,869.0,393657.0,2024-03-10
2024031003010493,WNLB,35,22,20.0,868.9,17378.0,2024-03-10
2024031004010167,UMRH,14,35,60.0,367.7,22062.0,2024-03-10
2024031004010166,UMRH,52,35,10.0,367.7,3677.0,2024-03-10
2024031004010165,UMRH,52,35,10.0,367.8,3678.0,2024-03-10
2024031004010164,UMRH,95,35,10.0,370.0,3700.0,2024-03-10
2024031003010492,GBBL,41,25,12.0,371.0,4452.0,2024-03-10
2024031004010163,MEN,48,82,400.0,631.9,252760.0,2024-03-10
2024031004010162,JOSHI,25,5,300.0,345.0,103500.0,2024-03-10
2024031001030735,ULHC,66,5,240.0,327.5,78600.0,2024-03-10
2024031001030734,HDL,28,48,50.0,1530.0,76500.0,2024-03-10
2024031001030733,NABIL,59,26,100.0,449.5,44950.0,2024-03-10
2024031003010491,ICFC,49,36,95.0,490.0,46550.0,2024-03-10
2024031003010490,ICFC,35,36,105.0,490.1,51460.5,2024-03-10
2024031001030732,TAMOR,71,70,40.0,404.0,16160.0,2024-03-10
2024031001030731,TAMOR,71,64,10.0,402.0,4020.0,2024-03-10
2024031001030730,TAMOR,71,49,10.0,400.0,4000.0,2024-03-10
2024031003010489,ILBS,38,41,24.0,725.5,17412.0,2024-03-10
2024031003010488,ILBS,38,39,36.0,720.0,25920.0,2024-03-10
2024031003010487,ILBS,38,45,20.0,720.0,14400.0,2024-03-10
2024031003010486,ILBS,38,41,60.0,720.0,43200.0,2024-03-10
2024031005005034,ENL,77,33,11.0,783.0,8613.0,2024-03-10
2024031003010485,GUFL,41,42,220.0,671.0,147620.0,2024-03-10
2024031003010484,GBLBS,42,40,65.0,567.8,36907.0,2024-03-10
2024031003010483,DDBL,49,48,228.0,775.0,176700.0,2024-03-10
2024031003010482,DDBL,49,22,10.0,773.0,7730.0,2024-03-10
2024031003010481,DDBL,49,32,12.0,772.0,9264.0,2024-03-10
2024031001030729,RNLI,49,74,20.0,444.5,8890.0,2024-03-10
2024031005005033,CIT,18,32,10.0,2127.0,21270.0,2024-03-10
2024031005005032,CIT,18,50,30.0,2127.0,63810.0,2024-03-10
2024031005005031,CIT,18,34,10.0,2124.0,21240.0,2024-03-10
2024031005005030,CIT,18,25,12.0,2120.0,25440.0,2024-03-10
2024031005005029,CIT,18,21,10.0,2120.0,21200.0,2024-03-10
2024031005005028,CIT,18,45,58.0,2120.0,122960.0,2024-03-10
2024031003010480,MLBL,34,48,10.0,327.0,3270.0,2024-03-10
2024031001030728,CKHL,34,58,10.0,623.6,6236.0,2024-03-10
2024031001030727,SHIVM,19,83,20.0,536.9,10738.0,2024-03-10
2024031003010479,NICLBSL,41,66,10.0,577.0,5770.0,2024-03-10
2024031005005027,HRL,82,55,10.0,619.0,6190.0,2024-03-10
2024031001030726,MHCL,8,88,710.0,471.0,334410.0,2024-03-10
2024031001030725,MHCL,58,88,100.0,471.8,47180.0,2024-03-10
2024031001030724,MHCL,42,88,190.0,472.0,89680.0,2024-03-10
2024031004010161,UPCL,16,39,1250.0,217.0,271250.0,2024-03-10
2024031001030723,PRVU,51,16,10.0,147.0,1470.0,2024-03-10
2024031004010160,RADHI,6,36,26.0,252.3,6559.8,2024-03-10
2024031001030722,CYCL,49,53,60.0,1400.0,84000.0,2024-03-10
2024031003010478,SJLIC,38,21,18.0,486.4,8755.2,2024-03-10
2024031003010477,NFS,39,49,58.0,362.0,20996.0,2024-03-10
2024031003010476,NFS,39,38,87.0,361.2,31424.4,2024-03-10
2024031001030721,UHEWA,32,18,60.0,354.9,21294.0,2024-03-10
2024031001030720,UHEWA,32,53,90.0,354.8,31932.0,2024-03-10
2024031001030719,UHEWA,32,35,10.0,354.0,3540.0,2024-03-10
2024031001030718,UHEWA,32,38,10.0,353.0,3530.0,2024-03-10
2024031001030717,UHEWA,32,41,10.0,353.0,3530.0,2024-03-10
2024031001030716,UHEWA,32,53,50.0,352.0,17600.0,2024-03-10
2024031001030715,UHEWA,32,34,10.0,350.0,3500.0,2024-03-10
2024031001030714,UHEWA,32,42,60.0,350.0,21000.0,2024-03-10
2024031003010475,SMB,56,32,47.0,1050.0,49350.0,2024-03-10
2024031001030713,ILI,10,32,10.0,534.0,5340.0,2024-03-10
2024031004010159,HEI,42,57,313.0,591.0,184983.0,2024-03-10
2024031003010474,FOWAD,42,17,90.0,1073.0,96570.0,2024-03-10
2024031001030712,MHL,58,49,70.0,406.0,28420.0,2024-03-10
2024031001030711,NIMB,74,59,30.0,164.9,4947.0,2024-03-10
2024031004010158,PRIN,65,4,50.0,771.0,38550.0,2024-03-10
2024031001030710,SONA,57,56,100.0,508.0,50800.0,2024-03-10
2024031001030709,SHIVM,17,83,75.0,536.9,40267.5,2024-03-10
2024031003010473,ALBSL,50,62,125.0,660.0,82500.0,2024-03-10
2024031003010472,ALBSL,50,11,10.0,659.0,6590.0,2024-03-10
2024031005005026,SMATA,59,42,10.0,623.0,6230.0,2024-03-10
2024031004010157,UPPER,58,26,50.0,205.1,10255.0,2024-03-10
2024031004010156,MEN,43,22,50.0,631.1,31555.0,2024-03-10
2024031001030708,PHCL,38,57,13.0,327.0,4251.0,2024-03-10
2024031003010471,GUFL,41,45,55.0,671.0,36905.0,2024-03-10
2024031001030707,SPL,45,58,10.0,664.9,6649.0,2024-03-10
2024031004010155,PPCL,45,34,10.0,260.0,2600.0,2024-03-10
2024031004010154,RHPL,6,19,150.0,290.0,43500.0,2024-03-10
2024031004010153,RURU,34,36,10.0,720.0,7200.0,2024-03-10
2024031001030706,PHCL,34,57,49.0,327.0,16023.0,2024-03-10
2024031001030705,SHIVM,17,14,25.0,536.9,13422.5,2024-03-10
2024031004010152,HEI,35,57,10.0,591.0,5910.0,2024-03-10
2024031004010151,HEI,35,41,50.0,590.7,29535.0,2024-03-10
2024031001030704,BEDC,58,47,30.0,363.8,10914.0,2024-03-10
2024031001030703,VLUCL,41,58,10.0,533.0,5330.0,2024-03-10
2024031003010470,SIFC,44,4,32.0,362.3,11593.6,2024-03-10
2024031004010150,SJCL,38,48,100.0,284.0,28400.0,2024-03-10
2024031004010149,SJCL,17,48,50.0,284.0,14200.0,2024-03-10
2024031004010148,SJCL,26,48,200.0,284.0,56800.0,2024-03-10
2024031004010147,SSHL,36,21,500.0,171.6,85800.0,2024-03-10
2024031001030702,AVYAN,36,42,20.0,612.0,12240.0,2024-03-10
2024031001030701,AVYAN,36,28,20.0,611.4,12228.0,2024-03-10
2024031004010146,JOSHI,33,42,50.0,345.0,17250.0,2024-03-10
2024031001030700,CYCL,62,58,53.0,1407.0,74571.0,2024-03-10
2024031001030699,CYCL,62,6,10.0,1406.0,14060.0,2024-03-10
2024031001030698,CYCL,62,58,50.0,1405.0,70250.0,2024-03-10
2024031001030697,CYCL,62,22,10.0,1405.0,14050.0,2024-03-10
2024031001030696,CYCL,62,7,13.0,1405.0,18265.0,2024-03-10
2024031001030695,CYCL,62,58,13.0,1405.0,18265.0,2024-03-10
2024031001030694,CYCL,62,34,52.0,1405.0,73060.0,2024-03-10
2024031001030693,CYCL,62,35,50.0,1405.0,70250.0,2024-03-10
2024031001030692,CYCL,62,22,50.0,1404.8,70240.0,2024-03-10
2024031001030691,CYCL,62,48,50.0,1404.0,70200.0,2024-03-10
2024031001030690,CYCL,62,42,13.0,1404.0,18252.0,2024-03-10
2024031001030689,CYCL,62,34,70.0,1400.0,98000.0,2024-03-10
2024031001030688,CYCL,62,34,10.0,1400.0,14000.0,2024-03-10
2024031001030687,CYCL,62,59,10.0,1400.0,14000.0,2024-03-10
2024031001030686,CYCL,62,26,550.0,1400.0,770000.0,2024-03-10
2024031001030685,CYCL,62,14,10.0,1400.0,14000.0,2024-03-10
2024031001030684,CYCL,62,35,13.0,1400.0,18200.0,2024-03-10
2024031001030683,CYCL,62,21,10.0,1400.0,14000.0,2024-03-10
2024031001030682,CYCL,62,22,40.0,1400.0,56000.0,2024-03-10
2024031001030681,CYCL,62,36,10.0,1400.0,14000.0,2024-03-10
2024031001030680,CYCL,62,41,70.0,1400.0,98000.0,2024-03-10
2024031001030679,CYCL,62,42,100.0,1400.0,140000.0,2024-03-10
2024031001030678,CYCL,62,29,100.0,1399.9,139990.0,2024-03-10
2024031001030677,CYCL,62,36,100.0,1399.0,139900.0,2024-03-10
2024031001030676,CYCL,62,44,23.0,1399.0,32177.0,2024-03-10
2024031001030675,CYCL,62,58,20.0,1395.0,27900.0,2024-03-10
2024031001030674,SRLI,38,64,10.0,450.0,4500.0,2024-03-10
2024031001030673,PHCL,45,57,10.0,327.0,3270.0,2024-03-10
2024031003010469,CBBL,14,17,100.0,845.0,84500.0,2024-03-10
2024031001030672,SONA,49,56,135.0,508.0,68580.0,2024-03-10
2024031004010145,CGH,26,43,70.0,824.2,57694.0,2024-03-10
2024031004010144,CGH,45,43,30.0,825.0,24750.0,2024-03-10
2024031004010143,CGH,58,43,50.0,825.0,41250.0,2024-03-10
2024031001030671,RFPL,56,4,420.0,356.0,149520.0,2024-03-10
2024031003010468,GUFL,41,51,300.0,671.0,201300.0,2024-03-10
2024031001030670,GCIL,58,42,10.0,546.0,5460.0,2024-03-10
2024031004010142,SJCL,26,16,300.0,284.0,85200.0,2024-03-10
2024031004010141,SJCL,19,16,50.0,284.0,14200.0,2024-03-10
2024031001030669,CKHL,34,38,50.0,623.6,31180.0,2024-03-10
2024031001030668,SMH,39,14,10.0,684.0,6840.0,2024-03-10
2024031003010467,MSLB,42,47,13.0,938.0,12194.0,2024-03-10
2024031004010140,NHPC,45,43,266.0,162.5,43225.0,2024-03-10
2024031003010466,RLFL,80,62,51.0,367.0,18717.0,2024-03-10
2024031003010465,NICLBSL,33,43,10.0,574.1,5741.0,2024-03-10
2024031005005025,NRIC,6,33,345.0,760.0,262200.0,2024-03-10
2024031005005024,NRIC,6,43,20.0,759.8,15196.0,2024-03-10
2024031005005023,NRIC,6,62,51.0,759.5,38734.5,2024-03-10
2024031005005022,NRIC,6,4,50.0,759.0,37950.0,2024-03-10
2024031005005021,NRIC,6,14,100.0,759.0,75900.0,2024-03-10
2024031005005020,NRIC,6,21,434.0,758.7,329275.8,2024-03-10
2024031001030667,SHIVM,34,42,204.0,538.0,109752.0,2024-03-10
2024031001030666,SHIVM,34,3,140.0,538.0,75320.0,2024-03-10
2024031001030665,SHIVM,34,26,1000.0,538.0,538000.0,2024-03-10
2024031001030664,SHIVM,34,1,100.0,538.0,53800.0,2024-03-10
2024031001030663,SHIVM,34,65,500.0,538.0,269000.0,2024-03-10
2024031001030662,SHIVM,34,45,220.0,538.0,118360.0,2024-03-10
2024031001030661,SHIVM,34,48,67.0,537.2,35992.4,2024-03-10
2024031001030660,SHIVM,34,58,769.0,537.1,413029.9,2024-03-10
2024031001030659,HHL,59,14,10.0,333.0,3330.0,2024-03-10
2024031003010464,CFCL,34,41,100.0,339.3,33930.0,2024-03-10
2024031003010463,MLBL,43,58,165.0,325.4,53691.0,2024-03-10
2024031003010462,MLBL,62,58,135.0,325.4,43929.0,2024-03-10
2024031001030658,CLI,49,58,10.0,457.5,4575.0,2024-03-10
2024031001030657,MLBS,16,45,10.0,754.5,7545.0,2024-03-10
2024031001030656,MLBS,16,45,20.0,739.0,14780.0,2024-03-10
2024031001030655,RFPL,21,26,1025.0,354.1,362952.5,2024-03-10
2024031001030654,RFPL,14,26,90.0,354.2,31878.0,2024-03-10
2024031001030653,RFPL,26,26,100.0,354.2,35420.0,2024-03-10
2024031001030652,RFPL,26,26,100.0,354.2,35420.0,2024-03-10
2024031001030651,RFPL,28,26,100.0,354.2,35420.0,2024-03-10
2024031001030650,RFPL,26,26,100.0,354.3,35430.0,2024-03-10
2024031001030649,RFPL,62,26,185.0,354.5,65582.5,2024-03-10
2024031001030648,RFPL,62,26,100.0,354.6,35460.0,2024-03-10
2024031001030647,RFPL,25,26,200.0,355.0,71000.0,2024-03-10
2024031003010461,SLBBL,44,7,57.0,659.0,37563.0,2024-03-10
2024031003010460,SLBBL,44,26,175.0,657.9,115132.5,2024-03-10
2024031003010459,SLBBL,44,42,100.0,657.0,65700.0,2024-03-10
2024031003010458,SLBBL,44,26,100.0,656.9,65690.0,2024-03-10
2024031003010457,SLBBL,44,26,68.0,656.8,44662.4,2024-03-10
2024031001030646,NRM,7,72,226.0,408.9,92411.4,2024-03-10
2024031001030645,NRM,7,7,30.0,408.8,12264.0,2024-03-10
2024031001030644,NRM,7,39,100.0,408.8,40880.0,2024-03-10
2024031001030643,NRM,7,35,50.0,408.8,20440.0,2024-03-10
2024031001030642,NRM,7,14,10.0,408.0,4080.0,2024-03-10
2024031001030641,NRM,7,58,84.0,408.0,34272.0,2024-03-10
2024031003010456,GRDBL,69,32,500.0,374.2,187100.0,2024-03-10
2024031001030640,NWCL,58,77,80.0,774.0,61920.0,2024-03-10
2024031003010455,ICFC,42,36,10.0,493.0,4930.0,2024-03-10
2024031003010454,SKBBL,29,45,30.0,843.0,25290.0,2024-03-10
2024031003010453,SKBBL,19,45,50.0,843.1,42155.0,2024-03-10
2024031003010452,SKBBL,25,45,10.0,843.1,8431.0,2024-03-10
2024031001030639,NIMB,45,41,10.0,164.4,1644.0,2024-03-10
2024031001030638,DOLTI,49,70,10.0,413.0,4130.0,2024-03-10
2024031004010139,HDHPC,49,53,10.0,143.0,1430.0,2024-03-10
2024031001030637,SONA,43,56,20.0,508.0,10160.0,2024-03-10
2024031001030636,SONA,48,56,200.0,508.0,101600.0,2024-03-10
2024031001030635,SONA,29,56,100.0,508.0,50800.0,2024-03-10
2024031001030634,SONA,44,56,40.0,508.0,20320.0,2024-03-10
2024031003010451,SKBBL,34,46,10.0,847.0,8470.0,2024-03-10
2024031004010138,JOSHI,47,59,30.0,346.0,10380.0,2024-03-10
2024031004010137,JOSHI,47,26,32.0,346.0,11072.0,2024-03-10
2024031004010136,JOSHI,47,54,32.0,345.0,11040.0,2024-03-10
2024031001030633,TAMOR,55,38,30.0,399.0,11970.0,2024-03-10
2024031004010135,AKPL,45,85,314.0,185.6,58278.4,2024-03-10
2024031004010134,AKPL,48,85,46.0,185.6,8537.6,2024-03-10
2024031004010133,AKPL,58,85,140.0,185.9,26026.0,2024-03-10
2024031001030632,HHL,5,7,10.0,332.0,3320.0,2024-03-10
2024031001030631,HHL,5,22,10.0,331.0,3310.0,2024-03-10
2024031001030630,HHL,5,5,10.0,330.3,3303.0,2024-03-10
2024031001030629,SMHL,28,20,10.0,450.0,4500.0,2024-03-10
2024031001030628,HDL,45,53,12.0,1526.0,18312.0,2024-03-10
2024031001030627,HDL,22,53,18.0,1528.0,27504.0,2024-03-10
2024031001030626,HDL,42,53,20.0,1530.0,30600.0,2024-03-10
2024031001030625,HDL,10,53,50.0,1530.0,76500.0,2024-03-10
2024031003010450,GILB,20,33,30.0,833.0,24990.0,2024-03-10
2024031004010132,HDHPC,67,32,200.0,142.8,28560.0,2024-03-10
2024031001030624,UNLB,45,5,85.0,1386.8,117878.0,2024-03-10
2024031001030623,UNLB,45,57,15.0,1385.0,20775.0,2024-03-10
2024031001030622,ILI,10,49,10.0,534.0,5340.0,2024-03-10
2024031003010449,HLBSL,52,50,50.0,604.0,30200.0,2024-03-10
2024031001030621,SHIVM,39,50,50.0,537.0,26850.0,2024-03-10
2024031001030620,NRM,34,58,300.0,408.0,122400.0,2024-03-10
2024031001030619,SANIMA,38,57,22.0,242.0,5324.0,2024-03-10
2024031001030618,SANIMA,65,57,157.0,242.0,37994.0,2024-03-10
2024031001030617,SONA,48,66,10.0,509.0,5090.0,2024-03-10
2024031003010448,JBBL,58,35,50.0,298.1,14905.0,2024-03-10
2024031001030616,BHL,7,54,10.0,353.0,3530.0,2024-03-10
2024031001030615,JBLB,75,17,200.0,1315.0,263000.0,2024-03-10
2024031001030614,USHEC,29,32,10.0,372.0,3720.0,2024-03-10
2024031001030613,ULBSL,21,54,10.0,1169.5,11695.0,2024-03-10
2024031004010131,MEN,43,32,67.0,631.1,42283.7,2024-03-10
2024031001030612,ILI,10,32,10.0,534.0,5340.0,2024-03-10
2024031001030611,BGWT,42,42,10.0,574.1,5741.0,2024-03-10
2024031001030610,JBLB,42,17,37.0,1315.0,48655.0,2024-03-10
2024031001030609,NABIL,1,72,100.0,449.8,44980.0,2024-03-10
2024031004010130,HPPL,50,78,130.0,286.0,37180.0,2024-03-10
2024031004010129,HPPL,50,21,10.0,286.0,2860.0,2024-03-10
2024031004010128,HPPL,50,39,200.0,286.0,57200.0,2024-03-10
2024031004010127,HPPL,50,52,500.0,286.0,143000.0,2024-03-10
2024031004010126,HPPL,50,3,150.0,285.7,42855.0,2024-03-10
2024031004010125,HPPL,50,62,10.0,285.7,2857.0,2024-03-10
2024031004010124,DHPL,14,54,10.0,204.8,2048.0,2024-03-10
2024031004010123,DHPL,57,50,200.0,204.0,40800.0,2024-03-10
2024031004010122,DHPL,57,38,400.0,204.0,81600.0,2024-03-10
2024031004010121,DHPL,57,57,100.0,203.5,20350.0,2024-03-10
2024031001030608,SRLI,58,52,10.0,445.2,4452.0,2024-03-10
2024031004010120,CHL,58,39,10.0,306.9,3069.0,2024-03-10
2024031003010447,NMBMF,60,49,186.0,535.0,99510.0,2024-03-10
2024031003010446,NMBMF,60,71,100.0,535.0,53500.0,2024-03-10
2024031003010445,NMBMF,60,7,19.0,535.0,10165.0,2024-03-10
2024031003010444,NMBMF,60,7,40.0,534.9,21396.0,2024-03-10
2024031004010119,AKPL,58,45,70.0,185.9,13013.0,2024-03-10
2024031004010118,AKPL,58,17,290.0,185.9,53911.0,2024-03-10
2024031003010443,NLICL,11,57,10.0,565.0,5650.0,2024-03-10
2024031003010442,MDB,22,38,10.0,397.1,3971.0,2024-03-10
2024031003010441,JFL,29,38,155.0,370.2,57381.0,2024-03-10
2024031003010440,JFL,58,38,145.0,372.0,53940.0,2024-03-10
2024031003010439,MERO,39,22,50.0,569.9,28495.0,2024-03-10
2024031001030607,SMJC,39,60,10.0,377.0,3770.0,2024-03-10
2024031003010438,SJLIC,43,21,110.0,486.4,53504.0,2024-03-10
2024031003010437,SJLIC,38,21,50.0,486.5,24325.0,2024-03-10
2024031003010436,NLICL,22,54,20.0,564.1,11282.0,2024-03-10
2024031001030606,IHL,21,38,10.0,369.0,3690.0,2024-03-10
2024031004010117,JOSHI,16,54,100.0,345.0,34500.0,2024-03-10
2024031004010116,JOSHI,57,54,68.0,345.0,23460.0,2024-03-10
2024031001030605,MLBS,13,45,10.0,752.0,7520.0,2024-03-10
2024031003010435,SMB,56,42,10.0,1050.0,10500.0,2024-03-10
2024031005005019,HIDCL,45,6,100.0,177.0,17700.0,2024-03-10
2024031001030604,JBLB,34,72,21.0,1313.0,27573.0,2024-03-10
2024031001030603,MANDU,65,29,160.0,678.0,108480.0,2024-03-10
2024031001030602,MANDU,65,58,30.0,677.0,20310.0,2024-03-10
2024031001030601,MANDU,65,58,10.0,675.0,6750.0,2024-03-10
2024031004010115,MEN,43,1,10.0,631.1,6311.0,2024-03-10
2024031001030600,SONA,44,71,100.0,508.0,50800.0,2024-03-10
2024031001030599,ULHC,66,62,500.0,327.5,163750.0,2024-03-10
2024031004010114,NGPL,11,62,13.0,306.0,3978.0,2024-03-10
2024031001030598,HATHY,48,29,100.0,936.1,93610.0,2024-03-10
2024031003010434,NFS,38,38,113.0,361.2,40815.6,2024-03-10
2024031001030597,SRLI,38,22,10.0,450.0,4500.0,2024-03-10
2024031004010113,JOSHI,57,39,232.0,345.0,80040.0,2024-03-10
2024031004010112,JOSHI,48,39,258.0,345.0,89010.0,2024-03-10
2024031001030596,IHL,68,22,48.0,368.0,17664.0,2024-03-10
2024031001030595,HIDCLP,17,37,119.0,102.4,12185.6,2024-03-10
2024031001030594,HIDCLP,17,4,10.0,102.0,1020.0,2024-03-10
2024031001030593,HIDCLP,17,43,81.0,101.5,8221.5,2024-03-10
2024031001030592,NICA,17,58,627.0,420.0,263340.0,2024-03-10
2024031001030591,NICA,17,45,230.0,420.0,96600.0,2024-03-10
2024031003010433,GUFL,41,42,10.0,671.0,6710.0,2024-03-10
2024031001030590,SPHL,49,55,10.0,480.0,4800.0,2024-03-10
2024031001030589,SNLI,49,6,10.0,595.0,5950.0,2024-03-10
2024031004010111,UMRH,95,6,100.0,370.0,37000.0,2024-03-10
2024031001030588,TAMOR,45,57,10.0,398.0,3980.0,2024-03-10
2024031004010110,AKJCL,6,34,1229.0,226.1,277876.9,2024-03-10
2024031001030587,ILI,10,47,10.0,534.0,5340.0,2024-03-10
2024031004010109,JOSHI,48,55,10.0,345.0,3450.0,2024-03-10
2024031003010432,JSLBB,41,28,10.0,905.0,9050.0,2024-03-10
2024031001030586,NIMBPO,44,58,20.0,137.7,2754.0,2024-03-10
2024031003010431,CBBL,58,26,30.0,847.8,25434.0,2024-03-10
2024031001030585,HHL,49,5,90.0,330.3,29727.0,2024-03-10
2024031004010108,SALICO,17,64,50.0,680.0,34000.0,2024-03-10
2024031003010430,HLI,41,49,10.0,396.0,3960.0,2024-03-10
2024031001030584,AVYAN,66,28,10.0,611.4,6114.0,2024-03-10
2024031004010107,NICL,35,1,10.0,847.9,8479.0,2024-03-10
2024031001030583,SIKLES,84,6,10.0,487.0,4870.0,2024-03-10
2024031001030582,SIKLES,84,36,10.0,486.0,4860.0,2024-03-10
2024031001030581,SIKLES,84,55,10.0,485.0,4850.0,2024-03-10
2024031003010429,NFS,38,47,37.0,361.2,13364.4,2024-03-10
2024031003010428,NFS,45,47,63.0,361.2,22755.6,2024-03-10
2024031001030580,SONA,44,41,140.0,508.0,71120.0,2024-03-10
2024031003010427,GUFL,41,52,1000.0,671.0,671000.0,2024-03-10
2024031001030579,EBL,57,44,10.0,512.0,5120.0,2024-03-10
2024031003010426,MMFDB,44,56,100.0,550.0,55000.0,2024-03-10
2024031001030578,SHIVM,71,58,100.0,537.1,53710.0,2024-03-10
2024031001030577,IHL,3,58,32.0,367.2,11750.4,2024-03-10
2024031001030576,SPC,7,51,35.0,585.3,20485.5,2024-03-10
2024031001030575,MEHL,8,39,50.0,301.0,15050.0,2024-03-10
2024031003010425,GRDBL,69,32,416.0,374.2,155667.2,2024-03-10
2024031003010424,GRDBL,69,50,100.0,374.0,37400.0,2024-03-10
2024031003010423,GRDBL,69,51,135.0,374.0,50490.0,2024-03-10
2024031003010422,GRDBL,69,7,55.0,373.0,20515.0,2024-03-10
2024031003010421,GRDBL,69,52,101.0,372.0,37572.0,2024-03-10
2024031003010420,GRDBL,69,51,175.0,372.0,65100.0,2024-03-10
2024031003010419,GRDBL,69,51,15.0,372.0,5580.0,2024-03-10
2024031003010418,GRDBL,69,32,1000.0,372.0,372000.0,2024-03-10
2024031003010417,GRDBL,69,6,10.0,372.0,3720.0,2024-03-10
2024031003010416,GRDBL,69,74,666.0,372.0,247752.0,2024-03-10
2024031003010415,GRDBL,69,57,210.0,371.9,78099.0,2024-03-10
2024031003010414,GRDBL,69,35,290.0,371.9,107851.0,2024-03-10
2024031003010413,GRDBL,69,32,1000.0,371.5,371500.0,2024-03-10
2024031003010412,GRDBL,69,51,10.0,371.5,3715.0,2024-03-10
2024031003010411,GRDBL,69,57,20.0,371.0,7420.0,2024-03-10
2024031003010410,GRDBL,69,17,499.0,370.0,184630.0,2024-03-10
2024031003010409,GRDBL,69,51,10.0,370.0,3700.0,2024-03-10
2024031003010408,GRDBL,69,42,28.0,370.0,10360.0,2024-03-10
2024031003010407,GRDBL,69,53,150.0,370.0,55500.0,2024-03-10
2024031003010406,GRDBL,69,74,20.0,369.9,7398.0,2024-03-10
2024031003010405,GRDBL,69,4,90.0,369.8,33282.0,2024-03-10
2024031005005018,ENL,77,33,10.0,783.0,7830.0,2024-03-10
2024031005005017,NRN,56,21,200.0,562.3,112460.0,2024-03-10
2024031003010404,RSDC,13,42,483.0,565.0,272895.0,2024-03-10
2024031003010403,GBBL,49,25,50.0,371.0,18550.0,2024-03-10
2024031004010106,UMRH,95,6,100.0,370.0,37000.0,2024-03-10
2024031004010105,UMRH,95,34,500.0,370.0,185000.0,2024-03-10
2024031004010104,UMRH,95,48,40.0,370.0,14800.0,2024-03-10
2024031004010103,UMRH,95,35,10.0,368.0,3680.0,2024-03-10
2024031004010102,UMRH,95,38,240.0,368.0,88320.0,2024-03-10
2024031001030574,CLI,25,42,59.0,459.0,27081.0,2024-03-10
2024031001030573,CLI,25,55,41.0,458.0,18778.0,2024-03-10
2024031004010101,SJCL,6,16,20.0,285.0,5700.0,2024-03-10
2024031001030572,BNHC,6,56,328.0,480.0,157440.0,2024-03-10
2024031001030571,BNHC,6,68,261.0,479.9,125253.9,2024-03-10
2024031001030570,BNHC,6,36,100.0,479.0,47900.0,2024-03-10
2024031001030569,BNHC,6,17,40.0,479.0,19160.0,2024-03-10
2024031001030568,BNHC,6,35,10.0,479.0,4790.0,2024-03-10
2024031001030567,BNHC,6,49,10.0,479.0,4790.0,2024-03-10
2024031001030566,BNHC,6,4,10.0,479.0,4790.0,2024-03-10
2024031001030565,BNHC,6,45,41.0,478.0,19598.0,2024-03-10
2024031003010402,PROFL,40,35,40.0,315.0,12600.0,2024-03-10
2024031003010401,GUFL,41,34,25.0,671.0,16775.0,2024-03-10
2024031001030564,SHIVM,34,58,131.0,537.1,70360.1,2024-03-10
2024031001030563,SHIVM,34,82,873.0,537.0,468801.0,2024-03-10
2024031001030562,GCIL,70,60,500.0,545.0,272500.0,2024-03-10
2024031004010100,KKHC,36,58,117.0,245.0,28665.0,2024-03-10
2024031004010099,KKHC,26,58,1165.0,245.0,285425.0,2024-03-10
2024031004010098,KKHC,57,58,600.0,245.0,147000.0,2024-03-10
2024031004010097,KKHC,11,58,299.0,245.0,73255.0,2024-03-10
2024031004010096,KKHC,38,58,250.0,245.1,61275.0,2024-03-10
2024031004010095,KKHC,22,58,100.0,245.1,24510.0,2024-03-10
2024031004010094,KKHC,19,58,100.0,245.5,24550.0,2024-03-10
2024031001030561,RNLI,38,5,120.0,444.0,53280.0,2024-03-10
2024031001030560,RNLI,49,5,30.0,444.1,13323.0,2024-03-10
2024031001030559,RNLI,59,5,100.0,444.2,44420.0,2024-03-10
2024031003010400,SHINE,7,21,93.0,372.5,34642.5,2024-03-10
2024031003010399,SHINE,42,21,107.0,373.5,39964.5,2024-03-10
2024031004010093,SPIL,42,16,10.0,760.0,7600.0,2024-03-10
2024031004010092,SPIL,42,62,20.0,759.9,15198.0,2024-03-10
2024031004010091,NGPL,45,62,500.0,306.0,153000.0,2024-03-10
2024031005005016,HRL,82,50,100.0,619.0,61900.0,2024-03-10
2024031003010398,FMDBL,42,57,200.0,612.0,122400.0,2024-03-10
2024031003010397,FMDBL,34,57,250.0,613.0,153250.0,2024-03-10
2024031003010396,FMDBL,25,57,50.0,614.0,30700.0,2024-03-10
2024031001030558,SONA,44,19,220.0,508.0,111760.0,2024-03-10
2024031001030557,SONA,49,19,10.0,508.0,5080.0,2024-03-10
2024031001030556,SONA,58,19,270.0,508.0,137160.0,2024-03-10
2024031001030555,HBL,56,34,750.0,194.2,145650.0,2024-03-10
2024031001030554,HBL,19,34,200.0,194.4,38880.0,2024-03-10
2024031001030553,HBL,14,34,50.0,194.5,9725.0,2024-03-10
2024031001030552,HBL,37,34,500.0,194.5,97250.0,2024-03-10
2024031001030551,HBL,42,34,500.0,195.0,97500.0,2024-03-10
2024031001030550,SONA,48,66,10.0,509.0,5090.0,2024-03-10
2024031001030549,NBL,26,26,416.0,223.0,92768.0,2024-03-10
2024031001030548,NBL,26,38,500.0,223.0,111500.0,2024-03-10
2024031001030547,NBL,26,71,84.0,223.0,18732.0,2024-03-10
2024031003010395,NADEP,29,34,16.0,566.0,9056.0,2024-03-10
2024031003010394,NADEP,29,47,32.0,566.0,18112.0,2024-03-10
2024031003010393,NADEP,29,35,30.0,565.1,16953.0,2024-03-10
2024031003010392,MNBBL,54,57,15.0,356.0,5340.0,2024-03-10
2024031003010391,MNBBL,54,25,35.0,356.0,12460.0,2024-03-10
2024031005005015,HRL,82,42,50.0,619.0,30950.0,2024-03-10
2024031003010390,NMBMF,45,7,10.0,534.9,5349.0,2024-03-10
2024031001030546,SHIVM,49,82,20.0,537.0,10740.0,2024-03-10
2024031001030545,MKCL,6,57,70.0,954.0,66780.0,2024-03-10
2024031001030544,MKCL,6,19,10.0,952.0,9520.0,2024-03-10
2024031001030543,MKCL,6,22,10.0,952.0,9520.0,2024-03-10
2024031001030542,MKCL,6,57,10.0,950.0,9500.0,2024-03-10
2024031003010389,SFCL,35,51,50.0,315.0,15750.0,2024-03-10
2024031004010090,NICL,41,1,20.0,847.9,16958.0,2024-03-10
2024031001030541,GCIL,70,34,10.0,545.0,5450.0,2024-03-10
2024031001030540,MKLB,16,34,16.0,739.0,11824.0,2024-03-10
2024031001030539,MKLB,16,38,14.0,730.0,10220.0,2024-03-10
2024031001030538,DLBS,38,57,50.0,920.0,46000.0,2024-03-10
2024031005005014,HRL,82,42,10.0,619.0,6190.0,2024-03-10
2024031005005013,NICSF,42,22,1000.0,8.8,8800.0,2024-03-10
2024031005005012,NICSF,42,58,1000.0,8.77,8770.0,2024-03-10
2024031005005011,NICSF,42,22,100.0,8.7,870.0,2024-03-10
2024031001030537,SMJC,44,87,200.0,376.3,75260.0,2024-03-10
2024031001030536,RFPL,25,59,100.0,355.0,35500.0,2024-03-10
2024031004010089,JOSHI,48,45,200.0,345.0,69000.0,2024-03-10
2024031001030535,SONA,14,66,50.0,509.0,25450.0,2024-03-10
2024031003010388,NADEP,22,35,10.0,565.1,5651.0,2024-03-10
2024031005005010,CMF1,57,49,100.0,8.68,868.0,2024-03-10
2024031005005009,CMF1,57,6,4900.0,8.68,42532.0,2024-03-10
2024031001030534,ULHC,66,57,100.0,327.5,32750.0,2024-03-10
2024031001030533,NABIL,55,72,10.0,449.8,4498.0,2024-03-10
2024031004010088,GHL,28,41,600.0,153.5,92100.0,2024-03-10
2024031001030532,PRVU,8,16,10.0,147.0,1470.0,2024-03-10
2024031001030531,PRVU,36,16,39.0,147.0,5733.0,2024-03-10
2024031005005008,CIT,34,41,10.0,2116.0,21160.0,2024-03-10
2024031005005007,CIT,34,59,10.0,2116.0,21160.0,2024-03-10
2024031001030530,RNLI,26,74,10.0,444.5,4445.0,2024-03-10
2024031001030529,RNLI,26,39,10.0,444.5,4445.0,2024-03-10
2024031001030528,HATHY,71,80,22.0,939.0,20658.0,2024-03-10
2024031001030527,HATHY,71,58,22.0,939.0,20658.0,2024-03-10
2024031003010387,ALICL,16,36,50.0,565.0,28250.0,2024-03-10
2024031004010087,SHEL,51,38,10.0,215.0,2150.0,2024-03-10
2024031004010086,SHEL,50,38,100.0,215.0,21500.0,2024-03-10
2024031004010085,SHEL,50,38,50.0,215.0,10750.0,2024-03-10
2024031004010084,SHEL,32,38,20.0,215.1,4302.0,2024-03-10
2024031004010083,SHEL,14,38,20.0,215.1,4302.0,2024-03-10
2024031003010386,USLB,43,32,10.0,1319.0,13190.0,2024-03-10
2024031001030526,MEHL,8,43,10.0,301.0,3010.0,2024-03-10
2024031001030525,NICA,1,45,30.0,420.0,12600.0,2024-03-10
2024031001030524,SNLI,57,34,40.0,596.0,23840.0,2024-03-10
2024031001030523,SNLI,57,58,10.0,595.0,5950.0,2024-03-10
2024031001030522,NABIL,52,72,35.0,449.8,15743.0,2024-03-10
2024031001030521,SONA,58,34,230.0,508.0,116840.0,2024-03-10
2024031001030520,SONA,36,34,20.0,508.1,10162.0,2024-03-10
2024031001030519,SONA,34,34,250.0,508.1,127025.0,2024-03-10
2024031005005006,HRL,26,19,10.0,620.0,6200.0,2024-03-10
2024031001030518,TAMOR,45,64,13.0,398.0,5174.0,2024-03-10
2024031001030517,SGHC,94,58,10.0,314.2,3142.0,2024-03-10
2024031001030516,NABIL,58,72,10.0,449.8,4498.0,2024-03-10
2024031001030515,BNHC,32,28,30.0,475.4,14262.0,2024-03-10
2024031001030514,BNHC,32,41,10.0,475.0,4750.0,2024-03-10
2024031004010082,SICL,25,14,18.0,711.0,12798.0,2024-03-10
2024031003010385,SJLIC,49,44,40.0,489.0,19560.0,2024-03-10
2024031004010081,UPCL,52,45,47.0,216.0,10152.0,2024-03-10
2024031004010080,UPCL,51,45,1271.0,216.0,274536.0,2024-03-10
2024031003010384,CFCL,45,22,10.0,343.0,3430.0,2024-03-10
2024031003010383,PMLI,88,6,100.0,510.0,51000.0,2024-03-10
2024031003010382,PMLI,34,6,86.0,510.1,43868.6,2024-03-10
2024031003010381,PMLI,45,6,21.0,510.1,10712.1,2024-03-10
2024031003010380,PMLI,39,6,40.0,510.2,20408.0,2024-03-10
2024031003010379,PMLI,45,6,79.0,510.9,40361.1,2024-03-10
2024031003010378,PMLI,45,6,70.0,511.5,35805.0,2024-03-10
2024031001030513,CKHL,66,38,200.0,623.9,124780.0,2024-03-10
2024031001030512,MHL,39,59,180.0,400.5,72090.0,2024-03-10
2024031001030511,MHL,58,59,470.0,405.0,190350.0,2024-03-10
2024031001030510,KBL,17,56,112.0,144.0,16128.0,2024-03-10
2024031003010377,SMB,56,49,50.0,1050.0,52500.0,2024-03-10
2024031004010079,SJCL,6,16,100.0,285.0,28500.0,2024-03-10
2024031004010078,SJCL,38,16,500.0,285.0,142500.0,2024-03-10
2024031004010077,SJCL,50,16,10.0,285.3,2853.0,2024-03-10
2024031004010076,SJCL,50,16,60.0,286.0,17160.0,2024-03-10
2024031004010075,SJCL,6,16,100.0,286.0,28600.0,2024-03-10
2024031004010074,SJCL,52,16,10.0,286.2,2862.0,2024-03-10
2024031004010073,SJCL,26,16,50.0,286.3,14315.0,2024-03-10
2024031004010072,SJCL,4,16,500.0,286.3,143150.0,2024-03-10
2024031004010071,SJCL,6,16,300.0,286.3,85890.0,2024-03-10
2024031001030509,MHL,58,48,10.0,405.0,4050.0,2024-03-10
2024031001030508,PRVU,36,48,10.0,147.0,1470.0,2024-03-10
2024031005005005,NTC,16,58,120.0,859.9,103188.0,2024-03-10
2024031005005004,NTC,16,54,50.0,859.9,42995.0,2024-03-10
2024031005005003,NTC,16,21,25.0,859.9,21497.5,2024-03-10
2024031004010070,SHL,34,41,100.0,442.9,44290.0,2024-03-10
2024031001030507,NRM,53,58,10.0,407.0,4070.0,2024-03-10
2024031001030506,NWCL,11,62,11.0,775.0,8525.0,2024-03-10
2024031003010376,GLBSL,29,14,30.0,994.0,29820.0,2024-03-10
2024031003010375,GLBSL,29,47,50.0,993.0,49650.0,2024-03-10
2024031003010374,GLBSL,29,57,10.0,990.0,9900.0,2024-03-10
2024031003010373,GLBSL,29,57,10.0,989.0,9890.0,2024-03-10
2024031001030505,MCHL,32,80,20.0,341.0,6820.0,2024-03-10
2024031004010069,IGI,42,58,100.0,550.0,55000.0,2024-03-10
2024031004010068,HDHPC,43,53,24.0,143.0,3432.0,2024-03-10
2024031004010067,LEC,51,72,50.0,196.0,9800.0,2024-03-10
2024031001030504,SHIVM,67,82,50.0,537.0,26850.0,2024-03-10
2024031001030503,MHCL,42,55,10.0,472.0,4720.0,2024-03-10
2024031003010372,LBBL,34,41,30.0,386.1,11583.0,2024-03-10
2024031003010371,LBBL,22,41,20.0,386.5,7730.0,2024-03-10
2024031001030502,SHIVM,34,82,3587.0,537.0,1926219.0,2024-03-10
2024031001030501,MEL,42,62,119.0,222.0,26418.0,2024-03-10
2024031001030500,MEL,1,62,30.0,222.0,6660.0,2024-03-10
2024031001030499,MEL,55,62,330.0,222.1,73293.0,2024-03-10
2024031001030498,MEL,49,62,521.0,222.2,115766.2,2024-03-10
2024031004010066,MEN,11,32,200.0,631.8,126360.0,2024-03-10
2024031004010065,UPCL,51,38,42.0,216.0,9072.0,2024-03-10
2024031004010064,GLH,42,88,150.0,214.0,32100.0,2024-03-10
2024031003010370,SIFC,45,59,10.0,365.5,3655.0,2024-03-10
2024031004010063,JOSHI,48,14,32.0,345.0,11040.0,2024-03-10
2024031004010062,JOSHI,57,14,48.0,345.0,16560.0,2024-03-10
2024031003010369,SAPDBL,57,35,10.0,256.9,2569.0,2024-03-10
2024031004010061,SHL,57,58,100.0,442.0,44200.0,2024-03-10
2024031001030497,MEHL,8,57,19.0,301.0,5719.0,2024-03-10
2024031001030496,MKJC,29,94,150.0,499.0,74850.0,2024-03-10
2024031001030495,ILI,10,46,10.0,534.0,5340.0,2024-03-10
2024031001030494,ILI,57,46,90.0,534.8,48132.0,2024-03-10
2024031003010368,GBLBS,34,37,425.0,567.0,240975.0,2024-03-10
2024031001030493,NWCL,58,58,10.0,774.0,7740.0,2024-03-10
2024031001030492,NWCL,58,42,10.0,774.0,7740.0,2024-03-10
2024031001030491,NWCL,58,57,220.0,774.0,170280.0,2024-03-10
2024031001030490,PHCL,58,57,30.0,327.0,9810.0,2024-03-10
2024031001030489,SRLI,38,22,10.0,450.0,4500.0,2024-03-10
2024031001030488,SRLI,38,42,90.0,449.9,40491.0,2024-03-10
2024031001030487,ILI,57,32,10.0,534.8,5348.0,2024-03-10
2024031001030486,MLBS,13,21,10.0,752.0,7520.0,2024-03-10
2024031001030485,MLBS,13,19,10.0,750.0,7500.0,2024-03-10
2024031001030484,MLBS,13,6,20.0,747.0,14940.0,2024-03-10
2024031001030483,MLBS,13,47,30.0,739.9,22197.0,2024-03-10
2024031001030482,MHCL,25,57,240.0,475.0,114000.0,2024-03-10
2024031001030481,MHCL,25,41,10.0,474.0,4740.0,2024-03-10
2024031004010060,SPIL,42,62,30.0,759.9,22797.0,2024-03-10
2024031004010059,SPIL,42,35,200.0,758.9,151780.0,2024-03-10
2024031004010058,SPIL,42,35,470.0,758.9,356683.0,2024-03-10
2024031003010367,CORBL,65,34,70.0,434.0,30380.0,2024-03-10
2024031003010366,CORBL,65,55,100.0,433.0,43300.0,2024-03-10
2024031003010365,CORBL,65,41,30.0,433.0,12990.0,2024-03-10
2024031003010364,NLIC,29,43,10.0,598.0,5980.0,2024-03-10
2024031005005002,NRIC,6,21,66.0,758.7,50074.2,2024-03-10
2024031005005001,NRIC,6,43,50.0,758.6,37930.0,2024-03-10
2024031005005000,NRIC,6,34,84.0,758.0,63672.0,2024-03-10
2024031004010057,AKPL,48,85,54.0,185.6,10022.4,2024-03-10
2024031004010056,AKPL,35,85,100.0,185.6,18560.0,2024-03-10
2024031004010055,AKPL,22,85,260.0,185.6,48256.0,2024-03-10
2024031004010054,AKPL,53,85,86.0,185.6,15961.6,2024-03-10
2024031004010053,HURJA,46,57,50.0,301.1,15055.0,2024-03-10
2024031003010363,NICLBSL,56,66,200.0,577.0,115400.0,2024-03-10
2024031001030480,MHL,59,1,10.0,407.0,4070.0,2024-03-10
2024031001030479,MHL,59,11,10.0,406.0,4060.0,2024-03-10
2024031001030478,MHL,59,58,10.0,406.0,4060.0,2024-03-10
2024031001030477,MHL,59,48,10.0,406.0,4060.0,2024-03-10
2024031001030476,MHL,59,53,55.0,406.0,22330.0,2024-03-10
2024031003010362,CORBL,1,55,100.0,432.0,43200.0,2024-03-10
2024031003010361,MPFL,48,57,100.0,365.0,36500.0,2024-03-10
2024031001030475,SMJC,58,60,40.0,377.0,15080.0,2024-03-10
2024031001030474,SMJC,20,60,100.0,377.0,37700.0,2024-03-10
2024031001030473,BNT,10,19,10.0,14384.0,143840.0,2024-03-10
2024031004010052,CGH,22,87,20.0,827.0,16540.0,2024-03-10
2024031001030472,TVCL,58,39,10.0,535.0,5350.0,2024-03-10
2024031001030471,TVCL,28,38,90.0,531.1,47799.0,2024-03-10
2024031001030470,TVCL,47,38,10.0,534.0,5340.0,2024-03-10
2024031004010051,BARUN,17,45,11.0,252.8,2780.8,2024-03-10
2024031004010050,BARUN,17,58,10.0,252.0,2520.0,2024-03-10
2024031001030469,SMHL,44,17,190.0,448.0,85120.0,2024-03-10
2024031001030468,SMHL,58,17,100.0,448.2,44820.0,2024-03-10
2024031001030467,SMHL,70,17,110.0,448.2,49302.0,2024-03-10
2024031001030466,BHL,70,54,10.0,355.0,3550.0,2024-03-10
2024031003010360,CORBL,1,14,500.0,432.0,216000.0,2024-03-10
2024031001030465,BHPL,6,59,40.0,495.0,19800.0,2024-03-10
2024031001030464,BHPL,19,59,20.0,495.0,9900.0,2024-03-10
2024031001030463,SHIVM,71,82,241.0,537.0,129417.0,2024-03-10
2024031003010359,SIFC,34,59,10.0,365.5,3655.0,2024-03-10
2024031005004999,HIDCL,38,6,263.0,177.0,46551.0,2024-03-10
2024031005004998,HIDCL,38,32,30.0,177.0,5310.0,2024-03-10
2024031005004997,HIDCL,38,50,100.0,177.0,17700.0,2024-03-10
2024031005004996,HIDCL,38,34,140.0,177.0,24780.0,2024-03-10
2024031005004995,HIDCL,38,21,210.0,177.0,37170.0,2024-03-10
2024031005004994,HIDCL,38,50,27.0,177.0,4779.0,2024-03-10
2024031005004993,HIDCL,38,56,230.0,176.8,40664.0,2024-03-10
2024031001030462,NIMB,58,54,50.0,164.0,8200.0,2024-03-10
2024031001030461,MEHL,8,17,10.0,301.0,3010.0,2024-03-10
2024031004010049,API,93,6,10.0,188.0,1880.0,2024-03-10
2024031001030460,GCIL,70,65,300.0,545.0,163500.0,2024-03-10
2024031001030459,GCIL,56,65,200.0,545.1,109020.0,2024-03-10
2024031003010358,ICFC,35,42,10.0,490.1,4901.0,2024-03-10
2024031003010357,SMB,8,49,10.0,1050.0,10500.0,2024-03-10
2024031001030458,HIDCLP,50,43,50.0,101.5,5075.0,2024-03-10
2024031001030457,HIDCLP,35,43,39.0,101.5,3958.5,2024-03-10
2024031001030456,HIDCLP,34,43,20.0,101.5,2030.0,2024-03-10
2024031001030455,MCHL,45,80,16.0,341.0,5456.0,2024-03-10
2024031001030454,MCHL,45,36,10.0,340.0,3400.0,2024-03-10
2024031001030453,MEL,49,4,20.0,222.2,4444.0,2024-03-10
2024031001030452,CLI,80,55,198.0,458.9,90862.2,2024-03-10
2024031001030451,MBL,55,39,270.0,181.8,49086.0,2024-03-10
2024031001030450,MBL,55,39,1730.0,181.7,314341.0,2024-03-10
2024031001030449,SONA,48,66,10.0,509.0,5090.0,2024-03-10
2024031004010048,SGIC,25,26,54.0,537.0,28998.0,2024-03-10
2024031004010047,SGIC,38,26,10.0,537.1,5371.0,2024-03-10
2024031003010356,MMFDB,10,55,10.0,554.0,5540.0,2024-03-10
2024031004010046,JOSHI,57,58,52.0,345.0,17940.0,2024-03-10
2024031004010045,JOSHI,42,58,152.0,345.0,52440.0,2024-03-10
2024031004010044,JOSHI,1,58,196.0,345.0,67620.0,2024-03-10
2024031001030448,SONA,34,49,10.0,508.1,5081.0,2024-03-10
2024031001030447,RNLI,49,49,10.0,444.1,4441.0,2024-03-10
2024031003010355,NFS,42,49,10.0,362.0,3620.0,2024-03-10
2024031001030446,BEDC,51,58,10.0,363.0,3630.0,2024-03-10
2024031001030445,SONA,57,66,10.0,509.0,5090.0,2024-03-10
2024031004010043,JOSHI,41,26,500.0,346.0,173000.0,2024-03-10
2024031001030444,SHIVM,32,82,100.0,537.0,53700.0,2024-03-10
2024031001030443,SHIVM,71,82,100.0,537.0,53700.0,2024-03-10
2024031001030442,SHIVM,13,82,100.0,537.0,53700.0,2024-03-10
2024031001030441,SHIVM,42,82,189.0,537.0,101493.0,2024-03-10
2024031001030440,SHIVM,45,82,300.0,537.0,161100.0,2024-03-10
2024031001030439,SHIVM,58,82,100.0,537.0,53700.0,2024-03-10
2024031001030438,SHIVM,42,82,150.0,537.0,80550.0,2024-03-10
2024031001030437,SHIVM,50,82,100.0,537.0,53700.0,2024-03-10
2024031001030436,SHIVM,33,82,200.0,537.0,107400.0,2024-03-10
2024031001030435,SHIVM,41,82,100.0,537.0,53700.0,2024-03-10
2024031001030434,SHIVM,56,82,170.0,537.1,91307.0,2024-03-10
2024031001030433,SHIVM,32,82,20.0,537.1,10742.0,2024-03-10
2024031001030432,SHIVM,42,82,400.0,537.1,214840.0,2024-03-10
2024031001030431,SHIVM,76,82,100.0,537.1,53710.0,2024-03-10
2024031001030430,SHIVM,65,82,100.0,537.2,53720.0,2024-03-10
2024031001030429,HDL,10,6,22.0,1530.0,33660.0,2024-03-10
2024031001030428,HDL,10,11,16.0,1530.0,24480.0,2024-03-10
2024031004010042,UNHPL,5,58,894.0,255.0,227970.0,2024-03-10
2024031004010041,NHPC,32,43,100.0,162.5,16250.0,2024-03-10
2024031001030427,HDL,34,11,10.0,1530.0,15300.0,2024-03-10
2024031001030426,SMJC,49,49,40.0,377.0,15080.0,2024-03-10
2024031001030425,CLI,41,42,150.0,459.0,68850.0,2024-03-10
2024031001030424,SPHL,57,55,100.0,475.0,47500.0,2024-03-10
2024031001030423,SPHL,45,55,50.0,475.0,23750.0,2024-03-10
2024031001030422,PHCL,55,57,50.0,327.0,16350.0,2024-03-10
2024031003010354,GFCL,42,59,400.0,443.4,177360.0,2024-03-10
2024031003010353,GFCL,51,59,100.0,443.4,44340.0,2024-03-10
2024031001030421,NYADI,52,49,10.0,310.0,3100.0,2024-03-10
2024031003010352,SJLIC,43,71,190.0,486.4,92416.0,2024-03-10
2024031003010351,SJLIC,40,71,10.0,488.0,4880.0,2024-03-10
2024031001030420,SMHL,62,20,10.0,450.0,4500.0,2024-03-10
2024031001030419,NRM,45,72,250.0,406.0,101500.0,2024-03-10
2024031004010040,CGH,40,87,10.0,827.0,8270.0,2024-03-10
2024031004010039,CGH,22,87,10.0,827.0,8270.0,2024-03-10
2024031005004992,HIDCL,38,43,1000.0,176.7,176700.0,2024-03-10
2024031005004991,HRL,82,42,100.0,619.0,61900.0,2024-03-10
2024031001030418,ILI,45,51,90.0,535.0,48150.0,2024-03-10
2024031001030417,ILI,45,55,10.0,534.9,5349.0,2024-03-10
2024031001030416,ILI,45,45,10.0,534.9,5349.0,2024-03-10
2024031001030415,ILI,45,49,10.0,534.9,5349.0,2024-03-10
2024031001030414,ILI,45,49,10.0,534.9,5349.0,2024-03-10
2024031001030413,ILI,45,49,10.0,534.9,5349.0,2024-03-10
2024031001030412,ILI,45,49,10.0,534.9,5349.0,2024-03-10
2024031001030411,ILI,45,49,10.0,534.9,5349.0,2024-03-10
2024031001030410,ILI,45,49,10.0,534.9,5349.0,2024-03-10
2024031001030409,ILI,45,49,10.0,534.9,5349.0,2024-03-10
2024031001030408,ILI,45,49,10.0,534.9,5349.0,2024-03-10
2024031001030407,ILI,45,49,10.0,534.9,5349.0,2024-03-10
2024031001030406,ILI,45,32,100.0,534.9,53490.0,2024-03-10
2024031005004990,STC,51,58,10.0,5200.0,52000.0,2024-03-10
2024031001030405,SHIVM,81,45,50.0,538.0,26900.0,2024-03-10
2024031001030404,SHIVM,81,14,25.0,538.0,13450.0,2024-03-10
2024031001030403,SHIVM,81,88,800.0,538.0,430400.0,2024-03-10
2024031001030402,SHIVM,81,62,125.0,537.9,67237.5,2024-03-10
2024031003010350,SFCL,35,51,20.0,315.0,6300.0,2024-03-10
2024031003010349,SFCL,35,22,30.0,315.0,9450.0,2024-03-10
2024031001030401,CYCL,77,57,20.0,1380.9,27618.0,2024-03-10
2024031001030400,CYCL,62,57,20.0,1381.6,27632.0,2024-03-10
2024031001030399,CYCL,62,57,30.0,1383.1,41493.0,2024-03-10
2024031001030398,CYCL,62,57,20.0,1384.1,27682.0,2024-03-10
2024031001030397,CYCL,62,57,30.0,1385.1,41553.0,2024-03-10
2024031001030396,CYCL,77,57,20.0,1385.9,27718.0,2024-03-10
2024031001030395,CYCL,77,57,30.0,1386.9,41607.0,2024-03-10
2024031001030394,CYCL,5,57,80.0,1390.0,111200.0,2024-03-10
2024031001030393,MEHL,47,58,100.0,302.0,30200.0,2024-03-10
2024031001030392,MKHC,5,19,10.0,303.0,3030.0,2024-03-10
2024031001030391,MKHC,5,52,10.0,302.5,3025.0,2024-03-10
2024031001030390,MKHC,5,7,10.0,302.1,3021.0,2024-03-10
2024031001030389,SBL,16,33,199.0,225.0,44775.0,2024-03-10
2024031001030388,SBL,42,33,10.0,225.0,2250.0,2024-03-10
2024031005004989,HRL,82,38,30.0,619.0,18570.0,2024-03-10
2024031003010348,GUFL,41,33,100.0,671.0,67100.0,2024-03-10
2024031003010347,GUFL,22,33,500.0,671.1,335550.0,2024-03-10
2024031001030387,SNLI,58,38,10.0,594.0,5940.0,2024-03-10
2024031001030386,CLI,80,49,21.0,458.9,9636.9,2024-03-10
2024031001030385,HDL,45,11,40.0,1530.0,61200.0,2024-03-10
2024031004010038,HDHPC,45,53,142.0,143.0,20306.0,2024-03-10
2024031004010037,PPCL,41,45,85.0,258.6,21981.0,2024-03-10
2024031003010346,GUFL,34,74,90.0,672.0,60480.0,2024-03-10
2024031003010345,GUFL,34,7,110.0,672.0,73920.0,2024-03-10
2024031003010344,GUFL,34,6,100.0,671.9,67190.0,2024-03-10
2024031003010343,CBBL,37,34,73.0,844.1,61619.3,2024-03-10
2024031003010342,CBBL,16,34,27.0,845.0,22815.0,2024-03-10
2024031001030384,MBJC,6,32,30.0,324.0,9720.0,2024-03-10
2024031001030383,MKHL,14,94,500.0,374.0,187000.0,2024-03-10
2024031001030382,TVCL,45,85,130.0,531.0,69030.0,2024-03-10
2024031001030381,TVCL,33,85,80.0,531.0,42480.0,2024-03-10
2024031001030380,TVCL,28,85,300.0,531.1,159330.0,2024-03-10
2024031001030379,TVCL,40,85,30.0,532.0,15960.0,2024-03-10
2024031004010036,NHPC,19,43,20.0,162.5,3250.0,2024-03-10
2024031004010035,NGPL,43,35,1500.0,305.1,457650.0,2024-03-10
2024031005004988,HRL,82,57,10.0,619.0,6190.0,2024-03-10
2024031001030378,SGHC,28,26,25.0,317.0,7925.0,2024-03-10
2024031001030377,SGHC,28,25,10.0,316.8,3168.0,2024-03-10
2024031001030376,SGHC,28,32,120.0,316.8,38016.0,2024-03-10
2024031001030375,SGHC,28,51,10.0,316.0,3160.0,2024-03-10
2024031001030374,EHPL,18,5,10.0,451.0,4510.0,2024-03-10
2024031005004987,NRN,59,39,200.0,562.2,112440.0,2024-03-10
2024031001030373,MEHL,38,58,10.0,302.0,3020.0,2024-03-10
2024031004010034,AKPL,54,17,10.0,185.9,1859.0,2024-03-10
2024031005004986,HRL,82,58,200.0,619.0,123800.0,2024-03-10
2024031004010033,NGPL,43,18,71.0,305.1,21662.1,2024-03-10
2024031001030372,RNLI,49,43,10.0,444.1,4441.0,2024-03-10
2024031001030371,NICA,45,45,21.0,420.0,8820.0,2024-03-10
2024031001030370,MHCL,8,45,87.0,471.0,40977.0,2024-03-10
2024031001030369,MHCL,10,45,1000.0,471.1,471100.0,2024-03-10
2024031001030368,MHCL,3,45,100.0,471.5,47150.0,2024-03-10
2024031001030367,MHCL,42,45,200.0,471.5,94300.0,2024-03-10
2024031001030366,MHCL,7,45,50.0,471.5,23575.0,2024-03-10
2024031001030365,MHCL,26,45,15.0,471.5,7072.5,2024-03-10
2024031001030364,MHCL,38,45,35.0,472.0,16520.0,2024-03-10
2024031001030363,NMB,45,38,20.0,183.7,3674.0,2024-03-10
2024031001030362,NRM,45,34,167.0,406.0,67802.0,2024-03-10
2024031001030361,NRM,6,34,28.0,407.0,11396.0,2024-03-10
2024031005004985,HRL,82,48,10.0,619.0,6190.0,2024-03-10
2024031005004984,HRL,82,58,20.0,619.0,12380.0,2024-03-10
2024031005004983,HRL,82,14,200.0,619.0,123800.0,2024-03-10
2024031001030360,PCBL,57,39,348.0,195.0,67860.0,2024-03-10
2024031001030359,PCBL,57,59,100.0,194.9,19490.0,2024-03-10
2024031001030358,PCBL,57,7,52.0,194.5,10114.0,2024-03-10
2024031001030357,TVCL,57,58,10.0,535.0,5350.0,2024-03-10
2024031005004982,HRL,39,16,10.0,618.2,6182.0,2024-03-10
2024031003010341,MSLB,44,14,20.0,920.0,18400.0,2024-03-10
2024031003010340,MSLB,44,18,61.0,920.0,56120.0,2024-03-10
2024031001030356,PRVU,36,51,10.0,147.0,1470.0,2024-03-10
2024031001030355,PRVU,36,33,11.0,147.0,1617.0,2024-03-10
2024031003010339,VLBS,3,42,10.0,641.0,6410.0,2024-03-10
2024031001030354,ILI,57,5,200.0,534.8,106960.0,2024-03-10
2024031003010338,JBBL,35,38,29.0,298.0,8642.0,2024-03-10
2024031003010337,JBBL,20,38,300.0,298.0,89400.0,2024-03-10
2024031003010336,JBBL,4,38,126.0,298.0,37548.0,2024-03-10
2024031001030353,CLI,80,58,10.0,458.9,4589.0,2024-03-10
2024031001030352,SMJC,49,49,10.0,377.0,3770.0,2024-03-10
2024031004010032,BPCL,42,56,66.0,312.0,20592.0,2024-03-10
2024031003010335,NLBBL,45,45,10.0,554.9,5549.0,2024-03-10
2024031004010031,SHL,6,58,100.0,442.0,44200.0,2024-03-10
2024031004010030,API,47,6,150.0,188.0,28200.0,2024-03-10
2024031001030351,ILI,57,41,50.0,534.8,26740.0,2024-03-10
2024031001030350,RFPL,62,59,100.0,355.1,35510.0,2024-03-10
2024031001030349,DOLTI,42,16,640.0,414.0,264960.0,2024-03-10
2024031001030348,HATHY,33,86,601.0,936.0,562536.0,2024-03-10
2024031001030347,HATHY,58,86,200.0,936.0,187200.0,2024-03-10
2024031001030346,HATHY,81,86,50.0,936.1,46805.0,2024-03-10
2024031001030345,HATHY,19,86,180.0,936.2,168516.0,2024-03-10
2024031001030344,HATHY,81,86,69.0,939.0,64791.0,2024-03-10
2024031005004981,HRL,10,14,10.0,619.0,6190.0,2024-03-10
2024031003010334,SLBBL,33,36,50.0,653.1,32655.0,2024-03-10
2024031001030343,ULHC,66,62,150.0,327.5,49125.0,2024-03-10
2024031003010333,NABBC,42,39,76.0,406.0,30856.0,2024-03-10
2024031003010332,NABBC,28,39,74.0,406.0,30044.0,2024-03-10
2024031001030342,MHCL,38,4,65.0,472.0,30680.0,2024-03-10
2024031004010029,RIDI,43,33,10.0,194.0,1940.0,2024-03-10
2024031003010331,MNBBL,49,25,145.0,356.0,51620.0,2024-03-10
2024031005004980,CIT,49,36,10.0,2115.0,21150.0,2024-03-10
2024031004010028,SPIL,42,35,30.0,758.9,22767.0,2024-03-10
2024031004010027,SPIL,42,62,100.0,758.9,75890.0,2024-03-10
2024031004010026,SPIL,42,63,100.0,758.8,75880.0,2024-03-10
2024031004010025,SPIL,42,63,100.0,758.7,75870.0,2024-03-10
2024031004010024,SPIL,42,8,100.0,758.0,75800.0,2024-03-10
2024031004010023,SPIL,42,5,10.0,758.0,7580.0,2024-03-10
2024031004010022,SPIL,42,17,60.0,757.9,45474.0,2024-03-10
2024031001030341,JBLB,57,42,28.0,1312.0,36736.0,2024-03-10
2024031003010330,JBBL,4,49,100.0,298.0,29800.0,2024-03-10
2024031001030340,ILI,10,58,10.0,534.0,5340.0,2024-03-10
2024031001030339,USHEC,51,54,10.0,371.0,3710.0,2024-03-10
2024031004010021,AKJCL,55,6,722.0,226.0,163172.0,2024-03-10
2024031004010020,AKJCL,1,6,200.0,226.0,45200.0,2024-03-10
2024031004010019,AKJCL,59,6,30.0,226.0,6780.0,2024-03-10
2024031004010018,AKJCL,26,6,100.0,226.1,22610.0,2024-03-10
2024031004010017,AKJCL,40,6,400.0,226.1,90440.0,2024-03-10
2024031004010016,AKJCL,17,6,100.0,226.3,22630.0,2024-03-10
2024031004010015,AKJCL,22,6,100.0,226.3,22630.0,2024-03-10
2024031004010014,AKJCL,42,6,348.0,226.5,78822.0,2024-03-10
2024031003010329,USLB,34,58,10.0,1324.9,13249.0,2024-03-10
2024031001030338,SONA,34,35,10.0,508.1,5081.0,2024-03-10
2024031003010328,HLBSL,77,35,100.0,603.2,60320.0,2024-03-10
2024031003010327,GUFL,41,41,100.0,671.0,67100.0,2024-03-10
2024031004010013,HDHPC,28,53,70.0,143.0,10010.0,2024-03-10
2024031004010012,GHL,25,41,200.0,153.5,30700.0,2024-03-10
2024031001030337,CYCL,62,6,10.0,1400.0,14000.0,2024-03-10
2024031001030336,CYCL,62,8,10.0,1400.0,14000.0,2024-03-10
2024031001030335,CYCL,62,34,13.0,1400.0,18200.0,2024-03-10
2024031001030334,CYCL,62,35,10.0,1400.0,14000.0,2024-03-10
2024031001030333,CYCL,62,49,13.0,1400.0,18200.0,2024-03-10
2024031001030332,CYCL,62,56,22.0,1399.9,30797.8,2024-03-10
2024031001030331,CYCL,62,64,30.0,1399.8,41994.0,2024-03-10
2024031001030330,CYCL,62,33,23.0,1399.0,32177.0,2024-03-10
2024031001030329,CYCL,62,7,19.0,1394.1,26487.9,2024-03-10
2024031003010326,FMDBL,34,32,60.0,615.0,36900.0,2024-03-10
2024031001030328,TAMOR,75,38,500.0,399.2,199600.0,2024-03-10
2024031001030327,NABIL,6,54,25.0,449.2,11230.0,2024-03-10
2024031003010325,EDBL,21,38,10.0,358.5,3585.0,2024-03-10
2024031001030326,CLI,80,1,10.0,458.9,4589.0,2024-03-10
2024031003010324,SMB,8,42,10.0,1050.0,10500.0,2024-03-10
2024031001030325,ILI,10,58,10.0,534.0,5340.0,2024-03-10
2024031003010323,JFL,58,8,155.0,371.0,57505.0,2024-03-10
2024031003010322,JFL,58,45,100.0,370.5,37050.0,2024-03-10
2024031003010321,CFCL,19,58,90.0,340.0,30600.0,2024-03-10
2024031004010011,KKHC,34,34,10.0,247.9,2479.0,2024-03-10
2024031004010010,NHDL,41,49,10.0,434.0,4340.0,2024-03-10
2024031003010320,NLICL,52,57,50.0,565.0,28250.0,2024-03-10
2024031004010009,JOSHI,35,26,25.0,346.0,8650.0,2024-03-10
2024031004010008,JOSHI,1,26,443.0,346.0,153278.0,2024-03-10
2024031004010007,UAIL,44,11,854.0,550.0,469700.0,2024-03-10
2024031004010006,UAIL,44,35,135.0,550.0,74250.0,2024-03-10
2024031004010005,UAIL,44,45,1000.0,550.0,550000.0,2024-03-10
2024031004010004,UAIL,44,38,37.0,549.0,20313.0,2024-03-10
2024031004010003,UAIL,44,49,10.0,549.0,5490.0,2024-03-10
2024031004010002,UAIL,44,35,43.0,548.0,23564.0,2024-03-10
2024031004010001,UAIL,44,45,421.0,548.0,230708.0,2024-03-10
2024031001030324,KDL,26,21,305.0,796.0,242780.0,2024-03-10
2024031001030323,NBL,26,71,796.0,223.0,177508.0,2024-03-10
2024031001030322,NBL,26,42,20.0,222.9,4458.0,2024-03-10
2024031003010319,GLBSL,29,17,100.0,985.0,98500.0,2024-03-10
2024031003010318,GMFIL,32,90,10.0,357.0,3570.0,2024-03-10
2024031001030321,ILI,50,41,50.0,534.8,26740.0,2024-03-10
2024031003010317,GFCL,58,59,10.0,447.0,4470.0,2024-03-10
2024031001030320,MKHL,34,94,20.0,374.0,7480.0,2024-03-10
2024031001030319,MKHL,34,59,10.0,373.0,3730.0,2024-03-10
2024031001030318,MKHL,34,58,10.0,372.0,3720.0,2024-03-10
2024031001030317,MKHL,34,21,10.0,372.0,3720.0,2024-03-10
2024031004010000,MEN,48,32,97.0,631.8,61284.6,2024-03-10
2024031004009999,MEN,48,34,103.0,631.7,65065.1,2024-03-10
2024031001030316,GCIL,57,85,90.0,547.0,49230.0,2024-03-10
2024031001030315,GCIL,57,42,90.0,547.0,49230.0,2024-03-10
2024031001030314,GCIL,57,7,20.0,546.0,10920.0,2024-03-10
2024031005004979,NIFRA,1,26,64.0,211.7,13548.8,2024-03-10
2024031004009998,JOSHI,53,42,200.0,347.0,69400.0,2024-03-10
2024031001030313,MKCL,29,42,10.0,951.0,9510.0,2024-03-10
2024031004009997,GHL,6,39,36.0,153.0,5508.0,2024-03-10
2024031004009996,GHL,29,39,500.0,153.1,76550.0,2024-03-10
2024031001030312,CZBIL,26,39,100.0,164.2,16420.0,2024-03-10
2024031001030311,EBL,57,45,50.0,512.0,25600.0,2024-03-10
2024031001030310,EBL,42,45,20.0,512.3,10246.0,2024-03-10
2024031001030309,EBL,52,45,30.0,512.3,15369.0,2024-03-10
2024031001030308,SPC,54,51,35.0,585.3,20485.5,2024-03-10
2024031001030307,SMH,34,67,100.0,673.1,67310.0,2024-03-10
2024031001030306,SPC,54,35,65.0,585.3,38044.5,2024-03-10
2024031001030305,SPC,52,35,15.0,585.4,8781.0,2024-03-10
2024031004009995,JOSHI,1,34,150.0,346.0,51900.0,2024-03-10
2024031005004978,CMF1,57,6,100.0,8.68,868.0,2024-03-10
2024031004009994,MEN,43,71,19.0,631.1,11990.9,2024-03-10
2024031003010316,JBBL,4,44,74.0,298.0,22052.0,2024-03-10
2024031003010315,JBBL,45,44,10.0,298.0,2980.0,2024-03-10
2024031004009993,BPCL,36,56,20.0,312.0,6240.0,2024-03-10
2024031005004977,HRL,39,11,10.0,618.2,6182.0,2024-03-10
2024031005004976,HRL,63,14,290.0,619.0,179510.0,2024-03-10
2024031005004975,HRL,63,1,10.0,619.0,6190.0,2024-03-10
2024031003010314,SJLIC,32,44,81.0,489.0,39609.0,2024-03-10
2024031003010313,SJLIC,32,36,19.0,488.0,9272.0,2024-03-10
2024031004009992,RHPL,28,43,90.0,288.9,26001.0,2024-03-10
2024031001030304,NIMB,58,1,842.0,164.0,138088.0,2024-03-10
2024031001030303,NIMB,45,1,258.0,164.1,42337.8,2024-03-10
2024031001030302,SBL,42,58,10.0,226.0,2260.0,2024-03-10
2024031001030301,ADBL,6,58,14.0,231.0,3234.0,2024-03-10
2024031004009991,NGPL,32,48,170.0,304.0,51680.0,2024-03-10
2024031004009990,NGPL,45,48,30.0,304.0,9120.0,2024-03-10
2024031004009989,NGPL,54,48,100.0,304.1,30410.0,2024-03-10
2024031003010312,LBBL,44,59,20.0,387.0,7740.0,2024-03-10
2024031001030300,RFPL,62,57,200.0,354.6,70920.0,2024-03-10
2024031001030299,RFPL,62,57,200.0,354.7,70940.0,2024-03-10
2024031001030298,RFPL,56,57,105.0,354.7,37243.5,2024-03-10
2024031001030297,RFPL,62,57,200.0,354.8,70960.0,2024-03-10
2024031001030296,RFPL,26,57,190.0,355.0,67450.0,2024-03-10
2024031004009988,AKJCL,42,57,200.0,226.5,45300.0,2024-03-10
2024031003010311,GUFL,75,7,10.0,672.0,6720.0,2024-03-10
2024031004009987,GHL,17,41,116.0,153.5,17806.0,2024-03-10
2024031004009986,CHCL,49,58,50.0,474.1,23705.0,2024-03-10
2024031001030295,NRM,6,42,10.0,407.0,4070.0,2024-03-10
2024031001030294,KDL,45,21,25.0,796.0,19900.0,2024-03-10
2024031001030293,MBJC,45,32,60.0,324.0,19440.0,2024-03-10
2024031001030292,SPL,51,49,10.0,664.0,6640.0,2024-03-10
2024031004009985,BPCL,58,56,10.0,312.0,3120.0,2024-03-10
2024031004009984,BPCL,51,56,30.0,312.0,9360.0,2024-03-10
2024031004009983,BPCL,56,56,23.0,312.0,7176.0,2024-03-10
2024031004009982,BPCL,34,56,83.0,312.0,25896.0,2024-03-10
2024031003010310,GUFL,41,16,1000.0,671.0,671000.0,2024-03-10
2024031001030291,ADBL,57,21,15.0,231.2,3468.0,2024-03-10
2024031003010309,PFL,35,13,484.0,367.1,177676.4,2024-03-10
2024031001030290,GCIL,70,39,500.0,545.0,272500.0,2024-03-10
2024031001030289,MKHL,20,33,515.0,370.5,190807.5,2024-03-10
2024031001030288,MKHL,10,33,105.0,370.6,38913.0,2024-03-10
2024031001030287,MKHL,48,33,100.0,370.7,37070.0,2024-03-10
2024031001030286,MKHL,58,33,30.0,370.8,11124.0,2024-03-10
2024031001030285,MKHL,34,33,200.0,371.0,74200.0,2024-03-10
2024031001030284,MKHL,42,33,10.0,371.0,3710.0,2024-03-10
2024031001030283,MKHL,48,33,40.0,371.1,14844.0,2024-03-10
2024031005004974,HRL,39,49,10.0,618.2,6182.0,2024-03-10
2024031001030282,HATHY,81,82,31.0,937.0,29047.0,2024-03-10
2024031001030281,RFPL,26,45,10.0,355.0,3550.0,2024-03-10
2024031005004973,NRIC,6,34,486.0,758.0,368388.0,2024-03-10
2024031005004972,NRIC,6,49,19.0,754.0,14326.0,2024-03-10
2024031005004971,NRIC,6,17,40.0,754.0,30160.0,2024-03-10
2024031005004970,NRIC,6,34,100.0,752.0,75200.0,2024-03-10
2024031005004969,NRIC,6,44,25.0,752.0,18800.0,2024-03-10
2024031005004968,NRIC,6,7,59.0,752.0,44368.0,2024-03-10
2024031005004967,NRIC,6,42,271.0,752.0,203792.0,2024-03-10
2024031004009981,LEC,58,72,50.0,196.0,9800.0,2024-03-10
2024031005004966,HRL,39,58,10.0,618.2,6182.0,2024-03-10
2024031003010308,GBBL,75,25,29.0,371.0,10759.0,2024-03-10
2024031001030280,MKCL,14,32,750.0,946.0,709500.0,2024-03-10
2024031001030279,MKCL,33,32,100.0,947.1,94710.0,2024-03-10
2024031001030278,MKCL,41,32,50.0,947.2,47360.0,2024-03-10
2024031001030277,MKCL,57,32,50.0,948.0,47400.0,2024-03-10
2024031001030276,MKCL,41,32,10.0,948.0,9480.0,2024-03-10
2024031001030275,MKCL,34,32,20.0,950.0,19000.0,2024-03-10
2024031001030274,MKCL,14,32,20.0,950.0,19000.0,2024-03-10
2024031001030273,EHPL,18,45,10.0,451.0,4510.0,2024-03-10
2024031001030272,NICA,81,45,1000.0,420.0,420000.0,2024-03-10
2024031001030271,NICA,55,45,175.0,420.0,73500.0,2024-03-10
2024031001030270,NICA,14,45,20.0,420.0,8400.0,2024-03-10
2024031001030269,NICA,17,45,113.0,420.0,47460.0,2024-03-10
2024031001030268,NICA,7,45,330.0,420.1,138633.0,2024-03-10
2024031001030267,NICA,84,45,60.0,420.1,25206.0,2024-03-10
2024031001030266,CLI,80,34,200.0,458.9,91780.0,2024-03-10
2024031001030265,CLI,80,20,10.0,458.8,4588.0,2024-03-10
2024031001030264,CLI,80,34,100.0,458.7,45870.0,2024-03-10
2024031001030263,CLI,80,35,10.0,458.0,4580.0,2024-03-10
2024031001030262,CLI,80,59,52.0,458.0,23816.0,2024-03-10
2024031001030261,CLI,80,40,10.0,458.0,4580.0,2024-03-10
2024031001030260,CLI,80,40,10.0,458.0,4580.0,2024-03-10
2024031001030259,CLI,80,34,325.0,458.0,148850.0,2024-03-10
2024031001030258,CLI,80,55,24.0,458.0,10992.0,2024-03-10
2024031001030257,CLI,80,52,20.0,457.9,9158.0,2024-03-10
2024031001030256,ULHC,66,55,10.0,327.5,3275.0,2024-03-10
2024031001030255,NIMB,58,41,25.0,164.4,4110.0,2024-03-10
2024031001030254,NABIL,58,14,197.0,449.9,88630.3,2024-03-10
2024031001030253,NABIL,58,28,23.0,449.9,10347.7,2024-03-10
2024031004009980,NIL,28,59,70.0,809.0,56630.0,2024-03-10
2024031005004965,NTC,57,21,20.0,859.9,17198.0,2024-03-10
2024031001030252,TVCL,40,64,10.0,532.0,5320.0,2024-03-10
2024031001030251,JBLB,22,32,20.0,1314.0,26280.0,2024-03-10
2024031001030250,MEL,49,22,459.0,222.2,101989.8,2024-03-10
2024031001030249,MEL,19,22,160.0,222.2,35552.0,2024-03-10
2024031001030248,MEL,45,22,81.0,222.5,18022.5,2024-03-10
2024031001030247,MEL,57,22,300.0,222.5,66750.0,2024-03-10
2024031003010307,PROFL,22,4,100.0,314.0,31400.0,2024-03-10
2024031003010306,MLBSL,5,45,10.0,1700.0,17000.0,2024-03-10
2024031001030246,SANIMA,65,33,143.0,242.0,34606.0,2024-03-10
2024031001030245,SANIMA,49,33,200.0,242.1,48420.0,2024-03-10
2024031001030244,SANIMA,42,33,38.0,242.1,9199.8,2024-03-10
2024031001030243,SANIMA,4,33,200.0,242.1,48420.0,2024-03-10
2024031001030242,SANIMA,36,33,93.0,242.1,22515.3,2024-03-10
2024031001030241,SANIMA,6,33,100.0,242.2,24220.0,2024-03-10
2024031001030240,SANIMA,67,33,30.0,242.3,7269.0,2024-03-10
2024031001030239,SANIMA,45,33,300.0,242.3,72690.0,2024-03-10
2024031001030238,SANIMA,65,33,500.0,242.3,121150.0,2024-03-10
2024031001030237,SANIMA,16,33,400.0,242.4,96960.0,2024-03-10
2024031001030236,SANIMA,62,33,40.0,242.4,9696.0,2024-03-10
2024031001030235,SANIMA,59,33,200.0,242.5,48500.0,2024-03-10
2024031005004964,HIDCL,1,56,100.0,176.8,17680.0,2024-03-10
2024031001030234,CYCL,66,33,10.0,1399.0,13990.0,2024-03-10
2024031004009979,SPIL,42,17,440.0,757.9,333476.0,2024-03-10
2024031004009978,SPIL,42,54,300.0,757.0,227100.0,2024-03-10
2024031004009977,SPIL,42,33,40.0,757.0,30280.0,2024-03-10
2024031004009976,SPIL,42,42,200.0,756.9,151380.0,2024-03-10
2024031004009975,SPIL,42,17,20.0,756.8,15136.0,2024-03-10
2024031005004963,NRIC,42,44,11.0,750.4,8254.4,2024-03-10
2024031003010305,NLBBL,45,19,22.0,553.0,12166.0,2024-03-10
2024031001030233,MHCL,47,4,130.0,472.0,61360.0,2024-03-10
2024031004009974,UAIL,41,45,46.0,548.0,25208.0,2024-03-10
2024031005004962,NIFRA,1,58,21.0,211.7,4445.7,2024-03-10
2024031003010304,CBBL,58,34,20.0,846.5,16930.0,2024-03-10
2024031001030232,VLUCL,28,46,50.0,533.0,26650.0,2024-03-10
2024031001030231,VLUCL,8,46,200.0,533.0,106600.0,2024-03-10
2024031001030230,VLUCL,35,46,40.0,533.1,21324.0,2024-03-10
2024031001030229,VLUCL,42,46,90.0,533.1,47979.0,2024-03-10
2024031001030228,VLUCL,57,46,85.0,533.2,45322.0,2024-03-10
2024031005004961,NIFRA,34,52,40.0,212.0,8480.0,2024-03-10
2024031004009973,SHPC,85,36,50.0,346.1,17305.0,2024-03-10
2024031004009972,JOSHI,1,25,40.0,346.0,13840.0,2024-03-10
2024031001030227,TAMOR,75,22,500.0,398.0,199000.0,2024-03-10
2024031001030226,TAMOR,34,22,100.0,398.0,39800.0,2024-03-10
2024031001030225,TAMOR,38,22,150.0,398.1,59715.0,2024-03-10
2024031001030224,TAMOR,45,22,10.0,398.2,3982.0,2024-03-10
2024031001030223,TAMOR,54,22,300.0,398.5,119550.0,2024-03-10
2024031001030222,TAMOR,44,22,100.0,398.5,39850.0,2024-03-10
2024031001030221,TAMOR,57,22,250.0,399.0,99750.0,2024-03-10
2024031001030220,TAMOR,38,22,140.0,399.1,55874.0,2024-03-10
2024031001030219,AVYAN,36,32,48.0,611.2,29337.6,2024-03-10
2024031001030218,RNLI,38,42,20.0,444.0,8880.0,2024-03-10
2024031001030217,DORDI,62,4,20.0,447.1,8942.0,2024-03-10
2024031001030216,NWCL,11,57,10.0,774.0,7740.0,2024-03-10
2024031001030215,NWCL,11,58,10.0,773.0,7730.0,2024-03-10
2024031001030214,NWCL,11,44,10.0,773.0,7730.0,2024-03-10
2024031001030213,NWCL,11,57,10.0,770.0,7700.0,2024-03-10
2024031001030212,NWCL,11,19,10.0,770.0,7700.0,2024-03-10
2024031003010303,SINDU,21,44,10.0,341.0,3410.0,2024-03-10
2024031005004960,HRL,43,1,10.0,619.0,6190.0,2024-03-10
2024031005004959,HRL,43,58,10.0,619.0,6190.0,2024-03-10
2024031005004958,HRL,43,33,30.0,619.0,18570.0,2024-03-10
2024031004009971,NHPC,34,43,100.0,162.5,16250.0,2024-03-10
2024031004009970,NHPC,44,43,229.0,162.5,37212.5,2024-03-10
2024031004009969,JOSHI,1,19,296.0,346.0,102416.0,2024-03-10
2024031004009968,JOSHI,40,19,104.0,346.8,36067.2,2024-03-10
2024031001030211,HATHY,19,82,459.0,937.0,430083.0,2024-03-10
2024031001030210,HATHY,42,82,100.0,937.1,93710.0,2024-03-10
2024031001030209,HATHY,45,82,100.0,938.3,93830.0,2024-03-10
2024031003010302,SHINE,21,47,200.0,375.0,75000.0,2024-03-10
2024031003010301,SHINE,45,47,300.0,375.1,112530.0,2024-03-10
2024031005004957,HRL,39,41,10.0,618.2,6182.0,2024-03-10
2024031003010300,ICFC,58,36,48.0,493.0,23664.0,2024-03-10
2024031003010299,ICFC,58,29,25.0,493.0,12325.0,2024-03-10
2024031003010298,ICFC,58,34,127.0,493.0,62611.0,2024-03-10
2024031001030208,RNLI,38,66,270.0,444.0,119880.0,2024-03-10
2024031001030207,RNLI,45,66,500.0,444.0,222000.0,2024-03-10
2024031001030206,RNLI,22,66,10.0,444.0,4440.0,2024-03-10
2024031001030205,RNLI,39,66,100.0,444.0,44400.0,2024-03-10
2024031001030204,BNT,74,38,20.0,14185.0,283700.0,2024-03-10
2024031003010297,SHINE,14,36,10.0,376.0,3760.0,2024-03-10
2024031001030203,PHCL,38,57,10.0,327.0,3270.0,2024-03-10
2024031001030202,PHCL,59,57,100.0,327.0,32700.0,2024-03-10
2024031001030201,PHCL,7,57,238.0,327.0,77826.0,2024-03-10
2024031001030200,GCIL,58,42,10.0,547.0,5470.0,2024-03-10
2024031004009967,GLH,26,88,190.0,214.0,40660.0,2024-03-10
2024031001030199,RAWA,36,45,60.0,483.9,29034.0,2024-03-10
2024031001030198,RAWA,36,54,40.0,483.0,19320.0,2024-03-10
2024031001030197,CYCL,62,33,12.0,1399.0,16788.0,2024-03-10
2024031001030196,NWCL,62,22,10.0,770.0,7700.0,2024-03-10
2024031004009966,LEC,11,72,10.0,196.0,1960.0,2024-03-10
2024031001030195,MHCL,72,4,10.0,472.0,4720.0,2024-03-10
2024031003010296,GBBL,42,53,1.0,371.0,371.0,2024-03-10
2024031003010295,GBBL,1,53,25.0,371.0,9275.0,2024-03-10
2024031005004956,HIDCL,38,56,170.0,176.8,30056.0,2024-03-10
2024031005004955,HIDCL,38,34,330.0,176.8,58344.0,2024-03-10
2024031003010294,GFCL,42,42,400.0,444.0,177600.0,2024-03-10
2024031001030194,PCBL,5,51,564.0,194.0,109416.0,2024-03-10
2024031004009965,SICL,55,14,300.0,711.0,213300.0,2024-03-10
2024031004009964,GHL,17,35,15.0,153.4,2301.0,2024-03-10
2024031004009963,GHL,21,35,49.0,153.4,7516.6,2024-03-10
2024031004009962,NGPL,59,18,79.0,305.1,24102.9,2024-03-10
2024031004009961,NGPL,59,29,21.0,305.0,6405.0,2024-03-10
2024031001030193,PHCL,58,58,240.0,328.0,78720.0,2024-03-10
2024031004009960,PMHPL,64,52,60.0,255.0,15300.0,2024-03-10
2024031004009959,PMHPL,64,64,42.0,254.0,10668.0,2024-03-10
2024031003010293,NFS,45,13,437.0,361.2,157844.4,2024-03-10
2024031003010292,NFS,47,13,100.0,362.1,36210.0,2024-03-10
2024031003010291,NFS,34,13,188.0,362.2,68093.6,2024-03-10
2024031003010290,NFS,16,13,275.0,362.5,99687.5,2024-03-10
2024031001030192,PRVU,34,33,1111.0,147.0,163317.0,2024-03-10
2024031001030191,PRVU,35,33,170.0,147.0,24990.0,2024-03-10
2024031001030190,PRVU,49,33,65.0,147.0,9555.0,2024-03-10
2024031001030189,ULBSL,21,49,100.0,1157.0,115700.0,2024-03-10
2024031001030188,MEHL,8,42,10.0,301.0,3010.0,2024-03-10
2024031004009958,RHPL,6,83,500.0,290.0,145000.0,2024-03-10
2024031004009957,RHPL,6,85,270.0,290.0,78300.0,2024-03-10
2024031004009956,RHPL,6,49,71.0,290.0,20590.0,2024-03-10
2024031003010289,USLB,55,34,10.0,1324.0,13240.0,2024-03-10
2024031004009955,SHL,25,26,100.0,442.0,44200.0,2024-03-10
2024031001030187,NBL,34,38,120.0,222.3,26676.0,2024-03-10
2024031004009954,NICL,34,62,80.0,848.0,67840.0,2024-03-10
2024031004009953,NICL,34,1,178.0,845.0,150410.0,2024-03-10
2024031004009952,PPCL,41,34,65.0,258.6,16809.0,2024-03-10
2024031004009951,PPCL,45,34,50.0,258.7,12935.0,2024-03-10
2024031004009950,PPCL,35,34,125.0,258.8,32350.0,2024-03-10
2024031004009949,PPCL,47,34,10.0,259.0,2590.0,2024-03-10
2024031004009948,PPCL,49,34,100.0,259.0,25900.0,2024-03-10
2024031004009947,PPCL,35,34,50.0,259.0,12950.0,2024-03-10
2024031004009946,PPCL,29,34,300.0,259.0,77700.0,2024-03-10
2024031004009945,PPCL,1,34,300.0,259.1,77730.0,2024-03-10
2024031004009944,NICL,45,1,70.0,845.0,59150.0,2024-03-10
2024031001030186,VLUCL,57,41,10.0,533.2,5332.0,2024-03-10
2024031003010288,GBBL,16,53,92.0,371.0,34132.0,2024-03-10
2024031003010287,LBBL,44,48,80.0,387.0,30960.0,2024-03-10
2024031003010286,LBBL,38,48,50.0,387.0,19350.0,2024-03-10
2024031003010285,LBBL,57,48,25.0,387.1,9677.5,2024-03-10
2024031005004954,NRIC,45,44,13.0,750.4,9755.2,2024-03-10
2024031005004953,NRIC,44,44,26.0,750.4,19510.4,2024-03-10
2024031001030185,NBL,26,62,114.0,222.0,25308.0,2024-03-10
2024031001030184,CLI,49,32,10.0,457.5,4575.0,2024-03-10
2024031001030183,IHL,88,87,220.0,367.1,80762.0,2024-03-10
2024031001030182,IHL,68,87,80.0,368.0,29440.0,2024-03-10
2024031001030181,HDL,22,54,12.0,1528.0,18336.0,2024-03-10
2024031001030180,PRVU,49,1,11.0,147.0,1617.0,2024-03-10
2024031004009943,UPCL,51,38,50.0,216.0,10800.0,2024-03-10
2024031001030179,PHCL,7,50,500.0,327.0,163500.0,2024-03-10
2024031001030178,SGHC,45,32,10.0,316.8,3168.0,2024-03-10
2024031001030177,ULHC,58,56,152.0,327.6,49795.2,2024-03-10
2024031001030176,ULHC,38,56,20.0,327.7,6554.0,2024-03-10
2024031003010284,GUFL,55,7,80.0,672.0,53760.0,2024-03-10
2024031003010283,GUFL,55,17,50.0,672.0,33600.0,2024-03-10
2024031003010282,GUFL,55,57,100.0,672.0,67200.0,2024-03-10
2024031003010281,GUFL,55,44,220.0,672.0,147840.0,2024-03-10
2024031003010280,GUFL,55,62,50.0,671.9,33595.0,2024-03-10
2024031001030175,MBL,69,39,770.0,181.7,139909.0,2024-03-10
2024031001030174,MBL,69,44,250.0,181.6,45400.0,2024-03-10
2024031001030173,MBL,69,39,1980.0,181.6,359568.0,2024-03-10
2024031003010279,MLBL,62,34,65.0,325.4,21151.0,2024-03-10
2024031003010278,MLBL,62,34,200.0,325.5,65100.0,2024-03-10
2024031003010277,MLBL,50,34,25.0,325.8,8145.0,2024-03-10
2024031004009942,NHPC,22,55,175.0,162.7,28472.5,2024-03-10
2024031004009941,NGPL,47,29,30.0,305.0,9150.0,2024-03-10
2024031004009940,NGPL,32,29,25.0,305.0,7625.0,2024-03-10
2024031003010276,JSLBB,33,28,10.0,905.0,9050.0,2024-03-10
2024031004009939,AKJCL,42,62,10.0,226.9,2269.0,2024-03-10
2024031001030172,MKJC,35,40,25.0,502.8,12570.0,2024-03-10
2024031001030171,MKJC,35,34,10.0,502.6,5026.0,2024-03-10
2024031001030170,MKJC,35,58,20.0,502.0,10040.0,2024-03-10
2024031001030169,MKJC,35,49,90.0,502.0,45180.0,2024-03-10
2024031001030168,MKJC,35,64,180.0,501.5,90270.0,2024-03-10
2024031001030167,MKJC,35,64,10.0,501.0,5010.0,2024-03-10
2024031001030166,MKJC,35,48,10.0,500.0,5000.0,2024-03-10
2024031001030165,MKJC,35,57,10.0,500.0,5000.0,2024-03-10
2024031001030164,MKJC,35,47,10.0,500.0,5000.0,2024-03-10
2024031001030163,MKJC,35,57,10.0,500.0,5000.0,2024-03-10
2024031001030162,MKJC,35,39,10.0,500.0,5000.0,2024-03-10
2024031001030161,MKJC,35,84,200.0,500.0,100000.0,2024-03-10
2024031001030160,MKJC,35,21,10.0,500.0,5000.0,2024-03-10
2024031001030159,MKJC,35,50,10.0,500.0,5000.0,2024-03-10
2024031001030158,MKJC,35,84,285.0,500.0,142500.0,2024-03-10
2024031001030157,MKJC,35,35,110.0,499.0,54890.0,2024-03-10
2024031001030156,SHIVM,76,48,200.0,537.1,107420.0,2024-03-10
2024031003010275,USLB,62,57,38.0,1320.0,50160.0,2024-03-10
2024031001030155,MKHC,35,7,125.0,302.0,37750.0,2024-03-10
2024031003010274,NICLBSL,58,66,185.0,577.0,106745.0,2024-03-10
2024031003010273,NICLBSL,58,66,500.0,577.0,288500.0,2024-03-10
2024031003010272,NICLBSL,58,20,200.0,576.9,115380.0,2024-03-10
2024031003010271,NICLBSL,58,42,115.0,576.8,66332.0,2024-03-10
2024031005004952,HRL,39,58,10.0,618.2,6182.0,2024-03-10
2024031001030154,MBL,45,39,10.0,181.6,1816.0,2024-03-10
2024031004009938,HEI,35,14,10.0,590.5,5905.0,2024-03-10
2024031003010270,JBBL,4,38,3.0,298.1,894.3,2024-03-10
2024031003010269,JBBL,4,35,197.0,298.1,58725.7,2024-03-10
2024031001030153,NMB,22,44,16.0,183.0,2928.0,2024-03-10
2024031001030152,CYCL,62,34,10.0,1390.0,13900.0,2024-03-10
2024031003010268,GUFL,41,32,100.0,671.0,67100.0,2024-03-10
2024031001030151,SAHAS,22,43,10.0,535.0,5350.0,2024-03-10
2024031004009937,UMRH,49,38,10.0,368.0,3680.0,2024-03-10
2024031004009936,UMHL,61,34,500.0,268.0,134000.0,2024-03-10
2024031001030150,CYCL,62,34,20.0,1394.1,27882.0,2024-03-10
2024031001030149,DOLTI,42,11,10.0,414.0,4140.0,2024-03-10
2024031001030148,CKHL,29,38,10.0,623.9,6239.0,2024-03-10
2024031004009935,NGPL,32,88,25.0,305.0,7625.0,2024-03-10
2024031004009934,NGPL,32,88,25.0,305.0,7625.0,2024-03-10
2024031004009933,CHCL,35,55,180.0,472.0,84960.0,2024-03-10
2024031004009932,CHCL,58,55,95.0,472.1,44849.5,2024-03-10
2024031004009931,CHCL,58,55,35.0,472.1,16523.5,2024-03-10
2024031004009930,CHCL,33,55,10.0,472.2,4722.0,2024-03-10
2024031004009929,CHCL,18,55,40.0,472.2,18888.0,2024-03-10
2024031004009928,CHCL,51,55,20.0,474.0,9480.0,2024-03-10
2024031004009927,CHCL,42,55,80.0,474.0,37920.0,2024-03-10
2024031004009926,CHCL,34,55,40.0,474.0,18960.0,2024-03-10
2024031004009925,GLH,48,88,19.0,214.0,4066.0,2024-03-10
2024031003010267,NADEP,29,38,106.0,565.0,59890.0,2024-03-10
2024031003010266,NADEP,29,38,30.0,565.0,16950.0,2024-03-10
2024031003010265,NADEP,29,53,86.0,565.0,48590.0,2024-03-10
2024031005004951,HIDCL,38,34,170.0,176.8,30056.0,2024-03-10
2024031001030147,SGHC,49,18,500.0,314.1,157050.0,2024-03-10
2024031001030146,ILI,39,49,10.0,534.5,5345.0,2024-03-10
2024031001030145,CKHL,29,19,10.0,623.9,6239.0,2024-03-10
2024031005004950,NRIC,44,47,24.0,750.4,18009.6,2024-03-10
2024031003010264,GUFL,41,57,450.0,671.0,301950.0,2024-03-10
2024031004009924,CGH,7,72,140.0,828.0,115920.0,2024-03-10
2024031004009923,CGH,7,87,60.0,827.9,49674.0,2024-03-10
2024031004009922,SSHL,36,21,10.0,171.6,1716.0,2024-03-10
2024031003010263,SLBBL,33,62,200.0,653.1,130620.0,2024-03-10
2024031005004949,HRL,39,32,20.0,618.2,12364.0,2024-03-10
2024031001030144,MMKJL,4,60,34.0,419.0,14246.0,2024-03-10
2024031001030143,MMKJL,4,42,10.0,418.0,4180.0,2024-03-10
2024031001030142,MMKJL,4,42,10.0,418.0,4180.0,2024-03-10
2024031004009921,NHPC,44,57,50.0,162.5,8125.0,2024-03-10
2024031001030141,CKHL,11,58,10.0,624.0,6240.0,2024-03-10
2024031001030140,ILI,39,11,20.0,534.5,10690.0,2024-03-10
2024031001030139,ILI,39,42,10.0,534.1,5341.0,2024-03-10
2024031003010262,FOWAD,42,58,25.0,1073.0,26825.0,2024-03-10
2024031003010261,ALICL,53,21,29.0,566.0,16414.0,2024-03-10
2024031001030138,SHIVM,51,88,81.0,538.0,43578.0,2024-03-10
2024031003010260,NFS,34,56,97.0,362.2,35133.4,2024-03-10
2024031001030137,SONA,16,81,80.0,510.0,40800.0,2024-03-10
2024031001030136,SONA,16,17,10.0,510.0,5100.0,2024-03-10
2024031001030135,SONA,16,52,10.0,509.0,5090.0,2024-03-10
2024031003010259,HLI,36,45,166.0,395.5,65653.0,2024-03-10
2024031003010258,HLI,69,45,134.0,395.6,53010.4,2024-03-10
2024031003010257,HLI,43,45,40.0,395.8,15832.0,2024-03-10
2024031003010256,HLI,4,45,100.0,396.0,39600.0,2024-03-10
2024031003010255,HLI,48,45,10.0,397.0,3970.0,2024-03-10
2024031003010254,NLBBL,45,3,70.0,553.0,38710.0,2024-03-10
2024031003010253,NLBBL,45,36,15.0,552.0,8280.0,2024-03-10
2024031003010252,NLBBL,45,42,10.0,551.0,5510.0,2024-03-10
2024031001030134,LSL,49,41,2000.0,162.1,324200.0,2024-03-10
2024031001030133,SMHL,62,5,10.0,449.1,4491.0,2024-03-10
2024031001030132,HDL,32,53,27.0,1525.0,41175.0,2024-03-10
2024031001030131,HDL,6,53,25.0,1525.0,38125.0,2024-03-10
2024031001030130,HDL,35,53,100.0,1525.1,152510.0,2024-03-10
2024031001030129,HDL,29,53,30.0,1526.0,45780.0,2024-03-10
2024031001030128,HDL,58,53,10.0,1526.0,15260.0,2024-03-10
2024031001030127,HDL,58,53,48.0,1526.0,73248.0,2024-03-10
2024031001030126,HDL,58,53,15.0,1526.0,22890.0,2024-03-10
2024031001030125,HDL,7,53,50.0,1526.1,76305.0,2024-03-10
2024031001030124,HDL,67,53,76.0,1526.9,116044.4,2024-03-10
2024031001030123,HDL,58,53,19.0,1529.0,29051.0,2024-03-10
2024031001030122,NABIL,58,21,17.0,449.8,7646.6,2024-03-10
2024031001030121,RNLI,22,58,10.0,444.0,4440.0,2024-03-10
2024031001030120,RNLI,42,66,200.0,444.5,88900.0,2024-03-10
2024031001030119,RNLI,36,66,20.0,444.6,8892.0,2024-03-10
2024031001030118,SBL,11,33,200.0,225.0,45000.0,2024-03-10
2024031001030117,SBL,57,33,200.0,225.0,45000.0,2024-03-10
2024031001030116,SBL,57,33,110.0,225.0,24750.0,2024-03-10
2024031001030115,SBL,48,33,150.0,225.0,33750.0,2024-03-10
2024031001030114,SBL,42,33,130.0,225.0,29250.0,2024-03-10
2024031001030113,SBL,8,33,100.0,225.0,22500.0,2024-03-10
2024031001030112,SBL,32,33,50.0,225.0,11250.0,2024-03-10
2024031001030111,SBL,28,33,600.0,225.0,135000.0,2024-03-10
2024031001030110,SBL,11,33,441.0,225.0,99225.0,2024-03-10
2024031001030109,SBL,42,33,10.0,225.1,2251.0,2024-03-10
2024031004009920,NGPL,45,50,20.0,305.0,6100.0,2024-03-10
2024031004009919,NGPL,17,50,150.0,305.0,45750.0,2024-03-10
2024031004009918,NGPL,16,50,200.0,305.0,61000.0,2024-03-10
2024031004009917,NGPL,41,50,150.0,305.0,45750.0,2024-03-10
2024031004009916,NGPL,6,50,50.0,305.0,15250.0,2024-03-10
2024031004009915,NGPL,58,50,100.0,305.0,30500.0,2024-03-10
2024031004009914,NGPL,80,50,100.0,305.0,30500.0,2024-03-10
2024031004009913,NGPL,67,50,100.0,305.0,30500.0,2024-03-10
2024031004009912,NGPL,7,50,30.0,305.0,9150.0,2024-03-10
2024031004009911,NGPL,16,50,100.0,305.0,30500.0,2024-03-10
2024031004009910,NGPL,57,50,100.0,305.0,30500.0,2024-03-10
2024031001030108,CKHL,4,58,40.0,624.0,24960.0,2024-03-10
2024031004009909,API,19,6,20.0,188.0,3760.0,2024-03-10
2024031004009908,SICL,55,14,182.0,711.0,129402.0,2024-03-10
2024031004009907,SICL,55,44,18.0,711.0,12798.0,2024-03-10
2024031001030107,KDL,44,21,100.0,796.0,79600.0,2024-03-10
2024031003010251,MNBBL,7,57,264.0,355.0,93720.0,2024-03-10
2024031003010250,MNBBL,42,57,100.0,355.0,35500.0,2024-03-10
2024031003010249,MNBBL,57,57,36.0,355.0,12780.0,2024-03-10
2024031001030106,NWCL,21,57,10.0,766.2,7662.0,2024-03-10
2024031003010248,GBLBS,45,37,540.0,567.0,306180.0,2024-03-10
2024031001030105,GCIL,70,34,10.0,545.0,5450.0,2024-03-10
2024031004009906,SSHL,5,21,10.0,171.6,1716.0,2024-03-10
2024031001030104,RNLI,41,6,80.0,445.0,35600.0,2024-03-10
2024031001030103,RNLI,41,58,10.0,444.8,4448.0,2024-03-10
2024031001030102,SIKLES,21,41,10.0,483.0,4830.0,2024-03-10
2024031003010247,RSDC,13,44,17.0,565.0,9605.0,2024-03-10
2024031003010246,MMFDB,7,54,25.0,550.0,13750.0,2024-03-10
2024031003010245,MMFDB,19,54,10.0,550.0,5500.0,2024-03-10
2024031003010244,MMFDB,51,54,11.0,550.0,6050.0,2024-03-10
2024031001030101,EHPL,18,39,120.0,450.0,54000.0,2024-03-10
2024031001030100,SRLI,38,6,10.0,449.8,4498.0,2024-03-10
2024031004009905,LEC,55,47,192.0,195.0,37440.0,2024-03-10
2024031004009904,LEC,17,47,663.0,195.1,129351.3,2024-03-10
2024031004009903,LEC,47,47,22.0,195.1,4292.2,2024-03-10
2024031004009902,LEC,71,47,50.0,195.1,9755.0,2024-03-10
2024031004009901,LEC,22,47,73.0,195.1,14242.3,2024-03-10
2024031001030099,CLI,29,35,10.0,457.4,4574.0,2024-03-10
2024031001030098,CZBIL,26,44,32.0,164.2,5254.4,2024-03-10
2024031003010243,MFIL,44,48,11.0,515.2,5667.2,2024-03-10
2024031004009900,AHPC,36,59,220.0,187.0,41140.0,2024-03-10
2024031004009899,AHPC,36,38,180.0,186.5,33570.0,2024-03-10
2024031003010242,NMFBS,57,22,40.0,1134.2,45368.0,2024-03-10
2024031003010241,NMFBS,57,45,40.0,1133.9,45356.0,2024-03-10
2024031001030097,MHCL,22,4,34.0,472.0,16048.0,2024-03-10
2024031001030096,JBLB,17,17,16.0,1315.0,21040.0,2024-03-10
2024031001030095,JBLB,17,25,10.0,1315.0,13150.0,2024-03-10
2024031001030094,JBLB,17,4,19.0,1315.0,24985.0,2024-03-10
2024031001030093,JBLB,17,34,55.0,1315.0,72325.0,2024-03-10
2024031001030092,PRVU,58,33,25.0,147.3,3682.5,2024-03-10
2024031003010240,GBLBS,7,37,35.0,567.0,19845.0,2024-03-10
2024031001030091,MKCL,14,43,10.0,950.0,9500.0,2024-03-10
2024031005004948,CHDC,19,32,50.0,961.5,48075.0,2024-03-10
2024031004009898,AHPC,32,16,309.0,186.2,57535.8,2024-03-10
2024031004009897,AHPC,50,16,441.0,186.2,82114.2,2024-03-10
2024031001030090,MKJC,35,35,10.0,499.0,4990.0,2024-03-10
2024031001030089,MKJC,35,38,40.0,490.1,19604.0,2024-03-10
2024031001030088,CLI,29,26,10.0,457.4,4574.0,2024-03-10
2024031003010239,JBBL,4,57,100.0,298.1,29810.0,2024-03-10
2024031001030087,MEL,57,26,200.0,222.5,44500.0,2024-03-10
2024031004009896,BARUN,16,45,440.0,250.1,110044.0,2024-03-10
2024031004009895,BARUN,59,45,500.0,250.2,125100.0,2024-03-10
2024031004009894,BARUN,46,45,250.0,250.3,62575.0,2024-03-10
2024031004009893,BARUN,57,45,10.0,251.0,2510.0,2024-03-10
2024031004009892,BARUN,57,45,100.0,251.5,25150.0,2024-03-10
2024031004009891,BARUN,32,45,500.0,251.6,125800.0,2024-03-10
2024031003010238,SMB,71,68,90.0,1049.0,94410.0,2024-03-10
2024031003010237,SMB,8,68,10.0,1050.0,10500.0,2024-03-10
2024031005004947,KDBY,52,58,100.0,8.61,861.0,2024-03-10
2024031001030086,SNLI,47,14,20.0,593.6,11872.0,2024-03-10
2024031001030085,DOLTI,49,7,10.0,415.0,4150.0,2024-03-10
2024031003010236,JBBL,66,38,12.0,298.6,3583.2,2024-03-10
2024031004009890,HPPL,50,3,510.0,285.6,145656.0,2024-03-10
2024031001030084,MHCL,26,4,100.0,472.0,47200.0,2024-03-10
2024031001030083,MHCL,19,4,390.0,472.0,184080.0,2024-03-10
2024031004009889,SJCL,6,4,250.0,289.9,72475.0,2024-03-10
2024031005004946,NRN,56,56,10.0,562.1,5621.0,2024-03-10
2024031001030082,NBL,26,43,70.0,222.0,15540.0,2024-03-10
2024031001030081,MKHC,16,7,690.0,302.1,208449.0,2024-03-10
2024031003010235,GBLBS,7,42,10.0,567.0,5670.0,2024-03-10
2024031003010234,MSLB,42,18,139.0,920.0,127880.0,2024-03-10
2024031003010233,MSLB,42,19,53.0,920.0,48760.0,2024-03-10
2024031003010232,MSLB,42,68,200.0,919.9,183980.0,2024-03-10
2024031003010231,MSLB,42,52,200.0,912.0,182400.0,2024-03-10
2024031003010230,MSLB,42,29,208.0,912.0,189696.0,2024-03-10
2024031001030080,GCIL,70,45,110.0,545.0,59950.0,2024-03-10
2024031001030079,BNT,74,38,10.0,14185.0,141850.0,2024-03-10
2024031001030078,GBIME,93,34,20.0,190.0,3800.0,2024-03-10
2024031001030077,GBIME,93,38,100.0,189.9,18990.0,2024-03-10
2024031001030076,JBLB,45,58,19.0,1312.0,24928.0,2024-03-10
2024031001030075,MEHL,62,58,30.0,302.0,9060.0,2024-03-10
2024031001030074,MEHL,37,58,30.0,302.0,9060.0,2024-03-10
2024031001030073,MEHL,33,58,420.0,302.3,126966.0,2024-03-10
2024031001030072,MEHL,57,58,10.0,302.5,3025.0,2024-03-10
2024031001030071,MEHL,58,58,30.0,302.5,9075.0,2024-03-10
2024031001030070,MEHL,16,58,830.0,302.7,251241.0,2024-03-10
2024031001030069,MEHL,38,58,40.0,302.8,12112.0,2024-03-10
2024031001030068,HDL,58,11,64.0,1530.0,97920.0,2024-03-10
2024031001030067,HDL,58,3,36.0,1528.0,55008.0,2024-03-10
2024031003010229,NICLBSL,58,42,85.0,576.8,49028.0,2024-03-10
2024031004009888,UPPER,58,58,18.0,205.1,3691.8,2024-03-10
2024031001030066,DLBS,38,6,10.0,916.0,9160.0,2024-03-10
2024031003010228,SDLBSL,29,35,76.0,628.6,47773.6,2024-03-10
2024031003010227,SDLBSL,45,35,15.0,629.0,9435.0,2024-03-10
2024031001030065,NESDO,49,57,24.0,1710.0,41040.0,2024-03-10
2024031001030064,NBL,34,43,30.0,222.0,6660.0,2024-03-10
2024031001030063,NBL,34,36,70.0,222.0,15540.0,2024-03-10
2024031001030062,SNLI,54,34,10.0,594.0,5940.0,2024-03-10
2024031001030061,SNLI,54,40,10.0,594.0,5940.0,2024-03-10
2024031001030060,SNLI,54,43,29.0,594.0,17226.0,2024-03-10
2024031005004945,NIFRA,42,58,200.0,211.6,42320.0,2024-03-10
2024031004009887,RHPL,7,43,410.0,289.0,118490.0,2024-03-10
2024031001030059,ILI,10,43,10.0,534.0,5340.0,2024-03-10
2024031004009886,RHPL,56,49,500.0,290.0,145000.0,2024-03-10
2024031005004944,HRL,39,42,10.0,618.2,6182.0,2024-03-10
2024031001030058,NRM,45,72,10.0,408.9,4089.0,2024-03-10
2024031004009885,RIDI,21,35,120.0,193.5,23220.0,2024-03-10
2024031004009884,API,42,54,49.0,188.0,9212.0,2024-03-10
2024031004009883,NICL,58,1,220.0,845.0,185900.0,2024-03-10
2024031004009882,NICL,42,1,100.0,845.0,84500.0,2024-03-10
2024031004009881,NICL,38,1,20.0,845.0,16900.0,2024-03-10
2024031004009880,NICL,41,1,25.0,845.0,21125.0,2024-03-10
2024031004009879,NICL,44,1,300.0,845.3,253590.0,2024-03-10
2024031004009878,NICL,60,1,87.0,846.0,73602.0,2024-03-10
2024031003010226,EDBL,42,6,72.0,355.2,25574.4,2024-03-10
2024031004009877,AHPC,35,38,20.0,186.5,3730.0,2024-03-10
2024031001030057,DOLTI,45,7,140.0,415.0,58100.0,2024-03-10
2024031001030056,DOLTI,45,57,10.0,415.0,4150.0,2024-03-10
2024031001030055,VLUCL,57,41,10.0,533.2,5332.0,2024-03-10
2024031004009876,HPPL,71,18,60.0,284.5,17070.0,2024-03-10
2024031004009875,HPPL,36,18,40.0,284.6,11384.0,2024-03-10
2024031001030054,RNLI,42,40,10.0,444.5,4445.0,2024-03-10
2024031004009874,JOSHI,40,10,96.0,346.8,33292.8,2024-03-10
2024031001030053,SHIVM,22,88,119.0,538.0,64022.0,2024-03-10
2024031001030052,SHIVM,22,43,81.0,538.0,43578.0,2024-03-10
2024031001030051,TSHL,62,34,30.0,475.3,14259.0,2024-03-10
2024031001030050,TSHL,62,34,50.0,475.6,23780.0,2024-03-10
2024031001030049,TSHL,58,34,100.0,477.0,47700.0,2024-03-10
2024031003010225,JSLBB,34,49,10.0,909.0,9090.0,2024-03-10
2024031003010224,JSLBB,34,42,10.0,908.0,9080.0,2024-03-10
2024031001030048,MLBS,13,37,20.0,739.0,14780.0,2024-03-10
2024031001030047,ILI,10,32,10.0,534.0,5340.0,2024-03-10
2024031001030046,CLI,1,55,20.0,458.0,9160.0,2024-03-10
2024031005004943,HIDCL,38,57,1000.0,176.7,176700.0,2024-03-10
2024031001030045,HHL,49,58,10.0,330.3,3303.0,2024-03-10
2024031005004942,NMB50,4,5,1470.0,9.75,14332.5,2024-03-10
2024031001030044,SPL,51,3,100.0,663.0,66300.0,2024-03-10
2024031004009873,SJCL,19,48,300.0,288.0,86400.0,2024-03-10
2024031004009872,SJCL,34,48,200.0,288.0,57600.0,2024-03-10
2024031004009871,SJCL,49,48,30.0,288.0,8640.0,2024-03-10
2024031005004941,HRL,39,36,20.0,618.2,12364.0,2024-03-10
2024031001030043,MHCL,19,11,60.0,472.0,28320.0,2024-03-10
2024031001030042,PCBL,57,39,500.0,195.0,97500.0,2024-03-10
2024031001030041,ILI,10,58,10.0,534.0,5340.0,2024-03-10
2024031001030040,NIMB,45,49,42.0,164.1,6892.2,2024-03-10
2024031001030039,JBLB,56,34,30.0,1315.0,39450.0,2024-03-10
2024031001030038,JBLB,56,36,20.0,1314.0,26280.0,2024-03-10
2024031001030037,GCIL,70,44,5000.0,545.0,2725000.0,2024-03-10
2024031005004940,HRL,39,85,90.0,618.1,55629.0,2024-03-10
2024031003010223,GBBL,34,53,36.0,371.0,13356.0,2024-03-10
2024031003010222,GBBL,34,53,64.0,371.0,23744.0,2024-03-10
2024031001030036,MKLB,58,39,10.0,729.5,7295.0,2024-03-10
2024031001030035,MEHL,38,49,100.0,302.8,30280.0,2024-03-10
2024031001030034,NBL,42,52,24.0,221.7,5320.8,2024-03-10
2024031001030033,SNLI,53,43,500.0,594.0,297000.0,2024-03-10
2024031004009870,UPCL,51,38,432.0,216.0,93312.0,2024-03-10
2024031004009869,UPCL,38,38,10.0,216.1,2161.0,2024-03-10
2024031004009868,UPCL,56,38,100.0,216.1,21610.0,2024-03-10
2024031004009867,UPCL,62,38,258.0,216.1,55753.8,2024-03-10
2024031004009866,UPCL,62,38,500.0,216.2,108100.0,2024-03-10
2024031004009865,UPCL,62,38,300.0,216.3,64890.0,2024-03-10
2024031004009864,UPCL,62,38,100.0,216.3,21630.0,2024-03-10
2024031004009863,IGI,11,58,15.0,550.0,8250.0,2024-03-10
2024031001030032,MKHC,16,14,10.0,302.1,3021.0,2024-03-10
2024031004009862,IGI,77,58,100.0,550.0,55000.0,2024-03-10
2024031004009861,IGI,6,58,50.0,550.0,27500.0,2024-03-10
2024031004009860,IGI,35,58,50.0,550.0,27500.0,2024-03-10
2024031004009859,IGI,34,58,50.0,550.0,27500.0,2024-03-10
2024031004009858,IGI,11,58,10.0,550.1,5501.0,2024-03-10
2024031004009857,MHNL,42,83,30.0,252.0,7560.0,2024-03-10
2024031004009856,NLG,45,58,10.0,797.0,7970.0,2024-03-10
2024031001030031,PCBL,34,39,250.0,195.0,48750.0,2024-03-10
2024031001030030,KDL,49,21,50.0,796.0,39800.0,2024-03-10
2024031003010221,GMFIL,56,60,211.0,353.0,74483.0,2024-03-10
2024031001030029,MBL,41,48,107.0,180.8,19345.6,2024-03-10
2024031001030028,MBL,41,48,99.0,180.9,17909.1,2024-03-10
2024031001030027,MBL,33,48,40.0,181.0,7240.0,2024-03-10
2024031001030026,GBIME,55,3,67.0,188.1,12602.7,2024-03-10
2024031001030025,GBIME,17,3,600.0,188.2,112920.0,2024-03-10
2024031001030024,GBIME,26,3,500.0,189.0,94500.0,2024-03-10
2024031001030023,GBIME,17,3,20.0,189.0,3780.0,2024-03-10
2024031001030022,GBIME,45,3,100.0,189.0,18900.0,2024-03-10
2024031001030021,GBIME,19,3,50.0,189.0,9450.0,2024-03-10
2024031001030020,VLUCL,57,42,100.0,533.2,53320.0,2024-03-10
2024031001030019,NRM,6,57,63.0,407.0,25641.0,2024-03-10
2024031003010220,NLIC,41,45,173.0,591.0,102243.0,2024-03-10
2024031003010219,KRBL,32,38,10.0,378.0,3780.0,2024-03-10
2024031003010218,KRBL,32,43,90.0,376.0,33840.0,2024-03-10
2024031001030018,MKHL,48,43,10.0,371.1,3711.0,2024-03-10
2024031001030017,BEDC,38,6,10.0,363.0,3630.0,2024-03-10
2024031001030016,CYCL,62,58,10.0,1390.0,13900.0,2024-03-10
2024031004009855,AHPC,50,16,80.0,186.2,14896.0,2024-03-10
2024031001030015,GCIL,70,36,500.0,545.0,272500.0,2024-03-10
2024031004009854,JOSHI,11,10,50.0,346.8,17340.0,2024-03-10
2024031001030014,PRVU,45,33,10.0,147.3,1473.0,2024-03-10
2024031001030013,NRM,45,72,10.0,408.9,4089.0,2024-03-10
2024031004009853,NGPL,34,50,150.0,305.1,45765.0,2024-03-10
2024031001030012,DOLTI,42,58,10.0,414.0,4140.0,2024-03-10
2024031003010217,HLBSL,11,49,50.0,604.0,30200.0,2024-03-10
2024031003010216,HLBSL,77,49,38.0,604.0,22952.0,2024-03-10
2024031001030011,IHL,68,14,20.0,368.0,7360.0,2024-03-10
2024031001030010,MBJC,45,42,10.0,323.5,3235.0,2024-03-10
2024031001030009,RNLI,42,41,10.0,444.5,4445.0,2024-03-10
2024031001030008,RAWA,34,54,10.0,483.0,4830.0,2024-03-10
2024031001030007,RAWA,34,54,10.0,482.0,4820.0,2024-03-10
2024031001030006,RAWA,34,42,10.0,480.0,4800.0,2024-03-10
2024031004009852,MEN,39,21,10.0,631.0,6310.0,2024-03-10
2024031001030005,BHL,58,43,145.0,347.0,50315.0,2024-03-10
2024031001030004,BHL,45,43,200.0,348.0,69600.0,2024-03-10
2024031001030003,BHL,36,43,25.0,350.0,8750.0,2024-03-10
