transaction,symbol,buyer,seller,quantity,rate,amount,date
2025040303011659,KSBBL,66,26,99.0,439.0,43461.0,2025-04-03
2025040303011658,KSBBL,66,38,600.0,438.9,263340.0,2025-04-03
2025040303011657,KSBBL,66,14,200.0,438.0,87600.0,2025-04-03
2025040303011656,KSBBL,66,29,101.0,437.9,44227.9,2025-04-03
2025040304017573,NLG,62,58,67.0,899.0,60233.0,2025-04-03
2025040303011655,CORBL,17,75,10.0,1795.0,17950.0,2025-04-03
2025040305018674,HATHY,58,26,14.0,1377.0,19278.0,2025-04-03
2025040305018673,HATHY,45,26,1000.0,1378.0,1378000.0,2025-04-03
2025040305018672,HATHY,48,26,86.0,1378.0,118508.0,2025-04-03
2025040304017572,NIL,64,26,70.0,751.0,52570.0,2025-04-03
2025040301021183,HEIP,26,62,200.0,366.9,73380.0,2025-04-03
2025040303011654,SWMF,57,36,10.0,743.0,7430.0,2025-04-03
2025040301021182,ULBSL,76,45,10.0,3256.1,32561.0,2025-04-03
2025040301021181,GMLI,55,25,980.0,2405.0,2356900.0,2025-04-03
2025040301021180,MSHL,47,52,10.0,890.0,8900.0,2025-04-03
2025040305018671,NICSF,44,45,200.0,9.15,1830.0,2025-04-03
2025040305018670,NICSF,44,41,5440.0,9.15,49776.0,2025-04-03
2025040301021179,SBI,44,44,10.0,417.0,4170.0,2025-04-03
2025040301021178,SBI,44,44,89.0,417.0,37113.0,2025-04-03
2025040303011653,MLBL,46,4,147.0,394.0,57918.0,2025-04-03
2025040303011652,MLBL,29,4,10.0,394.0,3940.0,2025-04-03
2025040303011651,MLBL,59,4,100.0,394.0,39400.0,2025-04-03
2025040303011650,MLBL,41,4,200.0,394.0,78800.0,2025-04-03
2025040303011649,MLBL,46,4,10.0,394.0,3940.0,2025-04-03
2025040303011648,MLBL,16,4,151.0,394.0,59494.0,2025-04-03
2025040304017571,UMHL,62,32,2413.0,441.0,1064133.0,2025-04-03
2025040304017570,UMHL,62,32,742.0,441.0,327222.0,2025-04-03
2025040305018669,NRN,28,40,10.0,1681.2,16812.0,2025-04-03
2025040301021177,HIDCLP,28,4,50.0,179.0,8950.0,2025-04-03
2025040301021176,MKHC,28,6,10.0,524.0,5240.0,2025-04-03
2025040301021175,ULHC,22,42,10.0,521.0,5210.0,2025-04-03
2025040305018668,NIFRA,17,22,550.0,277.1,152405.0,2025-04-03
2025040301021174,BHL,6,14,290.0,306.0,88740.0,2025-04-03
2025040301021173,ULBSL,64,14,10.0,3250.0,32500.0,2025-04-03
2025040301021172,NICA,13,14,361.0,380.0,137180.0,2025-04-03
2025040301021171,SBL,50,13,90.0,291.7,26253.0,2025-04-03
2025040301021170,SBL,50,35,30.0,291.7,8751.0,2025-04-03
2025040303011647,NABBC,69,5,10.0,1819.0,18190.0,2025-04-03
2025040301021169,HBL,56,17,10.0,238.9,2389.0,2025-04-03
2025040303011646,NFS,34,32,12.0,709.8,8517.6,2025-04-03
2025040305018667,GCIL,38,34,1780.0,554.4,986832.0,2025-04-03
2025040301021168,MHCL,34,98,900.0,519.0,467100.0,2025-04-03
2025040301021167,MHCL,34,98,600.0,519.0,311400.0,2025-04-03
2025040301021166,MHCL,34,34,10.0,519.0,5190.0,2025-04-03
2025040301021165,MHCL,34,58,10.0,519.0,5190.0,2025-04-03
2025040301021164,MHCL,34,65,50.0,518.9,25945.0,2025-04-03
2025040301021163,MHCL,34,32,40.0,518.5,20740.0,2025-04-03
2025040301021162,MHCL,34,45,10.0,518.0,5180.0,2025-04-03
2025040301021161,MHCL,34,14,10.0,518.0,5180.0,2025-04-03
2025040301021160,MHCL,34,35,20.0,517.0,10340.0,2025-04-03
2025040305018666,BBC,45,34,10.0,6264.1,62641.0,2025-04-03
2025040303011645,FMDBL,34,14,442.0,776.0,342992.0,2025-04-03
2025040303011644,FMDBL,34,41,100.0,776.0,77600.0,2025-04-03
2025040303011643,FMDBL,34,14,243.0,776.0,188568.0,2025-04-03
2025040303011642,FMDBL,34,51,100.0,775.0,77500.0,2025-04-03
2025040303011641,FMDBL,34,72,50.0,775.0,38750.0,2025-04-03
2025040303011640,FMDBL,34,41,25.0,774.0,19350.0,2025-04-03
2025040303011639,FMDBL,34,55,100.0,773.0,77300.0,2025-04-03
2025040303011638,FMDBL,34,72,100.0,773.0,77300.0,2025-04-03
2025040301021159,DOLTI,6,42,17.0,685.2,11648.4,2025-04-03
2025040301021158,DOLTI,42,42,21.0,685.2,14389.2,2025-04-03
2025040301021157,DOLTI,7,42,200.0,686.1,137220.0,2025-04-03
2025040301021156,DOLTI,42,42,45.0,688.0,30960.0,2025-04-03
2025040301021155,RFPL,38,48,10.0,730.0,7300.0,2025-04-03
2025040301021154,RFPL,59,48,10.0,730.0,7300.0,2025-04-03
2025040305018665,HRL,44,46,400.0,1057.0,422800.0,2025-04-03
2025040301021153,MKHC,60,6,30.0,524.0,15720.0,2025-04-03
2025040301021152,GMLI,55,60,620.0,2405.0,1491100.0,2025-04-03
2025040301021151,GMLI,34,60,10.0,2405.1,24051.0,2025-04-03
2025040301021150,GMLI,13,60,100.0,2405.2,240520.0,2025-04-03
2025040301021149,GMLI,13,60,20.0,2405.3,48106.0,2025-04-03
2025040301021148,NYADI,90,91,125.0,629.9,78737.5,2025-04-03
2025040301021147,NIMB,45,3,10.0,215.6,2156.0,2025-04-03
2025040304017569,NIL,64,45,20.0,751.0,15020.0,2025-04-03
2025040301021146,BGWT,38,37,35.0,1013.1,35458.5,2025-04-03
2025040301021145,BGWT,74,37,100.0,1013.1,101310.0,2025-04-03
2025040301021144,BGWT,45,37,150.0,1014.0,152100.0,2025-04-03
2025040301021143,BGWT,55,37,30.0,1015.0,30450.0,2025-04-03
2025040301021142,BGWT,82,37,10.0,1015.1,10151.0,2025-04-03
2025040301021141,BGWT,57,37,10.0,1015.2,10152.0,2025-04-03
2025040301021140,BGWT,57,37,10.0,1015.3,10153.0,2025-04-03
2025040301021139,BGWT,57,37,10.0,1015.4,10154.0,2025-04-03
2025040301021138,BGWT,47,37,10.0,1016.0,10160.0,2025-04-03
2025040301021137,BGWT,57,37,20.0,1018.2,20364.0,2025-04-03
2025040301021136,BGWT,38,37,35.0,1018.5,35647.5,2025-04-03
2025040304017568,UAIL,53,86,10.0,640.0,6400.0,2025-04-03
2025040304017567,NLG,62,58,33.0,899.0,29667.0,2025-04-03
2025040303011637,NMBMF,62,29,20.0,735.0,14700.0,2025-04-03
2025040303011636,PROFL,54,58,10.0,550.0,5500.0,2025-04-03
2025040303011635,PROFL,22,58,10.0,550.0,5500.0,2025-04-03
2025040303011634,PROFL,52,58,80.0,550.0,44000.0,2025-04-03
2025040305018664,GCIL,38,7,700.0,554.4,388080.0,2025-04-03
2025040303011633,MLBL,16,21,100.0,394.0,39400.0,2025-04-03
2025040301021135,MKCL,13,42,10.0,1650.0,16500.0,2025-04-03
2025040301021134,SAMAJ,13,43,11.0,2630.0,28930.0,2025-04-03
2025040301021133,SAMAJ,13,6,23.0,2629.0,60467.0,2025-04-03
2025040301021132,SAMAJ,13,26,35.0,2627.0,91945.0,2025-04-03
2025040301021131,SAMAJ,13,53,20.0,2624.0,52480.0,2025-04-03
2025040301021130,SAMAJ,13,42,10.0,2619.0,26190.0,2025-04-03
2025040301021129,SAMAJ,13,49,11.0,2619.0,28809.0,2025-04-03
2025040301021128,SAMAJ,13,38,10.0,2615.0,26150.0,2025-04-03
2025040301021127,SAMAJ,13,35,30.0,2595.0,77850.0,2025-04-03
2025040301021126,NICA,13,58,100.0,380.0,38000.0,2025-04-03
2025040301021125,NICA,13,48,50.0,380.0,19000.0,2025-04-03
2025040301021124,NICA,13,22,200.0,380.0,76000.0,2025-04-03
2025040301021123,NICA,13,42,50.0,380.0,19000.0,2025-04-03
2025040301021122,NICA,13,42,70.0,380.0,26600.0,2025-04-03
2025040301021121,NICA,13,34,500.0,380.0,190000.0,2025-04-03
2025040301021120,NICA,13,49,200.0,380.0,76000.0,2025-04-03
2025040301021119,NICA,13,72,30.0,380.0,11400.0,2025-04-03
2025040301021118,NICA,13,55,400.0,380.0,152000.0,2025-04-03
2025040301021117,NICA,13,40,39.0,380.0,14820.0,2025-04-03
2025040305018663,SHIVM,42,13,452.0,536.0,242272.0,2025-04-03
2025040304017566,KKHC,86,22,330.0,348.7,115071.0,2025-04-03
2025040301021116,TVCL,86,47,106.0,530.5,56233.0,2025-04-03
2025040301021115,TVCL,86,56,50.0,530.0,26500.0,2025-04-03
2025040301021114,TVCL,86,41,570.0,530.0,302100.0,2025-04-03
2025040301021113,TVCL,86,55,450.0,530.0,238500.0,2025-04-03
2025040301021112,TVCL,86,59,19.0,529.9,10068.1,2025-04-03
2025040301021111,TVCL,86,51,550.0,529.2,291060.0,2025-04-03
2025040301021110,TVCL,86,45,20.0,529.0,10580.0,2025-04-03
2025040301021109,TVCL,86,33,10.0,528.9,5289.0,2025-04-03
2025040301021108,TVCL,86,33,100.0,528.9,52890.0,2025-04-03
2025040301021107,TVCL,86,58,100.0,528.0,52800.0,2025-04-03
2025040301021106,TVCL,86,48,25.0,525.0,13125.0,2025-04-03
2025040304017565,UPCL,38,42,647.0,296.6,191900.2,2025-04-03
2025040304017564,UPCL,38,42,1000.0,296.5,296500.0,2025-04-03
2025040304017563,UPCL,38,51,294.0,296.5,87171.0,2025-04-03
2025040304017562,UPCL,38,51,1000.0,296.4,296400.0,2025-04-03
2025040304017561,UPCL,38,57,30.0,296.4,8892.0,2025-04-03
2025040304017560,UPCL,38,41,100.0,296.4,29640.0,2025-04-03
2025040304017559,UPCL,38,51,1000.0,296.2,296200.0,2025-04-03
2025040304017558,UPCL,38,21,159.0,296.2,47095.8,2025-04-03
2025040304017557,UPCL,38,29,770.0,295.5,227535.0,2025-04-03
2025040301021105,USHEC,38,32,250.0,613.0,153250.0,2025-04-03
2025040304017556,RADHI,96,44,10.0,441.9,4419.0,2025-04-03
2025040305018662,HIDCL,57,42,10.0,275.9,2759.0,2025-04-03
2025040304017555,DHPL,3,59,10.0,394.0,3940.0,2025-04-03
2025040304017554,NHPC,58,25,20.0,208.0,4160.0,2025-04-03
2025040301021104,GMLI,13,25,80.0,2405.3,192424.0,2025-04-03
2025040301021103,GMLI,13,25,100.0,2405.4,240540.0,2025-04-03
2025040301021102,GMLI,13,25,100.0,2405.5,240550.0,2025-04-03
2025040301021101,GMLI,56,25,200.0,2406.0,481200.0,2025-04-03
2025040301021100,GMLI,13,25,20.0,2406.0,48120.0,2025-04-03
2025040304017553,UPPER,19,49,145.0,200.0,29000.0,2025-04-03
2025040304017552,UPPER,58,49,855.0,200.0,171000.0,2025-04-03
2025040304017551,NICL,58,81,155.0,809.0,125395.0,2025-04-03
2025040304017550,NICL,39,81,300.0,809.0,242700.0,2025-04-03
2025040304017549,NICL,56,81,15.0,809.1,12136.5,2025-04-03
2025040304017548,NICL,22,81,14.0,809.1,11327.4,2025-04-03
2025040304017547,NICL,34,81,171.0,809.5,138424.5,2025-04-03
2025040304017546,NICL,11,81,120.0,809.5,97140.0,2025-04-03
2025040304017545,NICL,21,81,225.0,810.0,182250.0,2025-04-03
2025040305018661,NRIC,39,6,500.0,1343.1,671550.0,2025-04-03
2025040305018660,NRIC,45,6,340.0,1343.1,456654.0,2025-04-03
2025040305018659,NRIC,60,6,631.0,1343.9,848000.9,2025-04-03
2025040305018658,NRIC,45,6,1387.0,1344.0,1864128.0,2025-04-03
2025040305018657,HRL,6,37,65.0,1058.0,68770.0,2025-04-03
2025040305018656,HRL,6,22,20.0,1058.0,21160.0,2025-04-03
2025040305018655,HRL,6,14,100.0,1058.0,105800.0,2025-04-03
2025040305018654,HRL,6,32,10.0,1058.0,10580.0,2025-04-03
2025040305018653,HRL,6,80,105.0,1058.0,111090.0,2025-04-03
2025040303011632,SKBBL,38,32,100.0,796.5,79650.0,2025-04-03
2025040304017544,HEI,49,32,60.0,604.0,36240.0,2025-04-03
2025040301021099,SIKLES,33,34,100.0,1153.0,115300.0,2025-04-03
2025040301021098,GMLI,13,28,40.0,2406.0,96240.0,2025-04-03
2025040304017543,RHPL,58,36,50.0,381.2,19060.0,2025-04-03
2025040301021097,MHCL,44,47,57.0,515.0,29355.0,2025-04-03
2025040305018652,SONA,22,40,10.0,469.0,4690.0,2025-04-03
2025040303011631,ALICL,85,41,20.0,770.0,15400.0,2025-04-03
2025040303011630,ALICL,85,42,200.0,769.9,153980.0,2025-04-03
2025040303011629,ALICL,85,38,75.0,769.0,57675.0,2025-04-03
2025040303011628,ALICL,85,40,100.0,766.0,76600.0,2025-04-03
2025040303011627,ALICL,85,34,120.0,765.0,91800.0,2025-04-03
2025040303011626,ALICL,85,56,485.0,765.0,371025.0,2025-04-03
2025040303011625,VLBS,45,46,60.0,870.0,52200.0,2025-04-03
2025040301021096,MKHC,56,59,300.0,525.0,157500.0,2025-04-03
2025040305018651,NIFRA,17,56,450.0,277.1,124695.0,2025-04-03
2025040305018650,NIFRA,45,56,500.0,277.1,138550.0,2025-04-03
2025040305018649,NIFRA,57,56,50.0,277.1,13855.0,2025-04-03
2025040301021095,MANDU,64,38,50.0,890.0,44500.0,2025-04-03
2025040304017542,UMHL,62,55,450.0,441.0,198450.0,2025-04-03
2025040304017541,OHL,34,64,122.0,885.0,107970.0,2025-04-03
2025040301021094,ULHC,42,42,10.0,521.0,5210.0,2025-04-03
2025040303011624,PFL,42,29,20.0,435.0,8700.0,2025-04-03
2025040303011623,SINDU,39,70,185.0,1095.0,202575.0,2025-04-03
2025040303011622,SINDU,5,70,50.0,1095.0,54750.0,2025-04-03
2025040303011621,SINDU,35,70,100.0,1095.0,109500.0,2025-04-03
2025040303011620,SINDU,42,70,20.0,1095.0,21900.0,2025-04-03
2025040303011619,SINDU,32,70,25.0,1095.7,27392.5,2025-04-03
2025040303011618,SINDU,47,70,200.0,1098.0,219600.0,2025-04-03
2025040303011617,SINDU,57,70,10.0,1098.0,10980.0,2025-04-03
2025040303011616,SINDU,47,70,100.0,1098.1,109810.0,2025-04-03
2025040303011615,SINDU,6,70,50.0,1098.1,54905.0,2025-04-03
2025040303011614,SINDU,10,70,400.0,1098.6,439440.0,2025-04-03
2025040303011613,SINDU,38,70,10.0,1098.7,10987.0,2025-04-03
2025040303011612,SINDU,16,70,50.0,1099.0,54950.0,2025-04-03
2025040303011611,SINDU,57,70,10.0,1099.0,10990.0,2025-04-03
2025040303011610,SINDU,36,70,10.0,1099.0,10990.0,2025-04-03
2025040303011609,SINDU,39,70,200.0,1099.0,219800.0,2025-04-03
2025040303011608,SINDU,6,70,50.0,1099.0,54950.0,2025-04-03
2025040303011607,SINDU,34,70,10.0,1100.0,11000.0,2025-04-03
2025040304017540,BPCL,17,70,410.0,397.0,162770.0,2025-04-03
2025040304017539,BPCL,55,70,90.0,397.0,35730.0,2025-04-03
2025040301021093,NBBD2085,45,46,4.0,1098.0,4392.0,2025-04-03
2025040304017538,SSHL,48,41,1100.0,230.5,253550.0,2025-04-03
2025040304017537,SSHL,48,28,900.0,230.3,207270.0,2025-04-03
2025040305018648,NRM,60,48,100.0,496.0,49600.0,2025-04-03
2025040304017536,UMHL,62,48,5000.0,441.0,2205000.0,2025-04-03
2025040301021092,NICA,48,40,61.0,380.0,23180.0,2025-04-03
2025040301021091,NICA,48,4,329.0,380.0,125020.0,2025-04-03
2025040301021090,NICA,48,45,110.0,379.0,41690.0,2025-04-03
2025040305018647,SMJC,33,88,455.0,593.2,269906.0,2025-04-03
2025040305018646,SMJC,34,88,50.0,593.3,29665.0,2025-04-03
2025040305018645,SMJC,8,88,100.0,593.5,59350.0,2025-04-03
2025040305018644,SMJC,4,88,75.0,594.0,44550.0,2025-04-03
2025040305018643,NRIC,45,7,121.0,1344.0,162624.0,2025-04-03
2025040305018642,NRIC,45,45,10.0,1344.0,13440.0,2025-04-03
2025040305018641,NRIC,45,17,100.0,1344.0,134400.0,2025-04-03
2025040305018640,NRIC,45,43,200.0,1344.0,268800.0,2025-04-03
2025040305018639,NRIC,45,77,25.0,1344.0,33600.0,2025-04-03
2025040305018638,NRIC,45,57,157.0,1344.0,211008.0,2025-04-03
2025040304017535,DHPL,45,59,10.0,394.0,3940.0,2025-04-03
2025040305018637,CIT,11,4,10.0,1969.0,19690.0,2025-04-03
2025040303011606,GFCL,62,41,50.0,671.0,33550.0,2025-04-03
2025040304017534,NHPC,58,45,10.0,208.0,2080.0,2025-04-03
2025040304017533,NLG,87,58,20.0,899.0,17980.0,2025-04-03
2025040304017532,NLG,43,58,147.0,899.0,132153.0,2025-04-03
2025040305018636,GCIL,38,58,15.0,554.4,8316.0,2025-04-03
2025040303011605,GILB,75,45,10.0,1278.0,12780.0,2025-04-03
2025040304017531,UNHPL,21,44,15.0,317.0,4755.0,2025-04-03
2025040301021089,GBIME,17,34,10.0,223.0,2230.0,2025-04-03
2025040304017530,NHPC,55,38,250.0,207.0,51750.0,2025-04-03
2025040301021088,MSHL,47,57,70.0,890.0,62300.0,2025-04-03
2025040301021087,MSHL,11,57,10.0,891.0,8910.0,2025-04-03
2025040303011604,SLBBL,66,43,10.0,970.1,9701.0,2025-04-03
2025040301021086,SMHL,61,48,10.0,955.8,9558.0,2025-04-03
2025040305018635,SONA,25,25,49.0,468.5,22956.5,2025-04-03
2025040305018634,SONA,63,25,20.0,468.5,9370.0,2025-04-03
2025040301021085,KBL,4,49,1200.0,214.2,257040.0,2025-04-03
2025040301021084,KBL,48,49,1000.0,214.3,214300.0,2025-04-03
2025040304017529,HEI,44,43,10.0,608.0,6080.0,2025-04-03
2025040305018633,STC,44,58,50.0,5375.0,268750.0,2025-04-03
2025040305018632,STC,44,3,40.0,5370.0,214800.0,2025-04-03
2025040305018631,STC,44,17,10.0,5369.0,53690.0,2025-04-03
2025040305018630,STC,44,55,20.0,5368.0,107360.0,2025-04-03
2025040305018629,STC,44,55,20.0,5368.0,107360.0,2025-04-03
2025040305018628,MEL,4,53,600.0,316.5,189900.0,2025-04-03
2025040301021083,RFPL,59,4,10.0,730.0,7300.0,2025-04-03
2025040301021082,RAWA,48,6,80.0,859.0,68720.0,2025-04-03
2025040304017528,GHL,35,32,1000.0,273.2,273200.0,2025-04-03
2025040301021081,SARBTM,33,1,200.0,796.0,159200.0,2025-04-03
2025040301021080,GMLI,13,22,10.0,2406.0,24060.0,2025-04-03
2025040301021079,MKHC,14,59,10.0,525.0,5250.0,2025-04-03
2025040305018627,HRL,44,85,34.0,1057.0,35938.0,2025-04-03
2025040305018626,HRL,3,85,449.0,1057.1,474637.9,2025-04-03
2025040305018625,HRL,58,85,100.0,1057.2,105720.0,2025-04-03
2025040304017527,MHNL,20,22,16.0,264.8,4236.8,2025-04-03
2025040304017526,MHNL,20,92,100.0,264.0,26400.0,2025-04-03
2025040304017525,MHNL,20,58,34.0,263.0,8942.0,2025-04-03
2025040301021078,AVYAN,34,55,10.0,1080.0,10800.0,2025-04-03
2025040303011603,NABBC,28,70,50.0,1810.1,90505.0,2025-04-03
2025040301021077,MKHC,34,59,100.0,525.0,52500.0,2025-04-03
2025040305018624,GCIL,38,48,1430.0,554.4,792792.0,2025-04-03
2025040301021076,ULHC,48,42,10.0,521.0,5210.0,2025-04-03
2025040301021075,CYCL,36,16,50.0,1610.0,80500.0,2025-04-03
2025040304017524,UNHPL,57,36,228.0,313.2,71409.6,2025-04-03
2025040304017523,UNHPL,35,36,100.0,314.0,31400.0,2025-04-03
2025040304017522,UNHPL,22,36,172.0,314.0,54008.0,2025-04-03
2025040305018623,NRN,88,49,500.0,1688.0,844000.0,2025-04-03
2025040303011602,BFC,88,17,10.0,568.7,5687.0,2025-04-03
2025040305018622,ILI,49,45,12.0,468.0,5616.0,2025-04-03
2025040301021074,MKCL,66,11,70.0,1650.0,115500.0,2025-04-03
2025040301021073,MKCL,66,65,10.0,1650.0,16500.0,2025-04-03
2025040301021072,MKCL,66,99,60.0,1650.0,99000.0,2025-04-03
2025040301021071,MKCL,66,56,10.0,1649.9,16499.0,2025-04-03
2025040301021070,MKCL,66,34,10.0,1649.9,16499.0,2025-04-03
2025040301021069,MKCL,66,17,10.0,1649.5,16495.0,2025-04-03
2025040301021068,MKCL,66,58,50.0,1649.5,82475.0,2025-04-03
2025040301021067,MKCL,66,44,50.0,1649.0,82450.0,2025-04-03
2025040301021066,MKCL,66,21,10.0,1649.0,16490.0,2025-04-03
2025040303011601,NADEP,35,7,18.0,885.0,15930.0,2025-04-03
2025040303011600,JFL,58,36,50.0,515.0,25750.0,2025-04-03
2025040304017521,NGPL,58,47,24.0,264.9,6357.6,2025-04-03
2025040301021065,SPC,75,11,10.0,542.0,5420.0,2025-04-03
2025040301021064,SPC,75,49,25.0,540.0,13500.0,2025-04-03
2025040304017520,RHPL,58,21,80.0,381.2,30496.0,2025-04-03
2025040304017519,RIDI,29,58,10.0,223.0,2230.0,2025-04-03
2025040301021063,SARBTM,29,1,10.0,796.0,7960.0,2025-04-03
2025040305018621,NRN,99,49,100.0,1688.0,168800.0,2025-04-03
2025040301021062,SRLI,38,47,30.0,417.0,12510.0,2025-04-03
2025040303011599,BFC,42,57,50.0,568.0,28400.0,2025-04-03
2025040304017518,DHPL,50,57,2265.0,391.0,885615.0,2025-04-03
2025040304017517,DHPL,41,57,200.0,391.1,78220.0,2025-04-03
2025040304017516,DHPL,42,57,535.0,391.1,209238.5,2025-04-03
2025040305018620,NRIC,25,57,20.0,1344.0,26880.0,2025-04-03
2025040301021061,KBSH,56,49,10.0,2260.0,22600.0,2025-04-03
2025040301021060,MKHC,6,59,60.0,525.0,31500.0,2025-04-03
2025040301021059,MKHC,6,48,90.0,524.9,47241.0,2025-04-03
2025040301021058,MKHC,6,21,50.0,523.0,26150.0,2025-04-03
2025040301021057,ULHC,33,42,400.0,521.0,208400.0,2025-04-03
2025040303011598,MLBL,16,14,200.0,394.0,78800.0,2025-04-03
2025040303011597,DDBL,54,16,27.0,782.9,21138.3,2025-04-03
2025040304017515,RBCL,54,41,10.0,15002.0,150020.0,2025-04-03
2025040304017514,TRH,50,56,19.0,1036.1,19685.9,2025-04-03
2025040304017513,PPCL,44,56,700.0,316.2,221340.0,2025-04-03
2025040304017512,SPDL,70,14,23.0,329.2,7571.6,2025-04-03
2025040304017511,SPDL,70,53,477.0,326.0,155502.0,2025-04-03
2025040304017510,MHNL,34,42,1000.0,262.1,262100.0,2025-04-03
2025040305018619,SHIVM,45,22,598.0,540.0,322920.0,2025-04-03
2025040305018618,SHIVM,45,37,15.0,539.0,8085.0,2025-04-03
2025040305018617,SHIVM,45,88,251.0,538.0,135038.0,2025-04-03
2025040305018616,SHIVM,45,45,136.0,537.0,73032.0,2025-04-03
2025040301021056,ANLB,39,68,100.0,5015.0,501500.0,2025-04-03
2025040305018615,VLUCL,17,74,50.0,670.0,33500.0,2025-04-03
2025040303011596,FMDBL,44,38,100.0,771.0,77100.0,2025-04-03
2025040305018614,VLUCL,17,39,265.0,670.0,177550.0,2025-04-03
2025040305018613,VLUCL,6,39,60.0,670.0,40200.0,2025-04-03
2025040305018612,VLUCL,28,39,200.0,670.1,134020.0,2025-04-03
2025040305018611,VLUCL,41,39,10.0,670.1,6701.0,2025-04-03
2025040305018610,VLUCL,6,39,465.0,670.1,311596.5,2025-04-03
2025040304017509,BARUN,57,34,927.0,514.8,477219.6,2025-04-03
2025040305018609,SAHAS,42,43,400.0,503.1,201240.0,2025-04-03
2025040305018608,SAHAS,58,43,100.0,503.2,50320.0,2025-04-03
2025040303011595,SJLIC,63,40,100.0,450.0,45000.0,2025-04-03
2025040303011594,SJLIC,63,45,200.0,449.9,89980.0,2025-04-03
2025040303011593,SJLIC,63,28,800.0,449.8,359840.0,2025-04-03
2025040303011592,SJLIC,63,21,10.0,449.5,4495.0,2025-04-03
2025040303011591,SJLIC,63,86,10.0,449.0,4490.0,2025-04-03
2025040303011590,SJLIC,63,45,330.0,449.0,148170.0,2025-04-03
2025040303011589,SJLIC,63,42,50.0,448.9,22445.0,2025-04-03
2025040303011588,SJLIC,63,41,1000.0,448.8,448800.0,2025-04-03
2025040303011587,MDB,32,59,66.0,631.0,41646.0,2025-04-03
2025040303011586,NMLBBL,6,49,100.0,664.0,66400.0,2025-04-03
2025040304017508,HURJA,46,6,263.0,240.0,63120.0,2025-04-03
2025040304017507,HURJA,7,6,30.0,240.0,7200.0,2025-04-03
2025040304017506,HURJA,1,6,100.0,240.0,24000.0,2025-04-03
2025040304017505,HURJA,14,6,500.0,240.0,120000.0,2025-04-03
2025040304017504,HURJA,38,6,15.0,240.0,3600.0,2025-04-03
2025040304017503,HURJA,49,6,92.0,240.1,22089.2,2025-04-03
2025040304017502,SHPC,45,40,10.0,481.0,4810.0,2025-04-03
2025040305018607,NRIC,60,54,40.0,1343.9,53756.0,2025-04-03
2025040301021055,GMLI,13,16,10.0,2406.0,24060.0,2025-04-03
2025040304017501,HURJA,49,41,193.0,240.1,46339.3,2025-04-03
2025040301021054,GBIME,34,34,261.0,223.0,58203.0,2025-04-03
2025040301021053,MBL,34,47,130.0,232.0,30160.0,2025-04-03
2025040301021052,MBL,34,6,190.0,230.5,43795.0,2025-04-03
2025040301021051,NYADI,46,79,10.0,624.0,6240.0,2025-04-03
2025040305018606,SHIVM,42,48,77.0,536.0,41272.0,2025-04-03
2025040305018605,SHIVM,4,48,100.0,536.0,53600.0,2025-04-03
2025040305018604,SHIVM,65,48,420.0,536.0,225120.0,2025-04-03
2025040301021050,TVCL,11,48,25.0,525.0,13125.0,2025-04-03
2025040303011585,ILBS,42,64,15.0,922.0,13830.0,2025-04-03
2025040304017500,SHPC,45,34,618.0,485.0,299730.0,2025-04-03
2025040304017499,SHPC,45,51,500.0,485.0,242500.0,2025-04-03
2025040304017498,SHPC,45,34,150.0,485.0,72750.0,2025-04-03
2025040304017497,SHPC,45,46,500.0,485.0,242500.0,2025-04-03
2025040304017496,SHPC,45,17,35.0,485.0,16975.0,2025-04-03
2025040304017495,SHPC,45,11,100.0,485.0,48500.0,2025-04-03
2025040304017494,SHPC,45,66,220.0,485.0,106700.0,2025-04-03
2025040304017493,SHPC,45,8,1000.0,484.0,484000.0,2025-04-03
2025040304017492,SHPC,45,18,100.0,483.5,48350.0,2025-04-03
2025040304017491,SHPC,45,46,15.0,483.4,7251.0,2025-04-03
2025040304017490,SHPC,45,58,112.0,483.4,54140.8,2025-04-03
2025040304017489,SHPC,45,44,200.0,483.0,96600.0,2025-04-03
2025040304017488,SHPC,45,22,200.0,482.9,96580.0,2025-04-03
2025040304017487,SHPC,45,48,100.0,482.4,48240.0,2025-04-03
2025040304017486,SHPC,45,37,1000.0,482.0,482000.0,2025-04-03
2025040304017485,SHPC,45,6,100.0,482.0,48200.0,2025-04-03
2025040304017484,SHPC,45,16,50.0,481.9,24095.0,2025-04-03
2025040303011584,MNBBL,22,45,22.0,365.0,8030.0,2025-04-03
2025040303011583,MNBBL,22,45,100.0,365.0,36500.0,2025-04-03
2025040303011582,MNBBL,35,45,10.0,365.0,3650.0,2025-04-03
2025040303011581,MNBBL,17,45,67.0,365.0,24455.0,2025-04-03
2025040304017483,API,45,32,210.0,277.0,58170.0,2025-04-03
2025040304017482,API,45,42,50.0,277.0,13850.0,2025-04-03
2025040305018603,CHDC,35,43,50.0,2435.0,121750.0,2025-04-03
2025040305018602,NRN,62,49,19.0,1688.0,32072.0,2025-04-03
2025040305018601,NRN,62,26,100.0,1687.9,168790.0,2025-04-03
2025040305018600,NRN,62,21,300.0,1687.0,506100.0,2025-04-03
2025040305018599,NRN,62,14,100.0,1686.0,168600.0,2025-04-03
2025040305018598,NRN,62,49,30.0,1685.0,50550.0,2025-04-03
2025040305018597,NRN,62,44,12.0,1685.0,20220.0,2025-04-03
2025040305018596,NRN,62,48,100.0,1685.0,168500.0,2025-04-03
2025040305018595,NRN,62,4,30.0,1683.9,50517.0,2025-04-03
2025040305018594,NRN,62,42,11.0,1683.0,18513.0,2025-04-03
2025040305018593,NRN,62,55,20.0,1683.0,33660.0,2025-04-03
2025040305018592,NRN,62,4,20.0,1682.5,33650.0,2025-04-03
2025040305018591,NRN,62,72,258.0,1682.1,433981.8,2025-04-03
2025040303011580,ICFC,80,37,41.0,609.0,24969.0,2025-04-03
2025040303011579,ICFC,80,35,80.0,609.0,48720.0,2025-04-03
2025040305018590,NIFRA,57,74,750.0,277.1,207825.0,2025-04-03
2025040305018589,RNLI,57,38,11.0,543.1,5974.1,2025-04-03
2025040301021049,ULHC,38,58,20.0,512.1,10242.0,2025-04-03
2025040301021048,ULHC,38,58,10.0,512.1,5121.0,2025-04-03
2025040304017481,UPCL,6,38,200.0,295.4,59080.0,2025-04-03
2025040304017480,UMHL,62,58,3000.0,441.0,1323000.0,2025-04-03
2025040305018588,NRIC,60,96,1800.0,1343.9,2419020.0,2025-04-03
2025040303011578,NLICL,76,20,10.0,631.0,6310.0,2025-04-03
2025040301021047,GMLI,13,57,10.0,2406.0,24060.0,2025-04-03
2025040304017479,DHPL,42,57,205.0,391.1,80175.5,2025-04-03
2025040304017478,DHPL,58,57,300.0,391.1,117330.0,2025-04-03
2025040304017477,SHPC,45,92,504.0,481.0,242424.0,2025-04-03
2025040303011577,GBBL,7,44,200.0,395.0,79000.0,2025-04-03
2025040303011576,GBBL,58,44,50.0,395.3,19765.0,2025-04-03
2025040301021046,EHPL,7,49,100.0,659.1,65910.0,2025-04-03
2025040301021045,EHPL,36,49,200.0,659.1,131820.0,2025-04-03
2025040301021044,EHPL,54,49,100.0,659.1,65910.0,2025-04-03
2025040301021043,EHPL,70,49,500.0,660.0,330000.0,2025-04-03
2025040301021042,EHPL,54,49,100.0,660.1,66010.0,2025-04-03
2025040301021041,EHPL,43,49,200.0,660.2,132040.0,2025-04-03
2025040301021040,EHPL,21,49,25.0,672.5,16812.5,2025-04-03
2025040301021039,EHPL,45,49,150.0,673.0,100950.0,2025-04-03
2025040301021038,EHPL,49,49,100.0,673.0,67300.0,2025-04-03
2025040304017476,HEI,32,43,10.0,608.0,6080.0,2025-04-03
2025040304017475,HEI,32,43,40.0,607.0,24280.0,2025-04-03
2025040303011575,ACLBSL,47,42,127.0,1078.0,136906.0,2025-04-03
2025040304017474,DHPL,58,33,300.0,391.1,117330.0,2025-04-03
2025040305018587,HRL,3,40,20.0,1057.1,21142.0,2025-04-03
2025040303011574,GFCL,42,6,90.0,670.3,60327.0,2025-04-03
2025040303011573,GFCL,38,6,410.0,671.0,275110.0,2025-04-03
2025040301021037,KDL,64,7,10.0,1100.0,11000.0,2025-04-03
2025040305018586,MBJC,63,34,10.0,320.5,3205.0,2025-04-03
2025040304017473,SPDL,58,42,36.0,324.0,11664.0,2025-04-03
2025040304017472,SPDL,51,42,300.0,324.0,97200.0,2025-04-03
2025040304017471,SPDL,74,42,1000.0,324.0,324000.0,2025-04-03
2025040304017470,SPDL,42,42,184.0,324.0,59616.0,2025-04-03
2025040304017469,SPDL,62,42,80.0,324.1,25928.0,2025-04-03
2025040305018585,HRL,42,80,30.0,1058.0,31740.0,2025-04-03
2025040301021036,SNLI,67,45,12.0,646.5,7758.0,2025-04-03
2025040301021035,ULBSL,38,41,10.0,3256.0,32560.0,2025-04-03
2025040301021034,ULBSL,65,41,10.0,3256.1,32561.0,2025-04-03
2025040301021033,BHPL,60,10,20.0,1041.0,20820.0,2025-04-03
2025040301021032,BHPL,60,62,40.0,1034.0,41360.0,2025-04-03
2025040305018584,HRL,60,80,165.0,1058.0,174570.0,2025-04-03
2025040305018583,HRL,60,28,10.0,1058.0,10580.0,2025-04-03
2025040305018582,HRL,60,72,25.0,1058.0,26450.0,2025-04-03
2025040305018581,HRL,75,72,25.0,1058.0,26450.0,2025-04-03
2025040303011572,NLICL,42,29,44.0,630.0,27720.0,2025-04-03
2025040303011571,NLICL,6,29,50.0,630.0,31500.0,2025-04-03
2025040303011570,NLICL,47,29,43.0,630.0,27090.0,2025-04-03
2025040301021031,JBLB,36,38,22.0,1335.5,29381.0,2025-04-03
2025040303011569,MLBL,38,58,20.0,394.5,7890.0,2025-04-03
2025040301021030,NIMB,38,3,105.0,215.6,22638.0,2025-04-03
2025040301021029,NIMB,7,3,50.0,215.6,10780.0,2025-04-03
2025040301021028,NIMB,58,3,595.0,215.7,128341.5,2025-04-03
2025040301021027,NIMB,46,3,600.0,215.9,129540.0,2025-04-03
2025040301021026,RFPL,62,57,500.0,730.0,365000.0,2025-04-03
2025040304017468,UMHL,62,92,350.0,441.0,154350.0,2025-04-03
2025040303011568,NICLBSL,51,25,10.0,650.2,6502.0,2025-04-03
2025040304017467,MEN,51,49,10.0,590.0,5900.0,2025-04-03
2025040304017466,MEN,26,49,100.0,590.0,59000.0,2025-04-03
2025040304017465,MEN,42,49,150.0,590.0,88500.0,2025-04-03
2025040304017464,MEN,54,49,15.0,590.0,8850.0,2025-04-03
2025040304017463,MEN,34,49,400.0,590.0,236000.0,2025-04-03
2025040304017462,MEN,13,49,100.0,590.0,59000.0,2025-04-03
2025040304017461,MEN,58,49,12.0,590.0,7080.0,2025-04-03
2025040304017460,MEN,26,49,50.0,590.0,29500.0,2025-04-03
2025040304017459,MEN,1,49,500.0,590.0,295000.0,2025-04-03
2025040304017458,MEN,21,49,100.0,590.0,59000.0,2025-04-03
2025040304017457,MEN,44,49,500.0,590.0,295000.0,2025-04-03
2025040304017456,MEN,54,49,500.0,590.0,295000.0,2025-04-03
2025040304017455,MEN,16,49,1100.0,590.0,649000.0,2025-04-03
2025040304017454,MEN,17,49,805.0,590.0,474950.0,2025-04-03
2025040304017453,MEN,50,49,50.0,590.0,29500.0,2025-04-03
2025040304017452,MEN,1,49,100.0,590.0,59000.0,2025-04-03
2025040304017451,MEN,16,49,363.0,590.0,214170.0,2025-04-03
2025040305018580,NRN,34,49,143.0,1681.0,240383.0,2025-04-03
2025040305018579,NRN,8,49,59.0,1682.0,99238.0,2025-04-03
2025040305018578,NRN,8,58,12.0,1682.0,20184.0,2025-04-03
2025040305018577,NRN,8,58,88.0,1682.0,148016.0,2025-04-03
2025040305018576,NRN,8,74,41.0,1682.0,68962.0,2025-04-03
2025040301021025,RHGCL,58,32,14.0,532.0,7448.0,2025-04-03
2025040301021024,RHGCL,35,32,100.0,532.0,53200.0,2025-04-03
2025040301021023,RHGCL,44,32,200.0,532.1,106420.0,2025-04-03
2025040301021022,GMLI,41,32,10.0,2407.0,24070.0,2025-04-03
2025040301021021,PCBL,39,47,1000.0,256.0,256000.0,2025-04-03
2025040304017450,NGPL,26,47,100.0,264.9,26490.0,2025-04-03
2025040301021020,BHL,6,45,10.0,306.0,3060.0,2025-04-03
2025040301021019,BHL,6,8,50.0,306.0,15300.0,2025-04-03
2025040301021018,BHL,6,32,80.0,306.0,24480.0,2025-04-03
2025040301021017,BHL,6,39,290.0,306.0,88740.0,2025-04-03
2025040301021016,BHL,6,19,1069.0,306.0,327114.0,2025-04-03
2025040305018575,NRIC,50,57,323.0,1344.0,434112.0,2025-04-03
2025040305018574,NRIC,50,38,10.0,1344.0,13440.0,2025-04-03
2025040305018573,NRIC,50,45,67.0,1344.0,90048.0,2025-04-03
2025040305018572,NRIC,50,55,100.0,1344.0,134400.0,2025-04-03
2025040301021015,MKJC,34,16,100.0,543.6,54360.0,2025-04-03
2025040304017449,IGI,34,21,10.0,572.0,5720.0,2025-04-03
2025040303011567,GLBSL,45,34,40.0,2800.0,112000.0,2025-04-03
2025040304017448,PMHPL,58,48,100.0,295.0,29500.0,2025-04-03
2025040301021014,SMH,34,48,83.0,933.0,77439.0,2025-04-03
2025040301021013,SMH,41,48,17.0,933.1,15862.7,2025-04-03
2025040304017447,UMHL,62,37,10.0,441.0,4410.0,2025-04-03
2025040304017446,UMRH,42,54,280.0,611.0,171080.0,2025-04-03
2025040305018571,CIT,51,4,10.0,1969.0,19690.0,2025-04-03
2025040301021012,DORDI,70,45,82.0,374.0,30668.0,2025-04-03
2025040301021011,DORDI,58,45,300.0,374.1,112230.0,2025-04-03
2025040301021010,DORDI,57,45,218.0,374.1,81553.8,2025-04-03
2025040301021009,NYADI,45,91,25.0,629.9,15747.5,2025-04-03
2025040301021008,NYADI,45,57,10.0,625.0,6250.0,2025-04-03
2025040301021007,NYADI,45,38,90.0,625.0,56250.0,2025-04-03
2025040305018570,CIT,43,62,30.0,1968.0,59040.0,2025-04-03
2025040304017445,RADHI,77,44,69.0,441.9,30491.1,2025-04-03
2025040304017444,RADHI,77,60,490.0,441.8,216482.0,2025-04-03
2025040304017443,RADHI,77,36,287.0,441.8,126796.6,2025-04-03
2025040304017442,RADHI,77,5,100.0,441.0,44100.0,2025-04-03
2025040304017441,RADHI,77,41,27.0,441.0,11907.0,2025-04-03
2025040304017440,RADHI,77,50,10.0,441.0,4410.0,2025-04-03
2025040304017439,RADHI,77,48,17.0,441.0,7497.0,2025-04-03
2025040305018569,HRL,74,4,15.0,1058.0,15870.0,2025-04-03
2025040301021006,GMLI,13,13,10.0,2406.0,24060.0,2025-04-03
2025040301021005,GMLI,95,13,170.0,2407.0,409190.0,2025-04-03
2025040301021004,GMLI,54,13,10.0,2407.1,24071.0,2025-04-03
2025040301021003,GMLI,13,13,100.0,2407.2,240720.0,2025-04-03
2025040301021002,GMLI,71,13,10.0,2410.0,24100.0,2025-04-03
2025040303011566,MFIL,17,48,10.0,610.0,6100.0,2025-04-03
2025040305018568,HRL,3,17,31.0,1057.1,32770.1,2025-04-03
2025040304017438,UPPER,58,38,145.0,200.0,29000.0,2025-04-03
2025040304017437,UPPER,42,38,10.0,200.1,2001.0,2025-04-03
2025040304017436,UPPER,65,38,224.0,200.1,44822.4,2025-04-03
2025040304017435,UPPER,50,38,50.0,200.2,10010.0,2025-04-03
2025040301021001,TPC,39,44,10.0,538.0,5380.0,2025-04-03
2025040305018567,NIFRA,57,68,200.0,277.1,55420.0,2025-04-03
2025040305018566,GIBF1,53,43,4450.0,10.06,44767.0,2025-04-03
2025040304017434,UAIL,45,52,42.0,638.2,26804.4,2025-04-03
2025040304017433,UAIL,19,52,20.0,638.3,12766.0,2025-04-03
2025040304017432,UAIL,14,52,28.0,638.3,17872.4,2025-04-03
2025040301021000,LSL,42,57,230.0,224.0,51520.0,2025-04-03
2025040301020999,LSL,16,57,500.0,224.0,112000.0,2025-04-03
2025040301020998,LSL,40,57,2000.0,224.0,448000.0,2025-04-03
2025040301020997,LSL,36,57,300.0,224.0,67200.0,2025-04-03
2025040301020996,LSL,62,57,100.0,224.1,22410.0,2025-04-03
2025040301020995,LSL,62,57,100.0,224.1,22410.0,2025-04-03
2025040303011565,SINDU,34,44,40.0,1100.0,44000.0,2025-04-03
2025040303011564,SINDU,8,44,60.0,1100.0,66000.0,2025-04-03
2025040303011563,MLBL,16,44,400.0,394.0,157600.0,2025-04-03
2025040301020994,PRVU,33,25,10.0,215.9,2159.0,2025-04-03
2025040301020993,PRVU,33,45,180.0,215.0,38700.0,2025-04-03
2025040304017431,UPCL,93,29,10.0,295.5,2955.0,2025-04-03
2025040305018565,NIFRA,45,69,500.0,277.0,138500.0,2025-04-03
2025040304017430,SHPC,45,90,50.0,481.0,24050.0,2025-04-03
2025040304017429,UMHL,62,48,448.0,441.0,197568.0,2025-04-03
2025040304017428,UMHL,62,48,252.0,441.0,111132.0,2025-04-03
2025040303011562,LICN,53,39,10.0,1007.0,10070.0,2025-04-03
2025040301020992,NYADI,53,38,25.0,625.0,15625.0,2025-04-03
2025040303011561,SFCL,17,35,100.0,546.1,54610.0,2025-04-03
2025040305018564,HRL,44,42,30.0,1057.0,31710.0,2025-04-03
2025040303011560,SINDU,58,45,30.0,1101.0,33030.0,2025-04-03
2025040305018563,VLUCL,6,77,35.0,670.1,23453.5,2025-04-03
2025040305018562,VLUCL,6,77,100.0,670.2,67020.0,2025-04-03
2025040305018561,VLUCL,6,77,20.0,670.3,13406.0,2025-04-03
2025040305018560,HDL,36,25,10.0,1214.0,12140.0,2025-04-03
2025040303011559,JFL,13,36,500.0,515.0,257500.0,2025-04-03
2025040305018559,NRIC,60,17,11.0,1343.9,14782.9,2025-04-03
2025040303011558,GLBSL,45,84,40.0,2800.0,112000.0,2025-04-03
2025040305018558,NIFRA,45,38,50.0,277.0,13850.0,2025-04-03
2025040304017427,RHPL,38,34,185.0,382.0,70670.0,2025-04-03
2025040301020991,GMLI,71,52,20.0,2410.0,48200.0,2025-04-03
2025040303011557,GRDBL,72,44,38.0,1320.0,50160.0,2025-04-03
2025040301020990,SCB,13,4,100.0,636.0,63600.0,2025-04-03
2025040304017426,API,26,22,154.0,275.1,42365.4,2025-04-03
2025040303011556,GUFL,50,54,50.0,586.1,29305.0,2025-04-03
2025040303011555,GLBSL,45,16,20.0,2800.0,56000.0,2025-04-03
2025040305018557,HDL,45,98,90.0,1210.0,108900.0,2025-04-03
2025040305018556,HDL,36,98,100.0,1210.0,121000.0,2025-04-03
2025040305018555,HDL,10,98,10.0,1210.0,12100.0,2025-04-03
2025040305018554,HDL,52,98,20.0,1212.0,24240.0,2025-04-03
2025040305018553,HDL,45,98,10.0,1212.0,12120.0,2025-04-03
2025040301020989,EHPL,18,56,10.0,697.0,6970.0,2025-04-03
2025040304017425,SICL,70,66,200.0,779.9,155980.0,2025-04-03
2025040304017424,SALICO,42,34,20.0,719.0,14380.0,2025-04-03
2025040301020988,KBL,4,41,1000.0,214.2,214200.0,2025-04-03
2025040303011554,ALICL,91,56,500.0,765.0,382500.0,2025-04-03
2025040303011553,SMB,43,38,10.0,2455.1,24551.0,2025-04-03
2025040303011552,SHINE,47,58,200.0,415.0,83000.0,2025-04-03
2025040303011551,SHINE,52,58,344.0,415.0,142760.0,2025-04-03
2025040303011550,SHINE,48,58,500.0,415.1,207550.0,2025-04-03
2025040304017423,NLG,43,14,100.0,899.0,89900.0,2025-04-03
2025040304017422,NLG,43,34,100.0,899.0,89900.0,2025-04-03
2025040301020987,GMLI,58,49,10.0,2410.0,24100.0,2025-04-03
2025040304017421,NGPL,44,4,406.0,264.9,107549.4,2025-04-03
2025040304017420,NGPL,44,35,850.0,264.9,225165.0,2025-04-03
2025040304017419,NGPL,44,28,5000.0,264.9,1324500.0,2025-04-03
2025040304017418,NGPL,44,38,101.0,264.9,26754.9,2025-04-03
2025040305018552,HRL,49,4,100.0,1058.0,105800.0,2025-04-03
2025040301020986,HHL,33,32,30.0,506.0,15180.0,2025-04-03
2025040301020985,BHL,32,19,700.0,306.0,214200.0,2025-04-03
2025040303011549,SLBSL,22,52,14.0,1950.0,27300.0,2025-04-03
2025040303011548,SLBSL,22,41,10.0,1950.0,19500.0,2025-04-03
2025040304017417,SALICO,95,35,10.0,718.9,7189.0,2025-04-03
2025040305018551,NRM,16,29,100.0,497.0,49700.0,2025-04-03
2025040305018550,MEL,16,53,400.0,316.5,126600.0,2025-04-03
2025040301020984,KDL,16,7,100.0,1100.0,110000.0,2025-04-03
2025040304017416,JOSHI,4,18,100.0,375.5,37550.0,2025-04-03
2025040301020983,RFPL,62,71,120.0,730.0,87600.0,2025-04-03
2025040303011547,WNLB,4,34,10.0,2780.0,27800.0,2025-04-03
2025040304017415,KKHC,51,55,144.0,345.5,49752.0,2025-04-03
2025040304017414,PPCL,44,37,155.0,316.2,49011.0,2025-04-03
2025040304017413,PPCL,54,37,135.0,317.0,42795.0,2025-04-03
2025040304017412,PPCL,38,37,10.0,317.5,3175.0,2025-04-03
2025040304017411,PPCL,74,37,200.0,317.5,63500.0,2025-04-03
2025040301020982,EBL,34,42,70.0,605.1,42357.0,2025-04-03
2025040305018549,CHDC,50,11,78.0,2434.0,189852.0,2025-04-03
2025040305018548,CHDC,60,11,10.0,2434.0,24340.0,2025-04-03
2025040304017410,SSHL,26,45,385.0,229.7,88434.5,2025-04-03
2025040304017409,SSHL,55,45,100.0,230.0,23000.0,2025-04-03
2025040304017408,SSHL,58,45,200.0,230.0,46000.0,2025-04-03
2025040304017407,SSHL,29,45,366.0,230.0,84180.0,2025-04-03
2025040304017406,SSHL,29,45,100.0,230.0,23000.0,2025-04-03
2025040304017405,SSHL,58,45,100.0,230.0,23000.0,2025-04-03
2025040304017404,SSHL,59,45,55.0,230.0,12650.0,2025-04-03
2025040304017403,SSHL,16,45,200.0,230.0,46000.0,2025-04-03
2025040304017402,SSHL,64,45,20.0,230.0,4600.0,2025-04-03
2025040304017401,SSHL,26,45,50.0,230.0,11500.0,2025-04-03
2025040304017400,SSHL,26,45,75.0,230.0,17250.0,2025-04-03
2025040304017399,SSHL,33,45,30.0,230.0,6900.0,2025-04-03
2025040304017398,SSHL,28,45,500.0,230.0,115000.0,2025-04-03
2025040304017397,SSHL,53,45,50.0,230.0,11500.0,2025-04-03
2025040304017396,SSHL,38,45,420.0,230.0,96600.0,2025-04-03
2025040304017395,SSHL,35,45,600.0,230.0,138000.0,2025-04-03
2025040304017394,SSHL,17,45,69.0,230.0,15870.0,2025-04-03
2025040304017393,SSHL,62,45,305.0,230.0,70150.0,2025-04-03
2025040304017392,SSHL,45,45,150.0,230.0,34500.0,2025-04-03
2025040304017391,SSHL,44,45,160.0,230.0,36800.0,2025-04-03
2025040304017390,SSHL,4,45,1000.0,230.1,230100.0,2025-04-03
2025040304017389,SSHL,4,45,65.0,230.1,14956.5,2025-04-03
2025040305018547,HATHY,48,7,200.0,1378.0,275600.0,2025-04-03
2025040305018546,ILI,49,29,12.0,468.0,5616.0,2025-04-03
2025040305018545,VLUCL,92,6,240.0,673.0,161520.0,2025-04-03
2025040303011546,SINDU,58,1,20.0,1101.0,22020.0,2025-04-03
2025040305018544,GCIL,38,49,11.0,554.4,6098.4,2025-04-03
2025040301020981,BEDC,8,5,10.0,794.0,7940.0,2025-04-03
2025040301020980,AHL,85,55,60.0,745.0,44700.0,2025-04-03
2025040301020979,AHL,85,22,50.0,744.0,37200.0,2025-04-03
2025040301020978,AHL,85,38,10.0,740.0,7400.0,2025-04-03
2025040301020977,AHL,85,49,10.0,740.0,7400.0,2025-04-03
2025040301020976,AHL,85,34,50.0,739.9,36995.0,2025-04-03
2025040301020975,AHL,85,26,10.0,735.0,7350.0,2025-04-03
2025040301020974,AHL,85,35,10.0,735.0,7350.0,2025-04-03
2025040304017388,AKPL,54,45,100.0,228.5,22850.0,2025-04-03
2025040304017387,GHL,22,5,100.0,273.5,27350.0,2025-04-03
2025040304017386,SICL,22,34,15.0,778.0,11670.0,2025-04-03
2025040304017385,SPIL,51,35,30.0,829.0,24870.0,2025-04-03
2025040304017384,JOSHI,45,74,10.0,377.0,3770.0,2025-04-03
2025040303011545,SINDU,41,38,10.0,1101.2,11012.0,2025-04-03
2025040305018543,NRN,80,74,59.0,1682.0,99238.0,2025-04-03
2025040305018542,NRN,80,97,41.0,1682.0,68962.0,2025-04-03
2025040303011544,WNLB,17,34,131.0,2800.0,366800.0,2025-04-03
2025040303011543,WNLB,17,34,19.0,2799.0,53181.0,2025-04-03
2025040304017383,AKPL,42,38,120.0,228.1,27372.0,2025-04-03
2025040303011542,GFCL,38,32,90.0,671.0,60390.0,2025-04-03
2025040303011541,MERO,42,43,300.0,724.0,217200.0,2025-04-03
2025040305018541,SMJC,4,1,400.0,594.0,237600.0,2025-04-03
2025040301020973,AHL,54,52,480.0,729.8,350304.0,2025-04-03
2025040301020972,AHL,44,52,510.0,731.7,373167.0,2025-04-03
2025040301020971,AHL,45,52,50.0,731.8,36590.0,2025-04-03
2025040305018540,NICSF,44,36,200.0,9.1,1820.0,2025-04-03
2025040304017382,NLG,44,49,50.0,898.9,44945.0,2025-04-03
2025040304017381,SHEL,58,32,262.0,252.4,66128.8,2025-04-03
2025040304017380,SHEL,19,32,700.0,252.4,176680.0,2025-04-03
2025040304017379,SHEL,43,32,100.0,252.5,25250.0,2025-04-03
2025040304017378,SHEL,56,32,940.0,252.6,237444.0,2025-04-03
2025040304017377,SHPC,45,6,100.0,481.0,48100.0,2025-04-03
2025040305018539,HDL,4,25,100.0,1214.0,121400.0,2025-04-03
2025040305018538,NRN,34,54,250.0,1681.0,420250.0,2025-04-03
2025040303011540,SINDU,8,22,100.0,1100.0,110000.0,2025-04-03
2025040301020970,BHL,58,14,450.0,305.5,137475.0,2025-04-03
2025040301020969,BHL,57,14,50.0,305.5,15275.0,2025-04-03
2025040304017376,SHL,32,95,100.0,487.0,48700.0,2025-04-03
2025040305018537,HRL,48,4,385.0,1058.0,407330.0,2025-04-03
2025040305018536,HRL,48,28,15.0,1058.0,15870.0,2025-04-03
2025040303011539,CFCL,86,34,357.0,613.1,218876.7,2025-04-03
2025040301020968,SGHC,38,35,80.0,539.0,43120.0,2025-04-03
2025040301020967,SARBTM,66,1,440.0,796.0,350240.0,2025-04-03
2025040301020966,SARBTM,66,11,210.0,795.0,166950.0,2025-04-03
2025040303011538,SMB,42,38,50.0,2456.0,122800.0,2025-04-03
2025040303011537,SAPDBL,77,72,47.0,1092.0,51324.0,2025-04-03
2025040303011536,SAPDBL,39,72,50.0,1094.1,54705.0,2025-04-03
2025040303011535,SAPDBL,1,72,100.0,1095.0,109500.0,2025-04-03
2025040303011534,SAPDBL,38,72,30.0,1095.0,32850.0,2025-04-03
2025040303011533,SAPDBL,21,72,20.0,1096.0,21920.0,2025-04-03
2025040303011532,SAPDBL,49,72,10.0,1098.0,10980.0,2025-04-03
2025040303011531,SAPDBL,66,72,143.0,1098.0,157014.0,2025-04-03
2025040301020965,ADBL,41,50,116.0,299.9,34788.4,2025-04-03
2025040301020964,ADBL,41,18,81.0,299.8,24283.8,2025-04-03
2025040301020963,ADBL,41,58,63.0,299.5,18868.5,2025-04-03
2025040301020962,ADBL,41,8,240.0,299.4,71856.0,2025-04-03
2025040303011530,NMLBBL,6,45,40.0,664.0,26560.0,2025-04-03
2025040303011529,SINDU,8,45,140.0,1100.0,154000.0,2025-04-03
2025040303011528,SINDU,19,45,100.0,1100.0,110000.0,2025-04-03
2025040303011527,SINDU,6,45,60.0,1100.0,66000.0,2025-04-03
2025040304017375,CGH,57,92,55.0,868.3,47756.5,2025-04-03
2025040305018535,HATHY,48,63,14.0,1378.0,19292.0,2025-04-03
2025040305018534,HATHY,7,63,36.0,1378.0,49608.0,2025-04-03
2025040305018533,HIDCL,45,44,150.0,275.0,41250.0,2025-04-03
2025040305018532,HIDCL,32,44,500.0,275.1,137550.0,2025-04-03
2025040305018531,HIDCL,14,44,50.0,275.9,13795.0,2025-04-03
2025040305018530,ENL,20,67,20.0,1243.0,24860.0,2025-04-03
2025040304017374,NIL,47,44,17.0,752.0,12784.0,2025-04-03
2025040303011526,SINDU,4,38,10.0,1101.2,11012.0,2025-04-03
2025040301020961,NABIL,58,42,30.0,490.0,14700.0,2025-04-03
2025040305018529,HRL,58,28,85.0,1058.0,89930.0,2025-04-03
2025040305018528,HRL,58,19,100.0,1058.0,105800.0,2025-04-03
2025040305018527,HRL,58,42,10.0,1058.0,10580.0,2025-04-03
2025040305018526,HRL,58,45,10.0,1058.0,10580.0,2025-04-03
2025040305018525,HRL,58,33,220.0,1058.0,232760.0,2025-04-03
2025040303011525,FMDBL,44,16,30.0,771.0,23130.0,2025-04-03
2025040305018524,NTC,34,16,150.0,900.2,135030.0,2025-04-03
2025040303011524,CFCL,86,34,200.0,613.1,122620.0,2025-04-03
2025040304017373,RIDI,34,51,50.0,222.5,11125.0,2025-04-03
2025040304017372,UMHL,62,66,200.0,441.0,88200.0,2025-04-03
2025040304017371,UMHL,91,66,300.0,441.1,132330.0,2025-04-03
2025040305018523,HRL,44,42,500.0,1057.0,528500.0,2025-04-03
2025040304017370,RADHI,8,45,500.0,440.6,220300.0,2025-04-03
2025040304017369,SHPC,60,16,150.0,481.9,72285.0,2025-04-03
2025040301020960,KBL,4,21,500.0,214.2,107100.0,2025-04-03
2025040301020959,MKJC,29,74,10.0,548.0,5480.0,2025-04-03
2025040305018522,NRN,39,97,100.0,1682.0,168200.0,2025-04-03
2025040305018521,HRL,38,33,10.0,1058.0,10580.0,2025-04-03
2025040303011523,SINDU,6,38,40.0,1100.0,44000.0,2025-04-03
2025040303011522,SINDU,35,38,50.0,1100.0,55000.0,2025-04-03
2025040303011521,SINDU,57,38,100.0,1100.0,110000.0,2025-04-03
2025040303011520,SINDU,38,38,20.0,1100.0,22000.0,2025-04-03
2025040303011519,SINDU,34,38,80.0,1100.0,88000.0,2025-04-03
2025040303011518,SINDU,51,38,10.0,1100.0,11000.0,2025-04-03
2025040301020958,MLBS,1,62,20.0,1775.0,35500.0,2025-04-03
2025040303011517,RLFL,21,1,60.0,546.0,32760.0,2025-04-03
2025040305018520,HRL,28,33,200.0,1058.0,211600.0,2025-04-03
2025040303011516,JBBL,32,48,10.0,343.0,3430.0,2025-04-03
2025040303011515,NLICL,47,4,90.0,630.0,56700.0,2025-04-03
2025040303011514,NLICL,49,4,160.0,630.0,100800.0,2025-04-03
2025040301020957,SBL,50,35,10.0,291.7,2917.0,2025-04-03
2025040304017368,RADHI,16,66,72.0,441.0,31752.0,2025-04-03
2025040304017367,HEI,34,43,10.0,607.0,6070.0,2025-04-03
2025040304017366,UMHL,62,34,211.0,441.0,93051.0,2025-04-03
2025040305018519,SONA,55,40,20.0,469.0,9380.0,2025-04-03
2025040304017365,DHPL,58,53,100.0,391.1,39110.0,2025-04-03
2025040303011513,NFS,32,51,18.0,707.0,12726.0,2025-04-03
2025040305018518,GCIL,38,77,1000.0,554.4,554400.0,2025-04-03
2025040303011512,SINDU,42,41,21.0,1100.0,23100.0,2025-04-03
2025040303011511,SINDU,5,41,20.0,1101.0,22020.0,2025-04-03
2025040303011510,NMBMF,45,29,17.0,735.0,12495.0,2025-04-03
2025040303011509,PROFL,52,86,20.0,550.0,11000.0,2025-04-03
2025040303011508,PROFL,59,86,40.0,550.0,22000.0,2025-04-03
2025040303011507,PROFL,63,86,240.0,550.0,132000.0,2025-04-03
2025040303011506,PROFL,41,86,200.0,550.1,110020.0,2025-04-03
2025040304017364,RADHI,39,66,120.0,441.0,52920.0,2025-04-03
2025040304017363,RADHI,39,38,100.0,441.0,44100.0,2025-04-03
2025040301020956,ADBL,49,1,157.0,299.0,46943.0,2025-04-03
2025040304017362,HDHPC,57,42,10.0,199.7,1997.0,2025-04-03
2025040304017361,CHL,49,99,15.0,480.0,7200.0,2025-04-03
2025040305018517,SHIVM,22,48,10.0,537.0,5370.0,2025-04-03
2025040304017360,TRH,50,56,94.0,1036.1,97393.4,2025-04-03
2025040304017359,TRH,58,56,20.0,1036.1,20722.0,2025-04-03
2025040304017358,TRH,55,56,10.0,1038.0,10380.0,2025-04-03
2025040304017357,TRH,48,56,100.0,1038.0,103800.0,2025-04-03
2025040304017356,TRH,54,56,95.0,1039.0,98705.0,2025-04-03
2025040304017355,TRH,64,56,48.0,1040.0,49920.0,2025-04-03
2025040304017354,TRH,39,56,11.0,1040.0,11440.0,2025-04-03
2025040304017353,TRH,42,56,50.0,1040.0,52000.0,2025-04-03
2025040304017352,TRH,48,56,50.0,1041.0,52050.0,2025-04-03
2025040304017351,TRH,4,56,100.0,1041.0,104100.0,2025-04-03
2025040304017350,TRH,77,56,158.0,1041.0,164478.0,2025-04-03
2025040304017349,TRH,16,56,104.0,1041.0,108264.0,2025-04-03
2025040304017348,TRH,55,56,10.0,1041.1,10411.0,2025-04-03
2025040305018516,CLI,4,48,238.0,502.0,119476.0,2025-04-03
2025040305018515,CLI,55,48,50.0,502.2,25110.0,2025-04-03
2025040305018514,CLI,39,48,100.0,502.3,50230.0,2025-04-03
2025040305018513,CLI,14,48,101.0,502.3,50732.3,2025-04-03
2025040303011505,VLBS,45,34,40.0,870.0,34800.0,2025-04-03
2025040303011504,MPFL,53,36,35.0,654.3,22900.5,2025-04-03
2025040303011503,MPFL,53,50,100.0,652.0,65200.0,2025-04-03
2025040303011502,MPFL,53,53,28.0,650.0,18200.0,2025-04-03
2025040303011501,MPFL,53,41,100.0,649.9,64990.0,2025-04-03
2025040303011500,MPFL,53,41,100.0,649.9,64990.0,2025-04-03
2025040303011499,MPFL,53,19,140.0,648.0,90720.0,2025-04-03
2025040301020955,NESDO,66,8,30.0,1834.4,55032.0,2025-04-03
2025040304017347,RURU,4,72,110.0,724.0,79640.0,2025-04-03
2025040304017346,RURU,32,72,20.0,725.0,14500.0,2025-04-03
2025040304017345,RURU,95,72,70.0,725.0,50750.0,2025-04-03
2025040301020954,GVL,35,42,150.0,505.2,75780.0,2025-04-03
2025040301020953,GMLI,45,21,10.0,2410.0,24100.0,2025-04-03
2025040303011498,SWBBL,41,43,10.0,829.0,8290.0,2025-04-03
2025040304017344,UPCL,6,38,10.0,295.4,2954.0,2025-04-03
2025040305018512,HRL,38,33,200.0,1058.0,211600.0,2025-04-03
2025040301020952,KBL,16,57,200.0,214.1,42820.0,2025-04-03
2025040304017343,HDHPC,50,28,1439.0,199.1,286504.9,2025-04-03
2025040304017342,HDHPC,44,28,17.0,199.5,3391.5,2025-04-03
2025040304017341,HDHPC,48,28,1044.0,199.5,208278.0,2025-04-03
2025040303011497,PROFL,41,33,100.0,550.1,55010.0,2025-04-03
2025040303011496,RSDC,62,49,100.0,730.3,73030.0,2025-04-03
2025040303011495,GFCL,54,32,10.0,671.0,6710.0,2025-04-03
2025040301020951,NIBLGF,10,54,700.0,8.55,5985.0,2025-04-03
2025040303011494,ILBS,46,64,10.0,922.0,9220.0,2025-04-03
2025040303011493,ILBS,41,64,50.0,922.0,46100.0,2025-04-03
2025040303011492,ILBS,48,64,50.0,922.0,46100.0,2025-04-03
2025040303011491,ILBS,58,64,100.0,922.0,92200.0,2025-04-03
2025040303011490,ILBS,19,64,105.0,922.5,96862.5,2025-04-03
2025040303011489,ILBS,51,64,108.0,922.6,99640.8,2025-04-03
2025040303011488,ILBS,6,64,30.0,922.7,27681.0,2025-04-03
2025040303011487,ILBS,1,64,22.0,923.0,20306.0,2025-04-03
2025040301020950,CITY,51,48,119.0,852.5,101447.5,2025-04-03
2025040301020949,CITY,51,48,100.0,852.5,85250.0,2025-04-03
2025040301020948,CITY,58,48,21.0,855.0,17955.0,2025-04-03
2025040304017340,RIDI,34,34,16.0,222.5,3560.0,2025-04-03
2025040304017339,AKJCL,34,35,500.0,203.1,101550.0,2025-04-03
2025040305018511,SHIVM,65,35,500.0,536.0,268000.0,2025-04-03
2025040303011486,MLBL,16,17,25.0,394.0,9850.0,2025-04-03
2025040304017338,UMRH,38,39,30.0,608.0,18240.0,2025-04-03
2025040303011485,SINDU,44,38,20.0,1101.2,22024.0,2025-04-03
2025040301020947,MANDU,57,38,20.0,890.0,17800.0,2025-04-03
2025040303011484,NUBL,57,49,255.0,680.0,173400.0,2025-04-03
2025040304017337,MEN,16,49,137.0,590.0,80830.0,2025-04-03
2025040304017336,MEN,36,49,50.0,590.0,29500.0,2025-04-03
2025040304017335,MEN,53,49,50.0,590.0,29500.0,2025-04-03
2025040304017334,MEN,8,49,1000.0,590.0,590000.0,2025-04-03
2025040304017333,MEN,13,49,50.0,590.1,29505.0,2025-04-03
2025040304017332,MEN,44,49,300.0,590.2,177060.0,2025-04-03
2025040304017331,MEN,16,49,1100.0,590.5,649550.0,2025-04-03
2025040304017330,MEN,38,49,100.0,590.5,59050.0,2025-04-03
2025040304017329,MEN,29,49,100.0,590.6,59060.0,2025-04-03
2025040304017328,MEN,18,49,22.0,591.0,13002.0,2025-04-03
2025040304017327,MEN,16,49,500.0,591.0,295500.0,2025-04-03
2025040304017326,MEN,16,49,1100.0,591.0,650100.0,2025-04-03
2025040304017325,MEN,48,49,20.0,591.0,11820.0,2025-04-03
2025040304017324,MEN,42,49,10.0,591.1,5911.0,2025-04-03
2025040304017323,MEN,39,49,100.0,591.1,59110.0,2025-04-03
2025040304017322,MEN,71,49,61.0,591.1,36057.1,2025-04-03
2025040304017321,MEN,74,49,200.0,591.2,118240.0,2025-04-03
2025040304017320,MEN,71,49,100.0,591.2,59120.0,2025-04-03
2025040301020946,BNHC,47,6,20.0,502.5,10050.0,2025-04-03
2025040301020945,SARBTM,42,6,20.0,793.0,15860.0,2025-04-03
2025040305018510,HIDCL,14,19,150.0,275.9,41385.0,2025-04-03
2025040305018509,GCIL,38,4,500.0,554.4,277200.0,2025-04-03
2025040305018508,HRL,58,33,20.0,1058.0,21160.0,2025-04-03
2025040303011483,SADBL,33,58,325.0,405.1,131657.5,2025-04-03
2025040304017319,SPDL,62,16,20.0,324.1,6482.0,2025-04-03
2025040303011482,ICFC,45,88,100.0,608.5,60850.0,2025-04-03
2025040303011481,ICFC,54,88,100.0,608.5,60850.0,2025-04-03
2025040305018507,NRN,56,97,183.0,1682.0,307806.0,2025-04-03
2025040305018506,NRN,56,38,17.0,1681.4,28583.8,2025-04-03
2025040305018505,SONA,48,40,50.0,469.0,23450.0,2025-04-03
2025040304017318,KPCL,55,14,250.0,524.0,131000.0,2025-04-03
2025040305018504,HIDCL,34,19,50.0,275.9,13795.0,2025-04-03
2025040305018503,HRL,44,34,10.0,1057.0,10570.0,2025-04-03
2025040301020944,GMLI,57,35,10.0,2407.1,24071.0,2025-04-03
2025040305018502,NRN,34,66,105.0,1681.0,176505.0,2025-04-03
2025040304017317,AKJCL,35,32,600.0,204.0,122400.0,2025-04-03
2025040304017316,RIDI,34,42,300.0,222.5,66750.0,2025-04-03
2025040303011480,SINDU,42,7,160.0,1100.0,176000.0,2025-04-03
2025040301020943,MBL,45,6,120.0,230.5,27660.0,2025-04-03
2025040303011479,ILBS,1,45,19.0,923.0,17537.0,2025-04-03
2025040304017315,UNHPL,21,44,10.0,317.0,3170.0,2025-04-03
2025040305018501,HRL,13,33,300.0,1058.0,317400.0,2025-04-03
2025040303011478,RLFL,21,39,40.0,546.0,21840.0,2025-04-03
2025040305018500,GCIL,59,39,460.0,554.9,255254.0,2025-04-03
2025040305018499,GCIL,59,37,40.0,554.8,22192.0,2025-04-03
2025040301020942,NABIL,22,42,20.0,490.0,9800.0,2025-04-03
2025040305018498,PHCL,71,6,79.0,611.1,48276.9,2025-04-03
2025040305018497,PHCL,71,65,160.0,611.0,97760.0,2025-04-03
2025040305018496,PHCL,71,65,406.0,610.0,247660.0,2025-04-03
2025040301020941,SNLI,18,45,10.0,649.9,6499.0,2025-04-03
2025040301020940,CKHL,49,58,500.0,700.0,350000.0,2025-04-03
2025040304017314,BPCL,57,58,15.0,398.0,5970.0,2025-04-03
2025040303011477,SINDU,51,58,105.0,1100.0,115500.0,2025-04-03
2025040303011476,SINDU,52,58,10.0,1100.0,11000.0,2025-04-03
2025040303011475,SINDU,58,58,25.0,1100.0,27500.0,2025-04-03
2025040303011474,SINDU,45,58,90.0,1100.0,99000.0,2025-04-03
2025040301020939,SHLB,40,48,30.0,2150.0,64500.0,2025-04-03
2025040301020938,MEHL,6,51,100.0,540.0,54000.0,2025-04-03
2025040301020937,MEHL,4,51,100.0,540.0,54000.0,2025-04-03
2025040301020936,MEHL,58,51,105.0,540.0,56700.0,2025-04-03
2025040301020935,MEHL,90,51,80.0,540.0,43200.0,2025-04-03
2025040301020934,MEHL,39,51,100.0,540.1,54010.0,2025-04-03
2025040301020933,MEHL,1,51,50.0,540.2,27010.0,2025-04-03
2025040301020932,MEHL,58,51,10.0,541.0,5410.0,2025-04-03
2025040301020931,MEHL,57,51,70.0,541.1,37877.0,2025-04-03
2025040305018495,NRIC,60,11,300.0,1343.9,403170.0,2025-04-03
2025040303011473,CFCL,86,42,335.0,613.1,205388.5,2025-04-03
2025040301020930,TPC,34,42,50.0,535.0,26750.0,2025-04-03
2025040304017313,NGPL,45,38,100.0,264.9,26490.0,2025-04-03
2025040304017312,RADHI,8,96,276.0,440.6,121605.6,2025-04-03
2025040303011472,SINDU,63,52,65.0,1100.0,71500.0,2025-04-03
2025040304017311,GHL,35,38,750.0,273.2,204900.0,2025-04-03
2025040304017310,GHL,34,38,250.0,273.2,68300.0,2025-04-03
2025040303011471,FMDBL,44,65,483.0,771.0,372393.0,2025-04-03
2025040303011470,FMDBL,19,65,17.0,771.1,13108.7,2025-04-03
2025040304017309,RADHI,8,65,500.0,440.6,220300.0,2025-04-03
2025040304017308,RADHI,8,65,500.0,440.6,220300.0,2025-04-03
2025040304017307,RADHI,32,65,1000.0,440.7,440700.0,2025-04-03
2025040304017306,SJCL,38,16,70.0,323.0,22610.0,2025-04-03
2025040303011469,SINDU,63,33,20.0,1100.0,22000.0,2025-04-03
2025040303011468,SINDU,63,87,110.0,1100.0,121000.0,2025-04-03
2025040303011467,SINDU,50,87,20.0,1100.0,22000.0,2025-04-03
2025040303011466,MLBL,22,58,15.0,394.5,5917.5,2025-04-03
2025040304017305,RADHI,58,36,528.0,441.8,233270.4,2025-04-03
2025040304017304,RADHI,58,34,130.0,441.5,57395.0,2025-04-03
2025040304017303,RADHI,58,48,190.0,441.5,83885.0,2025-04-03
2025040304017302,RADHI,58,33,152.0,441.0,67032.0,2025-04-03
2025040303011465,FMDBL,34,5,100.0,771.1,77110.0,2025-04-03
2025040301020929,MEHL,25,51,200.0,541.2,108240.0,2025-04-03
2025040305018494,NRM,60,34,491.0,496.0,243536.0,2025-04-03
2025040305018493,NRM,57,34,90.0,496.0,44640.0,2025-04-03
2025040305018492,NRM,95,34,50.0,496.1,24805.0,2025-04-03
2025040305018491,NRM,57,34,100.0,496.1,49610.0,2025-04-03
2025040305018490,NRM,13,34,100.0,496.2,49620.0,2025-04-03
2025040305018489,NRM,19,34,10.0,496.2,4962.0,2025-04-03
2025040305018488,NRM,41,34,300.0,497.0,149100.0,2025-04-03
2025040305018487,NRM,11,34,359.0,497.0,178423.0,2025-04-03
2025040303011464,FMDBL,34,72,100.0,771.1,77110.0,2025-04-03
2025040301020928,NABIL,42,42,14.0,490.0,6860.0,2025-04-03
2025040301020927,NABIL,42,47,69.0,490.0,33810.0,2025-04-03
2025040304017301,HURJA,86,41,147.0,240.2,35309.4,2025-04-03
2025040304017300,HURJA,52,41,10.0,240.3,2403.0,2025-04-03
2025040301020926,MLBS,91,45,74.0,1745.1,129137.4,2025-04-03
2025040301020925,MLBS,29,45,26.0,1745.1,45372.6,2025-04-03
2025040301020924,MLBS,34,45,10.0,1770.0,17700.0,2025-04-03
2025040304017299,UNHPL,22,13,28.0,314.0,8792.0,2025-04-03
2025040304017298,UNHPL,3,13,120.0,314.1,37692.0,2025-04-03
2025040304017297,UNHPL,21,13,50.0,315.0,15750.0,2025-04-03
2025040305018486,HRL,16,91,100.0,1057.1,105710.0,2025-04-03
2025040305018485,HRL,65,91,20.0,1057.1,21142.0,2025-04-03
2025040305018484,HRL,87,91,100.0,1057.2,105720.0,2025-04-03
2025040305018483,HRL,58,91,229.0,1057.5,242167.5,2025-04-03
2025040304017296,UMRH,69,39,20.0,608.0,12160.0,2025-04-03
2025040304017295,UMRH,4,39,159.0,608.0,96672.0,2025-04-03
2025040304017294,UMRH,22,39,100.0,608.1,60810.0,2025-04-03
2025040304017293,NGPL,29,1,91.0,264.8,24096.8,2025-04-03
2025040305018482,NRIC,59,55,100.0,1344.0,134400.0,2025-04-03
2025040304017292,NGPL,25,1,909.0,264.8,240703.2,2025-04-03
2025040305018481,RNLI,57,44,117.0,543.1,63542.7,2025-04-03
2025040305018480,RNLI,21,44,10.0,543.1,5431.0,2025-04-03
2025040305018479,RNLI,45,44,304.0,543.2,165132.8,2025-04-03
2025040305018478,RNLI,7,44,278.0,543.5,151093.0,2025-04-03
2025040305018477,RNLI,34,44,50.0,543.6,27180.0,2025-04-03
2025040305018476,RNLI,83,44,1471.0,543.8,799929.8,2025-04-03
2025040305018475,RNLI,58,44,200.0,544.0,108800.0,2025-04-03
2025040305018474,RNLI,16,44,570.0,544.1,310137.0,2025-04-03
2025040305018473,SONA,63,25,10.0,468.5,4685.0,2025-04-03
2025040301020923,BEDC,36,57,20.0,790.0,15800.0,2025-04-03
2025040301020922,MKHC,57,48,10.0,524.9,5249.0,2025-04-03
2025040304017291,CHCL,51,28,22.0,482.3,10610.6,2025-04-03
2025040305018472,HRL,38,33,20.0,1058.0,21160.0,2025-04-03
2025040305018471,HRL,87,33,30.0,1058.0,31740.0,2025-04-03
2025040301020921,RHGCL,38,32,400.0,535.4,214160.0,2025-04-03
2025040301020920,BHL,14,19,200.0,306.0,61200.0,2025-04-03
2025040303011463,CBBL,71,48,50.0,852.5,42625.0,2025-04-03
2025040303011462,CBBL,71,42,51.0,852.5,43477.5,2025-04-03
2025040301020919,BHDC,89,75,10.0,590.0,5900.0,2025-04-03
2025040301020918,BHDC,89,45,20.0,590.0,11800.0,2025-04-03
2025040305018470,NRN,58,38,25.0,1681.4,42035.0,2025-04-03
2025040305018469,NBF3,10,40,10000.0,9.2,92000.0,2025-04-03
2025040305018468,NBF3,10,40,10000.0,9.2,92000.0,2025-04-03
2025040301020917,RAWA,48,22,200.0,859.0,171800.0,2025-04-03
2025040305018467,GCIL,38,48,100.0,554.4,55440.0,2025-04-03
2025040301020916,GMLI,35,43,10.0,2412.0,24120.0,2025-04-03
2025040301020915,GMLI,35,56,10.0,2411.0,24110.0,2025-04-03
2025040301020914,DOLTI,42,34,100.0,688.0,68800.0,2025-04-03
2025040303011461,SWBBL,17,34,13.0,824.0,10712.0,2025-04-03
2025040301020913,MMKJL,78,34,85.0,685.3,58250.5,2025-04-03
2025040301020912,MMKJL,44,34,200.0,685.4,137080.0,2025-04-03
2025040301020911,MMKJL,44,34,50.0,688.5,34425.0,2025-04-03
2025040301020910,MMKJL,38,34,100.0,690.0,69000.0,2025-04-03
2025040301020909,MMKJL,39,34,165.0,690.0,113850.0,2025-04-03
2025040301020908,MMKJL,22,34,100.0,691.0,69100.0,2025-04-03
2025040305018466,HDL,45,26,40.0,1212.0,48480.0,2025-04-03
2025040305018465,HDL,1,26,25.0,1212.0,30300.0,2025-04-03
2025040304017290,API,26,42,30.0,275.1,8253.0,2025-04-03
2025040305018464,RNLI,45,1,100.0,544.2,54420.0,2025-04-03
2025040303011460,PFL,59,29,10.0,435.0,4350.0,2025-04-03
2025040303011459,PFL,59,45,20.0,435.0,8700.0,2025-04-03
2025040303011458,PFL,45,1,100.0,433.0,43300.0,2025-04-03
2025040305018463,SMATA,58,25,10.0,828.0,8280.0,2025-04-03
2025040301020907,NMB,57,58,17.0,256.0,4352.0,2025-04-03
2025040301020906,GMLI,65,57,10.0,2408.0,24080.0,2025-04-03
2025040304017289,BARUN,57,58,37.0,513.0,18981.0,2025-04-03
2025040304017288,CGH,38,92,90.0,868.3,78147.0,2025-04-03
2025040301020905,NYADI,82,38,50.0,625.0,31250.0,2025-04-03
2025040301020904,NYADI,28,38,200.0,625.0,125000.0,2025-04-03
2025040301020903,NYADI,28,38,330.0,625.0,206250.0,2025-04-03
2025040301020902,NYADI,29,38,50.0,625.1,31255.0,2025-04-03
2025040301020901,NYADI,45,38,10.0,628.0,6280.0,2025-04-03
2025040301020900,NYADI,62,38,45.0,628.0,28260.0,2025-04-03
2025040301020899,SHLB,17,94,10.0,2150.0,21500.0,2025-04-03
2025040304017287,SGIC,32,42,10.0,606.0,6060.0,2025-04-03
2025040303011457,NICLBSL,51,32,10.0,650.2,6502.0,2025-04-03
2025040305018462,HRL,87,50,20.0,1058.0,21160.0,2025-04-03
2025040305018461,HRL,58,14,50.0,1058.0,52900.0,2025-04-03
2025040305018460,HRL,57,14,50.0,1058.0,52900.0,2025-04-03
2025040304017286,UMHL,50,32,25.0,442.0,11050.0,2025-04-03
2025040305018459,HRL,52,14,439.0,1058.0,464462.0,2025-04-03
2025040303011456,HLI,58,46,451.0,438.0,197538.0,2025-04-03
2025040303011455,HLI,67,46,139.0,438.0,60882.0,2025-04-03
2025040305018458,HRL,52,46,20.0,1058.0,21160.0,2025-04-03
2025040305018457,HDL,66,25,11.0,1214.0,13354.0,2025-04-03
2025040303011454,HLI,37,58,150.0,440.0,66000.0,2025-04-03
2025040304017285,RADHI,62,33,220.0,441.0,97020.0,2025-04-03
2025040305018456,HRL,52,62,150.0,1058.0,158700.0,2025-04-03
2025040304017284,SPIL,7,7,1.0,812.5,812.5,2025-04-03
2025040304017283,HDHPC,48,42,263.0,199.5,52468.5,2025-04-03
2025040305018455,NIFRA,45,60,2048.0,277.0,567296.0,2025-04-03
2025040305018454,NIFRA,38,60,500.0,277.1,138550.0,2025-04-03
2025040305018453,NIFRA,45,60,1000.0,277.1,277100.0,2025-04-03
2025040305018452,NIFRA,14,60,49.0,277.1,13577.9,2025-04-03
2025040304017282,NGPL,21,38,99.0,264.9,26225.1,2025-04-03
2025040304017281,NGPL,21,25,51.0,264.9,13509.9,2025-04-03
2025040303011453,SIFC,58,45,70.0,531.0,37170.0,2025-04-03
2025040304017280,HPPL,84,17,750.0,645.0,483750.0,2025-04-03
2025040304017279,HPPL,48,17,92.0,645.0,59340.0,2025-04-03
2025040304017278,HPPL,56,17,900.0,645.1,580590.0,2025-04-03
2025040304017277,HPPL,1,17,1500.0,646.0,969000.0,2025-04-03
2025040304017276,HPPL,47,17,100.0,646.0,64600.0,2025-04-03
2025040304017275,HPPL,32,17,100.0,647.1,64710.0,2025-04-03
2025040304017274,HPPL,55,17,50.0,647.1,32355.0,2025-04-03
2025040304017273,HPPL,62,17,479.0,648.0,310392.0,2025-04-03
2025040301020898,NBL,17,16,100.0,251.8,25180.0,2025-04-03
2025040304017272,CHL,58,17,21.0,478.0,10038.0,2025-04-03
2025040304017271,CHL,35,17,15.0,478.0,7170.0,2025-04-03
2025040304017270,CHL,5,17,14.0,478.0,6692.0,2025-04-03
2025040301020897,NIMB,29,35,118.0,216.0,25488.0,2025-04-03
2025040301020896,NIMB,29,35,847.0,216.0,182952.0,2025-04-03
2025040301020895,NIMB,29,21,10.0,216.0,2160.0,2025-04-03
2025040301020894,NIMB,29,45,25.0,216.0,5400.0,2025-04-03
2025040301020893,IHL,81,70,340.0,679.9,231166.0,2025-04-03
2025040301020892,IHL,81,58,150.0,679.8,101970.0,2025-04-03
2025040301020891,IHL,81,7,10.0,679.0,6790.0,2025-04-03
2025040301020890,KBL,39,80,500.0,214.5,107250.0,2025-04-03
2025040305018451,NRN,34,39,100.0,1681.0,168100.0,2025-04-03
2025040304017269,SSHL,52,28,100.0,230.3,23030.0,2025-04-03
2025040305018450,GCIL,38,57,180.0,554.4,99792.0,2025-04-03
2025040303011452,NMLBBL,6,8,10.0,664.0,6640.0,2025-04-03
2025040303011451,HLI,67,40,136.0,438.0,59568.0,2025-04-03
2025040303011450,NMLBBL,6,19,150.0,664.0,99600.0,2025-04-03
2025040303011449,SINDU,42,6,60.0,1100.0,66000.0,2025-04-03
2025040303011448,SINDU,42,6,20.0,1100.0,22000.0,2025-04-03
2025040303011447,SINDU,33,6,167.0,1100.0,183700.0,2025-04-03
2025040301020889,DORDI,57,4,500.0,374.1,187050.0,2025-04-03
2025040301020888,ULHC,14,42,50.0,521.0,26050.0,2025-04-03
2025040304017268,RADHI,8,16,1000.0,440.6,440600.0,2025-04-03
2025040304017267,NGPL,25,68,100.0,264.8,26480.0,2025-04-03
2025040301020887,MKHC,56,48,400.0,524.9,209960.0,2025-04-03
2025040301020886,MKCL,45,56,50.0,1640.0,82000.0,2025-04-03
2025040301020885,SPHL,25,53,160.0,765.3,122448.0,2025-04-03
2025040301020884,RAWA,55,22,10.0,859.0,8590.0,2025-04-03
2025040301020883,NYADI,62,25,70.0,628.0,43960.0,2025-04-03
2025040301020882,NYADI,62,38,85.0,628.0,53380.0,2025-04-03
2025040304017266,GHL,34,5,10.0,273.5,2735.0,2025-04-03
2025040304017265,NHPC,55,34,20.0,207.0,4140.0,2025-04-03
2025040304017264,NHPC,41,34,50.0,207.0,10350.0,2025-04-03
2025040304017263,NHPC,92,34,130.0,207.0,26910.0,2025-04-03
2025040303011446,JFL,42,36,470.0,515.0,242050.0,2025-04-03
2025040303011445,JFL,42,58,200.0,514.9,102980.0,2025-04-03
2025040303011444,JFL,42,47,330.0,514.3,169719.0,2025-04-03
2025040303011443,SAPDBL,45,41,10.0,1105.0,11050.0,2025-04-03
2025040303011442,SAPDBL,45,39,10.0,1100.0,11000.0,2025-04-03
2025040301020881,MHL,52,45,100.0,704.1,70410.0,2025-04-03
2025040301020880,SPL,61,58,10.0,889.9,8899.0,2025-04-03
2025040304017262,UPCL,84,65,300.0,295.3,88590.0,2025-04-03
2025040301020879,MKHL,6,67,83.0,690.3,57294.9,2025-04-03
2025040301020878,MKHL,6,67,57.0,690.3,39347.1,2025-04-03
2025040301020877,MKHL,43,67,10.0,690.4,6904.0,2025-04-03
2025040301020876,MKHL,26,67,500.0,690.4,345200.0,2025-04-03
2025040303011441,GUFL,40,57,300.0,586.1,175830.0,2025-04-03
2025040304017261,UPCL,93,29,10.0,295.5,2955.0,2025-04-03
2025040303011440,SADBL,33,33,50.0,405.1,20255.0,2025-04-03
2025040301020875,BNHC,36,6,10.0,502.0,5020.0,2025-04-03
2025040303011439,GRDBL,72,71,162.0,1320.0,213840.0,2025-04-03
2025040303011438,GRDBL,39,71,38.0,1320.0,50160.0,2025-04-03
2025040305018449,HRL,52,16,10.0,1058.0,10580.0,2025-04-03
2025040304017260,NGPL,53,25,100.0,264.9,26490.0,2025-04-03
2025040301020874,BGWT,53,14,10.0,1030.0,10300.0,2025-04-03
2025040301020873,BGWT,53,58,300.0,1030.0,309000.0,2025-04-03
2025040301020872,BGWT,53,81,240.0,1029.0,246960.0,2025-04-03
2025040301020871,BGWT,53,22,190.0,1028.9,195491.0,2025-04-03
2025040301020870,BGWT,53,49,10.0,1028.9,10289.0,2025-04-03
2025040301020869,BGWT,53,4,320.0,1028.8,329216.0,2025-04-03
2025040303011437,MERO,42,34,50.0,724.0,36200.0,2025-04-03
2025040303011436,NLICL,49,42,197.0,630.0,124110.0,2025-04-03
2025040304017259,SALICO,65,3,100.0,714.3,71430.0,2025-04-03
2025040305018448,SMJC,68,25,10.0,595.0,5950.0,2025-04-03
2025040304017258,GLH,53,38,100.0,238.5,23850.0,2025-04-03
2025040305018447,HATHY,7,57,14.0,1378.0,19292.0,2025-04-03
2025040305018446,HATHY,56,57,86.0,1378.0,118508.0,2025-04-03
2025040301020868,KBSH,36,46,20.0,2260.0,45200.0,2025-04-03
2025040305018445,GCIL,38,57,290.0,554.4,160776.0,2025-04-03
2025040301020867,ULHC,38,58,20.0,512.1,10242.0,2025-04-03
2025040301020866,EBL,34,38,150.0,605.1,90765.0,2025-04-03
2025040301020865,EBL,32,38,50.0,605.1,30255.0,2025-04-03
2025040305018444,SHIVM,65,32,153.0,536.0,82008.0,2025-04-03
2025040303011435,JBBL,32,49,300.0,342.0,102600.0,2025-04-03
2025040304017257,SSHL,4,55,35.0,230.1,8053.5,2025-04-03
2025040305018443,GCIL,38,6,130.0,554.4,72072.0,2025-04-03
2025040304017256,UPCL,84,16,250.0,295.3,73825.0,2025-04-03
2025040304017255,GHL,34,5,1000.0,273.5,273500.0,2025-04-03
2025040304017254,GHL,44,5,330.0,274.0,90420.0,2025-04-03
2025040303011434,JBBL,32,48,103.0,342.0,35226.0,2025-04-03
2025040303011433,JBBL,44,48,100.0,342.0,34200.0,2025-04-03
2025040303011432,CBBL,22,42,10.0,852.5,8525.0,2025-04-03
2025040305018442,CHDC,35,11,61.0,2435.0,148535.0,2025-04-03
2025040301020864,MKJC,32,74,1000.0,548.0,548000.0,2025-04-03
2025040303011431,NLICL,34,4,10.0,631.0,6310.0,2025-04-03
2025040304017253,BPCL,57,7,30.0,398.0,11940.0,2025-04-03
2025040303011430,NFS,32,60,32.0,707.0,22624.0,2025-04-03
2025040303011429,NFS,45,60,200.0,707.0,141400.0,2025-04-03
2025040303011428,NFS,34,60,158.0,707.0,111706.0,2025-04-03
2025040303011427,NFS,58,60,10.0,709.8,7098.0,2025-04-03
2025040303011426,NLIC,57,42,35.0,776.1,27163.5,2025-04-03
2025040303011425,PFL,45,21,285.0,433.0,123405.0,2025-04-03
2025040303011424,PFL,45,21,115.0,433.0,49795.0,2025-04-03
2025040303011423,NLICL,45,4,100.0,631.0,63100.0,2025-04-03
2025040304017252,GHL,44,45,300.0,274.0,82200.0,2025-04-03
2025040304017251,SPDL,91,42,400.0,325.0,130000.0,2025-04-03
2025040304017250,UMHL,62,91,500.0,441.0,220500.0,2025-04-03
2025040304017249,UMHL,97,91,500.0,441.1,220550.0,2025-04-03
2025040304017248,API,6,91,646.0,275.0,177650.0,2025-04-03
2025040303011422,CBBL,29,42,19.0,852.5,16197.5,2025-04-03
2025040304017247,HPPL,1,50,45.0,650.0,29250.0,2025-04-03
2025040303011421,SADBL,33,57,100.0,405.1,40510.0,2025-04-03
2025040301020863,MKHC,57,42,10.0,523.0,5230.0,2025-04-03
2025040304017246,SHPC,45,38,50.0,481.0,24050.0,2025-04-03
2025040304017245,HPPL,62,38,221.0,648.0,143208.0,2025-04-03
2025040304017244,HURJA,47,57,100.0,240.5,24050.0,2025-04-03
2025040304017243,NGPL,25,38,200.0,264.8,52960.0,2025-04-03
2025040305018441,CHDC,35,49,39.0,2435.0,94965.0,2025-04-03
2025040305018440,CHDC,50,49,100.0,2435.0,243500.0,2025-04-03
2025040305018439,CHDC,91,49,200.0,2435.0,487000.0,2025-04-03
2025040304017242,HPPL,39,50,50.0,652.0,32600.0,2025-04-03
2025040304017241,UPCL,84,50,1000.0,295.3,295300.0,2025-04-03
2025040301020862,CZBIL,49,39,1127.0,216.0,243432.0,2025-04-03
2025040301020861,CZBIL,49,45,50.0,216.0,10800.0,2025-04-03
2025040301020860,CZBIL,49,4,520.0,216.0,112320.0,2025-04-03
2025040301020859,CZBIL,49,49,10.0,216.0,2160.0,2025-04-03
2025040301020858,CZBIL,49,51,40.0,216.0,8640.0,2025-04-03
2025040301020857,CZBIL,49,45,253.0,215.5,54521.5,2025-04-03
2025040304017240,GHL,44,14,70.0,274.0,19180.0,2025-04-03
2025040301020856,KBL,58,80,180.0,214.5,38610.0,2025-04-03
2025040304017239,UPPER,72,21,341.0,202.0,68882.0,2025-04-03
2025040304017238,UPPER,72,57,100.0,202.0,20200.0,2025-04-03
2025040304017237,UPPER,72,41,180.0,202.0,36360.0,2025-04-03
2025040304017236,UPPER,72,1,100.0,202.0,20200.0,2025-04-03
2025040304017235,UPPER,72,14,196.0,202.0,39592.0,2025-04-03
2025040304017234,UPPER,72,25,43.0,201.9,8681.7,2025-04-03
2025040304017233,UPPER,72,22,40.0,201.9,8076.0,2025-04-03
2025040305018438,PHCL,51,65,160.0,610.0,97600.0,2025-04-03
2025040303011420,SINDU,7,38,20.0,1101.2,22024.0,2025-04-03
2025040304017232,GHL,44,60,200.0,274.0,54800.0,2025-04-03
2025040304017231,AKJCL,42,32,70.0,204.0,14280.0,2025-04-03
2025040305018437,NIFRA,14,81,951.0,277.1,263522.1,2025-04-03
2025040305018436,NIFRA,1,81,49.0,277.1,13577.9,2025-04-03
2025040303011419,SMB,43,43,25.0,2455.1,61377.5,2025-04-03
2025040305018435,PHCL,58,67,100.0,609.0,60900.0,2025-04-03
2025040305018434,GCIL,38,28,300.0,554.4,166320.0,2025-04-03
2025040301020855,HHL,33,59,170.0,506.0,86020.0,2025-04-03
2025040301020854,KBL,16,32,150.0,214.1,32115.0,2025-04-03
2025040304017230,SJCL,32,16,70.0,323.0,22610.0,2025-04-03
2025040304017229,SJCL,32,56,10.0,323.0,3230.0,2025-04-03
2025040304017228,SJCL,32,16,40.0,323.0,12920.0,2025-04-03
2025040304017227,SJCL,32,57,100.0,323.0,32300.0,2025-04-03
2025040304017226,SJCL,32,49,40.0,323.0,12920.0,2025-04-03
2025040304017225,SJCL,32,45,40.0,322.5,12900.0,2025-04-03
2025040301020853,UNLB,38,4,80.0,2222.0,177760.0,2025-04-03
2025040303011418,GBBL,58,36,200.0,395.3,79060.0,2025-04-03
2025040305018433,NRM,58,39,30.0,498.0,14940.0,2025-04-03
2025040301020852,GMLI,55,58,10.0,2410.0,24100.0,2025-04-03
2025040304017224,RURU,95,72,30.0,725.0,21750.0,2025-04-03
2025040304017223,RURU,56,72,170.0,725.3,123301.0,2025-04-03
2025040301020851,RAWA,21,22,200.0,859.0,171800.0,2025-04-03
2025040304017222,HPPL,35,34,157.0,653.0,102521.0,2025-04-03
2025040304017221,HPPL,35,38,20.0,652.0,13040.0,2025-04-03
2025040304017220,HPPL,35,19,100.0,652.0,65200.0,2025-04-03
2025040304017219,HPPL,35,54,200.0,652.0,130400.0,2025-04-03
2025040304017218,HPPL,35,44,200.0,652.0,130400.0,2025-04-03
2025040304017217,HPPL,35,41,55.0,652.0,35860.0,2025-04-03
2025040304017216,HPPL,35,16,268.0,650.0,174200.0,2025-04-03
2025040304017215,RADHI,77,33,128.0,441.0,56448.0,2025-04-03
2025040304017214,RADHI,77,16,72.0,441.0,31752.0,2025-04-03
2025040303011417,NICLBSL,51,34,10.0,650.2,6502.0,2025-04-03
2025040305018432,MBJC,46,45,50.0,321.0,16050.0,2025-04-03
2025040305018431,SHIVM,65,41,150.0,536.0,80400.0,2025-04-03
2025040305018430,HRL,52,41,40.0,1058.0,42320.0,2025-04-03
2025040304017213,BARUN,13,58,100.0,513.0,51300.0,2025-04-03
2025040304017212,IGI,17,41,34.0,571.9,19444.6,2025-04-03
2025040301020850,TPC,34,45,100.0,535.0,53500.0,2025-04-03
2025040301020849,NICA,1,4,11.0,380.0,4180.0,2025-04-03
2025040301020848,NICA,1,48,58.0,379.9,22034.2,2025-04-03
2025040301020847,NICA,1,40,100.0,379.8,37980.0,2025-04-03
2025040301020846,NICA,1,49,200.0,379.0,75800.0,2025-04-03
2025040301020845,NICA,1,49,10.0,379.0,3790.0,2025-04-03
2025040301020844,NICA,1,59,361.0,379.0,136819.0,2025-04-03
2025040304017211,RADHI,8,1,500.0,440.6,220300.0,2025-04-03
2025040305018429,HRL,52,57,100.0,1058.0,105800.0,2025-04-03
2025040305018428,HRL,52,42,11.0,1058.0,11638.0,2025-04-03
2025040305018427,HRL,52,49,20.0,1058.0,21160.0,2025-04-03
2025040305018426,HRL,52,51,10.0,1058.0,10580.0,2025-04-03
2025040305018425,HRL,52,43,200.0,1058.0,211600.0,2025-04-03
2025040304017210,UNHPL,57,44,35.0,317.0,11095.0,2025-04-03
2025040304017209,UNHPL,57,34,70.0,315.0,22050.0,2025-04-03
2025040304017208,UNHPL,57,26,100.0,315.0,31500.0,2025-04-03
2025040304017207,UNHPL,57,32,50.0,315.0,15750.0,2025-04-03
2025040304017206,UNHPL,57,34,245.0,315.0,77175.0,2025-04-03
2025040303011416,LBBL,57,58,11.0,426.0,4686.0,2025-04-03
2025040303011415,LBBL,57,49,70.0,426.0,29820.0,2025-04-03
2025040305018424,GCIL,38,40,80.0,554.4,44352.0,2025-04-03
2025040301020843,GMLI,55,40,10.0,2410.0,24100.0,2025-04-03
2025040305018423,SMJC,4,69,25.0,594.0,14850.0,2025-04-03
2025040305018422,SMJC,41,69,25.0,594.0,14850.0,2025-04-03
2025040301020842,HHL,32,59,10.0,506.0,5060.0,2025-04-03
2025040304017205,OHL,42,64,30.0,885.0,26550.0,2025-04-03
2025040304017204,OHL,8,64,83.0,885.0,73455.0,2025-04-03
2025040304017203,OHL,17,64,65.0,885.6,57564.0,2025-04-03
2025040303011414,CFCL,86,64,490.0,613.1,300419.0,2025-04-03
2025040303011413,CFCL,3,64,10.0,613.2,6132.0,2025-04-03
2025040304017202,PRIN,58,38,110.0,936.6,103026.0,2025-04-03
2025040305018421,CIT,59,4,50.0,1969.0,98450.0,2025-04-03
2025040301020841,LVF2,43,38,500.0,9.12,4560.0,2025-04-03
2025040301020840,TAMOR,95,57,10.0,520.0,5200.0,2025-04-03
2025040305018420,HRL,58,19,21.0,1058.0,22218.0,2025-04-03
2025040305018419,HRL,58,45,99.0,1058.0,104742.0,2025-04-03
2025040305018418,HRL,58,63,80.0,1058.0,84640.0,2025-04-03
2025040303011412,SINDU,11,38,100.0,1101.2,110120.0,2025-04-03
2025040303011411,PROFL,63,74,260.0,550.0,143000.0,2025-04-03
2025040303011410,PROFL,21,74,100.0,550.1,55010.0,2025-04-03
2025040301020839,GMLI,55,21,10.0,2410.0,24100.0,2025-04-03
2025040303011409,HLI,75,58,44.0,440.0,19360.0,2025-04-03
2025040303011408,HLI,75,45,125.0,439.9,54987.5,2025-04-03
2025040303011407,HLI,75,62,251.0,439.9,110414.9,2025-04-03
2025040303011406,HLI,75,13,70.0,439.0,30730.0,2025-04-03
2025040303011405,HLI,75,33,10.0,438.1,4381.0,2025-04-03
2025040303011404,SLBSL,34,41,20.0,1950.0,39000.0,2025-04-03
2025040303011403,RSDC,62,34,500.0,730.3,365150.0,2025-04-03
2025040304017201,NLG,44,21,14.0,898.9,12584.6,2025-04-03
2025040304017200,JOSHI,29,1,10.0,377.5,3775.0,2025-04-03
2025040301020838,BNHC,33,6,100.0,502.5,50250.0,2025-04-03
2025040301020837,MCHL,11,4,20.0,575.0,11500.0,2025-04-03
2025040301020836,MCHL,33,4,80.0,575.0,46000.0,2025-04-03
2025040301020835,MCHL,32,4,35.0,575.0,20125.0,2025-04-03
2025040301020834,MCHL,49,4,20.0,575.1,11502.0,2025-04-03
2025040301020833,MCHL,57,4,50.0,575.1,28755.0,2025-04-03
2025040301020832,MCHL,70,4,100.0,575.2,57520.0,2025-04-03
2025040301020831,MCHL,41,4,10.0,575.5,5755.0,2025-04-03
2025040304017199,UPCL,84,38,490.0,295.3,144697.0,2025-04-03
2025040304017198,HPPL,57,16,100.0,650.0,65000.0,2025-04-03
2025040304017197,HPPL,1,16,232.0,650.0,150800.0,2025-04-03
2025040304017196,NGPL,58,25,104.0,264.9,27549.6,2025-04-03
2025040301020830,NYADI,29,58,50.0,625.1,31255.0,2025-04-03
2025040305018417,NRIC,59,55,1800.0,1344.0,2419200.0,2025-04-03
2025040304017195,NGPL,25,55,100.0,264.8,26480.0,2025-04-03
2025040304017194,UPPER,65,34,50.0,200.1,10005.0,2025-04-03
2025040301020829,PRVU,60,45,20.0,215.0,4300.0,2025-04-03
2025040301020828,PRVU,60,8,240.0,215.0,51600.0,2025-04-03
2025040301020827,PRVU,60,35,240.0,215.0,51600.0,2025-04-03
2025040303011402,ALICL,91,56,500.0,765.0,382500.0,2025-04-03
2025040303011401,BFC,45,38,40.0,568.0,22720.0,2025-04-03
2025040304017193,HPPL,1,44,71.0,650.0,46150.0,2025-04-03
2025040304017192,HPPL,84,44,779.0,650.1,506427.9,2025-04-03
2025040304017191,HPPL,47,44,150.0,650.2,97530.0,2025-04-03
2025040303011400,GFCL,44,14,58.0,671.0,38918.0,2025-04-03
2025040301020826,CYCL,25,16,10.0,1610.0,16100.0,2025-04-03
2025040301020825,CYCL,25,59,10.0,1600.0,16000.0,2025-04-03
2025040301020824,NWCL,48,54,60.0,968.0,58080.0,2025-04-03
2025040301020823,NWCL,26,54,50.0,968.1,48405.0,2025-04-03
2025040305018416,CLI,14,32,399.0,502.3,200417.7,2025-04-03
2025040305018415,CLI,14,32,101.0,502.5,50752.5,2025-04-03
2025040301020822,SPC,14,49,365.0,540.0,197100.0,2025-04-03
2025040301020821,SPC,14,39,20.0,540.0,10800.0,2025-04-03
2025040301020820,SPC,14,59,15.0,539.0,8085.0,2025-04-03
2025040303011399,NLICL,36,4,95.0,631.0,59945.0,2025-04-03
2025040301020819,BNHC,36,38,40.0,502.0,20080.0,2025-04-03
2025040301020818,BNHC,11,38,10.0,502.0,5020.0,2025-04-03
2025040303011398,MFIL,70,49,140.0,609.0,85260.0,2025-04-03
2025040303011397,PFL,45,38,50.0,433.0,21650.0,2025-04-03
2025040304017190,UPCL,66,29,10.0,295.5,2955.0,2025-04-03
2025040301020817,BHPL,60,53,65.0,1033.0,67145.0,2025-04-03
2025040301020816,ULHC,72,58,10.0,512.1,5121.0,2025-04-03
2025040301020815,RHGCL,38,58,100.0,535.4,53540.0,2025-04-03
2025040305018414,NRN,34,75,200.0,1681.0,336200.0,2025-04-03
2025040304017189,UPPER,65,55,726.0,200.1,145272.6,2025-04-03
2025040304017188,UPPER,25,55,120.0,200.1,24012.0,2025-04-03
2025040303011396,SLBSL,40,41,20.0,1950.0,39000.0,2025-04-03
2025040303011395,GMFBS,56,3,50.0,1608.0,80400.0,2025-04-03
2025040303011394,MLBBL,57,45,50.0,1526.0,76300.0,2025-04-03
2025040303011393,MLBBL,49,45,50.0,1526.0,76300.0,2025-04-03
2025040303011392,SINDU,33,1,33.0,1100.0,36300.0,2025-04-03
2025040303011391,SINDU,8,1,10.0,1100.0,11000.0,2025-04-03
2025040303011390,SINDU,57,1,100.0,1100.0,110000.0,2025-04-03
2025040303011389,SINDU,59,1,10.0,1100.0,11000.0,2025-04-03
2025040303011388,SINDU,52,1,801.0,1100.0,881100.0,2025-04-03
2025040303011387,SINDU,51,1,40.0,1100.1,44004.0,2025-04-03
2025040303011386,SINDU,94,1,100.0,1100.1,110010.0,2025-04-03
2025040303011385,SINDU,19,1,200.0,1101.0,220200.0,2025-04-03
2025040303011384,SINDU,21,1,100.0,1101.0,110100.0,2025-04-03
2025040303011383,SINDU,45,1,46.0,1101.2,50655.2,2025-04-03
2025040303011382,SINDU,42,1,10.0,1102.0,11020.0,2025-04-03
2025040303011381,SINDU,41,1,50.0,1102.0,55100.0,2025-04-03
2025040304017187,SHPC,45,48,200.0,481.0,96200.0,2025-04-03
2025040304017186,SHPC,45,14,50.0,481.0,24050.0,2025-04-03
2025040304017185,SHPC,45,21,100.0,481.0,48100.0,2025-04-03
2025040305018413,NRIC,59,38,200.0,1344.0,268800.0,2025-04-03
2025040304017184,NIL,53,44,11.0,752.0,8272.0,2025-04-03
2025040301020814,GMLI,95,81,20.0,2407.0,48140.0,2025-04-03
2025040301020813,GMLI,47,81,30.0,2408.0,72240.0,2025-04-03
2025040301020812,GMLI,89,81,20.0,2410.0,48200.0,2025-04-03
2025040301020811,GMLI,19,81,10.0,2410.0,24100.0,2025-04-03
2025040305018412,CHDC,76,50,8.0,2435.0,19480.0,2025-04-03
2025040305018411,CHDC,87,50,92.0,2435.1,224029.2,2025-04-03
2025040301020810,NIMB,7,4,100.0,215.6,21560.0,2025-04-03
2025040303011380,HLI,67,49,100.0,438.0,43800.0,2025-04-03
2025040305018410,MBJC,63,38,200.0,320.5,64100.0,2025-04-03
2025040305018409,MBJC,67,38,15.0,320.6,4809.0,2025-04-03
2025040305018408,MBJC,35,38,20.0,320.7,6414.0,2025-04-03
2025040301020809,BEDC,36,53,275.0,790.0,217250.0,2025-04-03
2025040301020808,BEDC,36,41,100.0,789.9,78990.0,2025-04-03
2025040303011379,NABBC,72,32,10.0,1819.9,18199.0,2025-04-03
2025040301020807,BHL,36,19,11.0,306.0,3366.0,2025-04-03
2025040303011378,SFCL,17,7,184.0,546.1,100482.4,2025-04-03
2025040303011377,RSDC,62,42,20.0,730.3,14606.0,2025-04-03
2025040303011376,MLBL,16,35,124.0,394.0,48856.0,2025-04-03
2025040303011375,MLBL,42,35,176.0,394.0,69344.0,2025-04-03
2025040304017183,UPCL,42,29,550.0,295.5,162525.0,2025-04-03
2025040305018407,GCIL,38,41,11.0,554.4,6098.4,2025-04-03
2025040305018406,NIFRA,17,43,403.0,278.0,112034.0,2025-04-03
2025040305018405,NIFRA,17,62,50.0,278.0,13900.0,2025-04-03
2025040305018404,NIFRA,17,16,54.0,278.0,15012.0,2025-04-03
2025040305018403,NIFRA,17,22,54.0,278.0,15012.0,2025-04-03
2025040305018402,NIFRA,17,52,200.0,278.0,55600.0,2025-04-03
2025040305018401,NIFRA,17,14,100.0,278.0,27800.0,2025-04-03
2025040305018400,NIFRA,17,5,200.0,278.0,55600.0,2025-04-03
2025040305018399,NIFRA,17,25,200.0,277.5,55500.0,2025-04-03
2025040305018398,NIFRA,17,32,54.0,277.5,14985.0,2025-04-03
2025040305018397,NIFRA,17,7,50.0,277.4,13870.0,2025-04-03
2025040305018396,NIFRA,17,75,35.0,277.4,9709.0,2025-04-03
2025040305018395,SHIVM,17,48,100.0,537.0,53700.0,2025-04-03
2025040304017182,CGH,42,92,145.0,868.3,125903.5,2025-04-03
2025040304017181,CGH,16,92,10.0,868.4,8684.0,2025-04-03
2025040304017180,NGPL,25,3,10.0,264.8,2648.0,2025-04-03
2025040305018394,CIT,39,57,10.0,1970.0,19700.0,2025-04-03
2025040301020806,BNT,44,52,10.0,13105.0,131050.0,2025-04-03
2025040305018393,SHIVM,65,45,43.0,536.0,23048.0,2025-04-03
2025040301020805,MKHC,57,91,50.0,522.0,26100.0,2025-04-03
2025040301020804,JBLB,58,54,10.0,1336.0,13360.0,2025-04-03
2025040301020803,SBL,61,50,78.0,290.0,22620.0,2025-04-03
2025040301020802,SBL,53,50,50.0,290.1,14505.0,2025-04-03
2025040303011374,SHINE,48,16,500.0,415.1,207550.0,2025-04-03
2025040301020801,KBSH,95,46,30.0,2260.0,67800.0,2025-04-03
2025040301020800,KBSH,95,8,20.0,2260.0,45200.0,2025-04-03
2025040303011373,NADEP,35,22,20.0,885.0,17700.0,2025-04-03
2025040304017179,HEI,51,13,40.0,605.0,24200.0,2025-04-03
2025040304017178,SHPC,45,86,100.0,480.0,48000.0,2025-04-03
2025040303011372,ACLBSL,33,42,73.0,1078.0,78694.0,2025-04-03
2025040305018392,HRL,96,41,184.0,1059.0,194856.0,2025-04-03
2025040305018391,HRL,96,68,100.0,1059.0,105900.0,2025-04-03
2025040305018390,HRL,96,45,100.0,1059.0,105900.0,2025-04-03
2025040305018389,HRL,96,52,31.0,1059.0,32829.0,2025-04-03
2025040305018388,HRL,96,42,20.0,1059.0,21180.0,2025-04-03
2025040305018387,HRL,96,54,984.0,1059.0,1042056.0,2025-04-03
2025040305018386,HRL,96,3,490.0,1058.9,518861.0,2025-04-03
2025040305018385,HRL,96,35,500.0,1058.9,529450.0,2025-04-03
2025040305018384,HRL,96,22,55.0,1058.9,58239.5,2025-04-03
2025040305018383,HRL,96,1,200.0,1058.9,211780.0,2025-04-03
2025040305018382,HRL,96,45,70.0,1058.9,74123.0,2025-04-03
2025040305018381,HRL,96,45,35.0,1058.9,37061.5,2025-04-03
2025040305018380,HRL,96,49,31.0,1058.1,32801.1,2025-04-03
2025040305018379,HRL,96,32,40.0,1058.0,42320.0,2025-04-03
2025040305018378,HRL,96,33,1000.0,1058.0,1058000.0,2025-04-03
2025040305018377,HRL,96,52,100.0,1058.0,105800.0,2025-04-03
2025040305018376,HRL,96,35,50.0,1058.0,52900.0,2025-04-03
2025040305018375,HRL,96,7,10.0,1058.0,10580.0,2025-04-03
2025040303011371,EDBL,17,57,180.0,630.0,113400.0,2025-04-03
2025040303011370,EDBL,17,14,20.0,630.0,12600.0,2025-04-03
2025040305018374,CHDC,60,11,10.0,2435.2,24352.0,2025-04-03
2025040305018373,NRIC,60,43,1208.0,1343.9,1623431.2,2025-04-03
2025040305018372,CHDC,87,11,10.0,2435.2,24352.0,2025-04-03
2025040301020799,BHDC,40,17,11.0,590.0,6490.0,2025-04-03
2025040303011369,JFL,25,49,165.0,512.1,84496.5,2025-04-03
2025040303011368,SWBBL,17,38,20.0,824.0,16480.0,2025-04-03
2025040303011367,SWBBL,39,38,20.0,824.0,16480.0,2025-04-03
2025040303011366,SWBBL,34,38,50.0,824.2,41210.0,2025-04-03
2025040303011365,SWBBL,38,38,10.0,824.3,8243.0,2025-04-03
2025040304017177,NIL,53,58,30.0,752.0,22560.0,2025-04-03
2025040304017176,NIL,53,49,149.0,752.0,112048.0,2025-04-03
2025040305018371,HRL,65,58,60.0,1057.1,63426.0,2025-04-03
2025040305018370,HRL,16,58,140.0,1057.1,147994.0,2025-04-03
2025040303011364,RSDC,62,34,15.0,730.3,10954.5,2025-04-03
2025040304017175,CHL,5,19,50.0,478.0,23900.0,2025-04-03
2025040301020798,NICA,1,47,130.0,377.6,49088.0,2025-04-03
2025040304017174,NGPL,25,69,500.0,264.8,132400.0,2025-04-03
2025040304017173,NGPL,25,42,181.0,264.8,47928.8,2025-04-03
2025040301020797,MANDU,57,38,20.0,890.0,17800.0,2025-04-03
2025040304017172,CHCL,57,28,46.0,483.0,22218.0,2025-04-03
2025040301020796,TAMOR,50,36,110.0,517.6,56936.0,2025-04-03
2025040301020795,TAMOR,3,36,400.0,517.7,207080.0,2025-04-03
2025040305018369,NRN,34,54,190.0,1681.0,319390.0,2025-04-03
2025040305018368,NRN,58,54,60.0,1681.0,100860.0,2025-04-03
2025040301020794,JBLB,44,6,22.0,1336.0,29392.0,2025-04-03
2025040304017171,API,6,51,370.0,275.0,101750.0,2025-04-03
2025040304017170,API,6,58,137.0,275.0,37675.0,2025-04-03
2025040304017169,API,6,75,100.0,274.0,27400.0,2025-04-03
2025040304017168,UMHL,62,38,90.0,441.0,39690.0,2025-04-03
2025040301020793,RMF2,49,38,300.0,8.97,2691.0,2025-04-03
2025040304017167,UMHL,82,32,1800.0,442.0,795600.0,2025-04-03
2025040304017166,UMHL,82,36,1000.0,442.0,442000.0,2025-04-03
2025040304017165,UMHL,82,62,300.0,442.0,132600.0,2025-04-03
2025040304017164,UMHL,82,48,400.0,442.0,176800.0,2025-04-03
2025040304017163,UMHL,82,1,1000.0,441.9,441900.0,2025-04-03
2025040304017162,UMHL,82,22,500.0,441.8,220900.0,2025-04-03
2025040305018367,CHDC,71,11,50.0,2435.2,121760.0,2025-04-03
2025040303011363,MLBL,74,58,200.0,394.5,78900.0,2025-04-03
2025040301020792,GBIME,6,37,500.0,222.6,111300.0,2025-04-03
2025040301020791,SNLI,58,58,12.0,646.0,7752.0,2025-04-03
2025040305018366,NRM,11,56,21.0,497.0,10437.0,2025-04-03
2025040304017161,NGPL,76,42,188.0,264.8,49782.4,2025-04-03
2025040304017160,MEN,42,17,150.0,591.3,88695.0,2025-04-03
2025040305018365,VLUCL,6,3,10.0,670.3,6703.0,2025-04-03
2025040301020790,SBI,19,29,203.0,415.1,84265.3,2025-04-03
2025040301020789,SBI,22,29,49.0,415.2,20344.8,2025-04-03
2025040305018364,MBJC,19,45,10.0,321.0,3210.0,2025-04-03
2025040301020788,PRVU,49,67,200.0,214.0,42800.0,2025-04-03
2025040301020787,MMKJL,49,67,10.0,696.0,6960.0,2025-04-03
2025040303011362,SWMF,85,13,28.0,742.0,20776.0,2025-04-03
2025040301020786,UHEWA,49,47,40.0,735.0,29400.0,2025-04-03
2025040305018363,HATHY,56,32,10.0,1378.0,13780.0,2025-04-03
2025040303011361,SLBBL,66,22,65.0,978.0,63570.0,2025-04-03
2025040303011360,SLBBL,66,58,10.0,978.0,9780.0,2025-04-03
2025040303011359,SLBBL,66,52,10.0,978.0,9780.0,2025-04-03
2025040303011358,SLBBL,66,56,10.0,978.0,9780.0,2025-04-03
2025040303011357,SLBBL,66,11,15.0,978.0,14670.0,2025-04-03
2025040303011356,SLBBL,66,45,10.0,975.0,9750.0,2025-04-03
2025040303011355,SLBBL,66,21,10.0,975.0,9750.0,2025-04-03
2025040303011354,SLBBL,66,66,10.0,975.0,9750.0,2025-04-03
2025040303011353,SLBBL,66,35,10.0,975.0,9750.0,2025-04-03
2025040303011352,SLBBL,66,35,10.0,975.0,9750.0,2025-04-03
2025040303011351,SLBBL,66,6,10.0,974.0,9740.0,2025-04-03
2025040303011350,SLBBL,66,48,10.0,974.0,9740.0,2025-04-03
2025040303011349,SLBBL,66,29,100.0,973.0,97300.0,2025-04-03
2025040303011348,SLBBL,66,58,10.0,973.0,9730.0,2025-04-03
2025040303011347,SLBBL,66,58,10.0,972.0,9720.0,2025-04-03
2025040303011346,LICN,48,6,50.0,1005.0,50250.0,2025-04-03
2025040301020785,BGWT,53,4,770.0,1028.8,792176.0,2025-04-03
2025040301020784,BGWT,53,81,150.0,1028.0,154200.0,2025-04-03
2025040301020783,BGWT,53,34,80.0,1027.9,82232.0,2025-04-03
2025040304017159,LEC,36,80,775.0,207.0,160425.0,2025-04-03
2025040301020782,GMLI,45,46,10.0,2411.0,24110.0,2025-04-03
2025040304017158,SALICO,65,13,1000.0,714.3,714300.0,2025-04-03
2025040304017157,HPPL,42,41,380.0,652.0,247760.0,2025-04-03
2025040304017156,HPPL,42,33,10.0,651.0,6510.0,2025-04-03
2025040304017155,HPPL,42,34,10.0,651.0,6510.0,2025-04-03
2025040304017154,HPPL,42,16,600.0,651.0,390600.0,2025-04-03
2025040303011345,ICFC,17,35,90.0,609.0,54810.0,2025-04-03
2025040304017153,UMRH,61,39,150.0,609.0,91350.0,2025-04-03
2025040304017152,UMRH,32,39,41.0,609.0,24969.0,2025-04-03
2025040305018362,NIFRA,1,29,250.0,277.1,69275.0,2025-04-03
2025040304017151,UPPER,36,26,100.0,201.8,20180.0,2025-04-03
2025040301020781,NICA,57,47,500.0,377.6,188800.0,2025-04-03
2025040304017150,HURJA,51,57,25.0,240.5,6012.5,2025-04-03
2025040303011344,USLB,6,42,10.0,1636.0,16360.0,2025-04-03
2025040301020780,TAMOR,3,49,10.0,517.7,5177.0,2025-04-03
2025040304017149,UMRH,32,55,30.0,609.0,18270.0,2025-04-03
2025040303011343,SAPDBL,55,39,10.0,1100.0,11000.0,2025-04-03
2025040303011342,RLFL,21,86,500.0,546.0,273000.0,2025-04-03
2025040301020779,GVL,35,58,30.0,505.2,15156.0,2025-04-03
2025040301020778,GVL,57,58,20.0,505.2,10104.0,2025-04-03
2025040301020777,GVL,40,58,200.0,505.2,101040.0,2025-04-03
2025040301020776,GVL,58,58,50.0,505.2,25260.0,2025-04-03
2025040301020775,GVL,52,58,100.0,505.2,50520.0,2025-04-03
2025040301020774,GVL,17,58,100.0,505.2,50520.0,2025-04-03
2025040304017148,BARUN,39,58,30.0,513.0,15390.0,2025-04-03
2025040303011341,MPFL,52,21,50.0,647.0,32350.0,2025-04-03
2025040305018361,SHIVM,17,48,60.0,537.0,32220.0,2025-04-03
2025040303011340,SMPDA,49,17,29.0,938.2,27207.8,2025-04-03
2025040303011339,SMPDA,66,17,10.0,939.0,9390.0,2025-04-03
2025040303011338,SMPDA,32,17,80.0,939.0,75120.0,2025-04-03
2025040303011337,SMPDA,50,17,81.0,940.0,76140.0,2025-04-03
2025040301020773,SIKLES,52,19,10.0,1135.3,11353.0,2025-04-03
2025040301020772,PRVU,49,59,225.0,214.0,48150.0,2025-04-03
2025040304017147,UMHL,62,45,1000.0,441.0,441000.0,2025-04-03
2025040301020771,CITY,57,26,50.0,855.0,42750.0,2025-04-03
2025040301020770,BHDC,49,41,10.0,590.0,5900.0,2025-04-03
2025040303011336,SMPDA,50,38,19.0,940.0,17860.0,2025-04-03
2025040304017146,SICL,22,49,40.0,778.0,31120.0,2025-04-03
2025040304017145,SICL,22,34,60.0,775.1,46506.0,2025-04-03
2025040305018360,NRM,11,35,210.0,497.0,104370.0,2025-04-03
2025040301020769,GBIME,6,42,34.0,222.6,7568.4,2025-04-03
2025040301020768,GBIME,33,42,966.0,223.0,215418.0,2025-04-03
2025040304017144,HPPL,47,26,50.0,650.2,32510.0,2025-04-03
2025040304017143,GHL,44,25,100.0,273.9,27390.0,2025-04-03
2025040305018359,HRL,45,52,100.0,1058.0,105800.0,2025-04-03
2025040303011335,HLBSL,49,57,18.0,970.0,17460.0,2025-04-03
2025040303011334,HLBSL,58,57,30.0,970.0,29100.0,2025-04-03
2025040303011333,HLBSL,86,57,57.0,970.0,55290.0,2025-04-03
2025040303011332,HLBSL,71,57,95.0,970.1,92159.5,2025-04-03
2025040304017142,AKJCL,34,50,1800.0,203.1,365580.0,2025-04-03
2025040304017141,GHL,35,32,383.0,273.1,104597.3,2025-04-03
2025040304017140,GHL,51,32,50.0,273.1,13655.0,2025-04-03
2025040304017139,GHL,6,32,300.0,273.1,81930.0,2025-04-03
2025040304017138,GHL,4,32,445.0,273.3,121618.5,2025-04-03
2025040304017137,GHL,34,32,90.0,273.5,24615.0,2025-04-03
2025040304017136,GHL,56,32,1000.0,273.5,273500.0,2025-04-03
2025040304017135,GHL,7,32,20.0,273.5,5470.0,2025-04-03
2025040304017134,GHL,50,32,112.0,273.5,30632.0,2025-04-03
2025040304017133,GHL,34,32,100.0,273.7,27370.0,2025-04-03
2025040304017132,GHL,56,32,500.0,273.7,136850.0,2025-04-03
2025040303011331,GFCL,1,14,20.0,671.0,13420.0,2025-04-03
2025040304017131,JOSHI,4,57,100.0,375.5,37550.0,2025-04-03
2025040304017130,PRIN,22,38,90.0,936.1,84249.0,2025-04-03
2025040304017129,PRIN,62,38,100.0,936.1,93610.0,2025-04-03
2025040304017128,PRIN,58,38,10.0,936.5,9365.0,2025-04-03
2025040303011330,SHINE,52,74,100.0,415.0,41500.0,2025-04-03
2025040305018358,CIT,59,62,50.0,1969.0,98450.0,2025-04-03
2025040303011329,SMB,34,38,10.0,2456.0,24560.0,2025-04-03
2025040305018357,PSF,32,56,200.0,10.2,2040.0,2025-04-03
2025040304017127,IGI,42,41,50.0,571.9,28595.0,2025-04-03
2025040304017126,DHPL,58,59,300.0,391.1,117330.0,2025-04-03
2025040304017125,HURJA,52,51,29.0,241.0,6989.0,2025-04-03
2025040301020767,PRVU,49,59,9012.0,214.0,1928568.0,2025-04-03
2025040301020766,PRVU,56,59,200.0,214.1,42820.0,2025-04-03
2025040301020765,PRVU,8,59,788.0,214.1,168710.8,2025-04-03
2025040301020764,GMLI,95,59,20.0,2407.0,48140.0,2025-04-03
2025040301020763,GMLI,29,59,80.0,2407.1,192568.0,2025-04-03
2025040301020762,GMLI,21,59,40.0,2407.3,96292.0,2025-04-03
2025040301020761,GMLI,40,59,10.0,2407.4,24074.0,2025-04-03
2025040301020760,GMLI,45,14,10.0,2410.0,24100.0,2025-04-03
2025040303011328,KSBBL,28,29,50.0,437.9,21895.0,2025-04-03
2025040301020759,HIDCLP,28,67,140.0,179.5,25130.0,2025-04-03
2025040301020758,HIDCLP,28,55,45.0,179.2,8064.0,2025-04-03
2025040301020757,HIDCLP,28,29,100.0,179.0,17900.0,2025-04-03
2025040301020756,HIDCLP,28,58,290.0,179.0,51910.0,2025-04-03
2025040301020755,HIDCLP,28,17,100.0,179.0,17900.0,2025-04-03
2025040301020754,HIDCLP,28,82,260.0,179.0,46540.0,2025-04-03
2025040301020753,HIDCLP,28,34,300.0,179.0,53700.0,2025-04-03
2025040301020752,HIDCLP,28,3,220.0,179.0,39380.0,2025-04-03
2025040301020751,HIDCLP,28,49,5000.0,178.9,894500.0,2025-04-03
2025040301020750,HIDCLP,28,57,800.0,178.0,142400.0,2025-04-03
2025040301020749,HIDCLP,28,55,300.0,178.0,53400.0,2025-04-03
2025040301020748,HIDCLP,28,74,350.0,178.0,62300.0,2025-04-03
2025040301020747,HIDCLP,28,94,1650.0,178.0,293700.0,2025-04-03
2025040301020746,HIDCLP,28,29,445.0,177.0,78765.0,2025-04-03
2025040301020745,NICGF2,20,63,100.0,8.77,877.0,2025-04-03
2025040301020744,NICGF2,20,43,1100.0,8.77,9647.0,2025-04-03
2025040301020743,GBIME,33,97,110.0,223.0,24530.0,2025-04-03
2025040301020742,GBIME,33,45,50.0,223.0,11150.0,2025-04-03
2025040301020741,GBIME,33,26,374.0,223.0,83402.0,2025-04-03
2025040301020740,GMLI,21,89,10.0,2407.3,24073.0,2025-04-03
2025040305018356,SONA,57,40,300.0,469.0,140700.0,2025-04-03
2025040304017124,SSHL,44,32,200.0,230.0,46000.0,2025-04-03
2025040301020739,MLBS,29,49,14.0,1745.1,24431.4,2025-04-03
2025040301020738,MLBS,32,49,15.0,1746.1,26191.5,2025-04-03
2025040301020737,MLBS,34,49,50.0,1746.2,87310.0,2025-04-03
2025040301020736,MLBS,56,49,30.0,1746.3,52389.0,2025-04-03
2025040301020735,MLBS,1,49,11.0,1751.0,19261.0,2025-04-03
2025040305018355,GCIL,16,41,200.0,555.0,111000.0,2025-04-03
2025040304017123,RADHI,16,16,20.0,441.0,8820.0,2025-04-03
2025040304017122,RADHI,58,16,208.0,441.0,91728.0,2025-04-03
2025040303011327,NLICL,36,5,55.0,631.0,34705.0,2025-04-03
2025040301020734,ULBSL,32,38,25.0,3262.5,81562.5,2025-04-03
2025040301020733,ULBSL,51,38,10.0,3273.0,32730.0,2025-04-03
2025040301020732,ULBSL,66,38,10.0,3273.2,32732.0,2025-04-03
2025040301020731,KDL,11,7,271.0,1104.0,299184.0,2025-04-03
2025040301020730,GMLI,83,55,10.0,2408.0,24080.0,2025-04-03
2025040304017121,RHPL,21,34,483.0,382.0,184506.0,2025-04-03
2025040304017120,RHPL,21,59,17.0,382.0,6494.0,2025-04-03
2025040304017119,KKHC,63,56,340.0,345.1,117334.0,2025-04-03
2025040304017118,SSHL,41,55,135.0,230.1,31063.5,2025-04-03
2025040304017117,RHPL,58,36,100.0,381.2,38120.0,2025-04-03
2025040301020729,TPC,34,42,50.0,535.0,26750.0,2025-04-03
2025040301020728,UNLB,38,26,20.0,2222.0,44440.0,2025-04-03
2025040301020727,UNLB,55,26,10.0,2230.0,22300.0,2025-04-03
2025040303011326,LICN,32,43,39.0,1002.0,39078.0,2025-04-03
2025040305018354,NRIC,45,1,110.0,1343.1,147741.0,2025-04-03
2025040304017116,NICL,98,53,50.0,813.9,40695.0,2025-04-03
2025040305018353,HRL,18,8,10.0,1058.0,10580.0,2025-04-03
2025040305018352,HRL,18,14,20.0,1058.0,21160.0,2025-04-03
2025040305018351,HRL,18,81,300.0,1058.0,317400.0,2025-04-03
2025040305018350,HRL,18,14,30.0,1058.0,31740.0,2025-04-03
2025040301020726,ULBSL,57,6,40.0,3280.0,131200.0,2025-04-03
2025040305018349,NRN,58,57,40.0,1681.0,67240.0,2025-04-03
2025040305018348,NRN,58,57,60.0,1681.0,100860.0,2025-04-03
2025040305018347,GCIL,14,41,200.0,555.0,111000.0,2025-04-03
2025040304017115,MHNL,34,4,35.0,262.1,9173.5,2025-04-03
2025040304017114,MHNL,22,4,247.0,262.2,64763.4,2025-04-03
2025040304017113,MHNL,53,4,48.0,262.2,12585.6,2025-04-03
2025040304017112,SICL,6,34,50.0,775.1,38755.0,2025-04-03
2025040305018346,NRN,58,49,40.0,1681.0,67240.0,2025-04-03
2025040305018345,NRN,45,49,60.0,1681.0,100860.0,2025-04-03
2025040303011325,SINDU,45,66,150.0,1101.2,165180.0,2025-04-03
2025040304017111,RADHI,58,53,95.0,441.0,41895.0,2025-04-03
2025040303011324,ILBS,1,22,19.0,923.0,17537.0,2025-04-03
2025040304017110,SICL,44,34,50.0,775.1,38755.0,2025-04-03
2025040301020725,SRLI,58,34,123.0,416.0,51168.0,2025-04-03
2025040301020724,SRLI,77,34,363.0,416.0,151008.0,2025-04-03
2025040301020723,SRLI,38,34,14.0,416.1,5825.4,2025-04-03
2025040304017109,UMHL,62,34,7747.0,441.0,3416427.0,2025-04-03
2025040304017108,UMHL,62,34,2253.0,441.0,993573.0,2025-04-03
2025040301020722,NYADI,41,38,10.0,628.0,6280.0,2025-04-03
2025040305018344,RNLI,16,41,50.0,544.1,27205.0,2025-04-03
2025040304017107,SHPC,45,17,50.0,480.0,24000.0,2025-04-03
2025040305018343,ENL,41,7,100.0,1245.0,124500.0,2025-04-03
2025040304017106,JOSHI,18,92,861.0,373.0,321153.0,2025-04-03
2025040304017105,JOSHI,32,92,10.0,373.0,3730.0,2025-04-03
2025040304017104,JOSHI,42,92,342.0,373.0,127566.0,2025-04-03
2025040304017103,JOSHI,11,92,140.0,373.1,52234.0,2025-04-03
2025040304017102,JOSHI,54,92,20.0,374.0,7480.0,2025-04-03
2025040304017101,JOSHI,13,92,258.0,374.0,96492.0,2025-04-03
2025040303011323,ILBS,29,17,100.0,928.0,92800.0,2025-04-03
2025040305018342,PHCL,17,65,1434.0,610.0,874740.0,2025-04-03
2025040304017100,GLH,53,44,25.0,238.5,5962.5,2025-04-03
2025040304017099,GLH,58,44,22.0,238.5,5247.0,2025-04-03
2025040301020721,BEDC,33,25,200.0,789.1,157820.0,2025-04-03
2025040301020720,BEDC,35,25,20.0,789.2,15784.0,2025-04-03
2025040301020719,BEDC,52,25,345.0,789.9,272515.5,2025-04-03
2025040303011322,ALBSL,25,32,10.0,830.0,8300.0,2025-04-03
2025040303011321,SINDU,45,47,48.0,1101.2,52857.6,2025-04-03
2025040304017098,UNHPL,57,4,258.0,313.2,80805.6,2025-04-03
2025040304017097,UNHPL,26,4,10.0,313.2,3132.0,2025-04-03
2025040304017096,UNHPL,67,4,249.0,313.3,78011.7,2025-04-03
2025040304017095,UNHPL,43,4,10.0,313.4,3134.0,2025-04-03
2025040304017094,UNHPL,57,4,50.0,313.5,15675.0,2025-04-03
2025040304017093,UNHPL,6,4,20.0,314.0,6280.0,2025-04-03
2025040304017092,UNHPL,52,4,100.0,314.0,31400.0,2025-04-03
2025040304017091,UNHPL,49,4,601.0,314.0,188714.0,2025-04-03
2025040304017090,PPCL,74,95,100.0,317.5,31750.0,2025-04-03
2025040305018341,ILI,49,38,10.0,468.0,4680.0,2025-04-03
2025040303011320,SMB,58,38,21.0,2456.0,51576.0,2025-04-03
2025040301020718,NYADI,25,38,80.0,628.0,50240.0,2025-04-03
2025040301020717,NYADI,54,38,25.0,628.1,15702.5,2025-04-03
2025040304017089,HDHPC,48,7,50.0,199.5,9975.0,2025-04-03
2025040305018340,HATHY,56,56,174.0,1378.0,239772.0,2025-04-03
2025040305018339,HATHY,56,34,10.0,1378.0,13780.0,2025-04-03
2025040305018338,HATHY,56,25,20.0,1378.0,27560.0,2025-04-03
2025040303011319,ICFC,29,35,200.0,609.0,121800.0,2025-04-03
2025040303011318,ICFC,16,35,70.0,609.0,42630.0,2025-04-03
2025040303011317,ICFC,65,35,410.0,609.0,249690.0,2025-04-03
2025040305018337,NTC,34,17,490.0,900.2,441098.0,2025-04-03
2025040305018336,NTC,67,17,10.0,900.3,9003.0,2025-04-03
2025040301020716,GMLI,42,45,10.0,2410.0,24100.0,2025-04-03
2025040305018335,HIDCL,45,42,1750.0,275.0,481250.0,2025-04-03
2025040304017088,NLG,43,43,500.0,900.0,450000.0,2025-04-03
2025040304017087,SPDL,29,53,10.0,326.0,3260.0,2025-04-03
2025040303011316,NFS,25,60,100.0,707.9,70790.0,2025-04-03
2025040303011315,SADBL,33,60,85.0,405.1,34433.5,2025-04-03
2025040303011314,SADBL,71,60,58.0,405.2,23501.6,2025-04-03
2025040303011313,SADBL,26,60,10.0,405.2,4052.0,2025-04-03
2025040303011312,SJLIC,52,32,500.0,448.0,224000.0,2025-04-03
2025040303011311,SJLIC,52,47,10.0,448.0,4480.0,2025-04-03
2025040303011310,SJLIC,52,57,10.0,448.0,4480.0,2025-04-03
2025040303011309,SJLIC,52,38,110.0,448.0,49280.0,2025-04-03
2025040304017086,RADHI,58,1,500.0,441.0,220500.0,2025-04-03
2025040303011308,BFC,49,38,44.0,565.1,24864.4,2025-04-03
2025040303011307,BFC,58,38,44.0,566.0,24904.0,2025-04-03
2025040303011306,BFC,38,38,57.0,566.2,32273.4,2025-04-03
2025040303011305,BFC,4,38,45.0,567.1,25519.5,2025-04-03
2025040303011304,BFC,42,38,100.0,567.2,56720.0,2025-04-03
2025040303011303,BFC,42,38,100.0,567.5,56750.0,2025-04-03
2025040301020715,ULHC,41,72,411.0,512.0,210432.0,2025-04-03
2025040301020714,ULHC,1,72,49.0,512.0,25088.0,2025-04-03
2025040301020713,ULHC,14,72,30.0,512.1,15363.0,2025-04-03
2025040305018334,MMF1,48,25,111.0,8.7,965.7,2025-04-03
2025040304017085,NHPC,92,22,33.0,207.0,6831.0,2025-04-03
2025040301020712,NIMB,7,22,50.0,215.6,10780.0,2025-04-03
2025040305018333,ILI,49,58,28.0,468.0,13104.0,2025-04-03
2025040305018332,ILI,49,58,212.0,468.0,99216.0,2025-04-03
2025040305018331,ILI,26,58,34.0,468.0,15912.0,2025-04-03
2025040305018330,ILI,42,58,20.0,468.0,9360.0,2025-04-03
2025040305018329,ILI,45,58,50.0,468.0,23400.0,2025-04-03
2025040305018328,ILI,45,58,56.0,468.0,26208.0,2025-04-03
2025040305018327,NRM,11,34,10.0,497.0,4970.0,2025-04-03
2025040305018326,NRM,58,39,10.0,498.0,4980.0,2025-04-03
2025040304017084,UMRH,22,35,50.0,609.1,30455.0,2025-04-03
2025040304017083,UMRH,38,35,20.0,610.0,12200.0,2025-04-03
2025040301020711,KBSH,42,58,10.0,2260.0,22600.0,2025-04-03
2025040301020710,KBSH,42,62,30.0,2260.0,67800.0,2025-04-03
2025040301020709,KBSH,42,4,10.0,2259.9,22599.0,2025-04-03
2025040303011302,NABBC,28,43,249.0,1810.1,450714.9,2025-04-03
2025040301020708,TSHL,34,29,10.0,821.0,8210.0,2025-04-03
2025040301020707,USHEC,25,42,30.0,614.0,18420.0,2025-04-03
2025040301020706,USHEC,25,38,10.0,614.0,6140.0,2025-04-03
2025040301020705,USHEC,25,21,10.0,614.0,6140.0,2025-04-03
2025040301020704,USHEC,25,22,100.0,614.0,61400.0,2025-04-03
2025040301020703,USHEC,25,52,10.0,614.0,6140.0,2025-04-03
2025040301020702,USHEC,25,17,200.0,614.0,122800.0,2025-04-03
2025040305018325,SONA,55,40,50.0,469.0,23450.0,2025-04-03
2025040301020701,SNLI,58,25,12.0,646.0,7752.0,2025-04-03
2025040303011301,SFCL,8,7,50.0,547.0,27350.0,2025-04-03
2025040304017082,API,65,47,2424.0,273.5,662964.0,2025-04-03
2025040304017081,API,38,47,376.0,273.7,102911.2,2025-04-03
2025040304017080,API,94,47,2000.0,274.0,548000.0,2025-04-03
2025040303011300,LBBL,57,49,19.0,425.0,8075.0,2025-04-03
2025040304017079,HEI,49,32,45.0,604.0,27180.0,2025-04-03
2025040304017078,AHPC,6,16,39.0,252.0,9828.0,2025-04-03
2025040304017077,AHPC,22,16,30.0,252.0,7560.0,2025-04-03
2025040304017076,AHPC,49,16,30.0,252.0,7560.0,2025-04-03
2025040304017075,AHPC,58,16,57.0,252.0,14364.0,2025-04-03
2025040304017074,AHPC,34,16,2844.0,252.1,716972.4,2025-04-03
2025040303011299,MPFL,52,49,100.0,647.0,64700.0,2025-04-03
2025040301020700,AVYAN,77,49,190.0,1072.0,203680.0,2025-04-03
2025040301020699,AVYAN,58,49,10.0,1073.0,10730.0,2025-04-03
2025040305018324,GCIL,38,38,650.0,554.4,360360.0,2025-04-03
2025040304017073,NHPC,92,99,37.0,207.0,7659.0,2025-04-03
2025040304017072,NHPC,35,99,50.0,207.0,10350.0,2025-04-03
2025040304017071,NHPC,36,99,200.0,207.0,41400.0,2025-04-03
