transaction,symbol,buyer,seller,quantity,rate,amount,date
2024042404005977,RHPL,59,45,205.0,264.0,54120.0,2024-04-24
2024042401018122,SAHAS,71,49,10.0,501.1,5011.0,2024-04-24
2024042401018121,SAHAS,71,58,10.0,501.0,5010.0,2024-04-24
2024042401018120,SAHAS,71,17,10.0,501.0,5010.0,2024-04-24
2024042404005976,JOSHI,71,58,10.0,348.0,3480.0,2024-04-24
2024042401018119,BNHC,53,7,10.0,454.9,4549.0,2024-04-24
2024042403009222,SAPDBL,74,34,10.0,294.0,2940.0,2024-04-24
2024042401018118,EBL,39,42,10.0,505.9,5059.0,2024-04-24
2024042404005975,API,39,34,272.0,171.6,46675.2,2024-04-24
2024042401018117,MEHL,49,35,10.0,315.0,3150.0,2024-04-24
2024042401018116,NYADI,33,16,10.0,297.1,2971.0,2024-04-24
2024042403009221,SWBBL,16,17,10.0,724.9,7249.0,2024-04-24
2024042403009220,GUFL,41,35,150.0,768.9,115335.0,2024-04-24
2024042403009219,LLBS,34,35,10.0,897.6,8976.0,2024-04-24
2024042401018115,MANDU,65,38,50.0,758.0,37900.0,2024-04-24
2024042401018114,MANDU,65,45,330.0,757.9,250107.0,2024-04-24
2024042401018113,MANDU,65,49,10.0,757.8,7578.0,2024-04-24
2024042401018112,MANDU,65,45,20.0,757.0,15140.0,2024-04-24
2024042401018111,MANDU,65,65,90.0,757.0,68130.0,2024-04-24
2024042404005974,MHNL,83,4,100.0,224.5,22450.0,2024-04-24
2024042401018110,MKHL,42,49,10.0,470.0,4700.0,2024-04-24
2024042404005973,BARUN,60,42,41.0,233.0,9553.0,2024-04-24
2024042401018109,TSHL,42,46,30.0,522.0,15660.0,2024-04-24
2024042403009218,ALBSL,44,42,10.0,717.0,7170.0,2024-04-24
2024042403009217,GUFL,26,45,10.0,769.0,7690.0,2024-04-24
2024042403009216,NADEP,64,58,30.0,678.0,20340.0,2024-04-24
2024042401018108,CYCL,25,55,10.0,1587.1,15871.0,2024-04-24
2024042401018107,CYCL,62,55,10.0,1589.9,15899.0,2024-04-24
2024042401018106,CYCL,25,55,11.0,1590.1,17491.1,2024-04-24
2024042401018105,CYCL,25,55,11.0,1590.9,17499.9,2024-04-24
2024042401018104,CYCL,25,55,10.0,1591.1,15911.0,2024-04-24
2024042401018103,CYCL,25,55,10.0,1591.9,15919.0,2024-04-24
2024042401018102,CYCL,25,55,10.0,1592.1,15921.0,2024-04-24
2024042401018101,CYCL,68,55,10.0,1593.0,15930.0,2024-04-24
2024042401018100,CYCL,25,55,11.0,1593.1,17524.1,2024-04-24
2024042401018099,CYCL,25,55,11.0,1595.1,17546.1,2024-04-24
2024042401018098,PPL,58,21,20.0,660.0,13200.0,2024-04-24
2024042401018097,MANDU,58,45,10.0,755.0,7550.0,2024-04-24
2024042403009215,JFL,69,49,60.0,447.6,26856.0,2024-04-24
2024042401018096,NICA,54,52,802.0,351.0,281502.0,2024-04-24
2024042401018095,NICA,54,58,198.0,351.0,69498.0,2024-04-24
2024042401018094,MKHC,5,65,10.0,324.0,3240.0,2024-04-24
2024042403009214,SADBL,1,49,10.0,293.9,2939.0,2024-04-24
2024042404005972,UPPER,18,45,10.0,166.5,1665.0,2024-04-24
2024042401018093,PPL,20,21,25.0,660.0,16500.0,2024-04-24
2024042401018092,MEHL,43,34,10.0,314.8,3148.0,2024-04-24
2024042401018091,MEHL,43,58,10.0,314.0,3140.0,2024-04-24
2024042401018090,KBL,48,34,408.0,132.9,54223.2,2024-04-24
2024042401018089,KBL,48,42,500.0,132.8,66400.0,2024-04-24
2024042401018088,KBL,48,57,23.0,132.5,3047.5,2024-04-24
2024042401018087,KBL,48,16,243.0,132.0,32076.0,2024-04-24
2024042401018086,KBL,48,29,26.0,131.8,3426.8,2024-04-24
2024042401018085,GBIME,32,45,50.0,177.6,8880.0,2024-04-24
2024042403009213,SIFC,63,26,62.0,378.0,23436.0,2024-04-24
2024042403009212,SIFC,63,6,18.0,377.0,6786.0,2024-04-24
2024042401018084,PPL,71,21,50.0,660.0,33000.0,2024-04-24
2024042403009211,NFS,71,38,10.0,456.9,4569.0,2024-04-24
2024042401018083,CITY,68,58,20.0,583.9,11678.0,2024-04-24
2024042401018082,NRM,53,19,30.0,354.9,10647.0,2024-04-24
2024042404005971,RIDI,56,36,500.0,168.5,84250.0,2024-04-24
2024042404005970,RIDI,56,57,100.0,168.0,16800.0,2024-04-24
2024042401018081,IHL,56,38,10.0,378.9,3789.0,2024-04-24
2024042401018080,MAKAR,38,42,10.0,387.0,3870.0,2024-04-24
2024042404005969,NGPL,16,38,100.0,315.5,31550.0,2024-04-24
2024042401018079,HHL,39,58,10.0,364.0,3640.0,2024-04-24
2024042401018078,HHL,39,57,10.0,363.1,3631.0,2024-04-24
2024042401018077,HHL,39,65,585.0,363.0,212355.0,2024-04-24
2024042401018076,HHL,39,57,265.0,362.9,96168.5,2024-04-24
2024042401018075,UHEWA,49,47,10.0,415.0,4150.0,2024-04-24
2024042404005968,CGH,95,53,50.0,780.0,39000.0,2024-04-24
2024042401018074,PPL,65,21,20.0,660.0,13200.0,2024-04-24
2024042401018073,MBJC,62,65,10.0,296.0,2960.0,2024-04-24
2024042401018072,PPL,65,21,20.0,660.0,13200.0,2024-04-24
2024042401018071,CYCL,25,36,30.0,1601.1,48033.0,2024-04-24
2024042403009210,NLIC,72,5,10.0,588.0,5880.0,2024-04-24
2024042403009209,NLIC,72,29,10.0,587.0,5870.0,2024-04-24
2024042401018070,SONA,19,74,50.0,447.0,22350.0,2024-04-24
2024042403009208,GUFL,22,45,310.0,769.0,238390.0,2024-04-24
2024042403009207,GUFL,22,16,100.0,769.0,76900.0,2024-04-24
2024042403009206,GUFL,22,34,90.0,769.0,69210.0,2024-04-24
2024042404005967,JOSHI,38,22,70.0,347.9,24353.0,2024-04-24
2024042404005966,UPCL,22,6,10.0,195.9,1959.0,2024-04-24
2024042403009205,GBLBS,22,49,10.0,611.9,6119.0,2024-04-24
2024042401018069,VLUCL,26,42,10.0,469.4,4694.0,2024-04-24
2024042401018068,MKLB,42,16,10.0,955.0,9550.0,2024-04-24
2024042404005965,CHL,42,3,100.0,326.1,32610.0,2024-04-24
2024042404005964,SHL,34,44,350.0,429.0,150150.0,2024-04-24
2024042401018067,TVCL,14,17,10.0,469.9,4699.0,2024-04-24
2024042401018066,TVCL,14,36,10.0,469.8,4698.0,2024-04-24
2024042401018065,MKHC,64,65,30.0,324.0,9720.0,2024-04-24
2024042401018064,BNHC,5,77,429.0,445.0,190905.0,2024-04-24
2024042401018063,BNHC,66,77,101.0,445.0,44945.0,2024-04-24
2024042401018062,BNHC,13,77,25.0,445.0,11125.0,2024-04-24
2024042401018061,BNHC,48,77,50.0,445.0,22250.0,2024-04-24
2024042401018060,BNHC,38,77,30.0,445.0,13350.0,2024-04-24
2024042401018059,BNHC,53,77,165.0,445.1,73441.5,2024-04-24
2024042401018058,SRLI,29,42,10.0,430.0,4300.0,2024-04-24
2024042401018057,SRLI,29,1,10.0,430.0,4300.0,2024-04-24
2024042401018056,PPL,50,21,20.0,660.0,13200.0,2024-04-24
2024042401018055,SBL,50,26,60.0,218.4,13104.0,2024-04-24
2024042405003162,NRN,58,78,20.0,525.0,10500.0,2024-04-24
2024042405003161,NRN,58,65,100.0,514.9,51490.0,2024-04-24
2024042403009204,SFCL,52,20,10.0,318.8,3188.0,2024-04-24
2024042401018054,SHIVM,85,54,31.0,505.0,15655.0,2024-04-24
2024042401018053,SHIVM,51,54,19.0,505.0,9595.0,2024-04-24
2024042405003160,SMATA,88,45,10.0,712.0,7120.0,2024-04-24
2024042401018052,MKLB,88,16,10.0,955.0,9550.0,2024-04-24
2024042405003159,CHDC,61,6,10.0,770.1,7701.0,2024-04-24
2024042401018051,JALPA,6,50,10.0,1239.0,12390.0,2024-04-24
2024042404005963,JOSHI,13,58,500.0,348.0,174000.0,2024-04-24
2024042403009203,DDBL,33,5,48.0,680.0,32640.0,2024-04-24
2024042403009202,DDBL,21,5,35.0,680.0,23800.0,2024-04-24
2024042403009201,DDBL,34,5,50.0,680.0,34000.0,2024-04-24
2024042403009200,DDBL,7,5,40.0,680.0,27200.0,2024-04-24
2024042403009199,DDBL,26,5,85.0,680.0,57800.0,2024-04-24
2024042403009198,DDBL,34,5,22.0,681.0,14982.0,2024-04-24
2024042404005962,UMHL,41,1,150.0,243.9,36585.0,2024-04-24
2024042401018050,PPL,62,21,905.0,660.0,597300.0,2024-04-24
2024042401018049,PPL,62,45,1000.0,659.0,659000.0,2024-04-24
2024042401018048,PPL,62,17,4000.0,655.0,2620000.0,2024-04-24
2024042401018047,PPL,62,91,420.0,650.0,273000.0,2024-04-24
2024042401018046,PPL,62,45,2800.0,617.0,1727600.0,2024-04-24
2024042401018045,PPL,62,38,10.0,617.0,6170.0,2024-04-24
2024042401018044,PPL,62,52,10.0,617.0,6170.0,2024-04-24
2024042401018043,PPL,62,63,400.0,616.9,246760.0,2024-04-24
2024042401018042,PPL,62,47,200.0,616.0,123200.0,2024-04-24
2024042401018041,PPL,62,41,70.0,615.0,43050.0,2024-04-24
2024042401018040,PPL,62,45,10.0,615.0,6150.0,2024-04-24
2024042401018039,PPL,62,59,10.0,614.4,6144.0,2024-04-24
2024042401018038,PPL,62,39,10.0,614.1,6141.0,2024-04-24
2024042401018037,PPL,62,50,20.0,614.0,12280.0,2024-04-24
2024042401018036,PPL,62,49,10.0,614.0,6140.0,2024-04-24
2024042401018035,PPL,62,5,100.0,614.0,61400.0,2024-04-24
2024042401018034,PPL,62,68,10.0,614.0,6140.0,2024-04-24
2024042401018033,PPL,62,60,200.0,613.4,122680.0,2024-04-24
2024042401018032,PPL,62,34,10.0,613.4,6134.0,2024-04-24
2024042401018031,PPL,62,58,10.0,613.3,6133.0,2024-04-24
2024042401018030,PPL,62,58,10.0,613.3,6133.0,2024-04-24
2024042401018029,PPL,62,39,14.0,613.3,8586.2,2024-04-24
2024042401018028,PPL,62,34,10.0,613.3,6133.0,2024-04-24
2024042401018027,PPL,62,66,620.0,613.3,380246.0,2024-04-24
2024042401018026,PPL,62,42,10.0,613.3,6133.0,2024-04-24
2024042401018025,PPL,62,6,1000.0,613.0,613000.0,2024-04-24
2024042401018024,PPL,62,17,250.0,613.0,153250.0,2024-04-24
2024042401018023,PPL,62,19,10.0,613.0,6130.0,2024-04-24
2024042401018022,PPL,62,81,100.0,613.0,61300.0,2024-04-24
2024042401018021,PPL,62,45,10.0,613.0,6130.0,2024-04-24
2024042401018020,PPL,62,32,10.0,612.0,6120.0,2024-04-24
2024042401018019,PPL,62,64,10.0,612.0,6120.0,2024-04-24
2024042401018018,PPL,62,7,10.0,610.0,6100.0,2024-04-24
2024042401018017,PPL,62,49,10.0,610.0,6100.0,2024-04-24
2024042401018016,PPL,62,58,20.0,610.0,12200.0,2024-04-24
2024042401018015,PPL,62,34,10.0,610.0,6100.0,2024-04-24
2024042401018014,PPL,62,35,10.0,610.0,6100.0,2024-04-24
2024042401018013,PPL,62,42,10.0,610.0,6100.0,2024-04-24
2024042401018012,PPL,62,26,50.0,610.0,30500.0,2024-04-24
2024042401018011,PPL,62,69,339.0,606.5,205603.5,2024-04-24
2024042401018010,PPL,62,4,10.0,606.0,6060.0,2024-04-24
2024042401018009,PPL,62,28,125.0,606.0,75750.0,2024-04-24
2024042401018008,PPL,62,57,10.0,605.0,6050.0,2024-04-24
2024042401018007,PPL,62,61,37.0,605.0,22385.0,2024-04-24
2024042404005961,SSHL,17,26,10.0,161.0,1610.0,2024-04-24
2024042401018006,ILI,34,17,100.0,551.2,55120.0,2024-04-24
2024042404005960,GLH,22,66,170.0,206.0,35020.0,2024-04-24
2024042401018005,SONA,82,74,110.0,447.0,49170.0,2024-04-24
2024042401018004,SONA,21,74,130.0,447.0,58110.0,2024-04-24
2024042405003158,ENL,60,57,10.0,798.0,7980.0,2024-04-24
2024042401018003,PCBL,56,38,151.0,193.5,29218.5,2024-04-24
2024042401018002,PCBL,56,16,99.0,193.0,19107.0,2024-04-24
2024042403009197,GLBSL,38,44,34.0,1940.0,65960.0,2024-04-24
2024042403009196,GLBSL,38,41,13.0,1940.0,25220.0,2024-04-24
2024042403009195,GLBSL,38,39,10.0,1940.0,19400.0,2024-04-24
2024042403009194,GLBSL,38,17,10.0,1940.0,19400.0,2024-04-24
2024042403009193,GLBSL,38,13,50.0,1939.8,96990.0,2024-04-24
2024042403009192,GLBSL,38,29,11.0,1939.0,21329.0,2024-04-24
2024042403009191,GLBSL,38,42,81.0,1939.0,157059.0,2024-04-24
2024042403009190,GLBSL,38,29,20.0,1939.0,38780.0,2024-04-24
2024042403009189,GLBSL,38,74,71.0,1939.0,137669.0,2024-04-24
2024042401018001,BEDC,34,43,118.0,371.8,43872.4,2024-04-24
2024042401018000,BEDC,34,21,20.0,371.0,7420.0,2024-04-24
2024042401017999,BEDC,34,49,10.0,370.1,3701.0,2024-04-24
2024042401017998,BEDC,34,17,10.0,370.0,3700.0,2024-04-24
2024042401017997,BEDC,34,56,10.0,370.0,3700.0,2024-04-24
2024042401017996,BEDC,34,58,10.0,370.0,3700.0,2024-04-24
2024042401017995,BEDC,34,45,100.0,369.8,36980.0,2024-04-24
2024042401017994,BEDC,34,58,10.0,369.7,3697.0,2024-04-24
2024042401017993,BEDC,34,17,10.0,369.0,3690.0,2024-04-24
2024042401017992,BEDC,34,21,22.0,369.0,8118.0,2024-04-24
2024042401017991,BEDC,34,17,10.0,369.0,3690.0,2024-04-24
2024042401017990,BEDC,34,45,50.0,368.9,18445.0,2024-04-24
2024042401017989,BEDC,34,8,10.0,368.0,3680.0,2024-04-24
2024042401017988,BEDC,34,58,10.0,368.0,3680.0,2024-04-24
2024042401017987,BEDC,34,52,10.0,368.0,3680.0,2024-04-24
2024042401017986,BEDC,34,57,10.0,368.0,3680.0,2024-04-24
2024042401017985,BEDC,34,45,80.0,367.0,29360.0,2024-04-24
2024042403009188,GMFBS,49,52,24.0,1120.0,26880.0,2024-04-24
2024042401017984,PPL,35,61,10.0,605.0,6050.0,2024-04-24
2024042403009187,PMLI,7,48,100.0,497.0,49700.0,2024-04-24
2024042401017983,KBSH,72,58,10.0,1050.0,10500.0,2024-04-24
2024042403009186,GUFL,41,42,50.0,768.9,38445.0,2024-04-24
2024042401017982,MCHL,44,64,10.0,382.0,3820.0,2024-04-24
2024042401017981,MKHL,58,26,254.0,469.2,119176.8,2024-04-24
2024042401017980,MKHL,19,26,100.0,469.3,46930.0,2024-04-24
2024042401017979,MKHL,58,26,10.0,469.3,4693.0,2024-04-24
2024042401017978,MKHL,49,26,96.0,469.7,45091.2,2024-04-24
2024042403009185,GRDBL,84,33,480.0,397.9,190992.0,2024-04-24
2024042403009184,GRDBL,84,33,500.0,397.8,198900.0,2024-04-24
2024042403009183,GRDBL,84,48,20.0,396.0,7920.0,2024-04-24
2024042404005959,SJCL,52,58,10.0,274.0,2740.0,2024-04-24
2024042404005958,SJCL,52,42,10.0,272.0,2720.0,2024-04-24
2024042404005957,SJCL,52,7,10.0,272.0,2720.0,2024-04-24
2024042403009182,SFCL,13,20,10.0,318.8,3188.0,2024-04-24
2024042403009181,GRDBL,42,94,200.0,392.0,78400.0,2024-04-24
2024042403009180,GRDBL,34,94,200.0,392.1,78420.0,2024-04-24
2024042401017977,MCHL,58,64,10.0,382.0,3820.0,2024-04-24
2024042404005956,HURJA,1,47,10.0,285.0,2850.0,2024-04-24
2024042401017976,IHL,43,38,10.0,378.9,3789.0,2024-04-24
2024042401017975,SONA,21,63,20.0,447.0,8940.0,2024-04-24
2024042403009179,GUFL,33,34,10.0,769.0,7690.0,2024-04-24
2024042401017974,EBL,33,42,10.0,505.9,5059.0,2024-04-24
2024042401017973,MCHL,60,64,40.0,382.0,15280.0,2024-04-24
2024042404005955,RADHI,22,38,200.0,226.7,45340.0,2024-04-24
2024042403009178,NICLBSL,70,34,10.0,648.0,6480.0,2024-04-24
2024042401017972,MKHL,34,49,50.0,470.0,23500.0,2024-04-24
2024042403009177,NICLBSL,34,36,20.0,649.0,12980.0,2024-04-24
2024042401017971,PHCL,16,49,10.0,299.0,2990.0,2024-04-24
2024042401017970,PHCL,16,52,10.0,298.8,2988.0,2024-04-24
2024042401017969,PHCL,16,57,10.0,298.7,2987.0,2024-04-24
2024042401017968,CLI,47,4,19.0,437.0,8303.0,2024-04-24
2024042401017967,CLI,57,4,11.0,437.2,4809.2,2024-04-24
2024042403009176,NLICL,38,19,10.0,545.0,5450.0,2024-04-24
2024042401017966,KBL,55,42,108.0,131.0,14148.0,2024-04-24
2024042401017965,KBL,34,42,100.0,131.0,13100.0,2024-04-24
2024042401017964,KBL,42,42,30.0,131.0,3930.0,2024-04-24
2024042401017963,KBL,58,42,760.0,131.0,99560.0,2024-04-24
2024042401017962,KBL,58,42,100.0,131.0,13100.0,2024-04-24
2024042401017961,KBL,50,42,902.0,131.0,118162.0,2024-04-24
2024042404005954,KKHC,49,14,66.0,228.0,15048.0,2024-04-24
2024042404005953,KKHC,49,14,134.0,228.0,30552.0,2024-04-24
2024042401017960,NWCL,62,26,80.0,717.0,57360.0,2024-04-24
2024042405003157,CHDC,8,62,10.0,773.0,7730.0,2024-04-24
2024042401017959,KBSH,28,52,10.0,1049.0,10490.0,2024-04-24
2024042403009175,SWBBL,50,17,60.0,724.9,43494.0,2024-04-24
2024042401017958,RHGCL,69,29,10.0,346.8,3468.0,2024-04-24
2024042401017957,RHGCL,69,39,50.0,346.5,17325.0,2024-04-24
2024042401017956,RHGCL,69,70,425.0,346.0,147050.0,2024-04-24
2024042401017955,RHGCL,69,58,500.0,346.0,173000.0,2024-04-24
2024042401017954,RHGCL,69,17,125.0,345.0,43125.0,2024-04-24
2024042401017953,RHGCL,69,58,10.0,345.0,3450.0,2024-04-24
2024042401017952,RHGCL,69,71,153.0,345.0,52785.0,2024-04-24
2024042401017951,RHGCL,69,49,500.0,344.9,172450.0,2024-04-24
2024042401017950,RHGCL,69,16,230.0,344.7,79281.0,2024-04-24
2024042401017949,RHGCL,69,41,162.0,344.0,55728.0,2024-04-24
2024042401017948,RHGCL,69,28,470.0,343.9,161633.0,2024-04-24
2024042401017947,RHGCL,69,16,75.0,341.0,25575.0,2024-04-24
2024042401017946,SARBTM,13,50,10.0,799.9,7999.0,2024-04-24
2024042404005952,UNHPL,45,94,397.0,223.3,88650.1,2024-04-24
2024042404005951,UNHPL,48,94,103.0,223.4,23010.2,2024-04-24
2024042401017945,SPL,57,43,10.0,639.5,6395.0,2024-04-24
2024042403009174,FMDBL,58,45,92.0,600.1,55209.2,2024-04-24
2024042401017944,RFPL,71,69,100.0,370.0,37000.0,2024-04-24
2024042405003156,HIDCL,45,34,485.0,163.0,79055.0,2024-04-24
2024042405003155,HIDCL,45,57,90.0,162.9,14661.0,2024-04-24
2024042405003154,HIDCL,45,21,50.0,162.9,8145.0,2024-04-24
2024042404005950,GHL,49,11,10.0,149.0,1490.0,2024-04-24
2024042401017943,RAWA,36,45,10.0,478.0,4780.0,2024-04-24
2024042403009173,GUFL,41,29,200.0,767.0,153400.0,2024-04-24
2024042405003153,HRL,13,22,30.0,592.1,17763.0,2024-04-24
2024042403009172,BFC,56,44,260.0,347.0,90220.0,2024-04-24
2024042403009171,GUFL,41,54,50.0,765.5,38275.0,2024-04-24
2024042401017942,MCHL,94,64,78.0,382.0,29796.0,2024-04-24
2024042401017941,MCHL,94,13,110.0,381.0,41910.0,2024-04-24
2024042401017940,MCHL,94,8,190.0,380.0,72200.0,2024-04-24
2024042401017939,MCHL,94,70,1002.0,380.0,380760.0,2024-04-24
2024042401017938,MCHL,94,48,120.0,379.0,45480.0,2024-04-24
2024042401017937,HDL,32,13,68.0,1455.0,98940.0,2024-04-24
2024042401017936,HDL,55,13,20.0,1455.0,29100.0,2024-04-24
2024042401017935,HDL,58,13,100.0,1455.0,145500.0,2024-04-24
2024042401017934,HDL,42,13,20.0,1455.0,29100.0,2024-04-24
2024042401017933,HDL,42,13,20.0,1455.0,29100.0,2024-04-24
2024042401017932,HDL,56,13,50.0,1455.0,72750.0,2024-04-24
2024042401017931,HDL,32,13,20.0,1455.0,29100.0,2024-04-24
2024042401017930,HDL,32,13,35.0,1455.0,50925.0,2024-04-24
2024042401017929,HDL,52,13,28.0,1455.0,40740.0,2024-04-24
2024042403009170,ALICL,62,55,19.0,547.0,10393.0,2024-04-24
2024042403009169,ALICL,62,34,26.0,545.1,14172.6,2024-04-24
2024042403009168,MDB,62,18,40.0,427.0,17080.0,2024-04-24
2024042401017928,SHIVM,48,6,325.0,505.1,164157.5,2024-04-24
2024042401017927,SHIVM,48,38,75.0,505.1,37882.5,2024-04-24
2024042404005949,SGIC,66,32,115.0,513.2,59018.0,2024-04-24
2024042403009167,MDB,60,18,10.0,427.0,4270.0,2024-04-24
2024042403009166,MDB,60,45,30.0,424.0,12720.0,2024-04-24
2024042401017926,SARBTM,45,50,10.0,799.9,7999.0,2024-04-24
2024042401017925,KBL,33,29,24.0,131.8,3163.2,2024-04-24
2024042401017924,KBL,33,8,76.0,131.8,10016.8,2024-04-24
2024042403009165,MERO,38,21,10.0,613.0,6130.0,2024-04-24
2024042401017923,NWCL,49,7,10.0,724.0,7240.0,2024-04-24
2024042403009164,SJLIC,34,35,30.0,413.3,12399.0,2024-04-24
2024042404005948,CHCL,49,65,50.0,438.8,21940.0,2024-04-24
2024042401017922,MSHL,58,22,20.0,630.0,12600.0,2024-04-24
2024042401017921,MSHL,58,58,10.0,627.0,6270.0,2024-04-24
2024042401017920,MSHL,58,49,10.0,627.0,6270.0,2024-04-24
2024042401017919,MSHL,58,48,10.0,626.8,6268.0,2024-04-24
2024042401017918,MSHL,58,36,10.0,625.0,6250.0,2024-04-24
2024042401017917,MSHL,58,58,10.0,625.0,6250.0,2024-04-24
2024042401017916,MSHL,58,41,10.0,625.0,6250.0,2024-04-24
2024042401017915,MSHL,58,51,10.0,624.2,6242.0,2024-04-24
2024042401017914,MSHL,58,42,10.0,623.0,6230.0,2024-04-24
2024042405003152,HRL,13,72,140.0,592.1,82894.0,2024-04-24
2024042405003151,HRL,17,72,100.0,592.2,59220.0,2024-04-24
2024042405003150,HRL,17,72,60.0,592.3,35538.0,2024-04-24
2024042405003149,HRL,51,72,10.0,592.4,5924.0,2024-04-24
2024042401017913,KDL,41,34,10.0,770.0,7700.0,2024-04-24
2024042401017912,MEHL,42,49,30.0,313.8,9414.0,2024-04-24
2024042401017911,MEHL,42,65,20.0,313.0,6260.0,2024-04-24
2024042403009163,EDBL,14,34,10.0,353.9,3539.0,2024-04-24
2024042401017910,SONA,21,75,350.0,447.0,156450.0,2024-04-24
2024042401017909,SONA,28,75,300.0,447.0,134100.0,2024-04-24
2024042401017908,SONA,35,75,450.0,447.0,201150.0,2024-04-24
2024042403009162,SMFBS,29,25,10.0,1148.1,11481.0,2024-04-24
2024042401017907,HDL,52,25,50.0,1455.0,72750.0,2024-04-24
2024042403009161,GMFIL,13,38,300.0,355.0,106500.0,2024-04-24
2024042401017906,NMB,43,1,300.0,172.3,51690.0,2024-04-24
2024042401017905,RHGCL,68,16,30.0,341.0,10230.0,2024-04-24
2024042401017904,MBJC,62,33,275.0,296.0,81400.0,2024-04-24
2024042401017903,MBJC,83,33,355.0,296.0,105080.0,2024-04-24
2024042401017902,MBJC,14,33,70.0,296.1,20727.0,2024-04-24
2024042404005947,SGIC,66,45,35.0,513.2,17962.0,2024-04-24
2024042403009160,KSBBL,33,19,10.0,350.0,3500.0,2024-04-24
2024042401017901,KDL,45,45,10.0,756.3,7563.0,2024-04-24
2024042403009159,NICLBSL,53,36,40.0,649.0,25960.0,2024-04-24
2024042401017900,RFPL,28,35,60.0,369.9,22194.0,2024-04-24
2024042401017899,GCIL,34,95,10.0,489.9,4899.0,2024-04-24
2024042401017898,GCIL,53,95,20.0,489.9,9798.0,2024-04-24
2024042405003148,HIDCL,49,58,16.0,162.5,2600.0,2024-04-24
2024042405003147,HIDCL,59,58,466.0,162.5,75725.0,2024-04-24
2024042405003146,HIDCL,38,58,500.0,162.6,81300.0,2024-04-24
2024042401017897,ULHC,36,58,100.0,335.1,33510.0,2024-04-24
2024042404005946,JOSHI,29,58,200.0,348.0,69600.0,2024-04-24
2024042404005945,JOSHI,45,58,100.0,348.0,34800.0,2024-04-24
2024042403009158,MLBSL,45,42,80.0,1677.0,134160.0,2024-04-24
2024042403009157,MLBSL,1,42,10.0,1677.0,16770.0,2024-04-24
2024042404005944,CGH,26,53,50.0,780.0,39000.0,2024-04-24
2024042404005943,AKPL,62,8,10.0,165.4,1654.0,2024-04-24
2024042404005942,AKPL,34,8,70.0,165.5,11585.0,2024-04-24
2024042405003145,NIFRA,41,52,14.0,197.0,2758.0,2024-04-24
2024042405003144,NIFRA,52,52,50.0,197.1,9855.0,2024-04-24
2024042401017896,GCIL,17,63,35.0,490.0,17150.0,2024-04-24
2024042401017895,MHCL,45,45,50.0,383.0,19150.0,2024-04-24
2024042403009156,GBBL,45,14,100.0,358.0,35800.0,2024-04-24
2024042403009155,GBBL,45,33,1320.0,358.0,472560.0,2024-04-24
2024042403009154,GBBL,45,45,32.0,358.0,11456.0,2024-04-24
2024042403009153,GBBL,45,49,245.0,358.0,87710.0,2024-04-24
2024042403009152,DDBL,34,58,40.0,681.0,27240.0,2024-04-24
2024042403009151,SWBBL,50,17,10.0,724.9,7249.0,2024-04-24
2024042401017894,PCBL,54,57,50.0,192.5,9625.0,2024-04-24
2024042401017893,PCBL,54,5,34.0,192.5,6545.0,2024-04-24
2024042401017892,MKCL,58,13,10.0,858.1,8581.0,2024-04-24
2024042401017891,BHL,45,34,100.0,330.0,33000.0,2024-04-24
2024042401017890,GCIL,53,38,10.0,489.9,4899.0,2024-04-24
2024042401017889,BHL,38,44,90.0,329.0,29610.0,2024-04-24
2024042404005941,AKPL,34,57,130.0,165.5,21515.0,2024-04-24
2024042404005940,UPPER,36,19,30.0,166.3,4989.0,2024-04-24
2024042404005939,UPPER,36,46,350.0,166.3,58205.0,2024-04-24
2024042404005938,UPPER,36,35,85.0,166.3,14135.5,2024-04-24
2024042404005937,HDHPC,48,4,642.0,130.2,83588.4,2024-04-24
2024042404005936,HDHPC,34,4,308.0,130.2,40101.6,2024-04-24
2024042403009150,NICLBSL,38,50,1750.0,637.0,1114750.0,2024-04-24
2024042403009149,NICLBSL,58,50,100.0,637.0,63700.0,2024-04-24
2024042403009148,NICLBSL,56,50,100.0,638.0,63800.0,2024-04-24
2024042403009147,NICLBSL,41,50,10.0,638.0,6380.0,2024-04-24
2024042403009146,NICLBSL,42,50,40.0,640.1,25604.0,2024-04-24
2024042403009145,NICLBSL,45,50,100.0,641.0,64100.0,2024-04-24
2024042401017888,BNHC,53,29,10.0,445.1,4451.0,2024-04-24
2024042404005935,SSHL,17,26,10.0,161.0,1610.0,2024-04-24
2024042404005934,AKJCL,57,7,10.0,210.0,2100.0,2024-04-24
2024042404005933,NGPL,33,57,300.0,315.9,94770.0,2024-04-24
2024042401017887,VLUCL,35,41,10.0,475.0,4750.0,2024-04-24
2024042403009144,SINDU,11,36,60.0,350.0,21000.0,2024-04-24
2024042403009143,SINDU,1,36,10.0,350.1,3501.0,2024-04-24
2024042401017886,MBJC,47,56,10.0,298.4,2984.0,2024-04-24
2024042401017885,MBJC,47,58,10.0,298.0,2980.0,2024-04-24
2024042401017884,MBJC,47,1,10.0,297.0,2970.0,2024-04-24
2024042401017883,MBJC,47,55,10.0,297.0,2970.0,2024-04-24
2024042401017882,MBJC,47,75,10.0,297.0,2970.0,2024-04-24
2024042401017881,MMKJL,29,55,10.0,418.0,4180.0,2024-04-24
2024042403009142,GILB,62,45,20.0,979.0,19580.0,2024-04-24
2024042404005932,SPDL,17,26,12.0,229.0,2748.0,2024-04-24
2024042401017880,MCHL,45,45,220.0,376.4,82808.0,2024-04-24
2024042401017879,MCHL,42,45,35.0,376.5,13177.5,2024-04-24
2024042401017878,MCHL,17,45,50.0,376.5,18825.0,2024-04-24
2024042401017877,MCHL,58,45,135.0,376.8,50868.0,2024-04-24
2024042401017876,MCHL,38,45,360.0,376.9,135684.0,2024-04-24
2024042403009141,GUFL,41,38,100.0,765.5,76550.0,2024-04-24
2024042401017875,VLUCL,35,34,10.0,474.9,4749.0,2024-04-24
2024042401017874,MKHL,49,58,20.0,469.7,9394.0,2024-04-24
2024042404005931,RADHI,22,49,20.0,226.8,4536.0,2024-04-24
2024042404005930,NHPC,22,57,50.0,146.3,7315.0,2024-04-24
2024042401017873,PRVU,26,47,10.0,139.6,1396.0,2024-04-24
2024042401017872,MLBS,29,91,10.0,1244.0,12440.0,2024-04-24
2024042401017871,ULHC,13,66,300.0,336.0,100800.0,2024-04-24
2024042403009140,GMFBS,62,46,14.0,1104.0,15456.0,2024-04-24
2024042401017870,UHEWA,32,47,50.0,415.0,20750.0,2024-04-24
2024042401017869,UHEWA,32,26,250.0,414.9,103725.0,2024-04-24
2024042403009139,FMDBL,13,38,100.0,600.3,60030.0,2024-04-24
2024042404005929,CHL,21,38,15.0,326.0,4890.0,2024-04-24
2024042401017868,MLBS,7,91,10.0,1244.0,12440.0,2024-04-24
2024042401017867,PRVU,22,47,10.0,139.6,1396.0,2024-04-24
2024042403009138,GUFL,41,59,2000.0,765.5,1531000.0,2024-04-24
2024042403009137,CBBL,29,42,62.0,820.0,50840.0,2024-04-24
2024042403009136,CBBL,29,17,99.0,820.0,81180.0,2024-04-24
2024042405003143,NTC,41,52,35.0,828.9,29011.5,2024-04-24
2024042403009135,ALICL,6,34,17.0,545.1,9266.7,2024-04-24
2024042401017866,DORDI,45,54,339.0,406.0,137634.0,2024-04-24
2024042401017865,DORDI,33,54,91.0,406.0,36946.0,2024-04-24
2024042401017864,DORDI,28,54,70.0,406.2,28434.0,2024-04-24
2024042403009134,ALICL,17,34,10.0,545.1,5451.0,2024-04-24
2024042404005928,RADHI,74,49,300.0,226.8,68040.0,2024-04-24
2024042401017863,NESDO,35,42,100.0,1696.0,169600.0,2024-04-24
2024042401017862,MBJC,14,22,20.0,296.1,5922.0,2024-04-24
2024042401017861,TAMOR,57,28,10.0,373.0,3730.0,2024-04-24
2024042405003142,HRL,51,11,20.0,592.4,11848.0,2024-04-24
2024042403009133,SMFBS,25,17,10.0,1180.0,11800.0,2024-04-24
2024042403009132,SWMF,94,81,286.0,720.7,206120.2,2024-04-24
2024042403009131,SWMF,56,81,25.0,721.0,18025.0,2024-04-24
2024042403009130,SWMF,6,81,50.0,721.0,36050.0,2024-04-24
2024042403009129,SWMF,72,81,139.0,722.0,100358.0,2024-04-24
2024042404005927,UPCL,5,6,10.0,195.9,1959.0,2024-04-24
2024042401017860,ILI,43,63,10.0,552.0,5520.0,2024-04-24
2024042401017859,BHPL,59,57,100.0,475.3,47530.0,2024-04-24
2024042401017858,MEHL,66,65,1180.0,313.0,369340.0,2024-04-24
2024042401017857,MEHL,66,56,10.0,313.0,3130.0,2024-04-24
2024042401017856,MEHL,66,3,150.0,312.0,46800.0,2024-04-24
2024042401017855,MEHL,66,60,1440.0,312.0,449280.0,2024-04-24
2024042401017854,MEHL,66,38,10.0,311.6,3116.0,2024-04-24
2024042401017853,MEHL,66,36,200.0,311.5,62300.0,2024-04-24
2024042401017852,MEHL,66,49,10.0,311.0,3110.0,2024-04-24
2024042401017851,ULBSL,34,74,12.0,1357.0,16284.0,2024-04-24
2024042401017850,BEDC,29,45,30.0,363.0,10890.0,2024-04-24
2024042401017849,BEDC,29,45,50.0,363.0,18150.0,2024-04-24
2024042401017848,BEDC,38,45,20.0,363.0,7260.0,2024-04-24
2024042403009128,JBBL,34,45,100.0,278.2,27820.0,2024-04-24
2024042401017847,JBLB,57,35,29.0,1280.5,37134.5,2024-04-24
2024042401017846,JBLB,49,35,10.0,1281.0,12810.0,2024-04-24
2024042403009127,GUFL,41,65,2000.0,765.5,1531000.0,2024-04-24
2024042401017845,CLI,47,58,10.0,437.0,4370.0,2024-04-24
2024042401017844,MKHL,91,49,10.0,470.0,4700.0,2024-04-24
2024042401017843,SONA,35,38,50.0,447.0,22350.0,2024-04-24
2024042401017842,SONA,11,38,50.0,447.0,22350.0,2024-04-24
2024042401017841,RHGCL,36,16,20.0,341.0,6820.0,2024-04-24
2024042401017840,RHGCL,5,16,125.0,341.0,42625.0,2024-04-24
2024042404005926,RADHI,53,49,913.0,226.8,207068.4,2024-04-24
2024042403009126,GUFL,41,34,475.0,765.5,363612.5,2024-04-24
2024042401017839,DLBS,42,34,10.0,1134.9,11349.0,2024-04-24
2024042404005925,SSHL,17,26,10.0,161.0,1610.0,2024-04-24
2024042401017838,HHL,32,57,35.0,362.9,12701.5,2024-04-24
2024042401017837,HHL,32,19,275.0,358.5,98587.5,2024-04-24
2024042401017836,NIMB,58,53,506.0,153.0,77418.0,2024-04-24
2024042401017835,NIMB,6,53,55.0,153.0,8415.0,2024-04-24
2024042401017834,NIMB,14,53,1439.0,153.0,220167.0,2024-04-24
2024042404005924,NGPL,45,57,400.0,315.9,126360.0,2024-04-24
2024042404005923,MEN,16,45,26.0,520.0,13520.0,2024-04-24
2024042404005922,MEN,16,25,18.0,520.0,9360.0,2024-04-24
2024042404005921,MEN,16,19,50.0,519.8,25990.0,2024-04-24
2024042404005920,MEN,16,22,20.0,519.0,10380.0,2024-04-24
2024042404005919,MEN,16,42,136.0,519.0,70584.0,2024-04-24
2024042401017833,MKHL,45,49,90.0,470.0,42300.0,2024-04-24
2024042401017832,SONA,35,94,10.0,447.1,4471.0,2024-04-24
2024042401017831,HBLD83,41,58,20.0,1040.0,20800.0,2024-04-24
2024042401017830,CYCL,25,87,10.0,1605.1,16051.0,2024-04-24
2024042403009125,SJLIC,58,22,100.0,413.2,41320.0,2024-04-24
2024042401017829,CLI,47,58,10.0,437.0,4370.0,2024-04-24
2024042403009124,SJLIC,34,22,100.0,413.3,41330.0,2024-04-24
2024042403009123,ICFC,8,22,500.0,496.0,248000.0,2024-04-24
2024042401017828,NICA,42,58,99.0,351.0,34749.0,2024-04-24
2024042401017827,NICA,42,32,101.0,350.5,35400.5,2024-04-24
2024042401017826,MKHC,52,29,180.0,321.0,57780.0,2024-04-24
2024042401017825,SAMAJ,5,49,10.0,1840.0,18400.0,2024-04-24
2024042404005918,AHPC,49,48,50.0,163.2,8160.0,2024-04-24
2024042401017824,UHEWA,57,26,139.0,414.9,57671.1,2024-04-24
2024042401017823,UHEWA,57,45,50.0,414.8,20740.0,2024-04-24
2024042401017822,UHEWA,57,48,83.0,414.1,34370.3,2024-04-24
2024042401017821,UHEWA,57,17,228.0,413.7,94323.6,2024-04-24
2024042401017820,RNLI,25,57,11.0,421.9,4640.9,2024-04-24
2024042401017819,SRLI,38,58,10.0,430.0,4300.0,2024-04-24
2024042401017818,SONA,22,94,100.0,447.1,44710.0,2024-04-24
2024042401017817,CYCL,25,58,13.0,1605.1,20866.3,2024-04-24
2024042404005917,SALICO,42,57,47.0,602.0,28294.0,2024-04-24
2024042404005916,RIDI,26,40,100.0,167.0,16700.0,2024-04-24
2024042401017816,GBIME,44,50,1210.0,177.5,214775.0,2024-04-24
2024042401017815,GBIME,38,50,90.0,177.6,15984.0,2024-04-24
2024042404005915,CHL,21,65,76.0,326.0,24776.0,2024-04-24
2024042401017814,IHL,43,38,10.0,378.9,3789.0,2024-04-24
2024042403009122,KRBL,14,1,10.0,391.0,3910.0,2024-04-24
2024042403009121,KRBL,58,1,100.0,391.1,39110.0,2024-04-24
2024042403009120,NFS,3,38,100.0,456.0,45600.0,2024-04-24
2024042403009119,NFS,3,38,742.0,456.0,338352.0,2024-04-24
2024042403009118,NFS,3,38,100.0,455.9,45590.0,2024-04-24
2024042401017813,CLI,47,57,11.0,437.0,4807.0,2024-04-24
2024042405003141,NIFRA,41,85,109.0,197.0,21473.0,2024-04-24
2024042405003140,NIFRA,21,85,50.0,197.0,9850.0,2024-04-24
2024042405003139,NIFRA,67,85,200.0,197.0,39400.0,2024-04-24
2024042405003138,NIFRA,83,85,500.0,197.0,98500.0,2024-04-24
2024042401017812,RHGCL,45,28,10.0,343.9,3439.0,2024-04-24
2024042404005914,NICL,34,32,10.0,808.0,8080.0,2024-04-24
2024042401017811,BHL,13,44,100.0,329.0,32900.0,2024-04-24
2024042401017810,BHL,57,44,30.0,329.3,9879.0,2024-04-24
2024042401017809,BHL,34,44,20.0,329.4,6588.0,2024-04-24
2024042403009117,CFCL,58,4,10.0,368.0,3680.0,2024-04-24
2024042404005913,JOSHI,13,21,375.0,350.9,131587.5,2024-04-24
2024042404005912,JOSHI,13,25,200.0,350.0,70000.0,2024-04-24
2024042404005911,JOSHI,13,55,50.0,350.0,17500.0,2024-04-24
2024042404005910,JOSHI,13,57,375.0,350.0,131250.0,2024-04-24
2024042401017808,ILI,57,63,40.0,552.0,22080.0,2024-04-24
2024042403009116,MSLB,44,26,10.0,1110.0,11100.0,2024-04-24
2024042403009115,GFCL,52,42,10.0,445.8,4458.0,2024-04-24
2024042404005909,SICL,6,51,26.0,685.9,17833.4,2024-04-24
2024042401017807,PPL,55,62,20.0,601.4,12028.0,2024-04-24
2024042404005908,MEN,16,32,85.0,517.0,43945.0,2024-04-24
2024042404005907,MEN,42,32,10.0,518.9,5189.0,2024-04-24
2024042401017806,SHLB,70,45,50.0,1235.0,61750.0,2024-04-24
2024042401017805,BNT,32,42,10.0,12738.0,127380.0,2024-04-24
2024042401017804,DORDI,28,57,10.0,406.2,4062.0,2024-04-24
2024042401017803,NIMB,14,57,1300.0,153.0,198900.0,2024-04-24
2024042401017802,NIMB,42,57,200.0,153.1,30620.0,2024-04-24
2024042403009114,BFC,56,53,640.0,347.0,222080.0,2024-04-24
2024042403009113,BFC,22,53,270.0,347.1,93717.0,2024-04-24
2024042401017801,MKHL,45,39,10.0,470.0,4700.0,2024-04-24
2024042403009112,SWMF,10,38,40.0,722.5,28900.0,2024-04-24
2024042401017800,MEL,38,19,30.0,230.5,6915.0,2024-04-24
2024042405003137,HRL,58,45,20.0,592.6,11852.0,2024-04-24
2024042404005906,DHPL,58,53,400.0,198.9,79560.0,2024-04-24
2024042405003136,HRL,51,26,20.0,592.4,11848.0,2024-04-24
2024042403009111,LBBL,6,26,94.0,363.8,34197.2,2024-04-24
2024042403009110,LBBL,22,26,30.0,363.8,10914.0,2024-04-24
2024042405003135,CHDC,28,62,10.0,773.0,7730.0,2024-04-24
2024042401017799,JBLB,49,48,10.0,1281.0,12810.0,2024-04-24
2024042401017798,HDL,57,45,10.0,1456.0,14560.0,2024-04-24
2024042401017797,ILI,57,32,10.0,552.0,5520.0,2024-04-24
2024042403009109,ICFC,58,45,30.0,495.0,14850.0,2024-04-24
2024042403009108,FMDBL,58,45,80.0,600.5,48040.0,2024-04-24
2024042403009107,FMDBL,91,45,10.0,601.0,6010.0,2024-04-24
2024042403009106,FMDBL,17,45,50.0,601.0,30050.0,2024-04-24
2024042403009105,FMDBL,41,45,25.0,601.0,15025.0,2024-04-24
2024042403009104,FMDBL,56,45,32.0,601.0,19232.0,2024-04-24
2024042404005905,HDHPC,34,4,692.0,130.2,90098.4,2024-04-24
2024042404005904,HDHPC,34,4,208.0,130.2,27081.6,2024-04-24
2024042405003134,CIT,41,45,30.0,2092.2,62766.0,2024-04-24
2024042405003133,HRL,17,41,30.0,592.3,17769.0,2024-04-24
2024042401017796,LSL,22,34,100.0,149.0,14900.0,2024-04-24
2024042403009103,SJLIC,58,81,50.0,413.2,20660.0,2024-04-24
2024042401017795,TVCL,54,17,100.0,469.9,46990.0,2024-04-24
2024042401017794,TVCL,54,25,100.0,469.8,46980.0,2024-04-24
2024042405003132,NTC,62,56,12.0,829.0,9948.0,2024-04-24
2024042405003131,NTC,62,8,15.0,829.0,12435.0,2024-04-24
2024042404005903,BARUN,34,57,486.0,232.0,112752.0,2024-04-24
2024042403009102,GUFL,41,45,365.0,765.5,279407.5,2024-04-24
2024042403009101,GUFL,7,45,85.0,767.0,65195.0,2024-04-24
2024042401017793,MSHL,45,58,10.0,621.5,6215.0,2024-04-24
2024042403009100,CBBL,34,16,114.0,819.0,93366.0,2024-04-24
2024042403009099,CBBL,17,16,281.0,819.0,230139.0,2024-04-24
2024042401017792,SBI,38,7,84.0,269.5,22638.0,2024-04-24
2024042401017791,SBI,29,7,296.0,269.5,79772.0,2024-04-24
2024042401017790,SBI,34,7,200.0,269.6,53920.0,2024-04-24
2024042401017789,SBI,7,7,100.0,269.7,26970.0,2024-04-24
2024042401017788,SHLB,44,4,30.0,1220.0,36600.0,2024-04-24
2024042403009098,SIFC,47,6,10.0,377.0,3770.0,2024-04-24
2024042401017787,DOLTI,42,57,100.0,444.0,44400.0,2024-04-24
2024042404005902,UNHPL,26,94,1000.0,223.9,223900.0,2024-04-24
2024042403009097,GRDBL,84,48,220.0,396.0,87120.0,2024-04-24
2024042403009096,GRDBL,84,35,200.0,395.0,79000.0,2024-04-24
2024042403009095,GRDBL,84,47,140.0,394.8,55272.0,2024-04-24
2024042403009094,GRDBL,84,32,440.0,394.7,173668.0,2024-04-24
2024042401017786,NICA,42,43,100.0,350.1,35010.0,2024-04-24
2024042401017785,NICA,49,43,50.0,350.4,17520.0,2024-04-24
2024042401017784,PCBL,51,5,16.0,192.5,3080.0,2024-04-24
2024042401017783,RHGCL,32,28,10.0,343.9,3439.0,2024-04-24
2024042403009093,GUFL,7,32,15.0,767.0,11505.0,2024-04-24
2024042403009092,SWBBL,34,57,50.0,715.5,35775.0,2024-04-24
2024042401017782,NYADI,33,48,500.0,300.0,150000.0,2024-04-24
2024042401017781,NYADI,33,45,50.0,300.0,15000.0,2024-04-24
2024042401017780,NYADI,33,38,10.0,300.0,3000.0,2024-04-24
2024042401017779,NYADI,33,84,54.0,300.0,16200.0,2024-04-24
2024042401017778,NYADI,33,63,580.0,300.0,174000.0,2024-04-24
2024042401017777,HDL,43,45,30.0,1456.0,43680.0,2024-04-24
2024042401017776,HDL,45,45,30.0,1456.0,43680.0,2024-04-24
2024042405003130,NTC,38,8,20.0,829.0,16580.0,2024-04-24
2024042401017775,LSL,7,49,200.0,147.0,29400.0,2024-04-24
2024042401017774,LSL,47,49,100.0,147.0,14700.0,2024-04-24
2024042401017773,LSL,54,49,168.0,147.0,24696.0,2024-04-24
2024042401017772,MANDU,65,35,10.0,754.0,7540.0,2024-04-24
2024042403009091,ALICL,42,34,476.0,545.1,259467.6,2024-04-24
2024042403009090,ALICL,35,34,71.0,545.3,38716.3,2024-04-24
2024042404005901,KKHC,34,26,10.0,229.0,2290.0,2024-04-24
2024042401017771,BNHC,53,72,25.0,445.1,11127.5,2024-04-24
2024042401017770,BNHC,7,72,200.0,445.2,89040.0,2024-04-24
2024042401017769,BNHC,21,72,50.0,446.0,22300.0,2024-04-24
2024042401017768,BNHC,94,72,100.0,446.9,44690.0,2024-04-24
2024042401017767,BNHC,53,72,150.0,446.9,67035.0,2024-04-24
2024042401017766,BNHC,43,72,100.0,446.9,44690.0,2024-04-24
2024042401017765,BNHC,36,72,20.0,446.9,8938.0,2024-04-24
2024042401017764,BNHC,11,72,30.0,447.0,13410.0,2024-04-24
2024042401017763,BNHC,58,72,50.0,447.0,22350.0,2024-04-24
2024042401017762,BNHC,19,72,20.0,447.1,8942.0,2024-04-24
2024042401017761,BNHC,53,72,200.0,447.2,89440.0,2024-04-24
2024042401017760,BNHC,42,72,75.0,447.2,33540.0,2024-04-24
2024042401017759,HHL,34,19,25.0,358.5,8962.5,2024-04-24
2024042401017758,SBL,34,26,10.0,218.4,2184.0,2024-04-24
2024042401017757,SARBTM,41,42,50.0,795.0,39750.0,2024-04-24
2024042401017756,SARBTM,41,78,135.0,795.0,107325.0,2024-04-24
2024042401017755,CLI,47,58,10.0,437.0,4370.0,2024-04-24
2024042403009089,JFL,58,49,10.0,447.6,4476.0,2024-04-24
2024042404005900,DHPL,52,34,10.0,199.0,1990.0,2024-04-24
2024042401017754,MMKJL,29,7,20.0,417.9,8358.0,2024-04-24
2024042401017753,MMKJL,29,42,10.0,416.0,4160.0,2024-04-24
2024042401017752,SHIVM,22,6,21.0,504.1,10586.1,2024-04-24
2024042401017751,SHIVM,26,6,479.0,504.2,241511.8,2024-04-24
2024042401017750,SHIVM,57,6,500.0,505.0,252500.0,2024-04-24
2024042404005899,RADHI,17,85,23.0,226.9,5218.7,2024-04-24
2024042403009088,SABSL,38,63,10.0,772.0,7720.0,2024-04-24
2024042403009087,SABSL,36,63,460.0,772.0,355120.0,2024-04-24
2024042403009086,RLFL,70,7,79.0,368.0,29072.0,2024-04-24
2024042403009085,RLFL,70,57,100.0,367.6,36760.0,2024-04-24
2024042403009084,RLFL,70,36,57.0,367.0,20919.0,2024-04-24
2024042403009083,RLFL,70,81,489.0,367.0,179463.0,2024-04-24
2024042403009082,RLFL,70,44,200.0,366.8,73360.0,2024-04-24
2024042403009081,RLFL,70,49,300.0,366.6,109980.0,2024-04-24
2024042403009080,RLFL,70,57,145.0,366.5,53142.5,2024-04-24
2024042403009079,RLFL,70,35,80.0,366.4,29312.0,2024-04-24
2024042403009078,RLFL,70,45,50.0,365.0,18250.0,2024-04-24
2024042401017749,CITY,56,58,10.0,583.9,5839.0,2024-04-24
2024042401017748,CITY,56,42,10.0,583.0,5830.0,2024-04-24
2024042401017747,CITY,56,58,10.0,582.0,5820.0,2024-04-24
2024042401017746,VLUCL,25,33,150.0,469.3,70395.0,2024-04-24
2024042401017745,VLUCL,58,33,50.0,469.3,23465.0,2024-04-24
2024042404005898,CHL,56,65,13.0,326.0,4238.0,2024-04-24
2024042404005897,CHL,49,65,411.0,326.0,133986.0,2024-04-24
2024042401017744,ADBL,49,33,100.0,229.5,22950.0,2024-04-24
2024042404005896,UPCL,53,26,217.0,193.1,41902.7,2024-04-24
2024042403009077,ICFC,58,58,130.0,495.0,64350.0,2024-04-24
2024042401017743,SONA,42,94,20.0,447.1,8942.0,2024-04-24
2024042401017742,SONA,19,94,50.0,447.1,22355.0,2024-04-24
2024042403009076,MLBL,21,39,10.0,314.9,3149.0,2024-04-24
2024042401017741,NICA,16,1,28.0,350.0,9800.0,2024-04-24
2024042401017740,NICA,49,1,22.0,350.0,7700.0,2024-04-24
2024042401017739,HATHY,50,45,260.0,836.1,217386.0,2024-04-24
2024042401017738,NWCL,49,6,10.0,725.0,7250.0,2024-04-24
2024042405003129,NTC,36,8,10.0,829.0,8290.0,2024-04-24
2024042401017737,SPC,42,16,23.0,515.0,11845.0,2024-04-24
2024042401017736,SPC,49,16,77.0,515.0,39655.0,2024-04-24
2024042401017735,DORDI,14,38,200.0,407.9,81580.0,2024-04-24
2024042404005895,UPCL,22,8,10.0,195.0,1950.0,2024-04-24
2024042403009075,MPFL,42,62,100.0,386.4,38640.0,2024-04-24
2024042401017734,MCHL,52,48,80.0,379.0,30320.0,2024-04-24
2024042404005894,RBCL,29,13,10.0,12862.0,128620.0,2024-04-24
2024042403009074,CORBL,37,50,10.0,425.3,4253.0,2024-04-24
2024042404005893,MEN,1,42,64.0,519.0,33216.0,2024-04-24
2024042404005892,MEN,1,57,36.0,519.0,18684.0,2024-04-24
2024042401017733,NWCL,49,63,10.0,724.0,7240.0,2024-04-24
2024042404005891,AHPC,49,56,77.0,163.2,12566.4,2024-04-24
2024042404005890,AHPC,56,56,711.0,163.2,116035.2,2024-04-24
2024042404005889,AHPC,5,56,200.0,163.5,32700.0,2024-04-24
2024042404005888,PRIN,56,26,10.0,769.9,7699.0,2024-04-24
2024042403009073,MSLB,58,45,19.0,1098.0,20862.0,2024-04-24
2024042401017732,SHIVM,57,38,200.0,505.0,101000.0,2024-04-24
2024042401017731,NABIL,58,45,90.0,429.0,38610.0,2024-04-24
2024042401017730,NABIL,50,45,10.0,429.3,4293.0,2024-04-24
2024042404005887,CHL,49,58,140.0,326.0,45640.0,2024-04-24
2024042404005886,CHL,49,45,200.0,326.0,65200.0,2024-04-24
2024042404005885,CHL,49,47,12.0,326.0,3912.0,2024-04-24
2024042404005884,CHL,49,11,237.0,326.0,77262.0,2024-04-24
2024042401017729,SARBTM,49,41,30.0,794.4,23832.0,2024-04-24
2024042401017728,SARBTM,40,41,20.0,794.5,15890.0,2024-04-24
2024042403009072,HLI,10,8,726.0,385.2,279655.2,2024-04-24
2024042403009071,HLI,94,8,1000.0,385.3,385300.0,2024-04-24
2024042403009070,HLI,94,8,870.0,385.3,335211.0,2024-04-24
2024042403009069,HLI,38,8,30.0,385.4,11562.0,2024-04-24
2024042403009068,HLI,45,8,50.0,385.4,19270.0,2024-04-24
2024042403009067,HLI,41,8,290.0,385.5,111795.0,2024-04-24
2024042403009066,HLI,38,8,34.0,385.6,13110.4,2024-04-24
2024042404005883,NHDL,77,42,100.0,418.0,41800.0,2024-04-24
2024042401017727,RHGCL,5,58,10.0,341.0,3410.0,2024-04-24
2024042404005882,NGPL,52,57,100.0,315.9,31590.0,2024-04-24
2024042401017726,MKHL,49,13,200.0,469.7,93940.0,2024-04-24
2024042403009065,SAPDBL,37,34,10.0,294.0,2940.0,2024-04-24
2024042401017725,ULHC,36,43,90.0,335.1,30159.0,2024-04-24
2024042403009064,NABBC,67,35,80.0,440.0,35200.0,2024-04-24
2024042403009063,SAPDBL,57,61,225.0,291.0,65475.0,2024-04-24
2024042401017724,UHEWA,38,17,260.0,413.7,107562.0,2024-04-24
2024042401017723,UHEWA,38,32,40.0,413.6,16544.0,2024-04-24
2024042401017722,ANLB,59,45,10.0,1940.1,19401.0,2024-04-24
2024042401017721,ANLB,17,45,10.0,1940.2,19402.0,2024-04-24
2024042401017720,ANLB,52,45,30.0,1940.3,58209.0,2024-04-24
2024042405003128,NIFRA,83,65,1500.0,197.0,295500.0,2024-04-24
2024042405003127,NIFRA,28,65,16.0,197.0,3152.0,2024-04-24
2024042405003126,NIFRA,38,65,100.0,197.0,19700.0,2024-04-24
2024042405003125,NIFRA,19,65,100.0,197.0,19700.0,2024-04-24
2024042405003124,NIFRA,42,65,250.0,197.0,49250.0,2024-04-24
2024042405003123,NIFRA,49,65,34.0,197.0,6698.0,2024-04-24
2024042403009062,FMDBL,56,42,168.0,601.0,100968.0,2024-04-24
2024042403009061,FMDBL,32,42,10.0,601.0,6010.0,2024-04-24
2024042401017719,SHIVM,26,29,21.0,504.2,10588.2,2024-04-24
2024042401017718,SHIVM,25,29,10.0,504.2,5042.0,2024-04-24
2024042401017717,SHIVM,33,29,469.0,504.3,236516.7,2024-04-24
2024042401017716,BHPL,59,6,20.0,475.3,9506.0,2024-04-24
2024042401017715,GCIL,53,58,20.0,489.9,9798.0,2024-04-24
2024042403009060,BFC,54,7,50.0,347.5,17375.0,2024-04-24
2024042404005881,UPPER,43,35,200.0,166.3,33260.0,2024-04-24
2024042405003122,NRIC,6,48,25.0,708.5,17712.5,2024-04-24
2024042405003121,NRN,58,65,400.0,514.9,205960.0,2024-04-24
2024042405003120,NRN,58,42,50.0,514.0,25700.0,2024-04-24
2024042405003119,NRN,58,89,500.0,514.0,257000.0,2024-04-24
2024042405003118,NRN,58,26,100.0,514.0,51400.0,2024-04-24
2024042405003117,NRN,58,57,100.0,514.0,51400.0,2024-04-24
2024042405003116,NRN,58,34,100.0,514.0,51400.0,2024-04-24
2024042405003115,NRN,58,7,50.0,514.0,25700.0,2024-04-24
2024042405003114,NRN,58,26,100.0,512.0,51200.0,2024-04-24
2024042405003113,NRN,58,39,200.0,511.0,102200.0,2024-04-24
2024042405003112,NRN,58,35,20.0,510.0,10200.0,2024-04-24
2024042405003111,NRN,58,38,300.0,510.0,153000.0,2024-04-24
2024042405003110,NRN,58,34,10.0,510.0,5100.0,2024-04-24
2024042405003109,NRN,58,41,120.0,507.4,60888.0,2024-04-24
2024042405003108,NRN,58,38,200.0,507.4,101480.0,2024-04-24
2024042405003107,NRN,58,55,200.0,507.4,101480.0,2024-04-24
2024042405003106,NRN,58,33,100.0,507.4,50740.0,2024-04-24
2024042405003105,NRN,58,50,50.0,507.0,25350.0,2024-04-24
2024042405003104,NRN,58,52,10.0,505.0,5050.0,2024-04-24
2024042405003103,NRN,58,94,10.0,505.0,5050.0,2024-04-24
2024042405003102,NRN,58,45,100.0,505.0,50500.0,2024-04-24
2024042405003101,NRN,58,14,10.0,503.0,5030.0,2024-04-24
2024042405003100,NRN,58,54,10.0,503.0,5030.0,2024-04-24
2024042405003099,NRN,58,88,1000.0,502.0,502000.0,2024-04-24
2024042405003098,NRN,58,88,610.0,502.0,306220.0,2024-04-24
2024042405003097,NRN,58,6,10.0,501.8,5018.0,2024-04-24
2024042405003096,NRN,58,51,10.0,501.0,5010.0,2024-04-24
2024042405003095,NRN,58,32,500.0,500.2,250100.0,2024-04-24
2024042405003094,NRN,58,34,266.0,500.0,133000.0,2024-04-24
2024042405003093,NRN,58,4,10.0,500.0,5000.0,2024-04-24
2024042405003092,NRN,58,18,20.0,500.0,10000.0,2024-04-24
2024042405003091,NRN,58,58,10.0,500.0,5000.0,2024-04-24
2024042405003090,NRN,58,7,250.0,500.0,125000.0,2024-04-24
2024042405003089,NRN,58,37,10.0,500.0,5000.0,2024-04-24
2024042405003088,NRN,58,7,100.0,500.0,50000.0,2024-04-24
2024042405003087,NRN,58,54,200.0,499.9,99980.0,2024-04-24
2024042405003086,NRN,58,42,100.0,499.5,49950.0,2024-04-24
2024042405003085,NRN,58,45,100.0,496.0,49600.0,2024-04-24
2024042401017714,CYCL,32,48,3.0,1587.7,4763.1,2024-04-24
2024042401017713,MKCL,32,29,49.0,864.8,42375.2,2024-04-24
2024042401017712,MKCL,32,34,10.0,863.0,8630.0,2024-04-24
2024042401017711,MKCL,32,5,10.0,862.0,8620.0,2024-04-24
2024042401017710,MKCL,32,58,10.0,859.0,8590.0,2024-04-24
2024042401017709,BGWT,33,57,50.0,589.0,29450.0,2024-04-24
2024042401017708,PPL,58,33,10.0,602.0,6020.0,2024-04-24
2024042404005880,SHEL,45,66,72.0,165.0,11880.0,2024-04-24
2024042404005879,SHEL,45,58,18.0,165.0,2970.0,2024-04-24
2024042403009059,USLB,49,19,10.0,1890.0,18900.0,2024-04-24
2024042403009058,GUFL,7,38,100.0,767.0,76700.0,2024-04-24
2024042404005878,AKJCL,34,7,128.0,210.0,26880.0,2024-04-24
2024042404005877,AKJCL,34,45,200.0,210.0,42000.0,2024-04-24
2024042404005876,AKJCL,34,45,50.0,209.9,10495.0,2024-04-24
2024042404005875,SHL,34,41,185.0,429.0,79365.0,2024-04-24
2024042401017707,GCIL,53,55,20.0,489.9,9798.0,2024-04-24
2024042404005874,MEN,25,57,135.0,519.0,70065.0,2024-04-24
2024042404005873,GHL,22,17,654.0,148.5,97119.0,2024-04-24
2024042405003084,HIDCL,59,45,30.0,162.5,4875.0,2024-04-24
2024042401017706,HIDCLP,28,38,50.0,99.2,4960.0,2024-04-24
2024042401017705,HIDCLP,11,38,1000.0,99.2,99200.0,2024-04-24
2024042401017704,HIDCLP,52,38,100.0,99.2,9920.0,2024-04-24
2024042401017703,HIDCLP,38,38,500.0,99.3,49650.0,2024-04-24
2024042401017702,HIDCLP,59,38,50.0,99.3,4965.0,2024-04-24
2024042403009057,SMB,45,34,15.0,1425.0,21375.0,2024-04-24
2024042401017701,HATHY,45,55,10.0,838.0,8380.0,2024-04-24
2024042404005872,NGPL,16,3,100.0,315.5,31550.0,2024-04-24
2024042401017700,UHEWA,34,32,10.0,413.6,4136.0,2024-04-24
2024042405003083,HRL,17,22,10.0,592.3,5923.0,2024-04-24
2024042404005871,SHL,77,42,100.0,431.0,43100.0,2024-04-24
2024042403009056,SMFBS,85,25,10.0,1148.0,11480.0,2024-04-24
2024042401017699,SANIMA,54,25,69.0,233.0,16077.0,2024-04-24
2024042401017698,SANIMA,54,34,169.0,233.0,39377.0,2024-04-24
2024042401017697,SANIMA,54,16,200.0,232.0,46400.0,2024-04-24
2024042401017696,SANIMA,54,56,108.0,232.0,25056.0,2024-04-24
2024042401017695,SANIMA,54,38,59.0,232.0,13688.0,2024-04-24
2024042401017694,SANIMA,54,28,260.0,232.0,60320.0,2024-04-24
2024042401017693,SANIMA,54,43,500.0,232.0,116000.0,2024-04-24
2024042401017692,SANIMA,54,55,135.0,231.0,31185.0,2024-04-24
2024042404005870,AKJCL,58,45,200.0,209.8,41960.0,2024-04-24
2024042404005869,HDHPC,34,57,92.0,130.2,11978.4,2024-04-24
2024042404005868,RHPL,57,45,275.0,264.1,72627.5,2024-04-24
2024042403009055,GUFL,41,65,2000.0,765.5,1531000.0,2024-04-24
2024042401017691,DORDI,28,34,20.0,406.2,8124.0,2024-04-24
2024042401017690,DORDI,58,34,20.0,406.5,8130.0,2024-04-24
2024042401017689,DORDI,62,34,10.0,406.5,4065.0,2024-04-24
2024042401017688,MANDU,25,55,450.0,742.5,334125.0,2024-04-24
2024042401017687,BEDC,6,28,22.0,365.0,8030.0,2024-04-24
2024042404005867,SALICO,47,57,10.0,602.0,6020.0,2024-04-24
2024042401017686,NBL,26,45,850.0,200.0,170000.0,2024-04-24
2024042401017685,NBL,26,50,50.0,199.9,9995.0,2024-04-24
2024042403009054,SKBBL,58,52,5.0,800.0,4000.0,2024-04-24
2024042403009053,SKBBL,44,52,25.0,800.0,20000.0,2024-04-24
2024042404005866,SHPC,5,5,10.0,322.8,3228.0,2024-04-24
2024042403009052,BFC,54,7,100.0,347.5,34750.0,2024-04-24
2024042404005865,SPDL,17,26,16.0,229.0,3664.0,2024-04-24
2024042401017684,MBJC,14,51,100.0,296.1,29610.0,2024-04-24
2024042404005864,AHPC,70,29,18.0,164.0,2952.0,2024-04-24
2024042405003082,NRIC,6,58,333.0,708.5,235930.5,2024-04-24
2024042401017683,MKHC,58,29,10.0,321.0,3210.0,2024-04-24
2024042404005863,CHL,58,57,100.0,325.8,32580.0,2024-04-24
2024042401017682,MKHL,49,56,10.0,469.7,4697.0,2024-04-24
2024042403009051,GUFL,41,56,350.0,765.5,267925.0,2024-04-24
2024042403009050,GUFL,58,56,150.0,765.6,114840.0,2024-04-24
2024042403009049,USLB,75,35,30.0,1889.9,56697.0,2024-04-24
2024042401017681,ULHC,45,66,100.0,336.0,33600.0,2024-04-24
2024042403009048,BFC,22,44,200.0,347.1,69420.0,2024-04-24
2024042404005862,GHL,22,8,750.0,148.5,111375.0,2024-04-24
2024042403009047,ALBSL,69,5,20.0,714.1,14282.0,2024-04-24
2024042403009046,ALBSL,44,5,20.0,714.2,14284.0,2024-04-24
2024042403009045,ALBSL,44,5,50.0,714.2,35710.0,2024-04-24
2024042403009044,ALBSL,58,5,10.0,716.0,7160.0,2024-04-24
2024042403009043,ALBSL,44,5,20.0,716.2,14324.0,2024-04-24
2024042403009042,ALBSL,42,5,10.0,717.0,7170.0,2024-04-24
2024042403009041,GUFL,58,54,50.0,765.6,38280.0,2024-04-24
2024042403009040,GUFL,65,54,100.0,765.6,76560.0,2024-04-24
2024042401017680,SARBTM,46,21,40.0,794.3,31772.0,2024-04-24
2024042404005861,SHPC,43,5,10.0,322.8,3228.0,2024-04-24
2024042401017679,GVL,4,49,10.0,420.0,4200.0,2024-04-24
2024042401017678,GVL,4,50,10.0,420.0,4200.0,2024-04-24
2024042401017677,GVL,4,14,10.0,420.0,4200.0,2024-04-24
2024042401017676,GVL,4,49,10.0,420.0,4200.0,2024-04-24
2024042401017675,GVL,4,18,10.0,420.0,4200.0,2024-04-24
2024042401017674,MKHL,34,58,100.0,470.0,47000.0,2024-04-24
2024042404005860,HEI,45,34,11.0,570.0,6270.0,2024-04-24
2024042401017673,SHIVM,33,6,531.0,504.3,267783.3,2024-04-24
2024042401017672,SHIVM,57,6,100.0,504.6,50460.0,2024-04-24
2024042401017671,SHIVM,4,6,181.0,504.7,91350.7,2024-04-24
2024042401017670,SHIVM,56,6,188.0,504.8,94902.4,2024-04-24
2024042403009039,JBBL,13,16,1000.0,279.0,279000.0,2024-04-24
2024042404005859,MHNL,17,4,10.0,226.9,2269.0,2024-04-24
2024042404005858,CHL,1,11,263.0,326.0,85738.0,2024-04-24
2024042404005857,CHL,1,52,737.0,326.0,240262.0,2024-04-24
2024042403009038,SKBBL,58,25,19.0,801.4,15226.6,2024-04-24
2024042401017669,BNL,38,70,10.0,16109.0,161090.0,2024-04-24
2024042401017668,SONA,35,5,100.0,447.9,44790.0,2024-04-24
2024042403009037,SKBBL,35,4,27.0,800.0,21600.0,2024-04-24
2024042401017667,CLI,47,64,10.0,437.0,4370.0,2024-04-24
2024042401017666,BHDC,44,7,10.0,478.9,4789.0,2024-04-24
2024042401017665,SNLI,57,19,127.0,585.0,74295.0,2024-04-24
2024042401017664,SNLI,94,19,272.0,585.0,159120.0,2024-04-24
2024042401017663,SNLI,57,19,15.0,585.1,8776.5,2024-04-24
2024042401017662,SNLI,42,19,480.0,586.0,281280.0,2024-04-24
2024042401017661,ILI,34,42,100.0,551.2,55120.0,2024-04-24
2024042401017660,TVCL,34,17,143.0,469.9,67195.7,2024-04-24
2024042401017659,TVCL,34,32,10.0,469.8,4698.0,2024-04-24
2024042401017658,TVCL,34,48,30.0,469.2,14076.0,2024-04-24
2024042401017657,TVCL,34,13,50.0,468.3,23415.0,2024-04-24
2024042401017656,TVCL,34,48,20.0,468.0,9360.0,2024-04-24
2024042401017655,TVCL,34,34,47.0,468.0,21996.0,2024-04-24
2024042403009036,MFIL,17,26,200.0,498.0,99600.0,2024-04-24
2024042403009035,GUFL,65,1,500.0,765.6,382800.0,2024-04-24
2024042403009034,GUFL,34,1,100.0,765.6,76560.0,2024-04-24
2024042403009033,GUFL,49,1,50.0,765.7,38285.0,2024-04-24
2024042401017654,AHL,18,49,10.0,445.9,4459.0,2024-04-24
2024042401017653,AHL,18,26,10.0,444.0,4440.0,2024-04-24
2024042401017652,AHL,18,34,90.0,443.0,39870.0,2024-04-24
2024042401017651,MEHL,47,53,666.0,310.0,206460.0,2024-04-24
2024042404005856,RADHI,5,85,145.0,226.9,32900.5,2024-04-24
2024042404005855,NGPL,16,35,317.0,315.1,99886.7,2024-04-24
2024042404005854,NGPL,58,35,500.0,315.1,157550.0,2024-04-24
2024042404005853,NGPL,1,35,100.0,315.1,31510.0,2024-04-24
2024042404005852,NGPL,16,35,100.0,315.2,31520.0,2024-04-24
2024042401017650,MBJC,14,45,10.0,296.1,2961.0,2024-04-24
2024042404005851,NHPC,52,45,700.0,146.0,102200.0,2024-04-24
2024042401017649,HBL,14,49,88.0,177.0,15576.0,2024-04-24
2024042401017648,HBL,14,58,34.0,177.0,6018.0,2024-04-24
2024042401017647,HBL,14,4,50.0,177.0,8850.0,2024-04-24
2024042401017646,HBL,14,22,400.0,177.0,70800.0,2024-04-24
2024042401017645,HBL,14,49,500.0,177.0,88500.0,2024-04-24
2024042401017644,HBL,14,55,429.0,177.0,75933.0,2024-04-24
2024042401017643,HBL,14,8,20.0,177.0,3540.0,2024-04-24
2024042401017642,HBL,14,29,132.0,177.0,23364.0,2024-04-24
2024042401017641,HBL,14,39,653.0,177.0,115581.0,2024-04-24
2024042401017640,HBL,14,6,500.0,177.0,88500.0,2024-04-24
2024042401017639,HBL,14,41,181.0,177.0,32037.0,2024-04-24
2024042401017638,HBL,14,49,580.0,176.9,102602.0,2024-04-24
2024042401017637,HBL,14,16,378.0,176.9,66868.2,2024-04-24
2024042401017636,HBL,14,42,119.0,176.8,21039.2,2024-04-24
2024042401017635,GCIL,53,41,23.0,489.9,11267.7,2024-04-24
2024042401017634,ADBL,45,45,128.0,229.0,29312.0,2024-04-24
2024042401017633,ADBL,42,45,170.0,229.0,38930.0,2024-04-24
2024042401017632,ADBL,22,45,10.0,229.0,2290.0,2024-04-24
2024042401017631,ADBL,57,45,100.0,229.0,22900.0,2024-04-24
2024042401017630,ADBL,14,45,100.0,229.0,22900.0,2024-04-24
2024042401017629,ADBL,62,45,10.0,229.0,2290.0,2024-04-24
2024042401017628,ADBL,35,45,50.0,229.0,11450.0,2024-04-24
2024042401017627,ADBL,25,45,1850.0,229.0,423650.0,2024-04-24
2024042401017626,ADBL,54,45,100.0,229.2,22920.0,2024-04-24
2024042401017625,ADBL,50,45,100.0,229.2,22920.0,2024-04-24
2024042401017624,ADBL,49,45,40.0,229.2,9168.0,2024-04-24
2024042401017623,ADBL,57,45,10.0,229.3,2293.0,2024-04-24
2024042401017622,ADBL,42,45,32.0,229.4,7340.8,2024-04-24
2024042405003081,HRL,29,19,95.0,592.5,56287.5,2024-04-24
2024042401017621,GBIME,44,26,114.0,177.5,20235.0,2024-04-24
2024042403009032,MLBSL,5,42,10.0,1709.0,17090.0,2024-04-24
2024042404005850,DHPL,52,34,400.0,199.0,79600.0,2024-04-24
2024042401017620,NICA,49,52,325.0,350.0,113750.0,2024-04-24
2024042401017619,NICA,50,52,25.0,350.1,8752.5,2024-04-24
2024042404005849,HURJA,37,21,70.0,284.0,19880.0,2024-04-24
2024042401017618,PCBL,1,5,500.0,192.5,96250.0,2024-04-24
2024042403009031,NFS,42,66,990.0,454.3,449757.0,2024-04-24
2024042403009030,NFS,21,66,910.0,454.3,413413.0,2024-04-24
2024042403009029,NFS,20,66,100.0,454.4,45440.0,2024-04-24
2024042404005848,SALICO,39,57,500.0,602.0,301000.0,2024-04-24
2024042404005847,SALICO,71,57,100.0,602.1,60210.0,2024-04-24
2024042404005846,SALICO,44,57,100.0,602.7,60270.0,2024-04-24
2024042404005845,SALICO,34,57,50.0,604.0,30200.0,2024-04-24
2024042404005844,SALICO,55,57,55.0,604.0,33220.0,2024-04-24
2024042401017617,LSL,54,57,195.0,147.0,28665.0,2024-04-24
2024042401017616,LSL,14,57,25.0,147.1,3677.5,2024-04-24
2024042401017615,LSL,17,57,500.0,147.1,73550.0,2024-04-24
2024042401017614,LSL,41,57,200.0,147.1,29420.0,2024-04-24
2024042401017613,LSL,42,57,80.0,147.2,11776.0,2024-04-24
2024042403009028,RSDC,51,58,90.0,598.5,53865.0,2024-04-24
2024042403009027,SABSL,58,48,50.0,773.0,38650.0,2024-04-24
2024042401017612,PHCL,58,33,5020.0,296.0,1485920.0,2024-04-24
2024042401017611,PHCL,38,33,1000.0,296.1,296100.0,2024-04-24
2024042401017610,PHCL,16,33,480.0,296.1,142128.0,2024-04-24
2024042403009026,ICFC,58,36,87.0,495.0,43065.0,2024-04-24
2024042403009025,ICFC,17,36,13.0,495.0,6435.0,2024-04-24
2024042405003080,CMF1,45,22,200.0,8.96,1792.0,2024-04-24
2024042401017609,MSHL,45,57,10.0,621.0,6210.0,2024-04-24
2024042403009024,GUFL,49,13,70.0,767.0,53690.0,2024-04-24
2024042403009023,GUFL,49,34,130.0,767.0,99710.0,2024-04-24
2024042401017608,NABIL,41,28,31.0,429.9,13326.9,2024-04-24
2024042404005843,NHDL,77,41,11.0,418.0,4598.0,2024-04-24
2024042403009022,USLB,75,35,20.0,1889.0,37780.0,2024-04-24
2024042403009021,USLB,75,57,120.0,1888.0,226560.0,2024-04-24
2024042403009020,HLI,26,35,30.0,386.0,11580.0,2024-04-24
2024042404005842,IGI,52,29,10.0,518.1,5181.0,2024-04-24
2024042404005841,IGI,34,29,110.0,518.3,57013.0,2024-04-24
2024042404005840,IGI,34,29,230.0,518.4,119232.0,2024-04-24
2024042404005839,IGI,81,29,150.0,518.4,77760.0,2024-04-24
2024042403009019,MPFL,54,62,10.0,386.4,3864.0,2024-04-24
2024042403009018,MPFL,54,14,40.0,385.0,15400.0,2024-04-24
2024042403009017,SJLIC,5,21,50.0,413.1,20655.0,2024-04-24
2024042401017607,PPL,57,61,33.0,605.0,19965.0,2024-04-24
2024042405003079,NIFRA,49,65,222.0,197.0,43734.0,2024-04-24
2024042405003078,NIFRA,4,65,40.0,197.0,7880.0,2024-04-24
2024042405003077,NIFRA,13,65,20.0,197.0,3940.0,2024-04-24
2024042405003076,NIFRA,14,65,50.0,197.0,9850.0,2024-04-24
2024042405003075,NIFRA,43,65,100.0,197.0,19700.0,2024-04-24
2024042405003074,NIFRA,32,65,100.0,197.0,19700.0,2024-04-24
2024042405003073,NIFRA,49,65,13.0,197.0,2561.0,2024-04-24
2024042405003072,NIFRA,46,65,500.0,197.0,98500.0,2024-04-24
2024042405003071,NIFRA,51,65,15.0,197.0,2955.0,2024-04-24
2024042405003070,NIFRA,88,65,500.0,197.0,98500.0,2024-04-24
2024042405003069,NIFRA,44,65,200.0,197.0,39400.0,2024-04-24
2024042405003068,NIFRA,41,65,200.0,197.0,39400.0,2024-04-24
2024042405003067,NIFRA,58,65,40.0,197.0,7880.0,2024-04-24
2024042404005838,BPCL,49,7,22.0,293.1,6448.2,2024-04-24
2024042404005837,BPCL,46,7,10.0,293.2,2932.0,2024-04-24
2024042404005836,AKPL,49,57,70.0,165.5,11585.0,2024-04-24
2024042401017606,ILI,34,46,315.0,551.2,173628.0,2024-04-24
2024042401017605,ILI,10,46,500.0,551.3,275650.0,2024-04-24
2024042401017604,ILI,51,46,60.0,552.0,33120.0,2024-04-24
2024042401017603,SARBTM,46,25,170.0,794.3,135031.0,2024-04-24
2024042403009016,ACLBSL,62,29,10.0,756.0,7560.0,2024-04-24
2024042404005835,AKPL,62,48,30.0,165.2,4956.0,2024-04-24
2024042401017602,SHIVM,80,6,30.0,505.0,15150.0,2024-04-24
2024042401017601,SHIVM,80,42,100.0,505.0,50500.0,2024-04-24
2024042401017600,KBSH,52,57,35.0,1030.0,36050.0,2024-04-24
2024042401017599,VLUCL,35,21,10.0,475.0,4750.0,2024-04-24
2024042401017598,VLUCL,35,63,10.0,474.9,4749.0,2024-04-24
2024042401017597,VLUCL,35,38,10.0,470.0,4700.0,2024-04-24
2024042403009015,GILB,45,45,10.0,979.0,9790.0,2024-04-24
2024042401017596,VLUCL,34,38,330.0,470.0,155100.0,2024-04-24
2024042404005834,HEI,42,14,146.0,570.0,83220.0,2024-04-24
2024042404005833,HEI,19,14,50.0,570.1,28505.0,2024-04-24
2024042401017595,GCIL,28,63,124.0,490.0,60760.0,2024-04-24
2024042405003066,SAEF,17,41,4850.0,9.8,47530.0,2024-04-24
2024042405003065,SAEF,45,41,300.0,9.81,2943.0,2024-04-24
2024042405003064,SAEF,50,41,6500.0,9.81,63765.0,2024-04-24
2024042405003063,SAEF,10,41,2000.0,9.82,19640.0,2024-04-24
2024042405003062,SAEF,1,41,5000.0,9.83,49150.0,2024-04-24
2024042405003061,SAEF,17,41,200.0,9.84,1968.0,2024-04-24
2024042405003060,SAEF,46,41,150.0,9.84,1476.0,2024-04-24
2024042405003059,SAEF,54,41,1000.0,9.85,9850.0,2024-04-24
2024042404005832,SHL,34,58,100.0,430.9,43090.0,2024-04-24
2024042401017594,PCBL,54,5,100.0,192.5,19250.0,2024-04-24
2024042401017593,MHL,63,55,10.0,401.0,4010.0,2024-04-24
2024042401017592,MHL,63,45,10.0,400.0,4000.0,2024-04-24
2024042401017591,NRM,48,19,10.0,354.9,3549.0,2024-04-24
2024042401017590,MAKAR,33,77,10.0,388.0,3880.0,2024-04-24
2024042403009014,GUFL,35,34,50.0,767.0,38350.0,2024-04-24
2024042401017589,SCB,45,17,81.0,519.0,42039.0,2024-04-24
2024042401017588,SCB,45,25,32.0,518.9,16604.8,2024-04-24
2024042401017587,SCB,45,54,100.0,518.9,51890.0,2024-04-24
2024042401017586,TSHL,77,46,10.0,522.0,5220.0,2024-04-24
2024042401017585,TSHL,77,49,10.0,520.0,5200.0,2024-04-24
2024042401017584,TSHL,77,52,10.0,520.0,5200.0,2024-04-24
2024042403009013,VLBS,28,34,10.0,705.0,7050.0,2024-04-24
2024042403009012,LBBL,41,26,200.0,363.9,72780.0,2024-04-24
2024042403009011,HLI,38,42,10.0,385.6,3856.0,2024-04-24
2024042401017583,SARBTM,59,78,50.0,795.0,39750.0,2024-04-24
2024042403009010,GUFL,6,34,20.0,767.0,15340.0,2024-04-24
2024042403009009,GUFL,6,45,10.0,767.0,7670.0,2024-04-24
2024042403009008,GUFL,6,57,70.0,767.0,53690.0,2024-04-24
2024042401017582,EBL,47,29,46.0,503.3,23151.8,2024-04-24
2024042404005831,SGIC,66,5,50.0,513.2,25660.0,2024-04-24
2024042404005830,SGIC,66,5,200.0,513.2,102640.0,2024-04-24
2024042404005829,SGIC,66,5,150.0,513.3,76995.0,2024-04-24
2024042404005828,JOSHI,13,57,125.0,350.0,43750.0,2024-04-24
2024042404005827,JOSHI,13,59,340.0,350.0,119000.0,2024-04-24
2024042404005826,JOSHI,13,19,535.0,348.0,186180.0,2024-04-24
2024042403009007,SHINE,34,6,10.0,359.5,3595.0,2024-04-24
2024042404005825,SPDL,42,17,200.0,227.5,45500.0,2024-04-24
2024042403009006,NFS,51,38,258.0,456.0,117648.0,2024-04-24
2024042403009005,NFS,51,43,292.0,455.5,133006.0,2024-04-24
2024042403009004,USLB,75,57,30.0,1888.0,56640.0,2024-04-24
2024042405003058,NIFRA,34,58,4.0,197.5,790.0,2024-04-24
2024042405003057,NIFRA,58,58,10.0,197.5,1975.0,2024-04-24
2024042403009003,GBBL,33,49,28.0,357.5,10010.0,2024-04-24
2024042405003056,HRL,21,49,20.0,592.6,11852.0,2024-04-24
2024042403009002,MSLB,58,45,50.0,1098.1,54905.0,2024-04-24
2024042404005824,NGPL,16,38,100.0,315.2,31520.0,2024-04-24
2024042401017581,UHEWA,29,38,740.0,403.0,298220.0,2024-04-24
2024042401017580,UHEWA,32,38,50.0,403.0,20150.0,2024-04-24
2024042401017579,UHEWA,39,38,400.0,403.8,161520.0,2024-04-24
2024042401017578,UHEWA,57,38,50.0,405.0,20250.0,2024-04-24
2024042401017577,UHEWA,32,38,50.0,405.0,20250.0,2024-04-24
2024042401017576,UHEWA,62,38,200.0,405.0,81000.0,2024-04-24
2024042401017575,UHEWA,34,38,1000.0,405.0,405000.0,2024-04-24
2024042401017574,UHEWA,81,38,10.0,406.0,4060.0,2024-04-24
2024042404005823,JOSHI,56,19,250.0,348.0,87000.0,2024-04-24
2024042404005822,JOSHI,5,19,300.0,348.0,104400.0,2024-04-24
2024042404005821,JOSHI,16,19,100.0,348.0,34800.0,2024-04-24
2024042404005820,JOSHI,1,19,100.0,348.0,34800.0,2024-04-24
2024042404005819,JOSHI,6,19,150.0,348.1,52215.0,2024-04-24
2024042404005818,JOSHI,45,19,65.0,348.3,22639.5,2024-04-24
2024042404005817,JOSHI,13,19,150.0,348.4,52260.0,2024-04-24
2024042404005816,JOSHI,19,19,150.0,348.5,52275.0,2024-04-24
2024042404005815,JOSHI,58,19,200.0,349.0,69800.0,2024-04-24
2024042403009001,SDLBSL,17,38,24.0,717.1,17210.4,2024-04-24
2024042403009000,ICFC,17,42,87.0,495.0,43065.0,2024-04-24
2024042403008999,ICFC,35,42,60.0,495.0,29700.0,2024-04-24
2024042401017573,SHIVM,56,25,12.0,504.8,6057.6,2024-04-24
2024042401017572,MHL,26,5,83.0,398.0,33034.0,2024-04-24
2024042403008998,GUFL,34,57,100.0,767.0,76700.0,2024-04-24
2024042403008997,SWMF,72,34,18.0,722.0,12996.0,2024-04-24
2024042405003055,HRL,34,72,100.0,593.0,59300.0,2024-04-24
2024042404005814,AKPL,49,48,1000.0,165.2,165200.0,2024-04-24
2024042404005813,AKPL,6,48,491.0,165.2,81113.2,2024-04-24
2024042404005812,AKPL,14,48,100.0,165.3,16530.0,2024-04-24
2024042404005811,AKPL,56,48,246.0,165.3,40663.8,2024-04-24
2024042403008996,SIFC,88,48,117.0,375.0,43875.0,2024-04-24
2024042403008995,SIFC,22,48,40.0,375.1,15004.0,2024-04-24
2024042401017571,RHGCL,5,39,100.0,341.0,34100.0,2024-04-24
2024042404005810,NLG,58,51,10.0,751.0,7510.0,2024-04-24
2024042404005809,CHL,56,4,159.0,325.9,51818.1,2024-04-24
2024042401017570,KBL,22,8,10.0,131.8,1318.0,2024-04-24
2024042401017569,DOLTI,26,57,50.0,444.0,22200.0,2024-04-24
2024042403008994,JBBL,21,16,10.0,279.0,2790.0,2024-04-24
2024042404005808,UPPER,45,57,20.0,166.0,3320.0,2024-04-24
2024042401017568,BHPL,35,39,135.0,477.0,64395.0,2024-04-24
2024042401017567,BHPL,35,22,20.0,477.0,9540.0,2024-04-24
2024042403008993,WNLB,35,38,69.0,1340.0,92460.0,2024-04-24
2024042403008992,WNLB,35,71,50.0,1339.0,66950.0,2024-04-24
2024042403008991,WNLB,35,48,100.0,1336.0,133600.0,2024-04-24
2024042403008990,WNLB,35,61,20.0,1335.0,26700.0,2024-04-24
2024042403008989,WNLB,35,19,61.0,1334.9,81428.9,2024-04-24
2024042404005807,UNHPL,45,34,390.0,224.0,87360.0,2024-04-24
2024042404005806,UNHPL,45,47,110.0,224.0,24640.0,2024-04-24
2024042403008988,BFC,22,44,30.0,347.1,10413.0,2024-04-24
2024042403008987,JFL,42,55,20.0,445.0,8900.0,2024-04-24
2024042401017566,HHL,46,59,55.0,358.4,19712.0,2024-04-24
2024042403008986,GUFL,42,57,130.0,767.0,99710.0,2024-04-24
2024042401017565,USHL,50,51,10.0,461.3,4613.0,2024-04-24
2024042401017564,BGWT,65,42,10.0,585.0,5850.0,2024-04-24
2024042401017563,HDL,8,45,30.0,1458.0,43740.0,2024-04-24
2024042401017562,HDL,17,45,50.0,1458.0,72900.0,2024-04-24
2024042401017561,HDL,55,45,59.0,1458.0,86022.0,2024-04-24
2024042403008985,NMFBS,46,45,22.0,1147.0,25234.0,2024-04-24
2024042404005805,RHPL,57,44,225.0,264.1,59422.5,2024-04-24
2024042403008984,BFC,22,44,10.0,347.5,3475.0,2024-04-24
2024042401017560,SONA,42,35,140.0,448.0,62720.0,2024-04-24
2024042401017559,SONA,42,8,60.0,448.0,26880.0,2024-04-24
2024042401017558,EHPL,55,42,150.0,465.0,69750.0,2024-04-24
2024042401017557,EHPL,8,42,350.0,465.0,162750.0,2024-04-24
2024042401017556,RHGCL,5,6,65.0,341.0,22165.0,2024-04-24
2024042401017555,RHGCL,35,6,50.0,341.0,17050.0,2024-04-24
2024042401017554,RHGCL,26,6,100.0,341.3,34130.0,2024-04-24
2024042403008983,SWBBL,34,13,68.0,715.5,48654.0,2024-04-24
2024042403008982,SKBBL,35,21,22.0,800.0,17600.0,2024-04-24
2024042401017553,NRM,57,19,50.0,354.9,17745.0,2024-04-24
2024042401017552,RNLI,41,35,1.0,417.7,417.7,2024-04-24
2024042401017551,PRVU,32,22,33.0,139.0,4587.0,2024-04-24
2024042401017550,PRVU,45,22,200.0,139.0,27800.0,2024-04-24
2024042401017549,PRVU,57,22,50.0,139.0,6950.0,2024-04-24
2024042401017548,PRVU,19,22,10.0,139.0,1390.0,2024-04-24
2024042401017547,PRVU,57,22,50.0,139.0,6950.0,2024-04-24
2024042401017546,PRVU,58,22,40.0,139.0,5560.0,2024-04-24
2024042401017545,PRVU,38,22,721.0,139.0,100219.0,2024-04-24
2024042401017544,PRVU,38,22,764.0,139.0,106196.0,2024-04-24
2024042401017543,PRVU,21,22,100.0,139.1,13910.0,2024-04-24
2024042401017542,PRVU,22,22,32.0,139.1,4451.2,2024-04-24
2024042403008981,NFS,71,43,30.0,455.5,13665.0,2024-04-24
2024042403008980,GLBSL,62,74,155.0,1920.5,297677.5,2024-04-24
2024042403008979,GLBSL,42,74,20.0,1921.0,38420.0,2024-04-24
2024042405003054,HRL,39,72,100.0,593.0,59300.0,2024-04-24
2024042401017541,SHLB,49,4,20.0,1220.0,24400.0,2024-04-24
2024042403008978,WNLB,35,19,39.0,1334.9,52061.1,2024-04-24
2024042403008977,WNLB,35,59,50.0,1334.0,66700.0,2024-04-24
2024042403008976,WNLB,35,61,11.0,1334.0,14674.0,2024-04-24
2024042403008975,JFL,38,45,100.0,442.2,44220.0,2024-04-24
2024042404005804,HPPL,50,35,10.0,259.0,2590.0,2024-04-24
2024042404005803,MEN,1,57,100.0,519.0,51900.0,2024-04-24
2024042401017540,NICA,49,34,60.0,350.0,21000.0,2024-04-24
2024042404005802,HURJA,58,53,580.0,282.0,163560.0,2024-04-24
2024042404005801,HURJA,49,53,100.0,282.1,28210.0,2024-04-24
2024042404005800,HURJA,21,53,100.0,282.2,28220.0,2024-04-24
2024042403008974,BFC,58,44,90.0,347.5,31275.0,2024-04-24
2024042401017539,ILI,51,56,10.0,552.0,5520.0,2024-04-24
2024042401017538,VLUCL,34,49,10.0,470.0,4700.0,2024-04-24
2024042401017537,PRVU,22,8,128.0,139.1,17804.8,2024-04-24
2024042404005799,NHDL,77,35,130.0,418.0,54340.0,2024-04-24
2024042404005798,NHDL,77,34,100.0,418.0,41800.0,2024-04-24
2024042401017536,HDL,34,38,11.0,1460.0,16060.0,2024-04-24
2024042401017535,HDL,34,48,10.0,1460.0,14600.0,2024-04-24
2024042404005797,NHPC,52,32,50.0,146.0,7300.0,2024-04-24
2024042401017534,MAKAR,32,77,10.0,388.0,3880.0,2024-04-24
2024042401017533,MBL,56,56,344.0,165.5,56932.0,2024-04-24
2024042401017532,MBL,56,32,346.0,165.5,57263.0,2024-04-24
2024042404005796,NGPL,16,57,100.0,315.9,31590.0,2024-04-24
2024042404005795,CGH,45,53,40.0,780.0,31200.0,2024-04-24
2024042403008973,ILBS,14,7,33.0,935.0,30855.0,2024-04-24
2024042401017531,UNLB,50,34,10.0,1648.9,16489.0,2024-04-24
2024042401017530,UNLB,50,8,10.0,1639.9,16399.0,2024-04-24
2024042401017529,UNLB,50,42,10.0,1635.0,16350.0,2024-04-24
2024042401017528,UNLB,50,56,15.0,1635.0,24525.0,2024-04-24
2024042401017527,MHL,26,5,70.0,398.0,27860.0,2024-04-24
2024042401017526,MHL,38,5,200.0,398.0,79600.0,2024-04-24
2024042401017525,MHL,46,5,50.0,398.1,19905.0,2024-04-24
2024042401017524,MHL,35,5,100.0,398.2,39820.0,2024-04-24
2024042401017523,MHL,19,5,20.0,398.3,7966.0,2024-04-24
2024042401017522,MHL,19,5,20.0,398.3,7966.0,2024-04-24
2024042401017521,MHL,19,5,20.0,398.3,7966.0,2024-04-24
2024042401017520,MHL,63,5,10.0,398.3,3983.0,2024-04-24
2024042403008972,NABBC,25,35,10.0,440.0,4400.0,2024-04-24
2024042403008971,NABBC,25,57,10.0,440.0,4400.0,2024-04-24
2024042403008970,NABBC,25,34,120.0,440.0,52800.0,2024-04-24
2024042403008969,NABBC,25,13,10.0,439.8,4398.0,2024-04-24
2024042403008968,NABBC,25,45,50.0,439.8,21990.0,2024-04-24
2024042401017519,NBLD87,62,14,100.0,996.0,99600.0,2024-04-24
2024042404005794,UMRH,48,57,10.0,337.0,3370.0,2024-04-24
2024042401017518,NIMB,14,43,250.0,153.0,38250.0,2024-04-24
2024042404005793,SGIC,66,38,50.0,513.3,25665.0,2024-04-24
2024042404005792,SGIC,66,38,75.0,513.3,38497.5,2024-04-24
2024042403008967,JFL,38,4,10.0,442.2,4422.0,2024-04-24
2024042401017517,MKLB,58,4,10.0,950.0,9500.0,2024-04-24
2024042401017516,IHL,35,38,166.0,378.9,62897.4,2024-04-24
2024042404005791,JOSHI,7,59,70.0,350.0,24500.0,2024-04-24
2024042401017515,ILI,51,45,20.0,552.0,11040.0,2024-04-24
2024042401017514,PRSF,44,35,100.0,8.77,877.0,2024-04-24
2024042404005790,KKHC,49,69,166.0,228.0,37848.0,2024-04-24
2024042404005789,KKHC,14,69,300.0,228.1,68430.0,2024-04-24
2024042404005788,KKHC,49,69,100.0,228.2,22820.0,2024-04-24
2024042404005787,KKHC,35,69,500.0,228.6,114300.0,2024-04-24
2024042404005786,KKHC,14,69,10.0,228.6,2286.0,2024-04-24
2024042404005785,KKHC,47,69,74.0,228.9,16938.6,2024-04-24
2024042405003053,NTC,26,8,30.0,829.0,24870.0,2024-04-24
2024042404005784,HDHPC,42,4,50.0,130.7,6535.0,2024-04-24
2024042404005783,RIDI,21,42,400.0,166.0,66400.0,2024-04-24
2024042401017513,GCIL,42,63,50.0,490.0,24500.0,2024-04-24
2024042401017512,GCIL,50,63,12.0,490.0,5880.0,2024-04-24
2024042401017511,GCIL,56,63,213.0,490.0,104370.0,2024-04-24
2024042404005782,UMHL,34,34,64.0,244.5,15648.0,2024-04-24
2024042404005781,UMHL,34,50,250.0,244.0,61000.0,2024-04-24
2024042404005780,UMHL,34,45,77.0,244.0,18788.0,2024-04-24
2024042404005779,UMHL,34,45,1500.0,243.0,364500.0,2024-04-24
2024042401017510,GVL,47,45,130.0,418.0,54340.0,2024-04-24
2024042401017509,GVL,13,45,50.0,418.1,20905.0,2024-04-24
2024042401017508,MKJC,44,56,10.0,445.0,4450.0,2024-04-24
2024042401017507,PRVU,22,47,10.0,139.6,1396.0,2024-04-24
2024042403008966,ICFC,42,22,84.0,496.0,41664.0,2024-04-24
2024042401017506,HHL,42,19,400.0,358.5,143400.0,2024-04-24
2024042404005778,PMHPL,13,1,400.0,226.0,90400.0,2024-04-24
2024042401017505,RFPL,71,69,60.0,370.0,22200.0,2024-04-24
2024042401017504,RFPL,71,4,10.0,369.5,3695.0,2024-04-24
2024042401017503,RFPL,71,56,10.0,369.2,3692.0,2024-04-24
2024042401017502,RFPL,71,45,500.0,368.0,184000.0,2024-04-24
2024042401017501,RFPL,71,1,20.0,368.0,7360.0,2024-04-24
2024042401017500,HHL,46,7,483.0,358.4,173107.2,2024-04-24
2024042401017499,HHL,59,7,30.0,358.4,10752.0,2024-04-24
2024042401017498,HHL,6,7,42.0,358.4,15052.8,2024-04-24
2024042403008965,HLBSL,18,45,100.0,700.0,70000.0,2024-04-24
2024042401017497,PCBL,22,5,500.0,192.5,96250.0,2024-04-24
2024042401017496,JALPA,6,45,11.0,1240.0,13640.0,2024-04-24
2024042403008964,SHINE,33,57,293.0,358.0,104894.0,2024-04-24
2024042403008963,SHINE,7,57,1000.0,358.0,358000.0,2024-04-24
2024042403008962,SHINE,55,57,587.0,358.0,210146.0,2024-04-24
2024042403008961,SHINE,55,57,10.0,358.1,3581.0,2024-04-24
2024042403008960,SHINE,35,57,110.0,358.3,39413.0,2024-04-24
2024042401017495,SARBTM,42,58,30.0,794.2,23826.0,2024-04-24
2024042401017494,VLUCL,34,56,10.0,470.0,4700.0,2024-04-24
2024042401017493,MEHL,45,49,10.0,310.0,3100.0,2024-04-24
2024042403008959,MPFL,51,14,260.0,385.0,100100.0,2024-04-24
2024042404005777,TRH,8,41,10.0,707.6,7076.0,2024-04-24
2024042403008958,MLBL,42,39,300.0,314.9,94470.0,2024-04-24
2024042403008957,NICLBSL,41,34,50.0,649.7,32485.0,2024-04-24
2024042401017492,KBL,50,37,98.0,131.0,12838.0,2024-04-24
2024042401017491,KBL,13,37,75.0,131.0,9825.0,2024-04-24
2024042401017490,KBL,45,37,50.0,131.0,6550.0,2024-04-24
2024042401017489,KBL,59,37,50.0,131.0,6550.0,2024-04-24
2024042401017488,KBL,42,37,10.0,131.0,1310.0,2024-04-24
2024042401017487,KBL,38,37,300.0,131.0,39300.0,2024-04-24
2024042401017486,KBL,34,37,100.0,131.0,13100.0,2024-04-24
2024042401017485,KBL,52,37,170.0,131.0,22270.0,2024-04-24
2024042401017484,KBL,34,37,135.0,131.0,17685.0,2024-04-24
2024042401017483,KBL,40,37,1000.0,131.1,131100.0,2024-04-24
2024042401017482,KBL,36,37,400.0,131.1,52440.0,2024-04-24
2024042401017481,KBL,77,37,250.0,131.1,32775.0,2024-04-24
2024042401017480,KBL,11,37,35.0,131.2,4592.0,2024-04-24
2024042401017479,KBL,35,37,327.0,131.2,42902.4,2024-04-24
2024042401017478,PPL,28,33,100.0,602.1,60210.0,2024-04-24
2024042401017477,PPL,58,33,10.0,602.1,6021.0,2024-04-24
2024042401017476,JALPA,58,58,10.0,1235.0,12350.0,2024-04-24
2024042401017475,ILI,51,58,10.0,552.0,5520.0,2024-04-24
2024042405003052,NIFRA,58,65,62.0,197.0,12214.0,2024-04-24
2024042405003051,NIFRA,35,65,82.0,197.0,16154.0,2024-04-24
2024042405003050,NIFRA,4,65,200.0,197.0,39400.0,2024-04-24
2024042405003049,NIFRA,45,65,505.0,197.0,99485.0,2024-04-24
2024042405003048,NIFRA,52,65,400.0,197.0,78800.0,2024-04-24
2024042405003047,NIFRA,14,65,143.0,197.0,28171.0,2024-04-24
2024042405003046,NIFRA,48,65,72.0,197.1,14191.2,2024-04-24
2024042405003045,NIFRA,8,65,100.0,197.1,19710.0,2024-04-24
2024042405003044,NIFRA,19,65,100.0,197.1,19710.0,2024-04-24
2024042405003043,NIFRA,53,65,20.0,197.2,3944.0,2024-04-24
2024042405003042,NIFRA,47,65,320.0,197.2,63104.0,2024-04-24
2024042404005776,API,56,33,300.0,171.5,51450.0,2024-04-24
2024042403008956,FMDBL,45,45,10.0,604.0,6040.0,2024-04-24
2024042401017474,MKJC,50,44,90.0,440.0,39600.0,2024-04-24
2024042401017473,MKJC,44,44,110.0,440.0,48400.0,2024-04-24
2024042401017472,CITY,55,41,10.0,577.2,5772.0,2024-04-24
2024042401017471,NMB,43,26,249.0,172.3,42902.7,2024-04-24
2024042403008955,KSBBL,57,67,135.0,346.0,46710.0,2024-04-24
2024042403008954,KSBBL,19,67,150.0,346.0,51900.0,2024-04-24
2024042403008953,KSBBL,42,67,200.0,346.0,69200.0,2024-04-24
2024042403008952,KSBBL,51,67,185.0,347.0,64195.0,2024-04-24
2024042403008951,KSBBL,29,67,30.0,347.1,10413.0,2024-04-24
2024042403008950,KSBBL,56,67,800.0,347.2,277760.0,2024-04-24
2024042403008949,KSBBL,42,67,500.0,347.5,173750.0,2024-04-24
2024042403008948,SDLBSL,17,49,19.0,717.1,13624.9,2024-04-24
2024042401017470,ANLB,57,45,20.0,1950.0,39000.0,2024-04-24
2024042403008947,MPFL,49,45,80.0,385.0,30800.0,2024-04-24
2024042403008946,MPFL,69,45,20.0,385.0,7700.0,2024-04-24
2024042401017469,NABIL,11,28,100.0,429.9,42990.0,2024-04-24
2024042403008945,GUFL,6,57,100.0,767.0,76700.0,2024-04-24
2024042401017468,HDL,34,48,10.0,1460.0,14600.0,2024-04-24
2024042405003041,NIFRA,47,58,1930.0,197.2,380596.0,2024-04-24
2024042405003040,NIFRA,55,58,90.0,197.3,17757.0,2024-04-24
2024042401017467,USHEC,38,57,10.0,374.0,3740.0,2024-04-24
2024042401017466,USHEC,38,19,10.0,373.0,3730.0,2024-04-24
2024042401017465,USHEC,38,38,10.0,373.0,3730.0,2024-04-24
2024042401017464,SBI,44,7,70.0,270.0,18900.0,2024-04-24
2024042401017463,SBI,42,7,40.0,270.0,10800.0,2024-04-24
2024042401017462,SBI,32,7,200.0,270.0,54000.0,2024-04-24
2024042401017461,SBI,21,7,10.0,270.0,2700.0,2024-04-24
2024042405003039,CIT,45,45,10.0,2092.2,20922.0,2024-04-24
2024042403008944,ICFC,59,22,100.0,496.0,49600.0,2024-04-24
2024042403008943,ICFC,58,22,476.0,496.0,236096.0,2024-04-24
2024042403008942,ICFC,49,22,50.0,496.1,24805.0,2024-04-24
2024042403008941,ICFC,51,22,10.0,496.2,4962.0,2024-04-24
2024042404005775,AHPC,8,29,10.0,164.0,1640.0,2024-04-24
2024042403008940,ICFC,38,22,300.0,496.3,148890.0,2024-04-24
2024042404005774,AHPC,8,22,20.0,164.0,3280.0,2024-04-24
2024042401017460,RNLI,25,41,11.0,421.9,4640.9,2024-04-24
2024042404005773,BARUN,17,57,14.0,234.0,3276.0,2024-04-24
2024042401017459,VLUCL,34,33,50.0,470.0,23500.0,2024-04-24
2024042401017458,VLUCL,58,33,20.0,470.0,9400.0,2024-04-24
2024042401017457,VLUCL,44,33,60.0,470.0,28200.0,2024-04-24
2024042403008939,WNLB,58,42,10.0,1330.0,13300.0,2024-04-24
2024042403008938,MLBSL,5,49,10.0,1710.0,17100.0,2024-04-24
2024042401017456,CKHL,70,43,60.0,523.9,31434.0,2024-04-24
2024042401017455,CKHL,70,22,90.0,523.0,47070.0,2024-04-24
2024042401017454,BNHC,53,7,10.0,454.9,4549.0,2024-04-24
2024042401017453,HEIP,56,34,10.0,353.4,3534.0,2024-04-24
2024042401017452,NRM,42,36,10.0,352.0,3520.0,2024-04-24
2024042404005772,KKHC,47,38,26.0,228.9,5951.4,2024-04-24
2024042404005771,AHPC,36,22,10.0,164.0,1640.0,2024-04-24
2024042401017451,SHIVM,25,42,50.0,505.0,25250.0,2024-04-24
2024042404005770,JOSHI,62,38,70.0,350.0,24500.0,2024-04-24
2024042405003038,HRL,68,60,280.0,593.6,166208.0,2024-04-24
2024042405003037,HRL,68,58,10.0,593.3,5933.0,2024-04-24
2024042405003036,HRL,68,42,10.0,593.2,5932.0,2024-04-24
2024042405003035,HRL,68,49,30.0,593.1,17793.0,2024-04-24
2024042405003034,HRL,68,58,10.0,593.0,5930.0,2024-04-24
2024042405003033,HRL,68,72,150.0,593.0,88950.0,2024-04-24
2024042405003032,HRL,68,32,10.0,593.0,5930.0,2024-04-24
2024042405003031,NRN,26,34,200.0,495.1,99020.0,2024-04-24
2024042404005769,SGIC,45,45,100.0,513.4,51340.0,2024-04-24
2024042401017450,SARBTM,55,50,122.0,799.9,97587.8,2024-04-24
2024042401017449,SARBTM,55,88,100.0,799.9,79990.0,2024-04-24
2024042401017448,SARBTM,55,70,110.0,799.8,87978.0,2024-04-24
2024042401017447,SARBTM,55,34,10.0,799.0,7990.0,2024-04-24
2024042401017446,SARBTM,55,52,50.0,797.0,39850.0,2024-04-24
2024042401017445,SARBTM,55,34,10.0,795.0,7950.0,2024-04-24
2024042401017444,SARBTM,55,34,50.0,795.0,39750.0,2024-04-24
2024042404005768,UPPER,45,13,10.0,166.0,1660.0,2024-04-24
2024042403008937,SWMF,72,56,30.0,722.0,21660.0,2024-04-24
2024042404005767,API,57,34,100.0,171.1,17110.0,2024-04-24
2024042403008936,NFS,21,49,30.0,454.3,13629.0,2024-04-24
2024042403008935,USLB,75,42,10.0,1887.0,18870.0,2024-04-24
2024042401017443,SRLI,63,13,13.0,429.0,5577.0,2024-04-24
2024042401017442,SHLB,70,38,10.0,1225.0,12250.0,2024-04-24
2024042401017441,SHLB,70,41,10.0,1224.0,12240.0,2024-04-24
2024042401017440,SHLB,70,4,100.0,1220.0,122000.0,2024-04-24
2024042403008934,FOWAD,52,36,150.0,1090.0,163500.0,2024-04-24
2024042401017439,RFPL,44,1,10.0,368.0,3680.0,2024-04-24
2024042403008933,MLBBL,57,91,70.0,1032.0,72240.0,2024-04-24
2024042403008932,MLBBL,45,91,30.0,1033.0,30990.0,2024-04-24
2024042401017438,ILI,34,42,100.0,551.2,55120.0,2024-04-24
2024042401017437,NMB,43,26,1000.0,172.3,172300.0,2024-04-24
2024042403008931,LBBL,17,26,166.0,364.0,60424.0,2024-04-24
2024042401017436,NRM,48,19,10.0,354.9,3549.0,2024-04-24
2024042403008930,GBBL,1,41,32.0,356.7,11414.4,2024-04-24
2024042401017435,UHEWA,57,53,840.0,407.0,341880.0,2024-04-24
2024042401017434,PRVU,22,7,100.0,139.1,13910.0,2024-04-24
2024042403008929,SJLIC,45,81,200.0,413.4,82680.0,2024-04-24
2024042404005766,PMHPL,13,26,100.0,226.0,22600.0,2024-04-24
2024042401017433,JBLB,13,58,9.0,1290.0,11610.0,2024-04-24
2024042401017432,SMJC,63,19,10.0,370.0,3700.0,2024-04-24
2024042404005765,UMRH,48,57,10.0,337.0,3370.0,2024-04-24
2024042404005764,SJCL,22,38,105.0,270.0,28350.0,2024-04-24
2024042401017431,SONA,34,8,240.0,448.0,107520.0,2024-04-24
2024042401017430,SONA,34,42,40.0,448.0,17920.0,2024-04-24
2024042401017429,SONA,34,17,20.0,448.0,8960.0,2024-04-24
2024042401017428,SONA,49,17,30.0,448.0,13440.0,2024-04-24
2024042403008928,BFC,38,44,200.0,347.5,69500.0,2024-04-24
2024042401017427,LSL,44,28,370.0,149.0,55130.0,2024-04-24
2024042401017426,LSL,44,57,107.0,148.0,15836.0,2024-04-24
2024042401017425,LSL,44,42,10.0,148.0,1480.0,2024-04-24
2024042401017424,LSL,44,54,459.0,148.0,67932.0,2024-04-24
2024042401017423,LSL,44,13,26.0,148.0,3848.0,2024-04-24
2024042401017422,LSL,44,8,20.0,148.0,2960.0,2024-04-24
2024042401017421,ILI,34,59,10.0,551.2,5512.0,2024-04-24
2024042404005763,PMHPL,21,56,133.0,227.4,30244.2,2024-04-24
2024042404005762,PMHPL,21,56,100.0,227.0,22700.0,2024-04-24
2024042401017420,ULHC,52,66,158.0,336.0,53088.0,2024-04-24
2024042404005761,SPDL,39,41,67.0,227.0,15209.0,2024-04-24
2024042405003030,NIFRA,55,41,10.0,197.3,1973.0,2024-04-24
2024042404005760,SGIC,52,45,30.0,513.4,15402.0,2024-04-24
2024042404005759,SGIC,52,45,20.0,513.4,10268.0,2024-04-24
2024042403008927,GILB,62,74,40.0,978.9,39156.0,2024-04-24
2024042401017419,ADBL,52,33,20.0,229.5,4590.0,2024-04-24
2024042401017418,ADBL,33,33,100.0,229.5,22950.0,2024-04-24
2024042401017417,NBL,39,50,50.0,199.9,9995.0,2024-04-24
2024042401017416,BEDC,6,41,178.0,365.0,64970.0,2024-04-24
2024042401017415,BEDC,57,41,222.0,365.0,81030.0,2024-04-24
2024042401017414,MKCL,32,57,50.0,857.0,42850.0,2024-04-24
2024042403008926,ICFC,38,34,200.0,496.3,99260.0,2024-04-24
2024042401017413,SARBTM,26,58,49.0,795.0,38955.0,2024-04-24
2024042404005758,MEN,42,57,10.0,518.9,5189.0,2024-04-24
2024042404005757,SSHL,5,26,10.0,161.0,1610.0,2024-04-24
2024042403008925,GUFL,41,74,134.0,765.5,102577.0,2024-04-24
2024042401017412,EBL,47,39,21.0,504.0,10584.0,2024-04-24
2024042401017411,HDL,55,38,100.0,1458.0,145800.0,2024-04-24
2024042401017410,KBL,22,8,20.0,131.8,2636.0,2024-04-24
2024042401017409,SONA,22,38,10.0,448.0,4480.0,2024-04-24
2024042401017408,NIBLGF,47,32,24870.0,7.99,198711.3,2024-04-24
2024042401017407,AVYAN,74,70,120.0,701.0,84120.0,2024-04-24
2024042401017406,GCIL,56,63,787.0,490.0,385630.0,2024-04-24
2024042401017405,GCIL,74,63,213.0,490.0,104370.0,2024-04-24
2024042404005756,JOSHI,13,41,3350.0,348.4,1167140.0,2024-04-24
2024042404005755,JOSHI,34,41,550.0,348.5,191675.0,2024-04-24
2024042404005754,JOSHI,39,41,100.0,349.0,34900.0,2024-04-24
2024042404005753,SHEL,45,56,10.0,164.8,1648.0,2024-04-24
2024042403008924,LICN,50,8,10.0,1315.2,13152.0,2024-04-24
2024042401017404,MHCL,45,42,144.0,383.0,55152.0,2024-04-24
2024042401017403,MHCL,58,42,10.0,383.0,3830.0,2024-04-24
2024042401017402,MHCL,39,42,170.0,383.0,65110.0,2024-04-24
2024042401017401,MHCL,52,42,120.0,383.1,45972.0,2024-04-24
2024042401017400,MHCL,55,42,100.0,383.2,38320.0,2024-04-24
2024042401017399,MHCL,42,42,100.0,383.2,38320.0,2024-04-24
2024042401017398,MHCL,8,42,30.0,384.0,11520.0,2024-04-24
2024042401017397,MHCL,1,42,26.0,384.0,9984.0,2024-04-24
2024042403008923,MFIL,5,26,150.0,498.0,74700.0,2024-04-24
2024042401017396,ULBSL,34,36,57.0,1357.0,77349.0,2024-04-24
2024042401017395,ULBSL,1,36,16.0,1360.0,21760.0,2024-04-24
2024042401017394,SARBTM,42,35,50.0,794.2,39710.0,2024-04-24
2024042401017393,SNLI,42,58,10.0,586.0,5860.0,2024-04-24
2024042401017392,NICA,49,58,10.0,350.0,3500.0,2024-04-24
2024042401017391,PHCL,16,64,10.0,296.1,2961.0,2024-04-24
2024042401017390,RNLI,25,28,11.0,421.9,4640.9,2024-04-24
2024042404005752,PPCL,54,49,20.0,242.0,4840.0,2024-04-24
2024042404005751,RIDI,32,42,30.0,166.0,4980.0,2024-04-24
2024042403008922,GUFL,41,17,30.0,765.9,22977.0,2024-04-24
2024042403008921,GUFL,41,17,30.0,765.8,22974.0,2024-04-24
2024042403008920,GUFL,41,29,160.0,765.6,122496.0,2024-04-24
2024042404005750,MHNL,57,48,100.0,224.6,22460.0,2024-04-24
2024042405003029,CHDC,33,58,354.0,770.0,272580.0,2024-04-24
2024042401017389,RNLI,25,56,11.0,421.9,4640.9,2024-04-24
2024042401017388,SHIVM,77,1,41.0,505.5,20725.5,2024-04-24
2024042401017387,SHIVM,77,8,54.0,505.5,27297.0,2024-04-24
2024042401017386,SHIVM,77,34,105.0,505.0,53025.0,2024-04-24
2024042401017385,MKJC,44,45,10.0,440.0,4400.0,2024-04-24
2024042403008919,SMB,46,52,20.0,1410.0,28200.0,2024-04-24
2024042404005749,CHL,56,4,11.0,325.9,3584.9,2024-04-24
2024042403008918,ALBSL,44,57,10.0,718.0,7180.0,2024-04-24
2024042403008917,ALBSL,44,58,100.0,718.0,71800.0,2024-04-24
2024042403008916,ALBSL,44,32,10.0,717.9,7179.0,2024-04-24
2024042401017384,ULHC,52,56,132.0,336.0,44352.0,2024-04-24
2024042403008915,JSLBB,35,21,96.0,1116.1,107145.6,2024-04-24
2024042401017383,AVYAN,74,41,10.0,701.0,7010.0,2024-04-24
2024042405003028,NTC,41,38,15.0,828.5,12427.5,2024-04-24
2024042403008914,GUFL,41,33,1000.0,765.5,765500.0,2024-04-24
2024042403008913,GUFL,41,38,200.0,765.5,153100.0,2024-04-24
2024042404005748,SGIC,66,38,125.0,513.3,64162.5,2024-04-24
2024042403008912,NABBC,34,45,100.0,439.0,43900.0,2024-04-24
2024042403008911,NABBC,34,42,525.0,439.0,230475.0,2024-04-24
2024042403008910,NMFBS,57,81,100.0,1148.0,114800.0,2024-04-24
2024042404005747,GLH,22,66,130.0,206.0,26780.0,2024-04-24
2024042404005746,GLH,49,66,190.0,206.0,39140.0,2024-04-24
2024042401017382,AVYAN,74,1,200.0,701.0,140200.0,2024-04-24
2024042403008909,SKBBL,16,39,227.0,801.0,181827.0,2024-04-24
2024042401017381,SMJC,63,42,21.0,369.0,7749.0,2024-04-24
2024042404005745,AKPL,51,8,40.0,165.9,6636.0,2024-04-24
2024042405003027,HRL,29,38,10.0,592.5,5925.0,2024-04-24
2024042401017380,SNLI,42,21,10.0,586.0,5860.0,2024-04-24
2024042404005744,NGPL,95,62,41.0,315.2,12923.2,2024-04-24
2024042401017379,USHL,50,74,320.0,461.3,147616.0,2024-04-24
2024042401017378,USHL,53,74,100.0,461.4,46140.0,2024-04-24
2024042401017377,USHL,14,74,20.0,462.0,9240.0,2024-04-24
2024042401017376,USHL,43,74,30.0,462.1,13863.0,2024-04-24
2024042401017375,USHL,49,74,20.0,462.5,9250.0,2024-04-24
2024042401017374,USHL,25,74,10.0,462.6,4626.0,2024-04-24
2024042403008908,CFCL,34,53,105.0,367.0,38535.0,2024-04-24
2024042403008907,CFCL,67,53,100.0,367.1,36710.0,2024-04-24
2024042403008906,SJLIC,34,41,10.0,413.0,4130.0,2024-04-24
2024042401017373,SBI,51,41,15.0,270.0,4050.0,2024-04-24
2024042405003026,NTC,35,38,35.0,828.5,28997.5,2024-04-24
2024042403008905,NLIC,87,21,145.0,585.0,84825.0,2024-04-24
2024042401017372,MEHL,47,64,500.0,309.0,154500.0,2024-04-24
2024042401017371,NWCL,62,45,10.0,717.0,7170.0,2024-04-24
2024042405003025,NRN,26,57,100.0,495.1,49510.0,2024-04-24
2024042401017370,BHL,38,34,320.0,330.0,105600.0,2024-04-24
2024042401017369,NBL,8,45,300.0,200.0,60000.0,2024-04-24
2024042401017368,NBL,8,6,200.0,200.0,40000.0,2024-04-24
2024042404005743,API,57,42,600.0,171.1,102660.0,2024-04-24
2024042401017367,ILI,34,42,100.0,551.2,55120.0,2024-04-24
2024042403008904,NLICL,38,54,64.0,545.0,34880.0,2024-04-24
2024042403008903,NLICL,1,54,236.0,545.0,128620.0,2024-04-24
2024042401017366,MKHC,94,29,10.0,321.0,3210.0,2024-04-24
2024042401017365,MKHC,94,41,50.0,321.0,16050.0,2024-04-24
2024042401017364,MKHC,94,32,140.0,321.0,44940.0,2024-04-24
2024042401017363,PRVU,22,43,340.0,139.1,47294.0,2024-04-24
2024042404005742,HDHPC,56,57,58.0,130.8,7586.4,2024-04-24
2024042404005741,HDHPC,56,7,50.0,130.8,6540.0,2024-04-24
2024042401017362,GCIL,74,38,11.0,490.0,5390.0,2024-04-24
2024042401017361,SNLI,57,49,15.0,585.1,8776.5,2024-04-24
2024042404005740,UAIL,34,25,10.0,523.0,5230.0,2024-04-24
2024042404005739,UAIL,34,1,65.0,520.5,33832.5,2024-04-24
2024042401017360,EBL,47,34,35.0,504.0,17640.0,2024-04-24
2024042401017359,EBL,77,34,15.0,504.0,7560.0,2024-04-24
2024042401017358,SHIVM,35,34,30.0,505.0,15150.0,2024-04-24
2024042401017357,SHIVM,56,34,15.0,505.0,7575.0,2024-04-24
2024042404005738,NHPC,52,50,1100.0,146.0,160600.0,2024-04-24
2024042401017356,LBBLD89,42,34,25.0,1091.9,27297.5,2024-04-24
2024042405003024,NTC,18,3,12.0,828.7,9944.4,2024-04-24
2024042405003023,CHDC,43,58,15.0,770.0,11550.0,2024-04-24
2024042405003022,CHDC,14,58,10.0,770.0,7700.0,2024-04-24
2024042405003021,CHDC,53,58,11.0,770.3,8473.3,2024-04-24
2024042405003020,CHDC,17,58,10.0,772.0,7720.0,2024-04-24
2024042405003019,CHDC,45,58,100.0,772.1,77210.0,2024-04-24
2024042401017355,RFPL,14,58,10.0,366.0,3660.0,2024-04-24
2024042403008902,GUFL,11,29,20.0,765.6,15312.0,2024-04-24
2024042404005737,NHPC,52,49,156.0,146.0,22776.0,2024-04-24
2024042404005736,NHPC,52,20,642.0,146.0,93732.0,2024-04-24
2024042403008901,MFIL,53,56,16.0,495.5,7928.0,2024-04-24
2024042403008900,MFIL,16,56,100.0,495.6,49560.0,2024-04-24
2024042404005735,NGPL,58,35,1500.0,316.0,474000.0,2024-04-24
2024042404005734,HDHPC,34,34,500.0,130.2,65100.0,2024-04-24
2024042401017354,TAMOR,34,17,40.0,374.0,14960.0,2024-04-24
2024042401017353,TAMOR,34,49,10.0,374.0,3740.0,2024-04-24
2024042401017352,CLI,47,19,110.0,437.0,48070.0,2024-04-24
2024042401017351,NICA,49,46,250.0,350.0,87500.0,2024-04-24
2024042401017350,HHL,63,19,100.0,358.5,35850.0,2024-04-24
2024042404005733,UPCL,42,88,159.0,196.0,31164.0,2024-04-24
2024042404005732,UPCL,42,8,41.0,196.0,8036.0,2024-04-24
2024042401017349,AVYAN,74,54,50.0,701.0,35050.0,2024-04-24
2024042404005731,JOSHI,22,35,100.0,349.1,34910.0,2024-04-24
2024042401017348,MAKAR,64,34,250.0,383.6,95900.0,2024-04-24
2024042404005730,UPCL,34,84,81.0,193.0,15633.0,2024-04-24
2024042404005729,UPCL,41,84,100.0,193.0,19300.0,2024-04-24
2024042404005728,UPCL,45,84,75.0,193.0,14475.0,2024-04-24
2024042404005727,UPCL,13,84,250.0,193.0,48250.0,2024-04-24
2024042404005726,UPCL,45,84,500.0,193.0,96500.0,2024-04-24
2024042404005725,UPCL,29,84,20.0,193.1,3862.0,2024-04-24
2024042404005724,UPCL,59,84,100.0,193.1,19310.0,2024-04-24
2024042404005723,UPCL,47,84,100.0,193.1,19310.0,2024-04-24
2024042404005722,UPCL,26,84,100.0,193.1,19310.0,2024-04-24
2024042404005721,UPCL,55,84,100.0,193.3,19330.0,2024-04-24
2024042404005720,UPCL,14,84,10.0,194.0,1940.0,2024-04-24
2024042404005719,UPCL,43,84,714.0,194.0,138516.0,2024-04-24
2024042401017347,NABIL,10,17,10.0,429.1,4291.0,2024-04-24
2024042404005718,SALICO,6,57,50.0,605.0,30250.0,2024-04-24
2024042404005717,SALICO,53,57,20.0,605.0,12100.0,2024-04-24
2024042404005716,SALICO,58,57,33.0,607.2,20037.6,2024-04-24
2024042403008899,SJLIC,34,34,80.0,413.0,33040.0,2024-04-24
2024042403008898,SJLIC,13,34,10.0,413.1,4131.0,2024-04-24
2024042404005715,HEI,42,50,100.0,570.0,57000.0,2024-04-24
2024042403008897,USLB,49,59,10.0,1885.0,18850.0,2024-04-24
2024042401017346,MCHL,52,35,10.0,377.0,3770.0,2024-04-24
2024042401017345,AVYAN,74,42,10.0,701.0,7010.0,2024-04-24
2024042401017344,NRM,42,42,30.0,351.0,10530.0,2024-04-24
2024042401017343,NRM,42,51,10.0,351.0,3510.0,2024-04-24
2024042401017342,NRM,42,49,20.0,351.0,7020.0,2024-04-24
2024042401017341,NRM,42,32,205.0,351.0,71955.0,2024-04-24
2024042404005714,PMHPL,1,77,100.0,226.0,22600.0,2024-04-24
2024042401017340,BHL,38,4,10.0,330.0,3300.0,2024-04-24
2024042405003018,NRIC,16,45,35.0,709.0,24815.0,2024-04-24
2024042404005713,CHL,78,56,400.0,325.1,130040.0,2024-04-24
2024042404005712,NGPL,95,77,500.0,315.2,157600.0,2024-04-24
2024042401017339,RNLI,25,58,11.0,421.9,4640.9,2024-04-24
2024042401017338,ULHC,58,45,10.0,335.0,3350.0,2024-04-24
2024042404005711,SGIC,44,45,80.0,513.4,41072.0,2024-04-24
2024042401017337,SNLI,26,19,10.0,585.9,5859.0,2024-04-24
2024042401017336,MEL,36,19,30.0,231.4,6942.0,2024-04-24
2024042401017335,UNLB,42,45,10.0,1625.0,16250.0,2024-04-24
2024042401017334,UHEWA,32,53,500.0,407.0,203500.0,2024-04-24
2024042401017333,UHEWA,38,53,400.0,408.3,163320.0,2024-04-24
2024042401017332,UHEWA,57,53,25.0,408.4,10210.0,2024-04-24
2024042401017331,UHEWA,57,53,230.0,410.0,94300.0,2024-04-24
2024042403008896,MLBL,35,41,73.0,314.0,22922.0,2024-04-24
2024042403008895,MLBL,62,41,11.0,314.3,3457.3,2024-04-24
2024042404005710,SHPC,16,41,10.0,321.6,3216.0,2024-04-24
2024042401017330,DORDI,28,36,10.0,407.0,4070.0,2024-04-24
2024042401017329,DORDI,28,52,10.0,406.5,4065.0,2024-04-24
2024042405003017,HRL,17,57,10.0,593.0,5930.0,2024-04-24
2024042405003016,HRL,17,45,10.0,593.0,5930.0,2024-04-24
2024042401017328,TVCL,42,34,153.0,468.0,71604.0,2024-04-24
2024042401017327,TVCL,42,59,20.0,467.0,9340.0,2024-04-24
2024042401017326,TVCL,42,49,20.0,467.0,9340.0,2024-04-24
2024042401017325,TVCL,42,50,30.0,467.0,14010.0,2024-04-24
2024042401017324,TVCL,42,57,20.0,467.0,9340.0,2024-04-24
2024042401017323,TVCL,42,42,30.0,464.0,13920.0,2024-04-24
2024042401017322,TVCL,42,29,30.0,464.0,13920.0,2024-04-24
2024042401017321,TVCL,42,51,20.0,464.0,9280.0,2024-04-24
2024042401017320,TVCL,42,11,20.0,463.0,9260.0,2024-04-24
2024042401017319,TVCL,42,41,157.0,463.0,72691.0,2024-04-24
2024042403008894,GUFL,55,29,20.0,765.6,15312.0,2024-04-24
2024042403008893,NABBC,83,42,175.0,439.0,76825.0,2024-04-24
2024042403008892,NABBC,83,6,30.0,439.0,13170.0,2024-04-24
2024042403008891,NABBC,83,34,295.0,439.0,129505.0,2024-04-24
2024042404005709,AKPL,49,8,485.0,165.9,80461.5,2024-04-24
2024042404005708,AKPL,49,11,115.0,165.8,19067.0,2024-04-24
2024042403008890,MDB,84,13,200.0,419.9,83980.0,2024-04-24
2024042404005707,MHNL,83,38,390.0,224.5,87555.0,2024-04-24
2024042404005706,MHNL,4,38,100.0,224.6,22460.0,2024-04-24
2024042401017318,USHEC,77,22,10.0,372.0,3720.0,2024-04-24
2024042401017317,USHEC,77,45,10.0,372.0,3720.0,2024-04-24
2024042401017316,USHEC,77,45,10.0,370.0,3700.0,2024-04-24
2024042401017315,USHEC,77,56,100.0,370.0,37000.0,2024-04-24
2024042401017314,USHEC,77,56,100.0,369.0,36900.0,2024-04-24
2024042403008889,JFL,69,45,150.0,442.1,66315.0,2024-04-24
2024042401017313,EBL,41,6,62.0,504.0,31248.0,2024-04-24
2024042401017312,SHIVM,32,8,10.0,505.5,5055.0,2024-04-24
2024042405003015,HIDCL,59,41,22.0,162.5,3575.0,2024-04-24
2024042404005705,API,57,43,200.0,171.1,34220.0,2024-04-24
2024042401017311,IHL,35,35,10.0,375.0,3750.0,2024-04-24
2024042403008888,MSLB,44,58,10.0,1110.0,11100.0,2024-04-24
2024042404005704,UAIL,34,25,26.0,523.0,13598.0,2024-04-24
2024042404005703,UAIL,34,25,100.0,522.0,52200.0,2024-04-24
2024042404005702,UAIL,34,58,22.0,522.0,11484.0,2024-04-24
2024042404005701,UAIL,34,45,205.0,521.0,106805.0,2024-04-24
2024042404005700,UAIL,34,7,79.0,520.9,41151.1,2024-04-24
2024042404005699,UAIL,34,44,68.0,518.0,35224.0,2024-04-24
2024042401017310,MKHL,58,81,30.0,469.2,14076.0,2024-04-24
2024042401017309,NRM,42,32,500.0,351.0,175500.0,2024-04-24
2024042401017308,LSL,22,8,10.0,148.0,1480.0,2024-04-24
2024042401017307,LSL,22,49,40.0,147.8,5912.0,2024-04-24
2024042403008887,GFCL,53,81,1680.0,443.1,744408.0,2024-04-24
2024042403008886,GFCL,55,81,200.0,443.2,88640.0,2024-04-24
2024042403008885,GFCL,10,81,20.0,443.4,8868.0,2024-04-24
2024042403008884,GFCL,38,81,51.0,444.0,22644.0,2024-04-24
2024042403008883,SKBBL,34,39,40.0,801.0,32040.0,2024-04-24
2024042403008882,SKBBL,34,1,60.0,801.0,48060.0,2024-04-24
2024042401017306,HIDCLP,34,38,11.0,99.4,1093.4,2024-04-24
2024042401017305,ILI,34,42,59.0,551.2,32520.8,2024-04-24
2024042403008881,SAPDBL,57,48,173.0,291.0,50343.0,2024-04-24
2024042403008880,SAPDBL,34,48,27.0,291.1,7859.7,2024-04-24
2024042401017304,RHGCL,26,36,100.0,341.3,34130.0,2024-04-24
2024042401017303,SARBTM,46,22,102.0,794.1,80998.2,2024-04-24
2024042405003014,NTC,18,26,10.0,828.7,8287.0,2024-04-24
2024042401017302,CYCL,25,36,10.0,1608.0,16080.0,2024-04-24
2024042404005698,SHEL,44,25,375.0,164.1,61537.5,2024-04-24
2024042404005697,SHEL,44,25,115.0,164.1,18871.5,2024-04-24
2024042401017301,MKCL,32,29,16.0,857.0,13712.0,2024-04-24
2024042403008879,NABBC,74,34,400.0,439.0,175600.0,2024-04-24
2024042403008878,NABBC,74,34,100.0,438.9,43890.0,2024-04-24
2024042404005696,SGIC,44,38,120.0,513.4,61608.0,2024-04-24
2024042401017300,PHCL,16,28,10.0,296.1,2961.0,2024-04-24
2024042404005695,GHL,22,17,1000.0,148.5,148500.0,2024-04-24
2024042404005694,GHL,34,17,500.0,148.6,74300.0,2024-04-24
2024042404005693,GHL,85,17,500.0,148.8,74400.0,2024-04-24
2024042403008877,SKBBL,35,42,400.0,800.0,320000.0,2024-04-24
2024042405003013,NRIC,48,21,10.0,708.6,7086.0,2024-04-24
2024042404005692,UPPER,45,36,48.0,166.0,7968.0,2024-04-24
2024042404005691,UPPER,46,36,10.0,166.0,1660.0,2024-04-24
2024042404005690,UPPER,19,36,50.0,166.0,8300.0,2024-04-24
2024042404005689,UPPER,57,36,356.0,166.0,59096.0,2024-04-24
2024042404005688,UPPER,38,36,75.0,166.0,12450.0,2024-04-24
2024042404005687,UPPER,42,36,25.0,166.0,4150.0,2024-04-24
2024042404005686,UPPER,49,36,55.0,166.0,9130.0,2024-04-24
2024042404005685,UPPER,43,36,196.0,166.0,32536.0,2024-04-24
2024042404005684,UPPER,17,36,100.0,166.1,16610.0,2024-04-24
2024042404005683,UPPER,26,36,20.0,166.2,3324.0,2024-04-24
2024042401017299,NICA,49,38,10.0,350.0,3500.0,2024-04-24
2024042403008876,JFL,26,38,90.0,443.0,39870.0,2024-04-24
2024042403008875,SMFBS,34,25,10.0,1169.0,11690.0,2024-04-24
2024042401017298,DLBS,42,42,10.0,1133.0,11330.0,2024-04-24
2024042405003012,HRL,29,4,10.0,592.5,5925.0,2024-04-24
2024042401017297,DOLTI,45,65,125.0,443.5,55437.5,2024-04-24
2024042401017296,DOLTI,58,65,25.0,443.5,11087.5,2024-04-24
2024042401017295,DOLTI,55,65,150.0,443.5,66525.0,2024-04-24
2024042404005682,JOSHI,22,4,400.0,349.1,139640.0,2024-04-24
2024042404005681,JOSHI,63,4,100.0,350.0,35000.0,2024-04-24
2024042403008874,GUFL,41,14,500.0,765.5,382750.0,2024-04-24
2024042403008873,MPFL,69,58,10.0,385.0,3850.0,2024-04-24
2024042405003011,HRL,13,66,20.0,592.1,11842.0,2024-04-24
2024042405003010,NIFRA,29,57,100.0,197.3,19730.0,2024-04-24
2024042405003009,NIFRA,45,57,100.0,197.3,19730.0,2024-04-24
2024042403008872,NLIC,35,21,100.0,585.0,58500.0,2024-04-24
2024042403008871,KSBBL,14,19,15.0,350.0,5250.0,2024-04-24
2024042403008870,KSBBL,14,45,15.0,348.0,5220.0,2024-04-24
2024042404005680,PPCL,14,49,10.0,242.0,2420.0,2024-04-24
2024042401017294,GBIME,49,7,1133.0,178.8,202580.4,2024-04-24
2024042401017293,GBIME,49,42,50.0,178.5,8925.0,2024-04-24
2024042401017292,GBIME,49,57,66.0,178.0,11748.0,2024-04-24
2024042401017291,GBIME,49,32,231.0,178.0,41118.0,2024-04-24
2024042401017290,GBIME,49,49,10.0,178.0,1780.0,2024-04-24
2024042403008869,SJLIC,58,81,50.0,413.4,20670.0,2024-04-24
2024042404005679,NGPL,95,41,41.0,315.2,12923.2,2024-04-24
2024042401017289,SBI,51,7,85.0,270.0,22950.0,2024-04-24
2024042401017288,SBI,51,7,215.0,270.0,58050.0,2024-04-24
2024042401017287,SBI,34,7,200.0,270.1,54020.0,2024-04-24
2024042403008868,MSLB,44,38,10.0,1100.0,11000.0,2024-04-24
2024042403008867,MPFL,39,62,10.0,386.4,3864.0,2024-04-24
2024042401017286,VLUCL,44,49,10.0,470.0,4700.0,2024-04-24
2024042404005678,UAIL,34,44,150.0,518.0,77700.0,2024-04-24
2024042401017285,TVCL,34,41,10.0,463.0,4630.0,2024-04-24
2024042404005677,UPCL,5,8,10.0,196.0,1960.0,2024-04-24
2024042401017284,GCIL,74,63,221.0,490.0,108290.0,2024-04-24
2024042401017283,GCIL,58,63,579.0,490.1,283767.9,2024-04-24
2024042401017282,GCIL,52,63,200.0,490.2,98040.0,2024-04-24
2024042403008866,GLBSL,42,74,30.0,1921.0,57630.0,2024-04-24
2024042403008865,GLBSL,26,74,10.0,1921.0,19210.0,2024-04-24
2024042403008864,GLBSL,58,74,10.0,1921.1,19211.0,2024-04-24
2024042403008863,GLBSL,45,74,100.0,1935.0,193500.0,2024-04-24
2024042403008862,GLBSL,36,74,29.0,1939.9,56257.1,2024-04-24
2024042401017281,NICA,49,41,10.0,350.0,3500.0,2024-04-24
2024042401017280,TAMOR,57,4,10.0,373.0,3730.0,2024-04-24
2024042403008861,GUFL,41,4,50.0,765.5,38275.0,2024-04-24
2024042404005676,SJCL,22,45,221.0,270.0,59670.0,2024-04-24
2024042404005675,SJCL,32,45,104.0,270.0,28080.0,2024-04-24
2024042401017279,EBL,41,6,35.0,504.0,17640.0,2024-04-24
2024042401017278,EBL,42,6,20.0,504.0,10080.0,2024-04-24
2024042401017277,EBL,42,6,400.0,504.0,201600.0,2024-04-24
2024042401017276,EBL,11,6,25.0,504.0,12600.0,2024-04-24
2024042401017275,EBL,58,6,20.0,504.0,10080.0,2024-04-24
2024042401017274,RHGCL,68,16,10.0,344.7,3447.0,2024-04-24
2024042401017273,RHGCL,68,44,60.0,344.6,20676.0,2024-04-24
2024042401017272,RHGCL,68,49,10.0,344.2,3442.0,2024-04-24
2024042401017271,JBLB,14,48,20.0,1280.5,25610.0,2024-04-24
2024042403008860,MFIL,95,56,279.0,496.0,138384.0,2024-04-24
2024042403008859,ALICL,35,64,361.0,545.3,196853.3,2024-04-24
2024042403008858,ALICL,17,64,50.0,545.5,27275.0,2024-04-24
2024042401017270,NRM,49,32,100.0,351.0,35100.0,2024-04-24
2024042405003008,CIT,29,45,10.0,2092.2,20922.0,2024-04-24
2024042401017269,NMB,14,43,170.0,172.2,29274.0,2024-04-24
2024042401017268,NMB,43,43,1000.0,172.3,172300.0,2024-04-24
2024042401017267,NMB,57,43,30.0,172.4,5172.0,2024-04-24
2024042401017266,NMB,43,43,300.0,172.4,51720.0,2024-04-24
2024042403008857,MFIL,53,45,150.0,497.0,74550.0,2024-04-24
2024042401017265,SHIVM,56,53,200.0,505.0,101000.0,2024-04-24
2024042401017264,SHIVM,56,13,285.0,505.0,143925.0,2024-04-24
2024042403008856,MLBL,62,8,150.0,314.3,47145.0,2024-04-24
2024042403008855,BFC,42,44,50.0,348.0,17400.0,2024-04-24
2024042403008854,BFC,34,44,100.0,348.0,34800.0,2024-04-24
2024042403008853,BFC,44,44,100.0,348.0,34800.0,2024-04-24
2024042403008852,BFC,45,44,460.0,348.0,160080.0,2024-04-24
2024042403008851,BFC,38,44,30.0,348.2,10446.0,2024-04-24
2024042401017263,HATHY,26,45,40.0,838.9,33556.0,2024-04-24
2024042401017262,PCBL,11,5,500.0,192.5,96250.0,2024-04-24
2024042405003007,HRL,13,54,10.0,592.1,5921.0,2024-04-24
2024042404005674,RIDI,54,42,50.0,166.0,8300.0,2024-04-24
2024042404005673,RIDI,49,42,60.0,166.0,9960.0,2024-04-24
2024042404005672,RIDI,14,42,35.0,166.0,5810.0,2024-04-24
2024042404005671,RIDI,1,42,419.0,166.0,69554.0,2024-04-24
2024042401017261,PCBL,38,5,200.0,192.5,38500.0,2024-04-24
2024042401017260,PCBL,38,14,300.0,192.4,57720.0,2024-04-24
2024042401017259,CLI,47,38,10.0,437.0,4370.0,2024-04-24
2024042401017258,CLI,47,38,10.0,437.0,4370.0,2024-04-24
2024042401017257,CLI,47,25,10.0,437.0,4370.0,2024-04-24
2024042401017256,CLI,47,51,10.0,437.0,4370.0,2024-04-24
2024042401017255,CLI,47,49,10.0,437.0,4370.0,2024-04-24
2024042401017254,CLI,47,58,10.0,437.0,4370.0,2024-04-24
2024042401017253,CLI,47,4,10.0,436.0,4360.0,2024-04-24
2024042401017252,NWCL,62,80,90.0,724.0,65160.0,2024-04-24
2024042401017251,NWCL,62,7,10.0,724.0,7240.0,2024-04-24
2024042403008850,GFCL,38,58,20.0,444.0,8880.0,2024-04-24
2024042403008849,GFCL,52,58,10.0,444.5,4445.0,2024-04-24
2024042403008848,GLBSL,36,38,100.0,1939.9,193990.0,2024-04-24
2024042401017250,MKCL,32,45,10.0,857.0,8570.0,2024-04-24
2024042403008847,RSDC,60,34,100.0,598.1,59810.0,2024-04-24
2024042405003006,HRL,53,58,20.0,592.0,11840.0,2024-04-24
2024042401017249,VLUCL,44,41,30.0,470.0,14100.0,2024-04-24
2024042401017248,SHIVM,4,34,19.0,504.7,9589.3,2024-04-24
2024042401017247,SHIVM,35,34,31.0,504.7,15645.7,2024-04-24
2024042403008846,SADBL,1,42,1696.0,290.0,491840.0,2024-04-24
