transaction,symbol,buyer,seller,quantity,rate,amount,date
2024040103007643,ILBS,70,37,10.0,890.0,8900.0,2024-04-01
2024040103007642,SINDU,42,38,10.0,348.0,3480.0,2024-04-01
2024040104008550,UPCL,42,25,25.0,205.8,5145.0,2024-04-01
2024040101042430,TSHL,42,43,10.0,510.0,5100.0,2024-04-01
2024040101042429,DOLTI,28,42,1000.0,448.0,448000.0,2024-04-01
2024040103007641,NMBMF,62,21,29.0,567.2,16448.8,2024-04-01
2024040103007640,MLBBL,16,1,10.0,918.0,9180.0,2024-04-01
2024040103007639,MLBBL,16,6,60.0,916.0,54960.0,2024-04-01
2024040103007638,MLBBL,16,11,30.0,915.0,27450.0,2024-04-01
2024040103007637,BFC,4,35,10.0,336.0,3360.0,2024-04-01
2024040101042428,MEL,32,14,520.0,230.0,119600.0,2024-04-01
2024040101042427,MEL,32,6,100.0,230.0,23000.0,2024-04-01
2024040101042426,MEL,32,53,100.0,230.0,23000.0,2024-04-01
2024040101042425,MEL,32,52,90.0,230.0,20700.0,2024-04-01
2024040101042424,MEL,32,33,1000.0,230.0,230000.0,2024-04-01
2024040101042423,MEL,32,49,500.0,230.0,115000.0,2024-04-01
2024040101042422,MEL,32,32,100.0,230.0,23000.0,2024-04-01
2024040101042421,MEL,32,57,10.0,230.0,2300.0,2024-04-01
2024040101042420,MEL,32,58,10.0,230.0,2300.0,2024-04-01
2024040101042419,MEL,32,38,10.0,230.0,2300.0,2024-04-01
2024040101042418,MEL,32,47,860.0,230.0,197800.0,2024-04-01
2024040101042417,MEL,32,62,500.0,229.9,114950.0,2024-04-01
2024040101042416,MEL,32,39,200.0,229.0,45800.0,2024-04-01
2024040101042415,BNHC,32,58,10.0,475.0,4750.0,2024-04-01
2024040103007636,MLBBL,14,11,10.0,915.0,9150.0,2024-04-01
2024040101042414,DORDI,14,16,20.0,435.0,8700.0,2024-04-01
2024040103007635,GUFL,41,26,500.0,869.9,434950.0,2024-04-01
2024040101042413,HDL,26,38,50.0,1500.0,75000.0,2024-04-01
2024040101042412,RHGCL,26,34,30.0,334.0,10020.0,2024-04-01
2024040104008549,GHL,44,47,90.0,151.0,13590.0,2024-04-01
2024040101042411,KBL,48,25,10.0,138.0,1380.0,2024-04-01
2024040101042410,SPL,45,14,10.0,669.0,6690.0,2024-04-01
2024040101042409,SPL,45,1,10.0,665.0,6650.0,2024-04-01
2024040101042408,SPL,45,62,10.0,665.0,6650.0,2024-04-01
2024040101042407,SPL,45,19,10.0,663.9,6639.0,2024-04-01
2024040104008548,HPPL,45,4,10.0,273.9,2739.0,2024-04-01
2024040104008547,HPPL,45,41,10.0,272.0,2720.0,2024-04-01
2024040101042406,BEDC,45,48,10.0,386.9,3869.0,2024-04-01
2024040104008546,CHL,43,57,41.0,299.0,12259.0,2024-04-01
2024040104008545,CHL,43,35,59.0,299.0,17641.0,2024-04-01
2024040101042405,PPL,58,71,300.0,560.0,168000.0,2024-04-01
2024040101042404,BEDC,38,58,10.0,383.3,3833.0,2024-04-01
2024040104008544,TRH,58,81,564.0,851.0,479964.0,2024-04-01
2024040104008543,TRH,58,50,400.0,841.0,336400.0,2024-04-01
2024040104008542,TRH,58,88,200.0,835.0,167000.0,2024-04-01
2024040104008541,TRH,58,46,10.0,808.4,8084.0,2024-04-01
2024040104008540,TRH,58,57,100.0,808.4,80840.0,2024-04-01
2024040104008539,TRH,58,19,100.0,808.4,80840.0,2024-04-01
2024040104008538,TRH,58,45,20.0,808.4,16168.0,2024-04-01
2024040104008537,TRH,58,43,68.0,808.4,54971.2,2024-04-01
2024040104008536,TRH,58,42,38.0,803.0,30514.0,2024-04-01
2024040101042403,JALPA,10,49,10.0,1165.0,11650.0,2024-04-01
2024040101042402,MKHC,58,32,10.0,344.8,3448.0,2024-04-01
2024040101042401,PPL,58,71,400.0,560.0,224000.0,2024-04-01
2024040101042400,NIMBPO,13,5,50.0,132.0,6600.0,2024-04-01
2024040101042399,SIKLES,45,58,20.0,505.0,10100.0,2024-04-01
2024040101042398,BNHC,21,58,20.0,471.0,9420.0,2024-04-01
2024040104008535,RADHI,16,65,1500.0,237.0,355500.0,2024-04-01
2024040103007634,GUFL,62,45,50.0,870.0,43500.0,2024-04-01
2024040103007633,GUFL,62,32,50.0,870.0,43500.0,2024-04-01
2024040101042397,MKHC,5,32,10.0,344.8,3448.0,2024-04-01
2024040105004392,SMATA,88,32,10.0,670.0,6700.0,2024-04-01
2024040104008534,HURJA,41,29,10.0,313.0,3130.0,2024-04-01
2024040101042396,DORDI,72,16,10.0,435.0,4350.0,2024-04-01
2024040103007632,GUFL,41,57,16.0,869.9,13918.4,2024-04-01
2024040101042395,PPL,69,71,60.0,560.0,33600.0,2024-04-01
2024040101042394,SHIVM,69,51,10.0,531.6,5316.0,2024-04-01
2024040101042393,SONA,33,3,120.0,477.0,57240.0,2024-04-01
2024040101042392,SONA,33,6,10.0,477.0,4770.0,2024-04-01
2024040101042391,SONA,33,58,10.0,477.0,4770.0,2024-04-01
2024040101042390,SONA,33,47,10.0,477.0,4770.0,2024-04-01
2024040101042389,SONA,33,22,150.0,476.9,71535.0,2024-04-01
2024040103007631,WNLB,66,26,20.0,1191.3,23826.0,2024-04-01
2024040101042388,MHCL,55,6,10.0,422.2,4222.0,2024-04-01
2024040104008533,GHL,56,56,10.0,152.0,1520.0,2024-04-01
2024040103007630,PMLI,7,1,20.0,514.0,10280.0,2024-04-01
2024040103007629,PMLI,7,32,10.0,514.0,5140.0,2024-04-01
2024040103007628,PMLI,7,21,10.0,513.0,5130.0,2024-04-01
2024040103007627,PMLI,7,34,10.0,510.0,5100.0,2024-04-01
2024040103007626,PMLI,7,42,10.0,510.0,5100.0,2024-04-01
2024040103007625,PMLI,7,28,60.0,510.0,30600.0,2024-04-01
2024040103007624,PMLI,7,33,10.0,510.0,5100.0,2024-04-01
2024040103007623,PMLI,7,33,10.0,510.0,5100.0,2024-04-01
2024040103007622,PMLI,7,33,10.0,510.0,5100.0,2024-04-01
2024040103007621,PMLI,7,91,17.0,509.0,8653.0,2024-04-01
2024040103007620,PMLI,7,21,10.0,509.0,5090.0,2024-04-01
2024040103007619,PMLI,7,29,10.0,508.9,5089.0,2024-04-01
2024040104008532,IGI,22,62,10.0,534.9,5349.0,2024-04-01
2024040101042387,DLBS,38,38,100.0,1300.0,130000.0,2024-04-01
2024040101042386,DLBS,38,29,30.0,1300.0,39000.0,2024-04-01
2024040101042385,DLBS,38,36,10.0,1300.0,13000.0,2024-04-01
2024040101042384,DLBS,38,49,10.0,1300.0,13000.0,2024-04-01
2024040101042383,DLBS,38,21,10.0,1300.0,13000.0,2024-04-01
2024040101042382,DLBS,38,17,10.0,1300.0,13000.0,2024-04-01
2024040101042381,DLBS,38,52,10.0,1300.0,13000.0,2024-04-01
2024040101042380,DLBS,38,62,10.0,1300.0,13000.0,2024-04-01
2024040101042379,DLBS,38,38,10.0,1300.0,13000.0,2024-04-01
2024040101042378,DLBS,38,32,100.0,1279.9,127990.0,2024-04-01
2024040101042377,DLBS,38,81,100.0,1276.0,127600.0,2024-04-01
2024040101042376,DLBS,38,48,10.0,1268.0,12680.0,2024-04-01
2024040101042375,DLBS,38,49,10.0,1268.0,12680.0,2024-04-01
2024040101042374,DLBS,38,18,10.0,1260.0,12600.0,2024-04-01
2024040101042373,DLBS,38,58,10.0,1260.0,12600.0,2024-04-01
2024040101042372,DLBS,38,35,10.0,1247.0,12470.0,2024-04-01
2024040101042371,MKCL,17,35,10.0,965.0,9650.0,2024-04-01
2024040101042370,GCIL,26,17,13.0,511.0,6643.0,2024-04-01
2024040101042369,GCIL,6,17,10.0,511.0,5110.0,2024-04-01
2024040101042368,PCBL,44,3,10.0,191.8,1918.0,2024-04-01
2024040101042367,SIKLES,19,65,500.0,506.0,253000.0,2024-04-01
2024040103007618,NICLBSL,43,29,40.0,590.0,23600.0,2024-04-01
2024040103007617,NICLBSL,38,29,60.0,593.0,35580.0,2024-04-01
2024040101042366,PPL,21,71,1041.0,560.0,582960.0,2024-04-01
2024040101042365,PPL,21,58,1959.0,555.0,1087245.0,2024-04-01
2024040101042364,RHGCL,25,34,761.0,334.0,254174.0,2024-04-01
2024040101042363,RHGCL,25,14,328.0,334.0,109552.0,2024-04-01
2024040101042362,RHGCL,25,16,381.0,333.9,127215.9,2024-04-01
2024040101042361,RHGCL,25,16,200.0,332.6,66520.0,2024-04-01
2024040101042360,RHGCL,25,57,100.0,331.9,33190.0,2024-04-01
2024040101042359,RHGCL,25,43,100.0,331.0,33100.0,2024-04-01
2024040101042358,RHGCL,25,45,100.0,331.0,33100.0,2024-04-01
2024040101042357,RHGCL,25,49,10.0,331.0,3310.0,2024-04-01
2024040101042356,RHGCL,25,53,20.0,330.0,6600.0,2024-04-01
2024040101042355,DOLTI,6,34,10.0,449.0,4490.0,2024-04-01
2024040101042354,BEDC,16,48,20.0,386.9,7738.0,2024-04-01
2024040101042353,BEDC,16,42,10.0,386.0,3860.0,2024-04-01
2024040101042352,BEDC,16,43,10.0,386.0,3860.0,2024-04-01
2024040101042351,BEDC,16,49,10.0,385.0,3850.0,2024-04-01
2024040101042350,BEDC,16,54,10.0,385.0,3850.0,2024-04-01
2024040101042349,PPL,35,58,20.0,555.0,11100.0,2024-04-01
2024040101042348,BNT,32,22,10.0,13199.0,131990.0,2024-04-01
2024040103007616,RSDC,10,32,44.0,575.1,25304.4,2024-04-01
2024040101042347,SONA,49,22,100.0,476.9,47690.0,2024-04-01
2024040103007615,GRDBL,51,49,10.0,365.0,3650.0,2024-04-01
2024040103007614,JBBL,48,60,300.0,288.9,86670.0,2024-04-01
2024040104008531,UMRH,48,42,10.0,358.7,3587.0,2024-04-01
2024040101042346,NICA,42,26,10.0,407.9,4079.0,2024-04-01
2024040101042345,NBL,10,45,10.0,216.0,2160.0,2024-04-01
2024040103007613,ILBS,62,37,20.0,890.0,17800.0,2024-04-01
2024040101042344,SHLB,88,94,10.0,965.0,9650.0,2024-04-01
2024040101042343,HHL,65,41,80.0,372.1,29768.0,2024-04-01
2024040101042342,HHL,4,41,50.0,372.1,18605.0,2024-04-01
2024040103007612,WNLB,71,26,10.0,1191.3,11913.0,2024-04-01
2024040101042341,PPL,71,58,11.0,555.0,6105.0,2024-04-01
2024040101042340,DOLTI,28,49,10.0,448.8,4488.0,2024-04-01
2024040101042339,DOLTI,28,19,500.0,448.0,224000.0,2024-04-01
2024040101042338,DOLTI,28,7,200.0,448.0,89600.0,2024-04-01
2024040101042337,DOLTI,28,45,10.0,448.0,4480.0,2024-04-01
2024040101042336,DOLTI,28,42,10.0,448.0,4480.0,2024-04-01
2024040101042335,DOLTI,28,32,300.0,448.0,134400.0,2024-04-01
2024040101042334,DOLTI,28,21,200.0,448.0,89600.0,2024-04-01
2024040101042333,DOLTI,28,28,200.0,448.0,89600.0,2024-04-01
2024040101042332,DOLTI,28,52,10.0,448.0,4480.0,2024-04-01
2024040101042331,DOLTI,28,58,10.0,448.0,4480.0,2024-04-01
2024040101042330,DOLTI,28,6,50.0,448.0,22400.0,2024-04-01
2024040101042329,DOLTI,28,13,1020.0,447.9,456858.0,2024-04-01
2024040101042328,DOLTI,28,21,120.0,447.9,53748.0,2024-04-01
2024040101042327,DOLTI,28,57,10.0,447.9,4479.0,2024-04-01
2024040101042326,DOLTI,28,57,10.0,447.0,4470.0,2024-04-01
2024040101042325,DOLTI,28,41,10.0,447.0,4470.0,2024-04-01
2024040101042324,DOLTI,28,18,300.0,447.0,134100.0,2024-04-01
2024040101042323,DOLTI,28,28,50.0,446.0,22300.0,2024-04-01
2024040101042322,DOLTI,28,42,10.0,446.0,4460.0,2024-04-01
2024040101042321,DOLTI,28,45,50.0,446.0,22300.0,2024-04-01
2024040101042320,DOLTI,28,38,400.0,445.7,178280.0,2024-04-01
2024040101042319,DOLTI,28,71,500.0,445.7,222850.0,2024-04-01
2024040101042318,DOLTI,28,41,10.0,445.7,4457.0,2024-04-01
2024040101042317,DOLTI,28,33,500.0,445.0,222500.0,2024-04-01
2024040101042316,DOLTI,28,42,10.0,445.0,4450.0,2024-04-01
2024040101042315,DOLTI,28,49,10.0,445.0,4450.0,2024-04-01
2024040101042314,DOLTI,28,41,10.0,445.0,4450.0,2024-04-01
2024040101042313,DOLTI,28,21,749.0,445.0,333305.0,2024-04-01
2024040101042312,DOLTI,28,42,585.0,445.0,260325.0,2024-04-01
2024040101042311,DOLTI,28,57,10.0,445.0,4450.0,2024-04-01
2024040101042310,DOLTI,28,43,150.0,445.0,66750.0,2024-04-01
2024040101042309,DOLTI,28,46,485.0,445.0,215825.0,2024-04-01
2024040101042308,DOLTI,28,42,500.0,444.9,222450.0,2024-04-01
2024040101042307,DOLTI,28,4,100.0,444.9,44490.0,2024-04-01
2024040101042306,DOLTI,28,39,600.0,444.8,266880.0,2024-04-01
2024040101042305,DOLTI,28,35,10.0,444.4,4444.0,2024-04-01
2024040101042304,DOLTI,28,58,10.0,444.0,4440.0,2024-04-01
2024040101042303,DOLTI,28,21,10.0,444.0,4440.0,2024-04-01
2024040101042302,DOLTI,28,71,50.0,444.0,22200.0,2024-04-01
2024040101042301,PPL,58,58,1000.0,555.0,555000.0,2024-04-01
2024040104008530,HURJA,58,29,276.0,313.0,86388.0,2024-04-01
2024040104008529,HURJA,58,63,100.0,313.0,31300.0,2024-04-01
2024040104008528,HURJA,58,49,500.0,313.0,156500.0,2024-04-01
2024040104008527,HURJA,58,32,500.0,313.0,156500.0,2024-04-01
2024040104008526,HURJA,58,1,300.0,313.0,93900.0,2024-04-01
2024040104008525,HURJA,58,21,2013.0,313.0,630069.0,2024-04-01
2024040104008524,HURJA,58,45,500.0,313.0,156500.0,2024-04-01
2024040104008523,HURJA,58,40,350.0,313.0,109550.0,2024-04-01
2024040104008522,HURJA,58,22,1000.0,312.9,312900.0,2024-04-01
2024040104008521,HURJA,58,6,1000.0,312.8,312800.0,2024-04-01
2024040104008520,HURJA,58,59,200.0,312.0,62400.0,2024-04-01
2024040104008519,HURJA,58,41,100.0,312.0,31200.0,2024-04-01
2024040104008518,HURJA,58,51,50.0,312.0,15600.0,2024-04-01
2024040104008517,HURJA,58,57,20.0,307.0,6140.0,2024-04-01
2024040104008516,HURJA,58,58,2000.0,307.0,614000.0,2024-04-01
2024040104008515,HURJA,58,58,81.0,307.0,24867.0,2024-04-01
2024040104008514,HURJA,58,29,10.0,306.1,3061.0,2024-04-01
2024040101042300,RNLI,42,58,10.0,434.0,4340.0,2024-04-01
2024040101042299,NRM,38,34,10.0,372.0,3720.0,2024-04-01
2024040101042298,HDL,58,38,50.0,1500.0,75000.0,2024-04-01
2024040101042297,HDL,56,38,20.0,1500.0,30000.0,2024-04-01
2024040101042296,SIKLES,22,65,25.0,506.0,12650.0,2024-04-01
2024040103007611,GFCL,34,16,10.0,450.9,4509.0,2024-04-01
2024040103007610,KSBBL,34,49,10.0,349.9,3499.0,2024-04-01
2024040104008513,PPCL,34,43,448.0,257.0,115136.0,2024-04-01
2024040104008512,PPCL,34,56,200.0,257.0,51400.0,2024-04-01
2024040104008511,PPCL,34,36,200.0,256.9,51380.0,2024-04-01
2024040104008510,PPCL,34,35,110.0,256.9,28259.0,2024-04-01
2024040104008509,PPCL,34,53,150.0,256.9,38535.0,2024-04-01
2024040104008508,PPCL,34,34,300.0,256.7,77010.0,2024-04-01
2024040104008507,PPCL,34,33,92.0,256.7,23616.4,2024-04-01
2024040101042295,GVL,44,56,10.0,419.9,4199.0,2024-04-01
2024040101042294,GVL,44,54,10.0,418.0,4180.0,2024-04-01
2024040101042293,PCBL,44,25,16.0,191.7,3067.2,2024-04-01
2024040101042292,PCBL,44,25,10.0,191.6,1916.0,2024-04-01
2024040101042291,PCBL,44,45,45.0,191.3,8608.5,2024-04-01
2024040101042290,PCBL,44,62,132.0,191.3,25251.6,2024-04-01
2024040101042289,PCBL,44,34,50.0,191.2,9560.0,2024-04-01
2024040104008506,UMRH,38,19,18.0,357.0,6426.0,2024-04-01
2024040101042288,NRM,16,34,10.0,372.0,3720.0,2024-04-01
2024040105004391,CIT,4,55,20.0,2099.0,41980.0,2024-04-01
2024040101042287,GCIL,25,50,10.0,513.0,5130.0,2024-04-01
2024040101042286,UHEWA,32,35,10.0,370.0,3700.0,2024-04-01
2024040101042285,NRM,53,34,10.0,372.0,3720.0,2024-04-01
2024040101042284,NIMB,39,20,53.0,157.2,8331.6,2024-04-01
2024040101042283,NIMB,14,20,37.0,157.5,5827.5,2024-04-01
2024040101042282,MLBS,37,32,50.0,888.0,44400.0,2024-04-01
2024040101042281,PPL,25,58,10.0,555.0,5550.0,2024-04-01
2024040101042280,PPL,25,71,3490.0,549.0,1916010.0,2024-04-01
2024040103007609,HLI,14,41,200.0,397.5,79500.0,2024-04-01
2024040101042279,PPL,25,71,10.0,549.0,5490.0,2024-04-01
2024040104008505,KPCL,17,25,200.0,409.5,81900.0,2024-04-01
2024040101042278,MBJC,47,34,10.0,314.0,3140.0,2024-04-01
2024040101042277,HATHY,74,36,50.0,890.0,44500.0,2024-04-01
2024040101042276,USHEC,77,38,60.0,369.0,22140.0,2024-04-01
2024040101042275,USHEC,77,56,40.0,369.0,14760.0,2024-04-01
2024040101042274,USHEC,77,56,200.0,367.9,73580.0,2024-04-01
2024040101042273,SRLI,45,17,176.0,441.0,77616.0,2024-04-01
2024040101042272,SRLI,45,19,10.0,440.0,4400.0,2024-04-01
2024040101042271,SRLI,45,34,300.0,440.0,132000.0,2024-04-01
2024040101042270,SRLI,45,33,10.0,440.0,4400.0,2024-04-01
2024040101042269,SRLI,45,26,10.0,440.0,4400.0,2024-04-01
2024040104008504,GHL,49,56,10.0,152.0,1520.0,2024-04-01
2024040104008503,SPDL,58,43,51.0,238.6,12168.6,2024-04-01
2024040101042268,MKHC,16,49,50.0,344.0,17200.0,2024-04-01
2024040103007608,NADEP,19,49,10.0,641.1,6411.0,2024-04-01
2024040104008502,AHPC,35,13,250.0,172.1,43025.0,2024-04-01
2024040104008501,AHPC,38,13,200.0,172.3,34460.0,2024-04-01
2024040103007607,ALICL,62,51,10.0,554.8,5548.0,2024-04-01
2024040101042267,SARBTM,59,41,50.0,941.0,47050.0,2024-04-01
2024040101042266,RAWA,18,34,10.0,472.0,4720.0,2024-04-01
2024040101042265,SGHC,56,70,170.0,328.0,55760.0,2024-04-01
2024040101042264,SGHC,56,42,625.0,328.0,205000.0,2024-04-01
2024040101042263,ULHC,62,56,500.0,348.1,174050.0,2024-04-01
2024040101042262,SMJC,34,94,10.0,379.0,3790.0,2024-04-01
2024040101042261,KBL,34,25,5046.0,138.0,696348.0,2024-04-01
2024040101042260,KBL,34,51,500.0,137.9,68950.0,2024-04-01
2024040101042259,KBL,34,57,600.0,137.9,82740.0,2024-04-01
2024040101042258,KBL,34,54,131.0,137.9,18064.9,2024-04-01
2024040101042257,KBL,34,38,1500.0,137.8,206700.0,2024-04-01
2024040104008500,SGIC,45,34,40.0,534.0,21360.0,2024-04-01
2024040101042256,TSHL,54,43,10.0,510.0,5100.0,2024-04-01
2024040101042255,NRM,53,34,10.0,372.0,3720.0,2024-04-01
2024040101042254,CKHL,14,66,10.0,580.0,5800.0,2024-04-01
2024040105004390,SFMF,26,21,6000.0,9.81,58860.0,2024-04-01
2024040103007606,GUFL,41,48,10.0,869.9,8699.0,2024-04-01
2024040101042253,GBIME,5,10,73.0,181.2,13227.6,2024-04-01
2024040101042252,GBIME,5,10,27.0,181.2,4892.4,2024-04-01
2024040101042251,MHL,13,19,20.0,436.0,8720.0,2024-04-01
2024040101042250,VLUCL,50,37,10.0,513.0,5130.0,2024-04-01
2024040101042249,VLUCL,50,49,10.0,512.0,5120.0,2024-04-01
2024040103007605,SADBL,45,5,51.0,294.0,14994.0,2024-04-01
2024040103007604,SADBL,25,5,62.0,294.1,18234.2,2024-04-01
2024040101042248,IHL,41,58,100.0,393.0,39300.0,2024-04-01
2024040101042247,MKCL,57,49,10.0,965.0,9650.0,2024-04-01
2024040103007603,EDBL,52,42,573.0,357.0,204561.0,2024-04-01
2024040103007602,EDBL,52,47,10.0,356.0,3560.0,2024-04-01
2024040103007601,EDBL,52,58,67.0,356.0,23852.0,2024-04-01
2024040104008499,AHPC,16,55,300.0,172.5,51750.0,2024-04-01
2024040104008498,AHPC,58,55,300.0,172.5,51750.0,2024-04-01
2024040104008497,AHPC,36,55,50.0,172.5,8625.0,2024-04-01
2024040104008496,AHPC,16,55,30.0,172.5,5175.0,2024-04-01
2024040104008495,AHPC,55,55,688.0,172.5,118680.0,2024-04-01
2024040101042246,PPL,56,71,895.0,560.0,501200.0,2024-04-01
2024040101042245,PPL,56,69,910.0,560.0,509600.0,2024-04-01
2024040101042244,PPL,56,58,200.0,538.5,107700.0,2024-04-01
2024040101042243,PPL,56,56,20.0,538.5,10770.0,2024-04-01
2024040101042242,PPL,56,26,50.0,538.5,26925.0,2024-04-01
2024040101042241,PPL,56,52,50.0,538.5,26925.0,2024-04-01
2024040101042240,PPL,56,57,10.0,538.5,5385.0,2024-04-01
2024040101042239,PPL,56,71,1800.0,538.5,969300.0,2024-04-01
2024040101042238,PPL,56,8,380.0,538.5,204630.0,2024-04-01
2024040101042237,PPL,56,88,4000.0,538.5,2154000.0,2024-04-01
2024040101042236,PPL,56,71,25.0,538.0,13450.0,2024-04-01
2024040101042235,PPL,56,75,480.0,538.0,258240.0,2024-04-01
2024040101042234,PPL,56,13,200.0,535.5,107100.0,2024-04-01
2024040101042233,PPL,56,49,210.0,535.0,112350.0,2024-04-01
2024040101042232,PPL,56,44,10.0,535.0,5350.0,2024-04-01
2024040101042231,PPL,56,8,10.0,535.0,5350.0,2024-04-01
2024040101042230,PPL,56,71,1000.0,535.0,535000.0,2024-04-01
2024040101042229,PPL,56,58,300.0,535.0,160500.0,2024-04-01
2024040101042228,PPL,56,14,10.0,535.0,5350.0,2024-04-01
2024040101042227,PPL,56,17,10.0,535.0,5350.0,2024-04-01
2024040101042226,PPL,56,51,10.0,535.0,5350.0,2024-04-01
2024040101042225,PPL,56,28,300.0,534.4,160320.0,2024-04-01
2024040101042224,PPL,56,36,10.0,534.4,5344.0,2024-04-01
2024040101042223,PPL,56,49,10.0,534.0,5340.0,2024-04-01
2024040101042222,PPL,56,54,200.0,534.0,106800.0,2024-04-01
2024040101042221,PPL,56,89,100.0,534.0,53400.0,2024-04-01
2024040101042220,PPL,56,35,120.0,532.4,63888.0,2024-04-01
2024040101042219,PPL,56,52,20.0,532.4,10648.0,2024-04-01
2024040101042218,PPL,56,26,150.0,532.4,79860.0,2024-04-01
2024040101042217,PPL,56,38,510.0,532.0,271320.0,2024-04-01
2024040101042216,PPL,56,50,200.0,532.0,106400.0,2024-04-01
2024040101042215,PPL,56,49,10.0,531.7,5317.0,2024-04-01
2024040101042214,PPL,56,10,100.0,531.7,53170.0,2024-04-01
2024040101042213,PPL,56,49,10.0,531.5,5315.0,2024-04-01
2024040101042212,PPL,56,58,10.0,531.4,5314.0,2024-04-01
2024040101042211,PPL,56,42,10.0,531.0,5310.0,2024-04-01
2024040101042210,PPL,56,46,10.0,530.8,5308.0,2024-04-01
2024040101042209,PPL,56,19,10.0,530.0,5300.0,2024-04-01
2024040101042208,PPL,56,16,100.0,530.0,53000.0,2024-04-01
2024040101042207,PPL,56,13,10.0,530.0,5300.0,2024-04-01
2024040101042206,PPL,56,32,10.0,530.0,5300.0,2024-04-01
2024040101042205,PPL,56,14,10.0,530.0,5300.0,2024-04-01
2024040101042204,PPL,56,49,10.0,530.0,5300.0,2024-04-01
2024040101042203,PPL,56,25,10.0,530.0,5300.0,2024-04-01
2024040101042202,PPL,56,38,10.0,529.4,5294.0,2024-04-01
2024040101042201,PPL,56,4,10.0,529.0,5290.0,2024-04-01
2024040101042200,PPL,56,54,410.0,528.3,216603.0,2024-04-01
2024040101042199,PPL,56,58,10.0,528.0,5280.0,2024-04-01
2024040101042198,PPL,56,49,10.0,528.0,5280.0,2024-04-01
2024040101042197,PPL,56,67,10.0,528.0,5280.0,2024-04-01
2024040101042196,PPL,56,55,100.0,528.0,52800.0,2024-04-01
2024040101042195,PPL,56,14,10.0,528.0,5280.0,2024-04-01
2024040101042194,PPL,56,52,150.0,528.0,79200.0,2024-04-01
2024040101042193,PPL,56,35,10.0,528.0,5280.0,2024-04-01
2024040101042192,PPL,56,58,10.0,528.0,5280.0,2024-04-01
2024040101042191,PPL,56,34,10.0,528.0,5280.0,2024-04-01
2024040101042190,PPL,56,45,10.0,528.0,5280.0,2024-04-01
2024040101042189,PPL,56,45,10.0,528.0,5280.0,2024-04-01
2024040101042188,PPL,56,45,10.0,528.0,5280.0,2024-04-01
2024040101042187,PPL,56,20,10.0,528.0,5280.0,2024-04-01
2024040101042186,PPL,56,34,10.0,528.0,5280.0,2024-04-01
2024040101042185,PPL,56,62,500.0,527.0,263500.0,2024-04-01
2024040101042184,PPL,56,62,100.0,527.0,52700.0,2024-04-01
2024040101042183,PPL,56,44,2000.0,526.3,1052600.0,2024-04-01
2024040101042182,PPL,56,22,10.0,525.3,5253.0,2024-04-01
2024040101042181,PPL,56,34,10.0,525.3,5253.0,2024-04-01
2024040101042180,PPL,56,38,110.0,525.3,57783.0,2024-04-01
2024040101042179,PPL,56,19,20.0,525.3,10506.0,2024-04-01
2024040101042178,PPL,56,58,10.0,525.0,5250.0,2024-04-01
2024040101042177,PPL,56,49,10.0,525.0,5250.0,2024-04-01
2024040101042176,PPL,56,49,10.0,525.0,5250.0,2024-04-01
2024040101042175,PPL,56,58,15.0,525.0,7875.0,2024-04-01
2024040101042174,PPL,56,35,10.0,525.0,5250.0,2024-04-01
2024040101042173,PPL,56,54,240.0,525.0,126000.0,2024-04-01
2024040101042172,PPL,56,32,10.0,525.0,5250.0,2024-04-01
2024040101042171,PPL,56,38,10.0,525.0,5250.0,2024-04-01
2024040101042170,PPL,56,38,10.0,525.0,5250.0,2024-04-01
2024040101042169,PPL,56,20,500.0,525.0,262500.0,2024-04-01
2024040101042168,PPL,56,28,30.0,525.0,15750.0,2024-04-01
2024040101042167,PPL,56,65,40.0,525.0,21000.0,2024-04-01
2024040101042166,PPL,56,44,10.0,525.0,5250.0,2024-04-01
2024040101042165,PPL,56,6,14.0,525.0,7350.0,2024-04-01
2024040101042164,PPL,56,18,900.0,524.3,471870.0,2024-04-01
2024040101042163,PPL,56,21,2000.0,524.2,1048400.0,2024-04-01
2024040101042162,PPL,56,57,10.0,524.2,5242.0,2024-04-01
2024040101042161,PPL,56,44,500.0,524.1,262050.0,2024-04-01
2024040101042160,PPL,56,44,500.0,524.1,262050.0,2024-04-01
2024040101042159,PPL,56,44,1000.0,524.0,524000.0,2024-04-01
2024040101042158,PPL,56,52,10.0,524.0,5240.0,2024-04-01
2024040101042157,PPL,56,58,10.0,524.0,5240.0,2024-04-01
2024040101042156,PPL,56,38,100.0,524.0,52400.0,2024-04-01
2024040101042155,PPL,56,34,10.0,523.3,5233.0,2024-04-01
2024040101042154,PPL,56,6,20.0,523.3,10466.0,2024-04-01
2024040101042153,PPL,56,35,100.0,522.2,52220.0,2024-04-01
2024040101042152,PPL,56,49,10.0,522.2,5222.0,2024-04-01
2024040101042151,PPL,56,58,40.0,522.0,20880.0,2024-04-01
2024040101042150,PPL,56,46,10.0,521.2,5212.0,2024-04-01
2024040101042149,PPL,56,51,100.0,521.0,52100.0,2024-04-01
2024040101042148,PPL,56,21,10.0,521.0,5210.0,2024-04-01
2024040101042147,PPL,56,57,10.0,520.8,5208.0,2024-04-01
2024040101042146,PPL,56,16,370.0,520.0,192400.0,2024-04-01
2024040101042145,PPL,56,62,100.0,520.0,52000.0,2024-04-01
2024040101042144,PPL,56,28,10.0,520.0,5200.0,2024-04-01
2024040101042143,PPL,56,6,10.0,520.0,5200.0,2024-04-01
2024040101042142,PPL,56,49,306.0,520.0,159120.0,2024-04-01
2024040101042141,PPL,56,58,65.0,520.0,33800.0,2024-04-01
2024040101042140,PPL,56,49,10.0,520.0,5200.0,2024-04-01
2024040101042139,PPL,56,58,200.0,520.0,104000.0,2024-04-01
2024040101042138,PPL,56,42,10.0,520.0,5200.0,2024-04-01
2024040101042137,PPL,56,7,10.0,520.0,5200.0,2024-04-01
2024040101042136,PPL,56,21,1000.0,519.9,519900.0,2024-04-01
2024040101042135,PPL,56,49,10.0,519.8,5198.0,2024-04-01
2024040101042134,PPL,56,52,50.0,519.5,25975.0,2024-04-01
2024040101042133,PPL,56,33,100.0,519.0,51900.0,2024-04-01
2024040101042132,PPL,56,21,10.0,519.0,5190.0,2024-04-01
2024040101042131,PPL,56,52,100.0,518.2,51820.0,2024-04-01
2024040101042130,PPL,56,42,320.0,518.0,165760.0,2024-04-01
2024040104008494,CHL,56,35,221.0,299.0,66079.0,2024-04-01
2024040104008493,CHL,56,38,60.0,298.9,17934.0,2024-04-01
2024040101042129,SARBTM,75,68,20.0,946.0,18920.0,2024-04-01
2024040103007600,PFL,22,65,10.0,394.9,3949.0,2024-04-01
2024040101042128,SRLI,38,38,10.0,438.9,4389.0,2024-04-01
2024040104008492,HDHPC,17,35,60.0,134.5,8070.0,2024-04-01
2024040103007599,ILBS,62,55,9.0,890.0,8010.0,2024-04-01
2024040103007598,ILBS,44,55,10.0,890.0,8900.0,2024-04-01
2024040103007597,ILBS,44,42,90.0,890.0,80100.0,2024-04-01
2024040104008491,IGI,34,62,10.0,534.9,5349.0,2024-04-01
2024040104008490,PPCL,81,45,20.0,256.0,5120.0,2024-04-01
2024040104008489,PPCL,81,59,100.0,256.0,25600.0,2024-04-01
2024040104008488,PPCL,81,56,200.0,255.0,51000.0,2024-04-01
2024040104008487,PPCL,81,6,30.0,255.0,7650.0,2024-04-01
2024040104008486,PPCL,81,17,80.0,254.0,20320.0,2024-04-01
2024040104008485,PPCL,81,58,40.0,254.0,10160.0,2024-04-01
2024040104008484,PPCL,81,48,22.0,254.0,5588.0,2024-04-01
2024040101042127,PPL,21,42,190.0,518.0,98420.0,2024-04-01
2024040101042126,PPL,21,56,10.0,516.0,5160.0,2024-04-01
2024040101042125,SARBTM,59,29,20.0,941.0,18820.0,2024-04-01
2024040101042124,SARBTM,42,29,30.0,941.0,28230.0,2024-04-01
2024040101042123,MKCL,29,38,10.0,965.0,9650.0,2024-04-01
2024040101042122,MKCL,29,33,100.0,964.9,96490.0,2024-04-01
2024040101042121,MKCL,29,38,10.0,964.8,9648.0,2024-04-01
2024040101042120,MKCL,29,35,10.0,963.0,9630.0,2024-04-01
2024040101042119,MKCL,29,19,10.0,962.0,9620.0,2024-04-01
2024040101042118,MKCL,29,35,10.0,962.0,9620.0,2024-04-01
2024040101042117,MKCL,29,16,10.0,962.0,9620.0,2024-04-01
2024040101042116,MKCL,29,35,50.0,960.0,48000.0,2024-04-01
2024040101042115,MKCL,29,6,50.0,960.0,48000.0,2024-04-01
2024040101042114,MKCL,29,42,10.0,960.0,9600.0,2024-04-01
2024040101042113,MKCL,29,45,30.0,960.0,28800.0,2024-04-01
2024040101042112,BNHC,32,58,10.0,475.0,4750.0,2024-04-01
2024040101042111,BHL,40,35,50.0,345.0,17250.0,2024-04-01
2024040103007596,KSBBL,14,49,13.0,349.9,4548.7,2024-04-01
2024040101042110,RHGCL,39,26,500.0,329.0,164500.0,2024-04-01
2024040103007595,GMFIL,74,37,41.0,352.6,14456.6,2024-04-01
2024040101042109,MKHC,43,32,10.0,344.8,3448.0,2024-04-01
2024040104008483,GLH,58,45,154.0,217.6,33510.4,2024-04-01
2024040104008482,GLH,58,45,494.0,217.9,107642.6,2024-04-01
2024040105004389,NIFRA,58,49,14.0,203.0,2842.0,2024-04-01
2024040104008481,CHCL,50,42,40.0,457.5,18300.0,2024-04-01
2024040104008480,CHCL,50,55,88.0,457.0,40216.0,2024-04-01
2024040104008479,CHCL,50,57,12.0,456.0,5472.0,2024-04-01
2024040103007594,MLBL,37,34,20.0,323.0,6460.0,2024-04-01
2024040103007593,MLBL,37,41,94.0,320.0,30080.0,2024-04-01
2024040103007592,FMDBL,62,49,10.0,602.9,6029.0,2024-04-01
2024040103007591,FMDBL,62,18,10.0,600.0,6000.0,2024-04-01
2024040101042108,SMJC,38,72,200.0,377.5,75500.0,2024-04-01
2024040101042107,MKCL,57,45,40.0,960.0,38400.0,2024-04-01
2024040101042106,MKCL,57,50,10.0,960.0,9600.0,2024-04-01
2024040101042105,MKCL,57,35,10.0,960.0,9600.0,2024-04-01
2024040101042104,MKCL,57,53,40.0,959.0,38360.0,2024-04-01
2024040101042103,MKCL,57,42,10.0,958.0,9580.0,2024-04-01
2024040101042102,MKCL,57,29,10.0,958.0,9580.0,2024-04-01
2024040101042101,MKCL,57,49,10.0,957.0,9570.0,2024-04-01
2024040101042100,MKCL,57,58,10.0,956.0,9560.0,2024-04-01
2024040101042099,MKCL,57,49,10.0,956.0,9560.0,2024-04-01
2024040104008478,CHCL,57,48,15.0,456.0,6840.0,2024-04-01
2024040103007590,PMLI,42,7,104.0,508.0,52832.0,2024-04-01
2024040103007589,PMLI,42,52,10.0,508.0,5080.0,2024-04-01
2024040103007588,GUFL,41,45,70.0,869.9,60893.0,2024-04-01
2024040103007587,GUFL,41,71,250.0,869.9,217475.0,2024-04-01
2024040103007586,GUFL,41,22,509.0,869.9,442779.1,2024-04-01
2024040103007585,GUFL,41,20,100.0,869.7,86970.0,2024-04-01
2024040103007584,GUFL,41,45,10.0,869.4,8694.0,2024-04-01
2024040103007583,GUFL,41,45,24.0,869.4,20865.6,2024-04-01
2024040103007582,GUFL,41,33,10.0,869.3,8693.0,2024-04-01
2024040103007581,GUFL,41,69,50.0,869.1,43455.0,2024-04-01
2024040103007580,GUFL,41,7,100.0,869.0,86900.0,2024-04-01
2024040103007579,GUFL,41,28,100.0,866.0,86600.0,2024-04-01
2024040103007578,GUFL,41,52,200.0,865.0,173000.0,2024-04-01
2024040103007577,GUFL,41,28,100.0,865.0,86500.0,2024-04-01
2024040103007576,GUFL,41,22,140.0,865.0,121100.0,2024-04-01
2024040103007575,GUFL,41,26,50.0,862.0,43100.0,2024-04-01
2024040103007574,GUFL,41,75,100.0,861.0,86100.0,2024-04-01
2024040103007573,GUFL,41,33,100.0,860.0,86000.0,2024-04-01
2024040103007572,GUFL,41,48,11.0,860.0,9460.0,2024-04-01
2024040101042098,SGHC,38,29,300.0,327.0,98100.0,2024-04-01
2024040104008477,SSHL,17,49,520.0,162.9,84708.0,2024-04-01
2024040104008476,SSHL,17,36,500.0,162.0,81000.0,2024-04-01
2024040104008475,SSHL,17,62,500.0,162.0,81000.0,2024-04-01
2024040104008474,SSHL,17,22,480.0,161.9,77712.0,2024-04-01
2024040105004388,LEMF,17,1,100.0,9.64,964.0,2024-04-01
2024040104008473,TRH,58,42,162.0,803.0,130086.0,2024-04-01
2024040104008472,TRH,58,45,28.0,803.0,22484.0,2024-04-01
2024040104008471,TRH,58,28,40.0,800.7,32028.0,2024-04-01
2024040104008470,TRH,58,19,28.0,800.0,22400.0,2024-04-01
2024040104008469,TRH,58,45,520.0,800.0,416000.0,2024-04-01
2024040104008468,TRH,58,1,500.0,800.0,400000.0,2024-04-01
2024040104008467,TRH,58,35,100.0,800.0,80000.0,2024-04-01
2024040104008466,TRH,58,6,500.0,800.0,400000.0,2024-04-01
2024040104008465,TRH,58,45,30.0,800.0,24000.0,2024-04-01
2024040104008464,TRH,58,26,68.0,800.0,54400.0,2024-04-01
2024040104008463,TRH,58,49,200.0,800.0,160000.0,2024-04-01
2024040104008462,TRH,58,45,12.0,800.0,9600.0,2024-04-01
2024040104008461,TRH,58,34,100.0,799.9,79990.0,2024-04-01
2024040104008460,TRH,58,77,1200.0,799.0,958800.0,2024-04-01
2024040104008459,TRH,58,34,200.0,798.9,159780.0,2024-04-01
2024040104008458,TRH,58,43,50.0,793.0,39650.0,2024-04-01
2024040104008457,TRH,58,43,37.0,793.0,29341.0,2024-04-01
2024040104008456,TRH,58,25,10.0,792.0,7920.0,2024-04-01
2024040104008455,TRH,58,49,500.0,790.0,395000.0,2024-04-01
2024040104008454,TRH,58,42,200.0,789.9,157980.0,2024-04-01
2024040104008453,TRH,58,55,50.0,789.0,39450.0,2024-04-01
2024040104008452,TRH,58,14,65.0,789.0,51285.0,2024-04-01
2024040104008451,SHEL,32,49,322.0,199.0,64078.0,2024-04-01
2024040104008450,SHEL,32,8,230.0,199.0,45770.0,2024-04-01
2024040104008449,SHEL,32,11,50.0,198.9,9945.0,2024-04-01
2024040104008448,SHEL,32,56,200.0,198.9,39780.0,2024-04-01
2024040104008447,SHEL,32,32,1000.0,198.9,198900.0,2024-04-01
2024040104008446,SHEL,32,26,200.0,198.9,39780.0,2024-04-01
2024040104008445,SHEL,32,56,100.0,198.9,19890.0,2024-04-01
2024040104008444,SHEL,32,58,90.0,198.0,17820.0,2024-04-01
2024040104008443,SHEL,32,35,10.0,198.0,1980.0,2024-04-01
2024040104008442,SHEL,32,56,200.0,197.0,39400.0,2024-04-01
2024040104008441,SHEL,32,43,200.0,197.0,39400.0,2024-04-01
2024040104008440,SHEL,32,35,260.0,197.0,51220.0,2024-04-01
2024040104008439,SHEL,32,52,10.0,197.0,1970.0,2024-04-01
2024040104008438,SHEL,32,49,430.0,197.0,84710.0,2024-04-01
2024040104008437,SHEL,32,56,500.0,196.5,98250.0,2024-04-01
2024040104008436,SHEL,32,54,10.0,196.0,1960.0,2024-04-01
2024040104008435,SHEL,32,74,100.0,196.0,19600.0,2024-04-01
2024040104008434,SHEL,32,44,1000.0,196.0,196000.0,2024-04-01
2024040104008433,SHEL,32,55,38.0,196.0,7448.0,2024-04-01
2024040101042097,KDL,47,34,10.0,805.0,8050.0,2024-04-01
2024040101042096,SARBTM,45,68,20.0,946.0,18920.0,2024-04-01
2024040101042095,SARBTM,45,35,50.0,946.0,47300.0,2024-04-01
2024040101042094,SARBTM,45,51,20.0,946.0,18920.0,2024-04-01
2024040101042093,SARBTM,45,32,50.0,945.0,47250.0,2024-04-01
2024040101042092,SARBTM,45,66,50.0,945.0,47250.0,2024-04-01
2024040101042091,SARBTM,45,58,50.0,945.0,47250.0,2024-04-01
2024040101042090,SARBTM,45,39,50.0,945.0,47250.0,2024-04-01
2024040101042089,SARBTM,45,28,10.0,945.0,9450.0,2024-04-01
2024040101042088,SARBTM,45,45,50.0,945.0,47250.0,2024-04-01
2024040101042087,SARBTM,45,6,100.0,945.0,94500.0,2024-04-01
2024040101042086,SARBTM,45,44,50.0,945.0,47250.0,2024-04-01
2024040103007571,CBBL,49,6,10.0,829.0,8290.0,2024-04-01
2024040103007570,MDB,62,32,10.0,428.0,4280.0,2024-04-01
2024040101042085,NYADI,44,37,980.0,318.2,311836.0,2024-04-01
2024040101042084,NYADI,58,37,20.0,318.2,6364.0,2024-04-01
2024040101042083,CYCL,66,77,10.0,1335.0,13350.0,2024-04-01
2024040104008432,UNHPL,48,28,543.0,234.0,127062.0,2024-04-01
2024040104008431,UNHPL,48,28,457.0,234.0,106938.0,2024-04-01
2024040101042082,NRM,52,34,10.0,372.0,3720.0,2024-04-01
2024040101042081,MEL,35,55,105.0,228.0,23940.0,2024-04-01
2024040101042080,MEL,14,55,120.0,228.4,27408.0,2024-04-01
2024040101042079,MEL,14,55,65.0,228.4,14846.0,2024-04-01
2024040104008430,SHPC,22,45,50.0,338.0,16900.0,2024-04-01
2024040101042078,MBL,22,22,70.0,173.9,12173.0,2024-04-01
2024040101042077,SRLI,38,38,10.0,438.9,4389.0,2024-04-01
2024040103007569,SJLIC,49,38,79.0,479.2,37856.8,2024-04-01
2024040103007568,SJLIC,57,38,11.0,480.0,5280.0,2024-04-01
2024040103007567,SJLIC,88,38,110.0,480.0,52800.0,2024-04-01
2024040104008429,MEN,16,58,10.0,513.0,5130.0,2024-04-01
2024040101042076,IHL,13,6,10.0,391.0,3910.0,2024-04-01
2024040104008428,UPCL,35,25,16.0,205.8,3292.8,2024-04-01
2024040104008427,UPCL,35,45,184.0,205.7,37848.8,2024-04-01
2024040101042075,BEDC,71,58,380.0,383.0,145540.0,2024-04-01
2024040101042074,BEDC,42,58,190.0,383.2,72808.0,2024-04-01
2024040101042073,BEDC,16,58,90.0,384.0,34560.0,2024-04-01
2024040103007566,BFC,32,7,30.0,335.0,10050.0,2024-04-01
2024040103007565,BFC,32,39,150.0,335.0,50250.0,2024-04-01
2024040103007564,BFC,32,13,80.0,334.0,26720.0,2024-04-01
2024040101042072,HHL,14,45,100.0,373.0,37300.0,2024-04-01
2024040103007563,SWMF,45,53,10.0,720.0,7200.0,2024-04-01
2024040101042071,KDL,49,34,10.0,805.0,8050.0,2024-04-01
2024040101042070,MHCL,47,62,70.0,422.0,29540.0,2024-04-01
2024040101042069,MHCL,33,62,30.0,422.0,12660.0,2024-04-01
2024040101042068,SHIVM,69,51,360.0,531.6,191376.0,2024-04-01
2024040101042067,SHIVM,69,44,140.0,531.6,74424.0,2024-04-01
2024040103007562,ALICL,45,57,80.0,551.0,44080.0,2024-04-01
2024040103007561,ALICL,17,57,20.0,552.0,11040.0,2024-04-01
2024040101042066,SHIVM,28,44,20.0,531.6,10632.0,2024-04-01
2024040101042065,PPL,62,22,10.0,509.3,5093.0,2024-04-01
2024040101042064,TSHL,44,43,10.0,510.0,5100.0,2024-04-01
2024040105004387,CHDC,46,35,10.0,912.0,9120.0,2024-04-01
2024040105004386,HRL,19,58,70.0,596.8,41776.0,2024-04-01
2024040103007560,GLBSL,74,19,10.0,1485.0,14850.0,2024-04-01
2024040103007559,WNLB,35,51,29.0,1191.3,34547.7,2024-04-01
2024040103007558,WNLB,35,41,21.0,1191.0,25011.0,2024-04-01
2024040105004385,NIFRA,58,29,64.0,203.0,12992.0,2024-04-01
2024040101042063,MKHC,16,58,50.0,344.0,17200.0,2024-04-01
2024040101042062,JBLB,50,29,60.0,1297.0,77820.0,2024-04-01
2024040104008426,HURJA,42,29,45.0,306.1,13774.5,2024-04-01
2024040104008425,HURJA,85,29,245.0,306.1,74994.5,2024-04-01
2024040101042061,PCBL,14,56,120.0,190.0,22800.0,2024-04-01
2024040103007557,CORBL,1,57,70.0,444.0,31080.0,2024-04-01
2024040103007556,CORBL,1,41,90.0,439.0,39510.0,2024-04-01
2024040101042060,SHIVM,13,44,100.0,531.6,53160.0,2024-04-01
2024040105004384,HRL,50,58,10.0,596.8,5968.0,2024-04-01
2024040101042059,HATHY,54,71,900.0,889.0,800100.0,2024-04-01
2024040101042058,HATHY,29,71,100.0,889.1,88910.0,2024-04-01
2024040101042057,HATHY,42,71,1000.0,889.3,889300.0,2024-04-01
2024040101042056,IHL,71,58,10.0,393.0,3930.0,2024-04-01
2024040104008424,UPPER,53,57,20.0,171.5,3430.0,2024-04-01
2024040104008423,UPPER,55,57,100.0,171.5,17150.0,2024-04-01
2024040104008422,UPPER,54,57,20.0,171.5,3430.0,2024-04-01
2024040104008421,UPPER,58,57,77.0,171.5,13205.5,2024-04-01
2024040103007555,EDBL,41,29,540.0,352.0,190080.0,2024-04-01
2024040103007554,KLBSL,57,22,50.0,840.0,42000.0,2024-04-01
2024040103007553,KLBSL,17,22,39.0,845.0,32955.0,2024-04-01
2024040103007552,KLBSL,32,22,60.0,845.1,50706.0,2024-04-01
2024040103007551,MSLB,44,36,20.0,1059.4,21188.0,2024-04-01
2024040103007550,MSLB,44,58,36.0,1059.0,38124.0,2024-04-01
2024040104008420,RHPL,25,59,10.0,278.0,2780.0,2024-04-01
2024040101042055,MAKAR,19,36,10.0,409.0,4090.0,2024-04-01
2024040105004383,HRL,34,58,150.0,596.8,89520.0,2024-04-01
2024040103007549,KRBL,58,58,9.0,408.0,3672.0,2024-04-01
2024040103007548,KRBL,58,91,300.0,406.8,122040.0,2024-04-01
2024040103007547,KRBL,58,34,17.0,406.7,6913.9,2024-04-01
2024040103007546,KRBL,58,84,400.0,404.9,161960.0,2024-04-01
2024040103007545,KRBL,58,57,174.0,403.0,70122.0,2024-04-01
2024040103007544,KRBL,58,58,100.0,402.9,40290.0,2024-04-01
2024040101042054,SIKLES,58,57,10.0,506.0,5060.0,2024-04-01
2024040101042053,SHIVM,53,44,200.0,531.6,106320.0,2024-04-01
2024040104008419,NGPL,43,45,50.0,299.0,14950.0,2024-04-01
2024040101042052,SMJC,19,94,1000.0,379.0,379000.0,2024-04-01
2024040101042051,MCHL,64,44,130.0,365.0,47450.0,2024-04-01
2024040104008418,UAIL,84,45,110.0,525.8,57838.0,2024-04-01
2024040101042050,SONA,42,39,100.0,476.5,47650.0,2024-04-01
2024040105004382,NTC,58,42,40.0,839.0,33560.0,2024-04-01
2024040104008417,RADHI,16,17,545.0,237.0,129165.0,2024-04-01
2024040101042049,RHGCL,39,16,100.0,329.0,32900.0,2024-04-01
2024040101042048,RHGCL,16,16,100.0,329.2,32920.0,2024-04-01
2024040101042047,ULHC,62,6,120.0,348.1,41772.0,2024-04-01
2024040101042046,ULHC,29,6,150.0,348.1,52215.0,2024-04-01
2024040101042045,IHL,34,58,90.0,393.0,35370.0,2024-04-01
2024040101042044,IHL,34,22,10.0,393.0,3930.0,2024-04-01
2024040104008416,BARUN,58,57,10.0,243.0,2430.0,2024-04-01
2024040104008415,RHPL,58,59,100.0,278.0,27800.0,2024-04-01
2024040101042043,CLI,1,58,39.0,449.5,17530.5,2024-04-01
2024040101042042,CLI,50,58,90.0,449.5,40455.0,2024-04-01
2024040104008414,MEN,45,58,786.0,513.0,403218.0,2024-04-01
2024040101042041,PRVU,74,34,200.0,139.9,27980.0,2024-04-01
2024040101042040,NMB,42,43,103.0,178.0,18334.0,2024-04-01
2024040101042039,NMB,17,43,397.0,178.0,70666.0,2024-04-01
2024040101042038,GCIL,63,50,10.0,513.0,5130.0,2024-04-01
2024040104008413,UNHPL,48,13,343.0,234.0,80262.0,2024-04-01
2024040104008412,UNHPL,39,13,57.0,234.1,13343.7,2024-04-01
2024040101042037,MKHC,16,49,65.0,344.0,22360.0,2024-04-01
2024040104008411,SHEL,34,45,10.0,193.9,1939.0,2024-04-01
2024040104008410,UMHL,16,11,630.0,239.2,150696.0,2024-04-01
2024040104008409,UMHL,42,11,25.0,239.2,5980.0,2024-04-01
2024040101042036,MEL,57,47,640.0,230.0,147200.0,2024-04-01
2024040101042035,MEL,57,6,10.0,230.0,2300.0,2024-04-01
2024040101042034,MEL,57,58,10.0,230.0,2300.0,2024-04-01
2024040101042033,MEL,57,32,10.0,230.0,2300.0,2024-04-01
2024040101042032,MEL,57,58,30.0,230.0,6900.0,2024-04-01
2024040101042031,MEL,57,34,10.0,230.0,2300.0,2024-04-01
2024040101042030,MEL,57,11,90.0,229.9,20691.0,2024-04-01
2024040101042029,MKHC,16,41,15.0,344.0,5160.0,2024-04-01
2024040104008408,IGI,56,35,10.0,529.0,5290.0,2024-04-01
2024040103007543,SADBL,25,47,88.0,294.1,25880.8,2024-04-01
2024040103007542,SADBL,45,47,100.0,294.1,29410.0,2024-04-01
2024040103007541,SADBL,41,47,12.0,294.1,3529.2,2024-04-01
2024040101042028,RNLI,42,58,10.0,434.0,4340.0,2024-04-01
2024040101042027,IHL,13,57,40.0,391.0,15640.0,2024-04-01
2024040101042026,MKCL,18,36,30.0,955.0,28650.0,2024-04-01
2024040101042025,MKCL,18,49,10.0,955.0,9550.0,2024-04-01
2024040101042024,MKCL,18,52,10.0,954.0,9540.0,2024-04-01
2024040104008407,MHNL,28,56,157.0,240.9,37821.3,2024-04-01
2024040104008406,MHNL,28,48,200.0,240.0,48000.0,2024-04-01
2024040104008405,MHNL,28,54,10.0,238.4,2384.0,2024-04-01
2024040104008404,MHNL,28,44,33.0,238.0,7854.0,2024-04-01
2024040103007540,SHINE,42,19,216.0,370.0,79920.0,2024-04-01
2024040103007539,ALICL,34,51,10.0,554.8,5548.0,2024-04-01
2024040103007538,NLICL,38,49,10.0,553.0,5530.0,2024-04-01
2024040103007537,NLICL,38,41,44.0,553.0,24332.0,2024-04-01
2024040103007536,NLICL,38,41,20.0,553.0,11060.0,2024-04-01
2024040103007535,NLICL,38,41,25.0,553.0,13825.0,2024-04-01
2024040103007534,NLICL,38,41,11.0,553.0,6083.0,2024-04-01
2024040103007533,NLICL,38,6,41.0,553.0,22673.0,2024-04-01
2024040103007532,NLICL,38,6,184.0,553.0,101752.0,2024-04-01
2024040103007531,NLICL,38,34,10.0,551.0,5510.0,2024-04-01
2024040103007530,NLICL,38,34,16.0,550.0,8800.0,2024-04-01
2024040103007529,NLICL,38,34,14.0,550.0,7700.0,2024-04-01
2024040101042023,SARBTM,42,34,20.0,941.0,18820.0,2024-04-01
2024040101042022,MKHL,45,39,10.0,434.5,4345.0,2024-04-01
2024040103007528,SADBL,57,38,62.0,295.0,18290.0,2024-04-01
2024040103007527,SADBL,57,41,64.0,295.0,18880.0,2024-04-01
2024040103007526,GBBL,38,57,20.0,362.6,7252.0,2024-04-01
2024040103007525,GBBL,21,57,10.0,362.6,3626.0,2024-04-01
2024040103007524,NUBL,52,42,43.0,629.0,27047.0,2024-04-01
2024040101042021,SARBTM,7,41,20.0,945.0,18900.0,2024-04-01
2024040101042020,SARBTM,7,58,30.0,945.0,28350.0,2024-04-01
2024040101042019,SARBTM,7,58,50.0,945.0,47250.0,2024-04-01
2024040101042018,SARBTM,7,45,20.0,945.0,18900.0,2024-04-01
2024040101042017,SARBTM,7,34,50.0,945.0,47250.0,2024-04-01
2024040101042016,SARBTM,7,34,25.0,945.0,23625.0,2024-04-01
2024040101042015,SARBTM,7,51,10.0,945.0,9450.0,2024-04-01
2024040101042014,SARBTM,7,36,10.0,945.0,9450.0,2024-04-01
2024040101042013,SARBTM,7,29,50.0,945.0,47250.0,2024-04-01
2024040101042012,SARBTM,7,58,50.0,945.0,47250.0,2024-04-01
2024040101042011,SARBTM,7,59,30.0,945.0,28350.0,2024-04-01
2024040101042010,SARBTM,7,36,50.0,942.0,47100.0,2024-04-01
2024040101042009,SARBTM,7,16,50.0,942.0,47100.0,2024-04-01
2024040101042008,SARBTM,7,32,50.0,941.1,47055.0,2024-04-01
2024040101042007,SGHC,21,42,10.0,326.4,3264.0,2024-04-01
2024040101042006,SARBTM,42,49,50.0,941.0,47050.0,2024-04-01
2024040101042005,SARBTM,42,41,50.0,941.0,47050.0,2024-04-01
2024040101042004,SNLI,22,42,10.0,595.0,5950.0,2024-04-01
2024040101042003,SHIVM,57,44,40.0,531.6,21264.0,2024-04-01
2024040101042002,SMJC,19,19,50.0,380.0,19000.0,2024-04-01
2024040104008403,UMRH,38,6,68.0,357.0,24276.0,2024-04-01
2024040104008402,UMRH,52,6,20.0,357.0,7140.0,2024-04-01
2024040104008401,UMRH,49,6,22.0,357.0,7854.0,2024-04-01
2024040104008400,UMRH,57,6,100.0,357.0,35700.0,2024-04-01
2024040104008399,UMRH,14,6,290.0,357.4,103646.0,2024-04-01
2024040104008398,UMRH,57,6,500.0,357.5,178750.0,2024-04-01
2024040104008397,NICL,45,4,70.0,823.0,57610.0,2024-04-01
2024040101042001,SHIVM,38,6,180.0,532.0,95760.0,2024-04-01
2024040103007523,USLB,62,29,14.0,1580.0,22120.0,2024-04-01
2024040103007522,USLB,62,29,186.0,1580.0,293880.0,2024-04-01
2024040105004381,HRL,34,58,20.0,596.8,11936.0,2024-04-01
2024040101042000,SARBTM,88,34,50.0,940.0,47000.0,2024-04-01
2024040101041999,SARBTM,88,34,50.0,940.0,47000.0,2024-04-01
2024040104008396,HPPL,35,47,700.0,270.0,189000.0,2024-04-01
2024040104008395,HPPL,4,47,300.0,270.0,81000.0,2024-04-01
2024040101041998,BGWT,65,8,80.0,619.0,49520.0,2024-04-01
2024040101041997,BGWT,65,6,10.0,619.0,6190.0,2024-04-01
2024040101041996,BGWT,65,6,10.0,619.0,6190.0,2024-04-01
2024040101041995,BGWT,65,57,10.0,615.0,6150.0,2024-04-01
2024040101041994,BGWT,65,45,10.0,615.0,6150.0,2024-04-01
2024040101041993,BGWT,65,50,10.0,615.0,6150.0,2024-04-01
2024040101041992,BGWT,65,56,120.0,614.0,73680.0,2024-04-01
2024040101041991,NRM,1,49,90.0,370.0,33300.0,2024-04-01
2024040103007521,MNBBL,42,49,10.0,342.0,3420.0,2024-04-01
2024040103007520,MLBBL,36,41,17.0,910.0,15470.0,2024-04-01
2024040101041990,HBL,42,17,27.0,186.0,5022.0,2024-04-01
2024040104008394,SALICO,42,42,150.0,657.0,98550.0,2024-04-01
2024040103007519,SWBBL,22,49,12.0,738.0,8856.0,2024-04-01
2024040103007518,SWBBL,22,43,18.0,738.0,13284.0,2024-04-01
2024040104008393,RHPL,29,59,50.0,278.0,13900.0,2024-04-01
2024040104008392,RHPL,29,59,10.0,278.0,2780.0,2024-04-01
2024040101041989,MKHC,16,54,100.0,344.0,34400.0,2024-04-01
2024040101041988,RNLI,42,36,10.0,434.0,4340.0,2024-04-01
2024040101041987,MCHL,17,36,42.0,363.0,15246.0,2024-04-01
2024040101041986,MCHL,57,36,10.0,363.0,3630.0,2024-04-01
2024040101041985,MCHL,22,36,300.0,363.0,108900.0,2024-04-01
2024040101041984,MCHL,5,36,458.0,363.0,166254.0,2024-04-01
2024040101041983,MCHL,34,36,100.0,364.0,36400.0,2024-04-01
2024040101041982,MCHL,32,36,50.0,364.0,18200.0,2024-04-01
2024040101041981,CZBIL,21,6,33.0,160.0,5280.0,2024-04-01
2024040101041980,CZBIL,21,7,64.0,160.0,10240.0,2024-04-01
2024040101041979,CZBIL,21,82,103.0,160.0,16480.0,2024-04-01
2024040103007517,MLBL,21,41,10.0,320.0,3200.0,2024-04-01
2024040104008391,HPPL,4,19,200.0,270.0,54000.0,2024-04-01
2024040104008390,HPPL,50,19,300.0,271.0,81300.0,2024-04-01
2024040101041978,RFPL,35,17,75.0,408.5,30637.5,2024-04-01
2024040101041977,RNLI,42,14,10.0,434.0,4340.0,2024-04-01
2024040103007516,KSBBL,53,49,10.0,349.9,3499.0,2024-04-01
2024040103007515,GUFL,22,1,100.0,855.0,85500.0,2024-04-01
2024040103007514,GUFL,17,1,10.0,855.0,8550.0,2024-04-01
2024040103007513,GUFL,42,1,40.0,855.0,34200.0,2024-04-01
2024040104008389,JOSHI,1,13,29.0,333.0,9657.0,2024-04-01
2024040104008388,SHPC,5,45,10.0,338.0,3380.0,2024-04-01
2024040101041976,SARBTM,88,45,50.0,940.0,47000.0,2024-04-01
2024040101041975,SHIVM,69,6,10.0,532.0,5320.0,2024-04-01
2024040101041974,ULHC,50,39,50.0,349.0,17450.0,2024-04-01
2024040101041973,ULHC,8,39,30.0,349.1,10473.0,2024-04-01
2024040101041972,ULHC,19,39,140.0,350.0,49000.0,2024-04-01
2024040101041971,ULHC,14,39,100.0,350.9,35090.0,2024-04-01
2024040101041970,SARBTM,88,58,50.0,940.0,47000.0,2024-04-01
2024040101041969,CKHL,42,58,20.0,575.2,11504.0,2024-04-01
2024040101041968,CKHL,41,58,490.0,575.5,281995.0,2024-04-01
2024040101041967,CKHL,6,58,300.0,576.0,172800.0,2024-04-01
2024040101041966,CKHL,49,58,50.0,576.0,28800.0,2024-04-01
2024040101041965,CKHL,57,58,100.0,576.0,57600.0,2024-04-01
2024040101041964,CKHL,29,58,540.0,576.1,311094.0,2024-04-01
2024040104008387,LEC,35,52,500.0,181.3,90650.0,2024-04-01
2024040101041963,MKHC,16,51,10.0,344.0,3440.0,2024-04-01
2024040101041962,SHIVM,17,6,10.0,532.0,5320.0,2024-04-01
2024040101041961,SHIVM,57,6,160.0,531.6,85056.0,2024-04-01
2024040104008386,SHEL,38,58,10.0,195.0,1950.0,2024-04-01
2024040104008385,SHEL,38,56,147.0,195.0,28665.0,2024-04-01
2024040103007512,SLBBL,34,58,10.0,642.0,6420.0,2024-04-01
2024040104008384,AKJCL,34,32,10.0,218.1,2181.0,2024-04-01
2024040101041960,SARBTM,88,26,30.0,940.0,28200.0,2024-04-01
2024040101041959,SARBTM,88,53,50.0,940.0,47000.0,2024-04-01
2024040103007511,GFCL,49,16,10.0,450.9,4509.0,2024-04-01
2024040101041958,SPHL,34,28,10.0,480.6,4806.0,2024-04-01
2024040101041957,SHIVM,28,26,20.0,532.0,10640.0,2024-04-01
2024040101041956,SARBTM,88,57,50.0,940.0,47000.0,2024-04-01
2024040103007510,PROFL,26,22,100.0,312.7,31270.0,2024-04-01
2024040103007509,PROFL,7,22,189.0,312.7,59100.3,2024-04-01
2024040101041955,NICA,57,16,318.0,406.7,129330.6,2024-04-01
2024040101041954,NICA,34,16,52.0,407.0,21164.0,2024-04-01
2024040101041953,NICA,14,16,30.0,407.0,12210.0,2024-04-01
2024040101041952,PPL,18,29,10.0,509.4,5094.0,2024-04-01
2024040101041951,RAWA,29,33,50.0,469.9,23495.0,2024-04-01
2024040101041950,SNLI,29,42,20.0,595.0,11900.0,2024-04-01
2024040101041949,SNLI,29,56,10.0,595.0,5950.0,2024-04-01
2024040101041948,SNLI,29,42,10.0,595.0,5950.0,2024-04-01
2024040101041947,SNLI,29,22,10.0,595.0,5950.0,2024-04-01
2024040104008383,NICL,14,84,10.0,825.0,8250.0,2024-04-01
2024040104008382,PPCL,14,48,20.0,254.0,5080.0,2024-04-01
2024040101041946,SARBTM,88,34,50.0,940.0,47000.0,2024-04-01
2024040104008381,PPCL,29,48,130.0,252.1,32773.0,2024-04-01
2024040101041945,SARBTM,88,94,50.0,940.0,47000.0,2024-04-01
2024040101041944,NWCL,62,22,10.0,735.0,7350.0,2024-04-01
2024040101041943,NWCL,62,49,10.0,733.0,7330.0,2024-04-01
2024040105004380,CIT,34,55,10.0,2099.0,20990.0,2024-04-01
2024040105004379,NIFRA,57,49,50.0,203.4,10170.0,2024-04-01
2024040101041942,SARBTM,88,58,50.0,940.0,47000.0,2024-04-01
2024040101041941,NESDO,59,55,25.0,1670.1,41752.5,2024-04-01
2024040101041940,NESDO,41,55,10.0,1670.2,16702.0,2024-04-01
2024040101041939,NESDO,8,55,20.0,1670.3,33406.0,2024-04-01
2024040103007508,SJLIC,72,57,47.0,485.0,22795.0,2024-04-01
2024040103007507,GUFL,58,48,30.0,860.0,25800.0,2024-04-01
2024040101041938,BNHC,58,70,20.0,472.0,9440.0,2024-04-01
2024040101041937,BNHC,62,70,12.0,474.0,5688.0,2024-04-01
2024040101041936,SGHC,36,29,30.0,327.0,9810.0,2024-04-01
2024040101041935,HATHY,28,36,110.0,890.0,97900.0,2024-04-01
2024040101041934,HATHY,91,36,100.0,890.0,89000.0,2024-04-01
2024040101041933,HATHY,29,36,50.0,890.0,44500.0,2024-04-01
2024040101041932,HATHY,42,36,50.0,890.1,44505.0,2024-04-01
2024040101041931,HATHY,70,36,18.0,890.3,16025.4,2024-04-01
2024040101041930,HATHY,54,36,50.0,890.4,44520.0,2024-04-01
2024040101041929,HATHY,19,36,1000.0,890.5,890500.0,2024-04-01
2024040101041928,HATHY,14,36,100.0,891.1,89110.0,2024-04-01
2024040101041927,HATHY,65,36,178.0,891.1,158615.8,2024-04-01
2024040101041926,HATHY,19,36,1000.0,892.0,892000.0,2024-04-01
2024040101041925,HATHY,19,36,218.0,892.2,194499.6,2024-04-01
2024040101041924,HATHY,19,45,11.0,893.0,9823.0,2024-04-01
2024040101041923,MKHC,16,21,10.0,344.0,3440.0,2024-04-01
2024040101041922,MKHC,16,58,500.0,343.2,171600.0,2024-04-01
2024040101041921,MKHC,16,53,150.0,343.1,51465.0,2024-04-01
2024040101041920,NMB,32,54,200.0,178.5,35700.0,2024-04-01
2024040101041919,SARBTM,88,40,50.0,940.0,47000.0,2024-04-01
2024040101041918,SARBTM,88,53,50.0,940.0,47000.0,2024-04-01
2024040101041917,MEHL,47,48,30.0,329.4,9882.0,2024-04-01
2024040101041916,MEHL,47,55,50.0,329.4,16470.0,2024-04-01
2024040101041915,MEHL,47,38,10.0,329.0,3290.0,2024-04-01
2024040101041914,MEHL,47,42,10.0,329.0,3290.0,2024-04-01
2024040101041913,NRM,1,63,55.0,370.0,20350.0,2024-04-01
2024040101041912,NRM,71,63,945.0,370.0,349650.0,2024-04-01
2024040105004378,HRL,5,58,40.0,596.8,23872.0,2024-04-01
2024040103007506,RLFL,36,62,159.0,357.0,56763.0,2024-04-01
2024040101041911,PRVU,48,45,208.0,139.8,29078.4,2024-04-01
2024040105004377,HRL,58,58,10.0,596.8,5968.0,2024-04-01
2024040104008380,SHL,59,7,150.0,434.0,65100.0,2024-04-01
2024040101041910,SONA,33,22,500.0,476.9,238450.0,2024-04-01
2024040101041909,SHLB,49,35,10.0,945.1,9451.0,2024-04-01
2024040101041908,BHDC,47,21,100.0,472.8,47280.0,2024-04-01
2024040101041907,BHDC,47,29,10.0,472.0,4720.0,2024-04-01
2024040101041906,BHDC,47,58,10.0,466.0,4660.0,2024-04-01
2024040103007505,GUFL,34,48,100.0,861.0,86100.0,2024-04-01
2024040101041905,LSL,25,81,50.0,157.0,7850.0,2024-04-01
2024040101041904,CITY,49,5,307.0,588.0,180516.0,2024-04-01
2024040101041903,CITY,45,5,25.0,588.0,14700.0,2024-04-01
2024040101041902,CITY,13,5,40.0,588.0,23520.0,2024-04-01
2024040101041901,CITY,44,5,10.0,588.1,5881.0,2024-04-01
2024040101041900,CITY,47,5,430.0,588.4,253012.0,2024-04-01
2024040101041899,CITY,18,5,50.0,588.5,29425.0,2024-04-01
2024040101041898,CITY,49,5,90.0,588.5,52965.0,2024-04-01
2024040103007504,GMFIL,20,37,500.0,352.6,176300.0,2024-04-01
2024040103007503,SWMF,45,41,10.0,720.0,7200.0,2024-04-01
2024040101041897,SHIVM,69,41,10.0,532.0,5320.0,2024-04-01
2024040103007502,USLB,62,55,314.0,1580.0,496120.0,2024-04-01
2024040103007501,USLB,55,55,50.0,1580.1,79005.0,2024-04-01
2024040103007500,USLB,55,55,50.0,1581.0,79050.0,2024-04-01
2024040103007499,USLB,62,55,17.0,1581.0,26877.0,2024-04-01
2024040103007498,USLB,62,55,19.0,1585.0,30115.0,2024-04-01
2024040105004376,HRL,29,58,100.0,596.8,59680.0,2024-04-01
2024040104008379,SHEL,56,56,10.0,195.0,1950.0,2024-04-01
2024040101041896,NABIL,56,34,39.0,439.0,17121.0,2024-04-01
2024040101041895,NABIL,56,46,221.0,439.0,97019.0,2024-04-01
2024040101041894,NABIL,56,44,40.0,439.0,17560.0,2024-04-01
2024040101041893,SARBTM,88,41,50.0,940.0,47000.0,2024-04-01
2024040103007497,FMDBL,21,36,70.0,597.0,41790.0,2024-04-01
2024040101041892,MHL,88,19,60.0,432.0,25920.0,2024-04-01
2024040101041891,LSL,21,81,11.0,157.0,1727.0,2024-04-01
2024040101041890,LSL,21,5,89.0,157.0,13973.0,2024-04-01
2024040103007496,SIFC,29,38,100.0,362.9,36290.0,2024-04-01
2024040104008378,SGIC,26,62,20.0,536.9,10738.0,2024-04-01
2024040103007495,NLICL,34,34,20.0,550.0,11000.0,2024-04-01
2024040103007494,NLICL,34,32,15.0,550.0,8250.0,2024-04-01
2024040104008377,UPPER,58,37,423.0,171.5,72544.5,2024-04-01
2024040104008376,UPPER,20,37,500.0,171.5,85750.0,2024-04-01
2024040104008375,UPPER,34,37,77.0,171.5,13205.5,2024-04-01
2024040101041889,ILI,22,45,10.0,518.7,5187.0,2024-04-01
2024040104008374,GHL,25,56,390.0,151.9,59241.0,2024-04-01
2024040101041888,NIMB,14,49,30.0,157.5,4725.0,2024-04-01
2024040104008373,BPCL,49,86,15.0,300.9,4513.5,2024-04-01
2024040101041887,SAMAJ,64,51,10.0,1896.0,18960.0,2024-04-01
2024040101041886,SAMAJ,44,51,10.0,1896.1,18961.0,2024-04-01
2024040101041885,SARBTM,88,58,50.0,940.0,47000.0,2024-04-01
2024040103007493,ALICL,33,85,20.0,551.0,11020.0,2024-04-01
2024040103007492,ALICL,56,85,30.0,551.0,16530.0,2024-04-01
2024040103007491,ALICL,25,85,50.0,551.0,27550.0,2024-04-01
2024040101041884,SARBTM,88,41,50.0,940.0,47000.0,2024-04-01
2024040104008372,SPIL,41,57,10.0,735.0,7350.0,2024-04-01
2024040101041883,SONA,50,32,190.0,476.3,90497.0,2024-04-01
2024040101041882,SONA,49,32,10.0,476.4,4764.0,2024-04-01
2024040104008371,JOSHI,1,35,190.0,333.0,63270.0,2024-04-01
2024040104008370,JOSHI,44,35,10.0,334.0,3340.0,2024-04-01
2024040101041881,SARBTM,88,14,50.0,940.0,47000.0,2024-04-01
2024040101041880,ILI,22,26,183.0,518.7,94922.1,2024-04-01
2024040101041879,PHCL,38,45,20.0,317.8,6356.0,2024-04-01
2024040101041878,SARBTM,88,38,50.0,940.0,47000.0,2024-04-01
2024040101041877,HDL,56,34,10.0,1500.0,15000.0,2024-04-01
2024040103007490,GUFL,3,48,25.0,862.0,21550.0,2024-04-01
2024040101041876,SARBTM,37,59,20.0,945.0,18900.0,2024-04-01
2024040101041875,SARBTM,37,58,50.0,945.0,47250.0,2024-04-01
2024040101041874,SARBTM,37,58,50.0,945.0,47250.0,2024-04-01
2024040101041873,SARBTM,37,7,20.0,945.0,18900.0,2024-04-01
2024040101041872,SARBTM,37,49,50.0,945.0,47250.0,2024-04-01
2024040101041871,SARBTM,37,36,10.0,945.0,9450.0,2024-04-01
2024040103007489,MDB,45,32,10.0,428.0,4280.0,2024-04-01
2024040101041870,SARBTM,45,36,40.0,945.0,37800.0,2024-04-01
2024040101041869,SARBTM,45,58,50.0,944.0,47200.0,2024-04-01
2024040101041868,SARBTM,45,56,25.0,943.0,23575.0,2024-04-01
2024040101041867,SARBTM,45,16,20.0,943.0,18860.0,2024-04-01
2024040101041866,SARBTM,45,48,50.0,943.0,47150.0,2024-04-01
2024040101041865,SARBTM,45,43,25.0,942.0,23550.0,2024-04-01
2024040101041864,SARBTM,45,42,10.0,942.0,9420.0,2024-04-01
2024040101041863,SARBTM,45,58,50.0,941.0,47050.0,2024-04-01
2024040101041862,SARBTM,45,49,50.0,941.0,47050.0,2024-04-01
2024040101041861,SARBTM,45,58,50.0,941.0,47050.0,2024-04-01
2024040101041860,SARBTM,45,58,50.0,941.0,47050.0,2024-04-01
2024040101041859,SARBTM,45,4,50.0,941.0,47050.0,2024-04-01
2024040101041858,SARBTM,45,58,10.0,941.0,9410.0,2024-04-01
2024040101041857,SARBTM,45,55,20.0,941.0,18820.0,2024-04-01
2024040104008369,AKPL,49,51,45.0,175.0,7875.0,2024-04-01
2024040101041856,ULHC,25,65,50.0,351.5,17575.0,2024-04-01
2024040101041855,MHCL,33,57,70.0,422.0,29540.0,2024-04-01
2024040105004375,HRL,7,37,10.0,597.0,5970.0,2024-04-01
2024040104008368,KKHC,34,25,10.0,238.0,2380.0,2024-04-01
2024040101041854,SARBTM,88,58,10.0,940.0,9400.0,2024-04-01
2024040101041853,SARBTM,88,58,50.0,940.0,47000.0,2024-04-01
2024040101041852,NABIL,22,44,41.0,439.0,17999.0,2024-04-01
2024040101041851,NABIL,22,54,59.0,439.0,25901.0,2024-04-01
2024040104008367,GLH,58,70,120.0,217.6,26112.0,2024-04-01
2024040104008366,GLH,70,70,300.0,217.7,65310.0,2024-04-01
2024040104008365,GLH,51,70,80.0,217.8,17424.0,2024-04-01
2024040101041850,SIKLES,45,41,10.0,505.0,5050.0,2024-04-01
2024040105004374,NIFRA,14,36,8.0,203.0,1624.0,2024-04-01
2024040103007488,KSBBL,18,21,390.0,347.0,135330.0,2024-04-01
2024040103007487,KSBBL,84,21,500.0,347.1,173550.0,2024-04-01
2024040103007486,KSBBL,21,21,100.0,347.1,34710.0,2024-04-01
2024040103007485,KSBBL,43,21,100.0,347.1,34710.0,2024-04-01
2024040103007484,KSBBL,1,21,100.0,347.1,34710.0,2024-04-01
2024040103007483,KSBBL,84,21,500.0,347.1,173550.0,2024-04-01
2024040103007482,KSBBL,6,21,100.0,347.1,34710.0,2024-04-01
2024040103007481,KSBBL,25,21,200.0,347.2,69440.0,2024-04-01
2024040103007480,KSBBL,52,21,10.0,347.2,3472.0,2024-04-01
2024040103007479,NABBC,64,38,40.0,409.7,16388.0,2024-04-01
2024040101041849,HATHY,19,53,260.0,892.2,231972.0,2024-04-01
2024040101041848,HATHY,46,53,110.0,892.3,98153.0,2024-04-01
2024040101041847,HATHY,13,53,300.0,892.4,267720.0,2024-04-01
2024040101041846,HATHY,13,53,30.0,892.4,26772.0,2024-04-01
2024040104008364,GHL,44,43,500.0,151.0,75500.0,2024-04-01
2024040104008363,UPPER,48,55,14.0,171.7,2403.8,2024-04-01
2024040101041845,CYCL,62,77,26.0,1336.0,34736.0,2024-04-01
2024040101041844,CYCL,62,39,25.0,1335.0,33375.0,2024-04-01
2024040101041843,CYCL,62,36,29.0,1335.0,38715.0,2024-04-01
2024040101041842,CYCL,62,4,10.0,1335.0,13350.0,2024-04-01
2024040101041841,CYCL,62,6,10.0,1320.0,13200.0,2024-04-01
2024040104008362,NGPL,1,45,50.0,299.0,14950.0,2024-04-01
2024040105004373,NIFRA,58,11,64.0,203.0,12992.0,2024-04-01
2024040103007478,NFS,56,66,45.0,375.0,16875.0,2024-04-01
2024040103007477,NFS,33,66,10.0,375.0,3750.0,2024-04-01
2024040103007476,NFS,35,66,200.0,375.0,75000.0,2024-04-01
2024040103007475,NFS,19,66,50.0,375.0,18750.0,2024-04-01
2024040103007474,NFS,46,66,40.0,375.0,15000.0,2024-04-01
2024040103007473,NFS,43,66,50.0,375.0,18750.0,2024-04-01
2024040101041840,SARBTM,88,49,50.0,940.0,47000.0,2024-04-01
2024040104008361,SSHL,3,57,249.0,161.0,40089.0,2024-04-01
2024040104008360,SSHL,51,57,91.0,161.0,14651.0,2024-04-01
2024040103007472,MLBBL,36,57,20.0,910.0,18200.0,2024-04-01
2024040101041839,MKHC,56,56,10.0,343.0,3430.0,2024-04-01
2024040103007471,ILBS,72,44,82.0,875.1,71758.2,2024-04-01
2024040103007470,ILBS,62,44,100.0,875.2,87520.0,2024-04-01
2024040103007469,ILBS,6,44,468.0,877.0,410436.0,2024-04-01
2024040103007468,ILBS,62,44,200.0,877.1,175420.0,2024-04-01
2024040103007467,ILBS,19,44,50.0,877.2,43860.0,2024-04-01
2024040103007466,ILBS,16,44,100.0,877.2,87720.0,2024-04-01
2024040101041838,CITY,49,6,10.0,588.5,5885.0,2024-04-01
2024040101041837,SHIVM,6,41,408.0,532.0,217056.0,2024-04-01
2024040101041836,SHIVM,6,6,100.0,532.0,53200.0,2024-04-01
2024040101041835,SHIVM,6,25,10.0,532.0,5320.0,2024-04-01
2024040101041834,SHIVM,6,8,193.0,532.0,102676.0,2024-04-01
2024040101041833,SHIVM,6,51,189.0,531.6,100472.4,2024-04-01
2024040101041832,SARBTM,88,26,50.0,940.0,47000.0,2024-04-01
2024040104008359,RIDI,14,26,100.0,179.0,17900.0,2024-04-01
2024040104008358,RIDI,14,86,90.0,178.9,16101.0,2024-04-01
2024040104008357,RIDI,14,86,10.0,178.8,1788.0,2024-04-01
2024040104008356,LEC,38,34,21.0,182.0,3822.0,2024-04-01
2024040104008355,LEC,38,49,79.0,181.9,14370.1,2024-04-01
2024040104008354,TRH,13,42,10.0,789.0,7890.0,2024-04-01
2024040101041831,SBL,5,82,150.0,220.0,33000.0,2024-04-01
2024040101041830,PHCL,91,45,10.0,316.0,3160.0,2024-04-01
2024040104008353,DHPL,58,11,28.0,192.0,5376.0,2024-04-01
2024040104008352,DHPL,45,11,200.0,192.0,38400.0,2024-04-01
2024040101041829,SHIVM,8,51,10.0,531.6,5316.0,2024-04-01
2024040101041828,SHIVM,81,51,301.0,531.6,160011.6,2024-04-01
2024040101041827,MKHC,56,49,50.0,343.0,17150.0,2024-04-01
2024040101041826,MKHC,56,47,10.0,343.0,3430.0,2024-04-01
2024040101041825,HHL,58,45,100.0,373.0,37300.0,2024-04-01
2024040103007465,MDB,63,68,31.0,424.0,13144.0,2024-04-01
2024040103007464,MDB,62,68,469.0,424.0,198856.0,2024-04-01
2024040103007463,MDB,62,68,500.0,425.0,212500.0,2024-04-01
2024040101041824,MEHL,40,17,10.0,329.0,3290.0,2024-04-01
2024040101041823,EHPL,36,44,50.0,439.5,21975.0,2024-04-01
2024040101041822,BEDC,16,58,10.0,384.0,3840.0,2024-04-01
2024040103007462,WNLB,35,41,10.0,1191.0,11910.0,2024-04-01
2024040103007461,WNLB,35,66,30.0,1190.0,35700.0,2024-04-01
2024040103007460,WNLB,35,1,10.0,1190.0,11900.0,2024-04-01
2024040103007459,WNLB,35,32,50.0,1180.0,59000.0,2024-04-01
2024040101041821,EBL,34,29,50.0,496.0,24800.0,2024-04-01
2024040104008351,JOSHI,1,38,40.0,333.0,13320.0,2024-04-01
2024040101041820,TPC,64,48,10.0,502.0,5020.0,2024-04-01
2024040103007458,ICFC,54,45,33.0,492.5,16252.5,2024-04-01
2024040103007457,ICFC,38,45,67.0,492.5,32997.5,2024-04-01
2024040103007456,ICFC,49,45,100.0,493.0,49300.0,2024-04-01
2024040101041819,MBJC,52,57,50.0,313.0,15650.0,2024-04-01
2024040104008350,HDHPC,42,35,400.0,134.5,53800.0,2024-04-01
2024040104008349,SSHL,44,22,20.0,161.9,3238.0,2024-04-01
2024040101041818,SARBTM,88,58,50.0,940.0,47000.0,2024-04-01
2024040101041817,SARBTM,88,58,30.0,940.0,28200.0,2024-04-01
2024040104008348,MHNL,4,44,100.0,238.0,23800.0,2024-04-01
2024040101041816,PPL,25,55,10.0,515.0,5150.0,2024-04-01
2024040101041815,PPL,25,47,35.0,515.0,18025.0,2024-04-01
2024040101041814,PPL,25,25,10.0,515.0,5150.0,2024-04-01
2024040101041813,PPL,25,62,10.0,513.3,5133.0,2024-04-01
2024040101041812,PPL,25,42,49.0,513.0,25137.0,2024-04-01
2024040101041811,PPL,25,38,10.0,512.0,5120.0,2024-04-01
2024040101041810,PPL,25,14,200.0,512.0,102400.0,2024-04-01
2024040101041809,PPL,25,19,80.0,512.0,40960.0,2024-04-01
2024040101041808,PPL,25,28,85.0,512.0,43520.0,2024-04-01
2024040101041807,PPL,25,59,10.0,510.1,5101.0,2024-04-01
2024040103007455,GUFL,1,6,200.0,855.0,171000.0,2024-04-01
2024040103007454,GUFL,41,6,100.0,855.0,85500.0,2024-04-01
2024040103007453,GUFL,70,6,150.0,855.1,128265.0,2024-04-01
2024040103007452,GUFL,14,6,50.0,856.0,42800.0,2024-04-01
2024040103007451,GUFL,16,6,200.0,860.0,172000.0,2024-04-01
2024040103007450,MERO,90,65,30.0,605.0,18150.0,2024-04-01
2024040101041806,SNLI,8,50,10.0,594.3,5943.0,2024-04-01
2024040101041805,MLBS,37,45,100.0,888.0,88800.0,2024-04-01
2024040101041804,MLBS,37,25,100.0,887.0,88700.0,2024-04-01
2024040101041803,SHIVM,69,8,20.0,532.0,10640.0,2024-04-01
2024040101041802,SARBTM,88,45,50.0,940.0,47000.0,2024-04-01
2024040101041801,PRVU,45,34,100.0,139.9,13990.0,2024-04-01
2024040101041800,GBIME,5,66,10.0,181.2,1812.0,2024-04-01
2024040103007449,GUFL,49,11,16.0,860.0,13760.0,2024-04-01
2024040103007448,GUFL,49,11,100.0,860.0,86000.0,2024-04-01
2024040103007447,GUFL,14,11,100.0,860.0,86000.0,2024-04-01
2024040103007446,GUFL,56,11,50.0,860.0,43000.0,2024-04-01
2024040103007445,GUFL,49,11,20.0,860.0,17200.0,2024-04-01
2024040103007444,GUFL,5,11,100.0,860.0,86000.0,2024-04-01
2024040103007443,GUFL,50,11,25.0,860.0,21500.0,2024-04-01
2024040103007442,GUFL,49,11,12.0,860.0,10320.0,2024-04-01
2024040103007441,GUFL,86,11,330.0,860.0,283800.0,2024-04-01
2024040103007440,GUFL,21,11,50.0,860.0,43000.0,2024-04-01
2024040103007439,GUFL,34,11,302.0,860.0,259720.0,2024-04-01
2024040103007438,GUFL,42,11,100.0,861.8,86180.0,2024-04-01
2024040101041799,ADBLD83,39,6,200.0,1045.0,209000.0,2024-04-01
2024040103007437,GUFL,39,39,280.0,862.0,241360.0,2024-04-01
2024040103007436,GUFL,39,22,100.0,862.0,86200.0,2024-04-01
2024040103007435,GUFL,39,29,500.0,862.0,431000.0,2024-04-01
2024040103007434,GUFL,39,59,50.0,862.0,43100.0,2024-04-01
2024040103007433,GUFL,39,34,62.0,862.0,53444.0,2024-04-01
2024040101041798,SHIVM,28,8,20.0,532.0,10640.0,2024-04-01
2024040101041797,RNLI,42,49,10.0,434.0,4340.0,2024-04-01
2024040103007432,USLB,75,25,81.0,1598.9,129510.9,2024-04-01
2024040103007431,USLB,75,29,19.0,1585.0,30115.0,2024-04-01
2024040101041796,ILI,22,22,100.0,518.6,51860.0,2024-04-01
2024040101041795,CKHL,58,66,70.0,580.0,40600.0,2024-04-01
2024040101041794,SANIMA,21,4,352.0,232.6,81875.2,2024-04-01
2024040101041793,SANIMA,34,4,600.0,232.6,139560.0,2024-04-01
2024040101041792,SANIMA,50,4,250.0,232.6,58150.0,2024-04-01
2024040101041791,SANIMA,8,4,50.0,232.6,11630.0,2024-04-01
2024040101041790,SANIMA,58,4,55.0,232.6,12793.0,2024-04-01
2024040101041789,SANIMA,41,4,250.0,232.7,58175.0,2024-04-01
2024040101041788,SANIMA,6,4,50.0,232.7,11635.0,2024-04-01
2024040101041787,SANIMA,62,4,80.0,232.7,18616.0,2024-04-01
2024040101041786,SANIMA,43,4,50.0,232.7,11635.0,2024-04-01
2024040101041785,SANIMA,48,4,73.0,232.7,16987.1,2024-04-01
2024040101041784,SANIMA,17,4,30.0,232.8,6984.0,2024-04-01
2024040101041783,SANIMA,45,4,100.0,232.8,23280.0,2024-04-01
2024040101041782,SARBTM,88,29,50.0,940.0,47000.0,2024-04-01
2024040104008347,JOSHI,63,21,10.0,334.5,3345.0,2024-04-01
2024040101041781,CKHL,29,34,60.0,576.1,34566.0,2024-04-01
2024040101041780,ULHC,5,65,10.0,351.5,3515.0,2024-04-01
2024040103007430,SWMF,10,41,10.0,720.0,7200.0,2024-04-01
2024040103007429,PFL,18,49,327.0,392.0,128184.0,2024-04-01
2024040103007428,PFL,37,49,173.0,392.1,67833.3,2024-04-01
2024040105004372,BBC,49,1,10.0,3775.1,37751.0,2024-04-01
2024040101041779,MKCL,56,53,10.0,955.0,9550.0,2024-04-01
2024040103007427,NUBL,65,42,26.0,629.0,16354.0,2024-04-01
2024040104008346,SICL,22,53,32.0,692.0,22144.0,2024-04-01
2024040101041778,KBSH,57,58,10.0,1003.0,10030.0,2024-04-01
2024040105004371,NRN,41,35,10.0,522.8,5228.0,2024-04-01
2024040104008345,RADHI,16,58,22.0,237.0,5214.0,2024-04-01
2024040104008344,RADHI,33,58,278.0,237.1,65913.8,2024-04-01
2024040104008343,AHPC,58,47,608.0,172.9,105123.2,2024-04-01
2024040104008342,AHPC,58,25,100.0,172.7,17270.0,2024-04-01
2024040104008341,AHPC,58,41,102.0,172.6,17605.2,2024-04-01
2024040101041777,MAKAR,19,29,10.0,409.0,4090.0,2024-04-01
2024040101041776,CYCL,62,16,15.0,1309.1,19636.5,2024-04-01
2024040104008340,MEN,16,40,10.0,515.8,5158.0,2024-04-01
2024040104008339,SHPC,38,40,10.0,337.7,3377.0,2024-04-01
2024040104008338,SHPC,22,40,294.0,337.7,99283.8,2024-04-01
2024040103007426,SINDU,50,26,100.0,345.7,34570.0,2024-04-01
2024040103007425,SINDU,71,26,400.0,345.8,138320.0,2024-04-01
2024040101041775,UHEWA,21,35,10.0,370.0,3700.0,2024-04-01
2024040105004370,NRN,45,72,200.0,520.1,104020.0,2024-04-01
2024040105004369,NRN,26,72,200.0,520.2,104040.0,2024-04-01
2024040105004368,NRN,56,72,100.0,520.2,52020.0,2024-04-01
2024040103007424,USLB,62,62,33.0,1581.0,52173.0,2024-04-01
2024040103007423,USLB,62,62,27.0,1581.0,42687.0,2024-04-01
2024040103007422,USLB,7,62,40.0,1582.0,63280.0,2024-04-01
2024040101041774,SARBTM,88,49,50.0,940.0,47000.0,2024-04-01
2024040104008337,AHPC,55,49,140.0,172.5,24150.0,2024-04-01
2024040101041773,SARBTM,88,51,20.0,940.0,18800.0,2024-04-01
2024040101041772,SARBTM,88,55,50.0,940.0,47000.0,2024-04-01
2024040101041771,SARBTM,88,57,30.0,940.0,28200.0,2024-04-01
2024040101041770,PPL,62,54,300.0,510.0,153000.0,2024-04-01
2024040101041769,SARBTM,88,54,50.0,940.0,47000.0,2024-04-01
2024040101041768,SARBTM,88,58,50.0,940.0,47000.0,2024-04-01
2024040101041767,GCIL,25,39,491.0,512.9,251833.9,2024-04-01
2024040104008336,UNHPL,39,6,500.0,234.1,117050.0,2024-04-01
2024040101041766,SARBTM,88,53,35.0,940.0,32900.0,2024-04-01
2024040101041765,SARBTM,88,38,10.0,940.0,9400.0,2024-04-01
2024040101041764,NRM,71,63,55.0,370.0,20350.0,2024-04-01
2024040101041763,NRM,34,63,465.0,370.0,172050.0,2024-04-01
2024040101041762,NRM,62,63,180.0,370.1,66618.0,2024-04-01
2024040101041761,NRM,42,63,200.0,370.1,74020.0,2024-04-01
2024040101041760,NRM,49,63,100.0,370.1,37010.0,2024-04-01
2024040103007421,SJLIC,72,50,200.0,485.0,97000.0,2024-04-01
2024040101041759,SHIVM,81,45,35.0,531.6,18606.0,2024-04-01
2024040103007420,SHINE,51,34,33.0,370.5,12226.5,2024-04-01
2024040103007419,SHINE,51,57,350.0,370.0,129500.0,2024-04-01
2024040101041758,AVYAN,57,56,28.0,642.5,17990.0,2024-04-01
2024040101041757,AVYAN,57,45,30.0,642.0,19260.0,2024-04-01
2024040101041756,AVYAN,57,42,10.0,642.0,6420.0,2024-04-01
2024040101041755,AVYAN,57,42,10.0,642.0,6420.0,2024-04-01
2024040101041754,AVYAN,57,42,10.0,641.0,6410.0,2024-04-01
2024040101041753,AVYAN,57,34,12.0,640.0,7680.0,2024-04-01
2024040101041752,CITY,49,57,40.0,588.5,23540.0,2024-04-01
2024040101041751,IHL,45,68,10.0,390.1,3901.0,2024-04-01
2024040101041750,IHL,34,68,100.0,390.1,39010.0,2024-04-01
2024040101041749,IHL,3,68,390.0,390.2,152178.0,2024-04-01
2024040101041748,SARBTM,88,42,50.0,940.0,47000.0,2024-04-01
2024040101041747,USHL,36,38,10.0,480.0,4800.0,2024-04-01
2024040101041746,SARBTM,88,58,50.0,940.0,47000.0,2024-04-01
2024040101041745,SARBTM,88,43,10.0,940.0,9400.0,2024-04-01
2024040101041744,SARBTM,88,49,20.0,940.0,18800.0,2024-04-01
2024040101041743,HDL,42,38,33.0,1500.0,49500.0,2024-04-01
2024040103007418,GUFL,34,33,198.0,860.0,170280.0,2024-04-01
2024040103007417,GUFL,17,33,500.0,860.5,430250.0,2024-04-01
2024040103007416,GUFL,49,33,50.0,860.6,43030.0,2024-04-01
2024040103007415,GUFL,32,33,200.0,861.0,172200.0,2024-04-01
2024040103007414,GUFL,58,33,100.0,861.0,86100.0,2024-04-01
2024040103007413,GUFL,45,33,15.0,861.5,12922.5,2024-04-01
2024040103007412,GUFL,6,33,50.0,861.5,43075.0,2024-04-01
2024040103007411,GUFL,42,33,10.0,861.5,8615.0,2024-04-01
2024040103007410,GUFL,14,33,100.0,861.6,86160.0,2024-04-01
2024040101041742,HDL,41,38,13.0,1500.0,19500.0,2024-04-01
2024040101041741,SMJC,58,59,55.0,380.0,20900.0,2024-04-01
2024040101041740,SARBTM,88,58,50.0,940.0,47000.0,2024-04-01
2024040101041739,RHGCL,58,43,100.0,329.2,32920.0,2024-04-01
2024040101041738,MHCL,57,71,20.0,422.0,8440.0,2024-04-01
2024040101041737,MHCL,22,71,40.0,422.1,16884.0,2024-04-01
2024040101041736,MHCL,34,71,337.0,422.2,142281.4,2024-04-01
2024040101041735,MHCL,45,71,100.0,423.0,42300.0,2024-04-01
2024040104008335,HPPL,45,19,340.0,270.4,91936.0,2024-04-01
2024040101041734,SARBTM,88,16,50.0,940.0,47000.0,2024-04-01
2024040101041733,MEL,26,11,10.0,229.9,2299.0,2024-04-01
2024040101041732,MEL,26,57,200.0,229.9,45980.0,2024-04-01
2024040101041731,MEL,26,49,90.0,229.9,20691.0,2024-04-01
2024040101041730,NICA,14,48,20.0,407.0,8140.0,2024-04-01
2024040101041729,MKHC,38,53,200.0,342.0,68400.0,2024-04-01
2024040101041728,SARBTM,88,21,50.0,940.0,47000.0,2024-04-01
2024040104008334,MEN,45,91,164.0,513.0,84132.0,2024-04-01
2024040104008333,MEN,51,91,100.0,513.0,51300.0,2024-04-01
2024040104008332,MEN,34,91,13.0,513.0,6669.0,2024-04-01
2024040104008331,MEN,14,91,33.0,513.0,16929.0,2024-04-01
2024040104008330,MEN,39,91,100.0,513.1,51310.0,2024-04-01
2024040104008329,MEN,34,91,90.0,513.1,46179.0,2024-04-01
2024040103007409,FMDBL,21,50,83.0,597.0,49551.0,2024-04-01
2024040103007408,FMDBL,58,50,35.0,597.0,20895.0,2024-04-01
2024040103007407,FMDBL,17,50,50.0,597.0,29850.0,2024-04-01
2024040103007406,FMDBL,38,50,25.0,597.1,14927.5,2024-04-01
2024040103007405,FMDBL,70,50,55.0,597.4,32857.0,2024-04-01
2024040103007404,RLFL,36,62,16.0,357.0,5712.0,2024-04-01
2024040103007403,MLBSL,5,1,10.0,1675.0,16750.0,2024-04-01
2024040101041727,MEL,34,49,10.0,229.9,2299.0,2024-04-01
2024040101041726,SARBTM,88,52,50.0,940.0,47000.0,2024-04-01
2024040103007402,NFS,43,56,50.0,375.0,18750.0,2024-04-01
2024040103007401,NFS,45,56,20.0,375.0,7500.0,2024-04-01
2024040103007400,NFS,4,56,50.0,375.0,18750.0,2024-04-01
2024040103007399,NFS,16,56,14.0,375.0,5250.0,2024-04-01
2024040103007398,NFS,14,56,66.0,375.0,24750.0,2024-04-01
2024040104008328,AKPL,22,51,100.0,175.0,17500.0,2024-04-01
2024040101041725,RNLI,42,25,90.0,434.0,39060.0,2024-04-01
2024040101041724,RNLI,1,25,180.0,434.1,78138.0,2024-04-01
2024040101041723,RNLI,38,25,100.0,434.5,43450.0,2024-04-01
2024040101041722,RNLI,39,25,80.0,434.5,34760.0,2024-04-01
2024040103007397,PMLI,58,54,10.0,508.0,5080.0,2024-04-01
2024040101041721,SARBTM,88,58,50.0,940.0,47000.0,2024-04-01
2024040101041720,SARBTM,88,58,10.0,940.0,9400.0,2024-04-01
2024040104008327,UMRH,58,19,50.0,357.7,17885.0,2024-04-01
2024040104008326,UMRH,50,19,72.0,358.0,25776.0,2024-04-01
2024040104008325,UMRH,35,19,50.0,358.1,17905.0,2024-04-01
2024040104008324,UMRH,44,19,70.0,358.5,25095.0,2024-04-01
2024040101041719,SARBTM,88,6,50.0,940.0,47000.0,2024-04-01
2024040103007396,GFCL,35,16,10.0,450.9,4509.0,2024-04-01
2024040105004367,HRL,65,37,15.0,597.0,8955.0,2024-04-01
2024040105004366,HRL,65,21,30.0,597.0,17910.0,2024-04-01
2024040105004365,HRL,65,58,20.0,597.0,11940.0,2024-04-01
2024040105004364,HRL,65,17,10.0,597.0,5970.0,2024-04-01
2024040105004363,HRL,65,33,10.0,597.0,5970.0,2024-04-01
2024040105004362,HRL,65,34,15.0,597.0,8955.0,2024-04-01
2024040101041718,SARBTM,88,42,50.0,940.0,47000.0,2024-04-01
2024040101041717,SARBTM,88,11,50.0,940.0,47000.0,2024-04-01
2024040101041716,SARBTM,88,58,50.0,940.0,47000.0,2024-04-01
2024040101041715,SARBTM,88,58,50.0,940.0,47000.0,2024-04-01
2024040101041714,SARBTM,88,49,50.0,940.0,47000.0,2024-04-01
2024040101041713,SARBTM,88,55,50.0,940.0,47000.0,2024-04-01
2024040101041712,SARBTM,88,57,50.0,940.0,47000.0,2024-04-01
2024040101041711,SARBTM,88,34,50.0,939.1,46955.0,2024-04-01
2024040101041710,SARBTM,88,58,50.0,939.1,46955.0,2024-04-01
2024040101041709,SARBTM,88,22,20.0,939.1,18782.0,2024-04-01
2024040101041708,SARBTM,88,6,50.0,939.1,46955.0,2024-04-01
2024040101041707,SARBTM,88,44,50.0,939.1,46955.0,2024-04-01
2024040101041706,SARBTM,88,63,50.0,939.0,46950.0,2024-04-01
2024040101041705,SARBTM,88,65,50.0,939.0,46950.0,2024-04-01
2024040103007395,SJLIC,8,32,20.0,486.0,9720.0,2024-04-01
2024040103007394,WNLB,58,58,10.0,1169.0,11690.0,2024-04-01
2024040104008323,UPPER,34,4,150.0,171.5,25725.0,2024-04-01
2024040101041704,BNHC,32,70,10.0,475.0,4750.0,2024-04-01
2024040103007393,MLBBL,6,29,90.0,910.0,81900.0,2024-04-01
2024040103007392,HLBSL,43,35,300.0,685.1,205530.0,2024-04-01
2024040101041703,MHL,26,58,10.0,436.0,4360.0,2024-04-01
2024040101041702,MHL,26,25,10.0,433.0,4330.0,2024-04-01
2024040103007391,JFL,1,14,480.0,381.0,182880.0,2024-04-01
2024040103007390,JFL,6,14,20.0,381.1,7622.0,2024-04-01
2024040103007389,MFIL,53,25,149.0,504.5,75170.5,2024-04-01
2024040103007388,MFIL,53,57,100.0,504.0,50400.0,2024-04-01
2024040103007387,MFIL,53,22,100.0,503.0,50300.0,2024-04-01
2024040103007386,MFIL,53,29,100.0,503.0,50300.0,2024-04-01
2024040103007385,MFIL,53,14,15.0,502.0,7530.0,2024-04-01
2024040103007384,MFIL,53,22,200.0,500.0,100000.0,2024-04-01
2024040103007383,MFIL,53,65,260.0,497.9,129454.0,2024-04-01
2024040103007382,MFIL,53,45,76.0,497.0,37772.0,2024-04-01
2024040103007381,JFL,50,10,296.0,383.2,113427.2,2024-04-01
2024040101041701,CYCL,62,37,50.0,1335.0,66750.0,2024-04-01
2024040101041700,CYCL,62,62,13.0,1330.0,17290.0,2024-04-01
2024040101041699,CYCL,62,57,10.0,1330.0,13300.0,2024-04-01
2024040101041698,CYCL,62,65,10.0,1328.0,13280.0,2024-04-01
2024040101041697,CYCL,62,58,13.0,1325.0,17225.0,2024-04-01
2024040101041696,CYCL,62,4,13.0,1325.0,17225.0,2024-04-01
2024040101041695,CYCL,62,58,13.0,1325.0,17225.0,2024-04-01
2024040101041694,CYCL,62,43,10.0,1323.0,13230.0,2024-04-01
2024040101041693,CYCL,62,38,10.0,1322.0,13220.0,2024-04-01
2024040101041692,CYCL,62,42,13.0,1322.0,17186.0,2024-04-01
2024040101041691,CYCL,62,16,53.0,1322.0,70066.0,2024-04-01
2024040101041690,CYCL,62,48,100.0,1321.9,132190.0,2024-04-01
2024040101041689,CYCL,62,47,10.0,1321.0,13210.0,2024-04-01
2024040101041688,CYCL,62,35,178.0,1320.0,234960.0,2024-04-01
2024040101041687,SHIVM,69,8,10.0,532.0,5320.0,2024-04-01
2024040105004361,SFMF,11,21,4000.0,9.81,39240.0,2024-04-01
2024040104008322,DHPL,7,11,500.0,193.0,96500.0,2024-04-01
2024040104008321,DHPL,25,11,500.0,193.0,96500.0,2024-04-01
2024040104008320,DHPL,28,11,50.0,193.0,9650.0,2024-04-01
2024040104008319,DHPL,28,11,20.0,193.0,3860.0,2024-04-01
2024040104008318,DHPL,6,11,582.0,193.2,112442.4,2024-04-01
2024040104008317,DHPL,22,11,20.0,193.2,3864.0,2024-04-01
2024040104008316,DHPL,38,11,100.0,193.3,19330.0,2024-04-01
2024040101041686,SHIVM,45,8,30.0,532.0,15960.0,2024-04-01
2024040101041685,SHIVM,81,28,549.0,531.6,291848.4,2024-04-01
2024040101041684,SHIVM,8,28,25.0,531.7,13292.5,2024-04-01
2024040101041683,SHIVM,28,8,20.0,532.0,10640.0,2024-04-01
2024040101041682,MHL,88,49,10.0,432.0,4320.0,2024-04-01
2024040101041681,MEL,58,42,120.0,229.0,27480.0,2024-04-01
2024040101041680,MEL,58,42,355.0,229.0,81295.0,2024-04-01
2024040101041679,MEL,95,42,130.0,229.0,29770.0,2024-04-01
2024040101041678,KBL,46,54,25.0,137.9,3447.5,2024-04-01
2024040103007380,RLFL,36,34,25.0,357.0,8925.0,2024-04-01
2024040104008315,AKJCL,44,58,570.0,217.5,123975.0,2024-04-01
2024040101041677,NIMB,14,35,33.0,157.5,5197.5,2024-04-01
2024040101041676,KBL,43,54,80.0,137.9,11032.0,2024-04-01
2024040101041675,SMHL,54,65,75.0,445.0,33375.0,2024-04-01
2024040101041674,SMHL,29,65,425.0,445.1,189167.5,2024-04-01
2024040101041673,SMHL,21,65,200.0,445.3,89060.0,2024-04-01
2024040101041672,SMHL,33,65,300.0,445.4,133620.0,2024-04-01
2024040105004360,HRL,66,62,510.0,596.7,304317.0,2024-04-01
2024040105004359,HRL,57,62,50.0,596.8,29840.0,2024-04-01
2024040105004358,HRL,18,62,50.0,596.8,29840.0,2024-04-01
2024040104008314,AHPC,55,21,300.0,172.5,51750.0,2024-04-01
2024040105004357,CIT,34,39,10.0,2099.0,20990.0,2024-04-01
2024040104008313,NICL,8,44,40.0,822.0,32880.0,2024-04-01
2024040104008312,NICL,26,44,100.0,822.1,82210.0,2024-04-01
2024040101041671,NABIL,19,54,27.0,439.0,11853.0,2024-04-01
2024040103007379,ILBS,62,40,500.0,888.0,444000.0,2024-04-01
2024040101041670,PPL,16,32,213.0,510.0,108630.0,2024-04-01
2024040101041669,PPL,62,32,25.0,510.1,12752.5,2024-04-01
2024040101041668,NWCL,49,29,10.0,732.0,7320.0,2024-04-01
2024040101041667,ILI,58,26,230.0,518.3,119209.0,2024-04-01
2024040101041666,ILI,48,26,50.0,518.4,25920.0,2024-04-01
2024040101041665,ILI,10,26,10.0,518.6,5186.0,2024-04-01
2024040101041664,ILI,66,26,460.0,518.6,238556.0,2024-04-01
2024040101041663,MKHC,38,53,10.0,342.0,3420.0,2024-04-01
2024040103007378,RLFL,28,37,90.0,356.6,32094.0,2024-04-01
2024040103007377,MFIL,21,45,37.0,497.0,18389.0,2024-04-01
2024040103007376,KSBBL,21,34,20.0,350.0,7000.0,2024-04-01
2024040103007375,MSLB,44,36,20.0,1038.7,20774.0,2024-04-01
2024040101041662,SONA,50,22,10.0,476.3,4763.0,2024-04-01
2024040101041661,SIKLES,42,58,10.0,506.0,5060.0,2024-04-01
2024040101041660,SIKLES,42,35,90.0,505.0,45450.0,2024-04-01
2024040101041659,SMJC,51,59,25.0,380.0,9500.0,2024-04-01
2024040101041658,SMJC,58,59,20.0,380.0,7600.0,2024-04-01
2024040103007374,GBBL,21,59,40.0,362.6,14504.0,2024-04-01
2024040104008311,JOSHI,1,33,260.0,333.0,86580.0,2024-04-01
2024040104008310,JOSHI,19,33,40.0,333.2,13328.0,2024-04-01
2024040103007373,WNLB,71,54,13.0,1178.8,15324.4,2024-04-01
2024040103007372,WNLB,71,22,37.0,1178.8,43615.6,2024-04-01
2024040101041657,MKHC,16,53,140.0,343.1,48034.0,2024-04-01
2024040101041656,MKHC,16,17,110.0,343.0,37730.0,2024-04-01
2024040101041655,MKHC,16,56,10.0,343.0,3430.0,2024-04-01
2024040101041654,MKHC,16,21,100.0,343.0,34300.0,2024-04-01
2024040101041653,MKHC,16,54,10.0,343.0,3430.0,2024-04-01
2024040101041652,MKHC,16,41,10.0,343.0,3430.0,2024-04-01
2024040101041651,MKHC,16,55,60.0,342.9,20574.0,2024-04-01
2024040101041650,MKHC,16,21,200.0,342.0,68400.0,2024-04-01
2024040101041649,MKHC,16,70,360.0,342.0,123120.0,2024-04-01
2024040101041648,SCB,16,47,36.0,513.7,18493.2,2024-04-01
2024040101041647,HHL,58,45,10.0,373.0,3730.0,2024-04-01
2024040101041646,USHEC,22,32,110.0,365.2,40172.0,2024-04-01
2024040101041645,USHEC,20,32,50.0,365.4,18270.0,2024-04-01
2024040101041644,USHEC,22,32,10.0,365.4,3654.0,2024-04-01
2024040101041643,USHEC,8,32,200.0,366.0,73200.0,2024-04-01
2024040101041642,USHEC,51,32,90.0,366.4,32976.0,2024-04-01
2024040101041641,USHEC,59,32,20.0,366.5,7330.0,2024-04-01
2024040101041640,SNLI,8,38,10.0,594.3,5943.0,2024-04-01
2024040101041639,CYCL,66,35,10.0,1320.0,13200.0,2024-04-01
2024040103007371,USLB,10,29,70.0,1585.0,110950.0,2024-04-01
2024040104008309,UNHPL,39,28,443.0,234.1,103706.3,2024-04-01
2024040104008308,UNHPL,54,28,250.0,234.1,58525.0,2024-04-01
2024040104008307,UNHPL,45,28,20.0,234.1,4682.0,2024-04-01
2024040104008306,UNHPL,38,28,10.0,234.1,2341.0,2024-04-01
2024040104008305,UNHPL,7,28,217.0,234.1,50799.7,2024-04-01
2024040104008304,UNHPL,43,28,250.0,234.2,58550.0,2024-04-01
2024040104008303,UNHPL,49,28,200.0,234.3,46860.0,2024-04-01
2024040101041638,MKHC,13,45,10.0,341.0,3410.0,2024-04-01
2024040103007370,NICLBSL,34,58,10.0,595.0,5950.0,2024-04-01
2024040103007369,ICFC,38,52,113.0,492.5,55652.5,2024-04-01
2024040101041637,MBJC,52,49,100.0,313.0,31300.0,2024-04-01
2024040101041636,SRD80,49,47,15.0,1019.0,15285.0,2024-04-01
2024040105004356,HRL,42,57,10.0,596.9,5969.0,2024-04-01
2024040104008302,NHPC,59,47,30.0,148.0,4440.0,2024-04-01
2024040104008301,SGIC,36,62,261.0,536.9,140130.9,2024-04-01
2024040104008300,SGIC,36,85,310.0,536.9,166439.0,2024-04-01
2024040104008299,SGIC,36,49,20.0,536.8,10736.0,2024-04-01
2024040104008298,SGIC,36,42,99.0,535.0,52965.0,2024-04-01
2024040104008297,AKPL,16,41,135.0,174.6,23571.0,2024-04-01
2024040104008296,AKPL,53,41,300.0,174.8,52440.0,2024-04-01
2024040104008295,AKPL,34,41,65.0,174.8,11362.0,2024-04-01
2024040104008294,SHEL,33,56,10.0,195.0,1950.0,2024-04-01
2024040101041635,ILI,32,26,100.0,519.0,51900.0,2024-04-01
2024040101041634,MKCL,14,35,10.0,954.0,9540.0,2024-04-01
2024040104008293,NGPL,91,35,343.0,299.9,102865.7,2024-04-01
2024040104008292,NGPL,91,54,100.0,299.8,29980.0,2024-04-01
2024040104008291,NGPL,91,84,57.0,299.8,17088.6,2024-04-01
2024040104008290,SHL,48,7,100.0,434.0,43400.0,2024-04-01
2024040101041633,SGHC,21,29,100.0,327.0,32700.0,2024-04-01
2024040103007368,SDLBSL,45,74,10.0,685.0,6850.0,2024-04-01
2024040103007367,SDLBSL,45,49,10.0,679.9,6799.0,2024-04-01
2024040101041632,HATHY,22,45,35.0,893.0,31255.0,2024-04-01
2024040101041631,HATHY,75,45,20.0,894.0,17880.0,2024-04-01
2024040105004355,NIFRA,58,54,54.0,203.0,10962.0,2024-04-01
2024040104008289,LEC,35,42,10.0,181.3,1813.0,2024-04-01
2024040103007366,NLICL,43,46,178.0,549.0,97722.0,2024-04-01
2024040101041630,SARBTM,51,54,43.0,939.0,40377.0,2024-04-01
2024040101041629,CKHL,29,34,20.0,578.0,11560.0,2024-04-01
2024040101041628,SARBTM,51,58,10.0,939.0,9390.0,2024-04-01
2024040101041627,SARBTM,7,58,20.0,939.0,18780.0,2024-04-01
2024040104008288,SHL,58,7,300.0,434.0,130200.0,2024-04-01
2024040104008287,NGPL,84,84,243.0,299.8,72851.4,2024-04-01
2024040104008286,NGPL,84,33,257.0,299.0,76843.0,2024-04-01
2024040104008285,UPCL,14,45,141.0,205.7,29003.7,2024-04-01
2024040104008284,UPCL,14,51,100.0,205.5,20550.0,2024-04-01
2024040104008283,UPCL,14,6,75.0,205.5,15412.5,2024-04-01
2024040104008282,UPCL,14,51,184.0,205.5,37812.0,2024-04-01
2024040101041626,SARBTM,7,38,30.0,939.0,28170.0,2024-04-01
2024040101041625,SARBTM,49,38,20.0,939.0,18780.0,2024-04-01
2024040103007365,NFS,14,50,34.0,375.0,12750.0,2024-04-01
2024040103007364,NFS,60,50,10.0,375.0,3750.0,2024-04-01
2024040103007363,NFS,34,50,150.0,375.0,56250.0,2024-04-01
2024040103007362,NFS,57,50,100.0,375.0,37500.0,2024-04-01
2024040103007361,NFS,50,50,50.0,375.0,18750.0,2024-04-01
2024040103007360,NFS,56,50,10.0,375.0,3750.0,2024-04-01
2024040103007359,NFS,45,50,46.0,375.1,17254.6,2024-04-01
2024040101041624,ULHC,5,55,10.0,350.0,3500.0,2024-04-01
2024040101041623,ULHC,5,49,130.0,350.0,45500.0,2024-04-01
2024040101041622,EHPL,45,44,50.0,439.5,21975.0,2024-04-01
2024040101041621,HHL,34,45,10.0,373.0,3730.0,2024-04-01
2024040101041620,HHL,44,45,50.0,373.1,18655.0,2024-04-01
2024040101041619,HHL,45,45,200.0,373.2,74640.0,2024-04-01
2024040101041618,HHL,59,45,40.0,373.2,14928.0,2024-04-01
2024040101041617,HHL,57,45,20.0,374.1,7482.0,2024-04-01
2024040103007358,GUFL,58,34,138.0,862.0,118956.0,2024-04-01
2024040101041616,DORDI,34,16,90.0,435.0,39150.0,2024-04-01
2024040101041615,DORDI,34,47,10.0,433.0,4330.0,2024-04-01
2024040101041614,NICA,57,34,100.0,406.7,40670.0,2024-04-01
2024040104008281,NICL,8,57,12.0,822.0,9864.0,2024-04-01
2024040103007357,NLIC,42,48,40.0,595.9,23836.0,2024-04-01
2024040101041613,SNLI,8,36,10.0,594.3,5943.0,2024-04-01
2024040103007356,MDB,62,16,31.0,424.0,13144.0,2024-04-01
2024040103007355,MDB,62,16,19.0,424.0,8056.0,2024-04-01
2024040103007354,HLI,94,38,50.0,397.5,19875.0,2024-04-01
2024040103007353,NICLBSL,62,58,10.0,595.0,5950.0,2024-04-01
2024040101041612,SHIVM,69,8,10.0,532.0,5320.0,2024-04-01
2024040101041611,HHL,5,49,10.0,375.0,3750.0,2024-04-01
2024040101041610,SCB,34,47,10.0,513.7,5137.0,2024-04-01
2024040101041609,SARBTM,45,55,30.0,941.0,28230.0,2024-04-01
2024040101041608,SARBTM,45,54,50.0,940.0,47000.0,2024-04-01
2024040101041607,SARBTM,45,35,50.0,940.0,47000.0,2024-04-01
2024040101041606,SARBTM,45,38,20.0,940.0,18800.0,2024-04-01
2024040101041605,SARBTM,45,86,50.0,940.0,47000.0,2024-04-01
2024040101041604,SARBTM,45,49,50.0,940.0,47000.0,2024-04-01
2024040101041603,SARBTM,45,76,50.0,940.0,47000.0,2024-04-01
2024040101041602,SARBTM,45,57,50.0,940.0,47000.0,2024-04-01
2024040101041601,SARBTM,45,6,50.0,940.0,47000.0,2024-04-01
2024040101041600,SARBTM,45,58,50.0,940.0,47000.0,2024-04-01
2024040101041599,SARBTM,45,41,50.0,940.0,47000.0,2024-04-01
2024040101041598,SARBTM,16,52,30.0,939.1,28173.0,2024-04-01
2024040101041597,SARBTM,58,52,20.0,939.5,18790.0,2024-04-01
2024040101041596,MBJC,52,57,100.0,313.0,31300.0,2024-04-01
2024040101041595,HHL,54,49,35.0,375.0,13125.0,2024-04-01
2024040101041594,HHL,54,39,90.0,375.0,33750.0,2024-04-01
2024040103007352,NLICL,41,32,10.0,550.0,5500.0,2024-04-01
2024040103007351,MLBL,59,19,61.0,318.4,19422.4,2024-04-01
2024040103007350,MLBL,35,19,10.0,318.5,3185.0,2024-04-01
2024040103007349,WNLB,35,22,63.0,1178.8,74264.4,2024-04-01
2024040103007348,WNLB,35,58,14.0,1178.8,16503.2,2024-04-01
2024040103007347,WNLB,35,25,100.0,1178.8,117880.0,2024-04-01
2024040103007346,WNLB,35,5,110.0,1177.5,129525.0,2024-04-01
2024040103007345,WNLB,35,47,11.0,1177.4,12951.4,2024-04-01
2024040103007344,WNLB,35,5,102.0,1177.0,120054.0,2024-04-01
2024040101041593,HDL,58,13,20.0,1500.0,30000.0,2024-04-01
2024040104008280,HURJA,67,58,50.0,307.0,15350.0,2024-04-01
2024040103007343,MDB,63,32,100.0,428.0,42800.0,2024-04-01
2024040103007342,PROFL,7,50,11.0,312.7,3439.7,2024-04-01
2024040103007341,PROFL,44,50,50.0,312.7,15635.0,2024-04-01
2024040103007340,PROFL,57,50,151.0,312.7,47217.7,2024-04-01
2024040103007339,ALICL,25,37,50.0,551.0,27550.0,2024-04-01
2024040103007338,ALICL,22,37,50.0,551.0,27550.0,2024-04-01
2024040101041592,SHIVM,69,8,20.0,532.0,10640.0,2024-04-01
2024040101041591,SARBTM,16,11,30.0,939.1,28173.0,2024-04-01
2024040103007337,USLB,75,29,11.0,1585.0,17435.0,2024-04-01
2024040103007336,NICLBSL,34,42,10.0,593.0,5930.0,2024-04-01
2024040101041590,PCBL,16,7,4.0,190.0,760.0,2024-04-01
2024040101041589,PCBL,49,7,30.0,190.0,5700.0,2024-04-01
2024040101041588,DLBS,71,49,100.0,1241.1,124110.0,2024-04-01
2024040101041587,DLBS,28,49,20.0,1241.1,24822.0,2024-04-01
2024040101041586,DLBS,45,49,10.0,1242.0,12420.0,2024-04-01
2024040103007335,JFL,6,57,180.0,381.1,68598.0,2024-04-01
2024040104008279,NGPL,69,33,50.0,299.0,14950.0,2024-04-01
2024040104008278,NGPL,25,33,693.0,299.0,207207.0,2024-04-01
2024040101041585,SARBTM,16,35,50.0,939.1,46955.0,2024-04-01
2024040101041584,VLUCL,44,6,50.0,512.1,25605.0,2024-04-01
2024040104008277,HEI,94,41,10.0,577.0,5770.0,2024-04-01
2024040103007334,USLB,7,58,10.0,1582.0,15820.0,2024-04-01
2024040101041583,MBLD87,47,57,15.0,921.1,13816.5,2024-04-01
2024040105004354,HRL,14,57,80.0,596.9,47752.0,2024-04-01
2024040105004353,HRL,52,57,10.0,596.9,5969.0,2024-04-01
2024040105004352,HRL,16,57,60.0,596.9,35814.0,2024-04-01
2024040103007333,GUFL,58,22,100.0,862.0,86200.0,2024-04-01
2024040101041582,BEDC,42,36,600.0,383.2,229920.0,2024-04-01
2024040101041581,ILI,33,26,30.0,519.0,15570.0,2024-04-01
2024040101041580,ILI,33,34,20.0,518.9,10378.0,2024-04-01
2024040101041579,RFPL,40,17,25.0,408.5,10212.5,2024-04-01
2024040101041578,SHIVM,81,32,100.0,531.6,53160.0,2024-04-01
2024040101041577,TSHL,49,43,480.0,505.0,242400.0,2024-04-01
2024040103007332,NLIC,21,67,10.0,595.7,5957.0,2024-04-01
2024040101041576,SARBTM,16,58,50.0,939.1,46955.0,2024-04-01
2024040101041575,PRVU,48,58,25.0,139.8,3495.0,2024-04-01
2024040103007331,MERO,48,65,135.0,605.0,81675.0,2024-04-01
2024040101041574,BNHC,62,38,38.0,474.0,18012.0,2024-04-01
2024040101041573,SHIVM,69,8,10.0,532.0,5320.0,2024-04-01
2024040104008276,RADHI,33,66,500.0,237.1,118550.0,2024-04-01
2024040101041572,NWCL,43,13,100.0,733.0,73300.0,2024-04-01
2024040104008275,KKHC,57,34,480.0,238.5,114480.0,2024-04-01
2024040104008274,UPPER,42,55,118.0,171.7,20260.6,2024-04-01
2024040104008273,UPPER,42,25,182.0,171.7,31249.4,2024-04-01
2024040104008272,AHPC,58,41,10.0,172.6,1726.0,2024-04-01
2024040104008271,AHPC,25,41,372.0,172.6,64207.2,2024-04-01
2024040103007330,GUFL,58,19,50.0,862.0,43100.0,2024-04-01
2024040101041571,SMHL,77,65,350.0,449.0,157150.0,2024-04-01
2024040101041570,SMHL,77,58,50.0,448.9,22445.0,2024-04-01
2024040101041569,SMHL,77,58,40.0,448.7,17948.0,2024-04-01
2024040101041568,SMHL,77,58,30.0,448.6,13458.0,2024-04-01
2024040101041567,SMHL,77,58,20.0,448.5,8970.0,2024-04-01
2024040101041566,SMHL,77,58,10.0,448.4,4484.0,2024-04-01
2024040101041565,GCIL,25,84,295.0,512.9,151305.5,2024-04-01
2024040101041564,GCIL,25,59,80.0,512.9,41032.0,2024-04-01
2024040104008270,JOSHI,1,26,378.0,333.0,125874.0,2024-04-01
2024040104008269,JOSHI,34,26,50.0,333.0,16650.0,2024-04-01
2024040104008268,JOSHI,45,26,50.0,333.0,16650.0,2024-04-01
2024040104008267,JOSHI,52,26,300.0,333.0,99900.0,2024-04-01
2024040104008266,JOSHI,45,26,200.0,333.1,66620.0,2024-04-01
2024040104008265,JOSHI,29,26,22.0,333.2,7330.4,2024-04-01
2024040101041563,MCHL,13,26,50.0,364.0,18200.0,2024-04-01
2024040101041562,MCHL,1,26,200.0,364.0,72800.0,2024-04-01
2024040101041561,MCHL,19,26,104.0,364.1,37866.4,2024-04-01
2024040101041560,BHL,22,35,200.0,345.0,69000.0,2024-04-01
2024040101041559,BHL,32,35,50.0,345.0,17250.0,2024-04-01
2024040101041558,BHL,13,35,10.0,345.9,3459.0,2024-04-01
2024040101041557,PPL,62,6,275.0,510.1,140277.5,2024-04-01
2024040101041556,PPL,62,6,90.0,510.5,45945.0,2024-04-01
2024040101041555,PPL,58,6,10.0,510.6,5106.0,2024-04-01
2024040101041554,SNLI,8,14,10.0,594.3,5943.0,2024-04-01
2024040101041553,MEHL,47,47,100.0,329.5,32950.0,2024-04-01
2024040101041552,ILI,66,47,10.0,518.6,5186.0,2024-04-01
2024040101041551,MKHL,45,38,10.0,434.5,4345.0,2024-04-01
2024040101041550,MKHC,58,70,100.0,342.0,34200.0,2024-04-01
2024040101041549,SARBTM,16,58,50.0,939.1,46955.0,2024-04-01
2024040105004351,HIDCL,62,4,10.0,167.5,1675.0,2024-04-01
2024040104008264,HDHPC,62,44,75.0,134.9,10117.5,2024-04-01
2024040101041548,MAKAR,13,5,10.0,403.0,4030.0,2024-04-01
2024040104008263,CGH,45,58,12.0,810.0,9720.0,2024-04-01
2024040101041547,SHIVM,81,54,20.0,531.6,10632.0,2024-04-01
2024040103007329,PMLI,42,21,50.0,507.5,25375.0,2024-04-01
2024040101041546,SIKLES,42,35,10.0,505.0,5050.0,2024-04-01
2024040101041545,SIKLES,42,33,340.0,505.0,171700.0,2024-04-01
2024040103007328,MNBBL,4,14,20.0,341.0,6820.0,2024-04-01
2024040103007327,MNBBL,42,14,180.0,341.0,61380.0,2024-04-01
2024040103007326,MNBBL,36,14,50.0,341.1,17055.0,2024-04-01
2024040103007325,MNBBL,36,14,50.0,341.1,17055.0,2024-04-01
2024040103007324,MNBBL,6,14,80.0,341.1,27288.0,2024-04-01
2024040103007323,MNBBL,38,14,20.0,342.0,6840.0,2024-04-01
2024040101041544,TVCL,94,57,30.0,491.9,14757.0,2024-04-01
2024040101041543,TVCL,94,45,20.0,491.7,9834.0,2024-04-01
2024040101041542,TVCL,94,5,20.0,491.0,9820.0,2024-04-01
2024040101041541,TVCL,94,41,20.0,490.0,9800.0,2024-04-01
2024040101041540,TVCL,94,14,10.0,490.0,4900.0,2024-04-01
2024040101041539,BNT,7,58,10.0,13000.0,130000.0,2024-04-01
2024040101041538,SPHL,34,58,10.0,480.6,4806.0,2024-04-01
2024040101041537,MEHL,40,48,30.0,329.0,9870.0,2024-04-01
2024040101041536,CYCL,62,35,180.0,1320.0,237600.0,2024-04-01
2024040101041535,CYCL,62,1,10.0,1320.0,13200.0,2024-04-01
2024040101041534,CYCL,62,5,30.0,1319.9,39597.0,2024-04-01
2024040101041533,CYCL,62,77,80.0,1319.9,105592.0,2024-04-01
2024040101041532,CYCL,62,17,200.0,1319.0,263800.0,2024-04-01
2024040101041531,SARBTM,16,21,50.0,939.1,46955.0,2024-04-01
2024040101041530,MLBS,34,58,10.0,886.0,8860.0,2024-04-01
2024040103007322,KRBL,13,35,500.0,400.0,200000.0,2024-04-01
2024040104008262,RHPL,29,6,10.0,278.0,2780.0,2024-04-01
2024040101041529,EBL,1,45,50.0,497.0,24850.0,2024-04-01
2024040105004350,HRL,16,38,100.0,596.9,59690.0,2024-04-01
2024040101041528,PHCL,91,48,233.0,316.0,73628.0,2024-04-01
2024040101041527,PHCL,42,48,24.0,316.0,7584.0,2024-04-01
2024040101041526,PHCL,44,48,100.0,316.2,31620.0,2024-04-01
2024040101041525,PHCL,42,48,33.0,316.3,10437.9,2024-04-01
2024040101041524,PHCL,42,48,50.0,317.0,15850.0,2024-04-01
2024040101041523,PHCL,44,48,60.0,317.0,19020.0,2024-04-01
2024040101041522,PHCL,57,48,100.0,317.7,31770.0,2024-04-01
2024040103007321,GMFIL,59,37,1000.0,353.0,353000.0,2024-04-01
2024040103007320,GMFIL,57,37,200.0,353.0,70600.0,2024-04-01
2024040101041521,SARBTM,16,39,50.0,939.1,46955.0,2024-04-01
2024040101041520,SRLI,47,7,38.0,438.1,16647.8,2024-04-01
2024040101041519,SRLI,45,7,176.0,438.1,77105.6,2024-04-01
2024040101041518,SRLI,62,7,71.0,438.2,31112.2,2024-04-01
2024040103007319,GRDBL,44,35,530.0,370.0,196100.0,2024-04-01
2024040104008261,SGIC,41,42,135.0,535.0,72225.0,2024-04-01
2024040101041517,SONA,84,14,150.0,477.0,71550.0,2024-04-01
2024040103007318,CBBL,44,6,1260.0,829.9,1045674.0,2024-04-01
2024040101041516,TPC,47,43,100.0,508.1,50810.0,2024-04-01
2024040104008260,MEN,34,45,10.0,513.1,5131.0,2024-04-01
2024040103007317,NFS,45,34,454.0,375.1,170295.4,2024-04-01
2024040103007316,NFS,49,34,500.0,375.1,187550.0,2024-04-01
2024040103007315,NFS,57,34,400.0,375.4,150160.0,2024-04-01
2024040103007314,NFS,50,34,40.0,375.4,15016.0,2024-04-01
2024040103007313,NFS,67,34,500.0,375.5,187750.0,2024-04-01
2024040101041515,MHCL,34,57,13.0,422.2,5488.6,2024-04-01
2024040101041514,MHCL,58,57,100.0,422.3,42230.0,2024-04-01
2024040101041513,MHCL,59,57,20.0,423.0,8460.0,2024-04-01
2024040101041512,MHCL,44,57,902.0,423.0,381546.0,2024-04-01
2024040101041511,MHCL,58,57,265.0,423.1,112121.5,2024-04-01
2024040101041510,TAMOR,28,81,50.0,378.0,18900.0,2024-04-01
2024040104008259,SHPC,22,44,706.0,337.7,238416.2,2024-04-01
2024040104008258,JOSHI,29,22,18.0,333.2,5997.6,2024-04-01
2024040104008257,JOSHI,26,22,50.0,333.5,16675.0,2024-04-01
2024040101041509,SARBTM,16,42,50.0,939.1,46955.0,2024-04-01
2024040105004349,HRL,41,34,20.0,597.0,11940.0,2024-04-01
2024040103007312,WNLB,35,5,25.0,1177.0,29425.0,2024-04-01
2024040103007311,WNLB,35,44,88.0,1176.0,103488.0,2024-04-01
2024040103007310,WNLB,35,45,22.0,1175.0,25850.0,2024-04-01
2024040103007309,WNLB,35,32,65.0,1174.0,76310.0,2024-04-01
2024040101041508,RHGCL,65,53,180.0,330.0,59400.0,2024-04-01
2024040101041507,RHGCL,65,17,10.0,329.9,3299.0,2024-04-01
2024040101041506,RHGCL,65,29,10.0,329.9,3299.0,2024-04-01
2024040104008256,SHL,48,7,100.0,434.0,43400.0,2024-04-01
2024040103007308,GUFL,58,16,212.0,862.0,182744.0,2024-04-01
2024040101041505,SHIVM,69,8,10.0,532.0,5320.0,2024-04-01
2024040101041504,HBL,21,17,10.0,186.0,1860.0,2024-04-01
2024040101041503,SONA,22,13,300.0,476.1,142830.0,2024-04-01
2024040103007307,KSBBL,52,52,90.0,347.2,31248.0,2024-04-01
2024040103007306,KSBBL,54,52,10.0,348.0,3480.0,2024-04-01
2024040103007305,KSBBL,1,52,100.0,348.0,34800.0,2024-04-01
2024040101041502,CLI,26,34,440.0,450.0,198000.0,2024-04-01
2024040101041501,MBJC,52,49,10.0,313.0,3130.0,2024-04-01
2024040101041500,SARBTM,16,57,50.0,939.1,46955.0,2024-04-01
2024040101041499,HDL,46,13,10.0,1500.0,15000.0,2024-04-01
2024040101041498,MKHL,45,19,10.0,434.5,4345.0,2024-04-01
2024040104008255,IGI,60,62,39.0,534.9,20861.1,2024-04-01
2024040104008254,IGI,60,56,50.0,532.0,26600.0,2024-04-01
2024040104008253,IGI,60,38,111.0,529.0,58719.0,2024-04-01
2024040103007304,FMDBL,70,16,45.0,597.4,26883.0,2024-04-01
2024040103007303,FMDBL,35,16,12.0,597.5,7170.0,2024-04-01
2024040103007302,FMDBL,39,16,48.0,598.0,28704.0,2024-04-01
2024040103007301,FMDBL,45,16,10.0,598.0,5980.0,2024-04-01
2024040103007300,FMDBL,50,16,30.0,598.0,17940.0,2024-04-01
2024040103007299,FMDBL,10,16,30.0,598.0,17940.0,2024-04-01
2024040103007298,FMDBL,60,16,300.0,598.5,179550.0,2024-04-01
2024040103007297,FMDBL,10,16,30.0,598.6,17958.0,2024-04-01
2024040101041497,CLI,26,14,10.0,450.0,4500.0,2024-04-01
2024040104008252,AHPC,25,38,128.0,172.6,22092.8,2024-04-01
2024040104008251,AHPC,18,38,92.0,172.7,15888.4,2024-04-01
2024040104008250,CGH,26,58,20.0,810.0,16200.0,2024-04-01
2024040104008249,CGH,34,58,30.0,810.0,24300.0,2024-04-01
2024040104008248,CGH,29,58,50.0,810.0,40500.0,2024-04-01
2024040104008247,CGH,45,58,50.0,810.0,40500.0,2024-04-01
2024040101041496,SARBTM,16,58,10.0,939.1,9391.0,2024-04-01
2024040104008246,HDHPC,39,44,1000.0,134.9,134900.0,2024-04-01
2024040101041495,SHIVM,28,8,10.0,532.0,5320.0,2024-04-01
2024040101041494,SARBTM,16,22,50.0,939.1,46955.0,2024-04-01
2024040103007296,ALBSL,74,61,120.0,708.3,84996.0,2024-04-01
2024040101041493,RNLI,39,42,10.0,434.5,4345.0,2024-04-01
2024040103007295,GFCL,53,16,10.0,450.9,4509.0,2024-04-01
2024040104008245,UPPER,50,25,703.0,171.7,120705.1,2024-04-01
2024040104008244,UPPER,50,29,297.0,171.6,50965.2,2024-04-01
2024040101041492,SARBTM,16,58,30.0,939.1,28173.0,2024-04-01
2024040101041491,SONA,58,19,200.0,476.2,95240.0,2024-04-01
2024040105004348,SLCF,34,21,13510.0,7.86,106188.6,2024-04-01
2024040103007294,PMLI,7,45,239.0,507.0,121173.0,2024-04-01
2024040103007293,PMLI,34,45,60.0,507.0,30420.0,2024-04-01
2024040104008243,AKPL,49,51,15.0,175.0,2625.0,2024-04-01
2024040101041490,MEL,95,4,10.0,229.0,2290.0,2024-04-01
2024040101041489,MEL,95,60,500.0,229.0,114500.0,2024-04-01
2024040101041488,MEL,95,52,90.0,229.0,20610.0,2024-04-01
2024040101041487,MEL,95,56,10.0,228.9,2289.0,2024-04-01
2024040103007292,ICFC,38,1,180.0,492.5,88650.0,2024-04-01
2024040101041486,RNLI,39,48,10.0,434.5,4345.0,2024-04-01
2024040101041485,SHIVM,81,62,800.0,531.6,425280.0,2024-04-01
2024040101041484,SHIVM,56,62,200.0,531.7,106340.0,2024-04-01
2024040104008242,HURJA,58,58,10.0,307.0,3070.0,2024-04-01
2024040101041483,SMJC,58,21,10.0,380.0,3800.0,2024-04-01
2024040101041482,HDL,45,13,100.0,1500.0,150000.0,2024-04-01
2024040101041481,HDL,41,13,20.0,1500.0,30000.0,2024-04-01
2024040104008241,UPPER,34,22,673.0,171.5,115419.5,2024-04-01
2024040103007291,MLBBL,60,49,150.0,909.0,136350.0,2024-04-01
2024040101041480,IHL,3,57,100.0,390.2,39020.0,2024-04-01
2024040101041479,SARBTM,44,38,50.0,940.0,47000.0,2024-04-01
2024040104008240,HDHPC,45,3,600.0,134.4,80640.0,2024-04-01
2024040101041478,MKCL,41,4,10.0,955.0,9550.0,2024-04-01
2024040103007290,GLBSL,74,59,50.0,1485.0,74250.0,2024-04-01
2024040103007289,GLBSL,74,41,20.0,1485.0,29700.0,2024-04-01
2024040103007288,GLBSL,74,58,20.0,1485.0,29700.0,2024-04-01
2024040103007287,GLBSL,74,25,22.0,1485.0,32670.0,2024-04-01
2024040103007286,GLBSL,74,5,20.0,1485.0,29700.0,2024-04-01
2024040103007285,GLBSL,74,59,10.0,1485.0,14850.0,2024-04-01
2024040103007284,GUFL,58,16,500.0,862.0,431000.0,2024-04-01
2024040103007283,GUFL,57,16,10.0,862.0,8620.0,2024-04-01
2024040103007282,GUFL,42,16,48.0,862.0,41376.0,2024-04-01
2024040103007281,GUFL,16,16,30.0,862.0,25860.0,2024-04-01
2024040101041477,SGHC,49,29,70.0,327.0,22890.0,2024-04-01
2024040101041476,SGHC,45,29,490.0,327.0,160230.0,2024-04-01
2024040101041475,SGHC,21,29,10.0,327.4,3274.0,2024-04-01
2024040103007280,WNLB,35,32,200.0,1174.0,234800.0,2024-04-01
2024040101041474,RHGCL,39,53,162.0,329.0,53298.0,2024-04-01
2024040101041473,RHGCL,16,53,38.0,329.3,12513.4,2024-04-01
2024040101041472,USHEC,5,32,10.0,368.0,3680.0,2024-04-01
2024040103007279,USLB,75,25,10.0,1598.9,15989.0,2024-04-01
2024040103007278,USLB,75,1,10.0,1595.0,15950.0,2024-04-01
2024040101041471,MKHC,41,70,40.0,342.0,13680.0,2024-04-01
2024040101041470,SONA,45,19,500.0,476.2,238100.0,2024-04-01
2024040101041469,SONA,34,19,100.0,476.2,47620.0,2024-04-01
2024040101041468,SONA,34,19,200.0,476.3,95260.0,2024-04-01
2024040101041467,CLI,4,58,10.0,450.1,4501.0,2024-04-01
2024040101041466,CLI,4,49,10.0,450.1,4501.0,2024-04-01
2024040101041465,MEHL,32,47,270.0,329.5,88965.0,2024-04-01
2024040101041464,SMJC,58,84,483.0,380.0,183540.0,2024-04-01
2024040101041463,SMJC,1,84,24.0,380.0,9120.0,2024-04-01
2024040101041462,TVCL,94,14,20.0,490.0,9800.0,2024-04-01
2024040101041461,TVCL,94,32,30.0,489.0,14670.0,2024-04-01
2024040101041460,TVCL,94,39,20.0,486.5,9730.0,2024-04-01
2024040104008239,RIDI,47,86,10.0,178.8,1788.0,2024-04-01
2024040103007277,SJLIC,72,48,168.0,485.0,81480.0,2024-04-01
2024040103007276,SJLIC,72,22,15.0,485.0,7275.0,2024-04-01
2024040103007275,SJLIC,72,45,620.0,485.0,300700.0,2024-04-01
2024040103007274,SJLIC,72,29,200.0,484.0,96800.0,2024-04-01
2024040103007273,SJLIC,72,47,100.0,484.0,48400.0,2024-04-01
2024040103007272,SJLIC,72,50,150.0,482.0,72300.0,2024-04-01
2024040101041459,PRVU,48,58,100.0,139.8,13980.0,2024-04-01
2024040104008238,UPPER,36,36,200.0,171.4,34280.0,2024-04-01
2024040104008237,SSHL,17,62,500.0,162.0,81000.0,2024-04-01
2024040104008236,SSHL,17,45,1000.0,162.0,162000.0,2024-04-01
2024040104008235,SSHL,17,22,500.0,161.9,80950.0,2024-04-01
2024040103007271,BFC,32,32,100.0,333.2,33320.0,2024-04-01
2024040103007270,SWBBL,53,43,22.0,738.0,16236.0,2024-04-01
2024040101041458,RAWA,37,33,50.0,469.9,23495.0,2024-04-01
2024040105004347,NRIC,34,54,10.0,723.5,7235.0,2024-04-01
2024040104008234,UNHPL,88,49,1000.0,234.3,234300.0,2024-04-01
2024040101041457,PRVU,44,34,50.0,139.9,6995.0,2024-04-01
2024040101041456,SNLI,8,8,10.0,594.3,5943.0,2024-04-01
2024040101041455,GBIME,4,52,500.0,181.3,90650.0,2024-04-01
2024040104008233,NGPL,25,35,720.0,299.0,215280.0,2024-04-01
