transaction,symbol,buyer,seller,quantity,rate,amount,date
2025010201019064,ULBSL,62,42,10.0,4400.0,44000.0,2025-01-02
2025010201019063,ULBSL,62,36,18.0,4284.0,77112.0,2025-01-02
2025010201019062,ULBSL,62,49,10.0,4284.0,42840.0,2025-01-02
2025010201019061,ULBSL,62,14,20.0,4284.0,85680.0,2025-01-02
2025010201019060,ULBSL,62,22,20.0,4284.0,85680.0,2025-01-02
2025010201019059,ULBSL,62,88,16.0,4260.0,68160.0,2025-01-02
2025010201019058,ULBSL,62,42,100.0,4250.0,425000.0,2025-01-02
2025010203012291,JBBL,62,49,10.0,367.0,3670.0,2025-01-02
2025010201019057,BEDC,33,82,43.0,750.0,32250.0,2025-01-02
2025010201019056,BEDC,57,82,500.0,750.0,375000.0,2025-01-02
2025010201019055,BEDC,57,82,500.0,750.0,375000.0,2025-01-02
2025010201019054,BEDC,83,82,20.0,750.2,15004.0,2025-01-02
2025010201019053,BEDC,88,82,500.0,751.3,375650.0,2025-01-02
2025010203012290,SLBSL,62,58,11.0,2175.0,23925.0,2025-01-02
2025010201019052,BEDC,88,82,60.0,751.3,45078.0,2025-01-02
2025010201019051,BEDC,82,82,377.0,755.1,284672.7,2025-01-02
2025010201019050,BNT,22,35,10.0,13995.0,139950.0,2025-01-02
2025010201019049,MKJC,29,84,10.0,528.0,5280.0,2025-01-02
2025010201019048,BHPL,42,92,10.0,840.1,8401.0,2025-01-02
2025010205009692,ENL,34,48,20.0,1177.0,23540.0,2025-01-02
2025010205009691,ENL,22,48,10.0,1191.0,11910.0,2025-01-02
2025010205009690,SMJC,68,51,20.0,512.0,10240.0,2025-01-02
2025010205009689,PHCL,68,21,10.0,537.0,5370.0,2025-01-02
2025010204009400,SPDL,19,47,10.0,325.1,3251.0,2025-01-02
2025010203012289,NFS,72,57,400.0,1048.0,419200.0,2025-01-02
2025010201019047,MEHL,57,45,100.0,463.9,46390.0,2025-01-02
2025010203012288,NFS,72,6,50.0,1048.0,52400.0,2025-01-02
2025010201019046,MMKJL,4,57,131.0,680.0,89080.0,2025-01-02
2025010205009688,HDL,36,34,22.0,1361.0,29942.0,2025-01-02
2025010205009687,HDL,49,34,50.0,1361.0,68050.0,2025-01-02
2025010205009686,HDL,40,34,68.0,1361.0,92548.0,2025-01-02
2025010201019045,USHL,34,33,10.0,818.0,8180.0,2025-01-02
2025010203012287,JFL,62,34,50.0,747.8,37390.0,2025-01-02
2025010201019044,MKHC,41,58,10.0,503.0,5030.0,2025-01-02
2025010201019043,MKHC,41,49,10.0,503.0,5030.0,2025-01-02
2025010201019042,MKHC,41,34,400.0,503.0,201200.0,2025-01-02
2025010201019041,MKHC,41,38,10.0,502.2,5022.0,2025-01-02
2025010203012286,CORBL,17,41,20.0,1580.0,31600.0,2025-01-02
2025010203012285,SAPDBL,71,18,10.0,945.0,9450.0,2025-01-02
2025010203012284,SINDU,71,49,30.0,810.0,24300.0,2025-01-02
2025010204009399,AHPC,81,21,2000.0,244.4,488800.0,2025-01-02
2025010204009398,UMHL,1,55,10.0,322.0,3220.0,2025-01-02
2025010205009685,SMATA,35,58,10.0,814.0,8140.0,2025-01-02
2025010205009684,SMATA,35,38,10.0,813.9,8139.0,2025-01-02
2025010205009683,PHCL,77,21,570.0,537.0,306090.0,2025-01-02
2025010205009682,PHCL,77,45,100.0,537.0,53700.0,2025-01-02
2025010205009681,PHCL,77,45,10.0,536.0,5360.0,2025-01-02
2025010205009680,PHCL,77,45,10.0,536.0,5360.0,2025-01-02
2025010205009679,PHCL,77,65,20.0,536.0,10720.0,2025-01-02
2025010205009678,PHCL,77,35,290.0,536.0,155440.0,2025-01-02
2025010201019040,HIDCLP,17,25,10.0,162.8,1628.0,2025-01-02
2025010204009397,AKPL,17,39,100.0,229.9,22990.0,2025-01-02
2025010203012283,SFCL,97,45,65.0,595.1,38681.5,2025-01-02
2025010204009396,SHPC,45,50,33.0,448.0,14784.0,2025-01-02
2025010204009395,SHPC,45,47,325.0,447.9,145567.5,2025-01-02
2025010204009394,SHPC,45,1,174.0,447.5,77865.0,2025-01-02
2025010204009393,SHPC,45,38,100.0,447.0,44700.0,2025-01-02
2025010204009392,SHPC,45,36,35.0,447.0,15645.0,2025-01-02
2025010204009391,SHPC,45,54,33.0,447.0,14751.0,2025-01-02
2025010203012282,SLBSL,45,58,10.0,2175.0,21750.0,2025-01-02
2025010201019039,NWCL,45,11,20.0,935.0,18700.0,2025-01-02
2025010203012281,EDBL,38,36,115.0,580.1,66711.5,2025-01-02
2025010204009390,UMHL,21,55,60.0,322.0,19320.0,2025-01-02
2025010201019038,BEDC,82,21,99.0,755.1,74754.9,2025-01-02
2025010201019037,BEDC,74,21,10.0,756.0,7560.0,2025-01-02
2025010203012280,NICLBSL,63,25,10.0,655.9,6559.0,2025-01-02
2025010205009677,NTC,39,14,15.0,919.0,13785.0,2025-01-02
2025010204009389,SGIC,44,37,50.0,673.9,33695.0,2025-01-02
2025010203012279,MDB,32,48,10.0,634.0,6340.0,2025-01-02
2025010203012278,SINDU,43,49,10.0,810.0,8100.0,2025-01-02
2025010204009388,OHL,34,4,27.0,851.5,22990.5,2025-01-02
2025010204009387,OHL,57,4,50.0,853.0,42650.0,2025-01-02
2025010204009386,OHL,52,4,10.0,854.0,8540.0,2025-01-02
2025010204009385,OHL,49,4,200.0,855.0,171000.0,2025-01-02
2025010204009384,OHL,38,4,50.0,856.0,42800.0,2025-01-02
2025010204009383,OHL,56,4,10.0,859.0,8590.0,2025-01-02
2025010203012277,LBBL,22,14,20.0,480.0,9600.0,2025-01-02
2025010203012276,LBBL,32,14,20.0,480.3,9606.0,2025-01-02
2025010203012275,LBBL,10,14,2800.0,480.4,1345120.0,2025-01-02
2025010205009676,MEL,58,29,10.0,312.4,3124.0,2025-01-02
2025010201019036,ANLB,60,58,40.0,6570.0,262800.0,2025-01-02
2025010201019035,ANLB,60,21,11.0,5854.0,64394.0,2025-01-02
2025010201019034,ANLB,60,35,11.0,5854.0,64394.0,2025-01-02
2025010201019033,ANLB,60,36,11.0,5818.0,63998.0,2025-01-02
2025010201019032,ANLB,60,38,11.0,5745.0,63195.0,2025-01-02
2025010201019031,ANLB,60,39,40.0,5740.0,229600.0,2025-01-02
2025010201019030,ANLB,60,53,11.0,5654.0,62194.0,2025-01-02
2025010205009675,RNLI,58,42,10.0,500.8,5008.0,2025-01-02
2025010204009382,JOSHI,22,58,200.0,442.8,88560.0,2025-01-02
2025010204009381,AKPL,50,39,10.0,229.9,2299.0,2025-01-02
2025010201019029,SBL,50,56,120.0,297.0,35640.0,2025-01-02
2025010203012274,GBBL,50,41,10.0,394.6,3946.0,2025-01-02
2025010203012273,GRDBL,92,72,10.0,998.1,9981.0,2025-01-02
2025010203012272,GRDBL,60,72,150.0,1004.0,150600.0,2025-01-02
2025010201019028,MEHL,57,25,200.0,460.3,92060.0,2025-01-02
2025010204009380,AKJCL,49,25,200.0,194.4,38880.0,2025-01-02
2025010201019027,SMHL,65,35,10.0,1409.0,14090.0,2025-01-02
2025010201019026,SMHL,65,65,100.0,1400.0,140000.0,2025-01-02
2025010201019025,SMHL,65,39,10.0,1400.0,14000.0,2025-01-02
2025010201019024,SMHL,65,5,1000.0,1395.0,1395000.0,2025-01-02
2025010201019023,SMHL,65,58,10.0,1364.7,13647.0,2025-01-02
2025010201019022,SMHL,65,56,225.0,1364.7,307057.5,2025-01-02
2025010201019021,SMHL,65,66,50.0,1364.7,68235.0,2025-01-02
2025010201019020,SMHL,65,65,130.0,1364.7,177411.0,2025-01-02
2025010201019019,SMHL,65,37,200.0,1364.7,272940.0,2025-01-02
2025010201019018,SMHL,65,77,10.0,1364.7,13647.0,2025-01-02
2025010201019017,SMHL,65,34,100.0,1364.0,136400.0,2025-01-02
2025010201019016,SMHL,65,65,100.0,1364.0,136400.0,2025-01-02
2025010201019015,SMHL,65,45,60.0,1361.7,81702.0,2025-01-02
2025010201019014,SMHL,65,21,10.0,1361.7,13617.0,2025-01-02
2025010201019013,SMHL,65,56,300.0,1361.7,408510.0,2025-01-02
2025010201019012,SMHL,65,58,10.0,1361.7,13617.0,2025-01-02
2025010201019011,SMHL,65,67,500.0,1361.0,680500.0,2025-01-02
2025010201019010,SMHL,65,65,80.0,1360.0,108800.0,2025-01-02
2025010201019009,SMHL,65,42,30.0,1355.5,40665.0,2025-01-02
2025010201019008,SMHL,65,32,100.0,1355.5,135550.0,2025-01-02
2025010201019007,SMHL,65,65,100.0,1355.5,135550.0,2025-01-02
2025010201019006,SMHL,65,49,500.0,1355.0,677500.0,2025-01-02
2025010201019005,SMHL,65,41,397.0,1355.0,537935.0,2025-01-02
2025010201019004,SMHL,65,57,100.0,1355.0,135500.0,2025-01-02
2025010201019003,SMHL,65,35,10.0,1355.0,13550.0,2025-01-02
2025010201019002,SMHL,65,45,10.0,1354.5,13545.0,2025-01-02
2025010201019001,SMHL,65,63,10.0,1354.5,13545.0,2025-01-02
2025010201019000,SMHL,65,45,10.0,1354.4,13544.0,2025-01-02
2025010201018999,SMHL,65,14,10.0,1354.4,13544.0,2025-01-02
2025010201018998,SMHL,65,63,10.0,1354.3,13543.0,2025-01-02
2025010201018997,SMHL,65,65,100.0,1354.3,135430.0,2025-01-02
2025010201018996,SMHL,65,57,100.0,1354.0,135400.0,2025-01-02
2025010201018995,SMHL,65,57,100.0,1354.0,135400.0,2025-01-02
2025010201018994,SMHL,65,21,10.0,1354.0,13540.0,2025-01-02
2025010201018993,SMHL,65,58,10.0,1354.0,13540.0,2025-01-02
2025010201018992,SMHL,65,48,800.0,1354.0,1083200.0,2025-01-02
2025010201018991,SMHL,65,58,10.0,1353.5,13535.0,2025-01-02
2025010201018990,SMHL,65,51,133.0,1353.5,180015.5,2025-01-02
2025010201018989,SMHL,65,64,330.0,1353.5,446655.0,2025-01-02
2025010201018988,SMHL,65,49,10.0,1353.0,13530.0,2025-01-02
2025010201018987,SMHL,65,14,10.0,1352.0,13520.0,2025-01-02
2025010201018986,SMHL,65,34,100.0,1352.0,135200.0,2025-01-02
2025010201018985,SMHL,65,67,300.0,1351.8,405540.0,2025-01-02
2025010201018984,SMHL,65,57,10.0,1351.0,13510.0,2025-01-02
2025010201018983,SMHL,65,77,100.0,1351.0,135100.0,2025-01-02
2025010201018982,SMHL,65,39,55.0,1351.0,74305.0,2025-01-02
2025010201018981,SMHL,65,49,10.0,1351.0,13510.0,2025-01-02
2025010201018980,SMHL,65,39,10.0,1350.0,13500.0,2025-01-02
2025010201018979,SMHL,65,32,10.0,1350.0,13500.0,2025-01-02
2025010201018978,SMHL,65,57,10.0,1350.0,13500.0,2025-01-02
2025010201018977,SMHL,65,20,300.0,1350.0,405000.0,2025-01-02
2025010201018976,SMHL,65,58,400.0,1350.0,540000.0,2025-01-02
2025010201018975,SMHL,65,48,10.0,1350.0,13500.0,2025-01-02
2025010201018974,SMHL,65,57,10.0,1350.0,13500.0,2025-01-02
2025010201018973,SMHL,65,57,50.0,1350.0,67500.0,2025-01-02
2025010201018972,SMHL,65,58,40.0,1350.0,54000.0,2025-01-02
2025010201018971,SMHL,65,6,30.0,1350.0,40500.0,2025-01-02
2025010201018970,SMHL,65,39,10.0,1350.0,13500.0,2025-01-02
2025010201018969,SMHL,65,14,15.0,1350.0,20250.0,2025-01-02
2025010201018968,BHPL,62,45,10.0,850.0,8500.0,2025-01-02
2025010201018967,MLBS,57,29,10.0,2000.0,20000.0,2025-01-02
2025010203012271,SLBSL,62,62,173.0,2175.8,376413.4,2025-01-02
2025010201018966,AVYAN,62,66,10.0,1017.0,10170.0,2025-01-02
2025010201018965,CZBIL,48,41,75.0,220.0,16500.0,2025-01-02
2025010201018964,CZBIL,48,52,25.0,219.9,5497.5,2025-01-02
2025010205009674,NTC,11,14,20.0,919.0,18380.0,2025-01-02
2025010201018963,HBL,56,45,130.0,242.0,31460.0,2025-01-02
2025010201018962,HBL,56,22,20.0,242.0,4840.0,2025-01-02
2025010201018961,HBL,56,10,500.0,240.0,120000.0,2025-01-02
2025010201018960,HBL,56,13,1000.0,240.0,240000.0,2025-01-02
2025010201018959,HBL,56,49,19.0,240.0,4560.0,2025-01-02
2025010201018958,HBL,56,34,200.0,240.0,48000.0,2025-01-02
2025010201018957,HBL,56,34,105.0,240.0,25200.0,2025-01-02
2025010201018956,HBL,56,57,136.0,239.9,32626.4,2025-01-02
2025010201018955,HBL,56,38,100.0,239.8,23980.0,2025-01-02
2025010201018954,HBL,56,43,300.0,239.0,71700.0,2025-01-02
2025010201018953,HBL,56,62,90.0,239.0,21510.0,2025-01-02
2025010201018952,SPC,68,84,10.0,495.0,4950.0,2025-01-02
2025010203012270,KMCDB,47,5,55.0,1100.0,60500.0,2025-01-02
2025010203012269,KMCDB,47,45,21.0,1100.0,23100.0,2025-01-02
2025010203012268,KMCDB,47,22,10.0,1099.0,10990.0,2025-01-02
2025010203012267,KMCDB,47,45,14.0,1099.0,15386.0,2025-01-02
2025010201018951,DLBS,22,47,10.0,1632.2,16322.0,2025-01-02
2025010201018950,RHGCL,28,50,20.0,554.9,11098.0,2025-01-02
2025010205009673,VLUCL,57,46,10.0,664.8,6648.0,2025-01-02
2025010203012266,JFL,45,57,100.0,748.0,74800.0,2025-01-02
2025010203012265,JFL,35,57,100.0,748.0,74800.0,2025-01-02
2025010203012264,JFL,60,57,117.0,748.0,87516.0,2025-01-02
2025010205009672,STC,53,13,10.0,5680.0,56800.0,2025-01-02
2025010203012263,GILB,13,26,50.0,1155.0,57750.0,2025-01-02
2025010203012262,GILB,68,26,10.0,1155.0,11550.0,2025-01-02
2025010203012261,GILB,42,26,20.0,1155.1,23102.0,2025-01-02
2025010203012260,GILB,56,26,18.0,1155.1,20791.8,2025-01-02
2025010201018949,ADBL,36,14,30.0,306.0,9180.0,2025-01-02
2025010201018948,ADBL,36,28,100.0,306.0,30600.0,2025-01-02
2025010201018947,ADBL,36,41,13.0,306.0,3978.0,2025-01-02
2025010203012259,SINDU,34,62,10.0,809.9,8099.0,2025-01-02
2025010205009671,NIFRA,42,41,12.0,247.0,2964.0,2025-01-02
2025010204009379,SPDL,19,41,10.0,325.1,3251.0,2025-01-02
2025010203012258,SAPDBL,71,18,10.0,945.0,9450.0,2025-01-02
2025010203012257,JBBL,71,8,10.0,366.0,3660.0,2025-01-02
2025010204009378,JOSHI,22,52,779.0,442.8,344941.2,2025-01-02
2025010203012256,NFS,72,10,10.0,1048.0,10480.0,2025-01-02
2025010203012255,GILB,1,16,10.0,1169.0,11690.0,2025-01-02
2025010203012254,GILB,35,16,10.0,1169.0,11690.0,2025-01-02
2025010204009377,KPCL,35,53,20.0,539.0,10780.0,2025-01-02
2025010203012253,SLBSL,66,62,350.0,2175.8,761530.0,2025-01-02
2025010203012252,NABBC,17,17,60.0,1040.0,62400.0,2025-01-02
2025010203012251,JFL,17,47,17.0,750.0,12750.0,2025-01-02
2025010203012250,JFL,17,49,50.0,750.0,37500.0,2025-01-02
2025010203012249,JFL,17,47,13.0,750.0,9750.0,2025-01-02
2025010203012248,JFL,17,95,20.0,749.7,14994.0,2025-01-02
2025010201018946,SGHC,45,45,10.0,466.0,4660.0,2025-01-02
2025010203012247,ALBSL,11,45,209.0,791.3,165381.7,2025-01-02
2025010203012246,ALBSL,54,45,20.0,791.3,15826.0,2025-01-02
2025010203012245,ALBSL,57,45,20.0,791.5,15830.0,2025-01-02
2025010203012244,ALBSL,20,45,20.0,792.0,15840.0,2025-01-02
2025010203012243,ALBSL,13,45,50.0,792.0,39600.0,2025-01-02
2025010203012242,ALBSL,42,45,10.0,792.0,7920.0,2025-01-02
2025010203012241,ALBSL,56,45,11.0,794.0,8734.0,2025-01-02
2025010203012240,ALBSL,26,45,17.0,794.0,13498.0,2025-01-02
2025010201018945,SGHC,45,45,20.0,466.0,9320.0,2025-01-02
2025010203012239,NABBC,69,17,80.0,1040.0,83200.0,2025-01-02
2025010203012238,JBBL,96,69,10.0,365.9,3659.0,2025-01-02
2025010205009670,VLUCL,7,49,10.0,664.0,6640.0,2025-01-02
2025010205009669,VLUCL,7,59,70.0,664.0,46480.0,2025-01-02
2025010201018944,MKCL,42,55,190.0,1460.0,277400.0,2025-01-02
2025010203012237,CORBL,98,96,92.0,1593.9,146638.8,2025-01-02
2025010203012236,CORBL,98,69,90.0,1593.9,143451.0,2025-01-02
2025010203012235,CORBL,98,39,18.0,1593.0,28674.0,2025-01-02
2025010203012234,SAPDBL,62,98,100.0,937.0,93700.0,2025-01-02
2025010203012233,SAPDBL,49,98,100.0,937.0,93700.0,2025-01-02
2025010204009376,BPCL,42,28,55.0,402.5,22137.5,2025-01-02
2025010204009375,BPCL,42,41,431.0,402.0,173262.0,2025-01-02
2025010204009374,BPCL,42,49,50.0,402.0,20100.0,2025-01-02
2025010204009373,BPCL,42,99,100.0,402.0,40200.0,2025-01-02
2025010204009372,BPCL,42,56,50.0,402.0,20100.0,2025-01-02
2025010204009371,BPCL,42,37,300.0,401.3,120390.0,2025-01-02
2025010204009370,BPCL,42,8,1000.0,401.0,401000.0,2025-01-02
2025010204009369,BPCL,42,42,500.0,400.0,200000.0,2025-01-02
2025010204009368,BPCL,42,11,100.0,400.0,40000.0,2025-01-02
2025010204009367,BPCL,42,53,30.0,400.0,12000.0,2025-01-02
2025010204009366,BPCL,42,57,100.0,398.8,39880.0,2025-01-02
2025010204009365,BPCL,42,45,116.0,397.0,46052.0,2025-01-02
2025010204009364,BPCL,42,28,200.0,397.0,79400.0,2025-01-02
2025010204009363,BPCL,42,56,50.0,396.0,19800.0,2025-01-02
2025010204009362,BPCL,42,17,100.0,396.0,39600.0,2025-01-02
2025010204009361,BPCL,42,46,525.0,395.7,207742.5,2025-01-02
2025010204009360,BPCL,42,47,400.0,395.7,158280.0,2025-01-02
2025010204009359,BPCL,42,13,100.0,395.6,39560.0,2025-01-02
2025010204009358,BPCL,42,58,40.0,395.6,15824.0,2025-01-02
2025010204009357,BPCL,42,26,100.0,395.0,39500.0,2025-01-02
2025010204009356,BPCL,42,52,500.0,395.0,197500.0,2025-01-02
2025010204009355,BPCL,42,58,50.0,395.0,19750.0,2025-01-02
2025010204009354,BPCL,42,41,103.0,395.0,40685.0,2025-01-02
2025010201018943,RHGCL,1,42,10.0,553.0,5530.0,2025-01-02
2025010203012232,SLBSL,84,62,10.0,2175.8,21758.0,2025-01-02
2025010201018942,RFPL,62,16,100.0,1170.0,117000.0,2025-01-02
2025010204009353,SHEL,51,37,210.0,236.0,49560.0,2025-01-02
2025010204009352,SJCL,43,58,10.0,344.0,3440.0,2025-01-02
2025010203012231,GMFIL,77,37,150.0,522.0,78300.0,2025-01-02
2025010203012230,WNLB,91,42,10.0,2574.1,25741.0,2025-01-02
2025010203012229,WNLB,91,57,10.0,2550.0,25500.0,2025-01-02
2025010203012228,WNLB,91,57,10.0,2550.0,25500.0,2025-01-02
2025010201018941,NICA,64,16,12.0,386.9,4642.8,2025-01-02
2025010201018940,NICA,64,35,64.0,386.5,24736.0,2025-01-02
2025010201018939,NICA,64,33,16.0,386.5,6184.0,2025-01-02
2025010201018938,NICA,64,57,100.0,386.0,38600.0,2025-01-02
2025010201018937,NICA,64,16,50.0,386.0,19300.0,2025-01-02
2025010201018936,NICA,64,94,58.0,386.0,22388.0,2025-01-02
2025010203012227,GBBL,50,41,10.0,394.6,3946.0,2025-01-02
2025010204009351,RADHI,49,17,10.0,337.9,3379.0,2025-01-02
2025010203012226,SLBSL,72,62,467.0,2175.8,1016098.6,2025-01-02
2025010203012225,SLBSL,72,45,50.0,1954.3,97715.0,2025-01-02
2025010203012224,SLBSL,72,45,200.0,1954.3,390860.0,2025-01-02
2025010203012223,SLBSL,72,38,14.0,1954.3,27360.2,2025-01-02
2025010203012222,SLBSL,72,38,50.0,1954.1,97705.0,2025-01-02
2025010203012221,SLBSL,72,62,150.0,1954.0,293100.0,2025-01-02
2025010203012220,SLBSL,72,4,10.0,1954.0,19540.0,2025-01-02
2025010203012219,SLBSL,72,62,100.0,1954.0,195400.0,2025-01-02
2025010203012218,SLBSL,72,8,18.0,1954.0,35172.0,2025-01-02
2025010203012217,SLBSL,72,46,100.0,1954.0,195400.0,2025-01-02
2025010203012216,SLBSL,72,95,400.0,1954.0,781600.0,2025-01-02
2025010203012215,SLBSL,72,66,135.0,1954.0,263790.0,2025-01-02
2025010203012214,SLBSL,72,76,50.0,1954.0,97700.0,2025-01-02
2025010203012213,SLBSL,72,50,50.0,1954.0,97700.0,2025-01-02
2025010203012212,SLBSL,72,38,50.0,1954.0,97700.0,2025-01-02
2025010203012211,SLBSL,72,34,13.0,1953.1,25390.3,2025-01-02
2025010203012210,SLBSL,72,71,186.0,1952.0,363072.0,2025-01-02
2025010203012209,SLBSL,72,57,10.0,1943.1,19431.0,2025-01-02
2025010203012208,SLBSL,72,66,10.0,1943.1,19431.0,2025-01-02
2025010203012207,SLBSL,72,4,10.0,1943.0,19430.0,2025-01-02
2025010203012206,SLBSL,72,62,100.0,1943.0,194300.0,2025-01-02
2025010203012205,SLBSL,72,64,90.0,1943.0,174870.0,2025-01-02
2025010203012204,SLBSL,72,62,100.0,1943.0,194300.0,2025-01-02
2025010203012203,SLBSL,72,58,40.0,1943.0,77720.0,2025-01-02
2025010203012202,SLBSL,72,62,100.0,1943.0,194300.0,2025-01-02
2025010203012201,SLBSL,72,42,162.0,1943.0,314766.0,2025-01-02
2025010203012200,SLBSL,72,74,10.0,1943.0,19430.0,2025-01-02
2025010203012199,SLBSL,72,32,14.0,1940.0,27160.0,2025-01-02
2025010203012198,SLBSL,72,25,50.0,1933.0,96650.0,2025-01-02
2025010203012197,SLBSL,72,62,100.0,1933.0,193300.0,2025-01-02
2025010203012196,SLBSL,72,58,14.0,1933.0,27062.0,2025-01-02
2025010203012195,SLBSL,72,95,100.0,1933.0,193300.0,2025-01-02
2025010203012194,SLBSL,72,41,25.0,1925.0,48125.0,2025-01-02
2025010203012193,SLBSL,72,47,22.0,1920.0,42240.0,2025-01-02
2025010201018935,SPC,58,84,10.0,495.0,4950.0,2025-01-02
2025010204009350,SJCL,58,58,100.0,344.0,34400.0,2025-01-02
2025010205009668,VLUCL,65,59,10.0,664.0,6640.0,2025-01-02
2025010205009667,MEL,55,29,354.0,312.4,110589.6,2025-01-02
2025010205009666,MEL,55,29,1406.0,312.3,439093.8,2025-01-02
2025010205009665,MEL,55,34,10.0,312.0,3120.0,2025-01-02
2025010205009664,MEL,55,16,990.0,311.0,307890.0,2025-01-02
2025010205009663,MEL,55,16,920.0,310.9,286028.0,2025-01-02
2025010205009662,MEL,55,72,310.0,310.7,96317.0,2025-01-02
2025010205009661,MEL,55,25,10.0,310.6,3106.0,2025-01-02
2025010204009349,PPCL,38,8,10.0,273.0,2730.0,2025-01-02
2025010204009348,JOSHI,22,39,104.0,442.0,45968.0,2025-01-02
2025010204009347,JOSHI,22,95,250.0,442.0,110500.0,2025-01-02
2025010204009346,JOSHI,22,58,271.0,442.0,119782.0,2025-01-02
2025010204009345,JOSHI,22,45,130.0,442.0,57460.0,2025-01-02
2025010204009344,JOSHI,22,43,500.0,442.0,221000.0,2025-01-02
2025010204009343,JOSHI,22,29,400.0,440.0,176000.0,2025-01-02
2025010204009342,JOSHI,22,59,100.0,440.0,44000.0,2025-01-02
2025010204009341,JOSHI,22,39,70.0,440.0,30800.0,2025-01-02
2025010204009340,SGIC,44,38,10.0,673.9,6739.0,2025-01-02
2025010201018934,CYCL,62,6,10.0,1581.5,15815.0,2025-01-02
2025010203012192,HLBSL,62,26,10.0,931.0,9310.0,2025-01-02
2025010201018933,AVYAN,62,66,10.0,1017.0,10170.0,2025-01-02
2025010203012191,JFL,60,48,83.0,748.0,62084.0,2025-01-02
2025010203012190,JFL,44,48,15.0,748.0,11220.0,2025-01-02
2025010203012189,JFL,11,48,50.0,748.0,37400.0,2025-01-02
2025010203012188,JFL,43,48,10.0,748.0,7480.0,2025-01-02
2025010203012187,SIFC,48,32,187.0,565.0,105655.0,2025-01-02
2025010204009339,UMRH,96,35,418.0,616.0,257488.0,2025-01-02
2025010204009338,UMRH,96,48,200.0,616.0,123200.0,2025-01-02
2025010204009337,UMRH,96,14,10.0,616.0,6160.0,2025-01-02
2025010204009336,UMRH,96,34,71.0,616.0,43736.0,2025-01-02
2025010204009335,UMRH,96,65,500.0,615.9,307950.0,2025-01-02
2025010204009334,UMRH,96,34,500.0,615.0,307500.0,2025-01-02
2025010204009333,UMRH,96,57,301.0,614.0,184814.0,2025-01-02
2025010203012186,NABBC,28,17,40.0,1040.0,41600.0,2025-01-02
2025010203012185,NABBC,28,71,100.0,1038.0,103800.0,2025-01-02
2025010203012184,NABBC,28,35,50.0,1038.0,51900.0,2025-01-02
2025010203012183,NABBC,28,58,210.0,1037.0,217770.0,2025-01-02
2025010203012182,SMB,59,28,10.0,2760.0,27600.0,2025-01-02
2025010203012181,LICN,51,59,35.0,1122.0,39270.0,2025-01-02
2025010203012180,LICN,35,59,15.0,1122.0,16830.0,2025-01-02
2025010203012179,LICN,58,59,10.0,1122.0,11220.0,2025-01-02
2025010205009660,HDL,40,53,32.0,1361.0,43552.0,2025-01-02
2025010205009659,HDL,18,53,52.0,1361.0,70772.0,2025-01-02
2025010205009658,HDL,34,53,25.0,1361.1,34027.5,2025-01-02
2025010203012178,LBBL,41,21,483.0,481.0,232323.0,2025-01-02
2025010203012177,LBBL,41,34,17.0,481.0,8177.0,2025-01-02
2025010203012176,NADEP,34,5,80.0,940.0,75200.0,2025-01-02
2025010203012175,NADEP,34,5,120.0,939.0,112680.0,2025-01-02
2025010204009332,TRH,71,51,10.0,1079.0,10790.0,2025-01-02
2025010201018932,TVCL,70,3,20.0,648.7,12974.0,2025-01-02
2025010203012174,NFS,72,3,4000.0,1048.0,4192000.0,2025-01-02
2025010203012173,SINDU,34,62,10.0,809.9,8099.0,2025-01-02
2025010201018931,USHL,88,33,10.0,818.0,8180.0,2025-01-02
2025010201018930,PRVU,19,19,726.0,226.0,164076.0,2025-01-02
2025010201018929,PRVU,19,50,1000.0,226.0,226000.0,2025-01-02
2025010201018928,PRVU,19,14,274.0,226.0,61924.0,2025-01-02
2025010203012172,HLBSL,1,26,20.0,931.0,18620.0,2025-01-02
2025010204009331,NIL,52,35,65.0,917.0,59605.0,2025-01-02
2025010204009330,NIL,13,35,50.0,917.0,45850.0,2025-01-02
2025010204009329,NLG,55,35,475.0,981.0,465975.0,2025-01-02
2025010205009657,CLI,35,42,10.0,680.5,6805.0,2025-01-02
2025010203012171,SWMF,25,17,75.0,757.3,56797.5,2025-01-02
2025010203012170,SWMF,45,17,100.0,758.0,75800.0,2025-01-02
2025010205009656,HDL,34,17,75.0,1361.1,102082.5,2025-01-02
2025010205009655,HDL,46,17,15.0,1361.5,20422.5,2025-01-02
2025010205009654,HDL,34,17,10.0,1361.6,13616.0,2025-01-02
2025010203012169,NABBC,69,58,40.0,1037.0,41480.0,2025-01-02
2025010203012168,NABBC,69,21,20.0,1035.0,20700.0,2025-01-02
2025010203012167,NABBC,69,71,190.0,1035.0,196650.0,2025-01-02
2025010201018927,SPL,7,88,10.0,960.0,9600.0,2025-01-02
2025010205009653,HDL,42,42,15.0,1362.0,20430.0,2025-01-02
2025010204009328,SSHL,34,43,15.0,220.4,3306.0,2025-01-02
2025010201018926,USHL,80,33,50.0,818.0,40900.0,2025-01-02
2025010201018925,HIDCLP,42,60,200.0,162.1,32420.0,2025-01-02
2025010205009652,VLUCL,50,59,10.0,664.0,6640.0,2025-01-02
2025010201018924,MBL,49,49,115.0,230.0,26450.0,2025-01-02
2025010201018923,MBL,57,49,100.0,230.0,23000.0,2025-01-02
2025010201018922,MBL,50,49,50.0,230.1,11505.0,2025-01-02
2025010201018921,MBL,8,49,38.0,230.1,8743.8,2025-01-02
2025010201018920,MBL,58,49,10.0,230.2,2302.0,2025-01-02
2025010201018919,MBL,62,49,187.0,230.2,43047.4,2025-01-02
2025010201018918,RHGCL,90,50,10.0,554.9,5549.0,2025-01-02
2025010201018917,USHL,58,33,50.0,818.0,40900.0,2025-01-02
2025010203012166,PFL,14,58,372.0,522.0,194184.0,2025-01-02
2025010203012165,PFL,65,58,50.0,522.0,26100.0,2025-01-02
2025010203012164,PFL,52,58,468.0,522.0,244296.0,2025-01-02
2025010203012163,PFL,49,58,30.0,523.5,15705.0,2025-01-02
2025010201018916,RHGCL,5,50,10.0,554.9,5549.0,2025-01-02
2025010204009327,NLG,55,5,20.0,981.0,19620.0,2025-01-02
2025010201018915,MHCL,55,48,327.0,534.0,174618.0,2025-01-02
2025010201018914,MHCL,55,65,218.0,534.0,116412.0,2025-01-02
2025010201018913,MHCL,55,22,10.0,533.0,5330.0,2025-01-02
2025010201018912,MHCL,55,32,10.0,533.0,5330.0,2025-01-02
2025010201018911,MHCL,55,82,100.0,533.0,53300.0,2025-01-02
2025010201018910,MHCL,55,47,75.0,532.9,39967.5,2025-01-02
2025010201018909,MHCL,55,58,60.0,532.0,31920.0,2025-01-02
2025010201018908,MCHL,55,4,12.0,613.0,7356.0,2025-01-02
2025010201018907,MCHL,55,49,88.0,608.0,53504.0,2025-01-02
2025010203012162,FOWAD,38,45,10.0,1247.0,12470.0,2025-01-02
2025010201018906,ADBL,56,38,500.0,305.2,152600.0,2025-01-02
2025010201018905,MKHC,45,38,282.0,501.1,141310.2,2025-01-02
2025010205009651,NTC,36,52,10.0,918.9,9189.0,2025-01-02
2025010201018904,SPC,48,84,10.0,495.0,4950.0,2025-01-02
2025010201018903,CYCL,21,48,40.0,1556.0,62240.0,2025-01-02
2025010201018902,CYCL,6,48,10.0,1557.0,15570.0,2025-01-02
2025010201018901,HEIP,62,43,10.0,469.9,4699.0,2025-01-02
2025010204009326,MEN,56,58,10.0,589.7,5897.0,2025-01-02
2025010204009325,MEN,56,35,70.0,586.4,41048.0,2025-01-02
2025010201018900,PRVU,17,56,20.0,225.2,4504.0,2025-01-02
2025010204009324,KKHC,96,71,35.0,379.0,13265.0,2025-01-02
2025010204009323,KKHC,96,58,10.0,378.0,3780.0,2025-01-02
2025010204009322,KKHC,96,69,100.0,377.8,37780.0,2025-01-02
2025010204009321,KKHC,96,72,440.0,377.7,166188.0,2025-01-02
2025010204009320,KKHC,96,35,129.0,377.0,48633.0,2025-01-02
2025010204009319,KKHC,96,33,500.0,376.0,188000.0,2025-01-02
2025010204009318,KKHC,96,51,100.0,374.1,37410.0,2025-01-02
2025010204009317,KKHC,96,77,10.0,374.0,3740.0,2025-01-02
2025010204009316,KKHC,96,8,136.0,373.0,50728.0,2025-01-02
2025010204009315,KKHC,96,8,840.0,372.0,312480.0,2025-01-02
2025010204009314,NGPL,6,58,25.0,253.0,6325.0,2025-01-02
2025010205009650,HRL,66,6,50.0,791.0,39550.0,2025-01-02
2025010204009313,JOSHI,72,57,500.0,439.0,219500.0,2025-01-02
2025010201018899,JBLB,54,53,13.0,1365.0,17745.0,2025-01-02
2025010205009649,HATHY,71,45,10.0,1319.0,13190.0,2025-01-02
2025010203012161,SJLIC,71,34,10.0,445.0,4450.0,2025-01-02
2025010204009312,SPDL,33,63,50.0,330.0,16500.0,2025-01-02
2025010203012160,SHINE,11,34,250.0,412.5,103125.0,2025-01-02
2025010203012159,SHINE,54,34,300.0,413.1,123930.0,2025-01-02
2025010205009648,NRM,34,29,10.0,424.9,4249.0,2025-01-02
2025010203012158,NUBL,34,57,10.0,683.9,6839.0,2025-01-02
2025010203012157,JBBL,34,8,340.0,366.0,124440.0,2025-01-02
2025010203012156,RLFL,52,16,12.0,545.1,6541.2,2025-01-02
2025010201018898,USHEC,86,34,10.0,607.0,6070.0,2025-01-02
2025010205009647,HRL,66,45,40.0,791.0,31640.0,2025-01-02
2025010204009311,UMRH,69,57,10.0,614.0,6140.0,2025-01-02
2025010203012155,GFCL,63,53,50.0,798.9,39945.0,2025-01-02
2025010204009310,HPPL,21,38,10.0,401.9,4019.0,2025-01-02
2025010204009309,UPPER,21,38,100.0,202.6,20260.0,2025-01-02
2025010203012154,SAPDBL,45,18,50.0,945.0,47250.0,2025-01-02
2025010201018897,KBL,29,7,21.0,212.6,4464.6,2025-01-02
2025010201018896,KBL,41,7,30.0,212.6,6378.0,2025-01-02
2025010201018895,KBL,1,7,190.0,212.6,40394.0,2025-01-02
2025010201018894,KBL,59,7,500.0,212.7,106350.0,2025-01-02
2025010201018893,KBL,58,7,60.0,212.9,12774.0,2025-01-02
2025010203012153,PFL,39,59,10.0,525.0,5250.0,2025-01-02
2025010203012152,LBBL,32,34,10.0,481.0,4810.0,2025-01-02
2025010201018892,PPL,32,6,10.0,533.0,5330.0,2025-01-02
2025010201018891,PPL,32,6,100.0,532.0,53200.0,2025-01-02
2025010201018890,PPL,32,41,50.0,532.0,26600.0,2025-01-02
2025010201018889,MSHL,64,64,20.0,937.1,18742.0,2025-01-02
2025010203012151,SAPDBL,60,18,20.0,945.0,18900.0,2025-01-02
2025010201018888,NIMB,6,90,200.0,217.0,43400.0,2025-01-02
2025010204009308,KKHC,58,8,80.0,372.0,29760.0,2025-01-02
2025010205009646,HATHY,91,25,32.0,1316.0,42112.0,2025-01-02
2025010203012150,GFCL,25,55,185.0,796.0,147260.0,2025-01-02
2025010203012149,GFCL,95,55,15.0,797.0,11955.0,2025-01-02
2025010203012148,SMFBS,38,17,10.0,1957.9,19579.0,2025-01-02
2025010201018887,AVYAN,62,66,10.0,1017.0,10170.0,2025-01-02
2025010201018886,AVYAN,62,19,10.0,1015.0,10150.0,2025-01-02
2025010201018885,AVYAN,62,45,10.0,1014.0,10140.0,2025-01-02
2025010205009645,HDL,48,42,26.0,1362.0,35412.0,2025-01-02
2025010205009644,HDL,48,49,30.0,1362.0,40860.0,2025-01-02
2025010205009643,HDL,48,50,144.0,1362.0,196128.0,2025-01-02
2025010201018884,SIKLES,68,57,50.0,824.9,41245.0,2025-01-02
2025010201018883,USHL,57,57,15.0,819.0,12285.0,2025-01-02
2025010201018882,USHL,57,17,35.0,817.9,28626.5,2025-01-02
2025010204009307,UAIL,17,57,18.0,648.0,11664.0,2025-01-02
2025010205009642,HDL,57,50,10.0,1362.0,13620.0,2025-01-02
2025010201018881,USHL,57,17,20.0,817.9,16358.0,2025-01-02
2025010201018880,SGHC,13,45,100.0,466.0,46600.0,2025-01-02
2025010203012147,HLBSL,58,26,40.0,931.0,37240.0,2025-01-02
2025010203012146,HLBSL,42,26,95.0,932.0,88540.0,2025-01-02
2025010201018879,MLBS,57,53,19.0,2000.0,38000.0,2025-01-02
2025010201018878,MLBS,25,53,20.0,2000.0,40000.0,2025-01-02
2025010201018877,MLBS,58,53,41.0,2000.0,82000.0,2025-01-02
2025010201018876,MLBS,61,53,200.0,2000.1,400020.0,2025-01-02
2025010201018875,MLBS,48,53,10.0,2000.2,20002.0,2025-01-02
2025010201018874,MLBS,34,53,10.0,2001.0,20010.0,2025-01-02
2025010204009306,SGIC,52,81,20.0,673.0,13460.0,2025-01-02
2025010201018873,KDL,34,56,20.0,1100.0,22000.0,2025-01-02
2025010201018872,TSHL,34,34,30.0,820.0,24600.0,2025-01-02
2025010201018871,HHL,58,74,30.0,507.0,15210.0,2025-01-02
2025010204009305,RADHI,39,1,35.0,334.0,11690.0,2025-01-02
2025010203012145,SHINE,1,34,20.0,414.0,8280.0,2025-01-02
2025010204009304,KKHC,35,8,20.0,372.0,7440.0,2025-01-02
2025010201018870,NIMB,6,21,340.0,217.0,73780.0,2025-01-02
2025010201018869,USHL,45,17,10.0,817.9,8179.0,2025-01-02
2025010203012144,SLBBL,29,36,56.0,885.1,49565.6,2025-01-02
2025010203012143,SLBBL,41,36,200.0,886.0,177200.0,2025-01-02
2025010203012142,SLBBL,36,36,10.0,887.0,8870.0,2025-01-02
2025010203012141,SLBBL,36,36,30.0,887.0,26610.0,2025-01-02
2025010203012140,SLBBL,57,36,54.0,887.1,47903.4,2025-01-02
2025010201018868,NICA,42,94,15.0,386.0,5790.0,2025-01-02
2025010205009641,SMJC,52,51,200.0,512.0,102400.0,2025-01-02
2025010205009640,SMJC,11,51,28.0,512.0,14336.0,2025-01-02
2025010205009639,SMJC,21,51,90.0,512.2,46098.0,2025-01-02
2025010203012139,GMFBS,13,39,25.0,1752.0,43800.0,2025-01-02
2025010203012138,GMFBS,45,39,65.0,1752.0,113880.0,2025-01-02
2025010203012137,NFS,72,16,120.0,1048.0,125760.0,2025-01-02
2025010201018867,UHEWA,32,39,20.0,708.0,14160.0,2025-01-02
2025010201018866,GBIME,32,48,20.0,223.7,4474.0,2025-01-02
2025010201018865,KBL,91,51,17.0,213.0,3621.0,2025-01-02
2025010201018864,KBL,91,45,50.0,213.0,10650.0,2025-01-02
2025010201018863,KBL,91,51,15.0,213.0,3195.0,2025-01-02
2025010201018862,KBL,91,34,1418.0,213.0,302034.0,2025-01-02
2025010201018861,NMB,37,28,10.0,246.0,2460.0,2025-01-02
2025010205009638,SHIVM,43,50,22.0,506.5,11143.0,2025-01-02
2025010205009637,SHIVM,5,50,37.0,506.6,18744.2,2025-01-02
2025010203012136,NFS,72,1,40.0,1048.0,41920.0,2025-01-02
2025010203012135,NFS,72,38,30.0,1045.9,31377.0,2025-01-02
2025010203012134,NFS,72,50,100.0,1045.0,104500.0,2025-01-02
2025010203012133,NFS,72,45,25.0,1043.6,26090.0,2025-01-02
2025010203012132,NFS,72,6,100.0,1043.0,104300.0,2025-01-02
2025010203012131,NFS,72,58,20.0,1041.0,20820.0,2025-01-02
2025010203012130,NFS,72,45,500.0,1041.0,520500.0,2025-01-02
2025010204009303,PPCL,14,8,10.0,273.0,2730.0,2025-01-02
2025010203012129,NFS,72,33,125.0,1040.0,130000.0,2025-01-02
2025010203012128,NFS,72,18,26.0,1040.0,27040.0,2025-01-02
2025010203012127,KSBBL,14,38,13.0,435.0,5655.0,2025-01-02
2025010204009302,NICL,75,6,12.0,955.0,11460.0,2025-01-02
2025010204009301,NICL,75,38,13.0,954.9,12413.7,2025-01-02
2025010204009300,NICL,75,41,50.0,950.0,47500.0,2025-01-02
2025010204009299,BARUN,44,82,10.0,405.0,4050.0,2025-01-02
2025010203012126,SADBL,18,44,40.0,390.1,15604.0,2025-01-02
2025010205009636,SAHAS,22,45,50.0,465.5,23275.0,2025-01-02
2025010201018860,RFPL,62,62,91.0,1152.6,104886.6,2025-01-02
2025010201018859,RFPL,62,14,10.0,1152.6,11526.0,2025-01-02
2025010201018858,RFPL,62,77,50.0,1152.6,57630.0,2025-01-02
2025010201018857,RFPL,62,77,100.0,1152.6,115260.0,2025-01-02
2025010201018856,RFPL,62,32,10.0,1152.6,11526.0,2025-01-02
2025010201018855,RFPL,62,62,65.0,1152.6,74919.0,2025-01-02
2025010201018854,RFPL,62,64,130.0,1152.6,149838.0,2025-01-02
2025010201018853,RFPL,62,69,100.0,1152.6,115260.0,2025-01-02
2025010201018852,RFPL,62,34,255.0,1152.0,293760.0,2025-01-02
2025010201018851,RFPL,62,25,10.0,1152.0,11520.0,2025-01-02
2025010201018850,RFPL,62,58,10.0,1152.0,11520.0,2025-01-02
2025010201018849,RFPL,62,67,100.0,1152.0,115200.0,2025-01-02
2025010201018848,RFPL,62,37,50.0,1152.0,57600.0,2025-01-02
2025010201018847,RFPL,62,66,100.0,1152.0,115200.0,2025-01-02
2025010201018846,RFPL,62,65,50.0,1150.0,57500.0,2025-01-02
2025010201018845,RFPL,62,38,200.0,1150.0,230000.0,2025-01-02
2025010201018844,RFPL,62,62,10.0,1150.0,11500.0,2025-01-02
2025010201018843,RFPL,62,35,10.0,1147.5,11475.0,2025-01-02
2025010201018842,RFPL,62,84,100.0,1147.0,114700.0,2025-01-02
2025010201018841,RFPL,62,19,10.0,1142.4,11424.0,2025-01-02
2025010201018840,RFPL,62,16,40.0,1142.4,45696.0,2025-01-02
2025010201018839,RFPL,62,35,1364.0,1142.4,1558233.6,2025-01-02
2025010201018838,RFPL,62,17,100.0,1142.4,114240.0,2025-01-02
2025010201018837,RFPL,62,7,10.0,1142.4,11424.0,2025-01-02
2025010201018836,RFPL,62,49,1000.0,1142.0,1142000.0,2025-01-02
2025010201018835,RFPL,62,58,10.0,1142.0,11420.0,2025-01-02
2025010201018834,RFPL,62,17,400.0,1142.0,456800.0,2025-01-02
2025010204009298,PRIN,62,60,10.0,965.0,9650.0,2025-01-02
2025010201018833,RFPL,62,17,400.0,1142.0,456800.0,2025-01-02
2025010201018832,RFPL,62,84,100.0,1142.0,114200.0,2025-01-02
2025010201018831,RFPL,62,62,10.0,1142.0,11420.0,2025-01-02
2025010201018830,RFPL,62,58,10.0,1140.3,11403.0,2025-01-02
2025010201018829,RFPL,62,34,500.0,1140.3,570150.0,2025-01-02
2025010201018828,RFPL,62,52,10.0,1140.3,11403.0,2025-01-02
2025010201018827,RFPL,62,19,10.0,1140.3,11403.0,2025-01-02
2025010201018826,RFPL,62,35,10.0,1140.3,11403.0,2025-01-02
2025010201018825,RFPL,62,32,10.0,1140.3,11403.0,2025-01-02
2025010201018824,RFPL,62,58,10.0,1140.2,11402.0,2025-01-02
2025010201018823,RFPL,62,67,10.0,1140.0,11400.0,2025-01-02
2025010201018822,RFPL,62,62,70.0,1140.0,79800.0,2025-01-02
2025010201018821,RFPL,62,59,50.0,1140.0,57000.0,2025-01-02
2025010201018820,RFPL,62,40,10.0,1140.0,11400.0,2025-01-02
2025010201018819,RFPL,62,58,200.0,1140.0,228000.0,2025-01-02
2025010201018818,RFPL,62,33,410.0,1140.0,467400.0,2025-01-02
2025010201018817,RFPL,62,63,10.0,1140.0,11400.0,2025-01-02
2025010201018816,RFPL,62,39,10.0,1140.0,11400.0,2025-01-02
2025010201018815,RFPL,62,58,10.0,1140.0,11400.0,2025-01-02
2025010201018814,RFPL,62,22,10.0,1140.0,11400.0,2025-01-02
2025010201018813,RFPL,62,58,10.0,1140.0,11400.0,2025-01-02
2025010201018812,RFPL,62,55,100.0,1140.0,114000.0,2025-01-02
2025010201018811,RFPL,62,45,10.0,1140.0,11400.0,2025-01-02
2025010201018810,RFPL,62,4,10.0,1140.0,11400.0,2025-01-02
2025010201018809,RFPL,62,66,100.0,1140.0,114000.0,2025-01-02
2025010201018808,RFPL,62,21,10.0,1140.0,11400.0,2025-01-02
2025010201018807,RFPL,62,32,10.0,1137.3,11373.0,2025-01-02
2025010201018806,RFPL,62,58,10.0,1137.3,11373.0,2025-01-02
2025010201018805,RFPL,62,38,200.0,1137.2,227440.0,2025-01-02
2025010201018804,RFPL,62,6,10.0,1137.0,11370.0,2025-01-02
2025010201018803,RFPL,62,62,10.0,1137.0,11370.0,2025-01-02
2025010201018802,RFPL,62,19,10.0,1135.0,11350.0,2025-01-02
2025010201018801,RFPL,62,11,10.0,1135.0,11350.0,2025-01-02
2025010201018800,RFPL,62,49,100.0,1135.0,113500.0,2025-01-02
2025010201018799,RFPL,62,58,10.0,1134.0,11340.0,2025-01-02
2025010201018798,RFPL,62,57,10.0,1132.2,11322.0,2025-01-02
2025010201018797,RFPL,62,19,120.0,1132.2,135864.0,2025-01-02
2025010201018796,RFPL,62,35,10.0,1132.0,11320.0,2025-01-02
2025010201018795,RFPL,62,46,10.0,1132.0,11320.0,2025-01-02
2025010201018794,RFPL,62,29,10.0,1130.0,11300.0,2025-01-02
2025010201018793,RFPL,62,49,10.0,1130.0,11300.0,2025-01-02
2025010201018792,RFPL,62,13,10.0,1130.0,11300.0,2025-01-02
2025010201018791,RFPL,62,48,10.0,1130.0,11300.0,2025-01-02
2025010201018790,RFPL,62,45,80.0,1130.0,90400.0,2025-01-02
2025010201018789,RFPL,62,58,10.0,1130.0,11300.0,2025-01-02
2025010201018788,RFPL,62,41,10.0,1129.0,11290.0,2025-01-02
2025010201018787,RFPL,62,48,10.0,1128.0,11280.0,2025-01-02
2025010201018786,RFPL,62,22,10.0,1125.0,11250.0,2025-01-02
2025010201018785,RFPL,62,64,10.0,1124.9,11249.0,2025-01-02
2025010201018784,RFPL,62,55,10.0,1121.0,11210.0,2025-01-02
2025010201018783,RFPL,62,34,10.0,1120.0,11200.0,2025-01-02
2025010201018782,RFPL,62,4,10.0,1120.0,11200.0,2025-01-02
2025010201018781,RFPL,62,58,10.0,1120.0,11200.0,2025-01-02
2025010201018780,RFPL,62,34,10.0,1120.0,11200.0,2025-01-02
2025010204009297,NLG,56,55,10.0,982.0,9820.0,2025-01-02
2025010203012125,BFC,70,46,20.0,652.1,13042.0,2025-01-02
2025010201018779,CYCL,21,6,190.0,1556.0,295640.0,2025-01-02
2025010201018778,CYCL,52,6,10.0,1581.0,15810.0,2025-01-02
2025010204009296,NLG,55,36,100.0,981.0,98100.0,2025-01-02
2025010204009295,SPIL,36,41,23.0,799.0,18377.0,2025-01-02
2025010204009294,SPIL,36,72,100.0,798.9,79890.0,2025-01-02
2025010204009293,SPIL,36,41,27.0,796.0,21492.0,2025-01-02
2025010204009292,SPIL,36,29,80.0,790.0,63200.0,2025-01-02
2025010201018777,BEDC,74,49,10.0,757.0,7570.0,2025-01-02
2025010203012124,HLBSL,34,48,10.0,949.0,9490.0,2025-01-02
2025010201018776,SBL,45,34,112.0,296.1,33163.2,2025-01-02
2025010204009291,SSHL,34,34,100.0,220.4,22040.0,2025-01-02
2025010204009290,PPCL,26,19,50.0,270.4,13520.0,2025-01-02
2025010204009289,PPCL,32,19,50.0,270.5,13525.0,2025-01-02
2025010204009288,SGIC,77,38,190.0,673.9,128041.0,2025-01-02
2025010205009635,HRL,66,39,38.0,791.0,30058.0,2025-01-02
2025010204009287,UMRH,71,89,2800.0,612.0,1713600.0,2025-01-02
2025010204009286,UMRH,8,89,200.0,612.1,122420.0,2025-01-02
2025010201018775,MCHL,21,49,12.0,608.0,7296.0,2025-01-02
2025010205009634,HATHY,91,16,10.0,1316.0,13160.0,2025-01-02
2025010203012123,SIFC,32,32,40.0,565.0,22600.0,2025-01-02
2025010203012122,PROFL,91,55,100.0,606.0,60600.0,2025-01-02
2025010203012121,PROFL,91,34,20.0,605.0,12100.0,2025-01-02
2025010203012120,PROFL,91,40,200.0,605.0,121000.0,2025-01-02
2025010203012119,PROFL,91,45,14.0,605.0,8470.0,2025-01-02
2025010203012118,PROFL,91,34,50.0,605.0,30250.0,2025-01-02
2025010203012117,PROFL,91,17,341.0,605.0,206305.0,2025-01-02
2025010201018774,JBLB,43,50,12.0,1365.1,16381.2,2025-01-02
2025010203012116,LBBL,10,14,200.0,480.4,96080.0,2025-01-02
2025010201018773,ULHC,90,78,10.0,493.5,4935.0,2025-01-02
2025010201018772,SIKLES,49,57,30.0,824.9,24747.0,2025-01-02
2025010201018771,SMHL,65,14,25.0,1350.0,33750.0,2025-01-02
2025010201018770,SMHL,65,62,50.0,1350.0,67500.0,2025-01-02
2025010201018769,SMHL,65,22,10.0,1350.0,13500.0,2025-01-02
2025010201018768,SMHL,65,16,10.0,1350.0,13500.0,2025-01-02
2025010201018767,SMHL,65,45,10.0,1350.0,13500.0,2025-01-02
2025010201018766,SMHL,65,7,10.0,1350.0,13500.0,2025-01-02
2025010201018765,SMHL,65,58,30.0,1350.0,40500.0,2025-01-02
2025010201018764,SMHL,65,32,200.0,1350.0,270000.0,2025-01-02
2025010201018763,SMHL,65,45,385.0,1349.0,519365.0,2025-01-02
2025010201018762,SMHL,65,53,10.0,1345.0,13450.0,2025-01-02
2025010201018761,SMHL,65,93,10.0,1345.0,13450.0,2025-01-02
2025010201018760,SMHL,65,42,10.0,1340.0,13400.0,2025-01-02
2025010201018759,SMHL,65,44,10.0,1340.0,13400.0,2025-01-02
2025010201018758,SMHL,65,8,10.0,1340.0,13400.0,2025-01-02
2025010201018757,SMHL,65,68,10.0,1340.0,13400.0,2025-01-02
2025010201018756,SMHL,65,45,10.0,1338.0,13380.0,2025-01-02
2025010201018755,SMHL,65,99,200.0,1335.0,267000.0,2025-01-02
2025010201018754,RAWA,92,47,300.0,800.0,240000.0,2025-01-02
2025010201018753,RAWA,92,11,10.0,800.0,8000.0,2025-01-02
2025010201018752,RAWA,92,45,10.0,800.0,8000.0,2025-01-02
2025010201018751,RAWA,92,57,310.0,800.0,248000.0,2025-01-02
2025010201018750,RAWA,92,66,100.0,799.9,79990.0,2025-01-02
2025010201018749,RAWA,92,95,270.0,799.0,215730.0,2025-01-02
2025010204009285,NHPC,44,68,200.0,211.0,42200.0,2025-01-02
2025010203012115,MLBBL,58,29,300.0,1588.0,476400.0,2025-01-02
2025010201018748,CYCL,62,6,10.0,1581.5,15815.0,2025-01-02
2025010203012114,SINDU,62,54,83.0,806.0,66898.0,2025-01-02
2025010201018747,PPL,49,6,10.0,530.0,5300.0,2025-01-02
2025010203012113,MSLB,42,57,300.0,1485.0,445500.0,2025-01-02
2025010203012112,MSLB,35,57,20.0,1486.0,29720.0,2025-01-02
2025010203012111,MSLB,56,57,50.0,1490.1,74505.0,2025-01-02
2025010203012110,NLICL,83,19,384.0,575.0,220800.0,2025-01-02
2025010203012109,NLICL,83,57,26.0,575.0,14950.0,2025-01-02
2025010203012108,NLICL,83,11,90.0,575.0,51750.0,2025-01-02
2025010201018746,SMHL,65,58,10.0,1328.0,13280.0,2025-01-02
2025010204009284,NGPL,58,58,1330.0,253.0,336490.0,2025-01-02
2025010204009283,NGPL,66,58,100.0,253.0,25300.0,2025-01-02
2025010204009282,NGPL,87,58,75.0,253.0,18975.0,2025-01-02
2025010204009281,NGPL,66,58,500.0,253.0,126500.0,2025-01-02
2025010204009280,NGPL,42,58,250.0,253.0,63250.0,2025-01-02
2025010204009279,NGPL,41,58,40.0,253.0,10120.0,2025-01-02
2025010204009278,NGPL,26,58,50.0,253.0,12650.0,2025-01-02
2025010204009277,NGPL,49,58,115.0,253.0,29095.0,2025-01-02
2025010204009276,NGPL,56,58,200.0,253.0,50600.0,2025-01-02
2025010204009275,NGPL,6,58,25.0,253.0,6325.0,2025-01-02
2025010204009274,NGPL,51,58,375.0,253.0,94875.0,2025-01-02
2025010204009273,NGPL,42,58,78.0,253.0,19734.0,2025-01-02
2025010204009272,NGPL,48,58,100.0,253.0,25300.0,2025-01-02
2025010204009271,NGPL,25,58,100.0,253.0,25300.0,2025-01-02
2025010204009270,NGPL,58,58,40.0,253.0,10120.0,2025-01-02
2025010204009269,NGPL,38,58,200.0,253.0,50600.0,2025-01-02
2025010204009268,NGPL,42,58,140.0,253.0,35420.0,2025-01-02
2025010204009267,NGPL,58,58,1000.0,253.0,253000.0,2025-01-02
2025010204009266,NGPL,14,58,25.0,253.0,6325.0,2025-01-02
2025010204009265,NGPL,49,58,30.0,253.0,7590.0,2025-01-02
2025010204009264,NGPL,32,58,1000.0,253.1,253100.0,2025-01-02
2025010204009263,NGPL,33,58,500.0,253.1,126550.0,2025-01-02
2025010204009262,NGPL,63,58,18.0,253.4,4561.2,2025-01-02
2025010204009261,NGPL,58,58,100.0,254.0,25400.0,2025-01-02
2025010205009633,VLUCL,57,58,10.0,660.0,6600.0,2025-01-02
2025010204009260,KKHC,49,8,500.0,372.0,186000.0,2025-01-02
2025010204009259,KKHC,55,8,50.0,372.0,18600.0,2025-01-02
2025010204009258,KKHC,21,8,10.0,372.4,3724.0,2025-01-02
2025010204009257,GLH,88,22,10.0,238.1,2381.0,2025-01-02
2025010204009256,GLH,88,58,10.0,237.6,2376.0,2025-01-02
2025010204009255,GLH,88,33,455.0,237.0,107835.0,2025-01-02
2025010204009254,GLH,88,65,50.0,233.0,11650.0,2025-01-02
2025010203012107,SIFC,32,34,20.0,565.0,11300.0,2025-01-02
2025010203012106,PFL,34,59,10.0,525.0,5250.0,2025-01-02
2025010201018745,JBLB,43,57,2.0,1366.0,2732.0,2025-01-02
2025010201018744,JBLB,19,57,20.0,1366.0,27320.0,2025-01-02
2025010203012105,NABBC,52,71,10.0,1035.0,10350.0,2025-01-02
2025010201018743,CYCL,52,34,40.0,1581.0,63240.0,2025-01-02
2025010201018742,ADBL,35,38,500.0,305.9,152950.0,2025-01-02
2025010203012104,SFCL,97,35,10.0,595.1,5951.0,2025-01-02
2025010203012103,PFL,45,59,10.0,525.0,5250.0,2025-01-02
2025010201018741,SRLI,42,45,10.0,422.0,4220.0,2025-01-02
2025010205009632,ILI,45,42,16.0,472.0,7552.0,2025-01-02
2025010205009631,CLI,52,42,490.0,680.5,333445.0,2025-01-02
2025010203012102,ICFC,40,16,122.0,656.0,80032.0,2025-01-02
2025010203012101,ICFC,58,16,100.0,656.1,65610.0,2025-01-02
2025010203012100,ICFC,63,16,163.0,656.1,106944.3,2025-01-02
2025010201018740,SGHC,16,45,95.0,466.0,44270.0,2025-01-02
2025010201018739,SGHC,16,6,10.0,466.0,4660.0,2025-01-02
2025010201018738,SGHC,16,8,200.0,466.0,93200.0,2025-01-02
2025010201018737,SGHC,16,6,195.0,465.9,90850.5,2025-01-02
2025010204009253,JOSHI,72,32,870.0,439.0,381930.0,2025-01-02
2025010201018736,LSL,4,83,100.0,220.0,22000.0,2025-01-02
2025010205009630,VLUCL,91,59,10.0,664.0,6640.0,2025-01-02
2025010204009252,NHDL,44,58,10.0,705.0,7050.0,2025-01-02
2025010203012099,HLBSL,58,62,150.0,931.0,139650.0,2025-01-02
2025010203012098,HLBSL,47,62,50.0,931.5,46575.0,2025-01-02
2025010204009251,UPPER,34,56,52.0,202.5,10530.0,2025-01-02
2025010203012097,HLBSL,56,48,10.0,949.0,9490.0,2025-01-02
2025010201018735,USHEC,59,34,10.0,607.0,6070.0,2025-01-02
2025010205009629,GCIL,57,25,10.0,502.0,5020.0,2025-01-02
2025010203012096,JFL,26,95,30.0,749.7,22491.0,2025-01-02
2025010201018734,GBIME,42,33,584.0,223.4,130465.6,2025-01-02
2025010203012095,GLBSL,71,19,30.0,2350.1,70503.0,2025-01-02
2025010203012094,ICFC,45,17,33.0,656.6,21667.8,2025-01-02
2025010203012093,ICFC,13,17,100.0,656.6,65660.0,2025-01-02
2025010203012092,ICFC,18,17,217.0,656.6,142482.2,2025-01-02
2025010203012091,SFCL,97,17,85.0,595.1,50583.5,2025-01-02
2025010201018733,USHL,26,35,50.0,818.0,40900.0,2025-01-02
2025010204009250,HURJA,34,35,360.0,224.0,80640.0,2025-01-02
2025010204009249,HURJA,53,35,100.0,224.0,22400.0,2025-01-02
2025010204009248,HURJA,58,35,45.0,224.0,10080.0,2025-01-02
2025010204009247,HURJA,56,35,495.0,224.0,110880.0,2025-01-02
2025010204009246,UMRH,69,57,10.0,614.0,6140.0,2025-01-02
2025010205009628,HRL,48,67,343.0,790.1,271004.3,2025-01-02
2025010205009627,HRL,22,67,29.0,790.1,22912.9,2025-01-02
2025010204009245,SHPC,47,49,50.0,446.5,22325.0,2025-01-02
2025010204009244,UMRH,28,57,10.0,614.0,6140.0,2025-01-02
2025010203012090,SAPDBL,28,17,400.0,945.5,378200.0,2025-01-02
2025010204009243,SJCL,20,59,20.0,341.5,6830.0,2025-01-02
2025010201018732,CITY,64,13,30.0,882.0,26460.0,2025-01-02
2025010205009626,HRL,6,39,12.0,791.0,9492.0,2025-01-02
2025010204009242,AHPC,81,21,2000.0,244.4,488800.0,2025-01-02
2025010201018731,GVL,45,58,10.0,485.0,4850.0,2025-01-02
2025010203012089,RLFL,43,19,291.0,545.0,158595.0,2025-01-02
2025010203012088,RLFL,45,19,70.0,545.0,38150.0,2025-01-02
2025010203012087,RLFL,43,19,40.0,545.0,21800.0,2025-01-02
2025010203012086,RLFL,11,19,35.0,545.1,19078.5,2025-01-02
2025010203012085,RLFL,45,19,250.0,545.1,136275.0,2025-01-02
2025010204009241,LEC,14,77,169.0,195.1,32971.9,2025-01-02
2025010204009240,LEC,58,77,500.0,195.1,97550.0,2025-01-02
2025010204009239,LEC,4,77,50.0,196.0,9800.0,2025-01-02
2025010204009238,PMHPL,89,34,10.0,269.0,2690.0,2025-01-02
2025010203012084,JFL,17,47,500.0,750.0,375000.0,2025-01-02
2025010203012083,PFL,52,35,32.0,522.0,16704.0,2025-01-02
2025010203012082,PFL,58,35,20.0,522.0,10440.0,2025-01-02
2025010203012081,PFL,65,35,200.0,522.1,104420.0,2025-01-02
2025010203012080,PFL,19,35,78.0,522.1,40723.8,2025-01-02
2025010203012079,PFL,13,35,170.0,523.0,88910.0,2025-01-02
2025010204009237,JOSHI,72,45,700.0,439.0,307300.0,2025-01-02
2025010203012078,PFL,13,45,200.0,523.0,104600.0,2025-01-02
2025010203012077,SIFC,32,7,50.0,565.0,28250.0,2025-01-02
2025010203012076,KSBBL,14,51,13.0,434.7,5651.1,2025-01-02
2025010201018730,RHGCL,39,50,264.0,554.9,146493.6,2025-01-02
2025010201018729,RHGCL,39,8,50.0,554.8,27740.0,2025-01-02
2025010201018728,RHGCL,39,34,10.0,554.0,5540.0,2025-01-02
2025010201018727,RHGCL,39,55,106.0,554.0,58724.0,2025-01-02
2025010201018726,RHGCL,39,17,370.0,554.0,204980.0,2025-01-02
2025010204009236,SHEL,43,37,65.0,236.0,15340.0,2025-01-02
2025010204009235,SHEL,43,41,40.0,236.0,9440.0,2025-01-02
2025010204009234,SHEL,43,57,50.0,235.5,11775.0,2025-01-02
2025010204009233,SHEL,43,4,127.0,235.5,29908.5,2025-01-02
2025010204009232,SHEL,43,39,200.0,235.1,47020.0,2025-01-02
2025010204009231,SHEL,43,42,200.0,235.0,47000.0,2025-01-02
2025010204009230,SHEL,43,6,30.0,235.0,7050.0,2025-01-02
2025010204009229,SHEL,43,38,158.0,235.0,37130.0,2025-01-02
2025010204009228,SHEL,43,61,130.0,234.0,30420.0,2025-01-02
2025010203012075,SFCL,97,42,140.0,595.1,83314.0,2025-01-02
2025010203012074,SFCL,94,42,60.0,595.1,35706.0,2025-01-02
2025010204009227,NLG,42,55,20.0,982.0,19640.0,2025-01-02
2025010201018725,SGHC,16,6,45.0,465.9,20965.5,2025-01-02
2025010201018724,SGHC,16,34,10.0,465.0,4650.0,2025-01-02
2025010201018723,SGHC,16,81,500.0,465.0,232500.0,2025-01-02
2025010201018722,SGHC,16,35,10.0,465.0,4650.0,2025-01-02
2025010201018721,SGHC,16,47,10.0,465.0,4650.0,2025-01-02
2025010201018720,SGHC,16,48,10.0,465.0,4650.0,2025-01-02
2025010201018719,SGHC,16,42,165.0,465.0,76725.0,2025-01-02
2025010203012073,JFL,32,47,500.0,750.0,375000.0,2025-01-02
2025010201018718,MKJC,32,84,340.0,528.0,179520.0,2025-01-02
2025010201018717,MKJC,32,48,20.0,527.9,10558.0,2025-01-02
2025010201018716,MKJC,32,66,340.0,520.0,176800.0,2025-01-02
2025010205009625,NTC,36,49,12.0,918.1,11017.2,2025-01-02
2025010205009624,NTC,14,49,38.0,918.1,34887.8,2025-01-02
2025010204009226,UNHPL,6,25,60.0,271.5,16290.0,2025-01-02
2025010203012072,NFS,55,18,50.0,1040.0,52000.0,2025-01-02
2025010203012071,ICFC,18,38,33.0,656.6,21667.8,2025-01-02
2025010203012070,ICFC,57,38,85.0,657.0,55845.0,2025-01-02
2025010203012069,MDB,38,48,23.0,634.0,14582.0,2025-01-02
2025010203012068,MDB,38,19,62.0,634.0,39308.0,2025-01-02
2025010203012067,GUFL,48,85,25.0,663.0,16575.0,2025-01-02
2025010201018715,BEDC,74,11,10.0,757.0,7570.0,2025-01-02
2025010203012066,GBLBS,62,45,80.0,753.0,60240.0,2025-01-02
2025010203012065,PFL,13,62,50.0,523.0,26150.0,2025-01-02
2025010203012064,PFL,45,62,50.0,524.0,26200.0,2025-01-02
2025010201018714,ULBSL,62,13,10.0,4165.0,41650.0,2025-01-02
2025010205009623,CIT,42,13,20.0,2099.1,41982.0,2025-01-02
2025010201018713,MSHL,57,44,10.0,945.0,9450.0,2025-01-02
2025010203012063,MLBL,57,57,10.0,369.0,3690.0,2025-01-02
2025010201018712,SRLI,26,57,10.0,422.9,4229.0,2025-01-02
2025010201018711,BNT,81,44,10.0,13950.0,139500.0,2025-01-02
2025010201018710,KBL,58,16,50.0,212.9,10645.0,2025-01-02
2025010201018709,KBL,58,58,90.0,212.8,19152.0,2025-01-02
2025010201018708,NIMB,8,16,10.0,218.0,2180.0,2025-01-02
2025010201018707,SIKLES,58,57,10.0,824.9,8249.0,2025-01-02
2025010201018706,SIKLES,58,22,10.0,820.0,8200.0,2025-01-02
2025010201018705,SIKLES,58,58,10.0,820.0,8200.0,2025-01-02
2025010204009225,BARUN,14,34,140.0,402.0,56280.0,2025-01-02
2025010203012062,JFL,51,52,200.0,749.7,149940.0,2025-01-02
2025010205009622,SAHAS,18,45,100.0,465.5,46550.0,2025-01-02
2025010201018704,SNLI,1,94,404.0,620.0,250480.0,2025-01-02
2025010201018703,SNLI,26,94,12.0,620.0,7440.0,2025-01-02
2025010205009621,MEL,63,72,10.0,310.7,3107.0,2025-01-02
2025010205009620,HIDCL,21,58,10.0,231.0,2310.0,2025-01-02
2025010205009619,SAHAS,28,45,120.0,465.5,55860.0,2025-01-02
2025010205009618,SAHAS,63,45,100.0,467.0,46700.0,2025-01-02
2025010205009617,RNLI,39,49,10.0,500.0,5000.0,2025-01-02
2025010205009616,RNLI,39,38,11.0,500.0,5500.0,2025-01-02
2025010205009615,RNLI,39,58,11.0,500.0,5500.0,2025-01-02
2025010205009614,RNLI,39,39,22.0,500.0,11000.0,2025-01-02
2025010205009613,RNLI,39,85,500.0,500.0,250000.0,2025-01-02
2025010205009612,RNLI,39,70,11.0,500.0,5500.0,2025-01-02
2025010205009611,RNLI,39,35,11.0,500.0,5500.0,2025-01-02
2025010205009610,RNLI,39,42,37.0,500.0,18500.0,2025-01-02
2025010203012061,NFS,72,43,260.0,1039.9,270374.0,2025-01-02
2025010203012060,SINDU,43,54,107.0,806.0,86242.0,2025-01-02
2025010204009224,JOSHI,72,40,175.0,439.0,76825.0,2025-01-02
2025010201018702,IHL,60,82,126.0,674.0,84924.0,2025-01-02
2025010201018701,IHL,60,39,24.0,673.0,16152.0,2025-01-02
2025010205009609,BBC,72,58,10.0,5799.0,57990.0,2025-01-02
2025010204009223,JOSHI,72,50,225.0,439.0,98775.0,2025-01-02
2025010205009608,PHCL,56,14,10.0,535.0,5350.0,2025-01-02
2025010205009607,CIT,49,56,50.0,2100.0,105000.0,2025-01-02
2025010201018700,MCHL,82,49,150.0,608.0,91200.0,2025-01-02
2025010201018699,MKCL,25,55,10.0,1460.0,14600.0,2025-01-02
2025010201018698,UHEWA,55,55,10.0,703.0,7030.0,2025-01-02
2025010203012059,NMLBBL,26,22,115.0,650.4,74796.0,2025-01-02
2025010203012058,NMLBBL,49,22,500.0,650.5,325250.0,2025-01-02
2025010203012057,NMLBBL,45,22,360.0,652.0,234720.0,2025-01-02
2025010203012056,NMLBBL,57,22,25.0,652.5,16312.5,2025-01-02
2025010203012055,SMB,13,28,30.0,2760.0,82800.0,2025-01-02
2025010201018697,RHGCL,6,17,50.0,554.0,27700.0,2025-01-02
2025010201018696,KBL,1,57,50.0,212.6,10630.0,2025-01-02
2025010203012054,NABBC,25,71,370.0,1015.0,375550.0,2025-01-02
2025010203012053,NABBC,88,71,330.0,1016.0,335280.0,2025-01-02
2025010204009222,CHL,39,58,163.0,395.0,64385.0,2025-01-02
2025010204009221,CHL,25,58,100.0,395.1,39510.0,2025-01-02
2025010204009220,CHL,69,58,500.0,395.2,197600.0,2025-01-02
2025010204009219,CHL,69,58,237.0,395.3,93686.1,2025-01-02
2025010203012052,ILBS,14,34,45.0,935.3,42088.5,2025-01-02
2025010203012051,ILBS,34,34,100.0,935.4,93540.0,2025-01-02
2025010203012050,ILBS,55,34,103.0,935.4,96346.2,2025-01-02
2025010204009218,HDHPC,37,34,50.0,193.5,9675.0,2025-01-02
2025010204009217,HDHPC,59,34,50.0,193.5,9675.0,2025-01-02
2025010204009216,HDHPC,42,34,1008.0,193.5,195048.0,2025-01-02
2025010204009215,HDHPC,58,34,500.0,193.7,96850.0,2025-01-02
2025010203012049,LBBL,7,34,10.0,481.0,4810.0,2025-01-02
2025010203012048,GMFBS,45,45,35.0,1752.0,61320.0,2025-01-02
2025010203012047,GMFBS,74,45,15.0,1752.0,26280.0,2025-01-02
2025010201018695,AHL,42,6,10.0,718.9,7189.0,2025-01-02
2025010204009214,MEN,56,14,374.0,585.2,218864.8,2025-01-02
2025010204009213,MEN,16,14,40.0,585.4,23416.0,2025-01-02
2025010204009212,MEN,38,14,170.0,585.5,99535.0,2025-01-02
2025010204009211,MEN,44,14,20.0,585.6,11712.0,2025-01-02
2025010204009210,MEN,36,14,100.0,585.7,58570.0,2025-01-02
2025010204009209,MEN,69,14,68.0,585.8,39834.4,2025-01-02
2025010204009208,MEN,1,14,50.0,586.0,29300.0,2025-01-02
2025010204009207,MEN,6,14,100.0,586.2,58620.0,2025-01-02
2025010204009206,MEN,37,14,78.0,586.3,45731.4,2025-01-02
2025010201018694,MBL,62,49,1813.0,230.2,417352.6,2025-01-02
2025010201018693,MBL,26,49,243.0,230.3,55962.9,2025-01-02
2025010201018692,MBL,39,49,700.0,230.4,161280.0,2025-01-02
2025010201018691,MBL,58,49,100.0,230.5,23050.0,2025-01-02
2025010201018690,MBL,58,49,2000.0,230.5,461000.0,2025-01-02
2025010201018689,MBL,57,49,100.0,230.6,23060.0,2025-01-02
2025010201018688,MBL,33,49,500.0,230.6,115300.0,2025-01-02
2025010201018687,MBL,34,49,44.0,230.7,10150.8,2025-01-02
2025010201018686,MBL,42,49,200.0,230.7,46140.0,2025-01-02
2025010201018685,CITY,64,55,10.0,882.0,8820.0,2025-01-02
2025010201018684,AHL,39,55,232.0,715.0,165880.0,2025-01-02
2025010201018683,AHL,59,55,78.0,716.0,55848.0,2025-01-02
2025010201018682,AHL,41,55,190.0,716.0,136040.0,2025-01-02
2025010201018681,TVCL,70,44,20.0,648.7,12974.0,2025-01-02
2025010201018680,MBL,22,45,10.0,233.5,2335.0,2025-01-02
2025010201018679,MBL,22,82,455.0,231.0,105105.0,2025-01-02
2025010204009205,HDHPC,28,34,10.0,193.9,1939.0,2025-01-02
2025010201018678,CYCL,62,34,10.0,1581.0,15810.0,2025-01-02
2025010204009204,HEI,20,48,300.0,615.0,184500.0,2025-01-02
2025010204009203,HEI,41,48,30.0,615.0,18450.0,2025-01-02
2025010204009202,HEI,58,48,138.0,615.7,84966.6,2025-01-02
2025010203012046,PFL,13,77,80.0,523.0,41840.0,2025-01-02
2025010204009201,HEI,58,58,362.0,615.7,222883.4,2025-01-02
2025010204009200,HEI,58,58,48.0,615.8,29558.4,2025-01-02
2025010204009199,HEI,38,58,90.0,615.9,55431.0,2025-01-02
2025010204009198,HEI,49,58,100.0,615.9,61590.0,2025-01-02
2025010201018677,MCHL,82,34,150.0,608.0,91200.0,2025-01-02
2025010205009606,PHCL,56,1,71.0,535.0,37985.0,2025-01-02
2025010205009605,PHCL,87,1,79.0,535.0,42265.0,2025-01-02
2025010205009604,PHCL,22,1,50.0,535.0,26750.0,2025-01-02
2025010204009197,KPCL,35,53,20.0,539.0,10780.0,2025-01-02
2025010205009603,CLI,52,35,10.0,680.5,6805.0,2025-01-02
2025010201018676,MHCL,25,67,622.0,521.0,324062.0,2025-01-02
2025010201018675,MHCL,59,67,200.0,521.0,104200.0,2025-01-02
2025010201018674,MHCL,59,67,100.0,522.0,52200.0,2025-01-02
2025010201018673,MHCL,56,67,1000.0,522.0,522000.0,2025-01-02
2025010201018672,MHCL,26,67,38.0,522.3,19847.4,2025-01-02
2025010201018671,MHCL,84,67,200.0,522.3,104460.0,2025-01-02
2025010201018670,MHCL,39,67,10.0,522.4,5224.0,2025-01-02
2025010201018669,MHCL,32,67,500.0,522.4,261200.0,2025-01-02
2025010201018668,MHCL,17,67,100.0,523.0,52300.0,2025-01-02
2025010201018667,MHCL,45,67,100.0,524.0,52400.0,2025-01-02
2025010201018666,MHCL,22,67,750.0,525.0,393750.0,2025-01-02
2025010201018665,MHCL,22,67,750.0,525.0,393750.0,2025-01-02
2025010201018664,MHCL,39,67,60.0,525.0,31500.0,2025-01-02
2025010201018663,MHCL,36,67,300.0,525.0,157500.0,2025-01-02
2025010201018662,MHCL,45,67,50.0,525.0,26250.0,2025-01-02
2025010201018661,MHCL,1,67,50.0,525.0,26250.0,2025-01-02
2025010201018660,MHCL,34,67,500.0,525.0,262500.0,2025-01-02
2025010201018659,MHCL,46,67,10.0,525.0,5250.0,2025-01-02
2025010201018658,MHCL,57,67,200.0,525.0,105000.0,2025-01-02
2025010201018657,MHCL,39,67,1000.0,525.1,525100.0,2025-01-02
2025010201018656,MHCL,45,67,100.0,525.2,52520.0,2025-01-02
2025010201018655,MHCL,8,67,15.0,525.2,7878.0,2025-01-02
2025010201018654,MHCL,58,67,250.0,526.0,131500.0,2025-01-02
2025010201018653,MHCL,33,67,200.0,526.3,105260.0,2025-01-02
2025010201018652,MHCL,50,67,1000.0,526.5,526500.0,2025-01-02
2025010201018651,MHCL,38,67,100.0,527.0,52700.0,2025-01-02
2025010201018650,MHCL,48,67,100.0,528.0,52800.0,2025-01-02
2025010201018649,MHCL,19,67,100.0,528.0,52800.0,2025-01-02
2025010201018648,MHCL,58,67,100.0,528.0,52800.0,2025-01-02
2025010201018647,MHCL,36,67,600.0,528.0,316800.0,2025-01-02
2025010201018646,MHCL,59,67,100.0,528.0,52800.0,2025-01-02
2025010201018645,MHCL,51,67,100.0,528.0,52800.0,2025-01-02
2025010201018644,MHCL,38,67,50.0,528.0,26400.0,2025-01-02
2025010201018643,MHCL,74,67,500.0,528.3,264150.0,2025-01-02
2025010201018642,MHCL,45,67,200.0,528.4,105680.0,2025-01-02
2025010201018641,MHCL,39,67,735.0,528.5,388447.5,2025-01-02
2025010201018640,CKHL,7,45,10.0,750.0,7500.0,2025-01-02
2025010201018639,MKCL,45,55,110.0,1460.0,160600.0,2025-01-02
2025010201018638,GBIME,42,50,751.0,223.4,167773.4,2025-01-02
2025010201018637,GBIME,32,50,200.0,223.5,44700.0,2025-01-02
2025010201018636,GBIME,45,50,500.0,223.5,111750.0,2025-01-02
2025010201018635,GBIME,53,50,540.0,223.5,120690.0,2025-01-02
2025010201018634,GBIME,58,50,16.0,223.6,3577.6,2025-01-02
2025010201018633,SPC,5,56,20.0,492.0,9840.0,2025-01-02
2025010201018632,KDL,36,45,10.0,1101.0,11010.0,2025-01-02
2025010203012045,MNBBL,55,32,15.0,371.0,5565.0,2025-01-02
2025010203012044,MNBBL,55,38,168.0,370.8,62294.4,2025-01-02
2025010205009602,MEL,49,58,490.0,308.0,150920.0,2025-01-02
2025010201018631,MCHL,55,42,10.0,609.0,6090.0,2025-01-02
2025010201018630,TVCL,70,38,500.0,648.7,324350.0,2025-01-02
2025010201018629,NABIL,14,38,50.0,499.3,24965.0,2025-01-02
2025010204009196,HURJA,11,78,1035.0,224.4,232254.0,2025-01-02
2025010201018628,SARBTM,77,11,130.0,713.0,92690.0,2025-01-02
2025010204009195,JOSHI,72,56,400.0,439.0,175600.0,2025-01-02
2025010204009194,HEI,49,57,100.0,615.9,61590.0,2025-01-02
2025010201018627,EHPL,56,57,170.0,760.0,129200.0,2025-01-02
2025010201018626,EHPL,42,57,10.0,761.9,7619.0,2025-01-02
2025010203012043,NFS,26,18,74.0,1040.0,76960.0,2025-01-02
2025010203012042,NFS,26,34,26.0,1040.0,27040.0,2025-01-02
2025010201018625,NICA,58,94,20.0,386.0,7720.0,2025-01-02
2025010201018624,AVYAN,25,58,160.0,1009.0,161440.0,2025-01-02
2025010201018623,AVYAN,34,58,40.0,1009.1,40364.0,2025-01-02
2025010205009601,MEL,14,58,100.0,308.0,30800.0,2025-01-02
2025010205009600,MEL,55,58,980.0,308.0,301840.0,2025-01-02
2025010205009599,MEL,56,58,430.0,308.5,132655.0,2025-01-02
2025010203012041,MERO,13,58,43.0,732.0,31476.0,2025-01-02
2025010203012040,SADBL,52,56,50.0,391.0,19550.0,2025-01-02
2025010201018622,PRVU,58,14,100.0,226.0,22600.0,2025-01-02
2025010201018621,MMKJL,4,18,100.0,680.0,68000.0,2025-01-02
2025010204009193,UMRH,71,17,100.0,612.0,61200.0,2025-01-02
2025010204009192,KKHC,45,8,20.0,373.0,7460.0,2025-01-02
2025010204009191,UAIL,60,35,500.0,649.0,324500.0,2025-01-02
2025010203012039,RLFL,14,19,250.0,546.0,136500.0,2025-01-02
2025010203012038,CBBL,25,55,30.0,850.0,25500.0,2025-01-02
2025010201018620,MHCL,39,65,30.0,528.5,15855.0,2025-01-02
2025010203012037,NFS,72,25,100.0,1039.9,103990.0,2025-01-02
2025010201018619,SPC,41,56,80.0,492.0,39360.0,2025-01-02
2025010204009190,NLG,55,54,450.0,981.0,441450.0,2025-01-02
2025010204009189,JOSHI,72,53,1500.0,439.0,658500.0,2025-01-02
2025010204009188,JOSHI,21,53,500.0,439.2,219600.0,2025-01-02
2025010203012036,HLBSL,57,1,10.0,948.6,9486.0,2025-01-02
2025010201018618,TVCL,70,26,50.0,648.7,32435.0,2025-01-02
2025010201018617,MAKAR,26,3,10.0,622.3,6223.0,2025-01-02
2025010203012035,GMFBS,74,33,15.0,1752.0,26280.0,2025-01-02
2025010203012034,PFL,55,77,50.0,523.1,26155.0,2025-01-02
2025010203012033,PFL,38,77,70.0,524.0,36680.0,2025-01-02
2025010205009598,NIFRA,26,8,420.0,246.9,103698.0,2025-01-02
2025010205009597,NIFRA,49,8,70.0,247.0,17290.0,2025-01-02
2025010203012032,SAPDBL,34,17,10.0,945.5,9455.0,2025-01-02
2025010201018616,KBL,1,1,410.0,212.6,87166.0,2025-01-02
2025010201018615,KBL,38,1,190.0,212.7,40413.0,2025-01-02
2025010205009596,ILI,45,22,12.0,472.0,5664.0,2025-01-02
2025010205009595,ILI,45,42,12.0,472.0,5664.0,2025-01-02
2025010203012031,SINDU,32,49,10.0,805.0,8050.0,2025-01-02
2025010201018614,MKHL,64,80,782.0,630.2,492816.4,2025-01-02
2025010201018613,MKHL,55,80,100.0,631.0,63100.0,2025-01-02
2025010201018612,MKHL,66,80,100.0,631.1,63110.0,2025-01-02
2025010201018611,MKHL,45,80,500.0,634.0,317000.0,2025-01-02
2025010201018610,MKHL,17,80,100.0,635.1,63510.0,2025-01-02
2025010201018609,MKHL,64,80,50.0,635.6,31780.0,2025-01-02
2025010201018608,MKHL,48,80,50.0,635.6,31780.0,2025-01-02
2025010201018607,MKHL,17,80,455.0,635.8,289289.0,2025-01-02
2025010201018606,MKHL,6,80,200.0,635.9,127180.0,2025-01-02
2025010201018605,MKHL,49,80,13.0,636.0,8268.0,2025-01-02
2025010201018604,HIDCLP,44,16,300.0,162.0,48600.0,2025-01-02
2025010201018603,NABIL,14,14,40.0,499.3,19972.0,2025-01-02
2025010201018602,MANDU,39,14,10.0,898.0,8980.0,2025-01-02
2025010201018601,BEDC,49,21,171.0,758.0,129618.0,2025-01-02
2025010201018600,BEDC,49,28,92.0,758.0,69736.0,2025-01-02
2025010201018599,SPC,68,84,11.0,495.0,5445.0,2025-01-02
2025010201018598,USHL,28,57,20.0,819.0,16380.0,2025-01-02
2025010201018597,USHL,28,34,80.0,818.0,65440.0,2025-01-02
2025010201018596,MKJC,29,66,20.0,520.0,10400.0,2025-01-02
2025010205009594,NRM,58,29,120.0,425.0,51000.0,2025-01-02
2025010205009593,NRM,32,29,81.0,425.0,34425.0,2025-01-02
2025010201018595,RHGCL,54,17,10.0,554.0,5540.0,2025-01-02
2025010204009187,SALICO,13,47,10.0,709.8,7098.0,2025-01-02
2025010201018594,SRLI,53,57,67.0,422.9,28334.3,2025-01-02
2025010201018593,SRLI,53,51,10.0,422.5,4225.0,2025-01-02
2025010201018592,SRLI,53,55,10.0,422.5,4225.0,2025-01-02
2025010201018591,SRLI,53,26,63.0,422.5,26617.5,2025-01-02
2025010204009186,SICL,22,57,26.0,795.0,20670.0,2025-01-02
2025010204009185,SICL,32,57,30.0,795.4,23862.0,2025-01-02
2025010201018590,BGWT,74,74,99.0,979.0,96921.0,2025-01-02
2025010201018589,BGWT,74,58,20.0,978.0,19560.0,2025-01-02
2025010201018588,BGWT,74,25,30.0,977.9,29337.0,2025-01-02
2025010201018587,BGWT,74,17,10.0,977.9,9779.0,2025-01-02
2025010201018586,BGWT,74,58,20.0,977.0,19540.0,2025-01-02
2025010201018585,BGWT,74,57,150.0,976.0,146400.0,2025-01-02
2025010201018584,BGWT,74,14,371.0,975.0,361725.0,2025-01-02
2025010203012030,MATRI,45,35,50.0,1256.0,62800.0,2025-01-02
2025010203012029,MATRI,45,34,11.0,1240.0,13640.0,2025-01-02
2025010201018583,RFPL,42,51,10.0,1118.0,11180.0,2025-01-02
2025010201018582,DOLTI,32,52,140.0,710.0,99400.0,2025-01-02
2025010201018581,ULHC,32,78,10.0,493.5,4935.0,2025-01-02
2025010201018580,SPL,7,88,10.0,960.0,9600.0,2025-01-02
2025010205009592,NIFRA,26,49,100.0,246.9,24690.0,2025-01-02
2025010203012028,MATRI,81,22,75.0,1234.2,92565.0,2025-01-02
2025010204009184,RBCL,35,22,10.0,15333.3,153333.0,2025-01-02
2025010204009183,UMRH,71,22,200.0,612.0,122400.0,2025-01-02
2025010203012027,PFL,38,41,50.0,524.0,26200.0,2025-01-02
2025010203012026,PFL,38,48,40.0,524.0,20960.0,2025-01-02
2025010203012025,PFL,38,38,280.0,524.0,146720.0,2025-01-02
2025010201018579,TSHL,42,38,15.0,816.1,12241.5,2025-01-02
2025010201018578,CYCL,62,34,10.0,1581.0,15810.0,2025-01-02
2025010205009591,HRL,22,29,25.0,790.1,19752.5,2025-01-02
2025010205009590,HRL,34,29,50.0,791.0,39550.0,2025-01-02
2025010205009589,HRL,57,29,15.0,791.0,11865.0,2025-01-02
2025010204009182,KKHC,36,8,375.0,373.0,139875.0,2025-01-02
2025010205009588,NIFRA,26,59,200.0,246.9,49380.0,2025-01-02
2025010204009181,RADHI,3,17,10.0,337.9,3379.0,2025-01-02
2025010201018577,HHL,17,59,40.0,508.0,20320.0,2025-01-02
2025010201018576,NYADI,29,35,40.0,495.0,19800.0,2025-01-02
2025010204009180,HURJA,21,25,10.0,224.5,2245.0,2025-01-02
2025010201018575,TAMOR,51,6,40.0,500.0,20000.0,2025-01-02
2025010201018574,TAMOR,51,38,10.0,500.0,5000.0,2025-01-02
2025010203012024,SINDU,43,49,10.0,805.0,8050.0,2025-01-02
2025010204009179,HPPL,42,38,59.0,401.9,23712.1,2025-01-02
2025010204009178,HPPL,42,38,100.0,401.7,40170.0,2025-01-02
2025010204009177,HPPL,42,43,500.0,401.5,200750.0,2025-01-02
2025010204009176,HPPL,42,52,250.0,401.0,100250.0,2025-01-02
2025010204009175,HPPL,42,52,500.0,400.0,200000.0,2025-01-02
2025010204009174,HPPL,42,62,20.0,400.0,8000.0,2025-01-02
2025010204009173,HPPL,42,45,50.0,400.0,20000.0,2025-01-02
2025010204009172,HPPL,42,6,500.0,399.9,199950.0,2025-01-02
2025010204009171,HPPL,42,80,1060.0,399.7,423682.0,2025-01-02
2025010204009170,HPPL,42,64,280.0,399.7,111916.0,2025-01-02
2025010204009169,HPPL,42,61,375.0,399.0,149625.0,2025-01-02
2025010204009168,HPPL,42,33,1306.0,397.8,519526.8,2025-01-02
2025010201018573,BNHC,42,45,18.0,468.9,8440.2,2025-01-02
2025010204009167,SHPC,60,54,10.0,447.0,4470.0,2025-01-02
2025010201018572,TVCL,70,14,95.0,648.7,61626.5,2025-01-02
2025010201018571,TVCL,46,14,105.0,649.0,68145.0,2025-01-02
2025010203012023,JFL,4,47,260.0,750.0,195000.0,2025-01-02
2025010203012022,JFL,38,47,107.0,751.0,80357.0,2025-01-02
2025010205009587,MBJC,13,78,170.0,330.3,56151.0,2025-01-02
2025010205009586,MBJC,13,58,40.0,330.3,13212.0,2025-01-02
2025010205009585,MBJC,13,44,50.0,330.3,16515.0,2025-01-02
2025010205009584,MBJC,13,56,90.0,330.0,29700.0,2025-01-02
2025010205009583,MBJC,13,32,150.0,330.0,49500.0,2025-01-02
2025010205009582,MBJC,13,52,40.0,330.0,13200.0,2025-01-02
2025010205009581,MBJC,13,57,90.0,329.0,29610.0,2025-01-02
2025010205009580,MBJC,13,51,10.0,329.0,3290.0,2025-01-02
2025010205009579,MBJC,13,1,90.0,329.0,29610.0,2025-01-02
2025010205009578,MBJC,13,17,110.0,329.0,36190.0,2025-01-02
2025010205009577,MBJC,13,58,10.0,329.0,3290.0,2025-01-02
2025010205009576,MBJC,13,6,50.0,328.1,16405.0,2025-01-02
2025010205009575,MBJC,13,45,90.0,328.0,29520.0,2025-01-02
2025010205009574,MBJC,13,38,10.0,328.0,3280.0,2025-01-02
2025010205009573,GCIL,57,49,20.0,500.0,10000.0,2025-01-02
2025010205009572,GCIL,57,43,200.0,490.0,98000.0,2025-01-02
2025010205009571,GCIL,57,34,50.0,489.0,24450.0,2025-01-02
2025010203012021,NUBL,90,26,40.0,676.6,27064.0,2025-01-02
2025010203012020,NUBL,89,26,50.0,676.7,33835.0,2025-01-02
2025010203012019,NUBL,34,26,10.0,682.9,6829.0,2025-01-02
2025010203012018,JFL,38,8,100.0,751.0,75100.0,2025-01-02
2025010203012017,LICN,41,11,75.0,1123.0,84225.0,2025-01-02
2025010203012016,LICN,41,32,25.0,1122.1,28052.5,2025-01-02
2025010205009570,SMATA,42,19,10.0,812.0,8120.0,2025-01-02
2025010201018570,USHL,58,34,20.0,818.0,16360.0,2025-01-02
2025010204009166,UMHL,34,55,10.0,322.0,3220.0,2025-01-02
2025010204009165,UMHL,34,32,210.0,321.9,67599.0,2025-01-02
2025010204009164,UMHL,34,16,50.0,321.9,16095.0,2025-01-02
2025010203012015,NFS,58,34,24.0,1040.0,24960.0,2025-01-02
2025010204009163,UMRH,69,57,10.0,614.0,6140.0,2025-01-02
2025010201018569,HHL,58,45,10.0,507.0,5070.0,2025-01-02
2025010201018568,RHGCL,39,17,480.0,554.0,265920.0,2025-01-02
2025010201018567,RHGCL,39,19,155.0,553.9,85854.5,2025-01-02
2025010201018566,RHGCL,39,17,10.0,553.0,5530.0,2025-01-02
2025010201018565,RHGCL,39,57,155.0,553.0,85715.0,2025-01-02
2025010204009162,API,47,42,300.0,259.0,77700.0,2025-01-02
2025010204009161,API,89,42,20.0,259.0,5180.0,2025-01-02
2025010204009160,API,49,42,160.0,259.0,41440.0,2025-01-02
2025010204009159,API,56,42,67.0,259.0,17353.0,2025-01-02
2025010204009158,API,42,42,50.0,259.1,12955.0,2025-01-02
2025010201018564,HHL,60,59,200.0,508.0,101600.0,2025-01-02
2025010204009157,PPCL,26,50,132.0,270.4,35692.8,2025-01-02
2025010204009156,PPCL,45,50,68.0,270.4,18387.2,2025-01-02
2025010203012014,FMDBL,7,8,100.0,734.0,73400.0,2025-01-02
2025010201018563,RHGCL,82,57,15.0,553.0,8295.0,2025-01-02
2025010201018562,RHGCL,82,32,25.0,553.0,13825.0,2025-01-02
2025010201018561,RHGCL,82,42,10.0,553.0,5530.0,2025-01-02
2025010204009155,CHCL,35,92,130.0,510.3,66339.0,2025-01-02
2025010204009154,CHCL,45,92,35.0,511.0,17885.0,2025-01-02
2025010203012013,JFL,38,57,43.0,751.0,32293.0,2025-01-02
2025010201018560,TVCL,46,32,50.0,649.0,32450.0,2025-01-02
2025010201018559,TVCL,46,32,200.0,649.0,129800.0,2025-01-02
2025010201018558,TVCL,46,42,20.0,649.0,12980.0,2025-01-02
2025010201018557,TVCL,46,26,10.0,648.9,6489.0,2025-01-02
2025010203012012,FMDBL,54,82,68.0,734.0,49912.0,2025-01-02
2025010201018556,SMHL,6,44,10.0,1330.0,13300.0,2025-01-02
2025010201018555,SMHL,65,57,10.0,1328.0,13280.0,2025-01-02
2025010204009153,NLG,57,55,10.0,982.0,9820.0,2025-01-02
2025010201018554,MEHL,74,45,120.0,463.9,55668.0,2025-01-02
2025010201018553,MEHL,74,16,50.0,463.7,23185.0,2025-01-02
2025010201018552,MEHL,74,49,30.0,463.0,13890.0,2025-01-02
2025010204009152,SPDL,33,63,100.0,330.0,33000.0,2025-01-02
2025010204009151,SPDL,33,13,200.0,326.9,65380.0,2025-01-02
2025010201018551,MKJC,34,66,500.0,520.0,260000.0,2025-01-02
2025010201018550,MKJC,11,66,300.0,520.1,156030.0,2025-01-02
2025010201018549,MKJC,48,66,10.0,521.7,5217.0,2025-01-02
2025010201018548,MKJC,42,66,200.0,522.5,104500.0,2025-01-02
2025010201018547,MKJC,55,66,95.0,523.0,49685.0,2025-01-02
2025010201018546,MKJC,55,66,105.0,523.0,54915.0,2025-01-02
2025010204009150,KKHC,58,8,100.0,373.0,37300.0,2025-01-02
2025010204009149,KKHC,21,8,10.0,373.0,3730.0,2025-01-02
2025010204009148,KKHC,21,8,10.0,373.1,3731.0,2025-01-02
2025010204009147,KKHC,6,8,190.0,373.3,70927.0,2025-01-02
2025010204009146,KKHC,21,8,10.0,374.0,3740.0,2025-01-02
2025010204009145,KKHC,87,8,149.0,374.0,55726.0,2025-01-02
2025010201018545,DOLTI,91,52,481.0,710.0,341510.0,2025-01-02
2025010201018544,KBSH,45,41,10.0,2462.0,24620.0,2025-01-02
2025010203012011,RLFL,21,19,50.0,546.0,27300.0,2025-01-02
2025010203012010,RLFL,44,19,14.0,546.0,7644.0,2025-01-02
2025010204009144,CHL,69,19,263.0,395.3,103963.9,2025-01-02
2025010204009143,CHL,61,19,50.0,395.5,19775.0,2025-01-02
2025010204009142,CHL,48,19,87.0,395.5,34408.5,2025-01-02
2025010204009141,CHL,49,19,100.0,395.6,39560.0,2025-01-02
2025010203012009,USLB,19,38,53.0,1560.0,82680.0,2025-01-02
2025010204009140,IGI,4,35,44.0,571.6,25150.4,2025-01-02
2025010204009139,IGI,37,35,100.0,571.6,57160.0,2025-01-02
2025010204009138,IGI,54,35,256.0,571.6,146329.6,2025-01-02
2025010201018543,USHL,58,54,30.0,818.0,24540.0,2025-01-02
2025010201018542,SHLB,45,32,20.0,2666.0,53320.0,2025-01-02
2025010201018541,SHLB,58,32,45.0,2666.1,119974.5,2025-01-02
2025010201018540,SHLB,42,32,55.0,2667.0,146685.0,2025-01-02
2025010204009137,SSHL,17,25,50.0,220.2,11010.0,2025-01-02
2025010204009136,SSHL,56,25,50.0,220.3,11015.0,2025-01-02
2025010201018539,MMKJL,55,78,500.0,684.7,342350.0,2025-01-02
2025010204009135,AKJCL,68,58,231.0,194.5,44929.5,2025-01-02
2025010204009134,CHL,38,48,20.0,396.0,7920.0,2025-01-02
2025010204009133,UMRH,28,57,10.0,614.0,6140.0,2025-01-02
2025010203012008,GRDBL,14,60,100.0,1004.8,100480.0,2025-01-02
2025010205009569,ENL,57,57,10.0,1192.0,11920.0,2025-01-02
2025010201018538,SPL,58,81,75.0,945.1,70882.5,2025-01-02
2025010204009132,JOSHI,57,39,10.0,440.0,4400.0,2025-01-02
2025010203012007,GFCL,95,36,105.0,797.0,83685.0,2025-01-02
2025010201018537,TAMOR,56,33,32.0,498.3,15945.6,2025-01-02
2025010201018536,TAMOR,45,33,18.0,498.4,8971.2,2025-01-02
2025010205009568,RNLI,42,41,36.0,498.0,17928.0,2025-01-02
2025010205009567,RNLI,52,41,14.0,498.0,6972.0,2025-01-02
2025010205009566,RNLI,59,41,100.0,498.0,49800.0,2025-01-02
2025010203012006,PMLI,58,17,47.0,517.2,24308.4,2025-01-02
2025010203012005,LBBL,6,34,63.0,481.1,30309.3,2025-01-02
2025010203012004,EDBL,38,34,315.0,580.1,182731.5,2025-01-02
2025010203012003,EDBL,38,34,485.0,580.1,281348.5,2025-01-02
2025010203012002,NICLBSL,40,50,20.0,655.0,13100.0,2025-01-02
2025010205009565,HDL,40,74,22.0,1362.0,29964.0,2025-01-02
2025010205009564,RNLI,38,42,21.0,500.0,10500.0,2025-01-02
2025010205009563,RNLI,38,14,11.0,500.0,5500.0,2025-01-02
2025010205009562,RNLI,38,51,11.0,500.0,5500.0,2025-01-02
2025010205009561,RNLI,38,43,16.0,500.0,8000.0,2025-01-02
2025010205009560,RNLI,38,49,11.0,500.0,5500.0,2025-01-02
2025010205009559,RNLI,38,49,11.0,500.0,5500.0,2025-01-02
2025010205009558,RNLI,38,45,11.0,500.0,5500.0,2025-01-02
2025010205009557,RNLI,38,1,108.0,499.8,53978.4,2025-01-02
2025010201018535,CYCL,62,34,10.0,1581.0,15810.0,2025-01-02
2025010204009131,SALICO,26,48,80.0,706.0,56480.0,2025-01-02
2025010204009130,JOSHI,6,39,100.0,440.0,44000.0,2025-01-02
2025010204009129,HPPL,42,6,2160.0,397.3,858168.0,2025-01-02
2025010204009128,HPPL,78,6,500.0,397.5,198750.0,2025-01-02
2025010204009127,HPPL,53,6,100.0,397.6,39760.0,2025-01-02
2025010204009126,HPPL,45,6,740.0,397.7,294298.0,2025-01-02
2025010204009125,UAIL,53,35,100.0,649.0,64900.0,2025-01-02
2025010204009124,HPPL,45,57,1000.0,397.7,397700.0,2025-01-02
2025010204009123,GLH,88,33,45.0,237.0,10665.0,2025-01-02
2025010204009122,GLH,88,68,200.0,237.0,47400.0,2025-01-02
2025010204009121,GLH,88,40,700.0,237.0,165900.0,2025-01-02
2025010204009120,GLH,88,21,50.0,237.0,11850.0,2025-01-02
2025010204009119,GLH,88,29,100.0,237.0,23700.0,2025-01-02
2025010204009118,GLH,88,32,890.0,236.0,210040.0,2025-01-02
2025010204009117,GLH,88,57,200.0,236.0,47200.0,2025-01-02
2025010204009116,GLH,88,25,100.0,236.0,23600.0,2025-01-02
2025010204009115,GLH,88,56,10.0,236.0,2360.0,2025-01-02
2025010204009114,GLH,88,55,400.0,235.6,94240.0,2025-01-02
2025010204009113,GLH,88,51,10.0,235.0,2350.0,2025-01-02
2025010204009112,GLH,88,42,500.0,235.0,117500.0,2025-01-02
2025010204009111,GLH,88,45,100.0,235.0,23500.0,2025-01-02
2025010204009110,GLH,88,45,10.0,235.0,2350.0,2025-01-02
2025010204009109,GLH,88,32,500.0,235.0,117500.0,2025-01-02
2025010204009108,GLH,88,6,10.0,235.0,2350.0,2025-01-02
2025010204009107,GLH,88,57,450.0,234.6,105570.0,2025-01-02
2025010204009106,GLH,88,38,10.0,234.6,2346.0,2025-01-02
2025010204009105,GLH,88,55,200.0,234.5,46900.0,2025-01-02
2025010204009104,GLH,88,52,10.0,234.4,2344.0,2025-01-02
2025010204009103,GLH,88,16,500.0,233.9,116950.0,2025-01-02
2025010204009102,GLH,88,16,5000.0,233.8,1169000.0,2025-01-02
2025010204009101,GLH,88,43,1100.0,233.7,257070.0,2025-01-02
2025010204009100,GLH,88,55,90.0,233.5,21015.0,2025-01-02
2025010204009099,GLH,88,32,500.0,233.0,116500.0,2025-01-02
2025010204009098,GLH,88,4,90.0,233.0,20970.0,2025-01-02
2025010204009097,GLH,88,33,10.0,233.0,2330.0,2025-01-02
2025010204009096,GLH,88,25,220.0,232.0,51040.0,2025-01-02
2025010204009095,GLH,88,16,475.0,231.5,109962.5,2025-01-02
2025010204009094,SHEL,14,61,100.0,234.0,23400.0,2025-01-02
2025010204009093,SHEL,55,61,200.0,234.0,46800.0,2025-01-02
2025010204009092,SHEL,28,61,150.0,234.1,35115.0,2025-01-02
2025010201018534,MKCL,18,17,100.0,1450.0,145000.0,2025-01-02
2025010204009091,MHNL,19,34,10.0,245.0,2450.0,2025-01-02
2025010201018533,KDL,34,68,45.0,1101.0,49545.0,2025-01-02
2025010205009556,NTC,14,34,10.0,918.1,9181.0,2025-01-02
2025010204009090,NLG,55,21,200.0,981.0,196200.0,2025-01-02
2025010205009555,PHCL,17,35,10.0,536.0,5360.0,2025-01-02
2025010201018532,MSHL,64,45,180.0,937.1,168678.0,2025-01-02
2025010201018531,MSHL,4,45,20.0,937.2,18744.0,2025-01-02
2025010201018530,NICA,6,45,1020.0,385.0,392700.0,2025-01-02
2025010201018529,MBL,58,82,200.0,231.0,46200.0,2025-01-02
2025010203012001,SIFC,32,80,20.0,565.0,11300.0,2025-01-02
2025010203012000,SIFC,32,42,10.0,565.0,5650.0,2025-01-02
2025010203011999,SIFC,32,63,100.0,565.0,56500.0,2025-01-02
2025010203011998,SIFC,32,36,100.0,565.0,56500.0,2025-01-02
2025010203011997,SIFC,32,48,70.0,564.0,39480.0,2025-01-02
2025010203011996,SIFC,32,48,90.0,564.0,50760.0,2025-01-02
2025010203011995,NFS,58,32,25.0,1040.0,26000.0,2025-01-02
2025010203011994,SFCL,94,42,300.0,595.1,178530.0,2025-01-02
2025010203011993,SKBBL,61,14,70.0,805.0,56350.0,2025-01-02
2025010203011992,SKBBL,47,14,10.0,805.0,8050.0,2025-01-02
2025010203011991,SKBBL,58,14,10.0,805.0,8050.0,2025-01-02
2025010203011990,SKBBL,49,14,50.0,805.0,40250.0,2025-01-02
2025010203011989,SKBBL,50,14,100.0,805.0,80500.0,2025-01-02
2025010203011988,SKBBL,33,14,100.0,805.0,80500.0,2025-01-02
2025010203011987,SKBBL,47,14,10.0,805.1,8051.0,2025-01-02
2025010201018528,SMHL,65,14,10.0,1328.0,13280.0,2025-01-02
2025010203011986,KMCDB,49,41,164.0,1099.0,180236.0,2025-01-02
2025010203011985,KMCDB,49,50,10.0,1098.0,10980.0,2025-01-02
2025010203011984,KMCDB,49,17,100.0,1098.0,109800.0,2025-01-02
2025010203011983,KMCDB,49,32,90.0,1097.9,98811.0,2025-01-02
2025010203011982,KMCDB,49,58,10.0,1097.8,10978.0,2025-01-02
2025010201018527,USHL,11,54,10.0,818.0,8180.0,2025-01-02
2025010203011981,PMLI,58,11,12.0,517.2,6206.4,2025-01-02
2025010201018526,DORDI,48,89,50.0,528.0,26400.0,2025-01-02
2025010204009089,NGPL,48,48,300.0,254.9,76470.0,2025-01-02
2025010204009088,SICL,48,44,266.0,797.8,212214.8,2025-01-02
2025010205009554,NRM,32,57,100.0,425.0,42500.0,2025-01-02
2025010203011980,GMFIL,77,33,200.0,521.9,104380.0,2025-01-02
2025010204009087,AHPC,66,21,1000.0,244.4,244400.0,2025-01-02
2025010204009086,JOSHI,72,19,100.0,439.0,43900.0,2025-01-02
2025010203011979,JFL,4,86,200.0,750.0,150000.0,2025-01-02
2025010204009085,JOSHI,38,19,100.0,439.1,43910.0,2025-01-02
2025010205009553,HDL,1,74,11.0,1362.0,14982.0,2025-01-02
2025010203011978,SKBBL,47,1,50.0,805.1,40255.0,2025-01-02
2025010203011977,SMB,36,28,10.0,2760.0,27600.0,2025-01-02
2025010201018525,KBSH,36,36,20.0,2462.1,49242.0,2025-01-02
2025010204009084,AHPC,45,21,174.0,244.4,42525.6,2025-01-02
2025010203011976,JFL,4,43,40.0,750.0,30000.0,2025-01-02
2025010203011975,JFL,80,43,110.0,750.0,82500.0,2025-01-02
2025010203011974,JFL,26,43,100.0,750.1,75010.0,2025-01-02
2025010203011973,EDBL,38,99,315.0,580.1,182731.5,2025-01-02
2025010203011972,EDBL,32,99,10.0,581.0,5810.0,2025-01-02
2025010201018524,MBL,58,82,10.0,231.0,2310.0,2025-01-02
2025010203011971,SAPDBL,58,17,10.0,945.5,9455.0,2025-01-02
2025010203011970,NFS,58,7,17.0,1040.0,17680.0,2025-01-02
2025010205009552,RNLI,55,55,31.0,498.0,15438.0,2025-01-02
2025010205009551,RNLI,48,55,80.0,498.1,39848.0,2025-01-02
2025010201018523,BEDC,75,28,408.0,758.0,309264.0,2025-01-02
2025010203011969,JFL,38,57,10.0,751.0,7510.0,2025-01-02
2025010205009550,PHCL,17,38,10.0,536.0,5360.0,2025-01-02
2025010203011968,JFL,48,57,100.0,751.0,75100.0,2025-01-02
2025010201018522,SPC,41,7,50.0,492.0,24600.0,2025-01-02
2025010204009083,NGPL,59,48,20.0,254.9,5098.0,2025-01-02
2025010205009549,RNLI,48,36,10.0,498.1,4981.0,2025-01-02
2025010204009082,UMHL,44,17,10.0,320.6,3206.0,2025-01-02
2025010203011967,NABBC,17,21,10.0,1034.0,10340.0,2025-01-02
2025010203011966,NABBC,17,1,10.0,1034.0,10340.0,2025-01-02
2025010203011965,SIFC,91,41,500.0,563.2,281600.0,2025-01-02
2025010203011964,HLI,94,41,40.0,441.6,17664.0,2025-01-02
2025010201018521,MANDU,39,34,10.0,898.0,8980.0,2025-01-02
2025010201018520,SHLB,42,45,15.0,2667.0,40005.0,2025-01-02
2025010201018519,TVCL,70,45,990.0,648.7,642213.0,2025-01-02
2025010201018518,TVCL,62,45,10.0,648.9,6489.0,2025-01-02
2025010203011963,PFL,45,38,60.0,524.0,31440.0,2025-01-02
2025010203011962,SJLIC,58,34,45.0,445.0,20025.0,2025-01-02
2025010203011961,MNBBL,58,32,29.0,370.7,10750.3,2025-01-02
2025010205009548,HATHY,77,25,18.0,1319.0,23742.0,2025-01-02
2025010201018517,SBL,22,56,10.0,297.0,2970.0,2025-01-02
2025010203011960,NFS,72,38,110.0,1039.9,114389.0,2025-01-02
2025010203011959,JBBL,96,11,235.0,365.9,85986.5,2025-01-02
2025010203011958,JBBL,95,11,265.0,366.0,96990.0,2025-01-02
2025010203011957,NFS,72,38,100.0,1039.9,103990.0,2025-01-02
2025010203011956,JFL,54,57,57.0,751.0,42807.0,2025-01-02
2025010204009081,UMRH,71,57,1000.0,612.0,612000.0,2025-01-02
2025010201018516,ADBL,56,41,130.0,305.2,39676.0,2025-01-02
2025010201018515,TVCL,69,4,18.0,649.7,11694.6,2025-01-02
2025010201018514,TVCL,69,57,12.0,649.7,7796.4,2025-01-02
2025010204009080,HURJA,21,25,465.0,224.5,104392.5,2025-01-02
2025010204009079,HURJA,21,58,35.0,224.5,7857.5,2025-01-02
2025010201018513,USHL,35,54,10.0,818.0,8180.0,2025-01-02
2025010205009547,MEL,56,45,10.0,308.5,3085.0,2025-01-02
2025010201018512,RFPL,42,45,10.0,1118.0,11180.0,2025-01-02
2025010204009078,GHL,11,45,410.0,201.0,82410.0,2025-01-02
2025010204009077,GHL,33,45,40.0,201.0,8040.0,2025-01-02
2025010204009076,GHL,49,45,100.0,201.0,20100.0,2025-01-02
2025010204009075,GHL,42,45,1000.0,201.0,201000.0,2025-01-02
2025010204009074,GHL,45,45,180.0,201.0,36180.0,2025-01-02
2025010204009073,GHL,8,45,100.0,201.0,20100.0,2025-01-02
2025010204009072,GHL,18,45,70.0,201.0,14070.0,2025-01-02
2025010204009071,GHL,58,45,100.0,202.0,20200.0,2025-01-02
2025010204009070,UPCL,4,45,375.0,265.0,99375.0,2025-01-02
2025010201018511,SMHL,65,58,10.0,1328.0,13280.0,2025-01-02
2025010201018510,KBL,14,16,250.0,212.9,53225.0,2025-01-02
2025010201018509,KBL,14,59,750.0,212.8,159600.0,2025-01-02
2025010201018508,MCHL,64,42,300.0,609.0,182700.0,2025-01-02
2025010204009069,NHDL,44,58,10.0,705.0,7050.0,2025-01-02
2025010204009068,HURJA,11,44,20.0,224.3,4486.0,2025-01-02
2025010204009067,AHPC,45,46,50.0,244.4,12220.0,2025-01-02
2025010205009546,MEL,56,56,510.0,308.5,157335.0,2025-01-02
2025010205009545,MEL,21,56,490.0,308.7,151263.0,2025-01-02
2025010203011955,SFCL,94,38,130.0,595.1,77363.0,2025-01-02
2025010203011954,SFCL,45,38,20.0,595.2,11904.0,2025-01-02
2025010203011953,SFCL,62,38,100.0,595.2,59520.0,2025-01-02
2025010203011952,GMFIL,88,38,80.0,521.0,41680.0,2025-01-02
2025010201018507,ADBL,56,38,21.0,305.2,6409.2,2025-01-02
2025010201018506,ADBL,22,38,15.0,305.3,4579.5,2025-01-02
2025010201018505,ADBL,36,38,50.0,305.3,15265.0,2025-01-02
2025010201018504,ADBL,36,38,14.0,305.3,4274.2,2025-01-02
2025010203011951,JBBL,95,13,500.0,366.0,183000.0,2025-01-02
2025010203011950,SAPDBL,71,17,100.0,945.5,94550.0,2025-01-02
2025010201018503,SBL,29,56,10.0,297.0,2970.0,2025-01-02
2025010203011949,NFS,72,20,480.0,1039.9,499152.0,2025-01-02
2025010203011948,SMFBS,14,57,125.0,1924.0,240500.0,2025-01-02
2025010203011947,SMFBS,60,57,25.0,1924.1,48102.5,2025-01-02
2025010203011946,PFL,19,17,22.0,522.1,11486.2,2025-01-02
2025010203011945,PFL,45,17,18.0,522.1,9397.8,2025-01-02
2025010203011944,PFL,45,17,250.0,523.0,130750.0,2025-01-02
2025010203011943,PFL,25,17,50.0,523.1,26155.0,2025-01-02
2025010203011942,PFL,95,17,100.0,523.1,52310.0,2025-01-02
2025010203011941,PFL,88,17,60.0,523.1,31386.0,2025-01-02
2025010205009544,CLI,60,28,8.0,680.5,5444.0,2025-01-02
2025010205009543,CLI,18,28,10.0,680.5,6805.0,2025-01-02
2025010204009066,GLH,16,16,5000.0,231.5,1157500.0,2025-01-02
2025010204009065,GLH,1,16,525.0,231.6,121590.0,2025-01-02
2025010201018502,MANDU,39,41,100.0,898.0,89800.0,2025-01-02
2025010203011940,SHINE,19,45,97.0,413.0,40061.0,2025-01-02
2025010203011939,SHINE,57,45,100.0,413.0,41300.0,2025-01-02
2025010203011938,SHINE,21,45,50.0,413.0,20650.0,2025-01-02
2025010203011937,SHINE,62,45,143.0,413.0,59059.0,2025-01-02
2025010205009542,HDL,18,45,28.0,1361.0,38108.0,2025-01-02
2025010205009541,HDL,39,45,20.0,1361.0,27220.0,2025-01-02
2025010205009540,HDL,45,45,70.0,1361.0,95270.0,2025-01-02
2025010205009539,HDL,56,45,20.0,1361.0,27220.0,2025-01-02
2025010205009538,HDL,25,45,50.0,1361.0,68050.0,2025-01-02
2025010205009537,HDL,17,45,10.0,1361.0,13610.0,2025-01-02
2025010205009536,HDL,22,45,20.0,1361.0,27220.0,2025-01-02
2025010205009535,HDL,32,45,70.0,1361.0,95270.0,2025-01-02
2025010205009534,HDL,17,45,15.0,1361.0,20415.0,2025-01-02
2025010205009533,HDL,45,45,350.0,1361.0,476350.0,2025-01-02
2025010205009532,HDL,91,45,100.0,1361.0,136100.0,2025-01-02
2025010205009531,HDL,40,45,17.0,1361.1,23138.7,2025-01-02
2025010205009530,HDL,17,45,10.0,1361.1,13611.0,2025-01-02
2025010205009529,HDL,77,45,10.0,1361.5,13615.0,2025-01-02
2025010205009528,HDL,53,45,200.0,1361.5,272300.0,2025-01-02
2025010205009527,HDL,94,45,10.0,1361.5,13615.0,2025-01-02
2025010205009526,HDL,53,45,200.0,1361.5,272300.0,2025-01-02
2025010205009525,HDL,36,45,365.0,1361.6,496984.0,2025-01-02
2025010205009524,HDL,32,45,10.0,1362.0,13620.0,2025-01-02
2025010205009523,HDL,58,45,350.0,1362.0,476700.0,2025-01-02
2025010205009522,HDL,34,45,75.0,1362.0,102150.0,2025-01-02
2025010203011936,MDB,32,19,10.0,634.0,6340.0,2025-01-02
2025010204009064,GHL,58,41,50.0,202.0,10100.0,2025-01-02
2025010203011935,SMPDA,45,44,15.0,911.2,13668.0,2025-01-02
2025010203011934,PFL,22,38,10.0,524.0,5240.0,2025-01-02
2025010201018501,CYCL,62,34,10.0,1581.0,15810.0,2025-01-02
2025010203011933,MNBBL,47,38,20.0,370.8,7416.0,2025-01-02
2025010201018500,KBL,52,59,235.0,212.8,50008.0,2025-01-02
2025010201018499,KBL,22,59,15.0,212.8,3192.0,2025-01-02
2025010203011932,SWMF,54,81,10.0,759.0,7590.0,2025-01-02
2025010203011931,SWMF,48,81,30.0,759.0,22770.0,2025-01-02
2025010203011930,SWMF,57,81,10.0,760.0,7600.0,2025-01-02
2025010201018498,IHL,81,82,855.0,674.0,576270.0,2025-01-02
2025010201018497,IHL,81,4,145.0,674.0,97730.0,2025-01-02
2025010203011929,JFL,54,44,33.0,751.0,24783.0,2025-01-02
2025010201018496,SMHL,65,57,10.0,1328.0,13280.0,2025-01-02
2025010201018495,HBL,6,33,400.0,236.0,94400.0,2025-01-02
2025010201018494,HBL,32,33,50.0,238.0,11900.0,2025-01-02
2025010201018493,HBL,57,33,50.0,238.0,11900.0,2025-01-02
2025010201018492,HBL,42,33,270.0,238.1,64287.0,2025-01-02
2025010201018491,EBL,49,98,50.0,578.0,28900.0,2025-01-02
2025010201018490,EBL,28,98,50.0,578.0,28900.0,2025-01-02
2025010201018489,EBL,13,98,153.0,578.0,88434.0,2025-01-02
2025010201018488,EBL,58,98,50.0,578.5,28925.0,2025-01-02
2025010201018487,CKHL,34,57,10.0,755.0,7550.0,2025-01-02
2025010203011928,SINDU,43,35,13.0,790.0,10270.0,2025-01-02
2025010203011927,SINDU,58,35,200.0,790.1,158020.0,2025-01-02
2025010203011926,SINDU,94,35,100.0,790.2,79020.0,2025-01-02
2025010203011925,SINDU,58,35,10.0,792.0,7920.0,2025-01-02
2025010203011924,SINDU,71,35,100.0,792.1,79210.0,2025-01-02
2025010203011923,SINDU,45,35,100.0,793.0,79300.0,2025-01-02
2025010203011922,SINDU,49,35,352.0,793.0,279136.0,2025-01-02
2025010203011921,SINDU,54,35,60.0,799.5,47970.0,2025-01-02
2025010203011920,SINDU,71,35,100.0,803.0,80300.0,2025-01-02
2025010201018486,BEDC,75,35,100.0,758.0,75800.0,2025-01-02
2025010204009063,PRIN,45,60,30.0,965.0,28950.0,2025-01-02
2025010201018485,ULBSL,45,21,15.0,4203.0,63045.0,2025-01-02
2025010201018484,ULBSL,45,10,15.0,4200.0,63000.0,2025-01-02
2025010204009062,HPPL,45,36,250.0,397.7,99425.0,2025-01-02
2025010203011919,CORBL,87,69,10.0,1593.9,15939.0,2025-01-02
2025010201018483,AVYAN,34,65,20.0,1009.1,20182.0,2025-01-02
2025010204009061,HPPL,32,33,500.0,397.8,198900.0,2025-01-02
2025010201018482,MAKAR,26,42,425.0,622.3,264477.5,2025-01-02
2025010201018481,MHCL,39,42,235.0,528.5,124197.5,2025-01-02
2025010201018480,MHCL,58,42,50.0,528.5,26425.0,2025-01-02
2025010201018479,MHCL,39,42,100.0,529.0,52900.0,2025-01-02
2025010201018478,MHCL,52,42,95.0,529.0,50255.0,2025-01-02
2025010201018477,MHCL,45,42,100.0,529.0,52900.0,2025-01-02
2025010201018476,MHCL,25,42,150.0,529.1,79365.0,2025-01-02
2025010201018475,MHCL,39,42,90.0,529.1,47619.0,2025-01-02
2025010205009521,NRN,60,92,100.0,1034.0,103400.0,2025-01-02
2025010201018474,PRVU,17,55,1000.0,225.2,225200.0,2025-01-02
2025010204009060,UMRH,71,96,123.0,612.0,75276.0,2025-01-02
2025010204009059,UMRH,44,96,500.0,612.0,306000.0,2025-01-02
2025010204009058,UMRH,45,96,500.0,612.0,306000.0,2025-01-02
2025010201018473,SCB,28,45,10.0,671.0,6710.0,2025-01-02
2025010201018472,BHPL,29,46,20.0,840.0,16800.0,2025-01-02
2025010201018471,SNLI,26,49,192.0,620.0,119040.0,2025-01-02
2025010201018470,SNLI,29,49,15.0,620.0,9300.0,2025-01-02
2025010201018469,SNLI,5,49,100.0,620.0,62000.0,2025-01-02
2025010201018468,SNLI,44,49,200.0,620.1,124020.0,2025-01-02
2025010205009520,HDL,34,53,125.0,1362.0,170250.0,2025-01-02
2025010205009519,HDL,50,53,75.0,1362.0,102150.0,2025-01-02
2025010201018467,MHCL,7,58,200.0,532.0,106400.0,2025-01-02
2025010201018466,AHL,41,57,150.0,716.0,107400.0,2025-01-02
2025010204009057,NHPC,47,57,37.0,210.0,7770.0,2025-01-02
2025010204009056,HPPL,21,33,10.0,397.8,3978.0,2025-01-02
2025010201018465,DOLTI,91,1,19.0,710.0,13490.0,2025-01-02
2025010203011918,EDBL,32,43,10.0,581.0,5810.0,2025-01-02
2025010201018464,ANLB,39,39,20.0,5654.0,113080.0,2025-01-02
2025010203011917,SFCL,5,42,100.0,596.0,59600.0,2025-01-02
2025010204009055,SGIC,77,22,10.0,673.0,6730.0,2025-01-02
2025010205009518,CIT,28,56,10.0,2100.0,21000.0,2025-01-02
2025010203011916,PMLI,41,60,12.0,517.1,6205.2,2025-01-02
2025010204009054,GLH,45,49,130.0,231.9,30147.0,2025-01-02
2025010205009517,MBJC,53,38,40.0,328.0,13120.0,2025-01-02
2025010203011915,FMDBL,33,82,10.0,734.0,7340.0,2025-01-02
2025010205009516,GIBF1,17,43,100.0,9.99,999.0,2025-01-02
2025010205009515,GIBF1,17,58,100.0,9.98,998.0,2025-01-02
2025010205009514,GIBF1,17,35,100.0,9.98,998.0,2025-01-02
2025010205009513,GIBF1,17,34,100.0,9.97,997.0,2025-01-02
2025010205009512,GIBF1,17,4,100.0,9.95,995.0,2025-01-02
2025010203011914,NABBC,17,49,11.0,1033.0,11363.0,2025-01-02
2025010204009053,AKPL,41,39,23.0,229.9,5287.7,2025-01-02
2025010201018463,SNLI,1,49,12.0,621.0,7452.0,2025-01-02
2025010203011913,HLBSL,58,1,10.0,931.0,9310.0,2025-01-02
2025010204009052,NHDL,20,98,390.0,696.0,271440.0,2025-01-02
2025010204009051,NHDL,36,98,120.0,696.1,83532.0,2025-01-02
2025010203011912,GBBL,6,34,39.0,393.3,15338.7,2025-01-02
2025010203011911,GBBL,35,34,25.0,393.5,9837.5,2025-01-02
2025010203011910,GBBL,45,34,200.0,394.0,78800.0,2025-01-02
2025010203011909,GBBL,25,34,255.0,394.0,100470.0,2025-01-02
2025010203011908,GBBL,55,34,100.0,394.0,39400.0,2025-01-02
2025010203011907,GBBL,41,34,28.0,394.0,11032.0,2025-01-02
2025010203011906,GBBL,18,34,48.0,394.0,18912.0,2025-01-02
2025010201018462,CZBIL,35,25,100.0,219.0,21900.0,2025-01-02
2025010204009050,NHPC,57,35,1000.0,210.1,210100.0,2025-01-02
2025010203011905,BFC,45,58,100.0,655.0,65500.0,2025-01-02
2025010203011904,BFC,45,41,100.0,654.0,65400.0,2025-01-02
2025010203011903,SWBBL,57,45,10.0,866.4,8664.0,2025-01-02
2025010201018461,NMB,37,28,10.0,246.0,2460.0,2025-01-02
2025010205009511,HDL,50,8,25.0,1362.0,34050.0,2025-01-02
2025010204009049,GHL,14,41,150.0,202.0,30300.0,2025-01-02
2025010203011902,NFS,42,7,83.0,1040.0,86320.0,2025-01-02
2025010203011901,NFS,42,33,17.0,1040.0,17680.0,2025-01-02
2025010201018460,ADBL,58,41,15.0,306.0,4590.0,2025-01-02
2025010201018459,GBIME,58,33,30.0,223.9,6717.0,2025-01-02
2025010205009510,SHIVM,43,48,100.0,507.0,50700.0,2025-01-02
2025010205009509,SHIVM,44,48,133.0,507.0,67431.0,2025-01-02
2025010203011900,GUFL,81,48,25.0,662.0,16550.0,2025-01-02
2025010204009048,NLG,55,48,300.0,981.0,294300.0,2025-01-02
2025010204009047,NLG,55,48,1400.0,981.0,1373400.0,2025-01-02
2025010205009508,NIFRA,49,56,63.0,247.0,15561.0,2025-01-02
2025010205009507,NIFRA,49,48,37.0,247.0,9139.0,2025-01-02
2025010201018458,SRLI,13,26,10.0,422.5,4225.0,2025-01-02
2025010201018457,HHL,36,59,20.0,508.0,10160.0,2025-01-02
2025010205009506,HDL,6,8,100.0,1362.0,136200.0,2025-01-02
2025010205009505,NRN,60,6,400.0,1034.0,413600.0,2025-01-02
2025010201018456,BEDC,75,8,160.0,758.0,121280.0,2025-01-02
2025010201018455,SCB,33,58,106.0,670.7,71094.2,2025-01-02
2025010203011899,SADBL,89,56,310.0,391.0,121210.0,2025-01-02
2025010203011898,SADBL,89,74,100.0,391.0,39100.0,2025-01-02
2025010201018454,HHL,36,59,250.0,508.0,127000.0,2025-01-02
2025010203011897,SHINE,41,34,24.0,414.0,9936.0,2025-01-02
2025010204009046,MEN,43,35,350.0,586.4,205240.0,2025-01-02
2025010204009045,MEN,58,35,80.0,586.5,46920.0,2025-01-02
2025010201018453,JBLB,43,57,10.0,1366.0,13660.0,2025-01-02
2025010201018452,JBLB,43,38,10.0,1365.3,13653.0,2025-01-02
2025010203011896,LBBL,10,45,136.0,481.3,65456.8,2025-01-02
2025010201018451,GBIME,53,14,460.0,223.5,102810.0,2025-01-02
2025010201018450,GBIME,35,14,20.0,223.6,4472.0,2025-01-02
2025010201018449,GBIME,45,14,290.0,223.6,64844.0,2025-01-02
2025010201018448,GBIME,22,14,200.0,223.7,44740.0,2025-01-02
2025010201018447,GBIME,32,14,30.0,223.7,6711.0,2025-01-02
2025010205009504,CLI,60,42,10.0,680.5,6805.0,2025-01-02
2025010201018446,MBL,58,82,1000.0,231.0,231000.0,2025-01-02
2025010205009503,HDL,22,8,40.0,1362.0,54480.0,2025-01-02
2025010204009044,IGI,44,29,100.0,572.0,57200.0,2025-01-02
2025010203011895,NFS,11,33,10.0,1040.0,10400.0,2025-01-02
2025010205009502,HIDCL,60,45,10.0,232.0,2320.0,2025-01-02
2025010205009501,HIDCL,60,45,20.0,231.9,4638.0,2025-01-02
2025010205009500,HIDCL,60,54,50.0,231.5,11575.0,2025-01-02
2025010205009499,HIDCL,60,57,20.0,231.0,4620.0,2025-01-02
2025010201018445,SAMAJ,56,51,16.0,3489.0,55824.0,2025-01-02
2025010203011894,SMFBS,38,45,16.0,1944.8,31116.8,2025-01-02
2025010205009498,NTC,14,57,50.0,918.1,45905.0,2025-01-02
2025010204009043,PMHPL,89,6,140.0,269.0,37660.0,2025-01-02
2025010203011893,CFCL,56,35,379.0,570.4,216181.6,2025-01-02
2025010203011892,CFCL,19,35,10.0,570.5,5705.0,2025-01-02
2025010203011891,CFCL,6,35,30.0,571.0,17130.0,2025-01-02
2025010203011890,CFCL,58,35,10.0,571.0,5710.0,2025-01-02
2025010203011889,CFCL,59,35,50.0,571.0,28550.0,2025-01-02
2025010203011888,CFCL,48,35,190.0,571.0,108490.0,2025-01-02
2025010203011887,CFCL,38,35,50.0,571.2,28560.0,2025-01-02
2025010203011886,CFCL,29,35,281.0,572.0,160732.0,2025-01-02
2025010203011885,NFS,72,35,20.0,1039.9,20798.0,2025-01-02
2025010201018444,CITY,43,98,125.0,884.9,110612.5,2025-01-02
2025010201018443,CITY,43,43,200.0,883.8,176760.0,2025-01-02
2025010201018442,CITY,43,16,15.0,883.7,13255.5,2025-01-02
2025010201018441,CITY,43,13,10.0,883.3,8833.0,2025-01-02
2025010201018440,CITY,43,22,10.0,882.0,8820.0,2025-01-02
2025010201018439,CITY,43,62,100.0,882.0,88200.0,2025-01-02
2025010201018438,CITY,43,38,40.0,882.0,35280.0,2025-01-02
2025010205009497,HDL,16,8,25.0,1362.0,34050.0,2025-01-02
2025010201018437,SMH,39,36,100.0,1025.0,102500.0,2025-01-02
2025010201018436,IHL,81,14,30.0,671.0,20130.0,2025-01-02
2025010203011884,NFS,58,47,6.0,1040.0,6240.0,2025-01-02
2025010203011883,NFS,22,47,100.0,1040.0,104000.0,2025-01-02
2025010203011882,JFL,58,44,17.0,751.0,12767.0,2025-01-02
2025010203011881,DDBL,44,57,20.0,785.0,15700.0,2025-01-02
2025010203011880,JFL,80,36,90.0,750.0,67500.0,2025-01-02
2025010203011879,JFL,57,36,20.0,750.0,15000.0,2025-01-02
2025010203011878,JFL,58,36,50.0,750.0,37500.0,2025-01-02
2025010203011877,JFL,35,36,100.0,750.0,75000.0,2025-01-02
2025010203011876,JFL,57,36,10.0,750.0,7500.0,2025-01-02
2025010203011875,JFL,21,36,100.0,750.3,75030.0,2025-01-02
2025010201018435,ADBL,38,41,50.0,306.0,15300.0,2025-01-02
2025010201018434,TVCL,70,26,50.0,648.9,32445.0,2025-01-02
2025010204009042,UPPER,94,38,200.0,202.6,40520.0,2025-01-02
2025010203011874,PROFL,52,17,105.0,605.0,63525.0,2025-01-02
2025010203011873,PROFL,52,16,100.0,603.0,60300.0,2025-01-02
2025010201018433,SPC,41,49,50.0,492.0,24600.0,2025-01-02
2025010201018432,SPC,39,49,40.0,492.1,19684.0,2025-01-02
2025010201018431,DLBS,17,53,45.0,1636.1,73624.5,2025-01-02
2025010201018430,DLBS,51,53,30.0,1636.1,49083.0,2025-01-02
2025010201018429,DLBS,14,53,10.0,1636.1,16361.0,2025-01-02
2025010201018428,DLBS,101,53,34.0,1637.0,55658.0,2025-01-02
2025010201018427,DLBS,49,53,100.0,1637.0,163700.0,2025-01-02
2025010201018426,DLBS,14,53,10.0,1637.3,16373.0,2025-01-02
2025010201018425,DLBS,1,53,50.0,1637.5,81875.0,2025-01-02
2025010201018424,DLBS,61,53,43.0,1638.5,70455.5,2025-01-02
2025010203011872,GFCL,20,57,200.0,799.0,159800.0,2025-01-02
2025010203011871,GBLBS,58,7,10.0,752.0,7520.0,2025-01-02
2025010203011870,NFS,72,38,200.0,1039.9,207980.0,2025-01-02
2025010204009041,RHPL,38,38,10.0,434.9,4349.0,2025-01-02
2025010203011869,SMFBS,38,45,10.0,1944.8,19448.0,2025-01-02
2025010205009496,NRIC,44,3,166.0,730.5,121263.0,2025-01-02
2025010205009495,NRIC,45,3,60.0,730.6,43836.0,2025-01-02
2025010205009494,NRIC,17,3,10.0,730.6,7306.0,2025-01-02
2025010205009493,NRIC,28,3,31.0,730.6,22648.6,2025-01-02
2025010205009492,NRIC,6,3,33.0,731.0,24123.0,2025-01-02
2025010205009491,NRIC,35,3,200.0,732.0,146400.0,2025-01-02
2025010205009490,NRIC,80,3,100.0,733.0,73300.0,2025-01-02
2025010204009040,NGPL,63,58,62.0,253.4,15710.8,2025-01-02
2025010204009039,NGPL,41,58,1000.0,253.9,253900.0,2025-01-02
2025010204009038,NGPL,58,58,500.0,254.0,127000.0,2025-01-02
2025010204009037,NGPL,42,58,200.0,254.0,50800.0,2025-01-02
2025010204009036,NGPL,36,58,10.0,254.0,2540.0,2025-01-02
2025010204009035,NGPL,62,58,10.0,254.0,2540.0,2025-01-02
2025010204009034,NGPL,3,58,100.0,254.0,25400.0,2025-01-02
2025010204009033,NGPL,45,58,200.0,254.0,50800.0,2025-01-02
2025010204009032,NGPL,11,58,100.0,254.0,25400.0,2025-01-02
2025010204009031,NGPL,5,58,50.0,254.0,12700.0,2025-01-02
2025010204009030,NGPL,44,58,1000.0,254.5,254500.0,2025-01-02
2025010204009029,NGPL,72,58,70.0,254.5,17815.0,2025-01-02
2025010204009028,NGPL,42,58,126.0,254.5,32067.0,2025-01-02
2025010203011868,NLIC,57,35,200.0,760.0,152000.0,2025-01-02
2025010203011867,NLIC,57,56,300.0,759.9,227970.0,2025-01-02
2025010205009489,NRN,86,8,30.0,1035.0,31050.0,2025-01-02
2025010201018423,RFPL,42,33,10.0,1118.0,11180.0,2025-01-02
2025010201018422,JBLB,43,41,10.0,1365.1,13651.0,2025-01-02
2025010203011866,HLI,52,34,332.0,441.5,146578.0,2025-01-02
2025010203011865,HLI,81,34,227.0,441.5,100220.5,2025-01-02
2025010203011864,HLI,78,34,207.0,441.6,91411.2,2025-01-02
2025010203011863,HLI,42,34,40.0,441.7,17668.0,2025-01-02
2025010203011862,HLI,55,34,194.0,441.8,85709.2,2025-01-02
2025010201018421,RHGCL,56,34,90.0,548.2,49338.0,2025-01-02
2025010201018420,RHGCL,51,34,190.0,548.5,104215.0,2025-01-02
2025010201018419,RHGCL,14,34,100.0,549.0,54900.0,2025-01-02
2025010201018418,RHGCL,8,34,100.0,549.0,54900.0,2025-01-02
2025010201018417,RHGCL,8,34,50.0,550.0,27500.0,2025-01-02
2025010201018416,RHGCL,68,34,30.0,550.0,16500.0,2025-01-02
2025010201018415,RHGCL,8,34,90.0,550.1,49509.0,2025-01-02
2025010201018414,RHGCL,34,34,100.0,552.0,55200.0,2025-01-02
2025010201018413,RHGCL,8,34,250.0,552.0,138000.0,2025-01-02
2025010205009488,SHIVM,44,16,22.0,507.0,11154.0,2025-01-02
2025010205009487,SHIVM,53,16,75.0,507.0,38025.0,2025-01-02
2025010205009486,SHIVM,39,16,50.0,507.0,25350.0,2025-01-02
2025010205009485,SHIVM,45,16,28.0,507.0,14196.0,2025-01-02
2025010201018412,TVCL,70,4,4606.0,648.9,2988833.4,2025-01-02
2025010201018411,TVCL,58,4,120.0,649.0,77880.0,2025-01-02
2025010201018410,KBL,40,16,100.0,212.9,21290.0,2025-01-02
2025010205009484,CIT,45,56,200.0,2100.0,420000.0,2025-01-02
2025010203011861,EDBL,38,45,100.0,580.1,58010.0,2025-01-02
2025010204009027,RIDI,38,14,163.0,217.6,35468.8,2025-01-02
2025010204009026,RIDI,16,14,167.0,218.0,36406.0,2025-01-02
2025010204009025,RIDI,22,14,100.0,218.1,21810.0,2025-01-02
2025010204009024,RIDI,11,14,10.0,218.3,2183.0,2025-01-02
2025010204009023,RIDI,42,14,10.0,218.5,2185.0,2025-01-02
2025010204009022,RIDI,16,14,150.0,218.5,32775.0,2025-01-02
2025010204009021,BPCL,42,41,130.0,395.0,51350.0,2025-01-02
2025010204009020,BPCL,42,34,70.0,394.0,27580.0,2025-01-02
2025010201018409,EHPL,44,57,10.0,762.0,7620.0,2025-01-02
2025010201018408,CYCL,62,34,10.0,1581.0,15810.0,2025-01-02
2025010201018407,JBLB,17,53,28.0,1365.1,38222.8,2025-01-02
2025010201018406,JBLB,54,53,125.0,1365.2,170650.0,2025-01-02
2025010201018405,JBLB,36,53,200.0,1365.3,273060.0,2025-01-02
2025010201018404,TVCL,58,59,30.0,649.0,19470.0,2025-01-02
2025010201018403,PPL,36,6,10.0,530.0,5300.0,2025-01-02
2025010201018402,HIDCLP,44,38,55.0,162.0,8910.0,2025-01-02
2025010204009019,JOSHI,57,39,270.0,440.0,118800.0,2025-01-02
2025010204009018,JOSHI,57,4,30.0,440.0,13200.0,2025-01-02
2025010201018401,TVCL,58,17,50.0,649.0,32450.0,2025-01-02
2025010204009017,RHPL,34,16,10.0,435.0,4350.0,2025-01-02
2025010204009016,SHPC,47,16,12.0,446.5,5358.0,2025-01-02
2025010205009483,HATHY,4,35,50.0,1320.0,66000.0,2025-01-02
2025010201018400,MCHL,38,39,100.0,610.1,61010.0,2025-01-02
2025010201018399,MCHL,29,39,200.0,611.0,122200.0,2025-01-02
2025010201018398,MCHL,89,39,200.0,612.0,122400.0,2025-01-02
2025010201018397,HHL,45,59,150.0,508.0,76200.0,2025-01-02
2025010203011860,NFS,50,47,30.0,1040.0,31200.0,2025-01-02
2025010205009482,HIDCL,32,57,10.0,231.0,2310.0,2025-01-02
2025010201018396,BEDC,75,14,10.0,758.0,7580.0,2025-01-02
2025010201018395,SCB,34,32,400.0,670.6,268240.0,2025-01-02
2025010203011859,LICN,25,32,60.0,1122.1,67326.0,2025-01-02
2025010203011858,LICN,13,32,20.0,1122.1,22442.0,2025-01-02
2025010201018394,CITY,47,42,100.0,880.0,88000.0,2025-01-02
2025010203011857,SFCL,13,42,83.0,596.0,49468.0,2025-01-02
2025010201018393,KBSH,36,36,14.0,2462.1,34469.4,2025-01-02
2025010201018392,KBSH,46,36,10.0,2463.0,24630.0,2025-01-02
2025010201018391,BEDC,75,59,330.0,758.0,250140.0,2025-01-02
