transaction,symbol,buyer,seller,quantity,rate,amount,date
2024030403000530,RLFL,25,32,500.0,367.0,183500.0,2024-03-04
2024030401001872,ILI,22,51,300.0,539.0,161700.0,2024-03-04
2024030401001871,GCIL,25,34,34.0,526.0,17884.0,2024-03-04
2024030401001870,GCIL,25,3,456.0,525.9,239810.4,2024-03-04
2024030401001869,GCIL,25,71,1510.0,525.0,792750.0,2024-03-04
2024030404001021,TRH,85,57,10.0,793.5,7935.0,2024-03-04
2024030401001868,PHCL,56,33,490.0,320.0,156800.0,2024-03-04
2024030401001867,PHCL,56,40,260.0,319.9,83174.0,2024-03-04
2024030401001866,PHCL,56,55,250.0,319.9,79975.0,2024-03-04
2024030404001020,AHPC,51,28,500.0,193.8,96900.0,2024-03-04
2024030403000529,CFCL,51,36,1000.0,347.0,347000.0,2024-03-04
2024030405000440,NIFRA,74,62,480.0,217.0,104160.0,2024-03-04
2024030405000439,NIFRA,74,14,1520.0,216.2,328624.0,2024-03-04
2024030401001865,RFPL,7,53,390.0,350.0,136500.0,2024-03-04
2024030401001864,MEL,44,49,10.0,228.0,2280.0,2024-03-04
2024030404001019,NGPL,19,72,150.0,318.0,47700.0,2024-03-04
2024030404001018,NGPL,46,72,417.0,318.0,132606.0,2024-03-04
2024030401001863,NICA,43,38,100.0,435.0,43500.0,2024-03-04
2024030401001862,NICA,43,45,100.0,435.0,43500.0,2024-03-04
2024030401001861,NICA,43,56,295.0,435.0,128325.0,2024-03-04
2024030405000438,NIFRA,42,14,100.0,216.2,21620.0,2024-03-04
2024030404001017,NHPC,33,59,400.0,166.0,66400.0,2024-03-04
2024030404001016,NHPC,49,59,265.0,166.0,43990.0,2024-03-04
2024030404001015,NHPC,42,59,797.0,166.0,132302.0,2024-03-04
2024030401001860,CKHL,26,66,330.0,643.0,212190.0,2024-03-04
2024030404001014,CGH,58,37,85.0,876.9,74536.5,2024-03-04
2024030404001013,CGH,58,91,15.0,874.9,13123.5,2024-03-04
2024030401001859,DLBS,62,62,10.0,842.5,8425.0,2024-03-04
2024030401001858,MANDU,84,19,500.0,693.0,346500.0,2024-03-04
2024030401001857,SONA,19,19,255.0,490.0,124950.0,2024-03-04
2024030401001856,SONA,19,48,105.0,490.0,51450.0,2024-03-04
2024030401001855,SONA,19,50,60.0,489.0,29340.0,2024-03-04
2024030401001854,SONA,19,33,580.0,489.0,283620.0,2024-03-04
2024030404001012,AKPL,21,4,1500.0,188.0,282000.0,2024-03-04
2024030401001853,MEHL,7,7,10.0,312.0,3120.0,2024-03-04
2024030404001011,API,47,7,50.0,193.3,9665.0,2024-03-04
2024030401001852,MBJC,85,19,100.0,326.0,32600.0,2024-03-04
2024030405000437,NTC,25,81,30.0,880.0,26400.0,2024-03-04
2024030405000436,NTC,25,7,40.0,879.0,35160.0,2024-03-04
2024030403000528,BFC,17,33,300.0,338.4,101520.0,2024-03-04
2024030404001010,GHL,33,70,282.0,158.7,44753.4,2024-03-04
2024030404001009,GHL,57,70,218.0,158.7,34596.6,2024-03-04
2024030404001008,MEN,6,34,100.0,635.0,63500.0,2024-03-04
2024030404001007,NHPC,57,4,1000.0,166.1,166100.0,2024-03-04
2024030401001851,NICA,58,56,70.0,432.0,30240.0,2024-03-04
2024030401001850,NICA,20,56,300.0,432.1,129630.0,2024-03-04
2024030401001849,NICA,38,56,100.0,433.0,43300.0,2024-03-04
2024030401001848,NICA,49,56,30.0,433.0,12990.0,2024-03-04
2024030401001847,NMB,13,41,62.0,184.9,11463.8,2024-03-04
2024030401001846,DOLTI,71,57,100.0,384.7,38470.0,2024-03-04
2024030401001845,DOLTI,71,43,90.0,384.7,34623.0,2024-03-04
2024030401001844,MHCL,88,45,20.0,528.0,10560.0,2024-03-04
2024030401001843,CLI,35,56,602.0,445.0,267890.0,2024-03-04
2024030401001842,CKHL,26,42,50.0,643.0,32150.0,2024-03-04
2024030401001841,SIKLES,4,68,10.0,500.0,5000.0,2024-03-04
2024030404001006,NGPL,4,58,62.0,318.8,19765.6,2024-03-04
2024030401001840,GCIL,16,76,125.0,511.0,63875.0,2024-03-04
2024030401001839,GCIL,74,76,50.0,518.0,25900.0,2024-03-04
2024030401001838,GCIL,44,76,825.0,520.0,429000.0,2024-03-04
2024030404001005,BARUN,55,48,200.0,266.0,53200.0,2024-03-04
2024030405000435,NRN,57,58,500.0,567.0,283500.0,2024-03-04
2024030401001837,NABIL,58,36,276.0,458.3,126490.8,2024-03-04
2024030401001836,NABIL,58,41,377.0,458.2,172741.4,2024-03-04
2024030401001835,NABIL,58,45,100.0,458.0,45800.0,2024-03-04
2024030401001834,MHCL,8,45,10.0,528.0,5280.0,2024-03-04
2024030403000527,NICLBSL,62,41,10.0,578.0,5780.0,2024-03-04
2024030405000434,HRL,44,83,1197.0,622.0,744534.0,2024-03-04
2024030405000433,HRL,34,83,200.0,622.0,124400.0,2024-03-04
2024030405000432,HRL,57,83,500.0,622.1,311050.0,2024-03-04
2024030405000431,HRL,56,83,103.0,622.5,64117.5,2024-03-04
2024030403000526,PROFL,7,65,10.0,325.0,3250.0,2024-03-04
2024030401001833,SMJC,19,26,1000.0,399.0,399000.0,2024-03-04
2024030404001004,UNHPL,54,26,500.0,259.5,129750.0,2024-03-04
2024030404001003,HDHPC,45,44,500.0,150.0,75000.0,2024-03-04
2024030404001002,GHL,57,41,1282.0,158.7,203453.4,2024-03-04
2024030404001001,GHL,28,41,68.0,158.7,10791.6,2024-03-04
2024030401001832,HATHY,71,71,20.0,892.0,17840.0,2024-03-04
2024030401001831,HATHY,71,58,480.0,890.0,427200.0,2024-03-04
2024030401001830,CLI,49,56,70.0,445.0,31150.0,2024-03-04
2024030403000525,ALICL,16,6,50.0,575.0,28750.0,2024-03-04
2024030403000524,ALICL,16,32,150.0,575.0,86250.0,2024-03-04
2024030403000523,JFL,1,32,10.0,365.1,3651.0,2024-03-04
2024030401001829,GCIL,44,59,50.0,520.0,26000.0,2024-03-04
2024030401001828,DORDI,77,22,20.0,501.8,10036.0,2024-03-04
2024030401001827,USHEC,13,38,10.0,376.3,3763.0,2024-03-04
2024030401001826,SONA,55,33,20.0,489.0,9780.0,2024-03-04
2024030403000522,SFCL,14,29,10.0,315.0,3150.0,2024-03-04
2024030403000521,SFCL,42,29,10.0,315.0,3150.0,2024-03-04
2024030404001000,API,47,29,200.0,193.3,38660.0,2024-03-04
2024030403000520,SMB,13,42,100.0,976.9,97690.0,2024-03-04
2024030404000999,HPPL,13,64,200.0,288.0,57600.0,2024-03-04
2024030403000519,HLI,21,67,200.0,402.0,80400.0,2024-03-04
2024030405000430,NTC,6,7,50.0,879.0,43950.0,2024-03-04
2024030403000518,ALICL,56,32,500.0,575.0,287500.0,2024-03-04
2024030401001825,SONA,41,39,10.0,488.8,4888.0,2024-03-04
2024030401001824,CKHL,26,45,120.0,643.0,77160.0,2024-03-04
2024030401001823,CKHL,25,45,52.0,643.0,33436.0,2024-03-04
2024030401001822,CKHL,17,45,70.0,643.0,45010.0,2024-03-04
2024030401001821,CKHL,58,45,58.0,643.0,37294.0,2024-03-04
2024030404000998,HPPL,39,64,500.0,288.0,144000.0,2024-03-04
2024030403000517,SJLIC,44,42,10.0,481.0,4810.0,2024-03-04
2024030403000516,SJLIC,44,50,20.0,475.0,9500.0,2024-03-04
2024030401001820,UHEWA,42,39,20.0,360.0,7200.0,2024-03-04
2024030404000997,SPIL,57,42,173.0,769.0,133037.0,2024-03-04
2024030401001819,MEL,44,42,10.0,228.0,2280.0,2024-03-04
2024030401001818,MBJC,47,19,10.0,326.0,3260.0,2024-03-04
2024030401001817,HDL,47,26,100.0,1599.0,159900.0,2024-03-04
2024030404000996,PPCL,29,11,10.0,273.5,2735.0,2024-03-04
2024030403000515,SADBL,22,58,100.0,310.0,31000.0,2024-03-04
2024030403000514,SADBL,57,58,10.0,310.0,3100.0,2024-03-04
2024030403000513,FMDBL,62,22,10.0,616.0,6160.0,2024-03-04
2024030403000512,MPFL,21,16,51.0,360.0,18360.0,2024-03-04
2024030401001816,BHL,56,25,10.0,344.0,3440.0,2024-03-04
2024030404000995,RURU,22,36,127.0,743.0,94361.0,2024-03-04
2024030404000994,UPCL,57,13,300.0,224.0,67200.0,2024-03-04
2024030404000993,SHEL,51,14,10.0,212.1,2121.0,2024-03-04
2024030404000992,AKPL,36,4,200.0,188.0,37600.0,2024-03-04
2024030404000991,AHPC,48,28,300.0,193.8,58140.0,2024-03-04
2024030401001815,SRLI,35,48,10.0,445.2,4452.0,2024-03-04
2024030401001814,NRM,53,33,358.0,375.0,134250.0,2024-03-04
2024030401001813,NRM,53,34,142.0,373.0,52966.0,2024-03-04
2024030401001812,NICA,49,56,205.0,435.0,89175.0,2024-03-04
2024030401001811,NICA,49,45,85.0,435.0,36975.0,2024-03-04
2024030401001810,NICA,49,35,100.0,434.9,43490.0,2024-03-04
2024030404000990,HURJA,88,37,1000.0,307.0,307000.0,2024-03-04
2024030401001809,NIMB,44,45,1690.0,167.0,282230.0,2024-03-04
2024030404000989,SSHL,45,43,715.0,176.0,125840.0,2024-03-04
2024030401001808,TSHL,22,42,10.0,506.1,5061.0,2024-03-04
2024030401001807,GCIL,4,71,400.0,525.0,210000.0,2024-03-04
2024030404000988,HPPL,42,64,50.0,288.0,14400.0,2024-03-04
2024030405000429,HRL,56,94,182.0,622.5,113295.0,2024-03-04
2024030405000428,HRL,49,94,10.0,630.0,6300.0,2024-03-04
2024030405000427,HRL,34,94,100.0,630.0,63000.0,2024-03-04
2024030405000426,HRL,50,94,100.0,630.2,63020.0,2024-03-04
2024030405000425,HRL,26,94,50.0,635.0,31750.0,2024-03-04
2024030405000424,HRL,46,94,114.0,635.0,72390.0,2024-03-04
2024030405000423,HRL,13,94,20.0,638.0,12760.0,2024-03-04
2024030405000422,HRL,51,94,25.0,638.0,15950.0,2024-03-04
2024030405000421,HRL,59,94,500.0,640.0,320000.0,2024-03-04
2024030405000420,HRL,47,94,300.0,640.0,192000.0,2024-03-04
2024030405000419,HRL,18,94,500.0,640.0,320000.0,2024-03-04
2024030405000418,HRL,34,94,230.0,640.0,147200.0,2024-03-04
2024030405000417,HRL,57,94,469.0,640.0,300160.0,2024-03-04
2024030405000416,HRL,14,94,400.0,645.0,258000.0,2024-03-04
2024030404000987,GLH,32,40,100.0,228.0,22800.0,2024-03-04
2024030401001806,TSHL,22,77,10.0,506.1,5061.0,2024-03-04
2024030401001805,NWCL,37,19,10.0,800.0,8000.0,2024-03-04
2024030403000511,KSBBL,34,34,993.0,364.7,362147.1,2024-03-04
2024030403000510,KSBBL,34,5,161.0,364.7,58716.7,2024-03-04
2024030403000509,KSBBL,34,49,250.0,364.7,91175.0,2024-03-04
2024030403000508,KSBBL,34,22,300.0,364.7,109410.0,2024-03-04
2024030403000507,KSBBL,34,89,1000.0,364.7,364700.0,2024-03-04
2024030403000506,KSBBL,34,29,50.0,364.7,18235.0,2024-03-04
2024030403000505,KSBBL,34,84,1000.0,364.0,364000.0,2024-03-04
2024030403000504,KSBBL,34,28,200.0,364.0,72800.0,2024-03-04
2024030403000503,KSBBL,34,48,400.0,358.0,143200.0,2024-03-04
2024030403000502,KSBBL,34,33,1600.0,357.0,571200.0,2024-03-04
2024030403000501,KSBBL,34,32,1862.0,356.9,664547.8,2024-03-04
2024030404000986,UPPER,45,34,1000.0,214.2,214200.0,2024-03-04
2024030404000985,UPPER,39,34,50.0,214.2,10710.0,2024-03-04
2024030405000415,HRL,14,38,100.0,645.0,64500.0,2024-03-04
2024030403000500,MFIL,35,55,1400.0,508.0,711200.0,2024-03-04
2024030403000499,MFIL,42,55,300.0,517.0,155100.0,2024-03-04
2024030405000414,HRL,14,47,500.0,645.0,322500.0,2024-03-04
2024030401001804,ANLB,64,71,10.0,1989.2,19892.0,2024-03-04
2024030401001803,RNLI,58,41,132.0,455.5,60126.0,2024-03-04
2024030401001802,RNLI,58,22,60.0,455.5,27330.0,2024-03-04
2024030401001801,RNLI,58,14,170.0,455.2,77384.0,2024-03-04
2024030401001800,RNLI,58,59,118.0,455.0,53690.0,2024-03-04
2024030401001799,RNLI,58,43,10.0,450.0,4500.0,2024-03-04
2024030401001798,RNLI,58,38,10.0,447.7,4477.0,2024-03-04
2024030401001797,NWCL,71,58,230.0,789.0,181470.0,2024-03-04
2024030401001796,NWCL,46,58,70.0,789.4,55258.0,2024-03-04
2024030401001795,PCBL,58,39,100.0,195.9,19590.0,2024-03-04
2024030403000498,JBBL,21,32,685.0,304.9,208856.5,2024-03-04
2024030403000497,LICN,11,58,10.0,1352.5,13525.0,2024-03-04
2024030401001794,PHCL,21,55,60.0,319.9,19194.0,2024-03-04
2024030401001793,LSL,58,42,200.0,169.0,33800.0,2024-03-04
2024030401001792,HATHY,44,58,100.0,890.0,89000.0,2024-03-04
2024030401001791,HATHY,58,58,20.0,890.0,17800.0,2024-03-04
2024030401001790,HATHY,55,58,100.0,891.0,89100.0,2024-03-04
2024030401001789,BGWT,70,65,10.0,599.0,5990.0,2024-03-04
2024030401001788,CLI,58,56,12.0,445.0,5340.0,2024-03-04
2024030401001787,CLI,58,56,100.0,445.0,44500.0,2024-03-04
2024030404000984,SPIL,57,35,67.0,769.0,51523.0,2024-03-04
2024030404000983,SPIL,57,39,10.0,768.9,7689.0,2024-03-04
2024030404000982,SPIL,57,52,50.0,765.0,38250.0,2024-03-04
2024030404000981,MEN,10,37,500.0,629.0,314500.0,2024-03-04
2024030404000980,MEN,10,37,250.0,629.0,157250.0,2024-03-04
2024030405000413,NIFRA,57,14,100.0,216.2,21620.0,2024-03-04
2024030401001786,USHL,36,5,10.0,488.0,4880.0,2024-03-04
2024030404000979,HDHPC,32,44,30.0,150.0,4500.0,2024-03-04
2024030404000978,NHPC,39,17,100.0,166.1,16610.0,2024-03-04
2024030401001785,SPL,59,45,10.0,674.8,6748.0,2024-03-04
2024030405000412,CHDC,71,22,159.0,990.0,157410.0,2024-03-04
2024030405000411,CHDC,71,50,341.0,989.9,337555.9,2024-03-04
2024030404000977,BPCL,41,45,100.0,329.0,32900.0,2024-03-04
2024030404000976,JOSHI,41,71,500.0,384.4,192200.0,2024-03-04
2024030404000975,JOSHI,41,44,190.0,384.0,72960.0,2024-03-04
2024030404000974,JOSHI,41,58,90.0,384.0,34560.0,2024-03-04
2024030404000973,JOSHI,41,62,10.0,384.0,3840.0,2024-03-04
2024030404000972,JOSHI,41,57,500.0,383.0,191500.0,2024-03-04
2024030404000971,JOSHI,41,19,100.0,377.4,37740.0,2024-03-04
2024030404000970,JOSHI,41,59,1000.0,377.1,377100.0,2024-03-04
2024030404000969,JOSHI,41,7,100.0,377.1,37710.0,2024-03-04
2024030404000968,JOSHI,41,37,200.0,377.0,75400.0,2024-03-04
2024030404000967,JOSHI,41,62,10.0,377.0,3770.0,2024-03-04
2024030404000966,JOSHI,41,26,300.0,377.0,113100.0,2024-03-04
2024030404000965,JOSHI,41,43,500.0,376.8,188400.0,2024-03-04
2024030404000964,JOSHI,41,26,106.0,376.0,39856.0,2024-03-04
2024030403000496,HLI,44,67,300.0,402.0,120600.0,2024-03-04
2024030403000495,GBLBS,88,43,10.0,551.4,5514.0,2024-03-04
2024030401001784,KDL,4,28,95.0,789.0,74955.0,2024-03-04
2024030404000963,IGI,5,6,100.0,559.0,55900.0,2024-03-04
2024030403000494,NLBBL,51,34,10.0,525.3,5253.0,2024-03-04
2024030403000493,ALICL,8,32,170.0,575.0,97750.0,2024-03-04
2024030404000962,SHPC,70,42,36.0,358.0,12888.0,2024-03-04
2024030404000961,SHPC,29,42,60.0,358.0,21480.0,2024-03-04
2024030404000960,SHPC,41,42,300.0,359.0,107700.0,2024-03-04
2024030404000959,SHPC,28,42,605.0,361.0,218405.0,2024-03-04
2024030401001783,NIMB,13,45,300.0,167.0,50100.0,2024-03-04
2024030401001782,NICA,21,35,100.0,434.9,43490.0,2024-03-04
2024030403000492,HLI,7,67,100.0,402.0,40200.0,2024-03-04
2024030404000958,KPCL,50,38,10.0,418.2,4182.0,2024-03-04
2024030404000957,KPCL,50,11,10.0,418.2,4182.0,2024-03-04
2024030404000956,KPCL,50,50,20.0,418.2,8364.0,2024-03-04
2024030403000491,SHINE,19,4,345.0,390.0,134550.0,2024-03-04
2024030403000490,SHINE,19,34,36.0,389.0,14004.0,2024-03-04
2024030401001781,TSHL,22,60,10.0,505.0,5050.0,2024-03-04
2024030401001780,MEHL,58,43,1500.0,312.4,468600.0,2024-03-04
2024030404000955,AHPC,65,28,836.0,193.8,162016.8,2024-03-04
2024030404000954,AHPC,65,28,164.0,193.0,31652.0,2024-03-04
2024030403000489,HLI,36,67,50.0,402.0,20100.0,2024-03-04
2024030401001779,HDL,51,26,27.0,1599.0,43173.0,2024-03-04
2024030404000953,UMHL,39,21,200.0,275.0,55000.0,2024-03-04
2024030404000952,UMHL,39,3,100.0,275.0,27500.0,2024-03-04
2024030404000951,UMHL,39,48,200.0,274.9,54980.0,2024-03-04
2024030401001778,USHEC,26,32,10.0,369.0,3690.0,2024-03-04
2024030403000488,JBBL,57,32,300.0,305.0,91500.0,2024-03-04
2024030403000487,JBBL,44,32,20.0,306.0,6120.0,2024-03-04
2024030403000486,JBBL,25,32,1111.0,306.0,339966.0,2024-03-04
2024030404000950,UMRH,53,44,260.0,380.0,98800.0,2024-03-04
2024030401001777,SONA,41,49,245.0,485.0,118825.0,2024-03-04
2024030401001776,SONA,58,49,913.0,488.0,445544.0,2024-03-04
2024030401001775,SONA,14,49,222.0,488.0,108336.0,2024-03-04
2024030401001774,SONA,35,49,180.0,488.0,87840.0,2024-03-04
2024030401001773,SONA,62,49,400.0,488.0,195200.0,2024-03-04
2024030401001772,SONA,53,49,200.0,488.4,97680.0,2024-03-04
2024030401001771,SONA,26,49,500.0,489.0,244500.0,2024-03-04
2024030401001770,SONA,1,49,940.0,489.0,459660.0,2024-03-04
2024030404000949,NGPL,49,58,200.0,318.8,63760.0,2024-03-04
2024030401001769,MEL,44,47,20.0,229.0,4580.0,2024-03-04
2024030404000948,API,47,44,300.0,193.3,57990.0,2024-03-04
2024030404000947,PPCL,45,32,10.0,273.5,2735.0,2024-03-04
2024030404000946,PPCL,45,19,90.0,273.3,24597.0,2024-03-04
2024030401001768,AHL,66,46,10.0,463.4,4634.0,2024-03-04
2024030404000945,HPPL,28,64,1500.0,288.0,432000.0,2024-03-04
2024030401001767,HATHY,35,71,10.0,892.0,8920.0,2024-03-04
2024030401001766,NABIL,35,41,100.0,458.2,45820.0,2024-03-04
2024030404000944,NGPL,46,34,20.0,318.0,6360.0,2024-03-04
2024030404000943,UPCL,29,13,400.0,224.0,89600.0,2024-03-04
2024030404000942,UPCL,29,33,50.0,224.0,11200.0,2024-03-04
2024030404000941,UPCL,29,42,50.0,224.0,11200.0,2024-03-04
2024030404000940,UNHPL,26,26,500.0,259.5,129750.0,2024-03-04
2024030404000939,SICL,16,42,10.0,696.6,6966.0,2024-03-04
2024030401001765,PHCL,38,55,100.0,319.9,31990.0,2024-03-04
2024030403000485,SINDU,21,51,500.0,331.0,165500.0,2024-03-04
2024030403000484,SINDU,21,84,500.0,330.1,165050.0,2024-03-04
2024030404000938,RIDI,7,50,400.0,199.1,79640.0,2024-03-04
2024030403000483,FMDBL,42,22,90.0,616.0,55440.0,2024-03-04
2024030401001764,HDL,57,70,10.0,1580.0,15800.0,2024-03-04
2024030405000410,HRL,6,43,90.0,646.0,58140.0,2024-03-04
2024030405000409,HRL,6,16,900.0,645.0,580500.0,2024-03-04
2024030405000408,HRL,6,6,10.0,644.0,6440.0,2024-03-04
2024030401001763,NICA,6,35,100.0,434.9,43490.0,2024-03-04
2024030404000937,SHPC,6,50,100.0,364.0,36400.0,2024-03-04
2024030404000936,AHPC,36,28,200.0,193.0,38600.0,2024-03-04
2024030404000935,AHPC,74,28,500.0,193.0,96500.0,2024-03-04
2024030403000482,CORBL,71,69,10.0,432.5,4325.0,2024-03-04
2024030401001762,MBL,41,49,20.0,186.1,3722.0,2024-03-04
2024030404000934,JOSHI,16,26,1894.0,376.0,712144.0,2024-03-04
2024030404000933,JOSHI,16,55,36.0,369.0,13284.0,2024-03-04
2024030404000932,JOSHI,16,6,70.0,369.0,25830.0,2024-03-04
2024030405000407,NRN,45,89,190.0,568.0,107920.0,2024-03-04
2024030405000406,NRN,45,39,300.0,567.9,170370.0,2024-03-04
2024030405000405,NRN,45,89,500.0,567.0,283500.0,2024-03-04
2024030405000404,NRN,45,50,10.0,567.0,5670.0,2024-03-04
2024030401001761,UHEWA,63,39,10.0,360.0,3600.0,2024-03-04
2024030404000931,AKPL,59,4,15.0,188.0,2820.0,2024-03-04
2024030404000930,API,47,40,1000.0,193.3,193300.0,2024-03-04
2024030401001760,SHIVM,82,65,1395.0,510.0,711450.0,2024-03-04
2024030401001759,SHIVM,82,62,270.0,509.9,137673.0,2024-03-04
2024030401001758,SHIVM,82,6,45.0,508.0,22860.0,2024-03-04
2024030401001757,SHIVM,82,65,290.0,508.0,147320.0,2024-03-04
2024030401001756,VLUCL,37,32,200.0,571.0,114200.0,2024-03-04
2024030401001755,VLUCL,37,47,100.0,570.0,57000.0,2024-03-04
2024030401001754,SONA,55,43,40.0,492.0,19680.0,2024-03-04
2024030404000929,GHL,28,34,1000.0,158.7,158700.0,2024-03-04
2024030401001753,CYCL,42,16,10.0,1279.0,12790.0,2024-03-04
2024030403000481,NICLBSL,62,62,10.0,578.0,5780.0,2024-03-04
2024030404000928,DHPL,8,38,10.0,197.6,1976.0,2024-03-04
2024030401001752,DORDI,77,17,500.0,501.7,250850.0,2024-03-04
2024030405000403,HRL,57,19,30.0,640.0,19200.0,2024-03-04
2024030401001751,SPHL,55,19,10.0,475.4,4754.0,2024-03-04
2024030405000402,HRL,26,6,20.0,644.0,12880.0,2024-03-04
2024030401001750,SBL,33,50,10.0,228.0,2280.0,2024-03-04
2024030404000927,DHPL,8,14,10.0,197.6,1976.0,2024-03-04
2024030405000401,NRN,64,14,580.0,565.0,327700.0,2024-03-04
2024030401001749,SONA,1,39,10.0,489.0,4890.0,2024-03-04
2024030404000926,GHL,28,58,50.0,158.7,7935.0,2024-03-04
2024030403000480,MPFL,62,16,200.0,361.0,72200.0,2024-03-04
2024030403000479,MPFL,55,16,53.0,361.0,19133.0,2024-03-04
2024030401001748,MHCL,88,45,20.0,528.0,10560.0,2024-03-04
2024030405000400,HIDCL,35,41,10.0,179.1,1791.0,2024-03-04
2024030401001747,NICA,44,45,90.0,435.0,39150.0,2024-03-04
2024030401001746,NICA,44,63,10.0,434.5,4345.0,2024-03-04
2024030404000925,MEN,45,11,80.0,626.0,50080.0,2024-03-04
2024030404000924,MEN,55,11,150.0,627.0,94050.0,2024-03-04
2024030404000923,MEN,14,11,170.0,627.0,106590.0,2024-03-04
2024030404000922,UNHPL,45,57,10.0,259.5,2595.0,2024-03-04
2024030404000921,UNHPL,45,63,10.0,259.5,2595.0,2024-03-04
2024030404000920,API,47,45,2000.0,193.3,386600.0,2024-03-04
2024030403000478,ALICL,43,32,20.0,575.0,11500.0,2024-03-04
2024030403000477,ALICL,43,54,80.0,574.0,45920.0,2024-03-04
2024030404000919,AKPL,4,4,200.0,188.0,37600.0,2024-03-04
2024030401001745,HATHY,73,51,400.0,900.0,360000.0,2024-03-04
2024030401001744,SONA,1,37,50.0,489.0,24450.0,2024-03-04
2024030401001743,SONA,7,37,950.0,490.0,465500.0,2024-03-04
2024030401001742,SPC,34,50,100.0,620.0,62000.0,2024-03-04
2024030404000918,SHPC,28,47,200.0,361.0,72200.0,2024-03-04
2024030404000917,CGH,62,35,100.0,860.5,86050.0,2024-03-04
2024030404000916,AHPC,32,42,130.0,192.7,25051.0,2024-03-04
2024030403000476,GBBL,32,13,127.0,378.0,48006.0,2024-03-04
2024030403000475,GBBL,42,13,10.0,379.0,3790.0,2024-03-04
2024030403000474,GBBL,50,13,288.0,379.4,109267.2,2024-03-04
2024030404000915,UPPER,39,7,50.0,214.2,10710.0,2024-03-04
2024030401001741,BHDC,50,47,10.0,461.7,4617.0,2024-03-04
2024030401001740,BHDC,50,75,10.0,455.0,4550.0,2024-03-04
2024030401001739,SBL,50,50,10.0,227.0,2270.0,2024-03-04
2024030404000914,HDHPC,22,44,2000.0,150.0,300000.0,2024-03-04
2024030401001738,CZBIL,85,91,1000.0,169.9,169900.0,2024-03-04
2024030401001737,PCBL,19,39,150.0,195.9,29385.0,2024-03-04
2024030404000913,UPCL,71,42,500.0,224.0,112000.0,2024-03-04
2024030401001736,SPHL,55,49,10.0,475.4,4754.0,2024-03-04
2024030401001735,SONA,32,71,500.0,493.0,246500.0,2024-03-04
2024030404000912,AKPL,46,4,750.0,188.0,141000.0,2024-03-04
2024030401001734,MHCL,28,45,205.0,528.0,108240.0,2024-03-04
2024030401001733,MHCL,28,25,795.0,527.0,418965.0,2024-03-04
2024030401001732,NBL,35,59,1015.0,230.0,233450.0,2024-03-04
2024030401001731,NBL,35,47,485.0,227.4,110289.0,2024-03-04
2024030401001730,RAWA,29,1,10.0,478.5,4785.0,2024-03-04
2024030401001729,MLBS,29,16,10.0,702.7,7027.0,2024-03-04
2024030404000911,NGPL,26,58,85.0,318.8,27098.0,2024-03-04
2024030401001728,SONA,7,42,50.0,490.0,24500.0,2024-03-04
2024030403000473,SJLIC,1,34,330.0,472.2,155826.0,2024-03-04
2024030403000472,SJLIC,34,34,150.0,472.2,70830.0,2024-03-04
2024030403000471,SJLIC,52,34,20.0,475.0,9500.0,2024-03-04
2024030403000470,SINDU,57,21,500.0,329.4,164700.0,2024-03-04
2024030404000910,NHPC,42,44,703.0,166.0,116698.0,2024-03-04
2024030401001727,MEHL,7,20,200.0,312.0,62400.0,2024-03-04
2024030401001726,MEHL,7,34,50.0,312.0,15600.0,2024-03-04
2024030401001725,MEHL,7,17,250.0,311.0,77750.0,2024-03-04
2024030401001724,IHL,3,3,300.0,362.0,108600.0,2024-03-04
2024030401001723,IHL,3,3,700.0,362.4,253680.0,2024-03-04
2024030405000399,HRL,26,3,10.0,644.0,6440.0,2024-03-04
2024030404000909,HDHPC,19,44,2000.0,150.0,300000.0,2024-03-04
2024030401001722,NICA,20,3,200.0,433.1,86620.0,2024-03-04
2024030404000908,HDHPC,14,44,100.0,150.0,15000.0,2024-03-04
2024030405000398,NIFRA,51,14,280.0,216.2,60536.0,2024-03-04
2024030405000397,NIFRA,51,65,20.0,216.0,4320.0,2024-03-04
2024030404000907,HDHPC,48,44,200.0,150.0,30000.0,2024-03-04
2024030401001721,CKHL,58,43,252.0,643.0,162036.0,2024-03-04
2024030404000906,AHPC,58,28,70.0,193.0,13510.0,2024-03-04
2024030405000396,HIDCL,56,44,10.0,175.6,1756.0,2024-03-04
2024030404000905,JOSHI,45,6,10.0,369.0,3690.0,2024-03-04
2024030403000469,GFCL,46,41,300.0,445.0,133500.0,2024-03-04
2024030403000468,GMFBS,25,43,490.0,873.7,428113.0,2024-03-04
2024030401001720,NBL,4,47,515.0,227.4,117111.0,2024-03-04
2024030401001719,NBL,4,17,485.0,226.9,110046.5,2024-03-04
2024030401001718,DORDI,77,72,120.0,501.0,60120.0,2024-03-04
2024030401001717,DORDI,77,25,200.0,501.0,100200.0,2024-03-04
2024030401001716,DORDI,77,25,390.0,501.0,195390.0,2024-03-04
2024030401001715,DORDI,77,17,30.0,501.0,15030.0,2024-03-04
2024030401001714,DORDI,77,59,200.0,501.0,100200.0,2024-03-04
2024030401001713,DORDI,77,45,100.0,501.0,50100.0,2024-03-04
2024030401001712,DORDI,77,49,30.0,501.0,15030.0,2024-03-04
2024030401001711,DORDI,77,38,1000.0,500.0,500000.0,2024-03-04
2024030401001710,DORDI,77,53,500.0,500.0,250000.0,2024-03-04
2024030401001709,DORDI,77,51,10.0,500.0,5000.0,2024-03-04
2024030401001708,DORDI,77,55,115.0,500.0,57500.0,2024-03-04
2024030401001707,DORDI,77,1,10.0,499.0,4990.0,2024-03-04
2024030401001706,DORDI,77,6,100.0,492.0,49200.0,2024-03-04
2024030401001705,DORDI,77,10,620.0,492.0,305040.0,2024-03-04
2024030401001704,DORDI,77,85,1000.0,491.9,491900.0,2024-03-04
2024030403000467,HLI,22,67,100.0,403.0,40300.0,2024-03-04
2024030403000466,HLI,21,67,200.0,406.9,81380.0,2024-03-04
2024030405000395,NIFRA,28,65,100.0,216.0,21600.0,2024-03-04
2024030404000904,AHPC,28,28,50.0,193.0,9650.0,2024-03-04
2024030401001703,PCBL,35,39,250.0,195.9,48975.0,2024-03-04
2024030404000903,API,47,50,100.0,193.3,19330.0,2024-03-04
2024030404000902,API,47,87,300.0,193.3,57990.0,2024-03-04
2024030401001702,VLUCL,29,32,10.0,571.0,5710.0,2024-03-04
2024030404000901,SGIC,62,7,110.0,527.0,57970.0,2024-03-04
2024030404000900,SGIC,62,57,200.0,527.0,105400.0,2024-03-04
2024030404000899,SGIC,62,41,90.0,527.0,47430.0,2024-03-04
2024030401001701,RFPL,62,65,1890.0,350.8,663012.0,2024-03-04
2024030401001700,RFPL,62,84,100.0,350.8,35080.0,2024-03-04
2024030401001699,RFPL,62,43,50.0,350.8,17540.0,2024-03-04
2024030401001698,RFPL,62,52,460.0,350.8,161368.0,2024-03-04
2024030403000465,PROFL,42,65,10.0,325.0,3250.0,2024-03-04
2024030403000464,GBBL,50,74,512.0,379.4,194252.8,2024-03-04
2024030401001697,HATHY,57,34,10.0,890.0,8900.0,2024-03-04
2024030403000463,CBBL,22,65,25.0,841.5,21037.5,2024-03-04
2024030401001696,MANDU,84,65,4000.0,693.0,2772000.0,2024-03-04
2024030403000462,PMLI,74,8,80.0,530.6,42448.0,2024-03-04
2024030403000461,PMLI,74,7,20.0,520.2,10404.0,2024-03-04
2024030401001695,GCIL,48,71,90.0,525.0,47250.0,2024-03-04
2024030401001694,GCIL,48,22,10.0,525.0,5250.0,2024-03-04
2024030401001693,MHCL,88,25,200.0,527.0,105400.0,2024-03-04
2024030401001692,MBL,41,34,80.0,186.1,14888.0,2024-03-04
2024030405000394,NIFRA,41,65,100.0,216.0,21600.0,2024-03-04
2024030401001691,MEHL,59,34,1220.0,312.0,380640.0,2024-03-04
2024030401001690,MEHL,59,22,50.0,312.0,15600.0,2024-03-04
2024030401001689,MEHL,59,47,1000.0,312.0,312000.0,2024-03-04
2024030401001688,MEHL,59,48,150.0,312.0,46800.0,2024-03-04
2024030401001687,MEHL,59,45,100.0,311.9,31190.0,2024-03-04
2024030401001686,MEHL,59,7,1400.0,311.9,436660.0,2024-03-04
2024030401001685,MEHL,59,47,80.0,311.8,24944.0,2024-03-04
2024030401001684,MEHL,59,37,100.0,311.0,31100.0,2024-03-04
2024030405000393,HRL,26,58,10.0,644.0,6440.0,2024-03-04
2024030403000460,NFS,32,58,922.0,356.4,328600.8,2024-03-04
2024030403000459,NFS,45,58,150.0,358.0,53700.0,2024-03-04
2024030404000898,NGPL,46,58,563.0,318.0,179034.0,2024-03-04
2024030404000897,NGPL,32,58,100.0,318.0,31800.0,2024-03-04
2024030404000896,NGPL,55,58,200.0,318.0,63600.0,2024-03-04
2024030404000895,NGPL,8,58,137.0,318.0,43566.0,2024-03-04
2024030404000894,AKPL,58,4,30.0,188.0,5640.0,2024-03-04
2024030404000893,AKPL,34,4,500.0,188.0,94000.0,2024-03-04
2024030404000892,AKPL,51,4,200.0,188.0,37600.0,2024-03-04
2024030404000891,AKPL,49,4,500.0,188.0,94000.0,2024-03-04
2024030404000890,AKPL,34,4,200.0,188.0,37600.0,2024-03-04
2024030404000889,AKPL,48,4,500.0,188.0,94000.0,2024-03-04
2024030404000888,AKPL,57,4,400.0,188.0,75200.0,2024-03-04
2024030404000887,AKPL,62,4,1625.0,188.0,305500.0,2024-03-04
2024030401001683,SMJC,32,68,200.0,396.0,79200.0,2024-03-04
2024030401001682,TAMOR,55,64,10.0,403.9,4039.0,2024-03-04
2024030401001681,TAMOR,55,88,10.0,403.9,4039.0,2024-03-04
2024030401001680,SPC,64,50,200.0,620.0,124000.0,2024-03-04
2024030403000458,MERO,25,6,10.0,538.5,5385.0,2024-03-04
2024030405000392,BBC,17,19,10.0,4080.0,40800.0,2024-03-04
2024030401001679,SMHL,17,76,1000.0,480.0,480000.0,2024-03-04
2024030405000391,HRL,26,57,10.0,644.0,6440.0,2024-03-04
2024030404000886,PMHPL,34,46,10.0,254.0,2540.0,2024-03-04
2024030401001678,RNLI,10,34,160.0,446.9,71504.0,2024-03-04
2024030401001677,CLI,38,58,11.0,450.0,4950.0,2024-03-04
2024030401001676,BNT,38,55,10.0,16344.4,163444.0,2024-03-04
2024030401001675,BNT,38,85,20.0,16344.0,326880.0,2024-03-04
2024030401001674,BNT,38,54,20.0,16343.0,326860.0,2024-03-04
2024030401001673,BNT,38,3,10.0,16340.0,163400.0,2024-03-04
2024030401001672,BNT,38,17,10.0,16299.0,162990.0,2024-03-04
2024030401001671,BNT,38,19,10.0,16200.0,162000.0,2024-03-04
2024030401001670,BNT,38,28,20.0,16090.0,321800.0,2024-03-04
2024030404000885,HPPL,39,64,500.0,288.0,144000.0,2024-03-04
2024030404000884,HPPL,39,64,440.0,288.0,126720.0,2024-03-04
2024030404000883,HPPL,39,45,60.0,288.0,17280.0,2024-03-04
2024030401001669,SONA,71,71,150.0,493.0,73950.0,2024-03-04
2024030403000457,NLIC,72,52,10.0,624.0,6240.0,2024-03-04
2024030405000390,NRN,72,50,300.0,567.0,170100.0,2024-03-04
2024030401001668,MKJC,34,49,100.0,502.1,50210.0,2024-03-04
2024030404000882,UPCL,32,42,900.0,224.0,201600.0,2024-03-04
2024030404000881,UPCL,32,45,200.0,223.9,44780.0,2024-03-04
2024030404000880,UPCL,32,85,1000.0,223.8,223800.0,2024-03-04
2024030404000879,UPCL,32,28,100.0,223.7,22370.0,2024-03-04
2024030403000456,NADEP,32,51,10.0,518.0,5180.0,2024-03-04
2024030401001667,MCHL,32,57,150.0,347.7,52155.0,2024-03-04
2024030401001666,MCHL,32,45,299.0,347.0,103753.0,2024-03-04
2024030401001665,MCHL,32,53,490.0,345.0,169050.0,2024-03-04
2024030401001664,SAHAS,41,45,10.0,558.0,5580.0,2024-03-04
2024030403000455,PROFL,11,65,50.0,325.0,16250.0,2024-03-04
2024030401001663,SANIMA,62,45,10.0,244.0,2440.0,2024-03-04
2024030403000454,ALICL,54,4,67.0,570.0,38190.0,2024-03-04
2024030403000453,ALICL,46,4,200.0,571.0,114200.0,2024-03-04
2024030404000878,SHPC,28,60,9205.0,361.0,3323005.0,2024-03-04
2024030404000877,UPCL,35,28,200.0,223.7,44740.0,2024-03-04
2024030401001662,ULHC,58,26,10.0,339.1,3391.0,2024-03-04
2024030401001661,ULHC,58,34,90.0,339.1,30519.0,2024-03-04
2024030405000389,NIFRA,58,65,500.0,216.0,108000.0,2024-03-04
2024030404000876,NGPL,49,58,100.0,318.8,31880.0,2024-03-04
2024030404000875,NGPL,52,58,3000.0,318.8,956400.0,2024-03-04
2024030404000874,NGPL,17,58,100.0,318.8,31880.0,2024-03-04
2024030404000873,NGPL,56,58,50.0,318.8,15940.0,2024-03-04
2024030404000872,NGPL,25,58,300.0,318.8,95640.0,2024-03-04
2024030404000871,NGPL,48,58,500.0,318.8,159400.0,2024-03-04
2024030404000870,NGPL,26,58,1000.0,318.8,318800.0,2024-03-04
2024030404000869,NGPL,47,58,1000.0,318.8,318800.0,2024-03-04
2024030404000868,NGPL,1,58,60.0,318.8,19128.0,2024-03-04
2024030401001660,DOLTI,8,43,80.0,384.7,30776.0,2024-03-04
2024030404000867,AKPL,26,44,20.0,191.4,3828.0,2024-03-04
2024030404000866,AKPL,26,91,10.0,190.9,1909.0,2024-03-04
2024030401001659,DLBS,62,62,10.0,826.0,8260.0,2024-03-04
2024030401001658,RFPL,62,52,40.0,350.8,14032.0,2024-03-04
2024030401001657,RFPL,62,6,10.0,350.5,3505.0,2024-03-04
2024030403000452,NUBL,62,62,10.0,617.0,6170.0,2024-03-04
2024030401001656,NIMB,49,13,200.0,166.9,33380.0,2024-03-04
2024030404000865,AHPC,42,28,500.0,193.0,96500.0,2024-03-04
2024030401001655,SONA,25,71,500.0,493.0,246500.0,2024-03-04
2024030401001654,SONA,22,71,990.0,493.0,488070.0,2024-03-04
2024030401001653,SONA,22,32,500.0,492.9,246450.0,2024-03-04
2024030401001652,SONA,22,56,500.0,492.6,246300.0,2024-03-04
2024030401001651,SONA,22,43,10.0,492.0,4920.0,2024-03-04
2024030404000864,KPCL,48,6,10.0,418.2,4182.0,2024-03-04
2024030404000863,PRIN,72,34,10.0,799.0,7990.0,2024-03-04
2024030404000862,SSHL,45,34,220.0,176.0,38720.0,2024-03-04
2024030404000861,AHPC,32,28,100.0,193.0,19300.0,2024-03-04
2024030401001650,NWCL,1,32,10.0,803.1,8031.0,2024-03-04
2024030401001649,MAKAR,36,77,10.0,391.6,3916.0,2024-03-04
2024030405000388,NRN,32,5,1006.0,560.0,563360.0,2024-03-04
2024030405000387,NRN,58,5,794.0,560.0,444640.0,2024-03-04
2024030405000386,NRN,16,5,200.0,564.0,112800.0,2024-03-04
2024030404000860,API,44,55,27.0,193.0,5211.0,2024-03-04
2024030404000859,API,39,55,473.0,193.3,91430.9,2024-03-04
2024030401001648,MEL,13,74,1000.0,229.5,229500.0,2024-03-04
2024030404000858,NHPC,42,44,855.0,166.0,141930.0,2024-03-04
2024030404000857,NHPC,42,8,445.0,166.0,73870.0,2024-03-04
2024030401001647,SPC,28,50,50.0,620.0,31000.0,2024-03-04
2024030405000385,NTC,58,7,10.0,879.0,8790.0,2024-03-04
2024030401001646,PHCL,17,33,300.0,320.0,96000.0,2024-03-04
2024030401001645,HIDCLP,17,51,1000.0,104.0,104000.0,2024-03-04
2024030401001644,HIDCLP,17,58,1899.0,102.4,194457.6,2024-03-04
2024030401001643,MHCL,25,25,20.0,527.0,10540.0,2024-03-04
2024030404000856,HDHPC,85,44,300.0,150.0,45000.0,2024-03-04
2024030404000855,HDHPC,85,55,100.0,149.9,14990.0,2024-03-04
2024030401001642,PRVU,22,16,10.0,151.9,1519.0,2024-03-04
2024030404000854,API,39,56,27.0,193.3,5219.1,2024-03-04
2024030404000853,API,53,56,100.0,193.3,19330.0,2024-03-04
2024030404000852,API,44,56,1000.0,193.3,193300.0,2024-03-04
2024030401001641,IHL,71,57,10.0,368.5,3685.0,2024-03-04
2024030404000851,UPPER,45,48,190.0,214.0,40660.0,2024-03-04
2024030404000850,UPPER,50,48,100.0,214.2,21420.0,2024-03-04
2024030404000849,UPPER,17,48,10.0,214.2,2142.0,2024-03-04
2024030401001640,PHCL,38,33,680.0,320.0,217600.0,2024-03-04
2024030401001639,USHEC,26,38,10.0,369.0,3690.0,2024-03-04
2024030401001638,RNLI,16,48,50.0,446.0,22300.0,2024-03-04
2024030401001637,NRM,53,34,358.0,373.0,133534.0,2024-03-04
2024030401001636,NRM,53,39,642.0,372.4,239080.8,2024-03-04
2024030401001635,GCIL,44,61,85.0,518.0,44030.0,2024-03-04
2024030403000451,NLICL,44,32,200.0,582.6,116520.0,2024-03-04
2024030403000450,GUFL,8,95,140.0,624.0,87360.0,2024-03-04
2024030404000848,SSHL,45,45,55.0,176.0,9680.0,2024-03-04
2024030404000847,SSHL,10,45,30.0,176.0,5280.0,2024-03-04
2024030401001634,KBL,4,34,160.0,150.0,24000.0,2024-03-04
2024030401001633,KBL,4,59,340.0,149.9,50966.0,2024-03-04
2024030404000846,UMRH,1,35,122.0,374.0,45628.0,2024-03-04
2024030404000845,UMRH,58,35,500.0,374.0,187000.0,2024-03-04
2024030404000844,UMRH,61,35,378.0,374.0,141372.0,2024-03-04
2024030405000384,HRL,26,77,240.0,648.0,155520.0,2024-03-04
2024030405000383,HRL,26,68,500.0,647.0,323500.0,2024-03-04
2024030405000382,HRL,26,59,30.0,646.9,19407.0,2024-03-04
2024030405000381,HRL,26,58,30.0,646.0,19380.0,2024-03-04
2024030404000843,NHPC,26,8,60.0,166.0,9960.0,2024-03-04
2024030401001632,NICA,62,63,10.0,434.5,4345.0,2024-03-04
2024030404000842,SGIC,13,41,110.0,527.0,57970.0,2024-03-04
2024030404000841,SGIC,13,62,440.0,526.0,231440.0,2024-03-04
2024030404000840,SGIC,13,19,190.0,526.0,99940.0,2024-03-04
2024030404000839,SGIC,13,84,260.0,525.0,136500.0,2024-03-04
2024030403000449,GILB,42,8,48.0,839.0,40272.0,2024-03-04
2024030403000448,ALICL,22,32,60.0,575.0,34500.0,2024-03-04
2024030405000380,NRN,65,50,500.0,567.0,283500.0,2024-03-04
2024030404000838,KPCL,14,38,10.0,418.2,4182.0,2024-03-04
2024030403000447,PROFL,14,65,500.0,325.0,162500.0,2024-03-04
2024030404000837,SHL,57,37,300.0,457.0,137100.0,2024-03-04
2024030404000836,SHL,57,11,100.0,455.0,45500.0,2024-03-04
2024030403000446,MNBBL,57,49,10.0,357.8,3578.0,2024-03-04
2024030405000379,NTC,19,81,155.0,880.0,136400.0,2024-03-04
2024030401001631,SNLI,45,39,10.0,608.0,6080.0,2024-03-04
2024030401001630,RFPL,39,6,30.0,350.5,10515.0,2024-03-04
2024030401001629,MCHL,39,53,500.0,341.0,170500.0,2024-03-04
2024030401001628,PPL,38,17,100.0,344.0,34400.0,2024-03-04
2024030404000835,SHPC,39,60,30.0,361.0,10830.0,2024-03-04
2024030401001627,NIMBPO,32,55,200.0,136.1,27220.0,2024-03-04
2024030401001626,CYCL,1,16,20.0,1279.0,25580.0,2024-03-04
2024030401001625,MMKJL,95,53,70.0,437.0,30590.0,2024-03-04
2024030401001624,MMKJL,95,14,10.0,429.4,4294.0,2024-03-04
2024030401001623,MMKJL,95,29,10.0,429.4,4294.0,2024-03-04
2024030401001622,MMKJL,95,52,20.0,429.0,8580.0,2024-03-04
2024030401001621,MMKJL,95,43,390.0,429.0,167310.0,2024-03-04
2024030401001620,CLI,45,58,50.0,453.0,22650.0,2024-03-04
2024030401001619,CLI,57,58,500.0,453.9,226950.0,2024-03-04
2024030401001618,CLI,42,58,140.0,453.9,63546.0,2024-03-04
2024030401001617,CLI,1,58,360.0,454.0,163440.0,2024-03-04
2024030404000834,HDHPC,35,44,40.0,150.0,6000.0,2024-03-04
2024030405000378,NRIC,40,35,10.0,790.0,7900.0,2024-03-04
2024030404000833,GLH,35,57,100.0,228.4,22840.0,2024-03-04
2024030401001616,MHCL,8,25,50.0,527.0,26350.0,2024-03-04
2024030401001615,MSHL,28,64,10.0,627.0,6270.0,2024-03-04
2024030403000445,NFS,69,69,100.0,363.5,36350.0,2024-03-04
2024030403000444,NFS,69,52,1100.0,363.0,399300.0,2024-03-04
2024030401001614,CYCL,21,61,10.0,1279.0,12790.0,2024-03-04
2024030401001613,CYCL,21,62,10.0,1279.0,12790.0,2024-03-04
2024030401001612,NRM,53,42,10.0,371.6,3716.0,2024-03-04
2024030404000832,HPPL,57,34,130.0,290.0,37700.0,2024-03-04
2024030404000831,HPPL,57,39,250.0,289.0,72250.0,2024-03-04
2024030404000830,HPPL,57,39,120.0,289.0,34680.0,2024-03-04
2024030404000829,SALICO,44,36,10.0,663.0,6630.0,2024-03-04
2024030401001611,MEL,45,74,106.0,229.5,24327.0,2024-03-04
2024030404000828,AKPL,48,44,416.0,191.4,79622.4,2024-03-04
2024030404000827,AKPL,48,8,284.0,191.4,54357.6,2024-03-04
2024030404000826,AKPL,48,11,300.0,191.3,57390.0,2024-03-04
2024030403000443,GRDBL,37,71,10.0,363.0,3630.0,2024-03-04
2024030404000825,HPPL,39,39,500.0,289.0,144500.0,2024-03-04
2024030404000824,AKJCL,25,71,450.0,217.0,97650.0,2024-03-04
2024030404000823,AKJCL,57,71,100.0,220.0,22000.0,2024-03-04
2024030404000822,AKJCL,39,71,400.0,228.0,91200.0,2024-03-04
2024030404000821,AKJCL,77,71,10.0,228.8,2288.0,2024-03-04
2024030404000820,AKJCL,17,71,40.0,229.0,9160.0,2024-03-04
2024030401001610,TPC,88,17,10.0,559.9,5599.0,2024-03-04
2024030401001609,TPC,88,3,20.0,559.9,11198.0,2024-03-04
2024030401001608,TPC,88,37,50.0,559.5,27975.0,2024-03-04
2024030401001607,TPC,88,48,10.0,558.0,5580.0,2024-03-04
2024030401001606,TPC,88,11,100.0,558.0,55800.0,2024-03-04
2024030401001605,SBI,42,44,20.0,291.3,5826.0,2024-03-04
2024030401001604,SHIVM,32,65,500.0,508.0,254000.0,2024-03-04
2024030401001603,SCB,66,8,100.0,525.0,52500.0,2024-03-04
2024030401001602,TSHL,18,45,10.0,496.2,4962.0,2024-03-04
2024030401001601,SONA,41,76,152.0,485.0,73720.0,2024-03-04
2024030401001600,SONA,35,76,1000.0,488.0,488000.0,2024-03-04
2024030401001599,SONA,49,76,278.0,488.0,135664.0,2024-03-04
2024030401001598,SONA,16,76,570.0,490.0,279300.0,2024-03-04
2024030403000442,SINDU,57,28,100.0,329.4,32940.0,2024-03-04
2024030401001597,SBI,42,5,10.0,291.3,2913.0,2024-03-04
2024030401001596,SBI,58,5,10.0,291.3,2913.0,2024-03-04
2024030404000819,JOSHI,38,28,10.0,362.5,3625.0,2024-03-04
2024030404000818,GLH,55,57,100.0,228.4,22840.0,2024-03-04
2024030404000817,TRH,58,49,50.0,778.2,38910.0,2024-03-04
2024030404000816,TRH,58,68,240.0,778.0,186720.0,2024-03-04
2024030403000441,GBBL,42,29,90.0,379.0,34110.0,2024-03-04
2024030403000440,PROFL,52,65,620.0,325.0,201500.0,2024-03-04
2024030401001595,SONA,16,58,40.0,490.0,19600.0,2024-03-04
2024030403000439,HLI,50,52,602.0,402.0,242004.0,2024-03-04
2024030403000438,HLI,69,52,390.0,409.0,159510.0,2024-03-04
2024030405000377,STC,10,13,30.0,5200.0,156000.0,2024-03-04
2024030403000437,GMFBS,25,58,10.0,873.7,8737.0,2024-03-04
2024030404000815,LEC,14,50,10.0,189.8,1898.0,2024-03-04
2024030401001594,UHEWA,42,34,10.0,353.0,3530.0,2024-03-04
2024030401001593,KBSH,42,28,10.0,971.2,9712.0,2024-03-04
2024030401001592,TSHL,18,42,10.0,496.2,4962.0,2024-03-04
2024030401001591,SAMAJ,17,49,10.0,1723.8,17238.0,2024-03-04
2024030404000814,UAIL,61,62,10.0,551.8,5518.0,2024-03-04
2024030401001590,NABIL,13,56,890.0,450.0,400500.0,2024-03-04
2024030401001589,NABIL,56,56,10.0,450.0,4500.0,2024-03-04
2024030401001588,PHCL,65,33,80.0,320.0,25600.0,2024-03-04
2024030401001587,HDL,14,4,10.0,1588.0,15880.0,2024-03-04
2024030401001586,PCBL,57,39,40.0,195.9,7836.0,2024-03-04
2024030401001585,PPL,57,49,210.0,345.0,72450.0,2024-03-04
2024030401001584,PPL,57,26,90.0,345.0,31050.0,2024-03-04
2024030404000813,TRH,57,68,10.0,778.0,7780.0,2024-03-04
2024030401001583,HDL,57,45,56.0,1580.0,88480.0,2024-03-04
2024030404000812,AHPC,74,28,600.0,193.0,115800.0,2024-03-04
2024030401001582,NIMB,74,45,10.0,167.0,1670.0,2024-03-04
2024030401001581,SHIVM,33,65,10.0,508.0,5080.0,2024-03-04
2024030401001580,SHIVM,33,32,700.0,507.0,354900.0,2024-03-04
2024030401001579,SHIVM,33,45,790.0,504.0,398160.0,2024-03-04
2024030401001578,NRM,71,39,200.0,372.4,74480.0,2024-03-04
2024030404000811,PPCL,34,19,10.0,273.3,2733.0,2024-03-04
2024030401001577,MBL,34,34,10.0,186.1,1861.0,2024-03-04
2024030401001576,SONA,16,11,500.0,490.0,245000.0,2024-03-04
2024030401001575,SONA,16,44,50.0,490.0,24500.0,2024-03-04
2024030401001574,SONA,16,52,500.0,490.0,245000.0,2024-03-04
2024030401001573,SONA,16,62,100.0,490.0,49000.0,2024-03-04
2024030401001572,SONA,16,14,30.0,490.0,14700.0,2024-03-04
2024030401001571,SONA,16,53,10.0,489.7,4897.0,2024-03-04
2024030401001570,SONA,16,41,200.0,489.7,97940.0,2024-03-04
2024030401001569,SNLI,45,84,10.0,608.0,6080.0,2024-03-04
2024030404000810,HPPL,16,39,1100.0,289.0,317900.0,2024-03-04
2024030404000809,GHL,28,49,757.0,158.7,120135.9,2024-03-04
2024030404000808,GHL,38,49,125.0,158.7,19837.5,2024-03-04
2024030404000807,GHL,58,49,2000.0,158.7,317400.0,2024-03-04
2024030404000806,GHL,35,49,118.0,158.7,18726.6,2024-03-04
2024030405000376,HIDCL,56,53,10.0,175.6,1756.0,2024-03-04
2024030405000375,CIT,43,22,100.0,2181.0,218100.0,2024-03-04
2024030403000436,GILB,46,58,26.0,825.0,21450.0,2024-03-04
2024030401001568,NICA,20,32,200.0,433.1,86620.0,2024-03-04
2024030404000805,GHL,35,28,32.0,158.7,5078.4,2024-03-04
2024030404000804,GHL,74,28,58.0,158.7,9204.6,2024-03-04
2024030404000803,AKJCL,58,40,50.0,232.0,11600.0,2024-03-04
2024030404000802,LEC,14,29,10.0,189.8,1898.0,2024-03-04
2024030403000435,FMDBL,42,62,10.0,616.0,6160.0,2024-03-04
2024030404000801,NHPC,26,8,400.0,166.0,66400.0,2024-03-04
2024030401001567,RFPL,7,62,560.0,350.0,196000.0,2024-03-04
2024030401001566,MAKAR,36,62,10.0,391.6,3916.0,2024-03-04
2024030405000374,NRN,58,7,413.0,560.0,231280.0,2024-03-04
2024030401001565,SMJC,21,6,1180.0,401.0,473180.0,2024-03-04
2024030401001564,SMJC,21,59,1670.0,401.0,669670.0,2024-03-04
2024030401001563,SMJC,21,48,150.0,400.0,60000.0,2024-03-04
2024030401001562,TSHL,18,14,10.0,496.0,4960.0,2024-03-04
2024030404000800,TRH,50,68,10.0,778.0,7780.0,2024-03-04
2024030404000799,HDHPC,18,44,2000.0,150.0,300000.0,2024-03-04
2024030404000798,AKJCL,50,34,100.0,232.6,23260.0,2024-03-04
2024030403000434,JBBL,25,7,990.0,306.0,302940.0,2024-03-04
2024030403000433,JBBL,25,54,1899.0,306.0,581094.0,2024-03-04
2024030404000797,JOSHI,38,42,100.0,362.5,36250.0,2024-03-04
2024030401001561,RFPL,65,62,440.0,350.0,154000.0,2024-03-04
2024030401001560,RFPL,65,41,50.0,350.0,17500.0,2024-03-04
2024030401001559,RFPL,65,53,2000.0,350.0,700000.0,2024-03-04
2024030401001558,RFPL,65,62,10.0,350.0,3500.0,2024-03-04
2024030401001557,TVCL,65,49,170.0,563.0,95710.0,2024-03-04
2024030401001556,MAKAR,36,50,10.0,391.6,3916.0,2024-03-04
2024030401001555,MAKAR,36,52,10.0,391.0,3910.0,2024-03-04
2024030401001554,SONA,57,3,196.0,489.6,95961.6,2024-03-04
2024030401001553,SONA,57,49,10.0,489.0,4890.0,2024-03-04
2024030401001552,SONA,57,6,10.0,489.0,4890.0,2024-03-04
2024030401001551,SONA,57,74,100.0,489.0,48900.0,2024-03-04
2024030401001550,SONA,57,36,500.0,489.0,244500.0,2024-03-04
2024030401001549,SONA,57,35,200.0,489.0,97800.0,2024-03-04
2024030401001548,SONA,57,33,984.0,489.0,481176.0,2024-03-04
2024030401001547,SONA,57,33,16.0,489.0,7824.0,2024-03-04
2024030401001546,SONA,57,47,500.0,489.0,244500.0,2024-03-04
2024030401001545,SONA,57,19,484.0,489.0,236676.0,2024-03-04
2024030401001544,SONA,57,33,1000.0,488.4,488400.0,2024-03-04
2024030401001543,HATHY,57,57,90.0,890.0,80100.0,2024-03-04
2024030404000796,HDHPC,19,44,50.0,150.0,7500.0,2024-03-04
2024030401001542,BEDC,84,42,10.0,361.3,3613.0,2024-03-04
2024030404000795,PMHPL,34,46,10.0,254.0,2540.0,2024-03-04
2024030401001541,SAMAJ,16,16,10.0,1723.8,17238.0,2024-03-04
2024030404000794,GHL,74,41,300.0,158.7,47610.0,2024-03-04
2024030401001540,SMHL,59,76,10.0,480.0,4800.0,2024-03-04
2024030401001539,SMHL,76,19,350.0,479.8,167930.0,2024-03-04
2024030401001538,NABIL,35,36,24.0,458.3,10999.2,2024-03-04
2024030401001537,VLUCL,37,32,90.0,571.0,51390.0,2024-03-04
2024030401001536,VLUCL,37,21,10.0,565.0,5650.0,2024-03-04
2024030404000793,SGIC,29,84,740.0,525.0,388500.0,2024-03-04
2024030404000792,SGIC,29,44,60.0,524.9,31494.0,2024-03-04
2024030404000791,SGIC,29,3,200.0,524.0,104800.0,2024-03-04
2024030401001535,SMJC,62,48,900.0,400.0,360000.0,2024-03-04
2024030401001534,SMJC,62,6,1000.0,400.0,400000.0,2024-03-04
2024030401001533,SMJC,62,94,3100.0,396.0,1227600.0,2024-03-04
2024030401001532,PPL,26,26,15.0,345.0,5175.0,2024-03-04
2024030401001531,USHEC,26,13,10.0,369.0,3690.0,2024-03-04
2024030404000790,AHPC,26,28,80.0,193.0,15440.0,2024-03-04
2024030405000373,NRIC,42,50,200.0,793.0,158600.0,2024-03-04
2024030401001530,NRM,53,42,500.0,371.6,185800.0,2024-03-04
2024030403000432,CBBL,42,65,165.0,841.5,138847.5,2024-03-04
2024030401001529,HATHY,57,57,10.0,890.0,8900.0,2024-03-04
2024030404000789,AHPC,57,28,600.0,193.0,115800.0,2024-03-04
2024030404000788,AKJCL,16,34,100.0,232.6,23260.0,2024-03-04
2024030401001528,HIDCLP,17,58,101.0,102.4,10342.4,2024-03-04
2024030401001527,HIDCLP,17,44,1000.0,102.3,102300.0,2024-03-04
2024030401001526,HIDCLP,17,55,4899.0,102.0,499698.0,2024-03-04
2024030404000787,KKHC,17,34,10.0,247.1,2471.0,2024-03-04
2024030404000786,KKHC,17,7,10.0,247.1,2471.0,2024-03-04
2024030404000785,NLG,16,11,100.0,750.0,75000.0,2024-03-04
2024030403000431,SMB,49,42,50.0,975.0,48750.0,2024-03-04
2024030403000430,EDBL,41,43,10.0,348.0,3480.0,2024-03-04
2024030403000429,KSBBL,32,33,200.0,357.0,71400.0,2024-03-04
2024030401001525,SONA,41,19,1220.0,485.0,591700.0,2024-03-04
2024030401001524,SONA,19,19,200.0,488.0,97600.0,2024-03-04
2024030401001523,SONA,55,19,580.0,488.0,283040.0,2024-03-04
2024030403000428,HLBSL,32,42,100.0,583.0,58300.0,2024-03-04
2024030405000372,STC,10,94,10.0,5200.0,52000.0,2024-03-04
2024030401001522,KBL,5,34,220.0,150.0,33000.0,2024-03-04
2024030401001521,HDL,5,45,30.0,1580.0,47400.0,2024-03-04
2024030401001520,SONA,55,35,10.0,488.0,4880.0,2024-03-04
2024030401001519,KDL,50,47,10.0,788.1,7881.0,2024-03-04
2024030401001518,CKHL,64,43,265.0,643.0,170395.0,2024-03-04
2024030401001517,CKHL,64,10,200.0,642.0,128400.0,2024-03-04
2024030403000427,SINDU,40,42,765.0,325.3,248854.5,2024-03-04
2024030404000784,TRH,62,68,50.0,778.0,38900.0,2024-03-04
2024030401001516,SRLI,35,7,80.0,445.2,35616.0,2024-03-04
2024030401001515,SRLI,35,7,10.0,454.1,4541.0,2024-03-04
2024030403000426,NUBL,26,62,10.0,605.0,6050.0,2024-03-04
2024030403000425,HLI,69,21,10.0,409.0,4090.0,2024-03-04
2024030403000424,HLI,69,41,900.0,409.0,368100.0,2024-03-04
2024030403000423,HLI,69,45,700.0,406.9,284830.0,2024-03-04
2024030403000422,JBBL,21,54,840.0,306.0,257040.0,2024-03-04
2024030403000421,JBBL,21,48,100.0,306.0,30600.0,2024-03-04
2024030403000420,JBBL,21,4,60.0,305.0,18300.0,2024-03-04
2024030404000783,NHPC,13,8,95.0,166.0,15770.0,2024-03-04
2024030404000782,NHPC,13,40,855.0,166.0,141930.0,2024-03-04
2024030404000781,NHPC,13,16,850.0,166.0,141100.0,2024-03-04
2024030404000780,NHPC,13,44,300.0,165.9,49770.0,2024-03-04
2024030405000371,HRL,57,26,65.0,640.0,41600.0,2024-03-04
2024030401001514,AHL,19,60,10.0,455.6,4556.0,2024-03-04
2024030401001513,MBJC,35,18,100.0,321.0,32100.0,2024-03-04
2024030401001512,MHCL,6,45,50.0,528.0,26400.0,2024-03-04
2024030404000779,SHL,6,37,275.0,457.0,125675.0,2024-03-04
2024030404000778,SHL,6,25,100.0,457.0,45700.0,2024-03-04
2024030404000777,SHL,6,55,150.0,457.0,68550.0,2024-03-04
2024030404000776,SHL,6,14,475.0,456.9,217027.5,2024-03-04
2024030404000775,SGIC,42,84,1065.0,517.0,550605.0,2024-03-04
2024030404000774,BARUN,42,21,590.0,262.0,154580.0,2024-03-04
2024030401001511,BHPL,69,14,10.0,521.8,5218.0,2024-03-04
2024030404000773,HDHPC,57,44,973.0,150.0,145950.0,2024-03-04
2024030404000772,HDHPC,57,49,1640.0,148.0,242720.0,2024-03-04
2024030401001510,BEDC,57,42,1490.0,361.3,538337.0,2024-03-04
2024030401001509,BEDC,57,57,10.0,361.0,3610.0,2024-03-04
2024030403000419,SINDU,48,65,1650.0,324.0,534600.0,2024-03-04
2024030404000771,GHL,74,56,642.0,158.7,101885.4,2024-03-04
2024030401001508,MBL,44,34,10.0,186.1,1861.0,2024-03-04
2024030403000418,ALICL,17,32,300.0,575.0,172500.0,2024-03-04
2024030403000417,ALICL,17,62,200.0,575.0,115000.0,2024-03-04
2024030404000770,NLG,44,58,10.0,754.0,7540.0,2024-03-04
2024030403000416,PFL,57,63,10.0,373.4,3734.0,2024-03-04
2024030404000769,SPDL,53,67,10.0,257.2,2572.0,2024-03-04
2024030404000768,SHPC,1,60,500.0,361.0,180500.0,2024-03-04
2024030401001507,CLI,1,74,60.0,453.9,27234.0,2024-03-04
2024030401001506,PPL,46,26,155.0,345.0,53475.0,2024-03-04
2024030404000767,AKJCL,45,34,100.0,232.0,23200.0,2024-03-04
2024030404000766,AKJCL,42,34,300.0,232.0,69600.0,2024-03-04
2024030404000765,AKJCL,35,34,500.0,232.0,116000.0,2024-03-04
2024030404000764,AKJCL,41,34,100.0,232.0,23200.0,2024-03-04
2024030403000415,GBLBS,34,59,10.0,540.6,5406.0,2024-03-04
2024030403000414,USLB,34,57,10.0,1128.8,11288.0,2024-03-04
2024030403000413,USLB,34,25,10.0,1128.0,11280.0,2024-03-04
2024030401001505,SONA,55,4,60.0,488.0,29280.0,2024-03-04
2024030401001504,MKCL,4,90,100.0,989.0,98900.0,2024-03-04
2024030401001503,MKCL,4,33,10.0,988.0,9880.0,2024-03-04
2024030404000763,AHPC,58,28,1500.0,193.0,289500.0,2024-03-04
2024030404000762,AHPC,33,28,356.0,193.0,68708.0,2024-03-04
2024030404000761,AHPC,33,28,250.0,193.8,48450.0,2024-03-04
2024030404000760,AHPC,56,28,30.0,193.8,5814.0,2024-03-04
2024030405000370,NTC,47,81,10.0,880.0,8800.0,2024-03-04
2024030401001502,MMKJL,29,43,600.0,429.0,257400.0,2024-03-04
2024030404000759,RHPL,62,6,300.0,289.0,86700.0,2024-03-04
2024030404000758,RHPL,62,42,200.0,289.0,57800.0,2024-03-04
2024030404000757,AKPL,62,36,225.0,188.0,42300.0,2024-03-04
2024030404000756,TRH,62,68,100.0,778.0,77800.0,2024-03-04
2024030401001501,GCIL,21,61,100.0,518.0,51800.0,2024-03-04
2024030401001500,CLI,26,74,440.0,453.9,199716.0,2024-03-04
2024030401001499,CLI,26,57,10.0,453.9,4539.0,2024-03-04
2024030401001498,CLI,26,59,10.0,453.9,4539.0,2024-03-04
2024030401001497,CLI,26,58,10.0,453.0,4530.0,2024-03-04
2024030401001496,CLI,26,58,10.0,453.0,4530.0,2024-03-04
2024030401001495,CLI,26,41,10.0,452.0,4520.0,2024-03-04
2024030401001494,CLI,26,58,10.0,452.0,4520.0,2024-03-04
2024030401001493,CZBIL,26,91,1250.0,167.4,209250.0,2024-03-04
2024030401001492,CZBIL,26,16,50.0,167.4,8370.0,2024-03-04
2024030401001491,CZBIL,26,34,100.0,167.0,16700.0,2024-03-04
2024030403000412,CFCL,26,70,450.0,345.9,155655.0,2024-03-04
2024030403000411,KSBBL,25,33,200.0,357.0,71400.0,2024-03-04
2024030401001490,SBL,25,50,10.0,223.6,2236.0,2024-03-04
2024030401001489,SBL,25,22,10.0,223.6,2236.0,2024-03-04
2024030401001488,GCIL,71,61,815.0,518.0,422170.0,2024-03-04
2024030403000410,JBBL,90,4,440.0,305.0,134200.0,2024-03-04
2024030403000409,MFIL,42,26,107.0,517.0,55319.0,2024-03-04
2024030401001487,LSL,6,14,285.0,169.0,48165.0,2024-03-04
2024030401001486,LSL,6,11,15.0,168.9,2533.5,2024-03-04
2024030404000755,AHPC,56,6,20.0,193.8,3876.0,2024-03-04
2024030401001485,SHIVM,14,28,40.0,500.0,20000.0,2024-03-04
2024030403000408,SADBL,57,16,100.0,310.0,31000.0,2024-03-04
2024030404000754,GLH,57,14,200.0,228.4,45680.0,2024-03-04
2024030404000753,GLH,57,58,10.0,225.8,2258.0,2024-03-04
2024030405000369,HRL,57,42,10.0,640.0,6400.0,2024-03-04
2024030405000368,HRL,57,35,10.0,640.0,6400.0,2024-03-04
2024030405000367,HRL,57,21,416.0,640.0,266240.0,2024-03-04
2024030401001484,SNLI,74,38,900.0,619.9,557910.0,2024-03-04
2024030401001483,SNLI,74,11,100.0,619.0,61900.0,2024-03-04
2024030401001482,NABIL,16,36,50.0,458.3,22915.0,2024-03-04
2024030404000752,SHPC,44,60,265.0,361.0,95665.0,2024-03-04
2024030404000751,SHPC,44,45,10.0,361.0,3610.0,2024-03-04
2024030403000407,PROFL,11,65,50.0,325.0,16250.0,2024-03-04
2024030401001481,RNLI,43,34,200.0,446.9,89380.0,2024-03-04
2024030401001480,AHL,68,43,10.0,455.6,4556.0,2024-03-04
2024030401001479,MKHC,1,58,70.0,296.0,20720.0,2024-03-04
2024030401001478,VLUCL,19,66,510.0,554.0,282540.0,2024-03-04
2024030401001477,VLUCL,71,66,190.0,555.0,105450.0,2024-03-04
2024030403000406,SHINE,49,34,214.0,389.0,83246.0,2024-03-04
2024030404000750,SPIL,58,35,433.0,769.0,332977.0,2024-03-04
2024030404000749,SPIL,58,45,97.0,769.0,74593.0,2024-03-04
2024030404000748,SPIL,58,35,470.0,769.0,361430.0,2024-03-04
2024030401001476,MHCL,28,45,100.0,528.0,52800.0,2024-03-04
2024030401001475,MHCL,28,35,100.0,519.1,51910.0,2024-03-04
2024030401001474,SONA,55,34,10.0,488.0,4880.0,2024-03-04
2024030401001473,SONA,55,35,20.0,488.0,9760.0,2024-03-04
2024030401001472,SONA,55,19,1320.0,488.0,644160.0,2024-03-04
2024030404000747,SICL,16,55,10.0,696.6,6966.0,2024-03-04
2024030403000405,SINDU,13,65,300.0,324.0,97200.0,2024-03-04
2024030403000404,GILB,21,58,60.0,825.0,49500.0,2024-03-04
2024030403000403,GILB,21,25,10.0,823.2,8232.0,2024-03-04
2024030401001471,PPL,85,26,200.0,345.0,69000.0,2024-03-04
2024030401001470,GBIME,25,34,10.0,195.8,1958.0,2024-03-04
2024030403000402,SHINE,42,4,100.0,390.0,39000.0,2024-03-04
2024030401001469,BPW,65,22,20.0,1284.0,25680.0,2024-03-04
2024030401001468,HDL,56,45,14.0,1580.0,22120.0,2024-03-04
2024030401001467,HDL,56,16,126.0,1578.9,198941.4,2024-03-04
2024030401001466,MHCL,56,62,20.0,519.0,10380.0,2024-03-04
2024030401001465,MHCL,56,37,55.0,519.0,28545.0,2024-03-04
2024030401001464,MHCL,56,49,267.0,519.0,138573.0,2024-03-04
2024030404000746,NICL,48,47,80.0,858.9,68712.0,2024-03-04
2024030404000745,NICL,48,49,30.0,858.0,25740.0,2024-03-04
2024030404000744,NICL,48,45,360.0,855.0,307800.0,2024-03-04
2024030404000743,NICL,48,42,10.0,854.9,8549.0,2024-03-04
2024030404000742,NICL,48,46,20.0,850.0,17000.0,2024-03-04
2024030401001463,SCB,48,45,60.0,520.2,31212.0,2024-03-04
2024030403000401,CORBL,71,69,10.0,424.1,4241.0,2024-03-04
2024030401001462,RFPL,71,62,990.0,350.0,346500.0,2024-03-04
2024030401001461,RFPL,71,29,300.0,350.0,105000.0,2024-03-04
2024030401001460,RFPL,71,58,10.0,349.0,3490.0,2024-03-04
2024030401001459,RFPL,71,40,10.0,346.0,3460.0,2024-03-04
2024030401001458,RFPL,71,54,250.0,344.0,86000.0,2024-03-04
2024030401001457,RFPL,71,65,190.0,344.0,65360.0,2024-03-04
2024030401001456,RFPL,71,6,10.0,344.0,3440.0,2024-03-04
2024030401001455,RFPL,71,29,60.0,344.0,20640.0,2024-03-04
2024030401001454,RFPL,71,7,70.0,343.0,24010.0,2024-03-04
2024030404000741,RADHI,42,71,520.0,252.0,131040.0,2024-03-04
2024030404000740,RADHI,25,71,200.0,253.0,50600.0,2024-03-04
2024030404000739,RADHI,6,71,30.0,253.1,7593.0,2024-03-04
2024030404000738,NGPL,1,81,300.0,318.8,95640.0,2024-03-04
2024030405000366,HRL,74,21,550.0,640.0,352000.0,2024-03-04
2024030405000365,HRL,74,8,150.0,638.0,95700.0,2024-03-04
2024030401001453,SMH,84,50,20.0,700.0,14000.0,2024-03-04
2024030401001452,MHCL,17,49,33.0,519.0,17127.0,2024-03-04
2024030401001451,MHCL,17,18,17.0,519.0,8823.0,2024-03-04
2024030404000737,NHPC,53,16,100.0,166.0,16600.0,2024-03-04
2024030403000400,GMFBS,25,43,500.0,856.6,428300.0,2024-03-04
2024030401001450,GBIME,1,14,50.0,195.0,9750.0,2024-03-04
2024030403000399,MPFL,66,57,200.0,361.0,72200.0,2024-03-04
2024030405000364,NRN,66,50,190.0,567.0,107730.0,2024-03-04
2024030405000363,NRN,66,74,50.0,565.0,28250.0,2024-03-04
2024030405000362,NRN,66,28,200.0,565.0,113000.0,2024-03-04
2024030405000361,NRN,66,75,1350.0,565.0,762750.0,2024-03-04
2024030405000360,NRN,66,58,1000.0,564.0,564000.0,2024-03-04
2024030405000359,NRN,66,34,210.0,564.0,118440.0,2024-03-04
2024030403000398,PROFL,41,65,500.0,325.0,162500.0,2024-03-04
2024030404000736,NGPL,1,45,140.0,318.8,44632.0,2024-03-04
2024030404000735,NGPL,58,45,60.0,318.8,19128.0,2024-03-04
2024030404000734,SGIC,34,84,500.0,517.0,258500.0,2024-03-04
2024030401001449,TPC,34,11,100.0,558.0,55800.0,2024-03-04
2024030401001448,TPC,34,32,100.0,557.9,55790.0,2024-03-04
2024030403000397,GLBSL,34,34,10.0,915.1,9151.0,2024-03-04
2024030403000396,PMLI,35,7,20.0,520.2,10404.0,2024-03-04
2024030401001447,MBJC,35,58,10.0,321.0,3210.0,2024-03-04
2024030401001446,MBJC,35,10,1000.0,321.0,321000.0,2024-03-04
2024030401001445,MBJC,35,52,100.0,320.5,32050.0,2024-03-04
2024030401001444,MBJC,35,10,500.0,320.5,160250.0,2024-03-04
2024030404000733,API,35,21,100.0,193.3,19330.0,2024-03-04
2024030404000732,API,35,42,500.0,193.3,96650.0,2024-03-04
2024030404000731,API,35,49,500.0,193.3,96650.0,2024-03-04
2024030404000730,API,35,25,1302.0,193.3,251676.6,2024-03-04
2024030403000395,GUFL,8,25,500.0,624.0,312000.0,2024-03-04
2024030403000394,NICLBSL,62,62,10.0,568.0,5680.0,2024-03-04
2024030401001443,ULHC,62,11,10.0,335.0,3350.0,2024-03-04
2024030401001442,MEHL,55,21,470.0,311.0,146170.0,2024-03-04
2024030403000393,GUFL,52,25,500.0,624.0,312000.0,2024-03-04
2024030403000392,SHINE,42,4,18.0,390.0,7020.0,2024-03-04
2024030403000391,SHINE,42,6,12.0,389.6,4675.2,2024-03-04
2024030401001441,GCIL,42,3,74.0,525.9,38916.6,2024-03-04
2024030401001440,GCIL,42,7,112.0,525.0,58800.0,2024-03-04
2024030401001439,GCIL,42,13,150.0,525.0,78750.0,2024-03-04
2024030401001438,GCIL,42,3,100.0,525.0,52500.0,2024-03-04
2024030401001437,GCIL,42,48,100.0,525.0,52500.0,2024-03-04
2024030401001436,GCIL,42,45,394.0,524.0,206456.0,2024-03-04
2024030401001435,GCIL,42,47,10.0,520.0,5200.0,2024-03-04
2024030401001434,SHLB,13,14,10.0,888.3,8883.0,2024-03-04
2024030404000729,AHPC,56,19,150.0,193.8,29070.0,2024-03-04
2024030404000728,AHPC,56,41,50.0,193.8,9690.0,2024-03-04
2024030404000727,HPPL,39,39,80.0,289.0,23120.0,2024-03-04
2024030404000726,HPPL,39,39,1420.0,289.0,410380.0,2024-03-04
2024030401001433,USHEC,26,38,10.0,369.0,3690.0,2024-03-04
2024030401001432,SMHL,51,19,60.0,479.8,28788.0,2024-03-04
2024030401001431,SONA,51,19,500.0,488.0,244000.0,2024-03-04
2024030401001430,MHCL,88,18,300.0,519.0,155700.0,2024-03-04
2024030403000390,ALBSL,53,6,10.0,657.9,6579.0,2024-03-04
2024030401001429,SIKLES,95,68,10.0,491.0,4910.0,2024-03-04
2024030401001428,SIKLES,95,4,10.0,490.0,4900.0,2024-03-04
2024030405000358,NRN,58,49,83.0,560.0,46480.0,2024-03-04
2024030405000357,NRN,49,49,1700.0,561.0,953700.0,2024-03-04
2024030401001427,HATHY,49,51,100.0,900.0,90000.0,2024-03-04
2024030401001426,NWCL,1,1,10.0,789.4,7894.0,2024-03-04
2024030401001425,NWCL,1,35,10.0,789.0,7890.0,2024-03-04
2024030401001424,NWCL,1,65,50.0,789.0,39450.0,2024-03-04
2024030401001423,HDL,59,16,94.0,1578.9,148416.6,2024-03-04
2024030403000389,ICFC,45,42,40.0,501.0,20040.0,2024-03-04
2024030404000725,AKPL,45,36,175.0,188.0,32900.0,2024-03-04
2024030401001422,NABIL,55,36,50.0,458.3,22915.0,2024-03-04
2024030401001421,SANIMA,58,55,150.0,243.0,36450.0,2024-03-04
2024030401001420,VLUCL,71,7,10.0,555.0,5550.0,2024-03-04
2024030404000724,AHPC,13,41,250.0,193.8,48450.0,2024-03-04
2024030404000723,HDHPC,52,49,360.0,148.0,53280.0,2024-03-04
2024030405000356,NTC,25,81,10.0,880.0,8800.0,2024-03-04
2024030403000388,CBBL,34,65,500.0,841.5,420750.0,2024-03-04
2024030401001419,SHIVM,17,36,458.0,495.1,226755.8,2024-03-04
2024030401001418,SHIVM,53,36,42.0,499.0,20958.0,2024-03-04
2024030404000722,OHL,89,72,10.0,757.0,7570.0,2024-03-04
2024030405000355,NIFRA,41,65,180.0,216.0,38880.0,2024-03-04
2024030405000354,NIFRA,41,7,20.0,216.0,4320.0,2024-03-04
2024030401001417,HATHY,45,35,20.0,900.0,18000.0,2024-03-04
2024030401001416,HATHY,45,62,328.0,899.0,294872.0,2024-03-04
2024030401001415,HATHY,45,72,94.0,890.0,83660.0,2024-03-04
2024030401001414,SHIVM,45,28,100.0,500.0,50000.0,2024-03-04
2024030401001413,SHIVM,34,28,950.0,500.0,475000.0,2024-03-04
2024030404000721,AHPC,28,41,50.0,193.8,9690.0,2024-03-04
2024030405000353,NIFRA,32,7,70.0,216.0,15120.0,2024-03-04
2024030401001412,SHIVM,29,28,500.0,500.0,250000.0,2024-03-04
2024030404000720,AHPC,26,41,150.0,193.8,29070.0,2024-03-04
2024030404000719,AHPC,26,4,100.0,193.8,19380.0,2024-03-04
2024030401001411,NICA,20,50,100.0,433.1,43310.0,2024-03-04
2024030405000352,HRL,46,22,86.0,635.0,54610.0,2024-03-04
2024030405000351,HRL,26,22,80.0,636.0,50880.0,2024-03-04
2024030401001410,TAMOR,77,50,2000.0,400.0,800000.0,2024-03-04
2024030404000718,SJCL,58,39,10.0,281.9,2819.0,2024-03-04
2024030401001409,NABIL,58,36,100.0,458.3,45830.0,2024-03-04
2024030401001408,SMJC,52,94,300.0,396.0,118800.0,2024-03-04
2024030401001407,SONA,39,19,200.0,488.0,97600.0,2024-03-04
2024030403000387,NABBC,51,34,10.0,429.7,4297.0,2024-03-04
2024030401001406,BEDC,38,57,10.0,360.0,3600.0,2024-03-04
2024030401001405,SHIVM,44,28,200.0,500.0,100000.0,2024-03-04
2024030403000386,SINDU,11,65,500.0,324.0,162000.0,2024-03-04
2024030404000717,JOSHI,86,6,10.0,369.0,3690.0,2024-03-04
2024030401001404,MEL,86,74,96.0,226.7,21763.2,2024-03-04
2024030401001403,MEL,86,13,10.0,226.1,2261.0,2024-03-04
2024030401001402,SONA,41,34,10.0,485.0,4850.0,2024-03-04
2024030401001401,KBL,55,34,2000.0,150.0,300000.0,2024-03-04
2024030405000350,STC,58,54,10.0,5207.3,52073.0,2024-03-04
2024030404000716,AKPL,21,36,100.0,188.0,18800.0,2024-03-04
2024030404000715,BPCL,21,28,80.0,323.3,25864.0,2024-03-04
2024030404000714,BPCL,21,53,50.0,323.0,16150.0,2024-03-04
2024030404000713,BPCL,21,35,50.0,322.0,16100.0,2024-03-04
2024030401001400,RNLI,36,34,140.0,446.9,62566.0,2024-03-04
2024030401001399,RNLI,36,38,10.0,446.8,4468.0,2024-03-04
2024030401001398,PHCL,17,33,110.0,320.0,35200.0,2024-03-04
2024030401001397,BGWT,38,58,10.0,587.5,5875.0,2024-03-04
2024030401001396,BGWT,38,58,10.0,587.5,5875.0,2024-03-04
2024030403000385,MNBBL,4,43,10.0,357.0,3570.0,2024-03-04
2024030403000384,NLIC,41,47,100.0,612.0,61200.0,2024-03-04
2024030405000349,NRN,58,34,790.0,564.0,445560.0,2024-03-04
2024030404000712,HDHPC,57,49,500.0,148.0,74000.0,2024-03-04
2024030405000348,NRN,58,14,410.0,564.0,231240.0,2024-03-04
2024030401001395,EBL,58,33,10.0,524.0,5240.0,2024-03-04
2024030403000383,FMDBL,26,5,10.0,604.0,6040.0,2024-03-04
2024030401001394,PHCL,16,34,10.0,322.0,3220.0,2024-03-04
2024030401001393,GCIL,71,46,55.0,518.0,28490.0,2024-03-04
2024030404000711,KKHC,34,41,10.0,245.0,2450.0,2024-03-04
2024030405000347,CHDC,39,50,159.0,989.9,157394.1,2024-03-04
2024030403000382,SINDU,52,1,400.0,323.0,129200.0,2024-03-04
2024030401001392,ILI,42,36,100.0,545.0,54500.0,2024-03-04
2024030401001391,ILI,42,53,200.0,544.0,108800.0,2024-03-04
2024030401001390,ILI,42,40,190.0,540.0,102600.0,2024-03-04
2024030401001389,ILI,42,75,10.0,540.0,5400.0,2024-03-04
2024030405000346,HRL,40,8,50.0,638.0,31900.0,2024-03-04
2024030401001388,SGHC,75,71,200.0,327.0,65400.0,2024-03-04
2024030401001387,SONA,60,19,980.0,488.0,478240.0,2024-03-04
2024030401001386,SONA,60,45,20.0,488.0,9760.0,2024-03-04
2024030401001385,UHEWA,64,64,10.0,353.0,3530.0,2024-03-04
2024030401001384,NABIL,3,14,9729.0,458.0,4455882.0,2024-03-04
2024030405000345,NIFRA,57,34,40.0,215.0,8600.0,2024-03-04
2024030403000381,ICFC,50,35,260.0,500.0,130000.0,2024-03-04
2024030404000710,TRH,35,1,100.0,763.0,76300.0,2024-03-04
2024030401001383,CLI,51,41,10.0,450.0,4500.0,2024-03-04
2024030401001382,CLI,51,3,89.0,450.0,40050.0,2024-03-04
2024030403000380,CBBL,29,65,25.0,858.0,21450.0,2024-03-04
2024030404000709,RADHI,57,56,10.0,257.0,2570.0,2024-03-04
2024030404000708,RADHI,57,47,10.0,257.0,2570.0,2024-03-04
2024030404000707,RADHI,57,26,10.0,256.0,2560.0,2024-03-04
2024030401001381,BHPL,71,14,10.0,513.0,5130.0,2024-03-04
2024030403000379,PMLI,42,7,10.0,520.2,5202.0,2024-03-04
2024030403000378,SFCL,58,19,10.0,321.0,3210.0,2024-03-04
2024030404000706,AHPC,53,4,200.0,193.8,38760.0,2024-03-04
2024030404000705,AHPC,53,4,300.0,193.8,58140.0,2024-03-04
2024030403000377,HLI,50,74,48.0,402.0,19296.0,2024-03-04
2024030404000704,MEN,14,34,100.0,627.0,62700.0,2024-03-04
2024030404000703,MEN,34,37,250.0,629.0,157250.0,2024-03-04
2024030404000702,MEN,34,37,1000.0,629.0,629000.0,2024-03-04
2024030404000701,MEN,34,37,200.0,629.0,125800.0,2024-03-04
2024030404000700,MEN,34,57,400.0,629.0,251600.0,2024-03-04
2024030404000699,MEN,34,34,1000.0,629.0,629000.0,2024-03-04
2024030404000698,MEN,34,34,150.0,628.0,94200.0,2024-03-04
2024030404000697,NHDL,57,47,20.0,433.9,8678.0,2024-03-04
2024030404000696,NHDL,32,47,10.0,433.9,4339.0,2024-03-04
2024030404000695,CGH,46,35,65.0,860.0,55900.0,2024-03-04
2024030404000694,CGH,49,35,135.0,860.0,116100.0,2024-03-04
2024030404000693,UPCL,41,28,200.0,223.7,44740.0,2024-03-04
2024030404000692,UPCL,41,62,300.0,223.7,67110.0,2024-03-04
2024030401001380,MEHL,55,41,10.0,311.0,3110.0,2024-03-04
2024030405000344,NIFRA,41,7,60.0,216.0,12960.0,2024-03-04
2024030405000343,NIFRA,41,52,20.0,216.0,4320.0,2024-03-04
2024030405000342,NIFRA,41,57,50.0,216.0,10800.0,2024-03-04
2024030405000341,NIFRA,41,14,870.0,216.0,187920.0,2024-03-04
2024030404000691,HPPL,39,39,480.0,289.0,138720.0,2024-03-04
2024030404000690,HPPL,39,68,20.0,285.6,5712.0,2024-03-04
2024030405000340,NIFRA,57,54,50.0,215.0,10750.0,2024-03-04
2024030403000376,SFCL,42,19,90.0,315.0,28350.0,2024-03-04
2024030403000375,SFCL,8,19,10.0,315.0,3150.0,2024-03-04
2024030404000689,API,36,25,206.0,193.3,39819.8,2024-03-04
2024030404000688,API,36,58,294.0,193.3,56830.2,2024-03-04
2024030404000687,MEN,59,34,50.0,628.0,31400.0,2024-03-04
2024030403000374,SKBBL,84,25,20.0,837.3,16746.0,2024-03-04
2024030401001379,ILI,35,51,10.0,535.0,5350.0,2024-03-04
2024030404000686,HDHPC,88,44,150.0,150.0,22500.0,2024-03-04
2024030401001378,KBL,62,34,30.0,150.0,4500.0,2024-03-04
2024030401001377,CZBIL,26,34,900.0,167.0,150300.0,2024-03-04
2024030401001376,CZBIL,26,13,100.0,167.0,16700.0,2024-03-04
2024030403000373,KRBL,85,52,10.0,371.0,3710.0,2024-03-04
2024030401001375,NRM,8,39,10.0,372.4,3724.0,2024-03-04
2024030401001374,NICA,56,63,30.0,434.5,13035.0,2024-03-04
2024030403000372,SJLIC,34,34,300.0,472.2,141660.0,2024-03-04
2024030403000371,SJLIC,34,32,50.0,472.2,23610.0,2024-03-04
2024030401001373,KBL,47,34,700.0,150.0,105000.0,2024-03-04
2024030401001372,HDL,41,16,30.0,1578.9,47367.0,2024-03-04
2024030401001371,HDL,41,34,20.0,1578.9,31578.0,2024-03-04
2024030404000685,GHL,39,56,358.0,158.7,56814.6,2024-03-04
2024030404000684,GHL,39,42,569.0,158.7,90300.3,2024-03-04
2024030401001370,SHIVM,18,28,300.0,500.0,150000.0,2024-03-04
2024030404000683,AKPL,10,36,200.0,188.0,37600.0,2024-03-04
2024030404000682,AKPL,56,36,200.0,190.0,38000.0,2024-03-04
2024030404000681,AKPL,57,36,100.0,191.0,19100.0,2024-03-04
2024030404000680,API,36,58,500.0,193.3,96650.0,2024-03-04
2024030401001369,HDL,56,45,10.0,1578.0,15780.0,2024-03-04
2024030404000679,AHPC,13,4,200.0,193.8,38760.0,2024-03-04
2024030401001368,HATHY,16,72,18.0,890.0,16020.0,2024-03-04
2024030401001367,HATHY,16,72,388.0,890.0,345320.0,2024-03-04
2024030401001366,SMJC,57,94,500.0,396.0,198000.0,2024-03-04
2024030401001365,SMJC,7,94,100.0,397.0,39700.0,2024-03-04
2024030403000370,ICFC,50,49,238.0,500.0,119000.0,2024-03-04
2024030403000369,ICFC,50,34,100.0,500.0,50000.0,2024-03-04
2024030403000368,ICFC,50,49,200.0,499.8,99960.0,2024-03-04
2024030403000367,ICFC,50,42,50.0,499.0,24950.0,2024-03-04
2024030403000366,ICFC,50,26,1500.0,499.0,748500.0,2024-03-04
2024030401001364,GCIL,71,58,30.0,518.0,15540.0,2024-03-04
2024030405000339,NIFRA,40,14,130.0,216.0,28080.0,2024-03-04
2024030405000338,NIFRA,40,62,1370.0,216.0,295920.0,2024-03-04
2024030404000678,UPCL,22,62,90.0,221.0,19890.0,2024-03-04
2024030404000677,UPCL,45,62,200.0,221.0,44200.0,2024-03-04
2024030404000676,UPCL,59,62,10.0,221.0,2210.0,2024-03-04
2024030404000675,UPCL,1,62,10.0,222.0,2220.0,2024-03-04
2024030404000674,NHPC,14,16,50.0,166.0,8300.0,2024-03-04
2024030403000365,MMFDB,58,39,10.0,525.0,5250.0,2024-03-04
2024030404000673,API,60,58,50.0,193.3,9665.0,2024-03-04
2024030405000337,HRL,26,8,20.0,636.0,12720.0,2024-03-04
2024030403000364,HLI,1,45,100.0,406.9,40690.0,2024-03-04
2024030403000363,MDB,58,38,10.0,395.7,3957.0,2024-03-04
2024030401001363,ULHC,18,34,100.0,332.5,33250.0,2024-03-04
2024030401001362,ULHC,5,37,300.0,335.0,100500.0,2024-03-04
2024030403000362,FMDBL,42,5,40.0,604.2,24168.0,2024-03-04
2024030401001361,NBL,45,17,400.0,226.9,90760.0,2024-03-04
2024030404000672,API,45,58,500.0,193.3,96650.0,2024-03-04
2024030401001360,NICA,59,45,100.0,435.0,43500.0,2024-03-04
2024030401001359,NRM,59,39,148.0,372.4,55115.2,2024-03-04
2024030401001358,NRM,59,65,52.0,372.4,19364.8,2024-03-04
2024030401001357,SNLI,21,38,935.0,619.9,579606.5,2024-03-04
2024030401001356,SNLI,21,51,120.0,619.9,74388.0,2024-03-04
2024030401001355,SNLI,21,59,100.0,619.0,61900.0,2024-03-04
2024030401001354,SNLI,21,58,105.0,618.9,64984.5,2024-03-04
2024030401001353,SNLI,21,44,10.0,617.0,6170.0,2024-03-04
2024030401001352,SNLI,21,58,10.0,617.0,6170.0,2024-03-04
2024030401001351,SNLI,21,58,129.0,617.0,79593.0,2024-03-04
2024030401001350,SNLI,21,37,10.0,617.0,6170.0,2024-03-04
2024030401001349,SNLI,21,17,10.0,617.0,6170.0,2024-03-04
2024030401001348,SNLI,21,39,40.0,616.9,24676.0,2024-03-04
2024030401001347,SNLI,21,56,100.0,615.0,61500.0,2024-03-04
2024030401001346,SNLI,21,11,100.0,615.0,61500.0,2024-03-04
2024030401001345,SNLI,21,45,331.0,612.0,202572.0,2024-03-04
2024030403000361,CORBL,71,14,10.0,424.0,4240.0,2024-03-04
2024030401001344,MKHC,44,42,100.0,298.0,29800.0,2024-03-04
2024030404000671,HDHPC,53,44,850.0,150.0,127500.0,2024-03-04
2024030404000670,HDHPC,53,43,150.0,149.0,22350.0,2024-03-04
2024030404000669,SPDL,53,33,10.0,252.2,2522.0,2024-03-04
2024030403000360,SADBL,39,44,100.0,306.0,30600.0,2024-03-04
2024030404000668,HPPL,4,68,980.0,285.6,279888.0,2024-03-04
2024030405000336,NIFRA,57,3,500.0,215.0,107500.0,2024-03-04
2024030405000335,HRL,35,21,34.0,640.0,21760.0,2024-03-04
2024030405000334,HRL,35,7,10.0,640.0,6400.0,2024-03-04
2024030405000333,HRL,35,69,56.0,640.0,35840.0,2024-03-04
2024030404000667,UMRH,86,39,10.0,381.0,3810.0,2024-03-04
2024030401001343,SHIVM,49,28,2000.0,500.0,1000000.0,2024-03-04
2024030401001342,SHIVM,51,28,100.0,500.0,50000.0,2024-03-04
2024030401001341,SHIVM,16,28,200.0,500.0,100000.0,2024-03-04
2024030401001340,SHIVM,58,28,300.0,500.0,150000.0,2024-03-04
2024030401001339,SHIVM,50,28,300.0,500.0,150000.0,2024-03-04
2024030401001338,SHIVM,49,28,2000.0,500.0,1000000.0,2024-03-04
2024030401001337,SHIVM,20,28,500.0,500.0,250000.0,2024-03-04
2024030401001336,SHIVM,52,28,500.0,500.0,250000.0,2024-03-04
2024030401001335,SHIVM,16,28,1000.0,500.1,500100.0,2024-03-04
2024030401001334,SHIVM,46,28,170.0,500.1,85017.0,2024-03-04
2024030401001333,SHIVM,19,28,10.0,500.2,5002.0,2024-03-04
2024030401001332,SHIVM,59,28,340.0,501.0,170340.0,2024-03-04
2024030401001331,SHIVM,21,28,200.0,502.0,100400.0,2024-03-04
2024030401001330,SHIVM,35,28,290.0,503.0,145870.0,2024-03-04
2024030401001329,SMJC,7,59,950.0,397.0,377150.0,2024-03-04
2024030401001328,SMJC,1,59,50.0,398.0,19900.0,2024-03-04
2024030404000666,NGPL,58,17,10.0,318.8,3188.0,2024-03-04
2024030401001327,KBL,47,32,300.0,150.0,45000.0,2024-03-04
2024030401001326,KBL,54,32,200.0,150.0,30000.0,2024-03-04
2024030404000665,CGH,49,51,10.0,860.0,8600.0,2024-03-04
2024030404000664,CGH,49,51,20.0,860.0,17200.0,2024-03-04
2024030403000359,PFL,29,42,10.0,366.1,3661.0,2024-03-04
2024030404000663,HDHPC,33,43,200.0,149.0,29800.0,2024-03-04
2024030404000662,GHL,14,42,230.0,158.7,36501.0,2024-03-04
2024030404000661,GHL,14,54,500.0,158.7,79350.0,2024-03-04
2024030404000660,GHL,14,21,250.0,158.7,39675.0,2024-03-04
2024030404000659,GHL,14,45,10.0,158.7,1587.0,2024-03-04
2024030404000658,GHL,14,57,500.0,158.7,79350.0,2024-03-04
2024030404000657,GHL,14,6,200.0,158.7,31740.0,2024-03-04
2024030404000656,GHL,14,36,310.0,158.7,49197.0,2024-03-04
2024030401001325,SHIVM,58,45,100.0,504.0,50400.0,2024-03-04
2024030405000332,NTC,38,35,10.0,865.0,8650.0,2024-03-04
2024030403000358,CBBL,35,65,10.0,858.0,8580.0,2024-03-04
2024030401001324,CITY,5,43,10.0,601.0,6010.0,2024-03-04
2024030404000655,SSHL,10,57,10.0,173.0,1730.0,2024-03-04
2024030403000357,GILB,25,40,13.0,823.0,10699.0,2024-03-04
2024030403000356,SHINE,49,53,36.0,389.0,14004.0,2024-03-04
2024030404000654,API,44,3,873.0,193.0,168489.0,2024-03-04
2024030403000355,SAPDBL,44,43,10.0,260.6,2606.0,2024-03-04
2024030404000653,UNHPL,85,58,10.0,254.5,2545.0,2024-03-04
2024030404000652,UNHPL,85,58,20.0,254.0,5080.0,2024-03-04
2024030401001323,SPC,64,28,10.0,622.6,6226.0,2024-03-04
2024030403000354,SFCL,8,19,10.0,321.0,3210.0,2024-03-04
2024030404000651,CHCL,58,43,13.0,491.6,6390.8,2024-03-04
2024030404000650,CHCL,58,67,10.0,491.0,4910.0,2024-03-04
2024030404000649,CHCL,58,34,127.0,482.0,61214.0,2024-03-04
2024030401001322,JALPA,45,58,11.0,1001.0,11011.0,2024-03-04
2024030403000353,FMDBL,42,58,10.0,604.2,6042.0,2024-03-04
2024030405000331,HRL,38,69,25.0,640.0,16000.0,2024-03-04
2024030404000648,AKPL,38,8,300.0,191.4,57420.0,2024-03-04
2024030404000647,AKPL,38,48,50.0,191.0,9550.0,2024-03-04
2024030404000646,AKPL,38,67,650.0,191.0,124150.0,2024-03-04
2024030403000352,FOWAD,56,51,10.0,1039.0,10390.0,2024-03-04
2024030403000351,MFIL,10,26,190.0,517.0,98230.0,2024-03-04
2024030403000350,MFIL,10,25,100.0,517.0,51700.0,2024-03-04
2024030403000349,MFIL,10,33,10.0,516.9,5169.0,2024-03-04
2024030405000330,NTC,6,42,200.0,881.0,176200.0,2024-03-04
2024030405000329,NRN,4,14,100.0,564.0,56400.0,2024-03-04
2024030401001321,LSL,77,49,2990.0,166.0,496340.0,2024-03-04
2024030401001320,HATHY,16,51,40.0,890.0,35600.0,2024-03-04
2024030401001319,RFPL,29,29,140.0,344.0,48160.0,2024-03-04
2024030401001318,RFPL,29,58,50.0,344.0,17200.0,2024-03-04
2024030401001317,RFPL,29,58,10.0,344.0,3440.0,2024-03-04
2024030401001316,TSHL,56,42,10.0,486.5,4865.0,2024-03-04
2024030404000645,IGI,42,6,10.0,559.0,5590.0,2024-03-04
2024030401001315,SNLI,74,45,300.0,612.0,183600.0,2024-03-04
2024030401001314,HATHY,40,62,22.0,899.0,19778.0,2024-03-04
2024030404000644,BPCL,58,28,10.0,323.3,3233.0,2024-03-04
2024030401001313,PPL,58,26,40.0,345.0,13800.0,2024-03-04
2024030401001312,PPL,58,58,10.0,340.0,3400.0,2024-03-04
2024030405000328,NRN,39,14,300.0,564.0,169200.0,2024-03-04
2024030404000643,GHL,35,36,150.0,158.7,23805.0,2024-03-04
2024030404000642,SGIC,35,84,435.0,517.0,224895.0,2024-03-04
2024030403000348,NFS,59,49,100.0,363.0,36300.0,2024-03-04
2024030404000641,BPCL,77,28,10.0,323.3,3233.0,2024-03-04
2024030401001311,TSHL,32,60,10.0,486.0,4860.0,2024-03-04
2024030401001310,MKCL,57,90,80.0,989.0,79120.0,2024-03-04
2024030401001309,MKCL,57,19,20.0,989.0,19780.0,2024-03-04
2024030404000640,LEC,19,75,10.0,186.1,1861.0,2024-03-04
2024030403000347,GILB,25,58,18.0,823.0,14814.0,2024-03-04
2024030403000346,GILB,25,6,25.0,823.0,20575.0,2024-03-04
2024030401001308,NICA,62,45,25.0,435.0,10875.0,2024-03-04
2024030401001307,NICA,62,22,15.0,434.9,6523.5,2024-03-04
2024030404000639,SPDL,53,53,10.0,252.2,2522.0,2024-03-04
2024030404000638,HDHPC,14,44,108.0,150.0,16200.0,2024-03-04
2024030401001306,SONA,41,68,300.0,485.0,145500.0,2024-03-04
2024030401001305,SHIVM,58,45,50.0,504.0,25200.0,2024-03-04
2024030404000637,DHPL,13,38,10.0,193.8,1938.0,2024-03-04
2024030401001304,AHL,34,34,10.0,446.7,4467.0,2024-03-04
2024030404000636,HDHPC,34,44,100.0,150.0,15000.0,2024-03-04
2024030404000635,HDHPC,34,20,100.0,149.0,14900.0,2024-03-04
2024030401001303,MEL,13,58,10.0,225.0,2250.0,2024-03-04
2024030405000327,NIFRA,55,62,100.0,216.0,21600.0,2024-03-04
2024030403000345,VLBS,28,64,10.0,603.0,6030.0,2024-03-04
2024030401001302,SCB,52,45,25.0,520.2,13005.0,2024-03-04
2024030403000344,RLFL,52,32,10.0,360.0,3600.0,2024-03-04
2024030404000634,PPCL,29,81,10.0,268.2,2682.0,2024-03-04
2024030401001301,MEL,13,25,10.0,225.0,2250.0,2024-03-04
2024030401001300,PHCL,17,56,500.0,320.0,160000.0,2024-03-04
2024030404000633,SSHL,10,5,10.0,173.0,1730.0,2024-03-04
2024030404000632,API,58,3,50.0,193.0,9650.0,2024-03-04
2024030404000631,API,40,3,77.0,193.0,14861.0,2024-03-04
2024030403000343,PROFL,58,14,10.0,319.3,3193.0,2024-03-04
2024030403000342,CFCL,41,70,200.0,345.9,69180.0,2024-03-04
2024030401001299,SONA,41,67,1100.0,483.0,531300.0,2024-03-04
2024030404000630,SGIC,35,84,65.0,517.0,33605.0,2024-03-04
2024030401001298,MEHL,55,53,500.0,311.0,155500.0,2024-03-04
2024030401001297,MEHL,55,55,10.0,310.0,3100.0,2024-03-04
2024030401001296,MEHL,55,13,10.0,307.0,3070.0,2024-03-04
2024030401001295,MANDU,84,19,120.0,693.0,83160.0,2024-03-04
2024030401001294,MANDU,77,19,80.0,693.6,55488.0,2024-03-04
2024030401001293,KBL,54,32,800.0,150.0,120000.0,2024-03-04
2024030403000341,GBBL,32,45,34.0,378.0,12852.0,2024-03-04
2024030401001292,SHIVM,4,45,200.0,505.0,101000.0,2024-03-04
2024030401001291,SHIVM,16,45,60.0,505.0,30300.0,2024-03-04
2024030401001290,SHIVM,13,45,100.0,505.0,50500.0,2024-03-04
2024030401001289,SHIVM,38,45,100.0,505.0,50500.0,2024-03-04
2024030401001288,SHIVM,57,45,200.0,505.0,101000.0,2024-03-04
2024030401001287,SHIVM,4,45,100.0,505.0,50500.0,2024-03-04
2024030401001286,SHIVM,49,45,200.0,506.0,101200.0,2024-03-04
2024030401001285,SHIVM,57,45,100.0,506.0,50600.0,2024-03-04
2024030403000340,SHINE,49,53,250.0,389.0,97250.0,2024-03-04
2024030403000339,SHINE,49,33,2000.0,389.0,778000.0,2024-03-04
2024030405000326,NSIF2,32,34,100.0,9.05,905.0,2024-03-04
2024030404000629,NGPL,58,21,100.0,318.8,31880.0,2024-03-04
2024030405000325,NRIC,42,46,100.0,778.0,77800.0,2024-03-04
2024030405000324,NRIC,42,47,10.0,775.0,7750.0,2024-03-04
2024030405000323,NRIC,42,34,50.0,770.0,38500.0,2024-03-04
2024030405000322,NRIC,42,46,10.0,765.0,7650.0,2024-03-04
2024030405000321,NRIC,42,52,100.0,763.9,76390.0,2024-03-04
2024030405000320,NRIC,42,53,90.0,763.0,68670.0,2024-03-04
2024030403000338,ALICL,72,62,300.0,575.0,172500.0,2024-03-04
2024030401001284,SHIVM,64,65,4000.0,508.0,2032000.0,2024-03-04
2024030401001283,SHIVM,64,33,1000.0,507.0,507000.0,2024-03-04
2024030401001282,RFPL,56,28,10.0,343.0,3430.0,2024-03-04
2024030401001281,USHEC,61,38,10.0,361.8,3618.0,2024-03-04
2024030404000628,UMHL,6,3,900.0,275.0,247500.0,2024-03-04
2024030404000627,UMHL,6,44,100.0,275.0,27500.0,2024-03-04
2024030403000337,CORBL,59,35,10.0,416.1,4161.0,2024-03-04
2024030404000626,NGPL,58,17,30.0,318.8,9564.0,2024-03-04
2024030404000625,NGPL,58,38,800.0,318.8,255040.0,2024-03-04
2024030405000319,NRN,70,75,100.0,565.0,56500.0,2024-03-04
2024030405000318,NRN,70,62,200.0,564.9,112980.0,2024-03-04
2024030404000624,API,40,19,323.0,193.0,62339.0,2024-03-04
2024030404000623,API,66,19,72.0,193.0,13896.0,2024-03-04
2024030403000336,ALICL,72,13,100.0,575.0,57500.0,2024-03-04
2024030404000622,AHPC,33,43,144.0,193.0,27792.0,2024-03-04
2024030401001280,NBL,35,17,100.0,227.0,22700.0,2024-03-04
2024030404000621,MHNL,57,49,10.0,253.4,2534.0,2024-03-04
2024030404000620,MHNL,57,16,10.0,253.0,2530.0,2024-03-04
2024030401001279,BHPL,71,14,10.0,503.0,5030.0,2024-03-04
2024030401001278,PCBL,22,39,500.0,195.9,97950.0,2024-03-04
2024030404000619,HPPL,22,39,100.0,289.0,28900.0,2024-03-04
2024030401001277,CLI,26,3,911.0,450.0,409950.0,2024-03-04
2024030401001276,CLI,26,43,10.0,445.0,4450.0,2024-03-04
2024030401001275,CLI,26,21,79.0,445.0,35155.0,2024-03-04
2024030401001274,MHCL,40,18,200.0,519.0,103800.0,2024-03-04
2024030403000335,JFL,35,44,10.0,358.0,3580.0,2024-03-04
2024030404000618,NGPL,8,44,363.0,318.0,115434.0,2024-03-04
2024030404000617,NGPL,34,44,137.0,318.0,43566.0,2024-03-04
2024030401001273,MSHL,35,64,10.0,614.8,6148.0,2024-03-04
2024030401001272,CLI,1,21,10.0,445.0,4450.0,2024-03-04
2024030401001271,SONA,22,58,10.0,480.0,4800.0,2024-03-04
2024030401001270,SONA,58,67,200.0,483.0,96600.0,2024-03-04
2024030401001269,HDL,55,34,50.0,1578.9,78945.0,2024-03-04
2024030401001268,HDL,55,57,50.0,1578.0,78900.0,2024-03-04
2024030401001267,HDL,55,42,100.0,1577.0,157700.0,2024-03-04
2024030401001266,UHEWA,40,4,10.0,347.0,3470.0,2024-03-04
2024030401001265,USHL,36,5,10.0,478.5,4785.0,2024-03-04
2024030403000334,MLBL,50,58,60.0,333.5,20010.0,2024-03-04
2024030401001264,CLI,42,21,92.0,445.0,40940.0,2024-03-04
2024030405000317,NIFRA,57,25,1000.0,215.0,215000.0,2024-03-04
2024030404000616,SHPC,26,47,100.0,357.0,35700.0,2024-03-04
2024030403000333,ILBS,44,34,15.0,674.7,10120.5,2024-03-04
2024030404000615,UMHL,6,44,400.0,275.0,110000.0,2024-03-04
2024030404000614,SPDL,53,67,10.0,252.2,2522.0,2024-03-04
2024030403000332,ALICL,38,62,300.0,576.8,173040.0,2024-03-04
2024030403000331,SJLIC,38,32,400.0,472.2,188880.0,2024-03-04
2024030403000330,SJLIC,38,43,100.0,472.0,47200.0,2024-03-04
2024030404000613,AHPC,34,4,500.0,193.8,96900.0,2024-03-04
2024030404000612,AHPC,34,37,500.0,193.8,96900.0,2024-03-04
2024030401001263,NBL,35,21,900.0,227.0,204300.0,2024-03-04
2024030401001262,SNLI,45,58,10.0,608.0,6080.0,2024-03-04
2024030401001261,MHCL,28,18,200.0,519.0,103800.0,2024-03-04
2024030401001260,BHDC,45,58,10.0,447.0,4470.0,2024-03-04
2024030404000611,SPIL,58,35,10.0,769.0,7690.0,2024-03-04
2024030403000329,SHINE,19,74,50.0,383.0,19150.0,2024-03-04
2024030403000328,SHINE,19,44,69.0,383.0,26427.0,2024-03-04
2024030403000327,GMFIL,13,61,10.0,353.7,3537.0,2024-03-04
2024030401001259,SONA,13,67,200.0,483.0,96600.0,2024-03-04
2024030401001258,SHIVM,13,65,200.0,508.0,101600.0,2024-03-04
2024030401001257,RHGCL,50,29,100.0,309.1,30910.0,2024-03-04
2024030404000610,GHL,77,53,50.0,157.0,7850.0,2024-03-04
2024030403000326,NFS,32,25,20.0,356.4,7128.0,2024-03-04
2024030404000609,CGH,49,37,10.0,860.0,8600.0,2024-03-04
2024030404000608,CGH,49,48,20.0,859.0,17180.0,2024-03-04
2024030404000607,NHPC,21,16,4000.0,166.0,664000.0,2024-03-04
2024030403000325,LBBL,51,59,100.0,393.2,39320.0,2024-03-04
2024030403000324,LBBL,51,65,200.0,393.0,78600.0,2024-03-04
2024030403000323,LBBL,51,49,50.0,393.0,19650.0,2024-03-04
2024030401001256,SMJC,42,59,330.0,401.0,132330.0,2024-03-04
2024030401001255,SMJC,42,42,10.0,400.0,4000.0,2024-03-04
2024030401001254,SMJC,42,35,10.0,400.0,4000.0,2024-03-04
2024030404000606,MEN,14,53,120.0,627.0,75240.0,2024-03-04
2024030404000605,AHPC,33,59,500.0,193.0,96500.0,2024-03-04
2024030401001253,MHCL,56,18,10.0,519.0,5190.0,2024-03-04
2024030403000322,SHINE,39,44,90.0,383.0,34470.0,2024-03-04
2024030403000321,SHINE,39,37,410.0,383.0,157030.0,2024-03-04
2024030401001252,CKHL,6,58,10.0,644.0,6440.0,2024-03-04
2024030405000316,NIFRA,58,62,1000.0,216.0,216000.0,2024-03-04
2024030401001251,PRVU,58,58,170.0,149.0,25330.0,2024-03-04
2024030404000604,CHCL,58,34,20.0,482.0,9640.0,2024-03-04
2024030401001250,MHCL,88,18,11.0,519.0,5709.0,2024-03-04
2024030404000603,API,57,58,100.0,193.3,19330.0,2024-03-04
2024030404000602,RIDI,42,65,10.0,198.0,1980.0,2024-03-04
2024030404000601,GHL,25,53,260.0,157.0,40820.0,2024-03-04
2024030404000600,GHL,41,53,190.0,157.0,29830.0,2024-03-04
2024030401001249,PRVU,14,34,77.0,149.5,11511.5,2024-03-04
2024030401001248,PRVU,14,41,133.0,149.0,19817.0,2024-03-04
2024030401001247,ANLB,64,64,10.0,1950.2,19502.0,2024-03-04
2024030401001246,SPC,64,28,10.0,622.0,6220.0,2024-03-04
2024030401001245,UHEWA,63,64,10.0,353.0,3530.0,2024-03-04
2024030404000599,NGPL,58,38,200.0,318.8,63760.0,2024-03-04
2024030403000320,MMFDB,58,39,10.0,515.0,5150.0,2024-03-04
2024030405000315,HRL,5,69,124.0,640.0,79360.0,2024-03-04
2024030404000598,SGIC,32,84,935.0,517.0,483395.0,2024-03-04
2024030403000319,SINDU,59,65,50.0,324.0,16200.0,2024-03-04
2024030405000314,HRL,82,69,795.0,640.0,508800.0,2024-03-04
2024030401001244,SMHL,17,19,290.0,479.8,139142.0,2024-03-04
2024030401001243,SMHL,17,38,10.0,479.0,4790.0,2024-03-04
2024030401001242,SMHL,17,38,80.0,479.0,38320.0,2024-03-04
2024030401001241,SMHL,17,58,100.0,479.0,47900.0,2024-03-04
2024030401001240,SMHL,17,57,1000.0,478.0,478000.0,2024-03-04
2024030401001239,SMHL,17,34,300.0,476.0,142800.0,2024-03-04
2024030401001238,SMHL,17,59,20.0,476.0,9520.0,2024-03-04
2024030401001237,SMHL,17,35,10.0,475.0,4750.0,2024-03-04
2024030401001236,SMHL,17,67,190.0,475.0,90250.0,2024-03-04
2024030401001235,MHCL,49,88,380.0,499.0,189620.0,2024-03-04
2024030401001234,MHCL,35,88,100.0,500.0,50000.0,2024-03-04
2024030401001233,MHCL,32,88,15.0,500.0,7500.0,2024-03-04
2024030405000313,NTC,34,42,50.0,881.0,44050.0,2024-03-04
2024030403000318,EDBL,41,42,10.0,341.8,3418.0,2024-03-04
2024030401001232,NESDO,45,58,10.0,1551.0,15510.0,2024-03-04
2024030404000597,RADHI,42,67,10.0,252.0,2520.0,2024-03-04
2024030401001231,CKHL,67,58,10.0,644.0,6440.0,2024-03-04
2024030404000596,BARUN,56,21,2000.0,262.0,524000.0,2024-03-04
2024030403000317,RLFL,36,32,990.0,360.0,356400.0,2024-03-04
2024030403000316,RLFL,36,45,10.0,360.0,3600.0,2024-03-04
2024030401001230,NRM,13,65,100.0,372.4,37240.0,2024-03-04
2024030401001229,SONA,59,19,200.0,489.0,97800.0,2024-03-04
2024030401001228,SONA,59,16,10.0,488.0,4880.0,2024-03-04
2024030401001227,SONA,59,7,500.0,485.0,242500.0,2024-03-04
2024030401001226,SONA,59,33,150.0,484.9,72735.0,2024-03-04
2024030401001225,SONA,59,32,140.0,483.0,67620.0,2024-03-04
2024030404000595,AHPC,32,21,392.0,192.7,75538.4,2024-03-04
2024030404000594,NGPL,34,17,863.0,318.0,274434.0,2024-03-04
2024030404000593,NGPL,7,17,137.0,318.0,43566.0,2024-03-04
2024030401001224,MMKJL,29,43,10.0,429.0,4290.0,2024-03-04
2024030403000315,NLICL,44,32,850.0,580.0,493000.0,2024-03-04
2024030404000592,API,66,1,40.0,193.0,7720.0,2024-03-04
2024030401001223,EHPL,18,65,10.0,454.0,4540.0,2024-03-04
2024030404000591,AKJCL,41,55,400.0,232.0,92800.0,2024-03-04
2024030404000590,AKJCL,36,55,300.0,232.0,69600.0,2024-03-04
2024030404000589,API,66,37,575.0,193.0,110975.0,2024-03-04
2024030405000312,HRL,82,37,500.0,640.0,320000.0,2024-03-04
2024030401001222,SONA,19,32,50.0,483.0,24150.0,2024-03-04
2024030404000588,API,66,7,301.0,193.0,58093.0,2024-03-04
2024030401001221,SBL,39,50,19.0,219.3,4166.7,2024-03-04
2024030401001220,SONA,21,32,210.0,483.0,101430.0,2024-03-04
2024030401001219,SONA,32,32,200.0,483.0,96600.0,2024-03-04
2024030401001218,HATHY,17,62,150.0,899.0,134850.0,2024-03-04
2024030401001217,HATHY,17,59,10.0,893.0,8930.0,2024-03-04
2024030401001216,HATHY,17,65,340.0,892.0,303280.0,2024-03-04
2024030401001215,HATHY,17,28,200.0,891.0,178200.0,2024-03-04
2024030401001214,HATHY,17,45,50.0,891.0,44550.0,2024-03-04
2024030405000311,HRL,29,55,719.0,650.0,467350.0,2024-03-04
2024030405000310,HRL,29,89,100.0,650.0,65000.0,2024-03-04
2024030405000309,HRL,29,49,10.0,650.0,6500.0,2024-03-04
2024030405000308,HRL,29,41,525.0,650.0,341250.0,2024-03-04
2024030405000307,HRL,29,48,781.0,649.0,506869.0,2024-03-04
2024030405000306,HRL,29,50,500.0,648.0,324000.0,2024-03-04
2024030405000305,HRL,29,58,10.0,645.0,6450.0,2024-03-04
2024030405000304,HRL,29,41,10.0,645.0,6450.0,2024-03-04
2024030405000303,HRL,29,35,10.0,645.0,6450.0,2024-03-04
2024030405000302,HRL,29,41,20.0,645.0,12900.0,2024-03-04
2024030405000301,HRL,29,38,10.0,645.0,6450.0,2024-03-04
2024030405000300,HRL,29,41,25.0,645.0,16125.0,2024-03-04
2024030405000299,HRL,29,19,10.0,644.0,6440.0,2024-03-04
2024030405000298,HRL,29,26,10.0,643.0,6430.0,2024-03-04
2024030405000297,HRL,29,58,10.0,643.0,6430.0,2024-03-04
2024030405000296,HRL,29,49,20.0,643.0,12860.0,2024-03-04
2024030405000295,HRL,29,16,10.0,643.0,6430.0,2024-03-04
2024030405000294,HRL,29,22,20.0,643.0,12860.0,2024-03-04
2024030405000293,HRL,29,49,200.0,643.0,128600.0,2024-03-04
2024030401001213,DOLTI,57,43,820.0,384.7,315454.0,2024-03-04
2024030401001212,DOLTI,57,22,160.0,384.6,61536.0,2024-03-04
2024030401001211,DOLTI,57,42,10.0,384.0,3840.0,2024-03-04
2024030401001210,LSL,42,49,10.0,166.0,1660.0,2024-03-04
2024030401001209,CYCL,77,62,10.0,1254.0,12540.0,2024-03-04
2024030401001208,HATHY,16,45,72.0,890.0,64080.0,2024-03-04
2024030404000587,GHL,16,36,540.0,158.7,85698.0,2024-03-04
2024030404000586,GHL,16,39,200.0,158.7,31740.0,2024-03-04
2024030404000585,GHL,16,28,90.0,158.7,14283.0,2024-03-04
2024030404000584,GHL,16,34,300.0,158.7,47610.0,2024-03-04
2024030404000583,GHL,16,53,500.0,158.5,79250.0,2024-03-04
2024030404000582,GHL,16,57,1000.0,158.0,158000.0,2024-03-04
2024030404000581,GHL,16,43,10.0,158.0,1580.0,2024-03-04
2024030404000580,GHL,16,53,360.0,158.0,56880.0,2024-03-04
2024030404000579,HDHPC,38,44,380.0,150.0,57000.0,2024-03-04
2024030404000578,BARUN,14,21,1000.0,262.0,262000.0,2024-03-04
2024030401001207,HATHY,28,45,28.0,890.0,24920.0,2024-03-04
2024030401001206,HATHY,28,72,100.0,890.0,89000.0,2024-03-04
2024030401001205,HATHY,28,65,500.0,889.9,444950.0,2024-03-04
2024030401001204,HATHY,28,38,50.0,889.8,44490.0,2024-03-04
2024030401001203,HATHY,28,19,100.0,889.0,88900.0,2024-03-04
2024030401001202,HATHY,28,1,50.0,888.0,44400.0,2024-03-04
2024030401001201,HATHY,28,1,40.0,888.0,35520.0,2024-03-04
2024030401001200,HATHY,28,45,132.0,887.0,117084.0,2024-03-04
2024030401001199,UHEWA,10,34,10.0,346.4,3464.0,2024-03-04
2024030404000577,UMRH,61,21,130.0,374.0,48620.0,2024-03-04
2024030404000576,HDHPC,58,19,20.0,150.1,3002.0,2024-03-04
2024030404000575,HDHPC,58,5,100.0,150.1,15010.0,2024-03-04
2024030404000574,HDHPC,58,4,880.0,150.1,132088.0,2024-03-04
2024030401001198,SHIVM,44,17,500.0,505.0,252500.0,2024-03-04
2024030403000314,NABBC,51,34,10.0,421.3,4213.0,2024-03-04
2024030405000292,HRL,82,69,705.0,640.0,451200.0,2024-03-04
2024030401001197,SNLI,42,45,100.0,612.0,61200.0,2024-03-04
2024030403000313,JSLBB,62,62,10.0,875.1,8751.0,2024-03-04
2024030404000573,JOSHI,57,62,10.0,355.4,3554.0,2024-03-04
2024030401001196,BNHC,49,28,85.0,480.0,40800.0,2024-03-04
2024030404000572,NGPL,7,22,200.0,318.0,63600.0,2024-03-04
2024030401001195,SBL,39,22,10.0,219.3,2193.0,2024-03-04
2024030403000312,CORBL,59,14,10.0,416.1,4161.0,2024-03-04
2024030403000311,SINDU,14,65,500.0,324.0,162000.0,2024-03-04
2024030401001194,PCBL,14,39,90.0,195.9,17631.0,2024-03-04
2024030401001193,PCBL,14,1,360.0,195.8,70488.0,2024-03-04
2024030405000291,HRL,53,69,135.0,640.0,86400.0,2024-03-04
2024030405000290,HRL,53,51,20.0,639.0,12780.0,2024-03-04
2024030401001192,PRVU,11,58,67.0,148.0,9916.0,2024-03-04
2024030404000571,HDHPC,38,25,120.0,150.0,18000.0,2024-03-04
2024030404000570,API,66,35,500.0,193.0,96500.0,2024-03-04
2024030404000569,JOSHI,48,28,1330.0,360.0,478800.0,2024-03-04
2024030403000310,SJLIC,19,32,500.0,472.2,236100.0,2024-03-04
2024030404000568,SGIC,32,84,165.0,517.0,85305.0,2024-03-04
2024030403000309,SHINE,51,57,204.0,382.0,77928.0,2024-03-04
2024030401001191,RAWA,29,34,10.0,469.2,4692.0,2024-03-04
2024030403000308,GUFL,45,25,30.0,627.3,18819.0,2024-03-04
2024030401001190,GCIL,59,26,112.0,510.2,57142.4,2024-03-04
2024030401001189,GCIL,42,26,440.0,517.0,227480.0,2024-03-04
2024030401001188,TAMOR,53,33,10.0,396.0,3960.0,2024-03-04
2024030404000567,NGPL,7,33,100.0,318.0,31800.0,2024-03-04
2024030401001187,TAMOR,88,33,990.0,397.0,393030.0,2024-03-04
2024030401001186,HDL,46,48,20.0,1575.0,31500.0,2024-03-04
2024030401001185,SONA,32,70,100.0,483.0,48300.0,2024-03-04
2024030401001184,SONA,37,70,100.0,483.0,48300.0,2024-03-04
2024030403000307,DDBL,35,17,50.0,754.0,37700.0,2024-03-04
2024030403000306,NFS,72,25,700.0,356.4,249480.0,2024-03-04
2024030404000566,CHCL,11,34,19.0,482.0,9158.0,2024-03-04
2024030401001183,NIMBPO,34,55,20.0,136.1,2722.0,2024-03-04
2024030401001182,LSL,57,49,2000.0,166.0,332000.0,2024-03-04
2024030404000565,API,66,29,500.0,193.0,96500.0,2024-03-04
2024030401001181,SRLI,35,42,10.0,445.2,4452.0,2024-03-04
2024030403000305,SJLIC,16,32,50.0,472.2,23610.0,2024-03-04
2024030403000304,SJLIC,16,34,100.0,472.2,47220.0,2024-03-04
2024030403000303,SJLIC,16,19,50.0,472.0,23600.0,2024-03-04
2024030404000564,API,66,14,10.0,193.0,1930.0,2024-03-04
2024030405000289,NIFRA,48,62,100.0,216.0,21600.0,2024-03-04
2024030404000563,API,48,58,1000.0,193.3,193300.0,2024-03-04
2024030403000302,RLFL,35,45,490.0,360.0,176400.0,2024-03-04
2024030403000301,RLFL,35,21,10.0,360.0,3600.0,2024-03-04
2024030404000562,SSHL,45,5,10.0,169.7,1697.0,2024-03-04
2024030401001180,HHL,34,47,202.0,350.0,70700.0,2024-03-04
2024030403000300,CFCL,52,70,50.0,345.9,17295.0,2024-03-04
2024030401001179,SCB,52,43,20.0,520.1,10402.0,2024-03-04
2024030401001178,KBL,25,32,300.0,150.0,45000.0,2024-03-04
2024030401001177,SONA,71,33,200.0,484.9,96980.0,2024-03-04
2024030401001176,BHPL,71,26,10.0,493.4,4934.0,2024-03-04
2024030401001175,MHL,17,57,10.0,387.2,3872.0,2024-03-04
2024030401001174,SONA,57,33,400.0,484.9,193960.0,2024-03-04
2024030404000561,HDHPC,22,25,880.0,150.0,132000.0,2024-03-04
2024030401001173,MHCL,22,18,100.0,519.0,51900.0,2024-03-04
2024030404000560,API,1,58,356.0,193.3,68814.8,2024-03-04
2024030404000559,API,1,46,14.0,193.3,2706.2,2024-03-04
2024030404000558,API,1,34,50.0,193.3,9665.0,2024-03-04
2024030404000557,API,1,29,80.0,193.2,15456.0,2024-03-04
2024030404000556,SHPC,10,47,100.0,357.0,35700.0,2024-03-04
2024030401001172,NABIL,58,48,17.0,449.4,7639.8,2024-03-04
2024030404000555,NGPL,7,63,150.0,318.0,47700.0,2024-03-04
2024030403000299,HLI,47,41,500.0,409.0,204500.0,2024-03-04
2024030404000554,API,66,38,220.0,193.0,42460.0,2024-03-04
2024030405000288,NRIC,22,35,10.0,750.0,7500.0,2024-03-04
2024030403000298,ALICL,72,62,600.0,574.0,344400.0,2024-03-04
2024030404000553,GHL,34,53,100.0,158.0,15800.0,2024-03-04
2024030404000552,GHL,34,6,100.0,157.9,15790.0,2024-03-04
2024030401001171,UHEWA,10,34,10.0,346.4,3464.0,2024-03-04
2024030403000297,MNBBL,45,43,10.0,353.0,3530.0,2024-03-04
2024030401001170,TPC,50,47,50.0,549.0,27450.0,2024-03-04
2024030403000296,HLI,50,29,150.0,399.0,59850.0,2024-03-04
2024030401001169,SGHC,57,41,500.0,321.3,160650.0,2024-03-04
2024030405000287,NIFRA,25,62,200.0,216.0,43200.0,2024-03-04
2024030403000295,RLFL,42,22,10.0,360.0,3600.0,2024-03-04
2024030405000286,HRL,45,69,30.0,640.0,19200.0,2024-03-04
2024030401001168,PRVU,22,58,100.0,148.0,14800.0,2024-03-04
2024030403000294,SAPDBL,11,49,50.0,260.0,13000.0,2024-03-04
2024030404000551,AHPC,48,41,100.0,191.1,19110.0,2024-03-04
2024030401001167,SRLI,35,62,10.0,445.2,4452.0,2024-03-04
2024030401001166,SRLI,35,46,280.0,445.2,124656.0,2024-03-04
2024030401001165,SRLI,35,14,310.0,444.0,137640.0,2024-03-04
2024030401001164,SMJC,7,71,400.0,397.0,158800.0,2024-03-04
2024030401001163,SMJC,7,55,100.0,397.0,39700.0,2024-03-04
2024030401001162,SMJC,7,71,100.0,397.0,39700.0,2024-03-04
2024030401001161,SMJC,7,34,50.0,396.7,19835.0,2024-03-04
2024030401001160,SMJC,7,71,1000.0,396.3,396300.0,2024-03-04
2024030401001159,SMJC,7,17,300.0,396.0,118800.0,2024-03-04
2024030403000293,KRBL,32,86,10.0,364.2,3642.0,2024-03-04
2024030401001158,MANDU,77,58,10.0,693.6,6936.0,2024-03-04
2024030401001157,MANDU,77,57,100.0,693.0,69300.0,2024-03-04
2024030401001156,MANDU,77,49,10.0,693.0,6930.0,2024-03-04
2024030401001155,BHL,58,58,10.0,344.0,3440.0,2024-03-04
2024030401001154,PRVU,58,58,100.0,148.0,14800.0,2024-03-04
2024030401001153,SONA,17,33,250.0,484.9,121225.0,2024-03-04
2024030401001152,TAMOR,88,45,10.0,397.0,3970.0,2024-03-04
2024030401001151,HDL,8,58,19.0,1570.0,29830.0,2024-03-04
2024030404000550,SGIC,21,84,50.0,517.0,25850.0,2024-03-04
2024030401001150,SPC,71,28,10.0,612.0,6120.0,2024-03-04
2024030404000549,HDHPC,22,42,920.0,150.0,138000.0,2024-03-04
2024030404000548,HDHPC,38,42,580.0,150.0,87000.0,2024-03-04
2024030401001149,MANDU,49,49,10.0,680.0,6800.0,2024-03-04
2024030403000292,SFCL,8,19,10.0,321.0,3210.0,2024-03-04
2024030404000547,GHL,41,35,20.0,157.0,3140.0,2024-03-04
2024030404000546,GHL,41,55,40.0,157.0,6280.0,2024-03-04
2024030404000545,API,35,29,120.0,193.2,23184.0,2024-03-04
2024030401001148,SONA,28,19,316.0,489.0,154524.0,2024-03-04
2024030401001147,SONA,28,6,200.0,489.0,97800.0,2024-03-04
2024030401001146,SONA,28,48,100.0,489.0,48900.0,2024-03-04
2024030401001145,SONA,28,56,40.0,489.0,19560.0,2024-03-04
2024030401001144,SONA,28,19,1000.0,489.0,489000.0,2024-03-04
2024030401001143,SONA,28,48,1000.0,489.0,489000.0,2024-03-04
2024030401001142,SONA,28,38,500.0,489.0,244500.0,2024-03-04
2024030401001141,SONA,28,21,20.0,489.0,9780.0,2024-03-04
2024030401001140,SONA,28,37,1000.0,488.9,488900.0,2024-03-04
2024030401001139,SONA,28,29,500.0,488.5,244250.0,2024-03-04
2024030401001138,SONA,28,62,1000.0,488.5,488500.0,2024-03-04
2024030401001137,SONA,28,33,1000.0,488.5,488500.0,2024-03-04
2024030401001136,SONA,28,16,1000.0,488.0,488000.0,2024-03-04
2024030401001135,SONA,28,91,110.0,488.0,53680.0,2024-03-04
2024030401001134,SONA,28,44,530.0,488.0,258640.0,2024-03-04
2024030401001133,SONA,28,11,500.0,488.0,244000.0,2024-03-04
2024030401001132,SONA,28,52,200.0,488.0,97600.0,2024-03-04
2024030401001131,SONA,28,62,934.0,488.0,455792.0,2024-03-04
2024030401001130,SONA,28,19,50.0,484.0,24200.0,2024-03-04
2024030404000544,JOSHI,72,6,10.0,369.0,3690.0,2024-03-04
2024030401001129,CLI,34,21,100.0,445.0,44500.0,2024-03-04
2024030405000285,HRL,91,69,130.0,640.0,83200.0,2024-03-04
2024030405000284,HRL,91,40,100.0,640.0,64000.0,2024-03-04
2024030404000543,NHPC,43,8,10.0,166.1,1661.0,2024-03-04
2024030403000291,NFS,58,69,900.0,356.0,320400.0,2024-03-04
2024030403000290,KRBL,32,52,10.0,364.0,3640.0,2024-03-04
2024030404000542,AKPL,32,67,1350.0,191.0,257850.0,2024-03-04
2024030404000541,AKPL,32,58,100.0,191.0,19100.0,2024-03-04
2024030404000540,AKPL,32,36,550.0,190.0,104500.0,2024-03-04
2024030401001128,SHIVM,76,17,718.0,515.0,369770.0,2024-03-04
2024030401001127,SHIVM,76,1,99.0,515.0,50985.0,2024-03-04
2024030401001126,SHIVM,76,17,150.0,515.0,77250.0,2024-03-04
2024030401001125,SHIVM,76,33,200.0,510.0,102000.0,2024-03-04
2024030401001124,SHIVM,76,83,1113.0,510.0,567630.0,2024-03-04
2024030401001123,SHIVM,76,65,4720.0,509.0,2402480.0,2024-03-04
2024030404000539,NGPL,7,58,170.0,318.0,54060.0,2024-03-04
2024030401001122,CZBIL,57,13,500.0,167.0,83500.0,2024-03-04
2024030404000538,RADHI,42,56,10.0,252.0,2520.0,2024-03-04
2024030403000289,SHINE,22,37,200.0,383.0,76600.0,2024-03-04
2024030405000283,CHDC,64,22,10.0,990.0,9900.0,2024-03-04
2024030405000282,CHDC,64,84,10.0,980.0,9800.0,2024-03-04
2024030405000281,CHDC,64,17,200.0,980.0,196000.0,2024-03-04
2024030405000280,CHDC,64,19,260.0,980.0,254800.0,2024-03-04
2024030405000279,CHDC,64,6,20.0,979.5,19590.0,2024-03-04
2024030404000537,SPDL,43,67,10.0,247.3,2473.0,2024-03-04
2024030401001121,SMH,49,50,500.0,688.0,344000.0,2024-03-04
2024030404000536,JOSHI,48,37,70.0,356.0,24920.0,2024-03-04
2024030401001120,PCBL,6,1,90.0,195.8,17622.0,2024-03-04
2024030403000288,HLI,55,29,50.0,399.0,19950.0,2024-03-04
2024030404000535,NGPL,7,19,243.0,318.0,77274.0,2024-03-04
2024030404000534,NGPL,42,19,57.0,318.0,18126.0,2024-03-04
2024030401001119,HATHY,5,45,18.0,887.0,15966.0,2024-03-04
2024030401001118,NBL,32,6,100.0,223.0,22300.0,2024-03-04
2024030401001117,MMKJL,29,58,10.0,421.0,4210.0,2024-03-04
2024030401001116,MMKJL,29,90,10.0,421.0,4210.0,2024-03-04
2024030401001115,GVL,62,37,243.0,455.0,110565.0,2024-03-04
2024030401001114,GVL,62,48,10.0,450.0,4500.0,2024-03-04
2024030401001113,GVL,62,52,10.0,447.9,4479.0,2024-03-04
2024030401001112,GVL,62,74,490.0,447.0,219030.0,2024-03-04
2024030401001111,GVL,62,7,747.0,446.9,333834.3,2024-03-04
2024030403000287,LICN,39,40,200.0,1326.0,265200.0,2024-03-04
2024030404000533,NLG,38,58,10.0,740.0,7400.0,2024-03-04
2024030401001110,SNLI,4,45,220.0,612.0,134640.0,2024-03-04
2024030401001109,SNLI,4,54,10.0,610.0,6100.0,2024-03-04
2024030401001108,SNLI,4,20,10.0,610.0,6100.0,2024-03-04
2024030401001107,SNLI,4,58,10.0,610.0,6100.0,2024-03-04
2024030401001106,SONA,16,19,950.0,484.0,459800.0,2024-03-04
2024030404000532,HDHPC,38,58,20.0,150.0,3000.0,2024-03-04
2024030404000531,HDHPC,38,19,400.0,150.0,60000.0,2024-03-04
2024030403000286,SINDU,52,42,1000.0,325.3,325300.0,2024-03-04
2024030401001105,KBL,32,38,275.0,150.8,41470.0,2024-03-04
2024030403000285,ICFC,32,36,60.0,492.0,29520.0,2024-03-04
2024030401001104,VLUCL,36,43,108.0,564.9,61009.2,2024-03-04
2024030401001103,VLUCL,36,75,28.0,564.9,15817.2,2024-03-04
2024030401001102,NYADI,51,41,70.0,296.0,20720.0,2024-03-04
2024030401001101,GCIL,42,21,10.0,517.0,5170.0,2024-03-04
2024030401001100,GCIL,42,58,10.0,517.0,5170.0,2024-03-04
2024030401001099,GCIL,42,36,40.0,517.0,20680.0,2024-03-04
2024030404000530,BARUN,14,21,410.0,262.0,107420.0,2024-03-04
2024030404000529,BARUN,14,48,500.0,257.0,128500.0,2024-03-04
2024030404000528,BARUN,14,43,90.0,256.9,23121.0,2024-03-04
2024030403000284,NLIC,38,49,50.0,600.6,30030.0,2024-03-04
2024030403000283,NLIC,58,49,100.0,600.6,60060.0,2024-03-04
2024030403000282,NLIC,43,49,250.0,600.6,150150.0,2024-03-04
2024030401001098,HHL,14,47,634.0,350.0,221900.0,2024-03-04
2024030401001097,NBL,41,6,300.0,223.0,66900.0,2024-03-04
2024030401001096,NBL,26,6,100.0,223.0,22300.0,2024-03-04
2024030401001095,NBL,26,6,100.0,223.0,22300.0,2024-03-04
2024030401001094,BPW,4,1,10.0,1259.7,12597.0,2024-03-04
2024030405000278,NRN,38,62,100.0,564.9,56490.0,2024-03-04
2024030405000277,NRN,38,34,100.0,564.0,56400.0,2024-03-04
2024030401001093,NRM,58,65,510.0,372.4,189924.0,2024-03-04
2024030403000281,NABBC,58,51,10.0,421.2,4212.0,2024-03-04
2024030404000527,RIDI,42,65,10.0,198.0,1980.0,2024-03-04
2024030401001092,TSHL,22,60,10.0,477.0,4770.0,2024-03-04
2024030404000526,RADHI,19,67,10.0,248.0,2480.0,2024-03-04
2024030401001091,PHCL,16,55,20.0,323.0,6460.0,2024-03-04
2024030404000525,GLH,49,71,780.0,224.0,174720.0,2024-03-04
2024030404000524,NHPC,22,8,10.0,166.1,1661.0,2024-03-04
2024030404000523,NHPC,41,8,1980.0,166.1,328878.0,2024-03-04
2024030401001090,UHEWA,10,63,10.0,346.4,3464.0,2024-03-04
2024030401001089,NRM,39,65,58.0,372.4,21599.2,2024-03-04
2024030401001088,NRM,39,19,100.0,372.1,37210.0,2024-03-04
2024030401001087,NRM,39,34,40.0,372.1,14884.0,2024-03-04
2024030401001086,NRM,39,36,680.0,372.0,252960.0,2024-03-04
2024030401001085,NRM,39,52,20.0,372.0,7440.0,2024-03-04
2024030401001084,NRM,39,19,102.0,372.0,37944.0,2024-03-04
2024030404000522,HURJA,41,50,10.0,307.0,3070.0,2024-03-04
2024030401001083,RFPL,62,38,10.0,338.0,3380.0,2024-03-04
2024030401001082,ULHC,45,34,200.0,331.5,66300.0,2024-03-04
2024030401001081,RHGCL,59,16,10.0,303.9,3039.0,2024-03-04
2024030401001080,MHCL,88,18,11.0,519.0,5709.0,2024-03-04
2024030404000521,UMRH,14,21,10.0,374.3,3743.0,2024-03-04
