transaction,symbol,buyer,seller,quantity,rate,amount,date
2024022104010434,NHPC,47,57,13.0,160.0,2080.0,2024-02-21
2024022104010433,NHPC,47,34,80.0,160.0,12800.0,2024-02-21
2024022101034364,ULHC,56,35,10.0,334.0,3340.0,2024-02-21
2024022101034363,NICA,56,34,168.0,440.0,73920.0,2024-02-21
2024022101034362,NICA,56,19,80.0,440.0,35200.0,2024-02-21
2024022101034361,NICA,56,58,52.0,440.0,22880.0,2024-02-21
2024022104010432,PPCL,34,82,1640.0,280.0,459200.0,2024-02-21
2024022101034360,DORDI,77,45,45.0,504.0,22680.0,2024-02-21
2024022101034359,DORDI,77,29,480.0,500.0,240000.0,2024-02-21
2024022101034358,DORDI,77,54,475.0,499.0,237025.0,2024-02-21
2024022101034357,NWCL,62,33,60.0,748.7,44922.0,2024-02-21
2024022101034356,NWCL,62,33,10.0,748.0,7480.0,2024-02-21
2024022101034355,NWCL,62,58,10.0,748.0,7480.0,2024-02-21
2024022101034354,NWCL,62,38,10.0,748.0,7480.0,2024-02-21
2024022101034353,NWCL,62,13,50.0,747.6,37380.0,2024-02-21
2024022101034352,NWCL,62,47,50.0,747.4,37370.0,2024-02-21
2024022101034351,NWCL,62,53,100.0,747.0,74700.0,2024-02-21
2024022101034350,NWCL,62,42,10.0,747.0,7470.0,2024-02-21
2024022101034349,NWCL,62,38,10.0,747.0,7470.0,2024-02-21
2024022101034348,NWCL,62,38,190.0,747.0,141930.0,2024-02-21
2024022104010431,AKPL,50,1,45.0,184.5,8302.5,2024-02-21
2024022104010430,AKPL,50,58,55.0,184.4,10142.0,2024-02-21
2024022104010429,SPDL,50,49,10.0,264.0,2640.0,2024-02-21
2024022101034347,MHCL,51,26,750.0,613.0,459750.0,2024-02-21
2024022104010428,MHNL,51,58,10.0,262.0,2620.0,2024-02-21
2024022101034346,NWCL,1,38,10.0,747.0,7470.0,2024-02-21
2024022103006069,MPFL,45,38,40.0,347.0,13880.0,2024-02-21
2024022103006068,MPFL,14,38,40.0,347.0,13880.0,2024-02-21
2024022103006067,MPFL,58,38,20.0,347.6,6952.0,2024-02-21
2024022101034345,HHL,38,49,100.0,328.0,32800.0,2024-02-21
2024022104010427,HURJA,58,58,50.0,335.5,16775.0,2024-02-21
2024022104010426,HURJA,58,42,100.0,316.2,31620.0,2024-02-21
2024022104010425,HURJA,58,42,300.0,316.2,94860.0,2024-02-21
2024022104010424,HURJA,58,58,500.0,316.0,158000.0,2024-02-21
2024022104010423,HURJA,58,46,500.0,316.0,158000.0,2024-02-21
2024022104010422,HURJA,58,29,50.0,315.9,15795.0,2024-02-21
2024022104010421,HURJA,58,22,1000.0,315.8,315800.0,2024-02-21
2024022104010420,HURJA,58,41,561.0,315.8,177163.8,2024-02-21
2024022104010419,HURJA,58,34,20.0,315.8,6316.0,2024-02-21
2024022104010418,HURJA,58,50,10.0,315.8,3158.0,2024-02-21
2024022104010417,HURJA,58,42,300.0,315.0,94500.0,2024-02-21
2024022104010416,HURJA,58,38,200.0,315.0,63000.0,2024-02-21
2024022104010415,HURJA,58,42,500.0,314.0,157000.0,2024-02-21
2024022104010414,HURJA,58,39,335.0,313.1,104888.5,2024-02-21
2024022104010413,HURJA,58,57,50.0,313.1,15655.0,2024-02-21
2024022104010412,HURJA,58,63,960.0,313.0,300480.0,2024-02-21
2024022104010411,HURJA,58,52,100.0,313.0,31300.0,2024-02-21
2024022104010410,HURJA,58,41,1200.0,313.0,375600.0,2024-02-21
2024022104010409,HURJA,58,58,200.0,313.0,62600.0,2024-02-21
2024022104010408,HURJA,58,55,175.0,313.0,54775.0,2024-02-21
2024022104010407,HURJA,58,50,165.0,313.0,51645.0,2024-02-21
2024022104010406,HURJA,58,19,10.0,313.0,3130.0,2024-02-21
2024022104010405,HURJA,58,52,10.0,313.0,3130.0,2024-02-21
2024022104010404,HURJA,58,8,500.0,313.0,156500.0,2024-02-21
2024022104010403,HURJA,58,62,100.0,312.1,31210.0,2024-02-21
2024022104010402,HURJA,58,49,200.0,312.0,62400.0,2024-02-21
2024022104010401,HURJA,58,49,100.0,312.0,31200.0,2024-02-21
2024022104010400,HURJA,58,19,100.0,312.0,31200.0,2024-02-21
2024022104010399,HURJA,58,57,50.0,312.0,15600.0,2024-02-21
2024022104010398,HURJA,58,57,500.0,311.1,155550.0,2024-02-21
2024022104010397,HURJA,58,35,50.0,311.1,15555.0,2024-02-21
2024022104010396,HURJA,58,35,20.0,311.0,6220.0,2024-02-21
2024022104010395,HURJA,58,45,20.0,311.0,6220.0,2024-02-21
2024022104010394,HURJA,58,57,50.0,311.0,15550.0,2024-02-21
2024022104010393,HURJA,58,44,500.0,310.0,155000.0,2024-02-21
2024022104010392,HURJA,58,46,50.0,310.0,15500.0,2024-02-21
2024022104010391,HURJA,58,57,10.0,310.0,3100.0,2024-02-21
2024022104010390,HURJA,58,71,1000.0,310.0,310000.0,2024-02-21
2024022104010389,HURJA,58,38,50.0,310.0,15500.0,2024-02-21
2024022104010388,HURJA,58,22,50.0,310.0,15500.0,2024-02-21
2024022104010387,HURJA,58,46,20.0,309.7,6194.0,2024-02-21
2024022104010386,HURJA,58,37,250.0,309.0,77250.0,2024-02-21
2024022104010385,HURJA,58,3,200.0,309.0,61800.0,2024-02-21
2024022104010384,HURJA,58,49,20.0,309.0,6180.0,2024-02-21
2024022104010383,HURJA,58,57,1000.0,309.0,309000.0,2024-02-21
2024022104010382,HURJA,58,55,899.0,309.0,277791.0,2024-02-21
2024022104010381,HURJA,58,58,250.0,308.0,77000.0,2024-02-21
2024022104010380,HURJA,58,32,500.0,308.0,154000.0,2024-02-21
2024022104010379,HURJA,58,57,1000.0,308.0,308000.0,2024-02-21
2024022104010378,HURJA,58,57,1000.0,308.0,308000.0,2024-02-21
2024022104010377,HURJA,58,35,50.0,308.0,15400.0,2024-02-21
2024022104010376,HURJA,58,45,10.0,307.0,3070.0,2024-02-21
2024022104010375,HURJA,58,58,500.0,307.0,153500.0,2024-02-21
2024022104010374,HURJA,58,62,20.0,307.0,6140.0,2024-02-21
2024022104010373,HURJA,58,34,20.0,306.9,6138.0,2024-02-21
2024022104010372,HURJA,58,13,320.0,305.9,97888.0,2024-02-21
2024022104010371,HURJA,58,28,300.0,305.9,91770.0,2024-02-21
2024022104010370,HURJA,58,6,100.0,305.8,30580.0,2024-02-21
2024022104010369,HURJA,58,58,105.0,305.5,32077.5,2024-02-21
2024022104010368,HURJA,58,16,370.0,305.0,112850.0,2024-02-21
2024022104010367,KKHC,21,38,10.0,256.1,2561.0,2024-02-21
2024022101034344,MHCL,69,26,11.0,613.0,6743.0,2024-02-21
2024022101034343,NESDO,42,33,10.0,1570.0,15700.0,2024-02-21
2024022101034342,MHCL,69,26,60.0,613.0,36780.0,2024-02-21
2024022103006066,GUFL,41,45,91.0,589.0,53599.0,2024-02-21
2024022101034341,PHCL,34,46,10.0,348.0,3480.0,2024-02-21
2024022103006065,JBBL,34,20,10.0,297.8,2978.0,2024-02-21
2024022103006064,PROFL,34,25,20.0,316.0,6320.0,2024-02-21
2024022101034340,TPC,88,36,300.0,555.5,166650.0,2024-02-21
2024022101034339,BNT,13,37,10.0,13194.0,131940.0,2024-02-21
2024022101034338,MHCL,26,26,11.0,613.0,6743.0,2024-02-21
2024022101034337,NYADI,29,4,10.0,294.9,2949.0,2024-02-21
2024022101034336,NYADI,29,34,66.0,293.5,19371.0,2024-02-21
2024022101034335,ILI,8,44,10.0,520.9,5209.0,2024-02-21
2024022104010366,UNHPL,38,17,51.0,260.0,13260.0,2024-02-21
2024022104010365,UNHPL,22,17,500.0,260.0,130000.0,2024-02-21
2024022104010364,UNHPL,36,17,100.0,260.0,26000.0,2024-02-21
2024022104010363,UNHPL,19,17,100.0,260.0,26000.0,2024-02-21
2024022104010362,UNHPL,22,17,749.0,260.1,194814.9,2024-02-21
2024022103006063,SWMF,17,16,60.0,673.0,40380.0,2024-02-21
2024022101034334,MMKJL,4,13,20.0,438.0,8760.0,2024-02-21
2024022101034333,TVCL,39,81,92.0,570.4,52476.8,2024-02-21
2024022101034332,TVCL,39,81,25.0,569.0,14225.0,2024-02-21
2024022101034331,MAKAR,39,58,10.0,410.0,4100.0,2024-02-21
2024022101034330,MAKAR,39,57,10.0,407.0,4070.0,2024-02-21
2024022101034329,MAKAR,39,34,10.0,406.0,4060.0,2024-02-21
2024022101034328,MAKAR,39,57,10.0,405.0,4050.0,2024-02-21
2024022101034327,MAKAR,39,38,10.0,404.0,4040.0,2024-02-21
2024022101034326,ULBSL,49,49,10.0,1097.9,10979.0,2024-02-21
2024022101034325,GVL,66,36,64.0,448.0,28672.0,2024-02-21
2024022101034324,GVL,66,48,10.0,448.0,4480.0,2024-02-21
2024022101034323,GVL,66,22,10.0,448.0,4480.0,2024-02-21
2024022101034322,GVL,66,49,10.0,447.0,4470.0,2024-02-21
2024022101034321,GVL,66,49,10.0,447.0,4470.0,2024-02-21
2024022101034320,GVL,66,58,10.0,446.9,4469.0,2024-02-21
2024022101034319,GVL,66,45,50.0,446.4,22320.0,2024-02-21
2024022101034318,GVL,66,55,10.0,446.3,4463.0,2024-02-21
2024022101034317,GVL,66,26,10.0,446.3,4463.0,2024-02-21
2024022101034316,GVL,66,44,16.0,446.0,7136.0,2024-02-21
2024022101034315,GVL,66,38,100.0,446.0,44600.0,2024-02-21
2024022101034314,GVL,66,42,10.0,446.0,4460.0,2024-02-21
2024022101034313,GVL,66,21,10.0,446.0,4460.0,2024-02-21
2024022101034312,GVL,66,35,10.0,446.0,4460.0,2024-02-21
2024022101034311,GVL,66,34,10.0,445.0,4450.0,2024-02-21
2024022101034310,GVL,66,55,10.0,445.0,4450.0,2024-02-21
2024022101034309,GVL,66,57,10.0,445.0,4450.0,2024-02-21
2024022101034308,GVL,66,26,10.0,445.0,4450.0,2024-02-21
2024022101034307,GVL,66,32,10.0,443.0,4430.0,2024-02-21
2024022101034306,GVL,66,14,10.0,442.0,4420.0,2024-02-21
2024022101034305,GVL,66,45,10.0,442.0,4420.0,2024-02-21
2024022101034304,GVL,66,49,10.0,440.0,4400.0,2024-02-21
2024022101034303,GVL,66,39,10.0,440.0,4400.0,2024-02-21
2024022101034302,GVL,66,45,10.0,440.0,4400.0,2024-02-21
2024022101034301,GVL,66,49,10.0,440.0,4400.0,2024-02-21
2024022101034300,GVL,66,41,10.0,440.0,4400.0,2024-02-21
2024022101034299,GVL,66,26,10.0,440.0,4400.0,2024-02-21
2024022101034298,GVL,66,16,10.0,440.0,4400.0,2024-02-21
2024022101034297,GVL,66,49,10.0,440.0,4400.0,2024-02-21
2024022101034296,GVL,66,45,10.0,439.0,4390.0,2024-02-21
2024022101034295,GVL,66,55,10.0,439.0,4390.0,2024-02-21
2024022101034294,DORDI,77,54,25.0,499.0,12475.0,2024-02-21
2024022101034293,SMHL,77,59,135.0,494.5,66757.5,2024-02-21
2024022101034292,SMHL,77,64,115.0,494.0,56810.0,2024-02-21
2024022103006062,BFC,62,47,220.0,337.0,74140.0,2024-02-21
2024022103006061,BFC,62,17,50.0,336.9,16845.0,2024-02-21
2024022103006060,BFC,62,57,100.0,336.0,33600.0,2024-02-21
2024022103006059,BFC,62,8,100.0,334.5,33450.0,2024-02-21
2024022103006058,BFC,62,49,30.0,333.0,9990.0,2024-02-21
2024022104010361,JOSHI,41,59,10.0,375.0,3750.0,2024-02-21
2024022104010360,NHPC,47,14,650.0,159.9,103935.0,2024-02-21
2024022104010359,NGPL,14,3,10.0,317.9,3179.0,2024-02-21
2024022104010358,HDHPC,13,14,94.0,141.2,13272.8,2024-02-21
2024022104010357,HDHPC,6,14,40.0,141.3,5652.0,2024-02-21
2024022104010356,HDHPC,45,14,100.0,141.6,14160.0,2024-02-21
2024022104010355,HDHPC,6,14,50.0,141.7,7085.0,2024-02-21
2024022104010354,HDHPC,54,14,50.0,141.8,7090.0,2024-02-21
2024022104010353,HDHPC,58,14,100.0,141.8,14180.0,2024-02-21
2024022104010352,HDHPC,11,14,22.0,141.8,3119.6,2024-02-21
2024022104010351,HDHPC,43,14,100.0,141.9,14190.0,2024-02-21
2024022104010350,HDHPC,46,14,959.0,141.9,136082.1,2024-02-21
2024022105007495,HIDCL,26,11,490.0,177.7,87073.0,2024-02-21
2024022104010349,NGPL,33,38,700.0,316.0,221200.0,2024-02-21
2024022103006057,EDBL,38,56,10.0,346.0,3460.0,2024-02-21
2024022103006056,GMFIL,51,26,10.0,358.0,3580.0,2024-02-21
2024022104010348,JOSHI,21,59,10.0,375.0,3750.0,2024-02-21
2024022101034291,MHCL,58,26,250.0,613.0,153250.0,2024-02-21
2024022101034290,MHCL,58,26,250.0,613.0,153250.0,2024-02-21
2024022105007494,NRN,58,28,40.0,583.4,23336.0,2024-02-21
2024022105007493,NRN,58,34,26.0,583.0,15158.0,2024-02-21
2024022105007492,NRN,58,54,100.0,583.0,58300.0,2024-02-21
2024022105007491,NRN,58,38,10.0,583.0,5830.0,2024-02-21
2024022105007490,NRN,58,25,500.0,583.0,291500.0,2024-02-21
2024022105007489,NRN,58,38,10.0,583.0,5830.0,2024-02-21
2024022105007488,NRN,58,70,10.0,583.0,5830.0,2024-02-21
2024022105007487,NRN,58,62,1000.0,582.0,582000.0,2024-02-21
2024022105007486,NRN,58,7,10.0,582.0,5820.0,2024-02-21
2024022105007485,NRN,58,74,100.0,580.0,58000.0,2024-02-21
2024022105007484,NRN,58,49,270.0,580.0,156600.0,2024-02-21
2024022105007483,NRN,58,38,80.0,580.0,46400.0,2024-02-21
2024022105007482,NRN,58,54,78.0,579.0,45162.0,2024-02-21
2024022105007481,NRN,58,36,171.0,579.0,99009.0,2024-02-21
2024022105007480,NRN,58,38,75.0,578.1,43357.5,2024-02-21
2024022105007479,NRN,58,86,20.0,577.2,11544.0,2024-02-21
2024022103006055,NICLBSL,42,55,70.0,546.0,38220.0,2024-02-21
2024022101034289,TVCL,91,81,175.0,569.0,99575.0,2024-02-21
2024022101034288,MKHC,42,38,200.0,305.0,61000.0,2024-02-21
2024022105007478,NRN,45,86,110.0,577.2,63492.0,2024-02-21
2024022101034287,MEHL,45,58,10.0,310.0,3100.0,2024-02-21
2024022105007477,HRL,38,34,10.0,633.2,6332.0,2024-02-21
2024022101034286,SMH,36,34,180.0,680.2,122436.0,2024-02-21
2024022101034285,SMH,43,34,10.0,680.3,6803.0,2024-02-21
2024022104010347,JOSHI,72,59,10.0,375.0,3750.0,2024-02-21
2024022101034284,SONA,54,57,200.0,424.1,84820.0,2024-02-21
2024022101034283,USHL,36,52,10.0,487.0,4870.0,2024-02-21
2024022101034282,SPHL,13,6,10.0,479.5,4795.0,2024-02-21
2024022101034281,BGWT,65,37,55.0,600.0,33000.0,2024-02-21
2024022101034280,BGWT,65,42,10.0,600.0,6000.0,2024-02-21
2024022101034279,BGWT,65,16,35.0,599.9,20996.5,2024-02-21
2024022104010346,BARUN,48,48,80.0,260.9,20872.0,2024-02-21
2024022101034278,KBL,48,25,150.0,146.0,21900.0,2024-02-21
2024022101034277,SONA,54,48,260.0,424.1,110266.0,2024-02-21
2024022101034276,SONA,34,48,10.0,424.1,4241.0,2024-02-21
2024022103006054,BFC,48,49,20.0,333.0,6660.0,2024-02-21
2024022101034275,SONA,57,48,300.0,424.1,127230.0,2024-02-21
2024022101034274,SONA,57,48,50.0,424.1,21205.0,2024-02-21
2024022101034273,SONA,25,48,100.0,424.2,42420.0,2024-02-21
2024022101034272,SONA,25,48,100.0,424.3,42430.0,2024-02-21
2024022101034271,SONA,19,48,180.0,424.4,76392.0,2024-02-21
2024022101034270,RHGCL,26,41,10.0,307.7,3077.0,2024-02-21
2024022103006053,MLBL,43,58,100.0,327.0,32700.0,2024-02-21
2024022101034269,MHCL,35,26,11.0,613.0,6743.0,2024-02-21
2024022101034268,MMKJL,29,13,10.0,438.0,4380.0,2024-02-21
2024022101034267,SRLI,32,3,10.0,435.0,4350.0,2024-02-21
2024022103006052,GUFL,41,59,150.0,589.0,88350.0,2024-02-21
2024022101034266,PCBL,44,13,10.0,197.8,1978.0,2024-02-21
2024022101034265,PCBL,44,58,50.0,197.7,9885.0,2024-02-21
2024022101034264,DOLTI,71,20,100.0,406.9,40690.0,2024-02-21
2024022101034263,DOLTI,71,28,2000.0,406.9,813800.0,2024-02-21
2024022101034262,RAWA,45,49,100.0,492.0,49200.0,2024-02-21
2024022101034261,CKHL,16,49,10.0,551.0,5510.0,2024-02-21
2024022101034260,CITY,82,3,10.0,603.0,6030.0,2024-02-21
2024022101034259,SMJC,4,77,570.0,411.0,234270.0,2024-02-21
2024022101034258,SMJC,57,77,430.0,411.0,176730.0,2024-02-21
2024022104010345,JOSHI,62,59,280.0,375.0,105000.0,2024-02-21
2024022104010344,JOSHI,62,26,200.0,375.0,75000.0,2024-02-21
2024022104010343,JOSHI,62,8,20.0,375.0,7500.0,2024-02-21
2024022103006051,GUFL,62,58,10.0,589.5,5895.0,2024-02-21
2024022103006050,ALICL,62,49,10.0,604.7,6047.0,2024-02-21
2024022103006049,ICFC,14,34,10.0,485.0,4850.0,2024-02-21
2024022103006048,SHINE,50,69,10.0,380.0,3800.0,2024-02-21
2024022101034257,MSHL,50,45,10.0,654.5,6545.0,2024-02-21
2024022101034256,NICA,50,58,10.0,440.0,4400.0,2024-02-21
2024022103006047,KRBL,28,53,110.0,374.0,41140.0,2024-02-21
2024022103006046,KRBL,28,6,450.0,374.0,168300.0,2024-02-21
2024022103006045,KRBL,28,42,250.0,373.0,93250.0,2024-02-21
2024022103006044,KRBL,28,17,190.0,372.9,70851.0,2024-02-21
2024022101034255,DORDI,38,29,20.0,500.0,10000.0,2024-02-21
2024022101034254,DORDI,38,55,10.0,500.0,5000.0,2024-02-21
2024022101034253,NRM,38,42,10.0,358.0,3580.0,2024-02-21
2024022101034252,RFPL,34,21,1000.0,329.2,329200.0,2024-02-21
2024022103006043,HLI,6,51,10.0,387.9,3879.0,2024-02-21
2024022101034251,MHCL,58,26,250.0,613.0,153250.0,2024-02-21
2024022101034250,SANIMA,37,58,100.0,235.0,23500.0,2024-02-21
2024022101034249,MHCL,58,26,250.0,613.0,153250.0,2024-02-21
2024022101034248,SONA,42,42,100.0,425.0,42500.0,2024-02-21
2024022104010342,LEC,57,42,100.0,195.5,19550.0,2024-02-21
2024022103006042,GFCL,45,19,500.0,435.2,217600.0,2024-02-21
2024022104010341,HPPL,64,36,20.0,290.0,5800.0,2024-02-21
2024022101034247,BHL,19,17,10.0,383.9,3839.0,2024-02-21
2024022104010340,CHL,49,34,10.0,315.0,3150.0,2024-02-21
2024022101034246,USHEC,74,34,10.0,382.2,3822.0,2024-02-21
2024022103006041,NFS,38,45,160.0,348.0,55680.0,2024-02-21
2024022103006040,NFS,48,45,20.0,348.0,6960.0,2024-02-21
2024022103006039,NFS,47,45,100.0,348.0,34800.0,2024-02-21
2024022103006038,NFS,70,45,55.0,348.0,19140.0,2024-02-21
2024022103006037,NFS,1,45,40.0,348.0,13920.0,2024-02-21
2024022103006036,NFS,11,45,415.0,348.0,144420.0,2024-02-21
2024022103006035,NFS,14,45,60.0,348.1,20886.0,2024-02-21
2024022103006034,NFS,14,45,50.0,349.0,17450.0,2024-02-21
2024022101034245,BEDC,41,58,29.0,375.0,10875.0,2024-02-21
2024022101034244,PHCL,3,41,531.0,341.1,181124.1,2024-02-21
2024022101034243,PHCL,41,41,500.0,341.3,170650.0,2024-02-21
2024022101034242,PHCL,55,41,100.0,342.2,34220.0,2024-02-21
2024022101034241,PHCL,58,41,500.0,342.3,171150.0,2024-02-21
2024022101034240,PHCL,38,41,100.0,342.4,34240.0,2024-02-21
2024022101034239,PHCL,1,41,1269.0,343.0,435267.0,2024-02-21
2024022101034238,CLI,17,10,10.0,434.2,4342.0,2024-02-21
2024022101034237,SONA,57,32,50.0,424.9,21245.0,2024-02-21
2024022103006033,SHINE,26,57,10.0,377.3,3773.0,2024-02-21
2024022104010339,RIDI,33,65,100.0,202.0,20200.0,2024-02-21
2024022101034236,EHPL,84,35,50.0,448.8,22440.0,2024-02-21
2024022101034235,MHCL,88,43,10.0,564.8,5648.0,2024-02-21
2024022101034234,MMKJL,43,13,50.0,438.0,21900.0,2024-02-21
2024022101034233,ULBSL,45,70,146.0,1077.0,157242.0,2024-02-21
2024022101034232,ULBSL,19,70,20.0,1077.1,21542.0,2024-02-21
2024022101034231,SMJC,71,42,10.0,413.0,4130.0,2024-02-21
2024022101034230,SMJC,71,26,60.0,413.0,24780.0,2024-02-21
2024022101034229,SMJC,71,56,100.0,412.8,41280.0,2024-02-21
2024022101034228,SMJC,71,48,10.0,412.8,4128.0,2024-02-21
2024022101034227,GBIME,55,34,193.0,189.0,36477.0,2024-02-21
2024022101034226,SHIVM,75,47,10.0,468.0,4680.0,2024-02-21
2024022101034225,SHIVM,26,47,130.0,468.0,60840.0,2024-02-21
2024022104010338,IGI,25,1,90.0,540.1,48609.0,2024-02-21
2024022101034224,CZBIL,35,74,55.0,165.0,9075.0,2024-02-21
2024022101034223,CZBIL,58,74,15.0,165.0,2475.0,2024-02-21
2024022101034222,CZBIL,41,74,40.0,165.0,6600.0,2024-02-21
2024022101034221,RFPL,38,8,100.0,330.0,33000.0,2024-02-21
2024022103006032,GBBL,60,38,1076.0,368.7,396721.2,2024-02-21
2024022101034220,SONA,19,6,10.0,424.4,4244.0,2024-02-21
2024022101034219,SMH,43,58,10.0,680.3,6803.0,2024-02-21
2024022105007476,ENL,22,58,10.0,760.0,7600.0,2024-02-21
2024022103006031,ICFC,6,34,40.0,485.0,19400.0,2024-02-21
2024022101034218,MSHL,64,58,10.0,644.0,6440.0,2024-02-21
2024022101034217,MKCL,42,42,10.0,935.7,9357.0,2024-02-21
2024022103006030,KLBSL,85,59,10.0,869.0,8690.0,2024-02-21
2024022101034216,MSHL,64,46,140.0,644.0,90160.0,2024-02-21
2024022101034215,AHL,84,47,30.0,455.0,13650.0,2024-02-21
2024022101034214,VLUCL,34,52,10.0,533.1,5331.0,2024-02-21
2024022104010337,AHPC,26,34,10.0,191.8,1918.0,2024-02-21
2024022104010336,RADHI,67,11,500.0,260.0,130000.0,2024-02-21
2024022104010335,RADHI,67,28,467.0,259.9,121373.3,2024-02-21
2024022104010334,RADHI,67,7,28.0,258.9,7249.2,2024-02-21
2024022101034213,RHGCL,32,41,20.0,307.7,6154.0,2024-02-21
2024022103006029,ICFC,4,34,250.0,485.0,121250.0,2024-02-21
2024022101034212,NWCL,39,80,10.0,747.0,7470.0,2024-02-21
2024022101034211,NWCL,39,57,10.0,746.0,7460.0,2024-02-21
2024022101034210,NWCL,39,58,10.0,746.0,7460.0,2024-02-21
2024022101034209,NWCL,39,45,10.0,746.0,7460.0,2024-02-21
2024022101034208,NWCL,39,35,10.0,746.0,7460.0,2024-02-21
2024022101034207,NWCL,39,22,10.0,745.6,7456.0,2024-02-21
2024022101034206,NWCL,39,14,10.0,745.6,7456.0,2024-02-21
2024022101034205,NWCL,39,21,10.0,745.0,7450.0,2024-02-21
2024022101034204,NWCL,39,58,10.0,745.0,7450.0,2024-02-21
2024022101034203,NWCL,39,35,10.0,745.0,7450.0,2024-02-21
2024022101034202,NWCL,39,35,10.0,745.0,7450.0,2024-02-21
2024022101034201,NWCL,39,55,10.0,745.0,7450.0,2024-02-21
2024022101034200,NWCL,39,16,10.0,745.0,7450.0,2024-02-21
2024022101034199,NWCL,39,10,50.0,745.0,37250.0,2024-02-21
2024022101034198,NWCL,39,45,10.0,745.0,7450.0,2024-02-21
2024022101034197,NWCL,39,57,10.0,745.0,7450.0,2024-02-21
2024022101034196,NWCL,39,49,10.0,745.0,7450.0,2024-02-21
2024022101034195,NWCL,39,58,10.0,745.0,7450.0,2024-02-21
2024022101034194,NWCL,39,58,10.0,745.0,7450.0,2024-02-21
2024022101034193,NWCL,39,36,10.0,745.0,7450.0,2024-02-21
2024022101034192,NWCL,39,3,10.0,745.0,7450.0,2024-02-21
2024022101034191,NWCL,39,36,145.0,745.0,108025.0,2024-02-21
2024022101034190,NWCL,39,70,100.0,739.0,73900.0,2024-02-21
2024022103006028,GLBSL,57,49,10.0,890.0,8900.0,2024-02-21
2024022105007475,HRL,37,45,10.0,634.0,6340.0,2024-02-21
2024022105007474,HRL,37,34,20.0,634.0,12680.0,2024-02-21
2024022105007473,NRN,65,86,100.0,578.0,57800.0,2024-02-21
2024022103006027,FMDBL,62,43,10.0,607.9,6079.0,2024-02-21
2024022104010333,HEI,65,11,15.0,567.1,8506.5,2024-02-21
2024022101034189,RFPL,34,38,39.0,329.2,12838.8,2024-02-21
2024022101034188,MHCL,25,26,500.0,613.0,306500.0,2024-02-21
2024022101034187,ULHC,25,35,100.0,334.0,33400.0,2024-02-21
2024022104010332,SGIC,22,78,10.0,512.0,5120.0,2024-02-21
2024022104010331,SGIC,22,46,10.0,511.0,5110.0,2024-02-21
2024022104010330,JOSHI,22,17,200.0,374.5,74900.0,2024-02-21
2024022104010329,JOSHI,22,60,1000.0,374.3,374300.0,2024-02-21
2024022104010328,JOSHI,22,43,1000.0,374.0,374000.0,2024-02-21
2024022104010327,JOSHI,22,42,80.0,374.0,29920.0,2024-02-21
2024022104010326,JOSHI,22,59,10.0,373.0,3730.0,2024-02-21
2024022104010325,JOSHI,22,43,1000.0,373.0,373000.0,2024-02-21
2024022104010324,JOSHI,22,28,500.0,373.0,186500.0,2024-02-21
2024022104010323,JOSHI,22,32,20.0,373.0,7460.0,2024-02-21
2024022104010322,JOSHI,22,71,200.0,372.9,74580.0,2024-02-21
2024022104010321,JOSHI,22,58,100.0,372.9,37290.0,2024-02-21
2024022104010320,JOSHI,22,56,100.0,372.0,37200.0,2024-02-21
2024022104010319,JOSHI,22,41,100.0,372.0,37200.0,2024-02-21
2024022104010318,JOSHI,22,52,40.0,371.9,14876.0,2024-02-21
2024022104010317,JOSHI,22,49,450.0,371.5,167175.0,2024-02-21
2024022104010316,JOSHI,22,34,500.0,371.4,185700.0,2024-02-21
2024022104010315,JOSHI,22,49,10.0,371.4,3714.0,2024-02-21
2024022104010314,JOSHI,22,45,100.0,371.0,37100.0,2024-02-21
2024022104010313,JOSHI,22,19,10.0,371.0,3710.0,2024-02-21
2024022104010312,JOSHI,22,58,100.0,371.0,37100.0,2024-02-21
2024022104010311,JOSHI,22,51,10.0,371.0,3710.0,2024-02-21
2024022104010310,SHEL,16,42,21.0,221.2,4645.2,2024-02-21
2024022104010309,SHEL,16,42,100.0,221.3,22130.0,2024-02-21
2024022104010308,SHEL,39,42,179.0,221.5,39648.5,2024-02-21
2024022104010307,SHEL,16,42,100.0,221.6,22160.0,2024-02-21
2024022104010306,SHEL,16,42,100.0,221.7,22170.0,2024-02-21
2024022104010305,SHEL,16,42,100.0,221.8,22180.0,2024-02-21
2024022101034186,CKHL,16,58,10.0,551.0,5510.0,2024-02-21
2024022101034185,RNLI,41,34,260.0,433.3,112658.0,2024-02-21
2024022101034184,RNLI,11,34,40.0,433.4,17336.0,2024-02-21
2024022101034183,RNLI,44,34,200.0,433.5,86700.0,2024-02-21
2024022101034182,MHCL,34,26,100.0,613.0,61300.0,2024-02-21
2024022101034181,MCHL,58,57,20.0,340.0,6800.0,2024-02-21
2024022101034180,NIMB,57,22,148.0,166.7,24671.6,2024-02-21
2024022101034179,MMKJL,29,13,10.0,438.0,4380.0,2024-02-21
2024022101034178,MHCL,35,26,300.0,613.0,183900.0,2024-02-21
2024022101034177,PHCL,55,46,20.0,348.0,6960.0,2024-02-21
2024022101034176,PHCL,55,58,10.0,347.0,3470.0,2024-02-21
2024022101034175,PHCL,55,35,10.0,347.0,3470.0,2024-02-21
2024022101034174,BEDC,49,58,11.0,375.0,4125.0,2024-02-21
2024022103006026,ALICL,49,49,10.0,604.7,6047.0,2024-02-21
2024022101034173,MHCL,62,26,129.0,613.0,79077.0,2024-02-21
2024022101034172,MHCL,62,18,250.0,613.0,153250.0,2024-02-21
2024022101034171,MHCL,62,4,1200.0,613.0,735600.0,2024-02-21
2024022101034170,MHCL,62,54,430.0,612.0,263160.0,2024-02-21
2024022101034169,MHCL,62,5,561.0,612.0,343332.0,2024-02-21
2024022101034168,MHCL,62,35,100.0,610.0,61000.0,2024-02-21
2024022101034167,MHCL,62,53,200.0,584.4,116880.0,2024-02-21
2024022101034166,MHCL,62,49,285.0,583.0,166155.0,2024-02-21
2024022101034165,MHCL,62,25,200.0,582.4,116480.0,2024-02-21
2024022101034164,MHCL,62,6,111.0,582.4,64646.4,2024-02-21
2024022101034163,MHCL,62,46,100.0,582.0,58200.0,2024-02-21
2024022101034162,MHCL,62,36,10.0,581.5,5815.0,2024-02-21
2024022101034161,MHCL,62,35,10.0,581.5,5815.0,2024-02-21
2024022101034160,MHCL,62,34,50.0,581.5,29075.0,2024-02-21
2024022101034159,MHCL,62,39,700.0,581.4,406980.0,2024-02-21
2024022101034158,MHCL,62,58,10.0,581.4,5814.0,2024-02-21
2024022101034157,MHCL,62,4,10.0,581.4,5814.0,2024-02-21
2024022101034156,MHCL,62,72,100.0,581.4,58140.0,2024-02-21
2024022101034155,MHCL,62,58,10.0,581.4,5814.0,2024-02-21
2024022101034154,MHCL,62,21,10.0,581.4,5814.0,2024-02-21
2024022101034153,MHCL,62,39,100.0,581.4,58140.0,2024-02-21
2024022101034152,MHCL,62,21,424.0,581.4,246513.6,2024-02-21
2024022101034151,SIKLES,26,50,10.0,509.1,5091.0,2024-02-21
2024022101034150,SIKLES,16,42,10.0,515.0,5150.0,2024-02-21
2024022101034149,SIKLES,16,47,10.0,515.0,5150.0,2024-02-21
2024022101034148,SIKLES,16,38,10.0,515.0,5150.0,2024-02-21
2024022101034147,SIKLES,16,35,10.0,514.9,5149.0,2024-02-21
2024022101034146,SIKLES,16,6,40.0,514.7,20588.0,2024-02-21
2024022101034145,SIKLES,16,56,50.0,514.0,25700.0,2024-02-21
2024022101034144,SIKLES,16,34,30.0,510.0,15300.0,2024-02-21
2024022101034143,SIKLES,16,54,10.0,510.0,5100.0,2024-02-21
2024022101034142,SIKLES,16,49,10.0,510.0,5100.0,2024-02-21
2024022101034141,SIKLES,16,14,10.0,510.0,5100.0,2024-02-21
2024022101034140,SIKLES,16,59,10.0,510.0,5100.0,2024-02-21
2024022101034139,MKHC,16,38,500.0,305.0,152500.0,2024-02-21
2024022101034138,BEDC,38,58,10.0,375.0,3750.0,2024-02-21
2024022105007472,CHDC,21,57,10.0,1008.0,10080.0,2024-02-21
2024022101034137,TAMOR,81,56,10.0,409.0,4090.0,2024-02-21
2024022101034136,MHCL,25,21,1485.0,581.4,863379.0,2024-02-21
2024022101034135,MHCL,25,58,400.0,581.4,232560.0,2024-02-21
2024022101034134,MHCL,25,49,10.0,581.4,5814.0,2024-02-21
2024022101034133,MHCL,25,35,40.0,581.4,23256.0,2024-02-21
2024022101034132,MHCL,25,44,350.0,581.4,203490.0,2024-02-21
2024022101034131,MHCL,25,47,10.0,581.4,5814.0,2024-02-21
2024022101034130,MHCL,25,14,10.0,581.4,5814.0,2024-02-21
2024022101034129,MHCL,25,57,100.0,581.4,58140.0,2024-02-21
2024022101034128,MHCL,25,94,95.0,581.4,55233.0,2024-02-21
2024022103006025,SIFC,45,13,10.0,357.0,3570.0,2024-02-21
2024022105007471,CIT,58,58,10.0,2094.0,20940.0,2024-02-21
2024022104010304,HURJA,41,16,10.0,305.0,3050.0,2024-02-21
2024022101034127,CYCL,10,36,10.0,1099.0,10990.0,2024-02-21
2024022101034126,GCIL,13,29,50.0,473.8,23690.0,2024-02-21
2024022104010303,UMHL,34,84,1210.0,268.7,325127.0,2024-02-21
2024022104010302,UMHL,19,84,500.0,268.8,134400.0,2024-02-21
2024022104010301,UMHL,36,84,290.0,268.9,77981.0,2024-02-21
2024022101034125,MCHL,52,57,41.0,340.0,13940.0,2024-02-21
2024022101034124,PHCL,1,70,431.0,343.0,147833.0,2024-02-21
2024022101034123,PHCL,39,70,500.0,343.0,171500.0,2024-02-21
2024022101034122,PHCL,22,70,10.0,343.0,3430.0,2024-02-21
2024022101034121,PHCL,34,70,59.0,344.0,20296.0,2024-02-21
2024022104010300,API,35,58,32.0,186.3,5961.6,2024-02-21
2024022105007470,HRL,22,35,30.0,633.1,18993.0,2024-02-21
2024022101034120,NABIL,44,33,228.0,449.0,102372.0,2024-02-21
2024022101034119,NABIL,44,58,60.0,449.0,26940.0,2024-02-21
2024022101034118,NABIL,44,38,10.0,449.0,4490.0,2024-02-21
2024022101034117,NABIL,44,59,325.0,449.0,145925.0,2024-02-21
2024022101034116,NABIL,44,1,40.0,449.0,17960.0,2024-02-21
2024022101034115,NABIL,44,29,390.0,449.0,175110.0,2024-02-21
2024022101034114,BNHC,32,59,50.0,464.0,23200.0,2024-02-21
2024022101034113,BNHC,32,50,21.0,464.0,9744.0,2024-02-21
2024022104010299,UNHPL,22,17,1251.0,260.1,325385.1,2024-02-21
2024022104010298,UNHPL,58,17,249.0,260.3,64814.7,2024-02-21
2024022104010297,AKPL,17,58,70.0,184.4,12908.0,2024-02-21
2024022104010296,AKPL,17,57,30.0,184.4,5532.0,2024-02-21
2024022105007469,HRL,22,39,10.0,633.1,6331.0,2024-02-21
2024022105007468,HRL,34,39,872.0,633.1,552063.2,2024-02-21
2024022101034112,MBL,49,39,1800.0,178.0,320400.0,2024-02-21
2024022101034111,ANLB,82,49,10.0,1953.0,19530.0,2024-02-21
2024022101034110,ANLB,82,29,68.0,1953.0,132804.0,2024-02-21
2024022101034109,ANLB,82,56,10.0,1952.0,19520.0,2024-02-21
2024022101034108,ANLB,82,34,10.0,1950.0,19500.0,2024-02-21
2024022101034107,ANLB,82,37,53.0,1950.0,103350.0,2024-02-21
2024022101034106,ANLB,82,52,40.0,1940.1,77604.0,2024-02-21
2024022101034105,NWCL,62,36,155.0,745.0,115475.0,2024-02-21
2024022101034104,NWCL,62,58,10.0,745.0,7450.0,2024-02-21
2024022101034103,NWCL,62,25,60.0,745.0,44700.0,2024-02-21
2024022101034102,NWCL,62,52,10.0,744.9,7449.0,2024-02-21
2024022101034101,NWCL,62,34,10.0,744.9,7449.0,2024-02-21
2024022101034100,NWCL,62,34,10.0,744.8,7448.0,2024-02-21
2024022101034099,NWCL,62,57,10.0,744.0,7440.0,2024-02-21
2024022101034098,NWCL,62,45,10.0,744.0,7440.0,2024-02-21
2024022101034097,NWCL,62,51,50.0,744.0,37200.0,2024-02-21
2024022101034096,NWCL,62,55,10.0,744.0,7440.0,2024-02-21
2024022101034095,NWCL,62,34,100.0,743.0,74300.0,2024-02-21
2024022101034094,NWCL,62,35,10.0,743.0,7430.0,2024-02-21
2024022101034093,NWCL,62,48,10.0,743.0,7430.0,2024-02-21
2024022101034092,NWCL,62,38,45.0,738.8,33246.0,2024-02-21
2024022104010295,NGPL,84,18,100.0,315.0,31500.0,2024-02-21
2024022104010294,NGPL,57,18,100.0,316.0,31600.0,2024-02-21
2024022101034091,TSHL,18,85,10.0,535.0,5350.0,2024-02-21
2024022101034090,TSHL,18,58,10.0,535.0,5350.0,2024-02-21
2024022101034089,TSHL,18,42,10.0,535.0,5350.0,2024-02-21
2024022101034088,TSHL,18,35,10.0,535.0,5350.0,2024-02-21
2024022101034087,TSHL,18,17,25.0,534.0,13350.0,2024-02-21
2024022101034086,TSHL,18,47,10.0,533.5,5335.0,2024-02-21
2024022101034085,TSHL,18,41,10.0,533.5,5335.0,2024-02-21
2024022101034084,TSHL,18,58,10.0,533.4,5334.0,2024-02-21
2024022101034083,TSHL,18,26,10.0,533.4,5334.0,2024-02-21
2024022101034082,TSHL,18,38,10.0,532.5,5325.0,2024-02-21
2024022101034081,TSHL,18,54,50.0,532.0,26600.0,2024-02-21
2024022101034080,TSHL,18,49,100.0,532.0,53200.0,2024-02-21
2024022101034079,TSHL,18,77,200.0,532.0,106400.0,2024-02-21
2024022101034078,TSHL,18,49,10.0,532.0,5320.0,2024-02-21
2024022101034077,TSHL,18,58,10.0,532.0,5320.0,2024-02-21
2024022101034076,TSHL,18,39,10.0,532.0,5320.0,2024-02-21
2024022101034075,GVL,1,56,50.0,438.0,21900.0,2024-02-21
2024022101034074,MEL,38,58,10.0,225.2,2252.0,2024-02-21
2024022101034073,NWCL,58,38,55.0,739.0,40645.0,2024-02-21
2024022103006024,NLICL,38,57,110.0,567.8,62458.0,2024-02-21
2024022105007467,NBF3,21,39,100.0,7.54,754.0,2024-02-21
2024022101034072,MHCL,25,94,500.0,581.4,290700.0,2024-02-21
2024022104010293,HPPL,64,34,60.0,290.0,17400.0,2024-02-21
2024022104010292,HPPL,64,44,40.0,287.0,11480.0,2024-02-21
2024022103006023,NLIC,56,29,34.0,611.0,20774.0,2024-02-21
2024022103006022,NLIC,56,43,66.0,611.0,40326.0,2024-02-21
2024022101034071,CLI,42,58,10.0,437.0,4370.0,2024-02-21
2024022101034070,CLI,42,57,10.0,437.0,4370.0,2024-02-21
2024022101034069,CLI,42,34,10.0,437.0,4370.0,2024-02-21
2024022101034068,CLI,42,52,10.0,437.0,4370.0,2024-02-21
2024022101034067,CLI,42,19,30.0,437.0,13110.0,2024-02-21
2024022101034066,CLI,42,58,10.0,435.0,4350.0,2024-02-21
2024022101034065,CLI,42,35,10.0,435.0,4350.0,2024-02-21
2024022101034064,CLI,42,40,90.0,435.0,39150.0,2024-02-21
2024022101034063,CLI,42,52,10.0,434.9,4349.0,2024-02-21
2024022101034062,SNLI,44,45,10.0,565.3,5653.0,2024-02-21
2024022101034061,SNLI,44,3,10.0,565.3,5653.0,2024-02-21
2024022101034060,AHL,18,45,10.0,454.5,4545.0,2024-02-21
2024022103006021,PFL,58,42,10.0,365.0,3650.0,2024-02-21
2024022104010291,API,58,58,354.0,186.3,65950.2,2024-02-21
2024022104010290,API,58,21,146.0,186.3,27199.8,2024-02-21
2024022103006020,GILB,51,34,17.0,811.2,13790.4,2024-02-21
2024022101034059,NIBD84,13,36,20.0,900.0,18000.0,2024-02-21
2024022101034058,EHPL,57,35,10.0,448.8,4488.0,2024-02-21
2024022103006019,PMLI,7,47,10.0,514.0,5140.0,2024-02-21
2024022103006018,PMLI,7,38,10.0,513.9,5139.0,2024-02-21
2024022103006017,SINDU,46,42,10.0,315.9,3159.0,2024-02-21
2024022101034057,TVCL,91,48,15.0,569.0,8535.0,2024-02-21
2024022101034056,NIMB,56,26,200.0,166.6,33320.0,2024-02-21
2024022105007466,HRL,35,35,10.0,634.0,6340.0,2024-02-21
2024022103006016,GFCL,53,58,10.0,439.0,4390.0,2024-02-21
2024022103006015,MLBL,34,17,50.0,326.2,16310.0,2024-02-21
2024022101034055,CZBIL,49,57,10.0,166.0,1660.0,2024-02-21
2024022101034054,MHCL,77,94,1355.0,581.4,787797.0,2024-02-21
2024022101034053,MHCL,77,49,550.0,581.4,319770.0,2024-02-21
2024022101034052,MHCL,77,71,50.0,581.4,29070.0,2024-02-21
2024022101034051,MHCL,77,51,10.0,581.4,5814.0,2024-02-21
2024022101034050,MHCL,77,53,500.0,581.4,290700.0,2024-02-21
2024022101034049,MHCL,77,39,50.0,581.4,29070.0,2024-02-21
2024022101034048,MHCL,77,51,500.0,581.4,290700.0,2024-02-21
2024022101034047,MHCL,77,32,146.0,581.4,84884.4,2024-02-21
2024022101034046,MHCL,77,22,10.0,581.4,5814.0,2024-02-21
2024022101034045,MHCL,77,13,10.0,581.4,5814.0,2024-02-21
2024022101034044,MHCL,77,14,200.0,581.4,116280.0,2024-02-21
2024022101034043,MHCL,77,39,10.0,581.4,5814.0,2024-02-21
2024022101034042,MHCL,77,46,10.0,581.3,5813.0,2024-02-21
2024022101034041,MHCL,77,46,10.0,581.3,5813.0,2024-02-21
2024022101034040,MHCL,77,47,200.0,581.0,116200.0,2024-02-21
2024022101034039,MHCL,77,45,100.0,581.0,58100.0,2024-02-21
2024022101034038,MHCL,77,7,10.0,581.0,5810.0,2024-02-21
2024022101034037,MHCL,77,28,500.0,581.0,290500.0,2024-02-21
2024022101034036,MHCL,77,38,10.0,581.0,5810.0,2024-02-21
2024022101034035,MHCL,77,34,10.0,581.0,5810.0,2024-02-21
2024022101034034,MHCL,77,58,10.0,581.0,5810.0,2024-02-21
2024022101034033,MHCL,77,69,100.0,581.0,58100.0,2024-02-21
2024022101034032,MHCL,77,53,10.0,581.0,5810.0,2024-02-21
2024022101034031,MHCL,77,28,1000.0,581.0,581000.0,2024-02-21
2024022101034030,MHCL,77,16,800.0,581.0,464800.0,2024-02-21
2024022101034029,MHCL,77,7,55.0,581.0,31955.0,2024-02-21
2024022101034028,MHCL,77,44,10.0,581.0,5810.0,2024-02-21
2024022101034027,MHCL,77,32,167.0,581.0,97027.0,2024-02-21
2024022101034026,MHCL,77,28,97.0,581.0,56357.0,2024-02-21
2024022101034025,MHCL,77,51,100.0,581.0,58100.0,2024-02-21
2024022101034024,MHCL,77,56,50.0,581.0,29050.0,2024-02-21
2024022101034023,MHCL,77,60,10.0,580.8,5808.0,2024-02-21
2024022101034022,MHCL,77,42,10.0,580.4,5804.0,2024-02-21
2024022101034021,MHCL,77,56,10.0,580.4,5804.0,2024-02-21
2024022101034020,MHCL,77,39,20.0,580.4,11608.0,2024-02-21
2024022101034019,MHCL,77,62,100.0,580.4,58040.0,2024-02-21
2024022101034018,MHCL,77,42,10.0,580.3,5803.0,2024-02-21
2024022101034017,MHCL,77,25,50.0,580.0,29000.0,2024-02-21
2024022101034016,MHCL,77,10,500.0,580.0,290000.0,2024-02-21
2024022101034015,MHCL,77,66,10.0,580.0,5800.0,2024-02-21
2024022101034014,MHCL,77,35,800.0,580.0,464000.0,2024-02-21
2024022101034013,MHCL,77,51,100.0,580.0,58000.0,2024-02-21
2024022101034012,MHCL,77,32,10.0,580.0,5800.0,2024-02-21
2024022101034011,MHCL,77,56,10.0,580.0,5800.0,2024-02-21
2024022101034010,MHCL,77,43,50.0,580.0,29000.0,2024-02-21
2024022101034009,MHCL,77,4,10.0,580.0,5800.0,2024-02-21
2024022101034008,MHCL,77,49,10.0,580.0,5800.0,2024-02-21
2024022101034007,MHCL,77,34,10.0,580.0,5800.0,2024-02-21
2024022101034006,MHCL,77,16,500.0,580.0,290000.0,2024-02-21
2024022101034005,MHCL,77,16,500.0,580.0,290000.0,2024-02-21
2024022101034004,MHCL,77,28,1000.0,580.0,580000.0,2024-02-21
2024022101034003,MHCL,77,10,10.0,580.0,5800.0,2024-02-21
2024022101034002,MHCL,77,58,10.0,580.0,5800.0,2024-02-21
2024022101034001,MHCL,77,5,50.0,580.0,29000.0,2024-02-21
2024022101034000,MHCL,77,58,10.0,580.0,5800.0,2024-02-21
2024022101033999,MHCL,77,51,30.0,580.0,17400.0,2024-02-21
2024022101033998,MHCL,77,10,10.0,580.0,5800.0,2024-02-21
2024022101033997,MHCL,77,22,10.0,580.0,5800.0,2024-02-21
2024022101033996,MHCL,77,26,30.0,580.0,17400.0,2024-02-21
2024022101033995,MHCL,77,51,10.0,580.0,5800.0,2024-02-21
2024022101033994,MHCL,77,49,10.0,580.0,5800.0,2024-02-21
2024022101033993,MHCL,77,49,10.0,580.0,5800.0,2024-02-21
2024022101033992,MHCL,77,45,10.0,580.0,5800.0,2024-02-21
2024022101033991,MHCL,77,43,10.0,580.0,5800.0,2024-02-21
2024022101033990,MHCL,77,34,100.0,580.0,58000.0,2024-02-21
2024022101033989,MHCL,77,43,320.0,580.0,185600.0,2024-02-21
2024022101033988,MHCL,77,45,10.0,580.0,5800.0,2024-02-21
2024022101033987,MHCL,77,49,30.0,580.0,17400.0,2024-02-21
2024022101033986,MHCL,77,57,10.0,580.0,5800.0,2024-02-21
2024022101033985,MHCL,77,59,10.0,580.0,5800.0,2024-02-21
2024022101033984,MHCL,77,58,10.0,580.0,5800.0,2024-02-21
2024022101033983,MHCL,77,58,10.0,580.0,5800.0,2024-02-21
2024022101033982,MHCL,77,48,100.0,580.0,58000.0,2024-02-21
2024022101033981,MHCL,77,41,10.0,580.0,5800.0,2024-02-21
2024022101033980,MHCL,77,42,10.0,580.0,5800.0,2024-02-21
2024022101033979,MHCL,77,34,10.0,580.0,5800.0,2024-02-21
2024022101033978,MHCL,77,34,10.0,580.0,5800.0,2024-02-21
2024022101033977,MHCL,77,44,10.0,580.0,5800.0,2024-02-21
2024022101033976,MHCL,77,45,10.0,580.0,5800.0,2024-02-21
2024022101033975,MHCL,77,26,10.0,580.0,5800.0,2024-02-21
2024022101033974,MHCL,77,42,25.0,580.0,14500.0,2024-02-21
2024022101033973,MHCL,77,42,20.0,580.0,11600.0,2024-02-21
2024022101033972,MHCL,77,3,10.0,580.0,5800.0,2024-02-21
2024022101033971,MHCL,77,29,10.0,580.0,5800.0,2024-02-21
2024022101033970,MHCL,77,41,10.0,580.0,5800.0,2024-02-21
2024022101033969,MHCL,77,58,10.0,580.0,5800.0,2024-02-21
2024022101033968,MHCL,77,22,10.0,580.0,5800.0,2024-02-21
2024022101033967,MHCL,77,16,50.0,579.9,28995.0,2024-02-21
2024022101033966,MHCL,77,58,10.0,579.9,5799.0,2024-02-21
2024022101033965,MHCL,77,35,10.0,579.4,5794.0,2024-02-21
2024022101033964,MHCL,77,46,10.0,579.1,5791.0,2024-02-21
2024022101033963,MHCL,77,34,10.0,579.0,5790.0,2024-02-21
2024022101033962,MHCL,77,4,10.0,579.0,5790.0,2024-02-21
2024022101033961,MHCL,77,58,10.0,579.0,5790.0,2024-02-21
2024022101033960,MHCL,77,35,400.0,579.0,231600.0,2024-02-21
2024022101033959,MHCL,77,21,10.0,579.0,5790.0,2024-02-21
2024022101033958,MHCL,77,42,30.0,579.0,17370.0,2024-02-21
2024022101033957,MHCL,77,34,10.0,578.9,5789.0,2024-02-21
2024022101033956,MHCL,77,58,10.0,578.5,5785.0,2024-02-21
2024022101033955,MHCL,77,58,10.0,578.5,5785.0,2024-02-21
2024022101033954,MHCL,77,37,50.0,578.3,28915.0,2024-02-21
2024022101033953,MHCL,77,42,10.0,578.0,5780.0,2024-02-21
2024022101033952,MHCL,77,42,10.0,578.0,5780.0,2024-02-21
2024022101033951,MHCL,77,46,1000.0,578.0,578000.0,2024-02-21
2024022101033950,MHCL,77,45,10.0,578.0,5780.0,2024-02-21
2024022101033949,MHCL,77,48,10.0,578.0,5780.0,2024-02-21
2024022101033948,MHCL,77,55,10.0,578.0,5780.0,2024-02-21
2024022101033947,MHCL,77,38,510.0,578.0,294780.0,2024-02-21
2024022101033946,MHCL,77,46,500.0,578.0,289000.0,2024-02-21
2024022101033945,MHCL,77,54,10.0,578.0,5780.0,2024-02-21
2024022101033944,MHCL,77,41,10.0,578.0,5780.0,2024-02-21
2024022101033943,MHCL,77,46,20.0,578.0,11560.0,2024-02-21
2024022101033942,MHCL,77,36,10.0,578.0,5780.0,2024-02-21
2024022101033941,MHCL,77,42,10.0,578.0,5780.0,2024-02-21
2024022101033940,MHCL,77,42,30.0,578.0,17340.0,2024-02-21
2024022101033939,MHCL,77,42,40.0,578.0,23120.0,2024-02-21
2024022101033938,MHCL,77,35,10.0,578.0,5780.0,2024-02-21
2024022101033937,MHCL,77,6,10.0,577.9,5779.0,2024-02-21
2024022101033936,MHCL,77,42,55.0,577.5,31762.5,2024-02-21
2024022101033935,MHCL,77,49,10.0,577.0,5770.0,2024-02-21
2024022101033934,MHCL,77,21,90.0,576.0,51840.0,2024-02-21
2024022101033933,MHCL,77,25,500.0,575.0,287500.0,2024-02-21
2024022101033932,MHCL,77,39,150.0,575.0,86250.0,2024-02-21
2024022101033931,MHCL,77,51,100.0,575.0,57500.0,2024-02-21
2024022101033930,MHCL,77,38,50.0,575.0,28750.0,2024-02-21
2024022101033929,MHCL,77,45,10.0,575.0,5750.0,2024-02-21
2024022101033928,MHCL,77,42,30.0,575.0,17250.0,2024-02-21
2024022101033927,MHCL,77,4,10.0,575.0,5750.0,2024-02-21
2024022101033926,MHCL,77,58,10.0,575.0,5750.0,2024-02-21
2024022101033925,MHCL,77,42,10.0,575.0,5750.0,2024-02-21
2024022101033924,MHCL,77,13,10.0,575.0,5750.0,2024-02-21
2024022101033923,MHCL,77,42,10.0,575.0,5750.0,2024-02-21
2024022101033922,MHCL,77,35,10.0,575.0,5750.0,2024-02-21
2024022101033921,MHCL,77,34,100.0,575.0,57500.0,2024-02-21
2024022101033920,MHCL,77,8,10.0,575.0,5750.0,2024-02-21
2024022101033919,MHCL,77,25,20.0,575.0,11500.0,2024-02-21
2024022101033918,MHCL,77,1,10.0,574.0,5740.0,2024-02-21
2024022101033917,MHCL,77,46,10.0,574.0,5740.0,2024-02-21
2024022101033916,MHCL,77,45,50.0,574.0,28700.0,2024-02-21
2024022101033915,MHCL,77,51,100.0,574.0,57400.0,2024-02-21
2024022101033914,MHCL,77,22,10.0,574.0,5740.0,2024-02-21
2024022101033913,MHCL,77,25,20.0,574.0,11480.0,2024-02-21
2024022101033912,MHCL,77,28,10.0,573.0,5730.0,2024-02-21
2024022101033911,MHCL,77,14,30.0,573.0,17190.0,2024-02-21
2024022101033910,MHCL,77,22,30.0,573.0,17190.0,2024-02-21
2024022101033909,MHCL,77,25,10.0,573.0,5730.0,2024-02-21
2024022101033908,MHCL,77,32,10.0,570.0,5700.0,2024-02-21
2024022101033907,MHCL,77,6,10.0,570.0,5700.0,2024-02-21
2024022101033906,MHCL,77,40,1500.0,565.9,848850.0,2024-02-21
2024022101033905,MHCL,77,36,430.0,565.6,243208.0,2024-02-21
2024022101033904,MHCL,77,65,2410.0,565.0,1361650.0,2024-02-21
2024022103006014,RLFL,25,62,385.0,358.0,137830.0,2024-02-21
2024022104010289,MHNL,45,14,20.0,261.0,5220.0,2024-02-21
2024022105007465,NRN,16,38,25.0,578.1,14452.5,2024-02-21
2024022105007464,NRN,16,22,75.0,577.2,43290.0,2024-02-21
2024022101033903,MKHC,58,38,100.0,305.6,30560.0,2024-02-21
2024022103006013,EDBL,21,56,10.0,346.0,3460.0,2024-02-21
2024022105007463,HRL,34,22,10.0,633.1,6331.0,2024-02-21
2024022103006012,MFIL,10,45,96.0,510.2,48979.2,2024-02-21
2024022101033902,HATHY,48,45,110.0,875.0,96250.0,2024-02-21
2024022104010288,UMHL,36,50,10.0,271.8,2718.0,2024-02-21
2024022105007462,NRIC,58,35,49.0,757.9,37137.1,2024-02-21
2024022103006011,KMCDB,51,41,190.0,642.1,121999.0,2024-02-21
2024022101033901,SONA,57,32,50.0,424.9,21245.0,2024-02-21
2024022101033900,ANLB,35,52,20.0,1940.1,38802.0,2024-02-21
2024022101033899,ANLB,35,1,10.0,1938.0,19380.0,2024-02-21
2024022101033898,ANLB,35,33,20.0,1938.0,38760.0,2024-02-21
2024022101033897,BHL,19,88,1510.0,383.0,578330.0,2024-02-21
2024022101033896,DORDI,39,45,210.0,504.0,105840.0,2024-02-21
2024022101033895,MMKJL,29,13,20.0,438.0,8760.0,2024-02-21
2024022104010287,NHDL,57,66,100.0,436.0,43600.0,2024-02-21
2024022101033894,DORDI,77,45,100.0,504.0,50400.0,2024-02-21
2024022101033893,DORDI,77,62,100.0,504.0,50400.0,2024-02-21
2024022101033892,DORDI,77,42,500.0,503.8,251900.0,2024-02-21
2024022101033891,DORDI,77,17,30.0,503.5,15105.0,2024-02-21
2024022101033890,DORDI,77,53,10.0,503.0,5030.0,2024-02-21
2024022101033889,DORDI,77,34,10.0,503.0,5030.0,2024-02-21
2024022101033888,DORDI,77,77,100.0,503.0,50300.0,2024-02-21
2024022101033887,DORDI,77,77,100.0,502.9,50290.0,2024-02-21
2024022101033886,DORDI,77,55,10.0,502.8,5028.0,2024-02-21
2024022101033885,DORDI,77,45,300.0,502.0,150600.0,2024-02-21
2024022101033884,DORDI,77,32,50.0,502.0,25100.0,2024-02-21
2024022101033883,DORDI,77,58,10.0,502.0,5020.0,2024-02-21
2024022101033882,DORDI,77,29,10.0,502.0,5020.0,2024-02-21
2024022101033881,DORDI,77,58,10.0,502.0,5020.0,2024-02-21
2024022101033880,DORDI,77,17,10.0,502.0,5020.0,2024-02-21
2024022101033879,DORDI,77,54,10.0,502.0,5020.0,2024-02-21
2024022101033878,DORDI,77,45,10.0,502.0,5020.0,2024-02-21
2024022101033877,DORDI,77,77,500.0,501.0,250500.0,2024-02-21
2024022101033876,DORDI,77,34,100.0,501.0,50100.0,2024-02-21
2024022101033875,DORDI,77,41,400.0,501.0,200400.0,2024-02-21
2024022101033874,DORDI,77,49,10.0,501.0,5010.0,2024-02-21
2024022101033873,DORDI,77,17,10.0,500.0,5000.0,2024-02-21
2024022101033872,DORDI,77,42,10.0,500.0,5000.0,2024-02-21
2024022101033871,DORDI,77,46,10.0,500.0,5000.0,2024-02-21
2024022101033870,DORDI,77,6,390.0,500.0,195000.0,2024-02-21
2024022101033869,DORDI,77,56,200.0,499.0,99800.0,2024-02-21
2024022101033868,SPL,62,37,10.0,665.0,6650.0,2024-02-21
2024022101033867,MHL,53,50,500.0,411.0,205500.0,2024-02-21
2024022101033866,EBL,40,17,43.0,516.0,22188.0,2024-02-21
2024022101033865,SMHL,69,64,10.0,494.0,4940.0,2024-02-21
2024022101033864,SMHL,69,47,10.0,494.0,4940.0,2024-02-21
2024022104010286,KKHC,60,38,20.0,256.1,5122.0,2024-02-21
2024022104010285,MEN,28,45,100.0,616.1,61610.0,2024-02-21
2024022101033863,DOLTI,57,58,10.0,405.0,4050.0,2024-02-21
2024022101033862,HDL,38,84,30.0,1486.0,44580.0,2024-02-21
2024022101033861,HDL,54,84,15.0,1486.5,22297.5,2024-02-21
2024022101033860,HDL,4,84,60.0,1486.5,89190.0,2024-02-21
2024022101033859,HDL,45,84,204.0,1486.5,303246.0,2024-02-21
2024022101033858,HDL,21,84,13.0,1488.0,19344.0,2024-02-21
2024022104010284,KPCL,50,54,190.0,414.9,78831.0,2024-02-21
2024022101033857,PHCL,71,44,10.0,346.8,3468.0,2024-02-21
2024022104010283,HPPL,32,44,10.0,287.0,2870.0,2024-02-21
2024022103006010,GUFL,41,32,100.0,589.0,58900.0,2024-02-21
2024022104010282,KKHC,49,33,50.0,256.0,12800.0,2024-02-21
2024022104010281,KKHC,49,49,150.0,256.0,38400.0,2024-02-21
2024022105007461,HRL,34,74,10.0,633.1,6331.0,2024-02-21
2024022104010280,NIL,14,94,480.0,806.1,386928.0,2024-02-21
2024022104010279,NIL,49,94,250.0,806.2,201550.0,2024-02-21
2024022104010278,NIL,49,94,250.0,806.2,201550.0,2024-02-21
2024022104010277,NIL,35,94,178.0,806.2,143503.6,2024-02-21
2024022104010276,DHPL,22,41,60.0,209.9,12594.0,2024-02-21
2024022104010275,UNHPL,58,64,200.0,260.3,52060.0,2024-02-21
2024022104010274,NGPL,42,13,40.0,318.0,12720.0,2024-02-21
2024022104010273,NGPL,42,48,400.0,317.5,127000.0,2024-02-21
2024022104010272,NGPL,42,38,100.0,316.6,31660.0,2024-02-21
2024022104010271,NGPL,42,57,460.0,316.0,145360.0,2024-02-21
2024022101033856,ULHC,34,35,75.0,334.0,25050.0,2024-02-21
2024022101033855,ULHC,34,44,10.0,330.0,3300.0,2024-02-21
2024022101033854,ULHC,34,62,15.0,329.0,4935.0,2024-02-21
2024022101033853,RAWA,41,29,10.0,495.0,4950.0,2024-02-21
2024022101033852,PPL,19,75,100.0,344.2,34420.0,2024-02-21
2024022104010270,HDHPC,46,55,50.0,141.9,7095.0,2024-02-21
2024022104010269,HDHPC,46,44,991.0,141.9,140622.9,2024-02-21
2024022104010268,RADHI,57,7,50.0,258.9,12945.0,2024-02-21
2024022104010267,RADHI,57,32,50.0,258.9,12945.0,2024-02-21
2024022101033851,CKHL,16,54,10.0,551.0,5510.0,2024-02-21
2024022101033850,TPC,88,36,11.0,555.5,6110.5,2024-02-21
2024022101033849,TPC,88,19,50.0,555.0,27750.0,2024-02-21
2024022101033848,TPC,88,42,10.0,555.0,5550.0,2024-02-21
2024022101033847,TPC,88,38,10.0,555.0,5550.0,2024-02-21
2024022101033846,TPC,88,48,10.0,555.0,5550.0,2024-02-21
2024022101033845,TPC,88,49,10.0,555.0,5550.0,2024-02-21
2024022101033844,TPC,88,56,10.0,555.0,5550.0,2024-02-21
2024022101033843,TPC,88,22,100.0,554.0,55400.0,2024-02-21
2024022101033842,TPC,88,38,10.0,553.0,5530.0,2024-02-21
2024022101033841,TPC,88,57,20.0,552.9,11058.0,2024-02-21
2024022101033840,TPC,88,56,259.0,546.1,141439.9,2024-02-21
2024022101033839,SMJC,57,29,70.0,411.0,28770.0,2024-02-21
2024022101033838,SMJC,5,29,100.0,411.0,41100.0,2024-02-21
2024022101033837,SMJC,5,29,30.0,411.1,12333.0,2024-02-21
2024022104010266,IGI,49,42,10.0,546.5,5465.0,2024-02-21
2024022103006009,CBBL,49,35,14.0,836.0,11704.0,2024-02-21
2024022103006008,ICFC,62,58,10.0,485.0,4850.0,2024-02-21
2024022101033836,GBIME,22,40,51.0,188.1,9593.1,2024-02-21
2024022101033835,GBIME,39,40,83.0,188.1,15612.3,2024-02-21
2024022101033834,NABIL,16,29,10.0,449.0,4490.0,2024-02-21
2024022101033833,AHL,18,38,150.0,454.5,68175.0,2024-02-21
2024022101033832,ULHC,38,62,50.0,329.0,16450.0,2024-02-21
2024022101033831,SBL,51,38,300.0,226.0,67800.0,2024-02-21
2024022101033830,SBL,51,16,122.0,226.0,27572.0,2024-02-21
2024022101033829,SBL,51,39,92.0,225.9,20782.8,2024-02-21
2024022101033828,CKHL,49,56,10.0,551.0,5510.0,2024-02-21
2024022103006007,EDBL,56,56,610.0,346.0,211060.0,2024-02-21
2024022103006006,EDBL,55,56,200.0,346.1,69220.0,2024-02-21
2024022103006005,EDBL,34,56,100.0,347.0,34700.0,2024-02-21
2024022101033827,NRM,20,45,10.0,356.2,3562.0,2024-02-21
2024022101033826,SMJC,5,45,10.0,411.1,4111.0,2024-02-21
2024022104010265,SSHL,41,42,10.0,174.0,1740.0,2024-02-21
2024022104010264,SSHL,41,42,30.0,174.0,5220.0,2024-02-21
2024022104010263,SSHL,41,33,30.0,174.0,5220.0,2024-02-21
2024022104010262,UMHL,75,50,10.0,271.8,2718.0,2024-02-21
2024022103006004,SHINE,14,57,26.0,378.0,9828.0,2024-02-21
2024022101033825,TPC,74,13,60.0,545.0,32700.0,2024-02-21
2024022101033824,TPC,42,13,40.0,546.0,21840.0,2024-02-21
2024022103006003,HLI,57,45,201.0,387.0,77787.0,2024-02-21
2024022103006002,PROFL,13,33,659.0,314.0,206926.0,2024-02-21
2024022103006001,PROFL,4,33,80.0,314.5,25160.0,2024-02-21
2024022103006000,PROFL,34,33,10.0,315.0,3150.0,2024-02-21
2024022103005999,PROFL,45,33,100.0,315.0,31500.0,2024-02-21
2024022103005998,PROFL,6,33,337.0,315.0,106155.0,2024-02-21
2024022103005997,PROFL,1,33,100.0,315.1,31510.0,2024-02-21
2024022103005996,PROFL,57,33,140.0,315.1,44114.0,2024-02-21
2024022103005995,PROFL,42,33,100.0,315.2,31520.0,2024-02-21
2024022101033823,MKHL,8,26,60.0,381.1,22866.0,2024-02-21
2024022101033822,MKHL,47,26,70.0,381.1,26677.0,2024-02-21
2024022104010261,CGH,43,57,20.0,847.0,16940.0,2024-02-21
2024022103005994,SADBL,53,17,10.0,301.8,3018.0,2024-02-21
2024022105007460,NRIC,44,59,240.0,757.0,181680.0,2024-02-21
2024022103005993,KSBBL,36,55,83.0,348.1,28892.3,2024-02-21
2024022101033821,NWCL,39,19,20.0,742.0,14840.0,2024-02-21
2024022101033820,NWCL,39,56,10.0,742.0,7420.0,2024-02-21
2024022101033819,NWCL,39,42,10.0,742.0,7420.0,2024-02-21
2024022101033818,NWCL,39,34,10.0,741.0,7410.0,2024-02-21
2024022101033817,NWCL,39,45,10.0,741.0,7410.0,2024-02-21
2024022101033816,NWCL,39,57,100.0,741.0,74100.0,2024-02-21
2024022101033815,NWCL,39,42,10.0,740.0,7400.0,2024-02-21
2024022101033814,NWCL,39,58,10.0,740.0,7400.0,2024-02-21
2024022101033813,NWCL,39,36,10.0,740.0,7400.0,2024-02-21
2024022101033812,NWCL,39,42,10.0,740.0,7400.0,2024-02-21
2024022101033811,NWCL,39,34,10.0,740.0,7400.0,2024-02-21
2024022101033810,NWCL,39,55,10.0,740.0,7400.0,2024-02-21
2024022101033809,NWCL,39,38,10.0,740.0,7400.0,2024-02-21
2024022101033808,NWCL,39,55,10.0,740.0,7400.0,2024-02-21
2024022101033807,NWCL,39,43,10.0,740.0,7400.0,2024-02-21
2024022101033806,NICA,52,40,20.0,439.0,8780.0,2024-02-21
2024022101033805,NICA,26,40,35.0,439.0,15365.0,2024-02-21
2024022101033804,NICA,58,40,25.0,439.0,10975.0,2024-02-21
2024022104010260,SPDL,51,51,100.0,262.1,26210.0,2024-02-21
2024022101033803,BHDC,25,64,10.0,478.9,4789.0,2024-02-21
2024022101033802,BNHC,14,6,285.0,455.5,129817.5,2024-02-21
2024022101033801,BNHC,28,6,95.0,456.0,43320.0,2024-02-21
2024022101033800,BNHC,45,6,20.0,456.1,9122.0,2024-02-21
2024022103005992,RSDC,45,58,10.0,538.0,5380.0,2024-02-21
2024022103005991,HLI,7,45,90.0,387.0,34830.0,2024-02-21
2024022103005990,HLI,56,45,30.0,387.0,11610.0,2024-02-21
2024022103005989,HLI,43,45,30.0,387.1,11613.0,2024-02-21
2024022103005988,HLI,49,45,49.0,387.9,19007.1,2024-02-21
2024022103005987,NADEP,6,7,30.0,520.0,15600.0,2024-02-21
2024022103005986,GUFL,41,34,200.0,589.0,117800.0,2024-02-21
2024022101033799,AVYAN,34,42,10.0,608.9,6089.0,2024-02-21
2024022101033798,AVYAN,34,49,10.0,608.0,6080.0,2024-02-21
2024022101033797,AVYAN,34,57,10.0,608.0,6080.0,2024-02-21
2024022101033796,MHCL,77,65,100.0,565.0,56500.0,2024-02-21
2024022103005985,SIFC,13,13,20.0,357.0,7140.0,2024-02-21
2024022103005984,SIFC,59,13,35.0,357.0,12495.0,2024-02-21
2024022103005983,GUFL,41,58,1000.0,589.0,589000.0,2024-02-21
2024022104010259,UPPER,53,45,50.0,203.0,10150.0,2024-02-21
2024022101033795,MMKJL,29,13,10.0,438.0,4380.0,2024-02-21
2024022101033794,MMKJL,29,49,10.0,437.0,4370.0,2024-02-21
2024022101033793,MBJC,16,50,100.0,322.0,32200.0,2024-02-21
2024022104010258,API,7,40,115.0,186.1,21401.5,2024-02-21
2024022104010257,API,58,40,250.0,186.1,46525.0,2024-02-21
2024022104010256,API,49,40,60.0,186.2,11172.0,2024-02-21
2024022104010255,API,42,40,575.0,186.2,107065.0,2024-02-21
2024022101033792,NWCL,58,16,10.0,739.0,7390.0,2024-02-21
2024022101033791,DOLTI,57,20,492.0,405.0,199260.0,2024-02-21
2024022104010254,CGH,3,40,10.0,837.0,8370.0,2024-02-21
2024022104010253,CGH,3,58,50.0,837.0,41850.0,2024-02-21
2024022103005982,CFCL,45,16,10.0,337.0,3370.0,2024-02-21
2024022104010252,SHPC,45,7,123.0,345.2,42459.6,2024-02-21
2024022104010251,SHPC,41,7,50.0,345.2,17260.0,2024-02-21
2024022104010250,SHPC,44,7,300.0,345.2,103560.0,2024-02-21
2024022103005981,GFCL,45,34,430.0,435.2,187136.0,2024-02-21
2024022101033790,BHDC,48,57,10.0,478.3,4783.0,2024-02-21
2024022104010249,KKHC,34,45,10.0,256.0,2560.0,2024-02-21
2024022101033789,VLUCL,34,34,50.0,533.0,26650.0,2024-02-21
2024022101033788,VLUCL,34,45,10.0,533.0,5330.0,2024-02-21
2024022104010248,UNHPL,58,53,400.0,261.0,104400.0,2024-02-21
2024022104010247,UNHPL,58,49,1100.0,261.0,287100.0,2024-02-21
2024022101033787,SANIMA,58,44,500.0,235.9,117950.0,2024-02-21
2024022101033786,HDL,45,53,80.0,1486.5,118920.0,2024-02-21
2024022101033785,HDL,54,53,20.0,1488.0,29760.0,2024-02-21
2024022104010246,AKPL,36,59,590.0,184.0,108560.0,2024-02-21
2024022104010245,AKPL,35,59,10.0,184.0,1840.0,2024-02-21
2024022103005980,NADEP,32,45,10.0,524.9,5249.0,2024-02-21
2024022101033784,NBL,49,7,50.0,226.0,11300.0,2024-02-21
2024022101033783,NBL,49,57,61.0,226.0,13786.0,2024-02-21
2024022101033782,NBL,49,66,250.0,226.0,56500.0,2024-02-21
2024022101033781,NBL,49,7,130.0,226.0,29380.0,2024-02-21
2024022101033780,NBL,49,57,11.0,226.0,2486.0,2024-02-21
2024022101033779,NBL,49,16,300.0,226.0,67800.0,2024-02-21
2024022101033778,NBL,49,57,300.0,226.0,67800.0,2024-02-21
2024022101033777,NBL,49,40,194.0,226.0,43844.0,2024-02-21
2024022101033776,NBL,49,32,80.0,226.0,18080.0,2024-02-21
2024022101033775,NBL,49,32,536.0,225.5,120868.0,2024-02-21
2024022101033774,NBL,49,21,230.0,225.5,51865.0,2024-02-21
2024022101033773,NBL,49,13,116.0,225.5,26158.0,2024-02-21
2024022101033772,NBL,49,29,86.0,225.5,19393.0,2024-02-21
2024022101033771,NBL,49,37,200.0,225.4,45080.0,2024-02-21
2024022101033770,NBL,49,57,20.0,225.3,4506.0,2024-02-21
2024022101033769,NBL,49,74,161.0,225.1,36241.1,2024-02-21
2024022101033768,NBL,49,34,288.0,225.0,64800.0,2024-02-21
2024022101033767,TSHL,18,42,160.0,530.0,84800.0,2024-02-21
2024022103005979,JBBL,25,35,291.0,296.0,86136.0,2024-02-21
2024022103005978,JBBL,25,14,234.0,296.0,69264.0,2024-02-21
2024022103005977,JBBL,25,43,75.0,295.6,22170.0,2024-02-21
2024022103005976,PROFL,42,25,80.0,316.0,25280.0,2024-02-21
2024022101033766,BHDC,48,41,50.0,478.3,23915.0,2024-02-21
2024022101033765,NBL,22,65,10.0,224.5,2245.0,2024-02-21
2024022101033764,IHL,88,57,10.0,372.3,3723.0,2024-02-21
2024022104010244,SHL,34,55,200.0,447.0,89400.0,2024-02-21
2024022101033763,GCIL,34,29,10.0,473.8,4738.0,2024-02-21
2024022101033762,TPC,48,56,50.0,546.1,27305.0,2024-02-21
2024022101033761,BHL,19,45,10.0,382.0,3820.0,2024-02-21
2024022101033760,BHL,19,65,1000.0,380.0,380000.0,2024-02-21
2024022101033759,BHL,19,21,50.0,380.0,19000.0,2024-02-21
2024022101033758,BHL,19,14,10.0,380.0,3800.0,2024-02-21
2024022101033757,BHL,19,58,10.0,380.0,3800.0,2024-02-21
2024022105007459,HRL,17,35,10.0,634.0,6340.0,2024-02-21
2024022105007458,HRL,17,35,10.0,634.0,6340.0,2024-02-21
2024022104010243,UPCL,49,88,475.0,220.9,104927.5,2024-02-21
2024022104010242,SHL,16,38,512.0,446.0,228352.0,2024-02-21
2024022104010241,JOSHI,41,38,1000.0,370.0,370000.0,2024-02-21
2024022101033756,NICA,42,59,43.0,440.0,18920.0,2024-02-21
2024022101033755,PCBL,65,45,150.0,197.0,29550.0,2024-02-21
2024022101033754,SANIMA,45,44,10.0,235.9,2359.0,2024-02-21
2024022101033753,PRVU,34,22,19.0,150.6,2861.4,2024-02-21
2024022101033752,PRVU,34,22,370.0,150.6,55722.0,2024-02-21
2024022103005975,SWMF,45,58,20.0,671.1,13422.0,2024-02-21
2024022101033751,SAHAS,58,19,10.0,550.9,5509.0,2024-02-21
2024022104010240,UPPER,50,55,40.0,202.5,8100.0,2024-02-21
2024022101033750,SANIMA,37,44,133.0,235.0,31255.0,2024-02-21
2024022101033749,SANIMA,13,44,250.0,235.0,58750.0,2024-02-21
2024022101033748,SANIMA,28,44,1517.0,235.0,356495.0,2024-02-21
2024022101033747,SANIMA,58,44,100.0,235.7,23570.0,2024-02-21
2024022103005974,SKBBL,6,29,122.0,830.2,101284.4,2024-02-21
2024022101033746,MMKJL,29,35,10.0,438.0,4380.0,2024-02-21
2024022101033745,MMKJL,29,49,10.0,438.0,4380.0,2024-02-21
2024022104010239,NICL,14,58,10.0,850.0,8500.0,2024-02-21
2024022101033744,MBJC,16,48,10.0,322.0,3220.0,2024-02-21
2024022101033743,MBJC,16,52,10.0,322.0,3220.0,2024-02-21
2024022101033742,MBJC,16,45,10.0,322.0,3220.0,2024-02-21
2024022101033741,MBJC,16,58,10.0,322.0,3220.0,2024-02-21
2024022101033740,MBJC,16,58,10.0,322.0,3220.0,2024-02-21
2024022101033739,MBJC,16,39,10.0,322.0,3220.0,2024-02-21
2024022101033738,MBJC,16,38,10.0,322.0,3220.0,2024-02-21
2024022101033737,MBJC,16,53,20.0,322.0,6440.0,2024-02-21
2024022101033736,SMJC,5,38,10.0,411.1,4111.0,2024-02-21
2024022101033735,NICA,22,59,100.0,440.0,44000.0,2024-02-21
2024022105007457,NRN,17,22,125.0,577.2,72150.0,2024-02-21
2024022103005973,GBLBS,13,22,200.0,533.0,106600.0,2024-02-21
2024022104010238,AHPC,56,51,31.0,191.0,5921.0,2024-02-21
2024022104010237,SHL,16,57,160.0,446.0,71360.0,2024-02-21
2024022101033734,BEDC,22,19,20.0,372.4,7448.0,2024-02-21
2024022101033733,BEDC,57,19,100.0,373.0,37300.0,2024-02-21
2024022101033732,BEDC,36,19,330.0,373.0,123090.0,2024-02-21
2024022101033731,BEDC,17,19,50.0,373.1,18655.0,2024-02-21
2024022104010236,AHPC,58,51,69.0,191.0,13179.0,2024-02-21
2024022104010235,AHPC,58,13,85.0,191.0,16235.0,2024-02-21
2024022101033730,HBL,44,42,21.0,190.5,4000.5,2024-02-21
2024022103005972,SAPDBL,28,38,50.0,259.1,12955.0,2024-02-21
2024022103005971,SAPDBL,28,35,40.0,258.0,10320.0,2024-02-21
2024022103005970,SAPDBL,28,58,150.0,258.0,38700.0,2024-02-21
2024022103005969,SAPDBL,28,42,210.0,257.5,54075.0,2024-02-21
2024022104010234,MEN,16,58,100.0,616.4,61640.0,2024-02-21
2024022103005968,SINDU,60,42,20.0,315.9,6318.0,2024-02-21
2024022101033729,TVCL,38,81,18.0,570.4,10267.2,2024-02-21
2024022101033728,MHL,22,44,10.0,412.0,4120.0,2024-02-21
2024022103005967,NUBL,67,46,44.0,624.0,27456.0,2024-02-21
2024022101033727,PHCL,34,13,191.0,344.0,65704.0,2024-02-21
2024022104010233,BARUN,45,19,490.0,260.0,127400.0,2024-02-21
2024022104010232,BARUN,25,19,100.0,260.1,26010.0,2024-02-21
2024022104010231,BARUN,3,19,160.0,260.1,41616.0,2024-02-21
2024022104010230,BARUN,44,19,50.0,260.5,13025.0,2024-02-21
2024022104010229,BARUN,25,19,200.0,260.6,52120.0,2024-02-21
2024022103005966,JBBL,34,43,23.0,295.6,6798.8,2024-02-21
2024022103005965,JBBL,34,43,800.0,295.6,236480.0,2024-02-21
2024022101033726,MKCL,29,53,30.0,935.6,28068.0,2024-02-21
2024022101033725,MKCL,61,53,100.0,935.7,93570.0,2024-02-21
2024022101033724,SONA,61,42,490.0,425.0,208250.0,2024-02-21
2024022101033723,SONA,61,46,10.0,424.5,4245.0,2024-02-21
2024022104010228,UPPER,50,17,1895.0,202.5,383737.5,2024-02-21
2024022104010227,UPPER,54,17,105.0,202.5,21262.5,2024-02-21
2024022105007456,HRL,82,88,177.0,635.0,112395.0,2024-02-21
2024022105007455,HRL,82,49,10.0,634.9,6349.0,2024-02-21
2024022105007454,HRL,82,55,30.0,634.5,19035.0,2024-02-21
2024022105007453,HRL,82,38,10.0,634.5,6345.0,2024-02-21
2024022105007452,HRL,82,45,10.0,634.5,6345.0,2024-02-21
2024022105007451,HRL,82,55,240.0,634.5,152280.0,2024-02-21
2024022105007450,HRL,82,35,10.0,634.1,6341.0,2024-02-21
2024022105007449,HRL,82,8,30.0,634.1,19023.0,2024-02-21
2024022105007448,HRL,82,58,20.0,634.0,12680.0,2024-02-21
2024022105007447,HRL,82,35,10.0,634.0,6340.0,2024-02-21
2024022105007446,HRL,82,32,30.0,634.0,19020.0,2024-02-21
2024022105007445,HRL,82,48,10.0,634.0,6340.0,2024-02-21
2024022105007444,HRL,82,34,20.0,634.0,12680.0,2024-02-21
2024022105007443,HRL,82,58,20.0,634.0,12680.0,2024-02-21
2024022105007442,HRL,82,58,10.0,634.0,6340.0,2024-02-21
2024022105007441,HRL,82,32,30.0,634.0,19020.0,2024-02-21
2024022105007440,HRL,82,84,20.0,634.0,12680.0,2024-02-21
2024022101033722,HATHY,82,29,30.0,876.5,26295.0,2024-02-21
2024022105007439,HRL,82,16,313.0,634.0,198442.0,2024-02-21
2024022101033721,BNHC,32,50,60.0,464.0,27840.0,2024-02-21
2024022101033720,BNHC,32,42,200.0,460.0,92000.0,2024-02-21
2024022101033719,BNHC,32,38,40.0,459.0,18360.0,2024-02-21
2024022104010226,CHL,49,57,179.0,323.7,57942.3,2024-02-21
2024022104010225,CHL,49,53,500.0,323.0,161500.0,2024-02-21
2024022104010224,CHL,49,25,100.0,322.6,32260.0,2024-02-21
2024022104010223,CHL,49,39,100.0,322.6,32260.0,2024-02-21
2024022104010222,CHL,49,45,30.0,322.5,9675.0,2024-02-21
2024022104010221,CHL,49,38,100.0,321.3,32130.0,2024-02-21
2024022104010220,CHL,49,53,10.0,321.0,3210.0,2024-02-21
2024022104010219,CHL,49,53,400.0,320.0,128000.0,2024-02-21
2024022104010218,CHL,49,5,50.0,318.0,15900.0,2024-02-21
2024022104010217,CHL,49,61,31.0,318.0,9858.0,2024-02-21
2024022104010216,SPDL,50,49,10.0,264.0,2640.0,2024-02-21
2024022105007438,HRL,16,16,10.0,634.0,6340.0,2024-02-21
2024022103005964,SADBL,38,49,105.0,300.0,31500.0,2024-02-21
2024022103005963,SADBL,38,45,217.0,300.0,65100.0,2024-02-21
2024022101033718,BNT,22,6,60.0,13194.1,791646.0,2024-02-21
2024022101033717,BNT,22,14,10.0,13194.0,131940.0,2024-02-21
2024022101033716,BNT,22,10,10.0,13194.0,131940.0,2024-02-21
2024022101033715,BNT,22,25,10.0,13194.0,131940.0,2024-02-21
2024022101033714,BNT,22,34,10.0,13194.0,131940.0,2024-02-21
2024022101033713,ULHC,38,62,10.0,329.0,3290.0,2024-02-21
2024022101033712,NABIL,42,52,60.0,449.0,26940.0,2024-02-21
2024022101033711,NABIL,42,37,37.0,449.0,16613.0,2024-02-21
2024022101033710,VLUCL,34,45,40.0,533.0,21320.0,2024-02-21
2024022103005962,SIFC,45,38,10.0,357.9,3579.0,2024-02-21
2024022101033709,HDL,41,59,50.0,1490.0,74500.0,2024-02-21
2024022101033708,HDL,41,48,50.0,1490.0,74500.0,2024-02-21
2024022104010215,DHPL,45,41,500.0,209.9,104950.0,2024-02-21
2024022104010214,RIDI,65,37,87.0,202.0,17574.0,2024-02-21
2024022104010213,RIDI,65,54,13.0,201.5,2619.5,2024-02-21
2024022101033707,KDL,54,47,25.0,771.0,19275.0,2024-02-21
2024022101033706,SNLI,44,58,10.0,565.3,5653.0,2024-02-21
2024022101033705,MMKJL,29,55,10.0,438.0,4380.0,2024-02-21
2024022101033704,MMKJL,29,54,10.0,438.0,4380.0,2024-02-21
2024022101033703,ILI,8,49,10.0,520.9,5209.0,2024-02-21
2024022103005961,LICN,28,57,12.0,1338.0,16056.0,2024-02-21
2024022103005960,LICN,28,19,23.0,1338.0,30774.0,2024-02-21
2024022103005959,SIFC,59,16,100.0,357.0,35700.0,2024-02-21
2024022103005958,SINDU,21,42,10.0,315.9,3159.0,2024-02-21
2024022101033702,HHL,36,25,50.0,327.0,16350.0,2024-02-21
2024022103005957,GBLBS,39,51,20.0,533.0,10660.0,2024-02-21
2024022101033701,USHEC,38,38,10.0,385.0,3850.0,2024-02-21
2024022104010212,LEC,42,42,100.0,195.6,19560.0,2024-02-21
2024022103005956,SINDU,41,42,35.0,315.9,11056.5,2024-02-21
2024022101033700,HIDCLP,14,48,150.0,100.8,15120.0,2024-02-21
2024022101033699,PHCL,34,50,250.0,343.0,85750.0,2024-02-21
2024022105007437,SMATA,58,49,10.0,608.5,6085.0,2024-02-21
2024022105007436,SMATA,58,51,10.0,603.8,6038.0,2024-02-21
2024022103005955,SFCL,44,58,472.0,305.0,143960.0,2024-02-21
2024022103005954,SFCL,50,58,30.0,305.1,9153.0,2024-02-21
2024022103005953,SFCL,51,58,1000.0,306.0,306000.0,2024-02-21
2024022103005952,SFCL,47,58,58.0,306.0,17748.0,2024-02-21
2024022103005951,SFCL,1,58,20.0,306.2,6124.0,2024-02-21
2024022103005950,SFCL,1,58,150.0,306.2,45930.0,2024-02-21
2024022103005949,SFCL,45,58,100.0,306.6,30660.0,2024-02-21
2024022103005948,SFCL,13,58,300.0,306.7,92010.0,2024-02-21
2024022103005947,SFCL,25,58,150.0,306.7,46005.0,2024-02-21
2024022103005946,SFCL,49,58,50.0,306.8,15340.0,2024-02-21
2024022103005945,SFCL,13,58,500.0,306.8,153400.0,2024-02-21
2024022103005944,SFCL,50,58,10.0,306.8,3068.0,2024-02-21
2024022103005943,SFCL,34,58,1000.0,306.9,306900.0,2024-02-21
2024022103005942,SFCL,32,58,20.0,307.0,6140.0,2024-02-21
2024022103005941,SFCL,58,58,640.0,307.0,196480.0,2024-02-21
2024022104010211,HEI,65,53,65.0,567.1,36861.5,2024-02-21
2024022101033698,HATHY,48,17,220.0,875.0,192500.0,2024-02-21
2024022101033697,HATHY,61,17,200.0,875.1,175020.0,2024-02-21
2024022101033696,HATHY,5,17,80.0,875.1,70008.0,2024-02-21
2024022101033695,NIMBPO,44,26,10.0,143.8,1438.0,2024-02-21
2024022101033694,USHEC,74,66,200.0,382.2,76440.0,2024-02-21
2024022103005940,SJLIC,14,45,20.0,501.0,10020.0,2024-02-21
2024022101033693,ILI,8,18,10.0,520.9,5209.0,2024-02-21
2024022101033692,TVCL,91,81,350.0,569.0,199150.0,2024-02-21
2024022101033691,TVCL,22,81,100.0,569.0,56900.0,2024-02-21
2024022101033690,TVCL,17,81,50.0,570.0,28500.0,2024-02-21
2024022104010210,AHPC,42,13,80.0,191.0,15280.0,2024-02-21
2024022103005939,NFS,14,36,50.0,349.0,17450.0,2024-02-21
2024022101033689,MHCL,77,36,70.0,565.6,39592.0,2024-02-21
2024022104010209,SHL,16,52,210.0,446.0,93660.0,2024-02-21
2024022104010208,SHL,45,52,500.0,446.0,223000.0,2024-02-21
2024022104010207,SHL,34,52,400.0,446.0,178400.0,2024-02-21
2024022104010206,SHL,33,52,500.0,446.1,223050.0,2024-02-21
2024022104010205,SHL,34,52,300.0,446.2,133860.0,2024-02-21
2024022104010204,SHL,34,52,100.0,446.3,44630.0,2024-02-21
2024022104010203,SHL,25,52,290.0,446.3,129427.0,2024-02-21
2024022104010202,JOSHI,19,58,10.0,371.0,3710.0,2024-02-21
2024022104010201,HPPL,39,59,30.0,285.0,8550.0,2024-02-21
2024022104010200,HPPL,34,59,30.0,285.1,8553.0,2024-02-21
2024022104010199,HPPL,63,59,140.0,287.0,40180.0,2024-02-21
2024022101033688,MCHL,58,53,20.0,343.0,6860.0,2024-02-21
2024022101033687,MCHL,58,51,10.0,341.9,3419.0,2024-02-21
2024022101033686,MCHL,58,47,20.0,340.0,6800.0,2024-02-21
2024022101033685,BHL,64,34,55.0,378.3,20806.5,2024-02-21
2024022104010198,SPDL,17,49,14.0,264.0,3696.0,2024-02-21
2024022101033684,HATHY,5,35,20.0,875.1,17502.0,2024-02-21
2024022101033683,SANIMA,28,44,273.0,235.0,64155.0,2024-02-21
2024022101033682,SANIMA,34,44,400.0,235.1,94040.0,2024-02-21
2024022101033681,SANIMA,5,44,100.0,235.1,23510.0,2024-02-21
2024022101033680,SANIMA,6,44,50.0,235.1,11755.0,2024-02-21
2024022101033679,SANIMA,45,44,200.0,235.1,47020.0,2024-02-21
2024022101033678,SANIMA,43,44,50.0,235.1,11755.0,2024-02-21
2024022101033677,SANIMA,1,44,100.0,235.1,23510.0,2024-02-21
2024022101033676,SANIMA,4,44,100.0,235.2,23520.0,2024-02-21
2024022101033675,SANIMA,45,44,20.0,235.3,4706.0,2024-02-21
2024022101033674,SANIMA,45,44,20.0,235.4,4708.0,2024-02-21
2024022101033673,SANIMA,48,44,60.0,235.4,14124.0,2024-02-21
2024022101033672,SANIMA,34,44,500.0,235.5,117750.0,2024-02-21
2024022101033671,SANIMA,38,44,20.0,235.5,4710.0,2024-02-21
2024022101033670,SANIMA,49,44,20.0,235.5,4710.0,2024-02-21
2024022101033669,SANIMA,38,44,87.0,235.6,20497.2,2024-02-21
2024022101033668,UHEWA,37,49,20.0,367.0,7340.0,2024-02-21
2024022101033667,UHEWA,37,80,80.0,366.0,29280.0,2024-02-21
2024022101033666,SMHL,77,45,700.0,493.0,345100.0,2024-02-21
2024022101033665,SMHL,77,57,10.0,492.0,4920.0,2024-02-21
2024022101033664,SMHL,77,58,10.0,492.0,4920.0,2024-02-21
2024022101033663,SMHL,77,13,30.0,491.0,14730.0,2024-02-21
2024022101033662,SONA,19,29,10.0,424.4,4244.0,2024-02-21
2024022101033661,IHL,14,66,100.0,372.4,37240.0,2024-02-21
2024022101033660,BNT,49,34,10.0,13194.0,131940.0,2024-02-21
2024022103005938,HLI,49,42,41.0,387.9,15903.9,2024-02-21
2024022101033659,USHEC,74,6,10.0,382.2,3822.0,2024-02-21
2024022101033658,MKCL,42,57,10.0,939.0,9390.0,2024-02-21
2024022104010197,SSHL,7,33,10.0,174.0,1740.0,2024-02-21
2024022104010196,NHPC,45,34,300.0,160.0,48000.0,2024-02-21
2024022103005937,SDLBSL,84,48,17.0,625.0,10625.0,2024-02-21
2024022103005936,SDLBSL,84,50,17.0,625.0,10625.0,2024-02-21
2024022101033657,TAMOR,33,41,10.0,408.6,4086.0,2024-02-21
2024022103005935,KSBBL,52,19,300.0,348.2,104460.0,2024-02-21
2024022103005934,KSBBL,35,19,17.0,348.2,5919.4,2024-02-21
2024022104010195,API,42,83,500.0,186.2,93100.0,2024-02-21
2024022105007435,SIGS2,10,42,125.0,8.16,1020.0,2024-02-21
2024022104010194,UNHPL,58,53,51.0,260.3,13275.3,2024-02-21
2024022104010193,UNHPL,45,53,54.0,260.7,14077.8,2024-02-21
2024022103005933,GUFL,41,34,300.0,589.0,176700.0,2024-02-21
2024022104010192,CHL,49,17,15.0,315.0,4725.0,2024-02-21
2024022101033656,MAKAR,33,46,174.0,403.0,70122.0,2024-02-21
2024022101033655,MAKAR,33,7,10.0,403.0,4030.0,2024-02-21
2024022101033654,MAKAR,33,77,56.0,403.0,22568.0,2024-02-21
2024022101033653,CLI,49,35,10.0,434.9,4349.0,2024-02-21
2024022101033652,LSL,38,39,20.0,160.7,3214.0,2024-02-21
2024022101033651,ANLB,82,58,10.0,1937.0,19370.0,2024-02-21
2024022101033650,ANLB,82,38,25.0,1920.0,48000.0,2024-02-21
2024022101033649,ANLB,82,58,10.0,1915.0,19150.0,2024-02-21
2024022101033648,ANLB,82,48,10.0,1915.0,19150.0,2024-02-21
2024022101033647,ANLB,82,45,10.0,1914.0,19140.0,2024-02-21
2024022101033646,ANLB,82,13,10.0,1913.0,19130.0,2024-02-21
2024022101033645,USHEC,32,38,10.0,385.0,3850.0,2024-02-21
2024022104010191,SJCL,21,49,10.0,285.9,2859.0,2024-02-21
2024022103005932,NLIC,47,25,300.0,610.0,183000.0,2024-02-21
2024022105007434,HRL,22,16,80.0,634.0,50720.0,2024-02-21
2024022103005931,GUFL,41,45,4000.0,589.0,2356000.0,2024-02-21
2024022101033644,BGWT,65,16,65.0,599.9,38993.5,2024-02-21
2024022101033643,BGWT,65,28,10.0,599.7,5997.0,2024-02-21
2024022101033642,BGWT,65,58,10.0,599.0,5990.0,2024-02-21
2024022101033641,BGWT,65,45,415.0,598.0,248170.0,2024-02-21
2024022101033640,MKHL,47,46,10.0,381.1,3811.0,2024-02-21
2024022104010190,IGI,25,13,50.0,540.1,27005.0,2024-02-21
2024022101033639,NWCL,87,35,20.0,739.7,14794.0,2024-02-21
2024022104010189,JOSHI,41,48,100.0,370.0,37000.0,2024-02-21
2024022101033638,HDL,45,70,45.0,1486.5,66892.5,2024-02-21
2024022101033637,HDL,7,70,55.0,1489.0,81895.0,2024-02-21
2024022103005930,NLICL,39,54,200.0,566.0,113200.0,2024-02-21
2024022101033636,EBL,16,59,57.0,515.2,29366.4,2024-02-21
2024022101033635,EBL,40,59,43.0,515.3,22157.9,2024-02-21
2024022104010188,CHL,53,6,10.0,317.0,3170.0,2024-02-21
2024022105007433,GIBF1,17,34,100.0,8.77,877.0,2024-02-21
2024022105007432,GIBF1,17,6,200.0,8.62,1724.0,2024-02-21
2024022105007431,GIBF1,17,54,100.0,8.5,850.0,2024-02-21
2024022105007430,GIBF1,17,49,100.0,8.45,845.0,2024-02-21
2024022101033634,NWCL,34,35,10.0,739.7,7397.0,2024-02-21
2024022101033633,NWCL,62,35,20.0,739.7,14794.0,2024-02-21
2024022103005929,SLBBL,62,10,10.0,653.9,6539.0,2024-02-21
2024022101033632,RNLI,38,58,10.0,434.0,4340.0,2024-02-21
2024022101033631,KDL,38,47,40.0,771.0,30840.0,2024-02-21
2024022103005928,GUFL,41,7,100.0,589.0,58900.0,2024-02-21
2024022101033630,NWCL,84,35,10.0,740.0,7400.0,2024-02-21
2024022101033629,NWCL,84,38,10.0,740.0,7400.0,2024-02-21
2024022101033628,NWCL,84,35,10.0,740.0,7400.0,2024-02-21
2024022101033627,NWCL,84,58,10.0,740.0,7400.0,2024-02-21
2024022101033626,NWCL,84,7,10.0,740.0,7400.0,2024-02-21
2024022101033625,NWCL,84,7,10.0,740.0,7400.0,2024-02-21
2024022101033624,NWCL,84,7,10.0,740.0,7400.0,2024-02-21
2024022101033623,NWCL,84,42,10.0,740.0,7400.0,2024-02-21
2024022101033622,NWCL,84,57,113.0,739.8,83597.4,2024-02-21
2024022101033621,ILI,8,45,100.0,520.9,52090.0,2024-02-21
2024022104010187,UAIL,59,34,10.0,535.0,5350.0,2024-02-21
2024022101033620,RNLI,11,58,10.0,433.4,4334.0,2024-02-21
2024022105007429,NIFRA,16,34,500.0,211.0,105500.0,2024-02-21
2024022101033619,ULHC,34,62,20.0,329.0,6580.0,2024-02-21
2024022103005927,SAPDBL,29,42,10.0,257.5,2575.0,2024-02-21
2024022103005926,GUFL,41,49,100.0,589.0,58900.0,2024-02-21
2024022101033618,HATHY,22,22,25.0,875.1,21877.5,2024-02-21
2024022104010186,MEN,28,38,200.0,616.1,123220.0,2024-02-21
2024022104010185,NIL,35,42,22.0,806.2,17736.4,2024-02-21
2024022104010184,NIL,36,42,20.0,806.2,16124.0,2024-02-21
2024022104010183,NIL,35,42,15.0,806.3,12094.5,2024-02-21
2024022104010182,NIL,38,42,50.0,806.4,40320.0,2024-02-21
2024022103005925,GUFL,41,45,1500.0,589.0,883500.0,2024-02-21
2024022105007428,HRL,45,16,30.0,634.0,19020.0,2024-02-21
2024022101033617,SONA,48,52,10.0,424.4,4244.0,2024-02-21
2024022101033616,SONA,48,56,60.0,424.4,25464.0,2024-02-21
2024022101033615,SONA,17,56,240.0,424.4,101856.0,2024-02-21
2024022101033614,KDL,26,47,30.0,771.0,23130.0,2024-02-21
2024022103005924,SAPDBL,35,42,30.0,257.5,7725.0,2024-02-21
2024022101033613,EBL,25,8,10.0,516.0,5160.0,2024-02-21
2024022104010181,SPDL,36,49,10.0,264.0,2640.0,2024-02-21
2024022104010180,UMHL,36,84,710.0,268.9,190919.0,2024-02-21
2024022104010179,UMHL,3,84,90.0,269.0,24210.0,2024-02-21
2024022104010178,UMHL,1,84,100.0,269.0,26900.0,2024-02-21
2024022104010177,UMHL,35,84,100.0,269.0,26900.0,2024-02-21
2024022104010176,UMHL,57,84,200.0,269.0,53800.0,2024-02-21
2024022104010175,UMHL,59,84,50.0,269.0,13450.0,2024-02-21
2024022104010174,UMHL,57,84,50.0,269.0,13450.0,2024-02-21
2024022104010173,UMHL,40,84,597.0,269.0,160593.0,2024-02-21
2024022104010172,UMHL,38,84,828.0,269.1,222814.8,2024-02-21
2024022104010171,UMHL,45,84,275.0,270.5,74387.5,2024-02-21
2024022101033612,IHL,41,66,10.0,372.4,3724.0,2024-02-21
2024022104010170,MHNL,71,58,10.0,262.0,2620.0,2024-02-21
2024022101033611,NIMB,34,22,20.0,166.7,3334.0,2024-02-21
2024022101033610,SHIVM,26,58,100.0,468.0,46800.0,2024-02-21
2024022101033609,SHIVM,53,58,10.0,468.1,4681.0,2024-02-21
2024022101033608,SHIVM,45,58,90.0,468.5,42165.0,2024-02-21
2024022101033607,SBL,35,39,125.0,225.9,28237.5,2024-02-21
2024022101033606,SNLI,44,58,175.0,565.3,98927.5,2024-02-21
2024022101033605,SNLI,34,58,40.0,565.4,22616.0,2024-02-21
2024022101033604,SNLI,32,58,40.0,565.4,22616.0,2024-02-21
2024022101033603,SNLI,36,58,200.0,565.5,113100.0,2024-02-21
2024022101033602,SNLI,37,58,40.0,565.5,22620.0,2024-02-21
2024022101033601,SNLI,41,58,35.0,566.0,19810.0,2024-02-21
2024022101033600,SNLI,65,58,410.0,566.0,232060.0,2024-02-21
2024022101033599,SNLI,32,58,60.0,566.1,33966.0,2024-02-21
2024022101033598,NRM,62,42,80.0,358.0,28640.0,2024-02-21
2024022101033597,NRM,62,55,20.0,357.0,7140.0,2024-02-21
2024022104010169,GHL,72,18,18180.0,171.5,3117870.0,2024-02-21
2024022104010168,GHL,48,18,100.0,171.5,17150.0,2024-02-21
2024022104010167,GHL,54,18,500.0,171.6,85800.0,2024-02-21
2024022104010166,GHL,42,18,100.0,171.6,17160.0,2024-02-21
2024022104010165,GHL,7,18,1000.0,171.8,171800.0,2024-02-21
2024022104010164,GHL,17,18,20.0,172.0,3440.0,2024-02-21
2024022104010163,GHL,34,18,100.0,172.0,17200.0,2024-02-21
2024022104010162,GHL,14,18,1000.0,172.3,172300.0,2024-02-21
2024022101033596,MBL,49,42,200.0,178.0,35600.0,2024-02-21
2024022104010161,JOSHI,41,7,4000.0,370.0,1480000.0,2024-02-21
2024022103005923,NLIC,47,45,178.0,610.0,108580.0,2024-02-21
2024022103005922,NLIC,38,45,50.0,610.1,30505.0,2024-02-21
2024022103005921,RSDC,45,77,18.0,535.0,9630.0,2024-02-21
2024022101033595,CKHL,49,52,10.0,551.0,5510.0,2024-02-21
2024022101033594,GWFD83,32,48,20.0,1110.1,22202.0,2024-02-21
2024022101033593,DOLTI,57,58,10.0,405.0,4050.0,2024-02-21
2024022101033592,DOLTI,57,87,10.0,405.0,4050.0,2024-02-21
2024022101033591,DOLTI,57,62,90.0,405.0,36450.0,2024-02-21
2024022101033590,DOLTI,57,77,398.0,401.0,159598.0,2024-02-21
2024022101033589,BNT,57,34,10.0,13194.0,131940.0,2024-02-21
2024022101033588,SONA,17,91,10.0,424.4,4244.0,2024-02-21
2024022101033587,MKJC,35,94,50.0,497.9,24895.0,2024-02-21
2024022101033586,MMKJL,29,49,143.0,438.0,62634.0,2024-02-21
2024022101033585,MMKJL,29,49,10.0,438.0,4380.0,2024-02-21
2024022101033584,MMKJL,29,38,100.0,437.5,43750.0,2024-02-21
2024022101033583,MMKJL,29,42,10.0,437.0,4370.0,2024-02-21
2024022101033582,MMKJL,29,58,10.0,437.0,4370.0,2024-02-21
2024022101033581,MMKJL,29,56,70.0,436.8,30576.0,2024-02-21
2024022101033580,MMKJL,29,55,10.0,436.6,4366.0,2024-02-21
2024022101033579,MMKJL,29,13,500.0,436.0,218000.0,2024-02-21
2024022101033578,MMKJL,29,3,117.0,436.0,51012.0,2024-02-21
2024022101033577,MMKJL,29,58,20.0,435.0,8700.0,2024-02-21
2024022101033576,MMKJL,29,58,10.0,430.0,4300.0,2024-02-21
2024022101033575,SONA,17,11,150.0,424.4,63660.0,2024-02-21
2024022104010160,JOSHI,41,49,10.0,370.0,3700.0,2024-02-21
2024022103005920,SHINE,60,13,91.0,380.0,34580.0,2024-02-21
2024022103005919,SHINE,60,16,634.0,380.0,240920.0,2024-02-21
2024022103005918,SHINE,60,1,440.0,380.0,167200.0,2024-02-21
2024022103005917,SHINE,60,36,125.0,380.0,47500.0,2024-02-21
2024022103005916,SHINE,60,13,710.0,380.0,269800.0,2024-02-21
2024022103005915,SHINE,60,48,50.0,379.0,18950.0,2024-02-21
2024022103005914,SHINE,60,48,50.0,379.0,18950.0,2024-02-21
2024022103005913,SHINE,60,44,70.0,379.0,26530.0,2024-02-21
2024022103005912,SHINE,60,57,500.0,379.0,189500.0,2024-02-21
2024022103005911,SHINE,60,41,200.0,378.9,75780.0,2024-02-21
2024022103005910,SHINE,60,45,1000.0,378.9,378900.0,2024-02-21
2024022103005909,SHINE,60,32,130.0,378.9,49257.0,2024-02-21
2024022104010159,IGI,49,42,20.0,546.5,10930.0,2024-02-21
2024022104010158,IGI,49,14,80.0,543.0,43440.0,2024-02-21
2024022101033574,MAKAR,59,22,10.0,402.0,4020.0,2024-02-21
2024022101033573,TAMOR,33,22,100.0,408.6,40860.0,2024-02-21
2024022101033572,MHCL,77,38,30.0,565.6,16968.0,2024-02-21
2024022101033571,MKHC,45,36,10.0,303.0,3030.0,2024-02-21
2024022101033570,SNLI,32,45,10.0,566.1,5661.0,2024-02-21
2024022104010157,UMHL,45,70,500.0,270.5,135250.0,2024-02-21
2024022101033569,MBL,41,42,656.0,178.0,116768.0,2024-02-21
2024022101033568,MBL,41,42,1000.0,178.0,178000.0,2024-02-21
2024022101033567,MBL,41,42,344.0,178.0,61232.0,2024-02-21
2024022104010156,GLH,59,56,140.0,224.0,31360.0,2024-02-21
2024022104010155,GLH,59,45,1500.0,224.0,336000.0,2024-02-21
2024022104010154,GLH,59,45,560.0,224.0,125440.0,2024-02-21
2024022104010153,JOSHI,41,19,1000.0,370.0,370000.0,2024-02-21
2024022104010152,TRH,72,53,10.0,765.1,7651.0,2024-02-21
2024022101033566,HDL,39,14,168.0,1490.0,250320.0,2024-02-21
2024022101033565,HDL,39,42,31.0,1489.0,46159.0,2024-02-21
2024022101033564,MEHL,47,11,420.0,311.3,130746.0,2024-02-21
2024022101033563,MEHL,47,4,50.0,311.0,15550.0,2024-02-21
2024022101033562,MEHL,47,7,10.0,311.0,3110.0,2024-02-21
2024022101033561,MEHL,47,11,10.0,311.0,3110.0,2024-02-21
2024022101033560,MEHL,47,49,40.0,310.5,12420.0,2024-02-21
2024022101033559,MEHL,47,52,10.0,310.0,3100.0,2024-02-21
2024022101033558,MEHL,47,13,100.0,310.0,31000.0,2024-02-21
2024022101033557,MEHL,47,37,10.0,310.0,3100.0,2024-02-21
2024022101033556,MEHL,47,33,10.0,310.0,3100.0,2024-02-21
2024022101033555,MEHL,47,35,10.0,310.0,3100.0,2024-02-21
2024022101033554,MEHL,47,44,200.0,310.0,62000.0,2024-02-21
2024022101033553,MEHL,47,41,10.0,310.0,3100.0,2024-02-21
2024022101033552,MEHL,47,34,10.0,310.0,3100.0,2024-02-21
2024022101033551,MEHL,47,58,10.0,310.0,3100.0,2024-02-21
2024022101033550,MEHL,47,58,10.0,310.0,3100.0,2024-02-21
2024022101033549,MEHL,47,74,10.0,309.0,3090.0,2024-02-21
2024022101033548,MEHL,47,58,10.0,308.0,3080.0,2024-02-21
2024022101033547,MEHL,47,42,10.0,306.9,3069.0,2024-02-21
2024022101033546,MEHL,47,43,50.0,306.0,15300.0,2024-02-21
2024022101033545,MEHL,47,21,10.0,306.0,3060.0,2024-02-21
2024022101033544,MEHL,47,58,10.0,306.0,3060.0,2024-02-21
2024022101033543,MEHL,47,11,10.0,306.0,3060.0,2024-02-21
2024022101033542,MEHL,47,21,200.0,305.9,61180.0,2024-02-21
2024022101033541,MEHL,47,48,280.0,305.0,85400.0,2024-02-21
2024022104010151,SSHL,47,48,1540.0,173.6,267344.0,2024-02-21
2024022101033540,GBIME,39,29,330.0,188.1,62073.0,2024-02-21
2024022101033539,ULHC,65,62,10.0,329.0,3290.0,2024-02-21
2024022101033538,ULHC,56,62,20.0,329.2,6584.0,2024-02-21
2024022104010150,NICL,94,14,170.0,845.2,143684.0,2024-02-21
2024022104010149,NICL,34,14,10.0,845.3,8453.0,2024-02-21
2024022104010148,NICL,7,14,50.0,845.4,42270.0,2024-02-21
2024022104010147,NICL,45,14,60.0,846.0,50760.0,2024-02-21
2024022104010146,NICL,86,14,300.0,846.1,253830.0,2024-02-21
2024022104010145,UNHPL,42,49,65.0,261.0,16965.0,2024-02-21
2024022104010144,UNHPL,58,49,4735.0,261.0,1235835.0,2024-02-21
2024022103005908,MNBBL,47,42,10.0,358.5,3585.0,2024-02-21
2024022105007427,NIFRA,36,16,10.0,211.9,2119.0,2024-02-21
2024022101033537,BHL,46,28,10.0,380.0,3800.0,2024-02-21
2024022104010143,SICL,45,49,100.0,702.0,70200.0,2024-02-21
2024022101033536,VLUCL,34,45,10.0,533.0,5330.0,2024-02-21
2024022101033535,BEDC,36,57,10.0,373.0,3730.0,2024-02-21
2024022101033534,MEHL,43,48,10.0,305.0,3050.0,2024-02-21
2024022101033533,MEHL,43,32,10.0,304.0,3040.0,2024-02-21
2024022101033532,MEHL,43,42,60.0,304.0,18240.0,2024-02-21
2024022104010142,GHL,14,10,1000.0,172.3,172300.0,2024-02-21
2024022104010141,TRH,72,47,20.0,765.1,15302.0,2024-02-21
2024022101033531,DORDI,77,6,610.0,500.0,305000.0,2024-02-21
2024022101033530,DORDI,77,53,10.0,500.0,5000.0,2024-02-21
2024022101033529,DORDI,77,38,10.0,500.0,5000.0,2024-02-21
2024022101033528,DORDI,77,58,10.0,500.0,5000.0,2024-02-21
2024022101033527,DORDI,77,43,50.0,500.0,25000.0,2024-02-21
2024022101033526,DORDI,77,44,10.0,500.0,5000.0,2024-02-21
2024022101033525,DORDI,77,21,10.0,500.0,5000.0,2024-02-21
2024022101033524,DORDI,77,38,10.0,500.0,5000.0,2024-02-21
2024022101033523,DORDI,77,34,100.0,500.0,50000.0,2024-02-21
2024022101033522,DORDI,77,21,10.0,500.0,5000.0,2024-02-21
2024022101033521,DORDI,77,32,100.0,499.8,49980.0,2024-02-21
2024022101033520,DORDI,77,59,100.0,499.8,49980.0,2024-02-21
2024022101033519,DORDI,77,35,70.0,499.8,34986.0,2024-02-21
2024022101033518,DORDI,77,6,100.0,499.8,49980.0,2024-02-21
2024022101033517,DORDI,77,64,200.0,499.8,99960.0,2024-02-21
2024022101033516,DORDI,77,58,40.0,499.8,19992.0,2024-02-21
2024022101033515,DORDI,77,40,10.0,499.8,4998.0,2024-02-21
2024022101033514,DORDI,77,54,500.0,499.8,249900.0,2024-02-21
2024022101033513,DORDI,77,13,200.0,499.8,99960.0,2024-02-21
2024022101033512,DORDI,77,4,110.0,499.8,54978.0,2024-02-21
2024022101033511,DORDI,77,14,100.0,499.8,49980.0,2024-02-21
2024022101033510,DORDI,77,57,100.0,499.3,49930.0,2024-02-21
2024022101033509,DORDI,77,35,10.0,499.1,4991.0,2024-02-21
2024022101033508,DORDI,77,35,10.0,499.0,4990.0,2024-02-21
2024022101033507,DORDI,77,52,100.0,499.0,49900.0,2024-02-21
2024022101033506,DORDI,77,57,10.0,499.0,4990.0,2024-02-21
2024022101033505,DORDI,77,58,25.0,499.0,12475.0,2024-02-21
2024022101033504,DORDI,77,22,10.0,499.0,4990.0,2024-02-21
2024022101033503,DORDI,77,35,10.0,499.0,4990.0,2024-02-21
2024022101033502,DORDI,77,45,150.0,498.0,74700.0,2024-02-21
2024022101033501,DORDI,77,34,10.0,498.0,4980.0,2024-02-21
2024022101033500,DORDI,77,41,10.0,498.0,4980.0,2024-02-21
2024022101033499,DORDI,77,55,10.0,498.0,4980.0,2024-02-21
2024022101033498,DORDI,77,4,50.0,497.7,24885.0,2024-02-21
2024022101033497,DORDI,77,56,400.0,497.0,198800.0,2024-02-21
2024022101033496,DORDI,77,41,95.0,497.0,47215.0,2024-02-21
2024022101033495,DORDI,77,43,100.0,497.0,49700.0,2024-02-21
2024022101033494,DORDI,77,34,10.0,497.0,4970.0,2024-02-21
2024022101033493,DORDI,77,77,500.0,497.0,248500.0,2024-02-21
2024022101033492,DORDI,77,14,10.0,497.0,4970.0,2024-02-21
2024022101033491,DORDI,77,22,10.0,497.0,4970.0,2024-02-21
2024022101033490,DORDI,77,54,10.0,496.9,4969.0,2024-02-21
2024022101033489,DORDI,77,6,10.0,496.9,4969.0,2024-02-21
2024022101033488,DORDI,77,44,100.0,496.8,49680.0,2024-02-21
2024022101033487,DORDI,77,77,100.0,496.0,49600.0,2024-02-21
2024022101033486,DORDI,77,43,10.0,496.0,4960.0,2024-02-21
2024022101033485,DORDI,77,35,10.0,496.0,4960.0,2024-02-21
2024022101033484,DORDI,77,42,10.0,496.0,4960.0,2024-02-21
2024022101033483,DORDI,77,14,10.0,495.5,4955.0,2024-02-21
2024022101033482,DORDI,77,39,500.0,495.0,247500.0,2024-02-21
2024022101033481,DORDI,77,38,100.0,495.0,49500.0,2024-02-21
2024022101033480,DORDI,77,22,10.0,495.0,4950.0,2024-02-21
2024022101033479,DORDI,77,14,10.0,495.0,4950.0,2024-02-21
2024022101033478,DORDI,77,45,10.0,495.0,4950.0,2024-02-21
2024022101033477,DORDI,77,50,10.0,495.0,4950.0,2024-02-21
2024022101033476,DORDI,77,77,50.0,495.0,24750.0,2024-02-21
2024022101033475,DORDI,77,35,10.0,494.9,4949.0,2024-02-21
2024022101033474,DORDI,77,44,50.0,494.9,24745.0,2024-02-21
2024022105007426,HRL,33,16,100.0,634.0,63400.0,2024-02-21
2024022104010140,HDHPC,25,44,217.0,141.9,30792.3,2024-02-21
2024022103005907,ICFC,25,53,40.0,484.8,19392.0,2024-02-21
2024022103005906,BFC,38,1,490.0,331.0,162190.0,2024-02-21
2024022104010139,NGPL,42,38,50.0,316.6,15830.0,2024-02-21
2024022101033473,BNT,16,6,40.0,13100.0,524000.0,2024-02-21
2024022101033472,BNT,47,6,10.0,13101.0,131010.0,2024-02-21
2024022101033471,PCBL,65,45,150.0,197.0,29550.0,2024-02-21
2024022104010138,SHEL,57,42,20.0,222.0,4440.0,2024-02-21
2024022101033470,TAMOR,33,43,10.0,408.6,4086.0,2024-02-21
2024022103005905,SIFC,59,41,20.0,357.0,7140.0,2024-02-21
2024022103005904,SIFC,59,16,45.0,357.0,16065.0,2024-02-21
2024022101033469,ILI,8,42,10.0,520.8,5208.0,2024-02-21
2024022101033468,ILI,8,58,70.0,520.1,36407.0,2024-02-21
2024022101033467,SONA,17,58,10.0,424.4,4244.0,2024-02-21
2024022101033466,HDL,58,42,45.0,1489.0,67005.0,2024-02-21
2024022103005903,NLBBL,10,44,10.0,543.9,5439.0,2024-02-21
2024022101033465,SPL,52,37,10.0,665.0,6650.0,2024-02-21
2024022101033464,PHCL,53,50,250.0,343.0,85750.0,2024-02-21
2024022101033463,MKHC,16,3,10.0,306.0,3060.0,2024-02-21
2024022101033462,MKHC,16,57,90.0,305.9,27531.0,2024-02-21
2024022104010137,PMHPL,49,57,10.0,263.6,2636.0,2024-02-21
2024022101033461,MEL,63,58,10.0,226.0,2260.0,2024-02-21
2024022101033460,JBLB,49,49,40.0,1266.0,50640.0,2024-02-21
2024022101033459,KDL,38,47,20.0,771.0,15420.0,2024-02-21
2024022101033458,MEL,74,38,10.0,225.0,2250.0,2024-02-21
2024022101033457,SHIVM,38,59,50.0,468.9,23445.0,2024-02-21
2024022101033456,SHIVM,38,58,50.0,468.5,23425.0,2024-02-21
2024022101033455,HDL,42,42,20.0,1489.0,29780.0,2024-02-21
2024022101033454,NESDO,6,35,10.0,1563.0,15630.0,2024-02-21
2024022101033453,PPL,19,6,170.0,344.2,58514.0,2024-02-21
2024022101033452,BGWT,65,45,170.0,598.0,101660.0,2024-02-21
2024022101033451,BGWT,65,37,200.0,597.9,119580.0,2024-02-21
2024022101033450,BGWT,65,35,100.0,597.8,59780.0,2024-02-21
2024022101033449,BGWT,65,45,30.0,597.0,17910.0,2024-02-21
2024022104010136,SJCL,45,35,10.0,288.0,2880.0,2024-02-21
2024022101033448,DORDI,77,56,500.0,494.0,247000.0,2024-02-21
2024022101033447,CKHL,49,56,10.0,551.0,5510.0,2024-02-21
2024022101033446,CLI,26,40,10.0,435.0,4350.0,2024-02-21
2024022101033445,CLI,26,58,10.0,434.9,4349.0,2024-02-21
2024022105007425,NIFRA,40,41,757.0,210.8,159575.6,2024-02-21
2024022105007424,NIFRA,37,41,200.0,210.8,42160.0,2024-02-21
2024022105007423,NIFRA,58,41,300.0,210.8,63240.0,2024-02-21
2024022105007422,NIFRA,19,41,16.0,210.8,3372.8,2024-02-21
2024022105007421,NIFRA,17,41,300.0,210.9,63270.0,2024-02-21
2024022105007420,NIFRA,39,41,46.0,210.9,9701.4,2024-02-21
2024022105007419,NIFRA,58,41,500.0,211.0,105500.0,2024-02-21
2024022105007418,NIFRA,13,41,50.0,211.0,10550.0,2024-02-21
2024022105007417,NIFRA,49,41,385.0,211.0,81235.0,2024-02-21
2024022105007416,NIFRA,43,41,446.0,211.1,94150.6,2024-02-21
2024022104010135,JOSHI,41,41,200.0,370.0,74000.0,2024-02-21
2024022105007415,HRL,34,19,108.0,633.1,68374.8,2024-02-21
2024022105007414,HRL,58,19,50.0,633.1,31655.0,2024-02-21
2024022105007413,HRL,6,19,100.0,633.2,63320.0,2024-02-21
2024022105007412,HRL,26,19,10.0,633.4,6334.0,2024-02-21
2024022105007411,HRL,13,19,100.0,633.4,63340.0,2024-02-21
2024022105007410,HRL,40,19,200.0,633.5,126700.0,2024-02-21
2024022105007409,HRL,56,19,100.0,633.7,63370.0,2024-02-21
2024022105007408,HRL,57,19,100.0,633.7,63370.0,2024-02-21
2024022105007407,HRL,26,19,22.0,633.9,13945.8,2024-02-21
2024022105007406,HRL,26,19,10.0,633.9,6339.0,2024-02-21
2024022105007405,HRL,45,19,200.0,633.9,126780.0,2024-02-21
2024022103005902,NFS,11,55,10.0,348.0,3480.0,2024-02-21
2024022104010134,UNHPL,58,47,360.0,262.5,94500.0,2024-02-21
2024022104010133,UNHPL,58,70,60.0,262.4,15744.0,2024-02-21
2024022104010132,UNHPL,58,3,20.0,262.0,5240.0,2024-02-21
2024022104010131,UNHPL,58,59,1060.0,261.9,277614.0,2024-02-21
2024022101033444,SONA,17,74,10.0,424.4,4244.0,2024-02-21
2024022103005901,MERO,6,49,13.0,536.2,6970.6,2024-02-21
2024022101033443,SHLB,40,66,10.0,875.0,8750.0,2024-02-21
2024022101033442,SHLB,40,34,171.0,875.0,149625.0,2024-02-21
2024022101033441,SCB,67,38,10.0,521.0,5210.0,2024-02-21
2024022103005900,NMFBS,32,46,46.0,1059.1,48718.6,2024-02-21
2024022103005899,NMFBS,16,46,50.0,1059.1,52955.0,2024-02-21
2024022103005898,NMFBS,45,46,14.0,1060.0,14840.0,2024-02-21
2024022101033440,TVCL,17,70,450.0,570.0,256500.0,2024-02-21
2024022101033439,TVCL,21,70,50.0,570.3,28515.0,2024-02-21
2024022103005897,HLI,45,42,100.0,387.9,38790.0,2024-02-21
2024022101033438,TSHL,26,42,191.0,530.0,101230.0,2024-02-21
2024022101033437,TSHL,26,3,50.0,530.0,26500.0,2024-02-21
2024022101033436,TSHL,26,51,10.0,530.0,5300.0,2024-02-21
2024022101033435,TSHL,26,77,200.0,530.0,106000.0,2024-02-21
2024022101033434,TSHL,26,46,10.0,530.0,5300.0,2024-02-21
2024022101033433,TSHL,26,46,10.0,530.0,5300.0,2024-02-21
2024022101033432,TSHL,26,44,10.0,530.0,5300.0,2024-02-21
2024022101033431,TSHL,26,51,10.0,530.0,5300.0,2024-02-21
2024022101033430,TSHL,26,35,10.0,530.0,5300.0,2024-02-21
2024022101033429,TSHL,26,34,10.0,530.0,5300.0,2024-02-21
2024022101033428,TSHL,26,16,10.0,530.0,5300.0,2024-02-21
2024022101033427,TSHL,26,49,10.0,530.0,5300.0,2024-02-21
2024022104010130,HURJA,39,41,10.0,301.1,3011.0,2024-02-21
2024022101033426,SRLI,57,17,10.0,434.0,4340.0,2024-02-21
2024022103005896,NFS,11,58,175.0,348.0,60900.0,2024-02-21
2024022105007404,CHDC,71,11,37.0,1007.1,37262.7,2024-02-21
2024022101033425,SMHL,69,13,20.0,491.0,9820.0,2024-02-21
2024022101033424,TVCL,34,81,150.0,570.4,85560.0,2024-02-21
2024022101033423,SONA,17,49,10.0,424.4,4244.0,2024-02-21
2024022101033422,SCB,67,49,20.0,521.0,10420.0,2024-02-21
2024022103005895,MLBL,34,51,38.0,326.2,12395.6,2024-02-21
2024022103005894,SHINE,38,32,10.0,378.9,3789.0,2024-02-21
2024022101033421,BHL,58,38,10.0,378.2,3782.0,2024-02-21
2024022101033420,BHL,16,38,190.0,379.0,72010.0,2024-02-21
2024022101033419,SONA,42,42,100.0,425.0,42500.0,2024-02-21
2024022104010129,UMHL,45,45,225.0,270.5,60862.5,2024-02-21
2024022101033418,AHL,34,47,150.0,455.0,68250.0,2024-02-21
2024022101033417,AHL,34,35,10.0,455.0,4550.0,2024-02-21
2024022101033416,AHL,34,51,10.0,455.0,4550.0,2024-02-21
2024022101033415,AHL,34,13,10.0,454.9,4549.0,2024-02-21
2024022101033414,AHL,34,13,10.0,454.8,4548.0,2024-02-21
2024022101033413,AHL,34,13,10.0,454.7,4547.0,2024-02-21
2024022101033412,AHL,34,13,10.0,454.6,4546.0,2024-02-21
2024022101033411,AHL,34,13,10.0,454.5,4545.0,2024-02-21
2024022101033410,AHL,34,14,10.0,454.0,4540.0,2024-02-21
2024022101033409,AHL,34,17,10.0,454.0,4540.0,2024-02-21
2024022101033408,AHL,34,58,10.0,454.0,4540.0,2024-02-21
2024022101033407,AHL,34,45,100.0,452.5,45250.0,2024-02-21
2024022101033406,AHL,34,13,100.0,452.0,45200.0,2024-02-21
2024022101033405,AHL,34,19,20.0,452.0,9040.0,2024-02-21
2024022101033404,AHL,34,55,20.0,452.0,9040.0,2024-02-21
2024022101033403,AHL,34,44,10.0,450.0,4500.0,2024-02-21
2024022101033402,ILI,50,10,147.0,520.0,76440.0,2024-02-21
2024022101033401,ILI,35,10,30.0,520.2,15606.0,2024-02-21
2024022101033400,SONA,34,42,50.0,425.0,21250.0,2024-02-21
2024022101033399,USHEC,38,34,10.0,382.1,3821.0,2024-02-21
2024022101033398,MBL,58,42,200.0,178.0,35600.0,2024-02-21
2024022104010128,UMRH,57,58,20.0,372.0,7440.0,2024-02-21
2024022104010127,UMRH,13,58,15.0,372.0,5580.0,2024-02-21
2024022104010126,UMRH,35,58,20.0,372.0,7440.0,2024-02-21
2024022104010125,UMRH,52,58,10.0,372.1,3721.0,2024-02-21
2024022104010124,UMRH,50,58,100.0,372.5,37250.0,2024-02-21
2024022104010123,UMRH,34,58,125.0,372.5,46562.5,2024-02-21
2024022105007403,HIDCL,14,53,200.0,178.0,35600.0,2024-02-21
2024022105007402,HRL,6,16,150.0,634.0,95100.0,2024-02-21
2024022105007401,HRL,13,16,100.0,634.0,63400.0,2024-02-21
2024022105007400,HRL,32,16,200.0,634.0,126800.0,2024-02-21
2024022105007399,HRL,41,16,17.0,634.0,10778.0,2024-02-21
2024022101033397,NRM,20,49,10.0,356.2,3562.0,2024-02-21
2024022101033396,HATHY,22,3,20.0,875.1,17502.0,2024-02-21
2024022101033395,ILI,35,51,10.0,520.2,5202.0,2024-02-21
2024022103005893,SFCL,47,38,50.0,308.0,15400.0,2024-02-21
2024022101033394,DOLTI,28,42,80.0,400.0,32000.0,2024-02-21
2024022101033393,DOLTI,56,42,20.0,400.2,8004.0,2024-02-21
2024022101033392,MEL,74,7,60.0,225.0,13500.0,2024-02-21
2024022101033391,MEL,59,7,100.0,225.0,22500.0,2024-02-21
2024022105007398,NIFRA,43,48,54.0,211.1,11399.4,2024-02-21
2024022103005892,MLBL,34,41,174.0,326.2,56758.8,2024-02-21
2024022101033390,DORDI,77,44,50.0,494.9,24745.0,2024-02-21
2024022101033389,DORDI,77,49,150.0,494.7,74205.0,2024-02-21
2024022101033388,DORDI,77,59,100.0,494.7,49470.0,2024-02-21
2024022101033387,DORDI,77,44,100.0,494.7,49470.0,2024-02-21
2024022101033386,DORDI,77,44,100.0,494.5,49450.0,2024-02-21
2024022105007397,HRL,35,55,10.0,634.5,6345.0,2024-02-21
2024022104010122,NGPL,58,62,4066.0,314.8,1279976.8,2024-02-21
2024022104010121,NGPL,43,62,200.0,315.0,63000.0,2024-02-21
2024022104010120,NGPL,58,62,500.0,315.0,157500.0,2024-02-21
2024022104010119,NGPL,44,62,50.0,315.0,15750.0,2024-02-21
2024022104010118,NGPL,43,62,100.0,315.0,31500.0,2024-02-21
2024022104010117,NGPL,82,62,1000.0,315.0,315000.0,2024-02-21
2024022104010116,NGPL,17,62,200.0,315.0,63000.0,2024-02-21
2024022104010115,NGPL,48,62,20.0,315.0,6300.0,2024-02-21
2024022104010114,NGPL,57,62,100.0,315.0,31500.0,2024-02-21
2024022104010113,NGPL,34,62,1550.0,315.0,488250.0,2024-02-21
2024022104010112,NGPL,58,62,100.0,315.0,31500.0,2024-02-21
2024022104010111,NGPL,18,62,4000.0,315.0,1260000.0,2024-02-21
2024022104010110,NGPL,34,62,100.0,315.0,31500.0,2024-02-21
2024022104010109,NGPL,19,62,1000.0,315.0,315000.0,2024-02-21
2024022104010108,NGPL,25,62,260.0,315.0,81900.0,2024-02-21
2024022104010107,NGPL,55,62,42.0,315.1,13234.2,2024-02-21
2024022104010106,NGPL,26,62,180.0,315.2,56736.0,2024-02-21
2024022104010105,NGPL,1,62,32.0,315.5,10096.0,2024-02-21
2024022104010104,NGPL,26,62,100.0,315.6,31560.0,2024-02-21
2024022104010103,NGPL,68,62,500.0,315.6,157800.0,2024-02-21
2024022104010102,NGPL,51,62,50.0,315.6,15780.0,2024-02-21
2024022104010101,NGPL,36,62,500.0,315.7,157850.0,2024-02-21
2024022104010100,NGPL,48,62,500.0,316.0,158000.0,2024-02-21
2024022104010099,NGPL,46,62,100.0,316.0,31600.0,2024-02-21
2024022101033385,BHPL,14,56,10.0,510.0,5100.0,2024-02-21
2024022101033384,PRVU,28,22,100.0,150.6,15060.0,2024-02-21
2024022101033383,MEL,59,11,500.0,225.0,112500.0,2024-02-21
2024022101033382,HDL,22,14,32.0,1490.0,47680.0,2024-02-21
2024022101033381,HDL,22,52,50.0,1490.0,74500.0,2024-02-21
2024022101033380,HDL,22,45,50.0,1490.0,74500.0,2024-02-21
2024022101033379,HDL,22,72,25.0,1490.0,37250.0,2024-02-21
2024022101033378,HDL,22,55,43.0,1489.9,64065.7,2024-02-21
2024022103005891,EDBL,21,56,10.0,353.0,3530.0,2024-02-21
2024022104010098,SICL,6,51,50.0,701.3,35065.0,2024-02-21
2024022104010097,RADHI,46,32,330.0,258.9,85437.0,2024-02-21
2024022101033377,ULHC,56,36,230.0,329.2,75716.0,2024-02-21
2024022104010096,UPPER,54,41,20.0,202.5,4050.0,2024-02-21
2024022104010095,UPPER,54,36,75.0,202.5,15187.5,2024-02-21
2024022105007396,HRL,41,55,10.0,634.0,6340.0,2024-02-21
2024022105007395,HRL,55,49,10.0,634.1,6341.0,2024-02-21
2024022104010094,MHNL,44,58,10.0,262.0,2620.0,2024-02-21
2024022105007394,NRIC,44,52,100.0,757.0,75700.0,2024-02-21
2024022103005890,PFL,45,29,150.0,362.0,54300.0,2024-02-21
2024022103005889,PFL,56,29,500.0,362.0,181000.0,2024-02-21
2024022103005888,PFL,17,29,50.0,362.1,18105.0,2024-02-21
2024022103005887,PFL,51,29,50.0,362.6,18130.0,2024-02-21
2024022103005886,PFL,47,29,50.0,362.6,18130.0,2024-02-21
2024022104010093,GHL,7,10,1000.0,172.4,172400.0,2024-02-21
2024022104010092,GHL,42,10,50.0,172.5,8625.0,2024-02-21
2024022104010091,GHL,51,10,200.0,173.0,34600.0,2024-02-21
2024022104010090,GHL,5,10,200.0,173.0,34600.0,2024-02-21
2024022104010089,GHL,45,10,547.0,173.0,94631.0,2024-02-21
2024022104010088,AKJCL,35,13,236.0,231.0,54516.0,2024-02-21
2024022104010087,AKJCL,35,41,14.0,230.5,3227.0,2024-02-21
2024022103005885,NICLBSL,62,55,10.0,546.0,5460.0,2024-02-21
2024022103005884,MPFL,14,29,187.0,348.0,65076.0,2024-02-21
2024022103005883,MPFL,14,48,100.0,347.9,34790.0,2024-02-21
2024022101033376,MKHC,49,3,100.0,306.0,30600.0,2024-02-21
2024022101033375,MKHC,49,38,10.0,305.6,3056.0,2024-02-21
2024022101033374,MKHC,49,52,10.0,305.6,3056.0,2024-02-21
2024022101033373,MKHC,49,26,50.0,305.0,15250.0,2024-02-21
2024022101033372,MKHC,49,34,10.0,305.0,3050.0,2024-02-21
2024022101033371,MKHC,49,41,10.0,305.0,3050.0,2024-02-21
2024022101033370,MKHC,49,58,10.0,304.8,3048.0,2024-02-21
2024022101033369,ULHC,65,21,490.0,329.0,161210.0,2024-02-21
2024022101033368,ULHC,13,21,100.0,329.0,32900.0,2024-02-21
2024022101033367,ULHC,39,21,150.0,329.0,49350.0,2024-02-21
2024022101033366,ULHC,38,21,500.0,329.1,164550.0,2024-02-21
2024022101033365,ULHC,38,21,490.0,329.1,161259.0,2024-02-21
2024022101033364,ULHC,28,21,270.0,329.2,88884.0,2024-02-21
2024022101033363,CKHL,49,38,10.0,551.0,5510.0,2024-02-21
2024022101033362,BNHC,28,6,905.0,456.0,412680.0,2024-02-21
2024022101033361,BNHC,71,6,95.0,456.0,43320.0,2024-02-21
2024022105007393,HRL,41,13,20.0,634.0,12680.0,2024-02-21
2024022101033360,DOLTI,52,77,10.0,401.0,4010.0,2024-02-21
2024022101033359,SGHC,48,33,10.0,331.0,3310.0,2024-02-21
2024022101033358,MEL,59,48,200.0,225.0,45000.0,2024-02-21
2024022103005882,DDBL,45,41,10.0,758.9,7589.0,2024-02-21
2024022101033357,CZBIL,41,29,160.0,165.0,26400.0,2024-02-21
2024022101033356,SMHL,19,13,50.0,491.0,24550.0,2024-02-21
2024022101033355,SMHL,19,28,440.0,490.5,215820.0,2024-02-21
2024022101033354,SMHL,19,7,10.0,490.4,4904.0,2024-02-21
2024022105007392,NIFRA,41,34,200.0,211.1,42220.0,2024-02-21
2024022105007391,NIFRA,16,34,500.0,211.2,105600.0,2024-02-21
2024022101033353,CITY,5,3,10.0,603.0,6030.0,2024-02-21
2024022101033352,NBL,51,34,23.0,225.0,5175.0,2024-02-21
2024022101033351,CKHL,49,42,10.0,551.0,5510.0,2024-02-21
2024022103005881,CORBL,71,57,50.0,416.1,20805.0,2024-02-21
2024022104010086,KKHC,49,55,140.0,255.0,35700.0,2024-02-21
2024022103005880,SADBL,53,45,10.0,300.0,3000.0,2024-02-21
2024022101033350,CLI,49,35,10.0,434.1,4341.0,2024-02-21
2024022104010085,AKJCL,26,1,10.0,230.0,2300.0,2024-02-21
2024022104010084,NICL,14,58,20.0,850.0,17000.0,2024-02-21
2024022103005879,GBBL,74,38,75.0,368.7,27652.5,2024-02-21
2024022103005878,GBBL,74,38,25.0,368.5,9212.5,2024-02-21
2024022101033349,CYCL,3,26,16.0,1095.0,17520.0,2024-02-21
2024022101033348,BHPL,11,22,10.0,505.0,5050.0,2024-02-21
2024022104010083,IGI,40,14,10.0,543.0,5430.0,2024-02-21
2024022105007390,HRL,41,21,15.0,634.0,9510.0,2024-02-21
2024022105007389,HRL,43,21,15.0,634.1,9511.5,2024-02-21
2024022104010082,SALICO,75,42,250.0,663.0,165750.0,2024-02-21
2024022101033347,ULHC,38,35,265.0,334.0,88510.0,2024-02-21
2024022101033346,ULHC,38,49,50.0,333.0,16650.0,2024-02-21
2024022101033345,ULHC,38,50,10.0,331.0,3310.0,2024-02-21
2024022101033344,ULHC,38,57,10.0,331.0,3310.0,2024-02-21
2024022101033343,ULHC,38,54,10.0,330.3,3303.0,2024-02-21
2024022101033342,ULHC,38,57,10.0,330.0,3300.0,2024-02-21
2024022101033341,ULHC,38,34,200.0,330.0,66000.0,2024-02-21
2024022101033340,ULHC,38,46,145.0,330.0,47850.0,2024-02-21
2024022104010081,NGPL,82,38,500.0,317.0,158500.0,2024-02-21
2024022105007388,HRL,42,55,100.0,634.5,63450.0,2024-02-21
2024022101033339,TAMOR,33,36,10.0,408.6,4086.0,2024-02-21
2024022103005877,NMBMF,49,52,107.0,510.0,54570.0,2024-02-21
2024022103005876,NMBMF,56,52,450.0,510.0,229500.0,2024-02-21
2024022103005875,NMBMF,51,52,25.0,510.0,12750.0,2024-02-21
2024022103005874,NMBMF,34,52,200.0,511.0,102200.0,2024-02-21
2024022103005873,NMBMF,34,52,190.0,512.0,97280.0,2024-02-21
2024022104010080,HDHPC,13,45,187.0,141.2,26404.4,2024-02-21
2024022104010079,HDHPC,6,45,40.0,141.3,5652.0,2024-02-21
2024022104010078,HDHPC,6,45,40.0,141.3,5652.0,2024-02-21
2024022104010077,HDHPC,19,45,100.0,141.3,14130.0,2024-02-21
2024022104010076,HDHPC,6,45,90.0,141.3,12717.0,2024-02-21
2024022104010075,HDHPC,45,45,604.0,141.3,85345.2,2024-02-21
2024022104010074,HDHPC,50,45,50.0,141.4,7070.0,2024-02-21
2024022104010073,HDHPC,6,45,40.0,141.4,5656.0,2024-02-21
2024022104010072,HDHPC,6,45,40.0,141.4,5656.0,2024-02-21
2024022104010071,HDHPC,6,45,35.0,141.4,4949.0,2024-02-21
2024022104010070,HDHPC,6,45,60.0,141.4,8484.0,2024-02-21
2024022104010069,HDHPC,58,45,300.0,141.5,42450.0,2024-02-21
2024022104010068,HDHPC,1,45,10.0,141.5,1415.0,2024-02-21
2024022104010067,HDHPC,41,45,100.0,141.5,14150.0,2024-02-21
2024022104010066,HDHPC,4,45,200.0,141.5,28300.0,2024-02-21
2024022104010065,HDHPC,29,45,1804.0,141.5,255266.0,2024-02-21
2024022104010064,HDHPC,58,45,100.0,141.6,14160.0,2024-02-21
2024022104010063,HDHPC,40,45,200.0,141.8,28360.0,2024-02-21
2024022101033338,VLUCL,34,45,10.0,533.0,5330.0,2024-02-21
2024022101033337,DOLTI,28,57,30.0,400.0,12000.0,2024-02-21
2024022101033336,DOLTI,40,57,20.0,400.0,8000.0,2024-02-21
2024022101033335,DOLTI,18,57,450.0,400.1,180045.0,2024-02-21
2024022101033334,DOLTI,72,57,500.0,400.2,200100.0,2024-02-21
2024022103005872,GBLBS,43,60,130.0,535.0,69550.0,2024-02-21
2024022101033333,MMKJL,29,3,33.0,436.0,14388.0,2024-02-21
2024022101033332,MMKJL,29,49,10.0,436.0,4360.0,2024-02-21
2024022101033331,MMKJL,29,4,10.0,436.0,4360.0,2024-02-21
2024022101033330,MMKJL,29,11,10.0,436.0,4360.0,2024-02-21
2024022101033329,MMKJL,29,34,10.0,435.0,4350.0,2024-02-21
2024022101033328,MMKJL,29,52,495.0,435.0,215325.0,2024-02-21
2024022101033327,MMKJL,29,56,10.0,435.0,4350.0,2024-02-21
2024022101033326,MMKJL,29,57,10.0,435.0,4350.0,2024-02-21
