transaction,symbol,buyer,seller,quantity,rate,amount,date
2024062301023777,BNHC,29,5,10.0,725.9,7259.0,2024-06-23
2024062303021067,BFC,94,54,202.0,474.0,95748.0,2024-06-23
2024062303021066,GLBSL,58,29,10.0,1782.1,17821.0,2024-06-23
2024062301023776,MEL,34,29,10.0,225.0,2250.0,2024-06-23
2024062304010756,SSHL,36,17,55.0,173.6,9548.0,2024-06-23
2024062304010755,SSHL,38,17,30.0,173.8,5214.0,2024-06-23
2024062301023775,SMHL,88,60,10.0,619.0,6190.0,2024-06-23
2024062303021065,SDLBSL,39,57,70.0,1360.7,95249.0,2024-06-23
2024062303021064,SDLBSL,39,62,10.0,1360.7,13607.0,2024-06-23
2024062303021063,SDLBSL,39,65,45.0,1360.7,61231.5,2024-06-23
2024062301023774,ANLB,39,34,10.0,2400.0,24000.0,2024-06-23
2024062301023773,BNHC,34,5,10.0,725.9,7259.0,2024-06-23
2024062304010754,BARUN,64,57,500.0,303.0,151500.0,2024-06-23
2024062304010753,GLH,34,17,10.0,215.0,2150.0,2024-06-23
2024062301023772,HATHY,46,50,10.0,890.0,8900.0,2024-06-23
2024062303021062,SDLBSL,69,65,10.0,1360.7,13607.0,2024-06-23
2024062303021061,SDLBSL,69,65,10.0,1360.7,13607.0,2024-06-23
2024062303021060,SDLBSL,69,65,25.0,1360.7,34017.5,2024-06-23
2024062301023771,GVL,72,3,70.0,565.0,39550.0,2024-06-23
2024062301023770,GVL,80,3,200.0,565.0,113000.0,2024-06-23
2024062301023769,GVL,66,3,700.0,565.0,395500.0,2024-06-23
2024062301023768,GVL,66,3,470.0,565.0,265550.0,2024-06-23
2024062301023767,GVL,45,3,100.0,567.0,56700.0,2024-06-23
2024062301023766,MHL,62,41,85.0,539.0,45815.0,2024-06-23
2024062301023765,MHL,62,32,100.0,538.9,53890.0,2024-06-23
2024062301023764,MHL,62,16,50.0,538.0,26900.0,2024-06-23
2024062301023763,MHL,62,35,50.0,536.0,26800.0,2024-06-23
2024062301023762,MHL,62,57,10.0,536.0,5360.0,2024-06-23
2024062301023761,MHL,62,21,205.0,535.0,109675.0,2024-06-23
2024062303021059,SDLBSL,62,32,100.0,1350.0,135000.0,2024-06-23
2024062305005913,NRN,58,67,600.0,657.0,394200.0,2024-06-23
2024062303021058,RSDC,49,41,37.0,657.1,24312.7,2024-06-23
2024062303021057,RSDC,62,41,13.0,657.1,8542.3,2024-06-23
2024062303021056,SIFC,41,57,10.0,473.9,4739.0,2024-06-23
2024062303021055,GMFIL,60,39,20.0,444.5,8890.0,2024-06-23
2024062303021054,PROFL,47,45,10.0,427.1,4271.0,2024-06-23
2024062301023760,SHIVM,47,6,10.0,486.0,4860.0,2024-06-23
2024062301023759,SHIVM,47,65,34.0,486.0,16524.0,2024-06-23
2024062301023758,SHIVM,47,50,228.0,486.0,110808.0,2024-06-23
2024062301023757,SHIVM,47,38,20.0,486.0,9720.0,2024-06-23
2024062301023756,SHIVM,47,63,50.0,486.0,24300.0,2024-06-23
2024062301023755,SHIVM,47,62,228.0,486.0,110808.0,2024-06-23
2024062301023754,SHIVM,47,49,10.0,485.0,4850.0,2024-06-23
2024062301023753,SHIVM,47,57,20.0,485.0,9700.0,2024-06-23
2024062301023752,SHIVM,47,44,900.0,484.9,436410.0,2024-06-23
2024062304010752,JOSHI,36,53,140.0,294.5,41230.0,2024-06-23
2024062301023751,MHCL,36,21,60.0,400.1,24006.0,2024-06-23
2024062303021053,EDBL,59,74,295.0,378.9,111775.5,2024-06-23
2024062303021052,EDBL,59,42,205.0,378.9,77674.5,2024-06-23
2024062303021051,PFL,41,59,25.0,662.9,16572.5,2024-06-23
2024062301023750,ADBL,25,88,100.0,260.0,26000.0,2024-06-23
2024062301023749,ADBL,25,26,500.0,260.0,130000.0,2024-06-23
2024062301023748,ADBL,25,26,200.0,260.0,52000.0,2024-06-23
2024062301023747,ADBL,25,48,150.0,260.0,39000.0,2024-06-23
2024062301023746,ADBL,25,17,50.0,260.0,13000.0,2024-06-23
2024062303021050,HLBSL,92,42,34.0,1245.5,42347.0,2024-06-23
2024062301023745,BNHC,84,70,10.0,726.0,7260.0,2024-06-23
2024062301023744,SMJC,45,49,1657.0,400.0,662800.0,2024-06-23
2024062301023743,SMJC,45,36,10.0,400.0,4000.0,2024-06-23
2024062301023742,SMJC,45,58,10.0,400.0,4000.0,2024-06-23
2024062301023741,SMJC,45,45,10.0,400.0,4000.0,2024-06-23
2024062301023740,SMJC,45,49,10.0,400.0,4000.0,2024-06-23
2024062301023739,SMJC,45,26,200.0,399.9,79980.0,2024-06-23
2024062301023738,SMJC,45,34,10.0,399.9,3999.0,2024-06-23
2024062301023737,SMJC,45,77,435.0,399.8,173913.0,2024-06-23
2024062301023736,SMJC,45,58,10.0,399.8,3998.0,2024-06-23
2024062301023735,SMJC,45,10,500.0,399.8,199900.0,2024-06-23
2024062301023734,SMJC,45,7,10.0,399.0,3990.0,2024-06-23
2024062301023733,SMJC,45,38,10.0,399.0,3990.0,2024-06-23
2024062301023732,SMJC,45,58,10.0,399.0,3990.0,2024-06-23
2024062301023731,SMJC,45,17,200.0,398.9,79780.0,2024-06-23
2024062301023730,SMJC,45,58,10.0,398.0,3980.0,2024-06-23
2024062301023729,SMJC,45,49,10.0,398.0,3980.0,2024-06-23
2024062301023728,SMJC,45,51,10.0,397.0,3970.0,2024-06-23
2024062301023727,SMJC,45,55,10.0,397.0,3970.0,2024-06-23
2024062301023726,SMJC,45,59,10.0,396.7,3967.0,2024-06-23
2024062301023725,SMJC,45,36,1360.0,396.0,538560.0,2024-06-23
2024062301023724,SMJC,45,10,10.0,396.0,3960.0,2024-06-23
2024062301023723,SMJC,45,94,10.0,395.0,3950.0,2024-06-23
2024062301023722,SMJC,45,45,10.0,395.0,3950.0,2024-06-23
2024062301023721,SMJC,45,32,10.0,395.0,3950.0,2024-06-23
2024062301023720,SMJC,45,68,28.0,395.0,11060.0,2024-06-23
2024062301023719,SMJC,45,5,100.0,394.9,39490.0,2024-06-23
2024062301023718,SMJC,45,39,170.0,394.8,67116.0,2024-06-23
2024062301023717,SMJC,45,54,170.0,392.0,66640.0,2024-06-23
2024062305005912,NRIC,45,6,10.0,644.0,6440.0,2024-06-23
2024062301023716,MHCL,35,81,100.0,402.9,40290.0,2024-06-23
2024062301023715,BNHC,96,70,10.0,726.0,7260.0,2024-06-23
2024062304010751,MEN,60,64,90.0,600.0,54000.0,2024-06-23
2024062301023714,MKCL,58,48,20.0,1108.0,22160.0,2024-06-23
2024062301023713,BGWT,5,26,85.0,946.1,80418.5,2024-06-23
2024062301023712,BGWT,54,26,10.0,946.2,9462.0,2024-06-23
2024062301023711,SAMAJ,58,16,10.0,2527.5,25275.0,2024-06-23
2024062301023710,SRLI,38,45,20.0,431.0,8620.0,2024-06-23
2024062303021049,SFCL,38,38,120.0,464.0,55680.0,2024-06-23
2024062303021048,SFCL,38,21,80.0,463.1,37048.0,2024-06-23
2024062301023709,NABIL,42,58,82.0,466.0,38212.0,2024-06-23
2024062303021047,GILB,58,48,15.0,1420.0,21300.0,2024-06-23
2024062303021046,GILB,58,56,10.0,1420.0,14200.0,2024-06-23
2024062303021045,GILB,58,57,125.0,1410.0,176250.0,2024-06-23
2024062303021044,GILB,58,1,50.0,1410.0,70500.0,2024-06-23
2024062304010750,UPPER,21,43,234.0,157.0,36738.0,2024-06-23
2024062303021043,PROFL,1,58,50.0,427.0,21350.0,2024-06-23
2024062304010749,AKJCL,43,80,10.0,210.0,2100.0,2024-06-23
2024062303021042,HLBSL,70,58,19.0,1290.3,24515.7,2024-06-23
2024062303021041,HLBSL,70,91,50.0,1290.0,64500.0,2024-06-23
2024062303021040,HLBSL,70,34,200.0,1289.0,257800.0,2024-06-23
2024062303021039,HLBSL,70,18,20.0,1285.0,25700.0,2024-06-23
2024062303021038,HLBSL,70,60,500.0,1285.0,642500.0,2024-06-23
2024062303021037,HLBSL,70,44,50.0,1284.0,64200.0,2024-06-23
2024062303021036,HLBSL,70,60,200.0,1280.0,256000.0,2024-06-23
2024062303021035,HLBSL,70,50,300.0,1277.0,383100.0,2024-06-23
2024062303021034,HLBSL,70,26,100.0,1277.0,127700.0,2024-06-23
2024062303021033,HLBSL,70,46,300.0,1275.0,382500.0,2024-06-23
2024062303021032,HLBSL,70,34,30.0,1275.0,38250.0,2024-06-23
2024062303021031,HLBSL,70,53,110.0,1275.0,140250.0,2024-06-23
2024062303021030,HLBSL,70,34,100.0,1273.9,127390.0,2024-06-23
2024062303021029,HLBSL,70,5,100.0,1273.0,127300.0,2024-06-23
2024062303021028,HLBSL,70,34,200.0,1273.0,254600.0,2024-06-23
2024062303021027,HLBSL,70,82,100.0,1272.4,127240.0,2024-06-23
2024062303021026,HLBSL,70,45,100.0,1272.0,127200.0,2024-06-23
2024062303021025,HLBSL,70,50,290.0,1272.0,368880.0,2024-06-23
2024062303021024,HLBSL,70,41,10.0,1270.3,12703.0,2024-06-23
2024062303021023,HLBSL,70,45,400.0,1270.3,508120.0,2024-06-23
2024062303021022,HLBSL,70,5,500.0,1270.0,635000.0,2024-06-23
2024062303021021,HLBSL,70,49,30.0,1270.0,38100.0,2024-06-23
2024062303021020,HLBSL,70,60,200.0,1270.0,254000.0,2024-06-23
2024062303021019,HLBSL,70,66,200.0,1270.0,254000.0,2024-06-23
2024062303021018,HLBSL,70,42,300.0,1270.0,381000.0,2024-06-23
2024062303021017,HLBSL,70,57,200.0,1270.0,254000.0,2024-06-23
2024062303021016,HLBSL,70,45,146.0,1270.0,185420.0,2024-06-23
2024062303021015,HLBSL,70,34,200.0,1270.0,254000.0,2024-06-23
2024062303021014,HLBSL,70,34,45.0,1270.0,57150.0,2024-06-23
2024062301023708,BHL,17,29,29.0,342.0,9918.0,2024-06-23
2024062303021013,SDLBSL,17,65,10.0,1360.7,13607.0,2024-06-23
2024062301023707,MEL,35,20,10.0,222.1,2221.0,2024-06-23
2024062303021012,SINDU,20,32,10.0,390.0,3900.0,2024-06-23
2024062301023706,CKHL,39,57,10.0,582.2,5822.0,2024-06-23
2024062301023705,CKHL,39,16,60.0,582.1,34926.0,2024-06-23
2024062301023704,CKHL,39,58,30.0,580.0,17400.0,2024-06-23
2024062303021011,ICFC,32,57,350.0,558.2,195370.0,2024-06-23
2024062303021010,ICFC,59,57,250.0,558.3,139575.0,2024-06-23
2024062304010748,AKPL,33,13,90.0,162.5,14625.0,2024-06-23
2024062303021009,GUFL,41,37,300.0,781.0,234300.0,2024-06-23
2024062303021008,GMFIL,19,20,254.0,445.0,113030.0,2024-06-23
2024062303021007,GMFIL,19,34,734.0,445.0,326630.0,2024-06-23
2024062303021006,GMFIL,19,5,120.0,445.0,53400.0,2024-06-23
2024062303021005,GMFIL,19,45,100.0,445.0,44500.0,2024-06-23
2024062303021004,GMFIL,19,17,100.0,445.0,44500.0,2024-06-23
2024062303021003,GMFIL,19,47,392.0,444.5,174244.0,2024-06-23
2024062303021002,JFL,62,63,10.0,570.0,5700.0,2024-06-23
2024062303021001,JFL,5,63,65.0,570.0,37050.0,2024-06-23
2024062303021000,JFL,5,34,35.0,570.0,19950.0,2024-06-23
2024062303020999,KRBL,5,45,10.0,443.0,4430.0,2024-06-23
2024062303020998,SDLBSL,62,65,100.0,1360.7,136070.0,2024-06-23
2024062301023703,SBI,5,47,100.0,295.0,29500.0,2024-06-23
2024062301023702,EHPL,62,65,145.0,549.9,79735.5,2024-06-23
2024062301023701,EHPL,62,4,50.0,549.0,27450.0,2024-06-23
2024062301023700,EHPL,62,48,10.0,549.0,5490.0,2024-06-23
2024062301023699,EHPL,62,58,10.0,544.0,5440.0,2024-06-23
2024062301023698,EHPL,62,10,10.0,544.0,5440.0,2024-06-23
2024062301023697,EHPL,62,45,10.0,542.0,5420.0,2024-06-23
2024062301023696,EHPL,62,36,10.0,540.0,5400.0,2024-06-23
2024062301023695,EHPL,62,6,255.0,540.0,137700.0,2024-06-23
2024062301023694,JALPA,47,7,43.0,1316.1,56592.3,2024-06-23
2024062303020997,ACLBSL,48,21,10.0,955.0,9550.0,2024-06-23
2024062303020996,PFL,41,21,100.0,662.9,66290.0,2024-06-23
2024062303020995,PFL,41,50,100.0,662.9,66290.0,2024-06-23
2024062303020994,PFL,41,43,50.0,662.9,33145.0,2024-06-23
2024062303020993,PFL,41,18,100.0,662.9,66290.0,2024-06-23
2024062303020992,PFL,41,43,26.0,662.9,17235.4,2024-06-23
2024062303020991,PFL,41,91,200.0,662.8,132560.0,2024-06-23
2024062303020990,PFL,41,13,150.0,662.8,99420.0,2024-06-23
2024062303020989,PFL,41,39,100.0,662.5,66250.0,2024-06-23
2024062303020988,PFL,41,58,100.0,662.0,66200.0,2024-06-23
2024062303020987,PFL,41,43,100.0,662.0,66200.0,2024-06-23
2024062303020986,PFL,41,7,100.0,662.0,66200.0,2024-06-23
2024062303020985,PFL,41,34,100.0,662.0,66200.0,2024-06-23
2024062303020984,PFL,41,53,380.0,662.0,251560.0,2024-06-23
2024062303020983,PFL,41,91,100.0,661.0,66100.0,2024-06-23
2024062303020982,PFL,41,78,1000.0,661.0,661000.0,2024-06-23
2024062303020981,PFL,41,6,449.0,661.0,296789.0,2024-06-23
2024062303020980,PFL,41,38,297.0,661.0,196317.0,2024-06-23
2024062303020979,PFL,41,58,50.0,660.0,33000.0,2024-06-23
2024062303020978,PFL,41,63,500.0,660.0,330000.0,2024-06-23
2024062303020977,PFL,41,14,10.0,660.0,6600.0,2024-06-23
2024062303020976,PFL,41,57,100.0,660.0,66000.0,2024-06-23
2024062303020975,PFL,41,45,100.0,660.0,66000.0,2024-06-23
2024062303020974,PFL,41,8,114.0,660.0,75240.0,2024-06-23
2024062301023693,KBL,48,53,10.0,137.0,1370.0,2024-06-23
2024062303020973,GBLBS,55,41,45.0,756.0,34020.0,2024-06-23
2024062303020972,GBLBS,54,41,66.0,756.0,49896.0,2024-06-23
2024062303020971,GBLBS,7,41,50.0,756.1,37805.0,2024-06-23
2024062305005911,NRIC,66,47,160.0,642.0,102720.0,2024-06-23
2024062305005910,NRIC,49,47,90.0,643.4,57906.0,2024-06-23
2024062305005909,HRL,47,49,70.0,547.0,38290.0,2024-06-23
2024062304010747,MHNL,47,52,10.0,238.0,2380.0,2024-06-23
2024062305005908,NRN,47,58,200.0,658.0,131600.0,2024-06-23
2024062304010746,CHCL,77,38,10.0,436.0,4360.0,2024-06-23
2024062301023692,SBL,50,52,31.0,245.9,7622.9,2024-06-23
2024062301023691,SBL,50,49,50.0,245.0,12250.0,2024-06-23
2024062301023690,SBL,50,58,90.0,245.0,22050.0,2024-06-23
2024062301023689,SBL,50,28,14.0,244.0,3416.0,2024-06-23
2024062301023688,SBL,50,19,40.0,244.0,9760.0,2024-06-23
2024062301023687,SBL,50,58,105.0,243.9,25609.5,2024-06-23
2024062301023686,SBL,50,56,150.0,243.9,36585.0,2024-06-23
2024062301023685,MKCL,65,48,20.0,1108.0,22160.0,2024-06-23
2024062303020970,VLBS,49,32,130.0,982.1,127673.0,2024-06-23
2024062303020969,VLBS,58,32,70.0,983.0,68810.0,2024-06-23
2024062301023684,CKHL,58,36,200.0,578.1,115620.0,2024-06-23
2024062301023683,MCHL,86,34,10.0,419.0,4190.0,2024-06-23
2024062301023682,MCHL,86,41,10.0,419.0,4190.0,2024-06-23
2024062301023681,MCHL,86,25,480.0,418.0,200640.0,2024-06-23
2024062305005907,HRL,33,4,59.0,546.1,32219.9,2024-06-23
2024062305005906,HRL,34,4,300.0,546.2,163860.0,2024-06-23
2024062305005905,HRL,14,4,20.0,546.5,10930.0,2024-06-23
2024062305005904,HRL,44,4,20.0,546.5,10930.0,2024-06-23
2024062305005903,HRL,37,4,303.0,546.6,165619.8,2024-06-23
2024062305005902,HRL,50,4,190.0,546.7,103873.0,2024-06-23
2024062304010745,MHNL,63,52,10.0,238.0,2380.0,2024-06-23
2024062303020968,SMFBS,41,84,10.0,1350.0,13500.0,2024-06-23
2024062303020967,PFL,45,8,100.0,660.0,66000.0,2024-06-23
2024062304010744,JOSHI,36,45,80.0,294.5,23560.0,2024-06-23
2024062304010743,JOSHI,47,45,20.0,295.0,5900.0,2024-06-23
2024062301023680,NIMB,34,45,800.0,155.0,124000.0,2024-06-23
2024062301023679,VLUCL,14,35,20.0,512.0,10240.0,2024-06-23
2024062304010742,MEN,60,16,10.0,600.0,6000.0,2024-06-23
2024062301023678,MEL,16,29,310.0,225.0,69750.0,2024-06-23
2024062301023677,MEL,16,57,10.0,225.0,2250.0,2024-06-23
2024062301023676,MEL,16,21,10.0,225.0,2250.0,2024-06-23
2024062301023675,MEL,16,34,10.0,225.0,2250.0,2024-06-23
2024062301023674,MEL,16,62,10.0,225.0,2250.0,2024-06-23
2024062301023673,MEL,16,49,10.0,225.0,2250.0,2024-06-23
2024062301023672,MEL,16,38,10.0,225.0,2250.0,2024-06-23
2024062301023671,MEL,16,58,10.0,225.0,2250.0,2024-06-23
2024062301023670,MEL,16,1,10.0,225.0,2250.0,2024-06-23
2024062301023669,MEL,16,39,10.0,225.0,2250.0,2024-06-23
2024062301023668,MEL,16,34,10.0,225.0,2250.0,2024-06-23
2024062301023667,MEL,16,54,10.0,225.0,2250.0,2024-06-23
2024062301023666,MEL,16,57,10.0,225.0,2250.0,2024-06-23
2024062301023665,MEL,16,56,10.0,225.0,2250.0,2024-06-23
2024062301023664,MEL,16,52,10.0,225.0,2250.0,2024-06-23
2024062301023663,MEL,16,52,10.0,225.0,2250.0,2024-06-23
2024062301023662,MEL,16,58,10.0,225.0,2250.0,2024-06-23
2024062301023661,MEL,16,58,10.0,225.0,2250.0,2024-06-23
2024062301023660,MEL,16,49,10.0,225.0,2250.0,2024-06-23
2024062301023659,MEL,16,42,10.0,225.0,2250.0,2024-06-23
2024062301023658,MEL,16,54,10.0,225.0,2250.0,2024-06-23
2024062301023657,MEL,16,45,10.0,225.0,2250.0,2024-06-23
2024062301023656,MEL,16,56,10.0,225.0,2250.0,2024-06-23
2024062301023655,MEL,16,46,10.0,225.0,2250.0,2024-06-23
2024062301023654,MEL,16,34,350.0,224.9,78715.0,2024-06-23
2024062301023653,MEL,16,14,490.0,224.8,110152.0,2024-06-23
2024062301023652,MEL,16,53,120.0,224.7,26964.0,2024-06-23
2024062304010741,HDHPC,51,52,10.0,127.9,1279.0,2024-06-23
2024062303020966,SLBSL,68,38,10.0,1243.0,12430.0,2024-06-23
2024062303020965,HLBSL,26,34,155.0,1270.0,196850.0,2024-06-23
2024062303020964,HLBSL,26,34,200.0,1270.0,254000.0,2024-06-23
2024062303020963,HLBSL,26,45,17.0,1270.0,21590.0,2024-06-23
2024062303020962,HLBSL,26,10,100.0,1270.0,127000.0,2024-06-23
2024062303020961,HLBSL,26,7,100.0,1270.0,127000.0,2024-06-23
2024062303020960,HLBSL,26,59,12.0,1270.0,15240.0,2024-06-23
2024062303020959,HLBSL,26,42,416.0,1269.9,528278.4,2024-06-23
2024062301023651,RFPL,26,57,10.0,367.9,3679.0,2024-06-23
2024062304010740,HURJA,58,21,930.0,308.0,286440.0,2024-06-23
2024062304010739,HURJA,58,41,200.0,308.0,61600.0,2024-06-23
2024062304010738,HURJA,58,57,100.0,308.0,30800.0,2024-06-23
2024062304010737,HURJA,58,35,500.0,307.9,153950.0,2024-06-23
2024062304010736,HURJA,58,21,500.0,307.9,153950.0,2024-06-23
2024062304010735,HURJA,58,52,240.0,307.9,73896.0,2024-06-23
2024062304010734,HURJA,58,37,800.0,307.7,246160.0,2024-06-23
2024062304010733,HURJA,58,13,10.0,307.5,3075.0,2024-06-23
2024062304010732,HURJA,58,52,82.0,307.5,25215.0,2024-06-23
2024062304010731,HURJA,58,29,30.0,307.0,9210.0,2024-06-23
2024062304010730,HURJA,58,28,400.0,307.0,122800.0,2024-06-23
2024062304010729,HURJA,58,51,1055.0,307.0,323885.0,2024-06-23
2024062304010728,HURJA,58,54,50.0,307.0,15350.0,2024-06-23
2024062304010727,HURJA,58,39,500.0,307.0,153500.0,2024-06-23
2024062304010726,HURJA,58,55,100.0,306.0,30600.0,2024-06-23
2024062304010725,HURJA,58,26,100.0,306.0,30600.0,2024-06-23
2024062304010724,HURJA,58,26,98.0,306.0,29988.0,2024-06-23
2024062304010723,HURJA,58,13,20.0,306.0,6120.0,2024-06-23
2024062304010722,HURJA,58,52,10.0,306.0,3060.0,2024-06-23
2024062304010721,HURJA,58,58,1000.0,306.0,306000.0,2024-06-23
2024062304010720,HURJA,58,58,824.0,306.0,252144.0,2024-06-23
2024062304010719,HURJA,58,38,10.0,305.9,3059.0,2024-06-23
2024062304010718,HURJA,58,4,200.0,305.9,61180.0,2024-06-23
2024062304010717,HURJA,58,46,191.0,305.0,58255.0,2024-06-23
2024062304010716,HURJA,58,45,910.0,305.0,277550.0,2024-06-23
2024062304010715,HURJA,58,36,350.0,304.0,106400.0,2024-06-23
2024062304010714,HURJA,58,55,200.0,304.0,60800.0,2024-06-23
2024062304010713,HURJA,58,68,130.0,304.0,39520.0,2024-06-23
2024062304010712,HURJA,58,68,175.0,304.0,53200.0,2024-06-23
2024062304010711,HURJA,58,46,30.0,304.0,9120.0,2024-06-23
2024062304010710,HURJA,58,57,255.0,303.0,77265.0,2024-06-23
2024062301023650,MCHL,52,25,10.0,418.0,4180.0,2024-06-23
2024062301023649,SONA,35,11,100.0,439.0,43900.0,2024-06-23
2024062301023648,SMH,29,68,10.0,790.0,7900.0,2024-06-23
2024062301023647,BNHC,39,70,200.0,726.0,145200.0,2024-06-23
2024062301023646,PCBL,39,10,10.0,195.5,1955.0,2024-06-23
2024062304010709,AKJCL,57,80,100.0,210.0,21000.0,2024-06-23
2024062305005901,NTC,57,42,10.0,816.0,8160.0,2024-06-23
2024062303020958,PFL,41,57,42.0,659.4,27694.8,2024-06-23
2024062301023645,BNHC,28,70,1078.0,726.0,782628.0,2024-06-23
2024062301023644,BNHC,28,71,550.0,669.1,368005.0,2024-06-23
2024062301023643,BNHC,28,57,30.0,667.7,20031.0,2024-06-23
2024062301023642,BNHC,28,22,450.0,666.0,299700.0,2024-06-23
2024062301023641,BNHC,28,6,10.0,665.0,6650.0,2024-06-23
2024062301023640,BNHC,28,53,100.0,663.0,66300.0,2024-06-23
2024062301023639,BNHC,28,45,50.0,663.0,33150.0,2024-06-23
2024062301023638,BNHC,28,38,100.0,663.0,66300.0,2024-06-23
2024062301023637,BNHC,28,71,500.0,662.0,331000.0,2024-06-23
2024062301023636,BNHC,28,29,10.0,661.0,6610.0,2024-06-23
2024062301023635,BNHC,28,48,100.0,661.0,66100.0,2024-06-23
2024062301023634,BNHC,28,44,210.0,660.9,138789.0,2024-06-23
2024062301023633,BNHC,28,68,300.0,660.0,198000.0,2024-06-23
2024062301023632,BNHC,28,8,10.0,660.0,6600.0,2024-06-23
2024062301023631,BNHC,28,52,10.0,658.0,6580.0,2024-06-23
2024062301023630,BNHC,28,25,32.0,656.0,20992.0,2024-06-23
2024062301023629,BNHC,28,49,10.0,655.8,6558.0,2024-06-23
2024062301023628,BNHC,28,4,100.0,655.0,65500.0,2024-06-23
2024062301023627,BNHC,28,70,170.0,654.0,111180.0,2024-06-23
2024062301023626,BNHC,28,52,180.0,653.0,117540.0,2024-06-23
2024062304010708,CHL,34,42,10.0,316.0,3160.0,2024-06-23
2024062301023625,CYCL,34,25,10.0,1469.5,14695.0,2024-06-23
2024062301023624,BEDC,34,35,10.0,401.0,4010.0,2024-06-23
2024062301023623,BEDC,34,22,10.0,400.0,4000.0,2024-06-23
2024062301023622,BEDC,34,17,50.0,399.9,19995.0,2024-06-23
2024062301023621,BEDC,34,94,40.0,399.9,15996.0,2024-06-23
2024062304010707,IGI,34,34,20.0,522.8,10456.0,2024-06-23
2024062301023620,SBI,44,38,10.0,293.0,2930.0,2024-06-23
2024062301023619,SBI,44,34,81.0,293.0,23733.0,2024-06-23
2024062303020957,BFC,29,62,25.0,470.0,11750.0,2024-06-23
2024062303020956,BFC,45,62,200.0,471.0,94200.0,2024-06-23
2024062303020955,BFC,28,62,400.0,471.1,188440.0,2024-06-23
2024062303020954,BFC,49,62,100.0,472.0,47200.0,2024-06-23
2024062303020953,BFC,42,62,59.0,472.0,27848.0,2024-06-23
2024062303020952,BFC,47,62,165.0,473.0,78045.0,2024-06-23
2024062303020951,PFL,41,72,700.0,659.4,461580.0,2024-06-23
2024062303020950,NFS,22,72,3496.0,836.4,2924054.4,2024-06-23
2024062304010706,LEC,49,1,30.0,181.5,5445.0,2024-06-23
2024062304010705,LEC,49,26,20.0,180.2,3604.0,2024-06-23
2024062301023618,SGHC,53,56,10.0,322.0,3220.0,2024-06-23
2024062301023617,NWCL,29,21,50.0,832.0,41600.0,2024-06-23
2024062301023616,MANDU,65,56,137.0,1060.0,145220.0,2024-06-23
2024062301023615,MANDU,65,58,10.0,1060.0,10600.0,2024-06-23
2024062301023614,MANDU,65,21,10.0,1060.0,10600.0,2024-06-23
2024062301023613,MANDU,65,57,10.0,1060.0,10600.0,2024-06-23
2024062301023612,MANDU,65,55,10.0,1060.0,10600.0,2024-06-23
2024062301023611,MANDU,65,44,10.0,1060.0,10600.0,2024-06-23
2024062301023610,MANDU,65,42,10.0,1060.0,10600.0,2024-06-23
2024062301023609,MANDU,65,22,10.0,1060.0,10600.0,2024-06-23
2024062301023608,MANDU,65,42,10.0,1060.0,10600.0,2024-06-23
2024062301023607,MANDU,65,29,10.0,1060.0,10600.0,2024-06-23
2024062301023606,MANDU,65,42,10.0,1060.0,10600.0,2024-06-23
2024062301023605,MANDU,65,38,10.0,1060.0,10600.0,2024-06-23
2024062301023604,MANDU,65,42,10.0,1060.0,10600.0,2024-06-23
2024062301023603,MANDU,65,6,10.0,1060.0,10600.0,2024-06-23
2024062301023602,MANDU,65,45,10.0,1060.0,10600.0,2024-06-23
2024062301023601,MANDU,65,39,100.0,1060.0,106000.0,2024-06-23
2024062301023600,MANDU,65,41,30.0,1059.9,31797.0,2024-06-23
2024062301023599,MANDU,65,52,10.0,1059.0,10590.0,2024-06-23
2024062301023598,MANDU,65,14,10.0,1059.0,10590.0,2024-06-23
2024062301023597,MANDU,65,43,10.0,1058.0,10580.0,2024-06-23
2024062301023596,MANDU,65,65,200.0,1057.9,211580.0,2024-06-23
2024062301023595,MANDU,65,65,105.0,1057.7,111058.5,2024-06-23
2024062301023594,MANDU,65,51,50.0,1057.6,52880.0,2024-06-23
2024062301023593,MANDU,65,42,100.0,1057.0,105700.0,2024-06-23
2024062301023592,MANDU,65,45,10.0,1057.0,10570.0,2024-06-23
2024062301023591,MANDU,65,58,10.0,1057.0,10570.0,2024-06-23
2024062301023590,MANDU,65,58,200.0,1056.0,211200.0,2024-06-23
2024062301023589,MANDU,65,90,10.0,1056.0,10560.0,2024-06-23
2024062301023588,MANDU,65,11,150.0,1055.0,158250.0,2024-06-23
2024062301023587,MANDU,65,13,48.0,1055.0,50640.0,2024-06-23
2024062301023586,MANDU,65,29,10.0,1055.0,10550.0,2024-06-23
2024062301023585,MANDU,65,4,50.0,1055.0,52750.0,2024-06-23
2024062301023584,MANDU,65,58,10.0,1055.0,10550.0,2024-06-23
2024062301023583,MANDU,65,58,10.0,1055.0,10550.0,2024-06-23
2024062301023582,MANDU,65,51,300.0,1055.0,316500.0,2024-06-23
2024062301023581,MANDU,65,35,10.0,1055.0,10550.0,2024-06-23
2024062301023580,MANDU,65,36,10.0,1055.0,10550.0,2024-06-23
2024062301023579,MANDU,65,56,10.0,1055.0,10550.0,2024-06-23
2024062301023578,MANDU,65,58,10.0,1055.0,10550.0,2024-06-23
2024062301023577,MANDU,65,19,10.0,1055.0,10550.0,2024-06-23
2024062301023576,MANDU,65,56,10.0,1055.0,10550.0,2024-06-23
2024062301023575,MANDU,65,42,10.0,1055.0,10550.0,2024-06-23
2024062301023574,MANDU,65,16,10.0,1055.0,10550.0,2024-06-23
2024062301023573,MANDU,65,49,10.0,1055.0,10550.0,2024-06-23
2024062301023572,MANDU,65,11,10.0,1055.0,10550.0,2024-06-23
2024062301023571,MANDU,65,51,20.0,1054.9,21098.0,2024-06-23
2024062301023570,MANDU,65,58,10.0,1054.5,10545.0,2024-06-23
2024062301023569,MANDU,65,42,300.0,1054.5,316350.0,2024-06-23
2024062301023568,MANDU,65,57,10.0,1054.0,10540.0,2024-06-23
2024062301023567,MANDU,65,70,10.0,1054.0,10540.0,2024-06-23
2024062301023566,MANDU,65,35,10.0,1053.0,10530.0,2024-06-23
2024062301023565,MANDU,65,16,10.0,1053.0,10530.0,2024-06-23
2024062301023564,MANDU,65,58,10.0,1053.0,10530.0,2024-06-23
2024062301023563,MANDU,65,4,10.0,1052.0,10520.0,2024-06-23
2024062301023562,MANDU,65,45,10.0,1052.0,10520.0,2024-06-23
2024062301023561,MANDU,65,5,400.0,1052.0,420800.0,2024-06-23
2024062301023560,MANDU,65,58,10.0,1052.0,10520.0,2024-06-23
2024062301023559,MANDU,65,16,10.0,1052.0,10520.0,2024-06-23
2024062301023558,MANDU,65,33,10.0,1052.0,10520.0,2024-06-23
2024062301023557,MANDU,65,58,10.0,1051.0,10510.0,2024-06-23
2024062301023556,MANDU,65,38,100.0,1051.0,105100.0,2024-06-23
2024062301023555,MANDU,65,20,10.0,1051.0,10510.0,2024-06-23
2024062301023554,MANDU,65,38,50.0,1050.0,52500.0,2024-06-23
2024062301023553,MANDU,65,45,60.0,1050.0,63000.0,2024-06-23
2024062301023552,MANDU,65,49,10.0,1050.0,10500.0,2024-06-23
2024062301023551,MANDU,65,52,10.0,1050.0,10500.0,2024-06-23
2024062301023550,MANDU,65,52,100.0,1050.0,105000.0,2024-06-23
2024062301023549,MANDU,65,58,10.0,1050.0,10500.0,2024-06-23
2024062301023548,MANDU,65,6,50.0,1050.0,52500.0,2024-06-23
2024062301023547,MANDU,65,58,10.0,1050.0,10500.0,2024-06-23
2024062301023546,MANDU,65,42,10.0,1050.0,10500.0,2024-06-23
2024062301023545,MANDU,65,58,10.0,1050.0,10500.0,2024-06-23
2024062301023544,MANDU,65,35,10.0,1050.0,10500.0,2024-06-23
2024062301023543,MANDU,65,57,10.0,1050.0,10500.0,2024-06-23
2024062301023542,MANDU,65,33,10.0,1050.0,10500.0,2024-06-23
2024062301023541,MANDU,65,35,10.0,1050.0,10500.0,2024-06-23
2024062301023540,MANDU,65,42,10.0,1050.0,10500.0,2024-06-23
2024062301023539,MANDU,65,22,50.0,1050.0,52500.0,2024-06-23
2024062301023538,MANDU,65,32,50.0,1050.0,52500.0,2024-06-23
2024062301023537,MANDU,65,55,10.0,1050.0,10500.0,2024-06-23
2024062301023536,MANDU,65,57,20.0,1050.0,21000.0,2024-06-23
2024062301023535,MANDU,65,38,10.0,1050.0,10500.0,2024-06-23
2024062301023534,MANDU,65,52,20.0,1050.0,21000.0,2024-06-23
2024062301023533,MANDU,65,4,10.0,1050.0,10500.0,2024-06-23
2024062301023532,MANDU,65,45,100.0,1050.0,105000.0,2024-06-23
2024062301023531,MANDU,65,57,10.0,1050.0,10500.0,2024-06-23
2024062301023530,MANDU,65,42,10.0,1050.0,10500.0,2024-06-23
2024062301023529,MANDU,65,17,200.0,1049.9,209980.0,2024-06-23
2024062301023528,MANDU,65,5,10.0,1049.8,10498.0,2024-06-23
2024062301023527,MANDU,65,26,10.0,1049.0,10490.0,2024-06-23
2024062301023526,MANDU,65,41,10.0,1049.0,10490.0,2024-06-23
2024062301023525,MANDU,65,11,10.0,1049.0,10490.0,2024-06-23
2024062301023524,MANDU,65,81,70.0,1048.0,73360.0,2024-06-23
2024062301023523,MANDU,65,41,100.0,1048.0,104800.0,2024-06-23
2024062301023522,MANDU,65,45,10.0,1048.0,10480.0,2024-06-23
2024062301023521,MANDU,65,52,10.0,1047.0,10470.0,2024-06-23
2024062301023520,MANDU,65,16,100.0,1046.0,104600.0,2024-06-23
2024062301023519,MANDU,65,51,10.0,1045.0,10450.0,2024-06-23
2024062301023518,MANDU,65,59,10.0,1045.0,10450.0,2024-06-23
2024062301023517,MANDU,65,55,10.0,1045.0,10450.0,2024-06-23
2024062301023516,MANDU,65,17,10.0,1045.0,10450.0,2024-06-23
2024062301023515,MANDU,65,20,10.0,1044.0,10440.0,2024-06-23
2024062301023514,MANDU,65,6,10.0,1043.0,10430.0,2024-06-23
2024062301023513,MANDU,65,10,155.0,1042.0,161510.0,2024-06-23
2024062303020949,SLBSL,32,38,10.0,1243.0,12430.0,2024-06-23
2024062305005900,CHDC,36,60,10.0,1026.0,10260.0,2024-06-23
2024062303020948,PFL,41,42,1000.0,659.4,659400.0,2024-06-23
2024062301023512,NIMBPO,49,6,2000.0,131.8,263600.0,2024-06-23
2024062303020947,PFL,41,63,100.0,659.4,65940.0,2024-06-23
2024062301023511,MHL,14,21,10.0,535.0,5350.0,2024-06-23
2024062301023510,SPL,14,58,10.0,764.9,7649.0,2024-06-23
2024062301023509,SPL,14,4,100.0,764.9,76490.0,2024-06-23
2024062301023508,SPL,14,4,30.0,764.8,22944.0,2024-06-23
2024062301023507,SPL,14,57,40.0,760.0,30400.0,2024-06-23
2024062301023506,SPL,14,4,20.0,757.0,15140.0,2024-06-23
2024062304010704,API,59,40,200.0,169.8,33960.0,2024-06-23
2024062303020946,GFCL,41,5,100.0,580.3,58030.0,2024-06-23
2024062303020945,GFCL,41,28,100.0,580.3,58030.0,2024-06-23
2024062303020944,GFCL,41,57,50.0,580.3,29015.0,2024-06-23
2024062303020943,GFCL,41,26,500.0,580.3,290150.0,2024-06-23
2024062303020942,GFCL,41,14,38.0,580.0,22040.0,2024-06-23
2024062303020941,GFCL,41,42,1000.0,580.0,580000.0,2024-06-23
2024062303020940,GFCL,41,11,50.0,580.0,29000.0,2024-06-23
2024062303020939,GFCL,41,52,200.0,580.0,116000.0,2024-06-23
2024062303020938,GFCL,41,16,1000.0,580.0,580000.0,2024-06-23
2024062303020937,GFCL,41,50,200.0,580.0,116000.0,2024-06-23
2024062303020936,GFCL,41,50,30.0,580.0,17400.0,2024-06-23
2024062303020935,GFCL,41,39,200.0,580.0,116000.0,2024-06-23
2024062303020934,GFCL,41,16,200.0,580.0,116000.0,2024-06-23
2024062303020933,GFCL,41,14,15.0,579.9,8698.5,2024-06-23
2024062303020932,GFCL,41,13,500.0,579.0,289500.0,2024-06-23
2024062303020931,GFCL,41,17,200.0,578.3,115660.0,2024-06-23
2024062303020930,GFCL,41,72,100.0,578.3,57830.0,2024-06-23
2024062303020929,GFCL,41,47,25.0,578.0,14450.0,2024-06-23
2024062303020928,GFCL,41,34,100.0,578.0,57800.0,2024-06-23
2024062303020927,GFCL,41,34,153.0,577.4,88342.2,2024-06-23
2024062303020926,GFCL,41,34,200.0,577.3,115460.0,2024-06-23
2024062303020925,GFCL,41,77,4000.0,577.2,2308800.0,2024-06-23
2024062303020924,GFCL,41,13,440.0,577.0,253880.0,2024-06-23
2024062303020923,GFCL,41,40,100.0,577.0,57700.0,2024-06-23
2024062303020922,GFCL,41,4,100.0,577.0,57700.0,2024-06-23
2024062303020921,GFCL,41,4,50.0,577.0,28850.0,2024-06-23
2024062303020920,GFCL,41,57,200.0,577.0,115400.0,2024-06-23
2024062303020919,GFCL,41,19,100.0,576.3,57630.0,2024-06-23
2024062303020918,GFCL,41,34,50.0,576.1,28805.0,2024-06-23
2024062303020917,GFCL,41,38,100.0,576.0,57600.0,2024-06-23
2024062303020916,GFCL,41,34,150.0,576.0,86400.0,2024-06-23
2024062303020915,GFCL,41,5,80.0,575.2,46016.0,2024-06-23
2024062303020914,GFCL,41,28,100.0,575.2,57520.0,2024-06-23
2024062303020913,GFCL,41,22,35.0,575.2,20132.0,2024-06-23
2024062303020912,GFCL,41,36,108.0,575.0,62100.0,2024-06-23
2024062303020911,GFCL,41,52,90.0,575.0,51750.0,2024-06-23
2024062303020910,GFCL,41,13,100.0,575.0,57500.0,2024-06-23
2024062303020909,GFCL,41,56,50.0,575.0,28750.0,2024-06-23
2024062303020908,GFCL,41,38,10.0,575.0,5750.0,2024-06-23
2024062303020907,GFCL,41,55,100.0,575.0,57500.0,2024-06-23
2024062303020906,GFCL,41,49,30.0,575.0,17250.0,2024-06-23
2024062303020905,GFCL,41,19,309.0,575.0,177675.0,2024-06-23
2024062303020904,GFCL,41,29,100.0,575.0,57500.0,2024-06-23
2024062303020903,GFCL,41,7,200.0,575.0,115000.0,2024-06-23
2024062303020902,GFCL,41,11,500.0,575.0,287500.0,2024-06-23
2024062303020901,GFCL,41,35,100.0,575.0,57500.0,2024-06-23
2024062303020900,GFCL,41,45,40.0,574.0,22960.0,2024-06-23
2024062303020899,GFCL,41,20,100.0,573.9,57390.0,2024-06-23
2024062303020898,GFCL,41,32,100.0,571.2,57120.0,2024-06-23
2024062303020897,GFCL,41,51,20.0,571.2,11424.0,2024-06-23
2024062303020896,GFCL,41,16,700.0,571.0,399700.0,2024-06-23
2024062303020895,GFCL,41,58,100.0,571.0,57100.0,2024-06-23
2024062303020894,GFCL,41,49,50.0,571.0,28550.0,2024-06-23
2024062303020893,GFCL,41,3,25.0,571.0,14275.0,2024-06-23
2024062303020892,GFCL,41,21,240.0,571.0,137040.0,2024-06-23
2024062303020891,GFCL,41,38,260.0,570.1,148226.0,2024-06-23
2024062303020890,GFCL,41,41,230.0,570.0,131100.0,2024-06-23
2024062303020889,GFCL,41,52,506.0,570.0,288420.0,2024-06-23
2024062303020888,GFCL,41,11,200.0,570.0,114000.0,2024-06-23
2024062303020887,GFCL,41,41,50.0,570.0,28500.0,2024-06-23
2024062303020886,GFCL,41,34,100.0,570.0,57000.0,2024-06-23
2024062303020885,GFCL,41,34,200.0,570.0,114000.0,2024-06-23
2024062303020884,GFCL,41,56,50.0,570.0,28500.0,2024-06-23
2024062303020883,GFCL,41,47,25.0,570.0,14250.0,2024-06-23
2024062303020882,GFCL,41,14,100.0,570.0,57000.0,2024-06-23
2024062303020881,GFCL,41,49,37.0,570.0,21090.0,2024-06-23
2024062303020880,GFCL,41,34,500.0,570.0,285000.0,2024-06-23
2024062303020879,GFCL,41,51,50.0,570.0,28500.0,2024-06-23
2024062303020878,GFCL,41,36,1000.0,570.0,570000.0,2024-06-23
2024062303020877,GFCL,41,17,1000.0,570.0,570000.0,2024-06-23
2024062303020876,GFCL,41,57,100.0,570.0,57000.0,2024-06-23
2024062303020875,GFCL,41,5,200.0,569.9,113980.0,2024-06-23
2024062303020874,GFCL,41,54,70.0,569.1,39837.0,2024-06-23
2024062303020873,GFCL,41,58,200.0,569.0,113800.0,2024-06-23
2024062303020872,GFCL,41,34,500.0,569.0,284500.0,2024-06-23
2024062303020871,GFCL,41,14,15.0,568.9,8533.5,2024-06-23
2024062303020870,GFCL,41,1,83.0,567.5,47102.5,2024-06-23
2024062303020869,GFCL,41,54,100.0,567.0,56700.0,2024-06-23
2024062303020868,GFCL,41,54,100.0,567.0,56700.0,2024-06-23
2024062303020867,GFCL,41,51,200.0,567.0,113400.0,2024-06-23
2024062303020866,GFCL,41,53,172.0,567.0,97524.0,2024-06-23
2024062303020865,GFCL,41,47,11.0,567.0,6237.0,2024-06-23
2024062303020864,GFCL,41,57,619.0,567.0,350973.0,2024-06-23
2024062303020863,GFCL,41,65,1000.0,566.9,566900.0,2024-06-23
2024062303020862,GFCL,41,39,185.0,566.9,104876.5,2024-06-23
2024062303020861,GFCL,41,69,100.0,566.8,56680.0,2024-06-23
2024062303020860,GFCL,41,5,100.0,566.8,56680.0,2024-06-23
2024062303020859,GFCL,41,49,100.0,566.7,56670.0,2024-06-23
2024062303020858,SIFC,38,42,30.0,473.5,14205.0,2024-06-23
2024062304010703,SICL,66,33,10.0,690.0,6900.0,2024-06-23
2024062303020857,NICLBSL,38,62,10.0,637.0,6370.0,2024-06-23
2024062301023505,MEHL,32,38,30.0,343.0,10290.0,2024-06-23
2024062301023504,RHGCL,26,22,10.0,355.0,3550.0,2024-06-23
2024062301023503,PPL,58,36,100.0,455.0,45500.0,2024-06-23
2024062301023502,PPL,58,35,10.0,455.0,4550.0,2024-06-23
2024062301023501,PPL,58,35,100.0,455.0,45500.0,2024-06-23
2024062301023500,PPL,58,34,10.0,455.0,4550.0,2024-06-23
2024062301023499,PPL,58,46,10.0,455.0,4550.0,2024-06-23
2024062301023498,PPL,58,28,210.0,455.0,95550.0,2024-06-23
2024062301023497,PPL,58,35,100.0,454.5,45450.0,2024-06-23
2024062301023496,PPL,58,45,52.0,454.0,23608.0,2024-06-23
2024062301023495,PPL,58,33,20.0,453.6,9072.0,2024-06-23
2024062301023494,PPL,58,29,10.0,453.0,4530.0,2024-06-23
2024062301023493,PPL,58,42,10.0,452.0,4520.0,2024-06-23
2024062301023492,PPL,58,35,117.0,451.0,52767.0,2024-06-23
2024062301023491,PPL,58,45,48.0,450.0,21600.0,2024-06-23
2024062303020856,SDLBSL,58,65,300.0,1360.7,408210.0,2024-06-23
2024062303020855,SDLBSL,58,62,10.0,1360.7,13607.0,2024-06-23
2024062303020854,SDLBSL,58,28,10.0,1360.0,13600.0,2024-06-23
2024062303020853,SDLBSL,58,69,100.0,1338.0,133800.0,2024-06-23
2024062303020852,SDLBSL,58,14,10.0,1264.8,12648.0,2024-06-23
2024062303020851,SDLBSL,58,71,50.0,1256.0,62800.0,2024-06-23
2024062303020850,SDLBSL,58,52,22.0,1254.0,27588.0,2024-06-23
2024062303020849,SDLBSL,58,8,50.0,1254.0,62700.0,2024-06-23
2024062303020848,SDLBSL,58,58,50.0,1254.0,62700.0,2024-06-23
2024062303020847,SDLBSL,58,38,300.0,1254.0,376200.0,2024-06-23
2024062303020846,SDLBSL,58,58,83.0,1252.5,103957.5,2024-06-23
2024062303020845,SDLBSL,58,75,200.0,1250.0,250000.0,2024-06-23
2024062303020844,SDLBSL,58,28,100.0,1249.0,124900.0,2024-06-23
2024062303020843,SDLBSL,58,28,100.0,1248.0,124800.0,2024-06-23
2024062303020842,SDLBSL,58,8,50.0,1244.4,62220.0,2024-06-23
2024062303020841,SDLBSL,58,28,23.0,1240.0,28520.0,2024-06-23
2024062303020840,SDLBSL,58,77,400.0,1240.0,496000.0,2024-06-23
2024062303020839,SDLBSL,58,34,70.0,1240.0,86800.0,2024-06-23
2024062303020838,SDLBSL,58,17,170.0,1239.0,210630.0,2024-06-23
2024062303020837,SDLBSL,58,28,120.0,1239.0,148680.0,2024-06-23
2024062303020836,SDLBSL,58,28,23.0,1237.0,28451.0,2024-06-23
2024062303020835,SDLBSL,58,6,200.0,1235.0,247000.0,2024-06-23
2024062303020834,SDLBSL,58,8,150.0,1234.9,185235.0,2024-06-23
2024062303020833,SDLBSL,58,59,36.0,1234.8,44452.8,2024-06-23
2024062303020832,SDLBSL,58,44,11.0,1234.0,13574.0,2024-06-23
2024062303020831,SDLBSL,58,62,100.0,1230.2,123020.0,2024-06-23
2024062303020830,SDLBSL,58,54,25.0,1230.0,30750.0,2024-06-23
2024062303020829,SDLBSL,58,82,50.0,1230.0,61500.0,2024-06-23
2024062303020828,SDLBSL,58,42,50.0,1230.0,61500.0,2024-06-23
2024062303020827,SDLBSL,58,56,17.0,1229.1,20894.7,2024-06-23
2024062303020826,SDLBSL,58,28,50.0,1228.0,61400.0,2024-06-23
2024062303020825,SDLBSL,58,42,90.0,1226.0,110340.0,2024-06-23
2024062303020824,SDLBSL,58,58,100.0,1225.0,122500.0,2024-06-23
2024062303020823,SDLBSL,58,38,80.0,1224.0,97920.0,2024-06-23
2024062301023490,UNL,38,38,10.0,44999.0,449990.0,2024-06-23
2024062305005899,SMATA,38,3,30.0,1008.0,30240.0,2024-06-23
2024062305005898,SMATA,38,38,170.0,1008.0,171360.0,2024-06-23
2024062305005897,SMATA,38,4,150.0,1007.0,151050.0,2024-06-23
2024062305005896,SMATA,38,34,150.0,1006.0,150900.0,2024-06-23
2024062303020822,CFCL,35,21,59.0,464.0,27376.0,2024-06-23
2024062303020821,CFCL,35,58,20.0,464.0,9280.0,2024-06-23
2024062303020820,CFCL,35,50,50.0,464.0,23200.0,2024-06-23
2024062303020819,CFCL,35,32,56.0,464.0,25984.0,2024-06-23
2024062303020818,CFCL,35,29,250.0,464.0,116000.0,2024-06-23
2024062303020817,CFCL,35,13,100.0,464.0,46400.0,2024-06-23
2024062303020816,CFCL,35,38,500.0,464.0,232000.0,2024-06-23
2024062303020815,CFCL,35,33,40.0,464.0,18560.0,2024-06-23
2024062303020814,CFCL,35,10,800.0,464.0,371200.0,2024-06-23
2024062303020813,CFCL,35,58,75.0,464.0,34800.0,2024-06-23
2024062303020812,CFCL,35,45,50.0,463.0,23150.0,2024-06-23
2024062301023489,BHDC,58,19,500.0,585.0,292500.0,2024-06-23
2024062304010702,UPCL,18,54,50.0,190.0,9500.0,2024-06-23
2024062301023488,MMKJL,58,58,10.0,490.5,4905.0,2024-06-23
2024062305005895,NIFRA,1,25,10.0,192.0,1920.0,2024-06-23
2024062305005894,NIFRA,1,19,20.0,191.5,3830.0,2024-06-23
2024062303020811,CORBL,1,14,10.0,505.0,5050.0,2024-06-23
2024062304010701,HURJA,57,57,125.0,303.0,37875.0,2024-06-23
2024062304010700,HURJA,57,36,275.0,303.0,83325.0,2024-06-23
2024062301023487,BNHC,28,52,20.0,653.0,13060.0,2024-06-23
2024062301023486,VLUCL,44,35,20.0,512.0,10240.0,2024-06-23
2024062301023485,MMKJL,58,34,100.0,490.5,49050.0,2024-06-23
2024062301023484,MLBS,34,91,10.0,1333.9,13339.0,2024-06-23
2024062303020810,KRBL,10,62,30.0,439.0,13170.0,2024-06-23
2024062303020809,ALICL,62,50,10.0,560.0,5600.0,2024-06-23
2024062301023483,RHGCL,21,22,100.0,355.0,35500.0,2024-06-23
2024062301023482,HDL,21,58,50.0,1256.0,62800.0,2024-06-23
2024062303020808,RLFL,21,21,20.0,445.5,8910.0,2024-06-23
2024062303020807,HLI,21,53,146.0,378.0,55188.0,2024-06-23
2024062303020806,HLI,21,45,854.0,378.0,322812.0,2024-06-23
2024062303020805,SFCL,6,21,20.0,463.1,9262.0,2024-06-23
2024062303020804,GUFL,22,45,10.0,782.0,7820.0,2024-06-23
2024062301023481,SPHL,36,25,25.0,537.5,13437.5,2024-06-23
2024062301023480,MKLB,36,55,36.0,1350.0,48600.0,2024-06-23
2024062301023479,MKLB,36,52,64.0,1350.0,86400.0,2024-06-23
2024062304010699,SALICO,33,42,400.0,691.1,276440.0,2024-06-23
2024062303020803,BFC,6,54,10.0,474.0,4740.0,2024-06-23
2024062301023478,NABIL,40,63,117.0,467.0,54639.0,2024-06-23
2024062301023477,NABIL,40,43,20.0,467.0,9340.0,2024-06-23
2024062301023476,NABIL,40,26,150.0,467.0,70050.0,2024-06-23
2024062301023475,NABIL,40,50,200.0,467.0,93400.0,2024-06-23
2024062301023474,NABIL,40,42,60.0,467.0,28020.0,2024-06-23
2024062301023473,NABIL,40,42,230.0,467.0,107410.0,2024-06-23
2024062301023472,NABIL,40,36,110.0,466.9,51359.0,2024-06-23
2024062301023471,NABIL,40,58,30.0,466.9,14007.0,2024-06-23
2024062301023470,NABIL,40,21,10.0,466.9,4669.0,2024-06-23
2024062301023469,NABIL,40,42,73.0,466.9,34083.7,2024-06-23
2024062303020802,SFCL,8,38,100.0,464.0,46400.0,2024-06-23
2024062303020801,MFIL,35,32,20.0,541.1,10822.0,2024-06-23
2024062301023468,LSL,45,16,10.0,154.5,1545.0,2024-06-23
2024062303020800,PROFL,1,43,32.0,427.0,13664.0,2024-06-23
2024062301023467,IHL,35,43,50.0,420.0,21000.0,2024-06-23
2024062303020799,PROFL,22,43,10.0,427.0,4270.0,2024-06-23
2024062303020798,PROFL,58,43,10.0,427.0,4270.0,2024-06-23
2024062303020797,PROFL,14,43,353.0,427.0,150731.0,2024-06-23
2024062303020796,ILBS,66,14,20.0,1167.0,23340.0,2024-06-23
2024062304010698,HURJA,66,36,75.0,303.0,22725.0,2024-06-23
2024062304010697,HURJA,66,46,25.0,303.0,7575.0,2024-06-23
2024062303020795,PFL,41,26,200.0,659.4,131880.0,2024-06-23
2024062304010696,RADHI,17,36,200.0,258.1,51620.0,2024-06-23
2024062304010695,SSHL,39,13,50.0,174.0,8700.0,2024-06-23
2024062304010694,UPCL,32,13,100.0,189.5,18950.0,2024-06-23
2024062303020794,BFC,13,54,10.0,474.0,4740.0,2024-06-23
2024062303020793,GUFL,41,13,325.0,781.0,253825.0,2024-06-23
2024062303020792,GUFL,34,13,100.0,781.1,78110.0,2024-06-23
2024062303020791,GUFL,55,13,50.0,781.1,39055.0,2024-06-23
2024062303020790,GUFL,26,13,100.0,781.2,78120.0,2024-06-23
2024062303020789,GUFL,42,13,125.0,781.5,97687.5,2024-06-23
2024062303020788,GILB,18,19,200.0,1406.0,281200.0,2024-06-23
2024062305005893,CHDC,50,60,1000.0,1026.0,1026000.0,2024-06-23
2024062305005892,CHDC,16,60,490.0,1026.1,502789.0,2024-06-23
2024062301023466,CKHL,58,34,10.0,578.1,5781.0,2024-06-23
2024062303020787,HLBSL,74,42,150.0,1269.9,190485.0,2024-06-23
2024062303020786,HLBSL,74,14,55.0,1269.0,69795.0,2024-06-23
2024062303020785,HLBSL,74,34,200.0,1269.0,253800.0,2024-06-23
2024062303020784,HLBSL,74,34,200.0,1269.0,253800.0,2024-06-23
2024062303020783,HLBSL,74,40,200.0,1269.0,253800.0,2024-06-23
2024062303020782,HLBSL,74,40,150.0,1266.0,189900.0,2024-06-23
2024062303020781,HLBSL,74,43,10.0,1265.0,12650.0,2024-06-23
2024062303020780,HLBSL,74,40,35.0,1265.0,44275.0,2024-06-23
2024062301023465,MSHL,34,18,10.0,669.0,6690.0,2024-06-23
2024062301023464,DORDI,77,34,120.0,420.0,50400.0,2024-06-23
2024062301023463,DORDI,77,34,40.0,420.0,16800.0,2024-06-23
2024062301023462,DORDI,77,58,10.0,419.0,4190.0,2024-06-23
2024062301023461,DORDI,77,29,200.0,419.0,83800.0,2024-06-23
2024062301023460,DORDI,77,35,10.0,418.0,4180.0,2024-06-23
2024062301023459,DORDI,77,58,10.0,418.0,4180.0,2024-06-23
2024062301023458,DORDI,77,21,100.0,417.9,41790.0,2024-06-23
2024062301023457,DORDI,77,55,80.0,417.5,33400.0,2024-06-23
2024062301023456,DORDI,77,11,300.0,416.0,124800.0,2024-06-23
2024062301023455,DORDI,77,49,10.0,416.0,4160.0,2024-06-23
2024062301023454,DORDI,77,57,10.0,416.0,4160.0,2024-06-23
2024062301023453,DORDI,77,43,100.0,415.9,41590.0,2024-06-23
2024062301023452,DORDI,77,93,10.0,414.5,4145.0,2024-06-23
2024062301023451,VLUCL,42,35,10.0,512.0,5120.0,2024-06-23
2024062301023450,VLUCL,42,48,10.0,510.0,5100.0,2024-06-23
2024062301023449,BGWT,81,40,100.0,947.0,94700.0,2024-06-23
2024062304010693,IGI,40,34,10.0,522.8,5228.0,2024-06-23
2024062303020779,NABBC,64,38,50.0,531.0,26550.0,2024-06-23
2024062303020778,ICFC,59,41,100.0,558.3,55830.0,2024-06-23
2024062304010692,SHL,16,34,200.0,421.0,84200.0,2024-06-23
2024062303020777,LBBL,26,56,50.0,375.0,18750.0,2024-06-23
2024062301023448,PHCL,77,29,50.0,321.1,16055.0,2024-06-23
2024062301023447,PHCL,77,29,40.0,321.9,12876.0,2024-06-23
2024062303020776,GILB,18,7,100.0,1406.0,140600.0,2024-06-23
2024062303020775,CORBL,48,14,10.0,505.0,5050.0,2024-06-23
2024062301023446,DOLTI,32,42,20.0,413.1,8262.0,2024-06-23
2024062304010691,UPCL,32,32,46.0,189.5,8717.0,2024-06-23
2024062303020774,PFL,41,16,200.0,659.4,131880.0,2024-06-23
2024062304010690,SHEL,43,34,105.0,157.0,16485.0,2024-06-23
2024062303020773,NABBC,35,38,10.0,531.0,5310.0,2024-06-23
2024062301023445,NYADI,38,63,100.0,302.0,30200.0,2024-06-23
2024062303020772,CFCL,71,58,190.0,464.0,88160.0,2024-06-23
2024062303020771,CFCL,71,28,200.0,463.9,92780.0,2024-06-23
2024062303020770,CFCL,71,20,100.0,463.9,46390.0,2024-06-23
2024062303020769,CFCL,71,11,95.0,463.4,44023.0,2024-06-23
2024062303020768,CFCL,71,42,100.0,463.0,46300.0,2024-06-23
2024062303020767,CFCL,71,14,100.0,463.0,46300.0,2024-06-23
2024062303020766,CFCL,71,34,61.0,463.0,28243.0,2024-06-23
2024062303020765,CFCL,71,59,154.0,463.0,71302.0,2024-06-23
2024062301023444,RFPL,34,57,283.0,362.0,102446.0,2024-06-23
2024062301023443,RFPL,29,57,217.0,365.0,79205.0,2024-06-23
2024062304010689,KPCL,5,42,20.0,458.0,9160.0,2024-06-23
2024062303020764,HLBSL,62,40,35.0,1265.0,44275.0,2024-06-23
2024062303020763,HLBSL,62,40,150.0,1264.0,189600.0,2024-06-23
2024062303020762,HLBSL,62,6,10.0,1264.0,12640.0,2024-06-23
2024062303020761,HLBSL,62,5,22.0,1264.0,27808.0,2024-06-23
2024062303020760,HLBSL,62,53,87.0,1263.9,109959.3,2024-06-23
2024062303020759,HLBSL,62,40,50.0,1262.0,63100.0,2024-06-23
2024062303020758,HLBSL,62,60,500.0,1260.0,630000.0,2024-06-23
2024062303020757,HLBSL,62,18,50.0,1259.9,62995.0,2024-06-23
2024062303020756,HLBSL,62,34,100.0,1259.2,125920.0,2024-06-23
2024062303020755,HLBSL,62,34,100.0,1259.1,125910.0,2024-06-23
2024062303020754,HLBSL,62,60,500.0,1259.0,629500.0,2024-06-23
2024062303020753,HLBSL,62,34,100.0,1259.0,125900.0,2024-06-23
2024062303020752,HLBSL,62,57,100.0,1259.0,125900.0,2024-06-23
2024062303020751,HLBSL,62,14,50.0,1258.9,62945.0,2024-06-23
2024062303020750,HLBSL,62,18,20.0,1258.9,25178.0,2024-06-23
2024062303020749,HLBSL,62,16,126.0,1258.0,158508.0,2024-06-23
2024062303020748,NICLBSL,46,7,100.0,635.1,63510.0,2024-06-23
2024062303020747,NICLBSL,45,7,50.0,635.2,31760.0,2024-06-23
2024062303020746,NICLBSL,26,7,29.0,635.2,18420.8,2024-06-23
2024062303020745,NICLBSL,6,7,10.0,635.3,6353.0,2024-06-23
2024062303020744,NICLBSL,62,7,11.0,635.3,6988.3,2024-06-23
2024062301023442,CZBIL,41,49,34.0,164.0,5576.0,2024-06-23
2024062303020743,SLBBL,37,34,10.0,805.0,8050.0,2024-06-23
2024062301023441,HBL,21,50,10.0,176.5,1765.0,2024-06-23
2024062303020742,VLBS,58,21,20.0,983.0,19660.0,2024-06-23
2024062301023440,SMJC,33,65,1000.0,391.0,391000.0,2024-06-23
2024062301023439,MAKAR,25,36,100.0,399.5,39950.0,2024-06-23
2024062301023438,SMJC,33,36,10.0,391.0,3910.0,2024-06-23
2024062304010688,KKHC,42,6,10.0,228.0,2280.0,2024-06-23
2024062301023437,CLI,17,85,310.0,480.0,148800.0,2024-06-23
2024062301023436,CLI,17,85,40.0,480.2,19208.0,2024-06-23
2024062301023435,SONA,50,45,10.0,438.1,4381.0,2024-06-23
2024062301023434,MANDU,65,45,10.0,1042.0,10420.0,2024-06-23
2024062303020741,SFCL,17,38,300.0,464.0,139200.0,2024-06-23
2024062303020740,GUFL,58,45,140.0,782.0,109480.0,2024-06-23
2024062303020739,FMDBL,45,57,200.0,660.2,132040.0,2024-06-23
2024062301023433,RFPL,29,57,100.0,365.0,36500.0,2024-06-23
2024062304010687,SHEL,57,34,100.0,157.0,15700.0,2024-06-23
2024062303020738,SDLBSL,19,38,10.0,1224.0,12240.0,2024-06-23
2024062305005891,HIDCL,14,44,94.0,159.0,14946.0,2024-06-23
2024062305005890,HIDCL,40,44,50.0,159.0,7950.0,2024-06-23
2024062305005889,HIDCL,42,44,44.0,159.0,6996.0,2024-06-23
2024062305005888,HIDCL,22,44,100.0,159.0,15900.0,2024-06-23
2024062305005887,HIDCL,46,44,100.0,159.0,15900.0,2024-06-23
2024062305005886,HIDCL,1,44,600.0,159.0,95400.0,2024-06-23
2024062305005885,HIDCL,38,44,200.0,159.0,31800.0,2024-06-23
2024062305005884,HIDCL,52,44,1500.0,159.0,238500.0,2024-06-23
2024062305005883,HIDCL,48,44,200.0,159.0,31800.0,2024-06-23
2024062305005882,HIDCL,68,44,300.0,159.0,47700.0,2024-06-23
2024062305005881,HIDCL,39,44,300.0,159.0,47700.0,2024-06-23
2024062305005880,HIDCL,58,44,200.0,159.0,31800.0,2024-06-23
2024062305005879,HIDCL,13,44,200.0,159.1,31820.0,2024-06-23
2024062305005878,HIDCL,58,44,200.0,159.1,31820.0,2024-06-23
2024062305005877,HIDCL,58,44,315.0,159.1,50116.5,2024-06-23
2024062305005876,HIDCL,16,44,300.0,159.1,47730.0,2024-06-23
2024062305005875,HIDCL,58,44,90.0,159.1,14319.0,2024-06-23
2024062305005874,HIDCL,1,44,255.0,159.2,40596.0,2024-06-23
2024062305005873,HIDCL,52,44,3020.0,159.2,480784.0,2024-06-23
2024062305005872,HIDCL,44,44,1000.0,159.2,159200.0,2024-06-23
2024062305005871,HIDCL,34,44,300.0,159.2,47760.0,2024-06-23
2024062305005870,HIDCL,57,44,1000.0,159.3,159300.0,2024-06-23
2024062305005869,HIDCL,38,44,100.0,159.3,15930.0,2024-06-23
2024062305005868,HIDCL,44,44,1000.0,159.3,159300.0,2024-06-23
2024062305005867,HIDCL,43,44,306.0,159.5,48807.0,2024-06-23
2024062305005866,HIDCL,41,44,13.0,159.5,2073.5,2024-06-23
2024062305005865,HIDCL,43,44,306.0,159.5,48807.0,2024-06-23
2024062305005864,HIDCL,43,44,168.0,159.5,26796.0,2024-06-23
2024062305005863,HIDCL,4,44,400.0,159.6,63840.0,2024-06-23
2024062303020737,HLBSL,49,16,74.0,1258.0,93092.0,2024-06-23
2024062303020736,HLBSL,49,6,500.0,1258.0,629000.0,2024-06-23
2024062303020735,HLBSL,49,59,200.0,1250.0,250000.0,2024-06-23
2024062303020734,HLBSL,49,34,100.0,1249.0,124900.0,2024-06-23
2024062303020733,HLBSL,49,40,126.0,1248.0,157248.0,2024-06-23
2024062303020732,MDB,40,49,140.0,485.0,67900.0,2024-06-23
2024062303020731,SFCL,11,38,555.0,464.0,257520.0,2024-06-23
2024062301023432,NIMB,34,38,335.0,155.0,51925.0,2024-06-23
2024062301023431,NIMB,34,38,3431.0,155.0,531805.0,2024-06-23
2024062301023430,NIMB,34,57,500.0,155.0,77500.0,2024-06-23
2024062301023429,NIMB,34,41,876.0,155.0,135780.0,2024-06-23
2024062301023428,SMHL,65,60,500.0,619.0,309500.0,2024-06-23
2024062301023427,USHEC,25,32,10.0,450.0,4500.0,2024-06-23
2024062303020730,SKBBL,17,25,19.0,805.1,15296.9,2024-06-23
2024062301023426,SCB,10,45,20.0,561.0,11220.0,2024-06-23
2024062301023425,MKHC,45,58,1000.0,319.0,319000.0,2024-06-23
2024062301023424,CITY,45,88,50.0,676.0,33800.0,2024-06-23
2024062303020729,SLBSL,32,38,10.0,1243.0,12430.0,2024-06-23
2024062301023423,RHGCL,32,22,40.0,355.0,14200.0,2024-06-23
2024062301023422,MEL,16,53,490.0,224.7,110103.0,2024-06-23
2024062301023421,MEL,16,45,10.0,224.5,2245.0,2024-06-23
2024062303020728,ICFC,59,35,150.0,558.3,83745.0,2024-06-23
2024062303020727,GUFL,35,45,40.0,782.0,31280.0,2024-06-23
2024062304010686,SPDL,17,6,11.0,249.6,2745.6,2024-06-23
2024062301023420,JBLB,58,50,19.0,1324.0,25156.0,2024-06-23
2024062304010685,IGI,13,58,48.0,519.2,24921.6,2024-06-23
2024062304010684,IGI,29,58,10.0,519.5,5195.0,2024-06-23
2024062304010683,IGI,42,58,744.0,519.5,386508.0,2024-06-23
2024062304010682,IGI,25,58,20.0,520.0,10400.0,2024-06-23
2024062304010681,IGI,34,58,78.0,520.0,40560.0,2024-06-23
2024062301023419,SONA,57,11,10.0,439.0,4390.0,2024-06-23
2024062303020726,PFL,41,3,100.0,659.4,65940.0,2024-06-23
2024062301023418,MHL,72,21,285.0,535.0,152475.0,2024-06-23
2024062301023417,MHL,72,35,10.0,535.0,5350.0,2024-06-23
2024062301023416,MHL,72,14,10.0,535.0,5350.0,2024-06-23
2024062301023415,MHL,72,33,695.0,535.0,371825.0,2024-06-23
2024062301023414,AVYAN,62,14,41.0,903.9,37059.9,2024-06-23
2024062301023413,AVYAN,62,57,60.0,902.0,54120.0,2024-06-23
2024062304010680,NIL,48,18,10.0,796.0,7960.0,2024-06-23
2024062304010679,GLH,70,77,284.0,212.6,60378.4,2024-06-23
2024062304010678,GLH,93,77,30.0,213.0,6390.0,2024-06-23
2024062304010677,GLH,72,77,25.0,213.0,5325.0,2024-06-23
2024062304010676,GLH,49,77,21.0,213.1,4475.1,2024-06-23
2024062304010675,GLH,39,77,100.0,214.0,21400.0,2024-06-23
2024062304010674,GLH,39,77,40.0,214.8,8592.0,2024-06-23
2024062304010673,CHL,32,21,265.0,313.2,82998.0,2024-06-23
2024062304010672,CHL,11,21,50.0,314.0,15700.0,2024-06-23
2024062304010671,AKJCL,17,80,703.0,208.0,146224.0,2024-06-23
2024062304010670,AKJCL,45,80,297.0,208.0,61776.0,2024-06-23
2024062304010669,AKJCL,43,80,500.0,208.2,104100.0,2024-06-23
2024062304010668,AKJCL,58,80,500.0,209.0,104500.0,2024-06-23
2024062301023412,DOLTI,42,42,20.0,413.1,8262.0,2024-06-23
2024062301023411,DOLTI,45,42,216.0,413.1,89229.6,2024-06-23
2024062301023410,DOLTI,45,42,774.0,413.1,319739.4,2024-06-23
2024062301023409,DOLTI,58,42,100.0,413.2,41320.0,2024-06-23
2024062301023408,DOLTI,34,42,126.0,413.2,52063.2,2024-06-23
2024062304010667,AHPC,8,42,20.0,153.3,3066.0,2024-06-23
2024062301023407,BNHC,48,6,10.0,644.0,6440.0,2024-06-23
2024062301023406,NESDO,85,45,38.0,2021.0,76798.0,2024-06-23
2024062301023405,NESDO,14,45,100.0,2025.1,202510.0,2024-06-23
2024062301023404,NESDO,21,45,10.0,2030.0,20300.0,2024-06-23
2024062301023403,NESDO,34,45,22.0,2030.0,44660.0,2024-06-23
2024062301023402,NESDO,8,45,30.0,2032.2,60966.0,2024-06-23
2024062301023401,ILI,45,71,20.0,424.5,8490.0,2024-06-23
2024062303020725,VLBS,58,32,300.0,983.0,294900.0,2024-06-23
2024062304010666,DHPL,43,43,10.0,203.8,2038.0,2024-06-23
2024062303020724,PFL,41,26,300.0,659.4,197820.0,2024-06-23
2024062303020723,NUBL,38,78,10.0,666.9,6669.0,2024-06-23
2024062301023400,RNLI,56,34,55.0,420.1,23105.5,2024-06-23
2024062303020722,KSBBL,33,62,10.0,366.0,3660.0,2024-06-23
2024062301023399,MSHL,57,35,10.0,668.0,6680.0,2024-06-23
2024062301023398,TSHL,60,53,80.0,559.9,44792.0,2024-06-23
2024062304010665,BARUN,64,7,5000.0,303.0,1515000.0,2024-06-23
2024062301023397,MANDU,65,47,10.0,1042.0,10420.0,2024-06-23
2024062301023396,MHCL,58,47,500.0,400.0,200000.0,2024-06-23
2024062303020721,SFCL,6,53,230.0,463.1,106513.0,2024-06-23
2024062305005862,NIFRA,58,50,100.0,190.3,19030.0,2024-06-23
2024062305005861,NIFRA,35,50,1000.0,191.0,191000.0,2024-06-23
2024062305005860,NRN,50,58,700.0,658.0,460600.0,2024-06-23
2024062301023395,KBL,29,34,707.0,136.7,96646.9,2024-06-23
2024062301023394,KBL,53,34,200.0,136.8,27360.0,2024-06-23
2024062301023393,KBL,34,34,20.0,136.8,2736.0,2024-06-23
2024062301023392,KBL,50,34,73.0,136.8,9986.4,2024-06-23
2024062305005859,HRL,50,34,10.0,546.7,5467.0,2024-06-23
2024062303020720,NADEP,22,60,100.0,806.0,80600.0,2024-06-23
2024062304010664,GLH,25,17,440.0,215.0,94600.0,2024-06-23
2024062304010663,GLH,25,35,10.0,215.0,2150.0,2024-06-23
2024062301023391,BGWT,66,7,40.0,960.0,38400.0,2024-06-23
2024062301023390,BGWT,66,52,10.0,959.0,9590.0,2024-06-23
2024062303020719,CBBL,58,26,40.0,832.0,33280.0,2024-06-23
2024062303020718,CBBL,58,26,20.0,832.0,16640.0,2024-06-23
2024062303020717,CBBL,58,26,32.0,832.0,26624.0,2024-06-23
2024062303020716,CBBL,57,26,189.0,832.0,157248.0,2024-06-23
2024062304010662,SGIC,26,6,10.0,526.0,5260.0,2024-06-23
2024062303020715,KRBL,14,1,50.0,438.2,21910.0,2024-06-23
2024062301023389,SIKLES,35,80,10.0,645.0,6450.0,2024-06-23
2024062301023388,SIKLES,35,38,10.0,642.6,6426.0,2024-06-23
2024062301023387,SIKLES,35,45,100.0,642.0,64200.0,2024-06-23
2024062301023386,SIKLES,35,45,1500.0,642.0,963000.0,2024-06-23
2024062301023385,SIKLES,35,83,1000.0,642.0,642000.0,2024-06-23
2024062301023384,SIKLES,35,49,552.0,638.5,352452.0,2024-06-23
2024062301023383,SIKLES,35,63,250.0,635.0,158750.0,2024-06-23
2024062301023382,SRLI,38,34,10.0,430.0,4300.0,2024-06-23
2024062301023381,SRLI,38,10,70.0,430.0,30100.0,2024-06-23
2024062303020714,NUBL,17,78,10.0,666.9,6669.0,2024-06-23
2024062303020713,PFL,17,8,286.0,660.0,188760.0,2024-06-23
2024062303020712,PFL,17,16,200.0,660.0,132000.0,2024-06-23
2024062303020711,PFL,17,34,14.0,660.0,9240.0,2024-06-23
2024062303020710,GUFL,39,45,100.0,782.0,78200.0,2024-06-23
2024062303020709,PFL,13,34,50.0,660.0,33000.0,2024-06-23
2024062301023380,RFPL,29,39,183.0,365.0,66795.0,2024-06-23
2024062301023379,RFPL,32,39,150.0,365.0,54750.0,2024-06-23
2024062301023378,SGHC,58,13,64.0,321.8,20595.2,2024-06-23
2024062301023377,SGHC,49,13,100.0,321.8,32180.0,2024-06-23
2024062303020708,ILBS,49,44,85.0,1165.0,99025.0,2024-06-23
2024062303020707,ILBS,5,44,15.0,1165.0,17475.0,2024-06-23
2024062303020706,ILBS,32,44,15.0,1165.3,17479.5,2024-06-23
2024062303020705,ILBS,53,44,120.0,1166.5,139980.0,2024-06-23
2024062303020704,ILBS,46,44,20.0,1166.5,23330.0,2024-06-23
2024062303020703,ILBS,32,44,10.0,1167.0,11670.0,2024-06-23
2024062301023376,MKCL,59,49,40.0,1102.0,44080.0,2024-06-23
2024062301023375,MKCL,41,49,10.0,1107.0,11070.0,2024-06-23
2024062303020702,LLBS,69,53,100.0,1180.0,118000.0,2024-06-23
2024062304010661,RADHI,1,65,745.0,258.0,192210.0,2024-06-23
2024062301023374,SONA,22,11,20.0,439.0,8780.0,2024-06-23
2024062301023373,MKHL,42,26,25.0,442.0,11050.0,2024-06-23
2024062303020701,SMFBS,63,58,10.0,1388.5,13885.0,2024-06-23
2024062303020700,SMFBS,63,22,11.0,1370.0,15070.0,2024-06-23
2024062304010660,GHL,92,45,330.0,148.4,48972.0,2024-06-23
2024062304010659,GHL,92,58,30.0,148.3,4449.0,2024-06-23
2024062304010658,GHL,92,54,500.0,148.0,74000.0,2024-06-23
2024062304010657,GHL,92,36,200.0,148.0,29600.0,2024-06-23
2024062304010656,GHL,92,58,20.0,148.0,2960.0,2024-06-23
2024062304010655,GHL,92,16,90.0,148.0,13320.0,2024-06-23
2024062304010654,GHL,92,53,340.0,148.0,50320.0,2024-06-23
2024062304010653,GHL,92,57,490.0,147.9,72471.0,2024-06-23
2024062304010652,UMRH,32,32,818.0,400.1,327281.8,2024-06-23
2024062304010651,UMRH,6,32,100.0,400.2,40020.0,2024-06-23
2024062304010650,UMRH,33,32,32.0,400.2,12806.4,2024-06-23
2024062304010649,UMRH,7,32,50.0,400.3,20015.0,2024-06-23
2024062303020699,GMFIL,16,47,10.0,444.5,4445.0,2024-06-23
2024062303020698,SIFC,45,26,50.0,473.0,23650.0,2024-06-23
2024062303020697,SIFC,45,26,100.0,473.0,47300.0,2024-06-23
2024062303020696,CFCL,25,1,200.0,462.0,92400.0,2024-06-23
2024062304010648,DHPL,45,52,200.0,203.0,40600.0,2024-06-23
2024062301023372,SHIVM,52,44,100.0,484.9,48490.0,2024-06-23
2024062304010647,BARUN,64,56,5000.0,303.0,1515000.0,2024-06-23
2024062304010646,SHL,87,38,200.0,420.2,84040.0,2024-06-23
2024062304010645,SHL,44,38,500.0,420.3,210150.0,2024-06-23
2024062304010644,SHL,87,38,900.0,420.4,378360.0,2024-06-23
2024062304010643,SHL,44,38,300.0,420.5,126150.0,2024-06-23
2024062304010642,SHL,16,38,100.0,420.6,42060.0,2024-06-23
2024062303020695,GFCL,41,33,100.0,566.0,56600.0,2024-06-23
2024062304010641,AKPL,33,13,50.0,162.5,8125.0,2024-06-23
2024062303020694,JFL,58,34,65.0,570.0,37050.0,2024-06-23
2024062303020693,JFL,58,38,35.0,570.0,19950.0,2024-06-23
2024062301023371,MEL,35,57,10.0,222.1,2221.0,2024-06-23
2024062301023370,CITY,29,57,145.0,675.1,97889.5,2024-06-23
2024062301023369,SARBTM,74,39,50.0,779.8,38990.0,2024-06-23
2024062303020692,PFL,11,34,80.0,660.0,52800.0,2024-06-23
2024062301023368,MKHL,47,26,25.0,442.0,11050.0,2024-06-23
2024062301023367,SPC,49,58,10.0,575.0,5750.0,2024-06-23
2024062304010640,HPPL,51,47,90.0,277.0,24930.0,2024-06-23
2024062304010639,HPPL,41,47,200.0,277.0,55400.0,2024-06-23
2024062304010638,HPPL,58,47,10.0,277.0,2770.0,2024-06-23
2024062301023366,RHGCL,21,22,10.0,355.0,3550.0,2024-06-23
2024062304010637,UPPER,21,65,1000.0,157.0,157000.0,2024-06-23
2024062303020691,RLFL,21,34,50.0,445.5,22275.0,2024-06-23
2024062303020690,GBLBS,44,42,402.0,757.0,304314.0,2024-06-23
2024062305005858,NICSF,4,82,800.0,9.1,7280.0,2024-06-23
2024062305005857,NICSF,4,54,200.0,9.1,1820.0,2024-06-23
2024062301023365,PPL,42,45,50.0,450.0,22500.0,2024-06-23
2024062301023364,PPL,34,45,18.0,450.0,8100.0,2024-06-23
2024062301023363,PPL,70,45,44.0,450.0,19800.0,2024-06-23
2024062301023362,PPL,52,45,20.0,450.1,9002.0,2024-06-23
2024062301023361,PPL,58,45,50.0,450.2,22510.0,2024-06-23
2024062303020689,WNLB,38,41,19.0,1484.0,28196.0,2024-06-23
2024062303020688,WNLB,38,52,21.0,1483.9,31161.9,2024-06-23
2024062303020687,WNLB,38,58,10.0,1480.0,14800.0,2024-06-23
2024062301023360,HDL,42,38,31.0,1255.0,38905.0,2024-06-23
2024062301023359,HDL,21,38,50.0,1255.1,62755.0,2024-06-23
2024062301023358,HDL,51,38,50.0,1255.1,62755.0,2024-06-23
2024062301023357,HDL,58,38,10.0,1255.2,12552.0,2024-06-23
2024062301023356,HDL,47,38,15.0,1255.5,18832.5,2024-06-23
2024062301023355,HDL,26,38,45.0,1255.5,56497.5,2024-06-23
2024062303020686,SDLBSL,25,17,10.0,1205.3,12053.0,2024-06-23
2024062305005856,CIT,7,38,30.0,2097.0,62910.0,2024-06-23
2024062303020685,KRBL,5,45,10.0,443.0,4430.0,2024-06-23
2024062304010636,GHL,49,57,50.0,147.9,7395.0,2024-06-23
2024062301023354,GVL,80,66,500.0,568.0,284000.0,2024-06-23
2024062303020684,NMBMF,21,6,114.0,690.0,78660.0,2024-06-23
2024062303020683,NMBMF,22,6,45.0,690.1,31054.5,2024-06-23
2024062303020682,NMBMF,45,6,200.0,690.1,138020.0,2024-06-23
2024062303020681,NMBMF,25,6,28.0,690.1,19322.8,2024-06-23
2024062303020680,NMBMF,49,6,28.0,690.1,19322.8,2024-06-23
2024062303020679,NMBMF,33,6,50.0,690.1,34505.0,2024-06-23
2024062303020678,NMBMF,32,6,180.0,690.1,124218.0,2024-06-23
2024062303020677,NMBMF,17,6,165.0,690.4,113916.0,2024-06-23
2024062303020676,NMBMF,33,6,190.0,690.5,131195.0,2024-06-23
2024062304010635,UNHPL,58,8,60.0,232.3,13938.0,2024-06-23
2024062303020675,GUFL,48,45,500.0,782.0,391000.0,2024-06-23
2024062303020674,GUFL,81,45,100.0,782.0,78200.0,2024-06-23
2024062303020673,GUFL,48,45,100.0,782.0,78200.0,2024-06-23
2024062303020672,SIFC,45,42,214.0,473.0,101222.0,2024-06-23
2024062303020671,SLBSL,32,42,10.0,1220.0,12200.0,2024-06-23
2024062301023353,IHL,35,29,62.0,421.0,26102.0,2024-06-23
2024062301023352,IHL,35,74,438.0,420.9,184354.2,2024-06-23
2024062301023351,NRM,28,95,220.0,385.8,84876.0,2024-06-23
2024062301023350,RNLI,58,34,100.0,420.1,42010.0,2024-06-23
2024062303020670,USLB,58,58,10.0,1685.0,16850.0,2024-06-23
2024062303020669,MFIL,41,50,100.0,542.6,54260.0,2024-06-23
2024062301023349,NRM,48,95,280.0,385.8,108024.0,2024-06-23
2024062304010634,SGIC,47,6,50.0,526.0,26300.0,2024-06-23
2024062304010633,SGIC,45,6,150.0,526.0,78900.0,2024-06-23
2024062304010632,SGIC,86,6,800.0,526.0,420800.0,2024-06-23
2024062304010631,SGIC,33,6,10.0,526.0,5260.0,2024-06-23
2024062304010630,SGIC,6,6,200.0,526.1,105220.0,2024-06-23
2024062304010629,SGIC,20,6,100.0,526.1,52610.0,2024-06-23
2024062304010628,SGIC,20,6,50.0,526.3,26315.0,2024-06-23
2024062304010627,SGIC,20,6,100.0,526.4,52640.0,2024-06-23
2024062304010626,SGIC,38,6,721.0,526.4,379534.4,2024-06-23
2024062304010625,SGIC,41,6,200.0,526.5,105300.0,2024-06-23
2024062304010624,SGIC,6,6,10.0,526.6,5266.0,2024-06-23
2024062304010623,SGIC,20,6,37.0,526.6,19484.2,2024-06-23
2024062304010622,GHL,86,14,150.0,147.2,22080.0,2024-06-23
2024062301023348,SCB,11,4,30.0,560.3,16809.0,2024-06-23
2024062301023347,SCB,32,4,20.0,560.5,11210.0,2024-06-23
2024062303020668,NABBC,16,94,300.0,530.2,159060.0,2024-06-23
2024062301023346,MHCL,35,47,50.0,403.0,20150.0,2024-06-23
2024062301023345,MHCL,35,42,50.0,402.9,20145.0,2024-06-23
2024062304010621,RIDI,33,52,20.0,165.8,3316.0,2024-06-23
2024062301023344,NIMB,38,41,500.0,155.0,77500.0,2024-06-23
2024062304010620,UMHL,37,29,1233.0,239.0,294687.0,2024-06-23
2024062304010619,UMHL,37,14,50.0,239.0,11950.0,2024-06-23
2024062304010618,UMHL,37,35,15.0,239.0,3585.0,2024-06-23
2024062304010617,UMHL,37,34,702.0,239.0,167778.0,2024-06-23
2024062304010616,AKJCL,44,80,40.0,210.0,8400.0,2024-06-23
2024062301023343,SMH,63,57,20.0,789.0,15780.0,2024-06-23
2024062301023342,SMH,38,57,10.0,789.0,7890.0,2024-06-23
2024062301023341,SMH,7,57,20.0,789.0,15780.0,2024-06-23
2024062301023340,RHGCL,57,22,300.0,355.0,106500.0,2024-06-23
2024062303020667,GFCL,41,62,400.0,566.0,226400.0,2024-06-23
2024062304010615,SPDL,60,6,10.0,249.6,2496.0,2024-06-23
2024062304010614,HEI,48,67,10.0,587.0,5870.0,2024-06-23
2024062303020666,KMCDB,77,34,259.0,1099.9,284874.1,2024-06-23
2024062303020665,KMCDB,77,59,20.0,1099.0,21980.0,2024-06-23
2024062303020664,KMCDB,77,96,200.0,1099.0,219800.0,2024-06-23
2024062303020663,KMCDB,77,59,20.0,1098.6,21972.0,2024-06-23
2024062303020662,KMCDB,77,16,280.0,1097.9,307412.0,2024-06-23
2024062303020661,KMCDB,77,69,10.0,1097.9,10979.0,2024-06-23
2024062303020660,KMCDB,77,69,10.0,1097.9,10979.0,2024-06-23
2024062303020659,KMCDB,77,69,10.0,1097.9,10979.0,2024-06-23
2024062303020658,KMCDB,77,69,10.0,1097.9,10979.0,2024-06-23
2024062303020657,KMCDB,77,69,10.0,1097.9,10979.0,2024-06-23
2024062303020656,KMCDB,77,95,90.0,1097.0,98730.0,2024-06-23
2024062303020655,KMCDB,77,55,24.0,1090.0,26160.0,2024-06-23
2024062303020654,KMCDB,77,48,61.0,1090.0,66490.0,2024-06-23
2024062303020653,KMCDB,77,7,30.0,1089.8,32694.0,2024-06-23
2024062303020652,KMCDB,77,32,50.0,1085.9,54295.0,2024-06-23
2024062303020651,KMCDB,77,95,100.0,1085.9,108590.0,2024-06-23
2024062303020650,KMCDB,77,33,200.0,1085.0,217000.0,2024-06-23
2024062303020649,KMCDB,77,95,186.0,1085.0,201810.0,2024-06-23
2024062303020648,KMCDB,77,34,100.0,1084.0,108400.0,2024-06-23
2024062303020647,KMCDB,77,21,50.0,1083.0,54150.0,2024-06-23
2024062303020646,KMCDB,77,59,280.0,1083.0,303240.0,2024-06-23
2024062304010613,PMHPL,49,52,80.0,229.8,18384.0,2024-06-23
2024062301023339,RHGCL,21,22,17.0,355.0,6035.0,2024-06-23
2024062301023338,RHGCL,21,43,10.0,355.0,3550.0,2024-06-23
2024062301023337,RHGCL,21,16,10.0,355.0,3550.0,2024-06-23
2024062301023336,RHGCL,21,18,100.0,355.0,35500.0,2024-06-23
2024062301023335,RHGCL,21,21,10.0,355.0,3550.0,2024-06-23
2024062301023334,RHGCL,21,21,153.0,355.0,54315.0,2024-06-23
2024062303020645,GBLBS,44,11,400.0,757.0,302800.0,2024-06-23
2024062301023333,MKHL,42,26,10.0,442.0,4420.0,2024-06-23
2024062301023332,MKHL,42,35,10.0,442.0,4420.0,2024-06-23
2024062305005855,NRIC,49,6,10.0,643.4,6434.0,2024-06-23
2024062303020644,SIFC,6,42,100.0,473.0,47300.0,2024-06-23
2024062305005854,ENL,42,4,50.0,957.5,47875.0,2024-06-23
2024062305005853,ENL,68,4,70.0,958.1,67067.0,2024-06-23
2024062305005852,NRN,58,16,100.0,657.0,65700.0,2024-06-23
2024062301023331,MANDU,65,54,10.0,1042.0,10420.0,2024-06-23
2024062304010612,SGIC,20,33,13.0,526.6,6845.8,2024-06-23
2024062304010611,SGIC,62,33,12.0,526.6,6319.2,2024-06-23
2024062303020643,GMFIL,42,39,50.0,443.0,22150.0,2024-06-23
2024062301023330,CYCL,47,39,50.0,1458.0,72900.0,2024-06-23
2024062301023329,CYCL,44,39,10.0,1458.0,14580.0,2024-06-23
2024062301023328,CYCL,58,39,59.0,1458.1,86027.9,2024-06-23
2024062301023327,CYCL,48,39,30.0,1460.0,43800.0,2024-06-23
2024062301023326,CYCL,58,39,10.0,1460.0,14600.0,2024-06-23
2024062301023325,MANDU,65,58,10.0,1042.0,10420.0,2024-06-23
2024062304010610,LEC,21,60,34.0,180.0,6120.0,2024-06-23
2024062304010609,LEC,58,60,210.0,180.0,37800.0,2024-06-23
2024062304010608,LEC,49,60,1000.0,180.0,180000.0,2024-06-23
2024062304010607,LEC,49,60,256.0,180.0,46080.0,2024-06-23
2024062301023324,SMHL,77,60,30.0,619.0,18570.0,2024-06-23
2024062301023323,SMHL,77,59,200.0,618.9,123780.0,2024-06-23
2024062301023322,SMHL,77,45,200.0,618.0,123600.0,2024-06-23
2024062301023321,SMHL,77,13,10.0,618.0,6180.0,2024-06-23
2024062301023320,SMHL,77,49,10.0,617.0,6170.0,2024-06-23
2024062301023319,SMHL,77,49,10.0,617.0,6170.0,2024-06-23
2024062301023318,SMHL,77,25,30.0,615.0,18450.0,2024-06-23
2024062301023317,SMHL,77,33,10.0,615.0,6150.0,2024-06-23
2024062305005851,NRN,58,49,500.0,657.0,328500.0,2024-06-23
2024062303020642,CFCL,25,52,350.0,462.0,161700.0,2024-06-23
2024062303020641,HLBSL,36,40,20.0,1248.0,24960.0,2024-06-23
2024062303020640,SJLIC,14,20,50.0,403.8,20190.0,2024-06-23
2024062303020639,PFL,64,34,100.0,660.0,66000.0,2024-06-23
2024062301023316,BGWT,16,7,20.0,960.0,19200.0,2024-06-23
2024062301023315,SMHL,52,62,10.0,613.7,6137.0,2024-06-23
2024062301023314,NMB,56,50,11.0,190.0,2090.0,2024-06-23
2024062301023313,NMB,56,57,28.0,190.0,5320.0,2024-06-23
2024062305005850,CHDC,16,17,10.0,1026.1,10261.0,2024-06-23
2024062303020638,ICFC,57,29,275.0,558.1,153477.5,2024-06-23
2024062301023312,SPL,59,62,495.0,754.0,373230.0,2024-06-23
2024062303020637,JBBL,48,83,738.0,284.7,210108.6,2024-06-23
2024062303020636,LLBS,49,14,10.0,1188.0,11880.0,2024-06-23
2024062301023311,GVL,80,66,1300.0,568.0,738400.0,2024-06-23
2024062301023310,GVL,80,38,100.0,567.9,56790.0,2024-06-23
2024062301023309,GVL,66,11,500.0,565.0,282500.0,2024-06-23
2024062301023308,USHEC,25,32,49.0,450.0,22050.0,2024-06-23
2024062301023307,USHEC,25,49,10.0,450.0,4500.0,2024-06-23
2024062301023306,USHEC,25,60,91.0,449.0,40859.0,2024-06-23
2024062301023305,USHEC,25,35,10.0,449.0,4490.0,2024-06-23
2024062301023304,USHEC,25,58,10.0,449.0,4490.0,2024-06-23
2024062301023303,USHEC,25,43,110.0,448.0,49280.0,2024-06-23
2024062301023302,USHEC,25,45,10.0,448.0,4480.0,2024-06-23
2024062301023301,USHEC,25,33,10.0,447.0,4470.0,2024-06-23
2024062301023300,PCBL,22,10,10.0,195.5,1955.0,2024-06-23
2024062305005849,HRL,42,83,28.0,548.0,15344.0,2024-06-23
2024062305005848,HRL,42,39,80.0,547.9,43832.0,2024-06-23
2024062305005847,HRL,42,61,92.0,547.0,50324.0,2024-06-23
2024062304010606,SPDL,59,32,46.0,247.0,11362.0,2024-06-23
2024062304010605,SPDL,29,32,134.0,247.1,33111.4,2024-06-23
2024062304010604,SPDL,49,32,60.0,247.2,14832.0,2024-06-23
2024062304010603,SPDL,52,32,10.0,247.3,2473.0,2024-06-23
2024062304010602,SPDL,39,32,50.0,247.4,12370.0,2024-06-23
2024062304010601,SPDL,22,32,500.0,247.5,123750.0,2024-06-23
2024062301023299,RHGCL,32,21,20.0,355.0,7100.0,2024-06-23
2024062305005846,CHDC,66,32,26.0,1028.0,26728.0,2024-06-23
2024062301023298,NICA,16,4,6.0,403.0,2418.0,2024-06-23
2024062301023297,NICA,16,51,15.0,403.0,6045.0,2024-06-23
2024062303020635,ICFC,57,35,200.0,558.1,111620.0,2024-06-23
2024062305005845,NRN,58,56,190.0,657.0,124830.0,2024-06-23
2024062304010600,SALICO,56,38,30.0,692.0,20760.0,2024-06-23
2024062303020634,GBLBS,44,20,50.0,757.0,37850.0,2024-06-23
2024062304010599,GHL,58,57,20.0,147.9,2958.0,2024-06-23
2024062301023296,ULBSL,58,58,10.0,2025.0,20250.0,2024-06-23
2024062303020633,SFCL,7,38,100.0,464.0,46400.0,2024-06-23
2024062304010598,SHPC,5,33,10.0,319.0,3190.0,2024-06-23
2024062303020632,ALICL,44,49,34.0,558.1,18975.4,2024-06-23
2024062303020631,ALICL,49,49,16.0,558.4,8934.4,2024-06-23
2024062304010597,NGPL,81,45,1500.0,312.0,468000.0,2024-06-23
2024062304010596,AKJCL,34,34,10.0,210.0,2100.0,2024-06-23
2024062301023295,SPC,36,48,10.0,575.0,5750.0,2024-06-23
2024062304010595,MEN,45,39,650.0,604.0,392600.0,2024-06-23
2024062304010594,MEN,45,16,11.0,604.0,6644.0,2024-06-23
2024062304010593,MEN,45,45,123.0,604.0,74292.0,2024-06-23
2024062304010592,MEN,45,57,700.0,603.0,422100.0,2024-06-23
2024062304010591,MEN,45,42,200.0,602.0,120400.0,2024-06-23
2024062304010590,MEN,45,22,75.0,602.0,45150.0,2024-06-23
2024062304010589,MEN,45,96,171.0,602.0,102942.0,2024-06-23
2024062304010588,MEN,45,56,70.0,601.9,42133.0,2024-06-23
2024062301023294,SMJC,45,54,230.0,392.0,90160.0,2024-06-23
2024062301023293,JBLB,17,45,12.0,1322.0,15864.0,2024-06-23
2024062301023292,NESDO,34,45,100.0,2030.0,203000.0,2024-06-23
2024062301023291,NESDO,32,45,100.0,2032.0,203200.0,2024-06-23
2024062301023290,SARBTM,29,39,10.0,779.8,7798.0,2024-06-23
2024062303020630,NMFBS,81,46,268.0,1303.4,349311.2,2024-06-23
2024062303020629,NMFBS,38,46,11.0,1304.0,14344.0,2024-06-23
2024062303020628,NMFBS,6,46,25.0,1304.0,32600.0,2024-06-23
2024062303020627,NMFBS,45,46,10.0,1304.0,13040.0,2024-06-23
2024062303020626,NMFBS,58,46,10.0,1304.0,13040.0,2024-06-23
2024062303020625,NMFBS,81,46,56.0,1304.0,73024.0,2024-06-23
2024062303020624,NMFBS,6,46,50.0,1304.1,65205.0,2024-06-23
2024062303020623,NMFBS,44,46,60.0,1305.0,78300.0,2024-06-23
2024062303020622,NFS,22,28,100.0,836.4,83640.0,2024-06-23
2024062303020621,GUFL,57,67,100.0,783.0,78300.0,2024-06-23
2024062303020620,PROFL,57,34,340.0,428.0,145520.0,2024-06-23
2024062303020619,PROFL,57,45,325.0,428.0,139100.0,2024-06-23
2024062303020618,PROFL,57,6,235.0,428.0,100580.0,2024-06-23
2024062301023289,MHL,72,33,305.0,535.0,163175.0,2024-06-23
2024062301023288,MHL,72,70,695.0,534.9,371755.5,2024-06-23
2024062303020617,SABSL,49,62,170.0,1036.1,176137.0,2024-06-23
2024062303020616,SABSL,4,62,30.0,1037.0,31110.0,2024-06-23
2024062303020615,MLBSL,5,38,10.0,1913.5,19135.0,2024-06-23
2024062303020614,KMCDB,38,77,10.0,1044.0,10440.0,2024-06-23
2024062303020613,KMCDB,26,77,100.0,1044.0,104400.0,2024-06-23
2024062303020612,KMCDB,18,77,200.0,1044.0,208800.0,2024-06-23
2024062303020611,KMCDB,68,77,50.0,1044.0,52200.0,2024-06-23
2024062303020610,KMCDB,77,77,1000.0,1045.0,1045000.0,2024-06-23
2024062303020609,KMCDB,50,77,50.0,1045.0,52250.0,2024-06-23
2024062303020608,KMCDB,54,77,200.0,1045.0,209000.0,2024-06-23
2024062303020607,KMCDB,19,77,10.0,1048.1,10481.0,2024-06-23
2024062303020606,KMCDB,36,77,50.0,1048.7,52435.0,2024-06-23
2024062303020605,KMCDB,25,77,100.0,1048.7,104870.0,2024-06-23
2024062303020604,KMCDB,67,77,200.0,1049.0,209800.0,2024-06-23
2024062303020603,KMCDB,17,77,20.0,1049.0,20980.0,2024-06-23
2024062303020602,KMCDB,37,77,20.0,1049.0,20980.0,2024-06-23
2024062303020601,KMCDB,50,77,50.0,1050.0,52500.0,2024-06-23
2024062303020600,KMCDB,29,77,50.0,1050.0,52500.0,2024-06-23
2024062303020599,KMCDB,42,77,30.0,1050.0,31500.0,2024-06-23
2024062303020598,KMCDB,43,77,100.0,1050.0,105000.0,2024-06-23
2024062303020597,KMCDB,1,77,100.0,1050.0,105000.0,2024-06-23
2024062303020596,KMCDB,26,77,20.0,1050.1,21002.0,2024-06-23
2024062303020595,KMCDB,50,77,500.0,1050.1,525050.0,2024-06-23
2024062303020594,KMCDB,54,77,200.0,1051.0,210200.0,2024-06-23
2024062303020593,KMCDB,28,77,10.0,1053.7,10537.0,2024-06-23
2024062303020592,KMCDB,45,77,100.0,1055.0,105500.0,2024-06-23
2024062303020591,KMCDB,5,77,100.0,1058.4,105840.0,2024-06-23
2024062303020590,KMCDB,6,77,50.0,1059.0,52950.0,2024-06-23
2024062303020589,KMCDB,43,77,10.0,1059.4,10594.0,2024-06-23
2024062303020588,KMCDB,55,77,500.0,1060.0,530000.0,2024-06-23
2024062303020587,KMCDB,5,77,50.0,1060.0,53000.0,2024-06-23
2024062303020586,KMCDB,17,77,50.0,1060.0,53000.0,2024-06-23
2024062303020585,KMCDB,56,77,199.0,1060.0,210940.0,2024-06-23
2024062303020584,KMCDB,72,77,83.0,1060.0,87980.0,2024-06-23
2024062303020583,KMCDB,26,77,60.0,1061.1,63666.0,2024-06-23
2024062303020582,KMCDB,48,77,10.0,1063.3,10633.0,2024-06-23
2024062303020581,KMCDB,22,77,200.0,1063.3,212660.0,2024-06-23
2024062303020580,KMCDB,85,77,100.0,1063.3,106330.0,2024-06-23
2024062303020579,KMCDB,34,77,20.0,1063.3,21266.0,2024-06-23
2024062303020578,SIFC,50,42,40.0,473.0,18920.0,2024-06-23
2024062301023287,UNLB,50,52,25.0,2000.0,50000.0,2024-06-23
2024062301023286,UNLB,50,4,10.0,1999.0,19990.0,2024-06-23
2024062301023285,UNLB,50,32,10.0,1998.0,19980.0,2024-06-23
2024062301023284,UNLB,50,81,10.0,1996.2,19962.0,2024-06-23
2024062301023283,UNLB,50,42,20.0,1990.0,39800.0,2024-06-23
2024062301023282,UNLB,50,17,25.0,1989.0,49725.0,2024-06-23
2024062301023281,UNLB,50,42,100.0,1973.0,197300.0,2024-06-23
2024062301023280,SAHAS,51,58,20.0,514.5,10290.0,2024-06-23
2024062304010587,SHEL,58,34,10.0,157.0,1570.0,2024-06-23
2024062301023279,MMKJL,58,49,10.0,490.6,4906.0,2024-06-23
2024062301023278,MMKJL,58,35,10.0,490.0,4900.0,2024-06-23
2024062301023277,MMKJL,58,58,110.0,490.0,53900.0,2024-06-23
2024062301023276,MMKJL,58,19,10.0,490.0,4900.0,2024-06-23
2024062301023275,MMKJL,58,14,200.0,490.0,98000.0,2024-06-23
2024062301023274,MMKJL,58,41,100.0,490.0,49000.0,2024-06-23
2024062301023273,MMKJL,58,41,10.0,490.0,4900.0,2024-06-23
2024062301023272,MMKJL,58,52,50.0,489.0,24450.0,2024-06-23
2024062301023271,MMKJL,58,78,500.0,488.0,244000.0,2024-06-23
2024062301023270,SPHL,36,45,50.0,537.2,26860.0,2024-06-23
2024062301023269,EHPL,34,6,445.0,540.0,240300.0,2024-06-23
2024062303020577,BFC,47,58,25.0,473.0,11825.0,2024-06-23
2024062304010586,RADHI,1,4,200.0,258.0,51600.0,2024-06-23
2024062304010585,CGH,45,39,300.0,840.0,252000.0,2024-06-23
2024062304010584,CGH,45,45,15.0,840.0,12600.0,2024-06-23
2024062304010583,CGH,45,35,1123.0,840.0,943320.0,2024-06-23
2024062304010582,CGH,45,52,48.0,839.9,40315.2,2024-06-23
2024062304010581,AHPC,8,45,60.0,153.3,9198.0,2024-06-23
2024062304010580,AHPC,57,45,100.0,153.4,15340.0,2024-06-23
2024062301023268,MMKJL,45,8,10.0,488.0,4880.0,2024-06-23
2024062301023267,SRLI,45,10,40.0,430.0,17200.0,2024-06-23
2024062303020576,PFL,45,34,200.0,660.0,132000.0,2024-06-23
2024062301023266,MSHL,58,56,50.0,667.1,33355.0,2024-06-23
2024062303020575,SJLIC,41,20,100.0,403.8,40380.0,2024-06-23
2024062303020574,PFL,72,34,100.0,660.0,66000.0,2024-06-23
2024062301023265,MHL,62,70,305.0,534.9,163144.5,2024-06-23
2024062301023264,MHL,62,57,195.0,534.8,104286.0,2024-06-23
2024062303020573,CFCL,29,52,800.0,462.0,369600.0,2024-06-23
2024062303020572,CFCL,29,6,200.0,461.1,92220.0,2024-06-23
2024062303020571,SFCL,59,38,100.0,464.0,46400.0,2024-06-23
2024062301023263,RHGCL,21,21,10.0,355.0,3550.0,2024-06-23
2024062301023262,SIKLES,63,49,1448.0,638.5,924548.0,2024-06-23
2024062301023261,SIKLES,63,63,500.0,635.0,317500.0,2024-06-23
2024062301023260,SIKLES,63,63,200.0,634.0,126800.0,2024-06-23
2024062301023259,SIKLES,63,50,100.0,633.4,63340.0,2024-06-23
2024062301023258,SIKLES,63,25,100.0,633.4,63340.0,2024-06-23
2024062301023257,SIKLES,63,63,652.0,633.4,412976.8,2024-06-23
2024062301023256,SIKLES,63,57,1000.0,631.0,631000.0,2024-06-23
2024062304010579,API,59,58,200.0,169.8,33960.0,2024-06-23
2024062303020570,ALICL,34,50,10.0,560.0,5600.0,2024-06-23
2024062303020569,ALICL,34,58,20.0,560.0,11200.0,2024-06-23
2024062303020568,ALICL,34,54,11.0,560.0,6160.0,2024-06-23
2024062303020567,ALICL,34,48,114.0,560.0,63840.0,2024-06-23
2024062301023255,MEHL,32,8,20.0,343.1,6862.0,2024-06-23
2024062303020566,MFIL,35,32,100.0,541.1,54110.0,2024-06-23
2024062303020565,MFIL,58,32,800.0,541.2,432960.0,2024-06-23
2024062303020564,MFIL,58,32,100.0,542.0,54200.0,2024-06-23
2024062303020563,MFIL,4,32,100.0,542.0,54200.0,2024-06-23
2024062303020562,MFIL,54,32,100.0,542.0,54200.0,2024-06-23
2024062303020561,MFIL,38,32,100.0,542.5,54250.0,2024-06-23
2024062303020560,MFIL,57,32,500.0,542.6,271300.0,2024-06-23
2024062303020559,MPFL,54,49,200.0,516.0,103200.0,2024-06-23
2024062301023254,SRLI,26,51,20.0,429.4,8588.0,2024-06-23
2024062304010578,SPDL,39,26,50.0,247.4,12370.0,2024-06-23
2024062304010577,SPDL,39,26,50.0,247.5,12375.0,2024-06-23
2024062304010576,SPDL,90,26,20.0,247.5,4950.0,2024-06-23
2024062304010575,SPDL,45,26,455.0,247.6,112658.0,2024-06-23
2024062301023253,CLI,17,45,600.0,480.0,288000.0,2024-06-23
2024062303020558,SMFBS,41,45,13.0,1350.0,17550.0,2024-06-23
2024062301023252,DLBS,37,11,100.0,1227.8,122780.0,2024-06-23
2024062303020557,ACLBSL,56,38,60.0,951.0,57060.0,2024-06-23
2024062303020556,ACLBSL,32,38,30.0,951.5,28545.0,2024-06-23
2024062303020555,ACLBSL,48,38,10.0,954.0,9540.0,2024-06-23
2024062301023251,KBL,50,20,127.0,136.8,17373.6,2024-06-23
2024062301023250,KBL,8,20,49.0,136.8,6703.2,2024-06-23
2024062301023249,BHL,38,29,46.0,342.0,15732.0,2024-06-23
2024062303020554,JFL,49,38,100.0,570.0,57000.0,2024-06-23
2024062301023248,SPL,49,42,10.0,755.0,7550.0,2024-06-23
2024062305005844,NIFRA,11,17,54.0,191.4,10335.6,2024-06-23
2024062301023247,SONA,50,11,52.0,438.1,22781.2,2024-06-23
2024062301023246,SONA,48,11,48.0,438.2,21033.6,2024-06-23
2024062303020553,SFCL,6,25,180.0,463.1,83358.0,2024-06-23
2024062304010574,CHCL,65,42,380.0,433.0,164540.0,2024-06-23
2024062304010573,CHCL,32,42,10.0,433.0,4330.0,2024-06-23
2024062301023245,SAMAJ,58,57,10.0,2527.5,25275.0,2024-06-23
2024062301023244,RHGCL,21,26,10.0,346.0,3460.0,2024-06-23
2024062305005843,HRL,54,61,10.0,547.0,5470.0,2024-06-23
2024062305005842,HRL,38,61,100.0,547.0,54700.0,2024-06-23
2024062305005841,HRL,19,61,10.0,547.0,5470.0,2024-06-23
2024062305005840,HRL,58,61,50.0,547.0,27350.0,2024-06-23
2024062305005839,HRL,19,61,38.0,547.0,20786.0,2024-06-23
2024062301023243,MANDU,65,56,75.0,1042.0,78150.0,2024-06-23
2024062301023242,HHL,34,38,20.0,362.0,7240.0,2024-06-23
2024062303020552,CFCL,7,29,150.0,461.0,69150.0,2024-06-23
2024062303020551,CFCL,7,22,13.0,461.0,5993.0,2024-06-23
2024062303020550,CFCL,7,22,13.0,461.0,5993.0,2024-06-23
2024062303020549,CFCL,7,45,125.0,461.0,57625.0,2024-06-23
2024062303020548,PFL,41,21,505.0,659.4,332997.0,2024-06-23
2024062301023241,MEL,35,21,10.0,222.1,2221.0,2024-06-23
2024062304010572,HURJA,36,46,50.0,303.0,15150.0,2024-06-23
2024062303020547,SIFC,62,42,150.0,473.0,70950.0,2024-06-23
2024062303020546,SIFC,50,42,34.0,473.0,16082.0,2024-06-23
2024062303020545,NLIC,52,6,13.0,585.0,7605.0,2024-06-23
2024062303020544,NLIC,41,6,20.0,585.0,11700.0,2024-06-23
2024062303020543,NLIC,6,6,20.0,585.0,11700.0,2024-06-23
2024062303020542,NLIC,57,6,500.0,585.1,292550.0,2024-06-23
2024062303020541,NLIC,38,6,10.0,585.1,5851.0,2024-06-23
2024062303020540,NLIC,38,6,30.0,585.1,17553.0,2024-06-23
2024062303020539,NLIC,38,6,10.0,585.1,5851.0,2024-06-23
2024062303020538,NLIC,38,6,100.0,585.1,58510.0,2024-06-23
2024062303020537,NLIC,38,6,30.0,585.3,17559.0,2024-06-23
2024062303020536,NLIC,38,6,10.0,585.3,5853.0,2024-06-23
2024062303020535,NLIC,34,6,100.0,585.5,58550.0,2024-06-23
2024062303020534,NLIC,17,6,10.0,585.5,5855.0,2024-06-23
2024062303020533,NLIC,38,6,10.0,585.9,5859.0,2024-06-23
2024062303020532,NLIC,51,6,137.0,586.0,80282.0,2024-06-23
2024062301023240,CLI,35,1,15.0,481.0,7215.0,2024-06-23
2024062301023239,CLI,35,53,10.0,481.0,4810.0,2024-06-23
2024062301023238,CLI,35,45,10.0,481.0,4810.0,2024-06-23
2024062301023237,CLI,35,25,520.0,481.0,250120.0,2024-06-23
2024062301023236,CLI,35,45,45.0,480.4,21618.0,2024-06-23
2024062304010571,SPDL,17,6,11.0,249.6,2745.6,2024-06-23
2024062303020531,SJLIC,38,20,10.0,403.8,4038.0,2024-06-23
2024062304010570,NGPL,86,38,179.0,311.1,55686.9,2024-06-23
2024062304010569,NGPL,42,38,321.0,311.2,99895.2,2024-06-23
2024062301023235,USHL,58,48,135.0,547.0,73845.0,2024-06-23
2024062301023234,PPL,22,48,200.0,451.0,90200.0,2024-06-23
2024062305005838,NICBF,42,25,100.0,8.89,889.0,2024-06-23
2024062305005837,NRN,58,4,281.0,657.0,184617.0,2024-06-23
2024062303020530,VLBS,66,41,5.0,990.0,4950.0,2024-06-23
2024062303020529,VLBS,66,34,45.0,989.0,44505.0,2024-06-23
2024062303020528,VLBS,66,34,50.0,988.0,49400.0,2024-06-23
2024062304010568,HPPL,18,32,990.0,279.5,276705.0,2024-06-23
2024062304010567,HPPL,18,37,10.0,279.0,2790.0,2024-06-23
2024062304010566,HPPL,18,53,500.0,278.0,139000.0,2024-06-23
2024062301023233,PRVU,33,36,10.0,142.0,1420.0,2024-06-23
2024062303020527,GBBL,57,42,260.0,356.0,92560.0,2024-06-23
2024062303020526,GBBL,57,42,200.0,356.0,71200.0,2024-06-23
2024062303020525,GBBL,57,38,140.0,356.0,49840.0,2024-06-23
2024062301023232,SMHL,17,65,10.0,613.6,6136.0,2024-06-23
2024062301023231,SMHL,66,65,70.0,613.7,42959.0,2024-06-23
2024062301023230,NYADI,50,63,200.0,302.0,60400.0,2024-06-23
2024062304010565,NHPC,53,42,10.0,143.0,1430.0,2024-06-23
2024062301023229,MLBS,38,49,10.0,1317.2,13172.0,2024-06-23
2024062301023228,SHIVM,33,59,100.0,484.8,48480.0,2024-06-23
2024062303020524,SLBSL,50,42,50.0,1220.0,61000.0,2024-06-23
2024062303020523,SLBSL,45,42,14.0,1220.1,17081.4,2024-06-23
2024062303020522,GILB,38,8,15.0,1406.0,21090.0,2024-06-23
2024062303020521,GILB,28,8,168.0,1407.0,236376.0,2024-06-23
2024062303020520,SJLIC,32,20,110.0,403.8,44418.0,2024-06-23
2024062304010564,MEN,48,58,918.0,599.0,549882.0,2024-06-23
2024062304010563,MEN,47,58,100.0,600.0,60000.0,2024-06-23
2024062304010562,MEN,34,58,100.0,600.0,60000.0,2024-06-23
2024062304010561,MEN,39,58,100.0,600.0,60000.0,2024-06-23
2024062304010560,MEN,83,58,782.0,600.0,469200.0,2024-06-23
2024062304010559,HURJA,58,46,40.0,303.0,12120.0,2024-06-23
2024062303020519,NLIC,51,1,63.0,586.0,36918.0,2024-06-23
2024062303020518,NLIC,14,1,37.0,586.0,21682.0,2024-06-23
2024062304010558,LEC,50,26,500.0,180.2,90100.0,2024-06-23
2024062301023227,CITY,29,26,25.0,675.1,16877.5,2024-06-23
2024062301023226,CITY,25,26,10.0,675.1,6751.0,2024-06-23
2024062301023225,CITY,42,26,100.0,675.6,67560.0,2024-06-23
2024062303020517,GUFL,52,67,50.0,783.0,39150.0,2024-06-23
2024062304010557,OHL,29,45,55.0,749.1,41200.5,2024-06-23
2024062304010556,OHL,14,45,100.0,749.1,74910.0,2024-06-23
2024062304010555,OHL,45,45,100.0,749.1,74910.0,2024-06-23
2024062304010554,OHL,19,45,75.0,749.1,56182.5,2024-06-23
2024062301023224,HATHY,81,56,22.0,885.0,19470.0,2024-06-23
2024062301023223,BHL,38,58,10.0,345.0,3450.0,2024-06-23
2024062301023222,BHL,38,57,10.0,345.0,3450.0,2024-06-23
2024062301023221,BHL,38,58,10.0,345.0,3450.0,2024-06-23
2024062303020516,JFL,51,38,500.0,570.0,285000.0,2024-06-23
2024062303020515,JFL,19,38,175.0,570.0,99750.0,2024-06-23
2024062303020514,JFL,34,38,80.0,570.0,45600.0,2024-06-23
2024062303020513,JFL,62,38,10.0,570.1,5701.0,2024-06-23
2024062303020512,JFL,36,38,100.0,570.2,57020.0,2024-06-23
2024062301023220,MANDU,65,38,120.0,1042.0,125040.0,2024-06-23
2024062301023219,VLUCL,59,57,100.0,509.8,50980.0,2024-06-23
2024062303020511,JFL,36,48,100.0,570.2,57020.0,2024-06-23
2024062304010553,BARUN,64,48,900.0,303.0,272700.0,2024-06-23
2024062301023218,GVL,80,66,500.0,568.0,284000.0,2024-06-23
2024062303020510,PROFL,14,36,147.0,427.0,62769.0,2024-06-23
2024062303020509,PROFL,17,36,25.0,427.0,10675.0,2024-06-23
2024062303020508,PROFL,62,36,28.0,427.0,11956.0,2024-06-23
2024062303020507,FMDBL,98,57,200.0,661.0,132200.0,2024-06-23
2024062301023217,NYADI,71,66,50.0,301.5,15075.0,2024-06-23
2024062303020506,SJLIC,58,20,50.0,403.8,20190.0,2024-06-23
2024062303020505,SFCL,58,38,50.0,464.0,23200.0,2024-06-23
2024062305005836,NRN,58,64,229.0,657.0,150453.0,2024-06-23
2024062301023216,HATHY,81,1,50.0,885.0,44250.0,2024-06-23
2024062303020504,VLBS,52,13,150.0,984.0,147600.0,2024-06-23
2024062304010552,SSHL,17,13,50.0,174.0,8700.0,2024-06-23
2024062304010551,SSHL,58,13,33.0,174.0,5742.0,2024-06-23
2024062301023215,GBIME,46,36,100.0,177.0,17700.0,2024-06-23
2024062303020503,GUFL,32,67,100.0,783.0,78300.0,2024-06-23
2024062303020502,GUFL,5,67,300.0,783.0,234900.0,2024-06-23
2024062303020501,GUFL,46,67,130.0,783.1,101803.0,2024-06-23
2024062303020500,GUFL,58,67,500.0,783.2,391600.0,2024-06-23
2024062304010550,HURJA,58,7,1000.0,302.1,302100.0,2024-06-23
2024062303020499,MLBL,44,7,500.0,317.2,158600.0,2024-06-23
2024062303020498,PFL,29,34,456.0,660.0,300960.0,2024-06-23
2024062303020497,PFL,29,42,44.0,660.0,29040.0,2024-06-23
2024062304010549,BARUN,64,55,100.0,303.0,30300.0,2024-06-23
2024062303020496,SFCL,77,38,28.0,464.0,12992.0,2024-06-23
2024062303020495,ICFC,53,29,25.0,558.3,13957.5,2024-06-23
2024062303020494,JFL,36,67,100.0,570.2,57020.0,2024-06-23
2024062301023214,RNLI,47,21,11.0,420.0,4620.0,2024-06-23
2024062304010548,SHEL,35,34,300.0,157.0,47100.0,2024-06-23
2024062304010547,SHEL,29,34,500.0,157.0,78500.0,2024-06-23
2024062304010546,SHEL,36,34,33.0,157.0,5181.0,2024-06-23
2024062301023213,CITY,14,88,50.0,676.0,33800.0,2024-06-23
2024062303020493,GBLBS,44,6,148.0,757.0,112036.0,2024-06-23
2024062303020492,GBLBS,6,6,100.0,757.0,75700.0,2024-06-23
2024062303020491,GBLBS,21,6,50.0,757.0,37850.0,2024-06-23
2024062303020490,GBLBS,26,6,20.0,757.2,15144.0,2024-06-23
2024062301023212,CITY,16,88,100.0,676.0,67600.0,2024-06-23
2024062304010545,SHEL,58,34,100.0,157.1,15710.0,2024-06-23
2024062301023211,NWCL,29,37,222.0,832.0,184704.0,2024-06-23
2024062301023210,NWCL,26,37,100.0,833.0,83300.0,2024-06-23
2024062301023209,NWCL,28,37,400.0,833.0,333200.0,2024-06-23
2024062301023208,NWCL,14,37,150.0,833.1,124965.0,2024-06-23
2024062301023207,NWCL,36,37,128.0,833.2,106649.6,2024-06-23
2024062304010544,BARUN,37,60,100.0,303.5,30350.0,2024-06-23
2024062303020489,GUFL,45,45,65.0,785.0,51025.0,2024-06-23
2024062303020488,GUFL,45,56,35.0,784.0,27440.0,2024-06-23
2024062301023206,ANLB,60,59,10.0,2400.0,24000.0,2024-06-23
2024062301023205,TAMOR,7,44,19.0,390.3,7415.7,2024-06-23
2024062301023204,TAMOR,7,44,880.0,391.0,344080.0,2024-06-23
2024062301023203,TAMOR,47,44,100.0,391.1,39110.0,2024-06-23
2024062303020487,NADEP,13,49,100.0,805.0,80500.0,2024-06-23
2024062303020486,NADEP,67,49,100.0,805.1,80510.0,2024-06-23
2024062303020485,NADEP,16,49,100.0,805.2,80520.0,2024-06-23
2024062301023202,PRVU,11,36,164.0,142.0,23288.0,2024-06-23
2024062301023201,PRVU,11,6,21.0,142.0,2982.0,2024-06-23
2024062301023200,PRVU,11,29,1100.0,141.9,156090.0,2024-06-23
2024062301023199,RHGCL,32,21,262.0,355.0,93010.0,2024-06-23
2024062301023198,RHGCL,32,16,20.0,354.9,7098.0,2024-06-23
2024062301023197,RHGCL,32,34,10.0,354.9,3549.0,2024-06-23
2024062301023196,RHGCL,32,38,100.0,354.9,35490.0,2024-06-23
2024062301023195,RHGCL,32,49,10.0,354.8,3548.0,2024-06-23
2024062301023194,RHGCL,32,75,98.0,354.0,34692.0,2024-06-23
2024062304010543,BARUN,51,60,50.0,303.5,15175.0,2024-06-23
2024062303020484,HLI,35,45,10.0,378.0,3780.0,2024-06-23
2024062303020483,SADBL,55,52,100.0,309.0,30900.0,2024-06-23
2024062301023193,GVL,66,39,30.0,565.0,16950.0,2024-06-23
2024062301023192,GVL,66,39,200.0,565.0,113000.0,2024-06-23
2024062301023191,GVL,6,39,10.0,565.0,5650.0,2024-06-23
2024062301023190,GVL,44,39,260.0,567.9,147654.0,2024-06-23
2024062304010542,AHPC,8,5,100.0,153.3,15330.0,2024-06-23
2024062301023189,JBLB,17,57,50.0,1322.0,66100.0,2024-06-23
2024062301023188,SBL,57,48,1014.0,243.0,246402.0,2024-06-23
2024062301023187,SBL,50,48,35.0,243.3,8515.5,2024-06-23
2024062301023186,SMH,29,57,10.0,797.0,7970.0,2024-06-23
2024062305005835,HRL,19,44,10.0,547.0,5470.0,2024-06-23
2024062304010541,NHDL,57,57,173.0,514.0,88922.0,2024-06-23
2024062304010540,NHDL,53,57,10.0,514.0,5140.0,2024-06-23
2024062304010539,NHDL,49,57,10.0,514.0,5140.0,2024-06-23
2024062304010538,NHDL,1,57,28.0,514.9,14417.2,2024-06-23
2024062305005834,HRL,13,44,10.0,547.1,5471.0,2024-06-23
2024062304010537,BARUN,64,19,300.0,303.0,90900.0,2024-06-23
2024062301023185,RHGCL,21,75,200.0,354.0,70800.0,2024-06-23
2024062304010536,KPCL,63,42,170.0,455.0,77350.0,2024-06-23
2024062304010535,KPCL,34,42,20.0,455.0,9100.0,2024-06-23
2024062304010534,KPCL,59,42,150.0,455.0,68250.0,2024-06-23
2024062304010533,KPCL,58,42,160.0,455.0,72800.0,2024-06-23
2024062304010532,AHPC,42,56,100.0,153.8,15380.0,2024-06-23
2024062301023184,SMJC,42,39,410.0,394.8,161868.0,2024-06-23
2024062301023183,SMJC,42,45,10.0,394.0,3940.0,2024-06-23
2024062301023182,SMJC,42,7,10.0,394.0,3940.0,2024-06-23
2024062301023181,SMJC,42,4,10.0,394.0,3940.0,2024-06-23
2024062301023180,SMJC,42,58,10.0,394.0,3940.0,2024-06-23
2024062301023179,SMJC,42,22,10.0,394.0,3940.0,2024-06-23
2024062301023178,SMJC,42,57,10.0,394.0,3940.0,2024-06-23
2024062301023177,SMJC,42,42,120.0,393.5,47220.0,2024-06-23
2024062301023176,SMJC,42,54,10.0,393.0,3930.0,2024-06-23
2024062305005833,NRN,58,6,990.0,657.0,650430.0,2024-06-23
2024062301023175,MCHL,44,54,10.0,415.7,4157.0,2024-06-23
2024062301023174,NWCL,35,32,20.0,836.0,16720.0,2024-06-23
2024062301023173,MHCL,35,47,310.0,403.0,124930.0,2024-06-23
2024062301023172,MHCL,35,47,190.0,403.0,76570.0,2024-06-23
2024062301023171,NIMB,34,35,18.0,154.8,2786.4,2024-06-23
2024062304010531,UMRH,16,89,100.0,401.0,40100.0,2024-06-23
2024062304010530,UMRH,21,89,16.0,401.0,6416.0,2024-06-23
2024062304010529,UMRH,5,89,339.0,401.0,135939.0,2024-06-23
2024062301023170,NIMB,34,45,30.0,154.8,4644.0,2024-06-23
2024062304010528,UMRH,45,45,200.0,401.9,80380.0,2024-06-23
2024062304010527,AKPL,38,13,10.0,162.9,1629.0,2024-06-23
2024062303020482,NABBC,16,38,175.0,531.0,92925.0,2024-06-23
2024062303020481,NABBC,52,38,160.0,531.0,84960.0,2024-06-23
2024062303020480,MFIL,7,57,60.0,542.9,32574.0,2024-06-23
2024062301023169,MKHC,5,58,10.0,319.0,3190.0,2024-06-23
2024062301023168,MKHC,5,1,40.0,317.0,12680.0,2024-06-23
2024062301023167,MANDU,65,40,100.0,1042.0,104200.0,2024-06-23
2024062301023166,MANDU,65,3,10.0,1042.0,10420.0,2024-06-23
2024062301023165,MANDU,65,52,30.0,1041.0,31230.0,2024-06-23
2024062301023164,MANDU,65,34,100.0,1040.0,104000.0,2024-06-23
2024062301023163,MANDU,65,21,10.0,1040.0,10400.0,2024-06-23
2024062301023162,MANDU,65,33,10.0,1040.0,10400.0,2024-06-23
2024062301023161,MANDU,65,51,10.0,1040.0,10400.0,2024-06-23
2024062301023160,MANDU,65,57,10.0,1040.0,10400.0,2024-06-23
2024062301023159,MANDU,65,13,10.0,1040.0,10400.0,2024-06-23
2024062301023158,MANDU,65,25,10.0,1040.0,10400.0,2024-06-23
2024062301023157,MANDU,65,1,50.0,1038.0,51900.0,2024-06-23
2024062301023156,MANDU,65,40,10.0,1038.0,10380.0,2024-06-23
2024062301023155,DOLTI,34,59,200.0,413.2,82640.0,2024-06-23
2024062301023154,ULHC,59,49,10.0,385.1,3851.0,2024-06-23
2024062301023153,MANDU,67,16,120.0,1036.1,124332.0,2024-06-23
2024062301023152,MANDU,72,16,30.0,1037.1,31113.0,2024-06-23
2024062301023151,BGWT,16,28,70.0,959.0,67130.0,2024-06-23
2024062301023150,BGWT,16,29,10.0,959.0,9590.0,2024-06-23
2024062301023149,TPC,66,49,20.0,534.9,10698.0,2024-06-23
2024062301023148,TPC,66,41,10.0,534.0,5340.0,2024-06-23
2024062301023147,CITY,4,88,20.0,676.0,13520.0,2024-06-23
2024062303020479,SJLIC,1,20,416.0,403.8,167980.8,2024-06-23
2024062303020478,SJLIC,1,33,84.0,403.8,33919.2,2024-06-23
2024062303020477,GFCL,39,62,100.0,566.2,56620.0,2024-06-23
2024062301023146,TSHL,28,84,145.0,560.0,81200.0,2024-06-23
2024062301023145,TSHL,28,1,200.0,560.0,112000.0,2024-06-23
2024062301023144,TSHL,28,49,50.0,559.9,27995.0,2024-06-23
2024062301023143,TSHL,28,53,10.0,559.9,5599.0,2024-06-23
2024062301023142,TSHL,28,68,45.0,559.0,25155.0,2024-06-23
2024062301023141,TSHL,28,34,50.0,559.0,27950.0,2024-06-23
2024062303020476,PFL,55,42,95.0,660.0,62700.0,2024-06-23
2024062303020475,PFL,55,34,100.0,660.0,66000.0,2024-06-23
2024062303020474,PFL,55,16,500.0,660.0,330000.0,2024-06-23
2024062301023140,MCHL,86,25,10.0,418.0,4180.0,2024-06-23
2024062301023139,MCHL,86,58,10.0,418.0,4180.0,2024-06-23
2024062301023138,NBL,58,22,200.0,207.2,41440.0,2024-06-23
2024062304010526,UPPER,21,52,435.0,157.0,68295.0,2024-06-23
2024062304010525,UPPER,21,29,50.0,157.0,7850.0,2024-06-23
2024062304010524,UPPER,21,49,130.0,157.0,20410.0,2024-06-23
2024062304010523,UPPER,21,28,50.0,156.9,7845.0,2024-06-23
2024062304010522,UPPER,21,38,73.0,156.8,11446.4,2024-06-23
2024062304010521,UPPER,21,58,528.0,156.3,82526.4,2024-06-23
2024062303020473,MLBL,21,57,1000.0,318.0,318000.0,2024-06-23
2024062303020472,PFL,41,14,100.0,659.4,65940.0,2024-06-23
2024062304010520,CHCL,35,42,50.0,434.0,21700.0,2024-06-23
2024062304010519,CHCL,41,42,50.0,435.0,21750.0,2024-06-23
2024062301023137,MMKJL,58,34,100.0,485.0,48500.0,2024-06-23
2024062304010518,JOSHI,36,34,280.0,294.5,82460.0,2024-06-23
2024062304010517,JOSHI,46,34,100.0,295.5,29550.0,2024-06-23
2024062301023136,RAWA,16,57,40.0,560.0,22400.0,2024-06-23
2024062301023135,RAWA,16,14,10.0,560.0,5600.0,2024-06-23
2024062301023134,RAWA,16,34,200.0,560.0,112000.0,2024-06-23
2024062301023133,RAWA,16,26,100.0,560.0,56000.0,2024-06-23
2024062301023132,RAWA,16,77,100.0,559.9,55990.0,2024-06-23
2024062301023131,RAWA,16,57,50.0,559.5,27975.0,2024-06-23
2024062301023130,RNLI,51,34,205.0,420.1,86120.5,2024-06-23
2024062303020471,GRDBL,88,45,20.0,443.7,8874.0,2024-06-23
2024062303020470,GRDBL,88,4,200.0,442.0,88400.0,2024-06-23
2024062303020469,RLFL,21,77,120.0,445.5,53460.0,2024-06-23
2024062303020468,RLFL,13,77,380.0,445.5,169290.0,2024-06-23
2024062301023129,HHL,34,57,760.0,362.0,275120.0,2024-06-23
2024062303020467,GMFIL,51,6,95.0,445.0,42275.0,2024-06-23
2024062305005832,NIBSF2,4,58,1500.0,7.85,11775.0,2024-06-23
2024062301023128,PRVU,58,29,300.0,141.9,42570.0,2024-06-23
2024062303020466,SFCL,58,38,50.0,464.0,23200.0,2024-06-23
2024062301023127,GVL,44,26,10.0,567.9,5679.0,2024-06-23
2024062301023126,MEHL,17,49,10.0,345.0,3450.0,2024-06-23
2024062303020465,SINDU,56,25,860.0,388.0,333680.0,2024-06-23
2024062303020464,GFCL,41,39,200.0,566.0,113200.0,2024-06-23
2024062303020463,BFC,48,54,50.0,474.0,23700.0,2024-06-23
2024062304010516,RADHI,22,65,246.0,258.1,63492.6,2024-06-23
2024062301023125,VLUCL,51,50,38.0,510.0,19380.0,2024-06-23
2024062301023124,SONA,48,22,10.0,438.2,4382.0,2024-06-23
2024062301023123,KDL,11,20,10.0,1149.0,11490.0,2024-06-23
2024062301023122,GBIME,22,11,30.0,176.4,5292.0,2024-06-23
2024062303020462,ICFC,57,10,260.0,558.1,145106.0,2024-06-23
2024062303020461,ICFC,21,10,145.0,558.2,80939.0,2024-06-23
2024062303020460,ICFC,86,10,500.0,558.3,279150.0,2024-06-23
2024062305005831,NRIC,25,6,10.0,644.0,6440.0,2024-06-23
2024062305005830,NRIC,52,6,30.0,644.0,19320.0,2024-06-23
2024062305005829,NRIC,41,6,30.0,644.0,19320.0,2024-06-23
2024062305005828,NRIC,1,6,10.0,644.0,6440.0,2024-06-23
2024062304010515,AHPC,6,56,20.0,153.8,3076.0,2024-06-23
2024062304010514,SHL,45,34,100.0,421.0,42100.0,2024-06-23
2024062304010513,SHL,25,34,200.0,421.0,84200.0,2024-06-23
2024062304010512,SHL,48,34,500.0,421.0,210500.0,2024-06-23
2024062303020459,SLBBL,37,34,12.0,805.0,9660.0,2024-06-23
2024062303020458,SLBBL,50,34,10.0,805.0,8050.0,2024-06-23
2024062304010511,NLG,4,69,80.0,747.2,59776.0,2024-06-23
2024062304010510,NLG,52,69,500.0,747.5,373750.0,2024-06-23
2024062304010509,NLG,34,69,100.0,747.6,74760.0,2024-06-23
2024062304010508,NLG,18,69,500.0,747.7,373850.0,2024-06-23
2024062304010507,NLG,28,69,100.0,747.7,74770.0,2024-06-23
2024062304010506,NLG,14,69,30.0,747.8,22434.0,2024-06-23
2024062304010505,NLG,76,69,48.0,747.9,35899.2,2024-06-23
2024062304010504,NLG,76,69,100.0,747.9,74790.0,2024-06-23
2024062304010503,NLG,76,69,200.0,747.9,149580.0,2024-06-23
2024062304010502,NLG,18,69,340.0,748.0,254320.0,2024-06-23
2024062304010501,NLG,76,69,28.0,748.0,20944.0,2024-06-23
2024062304010500,NLG,76,69,100.0,748.1,74810.0,2024-06-23
2024062304010499,NLG,21,69,110.0,748.5,82335.0,2024-06-23
2024062304010498,NLG,52,69,30.0,749.0,22470.0,2024-06-23
2024062304010497,BPCL,58,52,70.0,292.9,20503.0,2024-06-23
2024062301023121,SAMAJ,58,8,10.0,2446.0,24460.0,2024-06-23
2024062301023120,SAMAJ,58,49,100.0,2436.0,243600.0,2024-06-23
2024062304010496,UMRH,5,45,300.0,401.0,120300.0,2024-06-23
2024062301023119,NESDO,1,67,25.0,2035.0,50875.0,2024-06-23
2024062301023118,NESDO,32,67,150.0,2037.0,305550.0,2024-06-23
2024062301023117,MANDU,72,25,10.0,1037.1,10371.0,2024-06-23
2024062301023116,MANDU,72,18,10.0,1037.1,10371.0,2024-06-23
2024062301023115,MHL,62,57,105.0,534.8,56154.0,2024-06-23
2024062301023114,MHL,62,6,91.0,534.0,48594.0,2024-06-23
2024062301023113,MHL,62,42,310.0,533.0,165230.0,2024-06-23
2024062301023112,MHL,62,34,10.0,533.0,5330.0,2024-06-23
2024062301023111,MHL,62,72,74.0,531.1,39301.4,2024-06-23
2024062301023110,MHL,62,50,400.0,531.0,212400.0,2024-06-23
2024062301023109,MHL,62,42,10.0,526.0,5260.0,2024-06-23
2024062303020457,ALBSL,48,41,10.0,953.0,9530.0,2024-06-23
2024062301023108,NICGF2,16,7,100.0,8.0,800.0,2024-06-23
2024062303020456,ICFC,29,34,200.0,560.0,112000.0,2024-06-23
2024062303020455,SWBBL,81,17,10.0,860.3,8603.0,2024-06-23
2024062301023107,MKCL,59,49,26.0,1102.0,28652.0,2024-06-23
2024062301023106,MKCL,64,49,174.0,1103.0,191922.0,2024-06-23
2024062303020454,PFL,11,16,100.0,660.0,66000.0,2024-06-23
2024062301023105,PPL,52,6,10.0,450.1,4501.0,2024-06-23
2024062303020453,SKBBL,13,4,285.0,805.0,229425.0,2024-06-23
2024062303020452,SKBBL,19,4,100.0,805.0,80500.0,2024-06-23
2024062303020451,SKBBL,28,4,40.0,805.0,32200.0,2024-06-23
2024062303020450,SKBBL,44,4,10.0,805.0,8050.0,2024-06-23
2024062303020449,SKBBL,41,4,10.0,805.1,8051.0,2024-06-23
2024062303020448,SKBBL,13,4,30.0,805.1,24153.0,2024-06-23
2024062303020447,SKBBL,58,4,25.0,805.1,20127.5,2024-06-23
2024062303020446,ICFC,16,34,20.0,560.0,11200.0,2024-06-23
2024062303020445,CFCL,39,34,195.0,460.0,89700.0,2024-06-23
2024062301023104,MBL,55,54,140.0,170.0,23800.0,2024-06-23
2024062301023103,RHGCL,32,21,10.0,354.0,3540.0,2024-06-23
2024062301023102,RHGCL,32,38,10.0,354.0,3540.0,2024-06-23
2024062303020444,PFL,64,16,200.0,660.0,132000.0,2024-06-23
2024062303020443,CBBL,38,26,50.0,833.0,41650.0,2024-06-23
2024062303020442,CBBL,26,26,100.0,833.0,83300.0,2024-06-23
2024062303020441,PMLI,4,26,100.0,494.0,49400.0,2024-06-23
2024062303020440,PMLI,44,26,100.0,494.0,49400.0,2024-06-23
2024062304010495,IGI,34,58,422.0,520.0,219440.0,2024-06-23
2024062304010494,IGI,6,58,250.0,520.0,130000.0,2024-06-23
2024062304010493,IGI,22,58,228.0,520.0,118560.0,2024-06-23
2024062303020439,PROFL,17,6,50.0,428.0,21400.0,2024-06-23
2024062304010492,SPDL,45,41,155.0,247.6,38378.0,2024-06-23
2024062304010491,SPDL,52,41,32.0,248.0,7936.0,2024-06-23
2024062304010490,SPDL,35,41,13.0,248.0,3224.0,2024-06-23
2024062304010489,UMRH,5,5,868.0,401.0,348068.0,2024-06-23
2024062303020438,MFIL,21,57,300.0,542.9,162870.0,2024-06-23
2024062305005827,CIT,44,57,189.0,2095.0,395955.0,2024-06-23
2024062303020437,SIFC,50,57,36.0,473.0,17028.0,2024-06-23
2024062303020436,PFL,59,16,200.0,660.0,132000.0,2024-06-23
2024062301023101,MKCL,64,22,26.0,1103.0,28678.0,2024-06-23
2024062304010488,HDHPC,39,36,78.0,127.4,9937.2,2024-06-23
2024062304010487,HDHPC,40,36,427.0,127.8,54570.6,2024-06-23
2024062301023100,SANIMA,42,14,20.0,248.9,4978.0,2024-06-23
2024062301023099,UNLB,33,42,100.0,1973.0,197300.0,2024-06-23
2024062301023098,BEDC,34,94,10.0,399.9,3999.0,2024-06-23
2024062301023097,ILI,32,20,10.0,423.6,4236.0,2024-06-23
2024062301023096,ANLB,38,52,11.0,2386.0,26246.0,2024-06-23
2024062301023095,SARBTM,32,52,10.0,777.0,7770.0,2024-06-23
2024062301023094,SARBTM,36,52,490.0,777.0,380730.0,2024-06-23
2024062304010486,GHL,28,57,10.0,147.9,1479.0,2024-06-23
2024062301023093,DOLTI,57,11,500.0,414.0,207000.0,2024-06-23
2024062303020435,SFCL,56,59,172.0,463.0,79636.0,2024-06-23
2024062303020434,SFCL,58,59,20.0,463.0,9260.0,2024-06-23
2024062303020433,SFCL,1,59,150.0,463.0,69450.0,2024-06-23
2024062303020432,SFCL,17,59,70.0,464.0,32480.0,2024-06-23
2024062303020431,SFCL,42,59,38.0,464.0,17632.0,2024-06-23
2024062301023092,NICA,16,25,44.0,402.0,17688.0,2024-06-23
2024062301023091,NICA,35,25,56.0,402.0,22512.0,2024-06-23
2024062301023090,ANLB,38,53,48.0,2386.0,114528.0,2024-06-23
2024062301023089,USHL,58,49,10.0,547.0,5470.0,2024-06-23
2024062301023088,MBL,22,33,10.0,171.8,1718.0,2024-06-23
2024062301023087,MBL,22,32,285.0,170.1,48478.5,2024-06-23
2024062301023086,SONA,48,4,42.0,438.2,18404.4,2024-06-23
2024062301023085,SONA,49,4,28.0,439.0,12292.0,2024-06-23
2024062301023084,SONA,18,4,200.0,439.0,87800.0,2024-06-23
2024062301023083,SONA,16,4,30.0,439.0,13170.0,2024-06-23
2024062303020430,HLBSL,92,4,100.0,1245.5,124550.0,2024-06-23
2024062303020429,GMFIL,42,6,20.0,443.0,8860.0,2024-06-23
2024062301023082,GCIL,6,42,400.0,474.0,189600.0,2024-06-23
2024062303020428,MNBBL,34,45,20.0,340.0,6800.0,2024-06-23
2024062301023081,IHL,35,22,10.0,420.0,4200.0,2024-06-23
2024062304010485,LEC,35,26,200.0,180.3,36060.0,2024-06-23
2024062304010484,SPDL,17,6,12.0,249.6,2995.2,2024-06-23
2024062301023080,SONA,16,45,70.0,439.0,30730.0,2024-06-23
2024062301023079,SONA,58,45,240.0,439.0,105360.0,2024-06-23
