transaction,symbol,buyer,seller,quantity,rate,amount,date
2024121703014310,NLIC,87,13,32.0,771.3,24681.6,2024-12-17
2024121703014309,NLIC,6,13,13.0,771.5,10029.5,2024-12-17
2024121703014308,KMCDB,77,13,11.0,1105.9,12164.9,2024-12-17
2024121703014307,BFC,32,65,10.0,730.0,7300.0,2024-12-17
2024121705009624,SONA,57,42,10.0,459.0,4590.0,2024-12-17
2024121705009623,SONA,57,58,10.0,458.5,4585.0,2024-12-17
2024121705009622,SONA,57,13,10.0,458.5,4585.0,2024-12-17
2024121701016534,TVCL,57,52,10.0,550.0,5500.0,2024-12-17
2024121703014306,JBBL,54,35,10.0,365.0,3650.0,2024-12-17
2024121703014305,NFS,72,50,10.0,1067.8,10678.0,2024-12-17
2024121703014304,JFL,72,50,50.0,879.9,43995.0,2024-12-17
2024121701016533,SRLI,50,4,37.0,419.0,15503.0,2024-12-17
2024121701016532,AVYAN,43,58,10.0,1060.5,10605.0,2024-12-17
2024121704013489,SPIL,59,44,10.0,809.0,8090.0,2024-12-17
2024121701016531,RFPL,92,45,100.0,960.0,96000.0,2024-12-17
2024121701016530,MKHC,47,6,2510.0,550.0,1380500.0,2024-12-17
2024121701016529,MKHC,47,13,490.0,550.0,269500.0,2024-12-17
2024121705009621,VLUCL,34,95,20.0,670.0,13400.0,2024-12-17
2024121705009620,VLUCL,34,52,10.0,670.0,6700.0,2024-12-17
2024121705009619,VLUCL,34,65,90.0,669.0,60210.0,2024-12-17
2024121701016528,MLBS,34,74,10.0,2065.0,20650.0,2024-12-17
2024121701016527,HEIP,43,34,10.0,470.6,4706.0,2024-12-17
2024121705009618,PHCL,47,8,320.0,538.0,172160.0,2024-12-17
2024121705009617,PHCL,17,8,100.0,538.1,53810.0,2024-12-17
2024121705009616,PHCL,63,8,100.0,539.0,53900.0,2024-12-17
2024121705009615,PHCL,63,8,80.0,539.0,43120.0,2024-12-17
2024121701016526,KBL,49,68,100.0,215.0,21500.0,2024-12-17
2024121704013488,UMRH,96,11,248.0,637.5,158100.0,2024-12-17
2024121704013487,UMRH,96,17,20.0,637.0,12740.0,2024-12-17
2024121704013486,UMRH,96,17,35.0,637.0,22295.0,2024-12-17
2024121704013485,UMRH,96,38,1000.0,637.0,637000.0,2024-12-17
2024121704013484,UMRH,96,61,420.0,636.0,267120.0,2024-12-17
2024121704013483,UMRH,96,35,187.0,635.0,118745.0,2024-12-17
2024121704013482,UMRH,96,57,10.0,635.0,6350.0,2024-12-17
2024121704013481,UMRH,96,35,80.0,635.0,50800.0,2024-12-17
2024121704013480,GHL,44,85,30.0,213.0,6390.0,2024-12-17
2024121704013479,GHL,42,85,200.0,213.0,42600.0,2024-12-17
2024121704013478,GHL,42,85,100.0,213.0,21300.0,2024-12-17
2024121704013477,GHL,34,85,300.0,213.0,63900.0,2024-12-17
2024121704013476,BARUN,16,52,10.0,415.0,4150.0,2024-12-17
2024121703014303,NUBL,16,58,10.0,693.0,6930.0,2024-12-17
2024121703014302,SHINE,46,29,10.0,463.0,4630.0,2024-12-17
2024121703014301,NABBC,69,6,10.0,1364.0,13640.0,2024-12-17
2024121704013475,RURU,4,1,40.0,693.1,27724.0,2024-12-17
2024121705009614,MEL,55,1,30.0,316.9,9507.0,2024-12-17
2024121703014300,JFL,58,67,10.0,880.0,8800.0,2024-12-17
2024121704013474,NGPL,26,38,50.0,267.0,13350.0,2024-12-17
2024121703014299,MLBBL,38,58,10.0,1654.0,16540.0,2024-12-17
2024121703014298,NABBC,38,6,10.0,1364.0,13640.0,2024-12-17
2024121703014297,KSBBL,33,6,83.0,449.0,37267.0,2024-12-17
2024121704013473,JOSHI,21,53,90.0,448.0,40320.0,2024-12-17
2024121705009613,VLUCL,26,65,10.0,669.0,6690.0,2024-12-17
2024121703014296,SADBL,26,25,200.0,419.0,83800.0,2024-12-17
2024121704013472,JOSHI,35,53,50.0,448.0,22400.0,2024-12-17
2024121701016525,SIKLES,60,35,10.0,800.1,8001.0,2024-12-17
2024121701016524,SIKLES,60,36,10.0,800.0,8000.0,2024-12-17
2024121701016523,SIKLES,60,25,100.0,800.0,80000.0,2024-12-17
2024121701016522,SIKLES,60,45,15.0,800.0,12000.0,2024-12-17
2024121701016521,SIKLES,60,45,685.0,800.0,548000.0,2024-12-17
2024121703014295,NFS,72,45,100.0,1067.8,106780.0,2024-12-17
2024121703014294,MNBBL,45,46,264.0,378.0,99792.0,2024-12-17
2024121703014293,MNBBL,45,40,236.0,378.0,89208.0,2024-12-17
2024121701016520,SPC,45,5,10.0,532.0,5320.0,2024-12-17
2024121705009612,ENL,75,45,160.0,1230.0,196800.0,2024-12-17
2024121705009611,ENL,22,45,10.0,1234.0,12340.0,2024-12-17
2024121701016519,SGHC,45,13,20.0,468.9,9378.0,2024-12-17
2024121704013471,SHPC,45,91,60.0,529.0,31740.0,2024-12-17
2024121704013470,SHPC,45,45,100.0,527.9,52790.0,2024-12-17
2024121703014292,NABBC,28,6,684.0,1364.0,932976.0,2024-12-17
2024121703014291,NABBC,28,47,700.0,1305.6,913920.0,2024-12-17
2024121703014290,NABBC,28,5,57.0,1305.6,74419.2,2024-12-17
2024121703014289,NABBC,28,43,350.0,1305.3,456855.0,2024-12-17
2024121703014288,NABBC,28,21,100.0,1305.0,130500.0,2024-12-17
2024121703014287,NABBC,28,60,500.0,1305.0,652500.0,2024-12-17
2024121703014286,NABBC,28,71,609.0,1303.0,793527.0,2024-12-17
2024121701016518,DOLTI,28,91,20.0,732.0,14640.0,2024-12-17
2024121703014285,CORBL,96,42,200.0,1624.0,324800.0,2024-12-17
2024121703014284,LICN,25,3,10.0,1198.6,11986.0,2024-12-17
2024121701016517,SGHC,13,13,10.0,468.9,4689.0,2024-12-17
2024121704013469,JOSHI,59,49,210.0,445.4,93534.0,2024-12-17
2024121703014283,GRDBL,32,58,10.0,988.0,9880.0,2024-12-17
2024121704013468,AKPL,50,41,75.0,240.0,18000.0,2024-12-17
2024121704013467,AKPL,50,43,28.0,240.0,6720.0,2024-12-17
2024121701016516,AHL,42,48,87.0,704.0,61248.0,2024-12-17
2024121701016515,SPC,48,5,10.0,532.0,5320.0,2024-12-17
2024121704013466,UMRH,77,35,40.0,635.0,25400.0,2024-12-17
2024121701016514,SBL,50,52,30.0,308.5,9255.0,2024-12-17
2024121704013465,UMRH,50,35,10.0,635.0,6350.0,2024-12-17
2024121703014282,BFC,43,65,220.0,730.0,160600.0,2024-12-17
2024121703014281,BFC,43,42,30.0,730.0,21900.0,2024-12-17
2024121703014280,BFC,43,22,480.0,729.2,350016.0,2024-12-17
2024121703014279,BFC,43,85,250.0,729.0,182250.0,2024-12-17
2024121703014278,BFC,43,20,120.0,728.0,87360.0,2024-12-17
2024121703014277,BFC,43,33,100.0,727.0,72700.0,2024-12-17
2024121703014276,BFC,43,65,1800.0,727.0,1308600.0,2024-12-17
2024121701016513,ULBSL,13,70,10.0,3108.0,31080.0,2024-12-17
2024121701016512,ULBSL,45,70,60.0,3163.2,189792.0,2024-12-17
2024121701016511,DOLTI,70,91,10.0,732.0,7320.0,2024-12-17
2024121701016510,MKJC,34,45,10.0,529.9,5299.0,2024-12-17
2024121701016509,BEDC,56,42,10.0,635.0,6350.0,2024-12-17
2024121703014275,JSLBB,34,18,10.0,1598.0,15980.0,2024-12-17
2024121703014274,MLBBL,56,58,10.0,1654.0,16540.0,2024-12-17
2024121703014273,NABBC,56,71,381.0,1303.0,496443.0,2024-12-17
2024121703014272,NABBC,56,69,68.0,1300.5,88434.0,2024-12-17
2024121703014271,NABBC,56,28,100.0,1300.0,130000.0,2024-12-17
2024121703014270,NABBC,56,43,275.0,1299.4,357335.0,2024-12-17
2024121703014269,NABBC,56,49,60.0,1299.4,77964.0,2024-12-17
2024121703014268,NABBC,56,22,100.0,1299.4,129940.0,2024-12-17
2024121703014267,NABBC,56,70,200.0,1299.4,259880.0,2024-12-17
2024121703014266,NABBC,56,56,475.0,1299.4,617215.0,2024-12-17
2024121703014265,NABBC,56,59,10.0,1299.4,12994.0,2024-12-17
2024121703014264,NABBC,56,32,900.0,1299.4,1169460.0,2024-12-17
2024121703014263,NABBC,56,59,20.0,1299.4,25988.0,2024-12-17
2024121703014262,NABBC,56,51,30.0,1299.0,38970.0,2024-12-17
2024121703014261,NABBC,56,49,250.0,1299.0,324750.0,2024-12-17
2024121703014260,NABBC,56,60,200.0,1299.0,259800.0,2024-12-17
2024121703014259,NABBC,56,3,200.0,1299.0,259800.0,2024-12-17
2024121703014258,NABBC,56,45,100.0,1299.0,129900.0,2024-12-17
2024121703014257,NABBC,56,14,350.0,1299.0,454650.0,2024-12-17
2024121703014256,NABBC,56,59,300.0,1299.0,389700.0,2024-12-17
2024121703014255,NABBC,56,45,830.0,1298.0,1077340.0,2024-12-17
2024121703014254,NABBC,56,75,3000.0,1298.0,3894000.0,2024-12-17
2024121703014253,NABBC,56,33,40.0,1298.0,51920.0,2024-12-17
2024121703014252,NABBC,56,65,97.0,1298.0,125906.0,2024-12-17
2024121703014251,NABBC,56,8,80.0,1296.4,103712.0,2024-12-17
2024121703014250,NABBC,56,58,10.0,1295.0,12950.0,2024-12-17
2024121703014249,NABBC,56,28,20.0,1293.3,25866.0,2024-12-17
2024121703014248,NABBC,56,17,100.0,1293.0,129300.0,2024-12-17
2024121703014247,NABBC,56,7,100.0,1292.3,129230.0,2024-12-17
2024121703014246,NABBC,56,11,79.0,1290.9,101981.1,2024-12-17
2024121703014245,NABBC,56,42,100.0,1290.3,129030.0,2024-12-17
2024121703014244,NABBC,56,64,68.0,1289.2,87665.6,2024-12-17
2024121703014243,NABBC,56,61,200.0,1289.0,257800.0,2024-12-17
2024121703014242,NABBC,56,58,97.0,1287.0,124839.0,2024-12-17
2024121703014241,NABBC,56,58,10.0,1286.2,12862.0,2024-12-17
2024121703014240,NABBC,56,33,50.0,1285.2,64260.0,2024-12-17
2024121703014239,NABBC,56,45,10.0,1285.0,12850.0,2024-12-17
2024121703014238,NABBC,56,17,10.0,1285.0,12850.0,2024-12-17
2024121703014237,NABBC,56,60,200.0,1284.0,256800.0,2024-12-17
2024121703014236,NABBC,56,58,50.0,1280.0,64000.0,2024-12-17
2024121703014235,NABBC,56,28,975.0,1279.0,1247025.0,2024-12-17
2024121703014234,NABBC,56,61,140.0,1278.9,179046.0,2024-12-17
2024121703014233,NABBC,56,58,2000.0,1276.0,2552000.0,2024-12-17
2024121703014232,NABBC,56,35,10.0,1275.2,12752.0,2024-12-17
2024121703014231,NABBC,56,3,100.0,1275.1,127510.0,2024-12-17
2024121703014230,NABBC,56,13,50.0,1275.0,63750.0,2024-12-17
2024121703014229,NABBC,56,48,501.0,1275.0,638775.0,2024-12-17
2024121703014228,NABBC,56,74,80.0,1275.0,102000.0,2024-12-17
2024121703014227,NABBC,56,21,74.0,1272.9,94194.6,2024-12-17
2024121703014226,JFL,72,34,10.0,879.9,8799.0,2024-12-17
2024121701016508,SAMAJ,56,44,10.0,3540.0,35400.0,2024-12-17
2024121701016507,RFPL,39,81,70.0,979.0,68530.0,2024-12-17
2024121701016506,RFPL,39,57,80.0,978.9,78312.0,2024-12-17
2024121701016505,RFPL,39,58,50.0,978.0,48900.0,2024-12-17
2024121701016504,TAMOR,46,39,10.0,516.0,5160.0,2024-12-17
2024121701016503,TAMOR,42,39,100.0,516.0,51600.0,2024-12-17
2024121701016502,LSL,7,29,220.0,235.0,51700.0,2024-12-17
2024121703014225,PFL,66,65,10.0,623.9,6239.0,2024-12-17
2024121701016501,USHEC,66,61,10.0,579.0,5790.0,2024-12-17
2024121703014224,NABBC,69,21,10.0,1272.9,12729.0,2024-12-17
2024121704013464,NGPL,26,46,113.0,267.0,30171.0,2024-12-17
2024121704013463,UNHPL,69,13,165.0,289.5,47767.5,2024-12-17
2024121704013462,UNHPL,69,11,275.0,289.3,79557.5,2024-12-17
2024121704013461,UNHPL,69,32,250.0,288.0,72000.0,2024-12-17
2024121704013460,UNHPL,69,52,10.0,287.0,2870.0,2024-12-17
2024121704013459,UNHPL,69,48,200.0,286.4,57280.0,2024-12-17
2024121701016500,NESDO,1,38,10.0,2190.0,21900.0,2024-12-17
2024121701016499,NESDO,1,52,20.0,2175.0,43500.0,2024-12-17
2024121705009610,HIDCL,1,45,950.0,243.0,230850.0,2024-12-17
2024121705009609,HIDCL,1,59,50.0,243.0,12150.0,2024-12-17
2024121703014223,NABBC,17,21,10.0,1272.9,12729.0,2024-12-17
2024121701016498,BEDC,17,42,30.0,635.0,19050.0,2024-12-17
2024121703014222,NABBC,17,21,30.0,1272.9,38187.0,2024-12-17
2024121704013458,NLG,55,58,300.0,927.0,278100.0,2024-12-17
2024121703014221,CORBL,71,29,10.0,1630.0,16300.0,2024-12-17
2024121701016497,SPC,58,5,20.0,532.0,10640.0,2024-12-17
2024121703014220,NABBC,71,21,10.0,1272.9,12729.0,2024-12-17
2024121703014219,SMFBS,49,58,10.0,2007.0,20070.0,2024-12-17
2024121701016496,MHCL,58,7,20.0,550.0,11000.0,2024-12-17
2024121701016495,MHCL,58,48,100.0,549.9,54990.0,2024-12-17
2024121701016494,MHCL,58,52,10.0,548.0,5480.0,2024-12-17
2024121701016493,MHCL,58,45,170.0,548.0,93160.0,2024-12-17
2024121704013457,BARUN,26,33,150.0,414.3,62145.0,2024-12-17
2024121704013456,BARUN,14,33,200.0,414.5,82900.0,2024-12-17
2024121703014218,CORBL,96,41,10.0,1624.0,16240.0,2024-12-17
2024121704013455,KKHC,72,84,2000.0,397.9,795800.0,2024-12-17
2024121703014217,EDBL,10,38,100.0,634.0,63400.0,2024-12-17
2024121705009608,MEL,55,85,195.0,316.9,61795.5,2024-12-17
2024121701016492,SMHL,65,65,15.0,992.0,14880.0,2024-12-17
2024121701016491,SMHL,65,58,10.0,992.0,9920.0,2024-12-17
2024121701016490,SMHL,65,65,500.0,992.0,496000.0,2024-12-17
2024121701016489,SMHL,65,56,200.0,990.0,198000.0,2024-12-17
2024121701016488,SMHL,65,65,25.0,990.0,24750.0,2024-12-17
2024121701016487,SMHL,65,42,10.0,989.0,9890.0,2024-12-17
2024121701016486,SMHL,65,34,10.0,988.0,9880.0,2024-12-17
2024121701016485,SMHL,65,65,50.0,987.8,49390.0,2024-12-17
2024121701016484,SMHL,65,17,50.0,987.0,49350.0,2024-12-17
2024121701016483,SMHL,65,40,130.0,982.6,127738.0,2024-12-17
2024121705009607,MEL,55,45,10.0,316.0,3160.0,2024-12-17
2024121705009606,MEL,55,56,1435.0,315.0,452025.0,2024-12-17
2024121701016482,MKHC,44,13,10.0,550.0,5500.0,2024-12-17
2024121701016481,RFPL,17,62,200.0,950.7,190140.0,2024-12-17
2024121701016480,RFPL,84,62,500.0,951.0,475500.0,2024-12-17
2024121701016479,RFPL,38,62,100.0,951.0,95100.0,2024-12-17
2024121701016478,RFPL,25,62,10.0,951.0,9510.0,2024-12-17
2024121701016477,RFPL,60,62,1000.0,951.0,951000.0,2024-12-17
2024121701016476,RFPL,17,62,30.0,951.7,28551.0,2024-12-17
2024121701016475,RFPL,82,62,50.0,955.6,47780.0,2024-12-17
2024121701016474,RFPL,11,62,10.0,956.0,9560.0,2024-12-17
2024121701016473,RFPL,41,62,50.0,956.0,47800.0,2024-12-17
2024121701016472,RFPL,62,62,110.0,956.0,105160.0,2024-12-17
2024121701016471,RFPL,81,62,200.0,958.8,191760.0,2024-12-17
2024121701016470,RFPL,84,62,200.0,959.0,191800.0,2024-12-17
2024121701016469,RFPL,64,62,100.0,959.5,95950.0,2024-12-17
2024121701016468,RFPL,42,62,10.0,960.0,9600.0,2024-12-17
2024121701016467,RFPL,84,62,490.0,960.0,470400.0,2024-12-17
2024121703014216,MLBBL,58,53,10.0,1653.0,16530.0,2024-12-17
2024121704013454,HPPL,22,45,50.0,386.0,19300.0,2024-12-17
2024121701016466,SMHL,7,40,270.0,982.6,265302.0,2024-12-17
2024121701016465,BHPL,34,51,10.0,778.0,7780.0,2024-12-17
2024121704013453,KKHC,22,57,1490.0,400.0,596000.0,2024-12-17
2024121704013452,KKHC,22,25,510.0,398.0,202980.0,2024-12-17
2024121701016464,KDL,42,44,14.0,1163.0,16282.0,2024-12-17
2024121701016463,USHEC,7,61,10.0,579.0,5790.0,2024-12-17
2024121704013451,HURJA,75,42,100.0,232.0,23200.0,2024-12-17
2024121704013450,HURJA,56,42,352.0,232.0,81664.0,2024-12-17
2024121701016462,EHPL,42,44,10.0,727.8,7278.0,2024-12-17
2024121701016461,EHPL,42,45,20.0,727.7,14554.0,2024-12-17
2024121701016460,EHPL,42,58,10.0,726.0,7260.0,2024-12-17
2024121701016459,EHPL,42,58,50.0,725.0,36250.0,2024-12-17
2024121701016458,EHPL,42,43,10.0,725.0,7250.0,2024-12-17
2024121701016457,EHPL,42,68,20.0,725.0,14500.0,2024-12-17
2024121701016456,EHPL,42,60,50.0,724.0,36200.0,2024-12-17
2024121701016455,EHPL,42,70,30.0,724.0,21720.0,2024-12-17
2024121701016454,USHEC,42,25,10.0,572.0,5720.0,2024-12-17
2024121701016453,KBL,49,36,142.0,215.0,30530.0,2024-12-17
2024121701016452,KBL,77,36,10.0,215.0,2150.0,2024-12-17
2024121701016451,KBL,52,36,100.0,215.0,21500.0,2024-12-17
2024121701016450,KBL,47,36,400.0,215.0,86000.0,2024-12-17
2024121701016449,KBL,18,36,1000.0,215.0,215000.0,2024-12-17
2024121701016448,KBL,41,36,20.0,215.0,4300.0,2024-12-17
2024121701016447,KBL,42,36,403.0,215.0,86645.0,2024-12-17
2024121703014215,SAPDBL,25,75,200.0,1068.0,213600.0,2024-12-17
2024121703014214,KMCDB,13,51,200.0,1106.0,221200.0,2024-12-17
2024121704013449,NLG,55,81,522.0,927.0,483894.0,2024-12-17
2024121703014213,CORBL,60,29,30.0,1630.0,48900.0,2024-12-17
2024121703014212,MDB,60,50,11.0,710.0,7810.0,2024-12-17
2024121705009605,NBF2,58,48,215.0,9.39,2018.85,2024-12-17
2024121701016446,MEHL,57,49,40.0,457.0,18280.0,2024-12-17
2024121701016445,MEHL,57,37,50.0,457.0,22850.0,2024-12-17
2024121701016444,MEHL,57,57,10.0,457.0,4570.0,2024-12-17
2024121701016443,SMH,60,53,10.0,1014.8,10148.0,2024-12-17
2024121704013448,OHL,43,21,10.0,910.0,9100.0,2024-12-17
2024121703014211,ICFC,50,48,300.0,696.0,208800.0,2024-12-17
2024121701016442,BHDC,50,71,10.0,643.0,6430.0,2024-12-17
2024121704013447,NHDL,50,49,100.0,733.0,73300.0,2024-12-17
2024121704013446,NHDL,50,51,51.0,733.0,37383.0,2024-12-17
2024121704013445,NHDL,50,50,648.0,732.0,474336.0,2024-12-17
2024121701016441,TVCL,3,52,10.0,550.0,5500.0,2024-12-17
2024121701016440,TPC,40,3,25.0,544.0,13600.0,2024-12-17
2024121701016439,TPC,10,3,50.0,544.0,27200.0,2024-12-17
2024121705009604,MBJC,71,47,360.0,344.1,123876.0,2024-12-17
2024121705009603,MBJC,41,47,250.0,344.1,86025.0,2024-12-17
2024121705009602,MBJC,6,47,200.0,344.2,68840.0,2024-12-17
2024121705009601,MBJC,45,47,180.0,345.0,62100.0,2024-12-17
2024121705009600,MBJC,55,47,10.0,346.0,3460.0,2024-12-17
2024121705009599,NRM,34,59,10.0,438.5,4385.0,2024-12-17
2024121701016438,HBL,56,45,72.0,240.0,17280.0,2024-12-17
2024121701016437,HBL,56,17,25.0,239.8,5995.0,2024-12-17
2024121701016436,HBL,56,43,79.0,239.8,18944.2,2024-12-17
2024121701016435,HBL,56,13,324.0,238.3,77209.2,2024-12-17
2024121703014210,SLBSL,66,81,500.0,1737.0,868500.0,2024-12-17
2024121704013444,SJCL,96,52,50.0,370.0,18500.0,2024-12-17
2024121703014209,CORBL,96,29,183.0,1630.0,298290.0,2024-12-17
2024121703014208,CORBL,96,42,20.0,1630.0,32600.0,2024-12-17
2024121703014207,CORBL,96,25,36.0,1630.0,58680.0,2024-12-17
2024121703014206,CORBL,96,42,16.0,1630.0,26080.0,2024-12-17
2024121703014205,CORBL,96,38,20.0,1630.0,32600.0,2024-12-17
2024121703014204,CORBL,96,42,225.0,1630.0,366750.0,2024-12-17
2024121701016434,MKHL,14,46,10.0,630.0,6300.0,2024-12-17
2024121701016433,MKHL,14,34,10.0,629.0,6290.0,2024-12-17
2024121703014203,NFS,72,95,70.0,1067.8,74746.0,2024-12-17
2024121703014202,NFS,1,95,130.0,1068.0,138840.0,2024-12-17
2024121701016432,AVYAN,14,58,10.0,1060.5,10605.0,2024-12-17
2024121701016431,MHCL,14,45,20.0,548.0,10960.0,2024-12-17
2024121704013443,AKJCL,4,1,10.0,205.0,2050.0,2024-12-17
2024121705009598,HRL,17,28,69.0,809.0,55821.0,2024-12-17
2024121705009597,HRL,17,62,150.0,808.9,121335.0,2024-12-17
2024121704013442,AKJCL,4,72,540.0,205.0,110700.0,2024-12-17
2024121704013441,JOSHI,59,6,100.0,445.4,44540.0,2024-12-17
2024121704013440,JOSHI,35,6,50.0,445.4,22270.0,2024-12-17
2024121704013439,JOSHI,6,6,520.0,445.5,231660.0,2024-12-17
2024121704013438,JOSHI,35,6,50.0,446.0,22300.0,2024-12-17
2024121704013437,JOSHI,54,6,20.0,446.0,8920.0,2024-12-17
2024121704013436,JOSHI,38,6,100.0,447.0,44700.0,2024-12-17
2024121704013435,JOSHI,58,6,160.0,447.0,71520.0,2024-12-17
2024121701016430,IHL,26,48,10.0,654.0,6540.0,2024-12-17
2024121705009596,VLUCL,65,65,10.0,669.0,6690.0,2024-12-17
2024121701016429,SMHL,7,52,100.0,982.6,98260.0,2024-12-17
2024121701016428,MSHL,38,33,60.0,1005.0,60300.0,2024-12-17
2024121701016427,BNT,55,35,10.0,14050.0,140500.0,2024-12-17
2024121701016426,SPL,80,4,10.0,976.0,9760.0,2024-12-17
2024121704013434,NHPC,44,50,30.0,223.0,6690.0,2024-12-17
2024121701016425,UNLB,38,34,21.0,2550.0,53550.0,2024-12-17
2024121703014201,NABBC,38,21,10.0,1272.9,12729.0,2024-12-17
2024121701016424,PPL,74,45,88.0,520.0,45760.0,2024-12-17
2024121701016423,PPL,43,45,200.0,520.0,104000.0,2024-12-17
2024121701016422,PPL,42,45,50.0,520.2,26010.0,2024-12-17
2024121701016421,PPL,57,45,234.0,520.2,121726.8,2024-12-17
2024121701016420,PPL,58,45,228.0,525.0,119700.0,2024-12-17
2024121701016419,PPL,70,45,200.0,526.0,105200.0,2024-12-17
2024121701016418,MEHL,56,45,10.0,456.9,4569.0,2024-12-17
2024121705009595,HIDCL,45,49,705.0,242.0,170610.0,2024-12-17
2024121703014200,NADEP,58,21,20.0,975.0,19500.0,2024-12-17
2024121705009594,ILI,28,45,10.0,470.0,4700.0,2024-12-17
2024121704013433,NGPL,58,54,10.0,267.7,2677.0,2024-12-17
2024121704013432,UPPER,58,49,725.0,206.5,149712.5,2024-12-17
2024121703014199,JSLBB,58,35,10.0,1598.0,15980.0,2024-12-17
2024121703014198,JFL,72,91,100.0,879.9,87990.0,2024-12-17
2024121703014197,GMFIL,35,13,58.0,588.0,34104.0,2024-12-17
2024121701016417,EBL,81,1,18.0,588.5,10593.0,2024-12-17
2024121701016416,EBL,81,11,100.0,588.5,58850.0,2024-12-17
2024121701016415,EBL,81,8,13.0,588.4,7649.2,2024-12-17
2024121701016414,EBL,81,49,110.0,588.0,64680.0,2024-12-17
2024121701016413,EBL,81,51,30.0,588.0,17640.0,2024-12-17
2024121701016412,EBL,81,1,50.0,587.0,29350.0,2024-12-17
2024121701016411,EBL,81,26,30.0,587.0,17610.0,2024-12-17
2024121701016410,EBL,81,42,149.0,587.0,87463.0,2024-12-17
2024121704013431,CGH,58,49,70.0,914.0,63980.0,2024-12-17
2024121705009593,MEL,47,49,10.0,314.0,3140.0,2024-12-17
2024121703014196,SINDU,32,75,10.0,889.7,8897.0,2024-12-17
2024121703014195,MDB,60,50,210.0,710.0,149100.0,2024-12-17
2024121703014194,SHINE,57,29,227.0,463.0,105101.0,2024-12-17
2024121703014193,SHINE,57,19,100.0,462.7,46270.0,2024-12-17
2024121703014192,SHINE,57,58,500.0,462.5,231250.0,2024-12-17
2024121703014191,SHINE,57,48,1000.0,462.0,462000.0,2024-12-17
2024121703014190,SHINE,57,62,50.0,462.0,23100.0,2024-12-17
2024121703014189,SHINE,57,38,13.0,462.0,6006.0,2024-12-17
2024121703014188,SHINE,57,34,110.0,462.0,50820.0,2024-12-17
2024121705009592,HDL,50,56,400.0,1339.0,535600.0,2024-12-17
2024121701016409,DOLTI,64,64,1619.0,733.0,1186727.0,2024-12-17
2024121701016408,DOLTI,64,7,1100.0,719.0,790900.0,2024-12-17
2024121701016407,DOLTI,64,55,200.0,714.0,142800.0,2024-12-17
2024121701016406,DOLTI,64,71,290.0,714.0,207060.0,2024-12-17
2024121701016405,DOLTI,64,42,200.0,712.0,142400.0,2024-12-17
2024121701016404,DOLTI,64,45,42.0,712.0,29904.0,2024-12-17
2024121701016403,DOLTI,64,34,50.0,711.9,35595.0,2024-12-17
2024121701016402,DOLTI,64,61,120.0,711.9,85428.0,2024-12-17
2024121701016401,DOLTI,64,58,500.0,711.0,355500.0,2024-12-17
2024121701016400,DOLTI,64,43,25.0,711.0,17775.0,2024-12-17
2024121701016399,DOLTI,64,62,10.0,711.0,7110.0,2024-12-17
2024121701016398,DOLTI,64,35,200.0,710.0,142000.0,2024-12-17
2024121701016397,DOLTI,64,38,100.0,710.0,71000.0,2024-12-17
2024121701016396,DOLTI,64,34,300.0,710.0,213000.0,2024-12-17
2024121701016395,DOLTI,64,62,10.0,710.0,7100.0,2024-12-17
2024121701016394,DOLTI,64,44,10.0,710.0,7100.0,2024-12-17
2024121701016393,DOLTI,64,33,350.0,710.0,248500.0,2024-12-17
2024121701016392,DOLTI,64,20,50.0,709.9,35495.0,2024-12-17
2024121701016391,DOLTI,64,88,10.0,709.9,7099.0,2024-12-17
2024121701016390,DOLTI,64,57,163.0,709.7,115681.1,2024-12-17
2024121701016389,DOLTI,64,34,250.0,709.6,177400.0,2024-12-17
2024121701016388,DOLTI,64,45,11.0,709.6,7805.6,2024-12-17
2024121701016387,DOLTI,64,36,10.0,709.5,7095.0,2024-12-17
2024121701016386,DOLTI,64,20,10.0,709.0,7090.0,2024-12-17
2024121701016385,DOLTI,64,26,100.0,709.0,70900.0,2024-12-17
2024121701016384,DOLTI,64,6,500.0,709.0,354500.0,2024-12-17
2024121701016383,DOLTI,64,25,110.0,709.0,77990.0,2024-12-17
2024121701016382,DOLTI,64,54,10.0,709.0,7090.0,2024-12-17
2024121701016381,DOLTI,64,55,100.0,709.0,70900.0,2024-12-17
2024121701016380,DOLTI,64,6,100.0,709.0,70900.0,2024-12-17
2024121701016379,DOLTI,64,61,160.0,709.0,113440.0,2024-12-17
2024121701016378,DOLTI,64,42,10.0,709.0,7090.0,2024-12-17
2024121701016377,DOLTI,64,32,65.0,709.0,46085.0,2024-12-17
2024121701016376,DOLTI,64,49,10.0,709.0,7090.0,2024-12-17
2024121701016375,DOLTI,64,51,162.0,709.0,114858.0,2024-12-17
2024121701016374,DOLTI,64,55,10.0,709.0,7090.0,2024-12-17
2024121701016373,DOLTI,64,7,10.0,708.9,7089.0,2024-12-17
2024121701016372,DOLTI,64,65,300.0,708.8,212640.0,2024-12-17
2024121701016371,DOLTI,64,56,100.0,707.0,70700.0,2024-12-17
2024121701016370,DOLTI,64,88,100.0,706.0,70600.0,2024-12-17
2024121701016369,DOLTI,64,45,10.0,705.4,7054.0,2024-12-17
2024121701016368,DOLTI,64,25,200.0,705.0,141000.0,2024-12-17
2024121701016367,DOLTI,64,34,30.0,705.0,21150.0,2024-12-17
2024121701016366,DOLTI,64,53,100.0,705.0,70500.0,2024-12-17
2024121701016365,DOLTI,64,42,310.0,705.0,218550.0,2024-12-17
2024121701016364,DOLTI,64,50,100.0,703.0,70300.0,2024-12-17
2024121701016363,DOLTI,64,49,10.0,696.0,6960.0,2024-12-17
2024121701016362,DOLTI,64,28,231.0,696.0,160776.0,2024-12-17
2024121703014187,JFL,72,64,100.0,879.9,87990.0,2024-12-17
2024121705009591,NICBF,4,34,3000.0,9.3,27900.0,2024-12-17
2024121704013430,SICL,34,10,10.0,805.0,8050.0,2024-12-17
2024121704013429,NGPL,26,34,130.0,267.0,34710.0,2024-12-17
2024121704013428,NGPL,34,34,50.0,267.0,13350.0,2024-12-17
2024121703014186,SINDU,88,75,100.0,889.7,88970.0,2024-12-17
2024121703014185,SINDU,14,75,10.0,889.7,8897.0,2024-12-17
2024121701016361,EBLD85,42,14,5.0,1117.0,5585.0,2024-12-17
2024121701016360,EBLD85,29,14,5.0,1120.0,5600.0,2024-12-17
2024121704013427,AKPL,17,52,891.0,239.0,212949.0,2024-12-17
2024121704013426,AKPL,17,50,825.0,238.5,196762.5,2024-12-17
2024121704013425,AKPL,17,57,84.0,238.0,19992.0,2024-12-17
2024121704013424,JOSHI,72,53,10.0,448.0,4480.0,2024-12-17
2024121703014184,LICN,37,3,10.0,1198.6,11986.0,2024-12-17
2024121705009590,HIDCL,42,33,407.0,241.7,98371.9,2024-12-17
2024121705009589,HIDCL,45,33,10.0,241.8,2418.0,2024-12-17
2024121705009588,HIDCL,38,33,83.0,241.8,20069.4,2024-12-17
2024121704013423,UNHPL,21,34,200.0,285.0,57000.0,2024-12-17
2024121704013422,SGIC,25,41,50.0,662.1,33105.0,2024-12-17
2024121701016359,HEIP,52,43,10.0,489.3,4893.0,2024-12-17
2024121701016358,HEIP,52,59,90.0,489.2,44028.0,2024-12-17
2024121703014183,SLBSL,62,81,285.0,1737.0,495045.0,2024-12-17
2024121703014182,SLBSL,62,7,10.0,1737.0,17370.0,2024-12-17
2024121703014181,SLBSL,62,71,100.0,1736.0,173600.0,2024-12-17
2024121703014180,SLBSL,62,38,10.0,1736.0,17360.0,2024-12-17
2024121703014179,SLBSL,62,28,30.0,1736.0,52080.0,2024-12-17
2024121703014178,SLBSL,62,82,500.0,1736.0,868000.0,2024-12-17
2024121703014177,SLBSL,62,26,30.0,1736.0,52080.0,2024-12-17
2024121703014176,SLBSL,62,36,17.0,1735.0,29495.0,2024-12-17
2024121703014175,SLBSL,62,57,18.0,1702.0,30636.0,2024-12-17
2024121703014174,JFL,72,62,176.0,879.9,154862.4,2024-12-17
2024121701016357,IHL,62,48,10.0,654.0,6540.0,2024-12-17
2024121704013421,PPCL,38,32,1661.0,289.0,480029.0,2024-12-17
2024121704013420,PPCL,38,52,300.0,289.0,86700.0,2024-12-17
2024121704013419,PPCL,38,44,25.0,289.0,7225.0,2024-12-17
2024121704013418,PPCL,38,32,10.0,288.0,2880.0,2024-12-17
2024121704013417,PPCL,38,34,200.0,286.7,57340.0,2024-12-17
2024121704013416,PPCL,38,57,99.0,286.6,28373.4,2024-12-17
2024121704013415,PPCL,38,77,10.0,286.0,2860.0,2024-12-17
2024121704013414,PPCL,38,58,595.0,285.0,169575.0,2024-12-17
2024121704013413,PPCL,38,70,100.0,284.9,28490.0,2024-12-17
2024121703014173,GLBSL,48,40,15.0,2201.0,33015.0,2024-12-17
2024121704013412,UMRH,28,35,10.0,635.0,6350.0,2024-12-17
2024121705009587,VLUCL,67,22,78.0,665.0,51870.0,2024-12-17
2024121705009586,SHIVM,22,45,77.0,561.0,43197.0,2024-12-17
2024121705009585,HRL,58,58,10.0,808.0,8080.0,2024-12-17
2024121705009584,HRL,58,58,20.0,808.0,16160.0,2024-12-17
2024121704013411,SJCL,58,58,50.0,370.0,18500.0,2024-12-17
2024121704013410,SJCL,58,45,300.0,370.0,111000.0,2024-12-17
2024121704013409,SJCL,58,36,50.0,370.0,18500.0,2024-12-17
2024121704013408,SJCL,58,51,20.0,370.0,7400.0,2024-12-17
2024121704013407,SJCL,58,13,320.0,370.0,118400.0,2024-12-17
2024121704013406,SJCL,58,26,300.0,369.9,110970.0,2024-12-17
2024121704013405,SJCL,58,29,100.0,369.9,36990.0,2024-12-17
2024121704013404,SJCL,58,14,490.0,369.0,180810.0,2024-12-17
2024121704013403,SJCL,58,49,177.0,369.0,65313.0,2024-12-17
2024121704013402,SJCL,58,57,40.0,368.0,14720.0,2024-12-17
2024121704013401,SJCL,58,1,105.0,368.0,38640.0,2024-12-17
2024121704013400,SJCL,58,53,40.0,366.0,14640.0,2024-12-17
2024121703014172,FMDBL,58,42,499.0,770.0,384230.0,2024-12-17
2024121703014171,FMDBL,58,57,520.0,770.0,400400.0,2024-12-17
2024121703014170,FMDBL,58,25,65.0,769.0,49985.0,2024-12-17
2024121703014169,FMDBL,58,49,53.0,767.0,40651.0,2024-12-17
2024121703014168,FMDBL,58,57,130.0,765.0,99450.0,2024-12-17
2024121703014167,FMDBL,58,34,120.0,765.0,91800.0,2024-12-17
2024121703014166,FMDBL,58,42,50.0,765.0,38250.0,2024-12-17
2024121703014165,FMDBL,58,53,50.0,764.0,38200.0,2024-12-17
2024121703014164,FMDBL,58,42,13.0,762.0,9906.0,2024-12-17
2024121703014163,BFC,58,65,10.0,727.0,7270.0,2024-12-17
2024121704013399,NLG,55,99,500.0,927.0,463500.0,2024-12-17
2024121704013398,AKPL,36,57,16.0,238.0,3808.0,2024-12-17
2024121704013397,KPCL,50,16,100.0,533.0,53300.0,2024-12-17
2024121701016356,MSHL,59,13,10.0,1000.0,10000.0,2024-12-17
2024121701016355,MSHL,59,34,10.0,1000.0,10000.0,2024-12-17
2024121701016354,MSHL,59,82,50.0,1000.0,50000.0,2024-12-17
2024121701016353,MSHL,59,82,40.0,999.0,39960.0,2024-12-17
2024121703014162,RLFL,81,59,304.0,610.0,185440.0,2024-12-17
2024121703014161,SLBBL,34,16,30.0,912.0,27360.0,2024-12-17
2024121703014160,HLBSL,34,41,11.0,950.0,10450.0,2024-12-17
2024121701016352,MHL,66,57,10.0,890.0,8900.0,2024-12-17
2024121701016351,ULHC,29,77,10.0,495.0,4950.0,2024-12-17
2024121701016350,ULHC,29,57,100.0,494.5,49450.0,2024-12-17
2024121703014159,NFS,1,8,50.0,1068.0,53400.0,2024-12-17
2024121703014158,NFS,1,49,20.0,1068.0,21360.0,2024-12-17
2024121703014157,NFS,1,57,10.0,1068.0,10680.0,2024-12-17
2024121703014156,NFS,1,22,200.0,1068.0,213600.0,2024-12-17
2024121703014155,NFS,1,4,10.0,1068.0,10680.0,2024-12-17
2024121703014154,NFS,1,57,22.0,1067.9,23493.8,2024-12-17
2024121701016349,SRLI,17,4,300.0,419.0,125700.0,2024-12-17
2024121705009583,HIDCL,21,49,50.0,242.0,12100.0,2024-12-17
2024121703014153,ICFC,38,48,100.0,696.0,69600.0,2024-12-17
2024121703014152,KRBL,38,71,100.0,779.9,77990.0,2024-12-17
2024121703014151,KRBL,38,71,100.0,777.0,77700.0,2024-12-17
2024121703014150,JFL,72,38,100.0,879.9,87990.0,2024-12-17
2024121701016348,KBL,42,45,62.0,215.0,13330.0,2024-12-17
2024121701016347,KBL,57,45,300.0,215.0,64500.0,2024-12-17
2024121701016346,KBL,36,45,25.0,215.0,5375.0,2024-12-17
2024121701016345,KBL,13,45,200.0,215.0,43000.0,2024-12-17
2024121701016344,KBL,58,45,526.0,215.0,113090.0,2024-12-17
2024121701016343,GBIME,58,38,100.0,228.0,22800.0,2024-12-17
2024121703014149,SINDU,58,42,40.0,886.0,35440.0,2024-12-17
2024121704013396,RADHI,47,77,50.0,383.6,19180.0,2024-12-17
2024121704013395,RADHI,1,77,50.0,384.2,19210.0,2024-12-17
2024121701016342,IHL,60,48,10.0,654.0,6540.0,2024-12-17
2024121701016341,NABIL,55,43,78.0,512.0,39936.0,2024-12-17
2024121703014148,JFL,72,57,50.0,879.9,43995.0,2024-12-17
2024121701016340,MSHL,57,82,10.0,999.0,9990.0,2024-12-17
2024121705009582,NRN,49,58,100.0,981.1,98110.0,2024-12-17
2024121703014147,GUFL,59,57,10.0,695.0,6950.0,2024-12-17
2024121703014146,MFIL,42,8,20.0,686.0,13720.0,2024-12-17
2024121703014145,MFIL,29,8,10.0,686.0,6860.0,2024-12-17
2024121704013394,AHPC,45,34,153.0,254.0,38862.0,2024-12-17
2024121704013393,AHPC,3,34,65.0,254.0,16510.0,2024-12-17
2024121704013392,MEN,40,14,60.0,730.0,43800.0,2024-12-17
2024121704013391,MEN,22,14,40.0,730.0,29200.0,2024-12-17
2024121703014144,JFL,72,5,2200.0,879.9,1935780.0,2024-12-17
2024121701016339,NYADI,33,54,50.0,366.8,18340.0,2024-12-17
2024121704013390,NLG,55,26,1000.0,927.0,927000.0,2024-12-17
2024121701016338,GVL,56,6,40.0,532.0,21280.0,2024-12-17
2024121704013389,NGPL,33,35,98.0,267.0,26166.0,2024-12-17
2024121704013388,NGPL,1,35,200.0,267.0,53400.0,2024-12-17
2024121704013387,NGPL,42,35,20.0,267.0,5340.0,2024-12-17
2024121704013386,NGPL,47,35,182.0,267.0,48594.0,2024-12-17
2024121703014143,GRDBL,26,98,20.0,966.0,19320.0,2024-12-17
2024121703014142,GRDBL,41,98,10.0,970.0,9700.0,2024-12-17
2024121703014141,GRDBL,94,98,100.0,970.1,97010.0,2024-12-17
2024121703014140,GRDBL,26,98,100.0,970.2,97020.0,2024-12-17
2024121703014139,GRDBL,34,98,20.0,974.2,19484.0,2024-12-17
2024121703014138,GRDBL,60,98,100.0,974.3,97430.0,2024-12-17
2024121703014137,GRDBL,60,98,47.0,974.3,45792.1,2024-12-17
2024121703014136,GRDBL,83,98,500.0,974.5,487250.0,2024-12-17
2024121703014135,GRDBL,43,98,100.0,986.0,98600.0,2024-12-17
2024121704013385,GLH,55,74,320.0,239.9,76768.0,2024-12-17
2024121704013384,GLH,55,32,80.0,239.0,19120.0,2024-12-17
2024121704013383,CHCL,51,57,55.0,563.5,30992.5,2024-12-17
2024121704013382,UMRH,75,35,160.0,635.0,101600.0,2024-12-17
2024121704013381,UMRH,75,21,150.0,634.0,95100.0,2024-12-17
2024121704013380,UMRH,75,17,150.0,633.9,95085.0,2024-12-17
2024121704013379,UMRH,75,36,100.0,632.0,63200.0,2024-12-17
2024121704013378,UMRH,75,58,10.0,632.0,6320.0,2024-12-17
2024121704013377,UMRH,75,34,1400.0,632.0,884800.0,2024-12-17
2024121704013376,UMRH,75,42,100.0,631.8,63180.0,2024-12-17
2024121704013375,UMRH,75,34,30.0,631.8,18954.0,2024-12-17
2024121704013374,UMRH,75,38,500.0,631.8,315900.0,2024-12-17
2024121704013373,UMRH,75,51,10.0,631.8,6318.0,2024-12-17
2024121704013372,UMRH,75,44,390.0,631.7,246363.0,2024-12-17
2024121704013371,UMHL,50,58,100.0,325.1,32510.0,2024-12-17
2024121705009581,ILI,42,56,12.0,469.9,5638.8,2024-12-17
2024121703014134,GLBSL,48,42,25.0,2201.0,55025.0,2024-12-17
2024121701016337,AVYAN,74,58,10.0,1060.5,10605.0,2024-12-17
2024121703014133,MSLB,32,29,11.0,1588.0,17468.0,2024-12-17
2024121704013370,RBCL,42,59,10.0,16900.0,169000.0,2024-12-17
2024121701016336,HHL,66,44,275.0,525.0,144375.0,2024-12-17
2024121701016335,HHL,66,32,135.0,525.0,70875.0,2024-12-17
2024121703014132,MATRI,5,58,10.0,1258.0,12580.0,2024-12-17
2024121705009580,HIDCL,37,49,200.0,242.0,48400.0,2024-12-17
2024121703014131,MERO,46,63,10.0,728.9,7289.0,2024-12-17
2024121703014130,JFL,72,38,200.0,879.9,175980.0,2024-12-17
2024121703014129,MNBBL,45,40,50.0,378.0,18900.0,2024-12-17
2024121703014128,NFS,58,57,20.0,1067.9,21358.0,2024-12-17
2024121701016334,MAKAR,42,52,40.0,620.0,24800.0,2024-12-17
2024121704013369,MEN,57,45,100.0,731.0,73100.0,2024-12-17
2024121701016333,KDL,3,62,191.0,1155.0,220605.0,2024-12-17
2024121701016332,KDL,3,45,10.0,1153.0,11530.0,2024-12-17
2024121704013368,NLG,48,49,100.0,927.1,92710.0,2024-12-17
2024121701016331,SARBTM,57,49,82.0,759.0,62238.0,2024-12-17
2024121701016330,SARBTM,85,49,13.0,759.1,9868.3,2024-12-17
2024121701016329,SARBTM,58,49,20.0,759.3,15186.0,2024-12-17
2024121701016328,SARBTM,58,49,20.0,759.4,15188.0,2024-12-17
2024121703014127,PROFL,64,34,92.0,653.0,60076.0,2024-12-17
2024121703014126,PROFL,64,48,36.0,653.0,23508.0,2024-12-17
2024121701016327,SPC,64,47,10.0,531.0,5310.0,2024-12-17
2024121701016326,SPC,64,57,10.0,530.0,5300.0,2024-12-17
2024121701016325,MKHC,47,49,50.0,551.0,27550.0,2024-12-17
2024121701016324,MKHC,47,50,200.0,550.0,110000.0,2024-12-17
2024121701016323,MKHC,47,58,10.0,550.0,5500.0,2024-12-17
2024121701016322,MKHC,47,32,10.0,549.6,5496.0,2024-12-17
2024121701016321,MKHC,47,22,60.0,548.7,32922.0,2024-12-17
2024121701016320,MKHC,47,42,100.0,546.6,54660.0,2024-12-17
2024121701016319,MKHC,47,70,100.0,546.6,54660.0,2024-12-17
2024121701016318,MKHC,47,11,100.0,546.0,54600.0,2024-12-17
2024121701016317,MKHC,47,38,10.0,546.0,5460.0,2024-12-17
2024121701016316,MKHC,47,42,1100.0,545.0,599500.0,2024-12-17
2024121701016315,MKHC,47,13,200.0,545.0,109000.0,2024-12-17
2024121701016314,MKHC,47,32,500.0,545.0,272500.0,2024-12-17
2024121701016313,MKHC,47,55,10.0,545.0,5450.0,2024-12-17
2024121701016312,MKHC,47,77,875.0,544.6,476525.0,2024-12-17
2024121701016311,MKHC,47,48,330.0,544.6,179718.0,2024-12-17
2024121701016310,MKHC,47,49,500.0,544.1,272050.0,2024-12-17
2024121701016309,MKHC,47,58,30.0,544.0,16320.0,2024-12-17
2024121701016308,MKHC,47,34,1600.0,544.0,870400.0,2024-12-17
2024121701016307,MKHC,47,58,20.0,544.0,10880.0,2024-12-17
2024121701016306,MKHC,47,17,10.0,543.7,5437.0,2024-12-17
2024121701016305,MKHC,47,49,50.0,543.7,27185.0,2024-12-17
2024121701016304,MKHC,47,41,100.0,543.0,54300.0,2024-12-17
2024121701016303,MKHC,47,58,220.0,542.5,119350.0,2024-12-17
2024121701016302,MKHC,47,57,200.0,541.5,108300.0,2024-12-17
2024121701016301,MKHC,47,81,500.0,540.0,270000.0,2024-12-17
2024121701016300,MKHC,47,45,10.0,540.0,5400.0,2024-12-17
2024121701016299,MKHC,47,32,475.0,540.0,256500.0,2024-12-17
2024121701016298,MKHC,47,57,240.0,535.9,128616.0,2024-12-17
2024121703014125,JFL,72,58,100.0,879.9,87990.0,2024-12-17
2024121701016297,MKHL,34,11,180.0,626.0,112680.0,2024-12-17
2024121703014124,LBBL,42,17,100.0,486.4,48640.0,2024-12-17
2024121705009579,SHIVM,17,45,500.0,561.0,280500.0,2024-12-17
2024121704013367,JOSHI,72,53,10.0,448.0,4480.0,2024-12-17
2024121701016296,JBLB,26,26,22.0,1525.0,33550.0,2024-12-17
2024121701016295,JBLB,44,26,78.0,1525.0,118950.0,2024-12-17
2024121701016294,HIDCLP,58,6,379.0,167.0,63293.0,2024-12-17
2024121701016293,HIDCLP,77,6,45.0,167.0,7515.0,2024-12-17
2024121701016292,HIDCLP,49,6,576.0,167.0,96192.0,2024-12-17
2024121703014123,JSLBB,35,57,41.0,1580.0,64780.0,2024-12-17
2024121703014122,BFC,55,65,20.0,727.0,14540.0,2024-12-17
2024121703014121,MNBBL,40,40,100.0,378.0,37800.0,2024-12-17
2024121705009578,HDL,22,56,37.0,1339.0,49543.0,2024-12-17
2024121704013366,GLH,91,32,10.0,239.0,2390.0,2024-12-17
2024121703014120,CBBL,44,29,150.0,916.0,137400.0,2024-12-17
2024121701016291,NIMB,74,91,500.0,219.0,109500.0,2024-12-17
2024121703014119,BFC,51,43,10.0,721.0,7210.0,2024-12-17
2024121703014118,BFC,1,43,960.0,721.0,692160.0,2024-12-17
2024121703014117,BFC,59,43,30.0,722.0,21660.0,2024-12-17
2024121704013365,CHCL,58,57,50.0,563.5,28175.0,2024-12-17
2024121703014116,MERO,39,34,10.0,728.8,7288.0,2024-12-17
2024121704013364,HURJA,58,45,20.0,233.0,4660.0,2024-12-17
2024121704013363,KKHC,58,25,200.0,398.0,79600.0,2024-12-17
2024121701016290,SNLI,8,56,24.0,639.0,15336.0,2024-12-17
2024121703014115,CORBL,96,42,10.0,1630.0,16300.0,2024-12-17
2024121701016289,MANDU,34,39,50.0,885.0,44250.0,2024-12-17
2024121704013362,SHL,36,16,192.0,477.0,91584.0,2024-12-17
2024121703014114,NICLBSL,18,42,290.0,671.0,194590.0,2024-12-17
2024121703014113,NICLBSL,18,44,10.0,670.0,6700.0,2024-12-17
2024121705009577,CLI,49,18,195.0,679.0,132405.0,2024-12-17
2024121704013361,SICL,26,41,41.0,804.0,32964.0,2024-12-17
2024121704013360,SHPC,26,41,12.0,526.0,6312.0,2024-12-17
2024121704013359,SHPC,26,86,10.0,525.9,5259.0,2024-12-17
2024121701016288,HIDCLP,19,51,864.0,167.8,144979.2,2024-12-17
2024121701016287,HIDCLP,19,54,50.0,167.8,8390.0,2024-12-17
2024121701016286,HIDCLP,19,58,136.0,167.5,22780.0,2024-12-17
2024121701016285,HIDCLP,19,51,1000.0,167.5,167500.0,2024-12-17
2024121703014112,CFCL,38,62,35.0,618.0,21630.0,2024-12-17
2024121701016284,SPC,45,57,10.0,530.0,5300.0,2024-12-17
2024121703014111,SAPDBL,25,38,50.0,1068.0,53400.0,2024-12-17
2024121703014110,CORBL,96,13,200.0,1624.0,324800.0,2024-12-17
2024121701016283,MEHL,48,57,10.0,457.0,4570.0,2024-12-17
2024121701016282,NIMB,49,91,2000.0,219.0,438000.0,2024-12-17
2024121704013358,AKPL,36,6,84.0,238.0,19992.0,2024-12-17
2024121704013357,JOSHI,58,53,25.0,448.0,11200.0,2024-12-17
2024121701016281,AHL,53,21,10.0,705.0,7050.0,2024-12-17
2024121701016280,BEDC,74,56,95.0,631.0,59945.0,2024-12-17
2024121701016279,BEDC,6,56,205.0,634.9,130154.5,2024-12-17
2024121703014109,NFS,72,58,1800.0,1067.8,1922040.0,2024-12-17
2024121704013356,PMHPL,5,29,500.0,281.2,140600.0,2024-12-17
2024121703014108,GILB,34,37,618.0,1208.0,746544.0,2024-12-17
2024121704013355,UAIL,44,21,39.0,633.4,24702.6,2024-12-17
2024121703014107,FOWAD,46,7,40.0,1237.8,49512.0,2024-12-17
2024121704013354,GLH,35,32,50.0,239.0,11950.0,2024-12-17
2024121703014106,MLBBL,98,98,250.0,1653.0,413250.0,2024-12-17
2024121701016278,HBL,44,81,80.0,237.2,18976.0,2024-12-17
2024121704013353,UMHL,77,22,10.0,327.0,3270.0,2024-12-17
2024121701016277,CYCL,77,37,10.0,1626.0,16260.0,2024-12-17
2024121704013352,HDHPC,57,48,11.0,202.0,2222.0,2024-12-17
2024121704013351,HDHPC,53,48,50.0,202.0,10100.0,2024-12-17
2024121704013350,HDHPC,65,48,39.0,202.0,7878.0,2024-12-17
2024121703014105,GLBSL,48,55,10.0,2200.0,22000.0,2024-12-17
2024121701016276,SHLB,42,49,10.0,2382.0,23820.0,2024-12-17
2024121703014104,NLICL,39,34,50.0,580.0,29000.0,2024-12-17
2024121704013349,RHPL,75,34,455.0,449.0,204295.0,2024-12-17
2024121701016275,BHPL,34,37,10.0,780.0,7800.0,2024-12-17
2024121703014103,CBBL,7,29,50.0,916.1,45805.0,2024-12-17
2024121703014102,CBBL,39,29,100.0,917.0,91700.0,2024-12-17
2024121703014101,CBBL,22,29,15.0,918.0,13770.0,2024-12-17
2024121703014100,CBBL,33,29,30.0,918.5,27555.0,2024-12-17
2024121703014099,CBBL,44,29,55.0,918.5,50517.5,2024-12-17
2024121703014098,JFL,72,58,100.0,879.9,87990.0,2024-12-17
2024121701016274,IHL,81,21,10.0,651.0,6510.0,2024-12-17
2024121703014097,PFL,19,65,950.0,623.9,592705.0,2024-12-17
2024121703014096,PFL,19,52,50.0,623.0,31150.0,2024-12-17
2024121703014095,JFL,72,62,10000.0,879.9,8799000.0,2024-12-17
2024121703014094,GLBSL,13,55,90.0,2200.0,198000.0,2024-12-17
2024121703014093,JFL,72,51,40.0,879.9,35196.0,2024-12-17
2024121703014092,JFL,72,43,300.0,879.9,263970.0,2024-12-17
2024121703014091,SJLIC,42,42,50.0,448.5,22425.0,2024-12-17
2024121701016273,PRVU,59,26,20.0,223.8,4476.0,2024-12-17
2024121701016272,PRVU,59,58,380.0,223.7,85006.0,2024-12-17
2024121701016271,PRVU,59,43,100.0,223.6,22360.0,2024-12-17
2024121704013348,NGPL,47,47,18.0,267.0,4806.0,2024-12-17
2024121704013347,NGPL,47,47,50.0,267.0,13350.0,2024-12-17
2024121704013346,NGPL,58,47,500.0,267.0,133500.0,2024-12-17
2024121704013345,NGPL,36,47,50.0,267.0,13350.0,2024-12-17
2024121704013344,NGPL,45,47,50.0,267.0,13350.0,2024-12-17
2024121704013343,NGPL,50,47,300.0,267.0,80100.0,2024-12-17
2024121704013342,NGPL,60,47,100.0,267.0,26700.0,2024-12-17
2024121704013341,NGPL,26,47,100.0,267.0,26700.0,2024-12-17
2024121704013340,NGPL,58,47,26.0,267.0,6942.0,2024-12-17
2024121704013339,NGPL,58,47,10.0,267.0,2670.0,2024-12-17
2024121704013338,NGPL,67,47,300.0,267.0,80100.0,2024-12-17
2024121704013337,NGPL,58,47,100.0,267.0,26700.0,2024-12-17
2024121704013336,NGPL,34,47,30.0,267.0,8010.0,2024-12-17
2024121704013335,NGPL,48,47,20.0,267.0,5340.0,2024-12-17
2024121704013334,NGPL,42,47,146.0,267.0,38982.0,2024-12-17
2024121704013333,NGPL,38,47,200.0,267.1,53420.0,2024-12-17
2024121701016270,GVL,56,88,90.0,532.0,47880.0,2024-12-17
2024121701016269,GVL,21,88,60.0,532.0,31920.0,2024-12-17
2024121701016268,GVL,36,88,10.0,533.0,5330.0,2024-12-17
2024121704013332,UPCL,34,95,157.0,278.0,43646.0,2024-12-17
2024121704013331,SHPC,58,86,20.0,525.9,10518.0,2024-12-17
2024121704013330,NLG,55,58,10.0,927.0,9270.0,2024-12-17
2024121705009576,BBC,51,45,15.0,6240.0,93600.0,2024-12-17
2024121703014090,JFL,72,7,100.0,879.9,87990.0,2024-12-17
2024121701016267,MBL,22,35,10.0,238.2,2382.0,2024-12-17
2024121703014089,SMPDA,14,60,49.0,925.0,45325.0,2024-12-17
2024121703014088,SMPDA,42,60,10.0,926.1,9261.0,2024-12-17
2024121703014087,SMPDA,42,60,20.0,927.0,18540.0,2024-12-17
2024121701016266,ULBSL,45,70,10.0,3163.2,31632.0,2024-12-17
2024121704013329,MHNL,50,43,10.0,272.0,2720.0,2024-12-17
2024121703014086,HLI,80,48,500.0,454.9,227450.0,2024-12-17
2024121701016265,NIMB,64,57,834.0,218.8,182479.2,2024-12-17
2024121701016264,JBLB,51,57,17.0,1527.0,25959.0,2024-12-17
2024121701016263,JBLB,38,57,13.0,1527.0,19851.0,2024-12-17
2024121704013328,KKHC,72,59,30.0,397.9,11937.0,2024-12-17
2024121703014085,EDBL,10,42,20.0,634.0,12680.0,2024-12-17
2024121704013327,HDHPC,65,49,21.0,202.0,4242.0,2024-12-17
2024121704013326,HDHPC,52,49,500.0,202.0,101000.0,2024-12-17
2024121704013325,HDHPC,54,49,25.0,202.0,5050.0,2024-12-17
2024121704013324,HDHPC,56,49,200.0,202.0,40400.0,2024-12-17
2024121704013323,HDHPC,21,49,954.0,202.0,192708.0,2024-12-17
2024121705009575,GCIL,4,57,30.0,481.0,14430.0,2024-12-17
2024121703014084,LBBL,44,34,35.0,486.5,17027.5,2024-12-17
2024121704013322,NICL,44,58,80.0,966.3,77304.0,2024-12-17
2024121704013321,NICL,45,58,20.0,966.3,19326.0,2024-12-17
2024121704013320,NICL,58,58,100.0,966.6,96660.0,2024-12-17
2024121704013319,LEC,55,21,90.0,207.9,18711.0,2024-12-17
2024121703014083,JFL,72,67,200.0,879.9,175980.0,2024-12-17
2024121705009574,VLUCL,67,45,10.0,665.0,6650.0,2024-12-17
2024121705009573,SMJC,13,41,200.0,535.6,107120.0,2024-12-17
2024121701016262,BEDC,6,60,295.0,634.9,187295.5,2024-12-17
2024121703014082,MNBBL,55,40,100.0,378.0,37800.0,2024-12-17
2024121703014081,MNBBL,25,40,100.0,378.0,37800.0,2024-12-17
2024121703014080,MNBBL,42,40,250.0,378.0,94500.0,2024-12-17
2024121703014079,MNBBL,42,40,100.0,378.0,37800.0,2024-12-17
2024121703014078,MNBBL,58,40,10.0,378.0,3780.0,2024-12-17
2024121703014077,MNBBL,42,40,134.0,378.0,50652.0,2024-12-17
2024121703014076,MNBBL,44,40,60.0,378.1,22686.0,2024-12-17
2024121703014075,MNBBL,44,40,60.0,378.1,22686.0,2024-12-17
2024121701016261,LSL,7,29,31.0,235.0,7285.0,2024-12-17
2024121701016260,LSL,7,16,1000.0,235.0,235000.0,2024-12-17
2024121701016259,LSL,7,35,100.0,235.0,23500.0,2024-12-17
2024121701016258,LSL,7,44,200.0,235.0,47000.0,2024-12-17
2024121701016257,LSL,7,38,316.0,235.0,74260.0,2024-12-17
2024121701016256,SPL,7,4,10.0,976.0,9760.0,2024-12-17
2024121701016255,SPL,7,17,50.0,970.0,48500.0,2024-12-17
2024121701016254,HEIP,22,59,10.0,489.2,4892.0,2024-12-17
2024121703014074,CFCL,38,44,202.0,618.0,124836.0,2024-12-17
2024121703014073,CFCL,38,40,244.0,618.0,150792.0,2024-12-17
2024121704013318,PPCL,25,28,300.0,284.0,85200.0,2024-12-17
2024121701016253,SIKLES,77,45,93.0,800.0,74400.0,2024-12-17
2024121701016252,SIKLES,77,57,200.0,799.5,159900.0,2024-12-17
2024121701016251,SIKLES,77,51,120.0,798.9,95868.0,2024-12-17
2024121701016250,SIKLES,77,50,21.0,798.8,16774.8,2024-12-17
2024121703014072,JFL,72,48,500.0,879.9,439950.0,2024-12-17
2024121703014071,PROFL,48,48,662.0,653.0,432286.0,2024-12-17
2024121703014070,PROFL,48,65,200.0,652.0,130400.0,2024-12-17
2024121703014069,PROFL,48,52,10.0,652.0,6520.0,2024-12-17
2024121703014068,PROFL,48,38,128.0,650.0,83200.0,2024-12-17
2024121703014067,CBBL,44,57,15.0,918.5,13777.5,2024-12-17
2024121701016249,KBL,57,54,100.0,215.1,21510.0,2024-12-17
2024121703014066,JFL,72,34,138.0,879.9,121426.2,2024-12-17
2024121704013317,KKHC,72,14,86.0,397.9,34219.4,2024-12-17
2024121704013316,HDHPC,21,34,46.0,202.0,9292.0,2024-12-17
2024121704013315,HDHPC,41,34,250.0,202.0,50500.0,2024-12-17
2024121704013314,HDHPC,38,34,434.0,202.0,87668.0,2024-12-17
2024121703014065,SJLIC,57,58,109.0,448.0,48832.0,2024-12-17
2024121703014064,SJLIC,4,58,19.0,448.0,8512.0,2024-12-17
2024121704013313,RURU,42,1,150.0,694.0,104100.0,2024-12-17
2024121703014063,NFS,17,57,10.0,1067.9,10679.0,2024-12-17
2024121705009572,SHIVM,26,45,50.0,561.0,28050.0,2024-12-17
2024121705009571,SONA,49,35,10.0,458.0,4580.0,2024-12-17
2024121701016248,RMF2,42,10,43900.0,9.31,408709.0,2024-12-17
2024121704013312,HPPL,22,42,1040.0,390.0,405600.0,2024-12-17
2024121704013311,HPPL,22,39,460.0,389.9,179354.0,2024-12-17
2024121705009570,HIDCL,13,49,50.0,242.0,12100.0,2024-12-17
2024121701016247,ULHC,26,57,119.0,491.0,58429.0,2024-12-17
2024121701016246,ULHC,57,57,100.0,491.1,49110.0,2024-12-17
2024121701016245,ULHC,4,57,50.0,491.1,24555.0,2024-12-17
2024121703014062,JFL,72,57,100.0,879.9,87990.0,2024-12-17
2024121703014061,JFL,72,54,100.0,879.9,87990.0,2024-12-17
2024121704013310,JOSHI,42,49,10.0,450.0,4500.0,2024-12-17
2024121704013309,AKJCL,4,7,50.0,205.0,10250.0,2024-12-17
2024121704013308,AKJCL,4,22,100.0,205.0,20500.0,2024-12-17
2024121704013307,AKJCL,4,32,650.0,205.0,133250.0,2024-12-17
2024121704013306,AKJCL,4,19,511.0,205.0,104755.0,2024-12-17
2024121704013305,AKJCL,4,42,75.0,204.8,15360.0,2024-12-17
2024121704013304,AHPC,3,49,109.0,254.0,27686.0,2024-12-17
2024121704013303,AHPC,52,49,25.0,254.1,6352.5,2024-12-17
2024121703014060,FOWAD,39,16,44.0,1230.0,54120.0,2024-12-17
2024121704013302,AKPL,16,13,100.0,238.0,23800.0,2024-12-17
2024121703014059,MFIL,58,38,100.0,688.0,68800.0,2024-12-17
2024121701016244,RFPL,84,58,10.0,960.0,9600.0,2024-12-17
2024121701016243,SMHL,7,21,10.0,982.6,9826.0,2024-12-17
2024121704013301,NLG,55,21,500.0,927.0,463500.0,2024-12-17
2024121704013300,API,40,57,280.0,264.9,74172.0,2024-12-17
2024121704013299,API,40,45,20.0,264.0,5280.0,2024-12-17
2024121704013298,AKPL,7,13,100.0,238.0,23800.0,2024-12-17
2024121704013297,AKPL,7,38,200.0,238.0,47600.0,2024-12-17
2024121704013296,AKPL,7,41,197.0,238.0,46886.0,2024-12-17
2024121705009569,PHCL,63,22,10.0,539.0,5390.0,2024-12-17
2024121704013295,RHPL,75,38,50.0,449.0,22450.0,2024-12-17
2024121701016242,NIMB,45,91,5000.0,219.0,1095000.0,2024-12-17
2024121703014058,CORBL,96,13,10.0,1624.0,16240.0,2024-12-17
2024121703014057,LBBL,44,32,65.0,486.5,31622.5,2024-12-17
2024121703014056,LBBL,44,32,60.0,486.5,29190.0,2024-12-17
2024121703014055,NFS,72,32,30.0,1067.8,32034.0,2024-12-17
2024121703014054,JFL,72,48,1200.0,879.9,1055880.0,2024-12-17
2024121703014053,JBBL,42,57,20.0,363.0,7260.0,2024-12-17
2024121703014052,JBBL,34,57,100.0,363.0,36300.0,2024-12-17
2024121703014051,JBBL,10,57,350.0,363.0,127050.0,2024-12-17
2024121703014050,JBBL,40,57,30.0,363.1,10893.0,2024-12-17
2024121705009568,HIDCL,57,49,100.0,242.0,24200.0,2024-12-17
2024121703014049,PROFL,42,38,300.0,650.0,195000.0,2024-12-17
2024121701016241,NIBLSTF,4,4,2530.0,8.7,22011.0,2024-12-17
2024121704013294,KKHC,72,39,105.0,397.9,41779.5,2024-12-17
2024121703014048,JFL,72,39,500.0,879.9,439950.0,2024-12-17
2024121701016240,SARBTM,85,34,31.0,761.9,23618.9,2024-12-17
2024121705009567,SHIVM,29,45,40.0,561.0,22440.0,2024-12-17
2024121703014047,JFL,72,34,1300.0,879.9,1143870.0,2024-12-17
2024121703014046,SFCL,50,17,300.0,681.0,204300.0,2024-12-17
2024121701016239,MKHL,34,40,300.0,626.0,187800.0,2024-12-17
2024121704013293,KKHC,72,28,20000.0,397.9,7958000.0,2024-12-17
2024121704013292,KKHC,7,25,10.0,398.0,3980.0,2024-12-17
2024121703014045,MDB,44,50,300.0,710.0,213000.0,2024-12-17
2024121701016238,NABIL,55,57,22.0,512.0,11264.0,2024-12-17
2024121701016237,NABIL,21,57,10.0,512.0,5120.0,2024-12-17
2024121701016236,NABIL,17,57,30.0,512.0,15360.0,2024-12-17
2024121701016235,NABIL,45,57,20.0,512.0,10240.0,2024-12-17
2024121701016234,NABIL,4,57,418.0,512.0,214016.0,2024-12-17
2024121701016233,NICA,42,28,820.0,397.0,325540.0,2024-12-17
2024121704013291,SGIC,6,49,1192.0,661.6,788627.2,2024-12-17
2024121704013290,SGIC,34,49,100.0,662.0,66200.0,2024-12-17
2024121704013289,SGIC,44,49,1000.0,662.0,662000.0,2024-12-17
2024121704013288,SGIC,49,49,40.0,662.0,26480.0,2024-12-17
2024121704013287,SGIC,44,49,100.0,662.1,66210.0,2024-12-17
2024121704013286,SGIC,39,49,190.0,662.1,125799.0,2024-12-17
2024121701016232,AHL,42,11,10.0,704.0,7040.0,2024-12-17
2024121704013285,UMHL,50,1,600.0,325.1,195060.0,2024-12-17
2024121703014044,ICFC,1,44,10.0,697.0,6970.0,2024-12-17
2024121705009566,BBC,58,45,35.0,6240.0,218400.0,2024-12-17
2024121703014043,JFL,72,58,30.0,879.9,26397.0,2024-12-17
2024121703014042,SADBL,51,72,13.0,418.2,5436.6,2024-12-17
2024121703014041,RLFL,81,65,191.0,610.0,116510.0,2024-12-17
2024121704013284,SJCL,56,62,215.0,361.5,77722.5,2024-12-17
2024121704013283,SJCL,42,62,205.0,362.0,74210.0,2024-12-17
2024121704013282,SJCL,59,62,30.0,362.1,10863.0,2024-12-17
2024121703014040,NFS,7,57,10.0,1067.9,10679.0,2024-12-17
2024121703014039,MLBL,38,81,100.0,395.0,39500.0,2024-12-17
2024121703014038,MLBL,38,22,100.0,394.9,39490.0,2024-12-17
2024121703014037,MLBL,57,38,200.0,394.5,78900.0,2024-12-17
2024121703014036,MLBL,51,38,100.0,394.5,39450.0,2024-12-17
2024121701016231,ULBSL,38,42,126.0,3226.4,406526.4,2024-12-17
2024121705009565,HDL,42,42,93.0,1338.0,124434.0,2024-12-17
2024121705009564,HDL,20,42,53.0,1338.1,70919.3,2024-12-17
2024121704013281,CHCL,49,57,25.0,563.5,14087.5,2024-12-17
2024121703014035,ALICL,56,49,71.0,720.5,51155.5,2024-12-17
2024121701016230,MEHL,49,57,50.0,457.0,22850.0,2024-12-17
2024121703014034,HLBSL,14,41,10.0,942.0,9420.0,2024-12-17
2024121704013280,PRIN,34,22,10.0,962.0,9620.0,2024-12-17
2024121704013279,PRIN,34,41,10.0,960.0,9600.0,2024-12-17
2024121704013278,PRIN,34,41,50.0,960.0,48000.0,2024-12-17
2024121704013277,PRIN,34,41,50.0,960.0,48000.0,2024-12-17
2024121704013276,UPPER,42,34,10.0,206.4,2064.0,2024-12-17
2024121704013275,CHCL,58,57,20.0,563.5,11270.0,2024-12-17
2024121703014033,NABBC,48,26,20.0,1250.0,25000.0,2024-12-17
2024121705009563,CLI,80,57,10.0,679.1,6791.0,2024-12-17
2024121704013274,GHL,34,40,200.0,213.0,42600.0,2024-12-17
2024121704013273,GHL,45,40,200.0,213.0,42600.0,2024-12-17
2024121704013272,GHL,49,40,100.0,213.1,21310.0,2024-12-17
2024121701016229,HIDCLP,49,51,924.0,167.0,154308.0,2024-12-17
2024121701016228,HIDCLP,59,51,500.0,167.0,83500.0,2024-12-17
2024121701016227,HIDCLP,17,51,46.0,167.0,7682.0,2024-12-17
2024121701016226,HIDCLP,58,51,10.0,167.0,1670.0,2024-12-17
2024121701016225,HIDCLP,7,51,300.0,167.0,50100.0,2024-12-17
2024121701016224,HIDCLP,7,51,300.0,167.0,50100.0,2024-12-17
2024121701016223,HIDCLP,61,51,100.0,167.0,16700.0,2024-12-17
2024121701016222,HIDCLP,57,51,3905.0,167.0,652135.0,2024-12-17
2024121701016221,HIDCLP,32,51,500.0,167.1,83550.0,2024-12-17
2024121701016220,HIDCLP,32,51,2500.0,167.1,417750.0,2024-12-17
2024121701016219,HIDCLP,35,51,20.0,167.2,3344.0,2024-12-17
2024121701016218,HIDCLP,64,51,100.0,167.2,16720.0,2024-12-17
2024121701016217,HIDCLP,34,51,795.0,167.2,132924.0,2024-12-17
2024121701016216,IHL,60,39,10.0,655.0,6550.0,2024-12-17
2024121701016215,ULBSL,45,70,10.0,3163.2,31632.0,2024-12-17
2024121703014032,NFS,57,57,23.0,1067.9,24561.7,2024-12-17
2024121701016214,TVCL,57,52,10.0,550.0,5500.0,2024-12-17
2024121701016213,TVCL,57,34,65.0,546.9,35548.5,2024-12-17
2024121705009562,SAHAS,39,32,125.0,480.0,60000.0,2024-12-17
2024121701016212,ADBL,41,56,30.0,322.0,9660.0,2024-12-17
2024121703014031,SIFC,11,91,90.0,603.0,54270.0,2024-12-17
2024121703014030,SIFC,11,7,145.0,603.0,87435.0,2024-12-17
2024121703014029,SIFC,11,7,265.0,602.0,159530.0,2024-12-17
2024121703014028,JFL,72,71,200.0,879.9,175980.0,2024-12-17
2024121703014027,SFCL,17,57,147.0,682.0,100254.0,2024-12-17
2024121703014026,SFCL,17,57,353.0,682.0,240746.0,2024-12-17
2024121705009561,HATHY,17,72,155.0,1349.0,209095.0,2024-12-17
2024121703014025,ALICL,56,37,350.0,720.5,252175.0,2024-12-17
2024121701016211,IHL,81,21,10.0,651.0,6510.0,2024-12-17
2024121705009560,SMATA,34,58,10.0,817.2,8172.0,2024-12-17
2024121701016210,NWCL,58,51,10.0,972.0,9720.0,2024-12-17
2024121705009559,HIDCL,26,49,200.0,242.0,48400.0,2024-12-17
2024121701016209,GBIME,58,38,392.0,228.0,89376.0,2024-12-17
2024121701016208,GBIME,58,52,300.0,228.0,68400.0,2024-12-17
2024121701016207,GBIME,58,34,35.0,228.0,7980.0,2024-12-17
2024121701016206,GBIME,58,34,1000.0,228.0,228000.0,2024-12-17
2024121701016205,GBIME,58,38,35.0,228.0,7980.0,2024-12-17
2024121701016204,GBIME,58,6,1008.0,228.0,229824.0,2024-12-17
2024121701016203,GBIME,58,57,20.0,227.9,4558.0,2024-12-17
2024121701016202,GBIME,58,22,340.0,227.9,77486.0,2024-12-17
2024121701016201,GBIME,58,43,500.0,227.8,113900.0,2024-12-17
2024121701016200,GBIME,58,28,150.0,227.5,34125.0,2024-12-17
2024121701016199,GBIME,58,34,200.0,227.0,45400.0,2024-12-17
2024121701016198,GBIME,58,58,3500.0,227.0,794500.0,2024-12-17
2024121701016197,GBIME,58,22,1700.0,226.0,384200.0,2024-12-17
2024121701016196,GBIME,58,28,820.0,225.5,184910.0,2024-12-17
2024121704013271,UMRH,28,53,10.0,631.8,6318.0,2024-12-17
2024121705009558,HIDCL,51,49,10.0,242.0,2420.0,2024-12-17
2024121703014024,SFCL,25,57,147.0,682.0,100254.0,2024-12-17
2024121703014023,SFCL,25,42,90.0,682.0,61380.0,2024-12-17
2024121703014022,SAPDBL,45,38,50.0,1068.0,53400.0,2024-12-17
2024121701016195,NICA,57,28,40.0,397.0,15880.0,2024-12-17
2024121703014021,JFL,72,4,100.0,879.9,87990.0,2024-12-17
2024121703014020,SFCL,42,4,100.0,681.9,68190.0,2024-12-17
2024121703014019,NFS,72,49,10.0,1067.8,10678.0,2024-12-17
2024121701016194,MHL,66,34,10.0,890.0,8900.0,2024-12-17
2024121701016193,RBCLPO,7,39,10.0,12357.2,123572.0,2024-12-17
2024121704013270,UPCL,55,53,125.0,278.1,34762.5,2024-12-17
2024121701016192,MMKJL,85,29,466.0,686.1,319722.6,2024-12-17
2024121701016191,MMKJL,42,29,10.0,687.0,6870.0,2024-12-17
2024121701016190,MMKJL,49,29,100.0,687.0,68700.0,2024-12-17
2024121701016189,MMKJL,18,29,100.0,687.0,68700.0,2024-12-17
2024121701016188,MMKJL,17,29,78.0,688.0,53664.0,2024-12-17
2024121701016187,MMKJL,58,29,100.0,688.6,68860.0,2024-12-17
2024121703014018,JFL,72,34,100.0,879.9,87990.0,2024-12-17
2024121705009557,NTC,57,18,39.0,946.0,36894.0,2024-12-17
2024121705009556,NTC,11,18,21.0,946.0,19866.0,2024-12-17
2024121705009555,SHIVM,67,46,200.0,560.0,112000.0,2024-12-17
2024121703014017,SLBBL,41,36,150.0,912.0,136800.0,2024-12-17
2024121705009554,RNLI,33,58,11.0,506.2,5568.2,2024-12-17
2024121703014016,MPFL,28,7,20.0,715.0,14300.0,2024-12-17
2024121705009553,HRL,32,28,100.0,808.0,80800.0,2024-12-17
2024121705009552,HRL,7,28,50.0,809.0,40450.0,2024-12-17
2024121703014015,NFS,72,13,100.0,1067.8,106780.0,2024-12-17
2024121704013269,NHPC,25,50,10.0,223.0,2230.0,2024-12-17
2024121701016186,TAMOR,45,49,10.0,517.0,5170.0,2024-12-17
2024121701016185,BGWT,25,44,10.0,959.0,9590.0,2024-12-17
2024121704013268,BPCL,49,25,100.0,394.0,39400.0,2024-12-17
2024121704013267,BPCL,14,25,2000.0,394.0,788000.0,2024-12-17
2024121704013266,BPCL,32,25,70.0,394.0,27580.0,2024-12-17
2024121704013265,BPCL,49,25,50.0,394.0,19700.0,2024-12-17
2024121704013264,BPCL,34,25,75.0,394.0,29550.0,2024-12-17
2024121704013263,BPCL,6,25,156.0,394.1,61479.6,2024-12-17
2024121704013262,NIL,59,45,30.0,915.1,27453.0,2024-12-17
2024121704013261,NIL,34,45,100.0,915.1,91510.0,2024-12-17
2024121701016184,NYADI,45,38,60.0,366.9,22014.0,2024-12-17
2024121703014014,JFL,72,45,500.0,879.9,439950.0,2024-12-17
2024121703014013,JFL,72,38,10.0,879.9,8799.0,2024-12-17
2024121701016183,LSL,57,38,100.0,235.0,23500.0,2024-12-17
2024121701016182,MANDU,68,39,10.0,885.0,8850.0,2024-12-17
2024121703014012,JBBL,10,42,650.0,363.0,235950.0,2024-12-17
2024121703014011,JBBL,68,42,200.0,363.0,72600.0,2024-12-17
2024121703014010,JBBL,37,42,100.0,363.0,36300.0,2024-12-17
2024121703014009,JBBL,57,42,50.0,363.0,18150.0,2024-12-17
2024121701016181,AVYAN,66,52,10.0,1057.0,10570.0,2024-12-17
2024121704013260,HDHPC,38,8,18.0,202.0,3636.0,2024-12-17
2024121705009551,SMATA,34,49,85.0,817.2,69462.0,2024-12-17
2024121705009550,SMATA,26,49,15.0,817.2,12258.0,2024-12-17
2024121703014008,JFL,39,67,615.0,880.0,541200.0,2024-12-17
2024121703014007,JFL,39,19,600.0,880.0,528000.0,2024-12-17
2024121703014006,JFL,39,25,1285.0,880.0,1130800.0,2024-12-17
2024121703014005,SINDU,32,49,250.0,882.0,220500.0,2024-12-17
2024121703014004,HLI,80,43,10.0,454.9,4549.0,2024-12-17
2024121701016180,MHCL,74,49,60.0,547.2,32832.0,2024-12-17
2024121701016179,MHCL,17,49,40.0,547.5,21900.0,2024-12-17
2024121705009549,ENL,75,49,160.0,1235.0,197600.0,2024-12-17
2024121701016178,MHCL,17,14,60.0,547.5,32850.0,2024-12-17
2024121701016177,MHCL,39,14,40.0,547.5,21900.0,2024-12-17
2024121701016176,BGWT,16,44,10.0,959.0,9590.0,2024-12-17
2024121705009548,MEL,94,56,100.0,315.0,31500.0,2024-12-17
2024121705009547,MEL,44,56,20.0,315.0,6300.0,2024-12-17
2024121705009546,MEL,48,56,415.0,315.0,130725.0,2024-12-17
2024121703014003,SAPDBL,45,71,250.0,1068.0,267000.0,2024-12-17
2024121703014002,SAPDBL,72,71,10.0,1068.1,10681.0,2024-12-17
2024121703014001,BFC,1,55,40.0,721.0,28840.0,2024-12-17
2024121704013259,HURJA,37,45,12.0,233.0,2796.0,2024-12-17
2024121701016175,DOLTI,57,58,10.0,695.1,6951.0,2024-12-17
2024121704013258,UMRH,28,53,10.0,631.8,6318.0,2024-12-17
2024121705009545,SAHAS,8,13,255.0,479.1,122170.5,2024-12-17
2024121705009544,SAHAS,17,13,30.0,479.2,14376.0,2024-12-17
2024121705009543,SAHAS,89,13,100.0,479.2,47920.0,2024-12-17
2024121705009542,SAHAS,45,13,30.0,479.3,14379.0,2024-12-17
2024121705009541,SAHAS,22,13,100.0,479.3,47930.0,2024-12-17
2024121703014000,JFL,72,45,140.0,879.9,123186.0,2024-12-17
2024121705009540,CHDC,50,48,50.0,1627.5,81375.0,2024-12-17
2024121705009539,CHDC,50,19,50.0,1627.4,81370.0,2024-12-17
2024121704013257,NHPC,80,50,208.0,223.0,46384.0,2024-12-17
2024121703013999,CBBL,48,45,100.0,920.0,92000.0,2024-12-17
2024121701016174,USHEC,95,48,250.0,571.7,142925.0,2024-12-17
2024121701016173,USHEC,57,48,200.0,571.8,114360.0,2024-12-17
2024121703013998,NFS,72,96,500.0,1067.8,533900.0,2024-12-17
2024121704013256,UAIL,42,52,50.0,634.0,31700.0,2024-12-17
2024121703013997,NFS,72,95,500.0,1067.8,533900.0,2024-12-17
2024121703013996,BFC,58,43,20.0,720.0,14400.0,2024-12-17
2024121703013995,BFC,42,43,20.0,720.0,14400.0,2024-12-17
2024121703013994,BFC,44,43,10.0,720.0,7200.0,2024-12-17
2024121703013993,BFC,44,43,100.0,720.0,72000.0,2024-12-17
2024121703013992,BFC,42,43,30.0,720.0,21600.0,2024-12-17
2024121703013991,BFC,51,43,10.0,720.0,7200.0,2024-12-17
2024121703013990,BFC,46,43,10.0,720.0,7200.0,2024-12-17
2024121703013989,BFC,38,43,46.0,720.0,33120.0,2024-12-17
2024121703013988,BFC,57,43,10.0,720.0,7200.0,2024-12-17
2024121703013987,BFC,75,43,544.0,720.0,391680.0,2024-12-17
2024121703013986,BFC,55,43,200.0,720.1,144020.0,2024-12-17
2024121704013255,AKJCL,34,42,79.0,204.8,16179.2,2024-12-17
2024121703013985,NADEP,52,6,85.0,969.0,82365.0,2024-12-17
2024121703013984,NADEP,52,57,20.0,969.0,19380.0,2024-12-17
2024121701016172,MKHC,65,32,525.0,540.0,283500.0,2024-12-17
2024121701016171,MKHC,65,56,230.0,540.0,124200.0,2024-12-17
2024121701016170,MKHC,65,4,100.0,540.0,54000.0,2024-12-17
2024121701016169,MKHC,65,35,40.0,539.9,21596.0,2024-12-17
2024121701016168,MKHC,65,50,35.0,539.0,18865.0,2024-12-17
2024121701016167,MKHC,65,6,10.0,539.0,5390.0,2024-12-17
2024121701016166,MKHC,65,3,1000.0,538.0,538000.0,2024-12-17
2024121701016165,MKHC,65,48,60.0,535.9,32154.0,2024-12-17
2024121703013983,HLI,6,17,10.0,455.0,4550.0,2024-12-17
2024121701016164,NBL,28,6,100.0,267.0,26700.0,2024-12-17
2024121704013254,KKHC,72,28,300.0,397.9,119370.0,2024-12-17
2024121704013253,RHPL,75,38,495.0,447.2,221364.0,2024-12-17
2024121701016163,PCBL,58,1,19.0,258.0,4902.0,2024-12-17
2024121704013252,AKJCL,32,7,730.0,204.2,149066.0,2024-12-17
2024121704013251,AKJCL,29,7,470.0,204.3,96021.0,2024-12-17
2024121703013982,MDB,58,50,200.0,710.0,142000.0,2024-12-17
2024121704013250,NHPC,80,45,75.0,223.0,16725.0,2024-12-17
2024121704013249,SPDL,58,38,920.0,324.0,298080.0,2024-12-17
2024121701016162,DOLTI,57,44,100.0,695.1,69510.0,2024-12-17
2024121701016161,KBL,58,57,19.0,215.0,4085.0,2024-12-17
2024121701016160,KBL,19,57,11.0,215.1,2366.1,2024-12-17
2024121703013981,MFIL,6,8,11.0,686.2,7548.2,2024-12-17
2024121703013980,MFIL,42,8,25.0,687.0,17175.0,2024-12-17
2024121703013979,MFIL,49,8,10.0,687.0,6870.0,2024-12-17
2024121703013978,MFIL,44,8,10.0,687.0,6870.0,2024-12-17
2024121703013977,MFIL,49,8,102.0,687.0,70074.0,2024-12-17
2024121703013976,MFIL,62,8,392.0,687.1,269343.2,2024-12-17
2024121703013975,MFIL,56,8,450.0,688.0,309600.0,2024-12-17
2024121704013248,NLG,55,42,20.0,927.0,18540.0,2024-12-17
2024121704013247,NLG,48,42,90.0,927.1,83439.0,2024-12-17
2024121705009538,SHIVM,67,42,463.0,560.0,259280.0,2024-12-17
2024121705009537,SHIVM,16,42,30.0,560.1,16803.0,2024-12-17
2024121705009536,SHIVM,42,42,400.0,560.1,224040.0,2024-12-17
2024121705009535,SHIVM,49,42,200.0,560.1,112020.0,2024-12-17
2024121705009534,SHIVM,8,42,200.0,560.1,112020.0,2024-12-17
2024121705009533,SHIVM,44,42,300.0,560.1,168030.0,2024-12-17
2024121705009532,SHIVM,58,42,117.0,560.1,65531.7,2024-12-17
2024121705009531,SHIVM,45,42,200.0,560.1,112020.0,2024-12-17
2024121705009530,SHIVM,41,42,2300.0,560.4,1288920.0,2024-12-17
2024121705009529,SHIVM,43,42,10.0,560.5,5605.0,2024-12-17
2024121705009528,SHIVM,14,42,100.0,560.5,56050.0,2024-12-17
2024121705009527,SHIVM,65,42,200.0,560.5,112100.0,2024-12-17
2024121705009526,SHIVM,16,42,10.0,560.6,5606.0,2024-12-17
2024121705009525,SHIVM,11,42,100.0,560.7,56070.0,2024-12-17
2024121705009524,SHIVM,33,42,50.0,560.7,28035.0,2024-12-17
2024121705009523,SHIVM,44,42,300.0,561.2,168360.0,2024-12-17
2024121705009522,SHIVM,58,42,20.0,562.0,11240.0,2024-12-17
2024121703013974,NFS,39,57,215.0,1067.9,229598.5,2024-12-17
2024121703013973,JFL,72,43,20.0,879.9,17598.0,2024-12-17
2024121701016159,MKCL,6,56,99.0,1495.0,148005.0,2024-12-17
2024121704013246,KKHC,72,34,970.0,397.9,385963.0,2024-12-17
2024121704013245,KKHC,22,34,30.0,397.9,11937.0,2024-12-17
2024121703013972,JFL,72,34,500.0,879.9,439950.0,2024-12-17
2024121703013971,JFL,72,34,200.0,879.9,175980.0,2024-12-17
2024121701016158,ULBSL,45,72,10.0,3163.2,31632.0,2024-12-17
2024121701016157,PCBL,58,1,70.0,258.0,18060.0,2024-12-17
2024121701016156,PCBL,49,1,100.0,258.0,25800.0,2024-12-17
2024121704013244,AKPL,38,17,360.0,237.5,85500.0,2024-12-17
2024121704013243,AKPL,4,17,240.0,237.5,57000.0,2024-12-17
2024121703013970,JFL,72,26,100.0,879.9,87990.0,2024-12-17
2024121703013969,MATRI,45,38,19.0,1256.0,23864.0,2024-12-17
2024121701016155,SBI,44,80,20.0,453.0,9060.0,2024-12-17
2024121703013968,JFL,72,44,200.0,879.9,175980.0,2024-12-17
2024121703013967,ALBSL,42,57,63.0,818.0,51534.0,2024-12-17
2024121703013966,JFL,72,4,1700.0,879.9,1495830.0,2024-12-17
2024121703013965,CORBL,96,42,10.0,1624.0,16240.0,2024-12-17
2024121703013964,CORBL,96,6,29.0,1620.0,46980.0,2024-12-17
2024121701016154,HBL,58,8,300.0,238.0,71400.0,2024-12-17
2024121701016153,HBL,58,8,500.0,238.0,119000.0,2024-12-17
2024121701016152,HBL,59,8,100.0,238.0,23800.0,2024-12-17
2024121701016151,HBL,42,8,100.0,238.0,23800.0,2024-12-17
2024121701016150,HBL,52,8,30.0,238.0,7140.0,2024-12-17
2024121701016149,HBL,49,8,20.0,238.0,4760.0,2024-12-17
2024121701016148,HBL,34,8,50.0,238.0,11900.0,2024-12-17
2024121701016147,HBL,42,8,420.0,238.0,99960.0,2024-12-17
2024121701016146,HBL,88,8,1000.0,238.0,238000.0,2024-12-17
2024121701016145,HBL,34,8,100.0,238.0,23800.0,2024-12-17
2024121701016144,HBL,34,8,400.0,238.1,95240.0,2024-12-17
2024121701016143,HBL,25,8,500.0,238.1,119050.0,2024-12-17
2024121701016142,HBL,45,8,20.0,238.1,4762.0,2024-12-17
2024121701016141,HBL,41,8,450.0,238.2,107190.0,2024-12-17
2024121701016140,NMB,42,36,100.0,243.0,24300.0,2024-12-17
2024121701016139,MAKAR,4,39,10.0,618.0,6180.0,2024-12-17
2024121701016138,MKJC,16,47,150.0,527.5,79125.0,2024-12-17
2024121704013242,CHCL,49,57,50.0,563.5,28175.0,2024-12-17
2024121705009521,NRN,36,56,670.0,981.0,657270.0,2024-12-17
2024121705009520,NRN,60,56,230.0,981.1,225653.0,2024-12-17
2024121703013963,MPFL,17,7,10.0,715.0,7150.0,2024-12-17
2024121703013962,SKBBL,45,17,490.0,925.0,453250.0,2024-12-17
2024121704013241,SHPC,41,21,40.0,525.0,21000.0,2024-12-17
2024121703013961,NABBC,48,94,85.0,1250.0,106250.0,2024-12-17
2024121703013960,NABBC,45,94,15.0,1250.1,18751.5,2024-12-17
2024121703013959,NFS,72,35,600.0,1067.8,640680.0,2024-12-17
2024121704013240,NLG,48,35,10.0,927.1,9271.0,2024-12-17
2024121704013239,HPPL,80,39,10.0,389.9,3899.0,2024-12-17
2024121703013958,JFL,72,62,1010.0,879.9,888699.0,2024-12-17
2024121701016137,EBL,62,42,10.0,587.0,5870.0,2024-12-17
2024121701016136,SNLI,8,51,49.0,639.0,31311.0,2024-12-17
2024121705009519,NRIC,13,81,30.0,749.0,22470.0,2024-12-17
2024121701016135,GBIME,46,58,439.0,225.0,98775.0,2024-12-17
2024121701016134,GBIME,82,58,22.0,225.0,4950.0,2024-12-17
2024121701016133,GBIME,42,58,79.0,225.0,17775.0,2024-12-17
2024121701016132,RFPL,62,92,100.0,960.0,96000.0,2024-12-17
2024121704013238,UMRH,57,38,60.0,628.0,37680.0,2024-12-17
2024121704013237,UMRH,35,38,500.0,628.0,314000.0,2024-12-17
2024121704013236,UMRH,17,38,200.0,628.1,125620.0,2024-12-17
2024121704013235,UMRH,63,38,200.0,628.7,125740.0,2024-12-17
2024121701016131,MEHL,48,57,10.0,457.0,4570.0,2024-12-17
2024121704013234,CHL,45,4,306.0,425.1,130080.6,2024-12-17
2024121705009518,HIDCL,42,49,70.0,242.0,16940.0,2024-12-17
2024121704013233,AKJCL,29,39,100.0,204.2,20420.0,2024-12-17
2024121705009517,NTC,14,38,200.0,947.0,189400.0,2024-12-17
2024121703013957,SLBSL,66,19,8.0,1702.0,13616.0,2024-12-17
2024121703013956,SLBSL,66,56,10.0,1702.0,17020.0,2024-12-17
2024121704013232,HURJA,56,45,35.0,232.0,8120.0,2024-12-17
2024121703013955,MFIL,56,14,50.0,688.0,34400.0,2024-12-17
2024121703013954,PFL,34,65,260.0,623.9,162214.0,2024-12-17
2024121703013953,PFL,34,5,90.0,623.8,56142.0,2024-12-17
2024121703013952,PFL,34,43,150.0,623.7,93555.0,2024-12-17
2024121705009516,NTC,11,41,60.0,946.0,56760.0,2024-12-17
2024121701016130,SANIMA,66,52,50.0,304.1,15205.0,2024-12-17
2024121703013951,MNBBL,28,14,130.0,378.4,49192.0,2024-12-17
2024121701016129,MBL,13,35,550.0,238.2,131010.0,2024-12-17
2024121701016128,MBL,13,26,199.0,238.0,47362.0,2024-12-17
2024121701016127,MBL,13,38,51.0,237.0,12087.0,2024-12-17
2024121701016126,KBL,19,58,100.0,215.1,21510.0,2024-12-17
2024121705009515,HDL,41,58,6.0,1338.0,8028.0,2024-12-17
2024121701016125,MBL,58,38,149.0,237.0,35313.0,2024-12-17
2024121701016124,MKHC,48,48,240.0,535.9,128616.0,2024-12-17
2024121701016123,KDL,3,38,29.0,1152.4,33419.6,2024-12-17
2024121704013231,RADHI,47,32,314.0,383.6,120450.4,2024-12-17
2024121704013230,RADHI,6,32,10.0,383.6,3836.0,2024-12-17
2024121701016122,AHL,42,47,10.0,703.0,7030.0,2024-12-17
2024121701016121,AHL,42,29,10.0,698.0,6980.0,2024-12-17
2024121701016120,AHL,42,26,83.0,697.0,57851.0,2024-12-17
2024121701016119,AHL,42,38,300.0,691.0,207300.0,2024-12-17
2024121705009514,HATHY,42,72,90.0,1349.0,121410.0,2024-12-17
2024121704013229,HDHPC,48,42,200.0,202.1,40420.0,2024-12-17
2024121703013950,JFL,72,29,122.0,879.9,107347.8,2024-12-17
2024121701016118,EHPL,42,58,120.0,723.9,86868.0,2024-12-17
2024121701016117,EHPL,42,52,10.0,720.0,7200.0,2024-12-17
2024121703013949,SHINE,62,11,110.0,461.1,50721.0,2024-12-17
2024121701016116,NICA,49,28,50.0,397.0,19850.0,2024-12-17
2024121703013948,LBBL,44,21,40.0,486.5,19460.0,2024-12-17
2024121701016115,SRLI,33,36,120.0,418.6,50232.0,2024-12-17
2024121701016114,BEDC,74,41,20.0,631.0,12620.0,2024-12-17
2024121704013228,UMHL,72,52,208.0,324.1,67412.8,2024-12-17
2024121704013227,UMHL,86,52,100.0,324.1,32410.0,2024-12-17
2024121704013226,UMHL,47,52,150.0,324.2,48630.0,2024-12-17
2024121704013225,UMHL,22,52,100.0,324.3,32430.0,2024-12-17
2024121704013224,UMHL,22,52,100.0,324.3,32430.0,2024-12-17
2024121704013223,UMHL,22,52,32.0,324.3,10377.6,2024-12-17
2024121704013222,UMHL,58,52,210.0,324.4,68124.0,2024-12-17
2024121704013221,UMHL,52,52,50.0,324.5,16225.0,2024-12-17
2024121704013220,UMHL,56,52,10.0,325.0,3250.0,2024-12-17
2024121704013219,UMHL,62,52,50.0,325.0,16250.0,2024-12-17
2024121701016113,KBL,19,6,389.0,215.1,83673.9,2024-12-17
2024121701016112,NIMB,64,28,500.0,218.8,109400.0,2024-12-17
2024121704013218,KKHC,22,25,10.0,398.0,3980.0,2024-12-17
2024121704013217,SPDL,70,34,12.0,325.0,3900.0,2024-12-17
2024121704013216,AKPL,4,44,20.0,237.5,4750.0,2024-12-17
2024121704013215,KKHC,45,25,50.0,398.0,19900.0,2024-12-17
2024121703013947,JFL,72,63,300.0,879.9,263970.0,2024-12-17
2024121703013946,JFL,72,42,500.0,879.9,439950.0,2024-12-17
2024121704013214,AKJCL,49,42,1200.0,204.1,244920.0,2024-12-17
2024121704013213,AKJCL,32,42,800.0,204.2,163360.0,2024-12-17
2024121704013212,NICL,34,13,10.0,974.0,9740.0,2024-12-17
2024121703013945,NMLBBL,14,17,175.0,668.0,116900.0,2024-12-17
2024121703013944,NMLBBL,19,17,50.0,668.0,33400.0,2024-12-17
2024121703013943,NMLBBL,48,17,10.0,668.0,6680.0,2024-12-17
2024121703013942,NMLBBL,22,17,55.0,668.2,36751.0,2024-12-17
2024121701016111,IHL,81,21,10.0,651.0,6510.0,2024-12-17
2024121704013211,RHPL,40,34,915.0,447.0,409005.0,2024-12-17
2024121703013941,RLFL,81,36,100.0,610.0,61000.0,2024-12-17
2024121703013940,RLFL,81,29,1400.0,610.0,854000.0,2024-12-17
2024121703013939,RLFL,81,22,100.0,609.9,60990.0,2024-12-17
2024121703013938,RLFL,81,90,95.0,607.9,57750.5,2024-12-17
2024121703013937,RLFL,81,21,10.0,607.0,6070.0,2024-12-17
2024121701016110,ULBSL,45,70,20.0,3163.2,63264.0,2024-12-17
2024121703013936,NFS,72,59,10.0,1067.8,10678.0,2024-12-17
2024121703013935,GMFIL,59,49,340.0,588.1,199954.0,2024-12-17
2024121704013210,BPCL,54,68,16.0,395.0,6320.0,2024-12-17
2024121701016109,SRLI,50,45,150.0,418.5,62775.0,2024-12-17
2024121703013934,JFL,72,45,40.0,879.9,35196.0,2024-12-17
2024121703013933,MSLB,29,21,11.0,1588.0,17468.0,2024-12-17
2024121703013932,MERO,18,42,60.0,721.0,43260.0,2024-12-17
2024121703013931,MERO,74,42,20.0,721.0,14420.0,2024-12-17
2024121703013930,JFL,72,16,100.0,879.9,87990.0,2024-12-17
2024121703013929,GFCL,34,44,95.0,798.0,75810.0,2024-12-17
2024121703013928,MPFL,58,7,10.0,715.0,7150.0,2024-12-17
2024121705009513,SHIVM,58,66,80.0,562.0,44960.0,2024-12-17
2024121701016108,NABIL,4,80,1694.0,512.0,867328.0,2024-12-17
2024121701016107,SPC,52,11,200.0,526.1,105220.0,2024-12-17
2024121701016106,SPC,52,16,19.0,526.1,9995.9,2024-12-17
2024121704013209,IGI,40,45,289.0,592.9,171348.1,2024-12-17
2024121704013208,IGI,40,70,20.0,592.8,11856.0,2024-12-17
2024121704013207,IGI,40,1,10.0,592.0,5920.0,2024-12-17
2024121704013206,IGI,40,38,31.0,592.0,18352.0,2024-12-17
2024121704013205,IGI,40,37,90.0,592.0,53280.0,2024-12-17
2024121701016105,PRVU,44,22,750.0,222.2,166650.0,2024-12-17
2024121701016104,PRVU,42,22,200.0,222.2,44440.0,2024-12-17
2024121701016103,PRVU,1,22,50.0,222.5,11125.0,2024-12-17
2024121701016102,IHL,60,39,10.0,655.0,6550.0,2024-12-17
2024121703013927,BFC,60,55,10.0,721.0,7210.0,2024-12-17
2024121701016101,SRLI,74,36,50.0,418.6,20930.0,2024-12-17
2024121701016100,SPHL,74,75,10.0,775.0,7750.0,2024-12-17
2024121701016099,SPHL,74,21,10.0,772.0,7720.0,2024-12-17
2024121701016098,SPHL,74,50,100.0,768.8,76880.0,2024-12-17
2024121704013204,KKHC,22,77,70.0,397.9,27853.0,2024-12-17
2024121703013926,JFL,72,50,870.0,879.9,765513.0,2024-12-17
2024121705009512,MEL,48,92,535.0,315.0,168525.0,2024-12-17
2024121705009511,MEL,29,92,50.0,315.1,15755.0,2024-12-17
2024121705009510,MEL,51,92,315.0,315.5,99382.5,2024-12-17
2024121705009509,MEL,44,92,10.0,315.5,3155.0,2024-12-17
2024121705009508,MEL,34,92,90.0,315.5,28395.0,2024-12-17
2024121701016097,MBL,48,26,23.0,238.0,5474.0,2024-12-17
2024121701016096,MBL,48,43,27.0,237.9,6423.3,2024-12-17
2024121703013925,SINDU,32,42,10.0,886.0,8860.0,2024-12-17
2024121703013924,JFL,72,32,83.0,879.9,73031.7,2024-12-17
2024121703013923,JFL,72,4,50.0,879.9,43995.0,2024-12-17
2024121701016095,TVCL,64,34,395.0,546.9,216025.5,2024-12-17
2024121701016094,TVCL,58,34,40.0,547.0,21880.0,2024-12-17
2024121703013922,JBBL,84,35,74.0,365.0,27010.0,2024-12-17
2024121703013921,JBBL,84,94,926.0,365.0,337990.0,2024-12-17
2024121705009507,STC,42,80,50.0,5691.0,284550.0,2024-12-17
2024121703013920,JFL,72,36,2180.0,879.9,1918182.0,2024-12-17
2024121701016093,MHCL,39,45,10.0,547.5,5475.0,2024-12-17
2024121704013203,SICL,45,10,50.0,805.0,40250.0,2024-12-17
2024121703013919,JFL,72,45,200.0,879.9,175980.0,2024-12-17
2024121703013918,JFL,72,42,110.0,879.9,96789.0,2024-12-17
2024121703013917,NFS,72,1,300.0,1067.8,320340.0,2024-12-17
2024121705009506,SMATA,34,16,100.0,817.5,81750.0,2024-12-17
2024121704013202,NLG,55,49,410.0,927.0,380070.0,2024-12-17
2024121704013201,BPCL,20,68,200.0,395.0,79000.0,2024-12-17
2024121703013916,JFL,72,33,100.0,879.9,87990.0,2024-12-17
2024121703013915,SHINE,33,34,390.0,462.0,180180.0,2024-12-17
2024121703013914,SHINE,33,49,600.0,462.0,277200.0,2024-12-17
2024121703013913,SHINE,33,45,10.0,462.0,4620.0,2024-12-17
2024121701016092,IHL,81,58,20.0,651.0,13020.0,2024-12-17
2024121701016091,IHL,36,58,20.0,651.1,13022.0,2024-12-17
2024121703013912,JFL,72,35,500.0,879.9,439950.0,2024-12-17
2024121705009505,SMJC,48,41,10.0,535.5,5355.0,2024-12-17
2024121703013911,JFL,72,55,170.0,879.9,149583.0,2024-12-17
2024121703013910,JFL,72,6,500.0,879.9,439950.0,2024-12-17
2024121701016090,UHEWA,19,38,15.0,690.1,10351.5,2024-12-17
2024121703013909,JFL,72,7,50.0,879.9,43995.0,2024-12-17
2024121703013908,JFL,72,77,1637.0,879.9,1440396.3,2024-12-17
2024121703013907,JFL,39,77,363.0,879.9,319403.7,2024-12-17
2024121703013906,SADBL,51,86,25.0,418.2,10455.0,2024-12-17
2024121703013905,SHINE,25,17,20.0,461.5,9230.0,2024-12-17
2024121703013904,JFL,39,25,1800.0,879.9,1583820.0,2024-12-17
2024121701016089,SCB,34,48,65.0,672.0,43680.0,2024-12-17
2024121703013903,PROFL,43,38,200.0,650.0,130000.0,2024-12-17
2024121703013902,PROFL,67,38,100.0,650.0,65000.0,2024-12-17
2024121703013901,PROFL,21,38,462.0,650.0,300300.0,2024-12-17
2024121703013900,PROFL,44,38,100.0,650.0,65000.0,2024-12-17
2024121703013899,PROFL,29,38,50.0,650.0,32500.0,2024-12-17
2024121703013898,PROFL,95,38,100.0,650.0,65000.0,2024-12-17
2024121703013897,PROFL,59,38,100.0,650.0,65000.0,2024-12-17
2024121703013896,PROFL,25,38,100.0,651.0,65100.0,2024-12-17
2024121703013895,PROFL,38,38,20.0,651.0,13020.0,2024-12-17
2024121703013894,PROFL,80,38,250.0,651.1,162775.0,2024-12-17
2024121703013893,PROFL,38,38,50.0,651.2,32560.0,2024-12-17
2024121703013892,PROFL,21,38,40.0,652.0,26080.0,2024-12-17
2024121701016088,SBL,47,52,158.0,308.5,48743.0,2024-12-17
2024121701016087,SBL,47,13,342.0,308.3,105438.6,2024-12-17
2024121701016086,MHL,91,39,10.0,873.5,8735.0,2024-12-17
2024121705009504,SHIVM,16,66,20.0,562.0,11240.0,2024-12-17
2024121703013891,JFL,11,25,10.0,880.0,8800.0,2024-12-17
2024121703013890,MDB,26,50,30.0,710.0,21300.0,2024-12-17
2024121703013889,MNBBL,44,58,140.0,378.1,52934.0,2024-12-17
2024121703013888,MNBBL,55,58,50.0,378.1,18905.0,2024-12-17
2024121703013887,MNBBL,58,58,10.0,378.1,3781.0,2024-12-17
2024121705009503,NTC,80,38,40.0,947.0,37880.0,2024-12-17
2024121704013200,DHPL,7,6,100.0,300.0,30000.0,2024-12-17
2024121703013886,NMLBBL,22,49,45.0,668.1,30064.5,2024-12-17
2024121703013885,NFS,72,22,100.0,1067.8,106780.0,2024-12-17
2024121701016085,HBL,34,13,700.0,238.3,166810.0,2024-12-17
2024121701016084,HBL,80,13,26.0,238.3,6195.8,2024-12-17
2024121703013884,JFL,39,38,95.0,879.9,83590.5,2024-12-17
2024121701016083,CYCL,77,54,10.0,1625.1,16251.0,2024-12-17
2024121703013883,GUFL,68,58,100.0,694.0,69400.0,2024-12-17
2024121703013882,GUFL,68,1,100.0,693.7,69370.0,2024-12-17
2024121703013881,NFS,72,57,10.0,1067.8,10678.0,2024-12-17
2024121703013880,BFC,75,45,35.0,720.0,25200.0,2024-12-17
2024121703013879,BFC,14,45,15.0,720.3,10804.5,2024-12-17
2024121703013878,JFL,39,42,10.0,879.9,8799.0,2024-12-17
2024121701016082,MLBS,58,17,10.0,2042.0,20420.0,2024-12-17
2024121703013877,JFL,39,17,200.0,879.9,175980.0,2024-12-17
2024121703013876,GFCL,58,44,30.0,798.0,23940.0,2024-12-17
2024121703013875,PROFL,58,48,302.0,653.0,197206.0,2024-12-17
2024121703013874,PROFL,58,57,178.0,653.0,116234.0,2024-12-17
2024121705009502,HDL,20,19,25.0,1338.1,33452.5,2024-12-17
2024121703013873,LBBL,55,95,50.0,486.8,24340.0,2024-12-17
2024121701016081,GBIME,42,59,421.0,225.0,94725.0,2024-12-17
2024121701016080,GBIME,47,59,479.0,225.0,107775.0,2024-12-17
2024121701016079,SANIMA,66,44,91.0,304.1,27673.1,2024-12-17
2024121701016078,NICA,33,38,500.0,396.7,198350.0,2024-12-17
2024121705009501,HRL,32,57,200.0,808.0,161600.0,2024-12-17
2024121703013872,NICLBSL,8,44,25.0,670.0,16750.0,2024-12-17
2024121701016077,NYADI,16,38,10.0,366.9,3669.0,2024-12-17
2024121703013871,JFL,39,11,500.0,879.9,439950.0,2024-12-17
2024121701016076,BHPL,45,37,20.0,766.5,15330.0,2024-12-17
2024121701016075,BHPL,71,37,200.0,767.4,153480.0,2024-12-17
2024121701016074,BHPL,57,37,100.0,767.5,76750.0,2024-12-17
2024121701016073,BHPL,38,37,110.0,768.1,84491.0,2024-12-17
2024121701016072,BHPL,39,37,50.0,768.2,38410.0,2024-12-17
2024121701016071,BHPL,58,37,20.0,769.0,15380.0,2024-12-17
2024121701016070,TVCL,58,48,60.0,547.0,32820.0,2024-12-17
2024121703013870,JFL,39,58,50.0,879.9,43995.0,2024-12-17
2024121701016069,BHPL,34,41,10.0,779.9,7799.0,2024-12-17
2024121703013869,JFL,39,6,10.0,879.9,8799.0,2024-12-17
2024121704013199,BARUN,26,22,200.0,414.3,82860.0,2024-12-17
2024121703013868,JFL,38,25,100.0,880.0,88000.0,2024-12-17
2024121705009500,NRN,60,57,10.0,981.1,9811.0,2024-12-17
2024121701016068,HIDCLP,48,57,1000.0,167.5,167500.0,2024-12-17
2024121705009499,SHIVM,49,57,10.0,561.0,5610.0,2024-12-17
2024121705009498,SHIVM,49,57,300.0,561.0,168300.0,2024-12-17
2024121705009497,SHIVM,50,57,50.0,561.0,28050.0,2024-12-17
2024121705009496,SHIVM,42,57,30.0,561.0,16830.0,2024-12-17
2024121705009495,SHIVM,46,57,201.0,561.0,112761.0,2024-12-17
2024121703013867,NFS,72,57,200.0,1067.8,213560.0,2024-12-17
2024121703013866,MLBL,4,36,44.0,395.0,17380.0,2024-12-17
2024121701016067,SBI,17,45,190.0,450.0,85500.0,2024-12-17
2024121701016066,TVCL,64,45,95.0,546.9,51955.5,2024-12-17
2024121701016065,TVCL,39,45,10.0,546.9,5469.0,2024-12-17
2024121705009494,HATHY,29,72,10.0,1349.0,13490.0,2024-12-17
2024121703013865,EDBL,43,43,60.0,635.0,38100.0,2024-12-17
2024121703013864,EDBL,56,43,72.0,635.0,45720.0,2024-12-17
2024121703013863,EDBL,20,43,1845.0,635.0,1171575.0,2024-12-17
2024121705009493,SONA,49,42,400.0,458.0,183200.0,2024-12-17
2024121703013862,JFL,39,5,300.0,879.9,263970.0,2024-12-17
2024121703013861,GMFBS,49,33,10.0,1758.0,17580.0,2024-12-17
2024121703013860,JFL,39,49,100.0,879.9,87990.0,2024-12-17
2024121703013859,RSDC,34,42,10.0,712.0,7120.0,2024-12-17
2024121703013858,RSDC,34,81,23.0,711.0,16353.0,2024-12-17
2024121701016064,UNLB,40,34,10.0,2550.0,25500.0,2024-12-17
2024121705009492,NTC,11,6,50.0,946.0,47300.0,2024-12-17
2024121701016063,SNLI,8,13,62.0,639.0,39618.0,2024-12-17
2024121701016062,SNLI,17,13,88.0,639.0,56232.0,2024-12-17
2024121703013857,JFL,39,36,1000.0,879.9,879900.0,2024-12-17
2024121704013198,API,52,48,137.0,262.8,36003.6,2024-12-17
2024121704013197,API,58,48,20.0,262.8,5256.0,2024-12-17
2024121704013196,API,58,48,90.0,263.0,23670.0,2024-12-17
2024121704013195,API,91,48,13.0,263.0,3419.0,2024-12-17
2024121704013194,API,22,48,20.0,263.0,5260.0,2024-12-17
2024121704013193,API,55,48,10.0,263.0,2630.0,2024-12-17
2024121704013192,API,35,48,180.0,263.0,47340.0,2024-12-17
2024121704013191,API,7,48,50.0,263.0,13150.0,2024-12-17
2024121704013190,API,49,48,50.0,263.0,13150.0,2024-12-17
2024121704013189,API,29,48,30.0,264.0,7920.0,2024-12-17
2024121701016061,NABIL,25,22,100.0,513.0,51300.0,2024-12-17
2024121701016060,NESDO,36,54,10.0,2131.1,21311.0,2024-12-17
2024121701016059,ULBSL,38,56,90.0,3225.0,290250.0,2024-12-17
2024121701016058,GVL,6,88,500.0,534.0,267000.0,2024-12-17
2024121705009491,BBC,72,58,10.0,6250.0,62500.0,2024-12-17
2024121703013856,JFL,39,49,110.0,879.9,96789.0,2024-12-17
2024121703013855,JFL,39,37,50.0,879.9,43995.0,2024-12-17
2024121704013188,NHPC,80,52,505.0,223.0,112615.0,2024-12-17
2024121704013187,NHPC,80,6,150.0,223.0,33450.0,2024-12-17
2024121704013186,NHPC,80,11,100.0,223.0,22300.0,2024-12-17
2024121704013185,NHPC,80,47,382.0,223.0,85186.0,2024-12-17
2024121704013184,NHPC,80,41,180.0,222.9,40122.0,2024-12-17
2024121704013183,NHPC,80,52,400.0,222.9,89160.0,2024-12-17
2024121701016057,UHEWA,39,38,50.0,690.1,34505.0,2024-12-17
2024121701016056,TVCL,39,48,40.0,547.0,21880.0,2024-12-17
2024121705009490,SMJC,48,58,141.0,535.5,75505.5,2024-12-17
2024121703013854,NABBC,75,21,10.0,1272.9,12729.0,2024-12-17
2024121704013182,SGIC,39,50,10.0,662.1,6621.0,2024-12-17
2024121704013181,SGIC,51,50,600.0,663.0,397800.0,2024-12-17
2024121704013180,SGIC,21,50,100.0,663.0,66300.0,2024-12-17
2024121704013179,SGIC,51,50,90.0,663.0,59670.0,2024-12-17
2024121704013178,SGIC,37,50,200.0,663.1,132620.0,2024-12-17
2024121705009489,HRL,32,58,10.0,808.0,8080.0,2024-12-17
2024121705009488,HRL,32,55,20.0,808.0,16160.0,2024-12-17
2024121705009487,HRL,32,44,130.0,808.0,105040.0,2024-12-17
2024121705009486,HRL,32,42,31.0,807.9,25044.9,2024-12-17
2024121704013177,NGPL,42,32,184.0,267.0,49128.0,2024-12-17
2024121703013853,JFL,39,57,10.0,879.9,8799.0,2024-12-17
2024121701016055,NBL,45,6,307.0,267.0,81969.0,2024-12-17
2024121701016054,NBL,45,28,93.0,266.5,24784.5,2024-12-17
2024121701016053,NBL,45,34,30.0,266.5,7995.0,2024-12-17
2024121701016052,NBL,45,43,70.0,266.4,18648.0,2024-12-17
2024121704013176,AKJCL,49,45,88.0,204.1,17960.8,2024-12-17
2024121704013175,AKJCL,42,45,100.0,204.2,20420.0,2024-12-17
2024121701016051,MKJC,29,45,10.0,529.9,5299.0,2024-12-17
2024121703013852,NFS,72,6,30.0,1067.0,32010.0,2024-12-17
2024121703013851,NFS,72,57,50.0,1066.0,53300.0,2024-12-17
2024121703013850,NFS,72,22,50.0,1066.0,53300.0,2024-12-17
2024121703013849,MFIL,62,34,108.0,687.1,74206.8,2024-12-17
2024121703013848,MFIL,42,34,10.0,688.0,6880.0,2024-12-17
2024121703013847,MFIL,49,34,10.0,688.0,6880.0,2024-12-17
2024121703013846,MFIL,35,34,72.0,688.0,49536.0,2024-12-17
2024121703013845,NMLBBL,57,49,55.0,668.1,36745.5,2024-12-17
2024121701016050,JBLB,21,41,19.0,1527.9,29030.1,2024-12-17
2024121701016049,JBLB,21,56,11.0,1527.8,16805.8,2024-12-17
2024121701016048,NIMB,42,91,41.0,219.0,8979.0,2024-12-17
2024121704013174,AKJCL,51,42,161.0,204.8,32972.8,2024-12-17
2024121704013173,AKJCL,51,21,142.0,204.8,29081.6,2024-12-17
2024121704013172,AKJCL,51,58,197.0,204.6,40306.2,2024-12-17
2024121704013171,AKJCL,51,22,500.0,204.3,102150.0,2024-12-17
2024121701016047,IHL,60,39,10.0,655.0,6550.0,2024-12-17
2024121701016046,LSL,13,38,500.0,235.0,117500.0,2024-12-17
2024121703013844,LBBL,44,95,100.0,486.5,48650.0,2024-12-17
2024121704013170,AHPC,3,57,575.0,254.0,146050.0,2024-12-17
2024121703013843,JFL,39,71,500.0,879.9,439950.0,2024-12-17
2024121701016045,IHL,81,21,10.0,651.0,6510.0,2024-12-17
2024121704013169,SJCL,42,34,40.0,362.0,14480.0,2024-12-17
2024121703013842,GBBL,34,44,10.0,428.0,4280.0,2024-12-17
2024121705009485,HDL,46,42,14.0,1339.9,18758.6,2024-12-17
2024121705009484,HDL,46,7,10.0,1339.8,13398.0,2024-12-17
2024121705009483,HDL,46,38,10.0,1339.0,13390.0,2024-12-17
2024121705009482,HIDCL,26,49,100.0,242.0,24200.0,2024-12-17
2024121705009481,HRL,90,35,20.0,806.9,16138.0,2024-12-17
2024121703013841,JFL,39,58,10.0,879.9,8799.0,2024-12-17
2024121705009480,MBJC,6,58,10.0,346.8,3468.0,2024-12-17
2024121703013840,NFS,39,6,20.0,1065.1,21302.0,2024-12-17
2024121703013839,FMDBL,55,42,12.0,762.0,9144.0,2024-12-17
2024121703013838,FMDBL,55,59,27.0,762.0,20574.0,2024-12-17
2024121703013837,SKBBL,45,13,10.0,925.0,9250.0,2024-12-17
2024121701016044,PRVU,59,58,170.0,223.7,38029.0,2024-12-17
2024121701016043,PRVU,59,54,100.0,223.7,22370.0,2024-12-17
2024121701016042,PRVU,59,45,200.0,223.1,44620.0,2024-12-17
2024121701016041,PRVU,59,34,30.0,223.0,6690.0,2024-12-17
2024121703013836,JFL,39,63,1000.0,879.9,879900.0,2024-12-17
2024121701016040,SRLI,54,36,15.0,418.6,6279.0,2024-12-17
2024121701016039,CITY,50,58,10.0,874.0,8740.0,2024-12-17
2024121705009479,SHIVM,46,44,50.0,561.0,28050.0,2024-12-17
2024121705009478,SHIVM,42,44,50.0,562.0,28100.0,2024-12-17
2024121703013835,JFL,39,47,100.0,879.9,87990.0,2024-12-17
2024121703013834,KSBBL,57,53,200.0,447.2,89440.0,2024-12-17
2024121701016038,NABIL,14,22,50.0,513.0,25650.0,2024-12-17
2024121703013833,KRBL,86,8,500.0,775.1,387550.0,2024-12-17
2024121703013832,CORBL,71,6,31.0,1620.0,50220.0,2024-12-17
2024121703013831,CORBL,71,56,10.0,1618.7,16187.0,2024-12-17
2024121703013830,CORBL,71,41,50.0,1615.0,80750.0,2024-12-17
2024121703013829,CORBL,71,17,105.0,1610.0,169050.0,2024-12-17
2024121703013828,CORBL,71,42,20.0,1602.0,32040.0,2024-12-17
2024121703013827,CORBL,71,35,10.0,1600.0,16000.0,2024-12-17
2024121703013826,CORBL,71,29,120.0,1600.0,192000.0,2024-12-17
2024121703013825,CORBL,71,42,20.0,1595.0,31900.0,2024-12-17
2024121703013824,CORBL,71,58,16.0,1590.0,25440.0,2024-12-17
2024121703013823,CORBL,71,58,26.0,1570.0,40820.0,2024-12-17
2024121703013822,CORBL,71,59,32.0,1570.0,50240.0,2024-12-17
2024121703013821,CORBL,71,29,50.0,1565.0,78250.0,2024-12-17
2024121703013820,CORBL,71,42,10.0,1565.0,15650.0,2024-12-17
2024121705009477,HRL,42,42,19.0,807.9,15350.1,2024-12-17
2024121705009476,CLI,80,18,10.0,680.0,6800.0,2024-12-17
2024121704013168,AKJCL,49,39,1464.0,204.1,298802.4,2024-12-17
2024121704013167,AKJCL,58,39,500.0,204.2,102100.0,2024-12-17
2024121704013166,AKJCL,18,39,36.0,204.2,7351.2,2024-12-17
2024121701016037,DOLTI,56,28,269.0,696.0,187224.0,2024-12-17
2024121703013819,JFL,39,19,100.0,879.9,87990.0,2024-12-17
2024121704013165,IGI,49,41,140.0,591.0,82740.0,2024-12-17
2024121703013818,SMPDA,14,50,67.0,936.0,62712.0,2024-12-17
2024121704013164,UMRH,59,53,10.0,631.8,6318.0,2024-12-17
2024121703013817,NLIC,87,32,401.0,771.3,309291.3,2024-12-17
2024121705009475,CLI,49,58,10.0,679.0,6790.0,2024-12-17
2024121701016036,TVCL,32,48,200.0,547.0,109400.0,2024-12-17
2024121701016035,NIBLSTF,6,4,4200.0,8.71,36582.0,2024-12-17
2024121701016034,NIBLSTF,41,4,1200.0,8.72,10464.0,2024-12-17
2024121701016033,NIBLSTF,34,4,100.0,8.86,886.0,2024-12-17
2024121704013163,RADHI,17,32,10.0,384.2,3842.0,2024-12-17
2024121703013816,NFS,39,34,50.0,1065.1,53255.0,2024-12-17
2024121701016032,BEDC,48,62,600.0,630.0,378000.0,2024-12-17
2024121704013162,UPPER,42,35,10.0,206.4,2064.0,2024-12-17
2024121704013161,AKJCL,18,40,15.0,204.2,3063.0,2024-12-17
2024121701016031,NESDO,19,54,10.0,2163.9,21639.0,2024-12-17
2024121701016030,NESDO,19,58,10.0,2163.9,21639.0,2024-12-17
2024121704013160,UPCL,55,41,25.0,278.1,6952.5,2024-12-17
2024121703013815,ILBS,6,94,10.0,970.0,9700.0,2024-12-17
2024121703013814,GLBSL,13,55,16.0,2200.0,35200.0,2024-12-17
2024121701016029,KBL,59,6,10.0,215.1,2151.0,2024-12-17
2024121703013813,NFS,39,59,20.0,1065.1,21302.0,2024-12-17
2024121704013159,NLG,55,48,535.0,927.0,495945.0,2024-12-17
2024121704013158,UPPER,42,4,100.0,206.4,20640.0,2024-12-17
2024121704013157,SGIC,51,8,10.0,663.0,6630.0,2024-12-17
2024121704013156,SGIC,29,8,80.0,663.0,53040.0,2024-12-17
2024121704013155,SGIC,53,8,10.0,663.1,6631.0,2024-12-17
2024121704013154,AKJCL,18,1,199.0,204.2,40635.8,2024-12-17
2024121704013153,SALICO,33,21,150.0,701.1,105165.0,2024-12-17
2024121704013152,SALICO,25,21,100.0,701.2,70120.0,2024-12-17
2024121704013151,SALICO,42,21,50.0,701.3,35065.0,2024-12-17
2024121703013812,MLBSL,5,34,10.0,2254.8,22548.0,2024-12-17
2024121704013150,KKHC,88,34,330.0,394.1,130053.0,2024-12-17
2024121704013149,KKHC,42,34,50.0,394.1,19705.0,2024-12-17
2024121704013148,KKHC,42,34,20.0,396.0,7920.0,2024-12-17
2024121704013147,HDHPC,38,33,500.0,202.0,101000.0,2024-12-17
2024121701016028,IHL,81,39,10.0,651.0,6510.0,2024-12-17
2024121704013146,RIDI,64,25,100.0,227.9,22790.0,2024-12-17
2024121701016027,BNHC,50,52,160.0,480.0,76800.0,2024-12-17
2024121701016026,SCB,35,48,445.0,672.1,299084.5,2024-12-17
2024121705009474,NTC,11,54,20.0,946.0,18920.0,2024-12-17
2024121705009473,CLI,49,68,95.0,679.0,64505.0,2024-12-17
2024121705009472,CLI,49,68,370.0,679.1,251267.0,2024-12-17
2024121705009471,CLI,35,68,35.0,679.2,23772.0,2024-12-17
2024121705009470,SAHAS,58,32,24.0,480.0,11520.0,2024-12-17
2024121701016025,ULHC,32,57,100.0,492.0,49200.0,2024-12-17
2024121704013145,SPDL,29,34,10.0,325.0,3250.0,2024-12-17
2024121703013811,MLBBL,37,43,100.0,1640.0,164000.0,2024-12-17
2024121703013810,MLBBL,57,43,50.0,1640.0,82000.0,2024-12-17
2024121703013809,MLBBL,44,43,250.0,1640.2,410050.0,2024-12-17
2024121703013808,MLBBL,36,43,100.0,1640.3,164030.0,2024-12-17
2024121703013807,BFC,75,43,30.0,720.0,21600.0,2024-12-17
2024121703013806,BFC,41,43,20.0,720.3,14406.0,2024-12-17
2024121703013805,BFC,16,43,50.0,720.3,36015.0,2024-12-17
2024121703013804,BFC,22,43,300.0,720.3,216090.0,2024-12-17
2024121703013803,BFC,39,43,100.0,720.5,72050.0,2024-12-17
2024121703013802,BFC,36,43,500.0,721.0,360500.0,2024-12-17
2024121703013801,JFL,39,45,500.0,879.9,439950.0,2024-12-17
2024121703013800,JFL,39,5,500.0,879.9,439950.0,2024-12-17
2024121705009469,NRM,48,21,100.0,438.2,43820.0,2024-12-17
2024121703013799,JFL,39,34,50.0,879.9,43995.0,2024-12-17
2024121704013144,CGH,39,28,20.0,913.0,18260.0,2024-12-17
2024121704013143,UPPER,45,41,120.0,206.1,24732.0,2024-12-17
2024121705009468,CLI,35,86,15.0,679.2,10188.0,2024-12-17
2024121704013142,SHPC,41,22,40.0,525.0,21000.0,2024-12-17
2024121704013141,SHPC,58,22,190.0,525.0,99750.0,2024-12-17
2024121704013140,SHPC,29,22,1000.0,525.0,525000.0,2024-12-17
2024121704013139,SHPC,87,22,500.0,525.0,262500.0,2024-12-17
2024121704013138,SHPC,11,22,100.0,525.0,52500.0,2024-12-17
2024121704013137,SHPC,16,22,100.0,525.0,52500.0,2024-12-17
2024121704013136,SHPC,38,22,50.0,525.0,26250.0,2024-12-17
2024121704013135,SHPC,44,22,40.0,525.0,21000.0,2024-12-17
2024121704013134,SHPC,11,22,50.0,525.0,26250.0,2024-12-17
2024121704013133,SHPC,58,22,250.0,525.0,131250.0,2024-12-17
2024121704013132,SHPC,62,22,30.0,525.1,15753.0,2024-12-17
2024121704013131,SHPC,34,22,50.0,525.1,26255.0,2024-12-17
2024121703013798,NFS,39,48,100.0,1065.1,106510.0,2024-12-17
2024121704013130,SHEL,48,49,494.0,245.0,121030.0,2024-12-17
2024121704013129,SHEL,48,34,411.0,244.0,100284.0,2024-12-17
2024121704013128,AKJCL,58,1,15.0,204.2,3063.0,2024-12-17
2024121703013797,JFL,39,58,80.0,879.9,70392.0,2024-12-17
2024121703013796,GFCL,58,44,50.0,798.0,39900.0,2024-12-17
2024121703013795,JFL,39,58,11000.0,879.9,9678900.0,2024-12-17
2024121701016024,DOLTI,56,8,30.0,696.0,20880.0,2024-12-17
2024121701016023,NYADI,16,57,10.0,366.0,3660.0,2024-12-17
2024121701016022,NYADI,16,28,40.0,365.0,14600.0,2024-12-17
2024121703013794,ALBSL,49,1,50.0,825.0,41250.0,2024-12-17
2024121701016021,DOLTI,56,28,201.0,696.0,139896.0,2024-12-17
2024121703013793,SLBBL,41,35,50.0,912.0,45600.0,2024-12-17
2024121703013792,JSLBB,35,54,81.0,1560.0,126360.0,2024-12-17
2024121704013127,IGI,34,37,10.0,592.0,5920.0,2024-12-17
2024121703013791,SJLIC,34,42,100.0,448.5,44850.0,2024-12-17
2024121703013790,SWBBL,50,54,16.0,890.0,14240.0,2024-12-17
2024121703013789,SWBBL,50,49,29.0,890.0,25810.0,2024-12-17
2024121703013788,SWBBL,50,7,52.0,889.9,46274.8,2024-12-17
2024121703013787,SWBBL,50,35,374.0,888.0,332112.0,2024-12-17
2024121703013786,SWBBL,50,50,30.0,887.5,26625.0,2024-12-17
2024121703013785,SWBBL,50,62,200.0,885.0,177000.0,2024-12-17
2024121703013784,SWBBL,50,62,100.0,885.0,88500.0,2024-12-17
2024121703013783,SWBBL,50,40,17.0,885.0,15045.0,2024-12-17
2024121703013782,SWBBL,50,26,100.0,884.9,88490.0,2024-12-17
2024121703013781,SWBBL,50,11,18.0,884.0,15912.0,2024-12-17
2024121703013780,SWBBL,50,67,64.0,880.0,56320.0,2024-12-17
2024121701016020,MEHL,48,57,20.0,457.0,9140.0,2024-12-17
2024121701016019,MEHL,48,21,10.0,456.0,4560.0,2024-12-17
2024121701016018,MEHL,48,32,10.0,453.0,4530.0,2024-12-17
2024121701016017,MEHL,48,6,10.0,451.5,4515.0,2024-12-17
2024121703013779,GFCL,42,44,50.0,798.0,39900.0,2024-12-17
2024121704013126,SSHL,33,32,300.0,233.9,70170.0,2024-12-17
2024121703013778,RLFL,32,25,34.0,606.0,20604.0,2024-12-17
2024121703013777,EDBL,20,57,155.0,635.0,98425.0,2024-12-17
2024121703013776,EDBL,56,57,65.0,635.0,41275.0,2024-12-17
2024121703013775,EDBL,50,57,380.0,636.0,241680.0,2024-12-17
2024121701016016,BHDC,57,71,10.0,643.0,6430.0,2024-12-17
2024121701016015,MEHL,42,38,60.0,451.0,27060.0,2024-12-17
2024121701016014,MEHL,43,38,240.0,451.0,108240.0,2024-12-17
2024121704013125,HDHPC,38,38,48.0,202.0,9696.0,2024-12-17
2024121704013124,HDHPC,37,38,100.0,202.0,20200.0,2024-12-17
2024121704013123,HDHPC,45,38,100.0,202.0,20200.0,2024-12-17
2024121704013122,HDHPC,59,38,300.0,202.0,60600.0,2024-12-17
2024121704013121,HDHPC,44,38,369.0,202.0,74538.0,2024-12-17
2024121704013120,HDHPC,14,38,63.0,202.0,12726.0,2024-12-17
2024121701016013,MCHL,34,1,10.0,573.9,5739.0,2024-12-17
2024121704013119,SHPC,62,21,100.0,526.0,52600.0,2024-12-17
2024121704013118,RURU,49,1,370.0,695.0,257150.0,2024-12-17
2024121704013117,CHL,45,26,100.0,425.1,42510.0,2024-12-17
2024121704013116,UMRH,28,53,10.0,631.8,6318.0,2024-12-17
2024121701016012,MLBS,28,74,57.0,2065.0,117705.0,2024-12-17
2024121701016011,DOLTI,57,60,10.0,695.1,6951.0,2024-12-17
2024121703013774,SLBSL,66,6,30.0,1702.0,51060.0,2024-12-17
2024121701016010,BEDC,6,60,405.0,634.9,257134.5,2024-12-17
2024121701016009,BEDC,6,42,270.0,633.0,170910.0,2024-12-17
2024121701016008,BEDC,6,47,75.0,633.0,47475.0,2024-12-17
2024121701016007,BEDC,6,43,160.0,633.0,101280.0,2024-12-17
2024121701016006,BEDC,6,3,500.0,632.0,316000.0,2024-12-17
2024121701016005,BEDC,6,8,90.0,632.0,56880.0,2024-12-17
2024121703013773,JFL,39,6,25.0,879.9,21997.5,2024-12-17
2024121701016004,KBL,58,50,1455.0,215.0,312825.0,2024-12-17
2024121701016003,KBL,57,50,545.0,215.0,117175.0,2024-12-17
2024121701016002,ADBL,57,22,360.0,323.0,116280.0,2024-12-17
2024121701016001,ADBL,57,51,140.0,322.5,45150.0,2024-12-17
2024121701016000,KBL,57,57,1455.0,215.0,312825.0,2024-12-17
2024121701015999,KBL,49,57,20.0,215.0,4300.0,2024-12-17
2024121701015998,KBL,19,57,10.0,215.0,2150.0,2024-12-17
2024121701015997,KBL,54,57,15.0,215.0,3225.0,2024-12-17
2024121704013115,MEN,57,28,95.0,730.0,69350.0,2024-12-17
2024121703013772,JFL,39,11,100.0,879.9,87990.0,2024-12-17
2024121703013771,GBBL,28,45,470.0,425.0,199750.0,2024-12-17
2024121703013770,GBBL,44,45,200.0,425.1,85020.0,2024-12-17
2024121703013769,GBBL,13,45,100.0,425.1,42510.0,2024-12-17
2024121703013768,GBBL,25,45,100.0,425.2,42520.0,2024-12-17
2024121703013767,GBBL,25,45,80.0,425.2,34016.0,2024-12-17
2024121703013766,GBBL,18,45,100.0,425.3,42530.0,2024-12-17
2024121701015996,BHDC,66,71,130.0,643.0,83590.0,2024-12-17
2024121703013765,PROFL,42,57,200.0,653.0,130600.0,2024-12-17
2024121701015995,SBI,56,80,50.0,453.0,22650.0,2024-12-17
2024121701015994,SBI,56,8,50.0,450.8,22540.0,2024-12-17
2024121701015993,SBI,56,8,250.0,450.7,112675.0,2024-12-17
2024121701015992,SBI,56,8,250.0,450.6,112650.0,2024-12-17
2024121701015991,SBI,56,26,500.0,450.5,225250.0,2024-12-17
2024121701015990,SBI,56,26,400.0,450.5,180200.0,2024-12-17
2024121701015989,SBI,56,8,500.0,450.4,225200.0,2024-12-17
2024121701015988,SANIMA,4,57,100.0,305.0,30500.0,2024-12-17
2024121701015987,MKCL,6,29,201.0,1495.0,300495.0,2024-12-17
2024121701015986,MKCL,39,29,49.0,1495.0,73255.0,2024-12-17
2024121701015985,MKCL,34,29,25.0,1495.0,37375.0,2024-12-17
2024121701015984,MKCL,59,29,10.0,1500.0,15000.0,2024-12-17
2024121701015983,MKCL,50,29,15.0,1500.0,22500.0,2024-12-17
2024121703013764,BFC,58,65,10.0,727.0,7270.0,2024-12-17
2024121703013763,JFL,39,57,500.0,879.9,439950.0,2024-12-17
2024121703013762,NFS,39,11,10.0,1065.1,10651.0,2024-12-17
2024121704013114,NHPC,48,45,100.0,222.0,22200.0,2024-12-17
2024121704013113,SHEL,62,38,291.0,243.9,70974.9,2024-12-17
2024121703013761,JFL,39,71,100.0,879.9,87990.0,2024-12-17
2024121704013112,UMHL,19,1,50.0,325.0,16250.0,2024-12-17
2024121704013111,UMHL,52,1,100.0,325.0,32500.0,2024-12-17
2024121704013110,UMHL,38,1,50.0,325.0,16250.0,2024-12-17
2024121704013109,UMHL,22,1,100.0,325.1,32510.0,2024-12-17
2024121704013108,UMHL,17,1,100.0,325.5,32550.0,2024-12-17
2024121704013107,UMHL,22,1,100.0,325.6,32560.0,2024-12-17
2024121703013760,JFL,39,34,100.0,879.9,87990.0,2024-12-17
2024121703013759,JFL,39,51,450.0,879.9,395955.0,2024-12-17
2024121703013758,JFL,39,54,100.0,879.9,87990.0,2024-12-17
2024121704013106,SJCL,42,48,55.0,362.0,19910.0,2024-12-17
2024121704013105,SJCL,14,48,15.0,362.3,5434.5,2024-12-17
2024121704013104,SJCL,49,48,10.0,362.6,3626.0,2024-12-17
2024121703013757,GFCL,42,4,50.0,798.0,39900.0,2024-12-17
2024121705009467,SAHAS,58,32,63.0,480.0,30240.0,2024-12-17
2024121705009466,SAHAS,17,32,100.0,480.0,48000.0,2024-12-17
2024121705009465,SAHAS,4,32,100.0,480.0,48000.0,2024-12-17
2024121705009464,SAHAS,41,32,40.0,480.0,19200.0,2024-12-17
2024121705009463,SAHAS,34,32,15.0,480.0,7200.0,2024-12-17
2024121705009462,SAHAS,58,32,155.0,480.0,74400.0,2024-12-17
2024121705009461,SAHAS,41,32,50.0,480.0,24000.0,2024-12-17
2024121705009460,SAHAS,1,32,61.0,480.0,29280.0,2024-12-17
2024121701015982,SIKLES,77,32,225.0,792.1,178222.5,2024-12-17
2024121704013103,HPPL,80,29,500.0,387.0,193500.0,2024-12-17
2024121701015981,TSHL,58,34,10.0,870.0,8700.0,2024-12-17
2024121701015980,PCBL,58,49,10.0,258.9,2589.0,2024-12-17
2024121705009459,NRN,60,57,10.0,981.1,9811.0,2024-12-17
2024121703013756,JFL,39,8,750.0,879.9,659925.0,2024-12-17
2024121705009458,CLI,49,1,10.0,679.1,6791.0,2024-12-17
2024121705009457,SONA,49,57,450.0,458.0,206100.0,2024-12-17
2024121701015979,SRLI,50,35,10.0,418.5,4185.0,2024-12-17
2024121704013102,NHPC,28,52,100.0,222.9,22290.0,2024-12-17
2024121704013101,UMRH,28,53,10.0,631.8,6318.0,2024-12-17
2024121704013100,LEC,55,51,10.0,207.9,2079.0,2024-12-17
2024121703013755,SFCL,50,34,750.0,680.9,510675.0,2024-12-17
2024121703013754,SFCL,50,44,150.0,680.5,102075.0,2024-12-17
2024121703013753,SFCL,50,21,371.0,680.0,252280.0,2024-12-17
2024121703013752,SFCL,50,22,10.0,680.0,6800.0,2024-12-17
2024121703013751,SFCL,50,39,85.0,680.0,57800.0,2024-12-17
2024121703013750,SFCL,50,19,140.0,680.0,95200.0,2024-12-17
2024121703013749,SFCL,50,49,711.0,680.0,483480.0,2024-12-17
2024121703013748,SFCL,50,44,70.0,680.0,47600.0,2024-12-17
2024121703013747,JFL,39,61,150.0,879.9,131985.0,2024-12-17
2024121703013746,GMFIL,45,49,85.0,588.1,49988.5,2024-12-17
2024121704013099,CHL,45,50,94.0,425.0,39950.0,2024-12-17
2024121701015978,HHL,34,38,100.0,523.1,52310.0,2024-12-17
2024121703013745,NABBC,38,21,10.0,1272.9,12729.0,2024-12-17
2024121705009456,SAHAS,1,71,39.0,480.0,18720.0,2024-12-17
2024121705009455,SAHAS,42,71,100.0,480.0,48000.0,2024-12-17
2024121705009454,SAHAS,25,71,11.0,480.1,5281.1,2024-12-17
2024121705009453,SAHAS,45,71,500.0,480.1,240050.0,2024-12-17
2024121705009452,SAHAS,53,71,100.0,480.1,48010.0,2024-12-17
2024121705009451,SAHAS,39,71,50.0,480.1,24005.0,2024-12-17
2024121705009450,SAHAS,41,71,100.0,480.1,48010.0,2024-12-17
2024121705009449,SAHAS,41,71,100.0,480.2,48020.0,2024-12-17
2024121705009448,SAHAS,69,71,40.0,480.5,19220.0,2024-12-17
2024121703013744,JFL,39,5,100.0,879.9,87990.0,2024-12-17
2024121701015977,ULBSL,63,56,10.0,3226.4,32264.0,2024-12-17
2024121703013743,JFL,39,42,400.0,879.9,351960.0,2024-12-17
2024121701015976,NICA,42,42,11.0,396.4,4360.4,2024-12-17
2024121701015975,NICA,51,42,100.0,396.5,39650.0,2024-12-17
2024121701015974,NICA,49,42,12.0,396.5,4758.0,2024-12-17
2024121701015973,NICA,64,42,410.0,396.5,162565.0,2024-12-17
2024121701015972,NICA,34,42,111.0,396.5,44011.5,2024-12-17
2024121701015971,NICA,57,42,10.0,396.5,3965.0,2024-12-17
2024121701015970,NICA,38,42,100.0,396.6,39660.0,2024-12-17
2024121701015969,NICA,14,42,50.0,396.6,19830.0,2024-12-17
