transaction,symbol,buyer,seller,quantity,rate,amount,date
2024051501024775,EBL,39,42,10.0,510.0,5100.0,2024-05-15
2024051501024774,RHGCL,74,63,762.0,382.5,291465.0,2024-05-15
2024051501024773,RHGCL,74,50,500.0,382.5,191250.0,2024-05-15
2024051501024772,RHGCL,74,8,88.0,382.5,33660.0,2024-05-15
2024051501024771,RHGCL,74,16,500.0,382.0,191000.0,2024-05-15
2024051503016366,MNBBL,29,49,156.0,352.9,55052.4,2024-05-15
2024051503016365,MNBBL,29,42,109.0,352.8,38455.2,2024-05-15
2024051504010819,HEI,35,78,10.0,613.0,6130.0,2024-05-15
2024051504010818,HEI,49,78,10.0,613.0,6130.0,2024-05-15
2024051504010817,HEI,57,78,100.0,613.0,61300.0,2024-05-15
2024051504010816,HEI,1,78,10.0,613.0,6130.0,2024-05-15
2024051504010815,HEI,50,78,20.0,613.0,12260.0,2024-05-15
2024051504010814,HEI,37,78,150.0,613.1,91965.0,2024-05-15
2024051504010813,HEI,46,78,200.0,613.1,122620.0,2024-05-15
2024051501024770,PPL,69,70,10.0,570.0,5700.0,2024-05-15
2024051503016364,CFCL,43,43,10.0,394.0,3940.0,2024-05-15
2024051503016363,SWMF,22,4,10.0,808.0,8080.0,2024-05-15
2024051504010812,AHPC,35,22,10.0,165.0,1650.0,2024-05-15
2024051504010811,HURJA,41,35,25.0,286.0,7150.0,2024-05-15
2024051504010810,HURJA,34,35,203.0,286.0,58058.0,2024-05-15
2024051503016362,CFCL,44,43,10.0,394.0,3940.0,2024-05-15
2024051501024769,SIKLES,44,42,10.0,510.0,5100.0,2024-05-15
2024051501024768,SIKLES,71,42,10.0,510.0,5100.0,2024-05-15
2024051501024767,MLBS,19,58,35.0,1340.0,46900.0,2024-05-15
2024051501024766,MLBS,19,42,20.0,1335.0,26700.0,2024-05-15
2024051501024765,MLBS,19,37,25.0,1335.0,33375.0,2024-05-15
2024051501024764,MLBS,19,35,10.0,1330.0,13300.0,2024-05-15
2024051501024763,MLBS,19,49,10.0,1329.0,13290.0,2024-05-15
2024051501024762,SHIVM,56,63,190.0,502.5,95475.0,2024-05-15
2024051501024761,SHIVM,56,63,10.0,502.9,5029.0,2024-05-15
2024051501024760,CYCL,66,14,10.0,1525.0,15250.0,2024-05-15
2024051501024759,DOLTI,52,34,240.0,411.0,98640.0,2024-05-15
2024051503016361,HLI,26,88,266.0,395.1,105096.6,2024-05-15
2024051503016360,HLI,45,88,34.0,395.2,13436.8,2024-05-15
2024051501024758,PPL,58,6,10.0,540.1,5401.0,2024-05-15
2024051501024757,MMKJL,82,25,10.0,447.0,4470.0,2024-05-15
2024051501024756,MMKJL,82,42,10.0,447.0,4470.0,2024-05-15
2024051501024755,MMKJL,82,49,10.0,445.0,4450.0,2024-05-15
2024051501024754,MMKJL,82,49,10.0,445.0,4450.0,2024-05-15
2024051501024753,MMKJL,82,41,100.0,444.9,44490.0,2024-05-15
2024051501024752,MMKJL,82,59,10.0,441.0,4410.0,2024-05-15
2024051501024751,SHIVM,8,53,10.0,503.0,5030.0,2024-05-15
2024051501024750,MANDU,25,58,10.0,1025.0,10250.0,2024-05-15
2024051501024749,SARBTM,58,64,30.0,790.0,23700.0,2024-05-15
2024051501024748,SARBTM,38,64,70.0,790.1,55307.0,2024-05-15
2024051504010809,RADHI,13,25,50.0,235.0,11750.0,2024-05-15
2024051501024747,PPL,25,70,10.0,570.0,5700.0,2024-05-15
2024051501024746,DORDI,14,7,10.0,406.0,4060.0,2024-05-15
2024051504010808,BARUN,16,70,10.0,231.9,2319.0,2024-05-15
2024051501024745,KDL,25,16,15.0,800.1,12001.5,2024-05-15
2024051501024744,KDL,54,16,100.0,800.1,80010.0,2024-05-15
2024051501024743,KDL,36,16,10.0,801.2,8012.0,2024-05-15
2024051501024742,KDL,42,16,100.0,802.2,80220.0,2024-05-15
2024051501024741,KDL,57,16,50.0,802.7,40135.0,2024-05-15
2024051501024740,KDL,32,16,230.0,805.0,185150.0,2024-05-15
2024051504010807,SHL,84,37,100.0,444.1,44410.0,2024-05-15
2024051504010806,SHL,57,37,300.0,445.1,133530.0,2024-05-15
2024051501024739,PPL,17,28,11.0,575.0,6325.0,2024-05-15
2024051501024738,NICA,32,17,21.0,358.0,7518.0,2024-05-15
2024051501024737,NICA,74,17,50.0,358.0,17900.0,2024-05-15
2024051503016359,VLBS,28,45,20.0,866.0,17320.0,2024-05-15
2024051504010805,SSHL,17,55,10.0,163.8,1638.0,2024-05-15
2024051501024736,ULHC,68,60,65.0,330.0,21450.0,2024-05-15
2024051501024735,SMHL,53,52,10.0,434.0,4340.0,2024-05-15
2024051503016358,JBBL,52,42,70.0,298.0,20860.0,2024-05-15
2024051503016357,JBBL,52,44,30.0,297.9,8937.0,2024-05-15
2024051505003902,NRIC,58,25,10.0,687.5,6875.0,2024-05-15
2024051503016356,DDBL,7,38,68.0,718.1,48830.8,2024-05-15
2024051503016355,DDBL,13,38,20.0,718.1,14362.0,2024-05-15
2024051503016354,DDBL,58,38,50.0,719.0,35950.0,2024-05-15
2024051503016353,DDBL,82,38,62.0,720.0,44640.0,2024-05-15
2024051501024734,PPL,58,28,10.0,575.0,5750.0,2024-05-15
2024051501024733,SARBTM,58,62,147.0,794.0,116718.0,2024-05-15
2024051501024732,SARBTM,58,42,50.0,793.0,39650.0,2024-05-15
2024051501024731,SARBTM,58,42,100.0,793.0,79300.0,2024-05-15
2024051501024730,SARBTM,58,40,100.0,793.0,79300.0,2024-05-15
2024051501024729,SARBTM,58,34,50.0,792.0,39600.0,2024-05-15
2024051501024728,SARBTM,58,86,15.0,792.0,11880.0,2024-05-15
2024051501024727,SARBTM,58,49,38.0,791.0,30058.0,2024-05-15
2024051503016352,GUFL,72,42,10.0,708.0,7080.0,2024-05-15
2024051504010804,RADHI,13,46,100.0,235.0,23500.0,2024-05-15
2024051504010803,SPDL,60,26,40.0,239.0,9560.0,2024-05-15
2024051504010802,SPDL,60,55,11.0,238.3,2621.3,2024-05-15
2024051504010801,SPDL,60,34,204.0,238.0,48552.0,2024-05-15
2024051504010800,SPDL,60,64,200.0,237.9,47580.0,2024-05-15
2024051504010799,SPDL,60,3,25.0,237.0,5925.0,2024-05-15
2024051501024726,HATHY,95,18,50.0,835.0,41750.0,2024-05-15
2024051501024725,NWCL,36,26,130.0,720.1,93613.0,2024-05-15
2024051503016351,RLFL,4,4,100.0,388.5,38850.0,2024-05-15
2024051503016350,RLFL,4,16,301.0,392.9,118262.9,2024-05-15
2024051503016349,RLFL,4,49,623.0,392.0,244216.0,2024-05-15
2024051503016348,RLFL,4,38,50.0,392.0,19600.0,2024-05-15
2024051503016347,RLFL,4,53,200.0,390.0,78000.0,2024-05-15
2024051503016346,RLFL,4,3,206.0,390.0,80340.0,2024-05-15
2024051503016345,RLFL,4,42,120.0,389.8,46776.0,2024-05-15
2024051503016344,RLFL,4,8,500.0,388.6,194300.0,2024-05-15
2024051503016343,NFS,41,29,1600.0,541.8,866880.0,2024-05-15
2024051503016342,JBBL,56,29,10.0,295.6,2956.0,2024-05-15
2024051505003901,NTC,57,42,20.0,829.0,16580.0,2024-05-15
2024051504010798,KKHC,57,49,10.0,223.0,2230.0,2024-05-15
2024051503016341,MNBBL,4,42,219.0,351.0,76869.0,2024-05-15
2024051503016340,SAPDBL,42,13,290.0,327.0,94830.0,2024-05-15
2024051503016339,SAPDBL,42,45,10.0,327.0,3270.0,2024-05-15
2024051503016338,SAPDBL,42,29,100.0,326.9,32690.0,2024-05-15
2024051505003900,STC,84,13,20.0,4380.0,87600.0,2024-05-15
2024051504010797,RIDI,42,33,10.0,162.8,1628.0,2024-05-15
2024051501024724,EHPL,59,43,380.0,443.0,168340.0,2024-05-15
2024051501024723,EHPL,57,43,70.0,443.0,31010.0,2024-05-15
2024051501024722,MEHL,43,16,11.0,308.0,3388.0,2024-05-15
2024051501024721,MEHL,43,51,10.0,308.0,3080.0,2024-05-15
2024051503016337,JFL,62,49,70.0,516.0,36120.0,2024-05-15
2024051503016336,JFL,62,16,90.0,516.0,46440.0,2024-05-15
2024051501024720,PPL,62,28,20.0,575.0,11500.0,2024-05-15
2024051503016335,GBLBS,33,13,10.0,778.0,7780.0,2024-05-15
2024051501024719,PPL,50,28,10.0,575.0,5750.0,2024-05-15
2024051501024718,MAKAR,50,39,20.0,373.9,7478.0,2024-05-15
2024051501024717,SBL,50,56,71.0,228.8,16244.8,2024-05-15
2024051501024716,SBL,50,11,80.0,227.8,18224.0,2024-05-15
2024051501024715,SBL,50,14,349.0,226.0,78874.0,2024-05-15
2024051503016334,NFS,45,28,10.0,541.9,5419.0,2024-05-15
2024051501024714,EBL,16,11,100.0,508.6,50860.0,2024-05-15
2024051501024713,KBL,48,17,69.0,139.0,9591.0,2024-05-15
2024051501024712,KBL,48,84,500.0,138.8,69400.0,2024-05-15
2024051501024711,KBL,48,57,320.0,138.8,44416.0,2024-05-15
2024051501024710,KBL,48,41,249.0,138.5,34486.5,2024-05-15
2024051501024709,KBL,48,45,100.0,138.4,13840.0,2024-05-15
2024051501024708,KBL,48,77,182.0,138.4,25188.8,2024-05-15
2024051501024707,KBL,48,32,100.0,138.0,13800.0,2024-05-15
2024051503016333,KMCDB,22,14,148.0,935.0,138380.0,2024-05-15
2024051501024706,ADBL,17,22,50.0,244.0,12200.0,2024-05-15
2024051504010796,SSHL,22,55,10.0,163.8,1638.0,2024-05-15
2024051504010795,RADHI,49,34,10.0,236.0,2360.0,2024-05-15
2024051501024705,PCBL,44,25,10.0,195.9,1959.0,2024-05-15
2024051503016332,ALICL,44,29,10.0,575.5,5755.0,2024-05-15
2024051503016331,NABBC,71,38,10.0,523.5,5235.0,2024-05-15
2024051501024704,PPL,71,28,10.0,575.0,5750.0,2024-05-15
2024051503016330,PFL,71,32,10.0,668.0,6680.0,2024-05-15
2024051503016329,PFL,41,7,150.0,667.9,100185.0,2024-05-15
2024051504010794,GHL,19,57,500.0,150.0,75000.0,2024-05-15
2024051504010793,OHL,29,66,14.0,754.0,10556.0,2024-05-15
2024051504010792,OHL,1,66,26.0,755.0,19630.0,2024-05-15
2024051504010791,OHL,57,66,10.0,755.1,7551.0,2024-05-15
2024051503016328,KSBBL,41,38,50.0,378.0,18900.0,2024-05-15
2024051503016327,SADBL,14,34,106.0,325.1,34460.6,2024-05-15
2024051501024703,SMH,34,47,140.0,685.9,96026.0,2024-05-15
2024051501024702,SIKLES,88,42,30.0,510.0,15300.0,2024-05-15
2024051501024701,SHIVM,6,53,500.0,503.0,251500.0,2024-05-15
2024051501024700,BHDC,77,6,15.0,480.0,7200.0,2024-05-15
2024051504010790,SHEL,75,85,10.0,155.5,1555.0,2024-05-15
2024051501024699,SARBTM,25,49,10.0,791.0,7910.0,2024-05-15
2024051503016326,CORBL,13,25,10.0,466.1,4661.0,2024-05-15
2024051503016325,USLB,33,40,100.0,2314.0,231400.0,2024-05-15
2024051501024698,SAHAS,38,58,10.0,507.4,5074.0,2024-05-15
2024051503016324,MERO,52,8,10.0,693.0,6930.0,2024-05-15
2024051501024697,HATHY,95,38,200.0,835.0,167000.0,2024-05-15
2024051501024696,HDL,42,56,50.0,1311.0,65550.0,2024-05-15
2024051501024695,GBIME,17,26,25.0,178.0,4450.0,2024-05-15
2024051503016323,NICLBSL,26,57,10.0,649.7,6497.0,2024-05-15
2024051501024694,USHEC,91,56,10.0,380.0,3800.0,2024-05-15
2024051501024693,USHEC,91,22,10.0,379.0,3790.0,2024-05-15
2024051501024692,USHEC,91,22,10.0,378.0,3780.0,2024-05-15
2024051501024691,USHEC,91,57,10.0,378.0,3780.0,2024-05-15
2024051503016322,SADBL,41,57,300.0,325.9,97770.0,2024-05-15
2024051505003899,STC,43,33,10.0,4379.0,43790.0,2024-05-15
2024051501024690,PPL,62,28,709.0,575.0,407675.0,2024-05-15
2024051501024689,PPL,62,70,2000.0,561.0,1122000.0,2024-05-15
2024051501024688,PPL,62,58,200.0,554.8,110960.0,2024-05-15
2024051501024687,PPL,62,20,119.0,554.6,65997.4,2024-05-15
2024051501024686,PPL,62,34,10.0,553.3,5533.0,2024-05-15
2024051501024685,PPL,62,6,100.0,553.3,55330.0,2024-05-15
2024051501024684,PPL,62,13,30.0,553.3,16599.0,2024-05-15
2024051501024683,PPL,62,58,500.0,553.3,276650.0,2024-05-15
2024051501024682,PPL,62,58,200.0,553.3,110660.0,2024-05-15
2024051501024681,PPL,62,50,10.0,553.0,5530.0,2024-05-15
2024051501024680,PPL,62,7,36.0,553.0,19908.0,2024-05-15
2024051501024679,PPL,62,39,100.0,553.0,55300.0,2024-05-15
2024051501024678,PPL,62,39,150.0,553.0,82950.0,2024-05-15
2024051501024677,PPL,62,81,100.0,552.2,55220.0,2024-05-15
2024051501024676,PPL,62,38,10.0,552.1,5521.0,2024-05-15
2024051501024675,PPL,62,50,10.0,552.0,5520.0,2024-05-15
2024051501024674,PPL,62,11,50.0,552.0,27600.0,2024-05-15
2024051501024673,PPL,62,11,50.0,552.0,27600.0,2024-05-15
2024051501024672,PPL,62,49,10.0,552.0,5520.0,2024-05-15
2024051501024671,PPL,62,52,100.0,551.8,55180.0,2024-05-15
2024051501024670,PPL,62,74,50.0,551.8,27590.0,2024-05-15
2024051501024669,PPL,62,5,200.0,551.8,110360.0,2024-05-15
2024051501024668,PPL,62,81,330.0,551.0,181830.0,2024-05-15
2024051501024667,PPL,62,11,50.0,551.0,27550.0,2024-05-15
2024051501024666,PPL,62,58,10.0,550.9,5509.0,2024-05-15
2024051501024665,PPL,62,52,50.0,550.0,27500.0,2024-05-15
2024051501024664,PPL,62,57,10.0,550.0,5500.0,2024-05-15
2024051501024663,PPL,62,58,10.0,550.0,5500.0,2024-05-15
2024051501024662,PPL,62,35,300.0,550.0,165000.0,2024-05-15
2024051501024661,PPL,62,35,500.0,550.0,275000.0,2024-05-15
2024051501024660,PPL,62,26,996.0,545.0,542820.0,2024-05-15
2024051503016321,NFS,62,28,10.0,541.9,5419.0,2024-05-15
2024051501024659,SONA,43,11,40.0,448.0,17920.0,2024-05-15
2024051501024658,BEDC,45,29,10.0,365.0,3650.0,2024-05-15
2024051501024657,MANDU,65,43,980.0,1028.0,1007440.0,2024-05-15
2024051501024656,MANDU,65,17,10.0,1025.0,10250.0,2024-05-15
2024051501024655,MANDU,65,45,10.0,1025.0,10250.0,2024-05-15
2024051501024654,MEHL,45,1,10.0,307.8,3078.0,2024-05-15
2024051503016320,KRBL,77,45,140.0,435.1,60914.0,2024-05-15
2024051503016319,KRBL,45,45,10.0,437.0,4370.0,2024-05-15
2024051503016318,MNBBL,4,45,500.0,351.0,175500.0,2024-05-15
2024051501024653,BHPL,35,34,60.0,553.0,33180.0,2024-05-15
2024051501024652,BHPL,35,45,40.0,552.9,22116.0,2024-05-15
2024051501024651,BHPL,35,57,500.0,552.8,276400.0,2024-05-15
2024051501024650,BHPL,35,35,100.0,547.0,54700.0,2024-05-15
2024051501024649,SARBTM,38,35,30.0,790.1,23703.0,2024-05-15
2024051501024648,SHIVM,35,53,250.0,503.0,125750.0,2024-05-15
2024051501024647,LSL,49,58,10.0,154.0,1540.0,2024-05-15
2024051501024646,TSHL,38,49,160.0,500.0,80000.0,2024-05-15
2024051501024645,TSHL,3,49,40.0,500.4,20016.0,2024-05-15
2024051504010789,JOSHI,7,36,200.0,310.1,62020.0,2024-05-15
2024051504010788,JOSHI,43,36,200.0,310.6,62120.0,2024-05-15
2024051504010787,JOSHI,29,36,100.0,310.6,31060.0,2024-05-15
2024051504010786,SPIL,44,51,35.0,799.0,27965.0,2024-05-15
2024051504010785,SPIL,44,6,50.0,799.0,39950.0,2024-05-15
2024051504010784,SPIL,44,53,30.0,798.0,23940.0,2024-05-15
2024051504010783,SPIL,44,43,45.0,795.0,35775.0,2024-05-15
2024051504010782,SPIL,44,16,40.0,795.0,31800.0,2024-05-15
2024051504010781,SPIL,44,54,50.0,794.0,39700.0,2024-05-15
2024051504010780,SPIL,44,36,250.0,793.0,198250.0,2024-05-15
2024051501024644,BHL,71,46,10.0,325.0,3250.0,2024-05-15
2024051503016317,SHINE,19,42,320.0,396.9,127008.0,2024-05-15
2024051503016316,SHINE,19,63,130.0,396.0,51480.0,2024-05-15
2024051503016315,SHINE,19,66,100.0,395.5,39550.0,2024-05-15
2024051504010779,HPPL,19,39,56.0,261.0,14616.0,2024-05-15
2024051504010778,HPPL,19,5,300.0,259.0,77700.0,2024-05-15
2024051504010777,HPPL,19,29,50.0,258.9,12945.0,2024-05-15
2024051504010776,HPPL,19,47,44.0,258.0,11352.0,2024-05-15
2024051503016314,GUFL,22,3,2500.0,707.8,1769500.0,2024-05-15
2024051503016313,LICN,41,54,10.0,1312.9,13129.0,2024-05-15
2024051501024643,CLI,34,38,50.0,462.9,23145.0,2024-05-15
2024051501024642,CLI,34,18,10.0,462.6,4626.0,2024-05-15
2024051501024641,CLI,34,56,10.0,461.6,4616.0,2024-05-15
2024051501024640,SARBTM,38,34,100.0,790.1,79010.0,2024-05-15
2024051501024639,IHL,88,3,770.0,393.0,302610.0,2024-05-15
2024051501024638,IHL,88,58,50.0,392.0,19600.0,2024-05-15
2024051501024637,IHL,88,35,10.0,391.0,3910.0,2024-05-15
2024051501024636,IHL,88,58,10.0,391.0,3910.0,2024-05-15
2024051501024635,IHL,88,57,50.0,390.5,19525.0,2024-05-15
2024051501024634,IHL,88,32,320.0,390.0,124800.0,2024-05-15
2024051501024633,IHL,88,21,10.0,390.0,3900.0,2024-05-15
2024051501024632,IHL,88,45,1000.0,390.0,390000.0,2024-05-15
2024051501024631,IHL,88,21,10.0,390.0,3900.0,2024-05-15
2024051501024630,IHL,88,90,400.0,389.9,155960.0,2024-05-15
2024051501024629,IHL,88,21,100.0,389.0,38900.0,2024-05-15
2024051501024628,IHL,88,11,10.0,388.0,3880.0,2024-05-15
2024051501024627,IHL,88,38,200.0,388.0,77600.0,2024-05-15
2024051501024626,IHL,88,5,60.0,388.0,23280.0,2024-05-15
2024051504010775,SHEL,75,85,312.0,155.5,48516.0,2024-05-15
2024051504010774,SHEL,75,49,1098.0,155.0,170190.0,2024-05-15
2024051501024625,SONA,43,14,300.0,448.0,134400.0,2024-05-15
2024051503016312,JFL,13,16,10.0,516.0,5160.0,2024-05-15
2024051503016311,JFL,13,19,30.0,514.0,15420.0,2024-05-15
2024051503016310,MLBL,38,25,10.0,330.0,3300.0,2024-05-15
2024051503016309,NADEP,13,58,70.0,776.7,54369.0,2024-05-15
2024051503016308,ACLBSL,18,62,100.0,900.0,90000.0,2024-05-15
2024051503016307,ACLBSL,18,45,100.0,900.0,90000.0,2024-05-15
2024051503016306,ACLBSL,18,19,100.0,895.0,89500.0,2024-05-15
2024051503016305,ACLBSL,18,35,13.0,890.0,11570.0,2024-05-15
2024051503016304,ACLBSL,18,19,100.0,890.0,89000.0,2024-05-15
2024051503016303,ACLBSL,18,56,130.0,890.0,115700.0,2024-05-15
2024051503016302,ACLBSL,18,49,100.0,889.0,88900.0,2024-05-15
2024051503016301,ACLBSL,18,19,100.0,889.0,88900.0,2024-05-15
2024051503016300,ACLBSL,18,26,100.0,888.0,88800.0,2024-05-15
2024051503016299,ACLBSL,18,49,100.0,888.0,88800.0,2024-05-15
2024051503016298,ACLBSL,18,41,20.0,888.0,17760.0,2024-05-15
2024051503016297,ACLBSL,18,19,100.0,887.0,88700.0,2024-05-15
2024051503016296,ACLBSL,18,95,100.0,885.9,88590.0,2024-05-15
2024051503016295,ACLBSL,18,6,10.0,885.3,8853.0,2024-05-15
2024051503016294,ACLBSL,18,42,330.0,883.3,291489.0,2024-05-15
2024051503016293,ACLBSL,18,52,50.0,883.0,44150.0,2024-05-15
2024051503016292,ACLBSL,18,62,138.0,880.0,121440.0,2024-05-15
2024051503016291,ACLBSL,18,14,17.0,879.0,14943.0,2024-05-15
2024051503016290,ACLBSL,18,29,100.0,874.0,87400.0,2024-05-15
2024051503016289,ACLBSL,18,39,190.0,873.9,166041.0,2024-05-15
2024051501024624,HEIP,49,4,380.0,346.0,131480.0,2024-05-15
2024051501024623,HEIP,58,4,20.0,346.1,6922.0,2024-05-15
2024051505003898,NTC,56,44,100.0,829.0,82900.0,2024-05-15
2024051503016288,GBLBS,42,56,40.0,775.1,31004.0,2024-05-15
2024051501024622,SPL,57,34,10.0,671.2,6712.0,2024-05-15
2024051501024621,HATHY,57,17,10.0,840.0,8400.0,2024-05-15
2024051505003897,HRL,14,48,531.0,563.1,299006.1,2024-05-15
2024051505003896,HRL,59,48,76.0,563.1,42795.6,2024-05-15
2024051505003895,HRL,10,48,20.0,563.5,11270.0,2024-05-15
2024051505003894,HRL,58,48,66.0,563.9,37217.4,2024-05-15
2024051505003893,HRL,49,48,280.0,564.0,157920.0,2024-05-15
2024051505003892,HRL,42,48,29.0,564.2,16361.8,2024-05-15
2024051504010773,NGPL,38,45,427.0,303.0,129381.0,2024-05-15
2024051504010772,NGPL,25,45,1000.0,303.0,303000.0,2024-05-15
2024051504010771,NGPL,49,45,30.0,303.0,9090.0,2024-05-15
2024051504010770,NGPL,33,45,200.0,303.0,60600.0,2024-05-15
2024051504010769,NGPL,33,45,90.0,303.0,27270.0,2024-05-15
2024051504010768,NGPL,32,45,65.0,303.5,19727.5,2024-05-15
2024051504010767,NGPL,36,45,40.0,303.5,12140.0,2024-05-15
2024051501024620,TAMOR,47,47,10.0,369.0,3690.0,2024-05-15
2024051503016287,MDB,66,6,131.0,475.0,62225.0,2024-05-15
2024051503016286,NFS,41,46,110.0,534.0,58740.0,2024-05-15
2024051501024619,DLBS,41,51,10.0,1220.0,12200.0,2024-05-15
2024051505003891,NIFRA,34,34,20.0,198.9,3978.0,2024-05-15
2024051503016285,NICLBSL,32,57,10.0,649.7,6497.0,2024-05-15
2024051503016284,EDBL,14,26,10.0,394.7,3947.0,2024-05-15
2024051504010766,NGPL,16,4,45.0,304.0,13680.0,2024-05-15
2024051504010765,NGPL,16,46,25.0,304.0,7600.0,2024-05-15
2024051504010764,SPDL,17,3,15.0,237.0,3555.0,2024-05-15
2024051504010763,SPDL,17,44,50.0,237.0,11850.0,2024-05-15
2024051501024618,NMB,37,40,18.0,178.1,3205.8,2024-05-15
2024051501024617,NMB,37,40,32.0,178.3,5705.6,2024-05-15
2024051503016283,ILBS,72,14,4.0,1340.0,5360.0,2024-05-15
2024051503016282,ILBS,72,58,46.0,1340.0,61640.0,2024-05-15
2024051504010762,NHPC,4,38,30.0,148.0,4440.0,2024-05-15
2024051501024616,HATHY,69,17,10.0,840.0,8400.0,2024-05-15
2024051501024615,JBLB,5,56,56.0,1380.0,77280.0,2024-05-15
2024051501024614,JBLB,14,56,50.0,1380.1,69005.0,2024-05-15
2024051501024613,JBLB,6,56,20.0,1380.1,27602.0,2024-05-15
2024051501024612,JBLB,6,56,10.0,1380.2,13802.0,2024-05-15
2024051501024611,JBLB,6,56,10.0,1381.1,13811.0,2024-05-15
2024051501024610,JBLB,6,56,12.0,1381.2,16574.4,2024-05-15
2024051501024609,JBLB,6,56,10.0,1381.3,13813.0,2024-05-15
2024051501024608,JBLB,6,56,10.0,1381.4,13814.0,2024-05-15
2024051501024607,JBLB,32,56,20.0,1381.5,27630.0,2024-05-15
2024051501024606,JBLB,52,56,13.0,1382.0,17966.0,2024-05-15
2024051501024605,JBLB,56,56,89.0,1383.0,123087.0,2024-05-15
2024051501024604,UHEWA,57,57,270.0,401.0,108270.0,2024-05-15
2024051501024603,UHEWA,57,21,50.0,400.0,20000.0,2024-05-15
2024051501024602,UHEWA,57,57,200.0,400.0,80000.0,2024-05-15
2024051501024601,UHEWA,57,42,10.0,400.0,4000.0,2024-05-15
2024051501024600,UHEWA,57,42,10.0,400.0,4000.0,2024-05-15
2024051501024599,UHEWA,57,38,10.0,398.0,3980.0,2024-05-15
2024051501024598,UHEWA,57,32,140.0,397.9,55706.0,2024-05-15
2024051501024597,UHEWA,57,21,45.0,397.7,17896.5,2024-05-15
2024051501024596,UHEWA,57,4,185.0,397.6,73556.0,2024-05-15
2024051501024595,UHEWA,57,28,580.0,397.5,230550.0,2024-05-15
2024051501024594,SMH,34,42,100.0,685.0,68500.0,2024-05-15
2024051501024593,SBI,5,45,10.0,279.1,2791.0,2024-05-15
2024051501024592,UHEWA,21,28,20.0,397.5,7950.0,2024-05-15
2024051501024591,BGWT,49,45,10.0,626.9,6269.0,2024-05-15
2024051503016281,BFC,21,34,10.0,391.0,3910.0,2024-05-15
2024051501024590,SRLI,42,21,100.0,440.0,44000.0,2024-05-15
2024051504010761,SHPC,45,45,105.0,327.1,34345.5,2024-05-15
2024051504010760,SHPC,11,45,100.0,327.2,32720.0,2024-05-15
2024051501024589,BHPL,80,45,160.0,543.9,87024.0,2024-05-15
2024051501024588,BHPL,71,45,10.0,545.0,5450.0,2024-05-15
2024051501024587,BHPL,35,45,30.0,545.0,16350.0,2024-05-15
2024051503016280,MFIL,45,55,10.0,508.0,5080.0,2024-05-15
2024051503016279,SHINE,3,44,500.0,395.1,197550.0,2024-05-15
2024051503016278,SHINE,6,44,33.0,395.1,13038.3,2024-05-15
2024051503016277,SHINE,58,44,360.0,395.3,142308.0,2024-05-15
2024051501024586,MKHC,5,42,10.0,309.4,3094.0,2024-05-15
2024051501024585,MSHL,58,41,20.0,622.0,12440.0,2024-05-15
2024051501024584,MHCL,14,26,10.0,389.0,3890.0,2024-05-15
2024051503016276,PFL,41,16,300.0,667.9,200370.0,2024-05-15
2024051503016275,MNBBL,4,13,500.0,351.0,175500.0,2024-05-15
2024051503016274,NADEP,13,10,270.0,776.7,209709.0,2024-05-15
2024051503016273,NADEP,48,10,80.0,777.0,62160.0,2024-05-15
2024051501024583,NESDO,18,58,30.0,1928.0,57840.0,2024-05-15
2024051501024582,PPL,4,34,10.0,545.0,5450.0,2024-05-15
2024051501024581,PPL,4,58,10.0,544.0,5440.0,2024-05-15
2024051504010759,API,58,28,10.0,172.6,1726.0,2024-05-15
2024051501024580,MBJC,58,58,80.0,294.9,23592.0,2024-05-15
2024051501024579,MBJC,58,3,150.0,294.7,44205.0,2024-05-15
2024051501024578,MBJC,58,42,10.0,294.5,2945.0,2024-05-15
2024051501024577,MBJC,58,34,10.0,294.0,2940.0,2024-05-15
2024051501024576,MBJC,58,28,10.0,294.0,2940.0,2024-05-15
2024051501024575,MBJC,58,45,10.0,294.0,2940.0,2024-05-15
2024051501024574,MBJC,58,10,230.0,294.0,67620.0,2024-05-15
2024051501024573,RHGCL,69,8,312.0,382.5,119340.0,2024-05-15
2024051501024572,RHGCL,69,16,500.0,382.5,191250.0,2024-05-15
2024051501024571,RHGCL,69,16,200.0,382.5,76500.0,2024-05-15
2024051501024570,RHGCL,69,21,400.0,382.0,152800.0,2024-05-15
2024051501024569,RHGCL,69,34,200.0,382.0,76400.0,2024-05-15
2024051501024568,RHGCL,69,38,330.0,382.0,126060.0,2024-05-15
2024051501024567,RHGCL,69,21,400.0,382.0,152800.0,2024-05-15
2024051501024566,RHGCL,69,13,500.0,382.0,191000.0,2024-05-15
2024051501024565,RHGCL,69,57,140.0,380.0,53200.0,2024-05-15
2024051501024564,RHGCL,69,69,1000.0,380.0,380000.0,2024-05-15
2024051501024563,RHGCL,69,32,1000.0,380.0,380000.0,2024-05-15
2024051501024562,RHGCL,69,38,10.0,380.0,3800.0,2024-05-15
2024051501024561,RHGCL,69,17,10.0,380.0,3800.0,2024-05-15
2024051501024560,RHGCL,69,42,100.0,380.0,38000.0,2024-05-15
2024051501024559,RHGCL,69,59,10.0,380.0,3800.0,2024-05-15
2024051501024558,RHGCL,69,6,500.0,380.0,190000.0,2024-05-15
2024051501024557,RHGCL,69,13,500.0,379.5,189750.0,2024-05-15
2024051501024556,RHGCL,69,69,1000.0,379.0,379000.0,2024-05-15
2024051501024555,RHGCL,69,44,100.0,379.0,37900.0,2024-05-15
2024051501024554,RHGCL,69,56,10.0,379.0,3790.0,2024-05-15
2024051501024553,RHGCL,69,59,1010.0,379.0,382790.0,2024-05-15
2024051501024552,RHGCL,69,28,1000.0,379.0,379000.0,2024-05-15
2024051501024551,RHGCL,69,60,500.0,378.9,189450.0,2024-05-15
2024051501024550,RHGCL,69,57,10.0,378.0,3780.0,2024-05-15
2024051501024549,RHGCL,69,25,10.0,378.0,3780.0,2024-05-15
2024051501024548,RHGCL,69,58,90.0,377.4,33966.0,2024-05-15
2024051501024547,RHGCL,69,69,138.0,377.0,52026.0,2024-05-15
2024051501024546,RHGCL,69,21,20.0,374.0,7480.0,2024-05-15
2024051503016272,PFL,41,57,550.0,667.9,367345.0,2024-05-15
2024051505003890,HRL,42,8,21.0,564.1,11846.1,2024-05-15
2024051503016271,ACLBSL,62,39,10.0,873.9,8739.0,2024-05-15
2024051501024545,EBL,33,42,10.0,510.0,5100.0,2024-05-15
2024051501024544,EBL,33,49,190.0,509.0,96710.0,2024-05-15
2024051504010758,BPCL,54,22,70.0,294.0,20580.0,2024-05-15
2024051503016270,GUFL,22,47,500.0,706.0,353000.0,2024-05-15
2024051503016269,GUFL,22,26,100.0,706.0,70600.0,2024-05-15
2024051503016268,GUFL,22,38,2000.0,705.9,1411800.0,2024-05-15
2024051503016267,GUFL,22,29,30.0,705.8,21174.0,2024-05-15
2024051503016266,GUFL,22,13,40.0,705.7,28228.0,2024-05-15
2024051503016265,GUFL,22,35,100.0,705.0,70500.0,2024-05-15
2024051503016264,GUFL,22,34,800.0,705.0,564000.0,2024-05-15
2024051503016263,GUFL,22,45,600.0,703.0,421800.0,2024-05-15
2024051503016262,GUFL,22,65,60.0,703.0,42180.0,2024-05-15
2024051503016261,GUFL,22,45,50.0,702.9,35145.0,2024-05-15
2024051503016260,GUFL,22,38,255.0,702.0,179010.0,2024-05-15
2024051503016259,GUFL,18,22,50.0,701.0,35050.0,2024-05-15
2024051503016258,PMLI,35,21,20.0,503.0,10060.0,2024-05-15
2024051503016257,NADEP,48,45,10.0,777.0,7770.0,2024-05-15
2024051503016256,SINDU,32,44,10.0,389.9,3899.0,2024-05-15
2024051501024543,PPL,58,45,80.0,540.1,43208.0,2024-05-15
2024051501024542,PPL,58,45,20.0,541.0,10820.0,2024-05-15
2024051503016255,PFL,41,71,500.0,667.9,333950.0,2024-05-15
2024051503016254,PFL,41,17,207.0,667.9,138255.3,2024-05-15
2024051503016253,PFL,41,85,800.0,667.0,533600.0,2024-05-15
2024051503016252,PFL,41,72,500.0,667.0,333500.0,2024-05-15
2024051503016251,PFL,41,38,100.0,667.0,66700.0,2024-05-15
2024051503016250,PFL,41,55,100.0,667.0,66700.0,2024-05-15
2024051503016249,PFL,41,11,300.0,667.0,200100.0,2024-05-15
2024051503016248,PFL,41,58,150.0,667.0,100050.0,2024-05-15
2024051503016247,PFL,41,36,100.0,667.0,66700.0,2024-05-15
2024051503016246,PFL,41,45,500.0,666.0,333000.0,2024-05-15
2024051503016245,PFL,41,13,200.0,666.0,133200.0,2024-05-15
2024051503016244,PFL,41,13,200.0,666.0,133200.0,2024-05-15
2024051503016243,PFL,41,17,10.0,666.0,6660.0,2024-05-15
2024051503016242,PFL,41,46,250.0,665.0,166250.0,2024-05-15
2024051503016241,PFL,41,46,404.0,665.0,268660.0,2024-05-15
2024051503016240,PFL,41,35,210.0,665.0,139650.0,2024-05-15
2024051503016239,PFL,41,20,200.0,665.0,133000.0,2024-05-15
2024051503016238,PFL,41,66,178.0,665.0,118370.0,2024-05-15
2024051503016237,PFL,41,35,701.0,664.0,465464.0,2024-05-15
2024051504010757,NGPL,36,55,10.0,303.5,3035.0,2024-05-15
2024051501024541,CLI,25,21,10.0,460.9,4609.0,2024-05-15
2024051503016236,CORBL,13,25,282.0,466.1,131440.2,2024-05-15
2024051503016235,NUBL,45,16,188.0,660.1,124098.8,2024-05-15
2024051503016234,NUBL,42,16,50.0,660.2,33010.0,2024-05-15
2024051501024540,MHL,13,6,10.0,400.0,4000.0,2024-05-15
2024051504010756,RADHI,13,53,180.0,235.0,42300.0,2024-05-15
2024051504010755,HURJA,34,72,97.0,286.0,27742.0,2024-05-15
2024051504010754,HURJA,39,72,123.0,286.0,35178.0,2024-05-15
2024051504010753,HURJA,44,72,780.0,286.0,223080.0,2024-05-15
2024051503016233,ALBSL,60,54,150.0,880.0,132000.0,2024-05-15
2024051503016232,BFC,4,34,30.0,391.0,11730.0,2024-05-15
2024051503016231,GMFBS,29,45,20.0,1254.0,25080.0,2024-05-15
2024051503016230,GMFBS,29,17,100.0,1250.0,125000.0,2024-05-15
2024051503016229,GMFBS,29,72,90.0,1249.9,112491.0,2024-05-15
2024051503016228,GMFBS,29,55,90.0,1248.0,112320.0,2024-05-15
2024051505003889,SMATA,72,43,66.0,912.0,60192.0,2024-05-15
2024051505003888,SMATA,39,43,50.0,912.3,45615.0,2024-05-15
2024051501024539,PRVU,38,50,160.0,140.0,22400.0,2024-05-15
2024051501024538,PRVU,40,50,40.0,140.1,5604.0,2024-05-15
2024051501024537,MHCL,35,48,433.0,388.0,168004.0,2024-05-15
2024051501024536,MHCL,74,48,50.0,388.0,19400.0,2024-05-15
2024051501024535,MHCL,44,48,200.0,388.0,77600.0,2024-05-15
2024051501024534,MHCL,70,48,200.0,388.1,77620.0,2024-05-15
2024051501024533,MHCL,4,48,10.0,388.5,3885.0,2024-05-15
2024051504010752,SPIL,49,50,12.0,793.0,9516.0,2024-05-15
2024051504010751,SPIL,49,59,130.0,791.0,102830.0,2024-05-15
2024051504010750,SPIL,49,38,100.0,790.2,79020.0,2024-05-15
2024051504010749,SPIL,49,21,16.0,790.0,12640.0,2024-05-15
2024051501024532,DORDI,58,41,10.0,405.4,4054.0,2024-05-15
2024051503016227,JFL,82,34,150.0,507.7,76155.0,2024-05-15
2024051501024531,MKLB,32,62,10.0,1100.0,11000.0,2024-05-15
2024051505003887,CHDC,32,8,10.0,739.0,7390.0,2024-05-15
2024051503016226,CFCL,86,43,10.0,394.0,3940.0,2024-05-15
2024051504010748,SJCL,57,26,10.0,268.0,2680.0,2024-05-15
2024051501024530,SARBTM,58,58,50.0,790.0,39500.0,2024-05-15
2024051501024529,NRM,57,36,371.0,359.7,133448.7,2024-05-15
2024051501024528,NRM,57,3,179.0,359.5,64350.5,2024-05-15
2024051501024527,SONA,43,50,200.0,448.0,89600.0,2024-05-15
2024051503016225,JSLBB,54,22,10.0,1370.0,13700.0,2024-05-15
2024051501024526,MBL,22,8,10.0,167.9,1679.0,2024-05-15
2024051504010747,NIL,41,44,50.0,795.1,39755.0,2024-05-15
2024051503016224,ACLBSL,18,49,401.0,865.0,346865.0,2024-05-15
2024051503016223,ACLBSL,32,49,250.0,865.5,216375.0,2024-05-15
2024051503016222,ACLBSL,42,49,349.0,866.0,302234.0,2024-05-15
2024051503016221,JSLBB,46,32,21.0,1354.0,28434.0,2024-05-15
2024051503016220,JSLBB,29,32,10.0,1354.4,13544.0,2024-05-15
2024051503016219,JSLBB,29,32,10.0,1354.5,13545.0,2024-05-15
2024051503016218,JSLBB,54,32,20.0,1355.0,27100.0,2024-05-15
2024051503016217,JSLBB,57,32,10.0,1355.3,13553.0,2024-05-15
2024051503016216,GUFL,16,38,50.0,702.0,35100.0,2024-05-15
2024051501024525,SHLB,77,45,30.0,1587.0,47610.0,2024-05-15
2024051501024524,SHLB,77,58,69.0,1566.3,108074.7,2024-05-15
2024051505003886,NRN,35,81,70.0,500.0,35000.0,2024-05-15
2024051504010746,SHL,60,26,100.0,446.9,44690.0,2024-05-15
2024051501024523,SMJC,1,58,30.0,361.0,10830.0,2024-05-15
2024051503016215,JBBL,26,29,490.0,295.6,144844.0,2024-05-15
2024051504010745,NLG,56,5,10.0,764.0,7640.0,2024-05-15
2024051505003885,NTC,1,62,10.0,820.0,8200.0,2024-05-15
2024051501024522,SARBTM,62,49,10.0,791.0,7910.0,2024-05-15
2024051501024521,VLUCL,42,45,10.0,467.9,4679.0,2024-05-15
2024051503016214,MLBSL,54,3,50.0,1839.0,91950.0,2024-05-15
2024051501024520,CITY,35,45,70.0,600.0,42000.0,2024-05-15
2024051501024519,CITY,35,46,30.0,599.9,17997.0,2024-05-15
2024051503016213,USLB,33,7,13.0,2314.0,30082.0,2024-05-15
2024051504010744,NIL,41,7,20.0,795.1,15902.0,2024-05-15
2024051501024518,HHL,41,36,20.0,348.9,6978.0,2024-05-15
2024051503016212,ICFC,41,34,10.0,513.2,5132.0,2024-05-15
2024051504010743,UPPER,47,14,200.0,166.0,33200.0,2024-05-15
2024051504010742,UPPER,43,14,30.0,166.0,4980.0,2024-05-15
2024051501024517,RHGCL,25,69,30.0,377.0,11310.0,2024-05-15
2024051501024516,RHGCL,25,58,20.0,377.0,7540.0,2024-05-15
2024051501024515,RHGCL,25,57,1000.0,377.0,377000.0,2024-05-15
2024051501024514,RHGCL,25,58,10.0,377.0,3770.0,2024-05-15
2024051501024513,RHGCL,25,49,10.0,377.0,3770.0,2024-05-15
2024051501024512,RHGCL,25,53,100.0,376.9,37690.0,2024-05-15
2024051501024511,RHGCL,25,66,20.0,376.9,7538.0,2024-05-15
2024051501024510,RHGCL,25,45,20.0,376.9,7538.0,2024-05-15
2024051501024509,RHGCL,25,8,10.0,376.9,3769.0,2024-05-15
2024051501024508,RHGCL,25,13,150.0,376.8,56520.0,2024-05-15
2024051501024507,RHGCL,25,34,10.0,376.0,3760.0,2024-05-15
2024051501024506,RHGCL,25,11,10.0,376.0,3760.0,2024-05-15
2024051501024505,RHGCL,25,35,30.0,376.0,11280.0,2024-05-15
2024051501024504,RHGCL,25,34,420.0,375.9,157878.0,2024-05-15
2024051501024503,RHGCL,25,35,160.0,375.0,60000.0,2024-05-15
2024051503016211,NLICL,25,3,10.0,545.0,5450.0,2024-05-15
2024051501024502,AVYAN,13,5,10.0,847.0,8470.0,2024-05-15
2024051504010741,SSHL,17,55,10.0,163.8,1638.0,2024-05-15
2024051503016210,NFS,1,60,51.0,532.0,27132.0,2024-05-15
2024051503016209,NFS,11,60,100.0,532.0,53200.0,2024-05-15
2024051503016208,NFS,49,60,50.0,532.1,26605.0,2024-05-15
2024051503016207,NFS,74,60,300.0,532.2,159660.0,2024-05-15
2024051503016206,NFS,29,60,100.0,533.0,53300.0,2024-05-15
2024051503016205,NFS,91,60,185.0,533.0,98605.0,2024-05-15
2024051503016204,NFS,54,60,50.0,533.0,26650.0,2024-05-15
2024051503016203,NFS,33,60,50.0,533.0,26650.0,2024-05-15
2024051503016202,NFS,74,60,500.0,533.9,266950.0,2024-05-15
2024051503016201,NFS,61,60,114.0,534.0,60876.0,2024-05-15
2024051504010740,MHNL,1,45,217.0,230.0,49910.0,2024-05-15
2024051503016200,GFCL,48,86,200.0,457.0,91400.0,2024-05-15
2024051501024501,NABIL,14,58,11.0,434.0,4774.0,2024-05-15
2024051503016199,RLFL,4,22,100.0,388.5,38850.0,2024-05-15
2024051501024500,ILI,25,35,10.0,540.9,5409.0,2024-05-15
2024051501024499,ILI,95,35,30.0,541.0,16230.0,2024-05-15
2024051503016198,SHINE,58,66,100.0,395.3,39530.0,2024-05-15
2024051501024498,MKLB,32,5,10.0,1098.0,10980.0,2024-05-15
2024051501024497,SMJC,34,58,200.0,361.0,72200.0,2024-05-15
2024051501024496,SMJC,34,35,500.0,360.0,180000.0,2024-05-15
2024051501024495,SBL,14,14,21.0,226.0,4746.0,2024-05-15
2024051503016197,GMFIL,16,16,10.0,396.0,3960.0,2024-05-15
2024051503016196,GMFIL,16,85,90.0,394.0,35460.0,2024-05-15
2024051501024494,NMB,37,38,168.0,178.3,29954.4,2024-05-15
2024051501024493,SCB,77,22,10.0,545.0,5450.0,2024-05-15
2024051501024492,SCB,77,56,90.0,544.9,49041.0,2024-05-15
2024051503016195,BFC,52,34,10.0,391.0,3910.0,2024-05-15
2024051503016194,KRBL,77,1,337.0,435.1,146628.7,2024-05-15
2024051503016193,KRBL,48,1,100.0,436.0,43600.0,2024-05-15
2024051503016192,KRBL,19,1,13.0,436.0,5668.0,2024-05-15
2024051503016191,KRBL,4,1,50.0,436.1,21805.0,2024-05-15
2024051501024491,ULHC,42,4,50.0,330.0,16500.0,2024-05-15
2024051504010739,IGI,35,42,10.0,535.4,5354.0,2024-05-15
2024051504010738,JOSHI,48,58,373.0,310.0,115630.0,2024-05-15
2024051504010737,JOSHI,58,58,25.0,310.0,7750.0,2024-05-15
2024051504010736,JOSHI,34,58,10.0,310.1,3101.0,2024-05-15
2024051504010735,JOSHI,50,58,200.0,310.1,62020.0,2024-05-15
2024051504010734,JOSHI,3,58,100.0,310.1,31010.0,2024-05-15
2024051504010733,JOSHI,60,58,1000.0,310.1,310100.0,2024-05-15
2024051504010732,JOSHI,1,58,170.0,310.1,52717.0,2024-05-15
2024051504010731,JOSHI,6,58,82.0,310.6,25469.2,2024-05-15
2024051504010730,RURU,56,54,10.0,556.1,5561.0,2024-05-15
2024051503016190,GRDBL,88,58,822.0,432.0,355104.0,2024-05-15
2024051503016189,GRDBL,88,43,78.0,431.0,33618.0,2024-05-15
2024051504010729,SICL,21,14,75.0,688.0,51600.0,2024-05-15
2024051501024490,BHDC,77,57,100.0,480.0,48000.0,2024-05-15
2024051501024489,BHDC,77,26,30.0,480.0,14400.0,2024-05-15
2024051504010728,HDHPC,46,52,50.0,133.1,6655.0,2024-05-15
2024051503016188,GUFL,14,38,300.0,702.0,210600.0,2024-05-15
2024051503016187,GUFL,58,38,50.0,702.0,35100.0,2024-05-15
2024051503016186,GUFL,14,38,345.0,702.0,242190.0,2024-05-15
2024051504010727,UMHL,56,4,45.0,238.7,10741.5,2024-05-15
2024051501024488,SONA,43,34,500.0,448.0,224000.0,2024-05-15
2024051501024487,SONA,43,45,100.0,448.0,44800.0,2024-05-15
2024051501024486,SONA,43,41,10.0,448.0,4480.0,2024-05-15
2024051501024485,SONA,43,48,10.0,448.0,4480.0,2024-05-15
2024051501024484,SONA,43,29,360.0,448.0,161280.0,2024-05-15
2024051501024483,SONA,43,16,10.0,448.0,4480.0,2024-05-15
2024051501024482,SONA,43,58,10.0,448.0,4480.0,2024-05-15
2024051501024481,SONA,43,58,10.0,448.0,4480.0,2024-05-15
2024051501024480,SONA,43,58,40.0,447.9,17916.0,2024-05-15
2024051501024479,SONA,43,7,200.0,447.2,89440.0,2024-05-15
2024051503016185,EDBL,65,25,140.0,394.8,55272.0,2024-05-15
2024051503016184,EDBL,65,57,160.0,394.8,63168.0,2024-05-15
2024051501024478,CLI,58,22,10.0,460.0,4600.0,2024-05-15
2024051503016183,GUFL,14,47,150.0,702.0,105300.0,2024-05-15
2024051503016182,PROFL,47,58,61.0,338.0,20618.0,2024-05-15
2024051503016181,PROFL,34,58,20.0,338.0,6760.0,2024-05-15
2024051503016180,PROFL,16,58,700.0,338.0,236600.0,2024-05-15
2024051503016179,PROFL,21,58,100.0,338.0,33800.0,2024-05-15
2024051503016178,PROFL,17,58,100.0,338.0,33800.0,2024-05-15
2024051503016177,PROFL,56,58,19.0,338.1,6423.9,2024-05-15
2024051504010726,UNHPL,58,88,10.0,220.1,2201.0,2024-05-15
2024051503016176,CBBL,54,58,10.0,835.0,8350.0,2024-05-15
2024051503016175,SMB,71,11,10.0,1626.0,16260.0,2024-05-15
2024051503016174,SMB,71,45,17.0,1625.0,27625.0,2024-05-15
2024051503016173,SABSL,88,34,10.0,887.0,8870.0,2024-05-15
2024051503016172,JBBL,26,32,10.0,295.6,2956.0,2024-05-15
2024051503016171,JBBL,68,32,30.0,296.0,8880.0,2024-05-15
2024051501024477,GBIME,17,28,25.0,178.0,4450.0,2024-05-15
2024051501024476,NIMB,38,58,10.0,156.0,1560.0,2024-05-15
2024051504010725,GLH,45,26,150.0,205.0,30750.0,2024-05-15
2024051501024475,GVL,7,50,10.0,444.0,4440.0,2024-05-15
2024051501024474,GVL,73,50,10.0,444.0,4440.0,2024-05-15
2024051501024473,MANDU,65,25,930.0,1045.0,971850.0,2024-05-15
2024051501024472,MANDU,65,32,10.0,1045.0,10450.0,2024-05-15
2024051501024471,MANDU,65,34,10.0,1040.0,10400.0,2024-05-15
2024051501024470,MANDU,65,28,10.0,1040.0,10400.0,2024-05-15
2024051501024469,MANDU,65,21,10.0,1035.0,10350.0,2024-05-15
2024051501024468,MANDU,65,58,10.0,1025.1,10251.0,2024-05-15
2024051501024467,MANDU,65,45,10.0,1025.0,10250.0,2024-05-15
2024051501024466,MANDU,65,42,10.0,1025.0,10250.0,2024-05-15
2024051501024465,HDL,35,57,30.0,1313.0,39390.0,2024-05-15
2024051501024464,TSHL,3,45,10.0,500.4,5004.0,2024-05-15
2024051501024463,TSHL,47,45,90.0,500.4,45036.0,2024-05-15
2024051501024462,TSHL,32,45,100.0,500.5,50050.0,2024-05-15
2024051501024461,TSHL,45,45,200.0,500.5,100100.0,2024-05-15
2024051501024460,TSHL,57,45,100.0,500.6,50060.0,2024-05-15
2024051501024459,TSHL,3,45,50.0,500.6,25030.0,2024-05-15
2024051501024458,TSHL,90,45,50.0,500.6,25030.0,2024-05-15
2024051501024457,TSHL,37,45,130.0,500.7,65091.0,2024-05-15
2024051501024456,TSHL,35,45,200.0,502.0,100400.0,2024-05-15
2024051501024455,TSHL,37,45,60.0,502.0,30120.0,2024-05-15
2024051501024454,TSHL,3,45,10.0,503.0,5030.0,2024-05-15
2024051501024453,RNLI,49,41,10.0,428.1,4281.0,2024-05-15
2024051503016170,MDB,32,6,500.0,475.0,237500.0,2024-05-15
2024051503016169,FMDBL,11,55,50.0,655.0,32750.0,2024-05-15
2024051503016168,SADBL,34,45,60.0,326.0,19560.0,2024-05-15
2024051503016167,SADBL,34,43,40.0,325.9,13036.0,2024-05-15
2024051501024452,USHL,37,5,70.0,470.0,32900.0,2024-05-15
2024051501024451,HDL,25,57,80.0,1313.0,105040.0,2024-05-15
2024051501024450,HDL,25,48,40.0,1312.0,52480.0,2024-05-15
2024051503016166,NICLBSL,20,17,440.0,643.0,282920.0,2024-05-15
2024051501024449,PPL,58,56,17.0,540.1,9181.7,2024-05-15
2024051501024448,PPL,4,56,83.0,541.0,44903.0,2024-05-15
2024051504010724,BPCL,57,22,150.0,294.0,44100.0,2024-05-15
2024051501024447,ILI,48,52,100.0,542.9,54290.0,2024-05-15
2024051501024446,SHIVM,33,53,55.0,503.0,27665.0,2024-05-15
2024051503016165,CFCL,58,43,10.0,394.0,3940.0,2024-05-15
2024051501024445,MHCL,71,26,10.0,389.0,3890.0,2024-05-15
2024051503016164,MNBBL,41,42,171.0,352.8,60328.8,2024-05-15
2024051503016163,MNBBL,41,53,100.0,352.0,35200.0,2024-05-15
2024051503016162,MNBBL,41,32,29.0,352.0,10208.0,2024-05-15
2024051501024444,NICA,41,88,50.0,358.0,17900.0,2024-05-15
2024051501024443,TAMOR,8,58,10.0,374.5,3745.0,2024-05-15
2024051501024442,TAMOR,8,35,10.0,374.0,3740.0,2024-05-15
2024051501024441,TAMOR,8,29,10.0,372.0,3720.0,2024-05-15
2024051501024440,TAMOR,8,8,10.0,372.0,3720.0,2024-05-15
2024051501024439,PHCL,71,6,100.0,292.5,29250.0,2024-05-15
2024051501024438,ULHC,25,4,24.0,330.0,7920.0,2024-05-15
2024051501024437,SARBTM,58,59,100.0,790.0,79000.0,2024-05-15
2024051504010723,UPPER,43,53,970.0,166.0,161020.0,2024-05-15
2024051504010722,UPPER,34,53,20.0,166.0,3320.0,2024-05-15
2024051504010721,UPPER,67,53,10.0,166.0,1660.0,2024-05-15
2024051503016161,KMCDB,26,14,10.0,935.0,9350.0,2024-05-15
2024051504010720,HURJA,44,57,200.0,286.0,57200.0,2024-05-15
2024051505003884,HRL,49,47,20.0,564.0,11280.0,2024-05-15
2024051501024436,BHDC,51,26,10.0,480.0,4800.0,2024-05-15
2024051501024435,ILI,19,52,100.0,542.9,54290.0,2024-05-15
2024051503016160,SKBBL,50,16,17.0,811.4,13793.8,2024-05-15
2024051503016159,SKBBL,41,16,12.0,811.5,9738.0,2024-05-15
2024051503016158,SKBBL,35,16,10.0,811.5,8115.0,2024-05-15
2024051503016157,SKBBL,35,16,100.0,811.5,81150.0,2024-05-15
2024051503016156,SKBBL,26,16,58.0,811.5,47067.0,2024-05-15
2024051501024434,SARBTM,58,13,50.0,790.0,39500.0,2024-05-15
2024051501024433,SHIVM,34,53,380.0,503.0,191140.0,2024-05-15
2024051501024432,SHIVM,34,88,100.0,503.0,50300.0,2024-05-15
2024051501024431,SHIVM,34,88,20.0,503.0,10060.0,2024-05-15
2024051503016155,USLB,95,57,200.0,2314.0,462800.0,2024-05-15
2024051501024430,SHIVM,53,88,80.0,503.0,40240.0,2024-05-15
2024051501024429,SHIVM,53,88,120.0,503.0,60360.0,2024-05-15
2024051505003883,NRIC,56,74,728.0,681.1,495840.8,2024-05-15
2024051505003882,NRIC,6,74,200.0,682.0,136400.0,2024-05-15
2024051505003881,NRIC,43,74,50.0,682.1,34105.0,2024-05-15
2024051505003880,NRIC,1,74,22.0,683.0,15026.0,2024-05-15
2024051504010719,API,74,28,100.0,172.6,17260.0,2024-05-15
2024051504010718,GHL,25,57,400.0,149.6,59840.0,2024-05-15
2024051504010717,UPPER,51,42,260.0,166.1,43186.0,2024-05-15
2024051501024428,CLI,58,58,10.0,460.0,4600.0,2024-05-15
2024051503016154,HLI,44,25,780.0,397.0,309660.0,2024-05-15
2024051503016153,HLI,44,34,210.0,397.0,83370.0,2024-05-15
2024051503016152,HLI,44,29,10.0,396.0,3960.0,2024-05-15
2024051504010716,SHEL,62,49,72.0,155.0,11160.0,2024-05-15
2024051505003879,CHDC,32,8,10.0,739.0,7390.0,2024-05-15
2024051503016151,SHINE,58,59,40.0,395.3,15812.0,2024-05-15
2024051503016150,SHINE,22,59,10.0,395.3,3953.0,2024-05-15
2024051503016149,SHINE,13,59,50.0,395.6,19780.0,2024-05-15
2024051501024427,PRVU,40,34,80.0,140.1,11208.0,2024-05-15
2024051504010715,SALICO,34,39,20.0,692.2,13844.0,2024-05-15
2024051504010714,SHL,49,4,100.0,445.0,44500.0,2024-05-15
2024051503016148,MSLB,4,57,37.0,1219.0,45103.0,2024-05-15
2024051503016147,CFCL,56,43,10.0,394.0,3940.0,2024-05-15
2024051503016146,PFL,41,43,507.0,659.0,334113.0,2024-05-15
2024051503016145,PFL,63,43,50.0,660.0,33000.0,2024-05-15
2024051503016144,PFL,7,43,50.0,660.0,33000.0,2024-05-15
2024051503016143,PFL,65,43,293.0,660.0,193380.0,2024-05-15
2024051501024426,NESDO,58,43,40.0,1915.0,76600.0,2024-05-15
2024051501024425,NESDO,6,43,20.0,1915.1,38302.0,2024-05-15
2024051501024424,NESDO,45,43,20.0,1916.1,38322.0,2024-05-15
2024051503016142,ALBSL,60,58,69.0,885.0,61065.0,2024-05-15
2024051503016141,ALBSL,60,34,50.0,884.0,44200.0,2024-05-15
2024051503016140,ALBSL,60,58,10.0,881.0,8810.0,2024-05-15
2024051503016139,ALBSL,60,16,71.0,880.0,62480.0,2024-05-15
2024051503016138,ALBSL,60,41,20.0,880.0,17600.0,2024-05-15
2024051503016137,ALBSL,60,34,50.0,879.9,43995.0,2024-05-15
2024051503016136,ALBSL,60,45,30.0,878.0,26340.0,2024-05-15
2024051503016135,MERO,42,8,100.0,693.0,69300.0,2024-05-15
2024051503016134,CORBL,45,1,10.0,474.0,4740.0,2024-05-15
2024051503016133,RSDC,14,66,23.0,704.0,16192.0,2024-05-15
2024051503016132,RSDC,14,54,77.0,703.0,54131.0,2024-05-15
2024051501024423,SONA,64,70,500.0,447.1,223550.0,2024-05-15
2024051503016131,GMFBS,16,55,10.0,1248.0,12480.0,2024-05-15
2024051503016130,GMFBS,16,55,10.0,1247.0,12470.0,2024-05-15
2024051503016129,CORBL,13,1,10.0,474.0,4740.0,2024-05-15
2024051504010713,SSHL,17,42,180.0,163.0,29340.0,2024-05-15
2024051504010712,SSHL,17,58,30.0,163.0,4890.0,2024-05-15
2024051504010711,SSHL,17,45,300.0,162.9,48870.0,2024-05-15
2024051504010710,SSHL,17,42,600.0,162.0,97200.0,2024-05-15
2024051504010709,SSHL,17,21,90.0,162.0,14580.0,2024-05-15
2024051504010708,LEC,47,34,647.0,183.0,118401.0,2024-05-15
2024051504010707,LEC,47,34,100.0,183.0,18300.0,2024-05-15
2024051501024422,MBL,53,38,50.0,166.5,8325.0,2024-05-15
2024051501024421,MBL,17,38,100.0,166.5,16650.0,2024-05-15
2024051504010706,SHEL,62,50,668.0,155.0,103540.0,2024-05-15
2024051501024420,HDL,34,48,10.0,1312.0,13120.0,2024-05-15
2024051501024419,HDL,33,48,50.0,1312.0,65600.0,2024-05-15
2024051504010705,IGI,49,48,159.0,535.3,85112.7,2024-05-15
2024051504010704,IGI,35,48,91.0,535.3,48712.3,2024-05-15
2024051503016128,WNLB,22,35,10.0,1389.0,13890.0,2024-05-15
2024051504010703,AKPL,14,54,690.0,167.1,115299.0,2024-05-15
2024051504010702,AKPL,42,54,10.0,167.1,1671.0,2024-05-15
2024051501024418,KBL,93,77,10.0,138.4,1384.0,2024-05-15
2024051501024417,KBL,93,32,60.0,138.0,8280.0,2024-05-15
2024051503016127,ILBS,45,62,10.0,1348.0,13480.0,2024-05-15
2024051501024416,UNL,44,66,10.0,39484.2,394842.0,2024-05-15
2024051504010701,MEN,66,45,82.0,544.8,44673.6,2024-05-15
2024051504010700,MEN,66,45,32.0,544.7,17430.4,2024-05-15
2024051505003878,ENL,45,57,10.0,814.9,8149.0,2024-05-15
2024051501024415,MLBS,19,49,70.0,1329.0,93030.0,2024-05-15
2024051503016126,SABSL,88,57,10.0,874.0,8740.0,2024-05-15
2024051501024414,USHL,32,5,11.0,470.0,5170.0,2024-05-15
2024051504010699,RIDI,32,32,26.0,162.7,4230.2,2024-05-15
2024051501024413,BNHC,61,58,10.0,520.0,5200.0,2024-05-15
2024051501024412,SONA,59,58,676.0,447.9,302780.4,2024-05-15
2024051501024411,SONA,59,78,24.0,447.9,10749.6,2024-05-15
2024051501024410,SONA,59,56,300.0,447.8,134340.0,2024-05-15
2024051501024409,MHCL,36,26,30.0,389.5,11685.0,2024-05-15
2024051504010698,RURU,56,44,70.0,556.1,38927.0,2024-05-15
2024051501024408,DOLTI,52,58,47.0,411.0,19317.0,2024-05-15
2024051501024407,DOLTI,52,58,100.0,411.0,41100.0,2024-05-15
2024051501024406,DOLTI,67,58,300.0,411.0,123300.0,2024-05-15
2024051501024405,DOLTI,6,58,63.0,411.0,25893.0,2024-05-15
2024051501024404,DOLTI,29,58,10.0,411.1,4111.0,2024-05-15
2024051501024403,DOLTI,42,58,10.0,412.0,4120.0,2024-05-15
2024051501024402,DOLTI,43,58,20.0,412.0,8240.0,2024-05-15
2024051503016125,GUFL,14,44,205.0,702.0,143910.0,2024-05-15
2024051503016124,GUFL,14,44,95.0,702.0,66690.0,2024-05-15
2024051503016123,GBBL,44,58,142.0,366.9,52099.8,2024-05-15
2024051504010697,GHL,42,29,100.0,150.0,15000.0,2024-05-15
2024051504010696,GHL,42,46,783.0,150.0,117450.0,2024-05-15
2024051503016122,MFIL,44,49,100.0,506.0,50600.0,2024-05-15
2024051503016121,MFIL,41,49,300.0,506.1,151830.0,2024-05-15
2024051503016120,MFIL,52,49,500.0,506.2,253100.0,2024-05-15
2024051503016119,MFIL,38,49,100.0,506.2,50620.0,2024-05-15
2024051501024401,JBLB,56,14,11.0,1383.0,15213.0,2024-05-15
2024051505003877,CHDC,52,8,40.0,739.0,29560.0,2024-05-15
2024051501024400,JBLB,34,58,10.0,1388.0,13880.0,2024-05-15
2024051503016118,NICLBSL,20,38,10.0,643.0,6430.0,2024-05-15
2024051501024399,PPL,4,56,17.0,541.0,9197.0,2024-05-15
2024051501024398,PPL,58,56,83.0,542.5,45027.5,2024-05-15
2024051504010695,PRIN,56,16,10.0,785.0,7850.0,2024-05-15
2024051501024397,ILI,11,22,50.0,541.0,27050.0,2024-05-15
2024051501024396,ILI,11,58,85.0,541.0,45985.0,2024-05-15
2024051504010694,HURJA,44,21,1000.0,286.0,286000.0,2024-05-15
2024051501024395,SCB,13,45,200.0,542.1,108420.0,2024-05-15
2024051501024394,SONA,64,51,100.0,447.1,44710.0,2024-05-15
2024051503016117,NMBMF,58,32,20.0,645.0,12900.0,2024-05-15
2024051503016116,NMBMF,32,32,20.0,645.0,12900.0,2024-05-15
2024051503016115,NMBMF,49,32,51.0,645.0,32895.0,2024-05-15
2024051503016114,NMBMF,55,32,50.0,645.0,32250.0,2024-05-15
2024051503016113,NMBMF,42,32,17.0,645.0,10965.0,2024-05-15
2024051503016112,GRDBL,14,43,12.0,431.0,5172.0,2024-05-15
2024051501024393,NICA,17,17,10.0,358.1,3581.0,2024-05-15
2024051503016111,NLIC,26,28,500.0,590.0,295000.0,2024-05-15
2024051503016110,NLIC,22,28,10.0,590.0,5900.0,2024-05-15
2024051503016109,NLIC,17,28,25.0,590.0,14750.0,2024-05-15
2024051503016108,NLIC,49,28,500.0,590.0,295000.0,2024-05-15
2024051503016107,NLIC,28,28,216.0,590.0,127440.0,2024-05-15
2024051503016106,NLIC,42,28,200.0,590.0,118000.0,2024-05-15
2024051503016105,NLIC,57,28,200.0,590.0,118000.0,2024-05-15
2024051503016104,NLIC,53,28,20.0,590.0,11800.0,2024-05-15
2024051503016103,NLIC,6,28,105.0,590.0,61950.0,2024-05-15
2024051503016102,NLIC,16,28,2000.0,590.0,1180000.0,2024-05-15
2024051503016101,NLIC,28,28,15.0,590.0,8850.0,2024-05-15
2024051503016100,NLIC,6,28,1000.0,590.0,590000.0,2024-05-15
2024051503016099,NLIC,7,28,20.0,590.0,11800.0,2024-05-15
2024051503016098,NLIC,48,28,250.0,590.0,147500.0,2024-05-15
2024051503016097,NLIC,33,28,1500.0,590.1,885150.0,2024-05-15
2024051503016096,NLIC,39,28,327.0,590.3,193028.1,2024-05-15
2024051503016095,NLIC,6,28,1900.0,590.4,1121760.0,2024-05-15
2024051501024392,SCB,77,56,10.0,544.9,5449.0,2024-05-15
2024051501024391,SCB,77,38,13.0,544.0,7072.0,2024-05-15
2024051501024390,VLUCL,34,59,210.0,465.0,97650.0,2024-05-15
2024051505003876,NIFRA,16,56,50.0,198.0,9900.0,2024-05-15
2024051504010693,API,74,56,100.0,172.5,17250.0,2024-05-15
2024051504010692,API,57,52,500.0,172.6,86300.0,2024-05-15
2024051504010691,AHPC,35,22,10.0,165.0,1650.0,2024-05-15
2024051504010690,HURJA,44,35,500.0,286.0,143000.0,2024-05-15
2024051504010689,NIL,41,47,90.0,795.2,71568.0,2024-05-15
2024051504010688,NIL,13,47,10.0,795.3,7953.0,2024-05-15
2024051503016094,SIFC,14,21,600.0,418.0,250800.0,2024-05-15
2024051503016093,SIFC,21,21,550.0,418.1,229955.0,2024-05-15
2024051505003875,HRL,58,32,20.0,563.5,11270.0,2024-05-15
2024051504010687,SHEL,62,58,10.0,155.0,1550.0,2024-05-15
2024051501024389,MKLB,32,62,20.0,1100.0,22000.0,2024-05-15
2024051501024388,MKLB,32,6,50.0,1098.0,54900.0,2024-05-15
2024051501024387,NWCL,17,32,10.0,721.0,7210.0,2024-05-15
2024051504010686,UPCL,57,53,85.0,194.5,16532.5,2024-05-15
2024051501024386,MKLB,45,38,18.0,1095.0,19710.0,2024-05-15
2024051503016092,RLFL,4,1,50.0,388.5,19425.0,2024-05-15
2024051504010685,HURJA,44,91,500.0,286.0,143000.0,2024-05-15
2024051503016091,MFIL,29,55,47.0,508.0,23876.0,2024-05-15
2024051503016090,MFIL,29,35,345.0,507.5,175087.5,2024-05-15
2024051503016089,MFIL,29,14,56.0,507.0,28392.0,2024-05-15
2024051503016088,MFIL,29,46,25.0,507.0,12675.0,2024-05-15
2024051503016087,MFIL,29,38,27.0,507.0,13689.0,2024-05-15
2024051504010684,NICL,4,6,50.0,840.9,42045.0,2024-05-15
2024051501024385,MANDU,65,60,10.0,1030.0,10300.0,2024-05-15
2024051501024384,MANDU,65,25,100.0,1025.1,102510.0,2024-05-15
2024051501024383,MANDU,65,58,300.0,1025.1,307530.0,2024-05-15
2024051501024382,MANDU,65,35,10.0,1025.1,10251.0,2024-05-15
2024051501024381,MANDU,65,6,10.0,1025.0,10250.0,2024-05-15
2024051501024380,MANDU,65,58,10.0,1025.0,10250.0,2024-05-15
2024051501024379,MANDU,65,36,10.0,1025.0,10250.0,2024-05-15
2024051501024378,MANDU,65,57,100.0,1025.0,102500.0,2024-05-15
2024051501024377,MANDU,65,57,50.0,1025.0,51250.0,2024-05-15
2024051501024376,MANDU,65,16,50.0,1025.0,51250.0,2024-05-15
2024051501024375,MANDU,65,32,190.0,1025.0,194750.0,2024-05-15
2024051501024374,MANDU,65,47,10.0,1025.0,10250.0,2024-05-15
2024051501024373,MANDU,65,10,100.0,1025.0,102500.0,2024-05-15
2024051501024372,MANDU,65,42,10.0,1025.0,10250.0,2024-05-15
2024051501024371,MANDU,65,45,240.0,1025.0,246000.0,2024-05-15
2024051501024370,MANDU,65,6,100.0,1025.0,102500.0,2024-05-15
2024051501024369,MANDU,65,22,190.0,1025.0,194750.0,2024-05-15
2024051501024368,MANDU,65,17,10.0,1025.0,10250.0,2024-05-15
2024051501024367,MANDU,65,44,10.0,1025.0,10250.0,2024-05-15
2024051501024366,MANDU,65,65,10.0,1025.0,10250.0,2024-05-15
2024051501024365,MANDU,65,10,200.0,1025.0,205000.0,2024-05-15
2024051501024364,MANDU,65,19,20.0,1025.0,20500.0,2024-05-15
2024051501024363,MANDU,65,21,10.0,1015.0,10150.0,2024-05-15
2024051501024362,MANDU,65,21,10.0,1010.0,10100.0,2024-05-15
2024051501024361,MANDU,65,56,232.0,1005.0,233160.0,2024-05-15
2024051503016086,MLBL,58,35,77.0,328.0,25256.0,2024-05-15
2024051503016085,MLBL,44,35,59.0,328.0,19352.0,2024-05-15
2024051503016084,MLBL,13,35,86.0,328.0,28208.0,2024-05-15
2024051503016083,MLBL,46,35,18.0,328.0,5904.0,2024-05-15
2024051503016082,MLBL,25,35,10.0,328.1,3281.0,2024-05-15
2024051503016081,MLBL,54,35,50.0,328.2,16410.0,2024-05-15
2024051501024360,IHL,58,5,40.0,388.0,15520.0,2024-05-15
2024051501024359,MHCL,36,35,470.0,389.5,183065.0,2024-05-15
2024051503016080,GMFIL,16,85,10.0,394.0,3940.0,2024-05-15
2024051501024358,MKCL,14,38,10.0,864.9,8649.0,2024-05-15
2024051501024357,MKCL,14,29,22.0,864.8,19025.6,2024-05-15
2024051501024356,SONA,16,78,234.0,447.9,104808.6,2024-05-15
2024051501024355,SONA,16,7,100.0,447.8,44780.0,2024-05-15
2024051503016079,NFS,61,63,86.0,534.0,45924.0,2024-05-15
2024051501024354,HBL,34,13,10.0,178.0,1780.0,2024-05-15
2024051503016078,MFIL,53,38,10.0,507.0,5070.0,2024-05-15
2024051501024353,MHCL,71,1,10.0,389.0,3890.0,2024-05-15
2024051501024352,MHCL,44,1,80.0,389.0,31120.0,2024-05-15
2024051501024351,BNHC,6,47,60.0,515.0,30900.0,2024-05-15
2024051503016077,SFCL,5,74,10.0,345.0,3450.0,2024-05-15
2024051501024350,EBL,44,49,20.0,509.0,10180.0,2024-05-15
2024051504010683,API,42,13,500.0,173.0,86500.0,2024-05-15
2024051504010682,API,42,28,500.0,172.9,86450.0,2024-05-15
2024051503016076,GBBL,34,58,41.0,366.9,15042.9,2024-05-15
2024051503016075,GBBL,44,58,80.0,366.9,29352.0,2024-05-15
2024051505003874,CIT,57,8,29.0,2110.1,61192.9,2024-05-15
2024051505003873,CIT,7,8,10.0,2111.0,21110.0,2024-05-15
2024051505003872,CIT,39,8,45.0,2111.0,94995.0,2024-05-15
2024051505003871,CIT,17,8,65.0,2111.0,137215.0,2024-05-15
2024051504010681,SICL,21,37,175.0,688.0,120400.0,2024-05-15
2024051504010680,SICL,67,37,20.0,688.0,13760.0,2024-05-15
2024051504010679,SICL,52,37,80.0,693.0,55440.0,2024-05-15
2024051503016074,EDBL,32,57,340.0,394.8,134232.0,2024-05-15
2024051503016073,EDBL,32,32,200.0,394.8,78960.0,2024-05-15
2024051501024349,RHGCL,74,35,50.0,375.0,18750.0,2024-05-15
2024051501024348,RHGCL,74,42,50.0,375.0,18750.0,2024-05-15
2024051504010678,UMRH,34,57,200.0,355.0,71000.0,2024-05-15
2024051504010677,UMRH,34,50,50.0,355.0,17750.0,2024-05-15
2024051501024347,TVCL,34,47,10.0,461.2,4612.0,2024-05-15
2024051503016072,SABSL,17,57,45.0,874.0,39330.0,2024-05-15
2024051503016071,SABSL,88,57,10.0,881.9,8819.0,2024-05-15
2024051504010676,UNHPL,21,88,25.0,220.1,5502.5,2024-05-15
2024051501024346,BHL,6,35,10.0,322.0,3220.0,2024-05-15
2024051504010675,RHPL,63,11,10.0,267.0,2670.0,2024-05-15
2024051501024345,MKCL,42,57,10.0,864.8,8648.0,2024-05-15
2024051501024344,MKLB,45,41,10.0,1095.0,10950.0,2024-05-15
2024051504010674,UPCL,45,21,100.0,195.0,19500.0,2024-05-15
2024051503016070,SIFC,21,32,150.0,418.1,62715.0,2024-05-15
2024051501024343,SANIMA,77,34,10.0,241.0,2410.0,2024-05-15
2024051503016069,PFL,52,66,10.0,665.0,6650.0,2024-05-15
2024051504010673,NLG,58,39,31.0,760.0,23560.0,2024-05-15
2024051501024342,CYCL,48,18,16.0,1519.0,24304.0,2024-05-15
2024051501024341,CYCL,56,18,20.0,1520.0,30400.0,2024-05-15
2024051501024340,CYCL,21,18,50.0,1521.0,76050.0,2024-05-15
2024051501024339,CYCL,28,18,10.0,1522.0,15220.0,2024-05-15
2024051501024338,CYCL,29,18,50.0,1522.1,76105.0,2024-05-15
2024051501024337,CYCL,77,18,21.0,1524.9,32022.9,2024-05-15
2024051501024336,CYCL,35,18,10.0,1525.0,15250.0,2024-05-15
2024051501024335,CYCL,77,18,21.0,1529.9,32127.9,2024-05-15
2024051501024334,CYCL,33,18,50.0,1530.0,76500.0,2024-05-15
2024051501024333,CYCL,77,18,32.0,1534.9,49116.8,2024-05-15
2024051504010672,NICL,91,34,50.0,840.0,42000.0,2024-05-15
2024051504010671,SHEL,62,45,1000.0,155.0,155000.0,2024-05-15
2024051504010670,SHEL,62,6,250.0,154.9,38725.0,2024-05-15
2024051503016068,SLBBL,33,47,70.0,770.0,53900.0,2024-05-15
2024051503016067,SLBBL,25,47,10.0,770.0,7700.0,2024-05-15
2024051503016066,NFS,54,63,200.0,534.0,106800.0,2024-05-15
2024051503016065,MFIL,94,38,30.0,507.0,15210.0,2024-05-15
2024051501024332,NICA,13,17,45.0,358.1,16114.5,2024-05-15
2024051501024331,CYCL,77,59,11.0,1539.9,16938.9,2024-05-15
2024051501024330,SHLB,77,77,10.0,1586.9,15869.0,2024-05-15
2024051501024329,SHLB,77,25,10.0,1586.0,15860.0,2024-05-15
2024051501024328,SHLB,77,49,10.0,1585.0,15850.0,2024-05-15
2024051504010669,RADHI,48,53,120.0,235.1,28212.0,2024-05-15
2024051501024327,LSL,43,22,10.0,154.4,1544.0,2024-05-15
2024051501024326,GCIL,25,57,23.0,484.6,11145.8,2024-05-15
2024051501024325,CKHL,22,34,500.0,527.9,263950.0,2024-05-15
2024051501024324,TPC,7,32,10.0,480.0,4800.0,2024-05-15
2024051503016064,JSLBB,57,7,10.0,1355.2,13552.0,2024-05-15
2024051501024323,NABIL,62,49,100.0,434.5,43450.0,2024-05-15
2024051501024322,MKHC,49,53,95.0,309.0,29355.0,2024-05-15
2024051503016063,ICFC,41,58,80.0,513.2,41056.0,2024-05-15
2024051504010668,NICL,91,45,145.0,840.0,121800.0,2024-05-15
2024051504010667,NICL,58,45,10.0,840.0,8400.0,2024-05-15
2024051504010666,NICL,45,45,185.0,840.0,155400.0,2024-05-15
2024051504010665,NICL,57,45,50.0,840.0,42000.0,2024-05-15
2024051504010664,NICL,4,45,310.0,840.0,260400.0,2024-05-15
2024051505003870,CHDC,32,8,118.0,735.0,86730.0,2024-05-15
2024051505003869,CHDC,83,8,200.0,735.0,147000.0,2024-05-15
2024051505003868,CHDC,53,8,200.0,735.0,147000.0,2024-05-15
2024051505003867,CHDC,65,8,50.0,735.0,36750.0,2024-05-15
2024051505003866,CHDC,41,8,200.0,735.0,147000.0,2024-05-15
2024051505003865,CHDC,22,8,75.0,735.0,55125.0,2024-05-15
2024051505003864,CHDC,43,8,40.0,735.0,29400.0,2024-05-15
2024051505003863,CHDC,59,8,50.0,735.0,36750.0,2024-05-15
2024051505003862,CHDC,34,8,286.0,735.0,210210.0,2024-05-15
2024051501024321,MEHL,14,6,10.0,307.0,3070.0,2024-05-15
2024051505003861,CHDC,32,8,50.0,738.9,36945.0,2024-05-15
2024051505003860,HRL,59,13,24.0,563.1,13514.4,2024-05-15
2024051505003859,HRL,56,13,246.0,563.1,138522.6,2024-05-15
2024051505003858,HRL,45,13,10.0,563.2,5632.0,2024-05-15
2024051504010663,SHEL,38,6,150.0,154.9,23235.0,2024-05-15
2024051504010662,OHL,1,8,54.0,755.0,40770.0,2024-05-15
2024051503016062,NADEP,26,50,10.0,784.0,7840.0,2024-05-15
2024051503016061,GUFL,14,48,295.0,702.0,207090.0,2024-05-15
2024051503016060,BFC,16,7,185.0,386.4,71484.0,2024-05-15
2024051501024320,BHPL,52,35,20.0,547.0,10940.0,2024-05-15
2024051503016059,GUFL,14,42,10.0,702.0,7020.0,2024-05-15
2024051504010661,RIDI,45,32,74.0,162.7,12039.8,2024-05-15
2024051504010660,RIDI,45,34,86.0,162.7,13992.2,2024-05-15
2024051504010659,PMHPL,88,38,10.0,228.0,2280.0,2024-05-15
2024051504010658,JOSHI,6,6,118.0,310.6,36650.8,2024-05-15
2024051504010657,HDHPC,46,52,450.0,133.1,59895.0,2024-05-15
2024051504010656,HDHPC,34,52,50.0,133.1,6655.0,2024-05-15
2024051501024319,SARBTM,38,49,57.0,791.0,45087.0,2024-05-15
2024051503016058,CORBL,13,44,18.0,466.1,8389.8,2024-05-15
2024051501024318,NESDO,49,21,10.0,1927.0,19270.0,2024-05-15
2024051501024317,MCHL,49,42,20.0,373.0,7460.0,2024-05-15
2024051501024316,MHCL,14,35,30.0,389.5,11685.0,2024-05-15
2024051504010655,IGI,35,16,100.0,535.3,53530.0,2024-05-15
2024051504010654,PPCL,14,26,10.0,235.0,2350.0,2024-05-15
2024051504010653,PPCL,14,85,30.0,234.0,7020.0,2024-05-15
2024051503016057,MLBL,25,25,10.0,328.1,3281.0,2024-05-15
2024051504010652,UNHPL,59,88,500.0,220.1,110050.0,2024-05-15
2024051505003857,HRL,56,1,10.0,563.1,5631.0,2024-05-15
2024051501024315,SARBTM,56,49,10.0,791.0,7910.0,2024-05-15
2024051503016056,SADBL,65,45,477.0,326.0,155502.0,2024-05-15
2024051503016055,SADBL,65,57,23.0,326.0,7498.0,2024-05-15
2024051501024314,SONA,64,57,780.0,447.1,348738.0,2024-05-15
2024051501024313,SONA,25,57,20.0,447.1,8942.0,2024-05-15
2024051501024312,SONA,38,57,200.0,447.2,89440.0,2024-05-15
2024051504010651,BARUN,57,70,10.0,231.9,2319.0,2024-05-15
2024051501024311,MMKJL,82,56,10.0,440.0,4400.0,2024-05-15
2024051501024310,MMKJL,82,57,400.0,440.0,176000.0,2024-05-15
2024051501024309,MMKJL,82,56,151.0,440.0,66440.0,2024-05-15
2024051503016054,SADBL,56,19,50.0,325.0,16250.0,2024-05-15
2024051503016053,KRBL,19,42,50.0,438.0,21900.0,2024-05-15
2024051503016052,VLBS,37,55,184.0,855.0,157320.0,2024-05-15
2024051503016051,VLBS,42,55,10.0,856.0,8560.0,2024-05-15
2024051503016050,VLBS,48,55,66.0,856.0,56496.0,2024-05-15
2024051503016049,VLBS,51,55,10.0,860.0,8600.0,2024-05-15
2024051503016048,VLBS,42,55,100.0,860.0,86000.0,2024-05-15
2024051503016047,VLBS,11,55,20.0,864.0,17280.0,2024-05-15
2024051504010650,BARUN,17,70,11.0,231.9,2550.9,2024-05-15
2024051501024308,RHGCL,74,42,400.0,375.0,150000.0,2024-05-15
2024051501024307,RHGCL,74,50,300.0,374.9,112470.0,2024-05-15
2024051505003856,NTC,1,62,203.0,820.0,166460.0,2024-05-15
2024051505003855,NTC,38,62,50.0,820.0,41000.0,2024-05-15
2024051505003854,NTC,19,62,180.0,820.0,147600.0,2024-05-15
2024051505003853,NTC,14,62,50.0,820.0,41000.0,2024-05-15
2024051505003852,NTC,25,62,100.0,820.0,82000.0,2024-05-15
2024051505003851,NTC,57,62,20.0,820.0,16400.0,2024-05-15
2024051505003850,NTC,56,62,50.0,820.1,41005.0,2024-05-15
2024051505003849,NTC,14,62,65.0,820.2,53313.0,2024-05-15
2024051505003848,NTC,45,62,30.0,820.3,24609.0,2024-05-15
2024051505003847,NTC,36,62,10.0,820.3,8203.0,2024-05-15
2024051505003846,NTC,36,62,10.0,820.3,8203.0,2024-05-15
2024051505003845,NTC,36,62,50.0,820.3,41015.0,2024-05-15
2024051505003844,NTC,44,62,57.0,820.3,46757.1,2024-05-15
2024051505003843,NTC,42,62,100.0,820.4,82040.0,2024-05-15
2024051505003842,NTC,42,62,35.0,820.5,28717.5,2024-05-15
2024051505003841,NTC,45,62,30.0,820.6,24618.0,2024-05-15
2024051505003840,NTC,57,62,30.0,829.0,24870.0,2024-05-15
2024051504010649,CGH,47,57,57.0,787.0,44859.0,2024-05-15
2024051504010648,CGH,29,57,20.0,787.0,15740.0,2024-05-15
2024051504010647,CGH,45,57,50.0,787.0,39350.0,2024-05-15
2024051504010646,CGH,47,57,10.0,787.0,7870.0,2024-05-15
2024051501024306,BHDC,77,47,10.0,473.1,4731.0,2024-05-15
2024051504010645,RURU,35,44,60.0,556.1,33366.0,2024-05-15
2024051501024305,CYCL,66,57,10.0,1540.0,15400.0,2024-05-15
2024051505003839,NRN,35,58,60.0,500.1,30006.0,2024-05-15
2024051503016046,FMDBL,45,57,20.0,656.0,13120.0,2024-05-15
2024051501024304,NRM,64,3,11.0,359.5,3954.5,2024-05-15
2024051503016045,GFCL,38,86,10.0,457.0,4570.0,2024-05-15
2024051504010644,UPCL,16,21,329.0,195.0,64155.0,2024-05-15
2024051504010643,UPCL,16,42,171.0,195.0,33345.0,2024-05-15
2024051504010642,CGH,47,59,490.0,787.0,385630.0,2024-05-15
2024051504010641,CGH,26,59,110.0,787.0,86570.0,2024-05-15
2024051503016044,NMFBS,26,81,70.0,1296.0,90720.0,2024-05-15
2024051503016043,NMFBS,26,81,30.0,1296.0,38880.0,2024-05-15
2024051503016042,NLIC,49,56,110.0,590.4,64944.0,2024-05-15
2024051503016041,SADBL,4,57,100.0,325.9,32590.0,2024-05-15
2024051503016040,NFS,56,34,500.0,533.1,266550.0,2024-05-15
2024051503016039,SADBL,56,57,100.0,325.0,32500.0,2024-05-15
2024051501024303,CZBIL,22,57,10.0,161.9,1619.0,2024-05-15
2024051501024302,MKJC,58,43,10.0,445.0,4450.0,2024-05-15
2024051503016038,JFL,19,34,50.0,510.0,25500.0,2024-05-15
2024051501024301,SHIVM,6,88,380.0,503.0,191140.0,2024-05-15
2024051501024300,SHIVM,6,81,120.0,503.0,60360.0,2024-05-15
2024051503016037,NICLBSL,32,57,10.0,649.7,6497.0,2024-05-15
2024051503016036,SADBL,32,57,27.0,326.0,8802.0,2024-05-15
2024051503016035,SADBL,32,42,73.0,326.0,23798.0,2024-05-15
2024051503016034,SIFC,14,32,100.0,418.2,41820.0,2024-05-15
2024051504010640,JOSHI,56,26,300.0,311.0,93300.0,2024-05-15
2024051504010639,JOSHI,45,26,100.0,311.0,31100.0,2024-05-15
2024051501024299,PHCL,71,50,1111.0,292.5,324967.5,2024-05-15
2024051501024298,PHCL,53,50,50.0,292.6,14630.0,2024-05-15
2024051501024297,PHCL,32,50,39.0,293.0,11427.0,2024-05-15
2024051503016033,CFCL,34,34,276.0,390.0,107640.0,2024-05-15
2024051503016032,CFCL,34,36,200.0,390.0,78000.0,2024-05-15
2024051501024296,UHEWA,33,4,15.0,397.6,5964.0,2024-05-15
2024051504010638,SPIL,34,21,11.0,790.0,8690.0,2024-05-15
2024051501024295,SPHL,21,38,10.0,467.0,4670.0,2024-05-15
2024051501024294,SONA,25,35,370.0,447.1,165427.0,2024-05-15
2024051501024293,SONA,6,35,40.0,447.2,17888.0,2024-05-15
2024051501024292,SONA,48,35,190.0,447.3,84987.0,2024-05-15
2024051503016031,RLFL,49,8,500.0,388.6,194300.0,2024-05-15
2024051503016030,SINDU,32,7,50.0,389.9,19495.0,2024-05-15
2024051504010637,SSHL,17,21,10.0,162.0,1620.0,2024-05-15
2024051501024291,JALPA,21,28,10.0,1443.0,14430.0,2024-05-15
2024051503016029,NMBMF,25,32,32.0,645.3,20649.6,2024-05-15
2024051501024290,SCB,77,38,10.0,544.0,5440.0,2024-05-15
2024051501024289,SARBTM,5,42,49.0,790.0,38710.0,2024-05-15
2024051501024288,SRLI,42,38,10.0,440.0,4400.0,2024-05-15
2024051501024287,SRLI,42,57,10.0,440.0,4400.0,2024-05-15
2024051501024286,SRLI,42,38,10.0,440.0,4400.0,2024-05-15
2024051501024285,SRLI,42,58,10.0,440.0,4400.0,2024-05-15
2024051501024284,SRLI,42,1,10.0,440.0,4400.0,2024-05-15
2024051501024283,SRLI,42,22,10.0,440.0,4400.0,2024-05-15
2024051501024282,SRLI,42,94,10.0,440.0,4400.0,2024-05-15
2024051501024281,SRLI,42,17,10.0,440.0,4400.0,2024-05-15
2024051501024280,SONA,59,78,152.0,447.9,68080.8,2024-05-15
2024051501024279,SONA,59,57,100.0,447.8,44780.0,2024-05-15
2024051501024278,SONA,59,58,10.0,447.7,4477.0,2024-05-15
2024051501024277,MEL,38,38,448.0,229.0,102592.0,2024-05-15
2024051501024276,MEL,45,38,10.0,229.2,2292.0,2024-05-15
2024051501024275,PPL,58,56,20.0,541.0,10820.0,2024-05-15
2024051501024274,PPL,58,56,40.0,541.0,21640.0,2024-05-15
2024051501024273,MANDU,65,19,80.0,1025.0,82000.0,2024-05-15
2024051501024272,MANDU,65,35,20.0,1010.0,20200.0,2024-05-15
2024051501024271,MANDU,65,57,10.0,1005.0,10050.0,2024-05-15
2024051501024270,MANDU,65,36,310.0,1000.0,310000.0,2024-05-15
2024051501024269,MANDU,65,42,10.0,1000.0,10000.0,2024-05-15
2024051501024268,MANDU,65,42,10.0,1000.0,10000.0,2024-05-15
2024051501024267,MANDU,65,58,500.0,1000.0,500000.0,2024-05-15
2024051501024266,MANDU,65,65,10.0,989.0,9890.0,2024-05-15
2024051501024265,MANDU,65,43,50.0,985.0,49250.0,2024-05-15
2024051501024264,SNLI,41,34,10.0,464.0,4640.0,2024-05-15
2024051501024263,SNLI,35,34,12.0,464.0,5568.0,2024-05-15
2024051501024262,MKLB,42,22,11.0,1080.0,11880.0,2024-05-15
2024051503016028,RLFL,4,57,450.0,388.5,174825.0,2024-05-15
2024051503016027,RLFL,16,57,50.0,388.6,19430.0,2024-05-15
2024051504010636,HDHPC,34,54,50.0,133.1,6655.0,2024-05-15
2024051504010635,HDHPC,54,54,150.0,133.3,19995.0,2024-05-15
2024051503016026,HLI,45,49,466.0,395.2,184163.2,2024-05-15
2024051503016025,HLI,3,49,10.0,395.5,3955.0,2024-05-15
2024051503016024,HLI,52,49,24.0,395.5,9492.0,2024-05-15
2024051501024261,TAMOR,16,49,10.0,368.2,3682.0,2024-05-15
2024051503016023,SADBL,56,49,380.0,325.0,123500.0,2024-05-15
2024051501024260,ILI,35,58,20.0,541.0,10820.0,2024-05-15
2024051501024259,ILI,34,58,173.0,541.9,93748.7,2024-05-15
2024051501024258,ILI,25,58,22.0,542.0,11924.0,2024-05-15
2024051501024257,DOLTI,58,45,120.0,413.0,49560.0,2024-05-15
2024051503016022,LBBL,41,28,10.0,376.4,3764.0,2024-05-15
2024051503016021,SWBBL,41,38,14.0,810.0,11340.0,2024-05-15
2024051503016020,MLBSL,52,26,100.0,1838.0,183800.0,2024-05-15
2024051501024256,RBCLPO,84,32,10.0,10750.0,107500.0,2024-05-15
2024051501024255,RBCLPO,84,34,15.0,10700.0,160500.0,2024-05-15
2024051501024254,HATHY,60,34,200.0,834.0,166800.0,2024-05-15
2024051503016019,GBLBS,42,50,20.0,778.0,15560.0,2024-05-15
2024051501024253,SARBTM,54,37,50.0,791.0,39550.0,2024-05-15
2024051501024252,SHIVM,54,81,50.0,503.0,25150.0,2024-05-15
2024051504010634,GHL,25,44,100.0,149.6,14960.0,2024-05-15
2024051504010633,PRIN,13,7,25.0,778.1,19452.5,2024-05-15
2024051501024251,CLI,58,34,11.0,460.0,5060.0,2024-05-15
2024051501024250,CLI,17,34,50.0,460.0,23000.0,2024-05-15
2024051501024249,CLI,16,34,697.0,460.0,320620.0,2024-05-15
2024051503016018,RSDC,88,54,23.0,703.0,16169.0,2024-05-15
2024051503016017,RSDC,88,41,200.0,700.9,140180.0,2024-05-15
2024051503016016,RSDC,88,48,112.0,700.0,78400.0,2024-05-15
2024051503016015,RSDC,88,14,100.0,698.0,69800.0,2024-05-15
2024051503016014,RSDC,88,21,265.0,698.0,184970.0,2024-05-15
2024051503016013,SABSL,88,57,10.0,884.5,8845.0,2024-05-15
2024051503016012,NABBC,72,13,100.0,516.0,51600.0,2024-05-15
2024051503016011,NABBC,34,13,100.0,516.1,51610.0,2024-05-15
2024051504010632,IGI,35,28,259.0,535.3,138642.7,2024-05-15
2024051501024248,KBL,58,32,420.0,138.0,57960.0,2024-05-15
2024051501024247,KBL,32,32,10.0,138.0,1380.0,2024-05-15
2024051501024246,KBL,49,32,10.0,138.0,1380.0,2024-05-15
2024051501024245,SHIVM,42,81,200.0,503.0,100600.0,2024-05-15
2024051505003838,SLCF,4,52,3500.0,7.97,27895.0,2024-05-15
2024051503016010,NUBL,38,19,10.0,666.0,6660.0,2024-05-15
2024051504010631,SHPC,26,45,100.0,327.9,32790.0,2024-05-15
2024051503016009,GUFL,22,45,100.0,702.9,70290.0,2024-05-15
2024051501024244,SCB,57,39,4.0,535.1,2140.4,2024-05-15
2024051503016008,NMBMF,25,66,13.0,645.3,8388.9,2024-05-15
2024051503016007,NMBMF,22,66,100.0,645.4,64540.0,2024-05-15
2024051503016006,NMBMF,43,66,200.0,646.0,129200.0,2024-05-15
2024051503016005,NMBMF,48,66,190.0,646.0,122740.0,2024-05-15
2024051501024243,HDL,34,57,10.0,1313.0,13130.0,2024-05-15
2024051501024242,GVL,58,49,90.0,445.0,40050.0,2024-05-15
2024051501024241,GVL,58,58,10.0,445.0,4450.0,2024-05-15
2024051503016004,PFL,65,17,20.0,660.0,13200.0,2024-05-15
2024051501024240,MLBS,25,49,50.0,1329.0,66450.0,2024-05-15
2024051505003837,CHDC,34,69,1714.0,735.0,1259790.0,2024-05-15
2024051505003836,CHDC,42,69,121.0,735.0,88935.0,2024-05-15
2024051505003835,CHDC,16,69,200.0,735.1,147020.0,2024-05-15
2024051505003834,CHDC,44,69,500.0,735.1,367550.0,2024-05-15
2024051505003833,CHDC,39,69,100.0,735.1,73510.0,2024-05-15
2024051505003832,CHDC,39,69,100.0,735.3,73530.0,2024-05-15
2024051505003831,CHDC,17,69,100.0,735.4,73540.0,2024-05-15
2024051505003830,CHDC,1,69,100.0,736.0,73600.0,2024-05-15
2024051505003829,CHDC,44,69,35.0,736.0,25760.0,2024-05-15
2024051505003828,CHDC,64,69,40.0,736.0,29440.0,2024-05-15
2024051505003827,CHDC,39,69,100.0,736.1,73610.0,2024-05-15
2024051505003826,CHDC,58,69,90.0,736.2,66258.0,2024-05-15
2024051505003825,CHDC,5,69,100.0,736.3,73630.0,2024-05-15
2024051505003824,CHDC,71,69,700.0,736.3,515410.0,2024-05-15
2024051501024239,MAKAR,38,34,10.0,372.0,3720.0,2024-05-15
2024051501024238,MAKAR,38,33,20.0,371.0,7420.0,2024-05-15
2024051501024237,NBL,32,43,308.0,203.5,62678.0,2024-05-15
2024051501024236,NBL,17,43,200.0,203.6,40720.0,2024-05-15
2024051501024235,NBL,47,43,30.0,203.6,6108.0,2024-05-15
2024051501024234,NBL,58,43,50.0,204.0,10200.0,2024-05-15
2024051501024233,NBL,57,43,100.0,204.0,20400.0,2024-05-15
2024051503016003,PFL,65,33,177.0,660.0,116820.0,2024-05-15
2024051501024232,NESDO,28,33,10.0,1920.0,19200.0,2024-05-15
2024051501024231,SPL,57,58,10.0,668.0,6680.0,2024-05-15
2024051501024230,HATHY,35,63,10.0,833.0,8330.0,2024-05-15
2024051504010630,IGI,35,7,50.0,535.3,26765.0,2024-05-15
2024051504010629,IGI,81,7,50.0,535.5,26775.0,2024-05-15
2024051503016002,RLFL,16,7,950.0,388.6,369170.0,2024-05-15
2024051503016001,RLFL,44,7,50.0,388.7,19435.0,2024-05-15
2024051501024229,BNHC,6,49,65.0,515.0,33475.0,2024-05-15
2024051501024228,SIKLES,62,45,130.0,503.0,65390.0,2024-05-15
2024051501024227,SIKLES,56,45,20.0,504.0,10080.0,2024-05-15
2024051501024226,SANIMA,40,45,100.0,240.9,24090.0,2024-05-15
2024051503016000,RSDC,77,45,15.0,696.0,10440.0,2024-05-15
2024051503015999,RSDC,54,45,50.0,696.1,34805.0,2024-05-15
2024051503015998,RSDC,74,45,175.0,696.1,121817.5,2024-05-15
2024051503015997,RSDC,57,45,15.0,696.1,10441.5,2024-05-15
2024051503015996,RSDC,57,45,20.0,696.2,13924.0,2024-05-15
2024051503015995,RSDC,10,45,20.0,696.3,13926.0,2024-05-15
2024051503015994,RSDC,64,45,30.0,696.3,20889.0,2024-05-15
2024051503015993,RSDC,81,45,50.0,696.6,34830.0,2024-05-15
2024051503015992,RSDC,60,45,25.0,697.0,17425.0,2024-05-15
2024051503015991,SHINE,19,42,1000.0,397.0,397000.0,2024-05-15
2024051504010628,HURJA,53,6,95.0,286.1,27179.5,2024-05-15
2024051501024225,GVL,73,36,10.0,444.0,4440.0,2024-05-15
2024051501024224,ILI,25,49,10.0,542.0,5420.0,2024-05-15
2024051501024223,ILI,25,11,30.0,542.0,16260.0,2024-05-15
2024051501024222,ILI,25,85,18.0,542.0,9756.0,2024-05-15
2024051504010627,UAIL,85,57,52.0,580.0,30160.0,2024-05-15
2024051504010626,UAIL,85,34,10.0,579.0,5790.0,2024-05-15
2024051504010625,UAIL,85,36,200.0,578.0,115600.0,2024-05-15
2024051504010624,UAIL,85,39,100.0,578.0,57800.0,2024-05-15
2024051504010623,UAIL,85,44,500.0,578.0,289000.0,2024-05-15
2024051504010622,UAIL,85,41,30.0,578.0,17340.0,2024-05-15
2024051504010621,UAIL,85,5,203.0,577.0,117131.0,2024-05-15
2024051504010620,UAIL,85,55,105.0,576.0,60480.0,2024-05-15
2024051504010619,UPPER,51,48,340.0,166.1,56474.0,2024-05-15
2024051504010618,UPPER,67,48,10.0,166.1,1661.0,2024-05-15
2024051504010617,UPPER,49,48,150.0,166.1,24915.0,2024-05-15
2024051503015990,FMDBL,47,6,87.0,655.0,56985.0,2024-05-15
2024051503015989,FMDBL,47,1,200.0,655.0,131000.0,2024-05-15
2024051505003823,CHDC,35,8,67.0,739.0,49513.0,2024-05-15
2024051503015988,ILBS,45,28,15.0,1345.0,20175.0,2024-05-15
2024051503015987,RSDC,60,94,75.0,697.0,52275.0,2024-05-15
2024051504010616,NHPC,58,84,10.0,147.9,1479.0,2024-05-15
2024051501024221,NIMB,69,16,61.0,155.0,9455.0,2024-05-15
2024051501024220,NIMB,58,16,10.0,155.0,1550.0,2024-05-15
2024051501024219,NIMB,5,16,30.0,155.0,4650.0,2024-05-15
2024051501024218,NIMB,16,16,100.0,155.0,15500.0,2024-05-15
2024051501024217,NIMB,81,16,70.0,155.0,10850.0,2024-05-15
2024051501024216,NIMB,16,16,185.0,155.0,28675.0,2024-05-15
2024051501024215,NIMB,42,16,190.0,155.0,29450.0,2024-05-15
2024051501024214,NIMB,49,16,300.0,155.0,46500.0,2024-05-15
2024051501024213,NIMB,47,16,250.0,155.0,38750.0,2024-05-15
2024051501024212,NIMB,19,16,81.0,155.0,12555.0,2024-05-15
2024051501024211,NIMB,35,16,500.0,155.0,77500.0,2024-05-15
2024051501024210,NIMB,49,16,40.0,155.0,6200.0,2024-05-15
2024051501024209,NIMB,19,16,100.0,155.0,15500.0,2024-05-15
2024051501024208,NIMB,16,16,30.0,155.0,4650.0,2024-05-15
2024051501024207,NIMB,57,16,500.0,155.0,77500.0,2024-05-15
2024051501024206,NIMB,58,16,40.0,155.0,6200.0,2024-05-15
2024051501024205,NIMB,57,16,100.0,155.1,15510.0,2024-05-15
2024051501024204,NIMB,58,16,12.0,155.1,1861.2,2024-05-15
2024051501024203,NIMB,57,16,200.0,155.3,31060.0,2024-05-15
2024051501024202,NIMB,35,16,150.0,155.3,23295.0,2024-05-15
2024051501024201,NIMB,18,16,51.0,155.5,7930.5,2024-05-15
2024051501024200,SHIVM,10,81,100.0,503.0,50300.0,2024-05-15
2024051503015986,GMFIL,77,59,200.0,393.1,78620.0,2024-05-15
2024051503015985,ALBSL,57,42,100.0,873.1,87310.0,2024-05-15
2024051503015984,ALBSL,28,42,90.0,873.1,78579.0,2024-05-15
2024051503015983,ALBSL,33,42,10.0,878.0,8780.0,2024-05-15
2024051503015982,ALICL,60,29,335.0,575.5,192792.5,2024-05-15
2024051503015981,ALICL,60,42,50.0,575.5,28775.0,2024-05-15
2024051503015980,ALICL,60,54,200.0,575.0,115000.0,2024-05-15
2024051503015979,ALICL,60,26,100.0,573.9,57390.0,2024-05-15
2024051503015978,ALICL,60,26,15.0,573.0,8595.0,2024-05-15
2024051503015977,ALICL,60,7,250.0,572.4,143100.0,2024-05-15
2024051503015976,ALICL,60,51,100.0,572.3,57230.0,2024-05-15
2024051501024199,CLI,16,22,293.0,460.0,134780.0,2024-05-15
2024051501024198,CLI,62,22,90.0,460.1,41409.0,2024-05-15
2024051501024197,SARBTM,5,35,25.0,790.0,19750.0,2024-05-15
2024051501024196,PRVU,38,36,100.0,140.0,14000.0,2024-05-15
2024051503015975,SHINE,34,42,250.0,397.0,99250.0,2024-05-15
2024051505003822,CIT,17,34,29.0,2111.0,61219.0,2024-05-15
2024051504010615,SHL,46,34,100.0,445.1,44510.0,2024-05-15
2024051501024195,MCHL,45,42,50.0,373.0,18650.0,2024-05-15
2024051503015974,JFL,19,34,50.0,510.0,25500.0,2024-05-15
2024051503015973,JFL,19,34,50.0,509.0,25450.0,2024-05-15
2024051504010614,UPPER,6,45,50.0,166.2,8310.0,2024-05-15
2024051504010613,CGH,26,13,50.0,787.0,39350.0,2024-05-15
2024051503015972,JFL,82,14,350.0,507.7,177695.0,2024-05-15
2024051503015971,JFL,21,14,150.0,507.9,76185.0,2024-05-15
2024051503015970,SWMF,59,4,107.0,808.0,86456.0,2024-05-15
2024051503015969,SWMF,59,6,13.0,807.0,10491.0,2024-05-15
2024051503015968,ALICL,49,42,10.0,571.0,5710.0,2024-05-15
2024051504010612,CHL,56,52,10.0,314.9,3149.0,2024-05-15
2024051505003821,NRN,35,48,136.0,500.1,68013.6,2024-05-15
2024051501024194,MHCL,21,13,10.0,390.0,3900.0,2024-05-15
2024051505003820,CIT,17,57,100.0,2111.0,211100.0,2024-05-15
2024051501024193,BNHC,49,32,10.0,517.2,5172.0,2024-05-15
2024051503015967,NLIC,17,28,10.0,591.0,5910.0,2024-05-15
2024051503015966,SDLBSL,42,38,30.0,940.0,28200.0,2024-05-15
2024051501024192,SMJC,1,58,30.0,361.0,10830.0,2024-05-15
2024051501024191,NABIL,43,7,68.0,435.0,29580.0,2024-05-15
2024051501024190,MKCL,42,7,260.0,856.6,222716.0,2024-05-15
2024051501024189,MKCL,38,7,100.0,857.0,85700.0,2024-05-15
2024051501024188,MKCL,47,7,10.0,857.1,8571.0,2024-05-15
2024051501024187,MKCL,57,7,20.0,857.1,17142.0,2024-05-15
2024051501024186,MKCL,87,7,10.0,861.0,8610.0,2024-05-15
2024051501024185,MKCL,34,7,10.0,861.0,8610.0,2024-05-15
2024051503015965,NMBMF,48,45,10.0,646.0,6460.0,2024-05-15
2024051503015964,SWBBL,46,6,793.0,806.1,639237.3,2024-05-15
2024051503015963,SWBBL,22,6,50.0,807.0,40350.0,2024-05-15
2024051503015962,SWBBL,18,6,100.0,807.0,80700.0,2024-05-15
2024051503015961,SWBBL,33,6,167.0,807.0,134769.0,2024-05-15
2024051503015960,SWBBL,18,6,500.0,808.0,404000.0,2024-05-15
2024051503015959,SWBBL,57,6,100.0,808.0,80800.0,2024-05-15
2024051503015958,SWBBL,33,6,290.0,809.4,234726.0,2024-05-15
2024051503015957,HLI,52,6,16.0,395.5,6328.0,2024-05-15
2024051503015956,GUFL,10,45,50.0,702.9,35145.0,2024-05-15
2024051501024184,TVCL,20,32,90.0,460.0,41400.0,2024-05-15
2024051501024183,TVCL,41,32,100.0,460.1,46010.0,2024-05-15
2024051501024182,TVCL,58,32,10.0,461.0,4610.0,2024-05-15
2024051504010611,UNHPL,58,88,10.0,220.1,2201.0,2024-05-15
2024051501024181,JBLB,7,58,74.0,1388.0,102712.0,2024-05-15
2024051501024180,SHIVM,8,81,500.0,503.0,251500.0,2024-05-15
2024051503015955,HLI,52,58,50.0,395.5,19775.0,2024-05-15
2024051504010610,NLG,92,39,50.0,760.1,38005.0,2024-05-15
2024051501024179,PPL,4,56,100.0,541.0,54100.0,2024-05-15
2024051501024178,PPL,4,56,90.0,541.0,48690.0,2024-05-15
2024051503015954,JFL,49,34,50.0,509.0,25450.0,2024-05-15
2024051504010609,SPIL,34,6,31.0,790.0,24490.0,2024-05-15
2024051504010608,MEN,16,45,10.0,544.8,5448.0,2024-05-15
2024051501024177,PRVU,38,28,403.0,140.0,56420.0,2024-05-15
2024051503015953,NMBMF,57,58,10.0,647.0,6470.0,2024-05-15
2024051501024176,RNLI,38,42,99.0,427.0,42273.0,2024-05-15
2024051501024175,RNLI,17,42,20.0,427.0,8540.0,2024-05-15
2024051501024174,RNLI,16,42,100.0,427.0,42700.0,2024-05-15
2024051501024173,RNLI,55,42,100.0,427.0,42700.0,2024-05-15
2024051501024172,RNLI,58,42,100.0,427.0,42700.0,2024-05-15
2024051501024171,RNLI,42,42,400.0,427.1,170840.0,2024-05-15
2024051501024170,RNLI,14,42,50.0,427.1,21355.0,2024-05-15
2024051501024169,RNLI,49,42,100.0,427.2,42720.0,2024-05-15
2024051501024168,RNLI,25,42,11.0,427.2,4699.2,2024-05-15
2024051501024167,RNLI,49,42,20.0,428.0,8560.0,2024-05-15
2024051503015952,MERO,38,58,140.0,690.0,96600.0,2024-05-15
2024051503015951,MERO,38,49,20.0,690.0,13800.0,2024-05-15
2024051504010607,HDHPC,54,84,50.0,133.3,6665.0,2024-05-15
2024051503015950,SADBL,56,42,10.0,326.0,3260.0,2024-05-15
2024051505003819,HRL,56,48,1000.0,563.1,563100.0,2024-05-15
2024051504010606,NHDL,14,22,90.0,452.2,40698.0,2024-05-15
2024051504010605,NHDL,38,22,100.0,454.0,45400.0,2024-05-15
2024051501024166,ILI,54,85,22.0,542.0,11924.0,2024-05-15
2024051501024165,BGWT,45,34,10.0,625.0,6250.0,2024-05-15
2024051501024164,USHL,37,42,330.0,469.0,154770.0,2024-05-15
2024051503015949,SDLBSL,16,38,16.0,940.0,15040.0,2024-05-15
2024051501024163,CZBIL,49,55,439.0,160.6,70503.4,2024-05-15
2024051501024162,CZBIL,7,55,561.0,160.6,90096.6,2024-05-15
2024051503015948,SIFC,14,29,200.0,418.2,83640.0,2024-05-15
2024051501024161,GCIL,45,26,100.0,484.5,48450.0,2024-05-15
2024051501024160,RAWA,18,38,50.0,488.0,24400.0,2024-05-15
2024051501024159,RAWA,18,49,280.0,487.0,136360.0,2024-05-15
2024051501024158,RAWA,18,34,100.0,485.7,48570.0,2024-05-15
2024051501024157,RAWA,18,34,120.0,485.5,58260.0,2024-05-15
2024051501024156,RAWA,18,6,50.0,485.0,24250.0,2024-05-15
2024051501024155,RAWA,18,44,900.0,484.0,435600.0,2024-05-15
2024051503015947,SWBBL,18,38,80.0,810.0,64800.0,2024-05-15
2024051503015946,SWBBL,18,19,420.0,810.0,340200.0,2024-05-15
2024051501024154,MANDU,65,45,10.0,1005.0,10050.0,2024-05-15
2024051501024153,MANDU,65,65,10.0,986.0,9860.0,2024-05-15
2024051501024152,MANDU,65,34,201.0,986.0,198186.0,2024-05-15
2024051501024151,MANDU,65,28,250.0,986.0,246500.0,2024-05-15
2024051501024150,MANDU,65,25,49.0,986.0,48314.0,2024-05-15
2024051501024149,MANDU,65,43,10.0,970.0,9700.0,2024-05-15
2024051504010604,AHPC,35,22,10.0,165.0,1650.0,2024-05-15
2024051503015945,NFS,16,63,200.0,534.0,106800.0,2024-05-15
2024051501024148,SARBTM,5,55,40.0,790.0,31600.0,2024-05-15
2024051503015944,SHINE,13,46,70.0,395.4,27678.0,2024-05-15
2024051503015943,USLB,42,50,200.0,2315.0,463000.0,2024-05-15
2024051503015942,KRBL,29,42,10.0,438.0,4380.0,2024-05-15
2024051501024147,SHLB,34,62,82.0,1566.0,128412.0,2024-05-15
2024051501024146,SHLB,58,62,15.0,1566.0,23490.0,2024-05-15
2024051501024145,SHLB,33,62,253.0,1566.3,396273.9,2024-05-15
2024051501024144,JBLB,7,7,11.0,1388.0,15268.0,2024-05-15
2024051503015941,ICFC,41,29,10.0,513.2,5132.0,2024-05-15
2024051504010603,NHPC,13,49,36.0,146.1,5259.6,2024-05-15
2024051504010602,NHPC,26,49,25.0,146.1,3652.5,2024-05-15
2024051504010601,NHPC,42,49,49.0,146.5,7178.5,2024-05-15
2024051501024143,HDL,19,17,10.0,1311.2,13112.0,2024-05-15
2024051503015940,NFS,13,63,14.0,534.0,7476.0,2024-05-15
2024051503015939,NFS,13,63,26.0,534.0,13884.0,2024-05-15
2024051501024142,SBI,5,28,36.0,279.1,10047.6,2024-05-15
2024051501024141,SBI,43,28,10.0,279.1,2791.0,2024-05-15
2024051501024140,SBI,49,28,200.0,279.7,55940.0,2024-05-15
2024051501024139,HBL,34,55,969.0,178.0,172482.0,2024-05-15
2024051501024138,HBL,45,55,329.0,178.0,58562.0,2024-05-15
2024051501024137,HBL,58,55,500.0,178.1,89050.0,2024-05-15
2024051501024136,HBL,28,55,202.0,178.1,35976.2,2024-05-15
2024051503015938,GUFL,14,46,300.0,702.0,210600.0,2024-05-15
2024051503015937,GUFL,22,46,50.0,702.5,35125.0,2024-05-15
2024051504010600,DHPL,42,10,10.0,198.9,1989.0,2024-05-15
2024051503015936,NICLBSL,29,38,20.0,642.1,12842.0,2024-05-15
2024051503015935,NICLBSL,91,38,30.0,642.1,19263.0,2024-05-15
2024051503015934,USLB,62,50,10.0,2315.0,23150.0,2024-05-15
2024051504010599,CHL,65,17,10.0,317.0,3170.0,2024-05-15
2024051501024135,SMH,29,47,90.0,680.1,61209.0,2024-05-15
2024051501024134,SMH,47,47,10.0,682.0,6820.0,2024-05-15
2024051501024133,CYCL,66,57,10.0,1540.0,15400.0,2024-05-15
2024051501024132,LSL,19,57,2000.0,152.2,304400.0,2024-05-15
2024051505003818,HIDCL,38,45,1309.0,165.4,216508.6,2024-05-15
2024051505003817,HIDCL,49,45,11.0,165.5,1820.5,2024-05-15
2024051503015933,ACLBSL,42,45,11.0,866.0,9526.0,2024-05-15
2024051504010598,TRH,49,58,10.0,730.0,7300.0,2024-05-15
2024051501024131,HHL,52,42,10.0,349.0,3490.0,2024-05-15
2024051505003816,ENL,51,58,10.0,806.6,8066.0,2024-05-15
2024051503015932,SLBBL,25,58,40.0,770.0,30800.0,2024-05-15
2024051503015931,SLBBL,3,58,60.0,770.0,46200.0,2024-05-15
2024051501024130,MKHL,58,21,12.0,414.0,4968.0,2024-05-15
2024051501024129,RHGCL,65,36,1000.0,374.0,374000.0,2024-05-15
2024051503015930,LLBS,71,7,10.0,1072.1,10721.0,2024-05-15
2024051503015929,NABBC,20,38,10.0,523.5,5235.0,2024-05-15
2024051503015928,ALBSL,33,59,100.0,878.0,87800.0,2024-05-15
2024051503015927,ALBSL,33,29,10.0,877.0,8770.0,2024-05-15
2024051503015926,SFCL,14,51,83.0,342.6,28435.8,2024-05-15
2024051505003815,NIFRA,16,34,578.0,198.0,114444.0,2024-05-15
2024051505003814,NIFRA,5,34,10.0,198.0,1980.0,2024-05-15
2024051505003813,NIFRA,55,34,377.0,198.0,74646.0,2024-05-15
2024051505003812,NIFRA,34,34,35.0,198.1,6933.5,2024-05-15
2024051504010597,RIDI,33,34,800.0,162.7,130160.0,2024-05-15
2024051504010596,RIDI,6,34,100.0,162.7,16270.0,2024-05-15
2024051503015925,RSDC,81,45,50.0,696.6,34830.0,2024-05-15
2024051504010595,MHNL,38,72,145.0,229.0,33205.0,2024-05-15
2024051504010594,PPCL,41,85,420.0,233.9,98238.0,2024-05-15
2024051501024128,NABIL,53,38,10.0,435.0,4350.0,2024-05-15
2024051501024127,NABIL,53,58,35.0,435.0,15225.0,2024-05-15
2024051501024126,EBL,16,43,200.0,508.6,101720.0,2024-05-15
2024051501024125,MBJC,52,21,10.0,293.0,2930.0,2024-05-15
2024051503015924,MDB,66,6,97.0,475.0,46075.0,2024-05-15
2024051503015923,ICFC,59,57,20.0,513.2,10264.0,2024-05-15
2024051501024124,NMB,37,19,20.0,178.1,3562.0,2024-05-15
2024051503015922,ALBSL,28,13,10.0,873.1,8731.0,2024-05-15
2024051505003811,HRL,83,13,20.0,563.7,11274.0,2024-05-15
2024051501024123,MEL,62,38,1000.0,230.0,230000.0,2024-05-15
2024051501024122,MEL,41,38,10.0,230.0,2300.0,2024-05-15
2024051501024121,MEL,42,38,32.0,230.0,7360.0,2024-05-15
2024051501024120,HATHY,4,57,286.0,835.0,238810.0,2024-05-15
2024051501024119,HATHY,4,19,10.0,834.9,8349.0,2024-05-15
2024051503015921,SADBL,44,42,10.0,326.0,3260.0,2024-05-15
2024051504010593,PMHPL,25,34,50.0,226.0,11300.0,2024-05-15
2024051501024118,SHIVM,56,49,240.0,502.5,120600.0,2024-05-15
2024051501024117,SHIVM,48,49,37.0,502.9,18607.3,2024-05-15
2024051503015920,NFS,33,37,50.0,533.0,26650.0,2024-05-15
2024051503015919,NFS,49,37,40.0,533.0,21320.0,2024-05-15
2024051504010592,JOSHI,21,77,100.0,312.0,31200.0,2024-05-15
2024051504010591,JOSHI,57,77,40.0,312.0,12480.0,2024-05-15
2024051504010590,JOSHI,34,77,500.0,312.0,156000.0,2024-05-15
2024051504010589,JOSHI,33,77,985.0,312.0,307320.0,2024-05-15
2024051504010588,JOSHI,57,77,500.0,312.1,156050.0,2024-05-15
2024051504010587,JOSHI,26,77,190.0,312.5,59375.0,2024-05-15
2024051504010586,JOSHI,29,77,200.0,312.9,62580.0,2024-05-15
2024051501024116,MHCL,81,13,50.0,390.0,19500.0,2024-05-15
2024051504010585,SICL,52,7,200.0,693.0,138600.0,2024-05-15
2024051504010584,SICL,52,56,120.0,691.9,83028.0,2024-05-15
2024051504010583,SICL,52,16,100.0,691.0,69100.0,2024-05-15
2024051503015918,CORBL,13,25,100.0,466.1,46610.0,2024-05-15
2024051503015917,SFCL,53,74,10.0,345.0,3450.0,2024-05-15
2024051501024115,SHIVM,48,26,50.0,502.9,25145.0,2024-05-15
2024051501024114,MEL,42,26,548.0,230.0,126040.0,2024-05-15
2024051501024113,MEL,45,26,12.0,230.1,2761.2,2024-05-15
2024051501024112,SHIVM,48,58,13.0,502.9,6537.7,2024-05-15
2024051503015916,GBLBS,7,34,175.0,779.0,136325.0,2024-05-15
2024051503015915,GBLBS,7,58,80.0,779.0,62320.0,2024-05-15
2024051501024111,USHL,3,42,70.0,469.0,32830.0,2024-05-15
2024051505003810,HRL,56,33,144.0,563.1,81086.4,2024-05-15
2024051505003809,HRL,35,33,323.0,563.2,181913.6,2024-05-15
2024051501024110,SMH,34,58,10.0,685.0,6850.0,2024-05-15
2024051501024109,JBLB,45,58,20.0,1389.0,27780.0,2024-05-15
2024051503015914,NMFBS,61,81,79.0,1292.7,102123.3,2024-05-15
2024051501024108,SONA,25,78,400.0,447.1,178840.0,2024-05-15
2024051501024107,SONA,14,78,100.0,447.5,44750.0,2024-05-15
2024051504010582,CGH,53,13,200.0,787.1,157420.0,2024-05-15
2024051503015913,SDLBSL,39,38,36.0,940.0,33840.0,2024-05-15
2024051503015912,SDLBSL,17,38,64.0,940.0,60160.0,2024-05-15
2024051501024106,SONA,58,57,100.0,447.8,44780.0,2024-05-15
2024051503015911,CBBL,58,58,25.0,835.0,20875.0,2024-05-15
2024051501024105,NRM,58,3,10.0,359.5,3595.0,2024-05-15
2024051503015910,SLBBL,94,47,10.0,772.0,7720.0,2024-05-15
2024051504010581,UPCL,45,42,85.0,195.0,16575.0,2024-05-15
2024051504010580,UPCL,45,52,15.0,195.0,2925.0,2024-05-15
2024051501024104,SCB,13,59,235.0,542.1,127393.5,2024-05-15
2024051501024103,SCB,50,59,60.0,542.2,32532.0,2024-05-15
2024051504010579,RADHI,13,10,159.0,235.0,37365.0,2024-05-15
2024051501024102,NRM,50,39,50.0,357.0,17850.0,2024-05-15
2024051504010578,LEC,56,38,30.0,183.1,5493.0,2024-05-15
2024051503015909,PROFL,58,48,10.0,339.0,3390.0,2024-05-15
2024051501024101,PPL,4,56,710.0,541.0,384110.0,2024-05-15
2024051501024100,PPL,4,56,800.0,541.0,432800.0,2024-05-15
2024051501024099,PPL,58,56,90.0,541.1,48699.0,2024-05-15
2024051501024098,RFPL,65,57,2084.0,339.9,708351.6,2024-05-15
2024051504010577,AKPL,40,48,39.0,167.0,6513.0,2024-05-15
2024051504010576,AKPL,34,48,30.0,167.0,5010.0,2024-05-15
2024051501024097,SARBTM,5,50,500.0,790.0,395000.0,2024-05-15
2024051501024096,SARBTM,5,42,56.0,790.0,44240.0,2024-05-15
2024051501024095,SARBTM,5,22,30.0,789.9,23697.0,2024-05-15
2024051501024094,GBIME,17,34,65.0,178.0,11570.0,2024-05-15
2024051501024093,GBIME,6,34,122.0,178.0,21716.0,2024-05-15
2024051504010575,GLH,45,38,10.0,205.0,2050.0,2024-05-15
2024051504010574,GLH,45,4,30.0,205.0,6150.0,2024-05-15
2024051505003808,CHDC,32,8,10.0,739.0,7390.0,2024-05-15
2024051504010573,UPCL,17,52,225.0,195.0,43875.0,2024-05-15
2024051503015908,HLBSL,91,70,263.0,964.0,253532.0,2024-05-15
2024051503015907,HLBSL,91,1,37.0,963.9,35664.3,2024-05-15
2024051504010572,JOSHI,29,81,300.0,312.9,93870.0,2024-05-15
2024051503015906,GBLBS,58,50,40.0,778.9,31156.0,2024-05-15
2024051501024092,MANDU,65,43,990.0,970.0,960300.0,2024-05-15
2024051501024091,MANDU,65,45,10.0,970.0,9700.0,2024-05-15
2024051503015905,NLIC,6,58,200.0,591.0,118200.0,2024-05-15
2024051503015904,NLIC,6,8,200.0,591.0,118200.0,2024-05-15
2024051503015903,NLIC,6,6,150.0,590.9,88635.0,2024-05-15
2024051501024090,GCIL,17,38,10.0,485.0,4850.0,2024-05-15
2024051501024089,GCIL,17,42,87.0,485.0,42195.0,2024-05-15
2024051501024088,GCIL,17,51,13.0,485.0,6305.0,2024-05-15
2024051501024087,DOLTI,26,45,200.0,413.0,82600.0,2024-05-15
2024051503015902,GMFIL,26,89,100.0,394.0,39400.0,2024-05-15
2024051501024086,CZBIL,38,57,10.0,161.9,1619.0,2024-05-15
2024051501024085,SPHL,19,58,10.0,463.5,4635.0,2024-05-15
2024051501024084,BHPL,66,45,10.0,552.9,5529.0,2024-05-15
2024051501024083,TPC,16,6,50.0,475.0,23750.0,2024-05-15
2024051504010571,JOSHI,26,19,10.0,312.5,3125.0,2024-05-15
2024051501024082,CITY,42,45,80.0,598.0,47840.0,2024-05-15
2024051501024081,CITY,57,45,20.0,598.1,11962.0,2024-05-15
2024051501024080,SAMAJ,17,91,10.0,2400.0,24000.0,2024-05-15
2024051501024079,SAMAJ,17,58,25.0,2399.0,59975.0,2024-05-15
2024051504010570,NHPC,53,84,10.0,147.9,1479.0,2024-05-15
2024051501024078,BGWT,60,45,10.0,626.9,6269.0,2024-05-15
2024051503015901,MFIL,44,38,132.0,507.0,66924.0,2024-05-15
2024051501024077,MKLB,11,41,10.0,1095.0,10950.0,2024-05-15
2024051501024076,MKLB,11,6,10.0,1095.0,10950.0,2024-05-15
2024051504010569,UAIL,50,45,50.0,575.0,28750.0,2024-05-15
2024051504010568,UAIL,50,48,70.0,575.0,40250.0,2024-05-15
2024051504010567,UAIL,50,34,50.0,574.9,28745.0,2024-05-15
2024051504010566,UAIL,50,38,300.0,574.1,172230.0,2024-05-15
2024051501024075,KDL,58,45,20.0,819.0,16380.0,2024-05-15
2024051501024074,KDL,58,34,10.0,819.0,8190.0,2024-05-15
2024051504010565,RIDI,47,34,14.0,162.7,2277.8,2024-05-15
2024051501024073,SMJC,21,58,100.0,361.0,36100.0,2024-05-15
2024051501024072,CLI,62,41,10.0,460.1,4601.0,2024-05-15
2024051505003807,SMATA,72,72,296.0,912.0,269952.0,2024-05-15
2024051505003806,SMATA,41,72,200.0,912.1,182420.0,2024-05-15
2024051505003805,SMATA,4,72,50.0,912.1,45605.0,2024-05-15
2024051505003804,SMATA,25,72,279.0,912.2,254503.8,2024-05-15
2024051501024071,DOLTI,42,45,10.0,413.0,4130.0,2024-05-15
2024051503015900,GBLBS,59,58,50.0,779.0,38950.0,2024-05-15
2024051504010564,NHPC,17,14,250.0,147.0,36750.0,2024-05-15
2024051501024070,SARBTM,62,22,10.0,789.9,7899.0,2024-05-15
2024051501024069,SARBTM,58,22,110.0,789.9,86889.0,2024-05-15
2024051504010563,API,58,13,225.0,173.0,38925.0,2024-05-15
2024051501024068,SMJC,36,58,50.0,361.0,18050.0,2024-05-15
2024051504010562,MEN,16,39,120.0,542.5,65100.0,2024-05-15
2024051501024067,BHDC,17,26,10.0,480.0,4800.0,2024-05-15
2024051504010561,PPCL,52,85,50.0,234.0,11700.0,2024-05-15
2024051503015899,NICLBSL,42,38,15.0,643.2,9648.0,2024-05-15
2024051501024066,NBL,21,58,60.0,204.0,12240.0,2024-05-15
2024051501024065,SHIVM,44,58,30.0,502.9,15087.0,2024-05-15
2024051501024064,SHIVM,44,57,20.0,502.9,10058.0,2024-05-15
2024051503015898,CBBL,49,58,20.0,835.0,16700.0,2024-05-15
2024051505003803,HRL,48,13,200.0,563.8,112760.0,2024-05-15
2024051503015897,SJLIC,17,72,10.0,414.0,4140.0,2024-05-15
2024051503015896,FMDBL,1,60,100.0,653.0,65300.0,2024-05-15
2024051504010560,RURU,38,43,150.0,556.0,83400.0,2024-05-15
2024051504010559,RURU,25,43,80.0,556.1,44488.0,2024-05-15
2024051504010558,RURU,44,43,20.0,556.1,11122.0,2024-05-15
2024051501024063,BNHC,39,35,10.0,516.1,5161.0,2024-05-15
2024051501024062,JBLB,7,6,15.0,1388.0,20820.0,2024-05-15
2024051501024061,SARBTM,38,55,133.0,788.1,104817.3,2024-05-15
2024051501024060,SARBTM,26,55,10.0,788.2,7882.0,2024-05-15
2024051501024059,SARBTM,22,55,20.0,788.2,15764.0,2024-05-15
2024051501024058,SARBTM,25,55,20.0,788.2,15764.0,2024-05-15
2024051501024057,SARBTM,34,55,267.0,788.4,210502.8,2024-05-15
2024051503015895,CFCL,43,36,40.0,390.0,15600.0,2024-05-15
2024051503015894,JBBL,39,57,20.0,296.0,5920.0,2024-05-15
2024051503015893,JBBL,3,57,100.0,296.0,29600.0,2024-05-15
2024051503015892,JBBL,17,57,50.0,296.0,14800.0,2024-05-15
2024051503015891,JBBL,55,57,130.0,296.0,38480.0,2024-05-15
2024051503015890,VLBS,28,45,10.0,866.0,8660.0,2024-05-15
2024051503015889,VLBS,28,59,20.0,864.0,17280.0,2024-05-15
2024051501024056,PRVU,25,34,20.0,140.1,2802.0,2024-05-15
2024051501024055,PRVU,25,34,80.0,140.1,11208.0,2024-05-15
2024051503015888,GBLBS,89,58,20.0,779.0,15580.0,2024-05-15
2024051503015887,GBLBS,89,6,80.0,779.0,62320.0,2024-05-15
2024051501024054,MEHL,14,48,100.0,307.0,30700.0,2024-05-15
2024051503015886,SADBL,33,22,50.0,325.9,16295.0,2024-05-15
2024051503015885,LBBL,21,28,10.0,376.4,3764.0,2024-05-15
2024051504010557,JOSHI,44,81,200.0,312.9,62580.0,2024-05-15
2024051501024053,CYCL,77,48,20.0,1540.0,30800.0,2024-05-15
2024051505003802,BBC,49,47,10.0,3728.9,37289.0,2024-05-15
2024051503015884,LBBL,35,17,150.0,375.1,56265.0,2024-05-15
2024051503015883,LBBL,42,17,100.0,375.2,37520.0,2024-05-15
2024051503015882,GBBL,8,46,360.0,368.4,132624.0,2024-05-15
2024051503015881,GBBL,8,19,240.0,368.0,88320.0,2024-05-15
2024051504010556,SPIL,34,35,125.0,790.0,98750.0,2024-05-15
2024051504010555,SPIL,34,3,100.0,790.0,79000.0,2024-05-15
2024051504010554,SPIL,34,52,233.0,790.0,184070.0,2024-05-15
2024051504010553,SPIL,34,7,500.0,789.9,394950.0,2024-05-15
2024051501024052,MANDU,65,25,41.0,986.0,40426.0,2024-05-15
2024051501024051,MANDU,65,8,10.0,982.0,9820.0,2024-05-15
2024051501024050,MANDU,65,22,660.0,982.0,648120.0,2024-05-15
2024051501024049,MANDU,65,1,10.0,982.0,9820.0,2024-05-15
2024051501024048,MANDU,65,62,250.0,982.0,245500.0,2024-05-15
2024051501024047,MANDU,65,19,100.0,982.0,98200.0,2024-05-15
2024051501024046,MANDU,65,11,11.0,967.7,10644.7,2024-05-15
2024051501024045,MANDU,65,20,11.0,967.7,10644.7,2024-05-15
2024051501024044,MANDU,65,28,250.0,967.7,241925.0,2024-05-15
2024051501024043,MANDU,65,38,100.0,967.7,96770.0,2024-05-15
2024051501024042,MANDU,65,28,250.0,967.7,241925.0,2024-05-15
2024051501024041,MANDU,65,40,100.0,967.0,96700.0,2024-05-15
2024051501024040,MANDU,65,43,20.0,967.0,19340.0,2024-05-15
2024051501024039,MANDU,65,3,10.0,967.0,9670.0,2024-05-15
2024051501024038,MANDU,65,45,57.0,967.0,55119.0,2024-05-15
2024051501024037,MANDU,65,57,10.0,967.0,9670.0,2024-05-15
2024051501024036,MANDU,65,62,100.0,966.9,96690.0,2024-05-15
2024051501024035,MANDU,65,58,10.0,966.9,9669.0,2024-05-15
2024051504010552,CGH,54,13,20.0,787.1,15742.0,2024-05-15
2024051501024034,MCHL,41,36,200.0,372.0,74400.0,2024-05-15
2024051503015880,SJLIC,1,72,50.0,414.0,20700.0,2024-05-15
2024051503015879,SJLIC,51,72,30.0,414.0,12420.0,2024-05-15
2024051503015878,SJLIC,34,72,10.0,414.0,4140.0,2024-05-15
2024051503015877,SJLIC,16,72,1000.0,414.0,414000.0,2024-05-15
2024051503015876,SJLIC,38,72,250.0,414.1,103525.0,2024-05-15
2024051503015875,SJLIC,17,72,100.0,415.0,41500.0,2024-05-15
2024051503015874,MPFL,14,58,10.0,444.0,4440.0,2024-05-15
2024051504010551,API,74,13,10.0,173.0,1730.0,2024-05-15
2024051504010550,API,74,50,90.0,173.0,15570.0,2024-05-15
2024051503015873,NICLBSL,55,41,143.0,649.8,92921.4,2024-05-15
2024051503015872,NICLBSL,55,33,55.0,648.0,35640.0,2024-05-15
2024051503015871,NICLBSL,55,55,32.0,647.0,20704.0,2024-05-15
2024051503015870,NICLBSL,55,33,70.0,645.0,45150.0,2024-05-15
2024051505003801,HRL,35,1,177.0,563.2,99686.4,2024-05-15
2024051505003800,HRL,34,1,100.0,563.5,56350.0,2024-05-15
2024051505003799,HRL,56,1,23.0,563.7,12965.1,2024-05-15
2024051501024033,AVYAN,48,58,15.0,844.0,12660.0,2024-05-15
2024051504010549,HURJA,53,58,175.0,286.1,50067.5,2024-05-15
2024051501024032,SMJC,63,58,10.0,361.0,3610.0,2024-05-15
2024051503015869,PFL,65,41,10.0,660.0,6600.0,2024-05-15
2024051501024031,SPL,57,43,10.0,667.9,6679.0,2024-05-15
2024051501024030,SPL,57,42,10.0,667.0,6670.0,2024-05-15
2024051503015868,ICFC,49,29,200.0,513.3,102660.0,2024-05-15
2024051503015867,ICFC,17,29,290.0,513.3,148857.0,2024-05-15
2024051503015866,GUFL,54,65,100.0,703.0,70300.0,2024-05-15
2024051504010548,NGPL,36,7,450.0,303.5,136575.0,2024-05-15
2024051504010547,NGPL,35,7,50.0,304.0,15200.0,2024-05-15
2024051503015865,RLFL,46,1,50.0,389.9,19495.0,2024-05-15
2024051504010546,OHL,42,8,15.0,755.0,11325.0,2024-05-15
2024051504010545,OHL,75,8,150.0,755.0,113250.0,2024-05-15
2024051504010544,OHL,36,8,50.0,755.0,37750.0,2024-05-15
2024051504010543,OHL,19,8,100.0,755.0,75500.0,2024-05-15
2024051504010542,OHL,58,8,50.0,755.0,37750.0,2024-05-15
2024051504010541,OHL,47,8,100.0,757.0,75700.0,2024-05-15
2024051504010540,OHL,43,8,10.0,757.0,7570.0,2024-05-15
2024051504010539,OHL,1,8,61.0,757.2,46189.2,2024-05-15
2024051504010538,OHL,45,8,10.0,758.0,7580.0,2024-05-15
2024051503015864,FOWAD,42,32,33.0,1210.0,39930.0,2024-05-15
2024051501024029,SARBTM,34,29,15.0,788.4,11826.0,2024-05-15
2024051503015863,HLBSL,45,50,67.0,953.1,63857.7,2024-05-15
2024051503015862,HLBSL,60,50,15.0,955.0,14325.0,2024-05-15
2024051503015861,HLBSL,45,50,18.0,962.0,17316.0,2024-05-15
2024051501024028,MBJC,58,10,10.0,294.0,2940.0,2024-05-15
2024051501024027,MBL,22,8,10.0,167.0,1670.0,2024-05-15
2024051504010537,KKHC,57,49,25.0,222.0,5550.0,2024-05-15
2024051505003798,NRIC,1,74,28.0,683.0,19124.0,2024-05-15
2024051505003797,NRIC,32,74,200.0,683.0,136600.0,2024-05-15
2024051505003796,NRIC,55,74,21.0,684.0,14364.0,2024-05-15
2024051505003795,NRIC,48,74,200.0,684.0,136800.0,2024-05-15
2024051505003794,NRIC,44,74,200.0,684.2,136840.0,2024-05-15
2024051505003793,NRIC,59,74,50.0,685.0,34250.0,2024-05-15
2024051505003792,NRIC,14,74,50.0,685.0,34250.0,2024-05-15
2024051505003791,NRIC,7,74,15.0,685.0,10275.0,2024-05-15
2024051505003790,NRIC,58,74,35.0,685.0,23975.0,2024-05-15
2024051505003789,NRIC,32,74,100.0,685.1,68510.0,2024-05-15
2024051505003788,NRIC,58,74,20.0,685.2,13704.0,2024-05-15
2024051505003787,NRIC,17,74,11.0,686.0,7546.0,2024-05-15
2024051505003786,NRIC,85,74,70.0,686.0,48020.0,2024-05-15
2024051504010536,NHDL,38,52,50.0,454.0,22700.0,2024-05-15
2024051501024026,HBL,42,55,300.0,178.2,53460.0,2024-05-15
2024051501024025,ULHC,57,4,100.0,329.1,32910.0,2024-05-15
2024051501024024,MKHL,58,19,50.0,413.0,20650.0,2024-05-15
2024051501024023,MKHL,58,14,20.0,413.0,8260.0,2024-05-15
2024051503015860,SWBBL,33,19,80.0,810.0,64800.0,2024-05-15
2024051503015859,SWBBL,33,45,30.0,809.5,24285.0,2024-05-15
2024051503015858,SWBBL,33,74,290.0,809.4,234726.0,2024-05-15
2024051501024022,DLBS,41,51,40.0,1220.0,48800.0,2024-05-15
2024051501024021,DLBS,41,58,10.0,1219.0,12190.0,2024-05-15
2024051501024020,SIKLES,77,45,50.0,509.0,25450.0,2024-05-15
2024051503015857,MFIL,44,49,43.0,507.0,21801.0,2024-05-15
2024051503015856,MFIL,34,49,150.0,507.0,76050.0,2024-05-15
2024051504010535,AKPL,34,52,390.0,167.0,65130.0,2024-05-15
2024051501024019,SANIMA,39,34,12.0,241.0,2892.0,2024-05-15
2024051503015855,NLIC,6,8,500.0,590.5,295250.0,2024-05-15
2024051501024018,RAWA,18,44,50.0,484.0,24200.0,2024-05-15
2024051501024017,RAWA,18,34,20.0,481.4,9628.0,2024-05-15
2024051501024016,RAWA,18,34,10.0,481.3,4813.0,2024-05-15
2024051501024015,RAWA,18,42,20.0,481.2,9624.0,2024-05-15
2024051501024014,RAWA,18,1,400.0,481.1,192440.0,2024-05-15
2024051501024013,RAWA,18,6,420.0,481.0,202020.0,2024-05-15
2024051501024012,RAWA,18,34,30.0,480.9,14427.0,2024-05-15
2024051501024011,RAWA,18,52,10.0,480.0,4800.0,2024-05-15
2024051501024010,RAWA,18,35,10.0,480.0,4800.0,2024-05-15
2024051501024009,RAWA,18,64,30.0,480.0,14400.0,2024-05-15
2024051501024008,HDL,19,38,10.0,1311.0,13110.0,2024-05-15
2024051501024007,HDL,13,38,10.0,1311.0,13110.0,2024-05-15
2024051501024006,SARBTM,34,48,50.0,788.4,39420.0,2024-05-15
2024051503015854,SINDU,81,20,50.0,386.4,19320.0,2024-05-15
2024051503015853,SINDU,5,20,200.0,387.6,77520.0,2024-05-15
2024051503015852,SINDU,59,20,300.0,387.7,116310.0,2024-05-15
2024051505003785,NRIC,85,70,10.0,686.0,6860.0,2024-05-15
2024051505003784,NRIC,45,70,90.0,686.0,61740.0,2024-05-15
2024051505003783,NRIC,32,70,100.0,686.1,68610.0,2024-05-15
2024051504010534,RHPL,6,74,400.0,263.6,105440.0,2024-05-15
2024051504010533,RHPL,58,74,300.0,263.7,79110.0,2024-05-15
2024051504010532,RHPL,25,74,500.0,263.8,131900.0,2024-05-15
2024051504010531,RHPL,62,74,100.0,264.0,26400.0,2024-05-15
2024051504010530,AKJCL,43,32,36.0,207.0,7452.0,2024-05-15
2024051504010529,SPDL,35,60,200.0,235.1,47020.0,2024-05-15
2024051501024005,SHIVM,56,57,10.0,502.9,5029.0,2024-05-15
2024051505003782,CHDC,58,47,20.0,736.2,14724.0,2024-05-15
2024051503015851,CFCL,58,36,10.0,390.0,3900.0,2024-05-15
2024051501024004,SGHC,53,57,10.0,321.9,3219.0,2024-05-15
2024051503015850,MPFL,11,49,119.0,441.0,52479.0,2024-05-15
2024051503015849,MPFL,44,49,11.0,441.1,4852.1,2024-05-15
2024051503015848,JFL,71,34,200.0,510.0,102000.0,2024-05-15
2024051503015847,JFL,50,34,300.0,510.0,153000.0,2024-05-15
2024051503015846,JFL,55,34,40.0,510.0,20400.0,2024-05-15
2024051503015845,JFL,43,34,10.0,510.7,5107.0,2024-05-15
2024051503015844,GUFL,56,65,200.0,703.0,140600.0,2024-05-15
2024051501024003,PPL,56,56,10.0,542.5,5425.0,2024-05-15
2024051505003781,HRL,56,21,300.0,563.7,169110.0,2024-05-15
2024051503015843,NFS,58,63,10.0,534.0,5340.0,2024-05-15
2024051505003780,HRL,56,54,400.0,563.7,225480.0,2024-05-15
