transaction,symbol,buyer,seller,quantity,rate,amount,date
2024102201017496,TSHL,28,69,10.0,920.0,9200.0,2024-10-22
2024102205013049,SMATA,28,49,10.0,891.0,8910.0,2024-10-22
2024102204011041,NLG,55,13,30.0,1315.0,39450.0,2024-10-22
2024102201017495,TSHL,70,52,10.0,920.0,9200.0,2024-10-22
2024102205013048,HATHY,55,51,50.0,1439.9,71995.0,2024-10-22
2024102205013047,STC,52,13,10.0,5899.0,58990.0,2024-10-22
2024102203012092,MERO,7,39,50.0,759.5,37975.0,2024-10-22
2024102201017494,SGHC,60,47,400.0,393.5,157400.0,2024-10-22
2024102201017493,SGHC,60,41,100.0,393.0,39300.0,2024-10-22
2024102201017492,RAWA,44,71,17.0,860.0,14620.0,2024-10-22
2024102201017491,RAWA,44,28,293.0,859.0,251687.0,2024-10-22
2024102201017490,RAWA,44,26,100.0,850.0,85000.0,2024-10-22
2024102201017489,RAWA,44,62,90.0,850.0,76500.0,2024-10-22
2024102203012091,GBBL,44,7,27.0,453.0,12231.0,2024-10-22
2024102203012090,GBBL,44,58,119.0,451.0,53669.0,2024-10-22
2024102203012089,GBBL,44,50,18.0,451.0,8118.0,2024-10-22
2024102203012088,GBBL,44,55,126.0,451.0,56826.0,2024-10-22
2024102203012087,GBBL,44,34,100.0,450.9,45090.0,2024-10-22
2024102203012086,GBBL,44,45,80.0,450.8,36064.0,2024-10-22
2024102203012085,GBBL,44,58,30.0,450.7,13521.0,2024-10-22
2024102203012084,CFCL,26,29,100.0,619.9,61990.0,2024-10-22
2024102201017488,KBL,58,48,10.0,240.9,2409.0,2024-10-22
2024102201017487,DORDI,45,92,100.0,432.3,43230.0,2024-10-22
2024102201017486,SANIMA,41,34,20.0,336.2,6724.0,2024-10-22
2024102203012083,GFCL,43,34,50.0,1045.1,52255.0,2024-10-22
2024102205013046,NRM,36,58,10.0,431.0,4310.0,2024-10-22
2024102205013045,NRM,36,45,10.0,430.0,4300.0,2024-10-22
2024102205013044,NRM,36,41,10.0,430.0,4300.0,2024-10-22
2024102201017485,SBI,58,40,100.0,488.9,48890.0,2024-10-22
2024102203012082,SINDU,88,25,30.0,673.0,20190.0,2024-10-22
2024102203012081,SINDU,88,29,20.0,672.7,13454.0,2024-10-22
2024102203012080,SINDU,88,58,100.0,670.0,67000.0,2024-10-22
2024102203012079,SINDU,88,18,10.0,670.0,6700.0,2024-10-22
2024102203012078,CORBL,41,43,10.0,969.0,9690.0,2024-10-22
2024102201017484,SRLI,1,77,100.0,448.0,44800.0,2024-10-22
2024102201017483,PRVU,20,43,100.0,258.0,25800.0,2024-10-22
2024102201017482,PRVU,38,43,100.0,258.5,25850.0,2024-10-22
2024102205013043,HRL,43,66,25.0,865.0,21625.0,2024-10-22
2024102203012077,NICLBSL,32,34,10.0,713.0,7130.0,2024-10-22
2024102204011040,UMRH,32,52,60.0,476.9,28614.0,2024-10-22
2024102205013042,ILI,49,41,10.0,486.0,4860.0,2024-10-22
2024102204011039,HPPL,49,42,10.0,319.9,3199.0,2024-10-22
2024102201017481,CZBIL,48,6,10.0,252.0,2520.0,2024-10-22
2024102205013041,CLI,35,88,50.0,638.9,31945.0,2024-10-22
2024102203012076,KSBBL,20,14,719.0,451.0,324269.0,2024-10-22
2024102203012075,KSBBL,43,14,181.0,452.0,81812.0,2024-10-22
2024102203012074,KSBBL,21,14,50.0,453.0,22650.0,2024-10-22
2024102203012073,KSBBL,49,14,50.0,453.0,22650.0,2024-10-22
2024102205013040,RNLI,58,6,17.0,494.0,8398.0,2024-10-22
2024102204011038,NLG,55,47,100.0,1315.0,131500.0,2024-10-22
2024102205013039,MEL,46,49,10.0,290.0,2900.0,2024-10-22
2024102205013038,MEL,46,19,490.0,290.0,142100.0,2024-10-22
2024102201017480,NMB,38,26,18.0,271.0,4878.0,2024-10-22
2024102203012072,KRBL,38,3,10.0,613.0,6130.0,2024-10-22
2024102201017479,UNLB,38,48,11.0,2530.9,27839.9,2024-10-22
2024102201017478,UNLB,38,58,10.0,2530.0,25300.0,2024-10-22
2024102201017477,UNLB,38,58,10.0,2523.0,25230.0,2024-10-22
2024102201017476,EBL,40,22,10.0,600.0,6000.0,2024-10-22
2024102203012071,NLIC,70,41,20.0,827.4,16548.0,2024-10-22
2024102204011037,JOSHI,17,58,25.0,311.8,7795.0,2024-10-22
2024102204011036,JOSHI,17,28,175.0,310.0,54250.0,2024-10-22
2024102201017475,SARBTM,57,45,23.0,770.0,17710.0,2024-10-22
2024102201017474,SARBTM,57,49,87.0,769.9,66981.3,2024-10-22
2024102201017473,SARBTM,57,70,90.0,769.0,69210.0,2024-10-22
2024102201017472,RFPL,84,84,10.0,520.9,5209.0,2024-10-22
2024102201017471,RFPL,84,58,10.0,520.0,5200.0,2024-10-22
2024102201017470,RFPL,84,92,200.0,520.0,104000.0,2024-10-22
2024102201017469,RFPL,84,58,10.0,519.0,5190.0,2024-10-22
2024102201017468,TSHL,8,52,10.0,920.0,9200.0,2024-10-22
2024102201017467,KBSH,8,17,11.0,2395.0,26345.0,2024-10-22
2024102201017466,NMB,39,26,100.0,271.0,27100.0,2024-10-22
2024102203012070,NADEP,64,34,123.0,1085.0,133455.0,2024-10-22
2024102203012069,NADEP,64,53,100.0,1064.7,106470.0,2024-10-22
2024102203012068,NADEP,64,14,40.0,1064.6,42584.0,2024-10-22
2024102203012067,NADEP,64,50,10.0,1064.6,10646.0,2024-10-22
2024102203012066,NADEP,64,77,100.0,1043.5,104350.0,2024-10-22
2024102203012065,NADEP,64,77,100.0,1043.5,104350.0,2024-10-22
2024102203012064,NADEP,64,44,1009.0,1030.2,1039471.8,2024-10-22
2024102203012063,NADEP,64,34,440.0,1025.0,451000.0,2024-10-22
2024102203012062,NADEP,64,77,200.0,1025.0,205000.0,2024-10-22
2024102203012061,NADEP,64,85,23.0,1024.9,23572.7,2024-10-22
2024102203012060,NADEP,64,16,15.0,1020.0,15300.0,2024-10-22
2024102205013037,MEL,53,19,100.0,290.0,29000.0,2024-10-22
2024102205013036,HIDCL,53,67,10.0,274.8,2748.0,2024-10-22
2024102203012059,HLBSL,77,94,140.0,1020.0,142800.0,2024-10-22
2024102203012058,HLBSL,77,56,50.0,1020.0,51000.0,2024-10-22
2024102201017465,MKHL,42,58,20.0,499.0,9980.0,2024-10-22
2024102201017464,MKHL,42,49,20.0,497.9,9958.0,2024-10-22
2024102201017463,MKHL,42,28,10.0,497.0,4970.0,2024-10-22
2024102201017462,MKHL,42,35,10.0,495.0,4950.0,2024-10-22
2024102201017461,SBL,50,53,110.0,353.1,38841.0,2024-10-22
2024102203012057,PMLI,42,50,20.0,561.0,11220.0,2024-10-22
2024102201017460,MBL,56,41,10.0,259.0,2590.0,2024-10-22
2024102201017459,MHCL,56,21,20.0,417.0,8340.0,2024-10-22
2024102203012056,MATRI,60,42,10.0,1413.0,14130.0,2024-10-22
2024102203012055,MDB,62,14,10.0,633.8,6338.0,2024-10-22
2024102201017458,NESDO,1,62,10.0,2247.0,22470.0,2024-10-22
2024102201017457,SMH,62,77,10.0,1058.9,10589.0,2024-10-22
2024102204011035,KPCL,60,50,10.0,493.8,4938.0,2024-10-22
2024102203012054,KRBL,60,3,20.0,613.0,12260.0,2024-10-22
2024102201017456,TSHL,59,49,10.0,920.0,9200.0,2024-10-22
2024102204011034,SHEL,74,21,20.0,247.6,4952.0,2024-10-22
2024102204011033,SHEL,74,42,10.0,247.5,2475.0,2024-10-22
2024102204011032,SHEL,74,52,20.0,247.5,4950.0,2024-10-22
2024102201017455,USHL,44,13,22.0,796.9,17531.8,2024-10-22
2024102201017454,USHL,44,44,20.0,796.9,15938.0,2024-10-22
2024102201017453,USHL,44,49,80.0,795.0,63600.0,2024-10-22
2024102201017452,USHL,44,38,10.0,790.0,7900.0,2024-10-22
2024102201017451,USHL,44,35,58.0,790.0,45820.0,2024-10-22
2024102201017450,USHL,44,58,10.0,790.0,7900.0,2024-10-22
2024102203012053,CFCL,53,59,40.0,617.0,24680.0,2024-10-22
2024102203012052,CFCL,59,59,160.0,619.0,99040.0,2024-10-22
2024102201017449,RAWA,71,62,10.0,850.0,8500.0,2024-10-22
2024102203012051,CORBL,71,43,10.0,969.0,9690.0,2024-10-22
2024102203012050,NADEP,19,49,14.0,1020.0,14280.0,2024-10-22
2024102203012049,NADEP,19,37,36.0,1020.0,36720.0,2024-10-22
2024102203012048,SLBSL,17,3,10.0,1377.0,13770.0,2024-10-22
2024102205013035,HATHY,5,51,50.0,1439.9,71995.0,2024-10-22
2024102203012047,GRDBL,14,92,10.0,738.0,7380.0,2024-10-22
2024102204011031,RADHI,63,34,20.0,390.0,7800.0,2024-10-22
2024102201017448,NIMBPO,34,49,18.0,178.0,3204.0,2024-10-22
2024102201017447,MLBS,34,45,10.0,1619.0,16190.0,2024-10-22
2024102201017446,MLBS,34,1,20.0,1618.7,32374.0,2024-10-22
2024102201017445,MLBS,34,42,10.0,1618.0,16180.0,2024-10-22
2024102201017444,MLBS,34,25,10.0,1600.0,16000.0,2024-10-22
2024102201017443,MLBS,34,25,50.0,1600.0,80000.0,2024-10-22
2024102201017442,AVYAN,34,34,10.0,915.0,9150.0,2024-10-22
2024102201017441,AVYAN,34,58,10.0,915.0,9150.0,2024-10-22
2024102201017440,AVYAN,34,45,10.0,915.0,9150.0,2024-10-22
2024102201017439,AVYAN,34,49,135.0,915.0,123525.0,2024-10-22
2024102203012046,NLIC,58,34,400.0,827.0,330800.0,2024-10-22
2024102203012045,PROFL,34,7,10.0,648.0,6480.0,2024-10-22
2024102203012044,MFIL,34,19,203.0,720.0,146160.0,2024-10-22
2024102203012043,MFIL,34,8,500.0,719.9,359950.0,2024-10-22
2024102203012042,MFIL,34,6,100.0,719.9,71990.0,2024-10-22
2024102203012041,MFIL,34,1,200.0,719.0,143800.0,2024-10-22
2024102203012040,MLBBL,58,20,500.0,1620.0,810000.0,2024-10-22
2024102201017438,CYCL,45,48,10.0,1547.0,15470.0,2024-10-22
2024102201017437,HBL,45,58,106.0,273.0,28938.0,2024-10-22
2024102201017436,HBL,45,7,45.0,273.0,12285.0,2024-10-22
2024102201017435,HBL,45,38,149.0,272.0,40528.0,2024-10-22
2024102203012039,MPFL,7,74,100.0,746.0,74600.0,2024-10-22
2024102204011030,HURJA,32,55,18.0,224.6,4042.8,2024-10-22
2024102204011029,HURJA,32,39,150.0,224.5,33675.0,2024-10-22
2024102204011028,HURJA,32,36,102.0,224.0,22848.0,2024-10-22
2024102204011027,HURJA,32,45,100.0,223.0,22300.0,2024-10-22
2024102204011026,HURJA,32,6,30.0,222.0,6660.0,2024-10-22
2024102201017434,DORDI,32,22,90.0,434.0,39060.0,2024-10-22
2024102201017433,DORDI,32,53,10.0,433.0,4330.0,2024-10-22
2024102201017432,SRLI,25,77,94.0,448.0,42112.0,2024-10-22
2024102201017431,ULBSL,49,94,10.0,3162.0,31620.0,2024-10-22
2024102205013034,PHCL,65,41,438.0,475.0,208050.0,2024-10-22
2024102205013033,PHCL,65,41,650.0,475.0,308750.0,2024-10-22
2024102205013032,PHCL,65,37,100.0,475.0,47500.0,2024-10-22
2024102205013031,PHCL,65,4,10.0,475.0,4750.0,2024-10-22
2024102205013030,PHCL,65,11,10.0,475.0,4750.0,2024-10-22
2024102205013029,PHCL,65,53,10.0,475.0,4750.0,2024-10-22
2024102205013028,PHCL,65,44,300.0,475.0,142500.0,2024-10-22
2024102205013027,PHCL,65,47,10.0,475.0,4750.0,2024-10-22
2024102205013026,PHCL,65,44,310.0,475.0,147250.0,2024-10-22
2024102205013025,PHCL,65,63,10.0,475.0,4750.0,2024-10-22
2024102205013024,PHCL,65,58,10.0,475.0,4750.0,2024-10-22
2024102205013023,PHCL,65,45,10.0,475.0,4750.0,2024-10-22
2024102205013022,PHCL,65,38,1000.0,475.0,475000.0,2024-10-22
2024102205013021,PHCL,65,58,10.0,475.0,4750.0,2024-10-22
2024102205013020,PHCL,65,29,20.0,475.0,9500.0,2024-10-22
2024102205013019,PHCL,65,38,10.0,475.0,4750.0,2024-10-22
2024102205013018,PHCL,65,8,300.0,475.0,142500.0,2024-10-22
2024102205013017,PHCL,65,3,10.0,475.0,4750.0,2024-10-22
2024102205013016,PHCL,65,52,100.0,475.0,47500.0,2024-10-22
2024102205013015,PHCL,65,34,10.0,475.0,4750.0,2024-10-22
2024102205013014,PHCL,65,42,10.0,475.0,4750.0,2024-10-22
2024102205013013,PHCL,65,35,10.0,475.0,4750.0,2024-10-22
2024102205013012,PHCL,65,58,10.0,475.0,4750.0,2024-10-22
2024102205013011,PHCL,65,58,10.0,475.0,4750.0,2024-10-22
2024102205013010,PHCL,65,62,10.0,475.0,4750.0,2024-10-22
2024102205013009,PHCL,65,49,10.0,475.0,4750.0,2024-10-22
2024102205013008,PHCL,65,38,10.0,475.0,4750.0,2024-10-22
2024102205013007,PHCL,65,26,10.0,475.0,4750.0,2024-10-22
2024102205013006,PHCL,65,58,10.0,475.0,4750.0,2024-10-22
2024102205013005,PHCL,65,21,10.0,475.0,4750.0,2024-10-22
2024102205013004,PHCL,65,49,10.0,475.0,4750.0,2024-10-22
2024102205013003,PHCL,65,37,10.0,475.0,4750.0,2024-10-22
2024102205013002,PHCL,65,45,10.0,475.0,4750.0,2024-10-22
2024102205013001,PHCL,65,45,2744.0,475.0,1303400.0,2024-10-22
2024102205013000,PHCL,65,22,100.0,474.9,47490.0,2024-10-22
2024102205012999,PHCL,65,34,10.0,474.5,4745.0,2024-10-22
2024102205012998,PHCL,65,34,100.0,474.4,47440.0,2024-10-22
2024102205012997,PHCL,65,38,300.0,474.0,142200.0,2024-10-22
2024102205012996,PHCL,65,62,200.0,474.0,94800.0,2024-10-22
2024102205012995,PHCL,65,17,108.0,474.0,51192.0,2024-10-22
2024102205012994,PHCL,65,54,10.0,474.0,4740.0,2024-10-22
2024102205012993,PHCL,65,26,10.0,474.0,4740.0,2024-10-22
2024102205012992,PHCL,65,22,10.0,474.0,4740.0,2024-10-22
2024102205012991,PHCL,65,48,1000.0,474.0,474000.0,2024-10-22
2024102205012990,PHCL,65,83,10.0,473.2,4732.0,2024-10-22
2024102205012989,PHCL,65,58,500.0,473.0,236500.0,2024-10-22
2024102205012988,PHCL,65,52,200.0,473.0,94600.0,2024-10-22
2024102205012987,PHCL,65,38,1000.0,473.0,473000.0,2024-10-22
2024102205012986,PHCL,65,42,10.0,473.0,4730.0,2024-10-22
2024102205012985,PHCL,65,57,10.0,473.0,4730.0,2024-10-22
2024102205012984,PHCL,65,47,10.0,473.0,4730.0,2024-10-22
2024102205012983,PHCL,65,57,10.0,473.0,4730.0,2024-10-22
2024102205012982,PHCL,65,57,10.0,473.0,4730.0,2024-10-22
2024102205012981,PHCL,65,38,70.0,473.0,33110.0,2024-10-22
2024102205012980,PHCL,65,35,143.0,473.0,67639.0,2024-10-22
2024102205012979,PHCL,65,53,10.0,473.0,4730.0,2024-10-22
2024102205012978,PHCL,65,36,68.0,473.0,32164.0,2024-10-22
2024102205012977,PHCL,65,29,10.0,472.6,4726.0,2024-10-22
2024102205012976,PHCL,65,19,10.0,472.5,4725.0,2024-10-22
2024102205012975,PHCL,65,42,50.0,472.5,23625.0,2024-10-22
2024102205012974,PHCL,65,47,10.0,472.5,4725.0,2024-10-22
2024102205012973,PHCL,65,43,1900.0,472.2,897180.0,2024-10-22
2024102205012972,PHCL,65,55,100.0,472.0,47200.0,2024-10-22
2024102205012971,PHCL,65,63,200.0,472.0,94400.0,2024-10-22
2024102205012970,PHCL,65,50,10.0,472.0,4720.0,2024-10-22
2024102205012969,PHCL,65,45,10.0,472.0,4720.0,2024-10-22
2024102205012968,PHCL,65,55,100.0,472.0,47200.0,2024-10-22
2024102205012967,PHCL,65,34,250.0,472.0,118000.0,2024-10-22
2024102205012966,PHCL,65,49,10.0,472.0,4720.0,2024-10-22
2024102205012965,PHCL,65,38,700.0,472.0,330400.0,2024-10-22
2024102205012964,PHCL,65,43,500.0,472.0,236000.0,2024-10-22
2024102205012963,PHCL,65,26,800.0,472.0,377600.0,2024-10-22
2024102205012962,PHCL,65,45,43.0,472.0,20296.0,2024-10-22
2024102205012961,PHCL,65,36,10.0,472.0,4720.0,2024-10-22
2024102205012960,PHCL,65,41,279.0,472.0,131688.0,2024-10-22
2024102205012959,PHCL,65,38,1000.0,472.0,472000.0,2024-10-22
2024102205012958,PHCL,65,47,50.0,472.0,23600.0,2024-10-22
2024102205012957,PHCL,65,51,10.0,472.0,4720.0,2024-10-22
2024102205012956,PHCL,65,51,100.0,472.0,47200.0,2024-10-22
2024102205012955,PHCL,65,14,10.0,472.0,4720.0,2024-10-22
2024102205012954,PHCL,65,16,200.0,472.0,94400.0,2024-10-22
2024102205012953,PHCL,65,49,10.0,472.0,4720.0,2024-10-22
2024102205012952,PHCL,65,52,20.0,472.0,9440.0,2024-10-22
2024102205012951,PHCL,65,58,10.0,472.0,4720.0,2024-10-22
2024102205012950,PHCL,65,58,10.0,471.9,4719.0,2024-10-22
2024102205012949,PHCL,65,58,300.0,471.9,141570.0,2024-10-22
2024102205012948,PHCL,65,58,100.0,471.8,47180.0,2024-10-22
2024102205012947,PHCL,65,47,500.0,471.5,235750.0,2024-10-22
2024102205012946,PHCL,65,51,10.0,471.0,4710.0,2024-10-22
2024102205012945,PHCL,65,59,100.0,471.0,47100.0,2024-10-22
2024102205012944,PHCL,65,49,326.0,471.0,153546.0,2024-10-22
2024102205012943,PHCL,65,49,34.0,471.0,16014.0,2024-10-22
2024102204011025,UPPER,16,39,500.0,216.0,108000.0,2024-10-22
2024102205012942,PHCL,65,14,200.0,471.0,94200.0,2024-10-22
2024102205012941,PHCL,65,66,100.0,471.0,47100.0,2024-10-22
2024102205012940,PHCL,65,11,10.0,471.0,4710.0,2024-10-22
2024102205012939,PHCL,65,55,100.0,471.0,47100.0,2024-10-22
2024102205012938,PHCL,65,42,100.0,470.9,47090.0,2024-10-22
2024102205012937,PHCL,65,54,200.0,470.5,94100.0,2024-10-22
2024102205012936,PHCL,65,66,300.0,470.0,141000.0,2024-10-22
2024102205012935,PHCL,65,50,10.0,470.0,4700.0,2024-10-22
2024102205012934,PHCL,65,74,100.0,470.0,47000.0,2024-10-22
2024102205012933,PHCL,65,51,263.0,470.0,123610.0,2024-10-22
2024102205012932,PHCL,65,57,75.0,470.0,35250.0,2024-10-22
2024102205012931,PHCL,65,70,500.0,470.0,235000.0,2024-10-22
2024102205012930,PHCL,65,32,159.0,470.0,74730.0,2024-10-22
2024102201017430,KBSH,6,58,10.0,2380.0,23800.0,2024-10-22
2024102204011024,RURU,6,95,199.0,749.8,149210.2,2024-10-22
2024102204011023,RURU,6,57,24.0,745.0,17880.0,2024-10-22
2024102204011022,RURU,6,59,117.0,744.9,87153.3,2024-10-22
2024102204011021,RURU,6,16,10.0,744.0,7440.0,2024-10-22
2024102204011020,GHL,68,42,10.0,219.6,2196.0,2024-10-22
2024102201017429,TSHL,28,51,10.0,919.2,9192.0,2024-10-22
2024102203012038,ICFC,58,34,10.0,749.0,7490.0,2024-10-22
2024102204011019,SPDL,70,81,12.0,305.0,3660.0,2024-10-22
2024102201017428,CYCL,3,55,270.0,1536.0,414720.0,2024-10-22
2024102201017427,MEHL,55,63,100.0,400.0,40000.0,2024-10-22
2024102201017426,MEHL,55,63,90.0,392.5,35325.0,2024-10-22
2024102201017425,MEHL,55,8,200.0,387.1,77420.0,2024-10-22
2024102201017424,MEHL,55,14,190.0,387.0,73530.0,2024-10-22
2024102201017423,MEHL,55,42,570.0,387.0,220590.0,2024-10-22
2024102201017422,MEHL,55,43,1000.0,385.0,385000.0,2024-10-22
2024102201017421,MEHL,55,63,200.0,383.0,76600.0,2024-10-22
2024102201017420,MEHL,55,58,460.0,382.5,175950.0,2024-10-22
2024102201017419,MEHL,55,59,50.0,382.5,19125.0,2024-10-22
2024102201017418,MEHL,55,33,760.0,382.5,290700.0,2024-10-22
2024102201017417,MEHL,55,26,50.0,382.5,19125.0,2024-10-22
2024102201017416,MEHL,55,49,10.0,382.4,3824.0,2024-10-22
2024102201017415,MEHL,55,47,200.0,382.0,76400.0,2024-10-22
2024102201017414,MEHL,55,41,500.0,382.0,191000.0,2024-10-22
2024102201017413,MEHL,55,55,10.0,381.5,3815.0,2024-10-22
2024102201017412,MEHL,55,68,500.0,381.5,190750.0,2024-10-22
2024102201017411,MEHL,55,6,10.0,381.5,3815.0,2024-10-22
2024102201017410,MEHL,55,22,710.0,381.0,270510.0,2024-10-22
2024102201017409,MEHL,55,34,200.0,381.0,76200.0,2024-10-22
2024102201017408,MEHL,55,58,10.0,380.4,3804.0,2024-10-22
2024102201017407,MEHL,55,13,580.0,380.4,220632.0,2024-10-22
2024102201017406,MEHL,55,63,50.0,380.4,19020.0,2024-10-22
2024102203012037,JSLBB,58,52,140.0,1475.0,206500.0,2024-10-22
2024102203012036,JSLBB,1,52,10.0,1475.2,14752.0,2024-10-22
2024102203012035,JSLBB,6,52,300.0,1476.0,442800.0,2024-10-22
2024102203012034,JSLBB,58,52,10.0,1476.1,14761.0,2024-10-22
2024102203012033,JSLBB,7,52,20.0,1477.0,29540.0,2024-10-22
2024102205012929,HDL,44,17,20.0,1374.0,27480.0,2024-10-22
2024102204011018,RHPL,89,58,258.0,369.2,95253.6,2024-10-22
2024102204011017,RHPL,89,58,90.0,369.4,33246.0,2024-10-22
2024102204011016,RHPL,53,58,10.0,370.0,3700.0,2024-10-22
2024102204011015,RHPL,11,58,300.0,370.0,111000.0,2024-10-22
2024102204011014,RHPL,7,58,50.0,370.0,18500.0,2024-10-22
2024102204011013,RHPL,57,58,92.0,370.0,34040.0,2024-10-22
2024102205012928,HRL,58,66,10.0,865.0,8650.0,2024-10-22
2024102203012032,GFCL,11,45,10.0,1059.0,10590.0,2024-10-22
2024102203012031,GBLBS,32,8,10.0,748.0,7480.0,2024-10-22
2024102204011012,OHL,42,45,10.0,934.0,9340.0,2024-10-22
2024102203012030,SWMF,42,53,50.0,825.0,41250.0,2024-10-22
2024102201017405,MHCL,62,21,15.0,417.0,6255.0,2024-10-22
2024102203012029,ALICL,62,45,10.0,715.7,7157.0,2024-10-22
2024102205012927,STC,53,59,10.0,5898.0,58980.0,2024-10-22
2024102203012028,JSLBB,7,62,10.0,1477.0,14770.0,2024-10-22
2024102203012027,SMPDA,14,62,10.0,911.0,9110.0,2024-10-22
2024102201017404,CZBIL,91,6,10.0,252.0,2520.0,2024-10-22
2024102201017403,ULHC,53,41,10.0,397.9,3979.0,2024-10-22
2024102201017402,GVL,74,14,500.0,560.5,280250.0,2024-10-22
2024102201017401,GVL,74,19,200.0,560.0,112000.0,2024-10-22
2024102201017400,GVL,74,74,270.0,560.0,151200.0,2024-10-22
2024102201017399,GVL,74,11,50.0,560.0,28000.0,2024-10-22
2024102201017398,GVL,74,40,60.0,560.0,33600.0,2024-10-22
2024102201017397,GVL,74,4,500.0,560.0,280000.0,2024-10-22
2024102201017396,GVL,74,14,200.0,559.0,111800.0,2024-10-22
2024102201017395,GVL,74,6,112.0,559.0,62608.0,2024-10-22
2024102201017394,GVL,74,6,100.0,552.8,55280.0,2024-10-22
2024102201017393,GVL,74,41,10.0,552.8,5528.0,2024-10-22
2024102201017392,GVL,74,74,40.0,552.8,22112.0,2024-10-22
2024102201017391,GVL,74,51,500.0,552.8,276400.0,2024-10-22
2024102201017390,GVL,74,45,300.0,552.0,165600.0,2024-10-22
2024102201017389,GVL,74,14,200.0,552.0,110400.0,2024-10-22
2024102201017388,GVL,74,13,400.0,551.0,220400.0,2024-10-22
2024102201017387,GVL,74,32,10.0,551.0,5510.0,2024-10-22
2024102201017386,GVL,74,56,500.0,550.8,275400.0,2024-10-22
2024102201017385,GVL,74,74,500.0,549.7,274850.0,2024-10-22
2024102201017384,GVL,74,45,200.0,548.0,109600.0,2024-10-22
2024102201017383,GVL,74,51,400.0,545.0,218000.0,2024-10-22
2024102201017382,GVL,74,26,100.0,545.0,54500.0,2024-10-22
2024102201017381,GVL,74,48,50.0,544.0,27200.0,2024-10-22
2024102201017380,GVL,74,50,100.0,544.0,54400.0,2024-10-22
2024102201017379,GVL,74,66,500.0,543.1,271550.0,2024-10-22
2024102201017378,GVL,74,47,100.0,543.0,54300.0,2024-10-22
2024102201017377,GVL,74,48,50.0,543.0,27150.0,2024-10-22
2024102201017376,GVL,74,38,10.0,542.0,5420.0,2024-10-22
2024102201017375,GVL,74,17,10.0,542.0,5420.0,2024-10-22
2024102201017374,GVL,74,96,10.0,542.0,5420.0,2024-10-22
2024102201017373,GVL,74,42,10.0,542.0,5420.0,2024-10-22
2024102201017372,GVL,74,48,40.0,542.0,21680.0,2024-10-22
2024102205012926,SONA,71,49,20.0,481.0,9620.0,2024-10-22
2024102205012925,ENL,22,62,10.0,1120.0,11200.0,2024-10-22
2024102203012026,NFS,22,21,111.0,1393.0,154623.0,2024-10-22
2024102203012025,NFS,22,35,20.0,1393.0,27860.0,2024-10-22
2024102203012024,NFS,22,21,34.0,1393.0,47362.0,2024-10-22
2024102203012023,NFS,22,35,10.0,1392.5,13925.0,2024-10-22
2024102203012022,NFS,22,36,15.0,1392.0,20880.0,2024-10-22
2024102203012021,NFS,22,35,10.0,1392.0,13920.0,2024-10-22
2024102203012020,NFS,22,29,60.0,1391.7,83502.0,2024-10-22
2024102203012019,NFS,22,35,20.0,1391.2,27824.0,2024-10-22
2024102203012018,NFS,22,35,20.0,1391.0,27820.0,2024-10-22
2024102203012017,NFS,22,4,100.0,1391.0,139100.0,2024-10-22
2024102205012924,SMJC,26,42,10.0,580.0,5800.0,2024-10-22
2024102203012016,SINDU,88,18,20.0,670.0,13400.0,2024-10-22
2024102201017371,HIDCLP,88,58,145.0,185.0,26825.0,2024-10-22
2024102203012015,FOWAD,34,56,10.0,1479.0,14790.0,2024-10-22
2024102203012014,FOWAD,34,22,10.0,1475.0,14750.0,2024-10-22
2024102203012013,FOWAD,34,36,85.0,1475.0,125375.0,2024-10-22
2024102203012012,SLBBL,58,45,25.0,963.1,24077.5,2024-10-22
2024102203012011,SLBBL,36,45,35.0,965.0,33775.0,2024-10-22
2024102203012010,SLBBL,58,45,50.0,965.0,48250.0,2024-10-22
2024102203012009,SLBBL,44,45,20.0,965.0,19300.0,2024-10-22
2024102205012923,HDL,7,50,100.0,1374.9,137490.0,2024-10-22
2024102201017370,GBIME,7,51,100.0,260.5,26050.0,2024-10-22
2024102204011011,SHPC,60,43,10.0,528.9,5289.0,2024-10-22
2024102201017369,NBL,21,21,100.0,291.0,29100.0,2024-10-22
2024102201017368,MHCL,57,21,10.0,417.9,4179.0,2024-10-22
2024102205012922,HRL,35,66,100.0,865.0,86500.0,2024-10-22
2024102201017367,KBSH,35,47,25.0,2369.0,59225.0,2024-10-22
2024102201017366,SBL,46,41,10.0,353.1,3531.0,2024-10-22
2024102204011010,HPPL,52,42,10.0,319.9,3199.0,2024-10-22
2024102201017365,USHL,42,57,10.0,788.9,7889.0,2024-10-22
2024102201017364,CZBIL,45,84,200.0,250.0,50000.0,2024-10-22
2024102201017363,CZBIL,1,84,250.0,251.0,62750.0,2024-10-22
2024102201017362,CZBIL,49,84,46.0,251.0,11546.0,2024-10-22
2024102204011009,SPDL,57,81,100.0,305.0,30500.0,2024-10-22
2024102204011008,SHEL,72,58,10.0,247.0,2470.0,2024-10-22
2024102205012921,RNLI,58,25,11.0,494.0,5434.0,2024-10-22
2024102203012008,DDBL,44,50,36.0,913.1,32871.6,2024-10-22
2024102203012007,ALICL,62,17,500.0,715.0,357500.0,2024-10-22
2024102203012006,ALICL,62,47,101.0,715.0,72215.0,2024-10-22
2024102203012005,SAPDBL,58,44,300.0,577.0,173100.0,2024-10-22
2024102203012004,NFS,74,56,100.0,1390.0,139000.0,2024-10-22
2024102203012003,NFS,74,72,800.0,1390.0,1112000.0,2024-10-22
2024102203012002,NFS,74,1,10.0,1388.0,13880.0,2024-10-22
2024102203012001,NFS,74,58,200.0,1388.0,277600.0,2024-10-22
2024102203012000,NFS,74,72,10.0,1387.8,13878.0,2024-10-22
2024102203011999,NFS,74,7,10.0,1386.0,13860.0,2024-10-22
2024102203011998,NFS,74,4,10.0,1386.0,13860.0,2024-10-22
2024102201017361,RAWA,44,52,808.0,861.0,695688.0,2024-10-22
2024102201017360,RAWA,44,71,320.0,814.0,260480.0,2024-10-22
2024102201017359,RAWA,44,8,10.0,813.0,8130.0,2024-10-22
2024102201017358,RAWA,44,48,162.0,813.0,131706.0,2024-10-22
2024102203011997,NFS,74,22,500.0,1385.0,692500.0,2024-10-22
2024102201017357,RAWA,44,26,10.0,799.6,7996.0,2024-10-22
2024102201017356,RAWA,44,35,190.0,799.0,151810.0,2024-10-22
2024102203011996,NFS,74,35,100.0,1385.0,138500.0,2024-10-22
2024102203011995,NFS,74,14,500.0,1385.0,692500.0,2024-10-22
2024102203011994,NFS,74,55,100.0,1385.0,138500.0,2024-10-22
2024102203011993,NFS,74,1,10.0,1384.5,13845.0,2024-10-22
2024102203011992,NFS,74,34,563.0,1384.5,779473.5,2024-10-22
2024102203011991,NFS,74,57,10.0,1375.0,13750.0,2024-10-22
2024102203011990,NFS,74,51,134.0,1375.0,184250.0,2024-10-22
2024102205012920,PHCL,71,32,10.0,470.0,4700.0,2024-10-22
2024102201017355,CKHL,19,72,10.0,640.0,6400.0,2024-10-22
2024102204011007,UPCL,22,38,10.0,264.9,2649.0,2024-10-22
2024102204011006,TRH,22,55,10.0,1123.0,11230.0,2024-10-22
2024102201017354,IHL,57,26,71.0,500.0,35500.0,2024-10-22
2024102201017353,IHL,42,26,200.0,500.0,100000.0,2024-10-22
2024102201017352,IHL,74,26,50.0,500.1,25005.0,2024-10-22
2024102201017351,IHL,17,26,40.0,500.2,20008.0,2024-10-22
2024102201017350,IHL,18,26,100.0,501.0,50100.0,2024-10-22
2024102201017349,IHL,50,26,10.0,501.1,5011.0,2024-10-22
2024102201017348,IHL,6,26,29.0,508.0,14732.0,2024-10-22
2024102203011989,LICN,58,51,1745.0,2023.0,3530135.0,2024-10-22
2024102203011988,LICN,38,51,30.0,2023.0,60690.0,2024-10-22
2024102203011987,LICN,45,51,15.0,2023.1,30346.5,2024-10-22
2024102203011986,LICN,54,51,20.0,2025.0,40500.0,2024-10-22
2024102203011985,LICN,45,51,190.0,2025.0,384750.0,2024-10-22
2024102204011005,GHL,45,17,250.0,219.5,54875.0,2024-10-22
2024102201017347,UHEWA,41,38,200.0,487.0,97400.0,2024-10-22
2024102204011004,AKJCL,21,98,208.0,212.0,44096.0,2024-10-22
2024102204011003,AKJCL,62,98,20.0,212.0,4240.0,2024-10-22
2024102204011002,AKJCL,4,98,400.0,212.0,84800.0,2024-10-22
2024102204011001,AKJCL,58,98,45.0,212.1,9544.5,2024-10-22
2024102204011000,AKJCL,57,98,220.0,212.4,46728.0,2024-10-22
2024102205012919,SMATA,66,49,10.0,891.0,8910.0,2024-10-22
2024102205012918,PHCL,65,6,10.0,469.9,4699.0,2024-10-22
2024102203011984,ALICL,62,70,468.0,713.0,333684.0,2024-10-22
2024102203011983,ALICL,35,70,50.0,713.0,35650.0,2024-10-22
2024102203011982,ALICL,57,70,10.0,713.0,7130.0,2024-10-22
2024102203011981,ALICL,53,70,10.0,714.0,7140.0,2024-10-22
2024102201017346,USHEC,55,26,50.0,530.0,26500.0,2024-10-22
2024102204010999,LEC,52,28,200.0,282.8,56560.0,2024-10-22
2024102204010998,UMRH,29,65,10.0,476.2,4762.0,2024-10-22
2024102204010997,UMRH,29,6,40.0,476.0,19040.0,2024-10-22
2024102203011980,GMFIL,29,22,10.0,622.0,6220.0,2024-10-22
2024102204010996,HDHPC,57,50,100.0,212.9,21290.0,2024-10-22
2024102203011979,GFCL,61,45,10.0,1059.0,10590.0,2024-10-22
2024102203011978,SFCL,58,13,50.0,640.5,32025.0,2024-10-22
2024102204010995,RIDI,6,56,1100.0,235.0,258500.0,2024-10-22
2024102201017345,TSHL,49,53,10.0,918.6,9186.0,2024-10-22
2024102205012917,NRIC,59,13,475.0,808.0,383800.0,2024-10-22
2024102205012916,NRIC,59,40,15.0,807.0,12105.0,2024-10-22
2024102205012915,NRIC,59,39,10.0,806.8,8068.0,2024-10-22
2024102204010994,API,53,58,50.0,287.0,14350.0,2024-10-22
2024102204010993,API,34,58,100.0,287.2,28720.0,2024-10-22
2024102204010992,JOSHI,19,28,100.0,310.0,31000.0,2024-10-22
2024102201017344,RAWA,88,35,210.0,799.0,167790.0,2024-10-22
2024102201017343,RAWA,88,47,190.0,799.0,151810.0,2024-10-22
2024102203011977,NLICL,34,48,10.0,610.0,6100.0,2024-10-22
2024102203011976,HLBSL,77,45,10.0,1019.1,10191.0,2024-10-22
2024102204010991,SJCL,43,45,10.0,329.7,3297.0,2024-10-22
2024102204010990,SJCL,43,6,10.0,329.0,3290.0,2024-10-22
2024102203011975,GMFIL,45,54,100.0,620.0,62000.0,2024-10-22
2024102205012914,SAHAS,41,16,582.0,477.0,277614.0,2024-10-22
2024102201017342,USHEC,37,26,10.0,530.0,5300.0,2024-10-22
2024102201017341,KDL,52,47,105.0,1043.0,109515.0,2024-10-22
2024102201017340,KDL,45,47,10.0,1044.0,10440.0,2024-10-22
2024102201017339,KDL,45,47,10.0,1044.0,10440.0,2024-10-22
2024102201017338,KDL,45,47,30.0,1045.0,31350.0,2024-10-22
2024102201017337,KDL,57,47,50.0,1045.0,52250.0,2024-10-22
2024102201017336,NBL,16,40,500.0,290.9,145450.0,2024-10-22
2024102201017335,MBL,38,41,35.0,259.0,9065.0,2024-10-22
2024102201017334,MBL,38,38,65.0,259.0,16835.0,2024-10-22
2024102201017333,MAKAR,4,42,100.0,494.0,49400.0,2024-10-22
2024102201017332,RAWA,57,47,10.0,799.0,7990.0,2024-10-22
2024102205012913,NRN,60,14,30.0,913.0,27390.0,2024-10-22
2024102205012912,NRN,60,43,10.0,911.0,9110.0,2024-10-22
2024102203011974,SKBBL,56,47,85.0,937.0,79645.0,2024-10-22
2024102204010989,KPCL,44,50,10.0,493.8,4938.0,2024-10-22
2024102201017331,HIDCLP,43,58,455.0,185.0,84175.0,2024-10-22
2024102201017330,HIDCLP,13,58,500.0,185.1,92550.0,2024-10-22
2024102205012911,SMATA,22,49,10.0,891.0,8910.0,2024-10-22
2024102201017329,MCHL,58,45,10.0,492.0,4920.0,2024-10-22
2024102205012910,SHIVM,58,41,19.0,607.0,11533.0,2024-10-22
2024102205012909,SHIVM,45,41,11.0,607.0,6677.0,2024-10-22
2024102201017328,CYCL,3,41,15.0,1536.0,23040.0,2024-10-22
2024102201017327,MHL,58,32,286.0,721.5,206349.0,2024-10-22
2024102201017326,MHL,58,32,10.0,722.0,7220.0,2024-10-22
2024102201017325,MHL,34,32,20.0,722.0,14440.0,2024-10-22
2024102201017324,MHL,58,32,12.0,722.3,8667.6,2024-10-22
2024102201017323,MHL,42,32,100.0,723.0,72300.0,2024-10-22
2024102201017322,MHL,39,32,20.0,723.0,14460.0,2024-10-22
2024102201017321,MHL,39,32,30.0,723.0,21690.0,2024-10-22
2024102201017320,MHL,33,32,500.0,725.0,362500.0,2024-10-22
2024102201017319,MHL,42,32,70.0,725.0,50750.0,2024-10-22
2024102204010988,HDHPC,21,50,110.0,213.0,23430.0,2024-10-22
2024102204010987,HDHPC,21,58,90.0,213.0,19170.0,2024-10-22
2024102203011973,NLIC,58,16,400.0,827.0,330800.0,2024-10-22
2024102204010986,NGPL,47,28,10.0,474.9,4749.0,2024-10-22
2024102203011972,SIFC,40,18,100.0,618.0,61800.0,2024-10-22
2024102203011971,DDBL,17,57,10.0,918.9,9189.0,2024-10-22
2024102203011970,DDBL,17,57,10.0,918.0,9180.0,2024-10-22
2024102201017318,EBL,38,22,20.0,600.0,12000.0,2024-10-22
2024102203011969,JBBL,22,55,490.0,354.1,173509.0,2024-10-22
2024102203011968,JBBL,65,55,10.0,354.2,3542.0,2024-10-22
2024102201017317,GBIME,38,51,1300.0,260.5,338650.0,2024-10-22
2024102201017316,ANLB,13,38,10.0,4406.1,44061.0,2024-10-22
2024102205012908,HIDCL,84,67,1000.0,274.8,274800.0,2024-10-22
2024102204010985,RURU,42,57,30.0,743.0,22290.0,2024-10-22
2024102203011967,NFS,19,39,17.0,1370.0,23290.0,2024-10-22
2024102203011966,NFS,36,39,10.0,1370.0,13700.0,2024-10-22
2024102203011965,NFS,54,39,25.0,1370.0,34250.0,2024-10-22
2024102203011964,NFS,49,39,18.0,1370.0,24660.0,2024-10-22
2024102203011963,NFS,32,39,30.0,1370.0,41100.0,2024-10-22
2024102205012907,RNLI,4,42,100.0,493.0,49300.0,2024-10-22
2024102204010984,SHEL,72,22,1000.0,247.0,247000.0,2024-10-22
2024102204010983,JOSHI,45,22,100.0,308.0,30800.0,2024-10-22
2024102205012906,HRL,51,66,50.0,865.0,43250.0,2024-10-22
2024102201017315,PRVU,1,58,122.0,259.0,31598.0,2024-10-22
2024102201017314,PRVU,1,21,152.0,259.0,39368.0,2024-10-22
2024102201017313,PRVU,1,29,206.0,259.0,53354.0,2024-10-22
2024102201017312,PRVU,1,34,190.0,258.9,49191.0,2024-10-22
2024102201017311,PRVU,1,57,200.0,258.9,51780.0,2024-10-22
2024102201017310,PRVU,1,58,30.0,258.9,7767.0,2024-10-22
2024102201017309,PRVU,1,7,100.0,258.8,25880.0,2024-10-22
2024102205012905,CIT,41,4,10.0,2195.0,21950.0,2024-10-22
2024102205012904,SONA,38,25,10.0,480.0,4800.0,2024-10-22
2024102201017308,USHEC,42,11,9.0,530.0,4770.0,2024-10-22
2024102201017307,USHEC,25,11,21.0,530.0,11130.0,2024-10-22
2024102201017306,NMB,48,26,100.0,271.0,27100.0,2024-10-22
2024102201017305,NBL,38,21,419.0,291.0,121929.0,2024-10-22
2024102203011962,MNBBL,38,28,100.0,396.6,39660.0,2024-10-22
2024102201017304,MHCL,57,57,10.0,418.5,4185.0,2024-10-22
2024102201017303,MHCL,57,45,10.0,418.0,4180.0,2024-10-22
2024102201017302,MHCL,57,41,180.0,418.0,75240.0,2024-10-22
2024102204010982,SGIC,57,57,50.0,646.0,32300.0,2024-10-22
2024102204010981,SGIC,57,36,70.0,645.0,45150.0,2024-10-22
2024102204010980,UNHPL,58,42,150.0,266.0,39900.0,2024-10-22
2024102204010979,UNHPL,11,42,100.0,266.0,26600.0,2024-10-22
2024102204010978,UNHPL,52,42,50.0,266.0,13300.0,2024-10-22
2024102204010977,UNHPL,53,42,50.0,266.1,13305.0,2024-10-22
2024102204010976,UNHPL,19,42,150.0,267.0,40050.0,2024-10-22
2024102203011961,NLICL,42,48,377.0,610.0,229970.0,2024-10-22
2024102201017301,TSHL,62,57,10.0,919.0,9190.0,2024-10-22
2024102201017300,TSHL,62,6,20.0,919.0,18380.0,2024-10-22
2024102204010975,HPPL,3,42,10.0,319.9,3199.0,2024-10-22
2024102204010974,NLG,55,92,390.0,1315.0,512850.0,2024-10-22
2024102204010973,NLG,55,26,100.0,1315.0,131500.0,2024-10-22
2024102203011960,SHINE,34,49,104.0,474.8,49379.2,2024-10-22
2024102203011959,SHINE,34,43,700.0,474.7,332290.0,2024-10-22
2024102203011958,SHINE,34,54,196.0,474.7,93041.2,2024-10-22
2024102203011957,SFCL,58,13,10.0,640.5,6405.0,2024-10-22
2024102205012903,CIT,49,4,30.0,2195.0,65850.0,2024-10-22
2024102205012902,CIT,49,26,21.0,2194.0,46074.0,2024-10-22
2024102204010972,LEC,56,28,100.0,282.8,28280.0,2024-10-22
2024102205012901,SAHAS,13,16,100.0,477.9,47790.0,2024-10-22
2024102205012900,SAHAS,13,19,100.0,477.8,47780.0,2024-10-22
2024102201017299,EHPL,16,13,150.0,832.1,124815.0,2024-10-22
2024102201017298,EHPL,32,13,10.0,832.2,8322.0,2024-10-22
2024102201017297,EHPL,32,13,70.0,832.3,58261.0,2024-10-22
2024102201017296,EHPL,62,13,10.0,834.0,8340.0,2024-10-22
2024102201017295,EHPL,42,13,10.0,835.0,8350.0,2024-10-22
2024102203011956,GMFBS,4,95,10.0,1529.0,15290.0,2024-10-22
2024102201017294,MKCL,4,95,30.0,1523.0,45690.0,2024-10-22
2024102203011955,LICN,45,62,10.0,2025.0,20250.0,2024-10-22
2024102204010971,LEC,56,7,10.0,282.9,2829.0,2024-10-22
2024102204010970,GHL,89,3,200.0,219.0,43800.0,2024-10-22
2024102204010969,RADHI,22,29,60.0,394.0,23640.0,2024-10-22
2024102201017293,SPC,22,39,45.0,515.0,23175.0,2024-10-22
2024102205012899,HIDCL,19,67,85.0,274.8,23358.0,2024-10-22
2024102205012898,HIDCL,19,45,100.0,274.7,27470.0,2024-10-22
2024102205012897,HIDCL,19,41,415.0,274.0,113710.0,2024-10-22
2024102201017292,NBL,16,26,606.0,290.9,176285.4,2024-10-22
2024102204010968,MHNL,1,45,19.0,266.0,5054.0,2024-10-22
2024102203011954,MLBL,21,28,10.0,404.9,4049.0,2024-10-22
2024102205012896,CLI,47,33,434.0,640.0,277760.0,2024-10-22
2024102205012895,CLI,47,58,10.0,640.0,6400.0,2024-10-22
2024102205012894,CLI,47,57,10.0,640.0,6400.0,2024-10-22
2024102205012893,CLI,47,25,32.0,640.0,20480.0,2024-10-22
2024102205012892,CLI,47,58,10.0,640.0,6400.0,2024-10-22
2024102205012891,CLI,47,16,10.0,640.0,6400.0,2024-10-22
2024102205012890,CLI,47,59,10.0,640.0,6400.0,2024-10-22
2024102205012889,CLI,47,21,10.0,640.0,6400.0,2024-10-22
2024102205012888,CLI,47,59,10.0,640.0,6400.0,2024-10-22
2024102205012887,CLI,47,32,10.0,640.0,6400.0,2024-10-22
2024102205012886,CLI,47,22,10.0,639.0,6390.0,2024-10-22
2024102205012885,CLI,47,44,100.0,639.0,63900.0,2024-10-22
2024102205012884,CLI,47,45,10.0,638.0,6380.0,2024-10-22
2024102205012883,CLI,47,58,34.0,636.0,21624.0,2024-10-22
2024102205012882,CLI,47,52,100.0,635.0,63500.0,2024-10-22
2024102204010967,PMHPL,47,11,50.0,264.0,13200.0,2024-10-22
2024102203011953,BFC,49,6,100.0,615.9,61590.0,2024-10-22
2024102201017291,IHL,6,35,10.0,508.0,5080.0,2024-10-22
2024102201017290,SAMAJ,77,48,10.0,3320.0,33200.0,2024-10-22
2024102203011952,MATRI,42,58,5.0,1400.0,7000.0,2024-10-22
2024102204010966,SHEL,72,3,93.0,247.0,22971.0,2024-10-22
2024102201017289,EBL,49,22,100.0,600.0,60000.0,2024-10-22
2024102201017288,EBL,20,22,190.0,600.0,114000.0,2024-10-22
2024102201017287,EBL,60,22,50.0,601.0,30050.0,2024-10-22
2024102205012881,NIFRA,71,82,609.0,285.0,173565.0,2024-10-22
2024102205012880,NIFRA,45,82,200.0,285.0,57000.0,2024-10-22
2024102205012879,NIFRA,55,82,170.0,285.0,48450.0,2024-10-22
2024102205012878,NIFRA,42,82,30.0,285.0,8550.0,2024-10-22
2024102205012877,NIFRA,19,82,100.0,285.0,28500.0,2024-10-22
2024102205012876,NIFRA,84,82,100.0,285.0,28500.0,2024-10-22
2024102205012875,NIFRA,43,82,100.0,285.0,28500.0,2024-10-22
2024102205012874,NIFRA,34,82,500.0,285.0,142500.0,2024-10-22
2024102205012873,NIFRA,60,82,94.0,285.0,26790.0,2024-10-22
2024102205012872,NIFRA,4,82,1000.0,285.1,285100.0,2024-10-22
2024102205012871,NIFRA,38,82,97.0,285.1,27654.7,2024-10-22
2024102203011951,GFCL,72,45,10.0,1059.0,10590.0,2024-10-22
2024102203011950,GFCL,72,7,90.0,1058.0,95220.0,2024-10-22
2024102201017286,EHPL,7,68,10.0,840.0,8400.0,2024-10-22
2024102201017285,EHPL,7,13,40.0,837.1,33484.0,2024-10-22
2024102204010965,SHEL,72,43,400.0,247.0,98800.0,2024-10-22
2024102201017284,GBIME,32,54,100.0,260.0,26000.0,2024-10-22
2024102201017283,LSL,20,33,1000.0,259.0,259000.0,2024-10-22
2024102201017282,MMKJL,32,11,70.0,534.0,37380.0,2024-10-22
2024102201017281,PRVU,47,7,50.0,258.8,12940.0,2024-10-22
2024102205012870,HDL,58,35,10.0,1372.0,13720.0,2024-10-22
2024102201017280,SANIMA,35,91,57.0,338.0,19266.0,2024-10-22
2024102201017279,SANIMA,35,65,150.0,338.0,50700.0,2024-10-22
2024102201017278,SANIMA,35,58,20.0,338.0,6760.0,2024-10-22
2024102201017277,NIMB,13,57,653.0,251.0,163903.0,2024-10-22
2024102201017276,NIMB,13,28,331.0,250.9,83047.9,2024-10-22
2024102201017275,NIMB,13,28,1000.0,250.9,250900.0,2024-10-22
2024102201017274,NIMB,13,32,300.0,250.0,75000.0,2024-10-22
2024102201017273,NIMB,13,38,216.0,250.0,54000.0,2024-10-22
2024102204010964,RADHI,63,84,632.0,390.0,246480.0,2024-10-22
2024102204010963,RADHI,52,84,300.0,391.0,117300.0,2024-10-22
2024102204010962,RADHI,32,84,68.0,393.0,26724.0,2024-10-22
2024102204010961,API,84,35,125.0,287.5,35937.5,2024-10-22
2024102203011949,KRBL,38,56,400.0,612.1,244840.0,2024-10-22
2024102201017272,NIMB,11,38,112.0,250.0,28000.0,2024-10-22
2024102203011948,GFCL,61,7,10.0,1058.0,10580.0,2024-10-22
2024102201017271,SBI,44,6,20.0,490.0,9800.0,2024-10-22
2024102203011947,NLIC,58,5,100.0,827.0,82700.0,2024-10-22
2024102203011946,SLBBL,36,45,10.0,968.9,9689.0,2024-10-22
2024102204010960,UMHL,51,52,272.0,312.0,84864.0,2024-10-22
2024102204010959,UMHL,51,57,100.0,312.0,31200.0,2024-10-22
2024102204010958,UMHL,51,44,128.0,312.0,39936.0,2024-10-22
2024102203011945,JFL,7,57,10.0,649.0,6490.0,2024-10-22
2024102203011944,NICLBSL,32,59,10.0,718.0,7180.0,2024-10-22
2024102203011943,GRDBL,14,51,30.0,738.0,22140.0,2024-10-22
2024102203011942,GRDBL,14,58,18.0,737.0,13266.0,2024-10-22
2024102203011941,GRDBL,14,16,10.0,736.9,7369.0,2024-10-22
2024102201017270,PPL,57,56,110.0,463.5,50985.0,2024-10-22
2024102201017269,PPL,57,17,49.0,463.4,22706.6,2024-10-22
2024102201017268,PPL,57,45,10.0,463.4,4634.0,2024-10-22
2024102201017267,SGHC,62,41,120.0,392.0,47040.0,2024-10-22
2024102201017266,NIMB,50,58,100.0,249.7,24970.0,2024-10-22
2024102201017265,NABIL,59,50,2500.0,591.0,1477500.0,2024-10-22
2024102205012869,HDL,44,38,10.0,1374.0,13740.0,2024-10-22
2024102205012868,NRN,42,70,20.0,910.0,18200.0,2024-10-22
2024102203011940,SKBBL,22,47,50.0,937.0,46850.0,2024-10-22
2024102205012867,HATHY,7,91,65.0,1440.0,93600.0,2024-10-22
2024102205012866,HATHY,7,38,35.0,1440.0,50400.0,2024-10-22
2024102204010957,AKPL,41,48,262.0,251.0,65762.0,2024-10-22
2024102204010956,AKPL,41,50,238.0,251.0,59738.0,2024-10-22
2024102204010955,RADHI,32,53,32.0,393.0,12576.0,2024-10-22
2024102205012865,HATHY,45,37,320.0,1439.4,460608.0,2024-10-22
2024102203011939,MLBBL,46,25,30.0,1621.0,48630.0,2024-10-22
2024102201017264,SRLI,49,77,100.0,448.0,44800.0,2024-10-22
2024102205012864,KDBY,29,1,100.0,9.44,944.0,2024-10-22
2024102203011938,CFCL,38,39,50.0,620.0,31000.0,2024-10-22
2024102204010954,UMHL,8,44,11.0,312.0,3432.0,2024-10-22
2024102201017263,MEHL,55,57,400.0,380.0,152000.0,2024-10-22
2024102201017262,NBL,57,6,500.0,291.0,145500.0,2024-10-22
2024102203011937,MLBSL,5,41,10.0,2026.0,20260.0,2024-10-22
2024102204010953,UPCL,58,48,10.0,265.0,2650.0,2024-10-22
2024102201017261,UNLB,60,19,50.0,2520.1,126005.0,2024-10-22
2024102201017260,UNLB,95,19,10.0,2520.1,25201.0,2024-10-22
2024102201017259,UNLB,60,19,40.0,2522.0,100880.0,2024-10-22
2024102201017258,SBI,43,6,1919.0,490.0,940310.0,2024-10-22
2024102201017257,SBI,43,50,20.0,490.0,9800.0,2024-10-22
2024102201017256,SBI,43,11,61.0,490.0,29890.0,2024-10-22
2024102205012863,MEL,41,45,10.0,287.0,2870.0,2024-10-22
2024102204010952,SHPC,45,5,60.0,530.0,31800.0,2024-10-22
2024102204010951,SHPC,45,29,100.0,530.0,53000.0,2024-10-22
2024102204010950,SHPC,45,41,600.0,529.9,317940.0,2024-10-22
2024102204010949,SHPC,45,38,50.0,529.9,26495.0,2024-10-22
2024102204010948,SHPC,45,29,190.0,529.0,100510.0,2024-10-22
2024102204010947,IGI,70,21,10.0,604.0,6040.0,2024-10-22
2024102204010946,IGI,58,21,13.0,605.0,7865.0,2024-10-22
2024102205012862,HIDCL,33,41,300.0,274.0,82200.0,2024-10-22
2024102204010945,AHPC,29,32,200.0,267.6,53520.0,2024-10-22
2024102204010944,AHPC,48,32,300.0,268.0,80400.0,2024-10-22
2024102204010943,AHPC,57,32,200.0,268.0,53600.0,2024-10-22
2024102204010942,AHPC,52,32,500.0,268.0,134000.0,2024-10-22
2024102204010941,AHPC,43,32,100.0,268.0,26800.0,2024-10-22
2024102204010940,AHPC,59,32,100.0,269.0,26900.0,2024-10-22
2024102203011936,NADEP,68,37,29.0,1020.0,29580.0,2024-10-22
2024102204010939,SPDL,6,81,27.0,305.0,8235.0,2024-10-22
2024102204010938,SPDL,6,44,26.0,305.0,7930.0,2024-10-22
2024102204010937,SPDL,6,45,47.0,304.5,14311.5,2024-10-22
2024102203011935,SFCL,19,38,258.0,639.0,164862.0,2024-10-22
2024102203011934,SFCL,25,38,142.0,640.0,90880.0,2024-10-22
2024102203011933,NMBMF,39,47,50.0,705.0,35250.0,2024-10-22
2024102203011932,CFCL,91,22,50.0,619.1,30955.0,2024-10-22
2024102204010936,CGH,53,39,67.0,914.0,61238.0,2024-10-22
2024102204010935,CGH,53,7,53.0,913.0,48389.0,2024-10-22
2024102204010934,CGH,53,59,110.0,912.0,100320.0,2024-10-22
2024102205012861,VLUCL,53,57,10.0,589.9,5899.0,2024-10-22
2024102203011931,NFS,22,51,20.0,1375.0,27500.0,2024-10-22
2024102203011930,JFL,35,81,220.0,642.1,141262.0,2024-10-22
2024102203011929,JFL,60,81,100.0,643.0,64300.0,2024-10-22
2024102203011928,JFL,54,81,50.0,645.0,32250.0,2024-10-22
2024102203011927,JFL,7,81,25.0,645.0,16125.0,2024-10-22
2024102203011926,JFL,63,81,105.0,646.9,67924.5,2024-10-22
2024102205012860,CHDC,43,43,66.0,1719.9,113513.4,2024-10-22
2024102203011925,CORBL,34,17,40.0,960.0,38400.0,2024-10-22
2024102205012859,HATHY,34,38,25.0,1440.0,36000.0,2024-10-22
2024102205012858,SAHAS,58,21,25.0,477.0,11925.0,2024-10-22
2024102205012857,SAHAS,42,21,20.0,477.0,9540.0,2024-10-22
2024102205012856,SAHAS,16,21,50.0,477.0,23850.0,2024-10-22
2024102205012855,HATHY,16,38,100.0,1440.0,144000.0,2024-10-22
2024102201017255,SMHL,65,14,40.0,617.1,24684.0,2024-10-22
2024102201017254,SMHL,65,35,100.0,617.0,61700.0,2024-10-22
2024102201017253,SMHL,65,65,210.0,617.0,129570.0,2024-10-22
2024102201017252,SMHL,65,66,1580.0,615.0,971700.0,2024-10-22
2024102201017251,SMHL,65,70,100.0,615.0,61500.0,2024-10-22
2024102201017250,SMHL,65,22,21.0,615.0,12915.0,2024-10-22
2024102201017249,SMHL,65,57,10.0,612.0,6120.0,2024-10-22
2024102201017248,SMHL,65,32,200.0,612.0,122400.0,2024-10-22
2024102201017247,SMHL,65,74,10.0,612.0,6120.0,2024-10-22
2024102201017246,SMHL,65,55,10.0,612.0,6120.0,2024-10-22
2024102201017245,SMHL,65,48,100.0,612.0,61200.0,2024-10-22
2024102201017244,SMHL,65,42,10.0,612.0,6120.0,2024-10-22
2024102201017243,SMHL,65,41,10.0,610.0,6100.0,2024-10-22
2024102201017242,SMHL,65,42,10.0,610.0,6100.0,2024-10-22
2024102201017241,SMHL,65,35,10.0,610.0,6100.0,2024-10-22
2024102201017240,SMHL,65,35,10.0,610.0,6100.0,2024-10-22
2024102201017239,SMHL,65,34,10.0,610.0,6100.0,2024-10-22
2024102201017238,SMHL,65,19,10.0,608.0,6080.0,2024-10-22
2024102201017237,SMHL,65,54,990.0,607.0,600930.0,2024-10-22
2024102201017236,SMHL,65,25,10.0,605.0,6050.0,2024-10-22
2024102201017235,SMHL,65,45,10.0,605.0,6050.0,2024-10-22
2024102201017234,SMHL,65,43,10.0,605.0,6050.0,2024-10-22
2024102201017233,SMHL,65,71,200.0,605.0,121000.0,2024-10-22
2024102201017232,SMHL,65,6,10.0,605.0,6050.0,2024-10-22
2024102201017231,SMHL,65,13,20.0,605.0,12100.0,2024-10-22
2024102201017230,SMHL,65,45,107.0,605.0,64735.0,2024-10-22
2024102201017229,SMHL,65,57,10.0,604.0,6040.0,2024-10-22
2024102201017228,SMHL,65,64,200.0,604.0,120800.0,2024-10-22
2024102201017227,SMHL,65,42,30.0,603.9,18117.0,2024-10-22
2024102201017226,SMHL,65,14,205.0,603.0,123615.0,2024-10-22
2024102201017225,SMHL,65,49,10.0,603.0,6030.0,2024-10-22
2024102201017224,SMHL,65,14,10.0,603.0,6030.0,2024-10-22
2024102201017223,SMHL,65,45,10.0,602.9,6029.0,2024-10-22
2024102201017222,SMHL,65,35,10.0,601.8,6018.0,2024-10-22
2024102201017221,SMHL,65,13,20.0,600.7,12014.0,2024-10-22
2024102201017220,SMHL,65,13,20.0,600.6,12012.0,2024-10-22
2024102201017219,SMHL,65,48,200.0,600.0,120000.0,2024-10-22
2024102201017218,SMHL,65,57,10.0,600.0,6000.0,2024-10-22
2024102201017217,SMHL,65,55,10.0,600.0,6000.0,2024-10-22
2024102201017216,SMHL,65,34,10.0,600.0,6000.0,2024-10-22
2024102201017215,SMHL,65,8,10.0,600.0,6000.0,2024-10-22
2024102201017214,SMHL,65,68,10.0,600.0,6000.0,2024-10-22
2024102201017213,SMHL,65,59,10.0,600.0,6000.0,2024-10-22
2024102201017212,SMHL,65,7,10.0,600.0,6000.0,2024-10-22
2024102201017211,SMHL,65,51,10.0,600.0,6000.0,2024-10-22
2024102201017210,SPHL,28,35,20.0,650.0,13000.0,2024-10-22
2024102203011924,RLFL,54,49,150.0,618.1,92715.0,2024-10-22
2024102201017209,BNT,49,43,20.0,14400.0,288000.0,2024-10-22
2024102201017208,SMH,52,77,10.0,1058.9,10589.0,2024-10-22
2024102203011923,SMB,55,48,32.0,1805.0,57760.0,2024-10-22
2024102204010933,API,35,57,48.0,287.0,13776.0,2024-10-22
2024102204010932,API,14,57,45.0,287.1,12919.5,2024-10-22
2024102201017207,NBL,16,50,455.0,290.9,132359.5,2024-10-22
2024102205012854,PHCL,65,44,10000.0,469.9,4699000.0,2024-10-22
2024102203011922,JFL,42,57,50.0,649.0,32450.0,2024-10-22
2024102204010931,GHL,89,42,2000.0,219.0,438000.0,2024-10-22
2024102204010930,AKJCL,17,19,140.0,212.8,29792.0,2024-10-22
2024102203011921,RLFL,81,34,41.0,620.0,25420.0,2024-10-22
2024102203011920,RLFL,81,45,59.0,620.0,36580.0,2024-10-22
2024102201017206,NBL,34,6,1000.0,291.0,291000.0,2024-10-22
2024102205012853,HIDCL,51,41,10.0,274.0,2740.0,2024-10-22
2024102204010929,NLG,55,41,150.0,1315.0,197250.0,2024-10-22
2024102205012852,NIFRA,38,45,64.0,285.1,18246.4,2024-10-22
2024102201017205,KBL,45,90,50.0,241.0,12050.0,2024-10-22
2024102204010928,SHL,45,16,100.0,516.5,51650.0,2024-10-22
2024102204010927,NLG,55,58,300.0,1315.0,394500.0,2024-10-22
2024102204010926,NIL,72,32,50.0,904.0,45200.0,2024-10-22
2024102204010925,GHL,68,17,10.0,219.5,2195.0,2024-10-22
2024102201017204,MCHL,55,45,20.0,492.0,9840.0,2024-10-22
2024102201017203,HIDCLP,43,80,100.0,185.0,18500.0,2024-10-22
2024102205012851,GCIL,8,55,18.0,503.8,9068.4,2024-10-22
2024102201017202,ULHC,38,55,10.0,397.9,3979.0,2024-10-22
2024102201017201,ULHC,38,4,10.0,397.0,3970.0,2024-10-22
2024102203011919,GFCL,32,74,369.0,1051.0,387819.0,2024-10-22
2024102204010924,BARUN,19,59,929.0,385.1,357757.9,2024-10-22
2024102201017200,LSL,86,44,50.0,260.0,13000.0,2024-10-22
2024102203011918,SAPDBL,86,38,10.0,577.3,5773.0,2024-10-22
2024102205012850,SAHAS,36,26,50.0,477.0,23850.0,2024-10-22
2024102205012849,SAHAS,40,26,101.0,477.0,48177.0,2024-10-22
2024102205012848,SAHAS,21,26,100.0,477.1,47710.0,2024-10-22
2024102203011917,HLBSL,1,56,50.0,1020.0,51000.0,2024-10-22
2024102205012847,NRM,7,46,10.0,428.0,4280.0,2024-10-22
2024102205012846,SAHAS,21,7,400.0,477.1,190840.0,2024-10-22
2024102205012845,ILI,41,35,37.0,484.0,17908.0,2024-10-22
2024102205012844,ILI,41,57,12.0,484.0,5808.0,2024-10-22
2024102205012843,BBC,25,4,10.0,4205.0,42050.0,2024-10-22
2024102203011916,SHINE,49,48,704.0,473.1,333062.4,2024-10-22
2024102203011915,SHINE,44,48,100.0,473.2,47320.0,2024-10-22
2024102203011914,SHINE,63,48,10.0,473.4,4734.0,2024-10-22
2024102203011913,SHINE,4,48,45.0,473.4,21303.0,2024-10-22
2024102203011912,SHINE,25,48,105.0,473.5,49717.5,2024-10-22
2024102203011911,SHINE,21,48,30.0,474.0,14220.0,2024-10-22
2024102203011910,NLIC,58,16,200.0,827.0,165400.0,2024-10-22
2024102203011909,KRBL,6,28,20.0,612.0,12240.0,2024-10-22
2024102205012842,SONA,38,52,10.0,480.0,4800.0,2024-10-22
2024102201017199,PRVU,20,49,20.0,258.0,5160.0,2024-10-22
2024102201017198,PRVU,38,49,80.0,258.5,20680.0,2024-10-22
2024102204010923,UMRH,29,6,10.0,476.0,4760.0,2024-10-22
2024102205012841,SONA,38,64,250.0,480.0,120000.0,2024-10-22
2024102203011908,JBBL,22,38,50.0,354.1,17705.0,2024-10-22
2024102201017197,MKCL,38,95,40.0,1523.0,60920.0,2024-10-22
2024102203011907,MLBSL,35,42,20.0,2000.0,40000.0,2024-10-22
2024102203011906,CFCL,63,22,150.0,619.9,92985.0,2024-10-22
2024102204010922,CHCL,85,8,200.0,577.0,115400.0,2024-10-22
2024102204010921,CHCL,85,19,40.0,577.0,23080.0,2024-10-22
2024102203011905,FMDBL,57,36,300.0,758.1,227430.0,2024-10-22
2024102203011904,FMDBL,34,36,200.0,758.2,151640.0,2024-10-22
2024102201017196,USHEC,47,7,10.0,524.0,5240.0,2024-10-22
2024102205012840,NRIC,16,34,34.0,806.0,27404.0,2024-10-22
2024102205012839,NRIC,14,34,16.0,806.0,12896.0,2024-10-22
2024102201017195,KBL,25,90,50.0,241.0,12050.0,2024-10-22
2024102205012838,RNLI,16,49,11.0,494.0,5434.0,2024-10-22
2024102201017194,SARBTM,14,70,10.0,769.0,7690.0,2024-10-22
2024102201017193,MMKJL,42,11,616.0,534.0,328944.0,2024-10-22
2024102203011903,GFCL,61,45,10.0,1059.0,10590.0,2024-10-22
2024102204010920,SGIC,48,38,10.0,643.9,6439.0,2024-10-22
2024102201017192,PRVU,38,17,20.0,258.5,5170.0,2024-10-22
2024102204010919,BARUN,62,42,26.0,390.0,10140.0,2024-10-22
2024102204010918,BARUN,62,40,50.0,390.0,19500.0,2024-10-22
2024102204010917,BARUN,62,50,10.0,390.0,3900.0,2024-10-22
2024102204010916,BARUN,62,58,14.0,390.0,5460.0,2024-10-22
2024102201017191,NMB,56,26,70.0,271.0,18970.0,2024-10-22
2024102203011902,CFCL,53,39,100.0,620.0,62000.0,2024-10-22
2024102204010915,NLG,55,44,150.0,1315.0,197250.0,2024-10-22
2024102203011901,PROFL,56,92,340.0,639.2,217328.0,2024-10-22
2024102203011900,PROFL,7,92,10.0,641.0,6410.0,2024-10-22
2024102203011899,PROFL,26,92,150.0,642.9,96435.0,2024-10-22
2024102203011898,PROFL,41,92,700.0,645.1,451570.0,2024-10-22
2024102203011897,ICFC,42,34,200.0,749.0,149800.0,2024-10-22
2024102204010914,BPCL,19,49,10.0,456.0,4560.0,2024-10-22
2024102204010913,BPCL,19,49,17.0,456.0,7752.0,2024-10-22
2024102201017190,USHEC,25,38,29.0,531.0,15399.0,2024-10-22
2024102205012837,PHCL,34,32,200.0,470.0,94000.0,2024-10-22
2024102205012836,PHCL,65,32,131.0,470.0,61570.0,2024-10-22
2024102205012835,SONA,38,16,100.0,480.0,48000.0,2024-10-22
2024102204010912,SHEL,72,65,1000.0,247.0,247000.0,2024-10-22
2024102201017189,USHEC,14,38,30.0,531.0,15930.0,2024-10-22
2024102204010911,SPDL,46,35,10.0,303.7,3037.0,2024-10-22
2024102205012834,HDL,29,50,100.0,1374.9,137490.0,2024-10-22
2024102203011896,MPFL,4,50,5.0,746.0,3730.0,2024-10-22
2024102203011895,MPFL,58,50,20.0,746.0,14920.0,2024-10-22
2024102203011894,MPFL,58,29,780.0,746.0,581880.0,2024-10-22
2024102205012833,VLUCL,57,58,120.0,585.0,70200.0,2024-10-22
2024102205012832,VLUCL,3,58,50.0,585.0,29250.0,2024-10-22
2024102205012831,VLUCL,50,58,20.0,585.1,11702.0,2024-10-22
2024102205012830,VLUCL,42,58,25.0,585.5,14637.5,2024-10-22
2024102205012829,VLUCL,39,58,10.0,585.5,5855.0,2024-10-22
2024102205012828,VLUCL,54,58,40.0,585.5,23420.0,2024-10-22
2024102205012827,VLUCL,49,58,45.0,586.0,26370.0,2024-10-22
2024102205012826,VLUCL,52,58,30.0,586.0,17580.0,2024-10-22
2024102201017188,SBI,58,11,49.0,490.0,24010.0,2024-10-22
2024102201017187,SBI,58,56,951.0,490.0,465990.0,2024-10-22
2024102203011893,SJLIC,77,49,10.0,484.5,4845.0,2024-10-22
2024102203011892,MLBBL,58,10,10.0,1620.0,16200.0,2024-10-22
2024102203011891,FOWAD,38,36,12.0,1475.0,17700.0,2024-10-22
2024102201017186,PCBL,80,22,23.0,294.0,6762.0,2024-10-22
2024102203011890,RLFL,86,49,10.0,619.9,6199.0,2024-10-22
2024102203011889,SLBBL,36,45,10.0,968.9,9689.0,2024-10-22
2024102201017185,HIDCLP,43,19,445.0,185.0,82325.0,2024-10-22
2024102203011888,GUFL,7,29,200.0,730.0,146000.0,2024-10-22
2024102203011887,GUFL,7,38,100.0,730.0,73000.0,2024-10-22
2024102203011886,GUFL,7,74,300.0,730.0,219000.0,2024-10-22
2024102205012825,SONA,38,21,10.0,480.0,4800.0,2024-10-22
2024102201017184,SCB,41,52,21.0,687.5,14437.5,2024-10-22
2024102204010910,UPPER,32,39,500.0,216.0,108000.0,2024-10-22
2024102204010909,CHCL,45,19,60.0,577.0,34620.0,2024-10-22
2024102204010908,CHCL,45,49,50.0,577.0,28850.0,2024-10-22
2024102204010907,CHCL,45,75,690.0,577.0,398130.0,2024-10-22
2024102205012824,HDL,58,14,15.0,1372.0,20580.0,2024-10-22
2024102205012823,CHDC,28,43,10.0,1719.9,17199.0,2024-10-22
2024102204010906,AKPL,57,52,470.0,250.0,117500.0,2024-10-22
2024102204010905,AKPL,13,52,530.0,250.0,132500.0,2024-10-22
2024102204010904,UPCL,26,49,10.0,264.1,2641.0,2024-10-22
2024102203011885,HLBSL,77,58,10.0,1013.9,10139.0,2024-10-22
2024102203011884,HLBSL,77,58,10.0,1013.8,10138.0,2024-10-22
2024102203011883,GMFIL,45,11,300.0,620.0,186000.0,2024-10-22
2024102203011882,GMFIL,47,11,250.0,620.1,155025.0,2024-10-22
2024102203011881,SWBBL,58,39,60.0,1062.9,63774.0,2024-10-22
2024102203011880,SWBBL,58,44,30.0,1062.5,31875.0,2024-10-22
2024102204010903,AKJCL,58,57,75.0,212.9,15967.5,2024-10-22
2024102204010902,AKJCL,58,57,200.0,212.9,42580.0,2024-10-22
2024102204010901,AKJCL,58,45,600.0,212.9,127740.0,2024-10-22
2024102204010900,SHPC,60,29,10.0,529.0,5290.0,2024-10-22
2024102205012822,HATHY,22,38,50.0,1440.0,72000.0,2024-10-22
2024102205012821,NRN,42,40,200.0,910.0,182000.0,2024-10-22
2024102205012820,NRN,42,32,300.0,910.0,273000.0,2024-10-22
2024102205012819,NRN,42,65,15.0,910.0,13650.0,2024-10-22
2024102205012818,PHCL,65,1,720.0,470.0,338400.0,2024-10-22
2024102201017183,CZBIL,49,32,42.0,251.0,10542.0,2024-10-22
2024102204010899,PRIN,45,37,289.0,964.0,278596.0,2024-10-22
2024102204010898,NGPL,64,46,771.0,473.1,364760.1,2024-10-22
2024102204010897,NGPL,57,46,320.0,473.2,151424.0,2024-10-22
2024102204010896,NGPL,56,46,10.0,473.5,4735.0,2024-10-22
2024102204010895,NGPL,70,46,99.0,473.5,46876.5,2024-10-22
2024102205012817,CHDC,28,43,10.0,1719.9,17199.0,2024-10-22
2024102203011879,MDB,22,52,80.0,630.0,50400.0,2024-10-22
2024102203011878,MDB,48,52,100.0,630.2,63020.0,2024-10-22
2024102203011877,MDB,43,52,100.0,631.0,63100.0,2024-10-22
2024102204010894,NHPC,41,52,657.0,220.1,144605.7,2024-10-22
2024102204010893,NHPC,48,52,200.0,220.9,44180.0,2024-10-22
2024102204010892,NHPC,42,52,175.0,221.0,38675.0,2024-10-22
2024102204010891,NHPC,19,52,25.0,221.0,5525.0,2024-10-22
2024102203011876,CORBL,71,17,60.0,964.0,57840.0,2024-10-22
2024102201017182,MKHL,10,22,10.0,495.0,4950.0,2024-10-22
2024102203011875,GMFIL,47,74,750.0,620.1,465075.0,2024-10-22
2024102201017181,NABIL,1,50,80.0,591.0,47280.0,2024-10-22
2024102201017180,NABIL,1,52,20.0,590.0,11800.0,2024-10-22
2024102204010890,UPPER,6,45,400.0,215.1,86040.0,2024-10-22
2024102204010889,UPPER,42,45,100.0,215.1,21510.0,2024-10-22
2024102204010888,UPPER,40,39,100.0,216.0,21600.0,2024-10-22
2024102201017179,TSHL,49,28,10.0,918.6,9186.0,2024-10-22
2024102204010887,SHL,29,25,100.0,516.5,51650.0,2024-10-22
2024102205012816,RNLI,4,58,44.0,493.0,21692.0,2024-10-22
2024102201017178,GBIME,38,51,221.0,260.5,57570.5,2024-10-22
2024102201017177,GBIME,38,38,779.0,260.1,202617.9,2024-10-22
2024102203011874,CFCL,58,39,49.0,620.0,30380.0,2024-10-22
2024102203011873,WNLB,58,42,90.0,2730.0,245700.0,2024-10-22
2024102205012815,SAHAS,40,3,250.0,477.0,119250.0,2024-10-22
2024102203011872,SWBBL,34,44,70.0,1062.5,74375.0,2024-10-22
2024102203011871,SWBBL,34,44,10.0,1062.2,10622.0,2024-10-22
2024102203011870,SWBBL,34,43,10.0,1062.2,10622.0,2024-10-22
2024102201017176,MAKAR,34,42,100.0,494.0,49400.0,2024-10-22
2024102201017175,MKJC,34,29,10.0,468.9,4689.0,2024-10-22
2024102201017174,MKJC,34,45,40.0,468.0,18720.0,2024-10-22
2024102204010886,NHPC,47,8,195.0,221.3,43153.5,2024-10-22
2024102201017173,CYCL,45,48,10.0,1547.0,15470.0,2024-10-22
2024102201017172,PRVU,48,17,20.0,258.5,5170.0,2024-10-22
2024102201017171,SRLI,48,77,10.0,448.0,4480.0,2024-10-22
2024102204010885,RURU,22,14,64.0,739.0,47296.0,2024-10-22
2024102204010884,RURU,39,14,10.0,741.0,7410.0,2024-10-22
2024102201017170,MEHL,55,51,10.0,380.0,3800.0,2024-10-22
2024102201017169,MEHL,55,65,100.0,380.0,38000.0,2024-10-22
2024102201017168,MEHL,55,48,200.0,380.0,76000.0,2024-10-22
2024102201017167,MEHL,55,38,100.0,380.0,38000.0,2024-10-22
2024102201017166,MEHL,55,58,50.0,380.0,19000.0,2024-10-22
2024102201017165,MEHL,55,42,500.0,380.0,190000.0,2024-10-22
2024102201017164,MEHL,55,56,10.0,380.0,3800.0,2024-10-22
2024102201017163,MEHL,55,46,10.0,380.0,3800.0,2024-10-22
2024102201017162,MEHL,55,4,10.0,380.0,3800.0,2024-10-22
2024102201017161,MEHL,55,54,10.0,380.0,3800.0,2024-10-22
2024102201017160,MEHL,55,58,10.0,380.0,3800.0,2024-10-22
2024102201017159,MEHL,55,35,10.0,380.0,3800.0,2024-10-22
2024102201017158,MEHL,55,57,30.0,380.0,11400.0,2024-10-22
2024102201017157,MEHL,55,34,10.0,379.0,3790.0,2024-10-22
2024102201017156,MEHL,55,38,10.0,378.0,3780.0,2024-10-22
2024102201017155,MEHL,55,51,10.0,378.0,3780.0,2024-10-22
2024102201017154,MEHL,55,52,10.0,378.0,3780.0,2024-10-22
2024102201017153,MEHL,55,22,10.0,378.0,3780.0,2024-10-22
2024102201017152,MEHL,55,17,10.0,378.0,3780.0,2024-10-22
2024102201017151,MEHL,55,48,10.0,378.0,3780.0,2024-10-22
2024102201017150,MEHL,55,4,10.0,378.0,3780.0,2024-10-22
2024102205012814,SAHAS,17,7,100.0,477.1,47710.0,2024-10-22
2024102201017149,CZBIL,49,84,500.0,251.0,125500.0,2024-10-22
2024102201017148,CZBIL,49,7,102.0,251.0,25602.0,2024-10-22
2024102201017147,MAKAR,4,42,100.0,494.0,49400.0,2024-10-22
2024102205012813,NTC,46,36,50.0,982.5,49125.0,2024-10-22
2024102203011869,NFS,49,56,10.0,1370.0,13700.0,2024-10-22
2024102201017146,BHPL,22,56,15.0,667.8,10017.0,2024-10-22
2024102205012812,SHIVM,44,21,33.0,608.0,20064.0,2024-10-22
2024102205012811,SHIVM,44,39,367.0,608.0,223136.0,2024-10-22
2024102201017145,LSL,35,44,10.0,260.0,2600.0,2024-10-22
2024102204010883,IGI,58,58,87.0,605.0,52635.0,2024-10-22
2024102205012810,HATHY,7,38,90.0,1440.0,129600.0,2024-10-22
2024102205012809,HATHY,7,6,10.0,1440.0,14400.0,2024-10-22
2024102205012808,MEL,1,41,205.0,286.1,58650.5,2024-10-22
2024102205012807,MEL,41,41,25.0,286.1,7152.5,2024-10-22
2024102205012806,MEL,8,41,20.0,286.2,5724.0,2024-10-22
2024102205012805,MEL,34,41,50.0,287.0,14350.0,2024-10-22
2024102205012804,MEL,34,41,200.0,287.1,57420.0,2024-10-22
2024102205012803,CHDC,45,65,25.0,1719.0,42975.0,2024-10-22
2024102204010882,SICL,35,53,50.0,832.0,41600.0,2024-10-22
2024102203011868,MLBBL,13,25,139.0,1621.0,225319.0,2024-10-22
2024102203011867,MLBBL,13,87,61.0,1621.0,98881.0,2024-10-22
2024102203011866,PROFL,41,48,300.0,645.1,193530.0,2024-10-22
2024102203011865,MPFL,49,29,30.0,746.0,22380.0,2024-10-22
2024102203011864,PFL,71,34,10.0,653.0,6530.0,2024-10-22
2024102204010881,UMRH,50,56,52.0,468.0,24336.0,2024-10-22
2024102204010880,SPDL,70,45,12.0,304.5,3654.0,2024-10-22
2024102203011863,BFC,44,44,50.0,615.2,30760.0,2024-10-22
2024102203011862,SAPDBL,58,94,1000.0,577.0,577000.0,2024-10-22
2024102203011861,SAPDBL,58,40,264.0,576.9,152301.6,2024-10-22
2024102203011860,SAPDBL,58,50,100.0,576.5,57650.0,2024-10-22
2024102204010879,UNHPL,52,26,50.0,266.0,13300.0,2024-10-22
2024102205012802,NRM,22,32,170.0,427.1,72607.0,2024-10-22
2024102205012801,GCIL,1,32,168.0,500.2,84033.6,2024-10-22
2024102205012800,GCIL,48,32,200.0,502.0,100400.0,2024-10-22
2024102205012799,GCIL,58,32,31.0,502.0,15562.0,2024-10-22
2024102201017144,NICA,42,37,100.0,465.0,46500.0,2024-10-22
2024102203011859,NLICL,45,48,162.0,610.0,98820.0,2024-10-22
2024102203011858,LICN,45,58,185.0,2028.0,375180.0,2024-10-22
2024102203011857,JBBL,16,34,50.0,354.5,17725.0,2024-10-22
2024102203011856,JFL,63,45,25.0,646.9,16172.5,2024-10-22
2024102204010878,SPDL,45,45,100.0,304.5,30450.0,2024-10-22
2024102203011855,NLIC,58,14,100.0,827.0,82700.0,2024-10-22
2024102204010877,SALICO,49,13,1971.0,756.1,1490273.1,2024-10-22
2024102204010876,SALICO,21,13,84.0,756.2,63520.8,2024-10-22
2024102201017143,NABIL,49,52,15.0,590.0,8850.0,2024-10-22
2024102203011854,CFCL,42,49,192.0,619.9,119020.8,2024-10-22
2024102201017142,IHL,6,65,45.0,508.0,22860.0,2024-10-22
2024102201017141,IHL,6,4,96.0,508.0,48768.0,2024-10-22
2024102205012798,PHCL,65,6,10.0,470.0,4700.0,2024-10-22
2024102203011853,CFCL,91,39,200.0,620.0,124000.0,2024-10-22
2024102204010875,NHPC,6,8,15.0,221.3,3319.5,2024-10-22
2024102201017140,HIDCLP,81,19,200.0,185.0,37000.0,2024-10-22
2024102201017139,HIDCLP,71,19,2000.0,185.0,370000.0,2024-10-22
2024102201017138,HIDCLP,32,19,615.0,185.0,113775.0,2024-10-22
2024102201017137,HIDCLP,52,19,690.0,185.1,127719.0,2024-10-22
2024102203011852,MFIL,1,11,10.0,719.0,7190.0,2024-10-22
2024102203011851,MFIL,1,36,20.0,719.0,14380.0,2024-10-22
2024102203011850,MFIL,1,46,30.0,719.0,21570.0,2024-10-22
2024102203011849,MFIL,1,41,35.0,717.0,25095.0,2024-10-22
2024102204010874,UPPER,58,39,50.0,216.0,10800.0,2024-10-22
2024102203011848,SFCL,25,21,220.0,640.0,140800.0,2024-10-22
2024102203011847,SFCL,25,45,20.0,640.0,12800.0,2024-10-22
2024102203011846,SFCL,25,34,100.0,640.0,64000.0,2024-10-22
2024102203011845,SFCL,25,26,18.0,640.0,11520.0,2024-10-22
2024102205012797,PHCL,65,99,100.0,470.0,47000.0,2024-10-22
2024102201017136,EHPL,42,37,10.0,835.0,8350.0,2024-10-22
2024102201017135,EHPL,28,37,50.0,835.6,41780.0,2024-10-22
2024102201017134,EHPL,42,37,90.0,837.0,75330.0,2024-10-22
2024102201017133,NYADI,33,42,10.0,312.0,3120.0,2024-10-22
2024102204010873,SSHL,58,13,81.0,214.2,17350.2,2024-10-22
2024102204010872,SSHL,45,13,100.0,214.2,21420.0,2024-10-22
2024102204010871,SSHL,44,13,200.0,214.2,42840.0,2024-10-22
2024102204010870,SSHL,44,13,250.0,214.2,53550.0,2024-10-22
2024102204010869,SSHL,57,13,50.0,214.3,10715.0,2024-10-22
2024102204010868,SSHL,34,13,800.0,214.9,171920.0,2024-10-22
2024102204010867,SSHL,57,13,200.0,215.0,43000.0,2024-10-22
2024102204010866,SSHL,41,13,170.0,215.0,36550.0,2024-10-22
2024102204010865,SSHL,44,13,100.0,215.1,21510.0,2024-10-22
2024102204010864,SSHL,25,13,320.0,216.0,69120.0,2024-10-22
2024102201017132,PRSF,47,10,2500.0,9.65,24125.0,2024-10-22
2024102201017131,DORDI,45,38,10.0,432.3,4323.0,2024-10-22
2024102204010863,SHEL,72,34,20.0,247.0,4940.0,2024-10-22
2024102204010862,SHEL,72,90,100.0,247.0,24700.0,2024-10-22
2024102204010861,SHEL,72,60,844.0,247.0,208468.0,2024-10-22
2024102204010860,SHEL,72,64,50.0,246.9,12345.0,2024-10-22
2024102204010859,SHEL,72,56,220.0,246.0,54120.0,2024-10-22
2024102205012796,CHDC,22,43,33.0,1719.9,56756.7,2024-10-22
2024102201017130,DLBS,22,58,10.0,1344.0,13440.0,2024-10-22
2024102205012795,HATHY,22,6,10.0,1440.0,14400.0,2024-10-22
2024102205012794,HATHY,22,33,20.0,1440.0,28800.0,2024-10-22
2024102205012793,HATHY,22,81,70.0,1439.1,100737.0,2024-10-22
2024102201017129,HHL,51,6,110.0,442.2,48642.0,2024-10-22
2024102201017128,GBIME,32,42,50.0,260.0,13000.0,2024-10-22
2024102201017127,PRVU,20,42,600.0,258.0,154800.0,2024-10-22
2024102203011844,MNBBL,1,28,100.0,396.6,39660.0,2024-10-22
2024102203011843,NLIC,58,66,150.0,827.0,124050.0,2024-10-22
2024102204010858,GLH,21,38,20.0,246.0,4920.0,2024-10-22
2024102204010857,SPDL,41,45,330.0,304.5,100485.0,2024-10-22
2024102203011842,MFIL,57,41,10.0,717.1,7171.0,2024-10-22
2024102201017126,CKHL,47,72,1848.0,640.0,1182720.0,2024-10-22
2024102201017125,CKHL,47,54,10.0,640.0,6400.0,2024-10-22
2024102201017124,CKHL,47,89,81.0,639.9,51831.9,2024-10-22
2024102201017123,CKHL,47,58,10.0,639.0,6390.0,2024-10-22
2024102201017122,CKHL,47,13,141.0,639.0,90099.0,2024-10-22
2024102201017121,CKHL,47,74,10.0,639.0,6390.0,2024-10-22
2024102201017120,CKHL,47,45,10.0,638.0,6380.0,2024-10-22
2024102204010856,NGPL,70,58,161.0,473.5,76233.5,2024-10-22
2024102204010855,MHNL,1,58,50.0,266.0,13300.0,2024-10-22
2024102201017119,NBL,16,58,73.0,290.9,21235.7,2024-10-22
2024102203011841,CFCL,48,39,90.0,620.0,55800.0,2024-10-22
2024102203011840,CFCL,48,40,310.0,620.0,192200.0,2024-10-22
2024102205012792,HIDCL,49,17,50.0,274.0,13700.0,2024-10-22
2024102205012791,HIDCL,59,17,198.0,274.0,54252.0,2024-10-22
2024102205012790,NIFRA,49,11,15.0,285.2,4278.0,2024-10-22
2024102204010854,UPPER,36,39,600.0,216.0,129600.0,2024-10-22
2024102205012789,CHDC,71,43,30.0,1719.9,51597.0,2024-10-22
2024102205012788,CHDC,71,45,70.0,1719.9,120393.0,2024-10-22
2024102201017118,AHL,28,38,500.0,649.0,324500.0,2024-10-22
2024102201017117,AHL,28,38,110.0,649.0,71390.0,2024-10-22
2024102203011839,GBBL,88,58,10.0,450.7,4507.0,2024-10-22
2024102205012787,HATHY,43,81,300.0,1439.1,431730.0,2024-10-22
2024102205012786,HATHY,25,81,130.0,1439.2,187096.0,2024-10-22
2024102204010853,UPCL,20,48,146.0,265.0,38690.0,2024-10-22
2024102204010852,UPCL,20,22,54.0,265.0,14310.0,2024-10-22
2024102204010851,NGPL,26,43,50.0,475.0,23750.0,2024-10-22
2024102204010850,HURJA,16,7,200.0,221.2,44240.0,2024-10-22
2024102201017116,NIMB,54,38,500.0,250.0,125000.0,2024-10-22
2024102201017115,USHEC,25,42,10.0,531.0,5310.0,2024-10-22
2024102201017114,USHEC,25,41,10.0,530.4,5304.0,2024-10-22
2024102201017113,USHEC,25,38,10.0,530.4,5304.0,2024-10-22
2024102201017112,USHEC,25,21,10.0,530.3,5303.0,2024-10-22
2024102204010849,MHNL,1,61,200.0,266.0,53200.0,2024-10-22
2024102204010848,MHNL,1,6,35.0,266.0,9310.0,2024-10-22
2024102204010847,MHNL,1,4,74.0,266.0,19684.0,2024-10-22
2024102203011838,MFIL,42,33,98.0,715.0,70070.0,2024-10-22
2024102203011837,MFIL,38,33,100.0,715.0,71500.0,2024-10-22
2024102203011836,MFIL,34,33,35.0,715.0,25025.0,2024-10-22
2024102203011835,MFIL,42,33,17.0,717.0,12189.0,2024-10-22
2024102205012785,SONA,17,48,10.0,480.0,4800.0,2024-10-22
2024102205012784,SONA,17,48,30.0,480.0,14400.0,2024-10-22
2024102205012783,RNLI,4,58,12.0,493.0,5916.0,2024-10-22
2024102201017111,SRLI,11,77,100.0,448.0,44800.0,2024-10-22
2024102201017110,ULBSL,60,96,10.0,3160.0,31600.0,2024-10-22
2024102203011834,GFCL,32,59,70.0,1051.0,73570.0,2024-10-22
2024102201017109,EBL,20,5,775.0,600.0,465000.0,2024-10-22
2024102203011833,GFCL,32,22,11.0,1051.0,11561.0,2024-10-22
2024102203011832,MNBBL,52,26,50.0,396.1,19805.0,2024-10-22
2024102201017108,NIMB,25,38,172.0,250.0,43000.0,2024-10-22
2024102201017107,NIMB,25,38,10.0,250.0,2500.0,2024-10-22
2024102203011831,PROFL,1,19,280.0,649.8,181944.0,2024-10-22
2024102201017106,NIMB,25,63,18.0,250.0,4500.0,2024-10-22
2024102203011830,PROFL,1,47,30.0,649.0,19470.0,2024-10-22
2024102203011829,PROFL,1,1,200.0,649.0,129800.0,2024-10-22
2024102203011828,PROFL,1,26,40.0,649.0,25960.0,2024-10-22
2024102203011827,PROFL,1,52,400.0,648.0,259200.0,2024-10-22
2024102203011826,PROFL,1,33,50.0,648.0,32400.0,2024-10-22
2024102204010846,UPPER,34,39,100.0,216.0,21600.0,2024-10-22
2024102203011825,PFL,74,34,210.0,650.0,136500.0,2024-10-22
2024102205012782,RNLI,4,48,11.0,493.0,5423.0,2024-10-22
2024102201017105,CZBIL,49,7,88.0,251.0,22088.0,2024-10-22
2024102205012781,CIT,49,4,160.0,2195.0,351200.0,2024-10-22
2024102205012780,CIT,49,26,40.0,2194.0,87760.0,2024-10-22
2024102204010845,SHPC,60,28,34.0,526.0,17884.0,2024-10-22
2024102205012779,ILI,38,62,100.0,483.6,48360.0,2024-10-22
2024102201017104,HIDCLP,52,50,300.0,185.1,55530.0,2024-10-22
2024102203011824,CORBL,71,3,300.0,964.0,289200.0,2024-10-22
2024102204010844,NGPL,70,44,30.0,473.5,14205.0,2024-10-22
2024102205012778,HATHY,25,51,70.0,1439.2,100744.0,2024-10-22
2024102205012777,HATHY,21,51,30.0,1439.3,43179.0,2024-10-22
2024102201017103,NABIL,22,50,100.0,591.0,59100.0,2024-10-22
2024102203011823,MNBBL,26,28,10.0,396.6,3966.0,2024-10-22
2024102204010843,UPPER,41,39,100.0,216.0,21600.0,2024-10-22
2024102201017102,GBIME,32,45,21.0,260.0,5460.0,2024-10-22
2024102203011822,HLI,21,35,100.0,476.0,47600.0,2024-10-22
2024102201017101,MAKAR,4,17,10.0,493.0,4930.0,2024-10-22
2024102204010842,PPCL,49,4,50.0,267.2,13360.0,2024-10-22
2024102204010841,PPCL,49,19,200.0,266.2,53240.0,2024-10-22
2024102204010840,PPCL,49,14,100.0,265.0,26500.0,2024-10-22
2024102204010839,PPCL,49,47,100.0,264.5,26450.0,2024-10-22
2024102204010838,PPCL,49,41,500.0,264.0,132000.0,2024-10-22
2024102201017100,NABIL,49,58,10.0,590.0,5900.0,2024-10-22
2024102201017099,NABIL,29,58,10.0,590.0,5900.0,2024-10-22
2024102205012776,HRL,36,66,30.0,865.0,25950.0,2024-10-22
2024102201017098,HIDCLP,57,1,25.0,185.9,4647.5,2024-10-22
2024102203011821,KRBL,45,56,100.0,612.1,61210.0,2024-10-22
2024102205012775,HIDCL,59,38,302.0,274.0,82748.0,2024-10-22
2024102205012774,HIDCL,58,38,20.0,274.0,5480.0,2024-10-22
2024102205012773,HIDCL,26,38,178.0,274.0,48772.0,2024-10-22
2024102201017097,CITY,44,19,50.0,822.0,41100.0,2024-10-22
2024102201017096,HIDCLP,52,6,10.0,185.1,1851.0,2024-10-22
2024102203011820,GBLBS,7,57,10.0,749.0,7490.0,2024-10-22
2024102201017095,SNLI,18,57,12.0,586.0,7032.0,2024-10-22
2024102204010837,JOSHI,45,47,25.0,308.0,7700.0,2024-10-22
2024102204010836,TRH,59,65,22.0,1100.6,24213.2,2024-10-22
2024102204010835,TRH,51,65,13.0,1100.6,14307.8,2024-10-22
2024102204010834,TRH,48,65,40.0,1100.6,44024.0,2024-10-22
2024102204010833,TRH,49,65,35.0,1100.6,38521.0,2024-10-22
2024102204010832,TRH,58,65,10.0,1100.7,11007.0,2024-10-22
2024102201017094,MKHC,42,45,10.0,340.0,3400.0,2024-10-22
2024102204010831,HDHPC,45,58,100.0,213.0,21300.0,2024-10-22
2024102201017093,HHL,13,6,90.0,442.2,39798.0,2024-10-22
2024102201017092,HHL,13,57,10.0,442.1,4421.0,2024-10-22
2024102201017091,MKJC,29,45,10.0,468.0,4680.0,2024-10-22
2024102201017090,MKJC,29,42,10.0,467.0,4670.0,2024-10-22
2024102204010830,NLG,55,58,300.0,1315.0,394500.0,2024-10-22
2024102204010829,AHPC,43,77,100.0,268.0,26800.0,2024-10-22
2024102204010828,NGPL,58,43,10.0,475.0,4750.0,2024-10-22
2024102204010827,NLG,55,39,100.0,1315.0,131500.0,2024-10-22
2024102204010826,UPPER,17,39,10.0,216.0,2160.0,2024-10-22
2024102204010825,UPPER,58,39,113.0,216.0,24408.0,2024-10-22
2024102204010824,UPPER,42,39,80.0,216.2,17296.0,2024-10-22
2024102204010823,GHL,89,39,500.0,219.0,109500.0,2024-10-22
2024102204010822,NLG,5,59,100.0,1317.9,131790.0,2024-10-22
2024102204010821,CGH,37,59,240.0,912.0,218880.0,2024-10-22
2024102204010820,HDHPC,38,58,60.0,213.0,12780.0,2024-10-22
2024102204010819,HDHPC,38,21,40.0,213.0,8520.0,2024-10-22
2024102203011819,SFCL,19,38,100.0,639.0,63900.0,2024-10-22
2024102201017089,MCHL,33,7,10.0,487.0,4870.0,2024-10-22
2024102204010818,HPPL,11,42,100.0,313.1,31310.0,2024-10-22
2024102204010817,HPPL,17,42,400.0,314.0,125600.0,2024-10-22
2024102204010816,HPPL,35,42,500.0,314.0,157000.0,2024-10-22
2024102204010815,HPPL,34,42,160.0,314.0,50240.0,2024-10-22
2024102204010814,HPPL,42,42,200.0,314.0,62800.0,2024-10-22
2024102204010813,HPPL,58,42,150.0,314.0,47100.0,2024-10-22
2024102204010812,HPPL,4,42,50.0,314.0,15700.0,2024-10-22
2024102204010811,HPPL,43,42,100.0,314.1,31410.0,2024-10-22
2024102204010810,HPPL,44,42,500.0,314.2,157100.0,2024-10-22
2024102204010809,HPPL,42,42,100.0,315.0,31500.0,2024-10-22
2024102204010808,HPPL,45,42,50.0,315.0,15750.0,2024-10-22
2024102204010807,HPPL,45,42,40.0,315.0,12600.0,2024-10-22
2024102204010806,HPPL,45,42,150.0,315.1,47265.0,2024-10-22
2024102204010805,HPPL,65,42,500.0,315.1,157550.0,2024-10-22
2024102204010804,SSHL,25,37,280.0,215.6,60368.0,2024-10-22
2024102203011818,NLIC,58,45,90.0,827.0,74430.0,2024-10-22
2024102201017088,EHPL,59,13,60.0,837.1,50226.0,2024-10-22
2024102203011817,RLFL,49,49,10.0,619.9,6199.0,2024-10-22
2024102203011816,RLFL,56,49,75.0,619.9,46492.5,2024-10-22
2024102205012772,SONA,58,48,10.0,480.0,4800.0,2024-10-22
2024102204010803,AKJCL,58,45,100.0,212.7,21270.0,2024-10-22
2024102203011815,CORBL,71,52,40.0,964.0,38560.0,2024-10-22
2024102203011814,CORBL,71,3,100.0,964.0,96400.0,2024-10-22
2024102205012771,MBJC,58,42,10.0,329.0,3290.0,2024-10-22
2024102204010802,LEC,44,7,80.0,282.9,22632.0,2024-10-22
2024102201017087,KBSH,39,22,20.0,2367.0,47340.0,2024-10-22
2024102203011813,MLBL,49,67,100.0,401.4,40140.0,2024-10-22
2024102201017086,ULHC,36,42,10.0,397.0,3970.0,2024-10-22
2024102201017085,NMB,13,26,50.0,271.0,13550.0,2024-10-22
2024102201017084,SRLI,1,77,50.0,448.0,22400.0,2024-10-22
2024102201017083,HIDCLP,32,32,385.0,185.0,71225.0,2024-10-22
2024102201017082,HIDCLP,35,32,765.0,185.0,141525.0,2024-10-22
2024102204010801,IGI,41,58,300.0,605.0,181500.0,2024-10-22
2024102201017081,ADBLD83,52,14,100.0,1093.2,109320.0,2024-10-22
2024102201017080,ADBLD83,16,14,100.0,1093.2,109320.0,2024-10-22
2024102203011812,ICFC,70,57,16.0,747.2,11955.2,2024-10-22
2024102205012770,HIDCL,26,55,500.0,274.0,137000.0,2024-10-22
2024102205012769,PHCL,65,52,1100.0,470.0,517000.0,2024-10-22
2024102205012768,KDBY,29,13,100.0,9.33,933.0,2024-10-22
2024102204010800,SGIC,49,47,10.0,645.0,6450.0,2024-10-22
2024102201017079,MEHL,61,22,20.0,375.0,7500.0,2024-10-22
2024102201017078,NICA,42,39,224.0,465.0,104160.0,2024-10-22
2024102201017077,NICA,45,39,15.0,465.0,6975.0,2024-10-22
2024102201017076,NICA,41,39,100.0,465.0,46500.0,2024-10-22
2024102201017075,NICA,11,39,20.0,465.0,9300.0,2024-10-22
2024102201017074,NICA,41,39,50.0,465.0,23250.0,2024-10-22
2024102201017073,NICA,35,39,25.0,465.0,11625.0,2024-10-22
2024102201017072,NICA,34,39,45.0,465.1,20929.5,2024-10-22
2024102201017071,NICA,22,39,50.0,465.1,23255.0,2024-10-22
2024102201017070,NICA,58,39,55.0,465.3,25591.5,2024-10-22
2024102201017069,NICA,52,39,30.0,465.4,13962.0,2024-10-22
2024102201017068,NICA,22,39,429.0,465.4,199656.6,2024-10-22
2024102201017067,NICA,58,39,60.0,465.5,27930.0,2024-10-22
2024102201017066,NICA,19,39,100.0,465.9,46590.0,2024-10-22
2024102205012767,SONA,57,58,16.0,480.0,7680.0,2024-10-22
2024102205012766,SONA,57,22,10.0,480.0,4800.0,2024-10-22
2024102205012765,SONA,57,56,50.0,480.0,24000.0,2024-10-22
2024102205012764,SONA,57,29,10.0,480.0,4800.0,2024-10-22
2024102205012763,SONA,57,56,100.0,480.0,48000.0,2024-10-22
2024102205012762,SONA,57,22,60.0,480.0,28800.0,2024-10-22
2024102205012761,SONA,57,21,54.0,480.0,25920.0,2024-10-22
2024102205012760,SONA,57,54,50.0,480.0,24000.0,2024-10-22
2024102205012759,SONA,57,43,150.0,480.0,72000.0,2024-10-22
2024102204010799,NLG,55,58,50.0,1315.0,65750.0,2024-10-22
2024102203011811,NFS,35,51,46.0,1375.0,63250.0,2024-10-22
2024102205012758,SHIVM,19,39,50.0,608.0,30400.0,2024-10-22
2024102205012757,SHIVM,19,84,100.0,607.5,60750.0,2024-10-22
2024102204010798,UPPER,26,7,20.0,216.5,4330.0,2024-10-22
2024102203011810,RLFL,56,66,50.0,619.9,30995.0,2024-10-22
2024102204010797,GHL,89,42,2000.0,219.0,438000.0,2024-10-22
2024102203011809,NLIC,58,16,400.0,827.0,330800.0,2024-10-22
2024102201017065,TSHL,47,56,30.0,918.5,27555.0,2024-10-22
2024102201017064,PRVU,20,47,200.0,258.0,51600.0,2024-10-22
2024102204010796,NIL,60,32,527.0,903.1,475933.7,2024-10-22
2024102204010795,NIL,16,32,300.0,903.2,270960.0,2024-10-22
2024102204010794,NIL,44,32,60.0,904.0,54240.0,2024-10-22
2024102204010793,CHCL,20,25,100.0,575.0,57500.0,2024-10-22
2024102201017063,TSHL,34,56,70.0,918.5,64295.0,2024-10-22
2024102203011808,CFCL,13,40,90.0,620.0,55800.0,2024-10-22
2024102203011807,CFCL,13,7,30.0,620.0,18600.0,2024-10-22
2024102205012756,SAHAS,40,57,149.0,477.0,71073.0,2024-10-22
2024102205012755,SAHAS,8,57,41.0,477.0,19557.0,2024-10-22
2024102205012754,SAHAS,17,57,100.0,477.1,47710.0,2024-10-22
2024102205012753,SAHAS,26,57,200.0,477.1,95420.0,2024-10-22
2024102204010792,UPPER,50,7,10.0,216.5,2165.0,2024-10-22
2024102204010791,SHEL,41,56,500.0,246.0,123000.0,2024-10-22
2024102204010790,NLG,55,44,200.0,1315.0,263000.0,2024-10-22
2024102204010789,CHCL,85,75,310.0,577.0,178870.0,2024-10-22
2024102204010788,CHCL,85,56,100.0,577.0,57700.0,2024-10-22
2024102204010787,CHCL,85,48,20.0,577.0,11540.0,2024-10-22
2024102204010786,CHCL,85,57,10.0,577.0,5770.0,2024-10-22
2024102204010785,CHCL,85,49,254.0,577.0,146558.0,2024-10-22
2024102204010784,CHCL,85,34,69.0,577.0,39813.0,2024-10-22
2024102204010783,CHCL,85,71,34.0,577.0,19618.0,2024-10-22
2024102204010782,CHCL,85,38,20.0,576.0,11520.0,2024-10-22
2024102204010781,CHCL,85,47,78.0,576.0,44928.0,2024-10-22
2024102204010780,CHCL,85,26,105.0,576.0,60480.0,2024-10-22
2024102205012752,HATHY,54,33,50.0,1440.0,72000.0,2024-10-22
2024102203011806,BFC,44,42,310.0,615.2,190712.0,2024-10-22
2024102203011805,NLICL,42,7,10.0,609.4,6094.0,2024-10-22
2024102205012751,NTC,32,19,10.0,983.0,9830.0,2024-10-22
2024102205012750,RNLI,4,33,200.0,493.0,98600.0,2024-10-22
2024102203011804,BFC,44,34,495.0,615.2,304524.0,2024-10-22
2024102201017062,SAMAJ,77,41,10.0,3300.0,33000.0,2024-10-22
2024102203011803,HLBSL,77,48,271.0,1013.7,274712.7,2024-10-22
2024102203011802,SKBBL,53,47,110.0,937.0,103070.0,2024-10-22
2024102203011801,NMBMF,57,32,100.0,703.0,70300.0,2024-10-22
2024102205012749,HRL,86,51,10.0,864.0,8640.0,2024-10-22
2024102204010779,DHPL,58,21,63.0,241.0,15183.0,2024-10-22
2024102203011800,NLIC,58,41,300.0,826.0,247800.0,2024-10-22
2024102201017061,PPL,26,45,50.0,463.4,23170.0,2024-10-22
2024102205012748,GCIL,1,55,223.0,503.8,112347.4,2024-10-22
2024102205012747,GCIL,1,41,172.0,503.7,86636.4,2024-10-22
2024102205012746,GCIL,1,32,55.0,503.5,27692.5,2024-10-22
2024102205012745,GCIL,1,45,50.0,503.0,25150.0,2024-10-22
2024102204010778,CGH,37,14,100.0,912.0,91200.0,2024-10-22
2024102205012744,BBC,70,6,12.0,4200.0,50400.0,2024-10-22
2024102205012743,BBC,70,48,10.0,4200.0,42000.0,2024-10-22
2024102205012742,CHDC,41,45,20.0,1719.9,34398.0,2024-10-22
2024102203011799,WNLB,41,42,40.0,2730.0,109200.0,2024-10-22
2024102201017060,KBL,34,90,365.0,241.0,87965.0,2024-10-22
2024102201017059,KBL,34,49,135.0,241.0,32535.0,2024-10-22
2024102201017058,NICA,55,49,10.0,466.0,4660.0,2024-10-22
2024102203011798,KMCDB,55,34,40.0,1038.9,41556.0,2024-10-22
2024102201017057,PCBL,80,1,200.0,294.0,58800.0,2024-10-22
2024102201017056,PCBL,80,34,400.0,294.0,117600.0,2024-10-22
2024102201017055,PCBL,80,52,10.0,294.0,2940.0,2024-10-22
2024102201017054,PCBL,80,52,100.0,294.0,29400.0,2024-10-22
2024102201017053,PCBL,80,11,130.0,294.0,38220.0,2024-10-22
2024102201017052,PCBL,80,52,66.0,294.0,19404.0,2024-10-22
2024102205012741,PHCL,65,35,10.0,470.0,4700.0,2024-10-22
2024102203011797,WNLB,49,42,10.0,2730.0,27300.0,2024-10-22
2024102203011796,EDBL,60,34,10.0,646.9,6469.0,2024-10-22
2024102203011795,GMFIL,45,74,20.0,620.0,12400.0,2024-10-22
2024102203011794,GMFIL,34,74,500.0,620.1,310050.0,2024-10-22
2024102203011793,GMFIL,6,74,80.0,621.0,49680.0,2024-10-22
2024102201017051,NICA,49,49,10.0,466.0,4660.0,2024-10-22
2024102203011792,PFL,74,49,50.0,650.0,32500.0,2024-10-22
2024102203011791,PFL,74,39,90.0,650.0,58500.0,2024-10-22
2024102203011790,MATRI,90,58,100.0,1400.0,140000.0,2024-10-22
2024102204010777,HPPL,5,42,10.0,319.9,3199.0,2024-10-22
2024102205012740,HDL,44,49,13.0,1375.0,17875.0,2024-10-22
2024102205012739,HDL,44,34,17.0,1375.0,23375.0,2024-10-22
2024102205012738,HDL,44,19,20.0,1375.0,27500.0,2024-10-22
2024102205012737,HDL,44,17,100.0,1375.0,137500.0,2024-10-22
2024102205012736,HDL,44,32,100.0,1375.0,137500.0,2024-10-22
2024102205012735,HDL,44,35,30.0,1375.0,41250.0,2024-10-22
2024102205012734,HDL,44,42,20.0,1374.9,27498.0,2024-10-22
2024102203011789,SIFC,51,18,50.0,618.0,30900.0,2024-10-22
2024102205012733,SONA,43,43,50.0,480.0,24000.0,2024-10-22
2024102201017050,SANIMA,58,58,100.0,338.0,33800.0,2024-10-22
2024102205012732,NIFRA,38,26,189.0,285.1,53883.9,2024-10-22
2024102203011788,MLBL,21,28,10.0,404.9,4049.0,2024-10-22
2024102205012731,PHCL,65,42,10.0,470.0,4700.0,2024-10-22
2024102201017049,CYCL,65,41,10.0,1537.3,15373.0,2024-10-22
2024102201017048,CYCL,25,41,30.0,1538.0,46140.0,2024-10-22
2024102201017047,CYCL,62,41,11.0,1540.1,16941.1,2024-10-22
2024102201017046,CYCL,42,41,100.0,1541.0,154100.0,2024-10-22
2024102201017045,CYCL,58,41,40.0,1541.0,61640.0,2024-10-22
2024102203011787,FMDBL,57,48,50.0,758.1,37905.0,2024-10-22
2024102204010776,API,14,48,225.0,287.1,64597.5,2024-10-22
2024102205012730,GCIL,45,45,150.0,503.0,75450.0,2024-10-22
2024102203011786,RSDC,34,14,10.0,735.0,7350.0,2024-10-22
2024102204010775,KKHC,34,38,10.0,262.0,2620.0,2024-10-22
2024102204010774,RADHI,63,64,100.0,390.0,39000.0,2024-10-22
2024102205012729,SONA,45,35,100.0,479.0,47900.0,2024-10-22
2024102201017044,KBL,48,49,4896.0,240.0,1175040.0,2024-10-22
2024102201017043,KBL,14,49,200.0,240.0,48000.0,2024-10-22
2024102201017042,KBL,34,49,1000.0,240.0,240000.0,2024-10-22
2024102201017041,KBL,34,49,500.0,240.0,120000.0,2024-10-22
2024102201017040,KBL,52,49,500.0,240.0,120000.0,2024-10-22
2024102201017039,KBL,4,49,216.0,240.0,51840.0,2024-10-22
2024102201017038,KBL,34,49,195.0,240.0,46800.0,2024-10-22
2024102201017037,KBL,57,49,500.0,240.1,120050.0,2024-10-22
2024102201017036,KBL,62,49,490.0,240.1,117649.0,2024-10-22
2024102201017035,KBL,58,49,63.0,240.2,15132.6,2024-10-22
2024102201017034,KBL,57,49,200.0,240.2,48040.0,2024-10-22
2024102201017033,KBL,57,49,1000.0,240.2,240200.0,2024-10-22
2024102201017032,KBL,59,49,240.0,240.2,57648.0,2024-10-22
2024102204010773,BARUN,45,62,90.0,385.0,34650.0,2024-10-22
2024102204010772,BARUN,19,62,100.0,387.0,38700.0,2024-10-22
2024102201017031,MMKJL,42,44,384.0,534.0,205056.0,2024-10-22
2024102201017030,MMKJL,42,44,126.0,534.0,67284.0,2024-10-22
2024102201017029,NMB,51,33,500.0,271.8,135900.0,2024-10-22
2024102203011785,NLICL,43,7,50.0,609.4,30470.0,2024-10-22
2024102204010771,NHPC,58,8,10.0,221.3,2213.0,2024-10-22
2024102201017028,BHDC,41,37,175.0,577.6,101080.0,2024-10-22
2024102201017027,BHDC,52,37,10.0,579.9,5799.0,2024-10-22
2024102201017026,USHL,48,56,144.0,785.0,113040.0,2024-10-22
2024102204010770,API,14,52,730.0,287.1,209583.0,2024-10-22
2024102203011784,SWBBL,54,43,30.0,1062.2,31866.0,2024-10-22
2024102205012728,SMJC,75,42,10.0,580.0,5800.0,2024-10-22
2024102201017025,SBI,58,56,49.0,490.0,24010.0,2024-10-22
2024102201017024,SBI,58,59,100.0,490.0,49000.0,2024-10-22
2024102201017023,SBI,58,63,100.0,490.0,49000.0,2024-10-22
2024102201017022,SBI,58,65,1000.0,490.0,490000.0,2024-10-22
2024102201017021,SBI,58,66,1000.0,490.0,490000.0,2024-10-22
2024102201017020,SBI,58,66,500.0,490.0,245000.0,2024-10-22
2024102201017019,SBI,58,45,200.0,490.0,98000.0,2024-10-22
2024102201017018,SBI,58,41,10.0,490.0,4900.0,2024-10-22
2024102201017017,SBI,58,14,10.0,490.0,4900.0,2024-10-22
2024102201017016,SBI,58,52,50.0,489.9,24495.0,2024-10-22
2024102201017015,SBI,58,59,200.0,489.9,97980.0,2024-10-22
2024102201017014,SBI,58,57,24.0,489.9,11757.6,2024-10-22
2024102201017013,SBI,58,8,150.0,489.7,73455.0,2024-10-22
2024102201017012,SBI,58,32,300.0,489.7,146910.0,2024-10-22
2024102201017011,SBI,58,56,500.0,489.7,244850.0,2024-10-22
2024102201017010,SBI,58,51,110.0,489.6,53856.0,2024-10-22
2024102201017009,SBI,58,56,1000.0,489.6,489600.0,2024-10-22
2024102201017008,SBI,58,58,30.0,489.6,14688.0,2024-10-22
2024102201017007,SBI,58,81,518.0,489.5,253561.0,2024-10-22
2024102201017006,SBI,58,6,500.0,489.5,244750.0,2024-10-22
2024102201017005,SBI,58,22,50.0,489.5,24475.0,2024-10-22
2024102201017004,SBI,58,58,20.0,489.0,9780.0,2024-10-22
2024102201017003,SBI,58,25,100.0,489.0,48900.0,2024-10-22
2024102201017002,SBI,58,52,240.0,489.0,117360.0,2024-10-22
2024102201017001,SBI,58,60,100.0,489.0,48900.0,2024-10-22
2024102201017000,SBI,58,5,50.0,489.0,24450.0,2024-10-22
2024102201016999,SBI,58,80,50.0,488.7,24435.0,2024-10-22
2024102201016998,SBI,58,45,100.0,488.7,48870.0,2024-10-22
2024102201016997,SBI,58,45,70.0,488.5,34195.0,2024-10-22
2024102201016996,SBI,58,22,50.0,488.5,24425.0,2024-10-22
2024102201016995,SBI,58,6,1000.0,488.0,488000.0,2024-10-22
2024102201016994,SBI,58,28,200.0,488.0,97600.0,2024-10-22
2024102201016993,SBI,58,52,110.0,488.0,53680.0,2024-10-22
2024102201016992,SBI,58,58,11.0,488.0,5368.0,2024-10-22
2024102201016991,SBI,58,56,1000.0,488.0,488000.0,2024-10-22
2024102201016990,SBI,58,65,498.0,488.0,243024.0,2024-10-22
2024102201016989,EBL,14,5,30.0,601.0,18030.0,2024-10-22
2024102201016988,BHPL,58,42,290.0,670.0,194300.0,2024-10-22
2024102201016987,KBL,57,49,365.0,241.0,87965.0,2024-10-22
2024102201016986,KBL,57,52,135.0,241.0,32535.0,2024-10-22
2024102204010769,SHEL,41,22,500.0,246.0,123000.0,2024-10-22
2024102204010768,SHEL,14,22,300.0,246.0,73800.0,2024-10-22
2024102204010767,SHEL,57,22,200.0,246.5,49300.0,2024-10-22
2024102204010766,NGPL,45,43,50.0,475.0,23750.0,2024-10-22
2024102204010765,TRH,32,65,50.0,1118.0,55900.0,2024-10-22
2024102204010764,TRH,32,21,10.0,1118.0,11180.0,2024-10-22
2024102204010763,BARUN,33,58,28.0,390.0,10920.0,2024-10-22
2024102204010762,BARUN,33,85,222.0,390.0,86580.0,2024-10-22
2024102204010761,BARUN,33,58,50.0,387.3,19365.0,2024-10-22
2024102205012727,HATHY,25,33,10.0,1440.0,14400.0,2024-10-22
2024102205012726,HIDCL,26,48,79.0,274.0,21646.0,2024-10-22
2024102205012725,SONA,45,45,10.0,479.0,4790.0,2024-10-22
2024102204010760,SSHL,41,45,30.0,215.0,6450.0,2024-10-22
2024102204010759,SSHL,57,45,20.0,215.0,4300.0,2024-10-22
2024102204010758,SSHL,58,45,700.0,215.0,150500.0,2024-10-22
2024102204010757,SSHL,44,45,250.0,215.1,53775.0,2024-10-22
2024102201016985,HIDCLP,35,1,100.0,185.9,18590.0,2024-10-22
2024102203011783,MDB,62,14,52.0,633.8,32957.6,2024-10-22
2024102203011782,JFL,58,57,10.0,649.0,6490.0,2024-10-22
2024102204010756,UPPER,42,58,20.0,216.2,4324.0,2024-10-22
2024102201016984,CKHL,19,48,10.0,635.0,6350.0,2024-10-22
2024102203011781,MDB,7,14,100.0,633.8,63380.0,2024-10-22
2024102203011780,PFL,65,39,10.0,650.0,6500.0,2024-10-22
2024102201016983,NICA,42,49,105.0,466.0,48930.0,2024-10-22
2024102205012724,NRIC,41,13,100.0,808.0,80800.0,2024-10-22
2024102203011779,ALBSL,37,34,20.0,1044.0,20880.0,2024-10-22
2024102205012723,SAHAS,8,34,50.0,477.0,23850.0,2024-10-22
2024102204010755,AKPL,13,52,270.0,250.0,67500.0,2024-10-22
2024102204010754,AKPL,45,52,730.0,250.0,182500.0,2024-10-22
2024102203011778,SADBL,63,28,250.0,420.0,105000.0,2024-10-22
2024102203011777,SADBL,63,36,30.0,420.0,12600.0,2024-10-22
2024102201016982,NIMB,45,63,982.0,250.0,245500.0,2024-10-22
2024102203011776,PROFL,56,5,2400.0,645.0,1548000.0,2024-10-22
2024102203011775,PROFL,45,5,100.0,645.1,64510.0,2024-10-22
2024102201016981,SGHC,57,41,80.0,392.0,31360.0,2024-10-22
2024102201016980,SGHC,57,57,10.0,392.0,3920.0,2024-10-22
2024102205012722,HIDCL,26,57,140.0,274.0,38360.0,2024-10-22
2024102204010753,CHL,6,35,50.0,352.6,17630.0,2024-10-22
2024102203011774,NFS,22,34,37.0,1384.5,51226.5,2024-10-22
2024102203011773,NFS,22,42,100.0,1384.4,138440.0,2024-10-22
2024102203011772,NFS,22,58,28.0,1382.0,38696.0,2024-10-22
2024102203011771,NFS,22,18,100.0,1380.0,138000.0,2024-10-22
2024102203011770,NFS,22,57,10.0,1380.0,13800.0,2024-10-22
2024102203011769,NFS,22,45,15.0,1380.0,20700.0,2024-10-22
2024102203011768,NFS,22,62,10.0,1380.0,13800.0,2024-10-22
2024102201016979,LSL,65,52,838.0,261.0,218718.0,2024-10-22
2024102201016978,LSL,65,38,500.0,261.0,130500.0,2024-10-22
2024102201016977,LSL,65,33,20.0,261.0,5220.0,2024-10-22
2024102201016976,LSL,65,14,620.0,260.9,161758.0,2024-10-22
2024102201016975,LSL,65,41,22.0,260.9,5739.8,2024-10-22
2024102201016974,SNLI,32,25,12.0,585.0,7020.0,2024-10-22
2024102204010752,SPDL,70,45,11.0,304.5,3349.5,2024-10-22
2024102205012721,MEL,34,45,10.0,287.0,2870.0,2024-10-22
2024102201016973,RHGCL,58,45,90.0,388.0,34920.0,2024-10-22
2024102203011767,HLBSL,77,45,10.0,1012.0,10120.0,2024-10-22
2024102203011766,SIFC,33,18,100.0,618.0,61800.0,2024-10-22
2024102201016972,NWCL,49,26,30.0,988.9,29667.0,2024-10-22
2024102201016971,NIMB,45,57,18.0,250.0,4500.0,2024-10-22
2024102201016970,NIMB,59,57,32.0,250.0,8000.0,2024-10-22
2024102204010751,API,58,35,485.0,287.5,139437.5,2024-10-22
2024102204010750,BARUN,1,58,190.0,387.3,73587.0,2024-10-22
2024102201016969,RAWA,42,40,10.0,784.0,7840.0,2024-10-22
2024102205012720,HATHY,78,33,20.0,1440.0,28800.0,2024-10-22
2024102201016968,RAWA,42,40,10.0,784.0,7840.0,2024-10-22
2024102203011765,GFCL,29,14,36.0,1045.0,37620.0,2024-10-22
2024102203011764,GFCL,58,14,10.0,1045.0,10450.0,2024-10-22
2024102203011763,GFCL,35,14,10.0,1045.0,10450.0,2024-10-22
2024102203011762,GFCL,47,14,50.0,1046.3,52315.0,2024-10-22
2024102203011761,GFCL,32,14,20.0,1048.0,20960.0,2024-10-22
2024102203011760,GFCL,4,14,89.0,1048.0,93272.0,2024-10-22
2024102203011759,GFCL,58,14,50.0,1048.1,52405.0,2024-10-22
2024102201016967,USHEC,42,39,10.0,530.0,5300.0,2024-10-22
2024102201016966,USHEC,42,37,10.0,530.0,5300.0,2024-10-22
2024102204010749,NLG,55,55,200.0,1315.0,263000.0,2024-10-22
2024102205012719,NRN,29,6,410.0,909.0,372690.0,2024-10-22
2024102205012718,NRN,29,7,100.0,908.9,90890.0,2024-10-22
2024102203011758,FOWAD,38,58,10.0,1474.0,14740.0,2024-10-22
2024102205012717,SHIVM,98,39,41.0,608.0,24928.0,2024-10-22
2024102201016965,EHPL,59,7,10.0,837.1,8371.0,2024-10-22
2024102201016964,EHPL,13,7,50.0,837.2,41860.0,2024-10-22
2024102204010748,NGPL,45,58,200.0,476.0,95200.0,2024-10-22
2024102201016963,ADBL,34,39,412.0,378.1,155777.2,2024-10-22
2024102201016962,ADBL,51,39,88.0,378.7,33325.6,2024-10-22
2024102204010747,GHL,49,17,89.0,219.5,19535.5,2024-10-22
2024102203011757,NFS,71,62,90.0,1380.0,124200.0,2024-10-22
2024102203011756,NFS,71,11,10.0,1379.0,13790.0,2024-10-22
2024102203011755,SINDU,88,18,10.0,670.0,6700.0,2024-10-22
2024102204010746,DHPL,34,8,100.0,240.0,24000.0,2024-10-22
2024102205012716,HRL,51,22,10.0,864.0,8640.0,2024-10-22
2024102204010745,BPCL,7,49,10.0,456.0,4560.0,2024-10-22
2024102205012715,HRL,51,1,10.0,864.0,8640.0,2024-10-22
2024102205012714,HRL,57,1,90.0,864.0,77760.0,2024-10-22
2024102201016961,BNHC,42,37,99.0,466.2,46153.8,2024-10-22
2024102201016960,BNHC,49,37,10.0,466.5,4665.0,2024-10-22
2024102201016959,BNHC,41,37,20.0,466.5,9330.0,2024-10-22
2024102201016958,BNHC,55,37,30.0,466.5,13995.0,2024-10-22
2024102201016957,BNHC,7,37,50.0,469.0,23450.0,2024-10-22
2024102201016956,BNHC,45,37,41.0,470.0,19270.0,2024-10-22
2024102204010744,RADHI,63,32,59.0,390.0,23010.0,2024-10-22
2024102204010743,RADHI,42,32,70.0,390.0,27300.0,2024-10-22
2024102203011754,NLIC,58,16,157.0,825.0,129525.0,2024-10-22
2024102201016955,NBL,16,10,200.0,290.9,58180.0,2024-10-22
2024102204010742,NGPL,42,58,175.0,476.0,83300.0,2024-10-22
2024102201016954,BNHC,45,48,10.0,470.0,4700.0,2024-10-22
2024102201016953,MAKAR,39,42,10.0,494.0,4940.0,2024-10-22
2024102204010741,API,53,35,140.0,287.5,40250.0,2024-10-22
2024102201016952,SRLI,49,77,50.0,448.0,22400.0,2024-10-22
2024102203011753,MLBBL,58,56,200.0,1620.0,324000.0,2024-10-22
2024102201016951,HBL,57,38,500.0,272.0,136000.0,2024-10-22
2024102203011752,SHINE,57,54,20.0,474.7,9494.0,2024-10-22
2024102205012713,PHCL,65,51,50.0,470.0,23500.0,2024-10-22
2024102201016950,CKHL,35,25,70.0,629.0,44030.0,2024-10-22
2024102201016949,CKHL,56,25,30.0,629.0,18870.0,2024-10-22
2024102204010740,PPCL,20,14,50.0,263.1,13155.0,2024-10-22
2024102201016948,EBL,14,38,10.0,601.0,6010.0,2024-10-22
2024102203011751,JFL,7,42,25.0,645.0,16125.0,2024-10-22
2024102203011750,JFL,63,42,75.0,646.0,48450.0,2024-10-22
2024102203011749,PMLI,41,43,10.0,561.7,5617.0,2024-10-22
2024102203011748,PMLI,41,41,100.0,561.7,56170.0,2024-10-22
2024102203011747,PMLI,41,36,10.0,560.0,5600.0,2024-10-22
2024102203011746,PMLI,41,21,10.0,560.0,5600.0,2024-10-22
2024102203011745,PMLI,41,86,100.0,560.0,56000.0,2024-10-22
2024102203011744,PMLI,41,28,10.0,560.0,5600.0,2024-10-22
2024102203011743,PMLI,41,100,10.0,560.0,5600.0,2024-10-22
2024102203011742,PMLI,41,38,10.0,560.0,5600.0,2024-10-22
2024102203011741,PMLI,41,29,10.0,560.0,5600.0,2024-10-22
2024102203011740,PMLI,41,21,70.0,560.0,39200.0,2024-10-22
2024102203011739,PMLI,41,58,10.0,559.0,5590.0,2024-10-22
2024102203011738,PMLI,41,45,10.0,559.0,5590.0,2024-10-22
2024102203011737,PMLI,41,56,100.0,558.0,55800.0,2024-10-22
2024102203011736,PMLI,41,43,10.0,558.0,5580.0,2024-10-22
2024102203011735,PMLI,41,100,10.0,558.0,5580.0,2024-10-22
2024102203011734,PMLI,41,53,10.0,555.0,5550.0,2024-10-22
2024102203011733,PMLI,41,21,10.0,555.0,5550.0,2024-10-22
2024102203011732,MNBBL,17,28,100.0,396.6,39660.0,2024-10-22
2024102205012712,SONA,45,34,10.0,479.0,4790.0,2024-10-22
2024102205012711,HRL,45,66,500.0,865.0,432500.0,2024-10-22
2024102201016947,BHDC,52,45,10.0,579.9,5799.0,2024-10-22
2024102205012710,HDL,91,42,30.0,1374.9,41247.0,2024-10-22
2024102205012709,HDL,91,47,50.0,1374.9,68745.0,2024-10-22
2024102205012708,HDL,91,37,10.0,1374.8,13748.0,2024-10-22
2024102205012707,HDL,91,49,10.0,1371.0,13710.0,2024-10-22
2024102201016946,BHPL,22,62,10.0,667.8,6678.0,2024-10-22
2024102201016945,MKHC,49,35,30.0,340.9,10227.0,2024-10-22
2024102201016944,RAWA,67,71,11.0,805.0,8855.0,2024-10-22
2024102201016943,RAWA,67,48,19.0,800.7,15213.3,2024-10-22
2024102201016942,RAWA,67,56,50.0,800.0,40000.0,2024-10-22
2024102201016941,RAWA,67,56,10.0,800.0,8000.0,2024-10-22
2024102201016940,RAWA,67,56,10.0,800.0,8000.0,2024-10-22
2024102201016939,RAWA,67,26,10.0,799.6,7996.0,2024-10-22
2024102201016938,RAWA,67,71,100.0,799.6,79960.0,2024-10-22
2024102201016937,RAWA,67,26,10.0,799.6,7996.0,2024-10-22
2024102201016936,RAWA,67,57,100.0,799.6,79960.0,2024-10-22
2024102201016935,RAWA,67,56,80.0,799.4,63952.0,2024-10-22
2024102201016934,RAWA,67,32,100.0,799.0,79900.0,2024-10-22
2024102201016933,BGWT,47,38,183.0,956.0,174948.0,2024-10-22
2024102201016932,BGWT,47,49,10.0,954.8,9548.0,2024-10-22
2024102201016931,BGWT,47,45,217.0,954.0,207018.0,2024-10-22
2024102201016930,BGWT,47,40,20.0,954.0,19080.0,2024-10-22
2024102201016929,BGWT,47,35,10.0,953.7,9537.0,2024-10-22
2024102201016928,BGWT,47,57,40.0,953.0,38120.0,2024-10-22
2024102201016927,BGWT,47,58,20.0,953.0,19060.0,2024-10-22
2024102204010739,HDHPC,33,21,160.0,213.0,34080.0,2024-10-22
2024102201016926,RAWA,42,14,10.0,784.0,7840.0,2024-10-22
2024102201016925,CZBIL,48,7,10.0,251.0,2510.0,2024-10-22
2024102201016924,CZBIL,48,20,400.0,250.9,100360.0,2024-10-22
2024102205012706,SONA,45,48,10.0,479.0,4790.0,2024-10-22
2024102201016923,CITY,42,45,10.0,820.0,8200.0,2024-10-22
2024102201016922,CITY,42,21,10.0,820.0,8200.0,2024-10-22
2024102201016921,CITY,42,50,10.0,818.0,8180.0,2024-10-22
2024102201016920,HHL,56,17,19.0,442.0,8398.0,2024-10-22
2024102201016919,BNHC,45,43,80.0,470.0,37600.0,2024-10-22
2024102201016918,BNHC,45,52,69.0,470.0,32430.0,2024-10-22
2024102204010738,UMRH,29,6,10.0,475.0,4750.0,2024-10-22
2024102201016917,MMKJL,42,49,10.0,534.0,5340.0,2024-10-22
2024102201016916,EBL,20,5,745.0,600.0,447000.0,2024-10-22
2024102201016915,EBL,4,5,50.0,600.1,30005.0,2024-10-22
2024102201016914,NMB,56,42,430.0,270.9,116487.0,2024-10-22
2024102201016913,TVCL,41,69,228.0,460.0,104880.0,2024-10-22
2024102201016912,TVCL,38,69,50.0,460.1,23005.0,2024-10-22
2024102201016911,GBIME,32,45,123.0,260.0,31980.0,2024-10-22
2024102205012705,HRL,32,66,115.0,865.0,99475.0,2024-10-22
2024102201016910,SPL,47,16,45.0,825.1,37129.5,2024-10-22
2024102201016909,MAKAR,4,1,80.0,493.0,39440.0,2024-10-22
2024102201016908,MAKAR,4,45,10.0,492.3,4923.0,2024-10-22
2024102201016907,MAKAR,4,14,42.0,492.2,20672.4,2024-10-22
2024102201016906,MAKAR,4,57,50.0,492.0,24600.0,2024-10-22
2024102201016905,MAKAR,4,4,90.0,492.0,44280.0,2024-10-22
2024102201016904,MAKAR,4,46,10.0,491.0,4910.0,2024-10-22
2024102201016903,MAKAR,4,70,170.0,491.0,83470.0,2024-10-22
2024102203011731,NABBC,64,14,10.0,643.0,6430.0,2024-10-22
2024102203011730,NMLBBL,45,77,20.0,780.0,15600.0,2024-10-22
2024102201016902,RAWA,35,42,130.0,785.0,102050.0,2024-10-22
2024102205012704,CLI,60,58,18.0,636.0,11448.0,2024-10-22
2024102205012703,CLI,60,43,80.0,635.0,50800.0,2024-10-22
2024102205012702,CLI,60,58,10.0,632.0,6320.0,2024-10-22
2024102205012701,CLI,60,33,10.0,632.0,6320.0,2024-10-22
2024102205012700,CLI,60,58,12.0,631.0,7572.0,2024-10-22
2024102205012699,PHCL,65,11,100.0,470.0,47000.0,2024-10-22
2024102204010737,JOSHI,45,18,120.0,308.0,36960.0,2024-10-22
2024102204010736,JOSHI,52,18,160.0,308.1,49296.0,2024-10-22
2024102204010735,JOSHI,32,18,30.0,308.5,9255.0,2024-10-22
2024102205012698,NRM,22,49,10.0,427.1,4271.0,2024-10-22
2024102204010734,AKJCL,57,36,250.0,212.4,53100.0,2024-10-22
2024102204010733,NGPL,58,58,50.0,476.0,23800.0,2024-10-22
2024102201016901,USHL,42,56,10.0,785.0,7850.0,2024-10-22
2024102201016900,MMKJL,42,42,277.0,534.0,147918.0,2024-10-22
2024102201016899,GBIME,51,45,100.0,260.0,26000.0,2024-10-22
2024102201016898,GBIME,14,45,10.0,260.0,2600.0,2024-10-22
2024102201016897,GBIME,94,45,207.0,260.0,53820.0,2024-10-22
2024102201016896,MEHL,62,22,80.0,375.0,30000.0,2024-10-22
2024102205012697,PHCL,65,49,140.0,470.0,65800.0,2024-10-22
2024102201016895,NIMB,59,58,50.0,250.0,12500.0,2024-10-22
2024102201016894,NIMB,59,11,150.0,250.0,37500.0,2024-10-22
2024102201016893,NIMB,59,59,268.0,250.0,67000.0,2024-10-22
2024102203011729,RLFL,86,45,10.0,620.0,6200.0,2024-10-22
2024102204010732,NHPC,58,8,50.0,221.3,11065.0,2024-10-22
2024102204010731,AKJCL,57,67,70.0,212.4,14868.0,2024-10-22
2024102205012696,SAHAS,8,22,65.0,477.0,31005.0,2024-10-22
2024102204010730,TRH,60,4,43.0,1100.8,47334.4,2024-10-22
2024102205012695,SAHAS,8,10,834.0,477.0,397818.0,2024-10-22
2024102205012694,HDL,4,49,20.0,1371.0,27420.0,2024-10-22
2024102205012693,HDL,42,49,20.0,1372.0,27440.0,2024-10-22
2024102203011728,SAPDBL,58,44,350.0,575.0,201250.0,2024-10-22
2024102205012692,HDL,42,20,20.0,1372.0,27440.0,2024-10-22
2024102204010729,HDHPC,33,4,30.0,213.0,6390.0,2024-10-22
2024102204010728,HDHPC,33,53,110.0,213.0,23430.0,2024-10-22
2024102204010727,GHL,89,25,400.0,219.0,87600.0,2024-10-22
2024102204010726,GHL,34,25,100.0,219.1,21910.0,2024-10-22
2024102201016892,TVCL,17,14,20.0,464.6,9292.0,2024-10-22
2024102205012691,NRN,70,4,100.0,908.0,90800.0,2024-10-22
2024102203011727,CFCL,42,7,58.0,619.9,35954.2,2024-10-22
2024102205012690,HATHY,78,45,80.0,1440.0,115200.0,2024-10-22
2024102203011726,JFL,60,57,10.0,649.0,6490.0,2024-10-22
2024102203011725,NMLBBL,57,38,10.0,780.3,7803.0,2024-10-22
2024102201016891,ADBL,51,14,44.0,378.7,16662.8,2024-10-22
2024102205012689,STC,11,1,13.0,5855.0,76115.0,2024-10-22
2024102205012688,HIDCL,26,84,603.0,274.0,165222.0,2024-10-22
2024102205012687,HIDCL,94,84,35.0,274.0,9590.0,2024-10-22
2024102205012686,HIDCL,42,84,163.0,274.5,44743.5,2024-10-22
2024102205012685,GCIL,58,41,11.0,502.0,5522.0,2024-10-22
2024102201016890,PRVU,20,17,50.0,258.0,12900.0,2024-10-22
2024102201016889,RAWA,42,42,100.0,784.0,78400.0,2024-10-22
2024102203011724,KSBBL,35,34,195.0,454.0,88530.0,2024-10-22
2024102203011723,KSBBL,35,49,40.0,454.0,18160.0,2024-10-22
2024102203011722,KSBBL,35,59,100.0,454.0,45400.0,2024-10-22
2024102203011721,KSBBL,35,46,24.0,454.0,10896.0,2024-10-22
2024102203011720,KSBBL,35,17,80.0,454.0,36320.0,2024-10-22
2024102203011719,KSBBL,35,45,61.0,453.0,27633.0,2024-10-22
2024102203011718,MLBSL,5,42,10.0,2025.0,20250.0,2024-10-22
2024102205012684,HATHY,49,39,45.0,1442.0,64890.0,2024-10-22
2024102201016888,NIMB,57,59,200.0,250.0,50000.0,2024-10-22
2024102201016887,NICA,51,49,30.0,466.0,13980.0,2024-10-22
2024102201016886,NICA,47,49,200.0,466.0,93200.0,2024-10-22
2024102203011717,RLFL,28,45,50.0,620.0,31000.0,2024-10-22
2024102204010725,UPCL,52,17,350.0,265.0,92750.0,2024-10-22
2024102204010724,BARUN,1,34,100.0,387.3,38730.0,2024-10-22
2024102204010723,AHPC,47,45,100.0,268.5,26850.0,2024-10-22
2024102204010722,AHPC,72,45,10.0,269.0,2690.0,2024-10-22
2024102204010721,AHPC,28,45,20.0,269.1,5382.0,2024-10-22
2024102201016885,SRLI,39,77,21.0,448.0,9408.0,2024-10-22
2024102204010720,BARUN,26,85,344.0,390.0,134160.0,2024-10-22
2024102204010719,BARUN,34,85,100.0,390.0,39000.0,2024-10-22
2024102204010718,BARUN,33,85,234.0,390.0,91260.0,2024-10-22
2024102203011716,CFCL,57,7,170.0,619.9,105383.0,2024-10-22
2024102203011715,CFCL,57,74,30.0,619.9,18597.0,2024-10-22
2024102203011714,LICN,98,51,100.0,2029.9,202990.0,2024-10-22
2024102205012683,CHDC,28,45,10.0,1719.9,17199.0,2024-10-22
2024102205012682,CHDC,28,66,15.0,1715.0,25725.0,2024-10-22
2024102205012681,HDL,42,13,35.0,1372.0,48020.0,2024-10-22
2024102203011713,ACLBSL,52,58,10.0,1035.0,10350.0,2024-10-22
2024102203011712,ACLBSL,52,77,10.0,1030.0,10300.0,2024-10-22
2024102204010717,API,3,35,159.0,287.5,45712.5,2024-10-22
2024102204010716,API,3,39,66.0,287.5,18975.0,2024-10-22
2024102201016884,NWCL,49,26,60.0,988.9,59334.0,2024-10-22
2024102201016883,NWCL,49,58,10.0,987.0,9870.0,2024-10-22
2024102201016882,NWCL,49,50,10.0,986.0,9860.0,2024-10-22
2024102201016881,NWCL,49,33,420.0,986.0,414120.0,2024-10-22
2024102203011711,LLBS,57,44,25.0,1045.0,26125.0,2024-10-22
2024102205012680,PHCL,65,36,48.0,470.0,22560.0,2024-10-22
2024102201016880,KBL,59,42,260.0,240.2,62452.0,2024-10-22
2024102201016879,KBL,67,42,40.0,240.2,9608.0,2024-10-22
2024102201016878,KBL,49,42,50.0,240.5,12025.0,2024-10-22
2024102201016877,KBL,49,42,50.0,240.5,12025.0,2024-10-22
2024102205012679,HDL,42,43,15.0,1372.0,20580.0,2024-10-22
2024102201016876,BEDC,57,51,10.0,470.0,4700.0,2024-10-22
2024102201016875,BEDC,57,41,26.0,461.1,11988.6,2024-10-22
2024102201016874,SBI,58,65,502.0,488.0,244976.0,2024-10-22
2024102201016873,SBI,58,32,200.0,487.5,97500.0,2024-10-22
2024102201016872,SBI,58,22,100.0,487.5,48750.0,2024-10-22
2024102201016871,SBI,58,22,50.0,487.5,24375.0,2024-10-22
2024102201016870,SBI,58,45,300.0,487.0,146100.0,2024-10-22
2024102201016869,SBI,58,51,100.0,487.0,48700.0,2024-10-22
2024102201016868,SBI,58,22,500.0,487.0,243500.0,2024-10-22
2024102201016867,SBI,58,21,500.0,487.0,243500.0,2024-10-22
2024102201016866,SBI,58,45,143.0,487.0,69641.0,2024-10-22
2024102201016865,SBI,58,58,200.0,487.0,97400.0,2024-10-22
