transaction,symbol,buyer,seller,quantity,rate,amount,date
2024040901032156,CYCL,39,34,20.0,1625.0,32500.0,2024-04-09
2024040903022134,CBBL,4,16,37.0,837.0,30969.0,2024-04-09
2024040903022133,CBBL,65,16,408.0,837.0,341496.0,2024-04-09
2024040903022132,CBBL,45,16,265.0,837.1,221831.5,2024-04-09
2024040903022131,CBBL,45,16,35.0,837.1,29298.5,2024-04-09
2024040905007228,CHDC,71,57,20.0,889.0,17780.0,2024-04-09
2024040901032155,MHCL,16,35,15.0,429.0,6435.0,2024-04-09
2024040903022130,MERO,35,22,10.0,638.0,6380.0,2024-04-09
2024040901032154,PPL,35,14,11.0,586.0,6446.0,2024-04-09
2024040904010743,HPPL,4,41,10.0,274.8,2748.0,2024-04-09
2024040901032153,NIMB,17,44,20.0,155.8,3116.0,2024-04-09
2024040901032152,ULHC,58,59,10.0,355.0,3550.0,2024-04-09
2024040901032151,PPL,58,14,213.0,586.0,124818.0,2024-04-09
2024040901032150,PPL,58,41,10.0,586.0,5860.0,2024-04-09
2024040901032149,PPL,58,29,100.0,586.0,58600.0,2024-04-09
2024040901032148,PPL,58,32,300.0,586.0,175800.0,2024-04-09
2024040901032147,PPL,58,56,377.0,586.0,220922.0,2024-04-09
2024040901032146,BHPL,14,6,20.0,489.0,9780.0,2024-04-09
2024040901032145,LSL,39,52,107.0,153.2,16392.4,2024-04-09
2024040901032144,SMHL,65,70,190.0,442.0,83980.0,2024-04-09
2024040901032143,SMHL,57,70,300.0,443.0,132900.0,2024-04-09
2024040901032142,CYCL,62,34,12.0,1625.1,19501.2,2024-04-09
2024040901032141,CYCL,62,34,11.0,1625.1,17876.1,2024-04-09
2024040901032140,CYCL,62,34,30.0,1626.3,48789.0,2024-04-09
2024040901032139,CYCL,62,34,11.0,1626.9,17895.9,2024-04-09
2024040901032138,CYCL,62,34,11.0,1627.1,17898.1,2024-04-09
2024040901032137,CYCL,62,34,20.0,1628.1,32562.0,2024-04-09
2024040901032136,CYCL,62,34,11.0,1629.9,17928.9,2024-04-09
2024040901032135,PPL,56,56,12.0,586.0,7032.0,2024-04-09
2024040901032134,PPL,56,56,12.0,586.0,7032.0,2024-04-09
2024040901032133,USHEC,77,32,60.0,372.9,22374.0,2024-04-09
2024040901032132,USHEC,60,32,40.0,372.9,14916.0,2024-04-09
2024040901032131,USHEC,60,1,10.0,372.8,3728.0,2024-04-09
2024040903022129,GBLBS,33,17,10.0,649.9,6499.0,2024-04-09
2024040901032130,GVL,44,32,10.0,424.0,4240.0,2024-04-09
2024040901032129,SHLB,26,19,10.0,1176.0,11760.0,2024-04-09
2024040903022128,KRBL,62,58,58.0,414.0,24012.0,2024-04-09
2024040904010742,GHL,58,45,28.0,155.0,4340.0,2024-04-09
2024040904010741,GHL,49,45,72.0,155.0,11160.0,2024-04-09
2024040904010740,GHL,45,45,100.0,155.1,15510.0,2024-04-09
2024040901032128,MKHC,45,35,10.0,335.0,3350.0,2024-04-09
2024040903022127,SFCL,44,45,1200.0,336.2,403440.0,2024-04-09
2024040901032127,SONA,22,50,30.0,465.0,13950.0,2024-04-09
2024040901032126,SHLB,22,1,10.0,1175.0,11750.0,2024-04-09
2024040901032125,TPC,88,7,10.0,534.9,5349.0,2024-04-09
2024040904010739,UPCL,51,41,10.0,205.9,2059.0,2024-04-09
2024040901032124,NRM,65,19,75.0,385.1,28882.5,2024-04-09
2024040901032123,NRM,65,90,25.0,385.1,9627.5,2024-04-09
2024040905007227,ENL,17,48,93.0,835.1,77664.3,2024-04-09
2024040905007226,ENL,33,48,300.0,836.0,250800.0,2024-04-09
2024040905007225,ENL,58,48,17.0,836.0,14212.0,2024-04-09
2024040905007224,ENL,38,48,50.0,836.5,41825.0,2024-04-09
2024040905007223,ENL,44,48,40.0,840.0,33600.0,2024-04-09
2024040901032122,KBL,48,49,167.0,137.7,22995.9,2024-04-09
2024040901032121,KBL,48,58,10.0,137.3,1373.0,2024-04-09
2024040901032120,KBL,48,49,63.0,137.3,8649.9,2024-04-09
2024040901032119,SHLB,13,1,20.0,1175.0,23500.0,2024-04-09
2024040901032118,SHLB,13,47,10.0,1175.0,11750.0,2024-04-09
2024040901032117,SHLB,13,36,100.0,1175.0,117500.0,2024-04-09
2024040901032116,SHLB,13,49,10.0,1170.0,11700.0,2024-04-09
2024040901032115,SHLB,13,47,10.0,1170.0,11700.0,2024-04-09
2024040901032114,SHLB,13,49,10.0,1170.0,11700.0,2024-04-09
2024040901032113,SHLB,13,57,10.0,1169.9,11699.0,2024-04-09
2024040901032112,SHLB,13,51,10.0,1168.0,11680.0,2024-04-09
2024040901032111,SHLB,13,57,10.0,1167.9,11679.0,2024-04-09
2024040901032110,SHLB,13,45,10.0,1167.0,11670.0,2024-04-09
2024040901032109,SHLB,13,38,10.0,1167.0,11670.0,2024-04-09
2024040901032108,SHLB,13,58,10.0,1165.8,11658.0,2024-04-09
2024040901032107,SHLB,13,16,10.0,1165.0,11650.0,2024-04-09
2024040901032106,SHLB,13,50,10.0,1165.0,11650.0,2024-04-09
2024040901032105,SHLB,13,58,40.0,1165.0,46600.0,2024-04-09
2024040901032104,SHLB,13,52,20.0,1165.0,23300.0,2024-04-09
2024040901032103,AVYAN,66,7,10.0,678.0,6780.0,2024-04-09
2024040904010738,RIDI,49,42,400.0,183.0,73200.0,2024-04-09
2024040901032102,ULHC,39,59,50.0,355.0,17750.0,2024-04-09
2024040901032101,ULHC,39,51,80.0,355.0,28400.0,2024-04-09
2024040901032100,ULHC,39,62,90.0,354.9,31941.0,2024-04-09
2024040901032099,ULHC,39,59,80.0,354.0,28320.0,2024-04-09
2024040901032098,EBL,39,19,10.0,503.9,5039.0,2024-04-09
2024040901032097,CITY,68,38,30.0,605.0,18150.0,2024-04-09
2024040901032096,CITY,68,57,10.0,605.0,6050.0,2024-04-09
2024040901032095,CITY,68,50,10.0,604.0,6040.0,2024-04-09
2024040901032094,CITY,68,7,10.0,604.0,6040.0,2024-04-09
2024040901032093,CITY,68,52,10.0,604.0,6040.0,2024-04-09
2024040901032092,CITY,68,49,10.0,603.0,6030.0,2024-04-09
2024040901032091,CITY,68,53,10.0,602.0,6020.0,2024-04-09
2024040901032090,CITY,68,3,10.0,600.0,6000.0,2024-04-09
2024040901032089,NABIL,71,54,100.0,439.0,43900.0,2024-04-09
2024040901032088,GCIL,43,38,21.0,508.0,10668.0,2024-04-09
2024040901032087,PHCL,25,38,10.0,314.0,3140.0,2024-04-09
2024040901032086,PHCL,25,34,10.0,314.0,3140.0,2024-04-09
2024040901032085,PHCL,25,45,10.0,314.0,3140.0,2024-04-09
2024040901032084,PHCL,25,58,10.0,314.0,3140.0,2024-04-09
2024040901032083,PHCL,25,6,10.0,314.0,3140.0,2024-04-09
2024040901032082,PHCL,25,16,30.0,313.0,9390.0,2024-04-09
2024040901032081,PHCL,25,57,10.0,313.0,3130.0,2024-04-09
2024040901032080,PHCL,25,48,10.0,312.0,3120.0,2024-04-09
2024040903022126,SMFBS,25,84,10.0,1195.0,11950.0,2024-04-09
2024040903022125,SDLBSL,25,22,10.0,767.9,7679.0,2024-04-09
2024040903022124,SDLBSL,25,53,10.0,760.0,7600.0,2024-04-09
2024040901032079,DORDI,14,46,14.0,435.0,6090.0,2024-04-09
2024040901032078,DORDI,14,32,56.0,434.9,24354.4,2024-04-09
2024040901032077,DORDI,14,29,10.0,434.0,4340.0,2024-04-09
2024040903022123,MDB,20,14,10.0,433.0,4330.0,2024-04-09
2024040901032076,PPL,21,56,599.0,586.0,351014.0,2024-04-09
2024040901032075,PPL,21,46,10.0,586.0,5860.0,2024-04-09
2024040901032074,PPL,21,45,10.0,586.0,5860.0,2024-04-09
2024040901032073,PPL,21,6,125.0,586.0,73250.0,2024-04-09
2024040901032072,PPL,21,45,10.0,586.0,5860.0,2024-04-09
2024040901032071,PPL,21,51,10.0,586.0,5860.0,2024-04-09
2024040901032070,PPL,21,68,500.0,586.0,293000.0,2024-04-09
2024040901032069,PPL,21,13,10.0,586.0,5860.0,2024-04-09
2024040901032068,PPL,21,52,20.0,586.0,11720.0,2024-04-09
2024040901032067,PPL,21,17,430.0,586.0,251980.0,2024-04-09
2024040901032066,PPL,21,42,10.0,585.9,5859.0,2024-04-09
2024040901032065,PPL,21,7,10.0,585.6,5856.0,2024-04-09
2024040901032064,PPL,21,16,50.0,585.5,29275.0,2024-04-09
2024040901032063,PPL,21,56,10.0,585.5,5855.0,2024-04-09
2024040901032062,PPL,21,35,10.0,585.5,5855.0,2024-04-09
2024040901032061,PPL,21,48,167.0,585.5,97778.5,2024-04-09
2024040901032060,PPL,21,35,10.0,585.5,5855.0,2024-04-09
2024040901032059,PPL,21,74,100.0,585.4,58540.0,2024-04-09
2024040901032058,PPL,21,29,10.0,585.4,5854.0,2024-04-09
2024040901032057,PPL,21,29,20.0,585.4,11708.0,2024-04-09
2024040901032056,PPL,21,35,10.0,585.3,5853.0,2024-04-09
2024040901032055,PPL,21,55,10.0,585.0,5850.0,2024-04-09
2024040901032054,PPL,21,58,10.0,585.0,5850.0,2024-04-09
2024040901032053,PPL,21,38,10.0,585.0,5850.0,2024-04-09
2024040901032052,PPL,21,19,10.0,585.0,5850.0,2024-04-09
2024040901032051,PPL,21,58,10.0,585.0,5850.0,2024-04-09
2024040901032050,PPL,21,35,10.0,585.0,5850.0,2024-04-09
2024040901032049,PPL,21,52,20.0,585.0,11700.0,2024-04-09
2024040901032048,PPL,21,57,10.0,585.0,5850.0,2024-04-09
2024040901032047,PPL,21,39,200.0,585.0,117000.0,2024-04-09
2024040901032046,PPL,21,26,100.0,585.0,58500.0,2024-04-09
2024040901032045,PPL,21,57,15.0,585.0,8775.0,2024-04-09
2024040901032044,PPL,21,41,10.0,585.0,5850.0,2024-04-09
2024040901032043,PPL,21,72,500.0,585.0,292500.0,2024-04-09
2024040901032042,PPL,21,45,1000.0,584.8,584800.0,2024-04-09
2024040901032041,PPL,21,56,500.0,584.7,292350.0,2024-04-09
2024040901032040,PPL,21,29,10.0,584.0,5840.0,2024-04-09
2024040901032039,PPL,21,44,10.0,584.0,5840.0,2024-04-09
2024040901032038,PPL,21,57,10.0,584.0,5840.0,2024-04-09
2024040901032037,PPL,21,49,10.0,584.0,5840.0,2024-04-09
2024040901032036,PPL,21,45,10.0,584.0,5840.0,2024-04-09
2024040901032035,PPL,21,62,160.0,584.0,93440.0,2024-04-09
2024040901032034,PPL,21,35,244.0,583.0,142252.0,2024-04-09
2024040904010737,PPCL,81,34,50.0,258.3,12915.0,2024-04-09
2024040901032033,SONA,58,19,10.0,464.0,4640.0,2024-04-09
2024040901032032,SONA,26,19,500.0,464.0,232000.0,2024-04-09
2024040901032031,SONA,21,19,60.0,464.0,27840.0,2024-04-09
2024040901032030,NRM,53,90,30.0,385.1,11553.0,2024-04-09
2024040901032029,PPL,21,55,10.0,575.0,5750.0,2024-04-09
2024040903022122,LICN,26,7,30.0,1369.0,41070.0,2024-04-09
2024040903022121,LICN,26,43,10.0,1368.9,13689.0,2024-04-09
2024040903022120,GUFL,3,58,100.0,852.0,85200.0,2024-04-09
2024040905007222,HRL,69,21,50.0,623.9,31195.0,2024-04-09
2024040903022119,NLIC,49,17,21.0,598.0,12558.0,2024-04-09
2024040904010736,PMHPL,49,56,10.0,240.9,2409.0,2024-04-09
2024040903022118,BFC,44,64,82.0,371.2,30438.4,2024-04-09
2024040903022117,BFC,36,64,58.0,371.4,21541.2,2024-04-09
2024040901032028,RHGCL,32,49,10.0,323.5,3235.0,2024-04-09
2024040901032027,HHL,65,94,10.0,408.0,4080.0,2024-04-09
2024040901032026,NWCL,57,41,60.0,764.0,45840.0,2024-04-09
2024040901032025,NWCL,57,7,40.0,763.0,30520.0,2024-04-09
2024040901032024,HBL,1,46,10.0,186.9,1869.0,2024-04-09
2024040904010735,SGIC,49,57,10.0,540.0,5400.0,2024-04-09
2024040904010734,SGIC,50,57,100.0,540.0,54000.0,2024-04-09
2024040905007221,NTC,57,35,10.0,845.0,8450.0,2024-04-09
2024040901032023,GBIME,32,6,143.0,180.2,25768.6,2024-04-09
2024040903022116,GUFL,46,58,10.0,852.0,8520.0,2024-04-09
2024040901032022,NYADI,50,52,10.0,315.0,3150.0,2024-04-09
2024040901032021,GVL,66,16,420.0,432.0,181440.0,2024-04-09
2024040901032020,GVL,66,58,10.0,432.0,4320.0,2024-04-09
2024040901032019,GVL,66,55,10.0,431.5,4315.0,2024-04-09
2024040901032018,GVL,66,39,10.0,431.5,4315.0,2024-04-09
2024040901032017,GVL,66,39,10.0,431.4,4314.0,2024-04-09
2024040901032016,GVL,66,4,10.0,431.4,4314.0,2024-04-09
2024040901032015,GVL,66,1,300.0,431.0,129300.0,2024-04-09
2024040901032014,GVL,66,41,10.0,431.0,4310.0,2024-04-09
2024040901032013,GVL,66,58,10.0,431.0,4310.0,2024-04-09
2024040901032012,GVL,66,41,10.0,431.0,4310.0,2024-04-09
2024040901032011,GVL,66,45,20.0,431.0,8620.0,2024-04-09
2024040901032010,GVL,66,34,10.0,431.0,4310.0,2024-04-09
2024040901032009,GVL,66,19,10.0,430.4,4304.0,2024-04-09
2024040901032008,GVL,66,54,270.0,430.4,116208.0,2024-04-09
2024040901032007,GVL,66,56,50.0,430.0,21500.0,2024-04-09
2024040901032006,GVL,66,35,10.0,430.0,4300.0,2024-04-09
2024040901032005,GVL,66,58,10.0,430.0,4300.0,2024-04-09
2024040901032004,GVL,66,38,10.0,430.0,4300.0,2024-04-09
2024040901032003,GVL,66,22,10.0,430.0,4300.0,2024-04-09
2024040901032002,GVL,66,17,10.0,430.0,4300.0,2024-04-09
2024040901032001,GVL,66,45,10.0,430.0,4300.0,2024-04-09
2024040901032000,GVL,66,46,10.0,430.0,4300.0,2024-04-09
2024040901031999,GVL,66,16,400.0,430.0,172000.0,2024-04-09
2024040901031998,GVL,66,16,10.0,430.0,4300.0,2024-04-09
2024040901031997,GVL,66,22,10.0,430.0,4300.0,2024-04-09
2024040901031996,GVL,66,35,250.0,430.0,107500.0,2024-04-09
2024040901031995,GVL,66,57,10.0,430.0,4300.0,2024-04-09
2024040901031994,GVL,66,28,10.0,430.0,4300.0,2024-04-09
2024040901031993,GVL,66,57,10.0,430.0,4300.0,2024-04-09
2024040901031992,GVL,66,45,250.0,429.9,107475.0,2024-04-09
2024040901031991,GVL,66,58,10.0,429.5,4295.0,2024-04-09
2024040901031990,GVL,66,59,10.0,429.5,4295.0,2024-04-09
2024040901031989,GVL,66,49,10.0,429.5,4295.0,2024-04-09
2024040901031988,GVL,66,66,10.0,429.4,4294.0,2024-04-09
2024040901031987,GVL,66,35,10.0,429.4,4294.0,2024-04-09
2024040901031986,GVL,66,58,10.0,429.0,4290.0,2024-04-09
2024040901031985,GVL,66,46,10.0,429.0,4290.0,2024-04-09
2024040901031984,GVL,66,49,10.0,429.0,4290.0,2024-04-09
2024040901031983,GVL,66,57,10.0,429.0,4290.0,2024-04-09
2024040901031982,GVL,66,72,500.0,429.0,214500.0,2024-04-09
2024040901031981,GVL,66,58,10.0,429.0,4290.0,2024-04-09
2024040901031980,GVL,66,26,10.0,429.0,4290.0,2024-04-09
2024040901031979,GVL,66,4,10.0,429.0,4290.0,2024-04-09
2024040901031978,GVL,66,49,10.0,429.0,4290.0,2024-04-09
2024040901031977,GVL,66,42,10.0,429.0,4290.0,2024-04-09
2024040901031976,GVL,66,36,10.0,428.5,4285.0,2024-04-09
2024040901031975,GVL,66,45,10.0,428.0,4280.0,2024-04-09
2024040901031974,GVL,66,38,10.0,428.0,4280.0,2024-04-09
2024040901031973,GVL,66,17,10.0,428.0,4280.0,2024-04-09
2024040901031972,GVL,66,58,10.0,428.0,4280.0,2024-04-09
2024040901031971,GVL,66,41,10.0,428.0,4280.0,2024-04-09
2024040901031970,GVL,66,58,10.0,428.0,4280.0,2024-04-09
2024040901031969,GVL,66,85,10.0,427.4,4274.0,2024-04-09
2024040901031968,GVL,66,52,10.0,427.0,4270.0,2024-04-09
2024040901031967,GVL,66,32,310.0,427.0,132370.0,2024-04-09
2024040901031966,GVL,66,42,10.0,427.0,4270.0,2024-04-09
2024040901031965,GVL,66,41,10.0,427.0,4270.0,2024-04-09
2024040901031964,GVL,66,56,100.0,426.9,42690.0,2024-04-09
2024040901031963,GVL,66,50,500.0,426.8,213400.0,2024-04-09
2024040901031962,GVL,66,6,100.0,426.0,42600.0,2024-04-09
2024040901031961,GVL,66,50,10.0,426.0,4260.0,2024-04-09
2024040901031960,GVL,66,45,10.0,426.0,4260.0,2024-04-09
2024040901031959,GVL,66,58,10.0,426.0,4260.0,2024-04-09
2024040901031958,GVL,66,38,10.0,425.0,4250.0,2024-04-09
2024040901031957,GVL,66,35,10.0,425.0,4250.0,2024-04-09
2024040901031956,GVL,66,46,10.0,425.0,4250.0,2024-04-09
2024040903022115,GLBSL,38,57,30.0,2172.0,65160.0,2024-04-09
2024040901031955,KBL,93,49,10.0,137.3,1373.0,2024-04-09
2024040904010733,DHPL,42,36,10.0,194.0,1940.0,2024-04-09
2024040901031954,RAWA,36,88,10.0,488.0,4880.0,2024-04-09
2024040903022114,KSBBL,36,38,30.0,363.9,10917.0,2024-04-09
2024040901031953,DOLTI,71,42,20.0,510.0,10200.0,2024-04-09
2024040905007220,HRL,55,43,2000.0,623.7,1247400.0,2024-04-09
2024040901031952,MCHL,35,38,200.0,363.0,72600.0,2024-04-09
2024040901031951,MKHC,34,35,509.0,335.0,170515.0,2024-04-09
2024040903022113,NLIC,25,17,20.0,598.0,11960.0,2024-04-09
2024040901031950,BEDC,45,17,50.0,361.9,18095.0,2024-04-09
2024040903022112,SFCL,44,17,200.0,336.2,67240.0,2024-04-09
2024040901031949,PPL,25,35,315.0,583.0,183645.0,2024-04-09
2024040901031948,PPL,25,21,10.0,582.5,5825.0,2024-04-09
2024040901031947,PPL,25,43,10.0,582.0,5820.0,2024-04-09
2024040901031946,PPL,25,72,50.0,581.6,29080.0,2024-04-09
2024040901031945,PPL,25,6,10.0,581.0,5810.0,2024-04-09
2024040901031944,PPL,25,6,100.0,581.0,58100.0,2024-04-09
2024040901031943,PPL,25,45,10.0,581.0,5810.0,2024-04-09
2024040901031942,PPL,25,58,10.0,581.0,5810.0,2024-04-09
2024040901031941,PPL,25,48,10.0,581.0,5810.0,2024-04-09
2024040901031940,PPL,25,17,200.0,580.0,116000.0,2024-04-09
2024040901031939,PPL,25,38,10.0,580.0,5800.0,2024-04-09
2024040901031938,PPL,25,38,10.0,580.0,5800.0,2024-04-09
2024040901031937,PPL,25,34,245.0,580.0,142100.0,2024-04-09
2024040901031936,PPL,25,51,10.0,575.5,5755.0,2024-04-09
2024040905007219,NRIC,68,10,10.0,753.0,7530.0,2024-04-09
2024040901031935,MKHC,5,16,10.0,335.8,3358.0,2024-04-09
2024040905007218,SMATA,58,45,10.0,735.9,7359.0,2024-04-09
2024040901031934,RHGCL,47,58,400.0,322.0,128800.0,2024-04-09
2024040901031933,SBI,5,14,50.0,282.0,14100.0,2024-04-09
2024040903022111,CORBL,34,52,10.0,445.0,4450.0,2024-04-09
2024040901031932,RAWA,34,88,10.0,488.0,4880.0,2024-04-09
2024040901031931,HATHY,40,11,200.0,876.0,175200.0,2024-04-09
2024040901031930,TSHL,77,58,538.0,552.0,296976.0,2024-04-09
2024040901031929,TSHL,77,56,75.0,552.0,41400.0,2024-04-09
2024040901031928,TSHL,77,36,100.0,551.0,55100.0,2024-04-09
2024040901031927,TSHL,77,48,100.0,550.0,55000.0,2024-04-09
2024040901031926,TSHL,77,25,300.0,550.0,165000.0,2024-04-09
2024040901031925,TSHL,77,57,197.0,550.0,108350.0,2024-04-09
2024040901031924,TSHL,77,40,100.0,550.0,55000.0,2024-04-09
2024040901031923,TSHL,77,42,50.0,550.0,27500.0,2024-04-09
2024040901031922,TSHL,77,41,180.0,550.0,99000.0,2024-04-09
2024040901031921,TSHL,77,26,10.0,550.0,5500.0,2024-04-09
2024040901031920,TSHL,77,29,350.0,550.0,192500.0,2024-04-09
2024040903022110,HLBSL,21,53,10.0,737.0,7370.0,2024-04-09
2024040901031919,MKHL,58,21,438.0,435.1,190573.8,2024-04-09
2024040901031918,MKHL,22,21,500.0,435.2,217600.0,2024-04-09
2024040901031917,MKHL,45,21,62.0,435.2,26982.4,2024-04-09
2024040901031916,TSHL,60,29,150.0,550.0,82500.0,2024-04-09
2024040901031915,TSHL,60,37,150.0,549.0,82350.0,2024-04-09
2024040903022109,PROFL,21,34,50.0,332.0,16600.0,2024-04-09
2024040904010732,RHPL,57,19,50.0,278.0,13900.0,2024-04-09
2024040901031914,NBL,57,19,230.0,214.0,49220.0,2024-04-09
2024040903022108,NADEP,19,3,10.0,704.5,7045.0,2024-04-09
2024040903022107,NADEP,19,55,50.0,699.0,34950.0,2024-04-09
2024040901031913,SBI,44,14,10.0,282.0,2820.0,2024-04-09
2024040904010731,GHL,49,59,428.0,155.0,66340.0,2024-04-09
2024040904010730,GHL,71,59,497.0,155.0,77035.0,2024-04-09
2024040904010729,GHL,56,59,75.0,155.2,11640.0,2024-04-09
2024040903022106,ALICL,44,45,10.0,575.0,5750.0,2024-04-09
2024040903022105,ILBS,44,67,50.0,969.0,48450.0,2024-04-09
2024040903022104,ACLBSL,62,49,10.0,787.0,7870.0,2024-04-09
2024040904010728,NHPC,45,57,10.0,152.0,1520.0,2024-04-09
2024040903022103,GUFL,14,45,80.0,850.0,68000.0,2024-04-09
2024040903022102,GUFL,50,45,100.0,850.0,85000.0,2024-04-09
2024040903022101,GUFL,35,45,50.0,850.0,42500.0,2024-04-09
2024040903022100,GUFL,6,45,70.0,850.0,59500.0,2024-04-09
2024040904010727,KPCL,55,22,10.0,405.0,4050.0,2024-04-09
2024040904010726,SALICO,22,42,10.0,667.0,6670.0,2024-04-09
2024040904010725,CGH,49,21,37.0,820.0,30340.0,2024-04-09
2024040904010724,CGH,49,45,163.0,820.0,133660.0,2024-04-09
2024040901031912,BEDC,45,49,19.0,361.9,6876.1,2024-04-09
2024040901031911,BEDC,38,49,25.0,362.0,9050.0,2024-04-09
2024040901031910,BEDC,65,49,73.0,363.0,26499.0,2024-04-09
2024040901031909,BEDC,38,49,40.0,364.0,14560.0,2024-04-09
2024040901031908,SMH,88,72,30.0,675.9,20277.0,2024-04-09
2024040901031907,BNT,32,69,10.0,13000.0,130000.0,2024-04-09
2024040901031906,HATHY,32,48,2.0,863.0,1726.0,2024-04-09
2024040904010723,HEI,66,29,685.0,600.0,411000.0,2024-04-09
2024040904010722,HEI,66,44,120.0,600.0,72000.0,2024-04-09
2024040904010721,HEI,66,77,400.0,600.0,240000.0,2024-04-09
2024040904010720,HEI,66,50,120.0,600.0,72000.0,2024-04-09
2024040904010719,HEI,66,44,518.0,600.0,310800.0,2024-04-09
2024040904010718,HEI,66,50,159.0,593.1,94302.9,2024-04-09
2024040901031905,NRM,38,90,10.0,385.1,3851.0,2024-04-09
2024040901031904,DOLTI,29,42,511.0,520.0,265720.0,2024-04-09
2024040904010717,RIDI,42,57,10.0,183.5,1835.0,2024-04-09
2024040901031903,NESDO,36,38,20.0,1750.0,35000.0,2024-04-09
2024040901031902,VLUCL,37,68,167.0,508.0,84836.0,2024-04-09
2024040901031901,VLUCL,42,68,63.0,508.0,32004.0,2024-04-09
2024040901031900,VLUCL,39,68,90.0,508.1,45729.0,2024-04-09
2024040901031899,VLUCL,62,68,30.0,508.3,15249.0,2024-04-09
2024040901031898,VLUCL,22,68,30.0,508.5,15255.0,2024-04-09
2024040901031897,VLUCL,7,68,120.0,508.5,61020.0,2024-04-09
2024040903022099,PROFL,71,34,10.0,332.0,3320.0,2024-04-09
2024040901031896,IHL,43,68,10.0,389.0,3890.0,2024-04-09
2024040901031895,BGWT,65,35,50.0,609.0,30450.0,2024-04-09
2024040904010716,CHCL,25,56,10.0,456.0,4560.0,2024-04-09
2024040901031894,USHEC,84,1,40.0,372.8,14912.0,2024-04-09
2024040901031893,USHEC,84,38,10.0,372.0,3720.0,2024-04-09
2024040904010715,AKPL,5,16,100.0,175.5,17550.0,2024-04-09
2024040901031892,SARBTM,50,58,190.0,860.0,163400.0,2024-04-09
2024040901031891,PCBL,56,58,10.0,189.9,1899.0,2024-04-09
2024040901031890,SAMAJ,34,49,10.0,1970.0,19700.0,2024-04-09
2024040901031889,EBL,33,19,10.0,503.9,5039.0,2024-04-09
2024040903022098,RLFL,33,84,120.0,388.0,46560.0,2024-04-09
2024040903022097,RLFL,33,80,80.0,388.0,31040.0,2024-04-09
2024040903022096,SINDU,53,85,10.0,369.9,3699.0,2024-04-09
2024040905007217,NTC,28,35,10.0,845.0,8450.0,2024-04-09
2024040901031888,MEHL,26,47,193.0,314.0,60602.0,2024-04-09
2024040903022095,GUFL,6,45,30.0,850.0,25500.0,2024-04-09
2024040903022094,GUFL,35,45,50.0,850.0,42500.0,2024-04-09
2024040903022093,GUFL,35,45,50.0,850.0,42500.0,2024-04-09
2024040903022092,GUFL,19,45,20.0,850.0,17000.0,2024-04-09
2024040903022091,GUFL,62,45,100.0,850.0,85000.0,2024-04-09
2024040903022090,GUFL,42,45,70.0,850.0,59500.0,2024-04-09
2024040903022089,GUFL,42,45,92.0,850.0,78200.0,2024-04-09
2024040903022088,GUFL,43,45,75.0,850.0,63750.0,2024-04-09
2024040903022087,MDB,32,45,838.0,430.2,360507.6,2024-04-09
2024040903022086,MDB,62,45,162.0,431.0,69822.0,2024-04-09
2024040905007216,CMF1,57,49,4000.0,8.94,35760.0,2024-04-09
2024040901031887,TAMOR,49,35,20.0,388.0,7760.0,2024-04-09
2024040901031886,TAMOR,49,29,10.0,388.0,3880.0,2024-04-09
2024040901031885,TAMOR,49,55,10.0,386.1,3861.0,2024-04-09
2024040901031884,TAMOR,49,38,10.0,386.0,3860.0,2024-04-09
2024040901031883,TAMOR,49,58,120.0,385.1,46212.0,2024-04-09
2024040901031882,DOLTI,29,57,130.0,520.0,67600.0,2024-04-09
2024040901031881,MBL,35,6,189.0,172.2,32545.8,2024-04-09
2024040901031880,HDL,56,1,15.0,1496.0,22440.0,2024-04-09
2024040901031879,SARBTM,50,42,25.0,860.0,21500.0,2024-04-09
2024040901031878,SARBTM,50,45,50.0,860.0,43000.0,2024-04-09
2024040901031877,SARBTM,50,48,20.0,860.0,17200.0,2024-04-09
2024040901031876,SARBTM,50,41,50.0,860.0,43000.0,2024-04-09
2024040901031875,SARBTM,50,51,50.0,860.0,43000.0,2024-04-09
2024040901031874,SARBTM,50,49,10.0,860.0,8600.0,2024-04-09
2024040901031873,SRLI,38,4,10.0,458.0,4580.0,2024-04-09
2024040901031872,SBL,50,26,196.0,224.7,44041.2,2024-04-09
2024040901031871,SBL,50,49,50.0,224.5,11225.0,2024-04-09
2024040901031870,SBL,50,22,20.0,224.0,4480.0,2024-04-09
2024040901031869,SBL,50,39,14.0,224.0,3136.0,2024-04-09
2024040901031868,SBL,50,44,565.0,223.5,126277.5,2024-04-09
2024040901031867,SBL,50,22,1355.0,223.4,302707.0,2024-04-09
2024040901031866,MBJC,16,42,10.0,308.0,3080.0,2024-04-09
2024040901031865,KDL,29,19,10.0,808.9,8089.0,2024-04-09
2024040901031864,JBLB,17,72,25.0,1340.0,33500.0,2024-04-09
2024040901031863,SPL,22,8,20.0,652.0,13040.0,2024-04-09
2024040901031862,MKJC,34,25,34.0,458.8,15599.2,2024-04-09
2024040903022085,GUFL,43,52,35.0,850.0,29750.0,2024-04-09
2024040903022084,GUFL,32,52,100.0,850.0,85000.0,2024-04-09
2024040903022083,GUFL,34,52,100.0,850.0,85000.0,2024-04-09
2024040903022082,GUFL,48,52,10.0,850.0,8500.0,2024-04-09
2024040903022081,GUFL,39,52,30.0,850.0,25500.0,2024-04-09
2024040903022080,GUFL,58,52,38.0,852.0,32376.0,2024-04-09
2024040903022079,KSBBL,14,38,18.0,363.9,6550.2,2024-04-09
2024040903022078,KSBBL,14,45,18.0,363.0,6534.0,2024-04-09
2024040901031861,PPL,21,14,10.0,575.0,5750.0,2024-04-09
2024040901031860,KBL,58,49,305.0,137.3,41876.5,2024-04-09
2024040901031859,DOLTI,29,77,10.0,520.0,5200.0,2024-04-09
2024040905007215,CHDC,7,57,10.0,889.0,8890.0,2024-04-09
2024040901031858,KDL,41,29,10.0,808.0,8080.0,2024-04-09
2024040901031857,HHL,49,94,10.0,408.0,4080.0,2024-04-09
2024040903022077,NABBC,32,38,10.0,420.0,4200.0,2024-04-09
2024040903022076,MNBBL,1,32,10.0,345.5,3455.0,2024-04-09
2024040901031856,MKHC,34,40,491.0,335.0,164485.0,2024-04-09
2024040905007214,HRL,55,38,30.0,623.7,18711.0,2024-04-09
2024040901031855,CLI,35,41,10.0,462.5,4625.0,2024-04-09
2024040901031854,SPHL,4,64,10.0,469.0,4690.0,2024-04-09
2024040901031853,SPHL,4,52,10.0,469.0,4690.0,2024-04-09
2024040905007213,HRL,55,4,10.0,623.7,6237.0,2024-04-09
2024040901031852,DOLTI,29,25,2849.0,520.0,1481480.0,2024-04-09
2024040901031851,PPL,25,34,10.0,580.0,5800.0,2024-04-09
2024040901031850,SONA,25,50,20.0,465.0,9300.0,2024-04-09
2024040901031849,SONA,25,45,10.0,464.1,4641.0,2024-04-09
2024040901031848,SONA,25,58,20.0,464.1,9282.0,2024-04-09
2024040901031847,ILI,42,58,29.0,557.1,16155.9,2024-04-09
2024040901031846,DOLTI,29,58,500.0,520.0,260000.0,2024-04-09
2024040901031845,MSHL,57,58,30.0,611.0,18330.0,2024-04-09
2024040904010714,MHNL,28,45,20.0,238.9,4778.0,2024-04-09
2024040903022075,MNBBL,22,51,25.0,345.9,8647.5,2024-04-09
2024040901031844,SAHAS,65,45,100.0,521.0,52100.0,2024-04-09
2024040904010713,SSHL,45,13,95.0,161.6,15352.0,2024-04-09
2024040901031843,SHIVM,69,56,10.0,520.0,5200.0,2024-04-09
2024040901031842,ULHC,22,49,30.0,350.2,10506.0,2024-04-09
2024040901031841,UHEWA,32,60,90.0,371.4,33426.0,2024-04-09
2024040901031840,UHEWA,32,84,10.0,370.0,3700.0,2024-04-09
2024040901031839,TSHL,16,37,500.0,549.0,274500.0,2024-04-09
2024040904010712,UPCL,35,41,10.0,205.9,2059.0,2024-04-09
2024040901031838,HATHY,40,75,100.0,876.0,87600.0,2024-04-09
2024040901031837,HATHY,35,75,100.0,876.0,87600.0,2024-04-09
2024040901031836,HATHY,58,75,100.0,876.0,87600.0,2024-04-09
2024040901031835,HATHY,19,75,200.0,876.0,175200.0,2024-04-09
2024040901031834,RNLI,14,52,11.0,437.1,4808.1,2024-04-09
2024040905007212,SFEF,94,52,800.0,8.09,6472.0,2024-04-09
2024040904010711,GHL,56,94,45.0,155.2,6984.0,2024-04-09
2024040904010710,CHL,56,25,27.0,303.8,8202.6,2024-04-09
2024040904010709,CHL,56,32,55.0,303.0,16665.0,2024-04-09
2024040904010708,CHL,56,6,55.0,303.0,16665.0,2024-04-09
2024040904010707,CHL,56,45,363.0,303.0,109989.0,2024-04-09
2024040901031833,NYADI,21,52,10.0,315.0,3150.0,2024-04-09
2024040903022074,PFL,41,19,1968.0,475.5,935784.0,2024-04-09
2024040905007211,NIFRA,33,62,100.0,208.0,20800.0,2024-04-09
2024040901031832,SNLI,32,62,31.0,605.0,18755.0,2024-04-09
2024040901031831,SNLI,57,62,20.0,605.0,12100.0,2024-04-09
2024040901031830,SNLI,1,62,300.0,605.0,181500.0,2024-04-09
2024040901031829,SNLI,35,62,105.0,605.0,63525.0,2024-04-09
2024040901031828,SNLI,40,62,10.0,605.0,6050.0,2024-04-09
2024040901031827,SNLI,22,62,10.0,605.0,6050.0,2024-04-09
2024040901031826,SNLI,45,62,24.0,605.1,14522.4,2024-04-09
2024040901031825,RHGCL,22,58,100.0,322.0,32200.0,2024-04-09
2024040903022073,NLICL,64,70,35.0,574.7,20114.5,2024-04-09
2024040903022072,NLICL,64,52,54.0,574.0,30996.0,2024-04-09
2024040903022071,NLICL,64,70,500.0,573.0,286500.0,2024-04-09
2024040903022070,NLICL,64,34,723.0,572.0,413556.0,2024-04-09
2024040903022069,LBBL,18,51,250.0,383.1,95775.0,2024-04-09
2024040904010706,NGPL,58,49,200.0,312.0,62400.0,2024-04-09
2024040901031824,MHCL,16,32,100.0,429.0,42900.0,2024-04-09
2024040903022068,LBBL,3,1,87.0,383.2,33338.4,2024-04-09
2024040903022067,CORBL,1,39,30.0,441.1,13233.0,2024-04-09
2024040901031823,SONA,21,57,10.0,464.0,4640.0,2024-04-09
2024040903022066,SIFC,19,40,14.0,393.0,5502.0,2024-04-09
2024040903022065,SIFC,77,40,76.0,394.0,29944.0,2024-04-09
2024040904010705,HDHPC,13,70,300.0,135.2,40560.0,2024-04-09
2024040905007210,HRL,55,38,30.0,623.7,18711.0,2024-04-09
2024040905007209,SMATA,36,45,10.0,735.9,7359.0,2024-04-09
2024040903022064,SFCL,44,42,200.0,336.2,67240.0,2024-04-09
2024040901031822,TAMOR,8,39,10.0,385.0,3850.0,2024-04-09
2024040903022063,SHINE,42,57,10.0,376.0,3760.0,2024-04-09
2024040901031821,SBI,49,35,34.0,281.9,9584.6,2024-04-09
2024040901031820,SBI,21,35,36.0,281.9,10148.4,2024-04-09
2024040903022062,JSLBB,14,18,50.0,1163.0,58150.0,2024-04-09
2024040903022061,JSLBB,44,18,10.0,1163.0,11630.0,2024-04-09
2024040901031819,CYCL,14,26,10.0,1633.9,16339.0,2024-04-09
2024040901031818,RFPL,57,14,256.0,380.0,97280.0,2024-04-09
2024040901031817,PPL,20,34,1045.0,580.0,606100.0,2024-04-09
2024040901031816,PPL,20,36,10.0,580.0,5800.0,2024-04-09
2024040901031815,PPL,20,45,10.0,580.0,5800.0,2024-04-09
2024040901031814,PPL,20,40,20.0,580.0,11600.0,2024-04-09
2024040901031813,PPL,20,21,10.0,580.0,5800.0,2024-04-09
2024040901031812,PPL,20,52,140.0,580.0,81200.0,2024-04-09
2024040901031811,PPL,20,38,10.0,580.0,5800.0,2024-04-09
2024040901031810,PPL,20,4,10.0,580.0,5800.0,2024-04-09
2024040901031809,PPL,20,38,10.0,580.0,5800.0,2024-04-09
2024040901031808,PPL,20,58,300.0,580.0,174000.0,2024-04-09
2024040901031807,PPL,20,38,10.0,580.0,5800.0,2024-04-09
2024040901031806,PPL,20,38,10.0,580.0,5800.0,2024-04-09
2024040901031805,PPL,20,19,10.0,580.0,5800.0,2024-04-09
2024040901031804,PPL,20,49,10.0,580.0,5800.0,2024-04-09
2024040901031803,PPL,20,16,50.0,579.9,28995.0,2024-04-09
2024040901031802,PPL,20,6,10.0,579.0,5790.0,2024-04-09
2024040901031801,PPL,20,45,10.0,579.0,5790.0,2024-04-09
2024040901031800,PPL,20,6,50.0,579.0,28950.0,2024-04-09
2024040901031799,PPL,20,56,200.0,578.9,115780.0,2024-04-09
2024040901031798,PPL,20,34,75.0,578.8,43410.0,2024-04-09
2024040904010704,GHL,71,94,100.0,155.0,15500.0,2024-04-09
2024040901031797,VLUCL,34,68,10.0,509.0,5090.0,2024-04-09
2024040901031796,SCB,34,57,40.0,519.8,20792.0,2024-04-09
2024040901031795,SCB,34,19,60.0,519.7,31182.0,2024-04-09
2024040901031794,SCB,34,58,300.0,519.0,155700.0,2024-04-09
2024040901031793,SCB,34,54,100.0,518.9,51890.0,2024-04-09
2024040904010703,JOSHI,58,38,41.0,335.0,13735.0,2024-04-09
2024040904010702,JOSHI,58,54,10.0,335.0,3350.0,2024-04-09
2024040904010701,JOSHI,58,25,149.0,334.0,49766.0,2024-04-09
2024040904010700,GHL,58,94,10.0,155.2,1552.0,2024-04-09
2024040901031792,DOLTI,28,28,1000.0,510.0,510000.0,2024-04-09
2024040901031791,DOLTI,28,1,10.0,475.0,4750.0,2024-04-09
2024040901031790,DOLTI,28,55,50.0,474.2,23710.0,2024-04-09
2024040901031789,DOLTI,28,25,985.0,474.0,466890.0,2024-04-09
2024040901031788,DOLTI,28,34,200.0,473.3,94660.0,2024-04-09
2024040901031787,DOLTI,28,21,30.0,473.2,14196.0,2024-04-09
2024040901031786,DOLTI,28,36,151.0,473.2,71453.2,2024-04-09
2024040901031785,DOLTI,28,64,10.0,473.2,4732.0,2024-04-09
2024040901031784,DOLTI,28,10,200.0,473.0,94600.0,2024-04-09
2024040901031783,DOLTI,28,7,45.0,473.0,21285.0,2024-04-09
2024040901031782,DOLTI,28,57,10.0,472.9,4729.0,2024-04-09
2024040901031781,DOLTI,28,66,50.0,472.2,23610.0,2024-04-09
2024040901031780,DOLTI,28,18,200.0,472.2,94440.0,2024-04-09
2024040901031779,DOLTI,28,71,50.0,472.2,23610.0,2024-04-09
2024040901031778,DOLTI,28,47,10.0,471.0,4710.0,2024-04-09
2024040901031777,DOLTI,28,19,285.0,471.0,134235.0,2024-04-09
2024040901031776,DOLTI,28,84,834.0,471.0,392814.0,2024-04-09
2024040901031775,NRM,34,90,335.0,385.1,129008.5,2024-04-09
2024040901031774,GBBD85,13,6,25.0,960.0,24000.0,2024-04-09
2024040901031773,ULBSL,33,38,10.0,1386.0,13860.0,2024-04-09
2024040901031772,CKHL,74,36,398.0,535.5,213129.0,2024-04-09
2024040901031771,CKHL,49,36,100.0,535.5,53550.0,2024-04-09
2024040901031770,CKHL,49,36,15.0,536.0,8040.0,2024-04-09
2024040901031769,CKHL,42,36,79.0,536.1,42351.9,2024-04-09
2024040901031768,CKHL,58,36,40.0,537.0,21480.0,2024-04-09
2024040901031767,CKHL,26,36,200.0,537.1,107420.0,2024-04-09
2024040901031766,CKHL,38,36,300.0,537.5,161250.0,2024-04-09
2024040901031765,CKHL,42,36,50.0,537.5,26875.0,2024-04-09
2024040901031764,CKHL,26,36,28.0,537.5,15050.0,2024-04-09
2024040901031763,CKHL,55,36,20.0,538.0,10760.0,2024-04-09
2024040904010699,NLG,6,42,100.0,770.0,77000.0,2024-04-09
2024040904010698,NLG,74,42,500.0,770.0,385000.0,2024-04-09
2024040904010697,NLG,8,42,10.0,771.4,7714.0,2024-04-09
2024040901031762,BNHC,48,47,30.0,485.0,14550.0,2024-04-09
2024040901031761,BNHC,51,47,50.0,485.0,24250.0,2024-04-09
2024040901031760,BNHC,45,47,10.0,485.0,4850.0,2024-04-09
2024040901031759,BNHC,1,47,13.0,485.0,6305.0,2024-04-09
2024040901031758,BNHC,58,47,155.0,485.1,75190.5,2024-04-09
2024040901031757,BNHC,48,47,200.0,485.2,97040.0,2024-04-09
2024040901031756,BNHC,29,47,342.0,485.3,165972.6,2024-04-09
2024040901031755,SPHL,34,5,10.0,465.1,4651.0,2024-04-09
2024040903022060,MLBL,41,14,100.0,330.1,33010.0,2024-04-09
2024040901031754,PPL,56,34,425.0,578.8,245990.0,2024-04-09
2024040901031753,PPL,56,28,100.0,578.0,57800.0,2024-04-09
2024040901031752,PPL,56,34,10.0,577.0,5770.0,2024-04-09
2024040901031751,PPL,56,44,10.0,577.0,5770.0,2024-04-09
2024040901031750,PPL,56,41,455.0,576.0,262080.0,2024-04-09
2024040901031749,IHL,21,68,10.0,389.0,3890.0,2024-04-09
2024040904010696,JOSHI,63,25,220.0,334.0,73480.0,2024-04-09
2024040905007208,HRL,55,34,20.0,623.7,12474.0,2024-04-09
2024040903022059,SJLIC,44,59,90.0,499.1,44919.0,2024-04-09
2024040903022058,SJLIC,39,59,130.0,499.1,64883.0,2024-04-09
2024040903022057,SJLIC,34,59,250.0,499.2,124800.0,2024-04-09
2024040903022056,SJLIC,34,59,330.0,499.2,164736.0,2024-04-09
2024040903022055,SJLIC,42,59,10.0,499.4,4994.0,2024-04-09
2024040903022054,SJLIC,41,59,390.0,499.5,194805.0,2024-04-09
2024040903022053,SJLIC,81,59,300.0,499.6,149880.0,2024-04-09
2024040903022052,SJLIC,26,59,500.0,499.7,249850.0,2024-04-09
2024040905007207,HRL,55,55,20.0,623.7,12474.0,2024-04-09
2024040905007206,HRL,58,21,20.0,623.9,12478.0,2024-04-09
2024040903022051,MLBL,34,58,10.0,331.0,3310.0,2024-04-09
2024040905007205,CIT,55,41,24.0,2115.0,50760.0,2024-04-09
2024040901031748,CYCL,62,58,12.0,1640.0,19680.0,2024-04-09
2024040901031747,CYCL,62,45,200.0,1640.0,328000.0,2024-04-09
2024040901031746,CYCL,62,14,10.0,1640.0,16400.0,2024-04-09
2024040901031745,CYCL,62,77,20.0,1639.8,32796.0,2024-04-09
2024040901031744,CYCL,62,19,16.0,1639.8,26236.8,2024-04-09
2024040901031743,CYCL,62,39,20.0,1639.8,32796.0,2024-04-09
2024040901031742,CYCL,62,29,10.0,1639.5,16395.0,2024-04-09
2024040901031741,CYCL,62,50,15.0,1639.4,24591.0,2024-04-09
2024040901031740,CYCL,62,66,50.0,1639.0,81950.0,2024-04-09
2024040901031739,CYCL,62,16,90.0,1637.0,147330.0,2024-04-09
2024040901031738,CYCL,62,26,35.0,1636.9,57291.5,2024-04-09
2024040901031737,CYCL,62,26,10.0,1636.8,16368.0,2024-04-09
2024040901031736,CYCL,62,26,10.0,1636.7,16367.0,2024-04-09
2024040901031735,CYCL,62,49,25.0,1636.0,40900.0,2024-04-09
2024040901031734,CYCL,62,34,20.0,1636.0,32720.0,2024-04-09
2024040901031733,CYCL,62,25,10.0,1635.0,16350.0,2024-04-09
2024040901031732,CYCL,62,38,10.0,1635.0,16350.0,2024-04-09
2024040901031731,CYCL,62,39,10.0,1635.0,16350.0,2024-04-09
2024040901031730,CYCL,62,21,37.0,1634.0,60458.0,2024-04-09
2024040901031729,CYCL,62,55,40.0,1630.0,65200.0,2024-04-09
2024040901031728,NABIL,14,54,70.0,439.0,30730.0,2024-04-09
2024040901031727,NABIL,57,54,10.0,439.0,4390.0,2024-04-09
2024040901031726,NABIL,14,54,10.0,439.0,4390.0,2024-04-09
2024040901031725,NABIL,49,54,65.0,439.0,28535.0,2024-04-09
2024040901031724,NABIL,57,54,15.0,439.0,6585.0,2024-04-09
2024040901031723,VLUCL,7,41,10.0,508.5,5085.0,2024-04-09
2024040901031722,RNLI,14,34,29.0,437.1,12675.9,2024-04-09
2024040901031721,RNLI,51,34,55.0,437.1,24040.5,2024-04-09
2024040901031720,RNLI,35,34,100.0,437.2,43720.0,2024-04-09
2024040904010695,NICL,34,71,10.0,847.0,8470.0,2024-04-09
2024040904010694,UAIL,57,21,10.0,551.0,5510.0,2024-04-09
2024040903022050,SWBBL,50,54,28.0,765.0,21420.0,2024-04-09
2024040903022049,SWBBL,50,34,62.0,764.9,47423.8,2024-04-09
2024040903022048,SWBBL,50,7,10.0,763.0,7630.0,2024-04-09
2024040901031719,MBJC,50,68,100.0,308.1,30810.0,2024-04-09
2024040901031718,GBIME,38,42,50.0,181.0,9050.0,2024-04-09
2024040901031717,RFPL,57,38,244.0,380.0,92720.0,2024-04-09
2024040901031716,RFPL,62,38,10.0,380.0,3800.0,2024-04-09
2024040901031715,RFPL,45,38,45.0,380.0,17100.0,2024-04-09
2024040901031714,RFPL,14,38,200.0,380.0,76000.0,2024-04-09
2024040901031713,RFPL,14,38,50.0,380.0,19000.0,2024-04-09
2024040905007204,NRN,29,38,10.0,519.0,5190.0,2024-04-09
2024040901031712,SMH,38,72,30.0,675.9,20277.0,2024-04-09
2024040901031711,SMH,38,49,50.0,675.8,33790.0,2024-04-09
2024040901031710,SMH,38,72,60.0,675.7,40542.0,2024-04-09
2024040901031709,SMH,38,35,10.0,675.0,6750.0,2024-04-09
2024040901031708,SMH,38,6,10.0,675.0,6750.0,2024-04-09
2024040901031707,SMH,38,58,10.0,675.0,6750.0,2024-04-09
2024040901031706,SMH,38,59,10.0,673.0,6730.0,2024-04-09
2024040901031705,SMH,38,57,10.0,672.0,6720.0,2024-04-09
2024040901031704,SMH,38,25,10.0,670.0,6700.0,2024-04-09
2024040903022047,HLI,36,14,10.0,403.0,4030.0,2024-04-09
2024040901031703,BNT,36,69,10.0,13000.0,130000.0,2024-04-09
2024040901031702,SARBTM,42,38,50.0,860.0,43000.0,2024-04-09
2024040901031701,SARBTM,42,49,50.0,860.0,43000.0,2024-04-09
2024040903022046,GMFIL,29,44,86.0,382.0,32852.0,2024-04-09
2024040903022045,GMFIL,29,38,314.0,381.8,119885.2,2024-04-09
2024040903022044,GMFIL,29,38,200.0,381.7,76340.0,2024-04-09
2024040903022043,GMFIL,29,57,200.0,381.0,76200.0,2024-04-09
2024040903022042,GMFIL,29,57,100.0,381.0,38100.0,2024-04-09
2024040905007203,HRL,55,35,270.0,623.7,168399.0,2024-04-09
2024040901031700,GBIME,32,4,1229.0,180.2,221465.8,2024-04-09
2024040901031699,GBIME,45,4,100.0,180.3,18030.0,2024-04-09
2024040903022041,PFL,41,4,3455.0,475.5,1642852.5,2024-04-09
2024040904010693,JOSHI,49,25,131.0,334.0,43754.0,2024-04-09
2024040901031698,MLBS,47,59,10.0,1249.5,12495.0,2024-04-09
2024040901031697,BNHC,29,70,158.0,485.3,76677.4,2024-04-09
2024040901031696,SARBTM,56,52,120.0,856.0,102720.0,2024-04-09
2024040901031695,SARBTM,49,52,100.0,856.0,85600.0,2024-04-09
2024040901031694,SARBTM,42,52,190.0,856.0,162640.0,2024-04-09
2024040901031693,SARBTM,42,52,30.0,856.2,25686.0,2024-04-09
2024040903022040,SKBBL,13,63,12.0,823.1,9877.2,2024-04-09
2024040901031692,DOLTI,28,84,415.0,471.0,195465.0,2024-04-09
2024040901031691,DOLTI,28,42,95.0,471.0,44745.0,2024-04-09
2024040901031690,DOLTI,28,62,10.0,470.3,4703.0,2024-04-09
2024040901031689,DOLTI,28,70,200.0,470.3,94060.0,2024-04-09
2024040901031688,DOLTI,28,48,10.0,470.2,4702.0,2024-04-09
2024040901031687,DOLTI,28,42,300.0,470.0,141000.0,2024-04-09
2024040901031686,DOLTI,28,44,1000.0,470.0,470000.0,2024-04-09
2024040901031685,DOLTI,28,52,10.0,470.0,4700.0,2024-04-09
2024040901031684,DOLTI,28,8,1245.0,470.0,585150.0,2024-04-09
2024040901031683,DOLTI,28,25,10.0,470.0,4700.0,2024-04-09
2024040901031682,DOLTI,28,43,200.0,470.0,94000.0,2024-04-09
2024040901031681,DOLTI,28,43,100.0,470.0,47000.0,2024-04-09
2024040901031680,DOLTI,28,43,10.0,470.0,4700.0,2024-04-09
2024040901031679,DOLTI,28,54,10.0,470.0,4700.0,2024-04-09
2024040901031678,DOLTI,28,44,10.0,470.0,4700.0,2024-04-09
2024040901031677,DOLTI,28,50,500.0,469.4,234700.0,2024-04-09
2024040901031676,DOLTI,28,58,10.0,469.3,4693.0,2024-04-09
2024040901031675,DOLTI,28,38,10.0,469.0,4690.0,2024-04-09
2024040901031674,DOLTI,28,42,10.0,469.0,4690.0,2024-04-09
2024040901031673,DOLTI,28,56,300.0,469.0,140700.0,2024-04-09
2024040901031672,DOLTI,28,59,10.0,469.0,4690.0,2024-04-09
2024040901031671,DOLTI,28,48,50.0,469.0,23450.0,2024-04-09
2024040901031670,DOLTI,28,46,10.0,469.0,4690.0,2024-04-09
2024040901031669,DOLTI,28,54,10.0,468.0,4680.0,2024-04-09
2024040901031668,DOLTI,28,58,10.0,467.0,4670.0,2024-04-09
2024040901031667,DOLTI,28,42,10.0,467.0,4670.0,2024-04-09
2024040901031666,DOLTI,28,7,10.0,466.0,4660.0,2024-04-09
2024040901031665,DOLTI,28,46,10.0,466.0,4660.0,2024-04-09
2024040901031664,DOLTI,28,29,50.0,466.0,23300.0,2024-04-09
2024040901031663,DOLTI,28,18,100.0,465.9,46590.0,2024-04-09
2024040901031662,DOLTI,28,55,100.0,465.0,46500.0,2024-04-09
2024040901031661,DOLTI,28,35,10.0,464.0,4640.0,2024-04-09
2024040901031660,DOLTI,28,52,165.0,464.0,76560.0,2024-04-09
2024040901031659,SARBTM,62,58,50.0,860.0,43000.0,2024-04-09
2024040901031658,SARBTM,62,59,50.0,860.0,43000.0,2024-04-09
2024040901031657,SARBTM,62,49,20.0,860.0,17200.0,2024-04-09
2024040901031656,SARBTM,62,70,50.0,859.9,42995.0,2024-04-09
2024040901031655,SARBTM,62,8,10.0,859.1,8591.0,2024-04-09
2024040901031654,SARBTM,62,58,20.0,858.0,17160.0,2024-04-09
2024040901031653,MBJC,16,3,10.0,308.0,3080.0,2024-04-09
2024040901031652,MBJC,29,3,20.0,308.0,6160.0,2024-04-09
2024040901031651,MBJC,3,3,100.0,308.0,30800.0,2024-04-09
2024040901031650,MBJC,4,3,40.0,308.0,12320.0,2024-04-09
2024040901031649,MBJC,48,3,10.0,308.0,3080.0,2024-04-09
2024040901031648,MBJC,44,3,100.0,308.0,30800.0,2024-04-09
2024040901031647,MBJC,45,3,220.0,308.0,67760.0,2024-04-09
2024040905007202,NIFRA,33,54,200.0,208.0,41600.0,2024-04-09
2024040904010692,NGPL,58,67,30.0,312.0,9360.0,2024-04-09
2024040901031646,MANDU,34,58,10.0,702.0,7020.0,2024-04-09
2024040901031645,ULHC,58,59,10.0,354.0,3540.0,2024-04-09
2024040903022039,LLBS,54,22,14.0,905.0,12670.0,2024-04-09
2024040905007201,CHDC,7,57,10.0,889.0,8890.0,2024-04-09
2024040904010691,PRIN,33,39,24.0,804.1,19298.4,2024-04-09
2024040904010690,PRIN,35,39,20.0,805.0,16100.0,2024-04-09
2024040901031644,NIBD2082,21,42,30.0,1050.0,31500.0,2024-04-09
2024040903022038,PROFL,43,34,100.0,332.0,33200.0,2024-04-09
2024040901031643,DORDI,29,22,10.0,433.0,4330.0,2024-04-09
2024040903022037,MERO,35,22,10.0,638.0,6380.0,2024-04-09
2024040901031642,NMB,32,21,350.0,177.2,62020.0,2024-04-09
2024040901031641,NMB,37,21,100.0,177.4,17740.0,2024-04-09
2024040905007200,HRL,63,42,23.0,624.4,14361.2,2024-04-09
2024040905007199,HRL,63,17,10.0,624.1,6241.0,2024-04-09
2024040905007198,HRL,63,19,20.0,624.0,12480.0,2024-04-09
2024040905007197,HRL,63,14,100.0,624.0,62400.0,2024-04-09
2024040905007196,HRL,63,55,20.0,624.0,12480.0,2024-04-09
2024040905007195,HRL,63,53,10.0,624.0,6240.0,2024-04-09
2024040905007194,HRL,63,58,30.0,624.0,18720.0,2024-04-09
2024040905007193,HRL,63,35,20.0,624.0,12480.0,2024-04-09
2024040905007192,HRL,63,35,10.0,624.0,6240.0,2024-04-09
2024040905007191,HRL,63,38,10.0,624.0,6240.0,2024-04-09
2024040905007190,HRL,63,17,10.0,624.0,6240.0,2024-04-09
2024040905007189,HRL,63,34,10.0,624.0,6240.0,2024-04-09
2024040905007188,HRL,63,45,32.0,624.0,19968.0,2024-04-09
2024040905007187,HRL,63,39,10.0,624.0,6240.0,2024-04-09
2024040905007186,HRL,63,34,10.0,624.0,6240.0,2024-04-09
2024040905007185,HRL,63,35,10.0,624.0,6240.0,2024-04-09
2024040905007184,HRL,63,55,20.0,624.0,12480.0,2024-04-09
2024040905007183,HRL,63,42,30.0,624.0,18720.0,2024-04-09
2024040905007182,HRL,63,34,10.0,624.0,6240.0,2024-04-09
2024040905007181,HRL,63,42,10.0,624.0,6240.0,2024-04-09
2024040905007180,HRL,63,14,20.0,624.0,12480.0,2024-04-09
2024040905007179,HRL,63,58,20.0,624.0,12480.0,2024-04-09
2024040905007178,HRL,63,57,10.0,624.0,6240.0,2024-04-09
2024040903022036,MFIL,53,14,10.0,520.0,5200.0,2024-04-09
2024040905007177,HRL,63,36,45.0,624.0,28080.0,2024-04-09
2024040901031640,HHL,38,26,10.0,407.1,4071.0,2024-04-09
2024040901031639,CYCL,25,55,17.0,1630.0,27710.0,2024-04-09
2024040901031638,CYCL,62,55,12.0,1630.1,19561.2,2024-04-09
2024040901031637,CYCL,32,55,20.0,1630.9,32618.0,2024-04-09
2024040901031636,CYCL,62,55,11.0,1630.9,17939.9,2024-04-09
2024040901031635,CYCL,62,55,100.0,1632.1,163210.0,2024-04-09
2024040903022035,ALICL,54,45,500.0,574.0,287000.0,2024-04-09
2024040905007176,HRL,55,58,10.0,623.7,6237.0,2024-04-09
2024040901031634,PPL,69,41,45.0,576.0,25920.0,2024-04-09
2024040901031633,PPL,69,46,10.0,576.0,5760.0,2024-04-09
2024040905007175,HRL,55,48,10.0,623.7,6237.0,2024-04-09
2024040904010689,CHCL,49,56,10.0,456.0,4560.0,2024-04-09
2024040903022034,SHINE,49,57,10.0,376.0,3760.0,2024-04-09
2024040901031632,MAKAR,57,42,10.0,395.0,3950.0,2024-04-09
2024040903022033,SFCL,42,58,250.0,339.0,84750.0,2024-04-09
2024040904010688,CHCL,21,7,195.0,452.2,88179.0,2024-04-09
2024040904010687,CHCL,43,7,100.0,452.3,45230.0,2024-04-09
2024040904010686,KKHC,57,53,421.0,230.0,96830.0,2024-04-09
2024040904010685,KKHC,48,53,444.0,230.0,102120.0,2024-04-09
2024040901031631,DOLTI,52,28,465.0,463.7,215620.5,2024-04-09
2024040901031630,DOLTI,38,28,35.0,463.7,16229.5,2024-04-09
2024040903022032,SIFC,77,44,50.0,394.0,19700.0,2024-04-09
2024040901031629,BHPL,44,6,10.0,489.0,4890.0,2024-04-09
2024040903022031,MFIL,55,58,50.0,518.1,25905.0,2024-04-09
2024040903022030,MFIL,5,58,10.0,518.2,5182.0,2024-04-09
2024040903022029,GUFL,22,34,10.0,854.0,8540.0,2024-04-09
2024040903022028,SAPDBL,65,54,48.0,312.5,15000.0,2024-04-09
2024040901031628,NWCL,32,22,10.0,762.0,7620.0,2024-04-09
2024040901031627,NWCL,32,39,10.0,761.9,7619.0,2024-04-09
2024040901031626,NWCL,32,58,30.0,761.0,22830.0,2024-04-09
2024040901031625,NWCL,32,58,10.0,761.0,7610.0,2024-04-09
2024040901031624,NWCL,32,48,10.0,760.1,7601.0,2024-04-09
2024040901031623,NWCL,32,45,10.0,760.0,7600.0,2024-04-09
2024040901031622,NWCL,32,19,200.0,760.0,152000.0,2024-04-09
2024040901031621,NWCL,32,38,10.0,760.0,7600.0,2024-04-09
2024040901031620,NWCL,32,54,10.0,760.0,7600.0,2024-04-09
2024040901031619,NWCL,32,35,10.0,760.0,7600.0,2024-04-09
2024040901031618,NWCL,32,48,10.0,760.0,7600.0,2024-04-09
2024040901031617,NWCL,32,58,10.0,760.0,7600.0,2024-04-09
2024040901031616,NWCL,32,40,10.0,760.0,7600.0,2024-04-09
2024040901031615,NWCL,32,35,10.0,760.0,7600.0,2024-04-09
2024040901031614,NWCL,32,21,100.0,759.9,75990.0,2024-04-09
2024040901031613,NWCL,32,35,10.0,759.0,7590.0,2024-04-09
2024040901031612,NWCL,32,58,10.0,758.8,7588.0,2024-04-09
2024040901031611,NWCL,32,1,50.0,758.0,37900.0,2024-04-09
2024040901031610,NWCL,32,42,160.0,758.0,121280.0,2024-04-09
2024040901031609,NWCL,32,49,10.0,758.0,7580.0,2024-04-09
2024040901031608,NWCL,32,48,10.0,758.0,7580.0,2024-04-09
2024040901031607,NWCL,32,42,100.0,757.9,75790.0,2024-04-09
2024040901031606,NWCL,32,39,80.0,756.0,60480.0,2024-04-09
2024040901031605,NWCL,32,42,20.0,756.0,15120.0,2024-04-09
2024040901031604,NWCL,32,21,10.0,756.0,7560.0,2024-04-09
2024040901031603,NWCL,32,38,10.0,755.0,7550.0,2024-04-09
2024040901031602,NWCL,32,22,10.0,755.0,7550.0,2024-04-09
2024040901031601,NWCL,32,55,10.0,755.0,7550.0,2024-04-09
2024040901031600,NWCL,32,46,10.0,755.0,7550.0,2024-04-09
2024040901031599,NWCL,32,21,10.0,755.0,7550.0,2024-04-09
2024040901031598,NWCL,32,41,10.0,755.0,7550.0,2024-04-09
2024040901031597,NWCL,32,38,10.0,755.0,7550.0,2024-04-09
2024040901031596,NWCL,32,4,10.0,755.0,7550.0,2024-04-09
2024040901031595,NWCL,32,57,10.0,754.0,7540.0,2024-04-09
2024040904010684,AHPC,58,49,10.0,175.8,1758.0,2024-04-09
2024040901031594,NWCL,34,57,90.0,754.0,67860.0,2024-04-09
2024040901031593,NWCL,34,59,10.0,754.0,7540.0,2024-04-09
2024040901031592,SMJC,34,43,154.0,387.6,59690.4,2024-04-09
2024040901031591,SMJC,34,57,10.0,386.5,3865.0,2024-04-09
2024040901031590,SMJC,34,39,10.0,386.5,3865.0,2024-04-09
2024040901031589,SMJC,34,45,15.0,386.4,5796.0,2024-04-09
2024040901031588,SMJC,34,51,10.0,386.0,3860.0,2024-04-09
2024040901031587,SMJC,34,49,10.0,386.0,3860.0,2024-04-09
2024040901031586,SMJC,34,49,10.0,386.0,3860.0,2024-04-09
2024040901031585,SMJC,34,49,10.0,386.0,3860.0,2024-04-09
2024040901031584,SMJC,34,29,10.0,386.0,3860.0,2024-04-09
2024040901031583,SMJC,34,57,10.0,386.0,3860.0,2024-04-09
2024040901031582,SMJC,34,35,10.0,385.5,3855.0,2024-04-09
2024040901031581,SMJC,34,51,10.0,385.5,3855.0,2024-04-09
2024040901031580,SMJC,34,58,10.0,385.5,3855.0,2024-04-09
2024040901031579,SMJC,34,58,10.0,385.0,3850.0,2024-04-09
2024040901031578,SMJC,34,45,260.0,385.0,100100.0,2024-04-09
2024040901031577,SMJC,34,55,10.0,385.0,3850.0,2024-04-09
2024040901031576,SMJC,34,11,10.0,385.0,3850.0,2024-04-09
2024040901031575,SMJC,34,52,10.0,385.0,3850.0,2024-04-09
2024040901031574,SMJC,34,36,10.0,385.0,3850.0,2024-04-09
2024040901031573,SMJC,34,49,10.0,385.0,3850.0,2024-04-09
2024040901031572,SMJC,34,56,100.0,385.0,38500.0,2024-04-09
2024040901031571,SMJC,34,45,10.0,385.0,3850.0,2024-04-09
2024040901031570,SMJC,34,17,10.0,385.0,3850.0,2024-04-09
2024040901031569,SMJC,34,49,10.0,385.0,3850.0,2024-04-09
2024040901031568,SMJC,34,38,100.0,385.0,38500.0,2024-04-09
2024040901031567,SMJC,34,94,1171.0,385.0,450835.0,2024-04-09
2024040904010683,HPPL,38,33,310.0,274.5,85095.0,2024-04-09
2024040904010682,HPPL,38,60,260.0,274.4,71344.0,2024-04-09
2024040905007174,HRL,16,36,35.0,624.0,21840.0,2024-04-09
2024040905007173,HRL,16,55,20.0,624.0,12480.0,2024-04-09
2024040905007172,HRL,16,35,145.0,624.0,90480.0,2024-04-09
2024040901031566,CLI,37,3,10.0,462.5,4625.0,2024-04-09
2024040901031565,CLI,37,45,10.0,462.5,4625.0,2024-04-09
2024040903022027,CFCL,18,21,50.0,386.0,19300.0,2024-04-09
2024040904010681,SHEL,19,56,200.0,190.0,38000.0,2024-04-09
2024040901031564,MAKAR,65,55,447.0,392.0,175224.0,2024-04-09
2024040901031563,MAKAR,18,55,33.0,392.0,12936.0,2024-04-09
2024040901031562,MAKAR,49,55,10.0,392.1,3921.0,2024-04-09
2024040901031561,MAKAR,49,55,10.0,392.1,3921.0,2024-04-09
2024040901031560,JBLB,45,72,11.0,1340.0,14740.0,2024-04-09
2024040903022026,NABBC,55,45,27.0,415.0,11205.0,2024-04-09
2024040901031559,AVYAN,66,7,10.0,678.0,6780.0,2024-04-09
2024040905007171,HIDCL,40,58,400.0,168.5,67400.0,2024-04-09
2024040904010680,AHPC,58,38,100.0,175.8,17580.0,2024-04-09
2024040901031558,MEHL,26,34,297.0,313.3,93050.1,2024-04-09
2024040904010679,HDHPC,57,70,55.0,135.2,7436.0,2024-04-09
2024040903022025,SJLIC,34,49,30.0,500.0,15000.0,2024-04-09
2024040904010678,NGPL,58,34,50.0,312.0,15600.0,2024-04-09
2024040901031557,MMKJL,50,29,200.0,408.0,81600.0,2024-04-09
2024040901031556,CYCL,62,47,13.0,1632.9,21227.7,2024-04-09
2024040901031555,SHIVM,49,56,30.0,520.0,15600.0,2024-04-09
2024040901031554,SHIVM,38,56,120.0,520.0,62400.0,2024-04-09
2024040901031553,SHIVM,35,56,274.0,520.0,142480.0,2024-04-09
2024040901031552,SHIVM,4,56,119.0,522.0,62118.0,2024-04-09
2024040901031551,SONA,21,56,130.0,464.0,60320.0,2024-04-09
2024040901031550,PPL,21,53,10.0,575.0,5750.0,2024-04-09
2024040901031549,SAHAS,65,3,300.0,521.0,156300.0,2024-04-09
2024040901031548,SONA,48,58,50.0,464.1,23205.0,2024-04-09
2024040901031547,MBL,35,45,76.0,172.2,13087.2,2024-04-09
2024040901031546,MBL,42,45,100.0,172.3,17230.0,2024-04-09
2024040901031545,MBL,42,45,10.0,172.5,1725.0,2024-04-09
2024040901031544,MBL,43,45,14.0,172.5,2415.0,2024-04-09
2024040901031543,PPL,21,45,20.0,575.0,11500.0,2024-04-09
2024040901031542,MKHL,22,48,100.0,436.0,43600.0,2024-04-09
2024040903022024,CBBL,65,1,593.0,837.0,496341.0,2024-04-09
2024040903022023,CBBL,49,1,17.0,837.1,14230.7,2024-04-09
2024040901031541,SMJC,71,94,10.0,385.0,3850.0,2024-04-09
2024040901031540,BHPL,19,49,43.0,480.0,20640.0,2024-04-09
2024040901031539,BHPL,40,49,30.0,480.0,14400.0,2024-04-09
2024040901031538,BHPL,7,49,10.0,482.1,4821.0,2024-04-09
2024040901031537,BHPL,7,49,10.0,482.2,4822.0,2024-04-09
2024040901031536,BHPL,49,49,87.0,482.6,41986.2,2024-04-09
2024040905007170,NRIC,68,57,49.0,753.0,36897.0,2024-04-09
2024040905007169,NRIC,5,57,76.0,753.5,57266.0,2024-04-09
2024040901031535,SHIVM,4,32,80.0,522.0,41760.0,2024-04-09
2024040901031534,SHIVM,4,45,100.0,522.0,52200.0,2024-04-09
2024040901031533,SHIVM,4,69,968.0,522.0,505296.0,2024-04-09
2024040901031532,SHIVM,4,32,150.0,521.9,78285.0,2024-04-09
2024040901031531,SHIVM,4,81,30.0,521.8,15654.0,2024-04-09
2024040901031530,SHIVM,4,44,290.0,521.5,151235.0,2024-04-09
2024040901031529,SHIVM,4,18,300.0,521.0,156300.0,2024-04-09
2024040901031528,SHIVM,4,18,200.0,521.0,104200.0,2024-04-09
2024040901031527,SHIVM,4,26,263.0,521.0,137023.0,2024-04-09
2024040904010677,BARUN,17,16,12.0,238.0,2856.0,2024-04-09
2024040903022022,SMFBS,25,45,10.0,1195.0,11950.0,2024-04-09
2024040901031526,GCIL,44,52,11.0,506.9,5575.9,2024-04-09
2024040904010676,IGI,34,52,43.0,545.3,23447.9,2024-04-09
2024040903022021,CFCL,14,21,308.0,386.0,118888.0,2024-04-09
2024040903022020,CFCL,14,57,20.0,385.9,7718.0,2024-04-09
2024040903022019,CFCL,14,42,172.0,385.0,66220.0,2024-04-09
2024040904010675,TRH,81,58,650.0,774.0,503100.0,2024-04-09
2024040901031525,PCBL,19,58,300.0,189.9,56970.0,2024-04-09
2024040903022018,RLFL,45,80,10.0,388.0,3880.0,2024-04-09
2024040904010674,PPCL,86,19,225.0,258.4,58140.0,2024-04-09
2024040904010673,PPCL,86,14,500.0,258.4,129200.0,2024-04-09
2024040904010672,PPCL,86,53,10.0,255.0,2550.0,2024-04-09
2024040901031524,SANIMA,29,8,200.0,242.0,48400.0,2024-04-09
2024040905007168,HRL,55,4,30.0,623.7,18711.0,2024-04-09
2024040901031523,HDL,47,17,25.0,1495.5,37387.5,2024-04-09
2024040904010671,KPCL,55,25,20.0,405.0,8100.0,2024-04-09
2024040904010670,NLG,56,64,10.0,776.0,7760.0,2024-04-09
2024040903022017,RSDC,10,19,20.0,610.0,12200.0,2024-04-09
2024040903022016,PMLI,47,10,50.0,516.0,25800.0,2024-04-09
2024040901031522,ULHC,26,59,200.0,354.0,70800.0,2024-04-09
2024040901031521,SHIVM,69,26,10.0,521.0,5210.0,2024-04-09
2024040905007167,NRIC,45,80,50.0,754.5,37725.0,2024-04-09
2024040901031520,GCIL,58,51,340.0,506.5,172210.0,2024-04-09
2024040901031519,GCIL,56,51,14.0,506.5,7091.0,2024-04-09
2024040901031518,GCIL,13,51,83.0,507.0,42081.0,2024-04-09
2024040903022015,PMLI,48,10,200.0,517.0,103400.0,2024-04-09
2024040904010669,HEI,66,44,71.0,600.0,42600.0,2024-04-09
2024040904010668,HEI,66,43,50.0,599.9,29995.0,2024-04-09
2024040904010667,HEI,66,33,200.0,599.8,119960.0,2024-04-09
2024040904010666,HEI,66,50,100.0,598.0,59800.0,2024-04-09
2024040904010665,HEI,66,38,500.0,597.0,298500.0,2024-04-09
2024040904010664,HEI,66,53,10.0,597.0,5970.0,2024-04-09
2024040904010663,HEI,66,59,25.0,596.0,14900.0,2024-04-09
2024040904010662,HEI,66,56,44.0,595.0,26180.0,2024-04-09
2024040901031517,GCIL,13,11,217.0,506.9,109997.3,2024-04-09
2024040901031516,NWCL,45,42,10.0,750.0,7500.0,2024-04-09
2024040901031515,SHLB,7,35,10.0,1160.0,11600.0,2024-04-09
2024040903022014,MPFL,39,14,189.0,387.0,73143.0,2024-04-09
2024040904010661,UPPER,62,34,500.0,172.8,86400.0,2024-04-09
2024040901031514,NRM,34,58,10.0,385.1,3851.0,2024-04-09
2024040903022013,HLI,77,6,75.0,402.6,30195.0,2024-04-09
2024040903022012,HLI,1,6,50.0,402.6,20130.0,2024-04-09
2024040901031513,SARBTM,50,58,30.0,858.0,25740.0,2024-04-09
2024040904010660,JOSHI,49,36,19.0,334.0,6346.0,2024-04-09
2024040904010659,JOSHI,56,36,200.0,334.2,66840.0,2024-04-09
2024040904010658,JOSHI,47,36,50.0,334.2,16710.0,2024-04-09
2024040904010657,GHL,71,38,403.0,155.0,62465.0,2024-04-09
2024040904010656,GHL,58,38,40.0,155.0,6200.0,2024-04-09
2024040904010655,GHL,26,38,57.0,155.0,8835.0,2024-04-09
2024040904010654,GHL,47,38,1500.0,155.1,232650.0,2024-04-09
2024040901031512,SMJC,17,38,10.0,381.1,3811.0,2024-04-09
2024040904010653,CHL,29,45,15.0,303.0,4545.0,2024-04-09
2024040904010652,CHL,29,22,45.0,303.0,13635.0,2024-04-09
2024040901031511,CYCL,25,21,17.0,1634.0,27778.0,2024-04-09
2024040903022011,VLBS,49,5,20.0,742.0,14840.0,2024-04-09
2024040903022010,VLBS,45,5,30.0,742.0,22260.0,2024-04-09
2024040903022009,NMBMF,85,52,200.0,602.7,120540.0,2024-04-09
2024040903022008,NMBMF,33,52,50.0,603.0,30150.0,2024-04-09
2024040904010651,AKJCL,39,21,10.0,216.1,2161.0,2024-04-09
2024040901031510,SARBTM,41,21,100.0,856.0,85600.0,2024-04-09
2024040901031509,SARBTM,35,21,10.0,856.0,8560.0,2024-04-09
2024040901031508,SARBTM,11,21,20.0,856.2,17124.0,2024-04-09
2024040901031507,SARBTM,58,21,20.0,857.0,17140.0,2024-04-09
2024040901031506,SARBTM,7,21,10.0,857.0,8570.0,2024-04-09
2024040901031505,SARBTM,53,21,20.0,857.0,17140.0,2024-04-09
2024040901031504,SARBTM,55,21,120.0,857.0,102840.0,2024-04-09
2024040905007166,CIT,28,54,10.0,2114.2,21142.0,2024-04-09
2024040903022007,MDB,62,45,38.0,431.0,16378.0,2024-04-09
2024040903022006,MDB,49,45,897.0,431.0,386607.0,2024-04-09
2024040903022005,MDB,50,45,1000.0,431.2,431200.0,2024-04-09
2024040903022004,MDB,51,45,65.0,431.3,28034.5,2024-04-09
2024040903022003,GBBL,48,10,44.0,369.0,16236.0,2024-04-09
2024040903022002,CORBL,1,39,10.0,441.1,4411.0,2024-04-09
2024040901031503,SNLI,45,41,10.0,605.1,6051.0,2024-04-09
2024040901031502,CKHL,41,62,10.0,544.9,5449.0,2024-04-09
2024040901031501,ILI,63,36,100.0,557.0,55700.0,2024-04-09
2024040901031500,HDL,47,16,10.0,1495.5,14955.0,2024-04-09
2024040903022001,MPFL,39,57,11.0,387.0,4257.0,2024-04-09
2024040904010650,HEI,39,56,25.0,595.0,14875.0,2024-04-09
2024040903022000,SJLIC,49,49,500.0,500.0,250000.0,2024-04-09
2024040901031499,MKHC,14,35,200.0,332.8,66560.0,2024-04-09
2024040903021999,SFCL,44,42,270.0,336.2,90774.0,2024-04-09
2024040903021998,SFCL,81,42,30.0,336.3,10089.0,2024-04-09
2024040904010649,CHL,56,32,41.0,302.5,12402.5,2024-04-09
2024040903021997,ACLBSL,62,22,10.0,780.0,7800.0,2024-04-09
2024040904010648,BARUN,26,16,50.0,238.0,11900.0,2024-04-09
2024040904010647,GHL,47,26,100.0,155.1,15510.0,2024-04-09
2024040901031498,JBLB,3,72,12.0,1340.0,16080.0,2024-04-09
2024040901031497,JBLB,57,72,130.0,1341.0,174330.0,2024-04-09
2024040901031496,JBLB,55,72,10.0,1342.0,13420.0,2024-04-09
2024040904010646,NGPL,58,41,971.0,312.0,302952.0,2024-04-09
2024040904010645,SHL,6,58,504.0,446.0,224784.0,2024-04-09
2024040904010644,SHL,6,17,100.0,446.0,44600.0,2024-04-09
2024040904010643,SHL,6,55,100.0,445.9,44590.0,2024-04-09
2024040904010642,SHL,6,6,500.0,445.8,222900.0,2024-04-09
2024040904010641,SHL,6,17,200.0,445.6,89120.0,2024-04-09
2024040904010640,SHL,6,1,220.0,445.5,98010.0,2024-04-09
2024040904010639,SHL,6,49,376.0,445.0,167320.0,2024-04-09
2024040904010638,SGIC,50,52,100.0,540.0,54000.0,2024-04-09
2024040903021996,NICLBSL,38,17,10.0,614.9,6149.0,2024-04-09
2024040903021995,MPFL,34,57,19.0,387.0,7353.0,2024-04-09
2024040903021994,MPFL,34,57,135.0,387.0,52245.0,2024-04-09
2024040903021993,MPFL,34,45,296.0,387.0,114552.0,2024-04-09
2024040903021992,MPFL,34,57,50.0,386.5,19325.0,2024-04-09
2024040901031495,HBL,60,42,321.0,185.2,59449.2,2024-04-09
2024040901031494,MSHL,57,52,10.0,611.0,6110.0,2024-04-09
2024040904010637,SJCL,22,52,140.0,277.3,38822.0,2024-04-09
2024040904010636,MEN,22,21,10.0,518.7,5187.0,2024-04-09
2024040903021991,HLBSL,74,4,56.0,736.0,41216.0,2024-04-09
2024040903021990,HLBSL,74,58,100.0,735.0,73500.0,2024-04-09
2024040905007165,NIFRA,33,21,200.0,208.0,41600.0,2024-04-09
2024040905007164,NIFRA,33,38,54.0,208.0,11232.0,2024-04-09
2024040905007163,NIFRA,33,45,1000.0,208.0,208000.0,2024-04-09
2024040905007162,NIFRA,33,47,64.0,208.0,13312.0,2024-04-09
2024040905007161,NIFRA,33,48,64.0,208.0,13312.0,2024-04-09
2024040905007160,NIFRA,33,48,54.0,208.0,11232.0,2024-04-09
2024040905007159,NIFRA,33,45,54.0,208.0,11232.0,2024-04-09
2024040905007158,NIFRA,33,58,43.0,208.0,8944.0,2024-04-09
2024040905007157,NIFRA,33,34,50.0,208.0,10400.0,2024-04-09
2024040905007156,NIFRA,33,14,50.0,208.0,10400.0,2024-04-09
2024040905007155,NIFRA,33,4,66.0,208.0,13728.0,2024-04-09
2024040905007154,NIFRA,33,7,54.0,208.0,11232.0,2024-04-09
2024040905007153,NIFRA,33,55,54.0,208.0,11232.0,2024-04-09
2024040905007152,NIFRA,33,34,698.0,208.0,145184.0,2024-04-09
2024040905007151,NIFRA,33,44,54.0,208.0,11232.0,2024-04-09
2024040905007150,NIFRA,33,35,54.0,208.0,11232.0,2024-04-09
2024040905007149,NIFRA,33,41,54.0,208.0,11232.0,2024-04-09
2024040905007148,NIFRA,33,57,91.0,208.0,18928.0,2024-04-09
2024040905007147,NIFRA,33,45,290.0,208.0,60320.0,2024-04-09
2024040905007146,NIFRA,33,1,10.0,208.0,2080.0,2024-04-09
2024040905007145,NIFRA,33,49,10.0,208.0,2080.0,2024-04-09
2024040905007144,NIFRA,33,50,10.0,208.0,2080.0,2024-04-09
2024040905007143,NIFRA,33,58,64.0,208.0,13312.0,2024-04-09
2024040905007142,NIFRA,33,32,54.0,208.0,11232.0,2024-04-09
2024040905007141,NIFRA,33,35,54.0,208.0,11232.0,2024-04-09
2024040905007140,NIFRA,33,52,64.0,208.0,13312.0,2024-04-09
2024040905007139,NIFRA,33,55,54.0,208.0,11232.0,2024-04-09
2024040905007138,NIFRA,33,34,10.0,208.0,2080.0,2024-04-09
2024040905007137,NIFRA,33,38,3946.0,207.9,820373.4,2024-04-09
2024040905007136,NIFRA,33,62,100.0,207.8,20780.0,2024-04-09
2024040905007135,NIFRA,33,45,68.0,207.8,14130.4,2024-04-09
2024040905007134,NIFRA,33,62,79.0,207.7,16408.3,2024-04-09
2024040905007133,NIFRA,33,58,54.0,207.0,11178.0,2024-04-09
2024040905007132,HRL,55,58,20.0,623.7,12474.0,2024-04-09
2024040905007131,HRL,48,35,55.0,624.0,34320.0,2024-04-09
2024040905007130,HRL,48,56,30.0,624.0,18720.0,2024-04-09
2024040905007129,HRL,48,49,30.0,624.0,18720.0,2024-04-09
2024040905007128,HRL,48,37,15.0,624.0,9360.0,2024-04-09
2024040903021989,JBBL,13,26,299.0,299.0,89401.0,2024-04-09
2024040901031493,KDL,41,35,10.0,805.0,8050.0,2024-04-09
2024040904010635,BARUN,41,16,100.0,238.0,23800.0,2024-04-09
2024040903021988,HLI,36,11,10.0,403.7,4037.0,2024-04-09
2024040903021987,HLI,36,43,10.0,403.0,4030.0,2024-04-09
2024040901031492,SHIVM,35,16,1726.0,520.0,897520.0,2024-04-09
2024040901031491,SHIVM,49,16,500.0,520.0,260000.0,2024-04-09
2024040901031490,SHIVM,56,16,200.0,520.0,104000.0,2024-04-09
2024040901031489,SHIVM,41,16,397.0,520.0,206440.0,2024-04-09
2024040901031488,SHIVM,35,16,1000.0,520.1,520100.0,2024-04-09
2024040901031487,SHIVM,6,16,500.0,520.2,260100.0,2024-04-09
2024040901031486,SHIVM,34,16,100.0,520.3,52030.0,2024-04-09
2024040901031485,SHIVM,21,16,160.0,520.3,83248.0,2024-04-09
2024040901031484,GBIME,38,42,40.0,181.0,7240.0,2024-04-09
2024040901031483,GBIME,38,46,10.0,180.9,1809.0,2024-04-09
2024040903021986,LBBL,3,43,104.0,383.2,39852.8,2024-04-09
2024040903021985,DDBL,17,4,124.0,712.5,88350.0,2024-04-09
2024040904010634,RADHI,20,8,31.0,240.0,7440.0,2024-04-09
2024040903021984,SJLIC,8,49,50.0,500.0,25000.0,2024-04-09
2024040901031482,SONA,70,50,20.0,465.0,9300.0,2024-04-09
2024040904010633,UAIL,18,52,289.0,551.0,159239.0,2024-04-09
2024040904010632,GHL,47,42,400.0,155.1,62040.0,2024-04-09
2024040901031481,KDL,47,58,10.0,805.0,8050.0,2024-04-09
2024040904010631,UPPER,26,42,95.0,172.5,16387.5,2024-04-09
2024040904010630,UPPER,48,42,100.0,172.6,17260.0,2024-04-09
2024040904010629,UPPER,54,42,100.0,172.6,17260.0,2024-04-09
2024040904010628,UPPER,58,42,210.0,172.6,36246.0,2024-04-09
2024040903021983,BFC,36,21,27.0,371.4,10027.8,2024-04-09
2024040903021982,BFC,57,21,140.0,371.5,52010.0,2024-04-09
2024040904010627,MEN,22,69,50.0,518.7,25935.0,2024-04-09
2024040904010626,NGPL,58,49,50.0,312.0,15600.0,2024-04-09
2024040904010625,NGPL,58,59,10.0,312.0,3120.0,2024-04-09
2024040904010624,NGPL,58,59,10.0,312.0,3120.0,2024-04-09
2024040904010623,NGPL,58,38,250.0,312.0,78000.0,2024-04-09
2024040904010622,NGPL,58,26,664.0,312.0,207168.0,2024-04-09
2024040904010621,NGPL,58,6,100.0,312.0,31200.0,2024-04-09
2024040904010620,NGPL,58,11,230.0,312.0,71760.0,2024-04-09
2024040904010619,NGPL,58,25,300.0,312.0,93600.0,2024-04-09
2024040904010618,NGPL,58,54,73.0,312.0,22776.0,2024-04-09
2024040904010617,NGPL,58,62,200.0,311.1,62220.0,2024-04-09
2024040904010616,API,38,7,40.0,176.9,7076.0,2024-04-09
2024040903021981,GUFL,14,38,37.0,850.0,31450.0,2024-04-09
2024040903021980,GUFL,44,38,100.0,850.1,85010.0,2024-04-09
2024040903021979,GUFL,44,38,53.0,850.6,45081.8,2024-04-09
2024040903021978,GUFL,47,38,10.0,853.0,8530.0,2024-04-09
2024040903021977,GUFL,4,38,100.0,853.0,85300.0,2024-04-09
2024040903021976,GUFL,49,38,100.0,853.2,85320.0,2024-04-09
2024040901031480,SARBTM,38,11,30.0,859.0,25770.0,2024-04-09
2024040901031479,SARBTM,38,58,20.0,859.0,17180.0,2024-04-09
2024040904010615,LEC,38,45,10.0,185.0,1850.0,2024-04-09
2024040904010614,SGIC,16,57,10.0,538.2,5382.0,2024-04-09
2024040903021975,SLBBL,33,29,13.0,665.1,8646.3,2024-04-09
2024040903021974,SLBBL,69,29,200.0,665.2,133040.0,2024-04-09
2024040903021973,SLBBL,55,29,62.0,665.3,41248.6,2024-04-09
2024040901031478,NBL,51,35,300.0,214.0,64200.0,2024-04-09
2024040903021972,GUFL,35,34,20.0,854.0,17080.0,2024-04-09
2024040905007127,HRL,25,37,285.0,624.0,177840.0,2024-04-09
2024040905007126,HRL,25,51,200.0,624.0,124800.0,2024-04-09
2024040905007125,HRL,25,14,100.0,624.0,62400.0,2024-04-09
2024040905007124,HRL,25,35,20.0,624.0,12480.0,2024-04-09
2024040905007123,HRL,25,49,20.0,624.0,12480.0,2024-04-09
2024040905007122,HRL,25,7,10.0,624.0,6240.0,2024-04-09
2024040905007121,HRL,25,36,20.0,624.0,12480.0,2024-04-09
2024040905007120,HRL,25,58,10.0,624.0,6240.0,2024-04-09
2024040905007119,HRL,25,11,35.0,624.0,21840.0,2024-04-09
2024040905007118,HRL,25,29,100.0,623.9,62390.0,2024-04-09
2024040905007117,HRL,25,41,200.0,623.9,124780.0,2024-04-09
2024040903021971,CFCL,21,42,28.0,385.0,10780.0,2024-04-09
2024040901031477,HATHY,55,11,300.0,876.1,262830.0,2024-04-09
2024040901031476,HATHY,55,11,30.0,876.1,26283.0,2024-04-09
2024040901031475,HATHY,21,11,100.0,876.2,87620.0,2024-04-09
2024040904010613,UPPER,58,19,30.0,172.6,5178.0,2024-04-09
2024040903021970,RSDC,3,67,1.0,610.0,610.0,2024-04-09
2024040901031474,RFPL,26,26,300.0,380.1,114030.0,2024-04-09
2024040901031473,RFPL,14,26,280.0,382.0,106960.0,2024-04-09
2024040901031472,SONA,22,50,20.0,465.0,9300.0,2024-04-09
2024040903021969,GLBSL,45,62,100.0,2195.0,219500.0,2024-04-09
2024040903021968,GFCL,45,74,50.0,494.9,24745.0,2024-04-09
2024040903021967,KMCDB,88,37,273.0,785.0,214305.0,2024-04-09
2024040903021966,KMCDB,88,57,27.0,785.0,21195.0,2024-04-09
2024040901031471,SARBTM,55,41,40.0,857.0,34280.0,2024-04-09
2024040901031470,TAMOR,3,58,180.0,385.1,69318.0,2024-04-09
2024040901031469,SNLI,45,35,10.0,605.1,6051.0,2024-04-09
2024040904010612,HDHPC,4,70,100.0,135.2,13520.0,2024-04-09
2024040904010611,DHPL,42,36,10.0,194.0,1940.0,2024-04-09
2024040905007116,NRIC,10,62,10.0,756.9,7569.0,2024-04-09
2024040903021965,GFCL,54,53,50.0,495.0,24750.0,2024-04-09
2024040903021964,KSBBL,44,45,240.0,360.1,86424.0,2024-04-09
2024040905007115,NRIC,5,6,64.0,753.5,48224.0,2024-04-09
2024040905007114,NRIC,58,6,16.0,754.5,12072.0,2024-04-09
2024040901031468,PHCL,39,35,10.0,312.0,3120.0,2024-04-09
2024040901031467,UHEWA,14,38,160.0,367.1,58736.0,2024-04-09
2024040901031466,TAMOR,3,29,10.0,385.1,3851.0,2024-04-09
2024040901031465,PPL,21,8,45.0,575.0,25875.0,2024-04-09
2024040903021963,ALICL,37,5,140.0,574.0,80360.0,2024-04-09
2024040904010610,AKPL,52,58,200.0,175.8,35160.0,2024-04-09
2024040901031464,ILI,77,44,85.0,558.5,47472.5,2024-04-09
2024040901031463,ILI,77,49,20.0,558.5,11170.0,2024-04-09
2024040901031462,ILI,77,22,10.0,558.5,5585.0,2024-04-09
2024040901031461,ILI,77,49,10.0,558.0,5580.0,2024-04-09
2024040901031460,ILI,77,49,10.0,558.0,5580.0,2024-04-09
2024040901031459,ILI,77,44,30.0,558.0,16740.0,2024-04-09
2024040904010609,UPPER,58,14,80.0,172.6,13808.0,2024-04-09
2024040901031458,LSL,5,11,116.0,153.1,17759.6,2024-04-09
2024040901031457,LSL,39,11,102.0,153.5,15657.0,2024-04-09
2024040901031456,LSL,45,11,43.0,154.0,6622.0,2024-04-09
2024040904010608,GLH,55,7,10.0,213.0,2130.0,2024-04-09
2024040904010607,MEN,22,6,20.0,518.7,10374.0,2024-04-09
2024040903021962,MSLB,14,45,10.0,1118.0,11180.0,2024-04-09
2024040901031455,RNLI,51,1,20.0,437.1,8742.0,2024-04-09
2024040904010606,SGIC,32,52,500.0,540.0,270000.0,2024-04-09
2024040903021961,KRBL,36,58,147.0,414.0,60858.0,2024-04-09
2024040901031454,SONA,88,50,50.0,465.0,23250.0,2024-04-09
2024040903021960,EDBL,42,6,27.0,363.4,9811.8,2024-04-09
2024040903021959,SWBBL,33,43,154.0,758.6,116824.4,2024-04-09
2024040903021958,SWBBL,33,43,80.0,758.6,60688.0,2024-04-09
2024040903021957,SWBBL,14,43,20.0,760.0,15200.0,2024-04-09
2024040903021956,SWBBL,14,43,20.0,760.0,15200.0,2024-04-09
2024040903021955,SWBBL,29,43,100.0,760.0,76000.0,2024-04-09
2024040903021954,SWBBL,18,43,21.0,763.0,16023.0,2024-04-09
2024040901031453,CYCL,38,21,10.0,1634.0,16340.0,2024-04-09
2024040903021953,PFL,41,57,100.0,475.5,47550.0,2024-04-09
2024040903021952,MERO,35,22,10.0,638.0,6380.0,2024-04-09
2024040904010605,HEI,66,34,119.0,593.1,70578.9,2024-04-09
2024040901031452,CLI,42,4,10.0,462.0,4620.0,2024-04-09
2024040901031451,SGHC,8,44,10.0,319.0,3190.0,2024-04-09
2024040901031450,NESDO,36,47,10.0,1742.5,17425.0,2024-04-09
2024040901031449,SHLB,14,52,80.0,1165.0,93200.0,2024-04-09
2024040901031448,SHLB,14,6,20.0,1164.0,23280.0,2024-04-09
2024040901031447,SRLI,38,11,10.0,456.2,4562.0,2024-04-09
2024040904010604,GHL,26,21,193.0,155.0,29915.0,2024-04-09
2024040904010603,GHL,53,21,167.0,155.0,25885.0,2024-04-09
2024040904010602,HDHPC,56,70,300.0,135.2,40560.0,2024-04-09
2024040904010601,SHEL,26,56,10.0,191.0,1910.0,2024-04-09
2024040903021951,ACLBSL,62,58,11.0,780.0,8580.0,2024-04-09
2024040903021950,ACLBSL,62,8,10.0,780.0,7800.0,2024-04-09
2024040904010600,SALICO,57,46,32.0,664.1,21251.2,2024-04-09
2024040904010599,SALICO,6,46,30.0,665.0,19950.0,2024-04-09
2024040904010598,SALICO,36,46,38.0,665.0,25270.0,2024-04-09
2024040901031446,SRLI,38,45,87.0,456.2,39689.4,2024-04-09
2024040901031445,SRLI,41,45,13.0,456.3,5931.9,2024-04-09
2024040901031444,HDL,58,41,73.0,1495.0,109135.0,2024-04-09
2024040901031443,MEHL,26,58,10.0,313.3,3133.0,2024-04-09
2024040904010597,UNHPL,35,58,10.0,234.0,2340.0,2024-04-09
2024040905007113,NTC,41,39,50.0,840.0,42000.0,2024-04-09
2024040905007112,CHDC,45,39,102.0,882.0,89964.0,2024-04-09
2024040901031442,SONA,88,57,50.0,465.0,23250.0,2024-04-09
2024040905007111,HRL,55,35,1000.0,623.7,623700.0,2024-04-09
2024040904010596,UPPER,57,34,162.0,172.8,27993.6,2024-04-09
2024040904010595,UPPER,57,38,38.0,172.8,6566.4,2024-04-09
2024040901031441,NMB,37,49,10.0,178.0,1780.0,2024-04-09
2024040903021949,JBBL,45,57,11.0,298.0,3278.0,2024-04-09
2024040903021948,JBBL,47,57,215.0,298.1,64091.5,2024-04-09
2024040905007110,HRL,55,49,30.0,623.7,18711.0,2024-04-09
2024040903021947,NICLBSL,52,29,50.0,610.0,30500.0,2024-04-09
2024040903021946,NICLBSL,16,29,50.0,612.0,30600.0,2024-04-09
2024040901031440,ULHC,34,38,10.0,353.8,3538.0,2024-04-09
2024040901031439,DORDI,44,5,135.0,430.1,58063.5,2024-04-09
2024040901031438,DORDI,45,5,100.0,430.2,43020.0,2024-04-09
2024040901031437,DORDI,62,5,10.0,430.2,4302.0,2024-04-09
2024040901031436,DORDI,57,5,100.0,430.5,43050.0,2024-04-09
2024040901031435,DORDI,34,5,105.0,431.0,45255.0,2024-04-09
2024040901031434,DORDI,8,5,50.0,432.0,21600.0,2024-04-09
2024040905007109,SMATA,32,21,17.0,735.0,12495.0,2024-04-09
2024040905007108,NRN,38,7,63.0,517.0,32571.0,2024-04-09
2024040905007107,NRN,44,7,147.0,517.0,75999.0,2024-04-09
2024040901031433,SMJC,17,62,336.0,381.1,128049.6,2024-04-09
2024040901031432,SMJC,33,62,194.0,381.2,73952.8,2024-04-09
2024040901031431,AVYAN,66,7,10.0,678.0,6780.0,2024-04-09
2024040903021945,ALBSL,35,68,50.0,732.7,36635.0,2024-04-09
2024040901031430,MEL,43,50,1000.0,225.1,225100.0,2024-04-09
2024040901031429,ULHC,22,6,10.0,350.2,3502.0,2024-04-09
2024040901031428,NMB,38,49,30.0,178.0,5340.0,2024-04-09
2024040901031427,CYCL,62,34,1.0,1630.9,1630.9,2024-04-09
2024040903021944,RLFL,18,80,10.0,388.0,3880.0,2024-04-09
2024040905007106,HRL,39,11,40.0,624.0,24960.0,2024-04-09
2024040905007105,HRL,39,55,10.0,624.0,6240.0,2024-04-09
2024040905007104,HRL,39,48,20.0,624.0,12480.0,2024-04-09
2024040905007103,HRL,39,34,20.0,623.9,12478.0,2024-04-09
2024040901031426,DORDI,8,25,50.0,432.0,21600.0,2024-04-09
2024040905007102,HRL,39,49,10.0,623.9,6239.0,2024-04-09
2024040901031425,MEL,58,6,597.0,227.9,136056.3,2024-04-09
2024040901031424,MEL,58,66,10.0,227.5,2275.0,2024-04-09
2024040901031423,MEL,58,22,10.0,227.4,2274.0,2024-04-09
2024040901031422,MEL,58,46,10.0,227.0,2270.0,2024-04-09
2024040901031421,MEL,58,52,10.0,227.0,2270.0,2024-04-09
2024040901031420,MEL,58,58,10.0,227.0,2270.0,2024-04-09
2024040901031419,MEL,58,26,1000.0,227.0,227000.0,2024-04-09
2024040901031418,MEL,58,48,10.0,226.9,2269.0,2024-04-09
2024040901031417,MEL,58,47,10.0,226.7,2267.0,2024-04-09
2024040901031416,MEL,58,17,10.0,226.6,2266.0,2024-04-09
2024040901031415,MEL,58,54,100.0,226.5,22650.0,2024-04-09
2024040901031414,MEL,58,19,30.0,226.0,6780.0,2024-04-09
2024040901031413,MEL,58,49,10.0,226.0,2260.0,2024-04-09
2024040901031412,MEL,58,57,10.0,225.9,2259.0,2024-04-09
2024040901031411,MEL,58,85,35.0,225.3,7885.5,2024-04-09
2024040901031410,MEL,58,70,38.0,225.2,8557.6,2024-04-09
2024040903021943,KSBBL,21,45,12.0,363.0,4356.0,2024-04-09
2024040903021942,KSBBL,21,51,188.0,363.0,68244.0,2024-04-09
2024040904010594,HURJA,58,3,250.0,295.1,73775.0,2024-04-09
2024040904010593,HURJA,35,3,150.0,295.2,44280.0,2024-04-09
2024040904010592,HURJA,59,3,100.0,295.2,29520.0,2024-04-09
2024040903021941,GILB,14,62,74.0,989.0,73186.0,2024-04-09
2024040901031409,NIMB,59,53,100.0,155.7,15570.0,2024-04-09
2024040903021940,GBBL,48,1,18.0,368.0,6624.0,2024-04-09
2024040905007101,SAGF,47,41,100.0,8.81,881.0,2024-04-09
2024040904010591,SHPC,16,43,100.0,341.5,34150.0,2024-04-09
2024040903021939,NLIC,38,8,10.0,598.0,5980.0,2024-04-09
2024040903021938,NLIC,38,34,190.0,598.0,113620.0,2024-04-09
2024040903021937,GLBSL,38,26,51.0,2220.0,113220.0,2024-04-09
2024040903021936,GLBSL,38,58,10.0,2215.0,22150.0,2024-04-09
2024040903021935,GLBSL,38,45,26.0,2215.0,57590.0,2024-04-09
2024040903021934,GLBSL,38,45,13.0,2215.0,28795.0,2024-04-09
2024040903021933,NLICL,64,38,100.0,570.5,57050.0,2024-04-09
2024040904010590,UPCL,6,57,25.0,205.5,5137.5,2024-04-09
2024040905007100,HRL,55,29,20.0,623.7,12474.0,2024-04-09
2024040905007099,BBC,49,10,10.0,3850.0,38500.0,2024-04-09
2024040903021932,SJLIC,34,49,1000.0,500.0,500000.0,2024-04-09
2024040903021931,SJLIC,34,49,30.0,500.0,15000.0,2024-04-09
2024040904010589,RIDI,58,57,20.0,183.5,3670.0,2024-04-09
2024040901031408,KBL,58,32,100.0,137.0,13700.0,2024-04-09
2024040901031407,KBL,58,42,49.0,137.0,6713.0,2024-04-09
2024040901031406,KBL,58,42,62.0,137.0,8494.0,2024-04-09
2024040903021930,GFCL,11,53,300.0,495.0,148500.0,2024-04-09
2024040901031405,KBL,41,11,321.0,136.5,43816.5,2024-04-09
2024040901031404,ILI,10,44,30.0,558.0,16740.0,2024-04-09
2024040901031403,ILI,10,47,70.0,558.0,39060.0,2024-04-09
2024040901031402,EBL,41,19,50.0,503.0,25150.0,2024-04-09
2024040901031401,EBL,32,19,50.0,503.3,25165.0,2024-04-09
2024040904010588,SPDL,33,55,300.0,237.0,71100.0,2024-04-09
2024040901031400,TVCL,74,42,380.0,487.0,185060.0,2024-04-09
2024040905007098,HIDCL,40,42,100.0,168.0,16800.0,2024-04-09
2024040905007097,HIDCL,51,42,40.0,168.0,6720.0,2024-04-09
2024040905007096,HIDCL,56,42,858.0,168.0,144144.0,2024-04-09
2024040903021929,VLBS,32,42,70.0,743.0,52010.0,2024-04-09
2024040903021928,VLBS,38,42,10.0,743.1,7431.0,2024-04-09
2024040905007095,NIFRA,3,45,23.0,207.8,4779.4,2024-04-09
2024040905007094,NIFRA,3,58,12.0,207.7,2492.4,2024-04-09
2024040905007093,NIFRA,3,39,54.0,207.0,11178.0,2024-04-09
2024040905007092,NIFRA,3,7,21.0,207.0,4347.0,2024-04-09
2024040905007091,HRL,55,55,30.0,623.7,18711.0,2024-04-09
2024040905007090,MMF1,46,52,2000.0,7.18,14360.0,2024-04-09
2024040904010587,API,38,1,200.0,176.2,35240.0,2024-04-09
2024040904010586,UPPER,58,41,10.0,172.6,1726.0,2024-04-09
2024040903021927,SABSL,41,1,48.0,818.0,39264.0,2024-04-09
2024040903021926,SABSL,41,3,200.0,817.9,163580.0,2024-04-09
2024040904010585,NGPL,80,54,1000.0,312.0,312000.0,2024-04-09
2024040901031399,RAWA,18,6,150.0,486.0,72900.0,2024-04-09
2024040904010584,RADHI,20,38,10.0,240.0,2400.0,2024-04-09
2024040901031398,MKHC,5,35,50.0,335.7,16785.0,2024-04-09
2024040905007089,HIDCL,57,58,10.0,168.5,1685.0,2024-04-09
2024040903021925,MPFL,45,57,50.0,386.5,19325.0,2024-04-09
2024040901031397,MKHC,5,16,10.0,335.8,3358.0,2024-04-09
2024040904010583,AHPC,58,39,64.0,175.8,11251.2,2024-04-09
2024040903021924,PROFL,39,54,50.0,330.0,16500.0,2024-04-09
2024040903021923,PROFL,39,58,150.0,330.0,49500.0,2024-04-09
2024040903021922,GFCL,52,53,268.0,495.0,132660.0,2024-04-09
2024040903021921,GFCL,52,44,32.0,495.0,15840.0,2024-04-09
2024040901031396,PPL,21,14,10.0,575.0,5750.0,2024-04-09
2024040901031395,NICA,14,57,10.0,398.8,3988.0,2024-04-09
2024040901031394,SBI,21,7,14.0,281.9,3946.6,2024-04-09
2024040901031393,HHL,56,94,10.0,408.0,4080.0,2024-04-09
2024040901031392,NICA,28,42,250.0,396.9,99225.0,2024-04-09
2024040904010582,SSHL,6,13,798.0,161.6,128956.8,2024-04-09
2024040901031391,TVCL,45,42,10.0,488.0,4880.0,2024-04-09
2024040901031390,SMJC,71,94,819.0,385.0,315315.0,2024-04-09
2024040901031389,SMJC,71,42,210.0,384.9,80829.0,2024-04-09
2024040901031388,SMJC,71,32,130.0,384.5,49985.0,2024-04-09
2024040901031387,SMJC,71,26,50.0,384.4,19220.0,2024-04-09
2024040901031386,SMJC,71,54,10.0,384.0,3840.0,2024-04-09
2024040901031385,SMJC,71,85,200.0,384.0,76800.0,2024-04-09
2024040901031384,SMJC,71,21,10.0,384.0,3840.0,2024-04-09
2024040901031383,SMJC,71,19,500.0,384.0,192000.0,2024-04-09
2024040901031382,SMJC,71,58,10.0,384.0,3840.0,2024-04-09
2024040901031381,SMJC,71,43,10.0,383.6,3836.0,2024-04-09
2024040901031380,SMJC,71,81,200.0,383.0,76600.0,2024-04-09
2024040901031379,SMJC,71,35,10.0,383.0,3830.0,2024-04-09
2024040901031378,SMJC,71,45,30.0,383.0,11490.0,2024-04-09
2024040901031377,SMJC,71,41,811.0,382.9,310531.9,2024-04-09
2024040901031376,IHL,43,58,10.0,390.0,3900.0,2024-04-09
2024040904010581,MEN,58,38,40.0,518.5,20740.0,2024-04-09
2024040904010580,MEN,49,38,110.0,518.6,57046.0,2024-04-09
2024040901031375,SARBTM,55,4,40.0,857.0,34280.0,2024-04-09
2024040901031374,SHIVM,57,26,300.0,521.0,156300.0,2024-04-09
2024040904010579,UPPER,17,38,30.0,172.8,5184.0,2024-04-09
2024040905007088,NIFRA,52,8,100.0,206.1,20610.0,2024-04-09
2024040903021920,GUFL,44,47,197.0,850.6,167568.2,2024-04-09
2024040903021919,GUFL,50,47,100.0,851.0,85100.0,2024-04-09
2024040903021918,GUFL,43,47,98.0,851.0,83398.0,2024-04-09
2024040903021917,GUFL,45,47,130.0,851.2,110656.0,2024-04-09
2024040903021916,GUFL,51,47,20.0,852.0,17040.0,2024-04-09
2024040903021915,GUFL,45,47,180.0,852.0,153360.0,2024-04-09
2024040903021914,GUFL,14,47,100.0,852.0,85200.0,2024-04-09
2024040903021913,GUFL,26,47,100.0,852.0,85200.0,2024-04-09
2024040903021912,GUFL,16,47,200.0,852.6,170520.0,2024-04-09
2024040903021911,GUFL,50,47,40.0,852.7,34108.0,2024-04-09
2024040903021910,GUFL,48,47,10.0,853.0,8530.0,2024-04-09
2024040903021909,GUFL,35,47,10.0,853.0,8530.0,2024-04-09
2024040903021908,GUFL,16,47,150.0,853.0,127950.0,2024-04-09
2024040903021907,GUFL,11,47,50.0,853.0,42650.0,2024-04-09
2024040903021906,GUFL,34,47,25.0,853.0,21325.0,2024-04-09
2024040903021905,GUFL,14,47,100.0,853.0,85300.0,2024-04-09
2024040903021904,GUFL,8,47,40.0,853.1,34124.0,2024-04-09
2024040901031373,SMJC,34,57,1000.0,382.0,382000.0,2024-04-09
2024040901031372,SMJC,34,6,1000.0,381.9,381900.0,2024-04-09
2024040903021903,SMFBS,34,45,10.0,1195.0,11950.0,2024-04-09
2024040901031371,SNLI,45,14,40.0,605.1,24204.0,2024-04-09
2024040901031370,HATHY,55,19,70.0,876.1,61327.0,2024-04-09
2024040901031369,NABIL,57,42,215.0,439.0,94385.0,2024-04-09
2024040901031368,NABIL,42,42,45.0,439.0,19755.0,2024-04-09
2024040901031367,IHL,45,42,33.0,385.0,12705.0,2024-04-09
2024040901031366,IHL,34,42,417.0,385.0,160545.0,2024-04-09
2024040901031365,SHIVM,57,26,101.0,521.0,52621.0,2024-04-09
2024040901031364,NRM,26,4,1000.0,387.9,387900.0,2024-04-09
2024040901031363,NIMB,59,45,259.0,155.7,40326.3,2024-04-09
2024040901031362,NIMB,58,45,60.0,155.7,9342.0,2024-04-09
2024040901031361,NIMB,42,45,101.0,155.8,15735.8,2024-04-09
2024040905007087,CIT,45,41,76.0,2115.0,160740.0,2024-04-09
2024040905007086,CIT,45,34,24.0,2115.0,50760.0,2024-04-09
2024040903021902,FMDBL,59,43,200.0,622.5,124500.0,2024-04-09
2024040905007085,CMF2,34,58,1000.0,8.05,8050.0,2024-04-09
2024040905007084,CMF2,34,51,100.0,8.0,800.0,2024-04-09
2024040901031360,SNLI,45,33,10.0,605.1,6051.0,2024-04-09
2024040901031359,EBL,42,19,75.0,503.9,37792.5,2024-04-09
2024040901031358,EBL,42,17,25.0,503.3,12582.5,2024-04-09
2024040901031357,JBLB,42,34,20.0,1345.0,26900.0,2024-04-09
2024040903021901,USLB,55,80,15.0,1880.0,28200.0,2024-04-09
2024040901031356,HDL,58,45,100.0,1495.0,149500.0,2024-04-09
2024040901031355,SANIMA,36,8,286.0,242.0,69212.0,2024-04-09
2024040901031354,SANIMA,36,42,10.0,241.8,2418.0,2024-04-09
2024040901031353,SANIMA,36,50,100.0,241.8,24180.0,2024-04-09
2024040901031352,SANIMA,36,43,50.0,241.6,12080.0,2024-04-09
2024040901031351,SANIMA,36,45,54.0,241.5,13041.0,2024-04-09
2024040903021900,ICFC,50,36,10.0,532.9,5329.0,2024-04-09
2024040903021899,ICFC,50,32,40.0,532.0,21280.0,2024-04-09
2024040903021898,ICFC,50,45,50.0,532.0,26600.0,2024-04-09
2024040904010578,AHPC,35,48,10.0,176.0,1760.0,2024-04-09
2024040901031350,CLI,42,57,10.0,462.0,4620.0,2024-04-09
2024040901031349,SNLI,45,57,106.0,605.1,64140.6,2024-04-09
2024040901031348,SNLI,58,57,13.0,605.1,7866.3,2024-04-09
2024040901031347,SNLI,13,57,30.0,605.1,18153.0,2024-04-09
2024040901031346,SNLI,16,57,51.0,605.1,30860.1,2024-04-09
2024040903021897,CORBL,57,39,15.0,441.1,6616.5,2024-04-09
2024040903021896,MPFL,58,45,54.0,387.0,20898.0,2024-04-09
2024040901031345,PCBL,21,25,50.0,189.6,9480.0,2024-04-09
2024040901031344,PCBL,21,45,190.0,189.5,36005.0,2024-04-09
2024040905007083,HRL,55,21,20.0,623.7,12474.0,2024-04-09
2024040903021895,PMLI,47,62,189.0,516.0,97524.0,2024-04-09
2024040903021894,NABBC,55,64,305.0,415.0,126575.0,2024-04-09
2024040903021893,NABBC,33,64,45.0,415.1,18679.5,2024-04-09
2024040903021892,NABBC,38,64,100.0,416.0,41600.0,2024-04-09
2024040903021891,NABBC,39,64,50.0,417.0,20850.0,2024-04-09
2024040904010577,SSHL,6,45,202.0,161.6,32643.2,2024-04-09
2024040904010576,SSHL,36,45,198.0,162.0,32076.0,2024-04-09
2024040901031343,SARBTM,55,32,50.0,857.0,42850.0,2024-04-09
2024040901031342,RFPL,14,16,20.0,382.0,7640.0,2024-04-09
2024040901031341,RFPL,39,16,50.0,382.0,19100.0,2024-04-09
2024040904010575,NHPC,87,57,91.0,152.0,13832.0,2024-04-09
2024040904010574,NHPC,87,1,409.0,152.0,62168.0,2024-04-09
2024040903021890,SAPDBL,22,4,20.0,310.1,6202.0,2024-04-09
2024040903021889,NABBC,39,38,50.0,417.0,20850.0,2024-04-09
2024040901031340,BHPL,66,49,15.0,485.0,7275.0,2024-04-09
2024040903021888,SLBBL,55,17,30.0,665.3,19959.0,2024-04-09
2024040901031339,VLUCL,7,57,10.0,508.5,5085.0,2024-04-09
2024040904010573,RIDI,94,57,10.0,183.5,1835.0,2024-04-09
2024040904010572,HEI,58,56,29.0,595.0,17255.0,2024-04-09
2024040904010571,HEI,58,1,11.0,594.0,6534.0,2024-04-09
2024040901031338,NABIL,42,11,20.0,439.0,8780.0,2024-04-09
2024040903021887,RSDC,3,42,1.0,610.0,610.0,2024-04-09
2024040901031337,DOLTI,38,69,465.0,463.7,215620.5,2024-04-09
2024040901031336,DOLTI,32,69,60.0,463.8,27828.0,2024-04-09
2024040901031335,DOLTI,71,69,100.0,464.0,46400.0,2024-04-09
2024040901031334,DOLTI,56,69,40.0,464.0,18560.0,2024-04-09
2024040901031333,DOLTI,49,69,25.0,464.0,11600.0,2024-04-09
2024040901031332,DOLTI,20,69,10.0,464.0,4640.0,2024-04-09
2024040904010570,JOSHI,57,54,90.0,335.0,30150.0,2024-04-09
2024040905007082,HRL,55,55,10.0,623.7,6237.0,2024-04-09
2024040905007081,HRL,55,42,50.0,623.7,31185.0,2024-04-09
2024040904010569,SHL,34,41,395.0,444.0,175380.0,2024-04-09
2024040904010568,SHL,25,41,360.0,444.1,159876.0,2024-04-09
2024040903021886,MFIL,55,45,11.0,518.1,5699.1,2024-04-09
2024040901031331,SONA,33,6,10.0,463.3,4633.0,2024-04-09
2024040901031330,USHEC,90,29,10.0,370.0,3700.0,2024-04-09
2024040901031329,SNLI,16,35,100.0,605.1,60510.0,2024-04-09
2024040901031328,GCIL,35,11,50.0,506.9,25345.0,2024-04-09
2024040901031327,PRVU,49,38,10.0,140.9,1409.0,2024-04-09
2024040901031326,TSHL,60,37,30.0,549.0,16470.0,2024-04-09
2024040904010567,UPPER,58,54,50.0,172.6,8630.0,2024-04-09
2024040901031325,GCIL,13,11,33.0,507.0,16731.0,2024-04-09
2024040905007080,NIFRA,33,7,29.0,207.0,6003.0,2024-04-09
2024040905007079,NIFRA,33,7,50.0,207.0,10350.0,2024-04-09
2024040901031324,RNLI,29,19,187.0,437.1,81737.7,2024-04-09
2024040901031323,RNLI,35,19,195.0,437.2,85254.0,2024-04-09
2024040901031322,RNLI,8,19,28.0,437.3,12244.4,2024-04-09
2024040901031321,RNLI,54,19,72.0,437.3,31485.6,2024-04-09
2024040901031320,RNLI,45,19,19.0,437.5,8312.5,2024-04-09
2024040901031319,RNLI,39,19,50.0,437.5,21875.0,2024-04-09
2024040901031318,RNLI,38,19,100.0,437.5,43750.0,2024-04-09
2024040901031317,RNLI,26,19,79.0,437.5,34562.5,2024-04-09
2024040901031316,RNLI,11,19,266.0,437.6,116401.6,2024-04-09
2024040901031315,NICA,28,64,82.0,396.9,32545.8,2024-04-09
2024040903021885,SJLIC,41,26,100.0,499.5,49950.0,2024-04-09
2024040903021884,DDBL,46,55,1000.0,712.4,712400.0,2024-04-09
2024040903021883,SJLIC,41,55,10.0,499.5,4995.0,2024-04-09
2024040901031314,SAHAS,65,42,10.0,521.0,5210.0,2024-04-09
2024040901031313,RNLI,11,42,79.0,437.6,34570.4,2024-04-09
2024040901031312,RHGCL,68,49,10.0,323.5,3235.0,2024-04-09
2024040904010566,SSHL,36,21,152.0,162.0,24624.0,2024-04-09
2024040905007078,ENL,6,51,10.0,842.0,8420.0,2024-04-09
2024040905007077,ENL,6,28,40.0,842.0,33680.0,2024-04-09
2024040901031311,MEL,43,57,10.0,225.1,2251.0,2024-04-09
2024040903021882,ALICL,34,45,853.0,575.0,490475.0,2024-04-09
2024040903021881,ALICL,34,57,50.0,574.9,28745.0,2024-04-09
2024040903021880,ALICL,34,74,97.0,574.9,55765.3,2024-04-09
2024040901031310,USHL,58,1,30.0,515.4,15462.0,2024-04-09
2024040903021879,PROFL,57,58,50.0,330.0,16500.0,2024-04-09
2024040901031309,SONA,33,82,504.0,463.3,233503.2,2024-04-09
2024040901031308,SONA,54,82,100.0,463.4,46340.0,2024-04-09
2024040901031307,SONA,36,82,50.0,463.6,23180.0,2024-04-09
2024040901031306,SONA,22,82,100.0,463.6,46360.0,2024-04-09
2024040901031305,SONA,36,82,50.0,463.7,23185.0,2024-04-09
2024040901031304,SONA,75,82,504.0,464.0,233856.0,2024-04-09
2024040901031303,SONA,58,82,50.0,464.0,23200.0,2024-04-09
2024040901031302,SONA,35,82,500.0,464.0,232000.0,2024-04-09
2024040901031301,SONA,25,82,30.0,464.0,13920.0,2024-04-09
2024040901031300,SONA,34,82,92.0,464.0,42688.0,2024-04-09
2024040901031299,SONA,53,82,20.0,465.0,9300.0,2024-04-09
2024040903021878,ACLBSL,62,57,15.0,778.0,11670.0,2024-04-09
2024040903021877,ACLBSL,62,5,15.0,778.0,11670.0,2024-04-09
2024040901031298,AVYAN,26,8,30.0,675.0,20250.0,2024-04-09
2024040903021876,SIFC,22,50,50.0,394.1,19705.0,2024-04-09
2024040901031297,BGWT,65,72,200.0,610.0,122000.0,2024-04-09
2024040901031296,BGWT,65,32,10.0,610.0,6100.0,2024-04-09
2024040901031295,BGWT,65,58,10.0,610.0,6100.0,2024-04-09
2024040901031294,BGWT,65,42,10.0,610.0,6100.0,2024-04-09
2024040901031293,BGWT,65,26,200.0,610.0,122000.0,2024-04-09
2024040901031292,BGWT,65,49,145.0,610.0,88450.0,2024-04-09
2024040901031291,BGWT,65,32,10.0,610.0,6100.0,2024-04-09
2024040901031290,BGWT,65,45,100.0,609.9,60990.0,2024-04-09
2024040901031289,BGWT,65,26,150.0,609.0,91350.0,2024-04-09
2024040901031288,BGWT,65,51,10.0,609.0,6090.0,2024-04-09
2024040901031287,BGWT,65,6,10.0,609.0,6090.0,2024-04-09
2024040901031286,BGWT,65,58,100.0,608.9,60890.0,2024-04-09
2024040901031285,BGWT,65,58,10.0,608.0,6080.0,2024-04-09
2024040901031284,BGWT,65,42,10.0,608.0,6080.0,2024-04-09
2024040901031283,BGWT,65,41,10.0,608.0,6080.0,2024-04-09
2024040901031282,BGWT,65,44,165.0,607.8,100287.0,2024-04-09
2024040901031281,BGWT,65,49,10.0,607.0,6070.0,2024-04-09
2024040901031280,BGWT,65,49,10.0,607.0,6070.0,2024-04-09
2024040901031279,BGWT,65,41,10.0,605.3,6053.0,2024-04-09
2024040901031278,BGWT,65,55,50.0,605.0,30250.0,2024-04-09
2024040901031277,BGWT,65,72,500.0,605.0,302500.0,2024-04-09
2024040901031276,BGWT,65,42,10.0,605.0,6050.0,2024-04-09
2024040901031275,BGWT,65,21,10.0,605.0,6050.0,2024-04-09
2024040901031274,BGWT,65,10,10.0,605.0,6050.0,2024-04-09
2024040903021875,GLBSL,45,77,10.0,2259.0,22590.0,2024-04-09
2024040903021874,GLBSL,45,49,10.0,2259.0,22590.0,2024-04-09
2024040903021873,GLBSL,45,28,30.0,2215.0,66450.0,2024-04-09
2024040903021872,GLBSL,38,28,20.0,2215.0,44300.0,2024-04-09
2024040903021871,GLBSL,38,58,80.0,2200.0,176000.0,2024-04-09
2024040903021870,SADBL,35,44,100.0,305.8,30580.0,2024-04-09
2024040903021869,NLIC,25,34,50.0,598.0,29900.0,2024-04-09
2024040903021868,SINDU,34,33,80.0,370.0,29600.0,2024-04-09
2024040903021867,SINDU,34,45,30.0,369.9,11097.0,2024-04-09
2024040903021866,SINDU,34,29,90.0,369.9,33291.0,2024-04-09
2024040901031273,PPL,21,34,190.0,575.0,109250.0,2024-04-09
2024040903021865,GUFL,8,42,40.0,853.1,34124.0,2024-04-09
2024040903021864,GUFL,34,42,100.0,854.0,85400.0,2024-04-09
2024040901031272,SRLI,38,4,10.0,458.0,4580.0,2024-04-09
2024040901031271,HHL,17,94,10.0,408.0,4080.0,2024-04-09
2024040901031270,DOLTI,20,57,10.0,464.0,4640.0,2024-04-09
2024040901031269,MAKAR,49,25,10.0,392.1,3921.0,2024-04-09
2024040904010565,NHPC,58,1,10.0,152.0,1520.0,2024-04-09
2024040901031268,SHIVM,69,44,10.0,521.5,5215.0,2024-04-09
2024040901031267,SONA,22,56,20.0,466.4,9328.0,2024-04-09
2024040901031266,SONA,22,40,50.0,466.0,23300.0,2024-04-09
2024040901031265,SONA,22,49,10.0,466.0,4660.0,2024-04-09
2024040901031264,SONA,22,58,10.0,466.0,4660.0,2024-04-09
2024040901031263,SONA,22,52,10.0,466.0,4660.0,2024-04-09
2024040901031262,GCIL,13,52,84.0,507.0,42588.0,2024-04-09
2024040901031261,GCIL,13,58,483.0,507.0,244881.0,2024-04-09
2024040901031260,LSL,13,28,500.0,154.3,77150.0,2024-04-09
2024040901031259,NWCL,45,71,24.0,750.0,18000.0,2024-04-09
2024040901031258,NWCL,58,71,26.0,750.0,19500.0,2024-04-09
2024040901031257,ILI,41,47,10.0,558.0,5580.0,2024-04-09
2024040903021863,GMFIL,35,41,24.0,379.1,9098.4,2024-04-09
2024040901031256,HATHY,42,32,10.0,878.0,8780.0,2024-04-09
2024040904010564,API,42,45,709.0,176.1,124854.9,2024-04-09
2024040904010563,API,3,45,791.0,176.1,139295.1,2024-04-09
2024040905007076,HRL,55,61,100.0,623.7,62370.0,2024-04-09
2024040905007075,HRL,6,61,300.0,623.8,187140.0,2024-04-09
2024040905007074,HRL,29,61,100.0,623.8,62380.0,2024-04-09
2024040901031255,SNLI,16,6,10.0,605.1,6051.0,2024-04-09
2024040901031254,PPL,21,38,10.0,575.0,5750.0,2024-04-09
2024040904010562,CHL,29,59,123.0,302.0,37146.0,2024-04-09
2024040904010561,CHL,29,38,53.0,302.0,16006.0,2024-04-09
2024040904010560,SPDL,17,55,11.0,237.0,2607.0,2024-04-09
2024040901031253,MKCL,45,8,40.0,938.0,37520.0,2024-04-09
2024040901031252,MKCL,6,8,10.0,940.0,9400.0,2024-04-09
2024040904010559,NLG,18,58,102.0,775.0,79050.0,2024-04-09
2024040904010558,JOSHI,57,32,10.0,335.0,3350.0,2024-04-09
2024040903021862,SJLIC,39,46,10.0,499.9,4999.0,2024-04-09
2024040901031251,MBL,22,22,10.0,173.0,1730.0,2024-04-09
2024040903021861,MERO,44,66,85.0,633.2,53822.0,2024-04-09
2024040901031250,HDL,6,41,50.0,1495.5,74775.0,2024-04-09
2024040901031249,GBILD86/87,13,45,55.0,950.0,52250.0,2024-04-09
2024040901031248,MHCL,45,58,10.0,430.0,4300.0,2024-04-09
2024040901031247,MHCL,45,19,10.0,429.0,4290.0,2024-04-09
2024040901031246,MHCL,45,39,129.0,429.0,55341.0,2024-04-09
2024040903021860,MPFL,50,6,110.0,386.0,42460.0,2024-04-09
2024040904010557,RADHI,20,38,10.0,240.0,2400.0,2024-04-09
2024040901031245,SARBTM,55,38,10.0,857.0,8570.0,2024-04-09
2024040901031244,MEL,43,57,100.0,225.1,22510.0,2024-04-09
2024040904010556,UAIL,18,52,170.0,549.2,93364.0,2024-04-09
2024040901031243,DOLTI,20,35,10.0,464.0,4640.0,2024-04-09
2024040904010555,NGPL,72,54,278.0,312.0,86736.0,2024-04-09
2024040904010554,NGPL,72,35,23.0,312.0,7176.0,2024-04-09
2024040904010553,NGPL,72,57,195.0,312.0,60840.0,2024-04-09
2024040904010552,NGPL,72,57,200.0,311.9,62380.0,2024-04-09
2024040904010551,NGPL,72,25,44.0,311.8,13719.2,2024-04-09
2024040904010550,NGPL,72,53,500.0,311.0,155500.0,2024-04-09
2024040904010549,NGPL,72,50,500.0,311.0,155500.0,2024-04-09
2024040901031242,MCHL,58,1,100.0,363.0,36300.0,2024-04-09
2024040903021859,VLBS,32,58,10.0,743.0,7430.0,2024-04-09
2024040903021858,ICFC,13,34,200.0,530.3,106060.0,2024-04-09
2024040901031241,CLI,42,19,10.0,462.0,4620.0,2024-04-09
2024040901031240,JALPA,36,28,89.0,1266.0,112674.0,2024-04-09
2024040901031239,MEHL,53,42,10.0,313.8,3138.0,2024-04-09
2024040903021857,KMCDB,88,57,73.0,785.0,57305.0,2024-04-09
2024040903021856,KMCDB,88,58,14.0,785.0,10990.0,2024-04-09
2024040903021855,KMCDB,88,17,14.0,785.0,10990.0,2024-04-09
2024040903021854,KMCDB,88,62,300.0,784.0,235200.0,2024-04-09
2024040903021853,KMCDB,88,62,50.0,780.0,39000.0,2024-04-09
2024040903021852,KMCDB,88,53,49.0,780.0,38220.0,2024-04-09
2024040903021851,MDB,51,68,835.0,431.3,360135.5,2024-04-09
2024040901031238,GCIL,56,45,11.0,506.5,5571.5,2024-04-09
2024040901031237,SMJC,33,45,306.0,381.2,116647.2,2024-04-09
2024040901031236,SMJC,44,45,254.0,381.2,96824.8,2024-04-09
2024040901031235,SMJC,67,45,90.0,381.3,34317.0,2024-04-09
2024040903021850,PROFL,43,14,100.0,331.0,33100.0,2024-04-09
2024040903021849,PROFL,43,35,50.0,331.0,16550.0,2024-04-09
2024040903021848,PROFL,43,19,202.0,331.0,66862.0,2024-04-09
2024040903021847,ICFC,13,43,210.0,530.3,111363.0,2024-04-09
2024040901031234,MBJC,45,52,10.0,308.0,3080.0,2024-04-09
2024040903021846,SHINE,45,57,797.0,373.2,297440.4,2024-04-09
2024040903021845,SHINE,58,57,10.0,373.2,3732.0,2024-04-09
2024040903021844,SHINE,64,57,148.0,374.0,55352.0,2024-04-09
2024040903021843,SHINE,14,57,45.0,374.1,16834.5,2024-04-09
2024040903021842,SFCL,25,25,50.0,339.9,16995.0,2024-04-09
2024040903021841,NICLBSL,34,17,10.0,614.9,6149.0,2024-04-09
2024040903021840,NICLBSL,34,11,10.0,614.0,6140.0,2024-04-09
2024040903021839,NICLBSL,34,44,50.0,612.0,30600.0,2024-04-09
2024040901031233,MSHL,57,58,10.0,611.0,6110.0,2024-04-09
2024040901031232,NRM,26,4,400.0,387.9,155160.0,2024-04-09
2024040901031231,NRM,26,6,600.0,387.0,232200.0,2024-04-09
2024040904010548,GHL,53,55,333.0,155.0,51615.0,2024-04-09
2024040904010547,GHL,16,55,150.0,155.0,23250.0,2024-04-09
2024040904010546,GHL,4,55,48.0,155.0,7440.0,2024-04-09
2024040904010545,GHL,59,55,500.0,155.0,77500.0,2024-04-09
2024040904010544,GHL,34,55,969.0,155.0,150195.0,2024-04-09
2024040901031230,KBL,93,42,10.0,137.0,1370.0,2024-04-09
2024040904010543,HEI,66,56,70.0,595.0,41650.0,2024-04-09
2024040903021838,HLI,36,11,70.0,403.8,28266.0,2024-04-09
2024040901031229,KDL,6,38,10.0,800.0,8000.0,2024-04-09
2024040901031228,KDL,50,38,20.0,800.0,16000.0,2024-04-09
2024040901031227,KDL,19,38,50.0,801.1,40055.0,2024-04-09
2024040901031226,KDL,38,38,130.0,802.0,104260.0,2024-04-09
2024040901031225,KDL,19,38,70.0,802.0,56140.0,2024-04-09
2024040901031224,KDL,14,38,10.0,803.0,8030.0,2024-04-09
2024040901031223,KDL,11,38,20.0,803.0,16060.0,2024-04-09
2024040904010542,RADHI,20,38,390.0,240.0,93600.0,2024-04-09
2024040901031222,SMJC,67,38,10.0,381.3,3813.0,2024-04-09
2024040903021837,HLI,57,46,50.0,403.0,20150.0,2024-04-09
2024040904010541,PPCL,51,14,20.0,253.4,5068.0,2024-04-09
2024040901031221,MKHC,49,35,40.0,333.0,13320.0,2024-04-09
2024040904010540,NHDL,38,21,100.0,422.0,42200.0,2024-04-09
2024040901031220,NIMB,51,21,200.0,155.8,31160.0,2024-04-09
2024040901031219,NIMB,43,21,25.0,155.8,3895.0,2024-04-09
2024040901031218,CYCL,62,25,47.0,1635.1,76849.7,2024-04-09
2024040901031217,NRM,19,7,500.0,385.0,192500.0,2024-04-09
2024040901031216,SNLI,16,58,10.0,605.1,6051.0,2024-04-09
2024040904010539,CGH,13,45,100.0,820.0,82000.0,2024-04-09
2024040901031215,MHCL,35,42,10.0,428.0,4280.0,2024-04-09
2024040903021836,MPFL,39,45,100.0,387.0,38700.0,2024-04-09
2024040903021835,NICLBSL,52,57,120.0,610.0,73200.0,2024-04-09
2024040903021834,NICLBSL,48,57,100.0,610.0,61000.0,2024-04-09
2024040903021833,NICLBSL,55,57,580.0,610.0,353800.0,2024-04-09
2024040904010538,HURJA,25,42,10.0,295.9,2959.0,2024-04-09
2024040901031214,VLUCL,7,58,10.0,508.5,5085.0,2024-04-09
2024040901031213,AVYAN,66,8,10.0,675.0,6750.0,2024-04-09
2024040901031212,HDL,14,36,10.0,1496.0,14960.0,2024-04-09
2024040905007073,CIT,50,34,140.0,2115.0,296100.0,2024-04-09
2024040905007072,CIT,50,41,50.0,2114.9,105745.0,2024-04-09
2024040905007071,CIT,50,45,10.0,2114.5,21145.0,2024-04-09
2024040901031211,SARBTM,55,45,50.0,857.0,42850.0,2024-04-09
2024040903021832,BFC,36,38,15.0,371.4,5571.0,2024-04-09
2024040903021831,BFC,52,38,50.0,371.5,18575.0,2024-04-09
2024040903021830,BFC,11,38,335.0,372.0,124620.0,2024-04-09
2024040903021829,BFC,11,14,500.0,372.0,186000.0,2024-04-09
2024040901031210,SHIVM,57,19,99.0,521.0,51579.0,2024-04-09
2024040901031209,TPC,19,28,50.0,528.5,26425.0,2024-04-09
2024040901031208,TPC,48,28,50.0,529.1,26455.0,2024-04-09
2024040903021828,USLB,44,5,40.0,1880.0,75200.0,2024-04-09
2024040903021827,USLB,44,58,10.0,1880.0,18800.0,2024-04-09
2024040903021826,USLB,44,39,95.0,1878.0,178410.0,2024-04-09
2024040903021825,USLB,44,39,15.0,1874.0,28110.0,2024-04-09
2024040903021824,USLB,44,59,31.0,1870.0,57970.0,2024-04-09
2024040903021823,RSDC,42,21,10.0,610.0,6100.0,2024-04-09
2024040903021822,GUFL,16,35,100.0,855.0,85500.0,2024-04-09
2024040903021821,RLFL,36,80,400.0,388.0,155200.0,2024-04-09
2024040901031207,CYCL,62,57,10.0,1635.1,16351.0,2024-04-09
2024040901031206,MEL,43,25,10.0,225.1,2251.0,2024-04-09
2024040905007070,NRIC,58,25,10.0,754.5,7545.0,2024-04-09
2024040904010537,GHL,34,33,31.0,155.0,4805.0,2024-04-09
2024040904010536,GHL,85,33,1000.0,155.0,155000.0,2024-04-09
2024040904010535,GHL,14,33,100.0,155.0,15500.0,2024-04-09
2024040904010534,GHL,50,33,417.0,155.0,64635.0,2024-04-09
2024040903021820,SIFC,26,57,90.0,394.0,35460.0,2024-04-09
2024040904010533,GHL,22,21,40.0,155.1,6204.0,2024-04-09
2024040903021819,BFC,11,47,100.0,372.0,37200.0,2024-04-09
2024040903021818,BFC,11,34,15.0,372.0,5580.0,2024-04-09
2024040903021817,BFC,11,60,50.0,371.6,18580.0,2024-04-09
2024040904010532,HPPL,1,33,90.0,274.5,24705.0,2024-04-09
2024040904010531,HPPL,1,44,100.0,274.5,27450.0,2024-04-09
2024040904010530,HPPL,1,57,10.0,274.0,2740.0,2024-04-09
2024040901031205,HATHY,42,42,100.0,878.0,87800.0,2024-04-09
2024040901031204,PPL,21,41,10.0,575.0,5750.0,2024-04-09
2024040901031203,SONA,53,41,10.0,465.0,4650.0,2024-04-09
2024040901031202,PRVU,45,50,38.0,140.5,5339.0,2024-04-09
2024040901031201,PRVU,49,50,30.0,140.6,4218.0,2024-04-09
2024040901031200,PRVU,36,50,200.0,140.6,28120.0,2024-04-09
2024040901031199,PRVU,45,50,25.0,140.6,3515.0,2024-04-09
2024040901031198,PRVU,19,50,38.0,140.6,5342.8,2024-04-09
2024040901031197,PRVU,41,50,444.0,140.7,62470.8,2024-04-09
2024040901031196,PRVU,32,50,125.0,140.8,17600.0,2024-04-09
2024040901031195,PRVU,35,50,100.0,140.8,14080.0,2024-04-09
2024040901031194,PRVU,38,50,500.0,140.8,70400.0,2024-04-09
2024040903021816,GLBSL,38,49,10.0,2215.0,22150.0,2024-04-09
2024040903021815,GLBSL,38,41,108.0,2172.0,234576.0,2024-04-09
2024040903021814,GLBSL,38,14,101.0,2160.0,218160.0,2024-04-09
2024040904010529,SHPC,18,43,70.0,341.5,23905.0,2024-04-09
2024040901031193,ILI,42,47,20.0,558.0,11160.0,2024-04-09
2024040904010528,SGIC,16,14,150.0,538.2,80730.0,2024-04-09
2024040904010527,SGIC,41,14,200.0,538.3,107660.0,2024-04-09
2024040904010526,SGIC,46,14,100.0,539.0,53900.0,2024-04-09
2024040903021813,KRBL,63,45,136.0,415.0,56440.0,2024-04-09
2024040903021812,KRBL,63,59,200.0,414.9,82980.0,2024-04-09
2024040903021811,KRBL,63,49,664.0,414.0,274896.0,2024-04-09
2024040903021810,RLFL,36,25,100.0,388.0,38800.0,2024-04-09
2024040901031192,SHLB,7,26,10.0,1160.0,11600.0,2024-04-09
2024040901031191,SHLB,7,34,10.0,1160.0,11600.0,2024-04-09
2024040901031190,SHLB,7,54,45.0,1160.0,52200.0,2024-04-09
2024040904010525,BPCL,19,40,20.0,300.0,6000.0,2024-04-09
2024040904010524,GHL,50,56,500.0,155.0,77500.0,2024-04-09
2024040904010523,TRH,58,58,70.0,774.0,54180.0,2024-04-09
2024040904010522,TRH,58,6,30.0,774.0,23220.0,2024-04-09
2024040901031189,SONA,53,58,10.0,465.0,4650.0,2024-04-09
2024040903021809,PFL,41,48,56.0,475.5,26628.0,2024-04-09
2024040901031188,SPHL,42,19,90.0,469.7,42273.0,2024-04-09
2024040901031187,SPHL,42,16,10.0,469.0,4690.0,2024-04-09
2024040901031186,RNLI,11,6,11.0,437.6,4813.6,2024-04-09
2024040903021808,GBLBS,21,38,50.0,640.5,32025.0,2024-04-09
2024040904010521,AHPC,38,48,300.0,176.0,52800.0,2024-04-09
2024040901031185,MEHL,17,34,288.0,313.9,90403.2,2024-04-09
2024040901031184,PHCL,41,29,10.0,310.2,3102.0,2024-04-09
2024040901031183,DORDI,29,14,50.0,432.0,21600.0,2024-04-09
2024040901031182,SARBTM,55,52,10.0,857.0,8570.0,2024-04-09
2024040905007069,HRL,55,35,85.0,623.7,53014.5,2024-04-09
2024040903021807,GFCL,57,44,100.0,495.0,49500.0,2024-04-09
2024040901031181,IHL,34,57,583.0,385.0,224455.0,2024-04-09
2024040901031180,IHL,26,57,150.0,385.0,57750.0,2024-04-09
2024040901031179,IHL,49,57,68.0,386.2,26261.6,2024-04-09
2024040901031178,IHL,26,57,100.0,386.4,38640.0,2024-04-09
2024040901031177,IHL,36,57,100.0,387.0,38700.0,2024-04-09
2024040901031176,IHL,5,57,11.0,390.0,4290.0,2024-04-09
2024040901031175,IHL,45,57,88.0,390.0,34320.0,2024-04-09
2024040901031174,IHL,5,57,10.0,390.0,3900.0,2024-04-09
2024040901031173,SHLB,22,38,10.0,1157.0,11570.0,2024-04-09
2024040901031172,SARBTM,55,59,180.0,857.0,154260.0,2024-04-09
2024040903021806,VLBS,32,51,17.0,743.0,12631.0,2024-04-09
2024040903021805,VLBS,62,51,10.0,743.0,7430.0,2024-04-09
2024040905007068,HRL,42,58,20.0,624.0,12480.0,2024-04-09
2024040905007067,HRL,42,49,10.0,624.0,6240.0,2024-04-09
2024040905007066,HRL,42,58,10.0,624.0,6240.0,2024-04-09
2024040905007065,HRL,42,45,10.0,623.9,6239.0,2024-04-09
2024040905007064,HRL,42,57,10.0,623.9,6239.0,2024-04-09
2024040904010520,HDHPC,28,70,63.0,135.2,8517.6,2024-04-09
2024040901031171,MBJC,45,38,10.0,308.0,3080.0,2024-04-09
2024040904010519,JOSHI,47,81,50.0,334.2,16710.0,2024-04-09
2024040904010518,JOSHI,34,81,350.0,335.0,117250.0,2024-04-09
2024040904010517,JOSHI,17,81,60.0,335.0,20100.0,2024-04-09
2024040901031170,PHCL,39,45,10.0,312.0,3120.0,2024-04-09
2024040903021804,FMDBL,37,39,145.0,622.9,90320.5,2024-04-09
2024040903021803,FMDBL,33,39,54.0,622.9,33636.6,2024-04-09
2024040903021802,FMDBL,90,39,300.0,623.0,186900.0,2024-04-09
2024040903021801,HLBSL,74,47,24.0,731.2,17548.8,2024-04-09
2024040901031169,NBL,58,35,60.0,213.9,12834.0,2024-04-09
2024040903021800,GFCL,21,44,100.0,495.0,49500.0,2024-04-09
2024040901031168,CLI,35,49,10.0,462.1,4621.0,2024-04-09
2024040905007063,CHDC,45,19,40.0,882.0,35280.0,2024-04-09
2024040905007062,CHDC,45,19,10.0,882.5,8825.0,2024-04-09
2024040901031167,SBL,57,22,445.0,223.4,99413.0,2024-04-09
2024040903021799,VLBS,62,68,45.0,743.0,33435.0,2024-04-09
2024040901031166,DLBS,37,58,10.0,1243.0,12430.0,2024-04-09
