transaction,symbol,buyer,seller,quantity,rate,amount,date
2024040403015008,GLBSL,74,17,27.0,1976.0,53352.0,2024-04-04
2024040403015007,GLBSL,74,49,13.0,1975.0,25675.0,2024-04-04
2024040403015006,GLBSL,74,40,200.0,1975.0,395000.0,2024-04-04
2024040403015005,GLBSL,74,5,50.0,1975.0,98750.0,2024-04-04
2024040403015004,GLBSL,74,4,10.0,1975.0,19750.0,2024-04-04
2024040403015003,JBBL,56,6,15.0,286.7,4300.5,2024-04-04
2024040401028701,NYADI,59,38,270.0,309.0,83430.0,2024-04-04
2024040401028700,NYADI,59,20,230.0,309.0,71070.0,2024-04-04
2024040403015002,MFIL,28,21,10.0,497.0,4970.0,2024-04-04
2024040403015001,ALICL,34,18,20.0,552.0,11040.0,2024-04-04
2024040403015000,GUFL,35,29,10.0,854.9,8549.0,2024-04-04
2024040404008415,API,51,33,10.0,173.0,1730.0,2024-04-04
2024040401028699,MHCL,70,14,200.0,415.0,83000.0,2024-04-04
2024040401028698,MCHL,44,41,10.0,359.8,3598.0,2024-04-04
2024040401028697,MCHL,44,14,10.0,359.8,3598.0,2024-04-04
2024040405004197,HRL,16,71,20.0,590.5,11810.0,2024-04-04
2024040405004196,HRL,22,71,100.0,590.5,59050.0,2024-04-04
2024040405004195,HRL,74,71,500.0,591.0,295500.0,2024-04-04
2024040405004194,HRL,45,71,10.0,591.0,5910.0,2024-04-04
2024040405004193,HRL,47,71,50.0,591.0,29550.0,2024-04-04
2024040405004192,HRL,29,71,320.0,591.0,189120.0,2024-04-04
2024040403014999,WNLB,71,45,10.0,1530.0,15300.0,2024-04-04
2024040403014998,WNLB,71,18,10.0,1529.0,15290.0,2024-04-04
2024040403014997,GMFIL,51,38,10.0,356.0,3560.0,2024-04-04
2024040403014996,USLB,39,17,30.0,1609.0,48270.0,2024-04-04
2024040403014995,FMDBL,39,33,200.0,642.0,128400.0,2024-04-04
2024040403014994,FMDBL,39,65,478.0,642.0,306876.0,2024-04-04
2024040403014993,FMDBL,39,34,100.0,641.9,64190.0,2024-04-04
2024040403014992,FMDBL,39,62,50.0,641.7,32085.0,2024-04-04
2024040403014991,FMDBL,39,45,172.0,641.4,110320.8,2024-04-04
2024040404008414,KPCL,32,25,10.0,405.0,4050.0,2024-04-04
2024040401028696,MEL,32,52,262.0,220.0,57640.0,2024-04-04
2024040401028695,MEL,32,35,190.0,219.9,41781.0,2024-04-04
2024040401028694,MEL,32,35,188.0,219.8,41322.4,2024-04-04
2024040401028693,MEL,32,35,100.0,219.7,21970.0,2024-04-04
2024040401028692,MEL,32,22,10.0,219.5,2195.0,2024-04-04
2024040401028691,MEL,32,34,10.0,219.0,2190.0,2024-04-04
2024040401028690,MEL,32,33,10.0,219.0,2190.0,2024-04-04
2024040401028689,MEL,32,41,10.0,219.0,2190.0,2024-04-04
2024040401028688,MEL,32,34,10.0,218.9,2189.0,2024-04-04
2024040401028687,MEL,32,55,10.0,218.0,2180.0,2024-04-04
2024040403014990,NABBC,22,22,16.0,414.0,6624.0,2024-04-04
2024040401028686,SARBTM,50,45,25.0,843.1,21077.5,2024-04-04
2024040401028685,SARBTM,21,45,25.0,843.5,21087.5,2024-04-04
2024040403014989,SMFBS,6,42,90.0,1168.8,105192.0,2024-04-04
2024040403014988,SMFBS,38,42,50.0,1195.0,59750.0,2024-04-04
2024040403014987,SMFBS,7,42,10.0,1196.1,11961.0,2024-04-04
2024040403014986,SJLIC,42,91,98.0,514.0,50372.0,2024-04-04
2024040403014985,SAPDBL,57,28,10.0,290.0,2900.0,2024-04-04
2024040401028684,MKCL,67,84,179.0,953.0,170587.0,2024-04-04
2024040401028683,MKCL,67,45,100.0,952.0,95200.0,2024-04-04
2024040401028682,MKCL,67,62,100.0,952.0,95200.0,2024-04-04
2024040401028681,MKCL,67,19,10.0,950.0,9500.0,2024-04-04
2024040401028680,MKCL,67,42,100.0,950.0,95000.0,2024-04-04
2024040401028679,MKCL,67,58,10.0,950.0,9500.0,2024-04-04
2024040404008413,SGIC,36,43,99.0,520.2,51499.8,2024-04-04
2024040404008412,SGIC,71,43,200.0,520.4,104080.0,2024-04-04
2024040404008411,SGIC,26,43,100.0,520.5,52050.0,2024-04-04
2024040404008410,SGIC,1,43,100.0,521.0,52100.0,2024-04-04
2024040404008409,SGIC,4,43,50.0,521.0,26050.0,2024-04-04
2024040404008408,SGIC,20,43,100.0,521.0,52100.0,2024-04-04
2024040404008407,SGIC,44,43,75.0,521.0,39075.0,2024-04-04
2024040404008406,SGIC,32,43,20.0,521.0,10420.0,2024-04-04
2024040404008405,SGIC,48,43,10.0,521.0,5210.0,2024-04-04
2024040404008404,SGIC,52,43,691.0,521.0,360011.0,2024-04-04
2024040404008403,SGIC,41,43,45.0,521.1,23449.5,2024-04-04
2024040404008402,SGIC,20,43,30.0,521.2,15636.0,2024-04-04
2024040404008401,SGIC,4,43,50.0,521.3,26065.0,2024-04-04
2024040404008400,SGIC,45,43,10.0,521.5,5215.0,2024-04-04
2024040404008399,SGIC,16,43,80.0,522.0,41760.0,2024-04-04
2024040404008398,SGIC,57,43,180.0,522.0,93960.0,2024-04-04
2024040404008397,SGIC,76,43,40.0,522.0,20880.0,2024-04-04
2024040404008396,SGIC,20,43,20.0,522.1,10442.0,2024-04-04
2024040401028678,CKHL,73,52,40.0,545.0,21800.0,2024-04-04
2024040401028677,CKHL,73,58,10.0,545.0,5450.0,2024-04-04
2024040401028676,RFPL,64,21,80.0,375.0,30000.0,2024-04-04
2024040401028675,RFPL,17,21,20.0,375.1,7502.0,2024-04-04
2024040401028674,RFPL,10,21,400.0,375.1,150040.0,2024-04-04
2024040401028673,PPL,62,21,30.0,553.0,16590.0,2024-04-04
2024040401028672,PPL,21,51,288.0,619.0,178272.0,2024-04-04
2024040401028671,PPL,21,56,500.0,618.1,309050.0,2024-04-04
2024040401028670,PPL,21,25,50.0,615.0,30750.0,2024-04-04
2024040401028669,PPL,21,17,20.0,613.0,12260.0,2024-04-04
2024040401028668,PPL,21,22,10.0,610.0,6100.0,2024-04-04
2024040401028667,PPL,21,42,10.0,610.0,6100.0,2024-04-04
2024040401028666,PPL,21,17,800.0,610.0,488000.0,2024-04-04
2024040401028665,PPL,21,38,3322.0,606.0,2013132.0,2024-04-04
2024040403014984,ILBS,34,34,10.0,951.0,9510.0,2024-04-04
2024040401028664,SAMAJ,34,34,10.0,1958.0,19580.0,2024-04-04
2024040403014983,KLBSL,62,7,10.0,904.0,9040.0,2024-04-04
2024040401028663,SRLI,38,45,10.0,440.0,4400.0,2024-04-04
2024040403014982,USLB,62,17,30.0,1609.0,48270.0,2024-04-04
2024040403014981,USLB,62,34,10.0,1607.0,16070.0,2024-04-04
2024040403014980,USLB,62,52,10.0,1605.0,16050.0,2024-04-04
2024040403014979,USLB,62,39,10.0,1603.0,16030.0,2024-04-04
2024040403014978,USLB,62,45,140.0,1603.0,224420.0,2024-04-04
2024040403014977,MERO,34,35,10.0,659.0,6590.0,2024-04-04
2024040403014976,GUFL,35,41,25.0,854.9,21372.5,2024-04-04
2024040404008395,DHPL,34,5,270.0,193.0,52110.0,2024-04-04
2024040404008394,DHPL,34,58,30.0,193.0,5790.0,2024-04-04
2024040401028662,PPL,58,38,300.0,606.0,181800.0,2024-04-04
2024040401028661,PPL,58,43,1000.0,600.0,600000.0,2024-04-04
2024040404008393,SGIC,91,40,482.0,523.0,252086.0,2024-04-04
2024040403014975,KLBSL,34,7,10.0,904.0,9040.0,2024-04-04
2024040401028660,MEHL,14,33,20.0,303.5,6070.0,2024-04-04
2024040403014974,SABSL,17,33,15.0,785.0,11775.0,2024-04-04
2024040403014973,SABSL,43,33,20.0,786.0,15720.0,2024-04-04
2024040401028659,CLI,58,6,10.0,450.1,4501.0,2024-04-04
2024040403014972,JBBL,57,7,74.0,286.6,21208.4,2024-04-04
2024040403014971,JBBL,4,7,250.0,286.6,71650.0,2024-04-04
2024040403014970,JBBL,42,7,357.0,286.6,102316.2,2024-04-04
2024040405004191,CHDC,7,6,10.0,871.1,8711.0,2024-04-04
2024040404008392,HEI,1,8,104.0,567.1,58978.4,2024-04-04
2024040401028658,NWCL,26,62,90.0,723.0,65070.0,2024-04-04
2024040401028657,NWCL,26,22,10.0,723.0,7230.0,2024-04-04
2024040403014969,GLBSL,74,11,14.0,1975.0,27650.0,2024-04-04
2024040403014968,GLBSL,74,33,12.0,1975.0,23700.0,2024-04-04
2024040403014967,GLBSL,74,19,10.0,1975.0,19750.0,2024-04-04
2024040403014966,GLBSL,74,54,50.0,1970.0,98500.0,2024-04-04
2024040403014965,GLBSL,74,58,10.0,1953.3,19533.0,2024-04-04
2024040403014964,GLBSL,74,50,50.0,1953.3,97665.0,2024-04-04
2024040403014963,GLBSL,74,58,10.0,1953.0,19530.0,2024-04-04
2024040403014962,GLBSL,74,17,20.0,1953.0,39060.0,2024-04-04
2024040403014961,GLBSL,74,58,13.0,1950.0,25350.0,2024-04-04
2024040403014960,GLBSL,74,50,20.0,1950.0,39000.0,2024-04-04
2024040403014959,GLBSL,74,52,35.0,1950.0,68250.0,2024-04-04
2024040401028656,HHL,47,50,78.0,372.0,29016.0,2024-04-04
2024040401028655,NRM,49,32,10.0,371.9,3719.0,2024-04-04
2024040401028654,VLUCL,50,51,10.0,502.9,5029.0,2024-04-04
2024040401028653,NYADI,50,20,10.0,309.0,3090.0,2024-04-04
2024040403014958,NFS,65,88,20.0,385.0,7700.0,2024-04-04
2024040401028652,HHL,65,49,10.0,373.0,3730.0,2024-04-04
2024040404008391,MHNL,28,45,20.0,235.5,4710.0,2024-04-04
2024040404008390,NHPC,4,42,21.0,145.5,3055.5,2024-04-04
2024040401028651,GBIME,25,4,114.0,179.6,20474.4,2024-04-04
2024040403014957,USLB,44,45,50.0,1603.0,80150.0,2024-04-04
2024040403014956,GUFL,71,46,10.0,912.0,9120.0,2024-04-04
2024040401028650,MKHC,45,13,60.0,325.1,19506.0,2024-04-04
2024040401028649,MKHC,60,13,140.0,325.1,45514.0,2024-04-04
2024040404008389,KPCL,48,25,10.0,405.0,4050.0,2024-04-04
2024040401028648,HHL,32,49,10.0,373.0,3730.0,2024-04-04
2024040401028647,HHL,32,25,140.0,373.0,52220.0,2024-04-04
2024040404008388,UPPER,45,32,194.0,169.0,32786.0,2024-04-04
2024040404008387,UPPER,41,32,106.0,169.3,17945.8,2024-04-04
2024040401028646,BHL,45,36,15.0,348.0,5220.0,2024-04-04
2024040401028645,BHL,45,45,10.0,348.0,3480.0,2024-04-04
2024040401028644,BHL,45,56,50.0,346.5,17325.0,2024-04-04
2024040401028643,BHL,45,49,10.0,346.4,3464.0,2024-04-04
2024040401028642,BHL,45,45,45.0,346.4,15588.0,2024-04-04
2024040401028641,BHL,45,52,10.0,346.0,3460.0,2024-04-04
2024040403014955,RSDC,84,25,83.0,613.8,50945.4,2024-04-04
2024040403014954,RSDC,84,50,250.0,613.0,153250.0,2024-04-04
2024040403014953,RSDC,84,41,35.0,613.0,21455.0,2024-04-04
2024040403014952,RSDC,84,58,92.0,612.0,56304.0,2024-04-04
2024040403014951,RSDC,84,58,40.0,612.0,24480.0,2024-04-04
2024040401028640,USHEC,84,11,20.0,366.0,7320.0,2024-04-04
2024040401028639,USHEC,84,56,10.0,366.0,3660.0,2024-04-04
2024040401028638,USHEC,84,45,10.0,366.0,3660.0,2024-04-04
2024040401028637,USHEC,84,39,10.0,366.0,3660.0,2024-04-04
2024040405004190,HRL,29,42,10.0,591.0,5910.0,2024-04-04
2024040401028636,MKHL,35,43,195.0,436.0,85020.0,2024-04-04
2024040401028635,MKHL,42,43,55.0,436.1,23985.5,2024-04-04
2024040401028634,HATHY,43,38,10.0,880.0,8800.0,2024-04-04
2024040403014950,SINDU,21,62,10.0,343.0,3430.0,2024-04-04
2024040401028633,BHDC,21,22,10.0,464.9,4649.0,2024-04-04
2024040403014949,FMDBL,62,45,328.0,641.4,210379.2,2024-04-04
2024040403014948,FMDBL,62,39,67.0,641.4,42973.8,2024-04-04
2024040403014947,FMDBL,62,57,20.0,641.0,12820.0,2024-04-04
2024040403014946,FMDBL,62,48,85.0,640.0,54400.0,2024-04-04
2024040403014945,GUFL,62,46,10.0,912.0,9120.0,2024-04-04
2024040404008386,GHL,58,57,330.0,150.0,49500.0,2024-04-04
2024040404008385,GHL,58,68,120.0,149.9,17988.0,2024-04-04
2024040404008384,GHL,58,38,50.0,149.9,7495.0,2024-04-04
2024040404008383,PPCL,21,33,30.0,242.4,7272.0,2024-04-04
2024040405004189,CHDC,7,58,10.0,889.0,8890.0,2024-04-04
2024040405004188,CHDC,7,41,10.0,888.0,8880.0,2024-04-04
2024040405004187,CHDC,7,22,30.0,888.0,26640.0,2024-04-04
2024040401028632,SNLI,34,34,10.0,606.0,6060.0,2024-04-04
2024040401028631,SNLI,34,58,10.0,606.0,6060.0,2024-04-04
2024040401028630,SNLI,34,75,10.0,606.0,6060.0,2024-04-04
2024040401028629,NRM,53,32,10.0,371.9,3719.0,2024-04-04
2024040403014944,GUFL,25,46,10.0,912.0,9120.0,2024-04-04
2024040403014943,GMFIL,34,38,10.0,356.0,3560.0,2024-04-04
2024040403014942,JSLBB,34,34,30.0,1130.0,33900.0,2024-04-04
2024040401028628,CYCL,66,53,140.0,1467.0,205380.0,2024-04-04
2024040401028627,SBI,5,44,120.0,282.5,33900.0,2024-04-04
2024040401028626,SBI,5,58,50.0,282.0,14100.0,2024-04-04
2024040401028625,SBI,5,34,124.0,282.0,34968.0,2024-04-04
2024040401028624,SBI,5,45,15.0,281.9,4228.5,2024-04-04
2024040401028623,SBI,5,56,200.0,281.7,56340.0,2024-04-04
2024040401028622,SBI,5,45,150.0,280.0,42000.0,2024-04-04
2024040401028621,SBI,5,13,40.0,279.8,11192.0,2024-04-04
2024040404008382,BPCL,34,26,920.0,296.1,272412.0,2024-04-04
2024040404008381,BPCL,22,26,100.0,296.1,29610.0,2024-04-04
2024040404008380,BPCL,61,26,200.0,296.1,59220.0,2024-04-04
2024040404008379,BPCL,1,26,250.0,296.1,74025.0,2024-04-04
2024040404008378,BPCL,8,26,50.0,296.1,14805.0,2024-04-04
2024040404008377,BPCL,49,26,30.0,296.2,8886.0,2024-04-04
2024040401028620,SBL,50,45,213.0,217.0,46221.0,2024-04-04
2024040401028619,SBL,50,39,57.0,217.0,12369.0,2024-04-04
2024040401028618,SBL,50,28,230.0,217.0,49910.0,2024-04-04
2024040404008376,IGI,57,56,30.0,524.3,15729.0,2024-04-04
2024040401028617,ULBSL,39,49,10.0,1376.0,13760.0,2024-04-04
2024040404008375,MHNL,48,4,150.0,231.5,34725.0,2024-04-04
2024040404008374,MHNL,42,4,200.0,231.6,46320.0,2024-04-04
2024040404008373,MHNL,26,4,1000.0,232.0,232000.0,2024-04-04
2024040404008372,MHNL,14,4,650.0,232.1,150865.0,2024-04-04
2024040401028616,RNLI,52,62,190.0,431.1,81909.0,2024-04-04
2024040401028615,PCBL,44,35,10.0,188.9,1889.0,2024-04-04
2024040403014941,MSLB,44,44,22.0,1160.0,25520.0,2024-04-04
2024040403014940,MSLB,44,7,200.0,1155.0,231000.0,2024-04-04
2024040403014939,MSLB,44,65,50.0,1150.0,57500.0,2024-04-04
2024040403014938,MSLB,44,16,43.0,1150.0,49450.0,2024-04-04
2024040401028614,PPL,71,38,11.0,606.0,6666.0,2024-04-04
2024040401028613,PPL,39,38,1300.0,606.0,787800.0,2024-04-04
2024040404008371,HURJA,1,19,20.0,295.0,5900.0,2024-04-04
2024040404008370,HURJA,1,52,180.0,294.5,53010.0,2024-04-04
2024040404008369,HURJA,55,36,50.0,292.2,14610.0,2024-04-04
2024040404008368,HURJA,41,36,150.0,292.3,43845.0,2024-04-04
2024040404008367,HURJA,14,36,100.0,293.0,29300.0,2024-04-04
2024040404008366,HURJA,54,36,100.0,293.0,29300.0,2024-04-04
2024040404008365,HURJA,17,36,100.0,294.0,29400.0,2024-04-04
2024040401028612,CKHL,36,70,40.0,545.0,21800.0,2024-04-04
2024040401028611,CKHL,36,16,10.0,544.0,5440.0,2024-04-04
2024040401028610,CKHL,36,58,10.0,544.0,5440.0,2024-04-04
2024040401028609,CKHL,36,57,10.0,543.0,5430.0,2024-04-04
2024040401028608,CKHL,36,14,10.0,542.0,5420.0,2024-04-04
2024040401028607,CKHL,36,49,20.0,540.8,10816.0,2024-04-04
2024040401028606,CKHL,36,28,90.0,540.0,48600.0,2024-04-04
2024040401028605,GCIL,45,45,11.0,493.0,5423.0,2024-04-04
2024040401028604,VLUCL,40,47,140.0,500.0,70000.0,2024-04-04
2024040401028603,VLUCL,49,47,10.0,500.0,5000.0,2024-04-04
2024040401028602,VLUCL,34,47,100.0,500.0,50000.0,2024-04-04
2024040401028601,VLUCL,35,47,50.0,500.0,25000.0,2024-04-04
2024040401028600,VLUCL,52,47,390.0,500.0,195000.0,2024-04-04
2024040401028599,VLUCL,42,47,10.0,502.0,5020.0,2024-04-04
2024040403014937,SINDU,35,22,50.0,341.0,17050.0,2024-04-04
2024040403014936,FOWAD,42,57,20.0,1136.0,22720.0,2024-04-04
2024040405004186,NRN,55,42,250.0,515.0,128750.0,2024-04-04
2024040405004185,NRN,54,42,200.0,515.0,103000.0,2024-04-04
2024040405004184,NRN,17,42,500.0,515.1,257550.0,2024-04-04
2024040405004183,NRN,59,42,50.0,515.2,25760.0,2024-04-04
2024040404008364,SHEL,53,19,670.0,190.2,127434.0,2024-04-04
2024040404008363,UMRH,38,57,100.0,347.1,34710.0,2024-04-04
2024040403014935,CFCL,17,35,100.0,339.2,33920.0,2024-04-04
2024040401028598,SONA,80,62,50.0,455.5,22775.0,2024-04-04
2024040403014934,GLBSL,62,52,19.0,1950.0,37050.0,2024-04-04
2024040403014933,GLBSL,62,11,50.0,1950.0,97500.0,2024-04-04
2024040403014932,GLBSL,62,57,10.0,1948.0,19480.0,2024-04-04
2024040403014931,GLBSL,62,6,10.0,1945.0,19450.0,2024-04-04
2024040403014930,GLBSL,62,22,19.0,1941.0,36879.0,2024-04-04
2024040403014929,GLBSL,62,41,14.0,1940.0,27160.0,2024-04-04
2024040403014928,GLBSL,62,45,10.0,1939.0,19390.0,2024-04-04
2024040403014927,GLBSL,62,17,18.0,1936.0,34848.0,2024-04-04
2024040401028597,SONA,34,62,60.0,456.0,27360.0,2024-04-04
2024040403014926,SDLBSL,38,44,12.0,764.9,9178.8,2024-04-04
2024040403014925,SDLBSL,38,44,200.0,764.9,152980.0,2024-04-04
2024040403014924,SDLBSL,38,52,10.0,764.5,7645.0,2024-04-04
2024040403014923,SDLBSL,38,43,41.0,764.0,31324.0,2024-04-04
2024040403014922,SDLBSL,38,22,13.0,760.0,9880.0,2024-04-04
2024040403014921,SDLBSL,38,26,15.0,760.0,11400.0,2024-04-04
2024040403014920,SDLBSL,38,47,152.0,760.0,115520.0,2024-04-04
2024040403014919,SDLBSL,38,49,19.0,760.0,14440.0,2024-04-04
2024040403014918,SDLBSL,38,57,28.0,760.0,21280.0,2024-04-04
2024040403014917,SDLBSL,38,41,10.0,759.0,7590.0,2024-04-04
2024040401028596,PPL,62,38,2547.0,606.0,1543482.0,2024-04-04
2024040401028595,PPL,62,35,490.0,600.0,294000.0,2024-04-04
2024040401028594,PPL,62,44,100.0,566.4,56640.0,2024-04-04
2024040401028593,PPL,62,58,700.0,566.4,396480.0,2024-04-04
2024040401028592,PPL,62,62,10.0,566.4,5664.0,2024-04-04
2024040401028591,PPL,62,62,1153.0,566.1,652713.3,2024-04-04
2024040403014916,MPFL,62,56,10.0,360.0,3600.0,2024-04-04
2024040403014915,NICLBSL,41,21,50.0,630.0,31500.0,2024-04-04
2024040401028590,PPL,58,62,847.0,566.1,479486.7,2024-04-04
2024040401028589,PPL,58,56,200.0,566.0,113200.0,2024-04-04
2024040401028588,PPL,58,52,253.0,566.0,143198.0,2024-04-04
2024040403014914,NFS,33,88,500.0,385.0,192500.0,2024-04-04
2024040403014913,RLFL,33,17,20.0,362.0,7240.0,2024-04-04
2024040401028587,MKHC,7,42,20.0,326.0,6520.0,2024-04-04
2024040401028586,MKHC,7,45,10.0,325.2,3252.0,2024-04-04
2024040403014912,NLIC,17,6,156.0,594.5,92742.0,2024-04-04
2024040403014911,GMFIL,34,38,10.0,356.0,3560.0,2024-04-04
2024040401028585,PPL,69,52,11.0,566.0,6226.0,2024-04-04
2024040401028584,PPL,69,52,736.0,566.0,416576.0,2024-04-04
2024040401028583,PPL,69,32,10.0,565.9,5659.0,2024-04-04
2024040401028582,PPL,69,21,1000.0,565.9,565900.0,2024-04-04
2024040401028581,PPL,69,58,70.0,565.9,39613.0,2024-04-04
2024040401028580,PPL,69,44,100.0,565.9,56590.0,2024-04-04
2024040401028579,PPL,69,38,10.0,565.9,5659.0,2024-04-04
2024040401028578,PPL,69,28,500.0,565.5,282750.0,2024-04-04
2024040401028577,PPL,69,44,10.0,565.0,5650.0,2024-04-04
2024040401028576,PPL,69,50,20.0,565.0,11300.0,2024-04-04
2024040401028575,PPL,69,33,300.0,565.0,169500.0,2024-04-04
2024040401028574,PPL,69,58,10.0,565.0,5650.0,2024-04-04
2024040401028573,PPL,69,58,10.0,565.0,5650.0,2024-04-04
2024040401028572,PPL,69,33,300.0,565.0,169500.0,2024-04-04
2024040401028571,PPL,69,58,10.0,565.0,5650.0,2024-04-04
2024040401028570,PPL,69,35,3000.0,565.0,1695000.0,2024-04-04
2024040401028569,PPL,69,26,200.0,565.0,113000.0,2024-04-04
2024040401028568,PPL,69,72,20.0,565.0,11300.0,2024-04-04
2024040401028567,PPL,69,72,20.0,565.0,11300.0,2024-04-04
2024040401028566,PPL,69,58,10.0,565.0,5650.0,2024-04-04
2024040401028565,PPL,69,18,50.0,564.5,28225.0,2024-04-04
2024040401028564,PPL,69,26,10.0,564.1,5641.0,2024-04-04
2024040401028563,PPL,69,88,1000.0,564.1,564100.0,2024-04-04
2024040401028562,PPL,69,26,10.0,564.1,5641.0,2024-04-04
2024040401028561,PPL,69,49,10.0,564.1,5641.0,2024-04-04
2024040401028560,PPL,69,42,2000.0,564.1,1128200.0,2024-04-04
2024040401028559,PPL,69,72,20.0,564.1,11282.0,2024-04-04
2024040401028558,PPL,69,41,10.0,564.0,5640.0,2024-04-04
2024040401028557,PPL,69,6,10.0,564.0,5640.0,2024-04-04
2024040401028556,PPL,69,58,10.0,564.0,5640.0,2024-04-04
2024040401028555,PPL,69,58,10.0,564.0,5640.0,2024-04-04
2024040401028554,PPL,69,41,30.0,564.0,16920.0,2024-04-04
2024040401028553,PPL,69,7,10.0,564.0,5640.0,2024-04-04
2024040401028552,PPL,69,52,10.0,564.0,5640.0,2024-04-04
2024040401028551,PPL,69,39,10.0,564.0,5640.0,2024-04-04
2024040401028550,PPL,69,41,10.0,564.0,5640.0,2024-04-04
2024040401028549,PPL,69,38,10.0,564.0,5640.0,2024-04-04
2024040401028548,PPL,69,14,10.0,564.0,5640.0,2024-04-04
2024040401028547,PPL,69,46,30.0,564.0,16920.0,2024-04-04
2024040401028546,PPL,69,35,500.0,564.0,282000.0,2024-04-04
2024040401028545,PPL,69,26,10.0,564.0,5640.0,2024-04-04
2024040401028544,PPL,69,6,40.0,564.0,22560.0,2024-04-04
2024040401028543,PPL,69,21,10.0,564.0,5640.0,2024-04-04
2024040401028542,PPL,69,21,10.0,564.0,5640.0,2024-04-04
2024040401028541,PPL,69,84,1000.0,564.0,564000.0,2024-04-04
2024040401028540,PPL,69,55,50.0,564.0,28200.0,2024-04-04
2024040401028539,PPL,69,49,1784.0,564.0,1006176.0,2024-04-04
2024040401028538,AVYAN,65,38,40.0,710.0,28400.0,2024-04-04
2024040401028537,AVYAN,65,34,10.0,710.0,7100.0,2024-04-04
2024040401028536,AVYAN,65,49,10.0,710.0,7100.0,2024-04-04
2024040401028535,AVYAN,65,49,100.0,709.0,70900.0,2024-04-04
2024040401028534,AVYAN,65,46,10.0,708.0,7080.0,2024-04-04
2024040401028533,AVYAN,65,6,110.0,707.0,77770.0,2024-04-04
2024040401028532,AVYAN,65,35,20.0,707.0,14140.0,2024-04-04
2024040401028531,AVYAN,65,70,200.0,707.0,141400.0,2024-04-04
2024040403014910,LBBL,49,49,100.0,369.0,36900.0,2024-04-04
2024040403014909,VLBS,28,50,10.0,780.0,7800.0,2024-04-04
2024040401028530,NABIL,28,52,70.0,434.0,30380.0,2024-04-04
2024040401028529,NABIL,13,52,30.0,434.0,13020.0,2024-04-04
2024040401028528,MKCL,29,18,10.0,950.0,9500.0,2024-04-04
2024040401028527,MKCL,29,41,10.0,950.0,9500.0,2024-04-04
2024040401028526,PHCL,44,39,10.0,307.5,3075.0,2024-04-04
2024040401028525,PHCL,58,39,20.0,307.8,6156.0,2024-04-04
2024040401028524,BHL,13,52,10.0,346.0,3460.0,2024-04-04
2024040404008362,UNHPL,48,19,10.0,228.0,2280.0,2024-04-04
2024040403014908,SAPDBL,71,28,10.0,290.0,2900.0,2024-04-04
2024040403014907,SAPDBL,71,8,35.0,288.0,10080.0,2024-04-04
2024040401028523,SIKLES,45,36,270.0,503.4,135918.0,2024-04-04
2024040401028522,SIKLES,42,36,30.0,503.4,15102.0,2024-04-04
2024040401028521,BNHC,32,65,10.0,469.2,4692.0,2024-04-04
2024040401028520,ULHC,88,44,40.0,342.0,13680.0,2024-04-04
2024040401028519,ULHC,88,29,200.0,341.9,68380.0,2024-04-04
2024040401028518,ULHC,88,4,10.0,340.7,3407.0,2024-04-04
2024040401028517,ULHC,88,17,30.0,340.0,10200.0,2024-04-04
2024040401028516,ULHC,88,4,10.0,340.0,3400.0,2024-04-04
2024040401028515,ULHC,88,43,20.0,340.0,6800.0,2024-04-04
2024040401028514,ULHC,88,56,190.0,338.0,64220.0,2024-04-04
2024040401028513,USHL,88,41,10.0,484.8,4848.0,2024-04-04
2024040401028512,USHL,88,4,86.0,483.0,41538.0,2024-04-04
2024040403014906,GRDBL,39,88,1500.0,364.2,546300.0,2024-04-04
2024040401028511,KBL,22,32,100.0,136.0,13600.0,2024-04-04
2024040405004182,HIDCL,42,11,300.0,166.6,49980.0,2024-04-04
2024040405004181,HIDCL,42,38,200.0,166.5,33300.0,2024-04-04
2024040403014905,FMDBL,84,64,50.0,636.4,31820.0,2024-04-04
2024040401028510,RHGCL,32,13,50.0,310.0,15500.0,2024-04-04
2024040401028509,RHGCL,32,16,50.0,309.0,15450.0,2024-04-04
2024040403014904,MLBBL,49,57,10.0,989.0,9890.0,2024-04-04
2024040403014903,MLBBL,53,57,15.0,989.0,14835.0,2024-04-04
2024040403014902,MLBBL,16,57,10.0,1008.0,10080.0,2024-04-04
2024040401028508,MMKJL,43,68,10.0,417.8,4178.0,2024-04-04
2024040401028507,KBL,39,57,82.0,135.3,11094.6,2024-04-04
2024040401028506,KBL,57,57,250.0,135.3,33825.0,2024-04-04
2024040401028505,KBL,21,57,76.0,135.3,10282.8,2024-04-04
2024040401028504,KBL,39,57,1000.0,135.4,135400.0,2024-04-04
2024040401028503,KBL,6,57,592.0,135.5,80216.0,2024-04-04
2024040405004180,CHDC,21,5,10.0,888.0,8880.0,2024-04-04
2024040403014901,GUFL,21,47,100.0,912.0,91200.0,2024-04-04
2024040404008361,LEC,46,17,739.0,179.9,132946.1,2024-04-04
2024040404008360,LEC,46,42,50.0,179.9,8995.0,2024-04-04
2024040403014900,MDB,3,62,78.0,420.0,32760.0,2024-04-04
2024040403014899,HLI,62,85,100.0,392.0,39200.0,2024-04-04
2024040403014898,DDBL,7,38,116.0,717.0,83172.0,2024-04-04
2024040403014897,DDBL,58,38,78.0,717.0,55926.0,2024-04-04
2024040403014896,DDBL,44,38,90.0,717.1,64539.0,2024-04-04
2024040401028502,NBL,56,41,100.0,212.8,21280.0,2024-04-04
2024040403014895,ICFC,41,47,60.0,492.0,29520.0,2024-04-04
2024040401028501,JBLB,37,41,22.0,1356.1,29834.2,2024-04-04
2024040403014894,PFL,17,33,689.0,393.0,270777.0,2024-04-04
2024040403014893,PFL,57,33,100.0,395.0,39500.0,2024-04-04
2024040403014892,PFL,62,33,101.0,395.0,39895.0,2024-04-04
2024040403014891,PFL,35,33,10.0,395.0,3950.0,2024-04-04
2024040403014890,GFCL,53,14,38.0,452.0,17176.0,2024-04-04
2024040403014889,GFCL,53,19,157.0,451.8,70932.6,2024-04-04
2024040403014888,GFCL,53,29,100.0,451.0,45100.0,2024-04-04
2024040403014887,GFCL,53,49,85.0,450.0,38250.0,2024-04-04
2024040403014886,GFCL,53,41,20.0,449.9,8998.0,2024-04-04
2024040403014885,GFCL,53,43,10.0,449.8,4498.0,2024-04-04
2024040403014884,GFCL,53,54,90.0,449.7,40473.0,2024-04-04
2024040401028500,NRM,41,6,10.0,370.2,3702.0,2024-04-04
2024040401028499,MCHL,94,14,90.0,359.8,32382.0,2024-04-04
2024040401028498,MCHL,94,39,100.0,358.0,35800.0,2024-04-04
2024040401028497,MCHL,94,56,10.0,356.0,3560.0,2024-04-04
2024040401028496,NYADI,60,16,20.0,308.0,6160.0,2024-04-04
2024040401028495,NYADI,60,17,10.0,307.9,3079.0,2024-04-04
2024040403014883,FOWAD,34,57,10.0,1136.0,11360.0,2024-04-04
2024040403014882,SWBBL,50,22,10.0,772.0,7720.0,2024-04-04
2024040404008359,GHL,28,38,100.0,149.9,14990.0,2024-04-04
2024040404008358,UPCL,26,52,750.0,200.1,150075.0,2024-04-04
2024040401028494,PCBL,56,33,120.0,188.0,22560.0,2024-04-04
2024040401028493,PCBL,56,19,100.0,188.0,18800.0,2024-04-04
2024040401028492,PCBL,56,41,100.0,188.0,18800.0,2024-04-04
2024040401028491,PCBL,56,13,104.0,188.0,19552.0,2024-04-04
2024040401028490,PCBL,56,45,30.0,188.0,5640.0,2024-04-04
2024040401028489,PCBL,56,59,158.0,188.0,29704.0,2024-04-04
2024040401028488,PCBL,56,1,146.0,188.0,27448.0,2024-04-04
2024040401028487,KBL,48,32,10.0,136.0,1360.0,2024-04-04
2024040401028486,KDL,22,47,10.0,777.0,7770.0,2024-04-04
2024040405004179,HIDCL,1,42,110.0,166.2,18282.0,2024-04-04
2024040401028485,SIKLES,42,42,700.0,503.4,352380.0,2024-04-04
2024040401028484,SNLI,16,35,20.0,605.2,12104.0,2024-04-04
2024040401028483,MCHL,29,57,10.0,355.0,3550.0,2024-04-04
2024040403014881,NADEP,58,10,15.0,699.1,10486.5,2024-04-04
2024040401028482,SBI,33,13,10.0,279.8,2798.0,2024-04-04
2024040405004178,LUK,58,44,5000.0,8.48,42400.0,2024-04-04
2024040405004177,NICFC,52,58,100.0,8.47,847.0,2024-04-04
2024040405004176,SAEF,53,51,800.0,10.1,8080.0,2024-04-04
2024040401028481,NIMB,6,53,111.0,156.5,17371.5,2024-04-04
2024040401028480,NIMB,6,53,814.0,156.8,127635.2,2024-04-04
2024040401028479,NIMB,58,53,90.0,157.0,14130.0,2024-04-04
2024040401028478,NIMB,56,53,10.0,157.1,1571.0,2024-04-04
2024040401028477,NIMBPO,32,6,1305.0,132.1,172390.5,2024-04-04
2024040401028476,NIMBPO,41,6,500.0,132.2,66100.0,2024-04-04
2024040401028475,NIMBPO,50,6,990.0,132.2,130878.0,2024-04-04
2024040401028474,NIMBPO,32,6,205.0,132.3,27121.5,2024-04-04
2024040404008357,NHDL,19,6,10.0,414.1,4141.0,2024-04-04
2024040404008356,DHPL,49,34,10.0,192.0,1920.0,2024-04-04
2024040401028473,CYCL,25,34,20.0,1468.9,29378.0,2024-04-04
2024040401028472,PPL,65,49,216.0,564.0,121824.0,2024-04-04
2024040401028471,PPL,65,42,20.0,564.0,11280.0,2024-04-04
2024040401028470,PPL,65,14,10.0,564.0,5640.0,2024-04-04
2024040401028469,PPL,65,34,10.0,564.0,5640.0,2024-04-04
2024040401028468,PPL,65,21,17.0,564.0,9588.0,2024-04-04
2024040401028467,PPL,65,56,10.0,564.0,5640.0,2024-04-04
2024040401028466,PPL,65,32,30.0,564.0,16920.0,2024-04-04
2024040401028465,PPL,65,65,500.0,564.0,282000.0,2024-04-04
2024040401028464,PPL,65,56,10.0,563.0,5630.0,2024-04-04
2024040401028463,PPL,65,57,10.0,563.0,5630.0,2024-04-04
2024040401028462,PPL,65,52,10.0,563.0,5630.0,2024-04-04
2024040401028461,PPL,65,34,10.0,563.0,5630.0,2024-04-04
2024040401028460,PPL,65,4,10.0,563.0,5630.0,2024-04-04
2024040401028459,PPL,65,33,30.0,563.0,16890.0,2024-04-04
2024040401028458,PPL,65,49,210.0,562.5,118125.0,2024-04-04
2024040401028457,PPL,65,35,10.0,562.0,5620.0,2024-04-04
2024040401028456,PPL,65,46,110.0,562.0,61820.0,2024-04-04
2024040401028455,PPL,65,11,10.0,562.0,5620.0,2024-04-04
2024040401028454,PPL,65,58,10.0,562.0,5620.0,2024-04-04
2024040401028453,PPL,65,53,10.0,561.5,5615.0,2024-04-04
2024040401028452,PPL,65,88,302.0,561.0,169422.0,2024-04-04
2024040401028451,PPL,65,36,10.0,561.0,5610.0,2024-04-04
2024040401028450,PPL,65,33,200.0,561.0,112200.0,2024-04-04
2024040401028449,PPL,65,4,10.0,560.0,5600.0,2024-04-04
2024040401028448,PPL,65,49,10.0,560.0,5600.0,2024-04-04
2024040401028447,PPL,65,56,10.0,560.0,5600.0,2024-04-04
2024040401028446,PPL,65,51,10.0,560.0,5600.0,2024-04-04
2024040401028445,PPL,65,58,10.0,560.0,5600.0,2024-04-04
2024040401028444,PPL,65,22,10.0,560.0,5600.0,2024-04-04
2024040401028443,PPL,65,58,10.0,560.0,5600.0,2024-04-04
2024040401028442,PPL,65,46,10.0,560.0,5600.0,2024-04-04
2024040401028441,PPL,65,40,10.0,560.0,5600.0,2024-04-04
2024040401028440,PPL,65,38,10.0,560.0,5600.0,2024-04-04
2024040401028439,PPL,65,42,400.0,560.0,224000.0,2024-04-04
2024040401028438,PPL,65,42,10.0,560.0,5600.0,2024-04-04
2024040401028437,PPL,65,49,10.0,560.0,5600.0,2024-04-04
2024040401028436,PPL,65,36,10.0,560.0,5600.0,2024-04-04
2024040401028435,PPL,65,22,10.0,560.0,5600.0,2024-04-04
2024040401028434,PPL,65,32,10.0,560.0,5600.0,2024-04-04
2024040401028433,PPL,65,11,10.0,560.0,5600.0,2024-04-04
2024040401028432,PPL,65,22,10.0,560.0,5600.0,2024-04-04
2024040401028431,PPL,65,45,10.0,560.0,5600.0,2024-04-04
2024040401028430,PPL,65,52,10.0,560.0,5600.0,2024-04-04
2024040401028429,PPL,65,41,20.0,560.0,11200.0,2024-04-04
2024040401028428,PPL,65,49,10.0,559.0,5590.0,2024-04-04
2024040401028427,PPL,65,47,10.0,559.0,5590.0,2024-04-04
2024040401028426,PPL,65,41,10.0,559.0,5590.0,2024-04-04
2024040401028425,PPL,65,34,10.0,556.0,5560.0,2024-04-04
2024040401028424,PPL,65,39,10.0,556.0,5560.0,2024-04-04
2024040401028423,PPL,65,58,10.0,555.5,5555.0,2024-04-04
2024040401028422,PPL,65,4,10.0,555.4,5554.0,2024-04-04
2024040401028421,PPL,65,52,25.0,555.0,13875.0,2024-04-04
2024040401028420,PPL,65,47,500.0,555.0,277500.0,2024-04-04
2024040401028419,PPL,65,5,10.0,555.0,5550.0,2024-04-04
2024040401028418,PPL,65,49,10.0,555.0,5550.0,2024-04-04
2024040401028417,PPL,65,45,10.0,555.0,5550.0,2024-04-04
2024040401028416,BGWT,72,49,10.0,603.3,6033.0,2024-04-04
2024040401028415,BGWT,72,58,30.0,603.3,18099.0,2024-04-04
2024040401028414,BGWT,72,58,10.0,603.3,6033.0,2024-04-04
2024040401028413,BGWT,72,19,10.0,603.0,6030.0,2024-04-04
2024040401028412,BGWT,72,51,10.0,602.0,6020.0,2024-04-04
2024040401028411,BGWT,72,1,200.0,600.0,120000.0,2024-04-04
2024040401028410,BGWT,72,34,100.0,600.0,60000.0,2024-04-04
2024040401028409,BGWT,72,34,10.0,600.0,6000.0,2024-04-04
2024040401028408,BGWT,72,58,10.0,600.0,6000.0,2024-04-04
2024040401028407,BGWT,72,19,10.0,600.0,6000.0,2024-04-04
2024040401028406,BGWT,72,21,10.0,600.0,6000.0,2024-04-04
2024040401028405,BGWT,72,35,10.0,600.0,6000.0,2024-04-04
2024040401028404,BGWT,72,50,72.0,600.0,43200.0,2024-04-04
2024040401028403,PHCL,49,22,13.0,308.0,4004.0,2024-04-04
2024040403014880,BFC,4,14,20.0,335.0,6700.0,2024-04-04
2024040403014879,NICLBSL,29,58,10.0,627.4,6274.0,2024-04-04
2024040405004175,SMATA,21,14,10.0,739.3,7393.0,2024-04-04
2024040403014878,GUFL,41,42,15.0,930.2,13953.0,2024-04-04
2024040403014877,GUFL,41,46,50.0,930.0,46500.0,2024-04-04
2024040403014876,GUFL,41,42,140.0,930.0,130200.0,2024-04-04
2024040403014875,GUFL,41,29,10.0,930.0,9300.0,2024-04-04
2024040403014874,GUFL,41,39,500.0,928.0,464000.0,2024-04-04
2024040403014873,GUFL,41,49,240.0,920.0,220800.0,2024-04-04
2024040403014872,GUFL,41,71,1000.0,920.0,920000.0,2024-04-04
2024040403014871,GUFL,41,71,200.0,915.0,183000.0,2024-04-04
2024040403014870,GUFL,41,42,256.0,912.0,233472.0,2024-04-04
2024040403014869,GUFL,41,32,10.0,912.0,9120.0,2024-04-04
2024040403014868,GUFL,41,41,50.0,912.0,45600.0,2024-04-04
2024040403014867,GUFL,41,36,200.0,910.0,182000.0,2024-04-04
2024040403014866,GUFL,41,20,225.0,908.0,204300.0,2024-04-04
2024040403014865,GUFL,41,40,100.0,900.0,90000.0,2024-04-04
2024040403014864,GUFL,41,3,500.0,898.0,449000.0,2024-04-04
2024040403014863,GUFL,41,58,5000.0,873.0,4365000.0,2024-04-04
2024040403014862,GUFL,41,45,600.0,872.1,523260.0,2024-04-04
2024040403014861,GUFL,41,52,10.0,872.1,8721.0,2024-04-04
2024040403014860,GUFL,41,49,500.0,872.1,436050.0,2024-04-04
2024040403014859,GUFL,41,7,3000.0,872.1,2616300.0,2024-04-04
2024040403014858,GUFL,41,33,500.0,872.1,436050.0,2024-04-04
2024040403014857,GUFL,41,33,500.0,872.1,436050.0,2024-04-04
2024040403014856,GUFL,41,33,500.0,872.1,436050.0,2024-04-04
2024040403014855,GUFL,41,70,55.0,872.1,47965.5,2024-04-04
2024040403014854,GUFL,41,35,100.0,872.1,87210.0,2024-04-04
2024040403014853,GUFL,41,29,128.0,872.1,111628.8,2024-04-04
2024040403014852,GUFL,41,3,524.0,872.1,456980.4,2024-04-04
2024040403014851,GUFL,41,46,500.0,872.1,436050.0,2024-04-04
2024040403014850,GUFL,41,25,200.0,872.1,174420.0,2024-04-04
2024040403014849,GUFL,41,38,300.0,872.1,261630.0,2024-04-04
2024040403014848,GUFL,41,74,500.0,872.1,436050.0,2024-04-04
2024040403014847,GUFL,41,74,500.0,872.1,436050.0,2024-04-04
2024040403014846,GUFL,41,38,30.0,872.1,26163.0,2024-04-04
2024040403014845,GUFL,41,14,400.0,872.1,348840.0,2024-04-04
2024040403014844,GUFL,41,80,10.0,872.1,8721.0,2024-04-04
2024040403014843,GUFL,41,35,20.0,872.1,17442.0,2024-04-04
2024040403014842,GUFL,41,64,200.0,872.1,174420.0,2024-04-04
2024040403014841,GUFL,41,75,100.0,872.1,87210.0,2024-04-04
2024040403014840,GUFL,41,50,500.0,872.1,436050.0,2024-04-04
2024040403014839,GUFL,41,43,500.0,872.1,436050.0,2024-04-04
2024040403014838,GUFL,41,58,10.0,872.1,8721.0,2024-04-04
2024040403014837,GUFL,41,45,700.0,872.1,610470.0,2024-04-04
2024040403014836,GUFL,41,14,200.0,872.1,174420.0,2024-04-04
2024040403014835,GUFL,41,88,385.0,872.1,335758.5,2024-04-04
2024040403014834,GUFL,41,64,1000.0,872.1,872100.0,2024-04-04
2024040403014833,GUFL,41,6,150.0,872.1,130815.0,2024-04-04
2024040403014832,GUFL,41,26,100.0,872.1,87210.0,2024-04-04
2024040403014831,GUFL,41,61,50.0,872.1,43605.0,2024-04-04
2024040403014830,GUFL,41,46,150.0,872.1,130815.0,2024-04-04
2024040403014829,GUFL,41,45,150.0,872.1,130815.0,2024-04-04
2024040403014828,GUFL,41,33,500.0,872.0,436000.0,2024-04-04
2024040403014827,GUFL,41,43,20.0,872.0,17440.0,2024-04-04
2024040403014826,GUFL,41,49,150.0,872.0,130800.0,2024-04-04
2024040403014825,GUFL,41,32,100.0,872.0,87200.0,2024-04-04
2024040403014824,GUFL,41,41,25.0,872.0,21800.0,2024-04-04
2024040403014823,GUFL,41,32,100.0,872.0,87200.0,2024-04-04
2024040403014822,GUFL,41,74,800.0,872.0,697600.0,2024-04-04
2024040403014821,GUFL,41,43,1500.0,872.0,1308000.0,2024-04-04
2024040403014820,GUFL,41,21,200.0,872.0,174400.0,2024-04-04
2024040403014819,GUFL,41,43,200.0,872.0,174400.0,2024-04-04
2024040403014818,GUFL,41,1,50.0,872.0,43600.0,2024-04-04
2024040403014817,GUFL,41,22,50.0,872.0,43600.0,2024-04-04
2024040403014816,GUFL,41,45,300.0,872.0,261600.0,2024-04-04
2024040403014815,GUFL,41,41,100.0,872.0,87200.0,2024-04-04
2024040403014814,GUFL,41,52,200.0,872.0,174400.0,2024-04-04
2024040403014813,GUFL,41,19,10.0,872.0,8720.0,2024-04-04
2024040403014812,GUFL,41,52,40.0,872.0,34880.0,2024-04-04
2024040403014811,GUFL,41,3,200.0,872.0,174400.0,2024-04-04
2024040403014810,GUFL,41,45,200.0,872.0,174400.0,2024-04-04
2024040403014809,GUFL,41,50,10.0,872.0,8720.0,2024-04-04
2024040403014808,GUFL,41,45,100.0,872.0,87200.0,2024-04-04
2024040403014807,GUFL,41,42,48.0,872.0,41856.0,2024-04-04
2024040403014806,GUFL,41,26,250.0,872.0,218000.0,2024-04-04
2024040403014805,GUFL,41,64,60.0,872.0,52320.0,2024-04-04
2024040403014804,GUFL,41,17,500.0,872.0,436000.0,2024-04-04
2024040403014803,GUFL,41,71,50.0,872.0,43600.0,2024-04-04
2024040403014802,GUFL,41,28,100.0,872.0,87200.0,2024-04-04
2024040403014801,GUFL,41,28,42.0,872.0,36624.0,2024-04-04
2024040403014800,GUFL,41,58,100.0,872.0,87200.0,2024-04-04
2024040403014799,GUFL,41,36,10.0,872.0,8720.0,2024-04-04
2024040403014798,GUFL,41,26,200.0,872.0,174400.0,2024-04-04
2024040403014797,GUFL,41,64,100.0,872.0,87200.0,2024-04-04
2024040403014796,GUFL,41,64,50.0,872.0,43600.0,2024-04-04
2024040403014795,GUFL,41,71,300.0,872.0,261600.0,2024-04-04
2024040403014794,GUFL,41,39,110.0,872.0,95920.0,2024-04-04
2024040403014793,GUFL,41,58,30.0,872.0,26160.0,2024-04-04
2024040403014792,GUFL,41,45,500.0,872.0,436000.0,2024-04-04
2024040403014791,GUFL,41,17,100.0,872.0,87200.0,2024-04-04
2024040403014790,GUFL,41,43,33.0,872.0,28776.0,2024-04-04
2024040403014789,GUFL,41,28,1000.0,871.9,871900.0,2024-04-04
2024040403014788,GUFL,41,71,10.0,871.9,8719.0,2024-04-04
2024040403014787,GUFL,41,34,100.0,871.7,87170.0,2024-04-04
2024040403014786,GUFL,41,48,50.0,871.5,43575.0,2024-04-04
2024040403014785,GUFL,41,21,600.0,871.4,522840.0,2024-04-04
2024040403014784,GUFL,41,45,10.0,871.4,8714.0,2024-04-04
2024040403014783,GUFL,41,72,500.0,871.0,435500.0,2024-04-04
2024040403014782,GUFL,41,1,100.0,871.0,87100.0,2024-04-04
2024040403014781,GUFL,41,41,100.0,871.0,87100.0,2024-04-04
2024040403014780,GUFL,41,41,482.0,871.0,419822.0,2024-04-04
2024040403014779,GUFL,41,43,500.0,871.0,435500.0,2024-04-04
2024040403014778,GUFL,41,53,500.0,871.0,435500.0,2024-04-04
2024040403014777,GUFL,41,38,50.0,871.0,43550.0,2024-04-04
2024040403014776,GUFL,41,41,100.0,871.0,87100.0,2024-04-04
2024040403014775,GUFL,41,25,146.0,871.0,127166.0,2024-04-04
2024040403014774,GUFL,41,35,5000.0,871.0,4355000.0,2024-04-04
2024040403014773,GUFL,41,50,30.0,871.0,26130.0,2024-04-04
2024040403014772,GUFL,41,6,500.0,871.0,435500.0,2024-04-04
2024040403014771,GUFL,41,48,200.0,871.0,174200.0,2024-04-04
2024040403014770,GUFL,41,38,300.0,871.0,261300.0,2024-04-04
2024040403014769,GUFL,41,32,900.0,871.0,783900.0,2024-04-04
2024040403014768,GUFL,41,43,230.0,871.0,200330.0,2024-04-04
2024040403014767,GUFL,41,45,20.0,871.0,17420.0,2024-04-04
2024040403014766,GUFL,41,49,20.0,871.0,17420.0,2024-04-04
2024040403014765,GUFL,41,22,100.0,871.0,87100.0,2024-04-04
2024040403014764,GUFL,41,58,60.0,871.0,52260.0,2024-04-04
2024040403014763,GUFL,41,38,75.0,871.0,65325.0,2024-04-04
2024040403014762,GUFL,41,7,1000.0,871.0,871000.0,2024-04-04
2024040403014761,GUFL,41,43,100.0,871.0,87100.0,2024-04-04
2024040403014760,GUFL,41,43,200.0,870.8,174160.0,2024-04-04
2024040403014759,GUFL,41,26,265.0,870.6,230709.0,2024-04-04
2024040403014758,GUFL,41,42,250.0,870.6,217650.0,2024-04-04
2024040403014757,GUFL,41,35,10.0,870.6,8706.0,2024-04-04
2024040403014756,GUFL,41,8,100.0,870.6,87060.0,2024-04-04
2024040403014755,GUFL,41,43,147.0,870.6,127978.2,2024-04-04
2024040403014754,GUFL,41,61,100.0,870.5,87050.0,2024-04-04
2024040403014753,GUFL,41,45,500.0,870.5,435250.0,2024-04-04
2024040403014752,GUFL,41,45,60.0,870.0,52200.0,2024-04-04
2024040403014751,GUFL,41,4,100.0,870.0,87000.0,2024-04-04
2024040403014750,GUFL,41,17,90.0,870.0,78300.0,2024-04-04
2024040403014749,GUFL,41,36,200.0,870.0,174000.0,2024-04-04
2024040403014748,GUFL,41,45,200.0,870.0,174000.0,2024-04-04
2024040403014747,GUFL,41,17,50.0,870.0,43500.0,2024-04-04
2024040403014746,GUFL,41,13,500.0,870.0,435000.0,2024-04-04
2024040403014745,GUFL,41,17,500.0,870.0,435000.0,2024-04-04
2024040403014744,GUFL,41,33,200.0,870.0,174000.0,2024-04-04
2024040403014743,GUFL,41,16,300.0,870.0,261000.0,2024-04-04
2024040403014742,GUFL,41,51,300.0,870.0,261000.0,2024-04-04
2024040403014741,GUFL,41,42,30.0,870.0,26100.0,2024-04-04
2024040403014740,GUFL,41,57,60.0,870.0,52200.0,2024-04-04
2024040403014739,GUFL,41,45,200.0,870.0,174000.0,2024-04-04
2024040403014738,GUFL,41,57,50.0,870.0,43500.0,2024-04-04
2024040403014737,GUFL,41,1,100.0,870.0,87000.0,2024-04-04
2024040403014736,GUFL,41,17,10.0,870.0,8700.0,2024-04-04
2024040403014735,GUFL,41,32,200.0,870.0,174000.0,2024-04-04
2024040403014734,GUFL,41,71,950.0,870.0,826500.0,2024-04-04
2024040403014733,GUFL,41,45,500.0,870.0,435000.0,2024-04-04
2024040403014732,GUFL,41,51,250.0,870.0,217500.0,2024-04-04
2024040403014731,GUFL,41,17,25.0,870.0,21750.0,2024-04-04
2024040403014730,GUFL,41,58,30.0,870.0,26100.0,2024-04-04
2024040403014729,GUFL,41,58,380.0,870.0,330600.0,2024-04-04
2024040403014728,GUFL,41,36,10.0,870.0,8700.0,2024-04-04
2024040403014727,GUFL,41,19,10.0,870.0,8700.0,2024-04-04
2024040403014726,GUFL,41,17,30.0,870.0,26100.0,2024-04-04
2024040403014725,GUFL,41,17,335.0,870.0,291450.0,2024-04-04
2024040403014724,GUFL,41,42,50.0,870.0,43500.0,2024-04-04
2024040403014723,GUFL,41,58,100.0,870.0,87000.0,2024-04-04
2024040403014722,GUFL,41,52,50.0,870.0,43500.0,2024-04-04
2024040403014721,GUFL,41,39,20.0,870.0,17400.0,2024-04-04
2024040403014720,GUFL,41,21,100.0,870.0,87000.0,2024-04-04
2024040403014719,GUFL,41,43,56.0,870.0,48720.0,2024-04-04
2024040403014718,GUFL,41,58,100.0,870.0,87000.0,2024-04-04
2024040403014717,GUFL,41,34,100.0,869.9,86990.0,2024-04-04
2024040403014716,GUFL,41,36,100.0,869.9,86990.0,2024-04-04
2024040403014715,GUFL,41,45,1500.0,869.1,1303650.0,2024-04-04
2024040403014714,GUFL,41,6,500.0,869.0,434500.0,2024-04-04
2024040403014713,GUFL,41,38,500.0,869.0,434500.0,2024-04-04
2024040403014712,GUFL,41,29,1000.0,869.0,869000.0,2024-04-04
2024040403014711,GUFL,41,58,30.0,869.0,26070.0,2024-04-04
2024040403014710,GUFL,41,45,30.0,865.0,25950.0,2024-04-04
2024040403014709,GUFL,41,81,41.0,865.0,35465.0,2024-04-04
2024040403014708,GUFL,41,52,30.0,865.0,25950.0,2024-04-04
2024040403014707,GUFL,41,47,100.0,865.0,86500.0,2024-04-04
2024040403014706,GUFL,41,42,814.0,864.0,703296.0,2024-04-04
2024040403014705,GUFL,41,49,150.0,860.0,129000.0,2024-04-04
2024040403014704,GUFL,41,6,380.0,860.0,326800.0,2024-04-04
2024040403014703,GUFL,41,44,70.0,860.0,60200.0,2024-04-04
2024040403014702,GUFL,41,28,500.0,860.0,430000.0,2024-04-04
2024040403014701,GUFL,41,28,500.0,860.0,430000.0,2024-04-04
2024040403014700,GUFL,41,26,200.0,860.0,172000.0,2024-04-04
2024040403014699,GUFL,41,19,10.0,860.0,8600.0,2024-04-04
2024040403014698,GUFL,41,26,100.0,860.0,86000.0,2024-04-04
2024040403014697,GUFL,41,56,200.0,855.0,171000.0,2024-04-04
2024040403014696,GUFL,41,34,2460.0,855.0,2103300.0,2024-04-04
2024040403014695,KSBBL,14,62,13.0,347.9,4522.7,2024-04-04
2024040404008355,TRH,58,58,50.0,880.0,44000.0,2024-04-04
2024040404008354,TRH,58,58,50.0,880.0,44000.0,2024-04-04
2024040404008353,TRH,58,49,100.0,795.6,79560.0,2024-04-04
2024040404008352,TRH,58,37,10.0,795.6,7956.0,2024-04-04
2024040404008351,TRH,58,19,50.0,795.6,39780.0,2024-04-04
2024040404008350,TRH,58,6,500.0,795.6,397800.0,2024-04-04
2024040404008349,TRH,58,19,10.0,795.6,7956.0,2024-04-04
2024040404008348,TRH,58,51,1106.0,795.6,879933.6,2024-04-04
2024040404008347,TRH,58,50,100.0,795.0,79500.0,2024-04-04
2024040404008346,TRH,58,83,1000.0,795.0,795000.0,2024-04-04
2024040404008345,TRH,58,42,200.0,795.0,159000.0,2024-04-04
2024040404008344,TRH,58,56,308.0,795.0,244860.0,2024-04-04
2024040404008343,TRH,58,36,20.0,790.5,15810.0,2024-04-04
2024040404008342,TRH,58,34,50.0,790.0,39500.0,2024-04-04
2024040404008341,TRH,58,57,100.0,789.4,78940.0,2024-04-04
2024040404008340,TRH,58,50,500.0,787.4,393700.0,2024-04-04
2024040404008339,TRH,58,33,100.0,787.0,78700.0,2024-04-04
2024040404008338,TRH,58,29,10.0,785.4,7854.0,2024-04-04
2024040404008337,TRH,58,58,10.0,780.1,7801.0,2024-04-04
2024040404008336,TRH,58,49,70.0,773.9,54173.0,2024-04-04
2024040401028402,TVCL,58,86,10.0,480.0,4800.0,2024-04-04
2024040401028401,TVCL,58,4,60.0,479.0,28740.0,2024-04-04
2024040403014694,DDBL,58,49,20.0,721.0,14420.0,2024-04-04
2024040401028400,MEHL,62,6,10.0,303.1,3031.0,2024-04-04
2024040403014693,RLFL,25,17,10.0,362.0,3620.0,2024-04-04
2024040401028399,CYCL,25,59,10.0,1469.0,14690.0,2024-04-04
2024040401028398,AVYAN,4,74,500.0,703.0,351500.0,2024-04-04
2024040401028397,SONA,34,22,140.0,456.0,63840.0,2024-04-04
2024040404008335,UPPER,49,8,36.0,169.4,6098.4,2024-04-04
2024040404008334,AKJCL,49,33,10.0,213.9,2139.0,2024-04-04
2024040401028396,EHPL,18,49,10.0,436.0,4360.0,2024-04-04
2024040404008333,CHL,56,45,11.0,301.0,3311.0,2024-04-04
2024040404008332,NGPL,33,44,200.0,296.1,59220.0,2024-04-04
2024040401028395,TAMOR,44,29,358.0,380.0,136040.0,2024-04-04
2024040401028394,TAMOR,44,48,10.0,380.0,3800.0,2024-04-04
2024040401028393,TAMOR,44,22,10.0,380.0,3800.0,2024-04-04
2024040401028392,TAMOR,44,49,10.0,380.0,3800.0,2024-04-04
2024040401028391,TAMOR,44,38,20.0,379.9,7598.0,2024-04-04
2024040401028390,TAMOR,44,48,352.0,379.0,133408.0,2024-04-04
2024040401028389,TAMOR,44,41,10.0,378.9,3789.0,2024-04-04
2024040401028388,TAMOR,44,58,10.0,378.0,3780.0,2024-04-04
2024040401028387,TAMOR,44,62,200.0,378.0,75600.0,2024-04-04
2024040401028386,TAMOR,44,49,10.0,376.0,3760.0,2024-04-04
2024040401028385,TAMOR,44,58,10.0,375.2,3752.0,2024-04-04
2024040401028384,TSHL,44,19,200.0,499.0,99800.0,2024-04-04
2024040401028383,PBLD84,13,57,35.0,1030.0,36050.0,2024-04-04
2024040403014692,GLBSL,74,17,87.0,1936.0,168432.0,2024-04-04
2024040403014691,NFS,44,42,249.0,383.3,95441.7,2024-04-04
2024040403014690,NFS,67,42,100.0,383.7,38370.0,2024-04-04
2024040403014689,NFS,50,42,20.0,383.8,7676.0,2024-04-04
2024040403014688,NFS,4,42,50.0,383.8,19190.0,2024-04-04
2024040403014687,NFS,68,42,100.0,384.0,38400.0,2024-04-04
2024040403014686,NFS,6,42,50.0,384.2,19210.0,2024-04-04
2024040403014685,NFS,7,42,21.0,384.5,8074.5,2024-04-04
2024040403014684,NFS,58,42,10.0,384.5,3845.0,2024-04-04
2024040404008331,SGIC,91,28,18.0,523.0,9414.0,2024-04-04
2024040401028382,TSHL,74,38,90.0,498.0,44820.0,2024-04-04
2024040404008330,JOSHI,38,57,158.0,329.0,51982.0,2024-04-04
2024040404008329,JOSHI,38,41,200.0,329.0,65800.0,2024-04-04
2024040404008328,JOSHI,38,8,165.0,329.0,54285.0,2024-04-04
2024040404008327,JOSHI,38,41,477.0,328.5,156694.5,2024-04-04
2024040401028381,NRM,41,45,25.0,370.2,9255.0,2024-04-04
2024040404008326,AKPL,28,20,110.0,174.0,19140.0,2024-04-04
2024040404008325,AKPL,28,14,90.0,174.0,15660.0,2024-04-04
2024040401028380,RHGCL,34,16,100.0,309.0,30900.0,2024-04-04
2024040404008324,KKHC,34,32,25.0,233.0,5825.0,2024-04-04
2024040401028379,SHIVM,34,19,500.0,506.3,253150.0,2024-04-04
2024040403014683,ALICL,34,57,11.0,552.0,6072.0,2024-04-04
2024040401028378,NWCL,46,13,70.0,718.6,50302.0,2024-04-04
2024040403014682,GBLBS,32,1,15.0,659.0,9885.0,2024-04-04
2024040403014681,NADEP,58,17,10.0,699.1,6991.0,2024-04-04
2024040401028377,RNLI,17,62,10.0,431.1,4311.0,2024-04-04
2024040401028376,VLUCL,42,56,10.0,502.0,5020.0,2024-04-04
2024040401028375,PHCL,58,35,10.0,307.8,3078.0,2024-04-04
2024040401028374,PRVU,54,21,100.0,139.1,13910.0,2024-04-04
2024040401028373,PRVU,52,21,250.0,139.1,34775.0,2024-04-04
2024040404008323,UPPER,41,11,1000.0,169.3,169300.0,2024-04-04
2024040403014680,GLBSL,74,11,13.0,1936.0,25168.0,2024-04-04
2024040401028372,UHEWA,14,48,10.0,357.0,3570.0,2024-04-04
2024040404008322,UPPER,41,35,394.0,169.3,66704.2,2024-04-04
2024040404008321,RIDI,25,58,364.0,174.2,63408.8,2024-04-04
2024040403014679,SADBL,38,6,100.0,288.2,28820.0,2024-04-04
2024040403014678,SADBL,57,6,100.0,288.2,28820.0,2024-04-04
2024040403014677,SADBL,45,6,78.0,288.2,22479.6,2024-04-04
2024040403014676,SADBL,3,6,180.0,288.2,51876.0,2024-04-04
2024040403014675,JBBL,48,6,145.0,286.7,41571.5,2024-04-04
2024040401028371,BGWT,65,50,38.0,600.0,22800.0,2024-04-04
2024040401028370,BGWT,65,13,30.0,599.9,17997.0,2024-04-04
2024040401028369,BGWT,65,46,10.0,599.5,5995.0,2024-04-04
2024040401028368,BGWT,65,49,10.0,599.5,5995.0,2024-04-04
2024040401028367,BGWT,65,13,20.0,599.4,11988.0,2024-04-04
2024040401028366,BGWT,65,58,72.0,599.0,43128.0,2024-04-04
2024040401028365,BGWT,65,38,10.0,595.0,5950.0,2024-04-04
2024040401028364,BGWT,65,38,10.0,592.3,5923.0,2024-04-04
2024040401028363,MHCL,22,4,60.0,414.1,24846.0,2024-04-04
2024040401028362,MHCL,22,4,60.0,415.0,24900.0,2024-04-04
2024040404008320,HPPL,4,58,91.0,273.0,24843.0,2024-04-04
2024040404008319,HPPL,4,14,201.0,273.0,54873.0,2024-04-04
2024040404008318,HPPL,4,39,100.0,273.0,27300.0,2024-04-04
2024040404008317,HPPL,4,25,38.0,272.0,10336.0,2024-04-04
2024040404008316,HPPL,4,58,500.0,271.5,135750.0,2024-04-04
2024040404008315,HPPL,4,16,20.0,271.0,5420.0,2024-04-04
2024040404008314,HPPL,4,42,60.0,270.1,16206.0,2024-04-04
2024040404008313,HPPL,4,42,990.0,269.5,266805.0,2024-04-04
2024040401028361,BHDC,17,49,10.0,460.0,4600.0,2024-04-04
2024040401028360,MANDU,49,49,30.0,677.0,20310.0,2024-04-04
2024040401028359,MANDU,14,49,230.0,672.0,154560.0,2024-04-04
2024040401028358,MANDU,67,49,100.0,672.0,67200.0,2024-04-04
2024040401028357,MANDU,49,49,10.0,672.0,6720.0,2024-04-04
2024040401028356,MANDU,39,49,100.0,672.1,67210.0,2024-04-04
2024040401028355,MANDU,14,49,50.0,673.1,33655.0,2024-04-04
2024040401028354,MANDU,34,49,70.0,674.1,47187.0,2024-04-04
2024040401028353,MANDU,19,49,40.0,674.1,26964.0,2024-04-04
2024040401028352,SARBTM,6,34,50.0,843.0,42150.0,2024-04-04
2024040404008312,MHNL,14,39,150.0,232.1,34815.0,2024-04-04
2024040404008311,MHNL,54,39,50.0,232.2,11610.0,2024-04-04
2024040404008310,MHNL,57,39,100.0,232.2,23220.0,2024-04-04
2024040404008309,MHNL,54,39,25.0,232.3,5807.5,2024-04-04
2024040404008308,MHNL,58,39,50.0,232.5,11625.0,2024-04-04
2024040401028351,NICA,58,36,197.0,398.0,78406.0,2024-04-04
2024040401028350,NICA,38,36,50.0,398.0,19900.0,2024-04-04
2024040401028349,NICA,58,36,10.0,398.0,3980.0,2024-04-04
2024040401028348,NICA,11,36,15.0,398.0,5970.0,2024-04-04
2024040401028347,NICA,42,36,80.0,398.0,31840.0,2024-04-04
2024040401028346,NICA,52,36,100.0,398.0,39800.0,2024-04-04
2024040401028345,NICA,1,36,90.0,398.0,35820.0,2024-04-04
2024040401028344,NICA,57,36,10.0,398.0,3980.0,2024-04-04
2024040401028343,NICA,45,36,10.0,398.0,3980.0,2024-04-04
2024040401028342,NICA,6,36,60.0,398.0,23880.0,2024-04-04
2024040401028341,NICA,54,36,19.0,398.0,7562.0,2024-04-04
2024040401028340,NICA,36,36,35.0,398.1,13933.5,2024-04-04
2024040401028339,NICA,57,36,10.0,398.2,3982.0,2024-04-04
2024040401028338,NICA,57,36,30.0,398.5,11955.0,2024-04-04
2024040401028337,NICA,6,36,29.0,398.5,11556.5,2024-04-04
2024040401028336,NICA,56,36,255.0,398.5,101617.5,2024-04-04
2024040401028335,SARBTM,44,22,10.0,843.0,8430.0,2024-04-04
2024040404008307,UPCL,26,42,598.0,200.1,119659.8,2024-04-04
2024040404008306,UPCL,14,42,100.0,200.1,20010.0,2024-04-04
2024040404008305,UPCL,86,42,500.0,200.1,100050.0,2024-04-04
2024040404008304,UPCL,14,42,500.0,200.2,100100.0,2024-04-04
2024040404008303,UPCL,49,42,100.0,200.3,20030.0,2024-04-04
2024040404008302,UPCL,6,42,100.0,200.5,20050.0,2024-04-04
2024040404008301,UPCL,49,42,52.0,200.5,10426.0,2024-04-04
2024040404008300,UPCL,19,42,50.0,200.8,10040.0,2024-04-04
2024040403014674,KLBSL,57,42,78.0,896.0,69888.0,2024-04-04
2024040401028334,BNHC,32,65,13.0,469.2,6099.6,2024-04-04
2024040401028333,BNHC,32,7,100.0,469.0,46900.0,2024-04-04
2024040401028332,BNHC,32,4,100.0,469.0,46900.0,2024-04-04
2024040401028331,BNHC,32,41,50.0,468.9,23445.0,2024-04-04
2024040401028330,BNHC,32,21,10.0,468.0,4680.0,2024-04-04
2024040401028329,BNHC,32,3,500.0,467.0,233500.0,2024-04-04
2024040401028328,BNHC,32,41,10.0,466.0,4660.0,2024-04-04
2024040401028327,BNHC,32,14,26.0,465.1,12092.6,2024-04-04
2024040401028326,BNHC,32,49,10.0,465.0,4650.0,2024-04-04
2024040401028325,BNHC,32,45,181.0,464.9,84146.9,2024-04-04
2024040404008299,SHPC,39,81,89.0,337.4,30028.6,2024-04-04
2024040404008298,SHPC,16,81,186.0,338.0,62868.0,2024-04-04
2024040403014673,DDBL,44,55,100.0,717.1,71710.0,2024-04-04
2024040403014672,ALICL,57,57,20.0,552.0,11040.0,2024-04-04
2024040403014671,VLBS,63,57,50.0,779.0,38950.0,2024-04-04
2024040403014670,SJLIC,38,4,326.0,513.2,167303.2,2024-04-04
2024040403014669,SJLIC,13,4,40.0,513.2,20528.0,2024-04-04
2024040403014668,SJLIC,13,4,50.0,513.3,25665.0,2024-04-04
2024040403014667,SJLIC,58,4,24.0,513.3,12319.2,2024-04-04
2024040403014666,SJLIC,56,4,22.0,513.7,11301.4,2024-04-04
2024040403014665,SJLIC,35,4,28.0,513.8,14386.4,2024-04-04
2024040403014664,SJLIC,20,34,47.0,514.0,24158.0,2024-04-04
2024040403014663,PFL,35,49,190.0,395.0,75050.0,2024-04-04
2024040403014662,PFL,45,49,100.0,395.1,39510.0,2024-04-04
2024040403014661,PFL,56,49,20.0,395.1,7902.0,2024-04-04
2024040401028324,GCIL,49,33,200.0,493.8,98760.0,2024-04-04
2024040404008297,NIL,49,49,30.0,817.0,24510.0,2024-04-04
2024040401028323,HDL,34,34,10.0,1484.0,14840.0,2024-04-04
2024040403014660,GLBSL,38,34,35.0,1936.0,67760.0,2024-04-04
2024040401028322,PPL,62,34,420.0,553.0,232260.0,2024-04-04
2024040401028321,PPL,32,34,80.0,553.2,44256.0,2024-04-04
2024040401028320,NICA,56,44,1067.0,398.5,425199.5,2024-04-04
2024040401028319,NICA,25,44,10.0,398.6,3986.0,2024-04-04
2024040401028318,NICA,8,44,500.0,399.0,199500.0,2024-04-04
2024040401028317,NICA,44,44,50.0,399.0,19950.0,2024-04-04
2024040401028316,NICA,5,44,198.0,399.0,79002.0,2024-04-04
2024040405004174,HRL,29,56,10.0,591.0,5910.0,2024-04-04
2024040403014659,SWBBL,35,36,11.0,768.0,8448.0,2024-04-04
2024040403014658,CBBL,1,14,30.0,847.0,25410.0,2024-04-04
2024040401028315,SONA,58,17,25.0,455.5,11387.5,2024-04-04
2024040405004173,NTC,42,17,123.0,833.6,102532.8,2024-04-04
2024040403014657,SABSL,95,6,15.0,789.0,11835.0,2024-04-04
2024040405004172,HIDCL,1,40,120.0,166.2,19944.0,2024-04-04
2024040405004171,HIDCL,43,40,50.0,166.5,8325.0,2024-04-04
2024040403014656,ALICL,45,57,19.0,552.0,10488.0,2024-04-04
2024040404008296,API,41,33,100.0,173.0,17300.0,2024-04-04
2024040401028314,SMJC,16,74,138.0,376.9,52012.2,2024-04-04
2024040401028313,SMJC,16,45,130.0,376.9,48997.0,2024-04-04
2024040404008295,MHNL,58,45,10.0,235.5,2355.0,2024-04-04
2024040401028312,KBL,6,26,408.0,135.5,55284.0,2024-04-04
2024040401028311,KBL,33,26,100.0,135.5,13550.0,2024-04-04
2024040401028310,KBL,43,26,10.0,135.5,1355.0,2024-04-04
2024040401028309,KBL,7,26,200.0,135.5,27100.0,2024-04-04
2024040401028308,KBL,48,26,50.0,135.5,6775.0,2024-04-04
2024040401028307,KBL,19,26,201.0,135.5,27235.5,2024-04-04
2024040401028306,KBL,58,26,39.0,135.5,5284.5,2024-04-04
2024040401028305,KBL,25,26,1500.0,135.5,203250.0,2024-04-04
2024040401028304,KBL,45,26,100.0,135.5,13550.0,2024-04-04
2024040401028303,KBL,58,26,88.0,135.5,11924.0,2024-04-04
2024040401028302,KBL,58,26,304.0,135.6,41222.4,2024-04-04
2024040401028301,SCB,26,54,100.0,514.9,51490.0,2024-04-04
2024040403014655,GFCL,34,54,10.0,449.7,4497.0,2024-04-04
2024040401028300,GCIL,34,58,11.0,493.5,5428.5,2024-04-04
2024040403014654,SJLIC,34,34,30.0,514.0,15420.0,2024-04-04
2024040404008294,NHPC,56,42,479.0,145.5,69694.5,2024-04-04
2024040404008293,NHPC,56,42,521.0,145.5,75805.5,2024-04-04
2024040404008292,CGH,45,17,20.0,809.0,16180.0,2024-04-04
2024040404008291,CGH,17,17,20.0,809.0,16180.0,2024-04-04
2024040404008290,CGH,38,17,10.0,809.0,8090.0,2024-04-04
2024040403014653,NICLBSL,58,17,30.0,627.4,18822.0,2024-04-04
2024040404008289,SPDL,17,26,13.0,231.0,3003.0,2024-04-04
2024040403014652,NICLBSL,45,21,132.0,630.0,83160.0,2024-04-04
2024040403014651,NICLBSL,45,5,50.0,629.9,31495.0,2024-04-04
2024040403014650,NICLBSL,45,55,220.0,629.9,138578.0,2024-04-04
2024040403014649,NICLBSL,45,49,10.0,628.0,6280.0,2024-04-04
2024040403014648,MDB,42,46,10.0,423.0,4230.0,2024-04-04
2024040403014647,MSLB,32,16,10.0,1150.0,11500.0,2024-04-04
2024040401028299,SARBTM,32,11,40.0,844.0,33760.0,2024-04-04
2024040401028298,SARBTM,32,48,50.0,844.0,42200.0,2024-04-04
2024040401028297,SARBTM,32,51,40.0,844.0,33760.0,2024-04-04
2024040401028296,SARBTM,32,74,20.0,844.0,16880.0,2024-04-04
2024040401028295,SARBTM,32,45,50.0,843.8,42190.0,2024-04-04
2024040403014646,FMDBL,62,48,265.0,640.0,169600.0,2024-04-04
2024040403014645,FMDBL,62,17,50.0,640.0,32000.0,2024-04-04
2024040403014644,FMDBL,62,34,185.0,640.0,118400.0,2024-04-04
2024040403014643,GUFL,38,34,40.0,855.0,34200.0,2024-04-04
2024040403014642,GUFL,38,19,10.0,855.0,8550.0,2024-04-04
2024040405004170,HRL,29,38,20.0,591.0,11820.0,2024-04-04
2024040401028294,SARBTM,49,58,10.0,843.0,8430.0,2024-04-04
2024040403014641,GLBSL,38,58,40.0,1936.0,77440.0,2024-04-04
2024040401028293,NBL,54,57,18.0,212.9,3832.2,2024-04-04
2024040403014640,GBLBS,54,40,90.0,660.0,59400.0,2024-04-04
2024040403014639,GBLBS,54,21,10.0,660.0,6600.0,2024-04-04
2024040403014638,NADEP,50,62,55.0,701.0,38555.0,2024-04-04
2024040403014637,NADEP,50,14,10.0,700.0,7000.0,2024-04-04
2024040403014636,NADEP,50,51,10.0,700.0,7000.0,2024-04-04
2024040403014635,SDLBSL,13,49,22.0,753.0,16566.0,2024-04-04
2024040403014634,SDLBSL,16,49,14.0,753.0,10542.0,2024-04-04
2024040403014633,SDLBSL,38,49,89.0,753.1,67025.9,2024-04-04
2024040401028292,DLBS,44,49,340.0,1285.1,436934.0,2024-04-04
2024040401028291,DLBS,21,49,100.0,1285.1,128510.0,2024-04-04
2024040401028290,BNHC,44,45,10.0,464.9,4649.0,2024-04-04
2024040401028289,MKHL,35,36,10.0,436.0,4360.0,2024-04-04
2024040404008288,PMHPL,36,34,210.0,234.9,49329.0,2024-04-04
2024040401028288,MANDU,45,49,10.0,677.0,6770.0,2024-04-04
2024040405004169,HRL,29,62,10.0,591.0,5910.0,2024-04-04
2024040405004168,HRL,29,36,100.0,591.0,59100.0,2024-04-04
2024040405004167,HRL,29,58,30.0,591.0,17730.0,2024-04-04
2024040401028287,SNLI,16,42,10.0,605.2,6052.0,2024-04-04
2024040403014632,GLBSL,38,32,25.0,1936.0,48400.0,2024-04-04
2024040401028286,SHIVM,42,32,150.0,506.0,75900.0,2024-04-04
2024040404008287,DHPL,49,45,454.0,192.0,87168.0,2024-04-04
2024040403014631,SHINE,21,6,70.0,364.8,25536.0,2024-04-04
2024040404008286,RIDI,25,7,100.0,174.2,17420.0,2024-04-04
2024040404008285,SPIL,41,42,10.0,737.9,7379.0,2024-04-04
2024040404008284,JOSHI,47,16,120.0,328.0,39360.0,2024-04-04
2024040404008283,JOSHI,45,16,20.0,328.0,6560.0,2024-04-04
2024040404008282,JOSHI,38,16,70.0,328.0,22960.0,2024-04-04
2024040404008281,JOSHI,52,16,500.0,328.0,164000.0,2024-04-04
2024040404008280,JOSHI,16,16,100.0,328.0,32800.0,2024-04-04
2024040404008279,JOSHI,35,16,300.0,328.0,98400.0,2024-04-04
2024040404008278,JOSHI,26,16,400.0,328.1,131240.0,2024-04-04
2024040404008277,JOSHI,57,16,40.0,328.3,13132.0,2024-04-04
2024040404008276,JOSHI,1,16,20.0,328.3,6566.0,2024-04-04
2024040404008275,JOSHI,67,16,127.0,328.3,41694.1,2024-04-04
2024040404008274,JOSHI,62,16,75.0,328.4,24630.0,2024-04-04
2024040401028285,PPL,32,58,10.0,553.2,5532.0,2024-04-04
2024040403014630,MPFL,54,56,10.0,360.0,3600.0,2024-04-04
2024040401028284,KBL,58,34,67.0,135.6,9085.2,2024-04-04
2024040401028283,KBL,6,34,100.0,135.6,13560.0,2024-04-04
2024040401028282,KBL,44,34,11.0,135.6,1491.6,2024-04-04
2024040401028281,KBL,49,34,30.0,135.9,4077.0,2024-04-04
2024040404008273,CGH,56,49,10.0,810.0,8100.0,2024-04-04
2024040404008272,CGH,56,57,20.0,810.0,16200.0,2024-04-04
2024040404008271,CGH,56,45,970.0,810.0,785700.0,2024-04-04
2024040401028280,KDL,39,57,10.0,787.8,7878.0,2024-04-04
2024040401028279,SBL,22,28,10.0,217.0,2170.0,2024-04-04
2024040404008270,SHPC,22,60,122.0,339.0,41358.0,2024-04-04
2024040404008269,SHPC,22,14,30.0,339.0,10170.0,2024-04-04
2024040404008268,SHPC,22,68,90.0,338.8,30492.0,2024-04-04
2024040404008267,SHPC,22,28,100.0,338.8,33880.0,2024-04-04
2024040404008266,SHPC,22,45,38.0,338.5,12863.0,2024-04-04
2024040404008265,SHPC,22,49,112.0,338.5,37912.0,2024-04-04
2024040404008264,SHPC,22,34,160.0,338.4,54144.0,2024-04-04
2024040403014629,GUFL,38,19,315.0,853.0,268695.0,2024-04-04
2024040403014628,GUFL,42,19,115.0,853.0,98095.0,2024-04-04
2024040403014627,GUFL,45,19,500.0,853.2,426600.0,2024-04-04
2024040403014626,GUFL,38,19,110.0,853.5,93885.0,2024-04-04
2024040403014625,GUFL,69,19,480.0,853.7,409776.0,2024-04-04
2024040403014624,GUFL,58,19,50.0,853.8,42690.0,2024-04-04
2024040403014623,GUFL,38,19,100.0,853.8,85380.0,2024-04-04
2024040403014622,GUFL,37,19,25.0,853.8,21345.0,2024-04-04
2024040403014621,GUFL,3,19,15.0,853.8,12807.0,2024-04-04
2024040403014620,GUFL,45,19,125.0,854.0,106750.0,2024-04-04
2024040403014619,GUFL,45,19,50.0,854.0,42700.0,2024-04-04
2024040403014618,GUFL,94,19,100.0,854.0,85400.0,2024-04-04
2024040403014617,GUFL,41,19,15.0,854.0,12810.0,2024-04-04
2024040401028278,IHL,21,40,10.0,373.0,3730.0,2024-04-04
2024040401028277,IHL,21,25,10.0,372.0,3720.0,2024-04-04
2024040401028276,MEL,34,45,65.0,217.5,14137.5,2024-04-04
2024040401028275,MEL,42,45,25.0,217.7,5442.5,2024-04-04
2024040401028274,MBJC,55,55,10.0,310.0,3100.0,2024-04-04
2024040401028273,MBL,57,39,10.0,172.0,1720.0,2024-04-04
2024040401028272,AVYAN,65,38,25.0,702.0,17550.0,2024-04-04
2024040403014616,RLFL,25,5,195.0,360.0,70200.0,2024-04-04
2024040403014615,RLFL,25,29,115.0,360.0,41400.0,2024-04-04
2024040403014614,RLFL,25,57,100.0,360.0,36000.0,2024-04-04
2024040401028271,NICA,5,59,802.0,399.0,319998.0,2024-04-04
2024040401028270,ADBLD83,58,19,100.0,1035.0,103500.0,2024-04-04
2024040401028269,SARBTM,52,58,5.0,843.0,4215.0,2024-04-04
2024040401028268,SARBTM,26,58,10.0,843.0,8430.0,2024-04-04
2024040401028267,SARBTM,59,58,35.0,843.0,29505.0,2024-04-04
2024040404008263,NHPC,33,42,479.0,145.5,69694.5,2024-04-04
2024040404008262,NHPC,33,42,1000.0,145.5,145500.0,2024-04-04
2024040404008261,NHPC,33,42,1000.0,145.5,145500.0,2024-04-04
2024040404008260,NHPC,33,42,21.0,145.5,3055.5,2024-04-04
2024040404008259,UPCL,17,47,50.0,201.0,10050.0,2024-04-04
2024040403014613,NMBMF,38,64,100.0,628.0,62800.0,2024-04-04
2024040401028266,DORDI,44,87,327.0,418.4,136816.8,2024-04-04
2024040401028265,DORDI,42,87,23.0,418.5,9625.5,2024-04-04
2024040401028264,DORDI,52,87,150.0,419.0,62850.0,2024-04-04
2024040403014612,SJLIC,42,34,18.0,514.0,9252.0,2024-04-04
2024040403014611,SJLIC,42,91,32.0,514.0,16448.0,2024-04-04
2024040403014610,SADBL,21,45,10.0,290.0,2900.0,2024-04-04
2024040401028263,SARBTM,59,21,50.0,843.0,42150.0,2024-04-04
2024040404008258,UPCL,35,47,18.0,201.0,3618.0,2024-04-04
2024040404008257,UPCL,35,34,44.0,200.9,8839.6,2024-04-04
2024040401028262,SONA,35,22,10.0,456.0,4560.0,2024-04-04
2024040404008256,HDHPC,35,42,85.0,133.9,11381.5,2024-04-04
2024040404008255,HDHPC,35,55,50.0,133.8,6690.0,2024-04-04
2024040403014609,USLB,62,45,10.0,1603.0,16030.0,2024-04-04
2024040403014608,FMDBL,41,45,27.0,636.3,17180.1,2024-04-04
2024040403014607,FMDBL,40,45,40.0,637.0,25480.0,2024-04-04
2024040401028261,SGHC,38,45,30.0,307.0,9210.0,2024-04-04
2024040401028260,SGHC,41,45,100.0,307.0,30700.0,2024-04-04
2024040401028259,SGHC,50,45,200.0,307.0,61400.0,2024-04-04
2024040401028258,SGHC,29,45,200.0,307.4,61480.0,2024-04-04
2024040401028257,SGHC,33,45,10.0,308.0,3080.0,2024-04-04
2024040401028256,SGHC,26,45,20.0,308.1,6162.0,2024-04-04
2024040401028255,SGHC,51,45,50.0,308.3,15415.0,2024-04-04
2024040401028254,SGHC,25,45,100.0,308.7,30870.0,2024-04-04
2024040401028253,SGHC,21,45,100.0,308.7,30870.0,2024-04-04
2024040401028252,SGHC,50,45,170.0,308.7,52479.0,2024-04-04
2024040401028251,SGHC,5,45,650.0,309.0,200850.0,2024-04-04
2024040401028250,SGHC,42,45,200.0,309.1,61820.0,2024-04-04
2024040404008254,GHL,44,57,80.0,149.8,11984.0,2024-04-04
2024040404008253,GHL,38,57,30.0,149.8,4494.0,2024-04-04
2024040404008252,GHL,38,38,20.0,149.8,2996.0,2024-04-04
2024040403014606,ALBSL,14,74,10.0,768.9,7689.0,2024-04-04
2024040403014605,ALBSL,14,57,10.0,765.0,7650.0,2024-04-04
2024040401028249,PPL,32,41,10.0,553.2,5532.0,2024-04-04
2024040401028248,NMB,37,54,10.0,177.0,1770.0,2024-04-04
2024040405004166,NTC,42,41,27.0,833.6,22507.2,2024-04-04
2024040401028247,JBLB,37,58,11.0,1356.1,14917.1,2024-04-04
2024040401028246,JBLB,37,41,10.0,1356.0,13560.0,2024-04-04
2024040401028245,JBLB,37,53,20.0,1356.0,27120.0,2024-04-04
2024040401028244,SHIVM,42,34,196.0,506.0,99176.0,2024-04-04
2024040401028243,SHIVM,1,34,100.0,506.0,50600.0,2024-04-04
2024040401028242,SHIVM,45,34,10.0,506.0,5060.0,2024-04-04
2024040401028241,SHIVM,58,34,100.0,506.0,50600.0,2024-04-04
2024040401028240,SHIVM,26,34,100.0,506.0,50600.0,2024-04-04
2024040401028239,SHIVM,22,34,50.0,506.0,25300.0,2024-04-04
2024040401028238,SHIVM,67,34,100.0,506.0,50600.0,2024-04-04
2024040401028237,SHIVM,49,34,20.0,506.0,10120.0,2024-04-04
2024040401028236,SHIVM,42,34,24.0,506.0,12144.0,2024-04-04
2024040405004165,NRIC,44,49,10.0,704.0,7040.0,2024-04-04
2024040405004164,NRIC,44,45,12.0,704.0,8448.0,2024-04-04
2024040405004163,NRIC,44,21,70.0,703.5,49245.0,2024-04-04
2024040401028235,SMH,13,51,10.0,660.0,6600.0,2024-04-04
2024040401028234,MEL,1,7,50.0,218.0,10900.0,2024-04-04
2024040401028233,MEL,1,45,10.0,218.0,2180.0,2024-04-04
2024040401028232,MEL,1,40,337.0,218.0,73466.0,2024-04-04
2024040401028231,MHCL,22,35,20.0,415.0,8300.0,2024-04-04
2024040401028230,SAHAS,18,42,20.0,513.2,10264.0,2024-04-04
2024040404008251,SGIC,76,28,100.0,523.0,52300.0,2024-04-04
2024040401028229,SARBTM,59,32,25.0,843.0,21075.0,2024-04-04
2024040405004162,CHDC,7,14,100.0,885.0,88500.0,2024-04-04
2024040404008250,AHPC,88,68,22.0,170.2,3744.4,2024-04-04
2024040404008249,AHPC,25,68,10.0,170.3,1703.0,2024-04-04
2024040404008248,AHPC,34,68,768.0,170.5,130944.0,2024-04-04
2024040404008247,AHPC,40,68,200.0,170.8,34160.0,2024-04-04
2024040401028228,RFPL,95,38,400.0,375.6,150240.0,2024-04-04
2024040401028227,RFPL,25,38,100.0,375.7,37570.0,2024-04-04
2024040401028226,CLI,50,41,138.0,451.0,62238.0,2024-04-04
2024040401028225,CLI,13,41,340.0,451.1,153374.0,2024-04-04
2024040401028224,JALPA,22,58,17.0,1254.0,21318.0,2024-04-04
2024040401028223,HDL,53,34,10.0,1484.0,14840.0,2024-04-04
2024040401028222,DOLTI,6,70,216.0,433.6,93657.6,2024-04-04
2024040401028221,DOLTI,56,70,30.0,434.0,13020.0,2024-04-04
2024040401028220,DOLTI,28,70,34.0,436.0,14824.0,2024-04-04
2024040401028219,DOLTI,16,70,20.0,436.5,8730.0,2024-04-04
2024040401028218,CLI,38,52,20.0,451.2,9024.0,2024-04-04
2024040404008246,UPPER,34,35,200.0,169.3,33860.0,2024-04-04
2024040403014604,SAPDBL,71,8,10.0,288.0,2880.0,2024-04-04
2024040403014603,EDBL,59,56,100.0,350.0,35000.0,2024-04-04
2024040401028217,CYCL,66,43,10.0,1466.4,14664.0,2024-04-04
2024040403014602,GUFL,11,13,20.0,854.9,17098.0,2024-04-04
2024040401028216,NRM,20,45,115.0,370.2,42573.0,2024-04-04
2024040404008245,NHPC,47,25,120.0,145.2,17424.0,2024-04-04
2024040401028215,VLUCL,52,6,10.0,500.0,5000.0,2024-04-04
2024040404008244,UPCL,5,34,448.0,200.9,90003.2,2024-04-04
2024040404008243,UPCL,5,34,52.0,200.5,10426.0,2024-04-04
2024040401028214,SPC,26,51,50.0,530.0,26500.0,2024-04-04
2024040404008242,API,36,33,230.0,173.0,39790.0,2024-04-04
2024040404008241,API,54,33,100.0,173.0,17300.0,2024-04-04
2024040404008240,API,38,33,65.0,173.0,11245.0,2024-04-04
2024040404008239,API,40,33,1000.0,173.0,173000.0,2024-04-04
2024040404008238,API,41,33,20.0,173.0,3460.0,2024-04-04
2024040404008237,SICL,34,41,10.0,690.0,6900.0,2024-04-04
2024040405004161,SAEF,55,51,1000.0,10.1,10100.0,2024-04-04
2024040401028213,BNHC,34,45,169.0,464.9,78568.1,2024-04-04
2024040401028212,BNHC,34,64,200.0,464.1,92820.0,2024-04-04
2024040401028211,BNHC,34,21,100.0,460.0,46000.0,2024-04-04
2024040401028210,BNHC,34,52,10.0,460.0,4600.0,2024-04-04
2024040401028209,BNHC,34,14,21.0,460.0,9660.0,2024-04-04
2024040404008236,RIDI,25,36,50.0,174.2,8710.0,2024-04-04
2024040401028208,PPL,91,42,10.0,554.0,5540.0,2024-04-04
2024040404008235,SGIC,91,28,427.0,523.0,223321.0,2024-04-04
2024040404008234,SGIC,91,41,73.0,523.0,38179.0,2024-04-04
2024040404008233,UMRH,43,17,10.0,348.8,3488.0,2024-04-04
2024040404008232,SHEL,53,42,20.0,190.2,3804.0,2024-04-04
2024040401028207,BNHC,21,14,179.0,460.0,82340.0,2024-04-04
2024040401028206,CLI,38,35,10.0,451.2,4512.0,2024-04-04
2024040403014601,VLBS,63,49,67.0,779.0,52193.0,2024-04-04
2024040401028205,ILI,25,52,10.0,525.0,5250.0,2024-04-04
2024040405004160,SMATA,43,13,20.0,738.0,14760.0,2024-04-04
2024040403014600,MNBBL,58,48,15.0,336.1,5041.5,2024-04-04
2024040405004159,HIDCL,1,1,14.0,166.2,2326.8,2024-04-04
2024040405004158,HIDCL,3,1,376.0,166.2,62491.2,2024-04-04
2024040405004157,NRIC,33,47,30.0,703.0,21090.0,2024-04-04
2024040403014599,GRDBL,91,34,59.0,367.3,21670.7,2024-04-04
2024040403014598,GRDBL,91,21,51.0,367.1,18722.1,2024-04-04
2024040401028204,SHIVM,29,19,196.0,506.2,99215.2,2024-04-04
2024040401028203,NRM,20,62,385.0,370.2,142527.0,2024-04-04
2024040401028202,NRM,41,62,115.0,371.0,42665.0,2024-04-04
2024040403014597,FMDBL,62,34,15.0,640.0,9600.0,2024-04-04
2024040403014596,FMDBL,62,19,10.0,640.0,6400.0,2024-04-04
2024040403014595,FMDBL,62,33,100.0,640.0,64000.0,2024-04-04
2024040403014594,FMDBL,62,45,34.0,640.0,21760.0,2024-04-04
2024040403014593,FMDBL,62,62,24.0,639.8,15355.2,2024-04-04
2024040403014592,FMDBL,62,42,400.0,639.0,255600.0,2024-04-04
2024040403014591,FMDBL,62,42,37.0,639.0,23643.0,2024-04-04
2024040403014590,FMDBL,62,34,120.0,639.0,76680.0,2024-04-04
2024040403014589,FMDBL,62,45,10.0,638.9,6389.0,2024-04-04
2024040403014588,FMDBL,62,39,160.0,638.9,102224.0,2024-04-04
2024040403014587,FMDBL,62,19,90.0,637.0,57330.0,2024-04-04
2024040401028201,HIDCLP,34,62,672.0,100.0,67200.0,2024-04-04
2024040401028200,HIDCLP,33,62,100.0,100.0,10000.0,2024-04-04
2024040401028199,HIDCLP,94,62,957.0,100.0,95700.0,2024-04-04
2024040401028198,HIDCLP,22,62,100.0,100.1,10010.0,2024-04-04
2024040401028197,HIDCLP,32,62,1091.0,100.1,109209.1,2024-04-04
2024040401028196,HIDCLP,45,62,80.0,100.1,8008.0,2024-04-04
2024040403014586,GBLBS,32,55,50.0,659.0,32950.0,2024-04-04
2024040404008231,JOSHI,45,41,23.0,328.5,7555.5,2024-04-04
2024040403014585,NFS,66,38,20.0,385.9,7718.0,2024-04-04
2024040401028195,SNLI,16,53,200.0,605.2,121040.0,2024-04-04
2024040401028194,HHL,47,50,902.0,372.0,335544.0,2024-04-04
2024040401028193,RAWA,18,29,10.0,470.0,4700.0,2024-04-04
2024040401028192,SHIVM,44,19,15.0,506.3,7594.5,2024-04-04
2024040404008230,LEC,49,42,50.0,179.9,8995.0,2024-04-04
2024040404008229,LEC,49,17,150.0,179.9,26985.0,2024-04-04
2024040401028191,TAMOR,22,88,420.0,375.0,157500.0,2024-04-04
2024040401028190,TAMOR,52,88,420.0,375.0,157500.0,2024-04-04
2024040401028189,TAMOR,51,88,90.0,375.1,33759.0,2024-04-04
2024040401028188,TAMOR,85,88,70.0,375.2,26264.0,2024-04-04
2024040401028187,DLBS,51,47,15.0,1289.0,19335.0,2024-04-04
2024040403014584,SKBBL,62,42,40.0,830.3,33212.0,2024-04-04
2024040403014583,SKBBL,22,42,100.0,830.4,83040.0,2024-04-04
2024040403014582,SKBBL,26,42,10.0,831.0,8310.0,2024-04-04
2024040404008228,LEC,46,45,211.0,179.8,37937.8,2024-04-04
2024040401028186,DLBS,51,45,10.0,1289.0,12890.0,2024-04-04
2024040401028185,DLBS,51,45,30.0,1290.0,38700.0,2024-04-04
2024040404008227,MEN,16,41,10.0,504.9,5049.0,2024-04-04
2024040401028184,SARBTM,59,6,50.0,843.0,42150.0,2024-04-04
2024040404008226,SHPC,5,34,10.0,338.4,3384.0,2024-04-04
2024040401028183,PPL,62,33,430.0,553.0,237790.0,2024-04-04
2024040401028182,SARBTM,4,45,25.0,843.8,21095.0,2024-04-04
2024040401028181,NYADI,34,51,45.0,306.0,13770.0,2024-04-04
2024040401028180,SBL,29,56,62.0,216.0,13392.0,2024-04-04
2024040401028179,SBL,6,56,260.0,216.1,56186.0,2024-04-04
2024040401028178,BGWT,65,34,200.0,591.0,118200.0,2024-04-04
2024040403014581,GUFL,41,34,200.0,854.0,170800.0,2024-04-04
2024040403014580,FMDBL,26,19,10.0,637.0,6370.0,2024-04-04
2024040403014579,USLB,33,45,100.0,1602.0,160200.0,2024-04-04
2024040401028177,RNLI,86,16,100.0,431.0,43100.0,2024-04-04
2024040401028176,RNLI,86,16,100.0,431.0,43100.0,2024-04-04
2024040401028175,RNLI,35,16,40.0,431.0,17240.0,2024-04-04
2024040401028174,RNLI,40,16,100.0,431.0,43100.0,2024-04-04
2024040401028173,RNLI,45,16,400.0,431.1,172440.0,2024-04-04
2024040401028172,RNLI,81,16,200.0,431.1,86220.0,2024-04-04
2024040401028171,RNLI,22,16,20.0,431.1,8622.0,2024-04-04
2024040401028170,RNLI,46,16,34.0,431.1,14657.4,2024-04-04
2024040401028169,ILI,25,55,10.0,525.0,5250.0,2024-04-04
2024040401028168,ILI,25,57,70.0,525.0,36750.0,2024-04-04
2024040401028167,ILI,25,18,30.0,525.0,15750.0,2024-04-04
2024040401028166,ILI,25,41,28.0,525.0,14700.0,2024-04-04
2024040401028165,RFPL,25,6,200.0,375.7,75140.0,2024-04-04
2024040403014578,SAPDBL,42,8,50.0,288.0,14400.0,2024-04-04
2024040403014577,SAPDBL,52,8,20.0,288.0,5760.0,2024-04-04
2024040403014576,SAPDBL,17,8,25.0,288.0,7200.0,2024-04-04
2024040403014575,SAPDBL,52,8,20.0,288.0,5760.0,2024-04-04
2024040403014574,SAPDBL,38,8,540.0,288.0,155520.0,2024-04-04
2024040403014573,GLBSL,54,32,25.0,1940.0,48500.0,2024-04-04
2024040401028164,CLI,38,58,10.0,451.2,4512.0,2024-04-04
2024040405004156,NTC,49,56,25.0,833.8,20845.0,2024-04-04
2024040401028163,CITY,42,13,25.0,581.6,14540.0,2024-04-04
2024040401028162,PBLD84,13,57,35.0,1030.0,36050.0,2024-04-04
2024040404008225,CHL,58,48,10.0,300.0,3000.0,2024-04-04
2024040403014572,SLBBL,64,88,65.0,670.0,43550.0,2024-04-04
2024040403014571,SLBBL,54,88,100.0,670.0,67000.0,2024-04-04
2024040403014570,SLBBL,62,88,200.0,670.1,134020.0,2024-04-04
2024040403014569,SLBBL,22,88,100.0,670.2,67020.0,2024-04-04
2024040403014568,SLBBL,62,88,20.0,671.0,13420.0,2024-04-04
2024040403014567,SLBBL,41,88,15.0,672.0,10080.0,2024-04-04
2024040403014566,HLI,55,43,140.0,391.5,54810.0,2024-04-04
2024040401028161,SONA,13,22,10.0,454.6,4546.0,2024-04-04
2024040401028160,JALPA,6,55,100.0,1250.0,125000.0,2024-04-04
2024040403014565,SABSL,7,6,185.0,789.0,145965.0,2024-04-04
2024040403014564,SABSL,7,36,15.0,788.9,11833.5,2024-04-04
2024040404008224,KKHC,35,38,140.0,230.6,32284.0,2024-04-04
2024040401028159,NICA,56,26,100.0,398.5,39850.0,2024-04-04
2024040403014563,GUFL,41,58,40.0,854.0,34160.0,2024-04-04
2024040403014562,CBBL,51,14,42.0,847.0,35574.0,2024-04-04
2024040404008223,NGPL,33,49,70.0,296.1,20727.0,2024-04-04
2024040404008222,AHPC,13,68,200.0,170.9,34180.0,2024-04-04
2024040401028158,ULHC,45,17,10.0,337.2,3372.0,2024-04-04
2024040403014561,GMFBS,91,26,10.0,1186.7,11867.0,2024-04-04
2024040403014560,GUFL,41,22,15.0,854.0,12810.0,2024-04-04
2024040403014559,SFCL,21,32,180.0,312.8,56304.0,2024-04-04
2024040401028157,SAHAS,18,35,10.0,513.2,5132.0,2024-04-04
2024040404008221,JOSHI,62,48,100.0,328.4,32840.0,2024-04-04
2024040401028156,SANIMA,55,4,1500.0,234.0,351000.0,2024-04-04
2024040403014558,SKBBL,45,41,91.0,837.0,76167.0,2024-04-04
2024040403014557,SKBBL,45,16,20.0,836.0,16720.0,2024-04-04
2024040403014556,SKBBL,45,17,50.0,836.0,41800.0,2024-04-04
2024040403014555,SKBBL,45,49,166.0,836.0,138776.0,2024-04-04
2024040403014554,SKBBL,45,25,30.0,835.9,25077.0,2024-04-04
2024040403014553,SKBBL,45,17,50.0,835.0,41750.0,2024-04-04
2024040403014552,SKBBL,45,3,40.0,832.0,33280.0,2024-04-04
2024040403014551,SKBBL,45,42,53.0,831.9,44090.7,2024-04-04
2024040403014550,CBBL,34,14,115.0,847.0,97405.0,2024-04-04
2024040403014549,GUFL,41,13,10.0,854.9,8549.0,2024-04-04
2024040401028155,RHGCL,4,16,450.0,309.0,139050.0,2024-04-04
2024040401028154,JALPA,6,5,60.0,1250.0,75000.0,2024-04-04
2024040401028153,GCIL,45,59,35.0,493.0,17255.0,2024-04-04
2024040401028152,GCIL,49,59,50.0,493.0,24650.0,2024-04-04
2024040401028151,GCIL,13,59,15.0,493.0,7395.0,2024-04-04
2024040401028150,SARBTM,59,16,40.0,843.0,33720.0,2024-04-04
2024040401028149,NIMB,50,45,130.0,157.2,20436.0,2024-04-04
2024040404008220,GLH,50,51,10.0,216.0,2160.0,2024-04-04
2024040401028148,HDL,1,58,47.0,1483.1,69705.7,2024-04-04
2024040401028147,HDL,38,58,80.0,1483.5,118680.0,2024-04-04
2024040401028146,HDL,7,58,12.0,1483.5,17802.0,2024-04-04
2024040405004155,HRL,51,22,72.0,590.9,42544.8,2024-04-04
2024040401028145,MKCL,58,49,10.0,947.3,9473.0,2024-04-04
2024040401028144,NYADI,34,32,110.0,306.0,33660.0,2024-04-04
2024040403014548,GUFL,41,19,30.0,854.0,25620.0,2024-04-04
2024040401028143,PHCL,58,35,10.0,307.8,3078.0,2024-04-04
2024040404008219,AKPL,6,62,46.0,172.0,7912.0,2024-04-04
2024040404008218,AKPL,6,62,17.0,173.0,2941.0,2024-04-04
2024040404008217,AKPL,43,62,371.0,173.0,64183.0,2024-04-04
2024040401028142,BNHC,11,3,200.0,460.0,92000.0,2024-04-04
2024040401028141,MEL,42,11,10.0,217.7,2177.0,2024-04-04
2024040401028140,TSHL,74,45,60.0,498.0,29880.0,2024-04-04
2024040401028139,NIMB,48,45,48.0,157.2,7545.6,2024-04-04
2024040401028138,DOLTI,16,57,10.0,436.5,4365.0,2024-04-04
2024040405004154,HRL,47,57,10.0,590.4,5904.0,2024-04-04
2024040404008216,PPCL,14,57,10.0,244.0,2440.0,2024-04-04
2024040404008215,UPPER,45,14,179.0,169.0,30251.0,2024-04-04
2024040404008214,UPPER,42,14,20.0,169.0,3380.0,2024-04-04
2024040404008213,UPPER,1,14,200.0,169.0,33800.0,2024-04-04
2024040404008212,UPPER,35,14,100.0,169.0,16900.0,2024-04-04
2024040404008211,UPPER,3,14,200.0,169.0,33800.0,2024-04-04
2024040404008210,UPPER,50,14,20.0,169.0,3380.0,2024-04-04
2024040404008209,UPPER,21,14,28.0,169.0,4732.0,2024-04-04
2024040404008208,UPPER,67,14,353.0,169.0,59657.0,2024-04-04
2024040401028137,SARBTM,14,16,10.0,843.0,8430.0,2024-04-04
2024040401028136,SARBTM,14,36,10.0,843.0,8430.0,2024-04-04
2024040401028135,EBL,38,1,20.0,493.0,9860.0,2024-04-04
2024040404008207,BPCL,16,32,98.0,297.0,29106.0,2024-04-04
2024040404008206,BPCL,16,41,302.0,297.0,89694.0,2024-04-04
2024040404008205,HURJA,17,66,100.0,294.0,29400.0,2024-04-04
2024040403014547,KSBBL,56,8,280.0,346.0,96880.0,2024-04-04
2024040404008204,BPCL,49,26,50.0,296.3,14815.0,2024-04-04
2024040403014546,MNBBL,50,32,55.0,337.0,18535.0,2024-04-04
2024040401028134,JBLB,49,53,10.0,1356.0,13560.0,2024-04-04
2024040403014545,KLBSL,57,36,17.0,896.0,15232.0,2024-04-04
2024040401028133,SARBTM,1,36,10.0,843.0,8430.0,2024-04-04
2024040404008203,UAIL,34,38,10.0,525.0,5250.0,2024-04-04
2024040403014544,GLBSL,74,32,100.0,1940.0,194000.0,2024-04-04
2024040403014543,GLBSL,38,32,100.0,1940.0,194000.0,2024-04-04
2024040403014542,EDBL,43,43,44.0,350.0,15400.0,2024-04-04
2024040404008202,SICL,42,49,182.0,688.0,125216.0,2024-04-04
2024040401028132,MBJC,55,34,10.0,310.0,3100.0,2024-04-04
2024040401028131,MBJC,55,4,10.0,310.0,3100.0,2024-04-04
2024040401028130,MBJC,55,42,10.0,310.0,3100.0,2024-04-04
2024040401028129,MBJC,55,41,10.0,307.0,3070.0,2024-04-04
2024040401028128,MBJC,55,45,100.0,307.0,30700.0,2024-04-04
2024040401028127,MBJC,55,22,10.0,306.0,3060.0,2024-04-04
2024040403014541,SWBBL,35,57,15.0,768.0,11520.0,2024-04-04
2024040403014540,SWBBL,53,57,30.0,768.1,23043.0,2024-04-04
2024040403014539,SWBBL,21,57,25.0,769.0,19225.0,2024-04-04
2024040401028126,RFPL,95,41,20.0,375.6,7512.0,2024-04-04
2024040401028125,MEHL,62,70,80.0,303.1,24248.0,2024-04-04
2024040404008201,GHL,28,38,200.0,149.9,29980.0,2024-04-04
2024040401028124,TVCL,58,4,10.0,479.0,4790.0,2024-04-04
2024040401028123,TVCL,58,58,20.0,473.0,9460.0,2024-04-04
2024040404008200,RHPL,39,34,10.0,277.0,2770.0,2024-04-04
2024040404008199,IGI,17,25,12.0,525.0,6300.0,2024-04-04
2024040405004153,NTC,42,17,50.0,833.6,41680.0,2024-04-04
2024040401028122,MANDU,19,58,240.0,675.0,162000.0,2024-04-04
2024040401028121,MKHL,35,50,100.0,436.0,43600.0,2024-04-04
2024040405004152,NRN,49,45,250.0,516.0,129000.0,2024-04-04
2024040405004151,NRN,14,45,200.0,516.0,103200.0,2024-04-04
2024040405004150,NRN,44,45,200.0,516.0,103200.0,2024-04-04
2024040405004149,NRN,25,45,340.0,516.0,175440.0,2024-04-04
2024040405004148,HRL,83,22,26.0,590.9,15363.4,2024-04-04
2024040401028120,ADBL,22,57,40.0,226.2,9048.0,2024-04-04
2024040403014538,VLBS,38,49,20.0,779.0,15580.0,2024-04-04
2024040401028119,CYCL,25,22,10.0,1469.0,14690.0,2024-04-04
2024040403014537,USLB,33,25,10.0,1602.0,16020.0,2024-04-04
2024040403014536,VLBS,6,49,100.0,779.0,77900.0,2024-04-04
2024040401028118,SRLI,59,4,20.0,439.6,8792.0,2024-04-04
2024040403014535,LLBS,44,57,34.0,931.0,31654.0,2024-04-04
2024040403014534,LLBS,44,56,16.0,930.0,14880.0,2024-04-04
2024040401028117,PPL,62,58,385.0,553.0,212905.0,2024-04-04
2024040401028116,PPL,19,58,65.0,553.1,35951.5,2024-04-04
2024040401028115,SHIVM,58,19,25.0,506.3,12657.5,2024-04-04
2024040404008198,SPDL,13,44,90.0,230.0,20700.0,2024-04-04
2024040404008197,SPDL,13,25,87.0,230.0,20010.0,2024-04-04
2024040403014533,HLI,55,49,10.0,391.5,3915.0,2024-04-04
2024040404008196,SHPC,16,36,14.0,338.0,4732.0,2024-04-04
2024040403014532,SJLIC,34,91,160.0,514.0,82240.0,2024-04-04
2024040401028114,SONA,34,19,85.0,454.0,38590.0,2024-04-04
2024040401028113,SONA,51,19,50.0,454.0,22700.0,2024-04-04
2024040401028112,SONA,88,19,65.0,454.0,29510.0,2024-04-04
2024040403014531,JSLBB,21,29,45.0,1132.0,50940.0,2024-04-04
2024040403014530,JSLBB,21,45,100.0,1132.0,113200.0,2024-04-04
2024040401028111,SARBTM,52,11,50.0,843.0,42150.0,2024-04-04
2024040401028110,JBLB,49,45,30.0,1356.0,40680.0,2024-04-04
2024040401028109,NBL,35,57,348.0,212.9,74089.2,2024-04-04
2024040401028108,UNL,38,28,10.0,39980.0,399800.0,2024-04-04
2024040404008195,PRIN,82,41,21.0,781.9,16419.9,2024-04-04
2024040405004147,NIFRA,25,58,58.0,202.0,11716.0,2024-04-04
2024040405004146,NIFRA,25,42,20.0,202.0,4040.0,2024-04-04
2024040405004145,NIFRA,25,57,54.0,202.0,10908.0,2024-04-04
2024040405004144,NIFRA,25,21,868.0,202.0,175336.0,2024-04-04
2024040403014529,SABSL,17,59,985.0,785.0,773225.0,2024-04-04
2024040403014528,SABSL,65,59,65.0,786.0,51090.0,2024-04-04
2024040403014527,SABSL,28,59,50.0,787.0,39350.0,2024-04-04
2024040401028107,SARBTM,52,45,75.0,843.8,63285.0,2024-04-04
2024040401028106,SARBTM,52,21,25.0,843.5,21087.5,2024-04-04
2024040403014526,GFCL,53,4,811.0,445.2,361057.2,2024-04-04
2024040403014525,GFCL,59,4,71.0,445.2,31609.2,2024-04-04
2024040403014524,GFCL,76,4,30.0,445.3,13359.0,2024-04-04
2024040403014523,GFCL,34,4,100.0,445.5,44550.0,2024-04-04
2024040403014522,NABBC,6,13,300.0,411.0,123300.0,2024-04-04
2024040403014521,NADEP,49,36,30.0,700.0,21000.0,2024-04-04
2024040403014520,NADEP,49,36,200.0,700.0,140000.0,2024-04-04
2024040403014519,NADEP,49,25,70.0,699.0,48930.0,2024-04-04
2024040401028105,UNL,38,58,10.0,39500.0,395000.0,2024-04-04
2024040403014518,SJLIC,35,67,72.0,513.8,36993.6,2024-04-04
2024040401028104,SONA,88,34,10.0,454.0,4540.0,2024-04-04
2024040401028103,MKHL,55,34,48.0,435.0,20880.0,2024-04-04
2024040401028102,MKHL,16,34,100.0,435.0,43500.0,2024-04-04
2024040404008194,UPPER,67,34,115.0,169.0,19435.0,2024-04-04
2024040404008193,UPPER,21,34,25.0,169.1,4227.5,2024-04-04
2024040404008192,UPPER,52,34,60.0,169.1,10146.0,2024-04-04
2024040404008191,NGPL,33,32,700.0,296.1,207270.0,2024-04-04
2024040404008190,RIDI,32,57,100.0,174.8,17480.0,2024-04-04
2024040401028101,CLI,38,7,10.0,451.2,4512.0,2024-04-04
2024040403014517,GBBL,45,57,10.0,359.0,3590.0,2024-04-04
2024040401028100,BEDC,57,54,109.0,363.0,39567.0,2024-04-04
2024040401028099,BEDC,57,34,90.0,360.0,32400.0,2024-04-04
2024040401028098,HATHY,46,38,10.0,880.0,8800.0,2024-04-04
2024040401028097,HATHY,58,38,30.0,880.0,26400.0,2024-04-04
2024040401028096,HATHY,45,38,18.0,880.0,15840.0,2024-04-04
2024040401028095,BHPL,6,4,55.0,476.0,26180.0,2024-04-04
2024040401028094,BHPL,6,49,195.0,475.0,92625.0,2024-04-04
2024040401028093,PPL,19,54,10.0,553.1,5531.0,2024-04-04
2024040401028092,CKHL,41,28,10.0,540.0,5400.0,2024-04-04
2024040401028091,SARBTM,52,47,350.0,843.0,295050.0,2024-04-04
2024040401028090,SARBTM,52,22,50.0,843.0,42150.0,2024-04-04
2024040401028089,SARBTM,52,63,25.0,843.0,21075.0,2024-04-04
2024040401028088,SARBTM,52,4,20.0,843.0,16860.0,2024-04-04
2024040404008189,BARUN,39,58,50.0,236.8,11840.0,2024-04-04
2024040403014516,KMCDB,88,17,200.0,806.1,161220.0,2024-04-04
2024040401028087,HDL,7,34,38.0,1483.5,56373.0,2024-04-04
2024040401028086,HDL,58,34,12.0,1484.0,17808.0,2024-04-04
2024040404008188,NGPL,33,34,100.0,296.1,29610.0,2024-04-04
2024040401028085,BNHC,54,32,38.0,454.1,17255.8,2024-04-04
2024040401028084,BNHC,44,32,62.0,459.9,28513.8,2024-04-04
2024040403014515,GILB,16,43,103.0,998.0,102794.0,2024-04-04
2024040405004143,CIT,38,22,50.0,2101.1,105055.0,2024-04-04
2024040403014514,GMFIL,46,45,500.0,354.0,177000.0,2024-04-04
2024040401028083,RNLI,35,58,10.0,432.0,4320.0,2024-04-04
2024040401028082,RNLI,35,58,10.0,432.0,4320.0,2024-04-04
2024040401028081,HDL,42,25,14.0,1485.0,20790.0,2024-04-04
2024040401028080,HDL,42,34,86.0,1485.0,127710.0,2024-04-04
2024040403014513,USLB,33,55,35.0,1602.0,56070.0,2024-04-04
2024040401028079,USHEC,77,33,10.0,366.0,3660.0,2024-04-04
2024040401028078,USHEC,77,58,10.0,366.0,3660.0,2024-04-04
2024040401028077,USHEC,77,58,10.0,365.0,3650.0,2024-04-04
2024040401028076,USHEC,77,35,10.0,365.0,3650.0,2024-04-04
2024040401028075,USHEC,77,34,10.0,364.5,3645.0,2024-04-04
2024040401028074,GCIL,13,57,85.0,493.0,41905.0,2024-04-04
2024040401028073,GCIL,48,57,16.0,493.0,7888.0,2024-04-04
2024040401028072,GCIL,35,57,50.0,493.1,24655.0,2024-04-04
2024040403014512,HLI,55,16,75.0,391.5,29362.5,2024-04-04
2024040403014511,HLI,45,16,75.0,391.8,29385.0,2024-04-04
2024040403014510,ALBSL,67,74,24.0,760.0,18240.0,2024-04-04
2024040403014509,ALBSL,58,74,100.0,760.0,76000.0,2024-04-04
2024040403014508,ALBSL,62,74,110.0,760.1,83611.0,2024-04-04
2024040403014507,ALBSL,39,74,10.0,760.1,7601.0,2024-04-04
2024040403014506,ALBSL,37,74,10.0,762.0,7620.0,2024-04-04
2024040403014505,ALBSL,87,74,46.0,763.0,35098.0,2024-04-04
2024040405004142,HIDCL,3,50,550.0,166.2,91410.0,2024-04-04
2024040401028071,PRVU,59,6,20.0,139.5,2790.0,2024-04-04
2024040403014504,USLB,33,55,65.0,1602.0,104130.0,2024-04-04
2024040403014503,USLB,33,64,34.0,1600.0,54400.0,2024-04-04
2024040401028070,PBLD84,13,57,35.0,1030.0,36050.0,2024-04-04
2024040401028069,AVYAN,64,70,50.0,707.0,35350.0,2024-04-04
2024040401028068,AVYAN,64,49,10.0,707.0,7070.0,2024-04-04
2024040401028067,AVYAN,64,58,10.0,706.0,7060.0,2024-04-04
2024040401028066,AVYAN,64,4,225.0,706.0,158850.0,2024-04-04
2024040401028065,AVYAN,64,38,10.0,705.0,7050.0,2024-04-04
2024040401028064,AVYAN,64,55,40.0,705.0,28200.0,2024-04-04
2024040401028063,AVYAN,64,58,10.0,705.0,7050.0,2024-04-04
2024040401028062,AVYAN,64,56,45.0,705.0,31725.0,2024-04-04
2024040401028061,MKCL,29,45,10.0,949.5,9495.0,2024-04-04
2024040403014502,GBBL,80,49,117.0,359.0,42003.0,2024-04-04
2024040401028060,SHIVM,51,19,50.0,506.3,25315.0,2024-04-04
2024040401028059,SHIVM,44,19,500.0,506.3,253150.0,2024-04-04
2024040403014501,MDB,3,21,24.0,420.0,10080.0,2024-04-04
2024040401028058,ULHC,66,46,10.0,337.3,3373.0,2024-04-04
2024040401028057,MEL,34,22,10.0,217.5,2175.0,2024-04-04
2024040401028056,SARBTM,77,4,20.0,843.0,16860.0,2024-04-04
2024040401028055,SNLI,16,14,110.0,605.2,66572.0,2024-04-04
2024040403014500,HLI,45,1,10.0,391.8,3918.0,2024-04-04
2024040403014499,HLI,45,1,40.0,391.6,15664.0,2024-04-04
2024040401028054,SMJC,16,45,20.0,376.0,7520.0,2024-04-04
2024040401028053,SMJC,16,16,305.0,376.0,114680.0,2024-04-04
2024040401028052,SMJC,16,1,10.0,375.3,3753.0,2024-04-04
2024040401028051,SMJC,16,74,397.0,375.3,148994.1,2024-04-04
2024040403014498,PFL,54,16,75.0,396.0,29700.0,2024-04-04
2024040403014497,MLBBL,48,36,55.0,1008.9,55489.5,2024-04-04
2024040404008187,GLH,1,54,10.0,216.0,2160.0,2024-04-04
2024040405004141,NRN,29,42,190.0,518.0,98420.0,2024-04-04
2024040403014496,GMFBS,91,49,29.0,1176.7,34124.3,2024-04-04
2024040401028050,MBL,32,81,321.0,171.2,54955.2,2024-04-04
2024040401028049,MBL,56,81,276.0,171.3,47278.8,2024-04-04
2024040401028048,MBL,45,81,250.0,171.5,42875.0,2024-04-04
2024040403014495,MERO,34,17,10.0,659.0,6590.0,2024-04-04
2024040404008186,DHPL,58,34,290.0,193.0,55970.0,2024-04-04
2024040401028047,LSL,88,34,150.0,153.6,23040.0,2024-04-04
2024040401028046,MHCL,34,35,80.0,415.0,33200.0,2024-04-04
2024040403014494,RLFL,25,44,191.0,359.0,68569.0,2024-04-04
2024040403014493,RLFL,25,53,250.0,359.0,89750.0,2024-04-04
2024040403014492,GILB,74,38,100.0,999.0,99900.0,2024-04-04
2024040404008185,JOSHI,5,8,100.0,329.0,32900.0,2024-04-04
2024040403014491,MSLB,33,6,50.0,1145.0,57250.0,2024-04-04
2024040404008184,TRH,8,7,15.0,770.0,11550.0,2024-04-04
2024040401028045,SONA,88,26,175.0,454.0,79450.0,2024-04-04
2024040401028044,SONA,70,26,100.0,454.0,45400.0,2024-04-04
2024040401028043,SONA,48,26,500.0,454.0,227000.0,2024-04-04
2024040401028042,SONA,34,26,50.0,454.0,22700.0,2024-04-04
2024040401028041,SONA,21,26,1000.0,454.0,454000.0,2024-04-04
2024040401028040,SONA,21,26,900.0,454.0,408600.0,2024-04-04
2024040401028039,SONA,32,26,100.0,454.1,45410.0,2024-04-04
2024040401028038,SONA,56,26,655.0,454.1,297435.5,2024-04-04
2024040401028037,SONA,22,26,300.0,454.1,136230.0,2024-04-04
2024040401028036,SONA,33,26,100.0,454.2,45420.0,2024-04-04
2024040401028035,SONA,43,26,100.0,454.2,45420.0,2024-04-04
2024040401028034,SONA,50,26,50.0,454.6,22730.0,2024-04-04
2024040401028033,SONA,41,26,50.0,455.0,22750.0,2024-04-04
2024040401028032,SONA,36,26,100.0,455.0,45500.0,2024-04-04
2024040401028031,SONA,39,26,1000.0,455.0,455000.0,2024-04-04
2024040401028030,SONA,56,26,160.0,455.0,72800.0,2024-04-04
2024040401028029,SONA,46,26,170.0,455.0,77350.0,2024-04-04
2024040401028028,SONA,57,26,490.0,455.1,222999.0,2024-04-04
2024040401028027,SARBTM,52,4,10.0,843.0,8430.0,2024-04-04
2024040404008183,GHL,38,39,300.0,149.8,44940.0,2024-04-04
2024040401028026,NABIL,13,34,70.0,434.0,30380.0,2024-04-04
2024040401028025,RNLI,46,58,10.0,431.1,4311.0,2024-04-04
2024040403014490,MPFL,42,80,100.0,359.0,35900.0,2024-04-04
2024040401028024,MHCL,34,32,20.0,415.0,8300.0,2024-04-04
2024040403014489,GBLBS,48,21,50.0,658.0,32900.0,2024-04-04
2024040404008182,NHPC,47,34,300.0,145.2,43560.0,2024-04-04
2024040401028023,MEL,34,35,10.0,217.5,2175.0,2024-04-04
2024040401028022,VLUCL,52,35,40.0,500.0,20000.0,2024-04-04
2024040401028021,VLUCL,42,35,50.0,502.0,25100.0,2024-04-04
2024040404008181,TRH,59,7,150.0,770.0,115500.0,2024-04-04
2024040404008180,TRH,6,7,565.0,770.0,435050.0,2024-04-04
2024040404008179,TRH,6,7,20.0,770.0,15400.0,2024-04-04
2024040404008178,TRH,42,7,100.0,770.0,77000.0,2024-04-04
2024040404008177,TRH,58,7,100.0,770.0,77000.0,2024-04-04
2024040404008176,TRH,29,7,20.0,770.1,15402.0,2024-04-04
2024040404008175,CHCL,69,82,500.0,449.1,224550.0,2024-04-04
2024040401028020,CYCL,25,22,10.0,1469.0,14690.0,2024-04-04
2024040401028019,CYCL,25,39,10.0,1469.0,14690.0,2024-04-04
2024040401028018,CYCL,25,44,10.0,1466.0,14660.0,2024-04-04
2024040403014488,ALBSL,87,6,104.0,763.0,79352.0,2024-04-04
2024040403014487,ALBSL,58,6,50.0,764.0,38200.0,2024-04-04
2024040403014486,SABSL,65,50,35.0,786.0,27510.0,2024-04-04
2024040401028017,PCBL,70,1,20.0,188.0,3760.0,2024-04-04
2024040403014485,GFCL,52,43,10.0,449.8,4498.0,2024-04-04
2024040401028016,DLBS,51,48,10.0,1289.0,12890.0,2024-04-04
2024040401028015,NWCL,57,36,10.0,718.5,7185.0,2024-04-04
2024040404008174,NHPC,58,42,20.0,145.5,2910.0,2024-04-04
2024040401028014,SNLI,16,58,40.0,605.2,24208.0,2024-04-04
2024040401028013,SHIVM,17,52,50.0,507.0,25350.0,2024-04-04
2024040401028012,SHIVM,17,45,450.0,507.0,228150.0,2024-04-04
2024040401028011,NIMB,32,53,10.0,157.3,1573.0,2024-04-04
2024040403014484,JSLBB,34,43,25.0,1130.0,28250.0,2024-04-04
2024040401028010,PRVU,33,21,100.0,139.2,13920.0,2024-04-04
2024040401028009,PRVU,34,21,132.0,139.2,18374.4,2024-04-04
2024040404008173,RADHI,53,22,14.0,235.5,3297.0,2024-04-04
2024040404008172,NICL,34,35,10.0,842.0,8420.0,2024-04-04
2024040404008171,UPCL,1,34,450.0,200.5,90225.0,2024-04-04
2024040404008170,UPCL,36,34,4547.0,200.5,911673.5,2024-04-04
2024040404008169,UPCL,4,34,100.0,200.6,20060.0,2024-04-04
2024040404008168,UPCL,49,34,50.0,200.6,10030.0,2024-04-04
2024040404008167,UPCL,17,34,10.0,200.7,2007.0,2024-04-04
2024040404008166,UPCL,26,34,564.0,200.7,113194.8,2024-04-04
2024040404008165,UPCL,17,34,10.0,200.8,2008.0,2024-04-04
2024040404008164,UPCL,10,34,186.0,200.8,37348.8,2024-04-04
2024040403014483,CBBL,11,44,50.0,847.9,42395.0,2024-04-04
2024040403014482,KRBL,6,26,13.0,392.0,5096.0,2024-04-04
2024040401028008,MBJC,91,59,10.0,305.0,3050.0,2024-04-04
2024040404008163,SHEL,53,52,200.0,190.2,38040.0,2024-04-04
2024040404008162,PMHPL,36,45,40.0,234.0,9360.0,2024-04-04
2024040401028007,MBJC,91,49,100.0,305.0,30500.0,2024-04-04
2024040404008161,JOSHI,67,49,226.0,328.3,74195.8,2024-04-04
2024040404008160,JOSHI,28,49,185.0,328.4,60754.0,2024-04-04
2024040404008159,JOSHI,38,49,500.0,328.5,164250.0,2024-04-04
2024040404008158,JOSHI,5,49,88.0,328.5,28908.0,2024-04-04
2024040401028006,SONA,57,47,10.0,455.1,4551.0,2024-04-04
2024040403014481,MLBL,56,3,1000.0,316.1,316100.0,2024-04-04
2024040401028005,SMJC,44,58,85.0,375.0,31875.0,2024-04-04
2024040401028004,SMJC,14,58,2415.0,375.0,905625.0,2024-04-04
2024040401028003,PPL,19,32,50.0,553.1,27655.0,2024-04-04
2024040404008157,UPCL,22,34,398.0,200.9,79958.2,2024-04-04
2024040403014480,RSDC,42,22,240.0,609.0,146160.0,2024-04-04
2024040401028002,ADBL,35,51,101.0,227.0,22927.0,2024-04-04
2024040401028001,ADBL,35,62,11.0,227.0,2497.0,2024-04-04
2024040401028000,ADBL,35,41,88.0,227.0,19976.0,2024-04-04
2024040403014479,SJLIC,46,91,200.0,514.0,102800.0,2024-04-04
2024040401027999,PPL,19,55,10.0,553.1,5531.0,2024-04-04
2024040405004140,CHDC,7,49,10.0,885.0,8850.0,2024-04-04
2024040405004139,CHDC,7,22,10.0,881.0,8810.0,2024-04-04
2024040405004138,CHDC,7,58,10.0,880.0,8800.0,2024-04-04
2024040405004137,CHDC,7,34,10.0,880.0,8800.0,2024-04-04
2024040405004136,CHDC,7,46,10.0,880.0,8800.0,2024-04-04
2024040401027998,SAMAJ,34,49,10.0,1955.0,19550.0,2024-04-04
2024040401027997,RHGCL,4,45,50.0,309.0,15450.0,2024-04-04
2024040404008156,NHPC,47,45,170.0,145.2,24684.0,2024-04-04
2024040401027996,CLI,13,57,80.0,451.1,36088.0,2024-04-04
2024040404008155,MEN,57,32,39.0,503.0,19617.0,2024-04-04
2024040403014478,PROFL,22,44,24.0,309.2,7420.8,2024-04-04
2024040404008154,CHL,56,42,86.0,301.0,25886.0,2024-04-04
2024040404008153,SGIC,76,43,60.0,522.0,31320.0,2024-04-04
2024040404008152,API,41,43,80.0,173.0,13840.0,2024-04-04
2024040404008151,API,48,43,20.0,173.0,3460.0,2024-04-04
2024040401027995,CLI,13,21,10.0,451.1,4511.0,2024-04-04
2024040401027994,ILI,22,35,10.0,524.0,5240.0,2024-04-04
2024040401027993,GCIL,42,33,30.0,493.8,14814.0,2024-04-04
2024040404008150,MEN,34,32,11.0,503.0,5533.0,2024-04-04
2024040404008149,MEN,34,4,34.0,503.0,17102.0,2024-04-04
2024040401027992,MKJC,94,45,10.0,460.0,4600.0,2024-04-04
2024040401027991,MKJC,94,4,10.0,460.0,4600.0,2024-04-04
2024040401027990,UHEWA,84,57,10.0,354.1,3541.0,2024-04-04
2024040401027989,DOLTI,16,5,50.0,436.5,21825.0,2024-04-04
2024040403014477,NLIC,58,6,45.0,594.6,26757.0,2024-04-04
2024040403014476,ACLBSL,50,34,37.0,784.0,29008.0,2024-04-04
2024040401027988,MKJC,53,36,10.0,458.0,4580.0,2024-04-04
2024040403014475,GRDBL,91,59,10.0,364.3,3643.0,2024-04-04
2024040404008148,PPCL,6,33,106.0,242.3,25683.8,2024-04-04
2024040404008147,PPCL,22,33,84.0,242.3,20353.2,2024-04-04
2024040401027987,CYCL,11,44,40.0,1466.3,58652.0,2024-04-04
2024040401027986,UNLB,88,29,10.0,1635.0,16350.0,2024-04-04
2024040401027985,UNLB,88,45,10.0,1635.0,16350.0,2024-04-04
2024040401027984,UNLB,88,22,10.0,1630.0,16300.0,2024-04-04
2024040401027983,UNLB,88,26,10.0,1630.0,16300.0,2024-04-04
2024040403014474,ICFC,58,17,33.0,490.4,16183.2,2024-04-04
2024040401027982,SNLI,16,32,10.0,605.2,6052.0,2024-04-04
2024040401027981,PRVU,32,6,100.0,139.5,13950.0,2024-04-04
2024040404008146,AKJCL,62,26,110.0,214.0,23540.0,2024-04-04
2024040404008145,AKJCL,62,57,20.0,214.0,4280.0,2024-04-04
2024040404008144,AKJCL,62,33,70.0,213.9,14973.0,2024-04-04
2024040401027980,SPC,4,35,10.0,529.0,5290.0,2024-04-04
2024040403014473,PFL,56,42,80.0,395.1,31608.0,2024-04-04
2024040401027979,SHIVM,34,45,50.0,507.0,25350.0,2024-04-04
2024040401027978,SARBTM,52,45,40.0,843.0,33720.0,2024-04-04
2024040401027977,SARBTM,59,45,10.0,843.0,8430.0,2024-04-04
2024040403014472,GLBSL,74,45,13.0,1941.0,25233.0,2024-04-04
2024040405004135,SMATA,43,38,30.0,738.0,22140.0,2024-04-04
2024040404008143,UAIL,38,62,45.0,524.0,23580.0,2024-04-04
2024040401027976,MKHC,5,42,10.0,326.0,3260.0,2024-04-04
2024040401027975,AVYAN,26,56,15.0,705.0,10575.0,2024-04-04
2024040403014471,SMFBS,84,44,20.0,1205.2,24104.0,2024-04-04
2024040401027974,SANIMA,51,4,11.0,234.0,2574.0,2024-04-04
2024040401027973,SANIMA,58,4,500.0,234.0,117000.0,2024-04-04
2024040401027972,SANIMA,58,4,500.0,234.0,117000.0,2024-04-04
2024040401027971,SANIMA,5,4,40.0,234.0,9360.0,2024-04-04
2024040401027970,SANIMA,52,4,334.0,234.0,78156.0,2024-04-04
2024040401027969,SANIMA,57,4,73.0,234.1,17089.3,2024-04-04
2024040401027968,PBLD84,13,57,35.0,1030.0,36050.0,2024-04-04
2024040403014470,SJLIC,43,91,10.0,514.0,5140.0,2024-04-04
2024040403014469,SJLIC,57,91,18.0,514.0,9252.0,2024-04-04
2024040403014468,SJLIC,13,91,40.0,514.1,20564.0,2024-04-04
2024040404008142,DHPL,58,13,10.0,193.0,1930.0,2024-04-04
2024040401027967,JBLB,49,43,20.0,1356.0,27120.0,2024-04-04
2024040401027966,JBLB,16,43,10.0,1356.0,13560.0,2024-04-04
2024040404008141,AHPC,43,49,43.0,170.8,7344.4,2024-04-04
2024040404008140,AHPC,43,48,100.0,170.8,17080.0,2024-04-04
2024040403014467,MFIL,62,62,200.0,495.1,99020.0,2024-04-04
2024040401027965,ILI,22,22,10.0,524.0,5240.0,2024-04-04
2024040404008139,LEC,46,45,170.0,179.8,30566.0,2024-04-04
2024040403014466,MERO,34,1,11.0,654.0,7194.0,2024-04-04
2024040403014465,VLBS,57,49,13.0,779.0,10127.0,2024-04-04
2024040403014464,VLBS,57,14,22.0,779.0,17138.0,2024-04-04
2024040401027964,NICA,56,5,78.0,398.5,31083.0,2024-04-04
2024040401027963,SARBTM,59,53,10.0,843.0,8430.0,2024-04-04
2024040401027962,SARBTM,58,53,20.0,843.0,16860.0,2024-04-04
2024040401027961,SARBTM,17,53,20.0,843.0,16860.0,2024-04-04
2024040403014463,SFCL,33,32,10.0,312.8,3128.0,2024-04-04
2024040405004134,NTC,4,17,14.0,833.9,11674.6,2024-04-04
2024040401027960,SMHL,33,36,30.0,433.1,12993.0,2024-04-04
2024040401027959,SAHAS,36,19,10.0,515.0,5150.0,2024-04-04
2024040401027958,SAHAS,36,41,40.0,514.0,20560.0,2024-04-04
2024040404008138,SHL,47,41,300.0,437.8,131340.0,2024-04-04
2024040404008137,UNHPL,38,19,50.0,228.0,11400.0,2024-04-04
2024040404008136,UNHPL,48,19,43.0,228.0,9804.0,2024-04-04
2024040404008135,UNHPL,4,19,390.0,228.0,88920.0,2024-04-04
2024040403014462,ILBS,62,36,42.0,950.0,39900.0,2024-04-04
2024040403014461,ILBS,62,58,19.0,950.0,18050.0,2024-04-04
2024040403014460,ILBS,62,58,19.0,950.0,18050.0,2024-04-04
2024040404008134,AHPC,34,22,32.0,170.5,5456.0,2024-04-04
2024040401027957,MKHC,60,42,210.0,325.1,68271.0,2024-04-04
2024040401027956,MKHC,35,42,90.0,325.1,29259.0,2024-04-04
2024040404008133,RIDI,37,41,450.0,174.9,78705.0,2024-04-04
2024040404008132,RIDI,37,36,50.0,174.4,8720.0,2024-04-04
2024040404008131,LEC,14,45,250.0,179.8,44950.0,2024-04-04
2024040401027955,KBL,16,32,100.0,136.0,13600.0,2024-04-04
2024040405004133,NRIC,33,34,90.0,703.0,63270.0,2024-04-04
2024040405004132,NRIC,45,21,10.0,703.5,7035.0,2024-04-04
2024040401027954,SARBTM,17,25,80.0,843.0,67440.0,2024-04-04
2024040401027953,SARBTM,22,25,10.0,843.0,8430.0,2024-04-04
2024040401027952,SARBTM,32,25,20.0,843.0,16860.0,2024-04-04
2024040401027951,SARBTM,22,25,30.0,843.0,25290.0,2024-04-04
2024040401027950,SIKLES,45,72,10.0,504.0,5040.0,2024-04-04
2024040404008130,GHL,53,32,1000.0,149.8,149800.0,2024-04-04
2024040401027949,NICA,57,43,6.0,400.0,2400.0,2024-04-04
2024040401027948,NICA,48,43,50.0,400.0,20000.0,2024-04-04
2024040403014459,NABBC,49,22,10.0,414.0,4140.0,2024-04-04
2024040401027947,CYCL,11,49,10.0,1466.3,14663.0,2024-04-04
2024040401027946,KDL,37,47,50.0,777.0,38850.0,2024-04-04
2024040401027945,GCIL,35,95,50.0,493.1,24655.0,2024-04-04
2024040404008129,MEN,58,4,300.0,503.0,150900.0,2024-04-04
2024040401027944,SGHC,58,32,10.0,312.0,3120.0,2024-04-04
2024040401027943,NMB,37,22,10.0,177.8,1778.0,2024-04-04
2024040404008128,NHPC,40,41,100.0,145.4,14540.0,2024-04-04
2024040403014458,FMDBL,7,14,13.0,637.0,8281.0,2024-04-04
2024040405004131,HRL,49,74,40.0,590.2,23608.0,2024-04-04
2024040405004130,HRL,57,74,460.0,590.3,271538.0,2024-04-04
2024040403014457,SADBL,3,6,320.0,288.2,92224.0,2024-04-04
2024040403014456,SADBL,35,6,100.0,288.2,28820.0,2024-04-04
2024040403014455,SADBL,45,6,80.0,288.2,23056.0,2024-04-04
2024040405004129,HRL,57,52,225.0,590.3,132817.5,2024-04-04
2024040405004128,HRL,29,52,75.0,591.0,44325.0,2024-04-04
2024040401027942,RNLI,54,36,40.0,431.2,17248.0,2024-04-04
2024040401027941,RNLI,5,36,17.0,431.5,7335.5,2024-04-04
2024040404008127,AKJCL,49,33,130.0,213.9,27807.0,2024-04-04
2024040404008126,AKJCL,49,57,70.0,213.9,14973.0,2024-04-04
2024040404008125,CGH,42,1,40.0,808.0,32320.0,2024-04-04
2024040404008124,API,58,57,100.0,173.4,17340.0,2024-04-04
2024040401027940,LSL,22,44,10.0,154.7,1547.0,2024-04-04
2024040403014454,SWMF,82,42,150.0,765.0,114750.0,2024-04-04
2024040404008123,HEI,16,8,50.0,569.0,28450.0,2024-04-04
2024040404008122,HEI,16,48,50.0,569.0,28450.0,2024-04-04
2024040401027939,DOLTI,16,58,20.0,436.5,8730.0,2024-04-04
2024040401027938,HDL,34,58,12.0,1484.0,17808.0,2024-04-04
2024040401027937,HHL,39,25,160.0,373.0,59680.0,2024-04-04
2024040401027936,HHL,58,25,100.0,373.2,37320.0,2024-04-04
2024040401027935,HHL,58,25,100.0,373.5,37350.0,2024-04-04
2024040404008121,SALICO,49,6,50.0,671.0,33550.0,2024-04-04
2024040401027934,SARBTM,22,49,50.0,843.0,42150.0,2024-04-04
2024040405004127,HRL,29,36,155.0,591.0,91605.0,2024-04-04
2024040405004126,HRL,29,42,100.0,591.0,59100.0,2024-04-04
2024040405004125,HRL,29,58,10.0,591.0,5910.0,2024-04-04
2024040405004124,HRL,29,49,20.0,591.0,11820.0,2024-04-04
2024040405004123,HRL,29,59,140.0,591.0,82740.0,2024-04-04
2024040401027933,PPL,19,58,10.0,553.1,5531.0,2024-04-04
2024040404008120,CGH,42,58,210.0,808.0,169680.0,2024-04-04
2024040401027932,MBJC,91,55,70.0,305.0,21350.0,2024-04-04
2024040401027931,MBJC,44,55,45.0,305.1,13729.5,2024-04-04
2024040401027930,MBJC,25,55,340.0,305.1,103734.0,2024-04-04
2024040405004122,NRIC,63,21,20.0,703.5,14070.0,2024-04-04
2024040403014453,SIFC,42,36,10.0,361.9,3619.0,2024-04-04
2024040403014452,NICLBSL,34,55,10.0,629.9,6299.0,2024-04-04
2024040403014451,NICLBSL,34,19,30.0,627.0,18810.0,2024-04-04
2024040403014450,CBBL,81,44,45.0,848.0,38160.0,2024-04-04
2024040404008119,TRH,4,49,30.0,773.9,23217.0,2024-04-04
2024040404008118,SJCL,51,50,80.0,278.0,22240.0,2024-04-04
2024040401027929,SMH,11,1,10.0,653.0,6530.0,2024-04-04
2024040404008117,AKPL,17,46,50.0,174.0,8700.0,2024-04-04
2024040404008116,SGIC,29,43,200.0,522.0,104400.0,2024-04-04
2024040401027928,BNHC,44,32,10.0,459.9,4599.0,2024-04-04
2024040403014449,USLB,33,55,35.0,1600.0,56000.0,2024-04-04
2024040405004121,NIFRA,41,34,100.0,201.6,20160.0,2024-04-04
2024040404008115,RIDI,74,36,100.0,174.4,17440.0,2024-04-04
2024040401027927,SNLI,16,34,10.0,605.2,6052.0,2024-04-04
2024040401027926,NABIL,57,34,30.0,434.0,13020.0,2024-04-04
