transaction,symbol,buyer,seller,quantity,rate,amount,date
2025031903012890,SAPDBL,58,42,20.0,1180.0,23600.0,2025-03-19
2025031904013831,HPPL,89,58,446.0,604.4,269562.4,2025-03-19
2025031904013830,HPPL,42,58,100.0,605.0,60500.0,2025-03-19
2025031904013829,HPPL,60,58,46.0,605.0,27830.0,2025-03-19
2025031904013828,HPPL,48,58,20.0,605.0,12100.0,2025-03-19
2025031904013827,HPPL,3,58,228.0,605.2,137985.6,2025-03-19
2025031904013826,HPPL,29,58,160.0,609.0,97440.0,2025-03-19
2025031905012010,SONA,5,58,10.0,472.0,4720.0,2025-03-19
2025031901015891,DOLTI,57,58,10.0,677.0,6770.0,2025-03-19
2025031904013825,UNHPL,58,69,201.0,315.0,63315.0,2025-03-19
2025031904013824,UNHPL,58,44,99.0,315.0,31185.0,2025-03-19
2025031903012889,RSDC,39,55,10.0,713.0,7130.0,2025-03-19
2025031905012009,SONA,34,58,10.0,472.0,4720.0,2025-03-19
2025031901015890,MKJC,34,18,210.0,557.9,117159.0,2025-03-19
2025031901015889,MKJC,34,14,700.0,557.8,390460.0,2025-03-19
2025031901015888,MKJC,34,34,90.0,556.9,50121.0,2025-03-19
2025031901015887,NWCL,34,19,31.0,979.0,30349.0,2025-03-19
2025031904013823,UMHL,11,13,10.0,438.8,4388.0,2025-03-19
2025031901015886,JBLB,52,51,95.0,1354.9,128715.5,2025-03-19
2025031901015885,KBL,28,43,1280.0,206.0,263680.0,2025-03-19
2025031903012888,RLFL,57,50,10.0,530.0,5300.0,2025-03-19
2025031901015884,ULBSL,62,41,10.0,3670.0,36700.0,2025-03-19
2025031901015883,ULBSL,62,26,10.0,3669.0,36690.0,2025-03-19
2025031904013822,NICL,44,51,50.0,995.1,49755.0,2025-03-19
2025031901015882,BEDC,6,38,10.0,948.0,9480.0,2025-03-19
2025031903012887,GBLBS,42,6,50.0,818.0,40900.0,2025-03-19
2025031903012886,GBLBS,44,6,10.0,818.1,8181.0,2025-03-19
2025031901015881,USHEC,6,59,10.0,625.0,6250.0,2025-03-19
2025031901015880,SARBTM,38,6,10.0,807.0,8070.0,2025-03-19
2025031903012885,ICFC,50,26,10.0,627.0,6270.0,2025-03-19
2025031905012008,SAHAS,21,50,300.0,506.2,151860.0,2025-03-19
2025031901015879,SPHL,60,55,20.0,781.3,15626.0,2025-03-19
2025031901015878,SPHL,60,10,10.0,779.9,7799.0,2025-03-19
2025031901015877,SPHL,60,10,10.0,779.0,7790.0,2025-03-19
2025031901015876,SPHL,60,66,90.0,776.0,69840.0,2025-03-19
2025031903012884,SAPDBL,19,92,159.0,1166.0,185394.0,2025-03-19
2025031903012883,SAPDBL,66,92,11.0,1170.0,12870.0,2025-03-19
2025031903012882,SAPDBL,96,92,340.0,1179.9,401166.0,2025-03-19
2025031905012007,NIFRA,60,45,10.0,268.0,2680.0,2025-03-19
2025031904013821,MEN,40,46,326.0,589.3,192111.8,2025-03-19
2025031904013820,MEN,58,46,10.0,589.4,5894.0,2025-03-19
2025031904013819,MEN,42,46,43.0,589.6,25352.8,2025-03-19
2025031904013818,MEN,49,46,1000.0,589.7,589700.0,2025-03-19
2025031904013817,MEN,48,46,68.0,589.8,40106.4,2025-03-19
2025031904013816,MEN,45,46,189.0,589.9,111491.1,2025-03-19
2025031905012006,NRIC,38,55,100.0,1282.1,128210.0,2025-03-19
2025031901015875,HIDCLP,59,44,10.0,176.8,1768.0,2025-03-19
2025031901015874,NYADI,48,19,10.0,584.2,5842.0,2025-03-19
2025031904013815,SPIL,59,29,10.0,856.9,8569.0,2025-03-19
2025031901015873,ULHC,90,57,10.0,519.9,5199.0,2025-03-19
2025031904013814,HPPL,58,26,1000.0,612.0,612000.0,2025-03-19
2025031901015872,RHGCL,80,57,10.0,573.0,5730.0,2025-03-19
2025031905012005,CIT,44,8,25.0,1974.5,49362.5,2025-03-19
2025031901015871,SBI,44,51,330.0,416.9,137577.0,2025-03-19
2025031901015870,SBI,44,34,300.0,416.0,124800.0,2025-03-19
2025031901015869,SBI,44,57,10.0,416.0,4160.0,2025-03-19
2025031904013813,NICL,44,29,141.0,994.0,140154.0,2025-03-19
2025031904013812,UMRH,69,8,10.0,643.9,6439.0,2025-03-19
2025031903012881,PMLI,1,58,10.0,578.9,5789.0,2025-03-19
2025031903012880,NABBC,69,38,30.0,1955.0,58650.0,2025-03-19
2025031901015868,NMB,42,54,5000.0,252.0,1260000.0,2025-03-19
2025031903012879,SKBBL,13,49,170.0,809.0,137530.0,2025-03-19
2025031905012004,SMJC,65,42,50.0,615.0,30750.0,2025-03-19
2025031905012003,CLI,38,48,25.0,515.5,12887.5,2025-03-19
2025031901015867,NESDO,66,57,10.0,1844.0,18440.0,2025-03-19
2025031901015866,NESDO,66,58,10.0,1840.0,18400.0,2025-03-19
2025031901015865,NESDO,66,17,25.0,1835.0,45875.0,2025-03-19
2025031904013811,NLG,66,5,160.0,870.0,139200.0,2025-03-19
2025031904013810,NLG,66,45,50.0,870.0,43500.0,2025-03-19
2025031904013809,NLG,66,97,200.0,870.0,174000.0,2025-03-19
2025031904013808,NLG,66,87,280.0,869.0,243320.0,2025-03-19
2025031904013807,NLG,66,35,300.0,866.0,259800.0,2025-03-19
2025031904013806,NLG,66,11,10.0,866.0,8660.0,2025-03-19
2025031905012002,CHDC,66,14,90.0,2299.9,206991.0,2025-03-19
2025031905012001,CHDC,66,19,250.0,2299.8,574950.0,2025-03-19
2025031905012000,CHDC,66,95,160.0,2299.0,367840.0,2025-03-19
2025031905011999,SHIVM,40,45,200.0,536.2,107240.0,2025-03-19
2025031905011998,HIDCL,45,48,15.0,266.0,3990.0,2025-03-19
2025031905011997,HIDCL,45,35,35.0,266.0,9310.0,2025-03-19
2025031905011996,HRL,45,46,10.0,977.0,9770.0,2025-03-19
2025031904013805,API,45,49,95.0,274.9,26115.5,2025-03-19
2025031904013804,API,45,45,70.0,274.9,19243.0,2025-03-19
2025031904013803,API,45,55,35.0,274.8,9618.0,2025-03-19
2025031903012878,SADBL,45,34,10.0,411.9,4119.0,2025-03-19
2025031903012877,NABBC,20,38,50.0,1955.0,97750.0,2025-03-19
2025031903012876,NABBC,20,8,50.0,1955.0,97750.0,2025-03-19
2025031903012875,SAPDBL,21,42,10.0,1180.0,11800.0,2025-03-19
2025031901015864,MKJC,21,34,107.0,556.9,59588.3,2025-03-19
2025031901015863,MKJC,21,14,90.0,556.0,50040.0,2025-03-19
2025031903012874,MSLB,91,47,10.0,1332.0,13320.0,2025-03-19
2025031903012873,NABBC,77,21,11.0,1954.1,21495.1,2025-03-19
2025031905011995,SONA,49,58,10.0,471.1,4711.0,2025-03-19
2025031905011994,SEF,6,8,2000.0,9.85,19700.0,2025-03-19
2025031901015862,MAKAR,14,28,20.0,723.0,14460.0,2025-03-19
2025031903012872,NLIC,81,39,10.0,775.0,7750.0,2025-03-19
2025031901015861,MMKJL,58,91,500.0,724.0,362000.0,2025-03-19
2025031901015860,NICA,56,25,40.0,372.1,14884.0,2025-03-19
2025031905011993,CHDC,39,95,40.0,2299.0,91960.0,2025-03-19
2025031905011992,CHDC,39,71,10.0,2298.0,22980.0,2025-03-19
2025031905011991,CHDC,39,35,50.0,2298.0,114900.0,2025-03-19
2025031901015859,BEDC,25,70,10.0,949.0,9490.0,2025-03-19
2025031901015858,ANLB,39,45,10.0,5136.0,51360.0,2025-03-19
2025031903012871,NLICL,65,41,50.0,639.0,31950.0,2025-03-19
2025031903012870,FMDBL,34,42,10.0,782.0,7820.0,2025-03-19
2025031901015857,GMLI,55,41,100.0,1942.0,194200.0,2025-03-19
2025031903012869,CBBL,57,33,18.0,861.6,15508.8,2025-03-19
2025031901015856,RHGCL,34,57,10.0,573.0,5730.0,2025-03-19
2025031903012868,ALICL,34,8,15.0,738.9,11083.5,2025-03-19
2025031904013802,RHPL,52,92,50.0,399.9,19995.0,2025-03-19
2025031904013801,SPIL,57,29,10.0,856.9,8569.0,2025-03-19
2025031901015855,MKHC,57,47,123.0,540.0,66420.0,2025-03-19
2025031901015854,MKHC,57,22,177.0,539.9,95562.3,2025-03-19
2025031903012867,SWMF,42,57,11.0,747.2,8219.2,2025-03-19
2025031903012866,NABBC,28,25,17.0,1952.7,33195.9,2025-03-19
2025031903012865,NABBC,28,58,20.0,1952.7,39054.0,2025-03-19
2025031903012864,NABBC,28,65,10.0,1952.6,19526.0,2025-03-19
2025031903012863,NABBC,28,58,325.0,1950.0,633750.0,2025-03-19
2025031903012862,NABBC,28,7,50.0,1950.0,97500.0,2025-03-19
2025031903012861,NABBC,28,42,240.0,1950.0,468000.0,2025-03-19
2025031903012860,NABBC,28,96,100.0,1950.0,195000.0,2025-03-19
2025031903012859,NABBC,28,41,120.0,1949.5,233940.0,2025-03-19
2025031903012858,NABBC,28,42,20.0,1948.9,38978.0,2025-03-19
2025031903012857,NABBC,28,56,30.0,1948.1,58443.0,2025-03-19
2025031903012856,NABBC,28,20,80.0,1948.0,155840.0,2025-03-19
2025031901015853,NYADI,62,39,10.0,583.0,5830.0,2025-03-19
2025031901015852,MAKAR,62,28,20.0,723.0,14460.0,2025-03-19
2025031901015851,ULHC,4,57,10.0,519.9,5199.0,2025-03-19
2025031905011990,SAHAS,40,57,70.0,506.5,35455.0,2025-03-19
2025031901015850,BEDC,53,88,10.0,798.0,7980.0,2025-03-19
2025031901015849,SBL,50,58,25.0,287.0,7175.0,2025-03-19
2025031904013800,JOSHI,6,19,50.0,376.9,18845.0,2025-03-19
2025031904013799,JOSHI,6,32,45.0,375.9,16915.5,2025-03-19
2025031901015848,MAKAR,60,28,90.0,723.0,65070.0,2025-03-19
2025031901015847,MAKAR,60,40,10.0,723.0,7230.0,2025-03-19
2025031905011989,SMJC,60,42,22.0,615.0,13530.0,2025-03-19
2025031903012855,MLBBL,58,35,60.0,1980.0,118800.0,2025-03-19
2025031903012854,CORBL,71,22,10.0,1874.7,18747.0,2025-03-19
2025031905011988,NIFRA,39,71,10.0,267.7,2677.0,2025-03-19
2025031905011987,NRN,6,74,18.0,1404.0,25272.0,2025-03-19
2025031905011986,NRN,6,42,92.0,1404.0,129168.0,2025-03-19
2025031904013798,DHPL,72,45,666.0,416.9,277655.4,2025-03-19
2025031904013797,DHPL,72,57,965.0,416.0,401440.0,2025-03-19
2025031904013796,DHPL,72,21,1000.0,415.0,415000.0,2025-03-19
2025031904013795,DHPL,72,58,35.0,415.0,14525.0,2025-03-19
2025031904013794,DHPL,72,29,1000.0,415.0,415000.0,2025-03-19
2025031904013793,DHPL,72,45,11.0,415.0,4565.0,2025-03-19
2025031904013792,DHPL,72,42,20.0,415.0,8300.0,2025-03-19
2025031904013791,DHPL,72,77,500.0,415.0,207500.0,2025-03-19
2025031904013790,DHPL,72,38,30.0,415.0,12450.0,2025-03-19
2025031904013789,DHPL,72,77,740.0,415.0,307100.0,2025-03-19
2025031904013788,DHPL,72,3,33.0,414.9,13691.7,2025-03-19
2025031903012853,SINDU,72,1,10.0,1089.0,10890.0,2025-03-19
2025031903012852,SINDU,72,35,20.0,1089.0,21780.0,2025-03-19
2025031903012851,SINDU,72,51,150.0,1085.0,162750.0,2025-03-19
2025031903012850,SINDU,72,1,20.0,1085.0,21700.0,2025-03-19
2025031903012849,SINDU,72,39,50.0,1082.0,54100.0,2025-03-19
2025031903012848,SINDU,72,48,88.0,1082.0,95216.0,2025-03-19
2025031905011985,NRIC,38,58,300.0,1282.1,384630.0,2025-03-19
2025031904013787,NLG,50,95,118.0,859.3,101397.4,2025-03-19
2025031904013786,NLG,41,95,10.0,862.0,8620.0,2025-03-19
2025031901015846,MEHL,43,82,300.0,561.0,168300.0,2025-03-19
2025031904013785,CHL,68,40,100.0,522.0,52200.0,2025-03-19
2025031904013784,CHL,68,49,200.0,522.0,104400.0,2025-03-19
2025031904013783,CHL,68,42,200.0,522.0,104400.0,2025-03-19
2025031904013782,CHL,68,19,125.0,522.0,65250.0,2025-03-19
2025031901015845,MEHL,90,82,10.0,565.0,5650.0,2025-03-19
2025031904013781,NHPC,74,38,10.0,212.8,2128.0,2025-03-19
2025031904013780,SJCL,42,74,200.0,330.7,66140.0,2025-03-19
2025031904013779,SJCL,26,74,200.0,330.7,66140.0,2025-03-19
2025031903012847,SINDU,44,44,54.0,1080.0,58320.0,2025-03-19
2025031903012846,SLBSL,46,26,20.0,2152.0,43040.0,2025-03-19
2025031904013778,IGI,44,26,10.0,597.0,5970.0,2025-03-19
2025031904013777,RIDI,17,45,1500.0,225.5,338250.0,2025-03-19
2025031903012845,NABBC,69,20,20.0,1948.0,38960.0,2025-03-19
2025031905011984,HIDCL,1,35,10.0,266.0,2660.0,2025-03-19
2025031901015844,NESDO,1,17,25.0,1835.0,45875.0,2025-03-19
2025031901015843,NYADI,1,39,10.0,583.0,5830.0,2025-03-19
2025031901015842,BNT,13,80,13.0,13249.0,172237.0,2025-03-19
2025031901015841,EHPL,42,45,60.0,768.0,46080.0,2025-03-19
2025031901015840,ULHC,42,42,10.0,519.9,5199.0,2025-03-19
2025031904013776,UPCL,65,57,567.0,300.9,170610.3,2025-03-19
2025031904013775,UPCL,65,48,50.0,300.0,15000.0,2025-03-19
2025031904013774,UPCL,65,25,100.0,300.0,30000.0,2025-03-19
2025031904013773,UPCL,65,21,300.0,300.0,90000.0,2025-03-19
2025031904013772,UPCL,65,17,580.0,300.0,174000.0,2025-03-19
2025031904013771,UPCL,65,35,200.0,300.0,60000.0,2025-03-19
2025031904013770,UPCL,65,77,100.0,299.9,29990.0,2025-03-19
2025031904013769,UPCL,65,77,50.0,299.7,14985.0,2025-03-19
2025031904013768,UPCL,65,1,53.0,299.3,15862.9,2025-03-19
2025031903012844,FMDBL,4,65,100.0,777.0,77700.0,2025-03-19
2025031901015839,SMHL,65,91,170.0,985.0,167450.0,2025-03-19
2025031901015838,SMHL,65,49,10.0,980.0,9800.0,2025-03-19
2025031901015837,SMHL,65,34,50.0,979.0,48950.0,2025-03-19
2025031901015836,SMHL,65,81,10.0,978.0,9780.0,2025-03-19
2025031901015835,SMHL,65,44,60.0,975.0,58500.0,2025-03-19
2025031901015834,SMHL,65,65,50.0,974.9,48745.0,2025-03-19
2025031901015833,SMHL,65,19,50.0,974.8,48740.0,2025-03-19
2025031901015832,SMHL,65,33,100.0,974.1,97410.0,2025-03-19
2025031901015831,SMHL,65,65,210.0,974.0,204540.0,2025-03-19
2025031901015830,SMHL,65,51,15.0,974.0,14610.0,2025-03-19
2025031901015829,SMHL,65,81,50.0,973.0,48650.0,2025-03-19
2025031901015828,SMHL,65,57,200.0,970.0,194000.0,2025-03-19
2025031901015827,SMHL,65,57,100.0,970.0,97000.0,2025-03-19
2025031901015826,SMHL,65,1,200.0,970.0,194000.0,2025-03-19
2025031901015825,SMHL,65,99,150.0,970.0,145500.0,2025-03-19
2025031901015824,SMHL,65,19,20.0,969.9,19398.0,2025-03-19
2025031901015823,SMHL,65,42,55.0,966.0,53130.0,2025-03-19
2025031901015822,SMHL,65,22,500.0,965.0,482500.0,2025-03-19
2025031901015821,MHCL,65,38,13.0,554.8,7212.4,2025-03-19
2025031901015820,MHCL,65,65,100.0,554.8,55480.0,2025-03-19
2025031901015819,MHCL,65,58,10.0,554.0,5540.0,2025-03-19
2025031901015818,MHCL,65,58,77.0,554.0,42658.0,2025-03-19
2025031901015817,MMKJL,77,58,50.0,723.9,36195.0,2025-03-19
2025031901015816,MKHC,56,22,10.0,539.9,5399.0,2025-03-19
2025031901015815,MKJC,29,14,10.0,556.0,5560.0,2025-03-19
2025031901015814,EHPL,56,45,56.0,768.0,43008.0,2025-03-19
2025031901015813,EHPL,56,48,44.0,758.0,33352.0,2025-03-19
2025031903012843,SMPDA,38,55,10.0,966.0,9660.0,2025-03-19
2025031905011983,HATHY,38,39,20.0,1327.0,26540.0,2025-03-19
2025031905011982,HATHY,38,54,20.0,1325.0,26500.0,2025-03-19
2025031905011981,HATHY,38,52,40.0,1325.0,53000.0,2025-03-19
2025031901015812,BHL,49,55,100.0,335.9,33590.0,2025-03-19
2025031901015811,SNLI,49,60,10.0,665.0,6650.0,2025-03-19
2025031903012842,CORBL,72,7,110.0,1874.6,206206.0,2025-03-19
2025031903012841,MLBL,51,7,25.0,418.0,10450.0,2025-03-19
2025031903012840,SAPDBL,96,72,10.0,1179.9,11799.0,2025-03-19
2025031903012839,SAPDBL,96,22,80.0,1177.5,94200.0,2025-03-19
2025031903012838,SAPDBL,96,52,10.0,1171.0,11710.0,2025-03-19
2025031903012837,SAPDBL,96,63,20.0,1170.0,23400.0,2025-03-19
2025031903012836,SAPDBL,96,75,200.0,1170.0,234000.0,2025-03-19
2025031903012835,SAPDBL,96,75,300.0,1170.0,351000.0,2025-03-19
2025031903012834,SAPDBL,96,62,40.0,1169.8,46792.0,2025-03-19
2025031905011980,HATHY,47,52,10.0,1325.0,13250.0,2025-03-19
2025031903012833,MLBSL,45,40,10.0,2279.0,22790.0,2025-03-19
2025031903012832,RLFL,38,36,172.0,529.0,90988.0,2025-03-19
2025031903012831,RLFL,57,36,100.0,529.0,52900.0,2025-03-19
2025031903012830,RLFL,28,36,22.0,529.0,11638.0,2025-03-19
2025031903012829,CORBL,20,22,30.0,1874.7,56241.0,2025-03-19
2025031901015810,AHL,21,39,10.0,711.0,7110.0,2025-03-19
2025031901015809,BEDC,64,63,148.0,960.0,142080.0,2025-03-19
2025031901015808,BEDC,64,43,1415.0,960.0,1358400.0,2025-03-19
2025031901015807,BEDC,64,6,100.0,950.0,95000.0,2025-03-19
2025031901015806,BEDC,64,58,510.0,950.0,484500.0,2025-03-19
2025031901015805,BEDC,64,6,500.0,852.8,426400.0,2025-03-19
2025031901015804,BEDC,64,43,10.0,852.8,8528.0,2025-03-19
2025031901015803,BEDC,64,49,100.0,852.7,85270.0,2025-03-19
2025031901015802,BEDC,64,45,10.0,852.7,8527.0,2025-03-19
2025031901015801,BEDC,64,28,177.0,852.0,150804.0,2025-03-19
2025031901015800,BEDC,64,49,20.0,852.0,17040.0,2025-03-19
2025031901015799,BEDC,64,45,1000.0,852.0,852000.0,2025-03-19
2025031901015798,BEDC,64,10,10.0,852.0,8520.0,2025-03-19
2025031901015797,BEDC,64,38,500.0,840.0,420000.0,2025-03-19
2025031901015796,BEDC,64,70,500.0,840.0,420000.0,2025-03-19
2025031901015795,NBL,5,25,50.0,251.0,12550.0,2025-03-19
2025031901015794,ULHC,14,54,10.0,519.9,5199.0,2025-03-19
2025031905011979,NRIC,49,14,604.0,1282.0,774328.0,2025-03-19
2025031903012828,SINDU,44,39,135.0,1080.0,145800.0,2025-03-19
2025031903012827,SINDU,36,39,95.0,1080.0,102600.0,2025-03-19
2025031903012826,SINDU,41,39,20.0,1081.0,21620.0,2025-03-19
2025031903012825,SINDU,57,39,10.0,1081.0,10810.0,2025-03-19
2025031903012824,SINDU,47,39,50.0,1081.1,54055.0,2025-03-19
2025031905011978,HIDCL,34,35,455.0,266.0,121030.0,2025-03-19
2025031905011977,HIDCL,34,32,45.0,266.0,11970.0,2025-03-19
2025031905011976,HRL,57,34,10.0,976.8,9768.0,2025-03-19
2025031905011975,NRN,99,42,10.0,1404.0,14040.0,2025-03-19
2025031901015793,SARBTM,62,34,700.0,815.0,570500.0,2025-03-19
2025031901015792,SARBTM,62,59,1500.0,815.0,1222500.0,2025-03-19
2025031901015791,SARBTM,62,48,55.0,815.0,44825.0,2025-03-19
2025031901015790,SARBTM,62,52,100.0,812.9,81290.0,2025-03-19
2025031901015789,SARBTM,62,84,300.0,812.0,243600.0,2025-03-19
2025031901015788,SARBTM,62,38,70.0,810.0,56700.0,2025-03-19
2025031901015787,SARBTM,62,17,50.0,810.0,40500.0,2025-03-19
2025031901015786,SARBTM,62,48,100.0,810.0,81000.0,2025-03-19
2025031901015785,SARBTM,62,35,1070.0,810.0,866700.0,2025-03-19
2025031901015784,SARBTM,62,62,145.0,810.0,117450.0,2025-03-19
2025031901015783,SARBTM,62,38,600.0,809.9,485940.0,2025-03-19
2025031901015782,SARBTM,62,45,810.0,807.0,653670.0,2025-03-19
2025031901015781,MSHL,62,14,10.0,950.0,9500.0,2025-03-19
2025031901015780,MSHL,62,58,50.0,949.0,47450.0,2025-03-19
2025031901015779,ULHC,57,54,20.0,519.9,10398.0,2025-03-19
2025031901015778,SGHC,45,36,100.0,486.4,48640.0,2025-03-19
2025031901015777,SGHC,8,36,50.0,486.5,24325.0,2025-03-19
2025031903012823,MLBBL,58,58,100.0,1985.0,198500.0,2025-03-19
2025031903012822,MLBBL,58,45,50.0,1703.4,85170.0,2025-03-19
2025031903012821,MLBBL,58,34,200.0,1703.2,340640.0,2025-03-19
2025031903012820,MLBBL,58,46,50.0,1703.2,85160.0,2025-03-19
2025031903012819,MLBBL,58,39,190.0,1703.2,323608.0,2025-03-19
2025031903012818,MLBBL,58,42,40.0,1703.2,68128.0,2025-03-19
2025031903012817,MLBBL,58,33,200.0,1703.0,340600.0,2025-03-19
2025031903012816,MLBBL,58,43,200.0,1703.0,340600.0,2025-03-19
2025031903012815,MLBBL,58,33,100.0,1703.0,170300.0,2025-03-19
2025031903012814,MLBBL,58,8,35.0,1703.0,59605.0,2025-03-19
2025031903012813,MLBBL,58,5,25.0,1703.0,42575.0,2025-03-19
2025031903012812,MLBBL,58,4,70.0,1703.0,119210.0,2025-03-19
2025031903012811,MLBBL,58,6,100.0,1703.0,170300.0,2025-03-19
2025031903012810,MLBBL,58,46,100.0,1703.0,170300.0,2025-03-19
2025031903012809,MLBBL,58,48,100.0,1702.3,170230.0,2025-03-19
2025031903012808,MLBBL,58,60,500.0,1702.0,851000.0,2025-03-19
2025031903012807,MLBBL,58,45,50.0,1702.0,85100.0,2025-03-19
2025031903012806,MLBBL,58,22,100.0,1702.0,170200.0,2025-03-19
2025031903012805,MLBBL,58,26,50.0,1702.0,85100.0,2025-03-19
2025031903012804,MLBBL,58,4,30.0,1702.0,51060.0,2025-03-19
2025031903012803,MLBBL,58,1,120.0,1701.3,204156.0,2025-03-19
2025031903012802,MLBBL,58,4,30.0,1701.0,51030.0,2025-03-19
2025031903012801,MLBBL,58,5,10.0,1701.0,17010.0,2025-03-19
2025031903012800,MLBBL,58,47,15.0,1701.0,25515.0,2025-03-19
2025031903012799,MLBBL,58,55,19.0,1700.0,32300.0,2025-03-19
2025031903012798,MLBBL,58,39,20.0,1700.0,34000.0,2025-03-19
2025031903012797,MLBBL,58,44,150.0,1700.0,255000.0,2025-03-19
2025031903012796,MLBBL,58,4,100.0,1700.0,170000.0,2025-03-19
2025031903012795,MLBBL,58,4,50.0,1699.3,84965.0,2025-03-19
2025031903012794,MLBBL,58,62,580.0,1699.0,985420.0,2025-03-19
2025031903012793,MLBBL,58,29,25.0,1695.9,42397.5,2025-03-19
2025031903012792,MLBBL,58,19,50.0,1694.0,84700.0,2025-03-19
2025031903012791,MLBBL,58,58,500.0,1694.0,847000.0,2025-03-19
2025031903012790,MLBBL,58,37,100.0,1694.0,169400.0,2025-03-19
2025031903012789,MLBBL,58,37,100.0,1694.0,169400.0,2025-03-19
2025031903012788,MLBBL,58,55,50.0,1694.0,84700.0,2025-03-19
2025031903012787,MLBBL,58,62,100.0,1694.0,169400.0,2025-03-19
2025031903012786,MLBBL,58,16,50.0,1694.0,84700.0,2025-03-19
2025031903012785,MLBBL,58,19,30.0,1692.9,50787.0,2025-03-19
2025031903012784,MLBBL,58,19,30.0,1692.9,50787.0,2025-03-19
2025031903012783,MLBBL,58,19,50.0,1691.9,84595.0,2025-03-19
2025031903012782,MLBBL,58,57,29.0,1688.0,48952.0,2025-03-19
2025031903012781,MLBBL,58,39,515.0,1688.0,869320.0,2025-03-19
2025031903012780,MLBBL,58,63,15.0,1682.0,25230.0,2025-03-19
2025031903012779,MLBBL,58,58,7548.0,1670.0,12605160.0,2025-03-19
2025031905011974,SHIVM,34,35,450.0,536.3,241335.0,2025-03-19
2025031903012778,CORBL,72,22,10.0,1874.7,18747.0,2025-03-19
2025031905011973,MEL,55,22,153.0,331.0,50643.0,2025-03-19
2025031905011972,MEL,55,63,10.0,331.0,3310.0,2025-03-19
2025031905011971,MEL,55,41,10.0,330.0,3300.0,2025-03-19
2025031905011970,MEL,55,38,100.0,330.0,33000.0,2025-03-19
2025031905011969,MEL,55,85,200.0,330.0,66000.0,2025-03-19
2025031905011968,MEL,55,6,10.0,330.0,3300.0,2025-03-19
2025031905011967,MEL,55,58,10.0,330.0,3300.0,2025-03-19
2025031905011966,MEL,55,38,10.0,330.0,3300.0,2025-03-19
2025031905011965,MEL,55,38,10.0,330.0,3300.0,2025-03-19
2025031905011964,MEL,55,49,10.0,330.0,3300.0,2025-03-19
2025031905011963,MEL,55,47,10.0,330.0,3300.0,2025-03-19
2025031905011962,MEL,55,1,1000.0,329.8,329800.0,2025-03-19
2025031905011961,MEL,55,41,475.0,329.7,156607.5,2025-03-19
2025031905011960,MEL,55,59,35.0,329.0,11515.0,2025-03-19
2025031905011959,MEL,55,57,500.0,329.0,164500.0,2025-03-19
2025031905011958,MEL,55,13,10.0,329.0,3290.0,2025-03-19
2025031905011957,MEL,55,3,10.0,329.0,3290.0,2025-03-19
2025031905011956,MEL,55,13,10.0,329.0,3290.0,2025-03-19
2025031905011955,MEL,55,49,100.0,329.0,32900.0,2025-03-19
2025031905011954,MEL,55,49,557.0,329.0,183253.0,2025-03-19
2025031905011953,MEL,55,58,490.0,328.8,161112.0,2025-03-19
2025031905011952,MEL,55,29,10.0,328.0,3280.0,2025-03-19
2025031905011951,MEL,55,70,910.0,328.0,298480.0,2025-03-19
2025031905011950,MEL,55,34,360.0,327.0,117720.0,2025-03-19
2025031901015776,PPL,32,50,54.0,531.8,28717.2,2025-03-19
2025031901015775,PPL,32,35,10.0,531.0,5310.0,2025-03-19
2025031901015774,PPL,32,10,10.0,531.0,5310.0,2025-03-19
2025031901015773,PPL,32,25,90.0,530.0,47700.0,2025-03-19
2025031901015772,PPL,32,91,10.0,530.0,5300.0,2025-03-19
2025031901015771,PPL,32,57,10.0,530.0,5300.0,2025-03-19
2025031901015770,PPL,32,41,10.0,530.0,5300.0,2025-03-19
2025031901015769,PPL,32,34,10.0,530.0,5300.0,2025-03-19
2025031901015768,PPL,32,52,10.0,530.0,5300.0,2025-03-19
2025031901015767,PPL,32,56,10.0,530.0,5300.0,2025-03-19
2025031901015766,PPL,32,40,60.0,529.7,31782.0,2025-03-19
2025031901015765,PPL,32,32,10.0,528.0,5280.0,2025-03-19
2025031901015764,PPL,32,34,61.0,528.0,32208.0,2025-03-19
2025031901015763,PPL,32,21,10.0,527.0,5270.0,2025-03-19
2025031901015762,PPL,32,45,10.0,527.0,5270.0,2025-03-19
2025031901015761,PPL,32,84,125.0,527.0,65875.0,2025-03-19
2025031903012777,LLBS,32,26,10.0,1095.0,10950.0,2025-03-19
2025031903012776,SADBL,43,34,10.0,411.9,4119.0,2025-03-19
2025031901015760,BGWT,74,57,10.0,1062.9,10629.0,2025-03-19
2025031903012775,NLIC,69,41,10.0,777.0,7770.0,2025-03-19
2025031905011949,HRL,57,58,10.0,976.8,9768.0,2025-03-19
2025031901015759,USHEC,38,59,160.0,625.0,100000.0,2025-03-19
2025031904013767,TRH,49,57,10.0,1094.9,10949.0,2025-03-19
2025031901015758,MKHL,3,7,20.0,701.0,14020.0,2025-03-19
2025031901015757,MKHL,10,7,100.0,701.1,70110.0,2025-03-19
2025031901015756,MKHC,56,22,13.0,539.9,7018.7,2025-03-19
2025031901015755,MKHC,56,28,120.0,539.9,64788.0,2025-03-19
2025031901015754,MKHC,56,42,100.0,538.0,53800.0,2025-03-19
2025031901015753,MKHC,56,10,50.0,536.0,26800.0,2025-03-19
2025031901015752,MKHC,56,47,10.0,536.0,5360.0,2025-03-19
2025031901015751,MKHC,56,16,100.0,535.0,53500.0,2025-03-19
2025031901015750,MKHC,56,48,300.0,535.0,160500.0,2025-03-19
2025031901015749,MKHC,56,29,10.0,535.0,5350.0,2025-03-19
2025031901015748,MKHC,56,19,100.0,534.9,53490.0,2025-03-19
2025031901015747,MKHC,56,7,77.0,534.0,41118.0,2025-03-19
2025031901015746,MKHC,56,28,120.0,533.9,64068.0,2025-03-19
2025031901015745,GMLI,55,81,10.0,1942.0,19420.0,2025-03-19
2025031901015744,MHL,42,38,61.0,760.0,46360.0,2025-03-19
2025031901015743,MHL,51,38,22.0,760.1,16722.2,2025-03-19
2025031901015742,MHL,34,38,17.0,765.0,13005.0,2025-03-19
2025031901015741,SBI,20,45,50.0,414.0,20700.0,2025-03-19
2025031905011948,GCIL,49,20,30.0,541.0,16230.0,2025-03-19
2025031905011947,GCIL,19,20,50.0,541.0,27050.0,2025-03-19
2025031905011946,GCIL,51,20,120.0,541.0,64920.0,2025-03-19
2025031901015740,MEHL,20,82,10.0,565.0,5650.0,2025-03-19
2025031901015739,MEHL,20,40,90.0,565.0,50850.0,2025-03-19
2025031901015738,ULHC,18,54,10.0,519.9,5199.0,2025-03-19
2025031904013766,UAIL,38,21,10.0,664.9,6649.0,2025-03-19
2025031904013765,CHL,77,19,75.0,522.0,39150.0,2025-03-19
2025031904013764,CHL,77,75,25.0,522.0,13050.0,2025-03-19
2025031901015737,BEDC,5,64,100.0,813.4,81340.0,2025-03-19
2025031901015736,BEDC,5,64,100.0,813.4,81340.0,2025-03-19
2025031901015735,BEDC,14,64,50.0,813.5,40675.0,2025-03-19
2025031901015734,BEDC,45,64,50.0,818.3,40915.0,2025-03-19
2025031901015733,BEDC,58,64,80.0,818.3,65464.0,2025-03-19
2025031901015732,BEDC,59,64,1000.0,818.3,818300.0,2025-03-19
2025031901015731,BEDC,62,64,500.0,818.3,409150.0,2025-03-19
2025031901015730,BEDC,17,64,30.0,818.3,24549.0,2025-03-19
2025031901015729,BEDC,7,64,10.0,818.3,8183.0,2025-03-19
2025031901015728,BEDC,64,64,600.0,818.3,490980.0,2025-03-19
2025031901015727,BEDC,25,64,700.0,818.3,572810.0,2025-03-19
2025031901015726,BEDC,94,64,1000.0,818.3,818300.0,2025-03-19
2025031901015725,BEDC,5,64,100.0,818.3,81830.0,2025-03-19
2025031901015724,BEDC,6,64,1000.0,818.3,818300.0,2025-03-19
2025031901015723,BEDC,41,64,250.0,818.3,204575.0,2025-03-19
2025031901015722,BEDC,45,64,500.0,818.3,409150.0,2025-03-19
2025031901015721,BEDC,41,64,240.0,818.3,196392.0,2025-03-19
2025031901015720,BEDC,51,64,60.0,818.3,49098.0,2025-03-19
2025031901015719,BEDC,34,64,15.0,818.3,12274.5,2025-03-19
2025031901015718,BEDC,8,64,200.0,818.3,163660.0,2025-03-19
2025031901015717,BEDC,34,64,200.0,818.4,163680.0,2025-03-19
2025031901015716,BEDC,58,64,100.0,818.5,81850.0,2025-03-19
2025031901015715,BEDC,48,64,500.0,819.0,409500.0,2025-03-19
2025031901015714,BEDC,26,64,10.0,819.0,8190.0,2025-03-19
2025031901015713,BEDC,8,64,45.0,819.3,36868.5,2025-03-19
2025031901015712,BEDC,38,64,500.0,819.4,409700.0,2025-03-19
2025031901015711,BEDC,71,64,300.0,819.4,245820.0,2025-03-19
2025031901015710,BEDC,34,64,50.0,820.0,41000.0,2025-03-19
2025031901015709,BEDC,6,64,100.0,820.0,82000.0,2025-03-19
2025031901015708,BEDC,38,64,100.0,820.0,82000.0,2025-03-19
2025031901015707,BEDC,14,64,100.0,820.0,82000.0,2025-03-19
2025031901015706,BEDC,48,64,300.0,820.0,246000.0,2025-03-19
2025031901015705,BEDC,39,64,90.0,820.0,73800.0,2025-03-19
2025031901015704,BEDC,6,64,60.0,820.1,49206.0,2025-03-19
2025031901015703,BEDC,88,64,200.0,820.3,164060.0,2025-03-19
2025031901015702,BEDC,57,64,200.0,821.0,164200.0,2025-03-19
2025031901015701,BEDC,42,64,100.0,821.3,82130.0,2025-03-19
2025031901015700,BEDC,6,64,10.0,823.2,8232.0,2025-03-19
2025031901015699,BEDC,53,64,40.0,823.2,32928.0,2025-03-19
2025031901015698,BEDC,41,64,500.0,823.2,411600.0,2025-03-19
2025031901015697,BEDC,25,64,200.0,823.2,164640.0,2025-03-19
2025031901015696,BEDC,58,64,20.0,823.2,16464.0,2025-03-19
2025031901015695,BEDC,5,64,100.0,823.2,82320.0,2025-03-19
2025031901015694,BEDC,5,64,100.0,823.2,82320.0,2025-03-19
2025031901015693,BEDC,5,64,100.0,823.2,82320.0,2025-03-19
2025031901015692,BEDC,58,64,2184.0,823.2,1797868.8,2025-03-19
2025031901015691,BEDC,57,64,50.0,823.3,41165.0,2025-03-19
2025031901015690,BEDC,34,64,700.0,823.5,576450.0,2025-03-19
2025031901015689,BEDC,58,64,50.0,823.5,41175.0,2025-03-19
2025031901015688,BEDC,32,64,50.0,824.0,41200.0,2025-03-19
2025031901015687,BEDC,42,64,10.0,824.0,8240.0,2025-03-19
2025031901015686,BEDC,42,64,10.0,824.1,8241.0,2025-03-19
2025031901015685,BEDC,50,64,10.0,825.0,8250.0,2025-03-19
2025031901015684,BEDC,32,64,50.0,825.0,41250.0,2025-03-19
2025031901015683,BEDC,32,64,50.0,830.0,41500.0,2025-03-19
2025031901015682,BEDC,57,64,90.0,836.1,75249.0,2025-03-19
2025031901015681,BEDC,44,64,100.0,837.0,83700.0,2025-03-19
2025031903012774,KMCDB,25,48,50.0,1071.0,53550.0,2025-03-19
2025031904013763,SSHL,28,33,100.0,233.6,23360.0,2025-03-19
2025031904013762,BARUN,34,34,10.0,507.9,5079.0,2025-03-19
2025031901015680,HHL,34,45,10.0,509.9,5099.0,2025-03-19
2025031905011945,NRIC,28,45,85.0,1283.0,109055.0,2025-03-19
2025031905011944,NRIC,28,1,15.0,1282.9,19243.5,2025-03-19
2025031903012773,SLBSL,62,66,50.0,2399.0,119950.0,2025-03-19
2025031903012772,SLBSL,62,74,200.0,2399.0,479800.0,2025-03-19
2025031903012771,SLBSL,62,96,130.0,2398.0,311740.0,2025-03-19
2025031903012770,SLBSL,62,57,10.0,2398.0,23980.0,2025-03-19
2025031903012769,SLBSL,62,95,10.0,2390.0,23900.0,2025-03-19
2025031903012768,SLBSL,62,17,100.0,2390.0,239000.0,2025-03-19
2025031903012767,ALBSL,62,28,10.0,850.0,8500.0,2025-03-19
2025031904013761,DHPL,74,62,860.0,410.1,352686.0,2025-03-19
2025031904013760,DHPL,91,62,500.0,410.2,205100.0,2025-03-19
2025031901015679,NIMB,57,57,250.0,214.6,53650.0,2025-03-19
2025031901015678,NIMB,57,22,25.0,214.6,5365.0,2025-03-19
2025031905011943,VLUCL,86,29,10.0,703.0,7030.0,2025-03-19
2025031905011942,VLUCL,86,41,10.0,703.0,7030.0,2025-03-19
2025031905011941,VLUCL,86,58,10.0,700.0,7000.0,2025-03-19
2025031905011940,VLUCL,86,41,10.0,700.0,7000.0,2025-03-19
2025031905011939,VLUCL,86,57,10.0,700.0,7000.0,2025-03-19
2025031905011938,VLUCL,86,49,90.0,700.0,63000.0,2025-03-19
2025031905011937,VLUCL,86,50,100.0,699.9,69990.0,2025-03-19
2025031905011936,VLUCL,86,58,10.0,698.0,6980.0,2025-03-19
2025031905011935,VLUCL,86,48,57.0,698.0,39786.0,2025-03-19
2025031905011934,VLUCL,86,38,40.0,697.9,27916.0,2025-03-19
2025031903012766,GRDBL,72,57,10.0,1437.6,14376.0,2025-03-19
2025031903012765,GRDBL,72,35,10.0,1437.0,14370.0,2025-03-19
2025031903012764,GRDBL,72,57,100.0,1437.0,143700.0,2025-03-19
2025031903012763,GRDBL,72,50,50.0,1436.0,71800.0,2025-03-19
2025031903012762,GRDBL,72,35,104.0,1435.0,149240.0,2025-03-19
2025031903012761,GRDBL,72,4,70.0,1434.9,100443.0,2025-03-19
2025031903012760,GRDBL,72,50,20.0,1434.5,28690.0,2025-03-19
2025031903012759,GRDBL,72,49,20.0,1434.0,28680.0,2025-03-19
2025031903012758,SHINE,60,55,30.0,421.0,12630.0,2025-03-19
2025031904013759,AKPL,13,55,72.0,230.3,16581.6,2025-03-19
2025031904013758,AKPL,22,55,128.0,230.4,29491.2,2025-03-19
2025031904013757,AKPL,8,55,100.0,230.8,23080.0,2025-03-19
2025031904013756,AKPL,48,55,200.0,231.0,46200.0,2025-03-19
2025031904013755,KKHC,52,32,25.0,356.5,8912.5,2025-03-19
2025031903012757,GBBL,48,43,10.0,398.0,3980.0,2025-03-19
2025031901015677,GVL,56,48,695.0,490.0,340550.0,2025-03-19
2025031901015676,GVL,55,48,200.0,490.0,98000.0,2025-03-19
2025031901015675,GVL,43,48,100.0,490.0,49000.0,2025-03-19
2025031901015674,GVL,58,48,20.0,490.0,9800.0,2025-03-19
2025031901015673,GVL,22,48,50.0,490.1,24505.0,2025-03-19
2025031901015672,GVL,6,48,135.0,491.0,66285.0,2025-03-19
2025031901015671,GMLI,55,3,10.0,1942.0,19420.0,2025-03-19
2025031905011933,NRIC,49,98,200.0,1282.0,256400.0,2025-03-19
2025031901015670,MHCL,26,58,10.0,554.0,5540.0,2025-03-19
2025031901015669,ULHC,26,54,10.0,519.9,5199.0,2025-03-19
2025031904013754,LEC,29,57,80.0,214.8,17184.0,2025-03-19
2025031904013753,NICL,6,29,50.0,994.0,49700.0,2025-03-19
2025031904013752,NICL,49,29,50.0,994.0,49700.0,2025-03-19
2025031904013751,NICL,42,29,32.0,995.0,31840.0,2025-03-19
2025031904013750,NICL,48,29,145.0,995.0,144275.0,2025-03-19
2025031904013749,NICL,33,29,80.0,995.0,79600.0,2025-03-19
2025031901015668,MKCL,58,42,10.0,1598.5,15985.0,2025-03-19
2025031901015667,SGHC,45,35,10.0,488.0,4880.0,2025-03-19
2025031905011932,CHDC,96,81,630.0,2295.0,1445850.0,2025-03-19
2025031905011931,HRL,57,21,100.0,976.8,97680.0,2025-03-19
2025031904013748,TRH,38,57,10.0,1094.9,10949.0,2025-03-19
2025031901015666,MKHC,14,21,20.0,530.0,10600.0,2025-03-19
2025031901015665,MKHC,14,47,100.0,530.0,53000.0,2025-03-19
2025031903012756,GUFL,39,34,100.0,605.0,60500.0,2025-03-19
2025031904013747,HDHPC,52,22,500.0,200.0,100000.0,2025-03-19
2025031901015664,CKHL,34,29,20.0,750.0,15000.0,2025-03-19
2025031904013746,AHPC,19,84,56.0,257.9,14442.4,2025-03-19
2025031904013745,NLG,34,52,294.0,865.0,254310.0,2025-03-19
2025031904013744,NLG,34,29,126.0,865.0,108990.0,2025-03-19
2025031904013743,NLG,34,72,100.0,864.9,86490.0,2025-03-19
2025031904013742,NLG,34,21,300.0,864.0,259200.0,2025-03-19
2025031904013741,NLG,34,25,32.0,864.0,27648.0,2025-03-19
2025031904013740,NLG,34,48,148.0,864.0,127872.0,2025-03-19
2025031903012755,NUBL,51,74,10.0,689.9,6899.0,2025-03-19
2025031903012754,NUBL,51,57,20.0,683.0,13660.0,2025-03-19
2025031903012753,NUBL,51,19,10.0,681.0,6810.0,2025-03-19
2025031905011930,SHIVM,57,32,50.0,537.0,26850.0,2025-03-19
2025031903012752,CORBL,71,22,10.0,1874.7,18747.0,2025-03-19
2025031903012751,CORBL,72,38,20.0,1870.0,37400.0,2025-03-19
2025031903012750,CORBL,72,54,10.0,1850.0,18500.0,2025-03-19
2025031904013739,SPDL,45,67,150.0,332.4,49860.0,2025-03-19
2025031904013738,NLG,13,48,52.0,864.0,44928.0,2025-03-19
2025031904013737,NLG,13,22,48.0,864.0,41472.0,2025-03-19
2025031903012749,MNBBL,42,6,100.0,371.0,37100.0,2025-03-19
2025031903012748,SINDU,42,48,12.0,1082.0,12984.0,2025-03-19
2025031904013736,SHL,34,42,4.0,485.0,1940.0,2025-03-19
2025031905011929,HIDCL,84,42,1377.0,265.1,365042.7,2025-03-19
2025031905011928,HIDCL,58,42,68.0,265.1,18026.8,2025-03-19
2025031905011927,HIDCL,58,42,35.0,265.1,9278.5,2025-03-19
2025031905011926,HIDCL,38,42,10.0,265.2,2652.0,2025-03-19
2025031905011925,HIDCL,43,42,10.0,265.2,2652.0,2025-03-19
2025031903012747,RLFL,29,50,10.0,530.0,5300.0,2025-03-19
2025031903012746,RLFL,29,5,40.0,529.8,21192.0,2025-03-19
2025031905011924,MEL,55,16,350.0,325.8,114030.0,2025-03-19
2025031905011923,MEL,101,16,100.0,326.0,32600.0,2025-03-19
2025031905011922,MEL,58,16,50.0,326.1,16305.0,2025-03-19
2025031903012745,HLI,62,7,20.0,425.5,8510.0,2025-03-19
2025031904013735,UMRH,77,8,10.0,643.9,6439.0,2025-03-19
2025031903012744,MLBL,64,5,11.0,418.1,4599.1,2025-03-19
2025031904013734,SPDL,58,13,175.0,335.0,58625.0,2025-03-19
2025031904013733,SPDL,58,45,15.0,335.0,5025.0,2025-03-19
2025031904013732,SPDL,58,63,1000.0,335.0,335000.0,2025-03-19
2025031904013731,SPDL,58,63,1000.0,335.0,335000.0,2025-03-19
2025031904013730,SPDL,58,59,500.0,335.0,167500.0,2025-03-19
2025031904013729,SPDL,58,59,12.0,335.0,4020.0,2025-03-19
2025031904013728,SPDL,58,6,100.0,334.6,33460.0,2025-03-19
2025031904013727,SPDL,58,49,93.0,334.0,31062.0,2025-03-19
2025031904013726,SPDL,58,49,83.0,333.0,27639.0,2025-03-19
2025031904013725,SPDL,58,39,1250.0,333.0,416250.0,2025-03-19
2025031904013724,SPDL,58,58,700.0,333.0,233100.0,2025-03-19
2025031904013723,SPDL,58,47,200.0,333.0,66600.0,2025-03-19
2025031904013722,SPDL,58,59,872.0,332.9,290288.8,2025-03-19
2025031903012743,LICN,40,49,10.0,998.0,9980.0,2025-03-19
2025031901015663,ULHC,42,28,100.0,513.1,51310.0,2025-03-19
2025031903012742,PMLI,45,84,531.0,576.4,306068.4,2025-03-19
2025031903012741,PMLI,52,84,12.0,576.5,6918.0,2025-03-19
2025031903012740,PMLI,71,84,100.0,576.6,57660.0,2025-03-19
2025031901015662,NICA,56,19,25.0,372.1,9302.5,2025-03-19
2025031903012739,LICN,82,19,18.0,996.0,17928.0,2025-03-19
2025031903012738,LICN,25,19,20.0,996.0,19920.0,2025-03-19
2025031903012737,LICN,38,19,12.0,996.0,11952.0,2025-03-19
2025031901015661,BHPL,92,65,10.0,1059.0,10590.0,2025-03-19
2025031904013721,HEI,48,50,10.0,621.8,6218.0,2025-03-19
2025031904013720,GHL,3,48,10.0,298.0,2980.0,2025-03-19
2025031904013719,GHL,95,48,415.0,298.0,123670.0,2025-03-19
2025031904013718,DHPL,74,3,57.0,414.9,23649.3,2025-03-19
2025031904013717,DHPL,74,49,150.0,414.0,62100.0,2025-03-19
2025031904013716,DHPL,74,3,10.0,413.0,4130.0,2025-03-19
2025031904013715,DHPL,74,32,51.0,413.0,21063.0,2025-03-19
2025031904013714,DHPL,74,60,1000.0,412.0,412000.0,2025-03-19
2025031904013713,DHPL,74,40,250.0,412.0,103000.0,2025-03-19
2025031904013712,DHPL,74,5,413.0,411.9,170114.7,2025-03-19
2025031904013711,DHPL,74,48,39.0,411.0,16029.0,2025-03-19
2025031904013710,DHPL,74,58,30.0,410.5,12315.0,2025-03-19
2025031904013709,HURJA,49,38,302.0,241.9,73053.8,2025-03-19
2025031904013708,HURJA,49,49,188.0,241.5,45402.0,2025-03-19
2025031904013707,HURJA,49,48,500.0,241.4,120700.0,2025-03-19
2025031904013706,HURJA,49,57,10.0,241.4,2414.0,2025-03-19
2025031901015660,USHEC,25,44,130.0,624.0,81120.0,2025-03-19
2025031903012736,SAPDBL,19,25,200.0,1166.0,233200.0,2025-03-19
2025031903012735,PFL,34,38,200.0,436.9,87380.0,2025-03-19
2025031903012734,ALBSL,54,28,10.0,850.0,8500.0,2025-03-19
2025031903012733,SLBBL,53,59,201.0,960.0,192960.0,2025-03-19
2025031903012732,SLBBL,53,33,300.0,959.0,287700.0,2025-03-19
2025031903012731,SLBBL,53,14,499.0,955.0,476545.0,2025-03-19
2025031901015659,PCBL,38,48,500.0,252.7,126350.0,2025-03-19
2025031904013705,UMRH,69,62,10.0,644.0,6440.0,2025-03-19
2025031904013704,HURJA,29,57,10.0,241.4,2414.0,2025-03-19
2025031903012730,NFS,58,64,10.0,717.0,7170.0,2025-03-19
2025031905011921,NRIC,49,49,100.0,1282.0,128200.0,2025-03-19
2025031904013703,SSHL,49,57,50.0,234.0,11700.0,2025-03-19
2025031901015658,PRVU,40,21,500.0,215.0,107500.0,2025-03-19
2025031901015657,PRVU,42,21,463.0,215.0,99545.0,2025-03-19
2025031901015656,PRVU,54,21,200.0,215.0,43000.0,2025-03-19
2025031901015655,PRVU,38,21,193.0,215.0,41495.0,2025-03-19
2025031904013702,NICL,45,17,55.0,997.6,54868.0,2025-03-19
2025031904013701,NICL,45,22,200.0,997.6,199520.0,2025-03-19
2025031904013700,NICL,45,53,45.0,997.5,44887.5,2025-03-19
2025031904013699,NICL,45,34,40.0,997.5,39900.0,2025-03-19
2025031904013698,NICL,45,17,100.0,997.5,99750.0,2025-03-19
2025031904013697,NICL,45,58,60.0,997.4,59844.0,2025-03-19
2025031901015654,GMLI,55,52,10.0,1942.0,19420.0,2025-03-19
2025031901015653,CITY,34,45,15.0,880.0,13200.0,2025-03-19
2025031901015652,CITY,34,50,10.0,880.0,8800.0,2025-03-19
2025031901015651,CITY,34,45,10.0,880.0,8800.0,2025-03-19
2025031901015650,CITY,34,59,10.0,877.5,8775.0,2025-03-19
2025031901015649,ADBL,1,34,92.0,286.1,26321.2,2025-03-19
2025031901015648,ADBL,6,34,292.0,286.5,83658.0,2025-03-19
2025031901015647,ADBL,49,34,37.0,286.5,10600.5,2025-03-19
2025031901015646,ADBL,50,34,79.0,286.5,22633.5,2025-03-19
2025031905011920,SHIVM,34,57,50.0,536.3,26815.0,2025-03-19
2025031905011919,SHIVM,25,57,50.0,536.3,26815.0,2025-03-19
2025031905011918,NTC,57,34,10.0,905.0,9050.0,2025-03-19
2025031905011917,NIFRA,60,45,10.0,268.0,2680.0,2025-03-19
2025031905011916,CHDC,36,50,10.0,2281.3,22813.0,2025-03-19
2025031901015645,SPHL,72,66,10.0,776.0,7760.0,2025-03-19
2025031904013696,UMHL,6,6,228.0,439.0,100092.0,2025-03-19
2025031904013695,UMHL,6,34,929.0,439.0,407831.0,2025-03-19
2025031904013694,UMHL,6,22,50.0,438.9,21945.0,2025-03-19
2025031904013693,UMHL,6,55,200.0,438.9,87780.0,2025-03-19
2025031904013692,UMHL,6,54,200.0,438.8,87760.0,2025-03-19
2025031904013691,UMHL,6,67,393.0,438.8,172448.4,2025-03-19
2025031904013690,MEN,48,83,50.0,589.8,29490.0,2025-03-19
2025031903012729,GRDBL,72,13,2436.0,1417.1,3452055.6,2025-03-19
2025031903012728,GRDBL,72,13,4700.0,1417.1,6660370.0,2025-03-19
2025031903012727,GRDBL,72,13,1935.0,1417.2,2742282.0,2025-03-19
2025031903012726,GRDBL,34,13,90.0,1417.3,127557.0,2025-03-19
2025031903012725,GRDBL,80,13,20.0,1417.4,28348.0,2025-03-19
2025031903012724,GRDBL,58,13,30.0,1418.0,42540.0,2025-03-19
2025031903012723,GRDBL,42,13,100.0,1418.0,141800.0,2025-03-19
2025031903012722,GRDBL,58,13,279.0,1419.0,395901.0,2025-03-19
2025031903012721,GRDBL,35,13,10.0,1420.0,14200.0,2025-03-19
2025031903012720,VLBS,49,42,13.0,852.0,11076.0,2025-03-19
2025031903012719,VLBS,49,42,42.0,852.1,35788.2,2025-03-19
2025031901015644,PCBL,38,16,300.0,252.7,75810.0,2025-03-19
2025031905011915,SMJC,16,53,20.0,614.9,12298.0,2025-03-19
2025031905011914,SMJC,16,42,10.0,613.0,6130.0,2025-03-19
2025031904013689,RURU,58,13,224.0,747.0,167328.0,2025-03-19
2025031901015643,MBL,42,49,10.0,228.0,2280.0,2025-03-19
2025031905011913,CHDC,96,81,54.0,2295.0,123930.0,2025-03-19
2025031905011912,CHDC,96,59,90.0,2295.0,206550.0,2025-03-19
2025031905011911,CHDC,96,54,100.0,2294.0,229400.0,2025-03-19
2025031905011910,CHDC,96,75,200.0,2293.0,458600.0,2025-03-19
2025031905011909,CHDC,96,34,71.0,2293.0,162803.0,2025-03-19
2025031905011908,CHDC,96,52,234.0,2292.0,536328.0,2025-03-19
2025031905011907,CHDC,96,33,12.0,2290.0,27480.0,2025-03-19
2025031905011906,CHDC,96,29,10.0,2290.0,22900.0,2025-03-19
2025031905011905,CHDC,96,52,12.0,2290.0,27480.0,2025-03-19
2025031905011904,CHDC,96,32,12.0,2290.0,27480.0,2025-03-19
2025031905011903,CHDC,96,94,175.0,2289.0,400575.0,2025-03-19
2025031905011902,CHDC,96,19,30.0,2283.9,68517.0,2025-03-19
2025031905011901,PHCL,44,96,443.0,607.1,268945.3,2025-03-19
2025031905011900,PHCL,69,96,250.0,607.3,151825.0,2025-03-19
2025031903012718,NMBMF,45,63,50.0,739.5,36975.0,2025-03-19
2025031903012717,NMBMF,45,22,20.0,730.0,14600.0,2025-03-19
2025031903012716,NMBMF,45,37,90.0,729.0,65610.0,2025-03-19
2025031901015642,RFPL,6,25,90.0,741.1,66699.0,2025-03-19
2025031901015641,RFPL,49,25,10.0,742.0,7420.0,2025-03-19
2025031904013688,NICL,33,34,20.0,995.0,19900.0,2025-03-19
2025031904013687,NICL,45,34,50.0,995.0,49750.0,2025-03-19
2025031904013686,NICL,25,34,50.0,995.0,49750.0,2025-03-19
2025031904013685,NICL,58,34,30.0,995.0,29850.0,2025-03-19
2025031901015640,SPL,51,38,32.0,904.0,28928.0,2025-03-19
2025031901015639,SPL,51,49,30.0,903.0,27090.0,2025-03-19
2025031901015638,LSL,41,35,170.0,221.3,37621.0,2025-03-19
2025031901015637,LSL,38,35,100.0,222.0,22200.0,2025-03-19
2025031901015636,SPL,61,49,10.0,903.0,9030.0,2025-03-19
2025031904013684,SPDL,70,59,18.0,332.9,5992.2,2025-03-19
2025031903012715,JFL,49,49,50.0,515.0,25750.0,2025-03-19
2025031905011899,CHDC,66,49,73.0,2281.0,166513.0,2025-03-19
2025031905011898,CHDC,34,49,42.0,2281.0,95802.0,2025-03-19
2025031905011897,CHDC,48,49,70.0,2281.1,159677.0,2025-03-19
2025031905011896,CHDC,41,49,200.0,2281.2,456240.0,2025-03-19
2025031903012714,PROFL,49,65,100.0,540.0,54000.0,2025-03-19
2025031903012713,PROFL,16,65,50.0,540.0,27000.0,2025-03-19
2025031903012712,PROFL,28,65,90.0,540.0,48600.0,2025-03-19
2025031904013683,HPPL,21,42,20.0,613.0,12260.0,2025-03-19
2025031904013682,NLG,64,22,10.0,864.0,8640.0,2025-03-19
2025031901015635,AHL,42,38,150.0,710.0,106500.0,2025-03-19
2025031904013681,UMHL,7,67,107.0,438.8,46951.6,2025-03-19
2025031904013680,NHDL,7,5,100.0,839.0,83900.0,2025-03-19
2025031905011895,PHCL,69,25,500.0,607.3,303650.0,2025-03-19
2025031901015634,SCB,25,45,37.0,649.9,24046.3,2025-03-19
2025031901015633,SCB,25,32,10.0,649.9,6499.0,2025-03-19
2025031905011894,HIDCL,11,32,465.0,266.0,123690.0,2025-03-19
2025031905011893,NTC,45,33,50.0,901.3,45065.0,2025-03-19
2025031905011892,NTC,58,33,50.0,902.0,45100.0,2025-03-19
2025031905011891,NRIC,49,84,3500.0,1282.0,4487000.0,2025-03-19
2025031905011890,NIFRA,41,45,32.0,268.0,8576.0,2025-03-19
2025031905011889,NIFRA,41,91,68.0,268.0,18224.0,2025-03-19
2025031903012711,ICFC,88,26,10.0,627.0,6270.0,2025-03-19
2025031903012710,SLBSL,86,65,10.0,2399.9,23999.0,2025-03-19
2025031901015632,CITY,62,59,10.0,877.5,8775.0,2025-03-19
2025031901015631,HHL,34,45,12.0,509.9,6118.8,2025-03-19
2025031904013679,HDHPC,32,22,1000.0,200.0,200000.0,2025-03-19
2025031904013678,SPDL,45,81,50.0,332.4,16620.0,2025-03-19
2025031901015630,DOLTI,45,52,70.0,679.8,47586.0,2025-03-19
2025031901015629,DOLTI,45,42,10.0,679.7,6797.0,2025-03-19
2025031901015628,DOLTI,45,57,10.0,679.7,6797.0,2025-03-19
2025031901015627,DOLTI,45,63,10.0,679.7,6797.0,2025-03-19
2025031904013677,GHL,56,45,1450.0,298.2,432390.0,2025-03-19
2025031904013676,GHL,33,45,500.0,298.3,149150.0,2025-03-19
2025031905011888,HRL,57,38,10.0,976.8,9768.0,2025-03-19
2025031903012709,MLBBL,5,29,100.0,1668.9,166890.0,2025-03-19
2025031901015626,SARBTM,18,14,172.0,805.0,138460.0,2025-03-19
2025031901015625,SARBTM,58,14,150.0,805.0,120750.0,2025-03-19
2025031901015624,SARBTM,48,14,28.0,805.0,22540.0,2025-03-19
2025031901015623,SNLI,14,52,12.0,664.0,7968.0,2025-03-19
2025031905011887,CLI,59,52,80.0,515.0,41200.0,2025-03-19
2025031905011886,CLI,21,52,19.0,515.0,9785.0,2025-03-19
2025031905011885,CLI,48,52,46.0,515.0,23690.0,2025-03-19
2025031903012708,ALICL,34,8,10.0,738.9,7389.0,2025-03-19
2025031904013675,RURU,34,13,200.0,747.0,149400.0,2025-03-19
2025031901015622,SBL,54,58,32.0,287.0,9184.0,2025-03-19
2025031901015621,MKJC,6,68,298.0,555.0,165390.0,2025-03-19
2025031901015620,MKJC,51,68,25.0,555.0,13875.0,2025-03-19
2025031901015619,MKJC,29,68,10.0,556.8,5568.0,2025-03-19
2025031904013674,NHPC,42,36,125.0,212.1,26512.5,2025-03-19
2025031904013673,GLH,29,45,36.0,252.0,9072.0,2025-03-19
2025031904013672,GLH,29,39,114.0,250.0,28500.0,2025-03-19
2025031901015618,MKHL,42,45,10.0,702.7,7027.0,2025-03-19
2025031901015617,IHL,81,58,10.0,679.9,6799.0,2025-03-19
2025031901015616,NABIL,49,42,25.0,488.9,12222.5,2025-03-19
2025031904013671,UNHPL,21,44,10.0,315.0,3150.0,2025-03-19
2025031901015615,MKHC,45,47,100.0,530.0,53000.0,2025-03-19
2025031903012707,LBBL,38,58,200.0,440.0,88000.0,2025-03-19
2025031901015614,MHCL,7,58,22.0,554.0,12188.0,2025-03-19
2025031901015613,MHCL,7,99,10.0,554.0,5540.0,2025-03-19
2025031901015612,MHCL,7,59,218.0,554.0,120772.0,2025-03-19
2025031901015611,MHCL,7,89,10.0,552.0,5520.0,2025-03-19
2025031901015610,MHCL,7,58,10.0,551.0,5510.0,2025-03-19
2025031901015609,MHCL,7,65,50.0,550.0,27500.0,2025-03-19
2025031901015608,MHCL,7,65,50.0,550.0,27500.0,2025-03-19
2025031903012706,HLI,5,29,64.0,426.0,27264.0,2025-03-19
2025031903012705,HLI,5,3,136.0,425.9,57922.4,2025-03-19
2025031901015607,SGHC,52,39,20.0,486.6,9732.0,2025-03-19
2025031903012704,GUFL,43,34,200.0,605.0,121000.0,2025-03-19
2025031903012703,GUFL,56,34,50.0,605.0,30250.0,2025-03-19
2025031903012702,GUFL,13,34,42.0,605.0,25410.0,2025-03-19
2025031905011884,NIFRA,57,91,30.0,268.0,8040.0,2025-03-19
2025031904013670,PMHPL,16,57,500.0,297.1,148550.0,2025-03-19
2025031903012701,GFCL,57,40,10.0,693.0,6930.0,2025-03-19
2025031905011883,NTC,57,41,30.0,905.0,27150.0,2025-03-19
2025031904013669,HPPL,35,42,50.0,613.0,30650.0,2025-03-19
2025031904013668,HPPL,35,44,370.0,612.0,226440.0,2025-03-19
2025031904013667,HPPL,35,26,500.0,610.0,305000.0,2025-03-19
2025031904013666,HPPL,35,32,80.0,610.0,48800.0,2025-03-19
2025031904013665,HDHPC,53,22,3000.0,200.0,600000.0,2025-03-19
2025031901015606,HBL,57,22,301.0,237.0,71337.0,2025-03-19
2025031901015605,HBL,58,22,20.0,237.0,4740.0,2025-03-19
2025031904013664,RURU,58,13,500.0,747.0,373500.0,2025-03-19
2025031904013663,RURU,42,13,10.0,747.0,7470.0,2025-03-19
2025031904013662,RURU,58,13,26.0,747.0,19422.0,2025-03-19
2025031903012700,NADEP,91,43,40.0,893.0,35720.0,2025-03-19
2025031903012699,NADEP,91,50,10.0,890.0,8900.0,2025-03-19
2025031901015604,PRVU,38,45,54.0,215.0,11610.0,2025-03-19
2025031905011882,GCIL,57,1,9.0,543.0,4887.0,2025-03-19
2025031905011881,GCIL,38,1,41.0,543.0,22263.0,2025-03-19
2025031905011880,SMJC,33,62,57.0,610.0,34770.0,2025-03-19
2025031905011879,SMJC,62,62,43.0,611.0,26273.0,2025-03-19
2025031903012698,LICN,43,34,20.0,996.2,19924.0,2025-03-19
2025031904013661,HURJA,4,60,300.0,240.2,72060.0,2025-03-19
2025031905011878,NIFRA,60,91,10.0,268.0,2680.0,2025-03-19
2025031903012697,SKBBL,13,57,122.0,808.0,98576.0,2025-03-19
2025031903012696,SMPDA,35,42,76.0,966.0,73416.0,2025-03-19
2025031903012695,SMPDA,35,71,78.0,960.0,74880.0,2025-03-19
2025031903012694,SMPDA,35,50,50.0,958.0,47900.0,2025-03-19
2025031903012693,SMPDA,35,57,188.0,958.0,180104.0,2025-03-19
2025031904013660,SPDL,36,59,10.0,332.9,3329.0,2025-03-19
2025031904013659,UPCL,35,59,180.0,299.1,53838.0,2025-03-19
2025031904013658,UPCL,49,59,20.0,299.2,5984.0,2025-03-19
2025031904013657,UPCL,5,59,200.0,299.2,59840.0,2025-03-19
2025031904013656,UPCL,49,59,100.0,299.2,29920.0,2025-03-19
2025031904013655,UPCL,5,59,500.0,299.2,149600.0,2025-03-19
2025031905011877,NRM,32,49,10.0,492.0,4920.0,2025-03-19
2025031904013654,BARUN,38,80,881.0,506.0,445786.0,2025-03-19
2025031904013653,BARUN,29,80,18.0,506.0,9108.0,2025-03-19
2025031901015603,RHGCL,36,49,10.0,570.0,5700.0,2025-03-19
2025031905011876,HDL,45,16,20.0,1220.8,24416.0,2025-03-19
2025031901015602,MBL,42,38,30.0,228.0,6840.0,2025-03-19
2025031901015601,MBL,42,56,288.0,228.0,65664.0,2025-03-19
2025031901015600,MBL,42,32,200.0,228.0,45600.0,2025-03-19
2025031901015599,MBL,42,42,1000.0,227.8,227800.0,2025-03-19
2025031901015598,MBL,42,46,1000.0,227.5,227500.0,2025-03-19
2025031901015597,MBL,42,3,1500.0,227.4,341100.0,2025-03-19
2025031901015596,MBL,42,36,13.0,227.4,2956.2,2025-03-19
2025031905011875,NRN,58,42,132.0,1404.0,185328.0,2025-03-19
2025031905011874,NRN,26,42,41.0,1405.0,57605.0,2025-03-19
2025031904013652,HDHPC,22,43,500.0,199.8,99900.0,2025-03-19
2025031904013651,HDHPC,45,43,100.0,199.9,19990.0,2025-03-19
2025031904013650,HDHPC,57,43,500.0,199.9,99950.0,2025-03-19
2025031904013649,HDHPC,45,43,200.0,199.9,39980.0,2025-03-19
2025031904013648,UMRH,28,43,100.0,642.0,64200.0,2025-03-19
2025031904013647,RHPL,58,92,10.0,399.9,3999.0,2025-03-19
2025031903012692,MNBBL,77,6,1000.0,371.0,371000.0,2025-03-19
2025031905011873,GIBF1,53,45,10000.0,9.83,98300.0,2025-03-19
2025031901015595,SARBTM,48,38,10.0,805.0,8050.0,2025-03-19
2025031901015594,SARBTM,26,38,40.0,805.1,32204.0,2025-03-19
2025031901015593,SARBTM,45,38,50.0,806.0,40300.0,2025-03-19
2025031901015592,HBL,58,7,150.0,237.0,35550.0,2025-03-19
2025031901015591,USHL,28,42,10.0,749.0,7490.0,2025-03-19
2025031901015590,USHL,28,6,80.0,749.0,59920.0,2025-03-19
2025031901015589,USHL,28,42,10.0,748.0,7480.0,2025-03-19
2025031903012691,MLBSL,34,40,10.0,2279.0,22790.0,2025-03-19
2025031904013646,RURU,58,57,74.0,747.0,55278.0,2025-03-19
2025031904013645,RURU,43,57,200.0,747.0,149400.0,2025-03-19
2025031904013644,RURU,22,57,26.0,747.0,19422.0,2025-03-19
2025031903012690,MNBBL,59,6,300.0,371.0,111300.0,2025-03-19
2025031901015588,USHEC,22,44,11.0,624.0,6864.0,2025-03-19
2025031905011872,MBJC,42,41,10.0,332.0,3320.0,2025-03-19
2025031905011871,MBJC,42,43,90.0,332.0,29880.0,2025-03-19
2025031905011870,HRL,47,46,238.0,977.0,232526.0,2025-03-19
2025031905011869,HRL,47,18,12.0,977.0,11724.0,2025-03-19
2025031904013643,NGPL,42,43,500.0,277.0,138500.0,2025-03-19
2025031905011868,HIDCL,43,1,90.0,265.2,23868.0,2025-03-19
2025031905011867,HIDCL,38,1,10.0,265.2,2652.0,2025-03-19
2025031901015587,KBL,1,43,50.0,206.0,10300.0,2025-03-19
2025031904013642,UMRH,77,62,10.0,644.0,6440.0,2025-03-19
2025031905011866,HDL,45,58,50.0,1220.8,61040.0,2025-03-19
2025031901015586,JBLB,98,45,25.0,1352.0,33800.0,2025-03-19
2025031901015585,JBLB,6,45,21.0,1352.0,28392.0,2025-03-19
2025031905011865,HRL,38,18,18.0,977.0,17586.0,2025-03-19
2025031905011864,ILI,38,42,25.0,474.0,11850.0,2025-03-19
2025031901015584,MAKAR,10,40,190.0,723.0,137370.0,2025-03-19
2025031903012689,MLBBL,1,14,77.0,1665.0,128205.0,2025-03-19
2025031903012688,MLBBL,80,14,90.0,1665.1,149859.0,2025-03-19
2025031903012687,MLBBL,21,14,15.0,1666.0,24990.0,2025-03-19
2025031905011863,NIFRA,35,39,100.0,267.5,26750.0,2025-03-19
2025031901015583,NESDO,52,33,60.0,1830.0,109800.0,2025-03-19
2025031901015582,NESDO,11,33,10.0,1830.0,18300.0,2025-03-19
2025031904013641,API,94,57,215.0,274.4,58996.0,2025-03-19
2025031904013640,API,48,57,30.0,274.6,8238.0,2025-03-19
2025031904013639,API,34,57,38.0,274.8,10442.4,2025-03-19
2025031904013638,API,1,57,217.0,274.8,59631.6,2025-03-19
2025031904013637,RIDI,72,45,10.0,225.5,2255.0,2025-03-19
2025031901015581,SPC,66,6,10.0,548.9,5489.0,2025-03-19
2025031901015580,SPC,66,47,200.0,548.0,109600.0,2025-03-19
2025031904013636,NICL,1,10,40.0,995.0,39800.0,2025-03-19
2025031904013635,NICL,48,10,10.0,996.0,9960.0,2025-03-19
2025031905011862,HRL,16,18,20.0,977.0,19540.0,2025-03-19
2025031905011861,HRL,16,71,80.0,977.0,78160.0,2025-03-19
2025031903012686,GUFL,1,57,10.0,605.1,6051.0,2025-03-19
2025031904013634,BARUN,29,58,60.0,506.0,30360.0,2025-03-19
2025031904013633,BARUN,42,58,400.0,506.1,202440.0,2025-03-19
2025031904013632,BARUN,36,58,900.0,506.3,455670.0,2025-03-19
2025031904013631,BARUN,6,58,70.0,506.4,35448.0,2025-03-19
2025031904013630,BARUN,6,58,50.0,506.5,25325.0,2025-03-19
2025031904013629,BARUN,59,58,500.0,506.6,253300.0,2025-03-19
2025031904013628,BARUN,6,58,60.0,506.6,30396.0,2025-03-19
2025031904013627,BARUN,14,58,310.0,506.7,157077.0,2025-03-19
2025031904013626,DHPL,56,58,20.0,410.5,8210.0,2025-03-19
2025031904013625,KPCL,7,39,22.0,547.0,12034.0,2025-03-19
2025031904013624,KPCL,7,39,50.0,546.9,27345.0,2025-03-19
2025031904013623,KPCL,7,10,50.0,545.0,27250.0,2025-03-19
2025031904013622,KPCL,7,41,58.0,545.0,31610.0,2025-03-19
2025031904013621,KPCL,7,94,3200.0,545.0,1744000.0,2025-03-19
2025031904013620,KPCL,7,39,80.0,545.0,43600.0,2025-03-19
2025031904013619,KPCL,7,39,40.0,544.0,21760.0,2025-03-19
2025031904013618,KPCL,7,48,200.0,544.0,108800.0,2025-03-19
2025031904013617,KPCL,7,10,50.0,544.0,27200.0,2025-03-19
2025031904013616,KPCL,7,56,10.0,544.0,5440.0,2025-03-19
2025031904013615,KPCL,7,10,70.0,544.0,38080.0,2025-03-19
2025031901015579,NICA,56,11,56.0,372.1,20837.6,2025-03-19
2025031904013614,IGI,7,38,552.0,592.2,326894.4,2025-03-19
2025031904013613,IGI,32,38,80.0,592.3,47384.0,2025-03-19
2025031904013612,IGI,1,38,368.0,592.5,218040.0,2025-03-19
2025031904013611,IGI,42,38,200.0,593.0,118600.0,2025-03-19
2025031901015578,GMLI,41,42,10.0,1942.5,19425.0,2025-03-19
2025031901015577,JBLB,34,51,100.0,1354.9,135490.0,2025-03-19
2025031904013610,GHL,33,48,1000.0,298.3,298300.0,2025-03-19
2025031904013609,NICL,48,32,40.0,996.0,39840.0,2025-03-19
2025031905011860,NRIC,49,48,67.0,1282.0,85894.0,2025-03-19
2025031904013608,HPPL,29,63,690.0,609.0,420210.0,2025-03-19
2025031901015576,IHL,81,58,50.0,679.9,33995.0,2025-03-19
2025031904013607,LEC,42,57,20.0,214.8,4296.0,2025-03-19
2025031904013606,LEC,42,21,100.0,214.8,21480.0,2025-03-19
2025031904013605,LEC,42,34,40.0,214.8,8592.0,2025-03-19
2025031901015575,NABIL,59,42,20.0,488.9,9778.0,2025-03-19
2025031901015574,NABIL,1,42,40.0,488.9,19556.0,2025-03-19
2025031901015573,NABIL,55,42,61.0,488.9,29822.9,2025-03-19
2025031903012685,SLBBL,49,14,20.0,955.0,19100.0,2025-03-19
2025031901015572,GMLI,55,1,10.0,1942.0,19420.0,2025-03-19
2025031904013604,UPCL,57,1,27.0,299.4,8083.8,2025-03-19
2025031901015571,GMLI,55,58,10.0,1942.0,19420.0,2025-03-19
2025031903012684,SINDU,58,48,200.0,1082.0,216400.0,2025-03-19
2025031901015570,RFPL,6,45,20.0,741.1,14822.0,2025-03-19
2025031904013603,NHPC,42,75,755.0,212.1,160135.5,2025-03-19
2025031904013602,NHPC,34,75,50.0,212.2,10610.0,2025-03-19
2025031904013601,NHPC,14,75,195.0,212.3,41398.5,2025-03-19
2025031901015569,UHEWA,88,42,273.0,878.0,239694.0,2025-03-19
2025031901015568,UHEWA,88,6,10.0,877.0,8770.0,2025-03-19
2025031901015567,UHEWA,88,96,10.0,870.0,8700.0,2025-03-19
2025031901015566,UHEWA,88,53,25.0,869.8,21745.0,2025-03-19
2025031901015565,UHEWA,88,35,10.0,865.0,8650.0,2025-03-19
2025031901015564,UHEWA,88,58,10.0,862.0,8620.0,2025-03-19
2025031901015563,UHEWA,88,36,360.0,862.0,310320.0,2025-03-19
2025031901015562,UHEWA,88,49,10.0,860.0,8600.0,2025-03-19
2025031901015561,UHEWA,88,41,10.0,852.0,8520.0,2025-03-19
2025031901015560,UHEWA,88,50,4715.0,850.0,4007750.0,2025-03-19
2025031901015559,UHEWA,88,7,60.0,849.0,50940.0,2025-03-19
2025031901015558,MHL,41,57,10.0,770.0,7700.0,2025-03-19
2025031901015557,UHEWA,19,7,50.0,849.0,42450.0,2025-03-19
2025031904013600,RURU,22,50,100.0,747.0,74700.0,2025-03-19
2025031904013599,API,1,57,281.0,274.8,77218.8,2025-03-19
2025031904013598,API,35,57,50.0,274.8,13740.0,2025-03-19
2025031903012683,LICN,57,49,10.0,998.0,9980.0,2025-03-19
2025031901015556,GMLI,55,35,10.0,1942.0,19420.0,2025-03-19
2025031905011859,HRL,82,71,220.0,977.0,214940.0,2025-03-19
2025031905011858,HRL,82,49,80.0,977.0,78160.0,2025-03-19
2025031905011857,BBC,42,32,10.0,5395.0,53950.0,2025-03-19
2025031904013597,AHPC,22,84,100.0,257.9,25790.0,2025-03-19
2025031904013596,NICL,1,6,157.0,995.0,156215.0,2025-03-19
2025031904013595,NICL,3,6,50.0,995.1,49755.0,2025-03-19
2025031904013594,NICL,49,6,90.0,995.1,89559.0,2025-03-19
2025031903012682,GFCL,43,69,30.0,692.0,20760.0,2025-03-19
2025031903012681,GFCL,34,69,100.0,692.0,69200.0,2025-03-19
2025031903012680,GFCL,50,69,50.0,692.0,34600.0,2025-03-19
2025031903012679,GFCL,25,69,50.0,692.0,34600.0,2025-03-19
2025031903012678,GFCL,1,69,50.0,692.0,34600.0,2025-03-19
2025031903012677,GFCL,33,69,10.0,692.1,6921.0,2025-03-19
2025031903012676,GFCL,33,69,10.0,692.1,6921.0,2025-03-19
2025031905011856,HRL,26,49,20.0,977.0,19540.0,2025-03-19
2025031903012675,JFL,49,16,40.0,515.0,20600.0,2025-03-19
2025031903012674,JFL,49,56,179.0,515.0,92185.0,2025-03-19
2025031904013593,SPDL,1,59,100.0,332.9,33290.0,2025-03-19
2025031904013592,SPDL,1,48,200.0,332.4,66480.0,2025-03-19
2025031903012673,CFCL,14,53,10.0,554.0,5540.0,2025-03-19
2025031904013591,UAIL,38,21,10.0,664.9,6649.0,2025-03-19
2025031903012672,LICN,4,49,30.0,998.0,29940.0,2025-03-19
2025031905011855,NIFRA,60,91,10.0,268.0,2680.0,2025-03-19
2025031905011854,SMJC,62,51,57.0,611.0,34827.0,2025-03-19
2025031903012671,JSLBB,34,95,10.0,1519.0,15190.0,2025-03-19
2025031901015555,SNLI,3,60,132.0,665.0,87780.0,2025-03-19
2025031901015554,SNLI,3,46,12.0,665.0,7980.0,2025-03-19
2025031901015553,SNLI,3,42,49.0,665.0,32585.0,2025-03-19
2025031901015552,SNLI,3,58,12.0,665.0,7980.0,2025-03-19
2025031901015551,SNLI,3,87,200.0,665.0,133000.0,2025-03-19
2025031901015550,SNLI,3,77,300.0,665.0,199500.0,2025-03-19
2025031901015549,SNLI,3,54,45.0,664.0,29880.0,2025-03-19
2025031901015548,PRVU,38,59,200.0,215.0,43000.0,2025-03-19
2025031901015547,PRVU,52,59,300.0,215.2,64560.0,2025-03-19
2025031901015546,HIDCLP,48,44,500.0,176.8,88400.0,2025-03-19
2025031904013590,UMRH,69,62,10.0,644.0,6440.0,2025-03-19
2025031905011853,SMJC,62,17,100.0,611.0,61100.0,2025-03-19
2025031904013589,UNHPL,48,44,101.0,315.0,31815.0,2025-03-19
2025031904013588,UNHPL,49,44,4740.0,315.0,1493100.0,2025-03-19
2025031904013587,HPPL,29,58,150.0,607.0,91050.0,2025-03-19
2025031903012670,NLICL,65,42,110.0,639.0,70290.0,2025-03-19
2025031904013586,BARUN,91,34,500.0,507.9,253950.0,2025-03-19
2025031904013585,UNHPL,49,11,10.0,316.0,3160.0,2025-03-19
2025031904013584,DHPL,56,48,11.0,411.0,4521.0,2025-03-19
2025031904013583,DHPL,56,38,89.0,411.0,36579.0,2025-03-19
2025031905011852,NRM,58,45,50.0,488.0,24400.0,2025-03-19
2025031903012669,MPFL,45,33,160.0,649.0,103840.0,2025-03-19
2025031903012668,MPFL,45,10,10.0,649.0,6490.0,2025-03-19
2025031903012667,MPFL,45,57,30.0,649.0,19470.0,2025-03-19
2025031904013582,BARUN,14,7,90.0,506.7,45603.0,2025-03-19
2025031904013581,BARUN,57,7,275.0,506.8,139370.0,2025-03-19
2025031904013580,BARUN,10,7,100.0,507.0,50700.0,2025-03-19
2025031904013579,BARUN,35,7,110.0,507.0,55770.0,2025-03-19
2025031904013578,BARUN,36,7,100.0,507.0,50700.0,2025-03-19
2025031904013577,BARUN,48,7,100.0,507.0,50700.0,2025-03-19
2025031904013576,BARUN,3,7,410.0,507.3,207993.0,2025-03-19
2025031904013575,BARUN,4,7,100.0,507.4,50740.0,2025-03-19
2025031904013574,BARUN,41,7,10.0,507.4,5074.0,2025-03-19
2025031904013573,BARUN,21,7,35.0,507.5,17762.5,2025-03-19
2025031901015545,USHEC,25,59,511.0,624.9,319323.9,2025-03-19
2025031904013572,GLH,39,39,20.0,250.0,5000.0,2025-03-19
2025031904013571,CHL,99,34,200.0,521.0,104200.0,2025-03-19
2025031901015544,HIDCLP,86,25,212.0,175.9,37290.8,2025-03-19
2025031904013570,UMHL,45,33,200.0,438.0,87600.0,2025-03-19
2025031901015543,GBIME,42,55,800.0,220.1,176080.0,2025-03-19
2025031901015542,GBIME,42,55,100.0,220.1,22010.0,2025-03-19
2025031901015541,GBIME,57,55,100.0,220.1,22010.0,2025-03-19
2025031903012666,ALICL,25,67,50.0,736.1,36805.0,2025-03-19
2025031904013569,HDHPC,97,22,100.0,200.0,20000.0,2025-03-19
2025031904013568,HDHPC,57,22,275.0,200.0,55000.0,2025-03-19
2025031901015540,SNLI,42,54,55.0,664.0,36520.0,2025-03-19
2025031901015539,SNLI,42,36,100.0,664.0,66400.0,2025-03-19
2025031901015538,SNLI,42,58,45.0,664.0,29880.0,2025-03-19
2025031901015537,KBL,6,43,10.0,206.0,2060.0,2025-03-19
2025031901015536,KBL,38,43,13.0,206.0,2678.0,2025-03-19
2025031901015535,KBL,42,43,100.0,206.0,20600.0,2025-03-19
2025031901015534,KBL,56,43,200.0,206.0,41200.0,2025-03-19
2025031901015533,KBL,49,43,200.0,206.0,41200.0,2025-03-19
2025031904013567,NLG,64,22,44.0,864.0,38016.0,2025-03-19
2025031904013566,NLG,64,18,50.0,864.0,43200.0,2025-03-19
2025031904013565,NLG,64,6,106.0,862.0,91372.0,2025-03-19
2025031903012665,NFS,20,64,30.0,717.0,21510.0,2025-03-19
2025031903012664,PFL,45,45,65.0,436.1,28346.5,2025-03-19
2025031903012663,PFL,21,45,30.0,436.2,13086.0,2025-03-19
2025031901015532,GMLI,55,45,10.0,1942.0,19420.0,2025-03-19
2025031905011851,SAHAS,40,45,30.0,506.2,15186.0,2025-03-19
2025031901015531,IHL,88,58,10.0,679.9,6799.0,2025-03-19
2025031901015530,IHL,88,45,150.0,679.0,101850.0,2025-03-19
2025031901015529,IHL,88,17,10.0,678.9,6789.0,2025-03-19
2025031901015528,IHL,88,42,10.0,677.9,6779.0,2025-03-19
2025031901015527,IHL,88,42,10.0,677.8,6778.0,2025-03-19
2025031901015526,IHL,88,42,10.0,677.7,6777.0,2025-03-19
2025031904013564,UPPER,58,1,512.0,202.7,103782.4,2025-03-19
2025031904013563,UPPER,58,34,400.0,202.6,81040.0,2025-03-19
2025031903012662,SHINE,60,39,40.0,421.0,16840.0,2025-03-19
2025031904013562,GHL,57,45,335.0,299.9,100466.5,2025-03-19
2025031904013561,GHL,57,6,50.0,299.0,14950.0,2025-03-19
2025031904013560,GHL,57,39,115.0,299.0,34385.0,2025-03-19
2025031905011850,ILI,48,34,12.0,473.9,5686.8,2025-03-19
2025031901015525,KBL,49,32,600.0,206.0,123600.0,2025-03-19
2025031904013559,KKHC,59,6,10.0,358.0,3580.0,2025-03-19
2025031904013558,RHPL,42,36,190.0,397.7,75563.0,2025-03-19
2025031904013557,UNHPL,49,83,150.0,315.0,47250.0,2025-03-19
2025031901015524,NIMB,17,22,25.0,214.6,5365.0,2025-03-19
2025031901015523,NIMB,47,44,460.0,214.5,98670.0,2025-03-19
2025031901015522,NIMB,74,44,500.0,214.5,107250.0,2025-03-19
2025031901015521,NIMB,51,44,40.0,214.5,8580.0,2025-03-19
2025031903012661,NLIC,81,13,30.0,775.0,23250.0,2025-03-19
2025031904013556,CHCL,16,48,500.0,498.8,249400.0,2025-03-19
2025031903012660,CFCL,91,53,200.0,554.0,110800.0,2025-03-19
2025031905011849,HRL,7,49,200.0,977.0,195400.0,2025-03-19
2025031903012659,DDBL,36,49,19.0,785.9,14932.1,2025-03-19
2025031901015520,SRLI,34,56,30.0,420.0,12600.0,2025-03-19
2025031901015519,SRLI,42,56,70.0,420.0,29400.0,2025-03-19
2025031901015518,SRLI,57,56,41.0,420.0,17220.0,2025-03-19
2025031901015517,SRLI,57,56,30.0,420.0,12600.0,2025-03-19
2025031901015516,SRLI,42,56,43.0,420.0,18060.0,2025-03-19
2025031903012658,SFCL,58,36,50.0,529.1,26455.0,2025-03-19
2025031903012657,DDBL,36,63,31.0,785.9,24362.9,2025-03-19
2025031905011848,NIFRA,75,91,500.0,268.0,134000.0,2025-03-19
2025031905011847,VLUCL,57,28,10.0,695.1,6951.0,2025-03-19
2025031905011846,HRL,49,38,300.0,978.0,293400.0,2025-03-19
2025031903012656,MLBL,58,5,10.0,418.1,4181.0,2025-03-19
2025031901015515,BHPL,41,58,10.0,1055.0,10550.0,2025-03-19
2025031904013555,GHL,60,39,10.0,299.0,2990.0,2025-03-19
2025031901015514,GMLI,55,57,10.0,1942.0,19420.0,2025-03-19
2025031903012655,BFC,57,36,10.0,579.9,5799.0,2025-03-19
2025031901015513,GMLI,55,22,170.0,1942.0,330140.0,2025-03-19
2025031901015512,NBL,8,26,25.0,250.0,6250.0,2025-03-19
2025031901015511,NBL,49,26,100.0,250.0,25000.0,2025-03-19
2025031901015510,NBL,44,26,30.0,250.0,7500.0,2025-03-19
2025031901015509,NBL,17,26,500.0,250.0,125000.0,2025-03-19
2025031901015508,NBL,57,26,830.0,250.0,207500.0,2025-03-19
2025031901015507,NBL,29,26,500.0,250.0,125000.0,2025-03-19
2025031901015506,NBL,36,26,25.0,250.0,6250.0,2025-03-19
2025031901015505,NBL,17,26,30.0,250.0,7500.0,2025-03-19
2025031901015504,NBL,50,26,100.0,250.0,25000.0,2025-03-19
2025031901015503,NBL,19,26,30.0,250.0,7500.0,2025-03-19
2025031901015502,NBL,19,26,40.0,250.0,10000.0,2025-03-19
2025031901015501,NBL,18,26,100.0,250.0,25000.0,2025-03-19
2025031901015500,NBL,36,26,10.0,250.0,2500.0,2025-03-19
2025031901015499,NBL,49,26,30.0,250.0,7500.0,2025-03-19
2025031901015498,NBL,17,26,1000.0,250.0,250000.0,2025-03-19
2025031901015497,NBL,35,26,100.0,250.0,25000.0,2025-03-19
2025031901015496,NBL,17,26,30.0,250.0,7500.0,2025-03-19
2025031901015495,NBL,11,26,500.0,250.0,125000.0,2025-03-19
2025031901015494,NBL,49,26,500.0,250.0,125000.0,2025-03-19
2025031901015493,NBL,58,26,400.0,250.0,100000.0,2025-03-19
2025031901015492,NBL,42,26,320.0,250.0,80000.0,2025-03-19
2025031901015491,NBL,10,26,100.0,250.1,25010.0,2025-03-19
2025031901015490,NBL,13,26,200.0,250.1,50020.0,2025-03-19
2025031904013554,RIDI,26,45,200.0,225.5,45100.0,2025-03-19
2025031901015489,UNLB,47,33,10.0,2357.0,23570.0,2025-03-19
2025031905011845,NRN,26,47,97.0,1405.0,136285.0,2025-03-19
2025031901015488,MKJC,21,14,100.0,556.9,55690.0,2025-03-19
2025031901015487,NIMB,21,22,50.0,214.6,10730.0,2025-03-19
2025031903012654,GFCL,48,40,35.0,693.0,24255.0,2025-03-19
2025031903012653,GFCL,48,40,47.0,693.0,32571.0,2025-03-19
2025031901015486,GMLI,55,7,10.0,1942.0,19420.0,2025-03-19
2025031904013553,API,39,45,20.0,274.9,5498.0,2025-03-19
2025031901015485,MBL,38,84,150.0,227.1,34065.0,2025-03-19
2025031901015484,MBL,52,84,150.0,227.1,34065.0,2025-03-19
2025031901015483,NBL,16,38,98.0,250.1,24509.8,2025-03-19
2025031901015482,SBL,50,58,10.0,287.0,2870.0,2025-03-19
2025031903012652,NLICL,35,8,100.0,639.5,63950.0,2025-03-19
2025031903012651,MPFL,41,57,10.0,649.0,6490.0,2025-03-19
2025031905011844,NRIC,49,58,53.0,1282.0,67946.0,2025-03-19
2025031903012650,SKBBL,13,64,40.0,808.0,32320.0,2025-03-19
2025031903012649,SINDU,44,39,50.0,1083.0,54150.0,2025-03-19
2025031904013552,SHPC,44,32,100.0,467.0,46700.0,2025-03-19
2025031904013551,NGPL,42,58,170.0,277.0,47090.0,2025-03-19
2025031904013550,NGPL,42,32,200.0,276.9,55380.0,2025-03-19
2025031905011843,SMATA,48,21,32.0,822.0,26304.0,2025-03-19
2025031905011842,SMATA,45,21,18.0,822.1,14797.8,2025-03-19
2025031904013549,UNHPL,49,49,60.0,315.0,18900.0,2025-03-19
2025031903012648,NFS,20,45,70.0,717.0,50190.0,2025-03-19
2025031903012647,PFL,14,38,200.0,436.9,87380.0,2025-03-19
2025031904013548,HURJA,4,39,300.0,240.2,72060.0,2025-03-19
2025031903012646,GLBSL,45,75,10.0,2899.0,28990.0,2025-03-19
2025031903012645,RSDC,39,60,10.0,712.9,7129.0,2025-03-19
2025031905011841,RNLI,52,14,10.0,550.0,5500.0,2025-03-19
2025031903012644,SLBSL,25,62,10.0,2151.0,21510.0,2025-03-19
2025031904013547,CHL,99,34,200.0,521.0,104200.0,2025-03-19
2025031904013546,IGI,34,26,42.0,597.0,25074.0,2025-03-19
2025031904013545,HPPL,35,44,2330.0,612.0,1425960.0,2025-03-19
2025031904013544,HPPL,35,66,500.0,611.0,305500.0,2025-03-19
2025031904013543,HPPL,35,42,90.0,610.0,54900.0,2025-03-19
2025031904013542,HPPL,35,57,300.0,610.0,183000.0,2025-03-19
2025031904013541,HPPL,35,35,300.0,610.0,183000.0,2025-03-19
2025031904013540,HPPL,35,56,40.0,610.0,24400.0,2025-03-19
2025031904013539,HPPL,35,29,400.0,609.0,243600.0,2025-03-19
2025031904013538,HPPL,35,14,500.0,609.0,304500.0,2025-03-19
2025031904013537,HPPL,35,13,100.0,608.8,60880.0,2025-03-19
2025031904013536,HPPL,35,39,50.0,608.0,30400.0,2025-03-19
2025031904013535,HPPL,35,57,200.0,608.0,121600.0,2025-03-19
2025031904013534,HPPL,35,14,190.0,607.9,115501.0,2025-03-19
2025031901015481,AVYAN,22,38,10.0,1070.0,10700.0,2025-03-19
2025031901015480,KDL,19,13,80.0,1142.0,91360.0,2025-03-19
2025031901015479,KDL,22,13,10.0,1142.0,11420.0,2025-03-19
2025031904013533,AHPC,58,84,231.0,257.9,59574.9,2025-03-19
2025031905011840,ILI,6,42,164.0,474.0,77736.0,2025-03-19
2025031901015478,MEHL,43,21,147.0,561.0,82467.0,2025-03-19
2025031901015477,MEHL,42,21,83.0,561.0,46563.0,2025-03-19
2025031901015476,MEHL,42,21,100.0,561.1,56110.0,2025-03-19
2025031901015475,MEHL,16,21,90.0,561.3,50517.0,2025-03-19
2025031901015474,MEHL,57,21,40.0,561.6,22464.0,2025-03-19
2025031901015473,MEHL,8,21,30.0,562.0,16860.0,2025-03-19
2025031901015472,MEHL,57,21,10.0,564.0,5640.0,2025-03-19
2025031904013532,UPPER,42,49,15.0,202.5,3037.5,2025-03-19
2025031904013531,UPPER,25,49,85.0,202.5,17212.5,2025-03-19
2025031901015471,KBL,49,45,400.0,206.0,82400.0,2025-03-19
2025031903012643,LBBL,100,58,10000.0,440.0,4400000.0,2025-03-19
2025031901015470,BEDC,57,28,10.0,836.1,8361.0,2025-03-19
2025031901015469,CZBIL,43,4,774.0,209.2,161920.8,2025-03-19
2025031901015468,CZBIL,47,4,100.0,209.2,20920.0,2025-03-19
2025031901015467,CZBIL,28,4,16.0,209.2,3347.2,2025-03-19
2025031901015466,CZBIL,34,4,90.0,209.3,18837.0,2025-03-19
2025031901015465,CZBIL,19,4,20.0,209.3,4186.0,2025-03-19
2025031904013530,IGI,1,6,32.0,592.5,18960.0,2025-03-19
2025031901015464,BEDC,57,19,10.0,836.1,8361.0,2025-03-19
2025031905011839,NIFRA,60,91,10.0,268.0,2680.0,2025-03-19
2025031903012642,GUFL,13,57,58.0,605.0,35090.0,2025-03-19
2025031903012641,GUFL,14,57,22.0,605.0,13310.0,2025-03-19
2025031903012640,GUFL,44,57,50.0,605.1,30255.0,2025-03-19
2025031901015463,TPC,34,57,15.0,538.0,8070.0,2025-03-19
2025031901015462,TPC,37,57,55.0,538.1,29595.5,2025-03-19
2025031901015461,TPC,5,57,50.0,538.1,26905.0,2025-03-19
2025031904013529,AKJCL,55,21,100.0,206.0,20600.0,2025-03-19
2025031905011838,HIDCL,42,32,400.0,266.0,106400.0,2025-03-19
2025031905011837,HIDCL,32,32,590.0,266.0,156940.0,2025-03-19
2025031905011836,SAHAS,51,45,20.0,506.2,10124.0,2025-03-19
2025031901015460,BEDC,57,70,10.0,836.1,8361.0,2025-03-19
2025031901015459,HIDCLP,59,25,10.0,175.9,1759.0,2025-03-19
2025031901015458,HIDCLP,26,25,10.0,175.9,1759.0,2025-03-19
2025031905011835,PHCL,58,47,30.0,607.5,18225.0,2025-03-19
2025031903012639,EDBL,29,6,10.0,666.0,6660.0,2025-03-19
2025031904013528,AHPC,21,58,10.0,257.8,2578.0,2025-03-19
2025031903012638,SADBL,11,43,337.0,408.1,137529.7,2025-03-19
2025031903012637,SADBL,80,43,50.0,408.2,20410.0,2025-03-19
2025031903012636,SADBL,48,43,300.0,408.2,122460.0,2025-03-19
2025031904013527,UMRH,77,62,60.0,644.0,38640.0,2025-03-19
2025031904013526,UMRH,77,42,40.0,643.0,25720.0,2025-03-19
2025031901015457,ULHC,57,56,19.0,511.6,9720.4,2025-03-19
2025031901015456,ULHC,46,56,86.0,512.0,44032.0,2025-03-19
2025031901015455,ULHC,14,56,20.0,512.1,10242.0,2025-03-19
2025031901015454,ULHC,33,56,65.0,513.0,33345.0,2025-03-19
2025031901015453,ULHC,36,56,10.0,513.1,5131.0,2025-03-19
2025031905011834,HRL,33,99,1147.0,976.0,1119472.0,2025-03-19
2025031905011833,HRL,49,99,10.0,976.1,9761.0,2025-03-19
2025031905011832,HRL,45,99,100.0,976.1,97610.0,2025-03-19
2025031905011831,HRL,84,99,1000.0,976.1,976100.0,2025-03-19
2025031905011830,HRL,14,99,268.0,976.1,261594.8,2025-03-19
2025031905011829,HRL,56,99,253.0,976.3,247003.9,2025-03-19
2025031905011828,HRL,34,99,89.0,976.3,86890.7,2025-03-19
2025031905011827,HRL,34,99,20.0,976.4,19528.0,2025-03-19
2025031905011826,HRL,3,99,98.0,976.5,95697.0,2025-03-19
2025031905011825,HRL,58,99,15.0,976.6,14649.0,2025-03-19
2025031905011824,HRL,41,99,100.0,977.0,97700.0,2025-03-19
2025031905011823,HRL,22,99,700.0,977.0,683900.0,2025-03-19
2025031903012635,LBBL,25,58,30.0,440.0,13200.0,2025-03-19
2025031905011822,GCIL,38,45,10.0,542.9,5429.0,2025-03-19
2025031903012634,BFC,46,38,80.0,579.0,46320.0,2025-03-19
2025031903012633,BFC,57,38,10.0,579.0,5790.0,2025-03-19
2025031903012632,BFC,16,38,100.0,579.2,57920.0,2025-03-19
2025031905011821,NRIC,49,4,10.0,1282.0,12820.0,2025-03-19
2025031903012631,PROFL,28,38,10.0,540.0,5400.0,2025-03-19
2025031903012630,PROFL,52,38,40.0,540.0,21600.0,2025-03-19
2025031903012629,PROFL,49,38,10.0,540.0,5400.0,2025-03-19
2025031903012628,PROFL,41,38,50.0,540.0,27000.0,2025-03-19
2025031903012627,PROFL,38,38,50.0,540.0,27000.0,2025-03-19
2025031903012626,PROFL,51,38,40.0,540.0,21600.0,2025-03-19
2025031901015452,PRVU,54,17,100.0,215.5,21550.0,2025-03-19
2025031901015451,GSY,66,39,100.0,9.8,980.0,2025-03-19
2025031904013525,NHPC,14,50,305.0,212.3,64751.5,2025-03-19
2025031904013524,NHPC,58,50,100.0,212.5,21250.0,2025-03-19
2025031904013523,NHPC,42,50,20.0,212.5,4250.0,2025-03-19
2025031904013522,NHPC,58,50,100.0,212.6,21260.0,2025-03-19
2025031904013521,NHPC,42,50,100.0,212.6,21260.0,2025-03-19
2025031904013520,NHPC,36,50,500.0,212.6,106300.0,2025-03-19
2025031904013519,NHPC,6,50,150.0,212.6,31890.0,2025-03-19
2025031904013518,NHPC,95,50,725.0,212.6,154135.0,2025-03-19
2025031905011820,MEL,54,34,140.0,327.0,45780.0,2025-03-19
2025031903012625,MFIL,50,57,100.0,618.0,61800.0,2025-03-19
2025031903012624,MFIL,41,57,30.0,618.0,18540.0,2025-03-19
2025031903012623,MFIL,44,57,20.0,618.0,12360.0,2025-03-19
2025031905011819,ILI,6,34,12.0,474.0,5688.0,2025-03-19
2025031903012622,MFIL,62,57,35.0,618.0,21630.0,2025-03-19
2025031904013517,IGI,32,53,100.0,592.3,59230.0,2025-03-19
2025031903012621,GFCL,48,69,100.0,693.0,69300.0,2025-03-19
2025031905011818,GCIL,41,59,67.0,540.7,36226.9,2025-03-19
2025031905011817,GCIL,36,59,50.0,540.8,27040.0,2025-03-19
2025031905011816,GCIL,56,59,51.0,540.8,27580.8,2025-03-19
2025031903012620,KSBBL,5,13,20.0,440.1,8802.0,2025-03-19
2025031905011815,HIDCL,32,26,310.0,266.0,82460.0,2025-03-19
2025031905011814,HIDCL,42,26,500.0,266.0,133000.0,2025-03-19
2025031905011813,HIDCL,52,26,190.0,266.0,50540.0,2025-03-19
2025031901015450,GMLI,55,47,10.0,1942.0,19420.0,2025-03-19
2025031905011812,PHCL,69,58,240.0,607.3,145752.0,2025-03-19
2025031905011811,PHCL,72,58,100.0,607.4,60740.0,2025-03-19
2025031905011810,RNLI,58,14,10.0,550.0,5500.0,2025-03-19
2025031903012619,MLBSL,20,21,28.0,2251.0,63028.0,2025-03-19
2025031903012618,MLBSL,42,21,20.0,2251.1,45022.0,2025-03-19
2025031903012617,MLBSL,11,21,50.0,2252.0,112600.0,2025-03-19
2025031903012616,MLBSL,32,21,35.0,2255.0,78925.0,2025-03-19
2025031903012615,MLBSL,43,21,20.0,2255.0,45100.0,2025-03-19
2025031903012614,MLBSL,43,21,47.0,2255.0,105985.0,2025-03-19
2025031904013516,UPPER,79,34,74.0,202.6,14992.4,2025-03-19
2025031904013515,GHL,29,39,100.0,299.0,29900.0,2025-03-19
2025031904013514,GHL,7,39,75.0,299.0,22425.0,2025-03-19
2025031903012613,CFCL,28,53,2000.0,554.0,1108000.0,2025-03-19
2025031904013513,BPCL,40,25,305.0,393.5,120017.5,2025-03-19
2025031904013512,BPCL,32,25,100.0,393.6,39360.0,2025-03-19
2025031903012612,MFIL,62,71,20.0,618.0,12360.0,2025-03-19
2025031903012611,MLBL,49,19,45.0,417.0,18765.0,2025-03-19
2025031903012610,MLBL,42,19,105.0,417.0,43785.0,2025-03-19
2025031903012609,MLBL,7,19,20.0,417.1,8342.0,2025-03-19
2025031903012608,MLBL,46,19,80.0,418.0,33440.0,2025-03-19
2025031903012607,MLBL,58,19,20.0,418.0,8360.0,2025-03-19
2025031903012606,MLBL,28,19,100.0,418.0,41800.0,2025-03-19
2025031903012605,MLBL,48,19,310.0,418.0,129580.0,2025-03-19
2025031903012604,MLBL,48,19,20.0,418.1,8362.0,2025-03-19
2025031901015449,ULBSL,51,14,10.0,3674.0,36740.0,2025-03-19
2025031904013511,UMRH,69,42,10.0,643.0,6430.0,2025-03-19
2025031901015448,MMKJL,77,91,20.0,724.0,14480.0,2025-03-19
2025031901015447,MMKJL,77,65,50.0,724.0,36200.0,2025-03-19
2025031901015446,MMKJL,77,57,100.0,722.0,72200.0,2025-03-19
2025031901015445,MMKJL,77,17,10.0,722.0,7220.0,2025-03-19
2025031901015444,MMKJL,77,34,10.0,722.0,7220.0,2025-03-19
2025031901015443,MMKJL,77,58,10.0,720.0,7200.0,2025-03-19
2025031903012603,RLFL,88,5,10.0,529.8,5298.0,2025-03-19
2025031903012602,SLBSL,86,65,20.0,2399.9,47998.0,2025-03-19
2025031903012601,SLBSL,86,58,30.0,2399.0,71970.0,2025-03-19
2025031903012600,SLBSL,86,47,100.0,2398.0,239800.0,2025-03-19
2025031903012599,SLBSL,86,11,100.0,2390.0,239000.0,2025-03-19
2025031903012598,ACLBSL,35,52,200.0,1100.0,220000.0,2025-03-19
2025031903012597,MLBL,48,38,980.0,418.1,409738.0,2025-03-19
2025031903012596,MLBL,53,38,320.0,418.1,133792.0,2025-03-19
2025031901015442,DORDI,55,32,100.0,383.0,38300.0,2025-03-19
2025031901015441,PCBL,38,32,194.0,252.7,49023.8,2025-03-19
2025031901015440,NIMB,22,22,400.0,214.6,85840.0,2025-03-19
2025031903012595,GLBSL,45,53,20.0,2899.0,57980.0,2025-03-19
2025031901015439,SIKLES,45,35,10.0,1157.0,11570.0,2025-03-19
2025031904013510,NICL,49,16,10.0,995.1,9951.0,2025-03-19
2025031905011809,NTC,57,77,80.0,902.0,72160.0,2025-03-19
2025031903012594,SMFBS,18,26,10.0,1880.0,18800.0,2025-03-19
2025031903012593,MSLB,44,58,10.0,1326.0,13260.0,2025-03-19
2025031903012592,PMLI,45,25,500.0,576.4,288200.0,2025-03-19
2025031904013509,NLG,36,21,25.0,860.0,21500.0,2025-03-19
2025031904013508,NLG,36,56,67.0,860.0,57620.0,2025-03-19
2025031901015438,CKHL,57,7,170.0,743.3,126361.0,2025-03-19
2025031901015437,CKHL,58,7,100.0,744.0,74400.0,2025-03-19
2025031901015436,CKHL,3,7,10.0,749.0,7490.0,2025-03-19
2025031901015435,CKHL,39,7,40.0,750.0,30000.0,2025-03-19
2025031904013507,SHEL,55,18,450.0,256.3,115335.0,2025-03-19
2025031903012591,DDBL,57,63,19.0,785.9,14932.1,2025-03-19
2025031903012590,DDBL,57,43,11.0,785.0,8635.0,2025-03-19
2025031903012589,NMLBBL,49,57,10.0,663.1,6631.0,2025-03-19
2025031904013506,GHL,53,45,30.0,299.9,8997.0,2025-03-19
2025031904013505,GHL,53,72,1000.0,299.8,299800.0,2025-03-19
2025031904013504,GHL,53,13,90.0,299.8,26982.0,2025-03-19
2025031904013503,GHL,53,58,480.0,299.7,143856.0,2025-03-19
2025031904013502,SPDL,13,36,95.0,330.9,31435.5,2025-03-19
2025031904013501,SPDL,59,36,155.0,332.0,51460.0,2025-03-19
2025031904013500,AHPC,21,45,90.0,257.8,23202.0,2025-03-19
2025031901015434,BEDC,58,70,10.0,840.0,8400.0,2025-03-19
2025031904013499,GLH,11,39,40.0,250.0,10000.0,2025-03-19
2025031905011808,CIT,49,8,10.0,1974.5,19745.0,2025-03-19
2025031903012588,HLI,88,45,47.0,425.6,20003.2,2025-03-19
2025031903012587,MPFL,45,19,60.0,648.0,38880.0,2025-03-19
2025031901015433,ADBL,50,54,15.0,286.5,4297.5,2025-03-19
2025031901015432,NIMB,7,57,20.0,214.7,4294.0,2025-03-19
2025031905011807,GCIL,56,38,49.0,540.8,26499.2,2025-03-19
2025031905011806,GCIL,39,38,51.0,540.8,27580.8,2025-03-19
2025031903012586,SADBL,34,43,30.0,409.0,12270.0,2025-03-19
2025031903012585,SADBL,34,41,10.0,408.9,4089.0,2025-03-19
2025031901015431,KBL,34,49,100.0,206.1,20610.0,2025-03-19
2025031901015430,GMLI,55,34,10.0,1942.0,19420.0,2025-03-19
2025031904013498,HPPL,34,14,10.0,607.9,6079.0,2025-03-19
2025031904013497,UPCL,57,35,23.0,299.3,6883.9,2025-03-19
2025031905011805,SMATA,45,57,42.0,822.1,34528.2,2025-03-19
2025031905011804,SMATA,17,57,30.0,822.2,24666.0,2025-03-19
2025031905011803,SMATA,4,57,70.0,822.2,57554.0,2025-03-19
2025031904013496,AKPL,22,57,72.0,230.4,16588.8,2025-03-19
2025031904013495,AKPL,54,57,50.0,230.8,11540.0,2025-03-19
2025031904013494,AKPL,32,57,638.0,231.0,147378.0,2025-03-19
2025031903012584,SIFC,26,22,100.0,533.1,53310.0,2025-03-19
2025031903012583,SIFC,54,22,200.0,535.0,107000.0,2025-03-19
2025031904013493,UPCL,38,35,477.0,299.3,142766.1,2025-03-19
2025031905011802,HRL,22,16,150.0,977.0,146550.0,2025-03-19
2025031901015429,NIMB,22,45,100.0,214.6,21460.0,2025-03-19
2025031905011801,SONA,29,1,100.0,471.0,47100.0,2025-03-19
2025031905011800,SONA,91,1,50.0,471.1,23555.0,2025-03-19
2025031905011799,SONA,16,1,50.0,471.7,23585.0,2025-03-19
2025031901015428,BHDC,71,10,210.0,609.9,128079.0,2025-03-19
2025031901015427,BHDC,71,41,50.0,608.8,30440.0,2025-03-19
2025031901015426,BHDC,71,49,50.0,608.0,30400.0,2025-03-19
2025031904013492,HDHPC,57,35,225.0,200.0,45000.0,2025-03-19
2025031903012582,ALBSL,35,57,49.0,845.0,41405.0,2025-03-19
2025031903012581,ALBSL,20,57,100.0,845.0,84500.0,2025-03-19
2025031903012580,ALBSL,52,57,10.0,845.0,8450.0,2025-03-19
2025031903012579,ALBSL,44,57,10.0,846.0,8460.0,2025-03-19
2025031903012578,ALBSL,44,57,21.0,846.0,17766.0,2025-03-19
2025031903012577,ALBSL,6,57,50.0,846.1,42305.0,2025-03-19
2025031903012576,ALBSL,33,57,100.0,848.0,84800.0,2025-03-19
2025031903012575,ALBSL,54,57,10.0,849.0,8490.0,2025-03-19
2025031903012574,PROFL,57,36,100.0,541.0,54100.0,2025-03-19
2025031904013491,AKPL,32,21,500.0,231.0,115500.0,2025-03-19
2025031904013490,AKPL,32,57,12.0,231.0,2772.0,2025-03-19
2025031904013489,AKPL,32,42,150.0,231.0,34650.0,2025-03-19
2025031904013488,PPCL,10,26,159.0,326.0,51834.0,2025-03-19
2025031904013487,PPCL,10,41,70.0,326.0,22820.0,2025-03-19
2025031904013486,PPCL,10,52,271.0,326.0,88346.0,2025-03-19
2025031903012573,GBBL,26,43,200.0,398.0,79600.0,2025-03-19
2025031904013485,UPPER,21,34,50.0,202.6,10130.0,2025-03-19
2025031903012572,SINDU,58,39,40.0,1083.0,43320.0,2025-03-19
2025031903012571,SINDU,58,58,37.0,1083.0,40071.0,2025-03-19
2025031901015425,GMLI,55,40,10.0,1942.0,19420.0,2025-03-19
2025031901015424,NICA,58,39,50.0,372.0,18600.0,2025-03-19
2025031901015423,NICA,19,39,49.0,372.1,18232.9,2025-03-19
2025031901015422,SPHL,58,49,10.0,766.0,7660.0,2025-03-19
2025031905011798,NRM,49,45,50.0,492.0,24600.0,2025-03-19
2025031904013484,UMHL,45,21,10.0,438.0,4380.0,2025-03-19
2025031905011797,NIFRA,60,91,10.0,268.0,2680.0,2025-03-19
2025031904013483,BARUN,67,58,200.0,508.0,101600.0,2025-03-19
2025031904013482,UMHL,55,21,40.0,438.0,17520.0,2025-03-19
2025031904013481,SPDL,59,57,75.0,332.0,24900.0,2025-03-19
2025031905011796,CLI,48,44,10.0,515.0,5150.0,2025-03-19
2025031905011795,GCIL,39,18,280.0,540.8,151424.0,2025-03-19
2025031905011794,GCIL,91,18,70.0,540.9,37863.0,2025-03-19
2025031901015421,SARBTM,48,42,62.0,805.0,49910.0,2025-03-19
2025031901015420,SARBTM,14,42,30.0,805.0,24150.0,2025-03-19
2025031901015419,SARBTM,87,42,22.0,805.0,17710.0,2025-03-19
2025031901015418,SARBTM,87,42,350.0,805.0,281750.0,2025-03-19
2025031901015417,SARBTM,65,42,36.0,805.0,28980.0,2025-03-19
2025031901015416,SNLI,42,42,2.0,664.0,1328.0,2025-03-19
2025031905011793,MEL,54,58,10.0,327.0,3270.0,2025-03-19
2025031904013480,SSHL,28,45,250.0,233.6,58400.0,2025-03-19
2025031904013479,GHL,60,58,10.0,299.7,2997.0,2025-03-19
2025031905011792,ENL,36,33,10.0,1133.0,11330.0,2025-03-19
2025031901015415,EHPL,7,48,10.0,758.0,7580.0,2025-03-19
2025031905011791,GCIL,38,14,30.0,541.0,16230.0,2025-03-19
2025031904013478,HDHPC,45,51,800.0,199.9,159920.0,2025-03-19
2025031904013477,HDHPC,8,51,200.0,199.9,39980.0,2025-03-19
2025031903012570,VLBS,53,58,10.0,857.9,8579.0,2025-03-19
2025031904013476,SPDL,59,45,100.0,332.0,33200.0,2025-03-19
2025031901015414,PCBL,38,29,200.0,252.7,50540.0,2025-03-19
2025031903012569,USLB,47,18,60.0,1679.0,100740.0,2025-03-19
2025031903012568,USLB,48,18,40.0,1680.0,67200.0,2025-03-19
2025031903012567,SKBBL,45,64,10.0,808.0,8080.0,2025-03-19
2025031904013475,SSHL,28,62,264.0,233.6,61670.4,2025-03-19
2025031903012566,RSDC,39,60,10.0,712.9,7129.0,2025-03-19
2025031905011790,NRIC,49,33,250.0,1282.0,320500.0,2025-03-19
2025031901015413,NWCL,34,38,20.0,973.0,19460.0,2025-03-19
2025031903012565,JBBL,38,1,10.0,352.0,3520.0,2025-03-19
2025031904013474,SPDL,59,57,500.0,331.0,165500.0,2025-03-19
2025031904013473,SPDL,59,57,500.0,331.0,165500.0,2025-03-19
2025031905011789,HRL,34,99,200.0,978.0,195600.0,2025-03-19
2025031905011788,HRL,34,82,200.0,978.0,195600.0,2025-03-19
2025031905011787,HRL,34,41,100.0,978.0,97800.0,2025-03-19
2025031905011786,RNLI,6,14,29.0,550.0,15950.0,2025-03-19
2025031903012564,MNBBL,42,6,100.0,371.0,37100.0,2025-03-19
2025031904013472,UPPER,41,34,100.0,202.6,20260.0,2025-03-19
2025031901015412,MKHC,49,7,50.0,534.0,26700.0,2025-03-19
2025031901015411,HIDCLP,7,25,1000.0,175.9,175900.0,2025-03-19
2025031901015410,HIDCLP,48,25,768.0,176.0,135168.0,2025-03-19
2025031905011785,HIDCL,52,1,10.0,266.0,2660.0,2025-03-19
2025031905011784,HIDCL,41,1,20.0,266.0,5320.0,2025-03-19
2025031905011783,HIDCL,84,1,100.0,266.0,26600.0,2025-03-19
2025031904013471,CHL,99,19,200.0,521.0,104200.0,2025-03-19
2025031904013470,HDHPC,55,35,1000.0,200.0,200000.0,2025-03-19
2025031903012563,KSBBL,5,51,180.0,440.1,79218.0,2025-03-19
2025031905011782,HRL,22,41,150.0,977.0,146550.0,2025-03-19
2025031901015409,HHL,34,45,10.0,509.9,5099.0,2025-03-19
2025031904013469,GHL,7,13,500.0,299.0,149500.0,2025-03-19
2025031904013468,KKHC,59,6,10.0,358.0,3580.0,2025-03-19
2025031905011781,NRIC,49,13,177.0,1282.0,226914.0,2025-03-19
2025031901015408,LSL,13,22,146.0,223.7,32660.2,2025-03-19
2025031901015407,LSL,13,22,11.0,223.7,2460.7,2025-03-19
2025031901015406,LSL,13,47,10.0,223.6,2236.0,2025-03-19
2025031901015405,LSL,13,47,218.0,223.5,48723.0,2025-03-19
2025031901015404,LSL,13,59,100.0,222.0,22200.0,2025-03-19
2025031901015403,LSL,13,14,15.0,222.0,3330.0,2025-03-19
2025031904013467,NGPL,4,81,500.0,276.2,138100.0,2025-03-19
2025031903012562,MFIL,62,44,100.0,618.0,61800.0,2025-03-19
2025031901015402,UNLB,47,14,140.0,2321.0,324940.0,2025-03-19
2025031905011780,ILI,6,8,100.0,474.0,47400.0,2025-03-19
2025031904013466,HPPL,3,75,39.0,605.2,23602.8,2025-03-19
2025031904013465,HPPL,38,75,1961.0,605.3,1186993.3,2025-03-19
2025031905011779,RNLI,58,14,150.0,550.0,82500.0,2025-03-19
2025031905011778,RNLI,57,14,825.0,550.0,453750.0,2025-03-19
2025031903012561,ILBS,58,13,10.0,969.0,9690.0,2025-03-19
2025031901015401,JBLB,52,4,30.0,1352.2,40566.0,2025-03-19
2025031901015400,JBLB,7,4,10.0,1352.5,13525.0,2025-03-19
2025031901015399,JBLB,50,4,10.0,1353.0,13530.0,2025-03-19
2025031901015398,SNLI,4,58,25.0,664.0,16600.0,2025-03-19
2025031905011777,RNLI,57,52,11.0,550.0,6050.0,2025-03-19
2025031903012560,MSLB,45,19,10.0,1330.0,13300.0,2025-03-19
2025031905011776,NIFRA,57,25,207.0,267.7,55413.9,2025-03-19
2025031905011775,SMJC,33,4,507.0,610.0,309270.0,2025-03-19
2025031901015397,MKJC,55,14,10.0,556.9,5569.0,2025-03-19
2025031901015396,EBL,38,51,650.0,608.0,395200.0,2025-03-19
2025031901015395,EBL,40,51,20.0,608.1,12162.0,2025-03-19
2025031901015394,EBL,22,51,30.0,608.2,18246.0,2025-03-19
2025031901015393,EBL,44,51,300.0,608.2,182460.0,2025-03-19
2025031901015392,GMLI,55,38,200.0,1942.0,388400.0,2025-03-19
2025031901015391,SANIMA,38,38,117.0,302.2,35357.4,2025-03-19
2025031901015390,SANIMA,53,38,200.0,302.2,60440.0,2025-03-19
2025031901015389,SANIMA,62,38,500.0,303.0,151500.0,2025-03-19
2025031901015388,SANIMA,58,38,100.0,303.0,30300.0,2025-03-19
2025031901015387,SANIMA,19,38,15.0,303.0,4545.0,2025-03-19
2025031901015386,SANIMA,48,38,100.0,303.0,30300.0,2025-03-19
2025031901015385,SANIMA,22,38,22.0,303.0,6666.0,2025-03-19
2025031901015384,SANIMA,42,38,33.0,303.0,9999.0,2025-03-19
2025031901015383,SANIMA,6,38,169.0,303.0,51207.0,2025-03-19
2025031901015382,SANIMA,18,38,10.0,303.0,3030.0,2025-03-19
2025031901015381,SANIMA,67,38,75.0,303.0,22725.0,2025-03-19
2025031901015380,SANIMA,58,38,10.0,303.0,3030.0,2025-03-19
2025031901015379,SANIMA,17,38,100.0,303.0,30300.0,2025-03-19
2025031901015378,SANIMA,11,38,100.0,303.0,30300.0,2025-03-19
2025031901015377,SANIMA,57,38,100.0,303.0,30300.0,2025-03-19
2025031901015376,SANIMA,11,38,50.0,303.0,15150.0,2025-03-19
2025031901015375,SANIMA,42,38,20.0,303.0,6060.0,2025-03-19
2025031901015374,SANIMA,4,38,10.0,303.0,3030.0,2025-03-19
2025031901015373,SANIMA,36,38,177.0,303.0,53631.0,2025-03-19
2025031901015372,SANIMA,38,38,300.0,303.1,90930.0,2025-03-19
2025031901015371,SANIMA,52,38,1000.0,303.1,303100.0,2025-03-19
2025031901015370,SANIMA,84,38,932.0,303.5,282862.0,2025-03-19
2025031901015369,SANIMA,41,38,200.0,303.7,60740.0,2025-03-19
2025031901015368,SANIMA,62,38,1000.0,303.7,303700.0,2025-03-19
2025031901015367,SANIMA,54,38,500.0,303.8,151900.0,2025-03-19
2025031901015366,SANIMA,13,38,1000.0,303.8,303800.0,2025-03-19
2025031903012559,NFS,39,64,150.0,715.1,107265.0,2025-03-19
2025031903012558,NFS,58,64,50.0,716.0,35800.0,2025-03-19
2025031903012557,CBBL,57,16,15.0,861.6,12924.0,2025-03-19
2025031904013464,RADHI,87,16,13.0,392.0,5096.0,2025-03-19
2025031903012556,WNLB,64,14,10.0,3105.0,31050.0,2025-03-19
2025031901015365,KBL,28,49,13.0,206.1,2679.3,2025-03-19
2025031904013463,SHPC,36,32,68.0,467.0,31756.0,2025-03-19
2025031904013462,SHPC,36,57,32.0,467.0,14944.0,2025-03-19
2025031905011774,VLUCL,57,68,203.0,695.1,141105.3,2025-03-19
2025031905011773,VLUCL,6,68,100.0,695.2,69520.0,2025-03-19
2025031905011772,VLUCL,6,68,30.0,695.2,20856.0,2025-03-19
2025031903012555,MNBBL,50,6,15.0,371.0,5565.0,2025-03-19
2025031904013461,SSHL,80,57,200.0,234.0,46800.0,2025-03-19
2025031905011771,SAHAS,48,55,272.0,506.0,137632.0,2025-03-19
2025031905011770,SAHAS,41,55,100.0,506.1,50610.0,2025-03-19
2025031905011769,SAHAS,33,55,128.0,506.2,64793.6,2025-03-19
2025031901015364,SNLI,57,58,10.0,664.0,6640.0,2025-03-19
2025031905011768,NIFRA,57,47,200.0,267.7,53540.0,2025-03-19
2025031904013460,API,57,45,50.0,274.9,13745.0,2025-03-19
2025031905011767,ILI,6,58,12.0,474.0,5688.0,2025-03-19
2025031905011766,ILI,6,54,12.0,474.0,5688.0,2025-03-19
2025031905011765,NIFRA,13,47,100.0,267.7,26770.0,2025-03-19
2025031903012554,HLBSL,91,29,10.0,971.9,9719.0,2025-03-19
2025031903012553,HLBSL,91,21,40.0,969.0,38760.0,2025-03-19
2025031905011764,PHCL,8,47,68.0,607.5,41310.0,2025-03-19
2025031903012552,MLBBL,21,42,10.0,1666.0,16660.0,2025-03-19
2025031905011763,GCIL,91,42,20.0,540.9,10818.0,2025-03-19
2025031901015363,NYADI,41,19,100.0,580.4,58040.0,2025-03-19
2025031903012551,MNBBL,14,6,100.0,371.0,37100.0,2025-03-19
2025031904013459,NIL,39,44,25.0,774.0,19350.0,2025-03-19
2025031904013458,NIL,39,45,25.0,774.0,19350.0,2025-03-19
2025031901015362,BNHC,13,39,100.0,524.1,52410.0,2025-03-19
2025031904013457,NICL,1,81,297.0,995.0,295515.0,2025-03-19
2025031904013456,SPDL,1,14,106.0,332.4,35234.4,2025-03-19
2025031904013455,SPDL,1,42,790.0,332.0,262280.0,2025-03-19
2025031901015361,SPL,61,49,10.0,903.0,9030.0,2025-03-19
2025031905011762,MBJC,66,52,10.0,331.9,3319.0,2025-03-19
2025031901015360,PRVU,51,51,732.0,215.7,157892.4,2025-03-19
2025031901015359,PRVU,51,22,513.0,215.7,110654.1,2025-03-19
2025031901015358,PRVU,51,58,310.0,215.6,66836.0,2025-03-19
2025031901015357,PRVU,51,58,360.0,215.4,77544.0,2025-03-19
2025031901015356,PRVU,51,45,400.0,215.1,86040.0,2025-03-19
2025031905011761,HATHY,43,57,40.0,1318.4,52736.0,2025-03-19
2025031905011760,HATHY,22,57,10.0,1318.5,13185.0,2025-03-19
2025031904013454,UPPER,25,34,110.0,202.5,22275.0,2025-03-19
2025031904013453,UPPER,13,34,40.0,202.5,8100.0,2025-03-19
2025031904013452,UPPER,49,34,850.0,202.5,172125.0,2025-03-19
2025031901015355,GMLI,55,34,10.0,1942.0,19420.0,2025-03-19
2025031904013451,CGH,65,34,160.0,886.0,141760.0,2025-03-19
2025031904013450,CGH,57,34,20.0,886.1,17722.0,2025-03-19
2025031904013449,CGH,16,34,20.0,886.1,17722.0,2025-03-19
2025031904013448,AKPL,13,42,200.0,231.0,46200.0,2025-03-19
2025031904013447,RURU,22,41,152.0,747.0,113544.0,2025-03-19
2025031904013446,RURU,16,41,50.0,747.1,37355.0,2025-03-19
2025031904013445,RURU,4,41,25.0,747.2,18680.0,2025-03-19
2025031904013444,RURU,58,41,155.0,747.5,115862.5,2025-03-19
2025031904013443,RURU,43,41,10.0,747.6,7476.0,2025-03-19
2025031905011759,HRL,91,41,100.0,978.0,97800.0,2025-03-19
2025031903012550,CFCL,14,53,10.0,554.0,5540.0,2025-03-19
2025031901015354,GMLI,55,4,10.0,1942.0,19420.0,2025-03-19
2025031901015353,HIDCLP,48,45,232.0,176.0,40832.0,2025-03-19
2025031901015352,HIDCLP,42,45,198.0,176.0,34848.0,2025-03-19
2025031901015351,HIDCLP,14,45,500.0,176.0,88000.0,2025-03-19
2025031901015350,HIDCLP,14,45,70.0,176.0,12320.0,2025-03-19
2025031905011758,HIDCL,45,57,20.0,267.0,5340.0,2025-03-19
2025031903012549,KMCDB,25,50,10.0,1050.0,10500.0,2025-03-19
2025031903012548,KMCDB,25,21,220.0,1050.0,231000.0,2025-03-19
2025031904013442,AHPC,72,45,10.0,257.8,2578.0,2025-03-19
2025031905011757,HATHY,22,61,10.0,1318.5,13185.0,2025-03-19
2025031905011756,NTC,57,67,40.0,902.0,36080.0,2025-03-19
2025031905011755,NTC,35,67,40.0,902.0,36080.0,2025-03-19
2025031905011754,NTC,13,67,20.0,902.0,18040.0,2025-03-19
2025031905011753,RNLI,50,17,100.0,551.0,55100.0,2025-03-19
2025031903012547,NLICL,65,51,950.0,639.0,607050.0,2025-03-19
2025031903012546,NLICL,53,51,50.0,639.1,31955.0,2025-03-19
2025031903012545,PROFL,51,48,240.0,540.0,129600.0,2025-03-19
2025031903012544,PROFL,38,48,20.0,540.1,10802.0,2025-03-19
2025031903012543,PROFL,45,48,40.0,540.1,21604.0,2025-03-19
2025031901015349,MKHC,34,7,23.0,534.0,12282.0,2025-03-19
2025031901015348,MKHC,34,47,77.0,532.0,40964.0,2025-03-19
2025031901015347,SANIMA,13,58,989.0,304.0,300656.0,2025-03-19
2025031901015346,SANIMA,13,26,11.0,304.0,3344.0,2025-03-19
2025031901015345,MHL,38,57,83.0,770.0,63910.0,2025-03-19
2025031901015344,MHL,38,17,10.0,769.5,7695.0,2025-03-19
2025031901015343,MHL,38,42,10.0,769.5,7695.0,2025-03-19
2025031901015342,MHL,38,58,10.0,769.1,7691.0,2025-03-19
2025031901015341,MHL,38,34,10.0,769.0,7690.0,2025-03-19
2025031901015340,MHL,38,56,10.0,768.0,7680.0,2025-03-19
2025031901015339,MHL,38,42,10.0,768.0,7680.0,2025-03-19
2025031901015338,MHL,38,14,30.0,768.0,23040.0,2025-03-19
2025031901015337,MHL,38,1,127.0,765.0,97155.0,2025-03-19
2025031901015336,SPHL,58,38,10.0,766.1,7661.0,2025-03-19
2025031905011752,HRL,91,48,100.0,978.0,97800.0,2025-03-19
2025031905011751,HRL,91,49,800.0,978.0,782400.0,2025-03-19
2025031904013441,RIDI,58,21,48.0,225.0,10800.0,2025-03-19
2025031901015335,SGHC,32,39,50.0,487.0,24350.0,2025-03-19
2025031903012542,MLBL,39,19,100.0,419.6,41960.0,2025-03-19
2025031904013440,NICL,49,81,50.0,995.0,49750.0,2025-03-19
2025031904013439,DHPL,58,55,50.0,410.5,20525.0,2025-03-19
2025031905011750,MEL,54,54,10.0,327.0,3270.0,2025-03-19
2025031905011749,MEL,54,38,30.0,327.0,9810.0,2025-03-19
2025031905011748,MEL,54,58,10.0,327.0,3270.0,2025-03-19
2025031905011747,CHDC,34,51,16.0,2281.0,36496.0,2025-03-19
2025031903012541,GFCL,48,41,53.0,693.0,36729.0,2025-03-19
2025031901015334,MNMF1,22,6,1000.0,9.06,9060.0,2025-03-19
2025031903012540,ICFC,39,59,130.0,625.1,81263.0,2025-03-19
2025031903012539,ICFC,41,59,20.0,625.2,12504.0,2025-03-19
2025031903012538,ICFC,44,59,30.0,625.3,18759.0,2025-03-19
2025031905011746,PHCL,8,59,432.0,607.5,262440.0,2025-03-19
2025031905011745,PHCL,44,59,50.0,607.5,30375.0,2025-03-19
2025031905011744,PHCL,54,59,18.0,607.5,10935.0,2025-03-19
2025031901015333,RAWA,38,13,110.0,902.1,99231.0,2025-03-19
2025031901015332,RAWA,21,13,100.0,902.2,90220.0,2025-03-19
2025031901015331,RAWA,62,13,20.0,902.2,18044.0,2025-03-19
2025031901015330,RAWA,4,13,40.0,903.1,36124.0,2025-03-19
2025031901015329,NBL,16,26,142.0,250.1,35514.2,2025-03-19
2025031901015328,NBL,17,26,350.0,250.2,87570.0,2025-03-19
2025031901015327,NBL,57,26,800.0,250.2,200160.0,2025-03-19
2025031901015326,NBL,49,26,145.0,250.3,36293.5,2025-03-19
2025031901015325,NBL,62,26,400.0,250.3,100120.0,2025-03-19
2025031901015324,NBL,17,26,381.0,250.3,95364.3,2025-03-19
2025031901015323,NBL,50,26,1000.0,250.4,250400.0,2025-03-19
2025031901015322,NBL,35,26,500.0,250.4,125200.0,2025-03-19
2025031901015321,NBL,32,26,200.0,250.5,50100.0,2025-03-19
2025031901015320,NBL,57,26,100.0,250.5,25050.0,2025-03-19
2025031901015319,NBL,38,26,500.0,250.5,125250.0,2025-03-19
2025031901015318,NBL,47,26,982.0,250.5,245991.0,2025-03-19
2025031903012537,GBBL,46,43,200.0,398.0,79600.0,2025-03-19
2025031901015317,SARBTM,5,45,50.0,807.0,40350.0,2025-03-19
2025031901015316,SARBTM,5,34,50.0,806.0,40300.0,2025-03-19
2025031901015315,RAWA,58,28,111.0,903.5,100288.5,2025-03-19
2025031901015314,RAWA,86,28,10.0,903.5,9035.0,2025-03-19
2025031903012536,LICN,28,49,50.0,998.0,49900.0,2025-03-19
2025031903012535,SKBBL,49,57,125.0,808.5,101062.5,2025-03-19
2025031904013438,BPCL,33,25,20.0,394.0,7880.0,2025-03-19
2025031905011743,HDL,47,58,70.0,1220.0,85400.0,2025-03-19
2025031901015313,SMHL,39,55,46.0,955.2,43939.2,2025-03-19
2025031901015312,SMHL,17,55,10.0,956.0,9560.0,2025-03-19
2025031904013437,MHNL,32,4,10.0,269.9,2699.0,2025-03-19
2025031904013436,CHL,99,48,200.0,521.0,104200.0,2025-03-19
2025031901015311,MMKJL,77,17,10.0,720.0,7200.0,2025-03-19
2025031901015310,MMKJL,77,57,50.0,720.0,36000.0,2025-03-19
2025031901015309,MMKJL,77,51,10.0,720.0,7200.0,2025-03-19
2025031901015308,MMKJL,77,38,10.0,720.0,7200.0,2025-03-19
2025031901015307,MMKJL,77,34,10.0,720.0,7200.0,2025-03-19
2025031901015306,MMKJL,77,25,32.0,719.0,23008.0,2025-03-19
2025031901015305,MMKJL,77,52,10.0,719.0,7190.0,2025-03-19
2025031901015304,MMKJL,77,52,10.0,715.0,7150.0,2025-03-19
2025031901015303,MMKJL,77,84,190.0,715.0,135850.0,2025-03-19
2025031901015302,MMKJL,77,38,265.0,710.0,188150.0,2025-03-19
2025031904013435,MEN,48,42,61.0,589.8,35977.8,2025-03-19
2025031901015301,SRLI,42,41,11.0,420.0,4620.0,2025-03-19
2025031901015300,SRLI,55,41,89.0,420.0,37380.0,2025-03-19
2025031903012534,NFS,34,52,10.0,717.0,7170.0,2025-03-19
2025031901015299,GMLI,55,62,10.0,1942.0,19420.0,2025-03-19
2025031901015298,NABIL,55,56,20.0,488.9,9778.0,2025-03-19
2025031904013434,KKHC,51,49,200.0,356.0,71200.0,2025-03-19
2025031905011742,NRN,54,47,10.0,1410.0,14100.0,2025-03-19
2025031901015297,BEDC,57,70,10.0,836.1,8361.0,2025-03-19
2025031901015296,SPC,98,34,20.0,547.0,10940.0,2025-03-19
2025031901015295,SPC,98,33,90.0,546.0,49140.0,2025-03-19
2025031905011741,NRIC,49,55,25.0,1282.0,32050.0,2025-03-19
2025031905011740,NRIC,11,55,75.0,1282.5,96187.5,2025-03-19
2025031903012533,JFL,57,22,15.0,514.0,7710.0,2025-03-19
2025031904013433,PPCL,32,52,10.0,326.0,3260.0,2025-03-19
2025031903012532,SHINE,4,48,50.0,420.0,21000.0,2025-03-19
2025031905011739,HDL,57,39,100.0,1220.9,122090.0,2025-03-19
2025031903012531,SJLIC,36,48,90.0,449.0,40410.0,2025-03-19
2025031904013432,AKJCL,48,21,1010.0,206.0,208060.0,2025-03-19
2025031905011738,CIT,51,34,10.0,1974.3,19743.0,2025-03-19
2025031901015294,MEHL,26,40,50.0,565.0,28250.0,2025-03-19
2025031904013431,CHL,99,44,300.0,521.0,156300.0,2025-03-19
2025031901015293,EHPL,42,53,549.0,752.0,412848.0,2025-03-19
2025031904013430,UMRH,28,57,500.0,642.0,321000.0,2025-03-19
2025031904013429,UMRH,28,48,172.0,642.0,110424.0,2025-03-19
2025031904013428,UMRH,28,17,10.0,642.0,6420.0,2025-03-19
2025031904013427,UMRH,28,80,275.0,641.9,176522.5,2025-03-19
2025031904013426,UMRH,28,68,10.0,641.0,6410.0,2025-03-19
2025031904013425,UMRH,28,45,10.0,640.0,6400.0,2025-03-19
2025031904013424,UMRH,28,5,1000.0,640.0,640000.0,2025-03-19
2025031904013423,UMRH,28,45,10.0,640.0,6400.0,2025-03-19
2025031904013422,UMRH,28,39,25.0,640.0,16000.0,2025-03-19
2025031904013421,UMRH,28,43,200.0,639.0,127800.0,2025-03-19
2025031904013420,UMRH,28,57,440.0,639.0,281160.0,2025-03-19
2025031903012530,SAPDBL,42,66,100.0,1165.0,116500.0,2025-03-19
2025031903012529,BFC,33,42,70.0,580.0,40600.0,2025-03-19
2025031905011737,SAHAS,33,6,328.0,506.2,166033.6,2025-03-19
2025031905011736,SAHAS,33,45,40.0,506.2,20248.0,2025-03-19
2025031905011735,SAHAS,33,41,74.0,506.2,37458.8,2025-03-19
2025031904013419,MEN,58,46,10.0,590.0,5900.0,2025-03-19
2025031901015292,ULHC,33,32,135.0,513.0,69255.0,2025-03-19
2025031901015291,ULHC,57,32,50.0,513.0,25650.0,2025-03-19
2025031905011734,NIFRA,26,81,282.0,267.2,75350.4,2025-03-19
2025031905011733,NIFRA,48,81,300.0,267.3,80190.0,2025-03-19
2025031905011732,NIFRA,17,81,1410.0,267.3,376893.0,2025-03-19
2025031905011731,NIFRA,49,81,500.0,267.4,133700.0,2025-03-19
2025031905011730,NIFRA,58,81,100.0,267.5,26750.0,2025-03-19
2025031905011729,NIFRA,28,81,408.0,267.6,109180.8,2025-03-19
2025031901015290,HHL,34,49,11.0,509.0,5599.0,2025-03-19
2025031901015289,HIDCLP,26,44,10.0,176.8,1768.0,2025-03-19
2025031903012528,GFCL,6,41,40.0,693.0,27720.0,2025-03-19
2025031903012527,GFCL,62,41,30.0,693.0,20790.0,2025-03-19
2025031903012526,GFCL,32,41,500.0,693.0,346500.0,2025-03-19
2025031903012525,GFCL,58,41,70.0,693.0,48510.0,2025-03-19
2025031903012524,GFCL,55,41,30.0,693.0,20790.0,2025-03-19
2025031903012523,GFCL,44,41,20.0,693.0,13860.0,2025-03-19
2025031903012522,GFCL,43,41,43.0,693.0,29799.0,2025-03-19
2025031903012521,GFCL,8,41,50.0,693.1,34655.0,2025-03-19
2025031903012520,GFCL,6,41,20.0,693.5,13870.0,2025-03-19
2025031903012519,GFCL,19,41,144.0,693.6,99878.4,2025-03-19
2025031901015288,KBL,40,14,200.0,206.2,41240.0,2025-03-19
2025031901015287,BEDC,57,28,20.0,836.1,16722.0,2025-03-19
2025031905011728,CHDC,34,52,30.0,2281.0,68430.0,2025-03-19
2025031903012518,MSLB,45,62,10.0,1330.0,13300.0,2025-03-19
2025031903012517,MSLB,45,49,10.0,1330.0,13300.0,2025-03-19
2025031903012516,MSLB,45,52,10.0,1329.0,13290.0,2025-03-19
2025031903012515,MSLB,45,45,10.0,1328.0,13280.0,2025-03-19
2025031903012514,SAPDBL,42,72,568.0,1165.0,661720.0,2025-03-19
2025031903012513,SAPDBL,42,72,500.0,1165.0,582500.0,2025-03-19
2025031903012512,SAPDBL,38,72,500.0,1165.1,582550.0,2025-03-19
2025031903012511,SAPDBL,66,72,100.0,1165.1,116510.0,2025-03-19
2025031903012510,SAPDBL,42,72,332.0,1165.1,386813.2,2025-03-19
2025031903012509,GFCL,34,45,100.0,693.7,69370.0,2025-03-19
2025031905011727,PHCL,1,96,10.0,608.0,6080.0,2025-03-19
2025031905011726,NTC,13,49,20.0,902.0,18040.0,2025-03-19
2025031904013418,GHL,7,33,10.0,299.0,2990.0,2025-03-19
2025031901015286,NMB,32,57,213.0,251.9,53654.7,2025-03-19
2025031903012508,SKBBL,35,57,50.0,808.5,40425.0,2025-03-19
2025031904013417,SHEL,57,18,50.0,256.3,12815.0,2025-03-19
2025031903012507,NLIC,58,13,40.0,776.0,31040.0,2025-03-19
2025031901015285,HIDCLP,14,35,430.0,176.0,75680.0,2025-03-19
2025031901015284,HIDCLP,95,35,20.0,176.0,3520.0,2025-03-19
2025031901015283,HIDCLP,32,35,150.0,176.0,26400.0,2025-03-19
2025031901015282,HIDCLP,33,35,900.0,176.0,158400.0,2025-03-19
2025031904013416,HDHPC,38,35,122.0,200.0,24400.0,2025-03-19
2025031903012506,SADBL,47,43,50.0,409.0,20450.0,2025-03-19
2025031905011725,CLI,48,21,10.0,515.0,5150.0,2025-03-19
2025031903012505,SJLIC,36,89,10.0,449.0,4490.0,2025-03-19
2025031905011724,NRIC,11,8,25.0,1282.1,32052.5,2025-03-19
2025031901015281,SIKLES,91,56,50.0,1157.0,57850.0,2025-03-19
2025031901015280,SIKLES,66,56,200.0,1158.0,231600.0,2025-03-19
2025031904013415,UPPER,45,34,50.0,202.6,10130.0,2025-03-19
2025031904013414,GHL,60,58,10.0,299.7,2997.0,2025-03-19
2025031905011723,NIFRA,60,47,200.0,267.7,53540.0,2025-03-19
2025031905011722,HRL,36,49,200.0,978.0,195600.0,2025-03-19
