transaction,symbol,buyer,seller,quantity,rate,amount,date
2024032001027770,MCHL,45,67,10.0,330.0,3300.0,2024-03-20
2024032003018868,CBBL,45,35,11.0,877.9,9656.9,2024-03-20
2024032004008998,UPCL,35,6,12.0,214.0,2568.0,2024-03-20
2024032003018867,SAPDBL,35,35,10.0,314.3,3143.0,2024-03-20
2024032001027769,HATHY,63,19,10.0,870.0,8700.0,2024-03-20
2024032003018866,MNBBL,49,4,10.0,368.0,3680.0,2024-03-20
2024032003018865,MNBBL,49,1,40.0,367.8,14712.0,2024-03-20
2024032003018864,MNBBL,49,74,100.0,367.0,36700.0,2024-03-20
2024032003018863,MNBBL,49,36,30.0,367.0,11010.0,2024-03-20
2024032003018862,MNBBL,49,35,19.0,366.8,6969.2,2024-03-20
2024032003018861,MNBBL,49,49,30.0,366.7,11001.0,2024-03-20
2024032003018860,MNBBL,49,17,14.0,366.0,5124.0,2024-03-20
2024032003018859,MNBBL,49,45,13.0,366.0,4758.0,2024-03-20
2024032003018858,MNBBL,49,41,29.0,366.0,10614.0,2024-03-20
2024032003018857,MNBBL,49,38,10.0,365.0,3650.0,2024-03-20
2024032003018856,MNBBL,49,58,1000.0,365.0,365000.0,2024-03-20
2024032003018855,MNBBL,49,25,12.0,365.0,4380.0,2024-03-20
2024032003018854,MNBBL,49,17,91.0,365.0,33215.0,2024-03-20
2024032003018853,MNBBL,49,33,254.0,364.9,92684.6,2024-03-20
2024032003018852,MNBBL,49,26,383.0,364.8,139718.4,2024-03-20
2024032003018851,MNBBL,49,49,500.0,364.0,182000.0,2024-03-20
2024032003018850,MNBBL,49,49,50.0,364.0,18200.0,2024-03-20
2024032003018849,MNBBL,49,16,107.0,364.0,38948.0,2024-03-20
2024032003018848,MNBBL,49,41,308.0,363.9,112081.2,2024-03-20
2024032001027768,PPL,58,49,334.0,410.5,137107.0,2024-03-20
2024032001027767,PPL,58,57,10.0,410.5,4105.0,2024-03-20
2024032001027766,PPL,58,48,100.0,410.0,41000.0,2024-03-20
2024032001027765,PPL,58,16,272.0,410.0,111520.0,2024-03-20
2024032001027764,PPL,58,58,10.0,410.0,4100.0,2024-03-20
2024032001027763,PPL,58,51,100.0,410.0,41000.0,2024-03-20
2024032001027762,PPL,58,54,10.0,410.0,4100.0,2024-03-20
2024032001027761,PPL,58,19,10.0,410.0,4100.0,2024-03-20
2024032001027760,PPL,58,85,100.0,410.0,41000.0,2024-03-20
2024032001027759,PPL,58,14,10.0,410.0,4100.0,2024-03-20
2024032001027758,PPL,58,57,10.0,410.0,4100.0,2024-03-20
2024032001027757,PPL,58,34,10.0,410.0,4100.0,2024-03-20
2024032001027756,PPL,58,1,10.0,410.0,4100.0,2024-03-20
2024032001027755,PPL,58,26,14.0,410.0,5740.0,2024-03-20
2024032001027754,USHEC,58,45,10.0,362.0,3620.0,2024-03-20
2024032004008997,RIDI,55,45,10.0,189.0,1890.0,2024-03-20
2024032004008996,RIDI,55,14,150.0,188.0,28200.0,2024-03-20
2024032004008995,RIDI,55,21,438.0,188.0,82344.0,2024-03-20
2024032003018847,NABBC,88,55,200.0,437.3,87460.0,2024-03-20
2024032001027753,RAWA,34,57,10.0,476.0,4760.0,2024-03-20
2024032001027752,RAWA,34,13,10.0,470.0,4700.0,2024-03-20
2024032003018846,LLBS,34,44,50.0,895.0,44750.0,2024-03-20
2024032001027751,DOLTI,5,51,10.0,380.0,3800.0,2024-03-20
2024032001027750,DOLTI,5,36,10.0,378.0,3780.0,2024-03-20
2024032001027749,DLBS,26,65,200.0,1280.0,256000.0,2024-03-20
2024032001027748,ILI,26,38,10.0,541.5,5415.0,2024-03-20
2024032001027747,SHIVM,64,54,83.0,539.0,44737.0,2024-03-20
2024032001027746,SHIVM,45,54,10.0,539.0,5390.0,2024-03-20
2024032001027745,SHIVM,25,54,207.0,539.0,111573.0,2024-03-20
2024032003018845,GUFL,71,28,20.0,946.0,18920.0,2024-03-20
2024032001027744,BHL,71,44,10.0,345.9,3459.0,2024-03-20
2024032001027743,MHCL,42,50,200.0,449.5,89900.0,2024-03-20
2024032001027742,SHIVM,71,47,100.0,540.0,54000.0,2024-03-20
2024032001027741,HATHY,38,44,50.0,866.0,43300.0,2024-03-20
2024032001027740,HATHY,32,44,50.0,869.0,43450.0,2024-03-20
2024032001027739,PCBL,44,34,10.0,195.9,1959.0,2024-03-20
2024032001027738,NYADI,59,52,10.0,294.0,2940.0,2024-03-20
2024032001027737,MKHL,21,81,20.0,378.7,7574.0,2024-03-20
2024032001027736,AVYAN,21,35,10.0,702.0,7020.0,2024-03-20
2024032001027735,AVYAN,21,35,10.0,700.8,7008.0,2024-03-20
2024032001027734,AVYAN,21,6,10.0,700.3,7003.0,2024-03-20
2024032001027733,AVYAN,21,7,15.0,700.0,10500.0,2024-03-20
2024032004008994,UPPER,32,3,166.0,180.1,29896.6,2024-03-20
2024032004008993,UPPER,22,3,500.0,180.2,90100.0,2024-03-20
2024032004008992,UPPER,38,3,100.0,180.2,18020.0,2024-03-20
2024032004008991,UPPER,50,3,1100.0,180.2,198220.0,2024-03-20
2024032004008990,UPPER,58,3,50.0,180.3,9015.0,2024-03-20
2024032004008989,UPPER,62,3,10.0,180.3,1803.0,2024-03-20
2024032004008988,UPPER,39,3,20.0,180.3,3606.0,2024-03-20
2024032004008987,UPPER,58,3,554.0,180.3,99886.2,2024-03-20
2024032001027732,BGWT,65,3,1754.0,614.0,1076956.0,2024-03-20
2024032001027731,BGWT,65,3,1000.0,614.0,614000.0,2024-03-20
2024032001027730,BGWT,42,3,60.0,615.0,36900.0,2024-03-20
2024032001027729,BGWT,34,3,86.0,615.0,52890.0,2024-03-20
2024032001027728,BGWT,58,3,20.0,615.0,12300.0,2024-03-20
2024032001027727,BGWT,37,3,30.0,615.0,18450.0,2024-03-20
2024032001027726,BGWT,65,3,50.0,620.0,31000.0,2024-03-20
2024032001027725,CKHL,70,66,10.0,617.0,6170.0,2024-03-20
2024032003018844,JSLBB,44,62,10.0,1055.5,10555.0,2024-03-20
2024032003018843,MDB,49,62,10.0,419.2,4192.0,2024-03-20
2024032003018842,MFIL,53,25,30.0,524.0,15720.0,2024-03-20
2024032003018841,MFIL,53,17,50.0,522.9,26145.0,2024-03-20
2024032003018840,MFIL,53,57,370.0,522.0,193140.0,2024-03-20
2024032003018839,MFIL,53,36,200.0,521.0,104200.0,2024-03-20
2024032001027724,NRM,39,17,10.0,393.9,3939.0,2024-03-20
2024032003018838,GUFL,72,28,10.0,946.0,9460.0,2024-03-20
2024032003018837,MLBBL,16,59,20.0,944.0,18880.0,2024-03-20
2024032001027723,AVYAN,16,77,10.0,699.0,6990.0,2024-03-20
2024032003018836,GUFL,22,65,2000.0,940.0,1880000.0,2024-03-20
2024032005004380,NRIC,47,34,10.0,746.9,7469.0,2024-03-20
2024032001027722,DORDI,47,21,46.0,453.0,20838.0,2024-03-20
2024032001027721,DORDI,47,35,20.0,452.9,9058.0,2024-03-20
2024032001027720,DORDI,47,8,534.0,452.0,241368.0,2024-03-20
2024032001027719,DORDI,47,1,70.0,451.9,31633.0,2024-03-20
2024032001027718,DORDI,47,17,30.0,451.9,13557.0,2024-03-20
2024032001027717,DORDI,47,61,10.0,451.3,4513.0,2024-03-20
2024032001027716,DORDI,47,7,290.0,451.0,130790.0,2024-03-20
2024032003018835,VLBS,58,17,30.0,700.1,21003.0,2024-03-20
2024032003018834,VLBS,58,17,45.0,700.1,31504.5,2024-03-20
2024032001027715,SONA,41,67,10.0,493.0,4930.0,2024-03-20
2024032003018833,CFCL,34,8,23.0,350.2,8054.6,2024-03-20
2024032001027714,GBIME,28,25,305.0,190.0,57950.0,2024-03-20
2024032001027713,GBIME,28,11,282.0,190.0,53580.0,2024-03-20
2024032001027712,GBIME,28,46,10.0,189.9,1899.0,2024-03-20
2024032001027711,GBIME,28,28,12.0,189.0,2268.0,2024-03-20
2024032001027710,GBIME,28,45,266.0,189.0,50274.0,2024-03-20
2024032001027709,GBIME,28,58,176.0,189.0,33264.0,2024-03-20
2024032001027708,GBIME,28,35,129.0,188.0,24252.0,2024-03-20
2024032001027707,GBIME,28,85,410.0,188.0,77080.0,2024-03-20
2024032003018832,MDB,45,38,10.0,424.0,4240.0,2024-03-20
2024032003018831,GMFIL,45,49,10.0,362.9,3629.0,2024-03-20
2024032001027706,BHL,64,44,50.0,345.9,17295.0,2024-03-20
2024032001027705,MKCL,45,57,50.0,937.0,46850.0,2024-03-20
2024032003018830,GLBSL,45,38,100.0,1507.0,150700.0,2024-03-20
2024032003018829,GLBSL,45,38,10.0,1481.0,14810.0,2024-03-20
2024032003018828,GLBSL,45,41,100.0,1470.0,147000.0,2024-03-20
2024032003018827,GLBSL,45,28,271.0,1451.0,393221.0,2024-03-20
2024032003018826,MSLB,65,21,20.0,1080.0,21600.0,2024-03-20
2024032001027704,PRVU,29,48,22.0,142.8,3141.6,2024-03-20
2024032001027703,HATHY,36,19,15.0,870.0,13050.0,2024-03-20
2024032001027702,IHL,88,3,10.0,359.0,3590.0,2024-03-20
2024032003018825,MNBBL,38,41,10.0,363.9,3639.0,2024-03-20
2024032001027701,CKHL,38,66,10.0,617.0,6170.0,2024-03-20
2024032001027700,ULHC,29,13,10.0,324.0,3240.0,2024-03-20
2024032001027699,PPL,58,26,96.0,410.0,39360.0,2024-03-20
2024032001027698,PPL,58,57,50.0,410.0,20500.0,2024-03-20
2024032001027697,PPL,58,58,10.0,410.0,4100.0,2024-03-20
2024032001027696,PPL,58,52,10.0,410.0,4100.0,2024-03-20
2024032001027695,PPL,58,41,500.0,410.0,205000.0,2024-03-20
2024032001027694,PPL,58,56,90.0,410.0,36900.0,2024-03-20
2024032001027693,PPL,58,35,110.0,409.0,44990.0,2024-03-20
2024032001027692,PPL,58,32,10.0,409.0,4090.0,2024-03-20
2024032001027691,PPL,58,51,100.0,409.0,40900.0,2024-03-20
2024032001027690,PPL,58,17,330.0,409.0,134970.0,2024-03-20
2024032001027689,PPL,58,17,500.0,408.9,204450.0,2024-03-20
2024032001027688,PPL,58,46,150.0,408.9,61335.0,2024-03-20
2024032001027687,PPL,58,57,50.0,408.8,20440.0,2024-03-20
2024032001027686,PPL,58,57,10.0,408.5,4085.0,2024-03-20
2024032001027685,PPL,58,85,100.0,408.0,40800.0,2024-03-20
2024032001027684,PPL,58,58,884.0,408.0,360672.0,2024-03-20
2024032003018824,GBLBS,29,38,14.0,649.0,9086.0,2024-03-20
2024032003018823,GBLBS,29,41,61.0,649.0,39589.0,2024-03-20
2024032005004379,NIFRA,7,41,10.0,208.9,2089.0,2024-03-20
2024032003018822,NLICL,34,45,10.0,564.9,5649.0,2024-03-20
2024032001027683,AVYAN,58,52,37.0,693.1,25644.7,2024-03-20
2024032001027682,RHGCL,13,26,10.0,294.5,2945.0,2024-03-20
2024032003018821,MPFL,54,38,10.0,380.0,3800.0,2024-03-20
2024032003018820,GUFL,25,28,10.0,946.0,9460.0,2024-03-20
2024032003018819,MPFL,57,38,10.0,380.0,3800.0,2024-03-20
2024032001027681,MEL,72,57,305.0,217.1,66215.5,2024-03-20
2024032001027680,MEL,25,57,95.0,217.1,20624.5,2024-03-20
2024032001027679,PPL,71,58,100.0,408.0,40800.0,2024-03-20
2024032004008986,NGPL,44,42,180.0,304.9,54882.0,2024-03-20
2024032003018818,MSLB,44,5,50.0,1074.0,53700.0,2024-03-20
2024032003018817,MSLB,44,18,30.0,1074.0,32220.0,2024-03-20
2024032003018816,MSLB,44,58,70.0,1071.0,74970.0,2024-03-20
2024032001027678,SGHC,56,45,30.0,309.9,9297.0,2024-03-20
2024032005004378,HRL,49,19,490.0,614.1,300909.0,2024-03-20
2024032005004377,HRL,19,19,10.0,614.5,6145.0,2024-03-20
2024032003018815,ILBS,62,62,15.0,920.0,13800.0,2024-03-20
2024032003018814,ILBS,62,40,19.0,920.0,17480.0,2024-03-20
2024032003018813,ILBS,62,42,66.0,920.0,60720.0,2024-03-20
2024032003018812,FMDBL,62,45,10.0,639.7,6397.0,2024-03-20
2024032001027677,HDL,28,53,90.0,1555.0,139950.0,2024-03-20
2024032001027676,HDL,44,53,10.0,1557.0,15570.0,2024-03-20
2024032004008985,SALICO,53,54,84.0,690.0,57960.0,2024-03-20
2024032004008984,SALICO,53,6,10.0,690.0,6900.0,2024-03-20
2024032004008983,SALICO,53,28,150.0,690.0,103500.0,2024-03-20
2024032004008982,SALICO,53,13,500.0,690.0,345000.0,2024-03-20
2024032004008981,SALICO,53,42,196.0,689.9,135220.4,2024-03-20
2024032004008980,SALICO,53,32,400.0,689.9,275960.0,2024-03-20
2024032004008979,SALICO,53,38,140.0,689.8,96572.0,2024-03-20
2024032004008978,SALICO,53,32,20.0,689.0,13780.0,2024-03-20
2024032001027675,AHL,43,19,10.0,439.9,4399.0,2024-03-20
2024032003018811,MPFL,43,29,10.0,380.0,3800.0,2024-03-20
2024032001027674,DORDI,14,7,10.0,451.0,4510.0,2024-03-20
2024032005004376,CHDC,17,6,20.0,954.9,19098.0,2024-03-20
2024032005004375,CHDC,17,38,10.0,954.9,9549.0,2024-03-20
2024032005004374,CHDC,17,5,100.0,950.0,95000.0,2024-03-20
2024032001027673,NRM,32,17,10.0,393.9,3939.0,2024-03-20
2024032003018810,MERO,32,45,10.0,630.0,6300.0,2024-03-20
2024032001027672,SONA,74,67,300.0,493.0,147900.0,2024-03-20
2024032004008977,CGH,35,36,10.0,833.0,8330.0,2024-03-20
2024032003018809,MNBBL,28,41,11.0,363.9,4002.9,2024-03-20
2024032004008976,GHL,28,37,23.0,159.0,3657.0,2024-03-20
2024032001027671,NESDO,64,47,10.0,1817.0,18170.0,2024-03-20
2024032001027670,CLI,45,33,80.0,465.0,37200.0,2024-03-20
2024032001027669,CLI,45,38,20.0,460.0,9200.0,2024-03-20
2024032001027668,MKCL,48,57,100.0,937.0,93700.0,2024-03-20
2024032001027667,KBL,48,45,374.0,141.8,53033.2,2024-03-20
2024032001027666,KBL,48,54,126.0,141.8,17866.8,2024-03-20
2024032003018808,DDBL,45,4,50.0,800.3,40015.0,2024-03-20
2024032003018807,WNLB,88,34,40.0,1120.0,44800.0,2024-03-20
2024032003018806,WNLB,88,58,10.0,1115.0,11150.0,2024-03-20
2024032004008975,BARUN,46,65,10.0,245.0,2450.0,2024-03-20
2024032003018805,MPFL,38,29,10.0,380.0,3800.0,2024-03-20
2024032001027665,CKHL,58,66,324.0,617.0,199908.0,2024-03-20
2024032001027664,CKHL,58,8,10.0,617.0,6170.0,2024-03-20
2024032001027663,CKHL,58,58,10.0,617.0,6170.0,2024-03-20
2024032001027662,CKHL,58,58,120.0,617.0,74040.0,2024-03-20
2024032001027661,CKHL,58,4,20.0,617.0,12340.0,2024-03-20
2024032001027660,CKHL,58,58,10.0,617.0,6170.0,2024-03-20
2024032001027659,CKHL,58,45,800.0,616.5,493200.0,2024-03-20
2024032001027658,CKHL,58,64,90.0,616.0,55440.0,2024-03-20
2024032001027657,CKHL,58,34,100.0,616.0,61600.0,2024-03-20
2024032001027656,CKHL,58,22,390.0,616.0,240240.0,2024-03-20
2024032001027655,CKHL,58,16,10.0,616.0,6160.0,2024-03-20
2024032001027654,CKHL,58,21,10.0,616.0,6160.0,2024-03-20
2024032001027653,CKHL,58,49,10.0,616.0,6160.0,2024-03-20
2024032001027652,CKHL,58,26,15.0,616.0,9240.0,2024-03-20
2024032001027651,CKHL,58,45,10.0,615.0,6150.0,2024-03-20
2024032001027650,CKHL,58,57,10.0,615.0,6150.0,2024-03-20
2024032001027649,CKHL,58,55,811.0,615.0,498765.0,2024-03-20
2024032001027648,CKHL,58,62,10.0,615.0,6150.0,2024-03-20
2024032001027647,CKHL,58,34,10.0,615.0,6150.0,2024-03-20
2024032001027646,CKHL,58,45,10.0,615.0,6150.0,2024-03-20
2024032001027645,CKHL,58,29,10.0,615.0,6150.0,2024-03-20
2024032001027644,CKHL,58,64,10.0,615.0,6150.0,2024-03-20
2024032001027643,CKHL,58,16,200.0,610.0,122000.0,2024-03-20
2024032004008974,SALICO,34,32,10.0,689.0,6890.0,2024-03-20
2024032004008973,HDHPC,36,34,245.0,140.0,34300.0,2024-03-20
2024032004008972,HDHPC,55,34,60.0,140.0,8400.0,2024-03-20
2024032004008971,HDHPC,7,34,102.0,140.5,14331.0,2024-03-20
2024032003018804,BFC,38,26,33.0,351.0,11583.0,2024-03-20
2024032003018803,BFC,32,26,57.0,351.0,20007.0,2024-03-20
2024032003018802,NABBC,57,48,50.0,438.5,21925.0,2024-03-20
2024032004008970,UAIL,68,57,45.0,548.1,24664.5,2024-03-20
2024032003018801,DDBL,57,4,10.0,804.0,8040.0,2024-03-20
2024032003018800,ICFC,59,42,430.0,512.0,220160.0,2024-03-20
2024032003018799,ICFC,59,26,70.0,511.9,35833.0,2024-03-20
2024032003018798,FMDBL,59,45,10.0,639.7,6397.0,2024-03-20
2024032004008969,AKPL,16,42,100.0,181.1,18110.0,2024-03-20
2024032001027642,GCIL,25,59,90.0,528.1,47529.0,2024-03-20
2024032001027641,GCIL,34,59,400.0,528.2,211280.0,2024-03-20
2024032001027640,GCIL,6,59,50.0,528.3,26415.0,2024-03-20
2024032001027639,GCIL,46,59,10.0,528.5,5285.0,2024-03-20
2024032001027638,GCIL,14,59,200.0,529.0,105800.0,2024-03-20
2024032001027637,GCIL,52,59,100.0,529.0,52900.0,2024-03-20
2024032001027636,GCIL,45,59,100.0,529.0,52900.0,2024-03-20
2024032001027635,GCIL,16,59,10.0,529.0,5290.0,2024-03-20
2024032001027634,GCIL,47,59,40.0,529.0,21160.0,2024-03-20
2024032004008968,RIDI,42,21,10.0,188.0,1880.0,2024-03-20
2024032001027633,SNLI,3,49,41.0,615.3,25227.3,2024-03-20
2024032004008967,LEC,11,17,10.0,188.0,1880.0,2024-03-20
2024032003018797,MPFL,13,29,10.0,380.0,3800.0,2024-03-20
2024032003018796,ILBS,62,42,100.0,920.0,92000.0,2024-03-20
2024032003018795,JFL,17,6,13.0,390.0,5070.0,2024-03-20
2024032003018794,JFL,17,11,30.0,389.0,11670.0,2024-03-20
2024032003018793,JFL,17,74,77.0,388.0,29876.0,2024-03-20
2024032001027632,RHGCL,32,46,10.0,298.0,2980.0,2024-03-20
2024032001027631,RHGCL,32,49,10.0,295.0,2950.0,2024-03-20
2024032003018792,BFC,32,32,150.0,351.0,52650.0,2024-03-20
2024032003018791,GUFL,74,28,5933.0,946.0,5612618.0,2024-03-20
2024032003018790,GUFL,74,42,400.0,930.0,372000.0,2024-03-20
2024032003018789,GUFL,74,19,1265.0,929.0,1175185.0,2024-03-20
2024032003018788,GUFL,74,21,50.0,925.0,46250.0,2024-03-20
2024032003018787,GUFL,74,42,140.0,911.0,127540.0,2024-03-20
2024032003018786,GUFL,74,49,50.0,876.1,43805.0,2024-03-20
2024032003018785,GUFL,74,22,1000.0,876.0,876000.0,2024-03-20
2024032003018784,GUFL,74,8,100.0,876.0,87600.0,2024-03-20
2024032003018783,GUFL,74,58,20.0,870.0,17400.0,2024-03-20
2024032003018782,GUFL,74,25,100.0,868.0,86800.0,2024-03-20
2024032003018781,GUFL,74,86,100.0,868.0,86800.0,2024-03-20
2024032003018780,GUFL,74,7,50.0,868.0,43400.0,2024-03-20
2024032003018779,GUFL,74,22,500.0,868.0,434000.0,2024-03-20
2024032003018778,GUFL,74,45,10.0,868.0,8680.0,2024-03-20
2024032003018777,GUFL,74,49,316.0,868.0,274288.0,2024-03-20
2024032003018776,GUFL,74,26,250.0,867.0,216750.0,2024-03-20
2024032003018775,GUFL,74,21,10.0,867.0,8670.0,2024-03-20
2024032003018774,GUFL,74,8,100.0,867.0,86700.0,2024-03-20
2024032003018773,GUFL,74,21,10.0,867.0,8670.0,2024-03-20
2024032003018772,GUFL,74,64,550.0,867.0,476850.0,2024-03-20
2024032003018771,GUFL,74,45,10.0,865.9,8659.0,2024-03-20
2024032003018770,GUFL,74,14,40.0,865.0,34600.0,2024-03-20
2024032003018769,GUFL,74,20,455.0,865.0,393575.0,2024-03-20
2024032003018768,GUFL,74,34,100.0,865.0,86500.0,2024-03-20
2024032003018767,GUFL,74,45,300.0,865.0,259500.0,2024-03-20
2024032003018766,GUFL,74,14,150.0,865.0,129750.0,2024-03-20
2024032003018765,GUFL,74,52,20.0,865.0,17300.0,2024-03-20
2024032003018764,GUFL,74,32,100.0,864.1,86410.0,2024-03-20
2024032003018763,GUFL,74,57,2400.0,864.0,2073600.0,2024-03-20
2024032003018762,GUFL,74,45,45.0,864.0,38880.0,2024-03-20
2024032003018761,GUFL,74,10,100.0,864.0,86400.0,2024-03-20
2024032003018760,GUFL,74,21,20.0,864.0,17280.0,2024-03-20
2024032003018759,GUFL,74,45,50.0,863.9,43195.0,2024-03-20
2024032003018758,GUFL,74,41,97.0,863.0,83711.0,2024-03-20
2024032003018757,GUFL,74,58,10.0,862.9,8629.0,2024-03-20
2024032003018756,GUFL,74,6,50.0,862.0,43100.0,2024-03-20
2024032003018755,GUFL,74,57,20.0,862.0,17240.0,2024-03-20
2024032003018754,GUFL,74,17,100.0,862.0,86200.0,2024-03-20
2024032003018753,GUFL,74,17,500.0,861.7,430850.0,2024-03-20
2024032003018752,GUFL,74,54,200.0,861.0,172200.0,2024-03-20
2024032003018751,GUFL,74,58,60.0,861.0,51660.0,2024-03-20
2024032003018750,GUFL,74,14,100.0,861.0,86100.0,2024-03-20
2024032003018749,GUFL,74,44,10.0,861.0,8610.0,2024-03-20
2024032003018748,GUFL,74,46,45.0,860.0,38700.0,2024-03-20
2024032003018747,GUFL,74,47,250.0,860.0,215000.0,2024-03-20
2024032003018746,GUFL,74,57,100.0,860.0,86000.0,2024-03-20
2024032003018745,GUFL,74,17,50.0,860.0,43000.0,2024-03-20
2024032003018744,GUFL,74,58,10.0,860.0,8600.0,2024-03-20
2024032003018743,GUFL,74,22,110.0,860.0,94600.0,2024-03-20
2024032003018742,GUFL,74,49,300.0,860.0,258000.0,2024-03-20
2024032003018741,GUFL,74,58,100.0,860.0,86000.0,2024-03-20
2024032003018740,GUFL,74,14,250.0,859.3,214825.0,2024-03-20
2024032003018739,GUFL,74,44,40.0,858.0,34320.0,2024-03-20
2024032003018738,GUFL,74,33,100.0,857.8,85780.0,2024-03-20
2024032003018737,GUFL,74,42,20.0,856.8,17136.0,2024-03-20
2024032003018736,GUFL,74,28,383.0,855.4,327618.2,2024-03-20
2024032003018735,GUFL,74,32,20.0,855.4,17108.0,2024-03-20
2024032003018734,GUFL,74,28,300.0,855.4,256620.0,2024-03-20
2024032003018733,GUFL,74,52,20.0,855.3,17106.0,2024-03-20
2024032003018732,GUFL,74,17,20.0,855.3,17106.0,2024-03-20
2024032003018731,GUFL,74,38,100.0,855.0,85500.0,2024-03-20
2024032003018730,GUFL,74,32,200.0,855.0,171000.0,2024-03-20
2024032003018729,GUFL,74,14,100.0,855.0,85500.0,2024-03-20
2024032003018728,GUFL,74,43,100.0,855.0,85500.0,2024-03-20
2024032003018727,GUFL,74,49,200.0,855.0,171000.0,2024-03-20
2024032003018726,GUFL,74,49,10.0,855.0,8550.0,2024-03-20
2024032003018725,GUFL,74,58,30.0,854.7,25641.0,2024-03-20
2024032003018724,GUFL,74,49,50.0,854.0,42700.0,2024-03-20
2024032003018723,GUFL,74,57,50.0,854.0,42700.0,2024-03-20
2024032003018722,GUFL,74,19,300.0,853.0,255900.0,2024-03-20
2024032003018721,GUFL,74,6,250.0,852.9,213225.0,2024-03-20
2024032003018720,GUFL,74,6,100.0,852.7,85270.0,2024-03-20
2024032003018719,GUFL,74,55,420.0,852.0,357840.0,2024-03-20
2024032003018718,GUFL,74,48,50.0,852.0,42600.0,2024-03-20
2024032003018717,GUFL,74,34,200.0,852.0,170400.0,2024-03-20
2024032003018716,GUFL,74,37,300.0,852.0,255600.0,2024-03-20
2024032003018715,GUFL,74,19,10.0,852.0,8520.0,2024-03-20
2024032003018714,GUFL,74,34,160.0,852.0,136320.0,2024-03-20
2024032003018713,GUFL,74,38,200.0,851.0,170200.0,2024-03-20
2024032003018712,GUFL,74,17,350.0,851.0,297850.0,2024-03-20
2024032003018711,GUFL,74,42,500.0,851.0,425500.0,2024-03-20
2024032003018710,GUFL,74,45,179.0,851.0,152329.0,2024-03-20
2024032003018709,GUFL,74,48,10.0,850.6,8506.0,2024-03-20
2024032003018708,GUFL,74,1,14.0,850.6,11908.4,2024-03-20
2024032003018707,GUFL,74,44,60.0,850.6,51036.0,2024-03-20
2024032003018706,GUFL,74,58,10.0,850.5,8505.0,2024-03-20
2024032003018705,GUFL,74,53,150.0,850.0,127500.0,2024-03-20
2024032003018704,GUFL,74,42,100.0,850.0,85000.0,2024-03-20
2024032003018703,GUFL,74,29,461.0,850.0,391850.0,2024-03-20
2024032003018702,GUFL,74,42,35.0,850.0,29750.0,2024-03-20
2024032003018701,GUFL,74,58,300.0,850.0,255000.0,2024-03-20
2024032003018700,GUFL,74,43,500.0,850.0,425000.0,2024-03-20
2024032003018699,GUFL,74,57,50.0,850.0,42500.0,2024-03-20
2024032003018698,GUFL,74,56,200.0,850.0,170000.0,2024-03-20
2024032003018697,GUFL,74,3,520.0,850.0,442000.0,2024-03-20
2024032003018696,GUFL,74,51,500.0,850.0,425000.0,2024-03-20
2024032003018695,GUFL,74,16,1000.0,850.0,850000.0,2024-03-20
2024032003018694,GUFL,74,28,500.0,850.0,425000.0,2024-03-20
2024032003018693,GUFL,74,42,196.0,850.0,166600.0,2024-03-20
2024032003018692,GUFL,74,1,200.0,850.0,170000.0,2024-03-20
2024032003018691,GUFL,74,39,50.0,850.0,42500.0,2024-03-20
2024032003018690,GUFL,74,42,347.0,850.0,294950.0,2024-03-20
2024032003018689,GUFL,74,63,100.0,849.0,84900.0,2024-03-20
2024032003018688,GUFL,74,34,1394.0,849.0,1183506.0,2024-03-20
2024032003018687,GUFL,74,5,20.0,842.5,16850.0,2024-03-20
2024032003018686,GUFL,74,22,100.0,842.5,84250.0,2024-03-20
2024032003018685,GUFL,74,28,10.0,842.5,8425.0,2024-03-20
2024032003018684,GUFL,74,32,60.0,842.5,50550.0,2024-03-20
2024032003018683,GUFL,74,49,80.0,842.0,67360.0,2024-03-20
2024032003018682,GUFL,74,62,10.0,842.0,8420.0,2024-03-20
2024032003018681,GUFL,74,19,30.0,842.0,25260.0,2024-03-20
2024032003018680,GUFL,74,58,500.0,842.0,421000.0,2024-03-20
2024032003018679,GUFL,74,1,90.0,842.0,75780.0,2024-03-20
2024032003018678,GUFL,74,7,245.0,840.0,205800.0,2024-03-20
2024032003018677,GUFL,74,42,100.0,840.0,84000.0,2024-03-20
2024032003018676,GUFL,74,22,100.0,840.0,84000.0,2024-03-20
2024032003018675,GUFL,74,49,90.0,838.0,75420.0,2024-03-20
2024032001027630,SHIVM,25,41,20.0,539.0,10780.0,2024-03-20
2024032001027629,SMHL,59,35,130.0,452.0,58760.0,2024-03-20
2024032001027628,SAMAJ,64,3,21.0,2039.0,42819.0,2024-03-20
2024032001027627,SAMAJ,64,59,30.0,2039.0,61170.0,2024-03-20
2024032001027626,SAMAJ,64,58,40.0,2035.0,81400.0,2024-03-20
2024032001027625,SAMAJ,64,46,90.0,2019.6,181764.0,2024-03-20
2024032001027624,SAMAJ,64,48,59.0,2018.0,119062.0,2024-03-20
2024032001027623,SAMAJ,64,58,10.0,2005.0,20050.0,2024-03-20
2024032003018674,GMFBS,49,32,10.0,1010.0,10100.0,2024-03-20
2024032001027622,EHPL,49,66,20.0,446.0,8920.0,2024-03-20
2024032001027621,DLBS,49,65,200.0,1280.0,256000.0,2024-03-20
2024032001027620,DLBS,49,29,370.0,1207.6,446812.0,2024-03-20
2024032001027619,DLBS,49,53,10.0,1188.0,11880.0,2024-03-20
2024032001027618,DLBS,49,45,40.0,1186.2,47448.0,2024-03-20
2024032001027617,DLBS,49,59,50.0,1186.2,59310.0,2024-03-20
2024032001027616,DLBS,49,14,20.0,1186.2,23724.0,2024-03-20
2024032001027615,DLBS,49,25,30.0,1186.0,35580.0,2024-03-20
2024032001027614,DLBS,49,28,10.0,1186.0,11860.0,2024-03-20
2024032001027613,DLBS,49,62,100.0,1186.0,118600.0,2024-03-20
2024032001027612,DLBS,49,42,100.0,1185.0,118500.0,2024-03-20
2024032001027611,DLBS,49,7,10.0,1180.0,11800.0,2024-03-20
2024032001027610,DLBS,49,49,10.0,1170.0,11700.0,2024-03-20
2024032001027609,DLBS,49,48,50.0,1170.0,58500.0,2024-03-20
2024032004008966,UPPER,58,36,100.0,180.3,18030.0,2024-03-20
2024032004008965,UPPER,38,10,100.0,180.5,18050.0,2024-03-20
2024032001027608,BNHC,29,28,490.0,605.0,296450.0,2024-03-20
2024032001027607,BNHC,29,58,100.0,551.2,55120.0,2024-03-20
2024032001027606,BNHC,29,45,10.0,551.2,5512.0,2024-03-20
2024032001027605,BNHC,29,88,360.0,551.0,198360.0,2024-03-20
2024032001027604,BNHC,29,57,10.0,550.8,5508.0,2024-03-20
2024032001027603,BNHC,29,58,60.0,550.8,33048.0,2024-03-20
2024032001027602,BNHC,29,57,10.0,550.0,5500.0,2024-03-20
2024032001027601,BNHC,29,50,400.0,548.9,219560.0,2024-03-20
2024032001027600,BNHC,29,71,50.0,547.7,27385.0,2024-03-20
2024032001027599,BNHC,29,34,95.0,546.0,51870.0,2024-03-20
2024032001027598,BNHC,29,45,10.0,545.0,5450.0,2024-03-20
2024032001027597,BNHC,29,1,10.0,545.0,5450.0,2024-03-20
2024032001027596,BNHC,29,8,20.0,545.0,10900.0,2024-03-20
2024032001027595,BNHC,29,64,20.0,544.0,10880.0,2024-03-20
2024032001027594,BNHC,29,64,450.0,542.0,243900.0,2024-03-20
2024032001027593,BNHC,29,59,60.0,541.0,32460.0,2024-03-20
2024032001027592,BNHC,29,64,10.0,541.0,5410.0,2024-03-20
2024032001027591,PHCL,58,33,585.0,335.0,195975.0,2024-03-20
2024032001027590,PHCL,58,49,250.0,335.0,83750.0,2024-03-20
2024032001027589,PHCL,58,58,10.0,334.9,3349.0,2024-03-20
2024032001027588,PHCL,58,6,120.0,334.0,40080.0,2024-03-20
2024032001027587,PHCL,58,61,120.0,333.8,40056.0,2024-03-20
2024032001027586,PHCL,58,38,100.0,333.0,33300.0,2024-03-20
2024032001027585,PHCL,58,42,10.0,332.5,3325.0,2024-03-20
2024032001027584,PHCL,58,26,100.0,332.0,33200.0,2024-03-20
2024032001027583,PHCL,58,35,10.0,332.0,3320.0,2024-03-20
2024032001027582,PHCL,58,62,190.0,332.0,63080.0,2024-03-20
2024032001027581,PHCL,58,62,200.0,331.9,66380.0,2024-03-20
2024032001027580,PHCL,58,57,10.0,331.0,3310.0,2024-03-20
2024032001027579,PHCL,58,35,50.0,330.9,16545.0,2024-03-20
2024032001027578,PHCL,58,44,145.0,330.9,47980.5,2024-03-20
2024032001027577,PHCL,58,32,100.0,330.8,33080.0,2024-03-20
2024032001027576,GBIME,55,44,527.0,187.9,99023.3,2024-03-20
2024032001027575,SHLB,34,16,10.0,1070.0,10700.0,2024-03-20
2024032003018673,ICFC,34,26,20.0,511.9,10238.0,2024-03-20
2024032005004373,NIFRA,29,57,20.0,208.0,4160.0,2024-03-20
2024032005004372,NIFRA,43,57,50.0,208.0,10400.0,2024-03-20
2024032005004371,NIFRA,49,57,100.0,208.0,20800.0,2024-03-20
2024032005004370,NIFRA,33,57,1500.0,208.0,312000.0,2024-03-20
2024032005004369,NIFRA,13,57,10.0,208.0,2080.0,2024-03-20
2024032005004368,NIFRA,49,57,10.0,208.0,2080.0,2024-03-20
2024032005004367,NIFRA,17,57,150.0,208.0,31200.0,2024-03-20
2024032005004366,NIFRA,49,57,30.0,208.0,6240.0,2024-03-20
2024032005004365,NIFRA,55,57,100.0,208.0,20800.0,2024-03-20
2024032005004364,NIFRA,25,57,30.0,208.0,6240.0,2024-03-20
2024032003018672,GMFBS,50,32,142.0,1010.0,143420.0,2024-03-20
2024032001027574,SBL,50,34,66.0,227.4,15008.4,2024-03-20
2024032001027573,SBL,50,58,24.0,227.0,5448.0,2024-03-20
2024032001027572,SBL,50,45,20.0,226.5,4530.0,2024-03-20
2024032003018671,NLICL,33,45,10.0,564.9,5649.0,2024-03-20
2024032003018670,RLFL,33,43,165.0,365.9,60373.5,2024-03-20
2024032003018669,RLFL,33,38,35.0,365.9,12806.5,2024-03-20
2024032003018668,RLFL,33,51,200.0,365.0,73000.0,2024-03-20
2024032004008964,SPDL,62,39,142.0,248.1,35230.2,2024-03-20
2024032004008963,SPDL,34,39,10.0,248.1,2481.0,2024-03-20
2024032004008962,SPDL,6,39,10.0,248.1,2481.0,2024-03-20
2024032004008961,SPDL,6,39,128.0,248.1,31756.8,2024-03-20
2024032004008960,SPDL,41,39,50.0,248.2,12410.0,2024-03-20
2024032004008959,SPDL,6,39,500.0,248.2,124100.0,2024-03-20
2024032004008958,SPDL,6,39,60.0,248.5,14910.0,2024-03-20
2024032004008957,SPDL,1,39,200.0,248.6,49720.0,2024-03-20
2024032001027571,PPL,25,58,16.0,408.0,6528.0,2024-03-20
2024032001027570,PPL,25,44,10.0,408.0,4080.0,2024-03-20
2024032001027569,PPL,25,26,520.0,408.0,212160.0,2024-03-20
2024032001027568,PPL,25,57,50.0,408.0,20400.0,2024-03-20
2024032001027567,PPL,25,3,10.0,408.0,4080.0,2024-03-20
2024032001027566,PPL,25,42,10.0,408.0,4080.0,2024-03-20
2024032001027565,PPL,25,3,10.0,408.0,4080.0,2024-03-20
2024032001027564,PPL,25,32,44.0,407.0,17908.0,2024-03-20
2024032001027563,PPL,25,55,10.0,407.0,4070.0,2024-03-20
2024032001027562,PPL,25,16,10.0,407.0,4070.0,2024-03-20
2024032001027561,PPL,25,17,100.0,406.4,40640.0,2024-03-20
2024032001027560,PPL,25,58,10.0,406.4,4064.0,2024-03-20
2024032001027559,PPL,25,21,10.0,406.4,4064.0,2024-03-20
2024032001027558,PPL,25,39,90.0,406.1,36549.0,2024-03-20
2024032001027557,PPL,25,4,100.0,406.1,40610.0,2024-03-20
2024032001027556,MCHL,42,67,300.0,330.0,99000.0,2024-03-20
2024032001027555,MCHL,42,44,100.0,330.0,33000.0,2024-03-20
2024032003018667,NMBMF,35,42,79.0,608.0,48032.0,2024-03-20
2024032004008956,GHL,57,37,200.0,159.0,31800.0,2024-03-20
2024032004008955,GHL,51,37,17.0,159.0,2703.0,2024-03-20
2024032004008954,GHL,35,37,30.0,159.0,4770.0,2024-03-20
2024032004008953,GHL,7,37,50.0,159.0,7950.0,2024-03-20
2024032004008952,GHL,14,37,50.0,159.0,7950.0,2024-03-20
2024032004008951,GHL,57,37,380.0,159.0,60420.0,2024-03-20
2024032004008950,GHL,39,37,250.0,159.1,39775.0,2024-03-20
2024032003018666,ALICL,62,73,30.0,578.0,17340.0,2024-03-20
2024032001027554,SBI,4,10,10.0,290.0,2900.0,2024-03-20
2024032001027553,PPL,42,36,70.0,406.0,28420.0,2024-03-20
2024032001027552,PPL,71,36,200.0,406.0,81200.0,2024-03-20
2024032001027551,PPL,49,36,480.0,406.0,194880.0,2024-03-20
2024032001027550,ADBL,49,11,60.0,234.5,14070.0,2024-03-20
2024032001027549,VLUCL,55,67,10.0,517.0,5170.0,2024-03-20
2024032001027548,VLUCL,55,58,10.0,516.9,5169.0,2024-03-20
2024032003018665,SFCL,47,7,10.0,324.0,3240.0,2024-03-20
2024032001027547,DORDI,77,25,100.0,451.0,45100.0,2024-03-20
2024032003018664,EDBL,52,46,100.0,370.0,37000.0,2024-03-20
2024032001027546,HDL,44,41,30.0,1556.0,46680.0,2024-03-20
2024032001027545,CITY,39,5,50.0,606.0,30300.0,2024-03-20
2024032003018663,MDB,49,62,10.0,419.2,4192.0,2024-03-20
2024032004008949,NGPL,34,42,300.0,304.9,91470.0,2024-03-20
2024032001027544,SHIVM,72,47,10.0,540.0,5400.0,2024-03-20
2024032004008948,UPCL,34,6,300.0,214.0,64200.0,2024-03-20
2024032004008947,UPCL,38,6,100.0,214.0,21400.0,2024-03-20
2024032004008946,UPCL,17,6,200.0,214.1,42820.0,2024-03-20
2024032004008945,UPCL,58,6,34.0,214.1,7279.4,2024-03-20
2024032001027543,KDL,47,42,164.0,808.0,132512.0,2024-03-20
2024032004008944,UPCL,14,6,500.0,215.0,107500.0,2024-03-20
2024032001027542,KDL,47,36,10.0,806.0,8060.0,2024-03-20
2024032001027541,KDL,47,42,106.0,805.0,85330.0,2024-03-20
2024032001027540,KDL,47,58,10.0,802.0,8020.0,2024-03-20
2024032001027539,KDL,47,42,20.0,802.0,16040.0,2024-03-20
2024032001027538,KDL,47,57,100.0,801.0,80100.0,2024-03-20
2024032001027537,KDL,47,41,10.0,800.9,8009.0,2024-03-20
2024032001027536,KDL,47,22,10.0,800.0,8000.0,2024-03-20
2024032001027535,KDL,47,34,50.0,800.0,40000.0,2024-03-20
2024032001027534,KDL,47,21,10.0,800.0,8000.0,2024-03-20
2024032001027533,KDL,47,42,10.0,800.0,8000.0,2024-03-20
2024032001027532,NWCL,42,50,100.0,761.0,76100.0,2024-03-20
2024032001027531,PPL,49,40,250.0,406.0,101500.0,2024-03-20
2024032001027530,UHEWA,32,57,20.0,346.9,6938.0,2024-03-20
2024032004008943,AHPC,41,14,10.0,181.7,1817.0,2024-03-20
2024032001027529,BGWT,65,58,10.0,630.0,6300.0,2024-03-20
2024032001027528,BGWT,65,42,10.0,630.0,6300.0,2024-03-20
2024032001027527,BGWT,65,58,10.0,630.0,6300.0,2024-03-20
2024032001027526,BGWT,65,58,500.0,629.9,314950.0,2024-03-20
2024032001027525,BGWT,65,40,10.0,628.7,6287.0,2024-03-20
2024032001027524,BGWT,65,58,10.0,628.4,6284.0,2024-03-20
2024032001027523,BGWT,65,74,200.0,628.0,125600.0,2024-03-20
2024032001027522,BGWT,65,58,10.0,628.0,6280.0,2024-03-20
2024032001027521,BGWT,65,16,100.0,628.0,62800.0,2024-03-20
2024032001027520,BGWT,65,58,10.0,628.0,6280.0,2024-03-20
2024032001027519,BGWT,65,45,10.0,628.0,6280.0,2024-03-20
2024032001027518,BGWT,65,14,48.0,628.0,30144.0,2024-03-20
2024032001027517,BGWT,65,49,10.0,627.8,6278.0,2024-03-20
2024032001027516,BGWT,65,58,10.0,627.5,6275.0,2024-03-20
2024032001027515,BGWT,65,58,35.0,627.5,21962.5,2024-03-20
2024032001027514,BGWT,65,58,10.0,623.0,6230.0,2024-03-20
2024032001027513,MANDU,45,45,10.0,706.0,7060.0,2024-03-20
2024032003018662,LICN,7,48,33.0,1355.0,44715.0,2024-03-20
2024032003018661,LICN,7,48,50.0,1355.0,67750.0,2024-03-20
2024032004008942,SHL,33,36,100.0,446.5,44650.0,2024-03-20
2024032003018660,GBBL,65,46,250.0,373.0,93250.0,2024-03-20
2024032003018659,GLBSL,38,28,29.0,1451.0,42079.0,2024-03-20
2024032003018658,GLBSL,38,47,121.0,1336.2,161680.2,2024-03-20
2024032003018657,GLBSL,38,58,50.0,1330.0,66500.0,2024-03-20
2024032003018656,GLBSL,38,1,19.0,1330.0,25270.0,2024-03-20
2024032003018655,GLBSL,38,42,50.0,1330.0,66500.0,2024-03-20
2024032003018654,GLBSL,38,28,16.0,1326.0,21216.0,2024-03-20
2024032003018653,GLBSL,38,38,36.0,1325.0,47700.0,2024-03-20
2024032003018652,GLBSL,38,28,14.0,1325.0,18550.0,2024-03-20
2024032003018651,GLBSL,38,49,25.0,1324.0,33100.0,2024-03-20
2024032003018650,GLBSL,38,25,10.0,1320.0,13200.0,2024-03-20
2024032003018649,GLBSL,38,28,16.0,1317.7,21083.2,2024-03-20
2024032003018648,GLBSL,38,28,14.0,1317.0,18438.0,2024-03-20
2024032001027512,MHCL,58,58,10.0,449.0,4490.0,2024-03-20
2024032003018647,FMDBL,84,22,200.0,639.5,127900.0,2024-03-20
2024032003018646,FMDBL,84,80,400.0,638.0,255200.0,2024-03-20
2024032001027511,NYADI,52,52,10.0,294.0,2940.0,2024-03-20
2024032004008941,CHCL,50,36,10.0,467.0,4670.0,2024-03-20
2024032005004363,NIFRA,25,50,380.0,208.0,79040.0,2024-03-20
2024032005004362,NIFRA,18,50,50.0,208.1,10405.0,2024-03-20
2024032005004361,NIFRA,55,50,70.0,208.2,14574.0,2024-03-20
2024032001027510,PPL,49,44,100.0,406.0,40600.0,2024-03-20
2024032001027509,SMJC,39,55,10.0,366.0,3660.0,2024-03-20
2024032001027508,SMJC,39,34,10.0,365.0,3650.0,2024-03-20
2024032001027507,CYCL,66,66,10.0,1374.0,13740.0,2024-03-20
2024032003018645,JFL,47,51,400.0,387.1,154840.0,2024-03-20
2024032003018644,NFS,47,42,500.0,381.0,190500.0,2024-03-20
2024032001027506,NWCL,32,50,60.0,761.0,45660.0,2024-03-20
2024032001027505,NWCL,32,58,40.0,759.9,30396.0,2024-03-20
2024032001027504,ADBL,41,46,10.0,234.3,2343.0,2024-03-20
2024032003018643,HLBSL,35,17,81.0,726.0,58806.0,2024-03-20
2024032003018642,HLBSL,35,56,20.0,726.0,14520.0,2024-03-20
2024032003018641,HLBSL,35,19,17.0,726.0,12342.0,2024-03-20
2024032003018640,HLBSL,35,14,100.0,725.0,72500.0,2024-03-20
2024032003018639,HLBSL,35,11,10.0,714.0,7140.0,2024-03-20
2024032003018638,HLBSL,35,38,34.0,714.0,24276.0,2024-03-20
2024032003018637,HLBSL,35,38,138.0,713.0,98394.0,2024-03-20
2024032003018636,HLBSL,35,62,100.0,713.0,71300.0,2024-03-20
2024032003018635,MPFL,49,45,78.0,375.3,29273.4,2024-03-20
2024032003018634,MPFL,6,45,22.0,375.3,8256.6,2024-03-20
2024032001027503,SGHC,45,45,10.0,309.9,3099.0,2024-03-20
2024032001027502,SGHC,45,34,10.0,309.0,3090.0,2024-03-20
2024032001027501,SGHC,45,38,10.0,308.8,3088.0,2024-03-20
2024032004008940,NHDL,36,21,400.0,430.0,172000.0,2024-03-20
2024032003018633,NFS,43,49,100.0,380.1,38010.0,2024-03-20
2024032001027500,MKLB,29,42,20.0,870.0,17400.0,2024-03-20
2024032001027499,SRLI,38,58,10.0,460.0,4600.0,2024-03-20
2024032001027498,VLUCL,45,58,10.0,515.1,5151.0,2024-03-20
2024032001027497,VLUCL,58,5,50.0,515.1,25755.0,2024-03-20
2024032001027496,VLUCL,56,5,50.0,515.1,25755.0,2024-03-20
2024032004008939,MEN,26,33,60.0,560.0,33600.0,2024-03-20
2024032005004360,NIFRA,3,41,10.0,208.9,2089.0,2024-03-20
2024032003018632,LBBL,13,25,100.0,388.0,38800.0,2024-03-20
2024032004008938,PPCL,14,51,80.0,253.0,20240.0,2024-03-20
2024032004008937,PPCL,14,53,30.0,253.0,7590.0,2024-03-20
2024032004008936,UNHPL,58,17,200.0,235.2,47040.0,2024-03-20
2024032004008935,UNHPL,58,17,890.0,235.2,209328.0,2024-03-20
2024032004008934,UNHPL,1,17,100.0,235.3,23530.0,2024-03-20
2024032004008933,UNHPL,38,17,510.0,236.0,120360.0,2024-03-20
2024032004008932,UNHPL,17,17,200.0,236.0,47200.0,2024-03-20
2024032001027495,SHIVM,76,47,10.0,540.0,5400.0,2024-03-20
2024032003018631,RSDC,45,5,100.0,612.0,61200.0,2024-03-20
2024032001027494,TPC,38,48,40.0,519.0,20760.0,2024-03-20
2024032001027493,HHL,20,49,10.0,338.1,3381.0,2024-03-20
2024032003018630,DDBL,38,33,10.0,805.0,8050.0,2024-03-20
2024032003018629,DDBL,38,59,22.0,802.0,17644.0,2024-03-20
2024032003018628,MSLB,56,7,50.0,1053.5,52675.0,2024-03-20
2024032003018627,LICN,22,7,30.0,1356.1,40683.0,2024-03-20
2024032003018626,LICN,58,7,50.0,1356.5,67825.0,2024-03-20
2024032004008931,AHPC,58,14,10.0,181.7,1817.0,2024-03-20
2024032004008930,NHPC,57,8,50.0,156.9,7845.0,2024-03-20
2024032001027492,SONA,14,50,100.0,492.0,49200.0,2024-03-20
2024032003018625,HLBSL,21,62,100.0,713.0,71300.0,2024-03-20
2024032003018624,PFL,13,56,10.0,397.0,3970.0,2024-03-20
2024032003018623,MDB,49,62,10.0,419.2,4192.0,2024-03-20
2024032003018622,MDB,38,62,100.0,420.8,42080.0,2024-03-20
2024032003018621,GUFL,25,22,100.0,840.0,84000.0,2024-03-20
2024032004008929,RADHI,42,65,656.0,245.0,160720.0,2024-03-20
2024032004008928,RADHI,42,4,1228.0,244.9,300737.2,2024-03-20
2024032001027491,GCIL,47,6,10.0,529.0,5290.0,2024-03-20
2024032004008927,HURJA,41,32,50.0,292.0,14600.0,2024-03-20
2024032004008926,API,10,38,200.0,182.0,36400.0,2024-03-20
2024032004008925,API,42,38,100.0,182.0,18200.0,2024-03-20
2024032004008924,CGH,59,7,10.0,824.0,8240.0,2024-03-20
2024032001027490,CLI,77,33,57.0,465.0,26505.0,2024-03-20
2024032001027489,CLI,77,72,50.0,465.0,23250.0,2024-03-20
2024032001027488,CLI,77,44,10.0,465.0,4650.0,2024-03-20
2024032001027487,CLI,77,49,10.0,465.0,4650.0,2024-03-20
2024032001027486,CLI,77,44,10.0,464.5,4645.0,2024-03-20
2024032001027485,CLI,77,26,50.0,464.0,23200.0,2024-03-20
2024032001027484,CLI,77,56,10.0,463.9,4639.0,2024-03-20
2024032001027483,CLI,77,57,10.0,463.0,4630.0,2024-03-20
2024032001027482,CLI,77,11,10.0,463.0,4630.0,2024-03-20
2024032001027481,CLI,77,58,10.0,463.0,4630.0,2024-03-20
2024032001027480,CLI,77,7,10.0,462.0,4620.0,2024-03-20
2024032001027479,CLI,77,52,78.0,462.0,36036.0,2024-03-20
2024032001027478,CLI,77,4,10.0,462.0,4620.0,2024-03-20
2024032001027477,CLI,77,46,10.0,462.0,4620.0,2024-03-20
2024032001027476,CLI,77,41,10.0,461.0,4610.0,2024-03-20
2024032001027475,CLI,77,35,52.0,461.0,23972.0,2024-03-20
2024032001027474,CLI,77,32,10.0,460.0,4600.0,2024-03-20
2024032001027473,CLI,77,42,73.0,460.0,33580.0,2024-03-20
2024032001027472,CLI,77,42,20.0,459.9,9198.0,2024-03-20
2024032001027471,HATHY,57,19,20.0,870.0,17400.0,2024-03-20
2024032001027470,HDL,50,17,40.0,1557.0,62280.0,2024-03-20
2024032001027469,BNL,38,19,10.0,18350.0,183500.0,2024-03-20
2024032001027468,BNL,21,19,10.0,18351.0,183510.0,2024-03-20
2024032004008923,MEN,45,33,80.0,560.0,44800.0,2024-03-20
2024032004008922,MEN,47,33,270.0,560.6,151362.0,2024-03-20
2024032004008921,UMRH,22,52,345.0,357.3,123268.5,2024-03-20
2024032001027467,BNHC,48,14,175.0,538.3,94202.5,2024-03-20
2024032001027466,BNHC,44,14,40.0,539.0,21560.0,2024-03-20
2024032001027465,BNHC,8,14,40.0,540.0,21600.0,2024-03-20
2024032003018620,HLI,44,42,100.0,415.0,41500.0,2024-03-20
2024032004008920,SGIC,20,34,50.0,539.0,26950.0,2024-03-20
2024032001027464,MKLB,34,42,10.0,870.0,8700.0,2024-03-20
2024032001027463,MKLB,34,42,10.0,862.0,8620.0,2024-03-20
2024032005004359,NIFRA,34,41,25.0,208.9,5222.5,2024-03-20
2024032001027462,MMKJL,29,65,10.0,427.0,4270.0,2024-03-20
2024032004008919,PPCL,49,35,34.0,252.8,8595.2,2024-03-20
2024032004008918,PPCL,49,25,66.0,252.5,16665.0,2024-03-20
2024032001027461,BGWT,65,16,500.0,620.0,310000.0,2024-03-20
2024032001027460,CKHL,58,58,10.0,615.0,6150.0,2024-03-20
2024032001027459,CKHL,58,16,400.0,614.0,245600.0,2024-03-20
2024032001027458,CKHL,58,14,10.0,613.0,6130.0,2024-03-20
2024032001027457,CKHL,58,38,10.0,612.5,6125.0,2024-03-20
2024032001027456,CKHL,58,58,85.0,612.0,52020.0,2024-03-20
2024032001027455,CKHL,58,32,10.0,611.0,6110.0,2024-03-20
2024032001027454,CKHL,58,47,820.0,611.0,501020.0,2024-03-20
2024032001027453,CKHL,58,45,10.0,610.0,6100.0,2024-03-20
2024032001027452,CKHL,58,49,10.0,610.0,6100.0,2024-03-20
2024032001027451,CKHL,58,4,10.0,610.0,6100.0,2024-03-20
2024032001027450,CKHL,58,35,10.0,610.0,6100.0,2024-03-20
2024032001027449,CKHL,58,38,10.0,610.0,6100.0,2024-03-20
2024032001027448,CKHL,58,57,10.0,610.0,6100.0,2024-03-20
2024032001027447,CKHL,58,4,10.0,610.0,6100.0,2024-03-20
2024032001027446,CKHL,58,49,10.0,610.0,6100.0,2024-03-20
2024032001027445,CKHL,58,56,10.0,610.0,6100.0,2024-03-20
2024032001027444,CKHL,58,25,10.0,607.0,6070.0,2024-03-20
2024032001027443,CKHL,58,42,10.0,605.9,6059.0,2024-03-20
2024032001027442,CKHL,58,32,10.0,605.0,6050.0,2024-03-20
2024032001027441,CKHL,58,58,10.0,604.0,6040.0,2024-03-20
2024032001027440,CKHL,58,58,266.0,601.0,159866.0,2024-03-20
2024032001027439,CKHL,58,38,250.0,601.0,150250.0,2024-03-20
2024032001027438,NICA,58,44,40.0,417.0,16680.0,2024-03-20
2024032001027437,NICA,58,1,10.0,417.0,4170.0,2024-03-20
2024032001027436,PHCL,58,44,855.0,330.9,282919.5,2024-03-20
2024032001027435,PHCL,58,53,500.0,330.8,165400.0,2024-03-20
2024032001027434,PHCL,58,74,475.0,328.0,155800.0,2024-03-20
2024032001027433,PHCL,58,33,170.0,327.0,55590.0,2024-03-20
2024032003018619,PROFL,3,5,10.0,324.0,3240.0,2024-03-20
2024032001027432,HATHY,19,60,2.0,869.0,1738.0,2024-03-20
2024032004008917,LEC,45,11,22.0,187.5,4125.0,2024-03-20
2024032003018618,PROFL,38,85,998.0,322.0,321356.0,2024-03-20
2024032003018617,PROFL,6,85,100.0,323.0,32300.0,2024-03-20
2024032003018616,PROFL,62,85,100.0,323.0,32300.0,2024-03-20
2024032003018615,PROFL,41,85,100.0,323.0,32300.0,2024-03-20
2024032003018614,PROFL,13,85,202.0,323.1,65266.2,2024-03-20
2024032001027431,PPL,49,62,400.0,406.0,162400.0,2024-03-20
2024032001027430,MLBS,66,35,10.0,998.5,9985.0,2024-03-20
2024032001027429,MLBS,66,51,90.0,979.0,88110.0,2024-03-20
2024032004008916,MEN,47,34,25.0,560.6,14015.0,2024-03-20
2024032001027428,MAKAR,43,47,100.0,376.0,37600.0,2024-03-20
2024032001027427,SONA,14,17,100.0,492.0,49200.0,2024-03-20
2024032003018613,FOWAD,40,57,17.0,1149.0,19533.0,2024-03-20
2024032003018612,FOWAD,40,8,18.0,1145.0,20610.0,2024-03-20
2024032001027426,EBL,45,35,80.0,514.1,41128.0,2024-03-20
2024032001027425,SONA,36,67,635.0,493.0,313055.0,2024-03-20
2024032001027424,SONA,36,44,10.0,493.0,4930.0,2024-03-20
2024032001027423,SONA,36,36,10.0,493.0,4930.0,2024-03-20
2024032001027422,SONA,36,38,1000.0,492.9,492900.0,2024-03-20
2024032001027421,SONA,36,58,345.0,492.8,170016.0,2024-03-20
2024032001027420,BGWT,65,58,50.0,620.0,31000.0,2024-03-20
2024032001027419,SNLI,50,54,200.0,615.1,123020.0,2024-03-20
2024032001027418,USHEC,20,26,10.0,355.0,3550.0,2024-03-20
2024032003018611,HLI,44,58,170.0,415.0,70550.0,2024-03-20
2024032003018610,HLI,44,40,20.0,415.0,8300.0,2024-03-20
2024032003018609,HLI,44,44,875.0,415.0,363125.0,2024-03-20
2024032003018608,HLI,44,48,44.0,415.0,18260.0,2024-03-20
2024032003018607,HLI,44,48,30.0,415.0,12450.0,2024-03-20
2024032003018606,HLI,44,34,100.0,415.0,41500.0,2024-03-20
2024032003018605,HLI,44,33,87.0,415.0,36105.0,2024-03-20
2024032003018604,HLI,44,41,10.0,415.0,4150.0,2024-03-20
2024032003018603,HLI,44,22,10.0,415.0,4150.0,2024-03-20
2024032003018602,HLI,44,45,22.0,415.0,9130.0,2024-03-20
2024032003018601,HLI,44,34,10.0,415.0,4150.0,2024-03-20
2024032003018600,HLI,44,5,26.0,414.9,10787.4,2024-03-20
2024032003018599,HLI,44,57,200.0,414.8,82960.0,2024-03-20
2024032003018598,HLI,44,35,100.0,414.0,41400.0,2024-03-20
2024032003018597,HLI,44,72,100.0,414.0,41400.0,2024-03-20
2024032003018596,HLI,44,32,250.0,414.0,103500.0,2024-03-20
2024032003018595,HLI,44,49,100.0,414.0,41400.0,2024-03-20
2024032003018594,HLI,44,49,10.0,414.0,4140.0,2024-03-20
2024032003018593,HLI,44,34,250.0,413.9,103475.0,2024-03-20
2024032001027417,SHIVM,56,47,100.0,540.0,54000.0,2024-03-20
2024032003018592,NLIC,70,13,120.0,612.0,73440.0,2024-03-20
2024032001027416,SONA,14,85,235.0,492.0,115620.0,2024-03-20
2024032001027415,SONA,39,85,55.0,492.0,27060.0,2024-03-20
2024032001027414,SONA,22,85,200.0,492.6,98520.0,2024-03-20
2024032003018591,NADEP,94,62,89.0,688.0,61232.0,2024-03-20
2024032003018590,NADEP,94,34,15.0,685.0,10275.0,2024-03-20
2024032003018589,NADEP,94,6,50.0,685.0,34250.0,2024-03-20
2024032003018588,NADEP,94,53,30.0,685.0,20550.0,2024-03-20
2024032003018587,NADEP,94,25,16.0,685.0,10960.0,2024-03-20
2024032001027413,NESDO,19,47,10.0,1817.0,18170.0,2024-03-20
2024032005004358,HRL,14,38,41.0,615.0,25215.0,2024-03-20
2024032005004357,HRL,14,42,20.0,615.0,12300.0,2024-03-20
2024032005004356,HRL,14,35,20.0,615.0,12300.0,2024-03-20
2024032005004355,HRL,14,21,10.0,615.0,6150.0,2024-03-20
2024032005004354,HRL,14,25,10.0,615.0,6150.0,2024-03-20
2024032005004353,HRL,14,39,10.0,615.0,6150.0,2024-03-20
2024032001027412,EBL,28,40,20.0,514.5,10290.0,2024-03-20
2024032001027411,MMKJL,35,65,30.0,427.0,12810.0,2024-03-20
2024032003018586,MERO,45,58,10.0,631.0,6310.0,2024-03-20
2024032003018585,VLBS,58,13,180.0,700.1,126018.0,2024-03-20
2024032003018584,VLBS,22,13,20.0,700.2,14004.0,2024-03-20
2024032004008915,RURU,47,62,14.0,689.0,9646.0,2024-03-20
2024032004008914,RURU,55,62,10.0,689.0,6890.0,2024-03-20
2024032004008913,RURU,8,62,10.0,689.1,6891.0,2024-03-20
2024032004008912,RURU,45,62,10.0,689.2,6892.0,2024-03-20
2024032001027410,KBL,43,54,103.0,141.8,14605.4,2024-03-20
2024032003018583,GUFL,71,42,235.0,826.0,194110.0,2024-03-20
2024032003018582,GUFL,35,42,1135.0,827.0,938645.0,2024-03-20
2024032003018581,GUFL,53,42,100.0,828.0,82800.0,2024-03-20
2024032003018580,GUFL,49,42,10.0,828.1,8281.0,2024-03-20
2024032003018579,GUFL,35,42,10.0,835.0,8350.0,2024-03-20
2024032003018578,KSBBL,32,14,10.0,364.0,3640.0,2024-03-20
2024032003018577,KSBBL,32,36,40.0,362.9,14516.0,2024-03-20
2024032003018576,NMBMF,35,34,13.0,608.0,7904.0,2024-03-20
2024032003018575,NMBMF,35,56,30.0,608.0,18240.0,2024-03-20
2024032001027409,SIKLES,16,74,10.0,482.0,4820.0,2024-03-20
2024032001027408,SIKLES,16,57,10.0,480.0,4800.0,2024-03-20
2024032001027407,SIKLES,16,58,10.0,480.0,4800.0,2024-03-20
2024032001027406,SIKLES,16,21,10.0,477.0,4770.0,2024-03-20
2024032001027405,SNLI,50,45,270.0,615.1,166077.0,2024-03-20
2024032001027404,SNLI,16,45,20.0,615.3,12306.0,2024-03-20
2024032004008911,AKJCL,11,7,177.0,221.5,39205.5,2024-03-20
2024032003018574,MSLB,34,58,10.0,1071.0,10710.0,2024-03-20
2024032004008910,BARUN,56,56,200.0,243.3,48660.0,2024-03-20
2024032001027403,NRM,13,38,10.0,393.0,3930.0,2024-03-20
2024032001027402,NRM,13,36,10.0,393.0,3930.0,2024-03-20
2024032001027401,NRM,13,28,10.0,393.0,3930.0,2024-03-20
2024032003018573,SIFC,66,34,450.0,372.0,167400.0,2024-03-20
2024032003018572,BFC,32,14,243.0,351.0,85293.0,2024-03-20
2024032003018571,BFC,11,14,100.0,351.0,35100.0,2024-03-20
2024032003018570,BFC,44,14,50.0,351.0,17550.0,2024-03-20
2024032003018569,BFC,75,14,50.0,351.1,17555.0,2024-03-20
2024032004008909,HPPL,29,6,300.0,272.0,81600.0,2024-03-20
2024032003018568,NFS,42,42,50.0,381.0,19050.0,2024-03-20
2024032003018567,NFS,42,42,150.0,381.0,57150.0,2024-03-20
2024032004008908,GHL,57,37,120.0,159.0,19080.0,2024-03-20
2024032004008907,GHL,45,37,430.0,159.0,68370.0,2024-03-20
2024032004008906,GHL,56,37,30.0,159.0,4770.0,2024-03-20
2024032004008905,GHL,36,37,100.0,159.1,15910.0,2024-03-20
2024032001027400,RAWA,58,88,30.0,469.0,14070.0,2024-03-20
2024032001027399,RAWA,42,88,50.0,469.0,23450.0,2024-03-20
2024032003018566,EDBL,45,46,10.0,370.0,3700.0,2024-03-20
2024032003018565,SAPDBL,49,45,10.0,318.8,3188.0,2024-03-20
2024032003018564,SHINE,1,59,63.0,373.0,23499.0,2024-03-20
2024032003018563,SHINE,1,26,107.0,372.0,39804.0,2024-03-20
2024032003018562,ILBS,44,42,34.0,920.0,31280.0,2024-03-20
2024032003018561,ILBS,44,57,50.0,919.9,45995.0,2024-03-20
2024032003018560,ILBS,44,1,20.0,919.0,18380.0,2024-03-20
2024032003018559,ILBS,44,39,90.0,915.0,82350.0,2024-03-20
2024032003018558,ILBS,44,49,12.0,914.0,10968.0,2024-03-20
2024032003018557,ILBS,44,14,227.0,914.0,207478.0,2024-03-20
2024032003018556,ILBS,44,53,67.0,909.0,60903.0,2024-03-20
2024032001027398,TPC,38,57,160.0,519.0,83040.0,2024-03-20
2024032001027397,TPC,37,57,30.0,519.0,15570.0,2024-03-20
2024032001027396,TPC,35,57,10.0,520.0,5200.0,2024-03-20
2024032004008904,UMRH,57,52,100.0,357.3,35730.0,2024-03-20
2024032004008903,IGI,51,32,50.0,543.8,27190.0,2024-03-20
2024032001027395,SNLI,53,57,110.0,616.0,67760.0,2024-03-20
2024032001027394,SNLI,53,81,90.0,615.9,55431.0,2024-03-20
2024032001027393,SHIVM,76,47,40.0,540.0,21600.0,2024-03-20
2024032003018555,NMBMF,16,56,15.0,608.0,9120.0,2024-03-20
2024032003018554,NMBMF,16,5,134.0,608.0,81472.0,2024-03-20
2024032003018553,NMBMF,16,49,66.0,608.0,40128.0,2024-03-20
2024032003018552,NMBMF,16,13,35.0,607.9,21276.5,2024-03-20
2024032003018551,NFS,5,42,30.0,381.0,11430.0,2024-03-20
2024032001027392,SHIVM,84,47,500.0,540.0,270000.0,2024-03-20
2024032001027391,NICA,34,1,50.0,417.0,20850.0,2024-03-20
2024032003018550,MSLB,58,58,10.0,1071.0,10710.0,2024-03-20
2024032005004352,HRL,49,50,237.0,614.1,145541.7,2024-03-20
2024032005004351,HRL,38,50,200.0,614.2,122840.0,2024-03-20
2024032005004350,HRL,34,50,210.0,614.2,128982.0,2024-03-20
2024032005004349,HRL,7,50,20.0,614.3,12286.0,2024-03-20
2024032005004348,HRL,41,50,15.0,614.4,9216.0,2024-03-20
2024032005004347,HRL,49,50,10.0,614.5,6145.0,2024-03-20
2024032005004346,HRL,14,50,140.0,614.5,86030.0,2024-03-20
2024032005004345,HRL,42,50,168.0,614.6,103252.8,2024-03-20
2024032004008902,AKPL,50,39,100.0,181.0,18100.0,2024-03-20
2024032004008901,SHL,33,36,500.0,446.5,223250.0,2024-03-20
2024032004008900,SPDL,17,21,14.0,250.9,3512.6,2024-03-20
2024032004008899,API,7,21,9.0,183.0,1647.0,2024-03-20
2024032004008898,API,17,21,12.0,183.0,2196.0,2024-03-20
2024032004008897,API,17,57,11.0,183.0,2013.0,2024-03-20
2024032004008896,API,17,21,27.0,182.9,4938.3,2024-03-20
2024032001027390,MANDU,58,10,10.0,701.1,7011.0,2024-03-20
2024032001027389,RFPL,55,11,10.0,380.0,3800.0,2024-03-20
2024032004008895,BPCL,45,35,50.0,306.1,15305.0,2024-03-20
2024032001027388,SONA,77,58,15.0,492.8,7392.0,2024-03-20
2024032003018549,RLFL,7,51,100.0,365.0,36500.0,2024-03-20
2024032004008894,TRH,1,5,200.0,775.0,155000.0,2024-03-20
2024032005004344,NBF3,34,94,250.0,7.4,1850.0,2024-03-20
2024032004008893,AKJCL,11,4,317.0,221.5,70215.5,2024-03-20
2024032003018548,SJLIC,35,72,354.0,526.0,186204.0,2024-03-20
2024032001027387,NMB,42,41,28.0,188.0,5264.0,2024-03-20
2024032001027386,DLBS,62,32,30.0,1163.0,34890.0,2024-03-20
2024032001027385,DORDI,10,41,21.0,446.3,9372.3,2024-03-20
2024032001027384,DORDI,55,41,50.0,450.0,22500.0,2024-03-20
2024032001027383,DORDI,56,41,100.0,450.0,45000.0,2024-03-20
2024032001027382,DORDI,25,41,100.0,450.0,45000.0,2024-03-20
2024032001027381,DORDI,56,41,100.0,450.0,45000.0,2024-03-20
2024032001027380,DORDI,77,41,40.0,450.0,18000.0,2024-03-20
2024032001027379,DORDI,49,41,10.0,451.0,4510.0,2024-03-20
2024032001027378,DORDI,45,41,340.0,451.0,153340.0,2024-03-20
2024032001027377,DORDI,8,41,39.0,451.3,17600.7,2024-03-20
2024032001027376,MKCL,42,41,50.0,934.0,46700.0,2024-03-20
2024032003018547,NFS,43,48,76.0,380.1,28887.6,2024-03-20
2024032003018546,NFS,35,48,200.0,380.1,76020.0,2024-03-20
2024032003018545,NFS,45,48,100.0,380.2,38020.0,2024-03-20
2024032003018544,NFS,33,48,100.0,380.3,38030.0,2024-03-20
2024032003018543,NFS,45,48,274.0,380.3,104202.2,2024-03-20
2024032001027375,SANIMA,16,22,400.0,241.4,96560.0,2024-03-20
2024032001027374,PPL,49,38,470.0,406.0,190820.0,2024-03-20
2024032001027373,PPL,62,38,30.0,406.0,12180.0,2024-03-20
2024032003018542,SLBBL,84,62,225.0,686.0,154350.0,2024-03-20
2024032003018541,SLBBL,84,44,151.0,685.0,103435.0,2024-03-20
2024032005004343,HRL,26,39,10.0,615.0,6150.0,2024-03-20
2024032001027372,SBI,52,10,100.0,290.0,29000.0,2024-03-20
2024032001027371,JBLB,34,57,10.0,1400.0,14000.0,2024-03-20
2024032001027370,PHCL,58,33,10.0,327.0,3270.0,2024-03-20
2024032001027369,DOLTI,59,58,10.0,377.0,3770.0,2024-03-20
2024032001027368,HHL,25,57,100.0,338.2,33820.0,2024-03-20
2024032004008892,AKPL,50,10,500.0,181.0,90500.0,2024-03-20
2024032004008891,AKPL,50,39,282.0,181.0,51042.0,2024-03-20
2024032005004342,HRL,42,57,152.0,614.6,93419.2,2024-03-20
2024032001027367,MBJC,47,39,30.0,320.0,9600.0,2024-03-20
2024032001027366,MBJC,47,58,10.0,319.9,3199.0,2024-03-20
2024032001027365,MBJC,47,33,10.0,319.5,3195.0,2024-03-20
2024032001027364,MBJC,47,57,10.0,319.0,3190.0,2024-03-20
2024032001027363,MBJC,47,3,10.0,317.0,3170.0,2024-03-20
2024032004008890,BPCL,52,4,34.0,306.0,10404.0,2024-03-20
2024032001027362,AVYAN,42,41,20.0,694.0,13880.0,2024-03-20
2024032001027361,CLI,14,36,20.0,459.0,9180.0,2024-03-20
2024032003018540,SFCL,36,85,10.0,325.0,3250.0,2024-03-20
2024032003018539,NICLBSL,5,62,270.0,629.0,169830.0,2024-03-20
2024032003018538,NICLBSL,5,34,20.0,629.0,12580.0,2024-03-20
2024032003018537,NICLBSL,5,26,10.0,628.9,6289.0,2024-03-20
2024032003018536,SAPDBL,1,4,10.0,319.0,3190.0,2024-03-20
2024032005004341,NIFRA,58,36,10.0,209.0,2090.0,2024-03-20
2024032001027360,PCBL,58,34,139.0,195.9,27230.1,2024-03-20
2024032001027359,PCBL,58,16,221.0,195.3,43161.3,2024-03-20
2024032003018535,KMCDB,46,57,51.0,822.0,41922.0,2024-03-20
2024032004008889,SSHL,18,45,246.0,167.0,41082.0,2024-03-20
2024032003018534,ACLBSL,48,52,7.0,765.0,5355.0,2024-03-20
2024032003018533,ACLBSL,56,52,10.0,765.0,7650.0,2024-03-20
2024032001027358,SONA,62,58,140.0,492.8,68992.0,2024-03-20
2024032001027357,SONA,62,62,10.0,492.7,4927.0,2024-03-20
2024032001027356,SONA,62,33,350.0,492.6,172410.0,2024-03-20
2024032001027355,HIDCLP,17,8,10.0,103.2,1032.0,2024-03-20
2024032001027354,AVYAN,42,52,10.0,698.0,6980.0,2024-03-20
2024032001027353,MBJC,51,42,10.0,316.1,3161.0,2024-03-20
2024032001027352,SHIVM,25,63,530.0,539.0,285670.0,2024-03-20
2024032003018532,MPFL,6,33,10.0,375.3,3753.0,2024-03-20
2024032001027351,BGWT,65,58,15.0,627.5,9412.5,2024-03-20
2024032001027350,BGWT,65,59,100.0,627.0,62700.0,2024-03-20
2024032001027349,BGWT,65,49,100.0,627.0,62700.0,2024-03-20
2024032001027348,BGWT,65,6,10.0,627.0,6270.0,2024-03-20
2024032001027347,BGWT,65,49,55.0,626.9,34479.5,2024-03-20
2024032001027346,BGWT,65,42,10.0,626.9,6269.0,2024-03-20
2024032001027345,BGWT,65,58,100.0,626.3,62630.0,2024-03-20
2024032001027344,BGWT,65,49,100.0,626.0,62600.0,2024-03-20
2024032001027343,BGWT,65,42,10.0,625.0,6250.0,2024-03-20
2024032001027342,TAMOR,64,5,120.0,379.1,45492.0,2024-03-20
2024032001027341,SRLI,38,58,10.0,460.0,4600.0,2024-03-20
2024032001027340,SRLI,38,57,20.0,459.0,9180.0,2024-03-20
2024032003018531,JFL,47,38,217.0,387.1,84000.7,2024-03-20
2024032003018530,JFL,17,38,83.0,387.2,32137.6,2024-03-20
2024032001027339,NWCL,44,58,10.0,759.9,7599.0,2024-03-20
2024032001027338,NWCL,44,57,10.0,755.0,7550.0,2024-03-20
2024032001027337,NWCL,44,58,10.0,748.0,7480.0,2024-03-20
2024032001027336,HATHY,38,21,12.0,866.0,10392.0,2024-03-20
2024032001027335,HATHY,45,21,10.0,867.0,8670.0,2024-03-20
2024032001027334,HATHY,57,21,25.0,867.0,21675.0,2024-03-20
2024032001027333,HATHY,70,21,20.0,867.0,17340.0,2024-03-20
2024032001027332,HATHY,52,21,138.0,868.0,119784.0,2024-03-20
2024032001027331,HATHY,38,21,25.0,869.0,21725.0,2024-03-20
2024032001027330,HATHY,6,21,20.0,869.0,17380.0,2024-03-20
2024032001027329,HATHY,42,21,50.0,869.0,43450.0,2024-03-20
2024032001027328,SNLI,49,58,10.0,615.2,6152.0,2024-03-20
2024032001027327,PPL,42,66,49.0,406.1,19898.9,2024-03-20
2024032001027326,PPL,42,66,170.0,406.1,69037.0,2024-03-20
2024032001027325,KBL,19,54,100.0,141.8,14180.0,2024-03-20
2024032001027324,HATHY,39,19,100.0,870.0,87000.0,2024-03-20
2024032001027323,HATHY,14,19,20.0,870.0,17400.0,2024-03-20
2024032001027322,HATHY,68,19,24.0,870.0,20880.0,2024-03-20
2024032004008888,PPCL,14,25,24.0,252.5,6060.0,2024-03-20
2024032001027321,CKHL,48,38,250.0,601.0,150250.0,2024-03-20
2024032004008887,HPPL,29,48,40.0,272.0,10880.0,2024-03-20
2024032004008886,HPPL,29,48,150.0,272.0,40800.0,2024-03-20
2024032001027320,SHLB,19,7,50.0,1052.0,52600.0,2024-03-20
2024032003018529,SABSL,45,38,12.0,730.5,8766.0,2024-03-20
2024032001027319,PPL,42,3,1000.0,406.1,406100.0,2024-03-20
2024032003018528,GBLBS,44,41,60.0,649.0,38940.0,2024-03-20
2024032003018527,JBBL,1,21,10.0,302.0,3020.0,2024-03-20
2024032001027318,MHL,58,14,10.0,392.0,3920.0,2024-03-20
2024032003018526,HLI,44,19,481.0,413.7,198989.7,2024-03-20
2024032003018525,HLI,49,19,19.0,413.8,7862.2,2024-03-20
2024032001027317,NBL,42,38,40.0,225.0,9000.0,2024-03-20
2024032004008885,UPPER,32,5,1342.0,180.1,241694.2,2024-03-20
2024032004008884,UPPER,26,5,200.0,180.1,36020.0,2024-03-20
2024032004008883,UPPER,72,5,16.0,180.1,2881.6,2024-03-20
2024032004008882,UPPER,57,5,210.0,180.2,37842.0,2024-03-20
2024032004008881,UPPER,59,5,100.0,180.2,18020.0,2024-03-20
2024032004008880,UPPER,34,5,150.0,180.2,27030.0,2024-03-20
2024032004008879,UPPER,1,5,100.0,180.2,18020.0,2024-03-20
2024032004008878,UPPER,26,5,108.0,180.2,19461.6,2024-03-20
2024032004008877,UPPER,35,5,70.0,180.2,12614.0,2024-03-20
2024032004008876,UPPER,49,5,60.0,180.2,10812.0,2024-03-20
2024032004008875,UPPER,34,5,644.0,180.3,116113.2,2024-03-20
2024032001027316,RNLI,21,55,10.0,444.5,4445.0,2024-03-20
2024032001027315,RNLI,21,42,180.0,444.5,80010.0,2024-03-20
2024032003018524,NUBL,21,62,162.0,668.0,108216.0,2024-03-20
2024032004008874,UPPER,34,49,356.0,180.3,64186.8,2024-03-20
2024032001027314,SHIVM,34,47,267.0,540.0,144180.0,2024-03-20
2024032001027313,SHIVM,34,4,22.0,540.0,11880.0,2024-03-20
2024032001027312,SHIVM,34,13,10.0,540.0,5400.0,2024-03-20
2024032001027311,SHIVM,34,44,171.0,540.0,92340.0,2024-03-20
2024032001027310,SHIVM,34,48,30.0,539.9,16197.0,2024-03-20
2024032004008873,IGI,85,73,10.0,543.0,5430.0,2024-03-20
2024032003018523,PROFL,13,58,18.0,323.1,5815.8,2024-03-20
2024032001027309,CYCL,66,66,10.0,1374.0,13740.0,2024-03-20
2024032004008872,RADHI,25,4,10.0,244.9,2449.0,2024-03-20
2024032003018522,GFCL,53,39,60.0,472.0,28320.0,2024-03-20
2024032003018521,GFCL,53,57,200.0,471.8,94360.0,2024-03-20
2024032003018520,GFCL,53,52,150.0,471.0,70650.0,2024-03-20
2024032003018519,GFCL,53,46,100.0,470.0,47000.0,2024-03-20
2024032003018518,GFCL,53,77,490.0,470.0,230300.0,2024-03-20
2024032001027308,EBL,45,40,900.0,514.1,462690.0,2024-03-20
2024032001027307,HATHY,63,45,11.0,880.0,9680.0,2024-03-20
2024032001027306,HATHY,63,57,22.0,880.0,19360.0,2024-03-20
2024032001027305,HATHY,63,57,22.0,880.0,19360.0,2024-03-20
2024032001027304,HATHY,63,58,22.0,877.0,19294.0,2024-03-20
2024032001027303,HATHY,63,46,200.0,877.0,175400.0,2024-03-20
2024032001027302,HATHY,63,4,20.0,876.8,17536.0,2024-03-20
2024032001027301,HATHY,63,35,111.0,875.0,97125.0,2024-03-20
2024032001027300,HATHY,63,19,60.0,874.0,52440.0,2024-03-20
2024032001027299,HATHY,63,52,12.0,873.0,10476.0,2024-03-20
2024032001027298,HATHY,63,42,500.0,873.0,436500.0,2024-03-20
2024032001027297,HATHY,63,52,20.0,871.0,17420.0,2024-03-20
2024032004008871,UPCL,41,6,33.0,215.7,7118.1,2024-03-20
2024032004008870,JOSHI,48,36,50.0,338.0,16900.0,2024-03-20
2024032004008869,JOSHI,21,36,20.0,338.0,6760.0,2024-03-20
2024032001027296,SBI,45,10,250.0,290.0,72500.0,2024-03-20
2024032001027295,MKCL,42,38,10.0,934.0,9340.0,2024-03-20
2024032004008868,AKPL,42,38,90.0,180.8,16272.0,2024-03-20
2024032001027294,DOLTI,59,3,200.0,377.0,75400.0,2024-03-20
2024032003018517,NLICL,44,42,200.0,562.0,112400.0,2024-03-20
2024032003018516,GUFL,72,1,10.0,842.0,8420.0,2024-03-20
2024032001027293,MEL,58,52,120.0,220.0,26400.0,2024-03-20
2024032001027292,MEL,58,54,10.0,220.0,2200.0,2024-03-20
2024032001027291,MEL,58,55,40.0,220.0,8800.0,2024-03-20
2024032001027290,MEL,58,13,140.0,220.0,30800.0,2024-03-20
2024032001027289,MEL,58,62,500.0,219.0,109500.0,2024-03-20
2024032001027288,MEL,58,43,290.0,218.9,63481.0,2024-03-20
2024032001027287,SMJC,39,39,20.0,365.0,7300.0,2024-03-20
2024032001027286,SPL,4,14,60.0,654.0,39240.0,2024-03-20
2024032001027285,SPL,1,14,30.0,654.0,19620.0,2024-03-20
2024032001027284,SPL,58,14,10.0,654.1,6541.0,2024-03-20
2024032001027283,SPL,52,14,50.0,654.5,32725.0,2024-03-20
2024032001027282,SPL,19,14,10.0,655.1,6551.0,2024-03-20
2024032001027281,SPL,1,14,10.0,655.1,6551.0,2024-03-20
2024032001027280,SPL,37,14,20.0,656.0,13120.0,2024-03-20
2024032001027279,SPL,6,14,10.0,656.0,6560.0,2024-03-20
2024032004008867,UPPER,55,49,300.0,180.3,54090.0,2024-03-20
2024032003018515,ILBS,44,45,273.0,900.0,245700.0,2024-03-20
2024032003018514,ILBS,62,45,27.0,901.0,24327.0,2024-03-20
2024032001027278,SHLB,7,16,10.0,1070.0,10700.0,2024-03-20
2024032004008866,HDHPC,7,52,480.0,140.5,67440.0,2024-03-20
2024032004008865,AKPL,45,39,100.0,181.0,18100.0,2024-03-20
2024032003018513,RSDC,26,49,30.0,611.0,18330.0,2024-03-20
2024032001027277,MKHL,26,22,10.0,378.0,3780.0,2024-03-20
2024032003018512,GLBSL,50,11,13.0,1299.0,16887.0,2024-03-20
2024032003018511,VLBS,57,36,50.0,701.0,35050.0,2024-03-20
2024032005004340,NIFRA,34,36,100.0,209.0,20900.0,2024-03-20
2024032001027276,TSHL,58,38,62.0,488.0,30256.0,2024-03-20
2024032004008864,UPPER,58,49,100.0,180.3,18030.0,2024-03-20
2024032001027275,HDL,58,17,10.0,1557.0,15570.0,2024-03-20
2024032003018510,NLIC,58,57,50.0,612.1,30605.0,2024-03-20
2024032003018509,SDLBSL,57,22,25.0,735.1,18377.5,2024-03-20
2024032001027274,NABIL,22,57,17.0,457.0,7769.0,2024-03-20
2024032004008863,JOSHI,13,25,132.0,338.0,44616.0,2024-03-20
2024032001027273,SHIVM,25,50,100.0,539.0,53900.0,2024-03-20
2024032001027272,SHIVM,25,10,143.0,539.0,77077.0,2024-03-20
2024032001027271,ILI,11,19,100.0,541.0,54100.0,2024-03-20
2024032001027270,AVYAN,42,42,10.0,694.0,6940.0,2024-03-20
2024032004008862,UNHPL,28,74,400.0,237.0,94800.0,2024-03-20
2024032004008861,UNHPL,28,85,200.0,237.0,47400.0,2024-03-20
2024032004008860,SHL,41,36,100.0,446.5,44650.0,2024-03-20
2024032001027269,BGWT,65,45,400.0,620.0,248000.0,2024-03-20
2024032001027268,RNLI,45,42,150.0,444.5,66675.0,2024-03-20
2024032004008859,UPPER,49,49,300.0,180.2,54060.0,2024-03-20
2024032001027267,GCIL,26,25,50.0,530.0,26500.0,2024-03-20
2024032004008858,UMHL,21,32,10.0,256.0,2560.0,2024-03-20
2024032003018508,GBLBS,34,56,10.0,648.0,6480.0,2024-03-20
2024032001027266,SMJC,6,39,80.0,365.0,29200.0,2024-03-20
2024032001027265,SONA,39,34,145.0,492.0,71340.0,2024-03-20
2024032003018507,CBBL,34,8,10.0,878.0,8780.0,2024-03-20
2024032001027264,SONA,77,34,75.0,492.0,36900.0,2024-03-20
2024032001027263,SONA,6,34,50.0,492.0,24600.0,2024-03-20
2024032001027262,SONA,33,34,25.0,492.0,12300.0,2024-03-20
2024032001027261,SONA,10,34,200.0,492.0,98400.0,2024-03-20
2024032001027260,SONA,78,34,85.0,492.0,41820.0,2024-03-20
2024032001027259,SONA,22,34,10.0,492.2,4922.0,2024-03-20
2024032001027258,SONA,21,34,10.0,492.3,4923.0,2024-03-20
2024032001027257,SONA,21,34,100.0,492.5,49250.0,2024-03-20
2024032001027256,MKHC,25,47,80.0,285.4,22832.0,2024-03-20
2024032001027255,SHIVM,76,10,60.0,539.0,32340.0,2024-03-20
2024032001027254,CLI,14,74,435.0,459.0,199665.0,2024-03-20
2024032003018506,SFCL,6,85,30.0,325.0,9750.0,2024-03-20
2024032003018505,SFCL,6,50,70.0,325.0,22750.0,2024-03-20
2024032001027253,SNLI,32,81,110.0,615.9,67749.0,2024-03-20
2024032001027252,SNLI,32,34,90.0,615.8,55422.0,2024-03-20
2024032003018504,RSDC,37,35,250.0,611.0,152750.0,2024-03-20
2024032004008857,SHPC,42,60,50.0,346.0,17300.0,2024-03-20
2024032004008856,HDHPC,42,52,230.0,140.5,32315.0,2024-03-20
2024032003018503,MDB,45,38,10.0,424.0,4240.0,2024-03-20
2024032001027251,TVCL,45,39,10.0,503.9,5039.0,2024-03-20
2024032001027250,SHLB,50,16,10.0,1070.0,10700.0,2024-03-20
2024032001027249,SAMAJ,11,48,36.0,2018.0,72648.0,2024-03-20
2024032001027248,SAMAJ,11,48,54.0,2017.0,108918.0,2024-03-20
2024032001027247,SAMAJ,11,57,10.0,2005.0,20050.0,2024-03-20
2024032004008855,AKPL,57,39,200.0,181.0,36200.0,2024-03-20
2024032003018502,HLI,49,56,21.0,413.8,8689.8,2024-03-20
2024032001027246,PPL,42,62,297.0,406.1,120611.7,2024-03-20
2024032004008854,NGPL,51,42,10.0,304.9,3049.0,2024-03-20
2024032005004339,HRL,34,39,20.0,615.0,12300.0,2024-03-20
2024032004008853,HPPL,29,74,350.0,272.0,95200.0,2024-03-20
2024032004008852,HPPL,13,74,130.0,272.0,35360.0,2024-03-20
2024032004008851,HPPL,58,74,88.0,272.5,23980.0,2024-03-20
2024032001027245,SHIVM,19,10,29.0,539.0,15631.0,2024-03-20
2024032001027244,SNLI,48,34,10.0,615.8,6158.0,2024-03-20
2024032001027243,PCBL,28,16,519.0,195.3,101360.7,2024-03-20
2024032001027242,BHDC,29,34,10.0,473.0,4730.0,2024-03-20
2024032003018501,RLFL,33,49,100.0,362.1,36210.0,2024-03-20
2024032003018500,RLFL,45,49,400.0,362.1,144840.0,2024-03-20
2024032003018499,HLI,49,17,10.0,413.8,4138.0,2024-03-20
2024032005004338,SFEF,52,21,1000.0,8.15,8150.0,2024-03-20
2024032001027241,SHIVM,11,10,30.0,539.0,16170.0,2024-03-20
2024032004008850,AKJCL,57,4,50.0,221.5,11075.0,2024-03-20
2024032004008849,BPCL,52,66,37.0,306.0,11322.0,2024-03-20
2024032004008848,BPCL,51,66,10.0,306.0,3060.0,2024-03-20
2024032004008847,BPCL,57,66,150.0,306.0,45900.0,2024-03-20
2024032001027240,HATHY,68,10,10.0,870.0,8700.0,2024-03-20
2024032001027239,HATHY,68,19,16.0,870.0,13920.0,2024-03-20
2024032004008846,UMHL,58,32,10.0,256.0,2560.0,2024-03-20
2024032004008845,UPPER,17,49,264.0,180.3,47599.2,2024-03-20
2024032004008844,UPPER,17,55,66.0,180.3,11899.8,2024-03-20
2024032003018498,PROFL,13,17,780.0,323.1,252018.0,2024-03-20
2024032001027238,RNLI,34,42,50.0,444.5,22225.0,2024-03-20
2024032001027237,HDL,28,37,37.0,1555.0,57535.0,2024-03-20
2024032001027236,HDL,28,37,13.0,1555.0,20215.0,2024-03-20
2024032001027235,GBIME,55,42,23.0,187.2,4305.6,2024-03-20
2024032003018497,MERO,65,58,10.0,631.0,6310.0,2024-03-20
2024032004008843,GHL,28,38,20.0,159.4,3188.0,2024-03-20
2024032001027234,KBSH,34,55,50.0,1030.0,51500.0,2024-03-20
2024032001027233,KBSH,38,55,50.0,1032.0,51600.0,2024-03-20
2024032001027232,KBL,26,54,200.0,141.8,28360.0,2024-03-20
2024032003018496,ILBS,62,26,23.0,901.0,20723.0,2024-03-20
2024032003018495,ILBS,62,26,37.0,901.0,33337.0,2024-03-20
2024032004008842,JOSHI,21,57,20.0,339.0,6780.0,2024-03-20
2024032004008841,JOSHI,21,35,10.0,339.0,3390.0,2024-03-20
2024032003018494,USLB,57,52,10.0,1629.9,16299.0,2024-03-20
2024032003018493,ALICL,62,33,450.0,578.0,260100.0,2024-03-20
2024032003018492,ALICL,62,48,150.0,578.0,86700.0,2024-03-20
2024032003018491,GMFBS,58,32,30.0,1010.0,30300.0,2024-03-20
2024032001027231,NRM,42,55,20.0,392.5,7850.0,2024-03-20
2024032003018490,DDBL,45,48,134.0,800.3,107240.2,2024-03-20
2024032003018489,DDBL,51,48,20.0,801.0,16020.0,2024-03-20
2024032003018488,DDBL,50,48,240.0,801.0,192240.0,2024-03-20
2024032001027230,MBJC,51,29,40.0,316.1,12644.0,2024-03-20
2024032004008840,UPCL,19,7,30.0,215.0,6450.0,2024-03-20
2024032001027229,ULHC,28,26,10.0,321.0,3210.0,2024-03-20
2024032001027228,DORDI,26,8,176.0,452.0,79552.0,2024-03-20
2024032001027227,DORDI,26,56,24.0,451.2,10828.8,2024-03-20
2024032001027226,DORDI,26,47,300.0,451.2,135360.0,2024-03-20
2024032005004337,HRL,1,39,40.0,615.0,24600.0,2024-03-20
2024032005004336,HRL,1,22,20.0,614.9,12298.0,2024-03-20
2024032004008839,MEN,45,42,100.0,560.0,56000.0,2024-03-20
2024032004008838,MEN,45,34,200.0,560.0,112000.0,2024-03-20
2024032001027225,HDL,6,50,30.0,1555.0,46650.0,2024-03-20
2024032001027224,HDL,22,50,52.0,1555.0,80860.0,2024-03-20
2024032001027223,HDL,51,50,40.0,1555.0,62200.0,2024-03-20
2024032001027222,HDL,44,50,51.0,1555.0,79305.0,2024-03-20
2024032001027221,HDL,42,50,30.0,1555.1,46653.0,2024-03-20
2024032001027220,HDL,49,50,20.0,1555.1,31102.0,2024-03-20
2024032001027219,HDL,34,50,10.0,1555.2,15552.0,2024-03-20
2024032001027218,HDL,14,50,50.0,1555.5,77775.0,2024-03-20
2024032001027217,HDL,14,50,11.0,1555.5,17110.5,2024-03-20
2024032001027216,NRM,46,57,50.0,392.0,19600.0,2024-03-20
2024032001027215,SHIVM,59,10,60.0,539.0,32340.0,2024-03-20
2024032004008837,UPPER,39,55,434.0,180.3,78250.2,2024-03-20
2024032004008836,UPPER,39,47,66.0,180.3,11899.8,2024-03-20
2024032001027214,MBL,47,49,30.0,182.7,5481.0,2024-03-20
2024032001027213,SHIVM,47,10,300.0,539.0,161700.0,2024-03-20
2024032001027212,SHIVM,32,10,50.0,539.0,26950.0,2024-03-20
2024032001027211,SHIVM,45,10,50.0,539.0,26950.0,2024-03-20
2024032001027210,SHIVM,18,10,10.0,539.0,5390.0,2024-03-20
2024032001027209,SHIVM,34,10,268.0,539.0,144452.0,2024-03-20
2024032004008835,UMRH,4,52,10.0,357.3,3573.0,2024-03-20
2024032004008834,NIL,4,38,100.0,825.0,82500.0,2024-03-20
2024032004008833,NIL,4,44,150.0,825.0,123750.0,2024-03-20
2024032005004335,HRL,14,35,10.0,614.5,6145.0,2024-03-20
2024032001027208,HHL,56,21,14.0,339.0,4746.0,2024-03-20
2024032001027207,MKHL,26,38,10.0,373.0,3730.0,2024-03-20
2024032003018487,GUFL,57,32,40.0,842.5,33700.0,2024-03-20
2024032003018486,GUFL,57,34,100.0,842.0,84200.0,2024-03-20
2024032003018485,GUFL,57,57,10.0,842.0,8420.0,2024-03-20
2024032003018484,GUFL,57,59,20.0,842.0,16840.0,2024-03-20
2024032003018483,GUFL,57,36,150.0,835.0,125250.0,2024-03-20
2024032003018482,GUFL,57,38,130.0,835.0,108550.0,2024-03-20
2024032003018481,GUFL,57,17,10.0,830.0,8300.0,2024-03-20
2024032003018480,NICLBSL,56,26,40.0,628.9,25156.0,2024-03-20
2024032003018479,NICLBSL,56,43,100.0,628.9,62890.0,2024-03-20
2024032003018478,NICLBSL,56,41,200.0,628.0,125600.0,2024-03-20
2024032003018477,NICLBSL,56,43,10.0,628.0,6280.0,2024-03-20
2024032003018476,NICLBSL,56,45,100.0,628.0,62800.0,2024-03-20
2024032003018475,NICLBSL,56,62,50.0,628.0,31400.0,2024-03-20
2024032004008832,BARUN,29,56,570.0,243.1,138567.0,2024-03-20
2024032004008831,BARUN,13,56,20.0,243.2,4864.0,2024-03-20
2024032004008830,BARUN,17,56,410.0,243.2,99712.0,2024-03-20
2024032004008829,NHPC,83,8,90.0,156.9,14121.0,2024-03-20
2024032004008828,NHPC,83,54,110.0,156.8,17248.0,2024-03-20
2024032005004334,NRN,16,59,10.0,546.0,5460.0,2024-03-20
2024032003018474,GMFBS,55,58,14.0,1000.0,14000.0,2024-03-20
2024032001027206,GVL,57,58,10.0,429.0,4290.0,2024-03-20
2024032001027205,SHIVM,34,42,300.0,539.0,161700.0,2024-03-20
2024032005004333,HIDCL,42,49,10.0,175.9,1759.0,2024-03-20
2024032004008827,RADHI,42,28,16.0,244.0,3904.0,2024-03-20
2024032004008826,HEI,28,16,10.0,595.0,5950.0,2024-03-20
2024032003018473,SAPDBL,35,4,50.0,319.0,15950.0,2024-03-20
2024032004008825,RHPL,49,35,70.0,281.1,19677.0,2024-03-20
2024032001027204,PPL,42,41,300.0,406.1,121830.0,2024-03-20
2024032003018472,SLBBL,41,44,30.0,685.0,20550.0,2024-03-20
2024032005004332,NRN,16,41,128.0,546.0,69888.0,2024-03-20
2024032005004331,NRN,38,41,100.0,546.0,54600.0,2024-03-20
2024032005004330,NRN,5,41,100.0,546.0,54600.0,2024-03-20
2024032005004329,NRN,54,41,20.0,546.0,10920.0,2024-03-20
2024032005004328,NRN,6,41,2000.0,546.1,1092200.0,2024-03-20
2024032005004327,NRN,14,41,300.0,546.2,163860.0,2024-03-20
2024032005004326,NRN,8,41,50.0,546.2,27310.0,2024-03-20
2024032005004325,NRN,25,41,18.0,546.3,9833.4,2024-03-20
2024032005004324,NRN,25,41,30.0,546.3,16389.0,2024-03-20
2024032003018471,ILBS,44,14,73.0,914.0,66722.0,2024-03-20
2024032003018470,ILBS,44,22,50.0,912.0,45600.0,2024-03-20
2024032003018469,ILBS,44,34,120.0,910.0,109200.0,2024-03-20
2024032003018468,ILBS,44,42,20.0,910.0,18200.0,2024-03-20
2024032003018467,ILBS,44,26,337.0,909.0,306333.0,2024-03-20
2024032003018466,ILBS,44,17,400.0,908.0,363200.0,2024-03-20
2024032001027203,SONA,78,21,415.0,492.0,204180.0,2024-03-20
2024032001027202,SONA,45,21,10.0,492.0,4920.0,2024-03-20
2024032001027201,SONA,58,21,50.0,492.0,24600.0,2024-03-20
2024032001027200,SONA,38,21,100.0,492.0,49200.0,2024-03-20
2024032001027199,SONA,54,21,145.0,492.0,71340.0,2024-03-20
2024032001027198,SONA,1,21,280.0,492.2,137816.0,2024-03-20
2024032003018465,NFS,56,42,20.0,381.0,7620.0,2024-03-20
2024032005004323,NRIC,59,34,100.0,746.9,74690.0,2024-03-20
2024032001027197,SCB,19,8,200.0,524.0,104800.0,2024-03-20
2024032003018464,DDBL,50,58,20.0,801.0,16020.0,2024-03-20
2024032001027196,PHCL,6,74,25.0,328.0,8200.0,2024-03-20
2024032003018463,KRBL,64,63,10.0,405.0,4050.0,2024-03-20
2024032003018462,MFIL,57,7,20.0,519.5,10390.0,2024-03-20
2024032004008824,PPCL,49,35,85.0,252.8,21488.0,2024-03-20
2024032004008823,PPCL,49,55,115.0,252.6,29049.0,2024-03-20
2024032001027195,DORDI,45,44,160.0,451.0,72160.0,2024-03-20
2024032001027194,DORDI,26,44,370.0,451.2,166944.0,2024-03-20
2024032004008822,SPIL,32,56,89.0,758.0,67462.0,2024-03-20
2024032004008821,SPIL,41,56,150.0,758.0,113700.0,2024-03-20
2024032004008820,RURU,83,62,100.0,690.0,69000.0,2024-03-20
2024032001027193,SHIVM,59,48,10.0,539.9,5399.0,2024-03-20
2024032001027192,CITY,39,5,20.0,606.0,12120.0,2024-03-20
2024032003018461,SAPDBL,39,4,10.0,319.0,3190.0,2024-03-20
2024032003018460,SDLBSL,22,35,50.0,736.0,36800.0,2024-03-20
2024032001027191,SONA,1,19,200.0,492.2,98440.0,2024-03-20
2024032001027190,SHIVM,34,53,400.0,539.0,215600.0,2024-03-20
2024032004008819,AHPC,32,14,200.0,181.7,36340.0,2024-03-20
2024032004008818,AHPC,32,51,100.0,181.5,18150.0,2024-03-20
2024032003018459,SABSL,45,42,40.0,730.5,29220.0,2024-03-20
2024032003018458,SABSL,16,42,50.0,731.0,36550.0,2024-03-20
2024032001027189,SONA,1,35,10.0,492.2,4922.0,2024-03-20
2024032003018457,SABSL,16,38,414.0,731.0,302634.0,2024-03-20
2024032001027188,KBL,1,54,100.0,141.8,14180.0,2024-03-20
2024032004008817,NHPC,3,54,90.0,156.8,14112.0,2024-03-20
2024032001027187,MEL,44,43,10.0,218.9,2189.0,2024-03-20
2024032004008816,UPPER,21,47,500.0,180.3,90150.0,2024-03-20
2024032004008815,UPPER,38,47,100.0,180.3,18030.0,2024-03-20
2024032005004322,HRL,17,39,20.0,615.0,12300.0,2024-03-20
2024032005004321,HRL,17,49,10.0,615.0,6150.0,2024-03-20
2024032005004320,HRL,17,49,10.0,615.0,6150.0,2024-03-20
2024032005004319,HRL,17,55,30.0,615.0,18450.0,2024-03-20
2024032005004318,HRL,17,35,30.0,615.0,18450.0,2024-03-20
2024032005004317,HRL,17,34,10.0,615.0,6150.0,2024-03-20
2024032005004316,HRL,17,35,30.0,615.0,18450.0,2024-03-20
2024032005004315,HRL,17,52,20.0,615.0,12300.0,2024-03-20
2024032005004314,HRL,17,58,10.0,615.0,6150.0,2024-03-20
2024032005004313,HRL,17,6,10.0,615.0,6150.0,2024-03-20
2024032005004312,HRL,17,42,40.0,615.0,24600.0,2024-03-20
2024032005004311,HRL,17,41,10.0,615.0,6150.0,2024-03-20
2024032005004310,HRL,17,57,10.0,615.0,6150.0,2024-03-20
2024032005004309,HRL,17,49,10.0,615.0,6150.0,2024-03-20
2024032004008814,NGPL,17,32,16.0,306.0,4896.0,2024-03-20
2024032001027186,SONA,1,6,10.0,492.2,4922.0,2024-03-20
2024032003018456,NLIC,70,32,20.0,612.0,12240.0,2024-03-20
2024032001027185,NWCL,42,43,10.0,753.0,7530.0,2024-03-20
2024032003018455,MSLB,56,4,16.0,1053.5,16856.0,2024-03-20
2024032001027184,MBJC,51,35,10.0,316.1,3161.0,2024-03-20
2024032001027183,BGWT,16,42,10.0,625.0,6250.0,2024-03-20
2024032001027182,BGWT,16,63,10.0,623.0,6230.0,2024-03-20
2024032001027181,BGWT,16,35,10.0,622.0,6220.0,2024-03-20
2024032001027180,BGWT,16,5,10.0,622.0,6220.0,2024-03-20
2024032003018454,MLBL,45,5,100.0,334.0,33400.0,2024-03-20
2024032003018453,MLBL,55,5,200.0,334.0,66800.0,2024-03-20
2024032003018452,MLBL,22,5,150.0,334.0,50100.0,2024-03-20
2024032003018451,MLBL,17,5,50.0,334.0,16700.0,2024-03-20
2024032003018450,MLBL,18,5,358.0,334.0,119572.0,2024-03-20
2024032004008813,AKJCL,26,4,90.0,221.5,19935.0,2024-03-20
2024032004008812,AKJCL,26,36,910.0,221.5,201565.0,2024-03-20
2024032005004308,HRL,38,4,10.0,615.0,6150.0,2024-03-20
2024032005004307,HRL,38,11,48.0,615.0,29520.0,2024-03-20
2024032005004306,HRL,38,86,34.0,614.9,20906.6,2024-03-20
2024032001027179,MBL,56,49,200.0,182.7,36540.0,2024-03-20
2024032005004305,HRL,13,86,40.0,614.9,24596.0,2024-03-20
2024032005004304,HRL,44,86,26.0,614.9,15987.4,2024-03-20
2024032001027178,SANIMA,51,22,250.0,241.1,60275.0,2024-03-20
2024032001027177,SHIVM,76,48,10.0,539.9,5399.0,2024-03-20
2024032003018449,GUFL,19,38,10.0,835.0,8350.0,2024-03-20
2024032001027176,SHIVM,34,58,50.0,539.0,26950.0,2024-03-20
2024032001027175,SHIVM,34,6,1500.0,539.0,808500.0,2024-03-20
2024032004008811,KPCL,55,40,327.0,405.0,132435.0,2024-03-20
2024032004008810,KPCL,34,40,20.0,405.1,8102.0,2024-03-20
2024032004008809,KPCL,51,40,103.0,405.1,41725.3,2024-03-20
2024032004008808,MHNL,33,38,10.0,248.4,2484.0,2024-03-20
2024032003018448,SHINE,28,26,11.0,372.0,4092.0,2024-03-20
2024032001027174,DLBS,62,28,10.0,1163.0,11630.0,2024-03-20
2024032001027173,AHL,42,19,10.0,439.9,4399.0,2024-03-20
2024032001027172,GVL,42,47,10.0,430.0,4300.0,2024-03-20
2024032001027171,TAMOR,72,5,80.0,380.1,30408.0,2024-03-20
2024032001027170,RNLI,49,42,90.0,444.5,40005.0,2024-03-20
2024032003018447,PMLI,21,39,100.0,533.0,53300.0,2024-03-20
2024032004008807,SJCL,50,38,60.0,282.0,16920.0,2024-03-20
2024032004008806,NGPL,67,38,204.0,304.0,62016.0,2024-03-20
2024032004008805,NGPL,34,38,100.0,304.5,30450.0,2024-03-20
2024032004008804,NGPL,17,38,50.0,304.9,15245.0,2024-03-20
2024032004008803,NGPL,44,38,146.0,305.0,44530.0,2024-03-20
2024032003018446,CORBL,42,39,65.0,437.0,28405.0,2024-03-20
2024032003018445,CORBL,1,39,10.0,439.0,4390.0,2024-03-20
2024032001027169,MHL,54,39,200.0,390.1,78020.0,2024-03-20
2024032001027168,NRM,17,55,20.0,392.5,7850.0,2024-03-20
2024032004008802,SGIC,39,58,10.0,540.0,5400.0,2024-03-20
2024032004008801,SGIC,36,58,11.0,541.9,5960.9,2024-03-20
2024032005004303,NIFRA,48,36,70.0,209.0,14630.0,2024-03-20
2024032003018444,MFIL,36,57,620.0,522.0,323640.0,2024-03-20
2024032001027167,MHCL,58,5,10.0,449.0,4490.0,2024-03-20
2024032004008800,RHPL,49,21,40.0,281.1,11244.0,2024-03-20
2024032001027166,ILI,11,83,10.0,541.0,5410.0,2024-03-20
2024032001027165,GCIL,14,38,50.0,529.0,26450.0,2024-03-20
2024032001027164,JBLB,65,34,12.0,1399.9,16798.8,2024-03-20
2024032001027163,JBLB,65,45,10.0,1399.9,13999.0,2024-03-20
2024032001027162,JBLB,65,6,30.0,1399.5,41985.0,2024-03-20
2024032001027161,JBLB,65,54,10.0,1399.5,13995.0,2024-03-20
2024032001027160,JBLB,65,7,38.0,1396.0,53048.0,2024-03-20
2024032003018443,NFS,50,42,30.0,380.2,11406.0,2024-03-20
2024032003018442,NFS,34,42,100.0,380.3,38030.0,2024-03-20
2024032004008799,BPCL,42,35,90.0,306.1,27549.0,2024-03-20
2024032004008798,BPCL,47,35,22.0,306.1,6734.2,2024-03-20
2024032003018441,SJLIC,35,48,130.0,526.0,68380.0,2024-03-20
2024032003018440,SJLIC,35,45,480.0,526.0,252480.0,2024-03-20
2024032003018439,SLBBL,34,44,10.0,685.0,6850.0,2024-03-20
2024032003018438,SHINE,55,44,40.0,371.9,14876.0,2024-03-20
2024032003018437,ICFC,58,52,250.0,510.6,127650.0,2024-03-20
2024032003018436,ICFC,36,52,50.0,511.0,25550.0,2024-03-20
2024032004008797,NIL,62,54,30.0,824.0,24720.0,2024-03-20
2024032004008796,NIL,13,54,100.0,824.1,82410.0,2024-03-20
2024032001027159,MKHL,26,44,10.0,373.0,3730.0,2024-03-20
2024032001027158,PPL,42,49,10.0,406.1,4061.0,2024-03-20
2024032001027157,NESDO,20,82,291.0,1808.0,526128.0,2024-03-20
2024032001027156,NESDO,59,82,20.0,1810.0,36200.0,2024-03-20
2024032001027155,NESDO,45,82,100.0,1810.1,181010.0,2024-03-20
2024032001027154,NESDO,16,82,90.0,1811.9,163071.0,2024-03-20
2024032001027153,NESDO,55,82,15.0,1815.1,27226.5,2024-03-20
2024032001027152,NABIL,56,49,90.0,456.5,41085.0,2024-03-20
2024032003018435,JBBL,56,21,10.0,303.0,3030.0,2024-03-20
2024032004008795,AKPL,57,39,300.0,181.0,54300.0,2024-03-20
2024032001027151,GCIL,38,34,170.0,529.9,90083.0,2024-03-20
2024032001027150,SHIVM,34,38,482.0,539.0,259798.0,2024-03-20
2024032001027149,SHIVM,29,38,18.0,539.0,9702.0,2024-03-20
2024032003018434,FMDBL,59,21,10.0,639.8,6398.0,2024-03-20
2024032001027148,SHIVM,29,47,57.0,539.0,30723.0,2024-03-20
2024032001027147,SHIVM,26,47,93.0,539.0,50127.0,2024-03-20
2024032001027146,NESDO,21,47,30.0,1817.0,54510.0,2024-03-20
2024032003018433,PFL,37,17,280.0,395.1,110628.0,2024-03-20
2024032003018432,PFL,45,17,20.0,396.0,7920.0,2024-03-20
2024032004008794,PMHPL,28,64,942.0,247.3,232956.6,2024-03-20
2024032005004302,HRL,44,58,10.0,614.9,6149.0,2024-03-20
2024032005004301,SMATA,28,32,25.0,749.0,18725.0,2024-03-20
2024032003018431,MSLB,42,58,10.0,1071.0,10710.0,2024-03-20
2024032003018430,MSLB,42,56,10.0,1065.0,10650.0,2024-03-20
2024032003018429,ICFC,36,57,50.0,511.0,25550.0,2024-03-20
2024032001027145,MMKJL,34,42,10.0,424.0,4240.0,2024-03-20
2024032001027144,SHIVM,34,44,199.0,540.0,107460.0,2024-03-20
2024032001027143,SHIVM,34,45,100.0,540.0,54000.0,2024-03-20
2024032001027142,SHIVM,34,35,150.0,540.0,81000.0,2024-03-20
2024032001027141,SHIVM,34,1,51.0,539.9,27534.9,2024-03-20
2024032001027140,SHIVM,34,13,500.0,539.5,269750.0,2024-03-20
2024032004008793,AKJCL,34,36,10.0,221.5,2215.0,2024-03-20
2024032001027139,SHLB,19,7,26.0,1052.0,27352.0,2024-03-20
2024032001027138,SHLB,45,7,30.0,1057.5,31725.0,2024-03-20
2024032001027137,SHLB,95,7,151.0,1061.0,160211.0,2024-03-20
2024032005004300,HRL,44,26,10.0,614.9,6149.0,2024-03-20
2024032003018428,CBBL,44,58,10.0,877.0,8770.0,2024-03-20
2024032005004299,HRL,44,11,45.0,615.0,27675.0,2024-03-20
2024032005004298,HRL,44,34,35.0,614.9,21521.5,2024-03-20
2024032003018427,SAPDBL,65,50,200.0,314.1,62820.0,2024-03-20
2024032004008792,UPPER,49,47,500.0,180.3,90150.0,2024-03-20
2024032003018426,GMFIL,45,49,10.0,362.9,3629.0,2024-03-20
2024032001027136,HDL,14,45,39.0,1555.5,60664.5,2024-03-20
2024032001027135,HDL,57,45,11.0,1556.1,17117.1,2024-03-20
2024032001027134,HDL,32,45,50.0,1557.0,77850.0,2024-03-20
2024032001027133,CYCL,62,66,217.0,1374.0,298158.0,2024-03-20
2024032001027132,CYCL,62,77,90.0,1373.0,123570.0,2024-03-20
2024032001027131,CYCL,62,42,13.0,1373.0,17849.0,2024-03-20
2024032001027130,CYCL,62,25,10.0,1350.0,13500.0,2024-03-20
2024032001027129,CYCL,62,57,170.0,1350.0,229500.0,2024-03-20
2024032004008791,SJCL,45,38,252.0,282.0,71064.0,2024-03-20
2024032004008790,SJCL,45,58,30.0,282.0,8460.0,2024-03-20
2024032004008789,SJCL,45,7,10.0,282.0,2820.0,2024-03-20
2024032003018425,ALICL,38,48,50.0,578.0,28900.0,2024-03-20
2024032005004297,NICSF,17,1,2298.0,9.1,20911.8,2024-03-20
2024032003018424,GILB,39,17,100.0,940.0,94000.0,2024-03-20
2024032003018423,GILB,34,17,120.0,940.3,112836.0,2024-03-20
2024032003018422,GILB,13,17,30.0,940.4,28212.0,2024-03-20
2024032003018421,GILB,64,17,50.0,941.0,47050.0,2024-03-20
2024032001027128,PPL,42,58,223.0,406.1,90560.3,2024-03-20
2024032001027127,PPL,94,58,45.0,406.3,18283.5,2024-03-20
2024032001027126,PPL,43,58,100.0,406.4,40640.0,2024-03-20
2024032001027125,PPL,88,58,82.0,406.4,33324.8,2024-03-20
2024032003018420,SHINE,52,8,10.0,370.6,3706.0,2024-03-20
2024032005004296,SFMF,91,41,500.0,9.95,4975.0,2024-03-20
2024032004008788,SHL,91,36,100.0,446.5,44650.0,2024-03-20
2024032004008787,SHL,29,36,300.0,446.6,133980.0,2024-03-20
2024032003018419,GUFL,35,48,100.0,827.0,82700.0,2024-03-20
2024032001027124,CYCL,66,57,10.0,1350.0,13500.0,2024-03-20
2024032003018418,HLI,44,45,100.0,413.7,41370.0,2024-03-20
2024032001027123,MHCL,58,45,10.0,449.0,4490.0,2024-03-20
2024032001027122,DORDI,26,38,10.0,451.2,4512.0,2024-03-20
2024032005004295,HRL,47,34,20.0,614.9,12298.0,2024-03-20
2024032003018417,NFS,40,42,100.0,381.0,38100.0,2024-03-20
2024032001027121,SNLI,50,42,10.0,615.1,6151.0,2024-03-20
2024032003018416,NFS,35,42,100.0,381.0,38100.0,2024-03-20
2024032004008786,HPPL,58,16,12.0,272.5,3270.0,2024-03-20
2024032003018415,CBBL,49,7,45.0,876.0,39420.0,2024-03-20
2024032001027120,DLBS,62,25,17.0,1163.0,19771.0,2024-03-20
2024032001027119,DORDI,26,45,20.0,451.2,9024.0,2024-03-20
2024032004008785,AKPL,42,39,50.0,181.0,9050.0,2024-03-20
2024032004008784,AKPL,59,39,300.0,181.0,54300.0,2024-03-20
2024032004008783,AKPL,48,39,100.0,181.0,18100.0,2024-03-20
2024032004008782,AKPL,58,39,157.0,181.0,28417.0,2024-03-20
2024032004008781,AKPL,66,39,600.0,181.0,108600.0,2024-03-20
2024032004008780,AKPL,52,39,50.0,181.0,9050.0,2024-03-20
2024032004008779,AKPL,33,39,1136.0,181.0,205616.0,2024-03-20
2024032004008778,AKPL,48,39,25.0,181.2,4530.0,2024-03-20
2024032001027118,RFPL,19,57,50.0,378.9,18945.0,2024-03-20
2024032001027117,CITY,45,57,80.0,595.0,47600.0,2024-03-20
2024032001027116,CITY,58,57,25.0,596.0,14900.0,2024-03-20
2024032001027115,CITY,17,57,50.0,596.0,29800.0,2024-03-20
2024032001027114,CITY,38,57,175.0,596.9,104457.5,2024-03-20
2024032001027113,CITY,22,57,20.0,596.9,11938.0,2024-03-20
2024032001027112,CITY,17,57,40.0,596.9,23876.0,2024-03-20
2024032001027111,CITY,57,57,110.0,597.2,65692.0,2024-03-20
2024032001027110,SHIVM,76,1,10.0,539.9,5399.0,2024-03-20
2024032001027109,CLI,40,74,65.0,459.0,29835.0,2024-03-20
2024032004008777,SHEL,58,45,30.0,206.0,6180.0,2024-03-20
2024032004008776,SHEL,58,26,10.0,206.0,2060.0,2024-03-20
2024032004008775,SHEL,58,41,10.0,205.0,2050.0,2024-03-20
2024032004008774,SHEL,58,58,10.0,205.0,2050.0,2024-03-20
2024032004008773,MHNL,33,39,31.0,248.0,7688.0,2024-03-20
2024032001027108,NWCL,42,42,185.0,735.0,135975.0,2024-03-20
2024032001027107,NWCL,54,42,10.0,735.8,7358.0,2024-03-20
2024032001027106,NWCL,47,42,100.0,736.0,73600.0,2024-03-20
2024032001027105,NWCL,47,42,200.0,736.0,147200.0,2024-03-20
2024032001027104,NWCL,22,42,20.0,736.0,14720.0,2024-03-20
2024032001027103,NWCL,34,42,100.0,739.9,73990.0,2024-03-20
2024032001027102,NWCL,86,42,100.0,740.0,74000.0,2024-03-20
2024032001027101,NWCL,28,42,15.0,740.0,11100.0,2024-03-20
2024032001027100,NWCL,48,42,20.0,740.0,14800.0,2024-03-20
2024032001027099,NWCL,29,42,200.0,740.0,148000.0,2024-03-20
2024032001027098,NWCL,28,42,100.0,740.0,74000.0,2024-03-20
2024032001027097,NWCL,49,42,100.0,740.0,74000.0,2024-03-20
2024032001027096,NWCL,32,42,100.0,740.0,74000.0,2024-03-20
2024032001027095,NWCL,48,42,200.0,740.0,148000.0,2024-03-20
2024032001027094,NWCL,47,42,100.0,740.0,74000.0,2024-03-20
2024032001027093,NWCL,28,42,50.0,741.0,37050.0,2024-03-20
2024032001027092,NWCL,13,42,50.0,741.0,37050.0,2024-03-20
2024032001027091,NWCL,32,42,10.0,741.9,7419.0,2024-03-20
2024032001027090,NWCL,32,42,50.0,745.0,37250.0,2024-03-20
2024032001027089,NWCL,62,42,200.0,745.0,149000.0,2024-03-20
2024032001027088,NWCL,41,42,90.0,745.0,67050.0,2024-03-20
2024032005004294,NIFRA,3,36,50.0,209.0,10450.0,2024-03-20
2024032005004293,NIFRA,49,36,66.0,209.0,13794.0,2024-03-20
2024032001027087,SONA,54,7,355.0,492.0,174660.0,2024-03-20
2024032001027086,SONA,52,7,360.0,492.0,177120.0,2024-03-20
2024032001027085,SONA,59,7,12.0,492.2,5906.4,2024-03-20
2024032001027084,SONA,38,7,100.0,492.2,49220.0,2024-03-20
2024032001027083,DORDI,26,52,100.0,451.2,45120.0,2024-03-20
2024032001027082,SNLI,50,21,1000.0,615.1,615100.0,2024-03-20
2024032005004292,SMATA,34,50,50.0,745.1,37255.0,2024-03-20
2024032004008772,NGPL,44,13,500.0,305.0,152500.0,2024-03-20
2024032003018414,HLI,44,57,300.0,413.7,124110.0,2024-03-20
2024032003018413,SABSL,38,38,50.0,731.0,36550.0,2024-03-20
2024032001027081,NRM,46,38,50.0,392.0,19600.0,2024-03-20
2024032004008771,SGIC,36,51,89.0,541.9,48229.1,2024-03-20
2024032004008770,SJCL,1,22,455.0,280.4,127582.0,2024-03-20
2024032004008769,SJCL,21,22,40.0,280.5,11220.0,2024-03-20
2024032004008768,NICL,21,6,10.0,858.0,8580.0,2024-03-20
2024032001027080,CKHL,58,58,20.0,602.0,12040.0,2024-03-20
2024032003018412,RSDC,21,35,10.0,611.0,6110.0,2024-03-20
2024032003018411,RSDC,17,35,40.0,611.1,24444.0,2024-03-20
2024032001027079,SHIVM,26,36,207.0,539.0,111573.0,2024-03-20
2024032001027078,SHIVM,49,36,20.0,539.0,10780.0,2024-03-20
2024032001027077,SHIVM,29,36,173.0,539.0,93247.0,2024-03-20
2024032003018410,NLIC,70,4,18.0,612.0,11016.0,2024-03-20
2024032004008767,NGPL,44,32,354.0,305.0,107970.0,2024-03-20
2024032001027076,SHIVM,59,1,500.0,539.9,269950.0,2024-03-20
2024032001027075,RHGCL,45,46,10.0,298.0,2980.0,2024-03-20
2024032001027074,GVL,17,47,10.0,430.0,4300.0,2024-03-20
2024032003018409,MLBL,10,5,461.0,335.0,154435.0,2024-03-20
2024032003018408,MLBL,10,81,29.0,335.0,9715.0,2024-03-20
2024032003018407,MLBL,10,14,10.0,334.5,3345.0,2024-03-20
2024032003018406,SFCL,32,50,40.0,325.0,13000.0,2024-03-20
2024032003018405,SFCL,32,21,30.0,325.0,9750.0,2024-03-20
2024032003018404,SFCL,32,62,50.0,324.5,16225.0,2024-03-20
2024032003018403,SFCL,32,42,150.0,323.0,48450.0,2024-03-20
2024032003018402,SFCL,32,38,130.0,323.0,41990.0,2024-03-20
2024032005004291,NTC,50,42,65.0,858.2,55783.0,2024-03-20
2024032005004290,NTC,17,42,30.0,858.3,25749.0,2024-03-20
2024032001027073,SMHL,58,68,10.0,453.0,4530.0,2024-03-20
2024032001027072,SONA,38,48,100.0,492.2,49220.0,2024-03-20
2024032003018401,SJLIC,61,45,10.0,526.0,5260.0,2024-03-20
2024032001027071,SHIVM,29,34,355.0,539.0,191345.0,2024-03-20
2024032005004289,CHDC,21,58,10.0,950.0,9500.0,2024-03-20
2024032003018400,GBBL,62,25,507.0,374.5,189871.5,2024-03-20
2024032003018399,GBBL,62,34,438.0,374.5,164031.0,2024-03-20
2024032003018398,GBBL,62,38,55.0,374.5,20597.5,2024-03-20
2024032001027070,MLBS,57,51,10.0,979.0,9790.0,2024-03-20
2024032004008766,BARUN,17,74,90.0,243.2,21888.0,2024-03-20
2024032004008765,BARUN,13,74,130.0,243.2,31616.0,2024-03-20
2024032004008764,BARUN,33,74,20.0,243.3,4866.0,2024-03-20
2024032004008763,BARUN,1,74,100.0,243.3,24330.0,2024-03-20
2024032004008762,BARUN,41,74,20.0,243.5,4870.0,2024-03-20
2024032003018397,HLI,44,4,10.0,413.7,4137.0,2024-03-20
2024032001027069,PRVU,43,42,10.0,143.0,1430.0,2024-03-20
2024032001027068,PRVU,34,42,25.0,143.0,3575.0,2024-03-20
2024032001027067,PRVU,54,42,410.0,143.0,58630.0,2024-03-20
2024032003018396,NFS,33,42,100.0,381.0,38100.0,2024-03-20
2024032003018395,RSDC,34,13,64.0,613.0,39232.0,2024-03-20
2024032003018394,RSDC,34,25,10.0,612.0,6120.0,2024-03-20
2024032003018393,RSDC,34,8,46.0,612.0,28152.0,2024-03-20
2024032003018392,MPFL,54,36,10.0,380.3,3803.0,2024-03-20
2024032003018391,FMDBL,39,66,51.0,635.0,32385.0,2024-03-20
2024032001027066,GVL,45,47,30.0,430.0,12900.0,2024-03-20
2024032001027065,PHCL,17,57,355.0,325.1,115410.5,2024-03-20
2024032001027064,PHCL,57,57,500.0,325.5,162750.0,2024-03-20
2024032001027063,PHCL,32,57,90.0,326.0,29340.0,2024-03-20
2024032001027062,PHCL,22,57,45.0,326.2,14679.0,2024-03-20
2024032001027061,PHCL,66,57,710.0,326.3,231673.0,2024-03-20
2024032001027060,PHCL,62,57,100.0,326.4,32640.0,2024-03-20
2024032001027059,PHCL,49,57,200.0,326.5,65300.0,2024-03-20
2024032001027058,MKJC,28,35,10.0,475.9,4759.0,2024-03-20
2024032004008761,MHNL,33,44,181.0,246.9,44688.9,2024-03-20
2024032001027057,SNLI,16,58,10.0,615.2,6152.0,2024-03-20
2024032003018390,WNLB,35,37,71.0,1125.0,79875.0,2024-03-20
2024032003018389,WNLB,35,29,40.0,1122.0,44880.0,2024-03-20
2024032003018388,WNLB,35,53,10.0,1120.0,11200.0,2024-03-20
2024032003018387,WNLB,35,10,20.0,1116.5,22330.0,2024-03-20
2024032003018386,WNLB,35,42,120.0,1115.0,133800.0,2024-03-20
2024032003018385,WNLB,35,38,89.0,1115.0,99235.0,2024-03-20
2024032003018384,WNLB,36,38,79.0,1115.0,88085.0,2024-03-20
2024032003018383,WNLB,36,16,10.0,1114.5,11145.0,2024-03-20
2024032003018382,WNLB,36,59,11.0,1114.0,12254.0,2024-03-20
2024032001027056,SPL,57,16,20.0,656.1,13122.0,2024-03-20
2024032001027055,SPL,52,16,10.0,656.2,6562.0,2024-03-20
2024032004008760,NGPL,67,34,345.0,304.0,104880.0,2024-03-20
2024032004008759,NGPL,10,34,68.0,304.0,20672.0,2024-03-20
2024032004008758,NGPL,49,34,287.0,304.1,87276.7,2024-03-20
2024032004008757,OHL,50,49,10.0,784.0,7840.0,2024-03-20
2024032001027054,SHIVM,29,11,124.0,539.0,66836.0,2024-03-20
2024032003018381,MERO,39,54,10.0,631.2,6312.0,2024-03-20
2024032001027053,CYCL,62,57,12.0,1350.0,16200.0,2024-03-20
2024032001027052,SHIVM,76,1,10.0,539.9,5399.0,2024-03-20
2024032004008756,API,17,35,10.0,182.8,1828.0,2024-03-20
2024032001027051,HATHY,37,19,484.0,870.0,421080.0,2024-03-20
2024032003018380,USLB,57,62,10.0,1630.0,16300.0,2024-03-20
2024032001027050,CLI,57,42,20.0,460.0,9200.0,2024-03-20
2024032001027049,CLI,57,49,10.0,460.0,4600.0,2024-03-20
2024032001027048,CLI,57,41,10.0,460.0,4600.0,2024-03-20
2024032001027047,CLI,57,58,10.0,460.0,4600.0,2024-03-20
2024032003018379,CBBL,49,8,100.0,876.0,87600.0,2024-03-20
2024032001027046,SHIVM,29,41,118.0,539.0,63602.0,2024-03-20
2024032001027045,SHIVM,58,41,22.0,539.5,11869.0,2024-03-20
2024032003018378,GBBL,65,36,150.0,373.0,55950.0,2024-03-20
2024032003018377,GBBL,19,36,150.0,373.5,56025.0,2024-03-20
2024032001027044,CKHL,37,58,10.0,602.0,6020.0,2024-03-20
2024032001027043,CKHL,34,58,115.0,603.0,69345.0,2024-03-20
2024032001027042,CKHL,42,58,80.0,603.0,48240.0,2024-03-20
2024032003018376,USLB,55,62,80.0,1630.0,130400.0,2024-03-20
2024032003018375,USLB,55,52,120.0,1630.0,195600.0,2024-03-20
2024032005004288,HIDCL,34,59,269.0,176.0,47344.0,2024-03-20
2024032005004287,HIDCL,34,22,101.0,176.0,17776.0,2024-03-20
2024032005004286,HIDCL,34,45,130.0,176.0,22880.0,2024-03-20
2024032003018374,SFCL,52,38,100.0,323.0,32300.0,2024-03-20
2024032003018373,KSBBL,44,21,588.0,361.0,212268.0,2024-03-20
2024032001027041,MHCL,58,50,272.0,448.0,121856.0,2024-03-20
2024032001027040,MHCL,58,50,18.0,448.0,8064.0,2024-03-20
2024032001027039,MHCL,59,50,10.0,448.0,4480.0,2024-03-20
2024032001027038,MHCL,28,50,100.0,448.0,44800.0,2024-03-20
2024032004008755,UPPER,49,11,1000.0,180.2,180200.0,2024-03-20
2024032001027037,JBLB,7,25,20.0,1390.0,27800.0,2024-03-20
2024032005004285,CIT,39,25,22.0,2118.0,46596.0,2024-03-20
2024032001027036,SRLI,4,58,138.0,460.0,63480.0,2024-03-20
2024032001027035,SRLI,4,21,10.0,460.0,4600.0,2024-03-20
2024032001027034,SRLI,4,42,10.0,459.0,4590.0,2024-03-20
2024032001027033,SRLI,4,28,10.0,459.0,4590.0,2024-03-20
2024032001027032,SRLI,4,52,10.0,459.0,4590.0,2024-03-20
2024032001027031,SRLI,4,49,10.0,459.0,4590.0,2024-03-20
2024032001027030,SRLI,4,6,10.0,458.0,4580.0,2024-03-20
2024032001027029,SRLI,4,59,100.0,457.9,45790.0,2024-03-20
2024032001027028,SRLI,4,70,302.0,457.4,138134.8,2024-03-20
2024032001027027,HBL,42,26,100.0,194.0,19400.0,2024-03-20
2024032003018372,SJLIC,82,77,100.0,525.1,52510.0,2024-03-20
2024032003018371,PROFL,34,58,50.0,323.4,16170.0,2024-03-20
2024032003018370,PROFL,47,58,932.0,323.4,301408.8,2024-03-20
2024032001027026,USHEC,58,45,10.0,362.0,3620.0,2024-03-20
2024032001027025,USHEC,58,34,10.0,360.0,3600.0,2024-03-20
2024032001027024,USHEC,58,42,10.0,358.9,3589.0,2024-03-20
2024032001027023,USHEC,58,49,10.0,358.0,3580.0,2024-03-20
2024032003018369,GRDBL,57,84,90.0,375.6,33804.0,2024-03-20
2024032003018368,GRDBL,33,84,500.0,375.7,187850.0,2024-03-20
2024032003018367,GRDBL,21,84,60.0,375.7,22542.0,2024-03-20
2024032003018366,GRDBL,41,84,50.0,375.7,18785.0,2024-03-20
2024032004008754,SHL,13,11,200.0,447.0,89400.0,2024-03-20
2024032003018365,ILBS,62,81,74.0,901.0,66674.0,2024-03-20
2024032003018364,ILBS,51,81,20.0,902.0,18040.0,2024-03-20
2024032004008753,RADHI,47,28,30.0,244.0,7320.0,2024-03-20
2024032005004284,NIFRA,49,57,54.0,209.0,11286.0,2024-03-20
2024032003018363,DDBL,50,28,240.0,801.0,192240.0,2024-03-20
2024032003018362,DDBL,16,28,50.0,801.0,40050.0,2024-03-20
2024032003018361,DDBL,33,28,200.0,801.3,160260.0,2024-03-20
2024032004008752,SHL,33,36,171.0,446.6,76368.6,2024-03-20
2024032003018360,GBLBS,95,41,879.0,649.0,570471.0,2024-03-20
2024032003018359,GBLBS,95,47,100.0,648.9,64890.0,2024-03-20
2024032003018358,GBLBS,95,57,150.0,648.8,97320.0,2024-03-20
2024032003018357,GBLBS,95,34,36.0,648.0,23328.0,2024-03-20
2024032003018356,GBLBS,95,40,335.0,648.0,217080.0,2024-03-20
2024032001027022,SHIVM,46,38,5.0,529.7,2648.5,2024-03-20
2024032001027021,AHL,53,42,10.0,435.0,4350.0,2024-03-20
2024032004008751,AKPL,46,59,100.0,181.7,18170.0,2024-03-20
2024032003018355,JBBL,1,55,20.0,302.0,6040.0,2024-03-20
2024032003018354,ILBS,21,17,100.0,908.0,90800.0,2024-03-20
2024032001027020,NRM,46,49,10.0,392.0,3920.0,2024-03-20
2024032001027019,CZBIL,56,57,200.0,164.7,32940.0,2024-03-20
2024032001027018,LSL,22,34,10.0,162.0,1620.0,2024-03-20
2024032001027017,SHLB,57,7,13.0,1069.0,13897.0,2024-03-20
2024032004008750,UMHL,74,57,142.0,255.0,36210.0,2024-03-20
2024032004008749,UMHL,36,57,200.0,255.0,51000.0,2024-03-20
2024032004008748,UMHL,41,57,400.0,255.0,102000.0,2024-03-20
2024032004008747,UMHL,34,57,500.0,255.0,127500.0,2024-03-20
2024032004008746,UMHL,51,57,70.0,255.0,17850.0,2024-03-20
2024032004008745,UMHL,57,57,500.0,255.0,127500.0,2024-03-20
2024032004008744,UMHL,21,57,275.0,255.1,70152.5,2024-03-20
2024032004008743,UMHL,44,57,913.0,255.1,232906.3,2024-03-20
2024032003018353,NMBMF,35,13,80.0,607.9,48632.0,2024-03-20
2024032003018352,NMBMF,35,47,35.0,607.8,21273.0,2024-03-20
2024032001027016,MHCL,42,45,26.0,449.9,11697.4,2024-03-20
2024032003018351,SWMF,57,42,50.0,761.0,38050.0,2024-03-20
2024032001027015,SMH,16,29,10.0,685.0,6850.0,2024-03-20
2024032001027014,SMH,16,42,10.0,684.0,6840.0,2024-03-20
2024032001027013,SMH,16,71,219.0,683.0,149577.0,2024-03-20
2024032001027012,SMH,16,83,10.0,682.9,6829.0,2024-03-20
2024032005004283,NRIC,55,34,57.0,746.9,42573.3,2024-03-20
2024032001027011,SRLI,10,57,23.0,455.2,10469.6,2024-03-20
2024032003018350,GBLBS,41,40,155.0,648.0,100440.0,2024-03-20
2024032003018349,KMCDB,46,42,14.0,822.0,11508.0,2024-03-20
2024032001027010,SHIVM,29,32,230.0,539.0,123970.0,2024-03-20
2024032004008742,NHDL,52,57,160.0,426.0,68160.0,2024-03-20
2024032001027009,SHLB,95,34,10.0,1061.0,10610.0,2024-03-20
2024032005004282,GIBF1,34,4,100.0,8.56,856.0,2024-03-20
2024032005004281,GIBF1,34,38,2400.0,8.48,20352.0,2024-03-20
2024032004008741,UNHPL,17,44,300.0,236.0,70800.0,2024-03-20
2024032003018348,MLBL,50,21,238.0,334.3,79563.4,2024-03-20
2024032003018347,MLBL,16,21,346.0,334.4,115702.4,2024-03-20
2024032001027008,SHIVM,76,32,10.0,539.0,5390.0,2024-03-20
2024032001027007,NIMB,58,74,40.0,165.0,6600.0,2024-03-20
2024032003018346,ICFC,58,57,190.0,510.6,97014.0,2024-03-20
2024032003018345,ICFC,21,57,10.0,511.0,5110.0,2024-03-20
2024032003018344,JFL,17,57,17.0,387.2,6582.4,2024-03-20
2024032003018343,RSDC,16,8,45.0,612.0,27540.0,2024-03-20
2024032001027006,NABIL,17,5,100.0,456.1,45610.0,2024-03-20
2024032001027005,NWCL,41,1,10.0,745.0,7450.0,2024-03-20
2024032001027004,NWCL,36,1,100.0,745.0,74500.0,2024-03-20
2024032001027003,NWCL,17,1,10.0,746.0,7460.0,2024-03-20
2024032001027002,NWCL,10,1,200.0,746.8,149360.0,2024-03-20
2024032001027001,NWCL,1,1,100.0,746.9,74690.0,2024-03-20
2024032001027000,NWCL,42,1,400.0,746.9,298760.0,2024-03-20
2024032001026999,NWCL,28,1,50.0,747.0,37350.0,2024-03-20
2024032001026998,NWCL,19,1,160.0,747.0,119520.0,2024-03-20
2024032001026997,NWCL,47,1,70.0,747.1,52297.0,2024-03-20
2024032001026996,NWCL,29,1,100.0,748.0,74800.0,2024-03-20
2024032004008740,DHPL,3,58,20.0,201.0,4020.0,2024-03-20
2024032001026995,SHIVM,13,32,20.0,539.0,10780.0,2024-03-20
2024032001026994,CLI,57,36,11.0,459.9,5058.9,2024-03-20
2024032005004280,STC,55,4,10.0,5205.0,52050.0,2024-03-20
2024032003018342,FOWAD,48,49,50.0,1150.0,57500.0,2024-03-20
2024032004008739,SGIC,36,36,100.0,541.9,54190.0,2024-03-20
2024032003018341,RSDC,17,41,10.0,611.1,6111.0,2024-03-20
2024032003018340,RSDC,21,41,10.0,611.9,6119.0,2024-03-20
2024032001026993,SHIVM,84,32,240.0,539.0,129360.0,2024-03-20
2024032001026992,SHIVM,84,34,260.0,539.0,140140.0,2024-03-20
2024032003018339,USLB,55,52,180.0,1630.0,293400.0,2024-03-20
2024032003018338,USLB,55,13,10.0,1630.0,16300.0,2024-03-20
2024032003018337,USLB,55,58,10.0,1630.0,16300.0,2024-03-20
2024032001026991,CYCL,66,57,10.0,1350.0,13500.0,2024-03-20
2024032001026990,SHIVM,47,34,100.0,539.0,53900.0,2024-03-20
2024032003018336,EDBL,45,46,10.0,370.0,3700.0,2024-03-20
2024032001026989,MEL,42,10,1000.0,217.3,217300.0,2024-03-20
2024032001026988,SONA,36,71,493.0,492.8,242950.4,2024-03-20
2024032001026987,SONA,36,39,1000.0,492.7,492700.0,2024-03-20
2024032001026986,SONA,36,37,140.0,492.7,68978.0,2024-03-20
2024032001026985,SONA,36,38,207.0,492.6,101968.2,2024-03-20
2024032001026984,SONA,36,13,110.0,492.6,54186.0,2024-03-20
2024032001026983,SONA,36,42,50.0,492.5,24625.0,2024-03-20
2024032004008738,GHL,56,58,170.0,159.0,27030.0,2024-03-20
2024032004008737,GHL,58,58,50.0,159.0,7950.0,2024-03-20
2024032004008736,GHL,85,58,500.0,159.0,79500.0,2024-03-20
2024032004008735,GHL,22,58,10.0,159.0,1590.0,2024-03-20
2024032004008734,GHL,70,58,100.0,159.0,15900.0,2024-03-20
2024032004008733,GHL,58,58,65.0,159.0,10335.0,2024-03-20
2024032004008732,GHL,36,58,300.0,159.0,47700.0,2024-03-20
2024032004008731,GHL,13,58,100.0,159.0,15900.0,2024-03-20
2024032004008730,GHL,35,58,10.0,159.1,1591.0,2024-03-20
2024032004008729,GHL,21,58,500.0,159.1,79550.0,2024-03-20
2024032004008728,GHL,14,58,500.0,159.2,79600.0,2024-03-20
2024032004008727,GHL,8,58,89.0,159.2,14168.8,2024-03-20
2024032004008726,GHL,57,58,200.0,159.3,31860.0,2024-03-20
2024032001026982,MEL,58,13,160.0,220.0,35200.0,2024-03-20
2024032001026981,MEL,58,42,10.0,219.0,2190.0,2024-03-20
2024032001026980,MEL,58,13,10.0,219.0,2190.0,2024-03-20
2024032001026979,MEL,58,58,10.0,218.9,2189.0,2024-03-20
2024032001026978,MEL,58,45,10.0,218.8,2188.0,2024-03-20
2024032001026977,MEL,58,16,200.0,218.6,43720.0,2024-03-20
2024032001026976,MEL,58,42,100.0,218.0,21800.0,2024-03-20
2024032003018335,PROFL,51,5,230.0,324.0,74520.0,2024-03-20
2024032005004279,HRL,14,21,10.0,614.5,6145.0,2024-03-20
2024032004008725,SGIC,20,21,40.0,539.0,21560.0,2024-03-20
2024032004008724,SGIC,56,21,100.0,539.0,53900.0,2024-03-20
2024032004008723,SGIC,36,21,20.0,540.0,10800.0,2024-03-20
2024032004008722,SGIC,51,21,50.0,540.0,27000.0,2024-03-20
2024032004008721,SGIC,20,21,50.0,540.0,27000.0,2024-03-20
2024032004008720,SGIC,33,21,50.0,540.0,27000.0,2024-03-20
2024032004008719,SGIC,34,21,300.0,540.0,162000.0,2024-03-20
2024032004008718,SGIC,59,21,100.0,540.0,54000.0,2024-03-20
2024032004008717,SGIC,58,21,20.0,540.0,10800.0,2024-03-20
2024032004008716,SGIC,45,21,100.0,540.0,54000.0,2024-03-20
2024032004008715,SGIC,43,21,10.0,540.0,5400.0,2024-03-20
2024032004008714,SGIC,56,21,100.0,540.1,54010.0,2024-03-20
