transaction,symbol,buyer,seller,quantity,rate,amount,date
2024031801027366,NABIL,59,52,15.0,461.0,6915.0,2024-03-18
2024031801027365,NBL,35,39,10.0,224.0,2240.0,2024-03-18
2024031801027364,NBL,84,39,20.0,224.0,4480.0,2024-03-18
2024031803011575,RSDC,35,22,284.0,579.0,164436.0,2024-03-18
2024031803011574,RSDC,35,41,150.0,578.8,86820.0,2024-03-18
2024031803011573,RSDC,35,36,108.0,577.0,62316.0,2024-03-18
2024031803011572,RSDC,35,65,400.0,577.0,230800.0,2024-03-18
2024031803011571,RSDC,35,25,30.0,576.9,17307.0,2024-03-18
2024031803011570,RSDC,35,51,28.0,576.9,16153.2,2024-03-18
2024031803011569,NMBMF,41,44,30.0,546.2,16386.0,2024-03-18
2024031801027363,GCIL,57,89,500.0,560.0,280000.0,2024-03-18
2024031803011568,MLBBL,16,34,10.0,906.0,9060.0,2024-03-18
2024031801027362,SRLI,64,70,100.0,462.0,46200.0,2024-03-18
2024031801027361,CKHL,64,38,10.0,619.0,6190.0,2024-03-18
2024031803011567,USLB,55,67,20.0,1689.0,33780.0,2024-03-18
2024031803011566,GMFBS,48,29,90.0,901.0,81090.0,2024-03-18
2024031801027360,SONA,75,58,10.0,523.0,5230.0,2024-03-18
2024031801027359,PRVU,22,53,10.0,145.5,1455.0,2024-03-18
2024031804009700,CGH,59,21,30.0,832.0,24960.0,2024-03-18
2024031801027358,SMHL,21,55,10.0,457.8,4578.0,2024-03-18
2024031801027357,MKHL,21,35,20.0,385.0,7700.0,2024-03-18
2024031803011565,SIFC,58,95,10.0,369.0,3690.0,2024-03-18
2024031803011564,MLBSL,5,40,10.0,1692.0,16920.0,2024-03-18
2024031804009699,NICL,58,21,10.0,866.0,8660.0,2024-03-18
2024031801027356,PHCL,58,58,50.0,350.2,17510.0,2024-03-18
2024031801027355,PHCL,58,49,400.0,344.0,137600.0,2024-03-18
2024031801027354,PHCL,58,53,500.0,330.6,165300.0,2024-03-18
2024031801027353,PHCL,58,17,500.0,330.6,165300.0,2024-03-18
2024031801027352,PHCL,58,17,155.0,330.4,51212.0,2024-03-18
2024031801027351,PHCL,58,52,1000.0,330.4,330400.0,2024-03-18
2024031801027350,PHCL,58,28,200.0,330.4,66080.0,2024-03-18
2024031801027349,PHCL,58,46,200.0,330.3,66060.0,2024-03-18
2024031801027348,PHCL,58,49,200.0,330.3,66060.0,2024-03-18
2024031801027347,PHCL,58,45,200.0,330.3,66060.0,2024-03-18
2024031801027346,PHCL,58,50,10.0,330.0,3300.0,2024-03-18
2024031801027345,PHCL,58,57,710.0,330.0,234300.0,2024-03-18
2024031801027344,PHCL,58,37,1000.0,330.0,330000.0,2024-03-18
2024031801027343,PHCL,58,32,500.0,330.0,165000.0,2024-03-18
2024031801027342,PHCL,58,71,300.0,330.0,99000.0,2024-03-18
2024031801027341,PHCL,58,42,400.0,330.0,132000.0,2024-03-18
2024031801027340,PHCL,58,58,10.0,330.0,3300.0,2024-03-18
2024031801027339,PHCL,58,13,400.0,330.0,132000.0,2024-03-18
2024031801027338,PHCL,58,39,100.0,330.0,33000.0,2024-03-18
2024031801027337,PHCL,58,57,200.0,330.0,66000.0,2024-03-18
2024031801027336,PHCL,58,1,1000.0,329.4,329400.0,2024-03-18
2024031801027335,PHCL,58,35,10.0,329.4,3294.0,2024-03-18
2024031801027334,PHCL,58,49,200.0,329.4,65880.0,2024-03-18
2024031801027333,PHCL,58,46,50.0,329.3,16465.0,2024-03-18
2024031801027332,PHCL,58,13,100.0,329.3,32930.0,2024-03-18
2024031801027331,PHCL,58,58,10.0,329.0,3290.0,2024-03-18
2024031801027330,PHCL,58,57,600.0,329.0,197400.0,2024-03-18
2024031801027329,PHCL,58,22,100.0,328.9,32890.0,2024-03-18
2024031801027328,PHCL,58,58,200.0,328.9,65780.0,2024-03-18
2024031801027327,PHCL,58,38,10.0,328.6,3286.0,2024-03-18
2024031801027326,PHCL,58,33,500.0,328.5,164250.0,2024-03-18
2024031801027325,PHCL,58,86,500.0,328.4,164200.0,2024-03-18
2024031801027324,PHCL,58,5,500.0,328.4,164200.0,2024-03-18
2024031801027323,PHCL,58,35,10.0,328.4,3284.0,2024-03-18
2024031801027322,PHCL,58,47,10.0,328.4,3284.0,2024-03-18
2024031801027321,PHCL,58,34,10.0,328.4,3284.0,2024-03-18
2024031801027320,PHCL,58,42,10.0,328.4,3284.0,2024-03-18
2024031801027319,PHCL,58,65,100.0,328.3,32830.0,2024-03-18
2024031801027318,PHCL,58,41,500.0,328.0,164000.0,2024-03-18
2024031801027317,PHCL,58,41,10.0,328.0,3280.0,2024-03-18
2024031801027316,PHCL,58,53,10.0,328.0,3280.0,2024-03-18
2024031801027315,PHCL,58,3,200.0,328.0,65600.0,2024-03-18
2024031801027314,PHCL,58,57,100.0,328.0,32800.0,2024-03-18
2024031801027313,PHCL,58,44,500.0,328.0,164000.0,2024-03-18
2024031801027312,PHCL,58,58,10.0,327.5,3275.0,2024-03-18
2024031801027311,PHCL,58,66,10.0,327.4,3274.0,2024-03-18
2024031801027310,PHCL,58,34,10.0,327.4,3274.0,2024-03-18
2024031801027309,PHCL,58,49,765.0,327.0,250155.0,2024-03-18
2024031801027308,PHCL,58,42,10.0,327.0,3270.0,2024-03-18
2024031801027307,PHCL,58,47,10.0,327.0,3270.0,2024-03-18
2024031801027306,PHCL,58,58,10.0,326.7,3267.0,2024-03-18
2024031801027305,PHCL,58,35,10.0,326.6,3266.0,2024-03-18
2024031801027304,PHCL,58,55,10.0,326.6,3266.0,2024-03-18
2024031801027303,PHCL,58,55,10.0,326.6,3266.0,2024-03-18
2024031801027302,PHCL,58,57,10.0,326.5,3265.0,2024-03-18
2024031801027301,PHCL,58,32,10.0,326.4,3264.0,2024-03-18
2024031801027300,PHCL,58,55,10.0,326.4,3264.0,2024-03-18
2024031801027299,PHCL,58,4,10.0,326.4,3264.0,2024-03-18
2024031801027298,PHCL,58,41,10.0,326.4,3264.0,2024-03-18
2024031801027297,PHCL,58,34,10.0,326.4,3264.0,2024-03-18
2024031801027296,PHCL,58,38,10.0,326.0,3260.0,2024-03-18
2024031801027295,PHCL,58,38,10.0,326.0,3260.0,2024-03-18
2024031801027294,PHCL,58,58,10.0,326.0,3260.0,2024-03-18
2024031801027293,PHCL,58,52,10.0,326.0,3260.0,2024-03-18
2024031801027292,PHCL,58,58,10.0,326.0,3260.0,2024-03-18
2024031801027291,PHCL,58,21,10.0,326.0,3260.0,2024-03-18
2024031801027290,PHCL,58,46,10.0,326.0,3260.0,2024-03-18
2024031801027289,PHCL,58,58,10.0,326.0,3260.0,2024-03-18
2024031801027288,PHCL,58,57,10.0,326.0,3260.0,2024-03-18
2024031801027287,PHCL,58,49,10.0,325.7,3257.0,2024-03-18
2024031801027286,PHCL,58,32,10.0,325.4,3254.0,2024-03-18
2024031801027285,PHCL,58,57,10.0,325.0,3250.0,2024-03-18
2024031801027284,PHCL,58,29,10.0,325.0,3250.0,2024-03-18
2024031801027283,PHCL,58,52,10.0,325.0,3250.0,2024-03-18
2024031801027282,PHCL,58,50,10.0,325.0,3250.0,2024-03-18
2024031801027281,PHCL,58,13,10.0,325.0,3250.0,2024-03-18
2024031801027280,PHCL,58,58,10.0,325.0,3250.0,2024-03-18
2024031801027279,PHCL,58,44,10.0,325.0,3250.0,2024-03-18
2024031801027278,PHCL,58,38,10.0,325.0,3250.0,2024-03-18
2024031801027277,PHCL,58,83,10.0,325.0,3250.0,2024-03-18
2024031801027276,PHCL,58,19,10.0,325.0,3250.0,2024-03-18
2024031801027275,PHCL,58,58,10.0,325.0,3250.0,2024-03-18
2024031801027274,PHCL,58,56,10.0,325.0,3250.0,2024-03-18
2024031801027273,PHCL,58,42,10.0,325.0,3250.0,2024-03-18
2024031801027272,PHCL,58,42,10.0,325.0,3250.0,2024-03-18
2024031801027271,PHCL,58,74,10.0,325.0,3250.0,2024-03-18
2024031801027270,PHCL,58,45,10.0,325.0,3250.0,2024-03-18
2024031801027269,PHCL,58,32,500.0,325.0,162500.0,2024-03-18
2024031801027268,PHCL,58,11,10.0,325.0,3250.0,2024-03-18
2024031801027267,PHCL,58,45,10.0,325.0,3250.0,2024-03-18
2024031801027266,PHCL,58,49,10.0,325.0,3250.0,2024-03-18
2024031801027265,PHCL,58,7,10.0,325.0,3250.0,2024-03-18
2024031801027264,PHCL,58,58,10.0,325.0,3250.0,2024-03-18
2024031801027263,PHCL,58,53,10.0,325.0,3250.0,2024-03-18
2024031801027262,PHCL,58,38,10.0,325.0,3250.0,2024-03-18
2024031801027261,PHCL,58,47,10.0,325.0,3250.0,2024-03-18
2024031801027260,PHCL,58,55,100.0,325.0,32500.0,2024-03-18
2024031801027259,PHCL,58,32,500.0,324.9,162450.0,2024-03-18
2024031801027258,PHCL,58,86,200.0,324.8,64960.0,2024-03-18
2024031801027257,PHCL,58,58,10.0,324.6,3246.0,2024-03-18
2024031801027256,PHCL,58,39,10.0,324.2,3242.0,2024-03-18
2024031801027255,PHCL,58,34,10.0,324.2,3242.0,2024-03-18
2024031801027254,PHCL,58,32,290.0,324.2,94018.0,2024-03-18
2024031801027253,PHCL,58,1,10.0,324.1,3241.0,2024-03-18
2024031801027252,PHCL,58,49,10.0,324.0,3240.0,2024-03-18
2024031801027251,PHCL,58,35,10.0,324.0,3240.0,2024-03-18
2024031801027250,PHCL,58,52,13.0,324.0,4212.0,2024-03-18
2024031801027249,PHCL,58,38,10.0,324.0,3240.0,2024-03-18
2024031801027248,PHCL,58,58,10.0,324.0,3240.0,2024-03-18
2024031801027247,PHCL,58,6,10.0,324.0,3240.0,2024-03-18
2024031801027246,PHCL,58,57,10.0,324.0,3240.0,2024-03-18
2024031801027245,PHCL,58,44,10.0,324.0,3240.0,2024-03-18
2024031801027244,PHCL,58,11,10.0,324.0,3240.0,2024-03-18
2024031801027243,PHCL,58,39,10.0,324.0,3240.0,2024-03-18
2024031801027242,PHCL,58,46,10.0,324.0,3240.0,2024-03-18
2024031801027241,PHCL,58,69,10.0,324.0,3240.0,2024-03-18
2024031801027240,PHCL,58,55,530.0,324.0,171720.0,2024-03-18
2024031801027239,PHCL,58,4,300.0,323.3,96990.0,2024-03-18
2024031801027238,PHCL,58,42,10.0,323.0,3230.0,2024-03-18
2024031801027237,PHCL,58,59,900.0,322.5,290250.0,2024-03-18
2024031801027236,PHCL,58,50,10.0,322.0,3220.0,2024-03-18
2024031801027235,PHCL,58,57,200.0,322.0,64400.0,2024-03-18
2024031801027234,PHCL,58,41,30.0,322.0,9660.0,2024-03-18
2024031801027233,PHCL,58,57,550.0,321.0,176550.0,2024-03-18
2024031805004615,HRL,42,43,10.0,621.0,6210.0,2024-03-18
2024031801027232,DORDI,14,64,30.0,424.9,12747.0,2024-03-18
2024031801027231,CKHL,70,38,10.0,619.0,6190.0,2024-03-18
2024031804009698,NGPL,57,88,100.0,310.7,31070.0,2024-03-18
2024031803011563,CORBL,52,42,10.0,452.0,4520.0,2024-03-18
2024031801027230,MANDU,43,47,20.0,683.6,13672.0,2024-03-18
2024031801027229,NYADI,53,52,300.0,295.3,88590.0,2024-03-18
2024031801027228,NRM,53,38,10.0,402.5,4025.0,2024-03-18
2024031801027227,NRM,53,16,10.0,400.2,4002.0,2024-03-18
2024031804009697,SPDL,37,72,1710.0,250.0,427500.0,2024-03-18
2024031804009696,HDHPC,46,38,200.0,141.9,28380.0,2024-03-18
2024031804009695,UPPER,26,65,441.0,181.6,80085.6,2024-03-18
2024031803011562,SDLBSL,38,1,10.0,675.0,6750.0,2024-03-18
2024031804009694,UPPER,26,45,59.0,181.6,10714.4,2024-03-18
2024031803011561,NFS,26,52,100.0,375.0,37500.0,2024-03-18
2024031804009693,GHL,7,34,10.0,163.5,1635.0,2024-03-18
2024031804009692,UMHL,34,5,10.0,259.0,2590.0,2024-03-18
2024031804009691,AKPL,50,41,100.0,186.4,18640.0,2024-03-18
2024031804009690,AKPL,50,62,100.0,186.3,18630.0,2024-03-18
2024031804009689,UNHPL,34,35,240.0,246.0,59040.0,2024-03-18
2024031804009688,UNHPL,34,38,50.0,246.0,12300.0,2024-03-18
2024031801027226,BHPL,42,35,10.0,485.0,4850.0,2024-03-18
2024031801027225,BHPL,42,34,20.0,480.0,9600.0,2024-03-18
2024031801027224,SHIVM,25,34,522.0,564.4,294616.8,2024-03-18
2024031801027223,SHIVM,42,34,150.0,564.4,84660.0,2024-03-18
2024031801027222,SHIVM,54,34,50.0,565.0,28250.0,2024-03-18
2024031801027221,SHIVM,41,34,50.0,565.0,28250.0,2024-03-18
2024031801027220,SHIVM,53,34,800.0,565.0,452000.0,2024-03-18
2024031801027219,SHIVM,5,34,10.0,565.0,5650.0,2024-03-18
2024031801027218,SHIVM,45,34,21.0,565.0,11865.0,2024-03-18
2024031801027217,SHIVM,74,34,50.0,565.0,28250.0,2024-03-18
2024031801027216,SHIVM,32,34,50.0,565.0,28250.0,2024-03-18
2024031801027215,SHIVM,45,34,100.0,565.1,56510.0,2024-03-18
2024031801027214,SHIVM,42,34,52.0,565.1,29385.2,2024-03-18
2024031801027213,SHIVM,42,34,100.0,566.0,56600.0,2024-03-18
2024031801027212,SHIVM,56,34,100.0,566.0,56600.0,2024-03-18
2024031801027211,SHIVM,34,34,2222.0,566.0,1257652.0,2024-03-18
2024031801027210,SHIVM,49,34,30.0,566.0,16980.0,2024-03-18
2024031801027209,SHIVM,49,34,20.0,566.0,11320.0,2024-03-18
2024031801027208,SHIVM,38,34,125.0,566.0,70750.0,2024-03-18
2024031801027207,SHIVM,59,34,62.0,566.0,35092.0,2024-03-18
2024031801027206,SHIVM,25,34,50.0,566.7,28335.0,2024-03-18
2024031801027205,SHIVM,94,34,436.0,566.7,247081.2,2024-03-18
2024031801027204,NRM,8,22,10.0,400.0,4000.0,2024-03-18
2024031801027203,ULHC,38,45,80.0,324.8,25984.0,2024-03-18
2024031801027202,ULHC,11,45,30.0,324.8,9744.0,2024-03-18
2024031801027201,ULHC,38,45,40.0,325.0,13000.0,2024-03-18
2024031801027200,GCIL,65,89,20.0,560.0,11200.0,2024-03-18
2024031801027199,GCIL,65,55,480.0,560.0,268800.0,2024-03-18
2024031801027198,MKCL,59,38,30.0,954.9,28647.0,2024-03-18
2024031801027197,GCIL,5,68,20.0,559.0,11180.0,2024-03-18
2024031803011560,CFCL,57,51,308.0,341.7,105243.6,2024-03-18
2024031803011559,CFCL,6,51,50.0,341.9,17095.0,2024-03-18
2024031803011558,CFCL,36,51,75.0,342.0,25650.0,2024-03-18
2024031803011557,CFCL,57,51,200.0,342.0,68400.0,2024-03-18
2024031803011556,CFCL,38,51,10.0,342.0,3420.0,2024-03-18
2024031803011555,CFCL,6,51,100.0,342.1,34210.0,2024-03-18
2024031803011554,CFCL,49,51,79.0,342.3,27041.7,2024-03-18
2024031803011553,CFCL,33,51,100.0,343.6,34360.0,2024-03-18
2024031803011552,CFCL,58,51,30.0,344.0,10320.0,2024-03-18
2024031803011551,CFCL,33,51,28.0,344.1,9634.8,2024-03-18
2024031803011550,CFCL,21,51,20.0,344.5,6890.0,2024-03-18
2024031803011549,SFCL,45,35,42.0,323.0,13566.0,2024-03-18
2024031803011548,SFCL,50,35,149.0,323.0,48127.0,2024-03-18
2024031804009687,RHPL,39,6,600.0,284.2,170520.0,2024-03-18
2024031801027196,DORDI,13,64,750.0,424.9,318675.0,2024-03-18
2024031801027195,PCBL,44,43,10.0,198.9,1989.0,2024-03-18
2024031803011547,KSBBL,44,6,749.0,367.3,275107.7,2024-03-18
2024031803011546,KSBBL,44,6,50.0,367.0,18350.0,2024-03-18
2024031803011545,KSBBL,44,41,100.0,367.0,36700.0,2024-03-18
2024031803011544,KSBBL,44,55,49.0,367.0,17983.0,2024-03-18
2024031803011543,KSBBL,44,43,40.0,367.0,14680.0,2024-03-18
2024031803011542,KSBBL,44,17,400.0,367.0,146800.0,2024-03-18
2024031803011541,KSBBL,44,57,500.0,367.0,183500.0,2024-03-18
2024031803011540,KSBBL,44,57,217.0,367.0,79639.0,2024-03-18
2024031803011539,KSBBL,44,34,104.0,366.9,38157.6,2024-03-18
2024031803011538,KSBBL,44,65,990.0,366.9,363231.0,2024-03-18
2024031803011537,KSBBL,44,39,1000.0,366.8,366800.0,2024-03-18
2024031803011536,KSBBL,44,57,200.0,366.8,73360.0,2024-03-18
2024031803011535,KSBBL,44,42,500.0,366.0,183000.0,2024-03-18
2024031803011534,KSBBL,44,26,101.0,365.9,36955.9,2024-03-18
2024031801027194,MEL,57,42,105.0,221.0,23205.0,2024-03-18
2024031804009686,KKHC,46,32,16.0,245.2,3923.2,2024-03-18
2024031805004614,NRN,48,62,100.0,557.9,55790.0,2024-03-18
2024031804009685,GLH,48,6,145.0,228.0,33060.0,2024-03-18
2024031804009684,GLH,48,58,10.0,228.0,2280.0,2024-03-18
2024031804009683,GLH,48,4,10.0,228.0,2280.0,2024-03-18
2024031804009682,GLH,48,56,110.0,228.0,25080.0,2024-03-18
2024031801027193,HATHY,25,5,10.0,889.0,8890.0,2024-03-18
2024031801027192,KBL,48,53,76.0,143.0,10868.0,2024-03-18
2024031801027191,KBL,48,57,50.0,142.9,7145.0,2024-03-18
2024031801027190,KBL,48,57,300.0,142.9,42870.0,2024-03-18
2024031801027189,KBL,48,17,253.0,142.9,36153.7,2024-03-18
2024031801027188,KBL,48,50,500.0,142.6,71300.0,2024-03-18
2024031801027187,KBL,48,11,821.0,142.6,117074.6,2024-03-18
2024031803011533,MFIL,55,22,10.0,518.0,5180.0,2024-03-18
2024031803011532,MFIL,33,22,50.0,518.0,25900.0,2024-03-18
2024031803011531,MFIL,74,22,190.0,518.0,98420.0,2024-03-18
2024031804009681,KPCL,40,43,10.0,410.9,4109.0,2024-03-18
2024031804009680,SHPC,21,43,10.0,349.0,3490.0,2024-03-18
2024031803011530,MLBBL,21,34,10.0,906.0,9060.0,2024-03-18
2024031803011529,MLBBL,21,42,10.0,904.0,9040.0,2024-03-18
2024031803011528,NADEP,21,34,10.0,645.5,6455.0,2024-03-18
2024031801027186,SONA,21,58,400.0,523.0,209200.0,2024-03-18
2024031801027185,SONA,21,29,300.0,523.0,156900.0,2024-03-18
2024031801027184,BNHC,74,29,10.0,500.0,5000.0,2024-03-18
2024031801027183,BNHC,6,29,20.0,503.0,10060.0,2024-03-18
2024031801027182,BNHC,4,29,20.0,503.1,10062.0,2024-03-18
2024031804009679,HEI,28,32,56.0,601.0,33656.0,2024-03-18
2024031804009678,HEI,28,95,94.0,600.0,56400.0,2024-03-18
2024031801027181,GBIME,28,28,104.0,192.9,20061.6,2024-03-18
2024031801027180,GBIME,28,34,100.0,192.6,19260.0,2024-03-18
2024031801027179,GBIME,28,48,100.0,192.1,19210.0,2024-03-18
2024031801027178,GBIME,28,1,10.0,192.0,1920.0,2024-03-18
2024031801027177,GBIME,28,4,200.0,192.0,38400.0,2024-03-18
2024031801027176,GBIME,28,42,10.0,192.0,1920.0,2024-03-18
2024031801027175,GBIME,28,58,54.0,192.0,10368.0,2024-03-18
2024031801027174,GBIME,28,28,100.0,192.0,19200.0,2024-03-18
2024031801027173,GBIME,28,58,122.0,191.9,23411.8,2024-03-18
2024031801027172,CYCL,77,60,40.0,1402.9,56116.0,2024-03-18
2024031801027171,CYCL,77,6,10.0,1402.1,14021.0,2024-03-18
2024031801027170,CYCL,77,49,50.0,1402.0,70100.0,2024-03-18
2024031801027169,CYCL,77,45,50.0,1402.0,70100.0,2024-03-18
2024031803011527,PFL,20,57,10.0,398.0,3980.0,2024-03-18
2024031804009677,MHNL,68,38,65.0,246.4,16016.0,2024-03-18
2024031803011526,GRDBL,3,26,50.0,393.4,19670.0,2024-03-18
2024031801027168,H8020,47,7,100.0,8.82,882.0,2024-03-18
2024031803011525,MFIL,49,42,50.0,524.0,26200.0,2024-03-18
2024031803011524,KRBL,58,86,370.0,421.9,156103.0,2024-03-18
2024031803011523,NFS,50,52,10.0,375.0,3750.0,2024-03-18
2024031801027167,SHIVM,69,17,10.0,567.0,5670.0,2024-03-18
2024031801027166,SAMAJ,19,65,90.0,2090.0,188100.0,2024-03-18
2024031803011522,NADEP,19,34,200.0,645.0,129000.0,2024-03-18
2024031801027165,BHL,42,65,10.0,342.0,3420.0,2024-03-18
2024031805004613,HRL,42,42,20.0,621.0,12420.0,2024-03-18
2024031801027164,MEL,16,42,800.0,221.0,176800.0,2024-03-18
2024031801027163,MEL,51,42,1000.0,221.0,221000.0,2024-03-18
2024031801027162,MEL,51,42,1000.0,221.0,221000.0,2024-03-18
2024031801027161,MEL,63,42,200.0,221.0,44200.0,2024-03-18
2024031801027160,MEL,36,42,324.0,221.0,71604.0,2024-03-18
2024031801027159,MEL,35,42,180.0,222.0,39960.0,2024-03-18
2024031804009676,HPPL,42,86,50.0,276.9,13845.0,2024-03-18
2024031804009675,AHPC,25,45,200.0,184.2,36840.0,2024-03-18
2024031804009674,UPPER,11,45,100.0,181.6,18160.0,2024-03-18
2024031804009673,NLG,57,59,20.0,790.0,15800.0,2024-03-18
2024031804009672,NLG,35,59,200.0,790.1,158020.0,2024-03-18
2024031804009671,NLG,57,59,10.0,791.2,7912.0,2024-03-18
2024031804009670,NLG,51,59,50.0,791.3,39565.0,2024-03-18
2024031804009669,NLG,22,59,10.0,792.0,7920.0,2024-03-18
2024031804009668,NLG,26,59,100.0,793.0,79300.0,2024-03-18
2024031801027158,HHL,63,42,115.0,338.0,38870.0,2024-03-18
2024031801027157,HHL,63,57,85.0,337.0,28645.0,2024-03-18
2024031803011521,WNLB,35,62,17.0,1064.8,18101.6,2024-03-18
2024031803011520,WNLB,35,33,11.0,1060.0,11660.0,2024-03-18
2024031803011519,WNLB,35,58,11.0,1050.0,11550.0,2024-03-18
2024031803011518,WNLB,35,42,11.0,1050.0,11550.0,2024-03-18
2024031803011517,ALICL,44,62,49.0,580.0,28420.0,2024-03-18
2024031805004612,NTC,57,36,10.0,869.0,8690.0,2024-03-18
2024031801027156,MKCL,57,38,10.0,954.9,9549.0,2024-03-18
2024031801027155,MKCL,57,49,10.0,954.8,9548.0,2024-03-18
2024031801027154,SAMAJ,64,65,10.0,2090.0,20900.0,2024-03-18
2024031801027153,SAMAJ,64,19,10.0,2089.9,20899.0,2024-03-18
2024031801027152,SONA,55,29,200.0,523.0,104600.0,2024-03-18
2024031801027151,SONA,55,42,200.0,523.0,104600.0,2024-03-18
2024031801027150,SONA,55,48,300.0,523.0,156900.0,2024-03-18
2024031801027149,SONA,55,40,600.0,523.0,313800.0,2024-03-18
2024031803011516,SIFC,74,95,1500.0,369.0,553500.0,2024-03-18
2024031803011515,GUFL,41,28,5000.0,863.5,4317500.0,2024-03-18
2024031803011514,GUFL,41,49,1900.0,863.0,1639700.0,2024-03-18
2024031803011513,GUFL,41,29,100.0,863.0,86300.0,2024-03-18
2024031803011512,GUFL,41,45,29.0,863.0,25027.0,2024-03-18
2024031803011511,GUFL,41,59,1600.0,862.9,1380640.0,2024-03-18
2024031803011510,GUFL,41,45,70.0,862.9,60403.0,2024-03-18
2024031803011509,GUFL,41,32,600.0,862.0,517200.0,2024-03-18
2024031803011508,GUFL,41,41,650.0,860.0,559000.0,2024-03-18
2024031803011507,GUFL,41,47,1000.0,849.0,849000.0,2024-03-18
2024031803011506,GUFL,41,71,490.0,847.1,415079.0,2024-03-18
2024031803011505,GUFL,41,22,20.0,800.7,16014.0,2024-03-18
2024031803011504,GUFL,41,21,40.0,800.7,32028.0,2024-03-18
2024031803011503,GUFL,41,33,100.0,800.7,80070.0,2024-03-18
2024031803011502,GUFL,41,58,10.0,800.7,8007.0,2024-03-18
2024031803011501,GUFL,41,48,250.0,800.7,200175.0,2024-03-18
2024031803011500,GUFL,41,21,100.0,800.7,80070.0,2024-03-18
2024031803011499,GUFL,41,47,40.0,800.7,32028.0,2024-03-18
2024031803011498,GUFL,41,76,50.0,800.7,40035.0,2024-03-18
2024031803011497,GUFL,41,45,578.0,800.7,462804.6,2024-03-18
2024031803011496,GUFL,41,45,600.0,800.7,480420.0,2024-03-18
2024031803011495,GUFL,41,56,1100.0,800.7,880770.0,2024-03-18
2024031803011494,GUFL,41,44,50.0,800.7,40035.0,2024-03-18
2024031803011493,GUFL,41,71,1000.0,800.7,800700.0,2024-03-18
2024031803011492,GUFL,41,14,600.0,800.7,480420.0,2024-03-18
2024031803011491,GUFL,41,50,500.0,800.7,400350.0,2024-03-18
2024031803011490,GUFL,41,42,150.0,800.7,120105.0,2024-03-18
2024031803011489,GUFL,41,7,10.0,800.7,8007.0,2024-03-18
2024031803011488,GUFL,41,76,50.0,800.6,40030.0,2024-03-18
2024031803011487,GUFL,41,11,422.0,800.5,337811.0,2024-03-18
2024031803011486,GUFL,41,54,100.0,800.5,80050.0,2024-03-18
2024031803011485,GUFL,41,25,500.0,800.2,400100.0,2024-03-18
2024031803011484,GUFL,41,48,100.0,800.1,80010.0,2024-03-18
2024031803011483,GUFL,41,14,200.0,800.1,160020.0,2024-03-18
2024031803011482,GUFL,41,22,1000.0,800.0,800000.0,2024-03-18
2024031803011481,GUFL,41,45,100.0,800.0,80000.0,2024-03-18
2024031803011480,GUFL,41,36,10.0,800.0,8000.0,2024-03-18
2024031803011479,GUFL,41,25,200.0,800.0,160000.0,2024-03-18
2024031803011478,GUFL,41,39,2000.0,800.0,1600000.0,2024-03-18
2024031803011477,GUFL,41,46,500.0,800.0,400000.0,2024-03-18
2024031803011476,GUFL,41,45,1000.0,800.0,800000.0,2024-03-18
2024031803011475,GUFL,41,6,335.0,800.0,268000.0,2024-03-18
2024031803011474,GUFL,41,71,300.0,800.0,240000.0,2024-03-18
2024031803011473,GUFL,41,35,10.0,800.0,8000.0,2024-03-18
2024031803011472,GUFL,41,25,10.0,800.0,8000.0,2024-03-18
2024031803011471,GUFL,41,52,25.0,800.0,20000.0,2024-03-18
2024031803011470,GUFL,41,57,100.0,800.0,80000.0,2024-03-18
2024031803011469,GUFL,41,29,1708.0,800.0,1366400.0,2024-03-18
2024031803011468,GUFL,41,1,50.0,800.0,40000.0,2024-03-18
2024031803011467,GUFL,41,71,1000.0,800.0,800000.0,2024-03-18
2024031803011466,GUFL,41,43,100.0,800.0,80000.0,2024-03-18
2024031803011465,GUFL,41,18,500.0,800.0,400000.0,2024-03-18
2024031803011464,GUFL,41,38,35.0,800.0,28000.0,2024-03-18
2024031803011463,GUFL,41,1,1000.0,800.0,800000.0,2024-03-18
2024031803011462,GUFL,41,69,100.0,800.0,80000.0,2024-03-18
2024031803011461,GUFL,41,42,100.0,800.0,80000.0,2024-03-18
2024031803011460,GUFL,41,49,10.0,800.0,8000.0,2024-03-18
2024031803011459,GUFL,41,59,50.0,800.0,40000.0,2024-03-18
2024031803011458,GUFL,41,49,10.0,800.0,8000.0,2024-03-18
2024031803011457,GUFL,41,34,100.0,800.0,80000.0,2024-03-18
2024031803011456,GUFL,41,1,290.0,800.0,232000.0,2024-03-18
2024031803011455,GUFL,41,46,26.0,800.0,20800.0,2024-03-18
2024031803011454,GUFL,41,45,300.0,799.6,239880.0,2024-03-18
2024031803011453,GUFL,41,49,40.0,799.6,31984.0,2024-03-18
2024031803011452,GUFL,41,20,100.0,799.6,79960.0,2024-03-18
2024031803011451,GUFL,41,20,100.0,799.6,79960.0,2024-03-18
2024031803011450,GUFL,41,56,1010.0,799.6,807596.0,2024-03-18
2024031803011449,GUFL,41,50,50.0,799.0,39950.0,2024-03-18
2024031803011448,GUFL,41,5,250.0,799.0,199750.0,2024-03-18
2024031803011447,GUFL,41,21,100.0,799.0,79900.0,2024-03-18
2024031803011446,GUFL,41,22,1000.0,799.0,799000.0,2024-03-18
2024031803011445,GUFL,41,13,80.0,799.0,63920.0,2024-03-18
2024031803011444,GUFL,41,55,30.0,798.8,23964.0,2024-03-18
2024031803011443,GUFL,41,39,10.0,798.6,7986.0,2024-03-18
2024031803011442,GUFL,41,88,1000.0,798.0,798000.0,2024-03-18
2024031803011441,GUFL,41,22,100.0,798.0,79800.0,2024-03-18
2024031803011440,GUFL,41,7,100.0,797.6,79760.0,2024-03-18
2024031803011439,GUFL,41,22,100.0,797.6,79760.0,2024-03-18
2024031801027148,LSL,41,58,10.0,165.9,1659.0,2024-03-18
2024031801027147,TVCL,41,28,80.0,519.6,41568.0,2024-03-18
2024031803011438,EDBL,41,6,19.0,374.0,7106.0,2024-03-18
2024031801027146,SANIMA,40,52,200.0,244.0,48800.0,2024-03-18
2024031801027145,ANLB,63,21,10.0,2217.0,22170.0,2024-03-18
2024031801027144,IHL,21,45,10.0,367.9,3679.0,2024-03-18
2024031801027143,BHL,5,65,10.0,342.0,3420.0,2024-03-18
2024031801027142,GCIL,71,55,10.0,560.0,5600.0,2024-03-18
2024031801027141,DOLTI,43,33,10.0,387.6,3876.0,2024-03-18
2024031801027140,SHLB,88,42,30.0,994.0,29820.0,2024-03-18
2024031801027139,SHLB,88,29,10.0,990.0,9900.0,2024-03-18
2024031801027138,SHLB,88,25,10.0,990.0,9900.0,2024-03-18
2024031801027137,SHLB,88,57,10.0,989.0,9890.0,2024-03-18
2024031804009667,PPCL,47,17,20.0,258.0,5160.0,2024-03-18
2024031804009666,PPCL,47,22,50.0,257.9,12895.0,2024-03-18
2024031804009665,KPCL,32,43,10.0,410.9,4109.0,2024-03-18
2024031803011437,MFIL,86,42,10.0,524.0,5240.0,2024-03-18
2024031804009664,MEN,50,38,10.0,552.0,5520.0,2024-03-18
2024031804009663,KKHC,34,32,10.0,245.2,2452.0,2024-03-18
2024031805004611,HRL,34,45,10.0,622.0,6220.0,2024-03-18
2024031805004610,HRL,34,11,20.0,622.0,12440.0,2024-03-18
2024031803011436,GUFL,74,34,45.0,797.0,35865.0,2024-03-18
2024031803011435,JBBL,34,52,10.0,306.0,3060.0,2024-03-18
2024031801027136,TSHL,42,53,10.0,495.9,4959.0,2024-03-18
2024031803011434,MDB,45,36,10.0,435.0,4350.0,2024-03-18
2024031804009662,RHPL,51,48,10.0,285.9,2859.0,2024-03-18
2024031801027135,SONA,35,40,200.0,523.0,104600.0,2024-03-18
2024031801027134,SONA,35,13,400.0,523.0,209200.0,2024-03-18
2024031801027133,SONA,35,17,10.0,522.0,5220.0,2024-03-18
2024031801027132,SONA,35,36,200.0,522.0,104400.0,2024-03-18
2024031801027131,SONA,35,62,190.0,522.0,99180.0,2024-03-18
2024031801027130,MEL,35,49,10.0,222.0,2220.0,2024-03-18
2024031801027129,MEL,35,35,10.0,222.0,2220.0,2024-03-18
2024031801027128,MEL,35,49,10.0,222.0,2220.0,2024-03-18
2024031801027127,MEL,35,49,10.0,222.0,2220.0,2024-03-18
2024031801027126,MEL,35,42,10.0,222.0,2220.0,2024-03-18
2024031801027125,MEL,35,4,10.0,222.0,2220.0,2024-03-18
2024031801027124,MEL,35,58,10.0,222.0,2220.0,2024-03-18
2024031801027123,MEL,35,6,10.0,222.0,2220.0,2024-03-18
2024031801027122,MEL,35,41,10.0,222.0,2220.0,2024-03-18
2024031801027121,MEL,35,58,10.0,222.0,2220.0,2024-03-18
2024031801027120,MEL,35,58,10.0,222.0,2220.0,2024-03-18
2024031801027119,MEL,35,58,10.0,222.0,2220.0,2024-03-18
2024031801027118,MEL,35,38,10.0,222.0,2220.0,2024-03-18
2024031801027117,MEL,35,54,10.0,222.0,2220.0,2024-03-18
2024031801027116,MEL,35,55,10.0,222.0,2220.0,2024-03-18
2024031801027115,MEL,35,41,30.0,222.0,6660.0,2024-03-18
2024031801027114,MEL,35,45,10.0,222.0,2220.0,2024-03-18
2024031801027113,MEL,35,35,10.0,222.0,2220.0,2024-03-18
2024031801027112,MEL,35,38,10.0,222.0,2220.0,2024-03-18
2024031801027111,MEL,35,32,110.0,222.0,24420.0,2024-03-18
2024031803011433,NADEP,64,34,200.0,645.5,129100.0,2024-03-18
2024031804009661,SHEL,57,32,100.0,200.0,20000.0,2024-03-18
2024031801027110,NABIL,57,52,20.0,461.0,9220.0,2024-03-18
2024031803011432,GUFL,74,57,150.0,797.0,119550.0,2024-03-18
2024031803011431,GUFL,74,41,500.0,797.0,398500.0,2024-03-18
2024031803011430,GUFL,74,35,100.0,797.0,79700.0,2024-03-18
2024031803011429,GUFL,74,58,100.0,797.0,79700.0,2024-03-18
2024031803011428,GUFL,74,7,10.0,797.0,7970.0,2024-03-18
2024031803011427,GUFL,74,5,240.0,797.0,191280.0,2024-03-18
2024031803011426,GUFL,74,6,210.0,796.6,167286.0,2024-03-18
2024031803011425,GUFL,74,38,100.0,796.0,79600.0,2024-03-18
2024031803011424,GUFL,74,58,100.0,796.0,79600.0,2024-03-18
2024031803011423,GUFL,74,21,168.0,796.0,133728.0,2024-03-18
2024031803011422,GUFL,74,57,1000.0,796.0,796000.0,2024-03-18
2024031803011421,GUFL,74,46,100.0,795.0,79500.0,2024-03-18
2024031803011420,GUFL,74,32,10.0,795.0,7950.0,2024-03-18
2024031803011419,GUFL,74,39,200.0,795.0,159000.0,2024-03-18
2024031803011418,GUFL,74,1,100.0,794.6,79460.0,2024-03-18
2024031803011417,GUFL,74,51,20.0,794.5,15890.0,2024-03-18
2024031803011416,GUFL,74,56,500.0,794.0,397000.0,2024-03-18
2024031803011415,GUFL,74,34,100.0,790.0,79000.0,2024-03-18
2024031803011414,GUFL,74,4,64.0,790.0,50560.0,2024-03-18
2024031803011413,GUFL,74,33,100.0,789.9,78990.0,2024-03-18
2024031803011412,GUFL,74,34,100.0,788.0,78800.0,2024-03-18
2024031803011411,GUFL,74,17,500.0,788.0,394000.0,2024-03-18
2024031803011410,GUFL,74,26,200.0,785.0,157000.0,2024-03-18
2024031803011409,GUFL,74,44,600.0,785.0,471000.0,2024-03-18
2024031803011408,GUFL,74,7,752.0,785.0,590320.0,2024-03-18
2024031803011407,GUFL,74,57,150.0,785.0,117750.0,2024-03-18
2024031803011406,GUFL,74,16,100.0,785.0,78500.0,2024-03-18
2024031803011405,GUFL,74,34,100.0,784.9,78490.0,2024-03-18
2024031803011404,GUFL,74,45,102.0,784.5,80019.0,2024-03-18
2024031803011403,GUFL,74,34,100.0,784.5,78450.0,2024-03-18
2024031803011402,GUFL,74,47,10.0,784.5,7845.0,2024-03-18
2024031803011401,GUFL,74,13,40.0,784.4,31376.0,2024-03-18
2024031801027109,HDL,32,17,10.0,1580.0,15800.0,2024-03-18
2024031801027108,HDL,4,17,10.0,1581.0,15810.0,2024-03-18
2024031801027107,HDL,45,17,176.0,1583.0,278608.0,2024-03-18
2024031801027106,HATHY,26,22,222.0,885.0,196470.0,2024-03-18
2024031801027105,HATHY,22,22,30.0,885.1,26553.0,2024-03-18
2024031801027104,HATHY,53,22,18.0,886.0,15948.0,2024-03-18
2024031804009660,UPPER,47,88,500.0,181.4,90700.0,2024-03-18
2024031803011400,SHINE,39,28,10.0,378.0,3780.0,2024-03-18
2024031803011399,CBBL,49,29,16.0,860.0,13760.0,2024-03-18
2024031804009659,IGI,16,62,2075.0,545.3,1131497.5,2024-03-18
2024031804009658,IGI,59,62,100.0,545.4,54540.0,2024-03-18
2024031804009657,IGI,88,62,125.0,549.0,68625.0,2024-03-18
2024031801027103,HATHY,47,5,10.0,889.0,8890.0,2024-03-18
2024031804009656,SHL,33,57,100.0,451.0,45100.0,2024-03-18
2024031801027102,RHGCL,32,39,100.0,302.8,30280.0,2024-03-18
2024031804009655,JOSHI,55,32,256.0,336.0,86016.0,2024-03-18
2024031804009654,JOSHI,67,32,50.0,336.0,16800.0,2024-03-18
2024031804009653,JOSHI,46,32,270.0,336.0,90720.0,2024-03-18
2024031804009652,JOSHI,54,32,96.0,336.2,32275.2,2024-03-18
2024031801027101,UHEWA,32,35,260.0,350.4,91104.0,2024-03-18
2024031801027100,UHEWA,32,38,10.0,350.1,3501.0,2024-03-18
2024031801027099,UHEWA,32,42,10.0,350.1,3501.0,2024-03-18
2024031801027098,UHEWA,32,48,500.0,350.0,175000.0,2024-03-18
2024031801027097,UHEWA,32,17,10.0,350.0,3500.0,2024-03-18
2024031801027096,UHEWA,32,44,10.0,350.0,3500.0,2024-03-18
2024031801027095,UHEWA,32,51,10.0,350.0,3500.0,2024-03-18
2024031801027094,UHEWA,32,45,100.0,350.0,35000.0,2024-03-18
2024031801027093,UHEWA,32,39,10.0,350.0,3500.0,2024-03-18
2024031801027092,UHEWA,32,34,85.0,350.0,29750.0,2024-03-18
2024031801027091,UHEWA,32,34,10.0,349.0,3490.0,2024-03-18
2024031801027090,UHEWA,32,69,10.0,349.0,3490.0,2024-03-18
2024031801027089,UHEWA,32,58,10.0,348.0,3480.0,2024-03-18
2024031801027088,UHEWA,32,74,10.0,348.0,3480.0,2024-03-18
2024031801027087,UHEWA,32,17,755.0,345.0,260475.0,2024-03-18
2024031803011398,GUFL,41,1,200.0,782.0,156400.0,2024-03-18
2024031803011397,PMLI,7,45,10.0,526.1,5261.0,2024-03-18
2024031801027086,SRLI,38,70,10.0,462.0,4620.0,2024-03-18
2024031801027085,SHIVM,94,38,64.0,566.7,36268.8,2024-03-18
2024031803011396,SADBL,42,43,10.0,313.4,3134.0,2024-03-18
2024031801027084,SPC,4,19,10.0,557.0,5570.0,2024-03-18
2024031803011395,MDB,45,36,410.0,435.0,178350.0,2024-03-18
2024031803011394,MDB,45,42,90.0,434.0,39060.0,2024-03-18
2024031803011393,GUFL,41,45,80.0,782.0,62560.0,2024-03-18
2024031803011392,GBLBS,39,45,100.0,591.0,59100.0,2024-03-18
2024031803011391,GBLBS,57,45,100.0,592.0,59200.0,2024-03-18
2024031803011390,GLBSL,45,3,100.0,1350.0,135000.0,2024-03-18
2024031801027083,IHL,59,45,10.0,367.9,3679.0,2024-03-18
2024031803011389,SINDU,4,44,25.0,373.0,9325.0,2024-03-18
2024031803011388,SINDU,4,44,250.0,373.0,93250.0,2024-03-18
2024031803011387,SINDU,56,44,100.0,373.0,37300.0,2024-03-18
2024031804009651,SHPC,66,4,100.0,347.1,34710.0,2024-03-18
2024031804009650,AHPC,41,72,10.0,184.9,1849.0,2024-03-18
2024031801027082,TAMOR,71,58,10.0,389.9,3899.0,2024-03-18
2024031801027081,TAMOR,71,56,30.0,389.0,11670.0,2024-03-18
2024031801027080,TAMOR,71,58,10.0,389.0,3890.0,2024-03-18
2024031801027079,TAMOR,71,58,10.0,389.0,3890.0,2024-03-18
2024031801027078,TAMOR,71,94,10.0,389.0,3890.0,2024-03-18
2024031801027077,TAMOR,71,16,10.0,388.9,3889.0,2024-03-18
2024031801027076,TAMOR,71,58,10.0,388.0,3880.0,2024-03-18
2024031801027075,TAMOR,71,39,10.0,388.0,3880.0,2024-03-18
2024031803011386,SADBL,71,43,10.0,313.4,3134.0,2024-03-18
2024031801027074,CYCL,59,39,32.0,1360.1,43523.2,2024-03-18
2024031801027073,CYCL,42,39,10.0,1369.0,13690.0,2024-03-18
2024031801027072,CYCL,77,39,50.0,1370.1,68505.0,2024-03-18
2024031801027071,CYCL,42,39,10.0,1371.0,13710.0,2024-03-18
2024031801027070,CYCL,77,39,28.0,1379.9,38637.2,2024-03-18
2024031801027069,CYCL,22,39,20.0,1380.0,27600.0,2024-03-18
2024031801027068,CYCL,77,39,60.0,1383.1,82986.0,2024-03-18
2024031801027067,CYCL,77,39,50.0,1384.9,69245.0,2024-03-18
2024031801027066,CYCL,77,39,40.0,1386.1,55444.0,2024-03-18
2024031801027065,CYCL,77,39,37.0,1389.1,51396.7,2024-03-18
2024031801027064,CYCL,77,39,30.0,1390.1,41703.0,2024-03-18
2024031801027063,CYCL,77,39,40.0,1391.3,55652.0,2024-03-18
2024031801027062,CYCL,77,39,28.0,1394.1,39034.8,2024-03-18
2024031801027061,CYCL,62,39,39.0,1395.6,54428.4,2024-03-18
2024031801027060,CYCL,62,39,36.0,1397.0,50292.0,2024-03-18
2024031801027059,CYCL,77,39,50.0,1399.1,69955.0,2024-03-18
2024031801027058,CYCL,77,39,80.0,1401.1,112088.0,2024-03-18
2024031803011385,NICLBSL,62,3,10.0,598.7,5987.0,2024-03-18
2024031801027057,MAKAR,58,41,10.0,384.0,3840.0,2024-03-18
2024031801027056,UHEWA,53,17,10.0,345.0,3450.0,2024-03-18
2024031801027055,SPHL,36,25,10.0,472.0,4720.0,2024-03-18
2024031801027054,SHIVM,34,17,50.0,567.0,28350.0,2024-03-18
2024031805004609,HIDCL,34,34,30.0,177.0,5310.0,2024-03-18
2024031801027053,DLBS,49,42,10.0,1064.9,10649.0,2024-03-18
2024031804009649,JOSHI,19,38,60.0,336.5,20190.0,2024-03-18
2024031803011384,JFL,54,36,60.0,389.5,23370.0,2024-03-18
2024031803011383,JFL,54,32,75.0,389.5,29212.5,2024-03-18
2024031801027052,MCHL,42,47,10.0,337.0,3370.0,2024-03-18
2024031803011382,HLI,44,85,392.0,419.0,164248.0,2024-03-18
2024031803011381,HLI,44,45,590.0,418.0,246620.0,2024-03-18
2024031803011380,HLI,44,85,18.0,418.0,7524.0,2024-03-18
2024031801027051,MKJC,35,94,20.0,488.0,9760.0,2024-03-18
2024031803011379,CBBL,49,57,16.0,860.0,13760.0,2024-03-18
2024031801027050,JALPA,10,25,25.0,1220.0,30500.0,2024-03-18
2024031804009648,SHPC,5,43,10.0,349.0,3490.0,2024-03-18
2024031803011378,GUFL,41,71,41.0,782.0,32062.0,2024-03-18
2024031801027049,MKHC,29,11,10.0,295.0,2950.0,2024-03-18
2024031803011377,SJLIC,29,29,9.0,517.9,4661.1,2024-03-18
2024031801027048,KBL,39,11,20.0,142.6,2852.0,2024-03-18
2024031801027047,HIDCLP,17,32,18.0,102.8,1850.4,2024-03-18
2024031804009647,UPPER,49,45,100.0,181.6,18160.0,2024-03-18
2024031803011376,SJLIC,34,6,80.0,517.6,41408.0,2024-03-18
2024031801027046,PHCL,34,57,10.0,321.0,3210.0,2024-03-18
2024031804009646,UPPER,47,19,150.0,181.4,27210.0,2024-03-18
2024031804009645,UPPER,6,19,50.0,181.5,9075.0,2024-03-18
2024031801027045,MKHL,58,54,10.0,384.9,3849.0,2024-03-18
2024031804009644,NHPC,57,68,25.0,159.7,3992.5,2024-03-18
2024031803011375,ILBS,77,13,83.0,825.0,68475.0,2024-03-18
2024031801027044,MBL,44,52,100.0,184.0,18400.0,2024-03-18
2024031804009643,SICL,55,57,30.0,716.0,21480.0,2024-03-18
2024031804009642,SICL,34,57,313.0,716.0,224108.0,2024-03-18
2024031801027043,SHIVM,21,17,100.0,567.0,56700.0,2024-03-18
2024031801027042,SBL,42,14,28.0,226.8,6350.4,2024-03-18
2024031801027041,SHIVM,28,17,10.0,567.0,5670.0,2024-03-18
2024031803011374,KRBL,58,58,42.0,423.0,17766.0,2024-03-18
2024031803011373,KRBL,58,32,100.0,423.0,42300.0,2024-03-18
2024031803011372,KRBL,58,35,50.0,423.0,21150.0,2024-03-18
2024031803011371,KRBL,58,34,1000.0,423.0,423000.0,2024-03-18
2024031803011370,KRBL,58,22,240.0,423.0,101520.0,2024-03-18
2024031803011369,KRBL,58,45,1050.0,423.0,444150.0,2024-03-18
2024031803011368,KRBL,58,48,100.0,423.0,42300.0,2024-03-18
2024031803011367,KRBL,58,35,140.0,422.0,59080.0,2024-03-18
2024031803011366,KRBL,58,64,360.0,422.0,151920.0,2024-03-18
2024031803011365,KRBL,58,44,20.0,422.0,8440.0,2024-03-18
2024031803011364,KRBL,58,6,208.0,422.0,87776.0,2024-03-18
2024031803011363,KRBL,58,38,1690.0,422.0,713180.0,2024-03-18
2024031804009641,HEI,66,95,10.0,600.0,6000.0,2024-03-18
2024031803011362,MFIL,36,42,10.0,524.0,5240.0,2024-03-18
2024031804009640,JOSHI,16,38,100.0,336.5,33650.0,2024-03-18
2024031804009639,JOSHI,38,38,100.0,336.5,33650.0,2024-03-18
2024031804009638,JOSHI,40,38,170.0,336.5,57205.0,2024-03-18
2024031801027040,VLUCL,62,49,10.0,524.0,5240.0,2024-03-18
2024031803011361,JBBL,35,49,138.0,304.6,42034.8,2024-03-18
2024031803011360,JBBL,44,49,300.0,305.0,91500.0,2024-03-18
2024031803011359,JBBL,56,49,300.0,305.0,91500.0,2024-03-18
2024031803011358,JBBL,10,49,200.0,305.0,61000.0,2024-03-18
2024031803011357,JBBL,5,49,30.0,305.0,9150.0,2024-03-18
2024031803011356,JBBL,8,49,832.0,305.0,253760.0,2024-03-18
2024031805004608,HRL,49,35,14.0,621.1,8695.4,2024-03-18
2024031801027039,SHIVM,69,17,10.0,567.0,5670.0,2024-03-18
2024031801027038,PRVU,38,53,60.0,145.5,8730.0,2024-03-18
2024031801027037,MKHC,48,45,10.0,294.1,2941.0,2024-03-18
2024031801027036,SONA,47,45,200.0,521.5,104300.0,2024-03-18
2024031801027035,NWCL,62,45,100.0,766.5,76650.0,2024-03-18
2024031801027034,NWCL,62,45,31.0,766.6,23764.6,2024-03-18
2024031801027033,NWCL,11,45,50.0,766.7,38335.0,2024-03-18
2024031804009637,GLH,48,25,10.0,227.9,2279.0,2024-03-18
2024031801027032,MHCL,42,57,200.0,455.0,91000.0,2024-03-18
2024031803011355,VLBS,57,42,10.0,656.0,6560.0,2024-03-18
2024031804009636,RIDI,56,57,100.0,188.2,18820.0,2024-03-18
2024031804009635,RIDI,22,57,400.0,189.0,75600.0,2024-03-18
2024031801027031,TSHL,14,45,45.0,489.0,22005.0,2024-03-18
2024031801027030,SNLI,29,57,10.0,626.0,6260.0,2024-03-18
2024031803011354,FMDBL,1,42,100.0,614.0,61400.0,2024-03-18
2024031804009634,KKHC,58,32,30.0,245.5,7365.0,2024-03-18
2024031801027029,SMHL,57,58,100.0,455.0,45500.0,2024-03-18
2024031803011353,SIFC,65,49,20.0,368.0,7360.0,2024-03-18
2024031804009633,OHL,50,29,100.0,786.5,78650.0,2024-03-18
2024031804009632,OHL,50,34,100.0,785.9,78590.0,2024-03-18
2024031804009631,OHL,50,6,10.0,785.8,7858.0,2024-03-18
2024031804009630,UAIL,37,34,100.0,551.2,55120.0,2024-03-18
2024031804009629,UAIL,14,34,52.0,551.2,28662.4,2024-03-18
2024031804009628,UAIL,49,34,59.0,551.3,32526.7,2024-03-18
2024031803011352,PFL,69,42,22.0,397.4,8742.8,2024-03-18
2024031803011351,USLB,55,49,10.0,1690.1,16901.0,2024-03-18
2024031803011350,USLB,55,7,20.0,1690.1,33802.0,2024-03-18
2024031803011349,USLB,55,57,50.0,1690.1,84505.0,2024-03-18
2024031803011348,USLB,55,62,10.0,1690.1,16901.0,2024-03-18
2024031803011347,USLB,55,29,10.0,1690.0,16900.0,2024-03-18
2024031803011346,USLB,55,38,10.0,1690.0,16900.0,2024-03-18
2024031803011345,USLB,55,67,20.0,1690.0,33800.0,2024-03-18
2024031803011344,USLB,55,22,14.0,1660.0,23240.0,2024-03-18
2024031803011343,USLB,55,57,10.0,1659.4,16594.0,2024-03-18
2024031803011342,USLB,55,51,55.0,1657.0,91135.0,2024-03-18
2024031803011341,USLB,55,33,10.0,1650.0,16500.0,2024-03-18
2024031805004607,NTC,7,22,90.0,866.2,77958.0,2024-03-18
2024031805004606,NTC,25,22,10.0,869.0,8690.0,2024-03-18
2024031804009627,GLH,48,22,100.0,227.9,22790.0,2024-03-18
2024031801027028,RNLI,45,41,190.0,452.0,85880.0,2024-03-18
2024031804009626,AKJCL,32,14,293.0,222.0,65046.0,2024-03-18
2024031804009625,AKJCL,33,14,100.0,222.0,22200.0,2024-03-18
2024031804009624,AKJCL,55,14,220.0,222.0,48840.0,2024-03-18
2024031804009623,AKJCL,26,14,500.0,222.0,111000.0,2024-03-18
2024031804009622,AKJCL,36,14,50.0,222.0,11100.0,2024-03-18
2024031804009621,AKJCL,38,14,200.0,222.0,44400.0,2024-03-18
2024031804009620,AKJCL,52,14,100.0,222.0,22200.0,2024-03-18
2024031804009619,AKJCL,1,14,200.0,222.0,44400.0,2024-03-18
2024031804009618,AKJCL,21,14,30.0,222.0,6660.0,2024-03-18
2024031804009617,AKJCL,17,14,50.0,222.0,11100.0,2024-03-18
2024031804009616,AKJCL,1,14,200.0,222.0,44400.0,2024-03-18
2024031804009615,AKJCL,21,14,10.0,222.0,2220.0,2024-03-18
2024031804009614,AKJCL,26,14,100.0,222.1,22210.0,2024-03-18
2024031804009613,AKJCL,4,14,20.0,222.1,4442.0,2024-03-18
2024031804009612,AKJCL,55,14,192.0,222.1,42643.2,2024-03-18
2024031804009611,AKJCL,41,14,100.0,222.3,22230.0,2024-03-18
2024031804009610,AKJCL,45,14,35.0,222.5,7787.5,2024-03-18
2024031804009609,AKJCL,39,14,100.0,222.6,22260.0,2024-03-18
2024031803011340,RLFL,33,43,100.0,373.8,37380.0,2024-03-18
2024031801027027,AHL,32,45,10.0,446.9,4469.0,2024-03-18
2024031801027026,AHL,32,84,40.0,446.0,17840.0,2024-03-18
2024031801027025,NIMB,37,16,10.0,166.9,1669.0,2024-03-18
2024031801027024,NMB,53,58,10.0,189.0,1890.0,2024-03-18
2024031804009608,GHL,42,58,20.0,163.3,3266.0,2024-03-18
2024031803011339,PROFL,58,36,50.0,320.0,16000.0,2024-03-18
2024031803011338,PROFL,34,36,400.0,320.0,128000.0,2024-03-18
2024031801027023,MLBS,32,49,180.0,902.0,162360.0,2024-03-18
2024031801027022,MLBS,14,49,20.0,902.1,18042.0,2024-03-18
2024031801027021,NRM,59,34,70.0,400.0,28000.0,2024-03-18
2024031801027020,SRLI,38,45,10.0,462.0,4620.0,2024-03-18
2024031803011337,MLBSL,57,55,20.0,1680.0,33600.0,2024-03-18
2024031804009607,NGPL,74,35,260.0,311.0,80860.0,2024-03-18
2024031804009606,SICL,34,22,60.0,716.0,42960.0,2024-03-18
2024031804009605,DHPL,41,52,90.0,202.0,18180.0,2024-03-18
2024031804009604,DHPL,41,4,400.0,201.9,80760.0,2024-03-18
2024031804009603,DHPL,41,75,10.0,201.0,2010.0,2024-03-18
2024031801027019,BHL,64,39,10.0,336.3,3363.0,2024-03-18
2024031801027018,BHL,45,39,125.0,337.0,42125.0,2024-03-18
2024031801027017,BHL,38,39,90.0,337.0,30330.0,2024-03-18
2024031801027016,BHL,58,39,125.0,337.5,42187.5,2024-03-18
2024031804009602,UMRH,18,45,150.0,364.7,54705.0,2024-03-18
2024031804009601,UMRH,18,45,70.0,364.0,25480.0,2024-03-18
2024031804009600,UMRH,18,43,190.0,364.0,69160.0,2024-03-18
2024031804009599,UMRH,18,43,590.0,363.0,214170.0,2024-03-18
2024031804009598,NHDL,85,1,20.0,446.0,8920.0,2024-03-18
2024031801027015,TAMOR,45,72,122.0,387.0,47214.0,2024-03-18
2024031801027014,TAMOR,46,72,100.0,387.0,38700.0,2024-03-18
2024031801027013,TAMOR,41,72,78.0,387.0,30186.0,2024-03-18
2024031805004605,HRL,42,54,21.0,621.0,13041.0,2024-03-18
2024031805004604,HRL,34,54,30.0,621.0,18630.0,2024-03-18
2024031805004603,HRL,33,54,306.0,621.0,190026.0,2024-03-18
2024031805004602,HRL,41,54,143.0,621.1,88817.3,2024-03-18
2024031804009597,NIL,55,34,10.0,820.0,8200.0,2024-03-18
2024031804009596,NIL,58,34,10.0,821.0,8210.0,2024-03-18
2024031803011336,PMLI,58,45,40.0,526.1,21044.0,2024-03-18
2024031801027012,HDL,45,74,24.0,1583.0,37992.0,2024-03-18
2024031801027011,HDL,34,74,10.0,1585.0,15850.0,2024-03-18
2024031803011335,MSLB,22,48,13.0,991.0,12883.0,2024-03-18
2024031801027010,NABIL,56,52,990.0,461.0,456390.0,2024-03-18
2024031801027009,RAWA,18,4,160.0,470.0,75200.0,2024-03-18
2024031801027008,RAWA,41,4,70.0,470.0,32900.0,2024-03-18
2024031801027007,RAWA,57,4,150.0,470.1,70515.0,2024-03-18
2024031801027006,RAWA,41,4,20.0,470.5,9410.0,2024-03-18
2024031801027005,RAWA,21,4,90.0,470.5,42345.0,2024-03-18
2024031803011334,GUFL,41,56,400.0,782.0,312800.0,2024-03-18
2024031801027004,MEHL,25,21,30.0,298.1,8943.0,2024-03-18
2024031801027003,MHCL,28,29,10.0,456.0,4560.0,2024-03-18
2024031801027002,MAKAR,1,52,150.0,382.9,57435.0,2024-03-18
2024031805004601,BBC,29,88,10.0,3894.0,38940.0,2024-03-18
2024031803011333,PFL,69,33,17.0,397.4,6755.8,2024-03-18
2024031801027001,SGHC,16,29,120.0,307.5,36900.0,2024-03-18
2024031803011332,SJLIC,91,72,131.0,517.3,67766.3,2024-03-18
2024031803011331,SJLIC,89,72,95.0,517.5,49162.5,2024-03-18
2024031803011330,SJLIC,10,72,20.0,517.6,10352.0,2024-03-18
2024031801027000,CKHL,58,26,34.0,616.2,20950.8,2024-03-18
2024031803011329,SFCL,50,37,51.0,323.0,16473.0,2024-03-18
2024031803011328,SFCL,25,37,250.0,323.1,80775.0,2024-03-18
2024031803011327,SFCL,44,37,99.0,323.3,32006.7,2024-03-18
2024031801026999,VLUCL,50,34,16.0,525.0,8400.0,2024-03-18
2024031801026998,VLUCL,50,38,10.0,524.5,5245.0,2024-03-18
2024031801026997,VLUCL,50,37,14.0,524.5,7343.0,2024-03-18
2024031801026996,SHIVM,58,17,100.0,567.0,56700.0,2024-03-18
2024031803011326,SAPDBL,39,54,20.0,315.8,6316.0,2024-03-18
2024031803011325,NADEP,34,34,10.0,645.5,6455.0,2024-03-18
2024031804009595,AKJCL,42,4,10.0,223.0,2230.0,2024-03-18
2024031801026995,JALPA,42,25,90.0,1220.0,109800.0,2024-03-18
2024031803011324,SHINE,44,28,58.0,378.0,21924.0,2024-03-18
2024031801026994,SHIVM,48,52,45.0,567.0,25515.0,2024-03-18
2024031801026993,SONA,4,62,10.0,522.0,5220.0,2024-03-18
2024031801026992,SONA,4,35,490.0,522.0,255780.0,2024-03-18
2024031803011323,NICLBSL,62,3,10.0,598.7,5987.0,2024-03-18
2024031803011322,NICLBSL,62,22,10.0,590.5,5905.0,2024-03-18
2024031804009594,SHL,81,3,130.0,450.1,58513.0,2024-03-18
2024031801026991,GCIL,58,55,10.0,560.0,5600.0,2024-03-18
2024031801026990,HATHY,58,17,10.0,890.0,8900.0,2024-03-18
2024031804009593,RADHI,34,49,10.0,247.2,2472.0,2024-03-18
2024031801026989,MKJC,94,6,360.0,475.0,171000.0,2024-03-18
2024031801026988,MKJC,19,6,30.0,475.1,14253.0,2024-03-18
2024031801026987,MKJC,63,6,100.0,475.2,47520.0,2024-03-18
2024031804009592,UPPER,6,45,20.0,181.6,3632.0,2024-03-18
2024031801026986,SPHL,91,45,40.0,477.0,19080.0,2024-03-18
2024031801026985,SPHL,91,11,10.0,475.0,4750.0,2024-03-18
2024031801026984,SPHL,91,35,10.0,474.3,4743.0,2024-03-18
2024031801026983,SPHL,91,57,10.0,473.0,4730.0,2024-03-18
2024031801026982,SPHL,91,35,10.0,473.0,4730.0,2024-03-18
2024031803011321,RSDC,35,42,40.0,575.0,23000.0,2024-03-18
2024031801026981,RHGCL,16,77,10.0,302.8,3028.0,2024-03-18
2024031801026980,RHGCL,16,1,10.0,302.0,3020.0,2024-03-18
2024031801026979,RHGCL,16,49,10.0,302.0,3020.0,2024-03-18
2024031801026978,RHGCL,16,42,50.0,301.0,15050.0,2024-03-18
2024031801026977,RHGCL,16,58,10.0,300.0,3000.0,2024-03-18
2024031801026976,RHGCL,16,35,10.0,300.0,3000.0,2024-03-18
2024031804009591,GLH,48,32,65.0,227.9,14813.5,2024-03-18
2024031804009590,GLH,48,38,50.0,227.5,11375.0,2024-03-18
2024031801026975,HHL,25,57,18.0,336.3,6053.4,2024-03-18
2024031801026974,HHL,41,57,85.0,336.3,28585.5,2024-03-18
2024031801026973,HHL,49,57,397.0,337.0,133789.0,2024-03-18
2024031805004600,NRN,22,56,1000.0,557.1,557100.0,2024-03-18
2024031805004599,STC,22,3,20.0,5270.0,105400.0,2024-03-18
2024031804009589,BPCL,43,28,90.0,309.2,27828.0,2024-03-18
2024031803011320,GUFL,28,47,10.0,784.5,7845.0,2024-03-18
2024031801026972,CYCL,77,66,20.0,1400.0,28000.0,2024-03-18
2024031801026971,MBJC,47,48,10.0,322.0,3220.0,2024-03-18
2024031805004598,NIFRA,26,45,549.0,212.0,116388.0,2024-03-18
2024031805004597,NIFRA,26,5,10.0,212.0,2120.0,2024-03-18
2024031805004596,NIFRA,26,42,400.0,212.0,84800.0,2024-03-18
2024031805004595,NIFRA,26,35,24.0,212.0,5088.0,2024-03-18
2024031805004594,NIFRA,26,36,20.0,212.0,4240.0,2024-03-18
2024031805004593,NIFRA,26,55,42.0,212.0,8904.0,2024-03-18
2024031805004592,NIFRA,26,37,130.0,211.9,27547.0,2024-03-18
2024031801026970,SONA,47,36,125.0,520.3,65037.5,2024-03-18
2024031801026969,SONA,38,36,75.0,520.3,39022.5,2024-03-18
2024031804009588,SGIC,49,50,200.0,550.0,110000.0,2024-03-18
2024031801026968,NICA,54,42,59.0,418.2,24673.8,2024-03-18
2024031804009587,SHEL,11,32,50.0,200.0,10000.0,2024-03-18
2024031803011319,NADEP,19,6,60.0,645.0,38700.0,2024-03-18
2024031803011318,NADEP,19,44,70.0,645.0,45150.0,2024-03-18
2024031803011317,NADEP,19,34,142.0,645.0,91590.0,2024-03-18
2024031801026967,BEDC,45,35,108.0,345.5,37314.0,2024-03-18
2024031804009586,BARUN,35,65,10.0,247.6,2476.0,2024-03-18
2024031801026966,SMJC,38,16,200.0,373.0,74600.0,2024-03-18
2024031801026965,SMJC,54,16,100.0,373.0,37300.0,2024-03-18
2024031803011316,GUFL,41,41,606.0,782.0,473892.0,2024-03-18
2024031801026964,MAKAR,62,58,10.0,384.0,3840.0,2024-03-18
2024031803011315,FMDBL,42,36,55.0,610.0,33550.0,2024-03-18
2024031803011314,FMDBL,14,36,10.0,610.0,6100.0,2024-03-18
2024031803011313,FMDBL,46,36,35.0,610.0,21350.0,2024-03-18
2024031801026963,NABIL,54,45,90.0,460.9,41481.0,2024-03-18
2024031801026962,SHIVM,38,52,150.0,567.0,85050.0,2024-03-18
2024031801026961,GCIL,5,34,20.0,559.0,11180.0,2024-03-18
2024031803011312,SABSL,63,58,173.0,684.0,118332.0,2024-03-18
2024031803011311,SABSL,63,48,327.0,684.0,223668.0,2024-03-18
2024031803011310,LBBL,59,84,122.0,394.0,48068.0,2024-03-18
2024031801026960,MKLB,45,22,10.0,823.0,8230.0,2024-03-18
2024031801026959,DOLTI,45,33,50.0,387.6,19380.0,2024-03-18
2024031801026958,AHL,32,13,10.0,444.9,4449.0,2024-03-18
2024031804009585,NHPC,51,8,322.0,159.9,51487.8,2024-03-18
2024031804009584,NHPC,51,34,178.0,159.9,28462.2,2024-03-18
2024031801026957,NABIL,42,45,10.0,460.9,4609.0,2024-03-18
2024031801026956,SHLB,57,57,10.0,989.0,9890.0,2024-03-18
2024031804009583,NICL,42,21,30.0,866.0,25980.0,2024-03-18
2024031801026955,MKHL,71,35,90.0,385.0,34650.0,2024-03-18
2024031804009582,CGH,59,40,18.0,832.0,14976.0,2024-03-18
2024031804009581,UPPER,47,47,159.0,181.4,28842.6,2024-03-18
2024031804009580,UPPER,40,47,351.0,181.5,63706.5,2024-03-18
2024031803011309,MFIL,74,53,110.0,518.0,56980.0,2024-03-18
2024031803011308,MFIL,57,53,10.0,518.1,5181.0,2024-03-18
2024031803011307,MFIL,55,53,380.0,518.1,196878.0,2024-03-18
2024031801026954,GCIL,26,40,10.0,560.0,5600.0,2024-03-18
2024031801026953,GCIL,26,45,10.0,560.0,5600.0,2024-03-18
2024031804009579,SGIC,49,70,500.0,550.0,275000.0,2024-03-18
2024031804009578,SGIC,49,36,10.0,550.0,5500.0,2024-03-18
2024031804009577,SGIC,49,36,510.0,550.0,280500.0,2024-03-18
2024031804009576,SGIC,49,49,50.0,550.0,27500.0,2024-03-18
2024031804009575,SGIC,49,1,65.0,550.0,35750.0,2024-03-18
2024031804009574,SGIC,49,42,200.0,550.0,110000.0,2024-03-18
2024031804009573,SGIC,49,70,300.0,550.0,165000.0,2024-03-18
2024031804009572,SGIC,49,58,20.0,550.0,11000.0,2024-03-18
2024031804009571,SGIC,49,51,130.0,550.0,71500.0,2024-03-18
2024031804009570,SGIC,49,19,10.0,550.0,5500.0,2024-03-18
2024031804009569,SGIC,49,22,10.0,550.0,5500.0,2024-03-18
2024031804009568,SGIC,49,45,10.0,550.0,5500.0,2024-03-18
2024031804009567,SGIC,49,34,10.0,550.0,5500.0,2024-03-18
2024031804009566,SGIC,49,57,19.0,550.0,10450.0,2024-03-18
2024031804009565,SGIC,49,29,603.0,550.0,331650.0,2024-03-18
2024031804009564,SGIC,49,58,10.0,550.0,5500.0,2024-03-18
2024031804009563,SGIC,49,52,470.0,550.0,258500.0,2024-03-18
2024031804009562,SGIC,49,1,100.0,549.9,54990.0,2024-03-18
2024031804009561,SGIC,49,11,10.0,549.0,5490.0,2024-03-18
2024031804009560,SGIC,49,32,200.0,548.0,109600.0,2024-03-18
2024031804009559,SGIC,49,36,100.0,547.9,54790.0,2024-03-18
2024031804009558,SGIC,49,51,500.0,547.0,273500.0,2024-03-18
2024031804009557,SGIC,49,59,600.0,547.0,328200.0,2024-03-18
2024031804009556,SGIC,49,6,80.0,546.0,43680.0,2024-03-18
2024031801026952,MEL,34,32,10.0,222.0,2220.0,2024-03-18
2024031801026951,UHEWA,52,38,130.0,343.3,44629.0,2024-03-18
2024031801026950,PRVU,45,53,70.0,145.5,10185.0,2024-03-18
2024031801026949,SMH,45,47,10.0,694.7,6947.0,2024-03-18
2024031801026948,H8020,16,49,500.0,9.0,4500.0,2024-03-18
2024031801026947,PHCL,38,13,118.0,318.0,37524.0,2024-03-18
2024031801026946,PHCL,32,13,100.0,318.0,31800.0,2024-03-18
2024031801026945,PHCL,19,13,100.0,318.0,31800.0,2024-03-18
2024031801026944,PHCL,42,13,100.0,318.0,31800.0,2024-03-18
2024031801026943,PHCL,38,13,100.0,318.1,31810.0,2024-03-18
2024031801026942,PHCL,40,13,100.0,318.2,31820.0,2024-03-18
2024031801026941,PHCL,86,13,100.0,318.2,31820.0,2024-03-18
2024031801026940,PHCL,49,13,100.0,319.6,31960.0,2024-03-18
2024031801026939,PHCL,34,13,60.0,320.0,19200.0,2024-03-18
2024031801026938,PHCL,58,13,225.0,320.0,72000.0,2024-03-18
2024031801026937,PHCL,42,13,270.0,320.0,86400.0,2024-03-18
2024031801026936,PHCL,58,13,100.0,320.4,32040.0,2024-03-18
2024031801026935,PHCL,49,13,500.0,320.4,160200.0,2024-03-18
2024031801026934,PHCL,42,13,27.0,320.5,8653.5,2024-03-18
2024031805004591,HRL,41,46,60.0,621.1,37266.0,2024-03-18
2024031805004590,HRL,21,46,20.0,621.2,12424.0,2024-03-18
2024031801026933,DORDI,42,64,20.0,424.9,8498.0,2024-03-18
2024031801026932,SONA,38,57,25.0,520.3,13007.5,2024-03-18
2024031801026931,SONA,33,57,100.0,520.8,52080.0,2024-03-18
2024031801026930,SONA,21,57,50.0,520.8,26040.0,2024-03-18
2024031801026929,SONA,39,57,300.0,521.0,156300.0,2024-03-18
2024031801026928,SONA,57,57,100.0,521.0,52100.0,2024-03-18
2024031801026927,SONA,54,57,20.0,521.0,10420.0,2024-03-18
2024031801026926,SONA,56,57,1000.0,521.0,521000.0,2024-03-18
2024031801026925,SONA,66,57,1000.0,521.0,521000.0,2024-03-18
2024031801026924,SONA,21,57,100.0,521.1,52110.0,2024-03-18
2024031801026923,SONA,29,57,150.0,521.3,78195.0,2024-03-18
2024031801026922,SONA,34,57,100.0,521.4,52140.0,2024-03-18
2024031801026921,SONA,22,57,25.0,521.5,13037.5,2024-03-18
2024031801026920,SONA,35,57,30.0,521.5,15645.0,2024-03-18
2024031804009555,UPPER,40,57,149.0,181.5,27043.5,2024-03-18
2024031801026919,HIDCLP,17,17,500.0,102.8,51400.0,2024-03-18
2024031804009554,GLH,17,32,20.0,227.9,4558.0,2024-03-18
2024031804009553,GLH,17,11,10.0,227.1,2271.0,2024-03-18
2024031804009552,RIDI,22,36,600.0,188.3,112980.0,2024-03-18
2024031803011306,DDBL,22,26,20.0,788.0,15760.0,2024-03-18
2024031801026918,NMB,48,43,1000.0,188.5,188500.0,2024-03-18
2024031804009551,NLG,26,7,100.0,793.0,79300.0,2024-03-18
2024031803011305,KRBL,58,8,800.0,421.9,337520.0,2024-03-18
2024031801026917,MEL,49,32,80.0,222.0,17760.0,2024-03-18
2024031801026916,GCIL,5,38,460.0,559.0,257140.0,2024-03-18
2024031801026915,GCIL,57,38,40.0,559.0,22360.0,2024-03-18
2024031801026914,SRLI,38,45,10.0,462.0,4620.0,2024-03-18
2024031803011304,GUFL,41,38,200.0,782.0,156400.0,2024-03-18
2024031804009550,AKJCL,58,4,79.0,223.0,17617.0,2024-03-18
2024031804009549,SGIC,56,6,20.0,546.0,10920.0,2024-03-18
2024031801026913,SONA,33,35,20.0,522.0,10440.0,2024-03-18
2024031803011303,MLBL,48,58,34.0,339.0,11526.0,2024-03-18
2024031803011302,MLBL,48,29,50.0,339.0,16950.0,2024-03-18
2024031803011301,MLBL,48,3,316.0,339.0,107124.0,2024-03-18
2024031803011300,MLBL,48,38,100.0,338.0,33800.0,2024-03-18
2024031803011299,KRBL,58,25,200.0,421.9,84380.0,2024-03-18
2024031801026912,HHL,49,42,10.0,338.0,3380.0,2024-03-18
2024031801026911,HHL,52,42,30.0,338.0,10140.0,2024-03-18
2024031803011298,SADBL,45,57,10.0,310.5,3105.0,2024-03-18
2024031803011297,SADBL,34,57,490.0,310.6,152194.0,2024-03-18
2024031801026910,PCBL,22,43,10.0,198.9,1989.0,2024-03-18
2024031801026909,NESDO,38,52,30.0,1780.0,53400.0,2024-03-18
2024031803011296,JBBL,52,74,5.0,306.0,1530.0,2024-03-18
2024031803011295,JBBL,52,41,25.0,306.0,7650.0,2024-03-18
2024031801026908,SONA,33,65,80.0,522.0,41760.0,2024-03-18
2024031803011294,MFIL,45,42,10.0,524.0,5240.0,2024-03-18
2024031801026907,RNLI,45,49,10.0,452.0,4520.0,2024-03-18
2024031804009548,UPCL,45,6,119.0,216.9,25811.1,2024-03-18
2024031804009547,UPCL,45,37,225.0,216.5,48712.5,2024-03-18
2024031804009546,UPCL,45,57,156.0,216.0,33696.0,2024-03-18
2024031801026906,SRLI,35,45,11.0,462.5,5087.5,2024-03-18
2024031803011293,NMFBS,35,58,10.0,1107.0,11070.0,2024-03-18
2024031803011292,NMFBS,35,46,50.0,1107.0,55350.0,2024-03-18
2024031803011291,NMFBS,35,72,20.0,1100.0,22000.0,2024-03-18
2024031801026905,ILI,58,72,80.0,545.0,43600.0,2024-03-18
2024031803011290,USLB,55,51,466.0,1657.0,772162.0,2024-03-18
2024031803011289,USLB,55,48,34.0,1650.0,56100.0,2024-03-18
2024031801026904,DORDI,57,32,10.0,423.5,4235.0,2024-03-18
2024031805004589,HIDCL,57,36,20.0,177.9,3558.0,2024-03-18
2024031801026903,C30MF,26,17,1100.0,9.15,10065.0,2024-03-18
2024031801026902,SNLI,17,35,48.0,626.0,30048.0,2024-03-18
2024031801026901,SNLI,17,22,10.0,626.0,6260.0,2024-03-18
2024031801026900,SNLI,17,94,10.0,626.0,6260.0,2024-03-18
2024031801026899,SNLI,17,34,432.0,626.0,270432.0,2024-03-18
2024031803011288,KRBL,58,43,30.0,421.2,12636.0,2024-03-18
2024031803011287,KRBL,58,54,1438.0,421.0,605398.0,2024-03-18
2024031803011286,KRBL,58,21,30.0,421.0,12630.0,2024-03-18
2024031803011285,KRBL,58,38,80.0,420.1,33608.0,2024-03-18
2024031803011284,KRBL,58,59,360.0,420.0,151200.0,2024-03-18
2024031803011283,KRBL,58,32,100.0,420.0,42000.0,2024-03-18
2024031803011282,KRBL,58,57,100.0,420.0,42000.0,2024-03-18
2024031803011281,KRBL,58,50,280.0,420.0,117600.0,2024-03-18
2024031803011280,KRBL,58,25,100.0,420.0,42000.0,2024-03-18
2024031803011279,KRBL,58,58,70.0,420.0,29400.0,2024-03-18
2024031803011278,KRBL,58,44,50.0,420.0,21000.0,2024-03-18
2024031803011277,KRBL,58,48,70.0,420.0,29400.0,2024-03-18
2024031803011276,KRBL,58,39,50.0,420.0,21000.0,2024-03-18
2024031803011275,KRBL,58,55,25.0,419.9,10497.5,2024-03-18
2024031803011274,KRBL,58,48,50.0,419.9,20995.0,2024-03-18
2024031803011273,KRBL,58,39,500.0,419.5,209750.0,2024-03-18
2024031803011272,KRBL,58,22,122.0,419.5,51179.0,2024-03-18
2024031803011271,KRBL,58,25,500.0,419.4,209700.0,2024-03-18
2024031803011270,KRBL,58,42,1000.0,419.0,419000.0,2024-03-18
2024031803011269,KRBL,58,50,380.0,419.0,159220.0,2024-03-18
2024031803011268,KRBL,58,62,500.0,418.9,209450.0,2024-03-18
2024031803011267,KRBL,58,58,63.0,418.5,26365.5,2024-03-18
2024031803011266,KRBL,58,6,100.0,418.0,41800.0,2024-03-18
2024031803011265,KRBL,58,38,50.0,418.0,20900.0,2024-03-18
2024031803011264,KRBL,58,54,467.0,418.0,195206.0,2024-03-18
2024031803011263,KRBL,58,45,200.0,417.5,83500.0,2024-03-18
2024031803011262,GLBSL,62,3,381.0,1350.0,514350.0,2024-03-18
2024031803011261,GLBSL,62,54,13.0,1350.0,17550.0,2024-03-18
2024031803011260,GLBSL,62,20,142.0,1350.0,191700.0,2024-03-18
2024031803011259,GLBSL,62,38,10.0,1340.2,13402.0,2024-03-18
2024031803011258,GLBSL,62,8,10.0,1340.2,13402.0,2024-03-18
2024031803011257,GLBSL,62,50,10.0,1340.2,13402.0,2024-03-18
2024031803011256,GLBSL,62,43,13.0,1340.0,17420.0,2024-03-18
2024031803011255,GLBSL,62,55,115.0,1340.0,154100.0,2024-03-18
2024031803011254,GLBSL,62,28,30.0,1340.0,40200.0,2024-03-18
2024031803011253,GLBSL,62,17,50.0,1340.0,67000.0,2024-03-18
2024031803011252,GLBSL,62,29,13.0,1340.0,17420.0,2024-03-18
2024031803011251,GLBSL,62,35,10.0,1332.1,13321.0,2024-03-18
2024031803011250,GLBSL,62,8,30.0,1332.0,39960.0,2024-03-18
2024031803011249,GLBSL,62,28,10.0,1332.0,13320.0,2024-03-18
2024031803011248,GLBSL,62,35,100.0,1327.0,132700.0,2024-03-18
2024031803011247,GLBSL,62,28,50.0,1325.0,66250.0,2024-03-18
2024031803011246,GLBSL,62,42,13.0,1325.0,17225.0,2024-03-18
2024031803011245,SHINE,14,28,193.0,378.0,72954.0,2024-03-18
2024031804009545,SSHL,33,28,300.0,168.2,50460.0,2024-03-18
2024031803011244,KSBBL,44,39,261.0,365.2,95317.2,2024-03-18
2024031805004588,HIDCL,34,1,1281.0,177.0,226737.0,2024-03-18
2024031805004587,HIDCL,54,1,150.0,177.3,26595.0,2024-03-18
2024031805004586,HIDCL,54,1,44.0,177.5,7810.0,2024-03-18
2024031805004585,HIDCL,57,1,25.0,177.5,4437.5,2024-03-18
2024031803011243,SDLBSL,29,1,174.0,675.0,117450.0,2024-03-18
2024031803011242,SDLBSL,29,35,50.0,675.0,33750.0,2024-03-18
2024031803011241,SDLBSL,29,51,76.0,673.8,51208.8,2024-03-18
2024031803011240,SWBBL,8,35,44.0,760.0,33440.0,2024-03-18
2024031801026898,NICA,22,42,100.0,418.5,41850.0,2024-03-18
2024031801026897,CKHL,58,57,600.0,616.2,369720.0,2024-03-18
2024031804009544,GHL,57,45,220.0,163.2,35904.0,2024-03-18
2024031804009543,UNHPL,10,38,50.0,246.0,12300.0,2024-03-18
2024031803011239,ICFC,18,32,100.0,505.0,50500.0,2024-03-18
2024031801026896,AHL,18,84,80.0,446.0,35680.0,2024-03-18
2024031801026895,AHL,18,44,10.0,446.0,4460.0,2024-03-18
2024031801026894,AHL,18,3,10.0,445.9,4459.0,2024-03-18
2024031801026893,AHL,18,44,10.0,445.0,4450.0,2024-03-18
2024031801026892,AHL,18,55,10.0,445.0,4450.0,2024-03-18
2024031801026891,AHL,18,6,30.0,445.0,13350.0,2024-03-18
2024031801026890,AHL,18,38,10.0,445.0,4450.0,2024-03-18
2024031801026889,AHL,18,58,10.0,445.0,4450.0,2024-03-18
2024031801026888,AHL,18,58,10.0,445.0,4450.0,2024-03-18
2024031801026887,AHL,18,58,10.0,445.0,4450.0,2024-03-18
2024031801026886,AHL,18,58,10.0,445.0,4450.0,2024-03-18
2024031801026885,GCIL,26,45,10.0,560.0,5600.0,2024-03-18
2024031801026884,SHIVM,69,52,10.0,567.0,5670.0,2024-03-18
2024031804009542,GLH,1,29,10.0,227.0,2270.0,2024-03-18
2024031805004584,CHDC,35,19,385.0,951.2,366212.0,2024-03-18
2024031805004583,CHDC,47,19,50.0,951.5,47575.0,2024-03-18
2024031805004582,CHDC,4,19,10.0,951.5,9515.0,2024-03-18
2024031805004581,CHDC,21,19,25.0,952.0,23800.0,2024-03-18
2024031805004580,CHDC,49,19,30.0,952.0,28560.0,2024-03-18
2024031801026883,NRM,26,34,500.0,400.0,200000.0,2024-03-18
2024031801026882,NRM,49,34,100.0,400.0,40000.0,2024-03-18
2024031801026881,NRM,58,34,20.0,400.0,8000.0,2024-03-18
2024031801026880,SAHAS,6,36,280.0,531.9,148932.0,2024-03-18
2024031803011238,MNBBL,35,59,475.0,365.0,173375.0,2024-03-18
2024031803011237,MNBBL,35,74,165.0,365.0,60225.0,2024-03-18
2024031803011236,MNBBL,35,45,115.0,365.0,41975.0,2024-03-18
2024031803011235,MNBBL,35,37,131.0,365.0,47815.0,2024-03-18
2024031803011234,MNBBL,35,66,50.0,364.0,18200.0,2024-03-18
2024031803011233,MNBBL,35,42,42.0,364.0,15288.0,2024-03-18
2024031803011232,MNBBL,35,42,22.0,363.4,7994.8,2024-03-18
2024031803011231,EDBL,71,6,10.0,374.0,3740.0,2024-03-18
2024031804009541,SHPC,5,43,10.0,349.0,3490.0,2024-03-18
2024031804009540,AKJCL,58,4,100.0,223.0,22300.0,2024-03-18
2024031805004579,HRL,41,39,10.0,621.1,6211.0,2024-03-18
2024031801026879,SONA,47,65,150.0,522.0,78300.0,2024-03-18
2024031801026878,SONA,55,65,70.0,522.0,36540.0,2024-03-18
2024031804009539,MHNL,8,41,65.0,247.0,16055.0,2024-03-18
2024031804009538,KKHC,34,29,50.0,245.9,12295.0,2024-03-18
2024031801026877,KDL,58,44,10.0,802.1,8021.0,2024-03-18
2024031801026876,VLUCL,62,35,60.0,524.0,31440.0,2024-03-18
2024031801026875,VLUCL,39,35,20.0,524.0,10480.0,2024-03-18
2024031805004578,NRN,49,56,300.0,557.1,167130.0,2024-03-18
2024031804009537,UPCL,74,5,177.0,215.4,38125.8,2024-03-18
2024031801026874,SHIVM,28,52,10.0,567.0,5670.0,2024-03-18
2024031804009536,SHEL,58,32,100.0,200.0,20000.0,2024-03-18
2024031801026873,SONA,26,13,10.0,523.0,5230.0,2024-03-18
2024031804009535,GHL,1,45,50.0,163.2,8160.0,2024-03-18
2024031805004577,NRN,49,34,1385.0,557.1,771583.5,2024-03-18
2024031805004576,NRN,53,34,100.0,557.2,55720.0,2024-03-18
2024031801026872,PRVU,44,53,500.0,145.5,72750.0,2024-03-18
2024031803011230,CFCL,52,45,50.0,345.0,17250.0,2024-03-18
2024031801026871,TSHL,19,45,205.0,489.0,100245.0,2024-03-18
2024031805004575,HRL,41,42,126.0,621.1,78258.6,2024-03-18
2024031805004574,HRL,51,42,180.0,621.2,111816.0,2024-03-18
2024031803011229,SINDU,40,42,500.0,373.0,186500.0,2024-03-18
2024031801026870,CITY,35,42,10.0,605.0,6050.0,2024-03-18
2024031803011228,NICLBSL,62,33,31.0,590.0,18290.0,2024-03-18
2024031801026869,CLI,77,66,10.0,469.0,4690.0,2024-03-18
2024031801026868,CLI,77,57,10.0,469.0,4690.0,2024-03-18
2024031801026867,CLI,77,16,300.0,468.9,140670.0,2024-03-18
2024031801026866,CLI,77,51,10.0,468.0,4680.0,2024-03-18
2024031801026865,CLI,77,42,100.0,468.0,46800.0,2024-03-18
2024031801026864,CLI,77,58,10.0,468.0,4680.0,2024-03-18
2024031801026863,CLI,77,59,10.0,468.0,4680.0,2024-03-18
2024031801026862,CLI,77,44,10.0,468.0,4680.0,2024-03-18
2024031801026861,CLI,77,39,10.0,468.0,4680.0,2024-03-18
2024031801026860,CLI,77,26,10.0,468.0,4680.0,2024-03-18
2024031801026859,CLI,77,58,100.0,468.0,46800.0,2024-03-18
2024031801026858,CLI,77,39,10.0,468.0,4680.0,2024-03-18
2024031801026857,CLI,77,34,10.0,467.2,4672.0,2024-03-18
2024031801026856,CLI,77,33,100.0,467.0,46700.0,2024-03-18
2024031801026855,CLI,77,32,67.0,467.0,31289.0,2024-03-18
2024031801026854,CLI,77,38,10.0,467.0,4670.0,2024-03-18
2024031801026853,CLI,77,58,10.0,467.0,4670.0,2024-03-18
2024031801026852,CLI,77,48,10.0,467.0,4670.0,2024-03-18
2024031801026851,CLI,77,49,10.0,467.0,4670.0,2024-03-18
2024031801026850,CLI,77,41,10.0,466.5,4665.0,2024-03-18
2024031801026849,CLI,77,71,10.0,466.5,4665.0,2024-03-18
2024031801026848,CLI,77,45,16.0,466.0,7456.0,2024-03-18
2024031801026847,CLI,77,58,10.0,466.0,4660.0,2024-03-18
2024031801026846,CLI,77,1,85.0,466.0,39610.0,2024-03-18
2024031801026845,CLI,77,35,45.0,465.0,20925.0,2024-03-18
2024031801026844,CLI,77,58,10.0,462.0,4620.0,2024-03-18
2024031803011227,MDB,58,42,10.0,434.0,4340.0,2024-03-18
2024031805004573,HRL,50,29,10.0,622.0,6220.0,2024-03-18
2024031803011226,NADEP,57,34,200.0,642.0,128400.0,2024-03-18
2024031801026843,SRLI,38,45,10.0,462.5,4625.0,2024-03-18
2024031804009534,HDHPC,6,45,480.0,141.5,67920.0,2024-03-18
2024031801026842,RNLI,38,45,10.0,451.5,4515.0,2024-03-18
2024031801026841,CLI,34,48,10.0,461.1,4611.0,2024-03-18
2024031801026840,SHIVM,59,57,448.0,566.0,253568.0,2024-03-18
2024031801026839,SHIVM,45,57,309.0,566.0,174894.0,2024-03-18
2024031801026838,PHCL,36,57,440.0,321.4,141416.0,2024-03-18
2024031804009533,BPCL,43,66,10.0,310.9,3109.0,2024-03-18
2024031804009532,NICL,42,41,100.0,866.0,86600.0,2024-03-18
2024031803011225,SAPDBL,39,28,93.0,315.8,29369.4,2024-03-18
2024031803011224,SAPDBL,28,28,10.0,315.8,3158.0,2024-03-18
2024031803011223,SAPDBL,40,28,147.0,315.8,46422.6,2024-03-18
2024031801026837,NICA,39,19,50.0,419.0,20950.0,2024-03-18
2024031801026836,RAWA,18,36,10.0,477.5,4775.0,2024-03-18
2024031804009531,NGPL,58,35,100.0,311.0,31100.0,2024-03-18
2024031805004572,HRL,51,1,20.0,621.2,12424.0,2024-03-18
2024031804009530,SSHL,33,49,358.0,168.2,60215.6,2024-03-18
2024031803011222,GUFL,41,38,130.0,782.0,101660.0,2024-03-18
2024031801026835,IHL,8,13,195.0,366.4,71448.0,2024-03-18
2024031801026834,IHL,44,13,100.0,366.5,36650.0,2024-03-18
2024031801026833,IHL,42,13,55.0,366.6,20163.0,2024-03-18
2024031801026832,IHL,59,13,90.0,367.3,33057.0,2024-03-18
2024031801026831,MKCL,35,49,10.0,954.0,9540.0,2024-03-18
2024031803011221,HLI,51,45,100.0,417.0,41700.0,2024-03-18
2024031801026830,SPHL,45,56,10.0,472.0,4720.0,2024-03-18
2024031804009529,UMRH,48,43,10.0,363.0,3630.0,2024-03-18
2024031804009528,UPPER,47,70,500.0,181.4,90700.0,2024-03-18
2024031804009527,JOSHI,40,10,30.0,336.5,10095.0,2024-03-18
2024031801026829,PHCL,57,41,36.0,322.0,11592.0,2024-03-18
2024031801026828,CLI,22,35,145.0,465.0,67425.0,2024-03-18
2024031801026827,CLI,22,42,173.0,465.0,80445.0,2024-03-18
2024031801026826,CLI,22,41,10.0,465.0,4650.0,2024-03-18
2024031801026825,CLI,22,42,10.0,465.0,4650.0,2024-03-18
2024031801026824,CLI,22,48,10.0,465.0,4650.0,2024-03-18
2024031801026823,CLI,22,45,10.0,465.0,4650.0,2024-03-18
2024031801026822,CLI,22,94,10.0,465.0,4650.0,2024-03-18
2024031801026821,CLI,22,38,10.0,465.0,4650.0,2024-03-18
2024031801026820,CLI,22,54,10.0,463.1,4631.0,2024-03-18
2024031801026819,CLI,22,57,112.0,463.1,51867.2,2024-03-18
2024031801026818,CYCL,77,60,100.0,1402.9,140290.0,2024-03-18
2024031801026817,CYCL,77,41,100.0,1402.2,140220.0,2024-03-18
2024031801026816,SMJC,42,29,10.0,373.5,3735.0,2024-03-18
2024031805004571,NIFRA,49,42,228.0,211.5,48222.0,2024-03-18
2024031805004570,NIFRA,35,42,62.0,211.5,13113.0,2024-03-18
2024031801026815,MKHC,48,11,50.0,295.0,14750.0,2024-03-18
2024031801026814,MKHC,58,11,500.0,295.0,147500.0,2024-03-18
2024031801026813,MKHC,42,11,100.0,295.0,29500.0,2024-03-18
2024031801026812,MKHC,55,11,20.0,295.0,5900.0,2024-03-18
2024031801026811,MKHC,48,11,100.0,295.0,29500.0,2024-03-18
2024031801026810,MKHC,38,11,50.0,295.1,14755.0,2024-03-18
2024031801026809,MKHC,5,11,930.0,295.7,275001.0,2024-03-18
2024031801026808,CLI,47,38,10.0,463.0,4630.0,2024-03-18
2024031804009526,API,58,6,16.0,186.5,2984.0,2024-03-18
2024031804009525,API,17,6,324.0,186.5,60426.0,2024-03-18
2024031803011220,KRBL,80,13,183.0,416.1,76146.3,2024-03-18
2024031803011219,KRBL,57,13,298.0,416.2,124027.6,2024-03-18
2024031803011218,KRBL,42,13,80.0,417.0,33360.0,2024-03-18
2024031801026807,GCIL,57,4,10.0,559.0,5590.0,2024-03-18
2024031804009524,SSHL,33,45,276.0,168.2,46423.2,2024-03-18
2024031803011217,GUFL,41,71,200.0,782.0,156400.0,2024-03-18
2024031803011216,NFS,75,41,10.0,370.0,3700.0,2024-03-18
2024031803011215,NFS,69,41,10.0,370.1,3701.0,2024-03-18
2024031801026806,SHIVM,33,52,285.0,567.0,161595.0,2024-03-18
2024031801026805,SHIVM,33,18,500.0,567.0,283500.0,2024-03-18
2024031801026804,SHIVM,33,38,215.0,567.0,121905.0,2024-03-18
2024031801026803,CLI,47,49,10.0,463.0,4630.0,2024-03-18
2024031801026802,CLI,47,49,10.0,463.0,4630.0,2024-03-18
2024031801026801,CYCL,77,53,45.0,1402.1,63094.5,2024-03-18
2024031803011214,ALICL,34,62,11.0,580.0,6380.0,2024-03-18
2024031803011213,ALICL,34,21,99.0,578.0,57222.0,2024-03-18
2024031801026800,SNLI,38,34,79.0,626.0,49454.0,2024-03-18
2024031801026799,SNLI,38,52,21.0,625.9,13143.9,2024-03-18
2024031803011212,NMBMF,6,35,28.0,552.0,15456.0,2024-03-18
2024031801026798,SGHC,16,6,30.0,307.5,9225.0,2024-03-18
2024031801026797,SGHC,57,6,470.0,307.5,144525.0,2024-03-18
2024031804009523,HEI,45,95,100.0,600.0,60000.0,2024-03-18
2024031801026796,USHL,45,81,106.0,489.6,51897.6,2024-03-18
2024031801026795,USHL,45,17,100.0,489.0,48900.0,2024-03-18
2024031801026794,USHL,45,45,10.0,487.5,4875.0,2024-03-18
2024031801026793,USHL,45,52,10.0,487.4,4874.0,2024-03-18
2024031801026792,USHL,45,71,100.0,487.0,48700.0,2024-03-18
2024031801026791,USHL,45,35,100.0,487.0,48700.0,2024-03-18
2024031801026790,USHL,45,38,10.0,486.5,4865.0,2024-03-18
2024031801026789,USHL,45,57,100.0,486.5,48650.0,2024-03-18
2024031801026788,USHL,45,22,100.0,485.9,48590.0,2024-03-18
2024031801026787,USHL,45,58,10.0,485.9,4859.0,2024-03-18
2024031801026786,USHL,45,62,45.0,485.0,21825.0,2024-03-18
2024031801026785,USHL,45,7,10.0,484.0,4840.0,2024-03-18
2024031801026784,USHL,45,55,99.0,484.0,47916.0,2024-03-18
2024031803011211,NABBC,22,45,60.0,418.0,25080.0,2024-03-18
2024031803011210,ALICL,65,58,852.0,575.4,490240.8,2024-03-18
2024031803011209,ALICL,4,58,100.0,576.0,57600.0,2024-03-18
2024031803011208,ALICL,7,58,200.0,576.1,115220.0,2024-03-18
2024031803011207,ALICL,42,58,50.0,577.0,28850.0,2024-03-18
2024031803011206,ALICL,42,58,25.0,577.0,14425.0,2024-03-18
2024031803011205,ALICL,50,58,100.0,577.0,57700.0,2024-03-18
2024031803011204,ALICL,42,58,25.0,577.1,14427.5,2024-03-18
2024031803011203,ALICL,51,58,18.0,577.1,10387.8,2024-03-18
2024031803011202,ALICL,42,58,25.0,577.2,14430.0,2024-03-18
2024031803011201,ALICL,42,58,25.0,577.2,14430.0,2024-03-18
2024031803011200,ALICL,42,58,50.0,577.3,28865.0,2024-03-18
2024031803011199,ALICL,25,58,30.0,577.3,17319.0,2024-03-18
2024031801026783,MKCL,58,60,80.0,952.0,76160.0,2024-03-18
2024031801026782,MKCL,37,60,20.0,952.1,19042.0,2024-03-18
2024031801026781,SHIVM,69,38,10.0,567.0,5670.0,2024-03-18
2024031803011198,GFCL,53,59,20.0,467.9,9358.0,2024-03-18
2024031801026780,ILI,57,1,10.0,544.0,5440.0,2024-03-18
2024031801026779,BEDC,54,35,150.0,345.5,51825.0,2024-03-18
2024031801026778,SONA,55,34,10.0,522.0,5220.0,2024-03-18
2024031803011197,BFC,60,59,10.0,349.1,3491.0,2024-03-18
2024031804009522,SSHL,33,38,500.0,168.2,84100.0,2024-03-18
2024031801026777,VLUCL,4,37,86.0,524.5,45107.0,2024-03-18
2024031804009521,GHL,7,45,30.0,163.2,4896.0,2024-03-18
2024031803011196,BFC,57,29,20.0,349.5,6990.0,2024-03-18
2024031801026776,KSBBLD87,47,52,25.0,930.0,23250.0,2024-03-18
2024031801026775,KSBBLD87,47,45,100.0,930.0,93000.0,2024-03-18
2024031801026774,HBLD83,42,49,100.0,1018.0,101800.0,2024-03-18
2024031801026773,KBL,58,11,10.0,142.6,1426.0,2024-03-18
2024031803011195,PROFL,58,6,50.0,320.0,16000.0,2024-03-18
2024031804009520,UPCL,74,26,62.0,215.4,13354.8,2024-03-18
2024031803011194,CBBL,49,11,80.0,860.0,68800.0,2024-03-18
2024031803011193,CBBL,36,11,10.0,861.0,8610.0,2024-03-18
2024031801026772,SAMAJ,19,59,10.0,2070.0,20700.0,2024-03-18
2024031801026771,MKJC,33,6,10.0,480.0,4800.0,2024-03-18
2024031801026770,NICA,50,34,430.0,418.1,179783.0,2024-03-18
2024031801026769,NICA,56,34,70.0,418.1,29267.0,2024-03-18
2024031801026768,NICA,1,34,10.0,418.2,4182.0,2024-03-18
2024031801026767,NICA,58,34,40.0,418.2,16728.0,2024-03-18
2024031801026766,NICA,83,34,50.0,418.5,20925.0,2024-03-18
2024031803011192,SMFBS,51,6,3.0,1036.9,3110.7,2024-03-18
2024031803011191,USLB,55,51,10.0,1657.0,16570.0,2024-03-18
2024031801026765,MKCL,17,46,30.0,954.0,28620.0,2024-03-18
2024031801026764,GCIL,57,45,50.0,559.0,27950.0,2024-03-18
2024031801026763,SONA,55,57,10.0,522.0,5220.0,2024-03-18
2024031801026762,DORDI,32,43,10.0,423.0,4230.0,2024-03-18
2024031801026761,HHL,52,57,470.0,338.0,158860.0,2024-03-18
2024031803011190,GMFBS,48,18,10.0,900.1,9001.0,2024-03-18
2024031801026760,SHIVM,69,38,10.0,567.0,5670.0,2024-03-18
2024031805004569,HRL,41,58,190.0,621.1,118009.0,2024-03-18
2024031805004568,HRL,22,58,50.0,621.1,31055.0,2024-03-18
2024031805004567,HRL,29,58,10.0,621.1,6211.0,2024-03-18
2024031805004566,BBC,29,6,20.0,3893.0,77860.0,2024-03-18
2024031803011189,USLB,55,51,14.0,1657.0,23198.0,2024-03-18
2024031803011188,USLB,55,62,10.0,1657.0,16570.0,2024-03-18
2024031803011187,USLB,55,67,10.0,1657.0,16570.0,2024-03-18
2024031803011186,USLB,55,55,66.0,1657.0,109362.0,2024-03-18
2024031804009519,TRH,25,36,100.0,790.0,79000.0,2024-03-18
2024031804009518,TRH,29,36,10.0,790.0,7900.0,2024-03-18
2024031803011185,SIFC,48,95,650.0,369.0,239850.0,2024-03-18
2024031803011184,SIFC,86,95,500.0,369.1,184550.0,2024-03-18
2024031803011183,SIFC,21,95,30.0,370.0,11100.0,2024-03-18
2024031803011182,SIFC,43,95,20.0,370.0,7400.0,2024-03-18
2024031803011181,SIFC,51,95,20.0,370.0,7400.0,2024-03-18
2024031803011180,SIFC,74,95,200.0,370.1,74020.0,2024-03-18
2024031803011179,SIFC,57,95,500.0,370.2,185100.0,2024-03-18
2024031803011178,SIFC,47,95,40.0,371.0,14840.0,2024-03-18
2024031801026759,SPC,4,22,49.0,557.0,27293.0,2024-03-18
2024031801026758,HATHY,58,5,20.0,888.0,17760.0,2024-03-18
2024031801026757,SNLI,18,58,30.0,625.2,18756.0,2024-03-18
2024031801026756,SONA,65,13,390.0,523.0,203970.0,2024-03-18
2024031801026755,SONA,65,28,400.0,523.0,209200.0,2024-03-18
2024031801026754,SONA,65,39,200.0,523.0,104600.0,2024-03-18
2024031801026753,SONA,65,21,10.0,523.0,5230.0,2024-03-18
2024031803011177,SFCL,44,74,401.0,323.3,129643.3,2024-03-18
2024031803011176,SFCL,25,74,199.0,323.5,64376.5,2024-03-18
2024031803011175,NLIC,58,16,20.0,610.0,12200.0,2024-03-18
2024031803011174,NLIC,36,16,100.0,610.0,61000.0,2024-03-18
2024031803011173,NLIC,1,16,50.0,610.0,30500.0,2024-03-18
2024031803011172,NLIC,35,16,26.0,610.1,15862.6,2024-03-18
2024031803011171,NLIC,71,16,200.0,610.1,122020.0,2024-03-18
2024031803011170,NLIC,41,16,25.0,610.2,15255.0,2024-03-18
2024031803011169,NLIC,49,16,39.0,610.3,23801.7,2024-03-18
2024031803011168,NLIC,33,16,10.0,610.4,6104.0,2024-03-18
2024031803011167,NLIC,45,16,13.0,610.6,7937.8,2024-03-18
2024031801026752,MHCL,42,71,75.0,455.0,34125.0,2024-03-18
2024031801026751,MHCL,45,71,300.0,455.0,136500.0,2024-03-18
2024031801026750,MHCL,38,71,50.0,455.0,22750.0,2024-03-18
2024031801026749,MHCL,29,71,40.0,455.0,18200.0,2024-03-18
2024031801026748,MHCL,21,71,20.0,455.0,9100.0,2024-03-18
2024031801026747,MHCL,61,71,195.0,455.5,88822.5,2024-03-18
2024031804009517,AHPC,57,72,70.0,184.9,12943.0,2024-03-18
2024031805004565,CIT,41,34,10.0,2125.0,21250.0,2024-03-18
2024031803011166,SHINE,14,39,250.0,378.0,94500.0,2024-03-18
2024031803011165,SADBL,52,43,10.0,313.4,3134.0,2024-03-18
2024031804009516,HEI,66,95,260.0,600.0,156000.0,2024-03-18
2024031801026746,NRM,58,19,30.0,400.0,12000.0,2024-03-18
2024031801026745,NRM,58,19,50.0,400.0,20000.0,2024-03-18
2024031801026744,NRM,13,19,20.0,400.1,8002.0,2024-03-18
2024031803011164,ICFC,18,38,36.0,505.0,18180.0,2024-03-18
2024031801026743,RHGCL,14,6,10.0,298.2,2982.0,2024-03-18
2024031801026742,SONA,55,36,10.0,522.0,5220.0,2024-03-18
2024031801026741,SONA,4,36,100.0,522.0,52200.0,2024-03-18
2024031803011163,MPFL,71,35,10.0,384.5,3845.0,2024-03-18
2024031805004564,NRIC,17,57,25.0,759.0,18975.0,2024-03-18
2024031801026740,NIMB,33,16,35.0,166.9,5841.5,2024-03-18
2024031804009515,SGIC,80,48,733.0,546.0,400218.0,2024-03-18
2024031804009514,MEN,50,45,50.0,553.0,27650.0,2024-03-18
2024031801026739,SNLI,18,49,10.0,625.2,6252.0,2024-03-18
2024031803011162,GFCL,59,58,10.0,465.0,4650.0,2024-03-18
2024031803011161,USLB,55,55,10.0,1657.0,16570.0,2024-03-18
2024031805004563,SMATA,16,45,100.0,658.0,65800.0,2024-03-18
2024031805004562,SMATA,16,21,10.0,658.0,6580.0,2024-03-18
2024031805004561,SMATA,16,48,30.0,657.0,19710.0,2024-03-18
2024031805004560,SMATA,16,55,20.0,657.0,13140.0,2024-03-18
2024031801026738,EBL,66,34,30.0,517.0,15510.0,2024-03-18
2024031801026737,EBL,21,34,50.0,517.0,25850.0,2024-03-18
2024031801026736,EBL,17,34,69.0,517.0,35673.0,2024-03-18
2024031801026735,EBL,42,34,25.0,517.1,12927.5,2024-03-18
2024031804009513,SGIC,80,34,125.0,544.0,68000.0,2024-03-18
2024031803011160,EDBL,45,74,10.0,373.0,3730.0,2024-03-18
2024031803011159,DDBL,28,14,50.0,788.0,39400.0,2024-03-18
2024031801026734,MKHC,48,20,90.0,295.8,26622.0,2024-03-18
2024031804009512,UNHPL,5,1,650.0,245.0,159250.0,2024-03-18
2024031804009511,UNHPL,55,1,100.0,245.0,24500.0,2024-03-18
2024031801026733,SNLI,18,49,10.0,625.2,6252.0,2024-03-18
2024031801026732,IHL,21,45,10.0,367.9,3679.0,2024-03-18
2024031801026731,CKHL,58,21,700.0,616.2,431340.0,2024-03-18
2024031803011158,HLI,42,45,300.0,417.0,125100.0,2024-03-18
2024031803011157,HLI,17,45,100.0,417.0,41700.0,2024-03-18
2024031803011156,HLI,22,45,10.0,417.2,4172.0,2024-03-18
2024031801026730,CLI,17,43,10.0,462.0,4620.0,2024-03-18
2024031804009510,HDHPC,57,35,40.0,142.0,5680.0,2024-03-18
2024031804009509,HDHPC,57,44,960.0,141.9,136224.0,2024-03-18
2024031804009508,SHPC,47,62,50.0,347.0,17350.0,2024-03-18
2024031804009507,RADHI,10,7,35.0,247.1,8648.5,2024-03-18
2024031801026729,SHIVM,45,60,191.0,566.0,108106.0,2024-03-18
2024031801026728,SHIVM,56,60,1414.0,566.5,801031.0,2024-03-18
2024031801026727,CKHL,58,26,350.0,616.2,215670.0,2024-03-18
2024031803011155,KRBL,42,47,150.0,417.0,62550.0,2024-03-18
2024031803011154,FMDBL,62,42,50.0,614.0,30700.0,2024-03-18
2024031801026726,AVYAN,3,55,10.0,644.8,6448.0,2024-03-18
2024031801026725,AVYAN,3,53,10.0,642.0,6420.0,2024-03-18
2024031801026724,AVYAN,3,55,60.0,642.0,38520.0,2024-03-18
2024031801026723,CYCL,77,19,30.0,1402.1,42063.0,2024-03-18
2024031801026722,RFPL,49,28,90.0,375.0,33750.0,2024-03-18
2024031801026721,SHIVM,56,49,186.0,566.5,105369.0,2024-03-18
2024031801026720,SHIVM,25,49,28.0,566.5,15862.0,2024-03-18
2024031801026719,SHIVM,28,49,200.0,566.5,113300.0,2024-03-18
2024031801026718,SHIVM,29,49,86.0,566.5,48719.0,2024-03-18
2024031801026717,SHIVM,53,49,300.0,566.6,169980.0,2024-03-18
2024031803011153,CORBL,49,49,50.0,450.3,22515.0,2024-03-18
2024031801026716,SRLI,38,45,10.0,462.5,4625.0,2024-03-18
2024031801026715,SHIVM,34,38,10.0,567.0,5670.0,2024-03-18
2024031803011152,GUFL,38,21,20.0,782.1,15642.0,2024-03-18
2024031801026714,BEDC,57,35,50.0,345.5,17275.0,2024-03-18
2024031801026713,KBL,16,52,10.0,142.5,1425.0,2024-03-18
2024031801026712,HHL,49,7,593.0,337.0,199841.0,2024-03-18
2024031801026711,SONA,4,7,500.0,522.0,261000.0,2024-03-18
2024031804009506,SHL,81,7,230.0,450.1,103523.0,2024-03-18
2024031804009505,SHL,1,7,125.0,451.0,56375.0,2024-03-18
2024031804009504,SHL,1,7,400.0,451.0,180400.0,2024-03-18
2024031803011151,LBBL,59,19,11.0,394.0,4334.0,2024-03-18
2024031805004559,HRL,21,58,10.0,621.1,6211.0,2024-03-18
2024031803011150,MPFL,38,35,10.0,384.5,3845.0,2024-03-18
2024031805004558,NIFRA,35,35,37.0,211.5,7825.5,2024-03-18
2024031805004557,NIFRA,42,35,67.0,211.8,14190.6,2024-03-18
2024031801026710,SMH,34,11,50.0,693.0,34650.0,2024-03-18
2024031801026709,SMH,34,39,40.0,692.0,27680.0,2024-03-18
2024031803011149,MNBBL,51,42,68.0,363.4,24711.2,2024-03-18
2024031801026708,SNLI,18,70,100.0,625.2,62520.0,2024-03-18
2024031801026707,KBL,16,57,40.0,142.5,5700.0,2024-03-18
2024031803011148,KSBBL,44,65,2000.0,365.2,730400.0,2024-03-18
2024031804009503,UPPER,47,1,150.0,181.4,27210.0,2024-03-18
2024031804009502,UPPER,40,1,50.0,181.5,9075.0,2024-03-18
2024031803011147,SABSL,63,48,163.0,684.0,111492.0,2024-03-18
2024031803011146,SABSL,63,49,337.0,683.0,230171.0,2024-03-18
2024031803011145,NADEP,57,46,130.0,642.0,83460.0,2024-03-18
2024031803011144,ALICL,35,21,400.0,578.0,231200.0,2024-03-18
2024031803011143,ALICL,35,41,100.0,578.0,57800.0,2024-03-18
2024031804009501,JOSHI,38,32,100.0,338.0,33800.0,2024-03-18
2024031803011142,SJLIC,89,48,173.0,517.5,89527.5,2024-03-18
2024031801026706,SHIVM,69,38,10.0,567.0,5670.0,2024-03-18
2024031801026705,HATHY,53,49,12.0,886.0,10632.0,2024-03-18
2024031801026704,HATHY,17,49,78.0,886.0,69108.0,2024-03-18
2024031801026703,ULHC,58,41,60.0,330.0,19800.0,2024-03-18
2024031801026702,ULHC,58,58,40.0,329.8,13192.0,2024-03-18
2024031805004556,HRL,21,58,10.0,621.1,6211.0,2024-03-18
2024031804009500,GHL,7,55,30.0,163.2,4896.0,2024-03-18
2024031804009499,MHNL,38,38,25.0,248.0,6200.0,2024-03-18
2024031804009498,SHEL,57,32,113.0,200.0,22600.0,2024-03-18
2024031801026701,CYCL,77,13,33.0,1402.0,46266.0,2024-03-18
2024031801026700,CYCL,77,58,10.0,1402.0,14020.0,2024-03-18
2024031801026699,CYCL,77,58,15.0,1402.0,21030.0,2024-03-18
2024031801026698,CYCL,77,52,10.0,1402.0,14020.0,2024-03-18
2024031801026697,CYCL,77,57,30.0,1400.0,42000.0,2024-03-18
2024031801026696,CYCL,77,37,13.0,1400.0,18200.0,2024-03-18
2024031801026695,CYCL,77,54,165.0,1400.0,231000.0,2024-03-18
2024031801026694,CYCL,77,56,13.0,1400.0,18200.0,2024-03-18
2024031801026693,CYCL,77,7,10.0,1400.0,14000.0,2024-03-18
2024031801026692,CYCL,77,25,10.0,1400.0,14000.0,2024-03-18
2024031801026691,CYCL,77,77,266.0,1400.0,372400.0,2024-03-18
2024031803011141,NABBC,26,45,200.0,418.0,83600.0,2024-03-18
2024031801026690,SHIVM,69,38,10.0,567.0,5670.0,2024-03-18
2024031801026689,CKHL,58,42,500.0,616.2,308100.0,2024-03-18
2024031801026688,MKHC,48,54,10.0,295.8,2958.0,2024-03-18
2024031801026687,SMJC,54,34,100.0,373.0,37300.0,2024-03-18
2024031801026686,NWCL,58,49,10.0,768.0,7680.0,2024-03-18
2024031801026685,NBLD85,57,55,25.0,903.0,22575.0,2024-03-18
2024031801026684,NICA,35,19,444.0,419.0,186036.0,2024-03-18
2024031801026683,NICA,35,58,256.0,419.0,107264.0,2024-03-18
2024031801026682,NIMB,34,1,10.0,167.0,1670.0,2024-03-18
2024031803011140,GMFIL,57,29,10.0,366.0,3660.0,2024-03-18
2024031804009497,BPCL,7,41,10.0,309.3,3093.0,2024-03-18
2024031801026681,HHL,52,57,30.0,338.0,10140.0,2024-03-18
2024031805004555,NIFRA,42,22,10.0,211.8,2118.0,2024-03-18
2024031801026680,SHIVM,42,38,30.0,567.0,17010.0,2024-03-18
2024031803011139,GFCL,42,58,290.0,465.0,134850.0,2024-03-18
2024031801026679,BGWT,65,58,10.0,602.0,6020.0,2024-03-18
2024031804009496,GHL,7,58,240.0,163.2,39168.0,2024-03-18
2024031801026678,NRM,13,46,10.0,400.1,4001.0,2024-03-18
2024031803011138,SDLBSL,59,35,89.0,667.0,59363.0,2024-03-18
2024031803011137,SDLBSL,46,35,10.0,673.0,6730.0,2024-03-18
2024031803011136,SJLIC,34,48,80.0,517.5,41400.0,2024-03-18
2024031804009495,UPPER,40,41,50.0,181.5,9075.0,2024-03-18
2024031804009494,UPPER,47,14,100.0,181.4,18140.0,2024-03-18
2024031801026677,TVCL,32,28,10.0,519.6,5196.0,2024-03-18
2024031801026676,TVCL,32,41,20.0,519.0,10380.0,2024-03-18
2024031803011135,ILBS,26,13,28.0,829.0,23212.0,2024-03-18
2024031803011134,ILBS,26,41,50.0,828.9,41445.0,2024-03-18
2024031803011133,ILBS,26,11,100.0,828.8,82880.0,2024-03-18
2024031803011132,ILBS,26,32,80.0,828.0,66240.0,2024-03-18
2024031803011131,ILBS,26,19,19.0,828.0,15732.0,2024-03-18
2024031803011130,ILBS,26,19,19.0,828.0,15732.0,2024-03-18
2024031803011129,ILBS,26,53,20.0,826.0,16520.0,2024-03-18
2024031803011128,ILBS,26,58,19.0,826.0,15694.0,2024-03-18
2024031803011127,ILBS,26,58,56.0,826.0,46256.0,2024-03-18
2024031803011126,ILBS,26,39,19.0,825.0,15675.0,2024-03-18
2024031803011125,ILBS,26,41,20.0,825.0,16500.0,2024-03-18
2024031803011124,ILBS,26,45,51.0,825.0,42075.0,2024-03-18
2024031803011123,ILBS,26,49,19.0,825.0,15675.0,2024-03-18
2024031803011122,MLBSL,29,40,18.0,1692.0,30456.0,2024-03-18
2024031803011121,GUFL,41,11,90.0,782.0,70380.0,2024-03-18
2024031801026675,GVL,42,5,50.0,441.7,22085.0,2024-03-18
2024031801026674,GVL,42,54,10.0,441.0,4410.0,2024-03-18
2024031801026673,GVL,42,42,10.0,441.0,4410.0,2024-03-18
2024031801026672,GVL,42,59,10.0,441.0,4410.0,2024-03-18
2024031801026671,GVL,42,58,10.0,441.0,4410.0,2024-03-18
2024031801026670,GVL,42,16,10.0,440.0,4400.0,2024-03-18
2024031804009493,NGPL,42,35,100.0,311.0,31100.0,2024-03-18
2024031804009492,GLH,16,34,280.0,226.5,63420.0,2024-03-18
2024031803011120,BFC,60,34,250.0,349.1,87275.0,2024-03-18
2024031801026669,MBL,34,52,98.0,183.9,18022.2,2024-03-18
2024031801026668,MBL,34,44,90.0,183.9,16551.0,2024-03-18
2024031801026667,DOLTI,43,33,100.0,387.6,38760.0,2024-03-18
2024031801026666,VLUCL,39,45,10.0,524.0,5240.0,2024-03-18
2024031804009491,MHNL,18,38,10.0,248.0,2480.0,2024-03-18
2024031803011119,MFIL,53,42,10.0,524.0,5240.0,2024-03-18
2024031803011118,MFIL,53,58,10.0,523.9,5239.0,2024-03-18
2024031803011117,MFIL,53,62,45.0,523.9,23575.5,2024-03-18
2024031803011116,MNBBL,50,49,23.0,363.2,8353.6,2024-03-18
2024031805004554,NRN,49,49,3310.0,557.1,1844001.0,2024-03-18
2024031805004553,NRN,42,49,180.0,558.0,100440.0,2024-03-18
2024031805004552,NRN,38,49,100.0,558.1,55810.0,2024-03-18
2024031805004551,NRN,66,49,500.0,559.0,279500.0,2024-03-18
2024031805004550,NRN,72,49,890.0,559.0,497510.0,2024-03-18
2024031805004549,NRN,52,49,20.0,559.0,11180.0,2024-03-18
2024031804009490,SGIC,58,55,100.0,545.0,54500.0,2024-03-18
2024031801026665,NMB,58,37,120.0,189.0,22680.0,2024-03-18
2024031804009489,IGI,88,26,25.0,549.0,13725.0,2024-03-18
2024031804009488,IGI,88,34,50.0,546.0,27300.0,2024-03-18
2024031801026664,GCIL,14,45,50.0,560.0,28000.0,2024-03-18
2024031801026663,GCIL,22,45,50.0,560.0,28000.0,2024-03-18
2024031801026662,GCIL,22,45,250.0,560.0,140000.0,2024-03-18
2024031801026661,GCIL,88,45,500.0,560.0,280000.0,2024-03-18
2024031801026660,GCIL,52,45,350.0,560.0,196000.0,2024-03-18
2024031801026659,GCIL,14,45,100.0,560.0,56000.0,2024-03-18
2024031801026658,GCIL,74,45,130.0,560.4,72852.0,2024-03-18
2024031805004548,NTC,47,32,50.0,870.0,43500.0,2024-03-18
2024031804009487,UPPER,47,53,1803.0,181.4,327064.2,2024-03-18
2024031804009486,UPPER,47,40,882.0,181.3,159906.6,2024-03-18
2024031801026657,CYCL,77,66,10.0,1399.1,13991.0,2024-03-18
2024031804009485,HURJA,1,32,15.0,299.7,4495.5,2024-03-18
2024031804009484,HURJA,1,32,35.0,297.0,10395.0,2024-03-18
2024031803011115,MFIL,55,53,320.0,518.1,165792.0,2024-03-18
2024031803011114,MFIL,58,53,100.0,520.0,52000.0,2024-03-18
2024031803011113,MFIL,11,53,10.0,520.0,5200.0,2024-03-18
2024031803011112,MFIL,20,53,30.0,520.0,15600.0,2024-03-18
2024031803011111,MFIL,62,53,20.0,520.1,10402.0,2024-03-18
2024031803011110,MFIL,57,53,25.0,521.0,13025.0,2024-03-18
2024031803011109,MFIL,53,53,15.0,523.8,7857.0,2024-03-18
2024031804009483,SSHL,8,49,284.0,168.3,47797.2,2024-03-18
2024031803011108,PROFL,38,6,129.0,320.0,41280.0,2024-03-18
2024031803011107,PROFL,20,6,50.0,320.0,16000.0,2024-03-18
2024031803011106,PROFL,51,6,100.0,320.0,32000.0,2024-03-18
2024031803011105,PROFL,21,6,400.0,320.2,128080.0,2024-03-18
2024031803011104,PROFL,62,6,100.0,320.3,32030.0,2024-03-18
2024031803011103,PROFL,41,6,100.0,320.3,32030.0,2024-03-18
2024031803011102,PROFL,20,6,18.0,322.0,5796.0,2024-03-18
2024031801026656,SONA,29,48,450.0,521.3,234585.0,2024-03-18
2024031801026655,SONA,47,48,100.0,522.0,52200.0,2024-03-18
2024031803011101,KMCDB,62,49,50.0,788.9,39445.0,2024-03-18
2024031804009482,UPPER,45,40,122.0,181.3,22118.6,2024-03-18
2024031804009481,RIDI,56,45,71.0,188.2,13362.2,2024-03-18
2024031803011100,GFCL,42,42,200.0,465.0,93000.0,2024-03-18
2024031803011099,ALBSL,49,35,10.0,696.6,6966.0,2024-03-18
2024031803011098,ALBSL,49,58,10.0,687.0,6870.0,2024-03-18
2024031801026654,ULHC,38,38,10.0,325.0,3250.0,2024-03-18
2024031804009480,KPCL,56,4,13.0,406.2,5280.6,2024-03-18
2024031803011097,ICFC,58,4,20.0,505.0,10100.0,2024-03-18
2024031803011096,ICFC,50,4,100.0,505.0,50500.0,2024-03-18
2024031803011095,ICFC,45,4,100.0,505.1,50510.0,2024-03-18
2024031803011094,ICFC,50,4,75.0,505.9,37942.5,2024-03-18
2024031801026653,MHCL,61,34,360.0,455.5,163980.0,2024-03-18
2024031801026652,MHCL,58,34,240.0,455.8,109392.0,2024-03-18
2024031804009479,CHL,14,13,63.0,294.2,18534.6,2024-03-18
2024031804009478,GHL,7,38,200.0,163.2,32640.0,2024-03-18
2024031801026651,CKHL,58,26,330.0,616.2,203346.0,2024-03-18
2024031801026650,CKHL,58,26,100.0,617.0,61700.0,2024-03-18
2024031801026649,CKHL,28,26,40.0,617.0,24680.0,2024-03-18
2024031801026648,CKHL,28,26,30.0,617.1,18513.0,2024-03-18
2024031805004547,NIFRA,35,42,300.0,211.5,63450.0,2024-03-18
2024031801026647,SHIVM,29,59,14.0,566.5,7931.0,2024-03-18
2024031801026646,SHIVM,42,59,229.0,566.6,129751.4,2024-03-18
2024031801026645,SHIVM,25,59,100.0,566.7,56670.0,2024-03-18
2024031801026644,SHIVM,32,59,100.0,567.0,56700.0,2024-03-18
2024031801026643,SHIVM,81,59,307.0,567.0,174069.0,2024-03-18
2024031804009477,MEN,6,45,300.0,553.0,165900.0,2024-03-18
2024031803011093,CFCL,52,16,100.0,345.0,34500.0,2024-03-18
2024031801026642,SAHAS,51,36,200.0,532.0,106400.0,2024-03-18
2024031803011092,SJLIC,34,36,95.0,517.0,49115.0,2024-03-18
2024031804009476,SICL,34,36,100.0,716.0,71600.0,2024-03-18
2024031801026641,DORDI,32,34,22.0,423.0,9306.0,2024-03-18
2024031803011091,GUFL,34,41,10.0,784.0,7840.0,2024-03-18
2024031803011090,WNLB,88,58,10.0,1040.0,10400.0,2024-03-18
2024031801026640,SHIVM,62,71,170.0,567.9,96543.0,2024-03-18
2024031801026639,SHIVM,62,17,20.0,567.9,11358.0,2024-03-18
2024031801026638,SHIVM,62,81,310.0,567.9,176049.0,2024-03-18
2024031801026637,CLI,17,57,182.0,462.0,84084.0,2024-03-18
2024031801026636,CLI,39,57,30.0,462.0,13860.0,2024-03-18
2024031801026635,CLI,41,57,18.0,462.0,8316.0,2024-03-18
2024031801026634,CLI,45,57,270.0,462.2,124794.0,2024-03-18
2024031804009475,UPPER,57,7,290.0,181.2,52548.0,2024-03-18
2024031804009474,UPPER,6,7,200.0,181.2,36240.0,2024-03-18
2024031804009473,UPPER,49,7,10.0,181.2,1812.0,2024-03-18
2024031804009472,UPPER,1,40,200.0,181.3,36260.0,2024-03-18
2024031803011089,USLB,55,55,124.0,1657.0,205468.0,2024-03-18
2024031803011088,USLB,55,42,10.0,1657.0,16570.0,2024-03-18
2024031803011087,USLB,55,5,100.0,1655.0,165500.0,2024-03-18
2024031803011086,USLB,55,67,10.0,1654.0,16540.0,2024-03-18
2024031803011085,USLB,55,57,10.0,1652.4,16524.0,2024-03-18
2024031803011084,USLB,55,29,66.0,1650.0,108900.0,2024-03-18
2024031803011083,USLB,55,7,10.0,1650.0,16500.0,2024-03-18
2024031803011082,USLB,55,67,10.0,1648.0,16480.0,2024-03-18
2024031803011081,USLB,55,57,10.0,1646.2,16462.0,2024-03-18
2024031803011080,USLB,55,6,10.0,1646.2,16462.0,2024-03-18
2024031803011079,USLB,55,67,30.0,1646.0,49380.0,2024-03-18
2024031803011078,USLB,55,47,60.0,1646.0,98760.0,2024-03-18
2024031803011077,USLB,55,7,50.0,1646.0,82300.0,2024-03-18
2024031803011076,USLB,55,49,20.0,1642.2,32844.0,2024-03-18
2024031803011075,USLB,55,21,10.0,1642.0,16420.0,2024-03-18
2024031803011074,USLB,55,38,34.0,1642.0,55828.0,2024-03-18
2024031803011073,USLB,55,58,20.0,1642.0,32840.0,2024-03-18
2024031803011072,USLB,55,62,10.0,1640.0,16400.0,2024-03-18
2024031803011071,USLB,55,40,18.0,1640.0,29520.0,2024-03-18
2024031803011070,USLB,55,38,32.0,1632.0,52224.0,2024-03-18
2024031803011069,USLB,55,35,10.0,1632.0,16320.0,2024-03-18
2024031803011068,USLB,55,47,100.0,1632.0,163200.0,2024-03-18
2024031803011067,USLB,55,7,50.0,1632.0,81600.0,2024-03-18
2024031803011066,USLB,55,32,92.0,1632.0,150144.0,2024-03-18
2024031803011065,USLB,55,58,20.0,1632.0,32640.0,2024-03-18
2024031803011064,USLB,55,62,100.0,1632.0,163200.0,2024-03-18
2024031803011063,USLB,55,67,20.0,1632.0,32640.0,2024-03-18
2024031803011062,USLB,55,58,10.0,1632.0,16320.0,2024-03-18
2024031803011061,USLB,55,38,10.0,1632.0,16320.0,2024-03-18
2024031803011060,USLB,55,58,10.0,1632.0,16320.0,2024-03-18
2024031803011059,USLB,55,41,100.0,1632.0,163200.0,2024-03-18
2024031803011058,USLB,55,4,24.0,1631.9,39165.6,2024-03-18
2024031803011057,USLB,55,7,50.0,1631.0,81550.0,2024-03-18
2024031803011056,USLB,55,33,10.0,1630.0,16300.0,2024-03-18
2024031803011055,USLB,55,5,50.0,1630.0,81500.0,2024-03-18
2024031803011054,USLB,55,52,10.0,1630.0,16300.0,2024-03-18
2024031803011053,USLB,55,4,10.0,1628.0,16280.0,2024-03-18
2024031803011052,USLB,55,7,17.0,1626.9,27657.3,2024-03-18
2024031803011051,USLB,55,51,156.0,1624.0,253344.0,2024-03-18
2024031804009471,GHL,59,38,200.0,163.2,32640.0,2024-03-18
2024031801026633,VLUCL,39,36,10.0,524.0,5240.0,2024-03-18
2024031804009470,UMHL,33,35,30.0,258.2,7746.0,2024-03-18
2024031804009469,UMHL,41,35,70.0,258.5,18095.0,2024-03-18
2024031804009468,SPDL,48,72,300.0,251.0,75300.0,2024-03-18
2024031804009467,SPDL,48,85,500.0,251.0,125500.0,2024-03-18
2024031803011050,MPFL,63,48,450.0,379.0,170550.0,2024-03-18
2024031804009466,GHL,85,4,500.0,163.1,81550.0,2024-03-18
2024031801026632,HATHY,17,4,22.0,886.0,19492.0,2024-03-18
2024031803011049,NICLBSL,43,33,73.0,590.0,43070.0,2024-03-18
2024031803011048,NICLBSL,43,13,10.0,590.0,5900.0,2024-03-18
2024031803011047,NICLBSL,43,13,10.0,590.0,5900.0,2024-03-18
2024031801026631,TAMOR,62,41,10.0,388.0,3880.0,2024-03-18
2024031801026630,TAMOR,62,49,10.0,388.0,3880.0,2024-03-18
2024031801026629,TAMOR,62,52,10.0,388.0,3880.0,2024-03-18
2024031801026628,TAMOR,62,41,10.0,388.0,3880.0,2024-03-18
2024031801026627,TAMOR,62,26,10.0,388.0,3880.0,2024-03-18
2024031801026626,TAMOR,62,49,10.0,388.0,3880.0,2024-03-18
2024031801026625,TAMOR,62,13,50.0,388.0,19400.0,2024-03-18
2024031801026624,TAMOR,62,38,10.0,388.0,3880.0,2024-03-18
2024031801026623,TAMOR,62,42,10.0,388.0,3880.0,2024-03-18
2024031801026622,TAMOR,62,75,53.0,388.0,20564.0,2024-03-18
2024031801026621,TAMOR,62,38,430.0,387.9,166797.0,2024-03-18
2024031801026620,SPL,57,34,10.0,669.0,6690.0,2024-03-18
2024031803011046,SJLIC,34,72,21.0,517.0,10857.0,2024-03-18
2024031803011045,SJLIC,18,72,100.0,517.1,51710.0,2024-03-18
2024031803011044,SJLIC,45,72,159.0,517.2,82234.8,2024-03-18
2024031803011043,HLI,22,85,182.0,418.0,76076.0,2024-03-18
2024031803011042,HLI,22,57,80.0,418.0,33440.0,2024-03-18
2024031803011041,HLI,22,16,10.0,418.0,4180.0,2024-03-18
2024031803011040,HLI,22,25,100.0,418.0,41800.0,2024-03-18
2024031803011039,HLI,22,19,122.0,418.0,50996.0,2024-03-18
2024031803011038,HLI,22,34,506.0,417.2,211103.2,2024-03-18
2024031804009465,CHCL,22,43,10.0,469.0,4690.0,2024-03-18
2024031801026619,HHL,45,38,460.0,338.8,155848.0,2024-03-18
2024031801026618,HHL,45,36,40.0,338.0,13520.0,2024-03-18
2024031803011037,RLFL,80,43,10.0,373.8,3738.0,2024-03-18
2024031803011036,RLFL,80,49,27.0,370.0,9990.0,2024-03-18
2024031805004546,HRL,21,42,10.0,621.1,6211.0,2024-03-18
2024031803011035,KSBBL,44,65,10.0,366.9,3669.0,2024-03-18
2024031803011034,KSBBL,44,34,32.0,366.1,11715.2,2024-03-18
2024031801026617,MKHL,58,35,100.0,385.0,38500.0,2024-03-18
2024031801026616,NBL,51,10,131.0,222.0,29082.0,2024-03-18
2024031801026615,MHCL,51,71,320.0,456.0,145920.0,2024-03-18
2024031804009464,API,43,52,50.0,187.0,9350.0,2024-03-18
2024031803011033,SHINE,14,57,57.0,378.0,21546.0,2024-03-18
2024031803011032,SHINE,74,57,500.0,378.1,189050.0,2024-03-18
2024031803011031,SHINE,67,57,1500.0,378.1,567150.0,2024-03-18
2024031803011030,SHINE,55,57,100.0,378.2,37820.0,2024-03-18
2024031803011029,SHINE,26,57,27.0,378.3,10214.1,2024-03-18
2024031803011028,SHINE,41,57,70.0,378.5,26495.0,2024-03-18
2024031803011027,SHINE,41,57,20.0,378.5,7570.0,2024-03-18
2024031803011026,SHINE,35,57,99.0,378.6,37481.4,2024-03-18
2024031803011025,SHINE,58,57,20.0,378.6,7572.0,2024-03-18
2024031803011024,SHINE,38,57,100.0,378.7,37870.0,2024-03-18
2024031803011023,SHINE,51,57,285.0,379.0,108015.0,2024-03-18
2024031801026614,BHDC,58,57,100.0,475.0,47500.0,2024-03-18
2024031804009463,RBCL,35,38,10.0,13903.1,139031.0,2024-03-18
2024031801026613,MHCL,51,77,100.0,456.0,45600.0,2024-03-18
2024031801026612,SHIVM,62,81,500.0,567.9,283950.0,2024-03-18
2024031803011022,SIFC,47,45,160.0,371.0,59360.0,2024-03-18
2024031803011021,SIFC,53,45,40.0,371.0,14840.0,2024-03-18
2024031804009462,NLG,29,29,150.0,794.5,119175.0,2024-03-18
2024031804009461,HDHPC,19,44,10.0,141.9,1419.0,2024-03-18
2024031801026611,MHCL,51,54,10.0,456.0,4560.0,2024-03-18
2024031801026610,DORDI,32,6,10.0,423.0,4230.0,2024-03-18
2024031801026609,NMB,36,37,100.0,189.0,18900.0,2024-03-18
2024031801026608,NIMB,37,16,100.0,166.9,16690.0,2024-03-18
2024031804009460,CHCL,17,32,200.0,469.0,93800.0,2024-03-18
2024031801026607,NBL,20,10,200.0,222.0,44400.0,2024-03-18
2024031801026606,NBL,58,10,100.0,222.0,22200.0,2024-03-18
2024031801026605,NBL,36,10,100.0,222.0,22200.0,2024-03-18
2024031801026604,NBL,5,10,100.0,222.0,22200.0,2024-03-18
2024031801026603,NBL,50,10,200.0,222.0,44400.0,2024-03-18
2024031801026602,NBL,36,10,20.0,222.0,4440.0,2024-03-18
2024031801026601,NBL,55,10,20.0,222.0,4440.0,2024-03-18
2024031801026600,NBL,57,10,10.0,222.0,2220.0,2024-03-18
2024031801026599,NBL,42,10,20.0,222.0,4440.0,2024-03-18
2024031801026598,NBL,42,10,15.0,222.0,3330.0,2024-03-18
2024031801026597,NBL,51,10,135.0,222.0,29970.0,2024-03-18
2024031801026596,NBL,36,10,49.0,222.0,10878.0,2024-03-18
2024031801026595,SPHL,45,35,10.0,470.0,4700.0,2024-03-18
2024031801026594,SPHL,45,51,10.0,470.0,4700.0,2024-03-18
2024031801026593,SHIVM,69,81,10.0,567.9,5679.0,2024-03-18
2024031801026592,MSHL,32,62,50.0,675.0,33750.0,2024-03-18
2024031801026591,MSHL,32,32,10.0,675.0,6750.0,2024-03-18
2024031801026590,MSHL,32,64,400.0,675.0,270000.0,2024-03-18
2024031801026589,MSHL,32,57,10.0,675.0,6750.0,2024-03-18
2024031803011020,SJLIC,45,50,341.0,517.2,176365.2,2024-03-18
2024031803011019,GLBSL,42,40,10.0,1324.0,13240.0,2024-03-18
2024031803011018,NLICL,49,4,50.0,569.0,28450.0,2024-03-18
2024031804009459,HDHPC,59,44,50.0,141.9,7095.0,2024-03-18
2024031804009458,UPPER,55,40,60.0,181.3,10878.0,2024-03-18
2024031804009457,UPCL,6,57,10.0,216.0,2160.0,2024-03-18
2024031804009456,UPPER,17,40,500.0,181.3,90650.0,2024-03-18
2024031804009455,AKPL,94,41,831.0,186.4,154898.4,2024-03-18
2024031804009454,AKPL,94,26,173.0,186.3,32229.9,2024-03-18
2024031804009453,AKPL,94,58,558.0,186.0,103788.0,2024-03-18
2024031804009452,AKPL,94,55,500.0,186.0,93000.0,2024-03-18
2024031804009451,AKPL,94,34,228.0,186.0,42408.0,2024-03-18
2024031804009450,AKPL,94,32,100.0,186.0,18600.0,2024-03-18
2024031804009449,AKPL,94,26,240.0,186.0,44640.0,2024-03-18
2024031804009448,AKPL,94,50,1000.0,185.9,185900.0,2024-03-18
2024031804009447,AKPL,94,56,370.0,185.9,68783.0,2024-03-18
2024031801026588,SHIVM,69,81,10.0,567.9,5679.0,2024-03-18
2024031804009446,UPPER,8,40,100.0,181.3,18130.0,2024-03-18
2024031805004545,NRN,52,29,80.0,559.0,44720.0,2024-03-18
2024031805004544,NRN,22,29,70.0,559.0,39130.0,2024-03-18
2024031805004543,NRN,33,29,850.0,559.2,475320.0,2024-03-18
2024031803011017,USLB,55,29,10.0,1620.0,16200.0,2024-03-18
2024031804009445,UPCL,5,57,250.0,216.0,54000.0,2024-03-18
2024031804009444,UPCL,45,57,1634.0,216.1,353107.4,2024-03-18
2024031801026587,LSL,66,36,2500.0,166.9,417250.0,2024-03-18
2024031801026586,HATHY,57,7,283.0,885.0,250455.0,2024-03-18
2024031801026585,HATHY,48,7,198.0,885.0,175230.0,2024-03-18
2024031801026584,HATHY,35,7,50.0,885.0,44250.0,2024-03-18
2024031801026583,HATHY,57,7,40.0,885.0,35400.0,2024-03-18
2024031801026582,HATHY,17,7,20.0,885.0,17700.0,2024-03-18
2024031801026581,HATHY,34,7,10.0,885.0,8850.0,2024-03-18
2024031801026580,HATHY,58,7,100.0,885.1,88510.0,2024-03-18
2024031801026579,HATHY,39,7,100.0,885.1,88510.0,2024-03-18
2024031801026578,HATHY,33,7,1000.0,885.3,885300.0,2024-03-18
2024031801026577,HATHY,7,7,60.0,885.5,53130.0,2024-03-18
2024031801026576,HATHY,54,7,10.0,886.0,8860.0,2024-03-18
2024031801026575,HATHY,32,7,35.0,886.0,31010.0,2024-03-18
2024031801026574,HATHY,5,7,94.0,886.0,83284.0,2024-03-18
2024031801026573,VLUCL,39,37,10.0,524.0,5240.0,2024-03-18
2024031801026572,MKHL,58,58,10.0,384.9,3849.0,2024-03-18
2024031804009443,HDHPC,35,34,1482.0,141.1,209110.2,2024-03-18
2024031804009442,HDHPC,10,34,300.0,141.1,42330.0,2024-03-18
2024031804009441,HDHPC,17,34,50.0,141.1,7055.0,2024-03-18
2024031804009440,HDHPC,58,34,2000.0,141.2,282400.0,2024-03-18
2024031804009439,HDHPC,58,34,100.0,141.2,14120.0,2024-03-18
2024031804009438,HDHPC,21,34,100.0,141.2,14120.0,2024-03-18
2024031804009437,HDHPC,45,34,55.0,141.2,7766.0,2024-03-18
2024031804009436,HDHPC,35,34,1700.0,141.3,240210.0,2024-03-18
2024031804009435,HDHPC,25,34,213.0,141.4,30118.2,2024-03-18
2024031801026571,SHIVM,22,81,170.0,567.9,96543.0,2024-03-18
2024031803011016,GFCL,42,86,560.0,465.0,260400.0,2024-03-18
2024031804009434,CGH,45,35,40.0,834.0,33360.0,2024-03-18
2024031803011015,SJLIC,52,48,57.0,517.5,29497.5,2024-03-18
2024031803011014,RSDC,35,32,30.0,575.0,17250.0,2024-03-18
2024031804009433,UMRH,26,45,171.0,360.0,61560.0,2024-03-18
2024031805004542,NRN,33,59,500.0,559.2,279600.0,2024-03-18
2024031801026570,TSHL,19,55,295.0,489.0,144255.0,2024-03-18
2024031801026569,TSHL,56,55,60.0,490.0,29400.0,2024-03-18
2024031801026568,TSHL,58,55,145.0,490.0,71050.0,2024-03-18
2024031801026567,RAWA,21,38,10.0,470.5,4705.0,2024-03-18
2024031803011013,RSDC,35,38,43.0,575.0,24725.0,2024-03-18
2024031803011012,KMCDB,5,56,11.0,789.0,8679.0,2024-03-18
2024031804009432,PPCL,52,63,20.0,257.0,5140.0,2024-03-18
2024031801026566,CYCL,62,66,30.0,1397.0,41910.0,2024-03-18
2024031801026565,DLBS,49,32,50.0,1064.9,53245.0,2024-03-18
2024031801026564,ULHC,1,41,390.0,330.0,128700.0,2024-03-18
2024031801026563,ULHC,1,14,10.0,330.0,3300.0,2024-03-18
2024031801026562,ULHC,1,58,10.0,330.0,3300.0,2024-03-18
2024031801026561,ULHC,1,49,10.0,330.0,3300.0,2024-03-18
