transaction,symbol,buyer,seller,quantity,rate,amount,date
2024051403016978,SDLBSL,42,44,100.0,972.0,97200.0,2024-05-14
2024051401026497,SBI,44,16,10.0,281.6,2816.0,2024-05-14
2024051401026496,RNLI,38,45,11.0,432.4,4756.4,2024-05-14
2024051401026495,SBI,38,45,10.0,281.5,2815.0,2024-05-14
2024051403016977,HLBSL,49,22,19.0,949.0,18031.0,2024-05-14
2024051401026494,NRM,38,45,10.0,359.9,3599.0,2024-05-14
2024051401026493,NRM,38,49,10.0,359.8,3598.0,2024-05-14
2024051401026492,NRM,38,38,20.0,359.6,7192.0,2024-05-14
2024051401026491,NRM,38,49,10.0,359.0,3590.0,2024-05-14
2024051401026490,NRM,38,41,10.0,359.0,3590.0,2024-05-14
2024051401026489,RNLI,66,45,10.0,435.0,4350.0,2024-05-14
2024051401026488,SBL,50,43,68.0,229.2,15585.6,2024-05-14
2024051401026487,SBL,50,45,57.0,229.1,13058.7,2024-05-14
2024051403016976,SAPDBL,38,4,250.0,331.0,82750.0,2024-05-14
2024051403016975,SAPDBL,38,50,100.0,331.0,33100.0,2024-05-14
2024051401026486,NBL,38,35,442.0,204.0,90168.0,2024-05-14
2024051403016974,NFS,8,19,20.0,535.0,10700.0,2024-05-14
2024051401026485,PPL,58,28,100.0,560.0,56000.0,2024-05-14
2024051403016973,SHINE,58,45,752.0,412.0,309824.0,2024-05-14
2024051403016972,SHINE,58,64,900.0,412.0,370800.0,2024-05-14
2024051403016971,SHINE,58,14,10.0,412.0,4120.0,2024-05-14
2024051403016970,SHINE,58,13,46.0,412.0,18952.0,2024-05-14
2024051403016969,SHINE,58,57,100.0,412.0,41200.0,2024-05-14
2024051403016968,SHINE,58,42,500.0,412.0,206000.0,2024-05-14
2024051403016967,SHINE,58,49,100.0,412.0,41200.0,2024-05-14
2024051403016966,SHINE,58,58,100.0,412.0,41200.0,2024-05-14
2024051403016965,SHINE,58,47,300.0,412.0,123600.0,2024-05-14
2024051403016964,SHINE,58,50,619.0,410.0,253790.0,2024-05-14
2024051403016963,SHINE,58,41,100.0,410.0,41000.0,2024-05-14
2024051403016962,SHINE,58,37,402.0,410.0,164820.0,2024-05-14
2024051403016961,SHINE,58,21,200.0,409.0,81800.0,2024-05-14
2024051403016960,SHINE,58,26,500.0,409.0,204500.0,2024-05-14
2024051403016959,SHINE,58,26,150.0,409.0,61350.0,2024-05-14
2024051403016958,SHINE,58,28,445.0,409.0,182005.0,2024-05-14
2024051403016957,SHINE,58,65,9000.0,409.0,3681000.0,2024-05-14
2024051403016956,SHINE,58,63,100.0,409.0,40900.0,2024-05-14
2024051403016955,SHINE,58,50,331.0,409.0,135379.0,2024-05-14
2024051403016954,SHINE,58,63,500.0,409.0,204500.0,2024-05-14
2024051403016953,SHINE,58,26,100.0,409.0,40900.0,2024-05-14
2024051403016952,SHINE,58,34,989.0,409.0,404501.0,2024-05-14
2024051403016951,SHINE,58,53,17.0,409.0,6953.0,2024-05-14
2024051403016950,SHINE,58,34,200.0,409.0,81800.0,2024-05-14
2024051403016949,SHINE,58,6,23.0,409.0,9407.0,2024-05-14
2024051403016948,SHINE,58,45,500.0,409.0,204500.0,2024-05-14
2024051403016947,SHINE,58,42,50.0,409.0,20450.0,2024-05-14
2024051403016946,SHINE,58,82,1000.0,409.0,409000.0,2024-05-14
2024051403016945,SHINE,58,59,100.0,409.0,40900.0,2024-05-14
2024051403016944,SHINE,58,50,574.0,409.0,234766.0,2024-05-14
2024051403016943,SHINE,58,13,238.0,409.0,97342.0,2024-05-14
2024051403016942,SHINE,58,59,50.0,409.0,20450.0,2024-05-14
2024051403016941,SHINE,58,33,58.0,409.0,23722.0,2024-05-14
2024051403016940,SHINE,58,49,500.0,409.0,204500.0,2024-05-14
2024051403016939,SHINE,58,22,50.0,409.0,20450.0,2024-05-14
2024051403016938,SHINE,58,25,50.0,409.0,20450.0,2024-05-14
2024051403016937,SHINE,58,41,300.0,409.0,122700.0,2024-05-14
2024051403016936,SHINE,58,51,500.0,409.0,204500.0,2024-05-14
2024051403016935,SHINE,58,88,2000.0,409.0,818000.0,2024-05-14
2024051403016934,SHINE,58,42,100.0,409.0,40900.0,2024-05-14
2024051403016933,SHINE,58,34,500.0,409.0,204500.0,2024-05-14
2024051403016932,SHINE,58,58,1000.0,409.0,409000.0,2024-05-14
2024051403016931,SHINE,58,33,25.0,409.0,10225.0,2024-05-14
2024051403016930,SHINE,58,42,500.0,408.9,204450.0,2024-05-14
2024051403016929,SHINE,58,60,1000.0,408.9,408900.0,2024-05-14
2024051403016928,SHINE,58,49,250.0,408.2,102050.0,2024-05-14
2024051403016927,SHINE,58,42,200.0,408.0,81600.0,2024-05-14
2024051403016926,SHINE,58,26,220.0,408.0,89760.0,2024-05-14
2024051403016925,SHINE,58,19,200.0,408.0,81600.0,2024-05-14
2024051403016924,SHINE,58,14,7421.0,408.0,3027768.0,2024-05-14
2024051403016923,SHINE,58,42,798.0,408.0,325584.0,2024-05-14
2024051403016922,SHINE,58,57,100.0,408.0,40800.0,2024-05-14
2024051403016921,SHINE,58,95,500.0,408.0,204000.0,2024-05-14
2024051403016920,SHINE,58,57,1000.0,408.0,408000.0,2024-05-14
2024051403016919,SHINE,58,42,420.0,408.0,171360.0,2024-05-14
2024051403016918,SHINE,58,51,100.0,408.0,40800.0,2024-05-14
2024051403016917,SHINE,58,29,125.0,408.0,51000.0,2024-05-14
2024051403016916,SHINE,58,55,20.0,407.0,8140.0,2024-05-14
2024051403016915,SHINE,58,26,100.0,406.9,40690.0,2024-05-14
2024051403016914,SHINE,58,52,500.0,406.0,203000.0,2024-05-14
2024051403016913,SHINE,58,74,500.0,406.0,203000.0,2024-05-14
2024051403016912,SHINE,58,44,603.0,405.9,244757.7,2024-05-14
2024051403016911,SHINE,58,55,92.0,405.0,37260.0,2024-05-14
2024051403016910,SHINE,58,34,200.0,405.0,81000.0,2024-05-14
2024051403016909,SHINE,58,52,400.0,405.0,162000.0,2024-05-14
2024051403016908,SHINE,58,26,30.0,405.0,12150.0,2024-05-14
2024051403016907,SHINE,58,57,3325.0,405.0,1346625.0,2024-05-14
2024051403016906,SHINE,58,45,277.0,405.0,112185.0,2024-05-14
2024051403016905,SHINE,58,57,100.0,405.0,40500.0,2024-05-14
2024051403016904,SHINE,58,74,50.0,405.0,20250.0,2024-05-14
2024051403016903,SHINE,58,16,673.0,405.0,272565.0,2024-05-14
2024051403016902,SHINE,58,6,58.0,405.0,23490.0,2024-05-14
2024051403016901,SHINE,58,57,193.0,405.0,78165.0,2024-05-14
2024051403016900,SHINE,58,58,73.0,405.0,29565.0,2024-05-14
2024051403016899,SHINE,58,55,10.0,405.0,4050.0,2024-05-14
2024051403016898,SHINE,58,34,47.0,405.0,19035.0,2024-05-14
2024051403016897,SHINE,58,59,200.0,405.0,81000.0,2024-05-14
2024051403016896,SHINE,58,57,3000.0,405.0,1215000.0,2024-05-14
2024051403016895,SHINE,58,41,150.0,405.0,60750.0,2024-05-14
2024051403016894,SHINE,58,90,500.0,405.0,202500.0,2024-05-14
2024051403016893,SHINE,58,6,1000.0,405.0,405000.0,2024-05-14
2024051403016892,SHINE,58,57,186.0,405.0,75330.0,2024-05-14
2024051403016891,SHINE,58,16,300.0,404.0,121200.0,2024-05-14
2024051403016890,SHINE,58,4,500.0,402.0,201000.0,2024-05-14
2024051404012075,UMRH,58,58,10.0,355.0,3550.0,2024-05-14
2024051401026484,PPL,58,28,200.0,560.0,112000.0,2024-05-14
2024051401026483,PPL,58,28,10.0,560.0,5600.0,2024-05-14
2024051401026482,SNLI,55,49,10.0,462.2,4622.0,2024-05-14
2024051401026481,PPL,69,28,10.0,560.0,5600.0,2024-05-14
2024051404012074,HEI,16,58,10.0,613.0,6130.0,2024-05-14
2024051401026480,MKHC,16,58,10.0,315.9,3159.0,2024-05-14
2024051401026479,SMHL,39,49,10.0,442.2,4422.0,2024-05-14
2024051401026478,PPL,48,28,10.0,560.0,5600.0,2024-05-14
2024051403016889,MERO,47,19,30.0,693.0,20790.0,2024-05-14
2024051403016888,MERO,47,28,99.0,692.0,68508.0,2024-05-14
2024051401026477,PPL,25,28,10.0,560.0,5600.0,2024-05-14
2024051401026476,SCB,28,26,44.0,544.0,23936.0,2024-05-14
2024051401026475,SCB,28,41,23.0,544.0,12512.0,2024-05-14
2024051401026474,SCB,28,72,13.0,543.5,7065.5,2024-05-14
2024051401026473,SCB,28,29,180.0,543.0,97740.0,2024-05-14
2024051401026472,SCB,28,56,240.0,541.0,129840.0,2024-05-14
2024051403016887,KMCDB,28,44,10.0,960.0,9600.0,2024-05-14
2024051403016886,KMCDB,28,22,40.0,959.9,38396.0,2024-05-14
2024051403016885,MERO,1,28,100.0,692.0,69200.0,2024-05-14
2024051403016884,MERO,29,28,181.0,692.0,125252.0,2024-05-14
2024051403016883,GUFL,22,1,200.0,714.5,142900.0,2024-05-14
2024051401026471,PPL,35,28,11.0,560.0,6160.0,2024-05-14
2024051401026470,BHPL,35,53,100.0,568.9,56890.0,2024-05-14
2024051403016882,GILB,62,52,70.0,1175.0,82250.0,2024-05-14
2024051403016881,ALBSL,48,36,100.0,899.0,89900.0,2024-05-14
2024051403016880,NADEP,19,58,10.0,789.8,7898.0,2024-05-14
2024051403016879,NADEP,19,14,50.0,786.0,39300.0,2024-05-14
2024051403016878,RLFL,42,32,10.0,393.0,3930.0,2024-05-14
2024051405004306,NRN,50,94,55.0,505.5,27802.5,2024-05-14
2024051405004305,NRN,77,94,155.0,506.0,78430.0,2024-05-14
2024051401026469,SHLB,7,17,10.0,1560.0,15600.0,2024-05-14
2024051405004304,NRN,6,94,40.0,506.1,20244.0,2024-05-14
2024051401026468,PPL,17,28,11.0,560.0,6160.0,2024-05-14
2024051401026467,HBL,17,47,10.0,180.0,1800.0,2024-05-14
2024051403016877,ILBS,67,62,90.0,1365.0,122850.0,2024-05-14
2024051403016876,ILBS,67,57,10.0,1365.0,13650.0,2024-05-14
2024051403016875,NFS,41,22,1000.0,534.9,534900.0,2024-05-14
2024051401026466,MANDU,65,65,102.0,966.7,98603.4,2024-05-14
2024051401026465,MANDU,65,44,10.0,966.7,9667.0,2024-05-14
2024051401026464,MANDU,65,21,10.0,966.0,9660.0,2024-05-14
2024051401026463,MANDU,65,4,800.0,950.0,760000.0,2024-05-14
2024051401026462,MANDU,65,57,10.0,948.6,9486.0,2024-05-14
2024051401026461,MANDU,65,65,100.0,948.0,94800.0,2024-05-14
2024051401026460,MANDU,65,58,10.0,948.0,9480.0,2024-05-14
2024051401026459,MANDU,65,54,300.0,948.0,284400.0,2024-05-14
2024051401026458,MANDU,65,35,10.0,940.0,9400.0,2024-05-14
2024051401026457,MANDU,65,62,80.0,930.0,74400.0,2024-05-14
2024051401026456,MANDU,65,38,167.0,924.1,154324.7,2024-05-14
2024051401026455,MANDU,65,8,250.0,924.1,231025.0,2024-05-14
2024051401026454,MANDU,65,38,10.0,924.1,9241.0,2024-05-14
2024051401026453,MANDU,65,65,10.0,924.1,9241.0,2024-05-14
2024051401026452,MANDU,65,41,10.0,924.1,9241.0,2024-05-14
2024051401026451,MANDU,65,57,10.0,924.1,9241.0,2024-05-14
2024051401026450,MANDU,65,61,140.0,924.1,129374.0,2024-05-14
2024051401026449,MANDU,65,49,20.0,924.1,18482.0,2024-05-14
2024051401026448,MANDU,65,55,200.0,924.1,184820.0,2024-05-14
2024051401026447,MANDU,65,36,30.0,924.1,27723.0,2024-05-14
2024051401026446,MANDU,65,58,10.0,924.1,9241.0,2024-05-14
2024051401026445,MANDU,65,21,10.0,924.1,9241.0,2024-05-14
2024051401026444,MANDU,65,55,48.0,924.1,44356.8,2024-05-14
2024051401026443,MANDU,65,49,10.0,924.0,9240.0,2024-05-14
2024051401026442,MANDU,65,42,300.0,924.0,277200.0,2024-05-14
2024051401026441,MANDU,65,45,200.0,924.0,184800.0,2024-05-14
2024051401026440,MANDU,65,26,150.0,924.0,138600.0,2024-05-14
2024051401026439,MANDU,65,16,10.0,924.0,9240.0,2024-05-14
2024051401026438,MANDU,65,58,10.0,924.0,9240.0,2024-05-14
2024051401026437,MANDU,65,41,10.0,924.0,9240.0,2024-05-14
2024051401026436,MANDU,65,49,10.0,924.0,9240.0,2024-05-14
2024051401026435,MANDU,65,48,50.0,924.0,46200.0,2024-05-14
2024051401026434,MANDU,65,58,10.0,924.0,9240.0,2024-05-14
2024051401026433,MANDU,65,43,300.0,924.0,277200.0,2024-05-14
2024051401026432,MANDU,65,58,10.0,924.0,9240.0,2024-05-14
2024051401026431,MANDU,65,47,10.0,924.0,9240.0,2024-05-14
2024051401026430,MANDU,65,57,10.0,924.0,9240.0,2024-05-14
2024051401026429,MANDU,65,59,10.0,924.0,9240.0,2024-05-14
2024051401026428,MANDU,65,57,10.0,924.0,9240.0,2024-05-14
2024051401026427,MANDU,65,1,100.0,924.0,92400.0,2024-05-14
2024051401026426,MANDU,65,1,100.0,924.0,92400.0,2024-05-14
2024051401026425,MANDU,65,19,10.0,924.0,9240.0,2024-05-14
2024051401026424,MANDU,65,52,10.0,924.0,9240.0,2024-05-14
2024051401026423,MANDU,65,11,11.0,923.6,10159.6,2024-05-14
2024051401026422,MANDU,65,36,500.0,923.1,461550.0,2024-05-14
2024051401026421,MANDU,65,19,10.0,923.1,9231.0,2024-05-14
2024051401026420,MANDU,65,42,10.0,923.1,9231.0,2024-05-14
2024051401026419,MANDU,65,49,10.0,923.1,9231.0,2024-05-14
2024051401026418,MANDU,65,20,11.0,923.1,10154.1,2024-05-14
2024051401026417,MANDU,65,10,200.0,923.0,184600.0,2024-05-14
2024051401026416,MANDU,65,35,10.0,923.0,9230.0,2024-05-14
2024051401026415,MANDU,65,25,10.0,923.0,9230.0,2024-05-14
2024051401026414,MANDU,65,52,10.0,923.0,9230.0,2024-05-14
2024051401026413,MANDU,65,58,10.0,923.0,9230.0,2024-05-14
2024051401026412,MANDU,65,38,10.0,923.0,9230.0,2024-05-14
2024051401026411,MANDU,65,19,10.0,923.0,9230.0,2024-05-14
2024051401026410,MANDU,65,52,10.0,923.0,9230.0,2024-05-14
2024051401026409,MANDU,65,58,10.0,923.0,9230.0,2024-05-14
2024051401026408,MANDU,65,26,150.0,923.0,138450.0,2024-05-14
2024051401026407,MANDU,65,38,10.0,923.0,9230.0,2024-05-14
2024051401026406,MANDU,65,4,10.0,923.0,9230.0,2024-05-14
2024051401026405,MANDU,65,52,50.0,923.0,46150.0,2024-05-14
2024051401026404,MANDU,65,43,30.0,923.0,27690.0,2024-05-14
2024051401026403,MANDU,65,17,10.0,923.0,9230.0,2024-05-14
2024051401026402,MANDU,65,22,10.0,923.0,9230.0,2024-05-14
2024051401026401,MANDU,65,17,10.0,921.0,9210.0,2024-05-14
2024051401026400,MANDU,65,10,200.0,921.0,184200.0,2024-05-14
2024051401026399,MANDU,65,40,100.0,920.0,92000.0,2024-05-14
2024051401026398,MANDU,65,35,10.0,920.0,9200.0,2024-05-14
2024051401026397,MANDU,65,58,10.0,920.0,9200.0,2024-05-14
2024051401026396,MANDU,65,26,10.0,920.0,9200.0,2024-05-14
2024051401026395,MANDU,65,11,10.0,920.0,9200.0,2024-05-14
2024051401026394,MANDU,65,26,10.0,920.0,9200.0,2024-05-14
2024051401026393,MANDU,65,53,10.0,919.0,9190.0,2024-05-14
2024051401026392,MANDU,65,41,10.0,919.0,9190.0,2024-05-14
2024051401026391,MANDU,65,17,10.0,918.1,9181.0,2024-05-14
2024051401026390,MANDU,65,41,50.0,918.0,45900.0,2024-05-14
2024051401026389,MANDU,65,54,10.0,918.0,9180.0,2024-05-14
2024051401026388,MANDU,65,34,100.0,918.0,91800.0,2024-05-14
2024051401026387,MANDU,65,38,15.0,918.0,13770.0,2024-05-14
2024051401026386,MANDU,65,50,10.0,918.0,9180.0,2024-05-14
2024051401026385,MANDU,65,20,11.0,918.0,10098.0,2024-05-14
2024051401026384,MANDU,65,58,10.0,918.0,9180.0,2024-05-14
2024051401026383,MANDU,65,22,10.0,917.9,9179.0,2024-05-14
2024051401026382,MANDU,65,42,10.0,917.0,9170.0,2024-05-14
2024051401026381,MANDU,65,38,200.0,917.0,183400.0,2024-05-14
2024051401026380,MANDU,65,49,10.0,915.0,9150.0,2024-05-14
2024051401026379,MANDU,65,49,10.0,915.0,9150.0,2024-05-14
2024051401026378,MANDU,65,54,20.0,915.0,18300.0,2024-05-14
2024051401026377,MANDU,65,39,10.0,915.0,9150.0,2024-05-14
2024051401026376,MANDU,65,49,10.0,915.0,9150.0,2024-05-14
2024051401026375,MANDU,65,45,10.0,915.0,9150.0,2024-05-14
2024051401026374,MANDU,65,45,10.0,915.0,9150.0,2024-05-14
2024051401026373,MANDU,65,58,10.0,915.0,9150.0,2024-05-14
2024051401026372,MANDU,65,57,10.0,915.0,9150.0,2024-05-14
2024051401026371,MANDU,65,42,10.0,915.0,9150.0,2024-05-14
2024051401026370,MANDU,65,6,120.0,912.0,109440.0,2024-05-14
2024051401026369,MANDU,65,17,10.0,911.0,9110.0,2024-05-14
2024051401026368,MANDU,65,33,50.0,910.0,45500.0,2024-05-14
2024051401026367,MANDU,65,14,100.0,910.0,91000.0,2024-05-14
2024051401026366,MANDU,65,45,10.0,910.0,9100.0,2024-05-14
2024051401026365,MANDU,65,14,50.0,910.0,45500.0,2024-05-14
2024051401026364,MANDU,65,11,20.0,910.0,18200.0,2024-05-14
2024051401026363,MANDU,65,20,10.0,910.0,9100.0,2024-05-14
2024051401026362,MANDU,65,41,10.0,910.0,9100.0,2024-05-14
2024051401026361,MANDU,65,59,10.0,910.0,9100.0,2024-05-14
2024051401026360,MANDU,65,58,10.0,910.0,9100.0,2024-05-14
2024051401026359,MANDU,65,58,10.0,910.0,9100.0,2024-05-14
2024051401026358,MANDU,65,21,10.0,908.0,9080.0,2024-05-14
2024051401026357,MANDU,65,32,10.0,908.0,9080.0,2024-05-14
2024051401026356,MANDU,65,42,10.0,908.0,9080.0,2024-05-14
2024051401026355,MANDU,65,34,10.0,907.0,9070.0,2024-05-14
2024051401026354,MANDU,65,34,10.0,906.1,9061.0,2024-05-14
2024051401026353,MANDU,65,19,10.0,906.0,9060.0,2024-05-14
2024051401026352,MANDU,65,57,10.0,906.0,9060.0,2024-05-14
2024051401026351,MANDU,65,7,10.0,906.0,9060.0,2024-05-14
2024051401026350,VLUCL,34,52,355.0,479.9,170364.5,2024-05-14
2024051403016874,BFC,21,45,10.0,394.0,3940.0,2024-05-14
2024051403016873,GMFIL,34,13,10.0,399.0,3990.0,2024-05-14
2024051401026349,MKHL,21,57,10.0,425.0,4250.0,2024-05-14
2024051403016872,GUFL,72,94,10.0,714.9,7149.0,2024-05-14
2024051401026348,TAMOR,34,64,368.0,384.0,141312.0,2024-05-14
2024051401026347,TAMOR,34,26,100.0,384.0,38400.0,2024-05-14
2024051401026346,TAMOR,34,34,50.0,384.0,19200.0,2024-05-14
2024051401026345,TAMOR,34,33,770.0,383.0,294910.0,2024-05-14
2024051401026344,TAMOR,34,58,10.0,383.0,3830.0,2024-05-14
2024051401026343,TAMOR,34,58,10.0,383.0,3830.0,2024-05-14
2024051401026342,TAMOR,34,33,100.0,382.9,38290.0,2024-05-14
2024051401026341,TAMOR,34,4,20.0,382.5,7650.0,2024-05-14
2024051401026340,TAMOR,34,34,50.0,382.5,19125.0,2024-05-14
2024051401026339,TAMOR,34,4,20.0,382.0,7640.0,2024-05-14
2024051401026338,TAMOR,34,46,10.0,382.0,3820.0,2024-05-14
2024051401026337,TAMOR,34,51,10.0,381.0,3810.0,2024-05-14
2024051401026336,TAMOR,34,35,252.0,381.0,96012.0,2024-05-14
2024051401026335,TAMOR,34,55,10.0,381.0,3810.0,2024-05-14
2024051401026334,TAMOR,34,41,200.0,380.0,76000.0,2024-05-14
2024051401026333,TAMOR,34,32,10.0,380.0,3800.0,2024-05-14
2024051401026332,TAMOR,34,4,10.0,380.0,3800.0,2024-05-14
2024051401026331,SARBTM,70,34,170.0,770.0,130900.0,2024-05-14
2024051401026330,USHEC,34,59,100.0,382.0,38200.0,2024-05-14
2024051401026329,PCBL,44,32,10.0,197.9,1979.0,2024-05-14
2024051403016871,HLBSL,32,49,100.0,935.0,93500.0,2024-05-14
2024051401026328,IHL,6,5,352.0,391.9,137948.8,2024-05-14
2024051401026327,IHL,6,36,48.0,391.8,18806.4,2024-05-14
2024051401026326,IHL,6,21,1000.0,391.0,391000.0,2024-05-14
2024051401026325,IHL,6,19,300.0,391.0,117300.0,2024-05-14
2024051401026324,IHL,6,89,300.0,390.0,117000.0,2024-05-14
2024051404012073,GHL,26,45,50.0,148.2,7410.0,2024-05-14
2024051401026323,PPL,50,28,10.0,560.0,5600.0,2024-05-14
2024051403016870,SWBBL,50,50,10.0,806.0,8060.0,2024-05-14
2024051403016869,MFIL,50,26,10.0,505.0,5050.0,2024-05-14
2024051401026322,CYCL,45,57,10.0,1578.0,15780.0,2024-05-14
2024051403016868,ILBS,62,45,200.0,1358.0,271600.0,2024-05-14
2024051403016867,SADBL,62,50,10.0,325.0,3250.0,2024-05-14
2024051401026321,PPL,62,28,20.0,560.0,11200.0,2024-05-14
2024051401026320,PPL,58,28,200.0,560.0,112000.0,2024-05-14
2024051404012072,BARUN,16,32,50.0,235.5,11775.0,2024-05-14
2024051404012071,BARUN,16,58,20.0,235.5,4710.0,2024-05-14
2024051403016866,GMFBS,16,45,10.0,1234.0,12340.0,2024-05-14
2024051403016865,GILB,33,64,10.0,1185.0,11850.0,2024-05-14
2024051401026319,KBL,48,34,20.0,140.0,2800.0,2024-05-14
2024051401026318,KBL,48,34,100.0,139.9,13990.0,2024-05-14
2024051403016864,KSBBL,33,48,650.0,377.4,245310.0,2024-05-14
2024051403016863,FMDBL,43,50,10.0,666.0,6660.0,2024-05-14
2024051401026317,SHIVM,56,39,17.0,498.0,8466.0,2024-05-14
2024051401026316,SHIVM,26,39,33.0,498.0,16434.0,2024-05-14
2024051404012070,UMRH,26,58,10.0,355.0,3550.0,2024-05-14
2024051403016862,VLBS,28,42,134.0,885.0,118590.0,2024-05-14
2024051403016861,VLBS,28,34,10.0,880.0,8800.0,2024-05-14
2024051403016860,VLBS,28,49,156.0,880.0,137280.0,2024-05-14
2024051403016859,VLBS,28,58,200.0,879.9,175980.0,2024-05-14
2024051401026315,SBI,28,16,10.0,281.6,2816.0,2024-05-14
2024051403016858,ACLBSL,19,1,20.0,874.1,17482.0,2024-05-14
2024051405004303,CHDC,1,3,35.0,770.0,26950.0,2024-05-14
2024051403016857,JBBL,52,49,178.0,299.0,53222.0,2024-05-14
2024051403016856,JBBL,52,20,500.0,299.0,149500.0,2024-05-14
2024051403016855,JBBL,52,38,55.0,299.0,16445.0,2024-05-14
2024051403016854,JBBL,52,57,767.0,299.0,229333.0,2024-05-14
2024051401026314,BHPL,35,53,100.0,568.9,56890.0,2024-05-14
2024051404012069,NHPC,34,35,125.0,148.6,18575.0,2024-05-14
2024051404012068,NHPC,39,35,30.0,148.6,4458.0,2024-05-14
2024051404012067,HEI,35,62,200.0,612.0,122400.0,2024-05-14
2024051401026313,RHGCL,65,14,10.0,375.0,3750.0,2024-05-14
2024051401026312,MKLB,95,18,270.0,1066.1,287847.0,2024-05-14
2024051401026311,MKLB,21,18,500.0,1066.1,533050.0,2024-05-14
2024051401026310,MKLB,32,18,400.0,1068.4,427360.0,2024-05-14
2024051401026309,MKLB,57,18,100.0,1069.1,106910.0,2024-05-14
2024051401026308,MKLB,32,18,10.0,1079.1,10791.0,2024-05-14
2024051401026307,MKLB,25,18,100.0,1080.0,108000.0,2024-05-14
2024051401026306,MKLB,49,18,10.0,1082.9,10829.0,2024-05-14
2024051401026305,MKLB,38,18,100.0,1090.0,109000.0,2024-05-14
2024051401026304,MKLB,49,18,200.0,1098.6,219720.0,2024-05-14
2024051401026303,MKLB,4,18,100.0,1100.0,110000.0,2024-05-14
2024051401026302,MKLB,7,18,100.0,1102.0,110200.0,2024-05-14
2024051401026301,MKLB,7,18,10.0,1102.0,11020.0,2024-05-14
2024051401026300,MKLB,57,18,100.0,1102.1,110210.0,2024-05-14
2024051403016853,ALBSL,19,36,15.0,907.0,13605.0,2024-05-14
2024051404012066,UPPER,20,57,10.0,167.8,1678.0,2024-05-14
2024051404012065,UNHPL,42,17,10.0,228.7,2287.0,2024-05-14
2024051401026299,SONA,1,42,30.0,440.0,13200.0,2024-05-14
2024051401026298,SONA,39,42,70.0,440.1,30807.0,2024-05-14
2024051404012064,RIDI,42,14,10.0,165.6,1656.0,2024-05-14
2024051401026297,GVL,77,7,38.0,452.0,17176.0,2024-05-14
2024051401026296,GVL,34,7,462.0,453.0,209286.0,2024-05-14
2024051401026295,MHCL,53,77,10.0,389.0,3890.0,2024-05-14
2024051401026294,MHCL,53,34,90.0,388.0,34920.0,2024-05-14
2024051403016852,SAPDBL,44,36,25.0,330.4,8260.0,2024-05-14
2024051401026293,SAMAJ,34,17,73.0,2299.0,167827.0,2024-05-14
2024051401026292,SAMAJ,34,17,27.0,2299.0,62073.0,2024-05-14
2024051405004302,HRL,4,17,54.0,570.1,30785.4,2024-05-14
2024051404012063,JOSHI,90,78,10.0,320.0,3200.0,2024-05-14
2024051401026291,MKLB,91,88,20.0,1103.1,22062.0,2024-05-14
2024051401026290,USHEC,29,59,20.0,382.0,7640.0,2024-05-14
2024051404012062,NHPC,4,54,20.0,148.9,2978.0,2024-05-14
2024051403016851,PFL,71,45,10.0,667.0,6670.0,2024-05-14
2024051404012061,SHEL,75,45,20.0,156.9,3138.0,2024-05-14
2024051401026289,ILI,59,94,100.0,547.0,54700.0,2024-05-14
2024051403016850,ALICL,44,49,39.0,577.3,22514.7,2024-05-14
2024051403016849,ALICL,44,28,461.0,577.2,266089.2,2024-05-14
2024051401026288,PPL,6,34,100.0,541.0,54100.0,2024-05-14
2024051403016848,SWBBL,33,49,840.0,802.4,674016.0,2024-05-14
2024051403016847,SWBBL,82,49,100.0,802.5,80250.0,2024-05-14
2024051403016846,SWBBL,33,49,50.0,802.6,40130.0,2024-05-14
2024051403016845,SWBBL,58,49,10.0,804.0,8040.0,2024-05-14
2024051401026287,USHEC,45,6,10.0,378.3,3783.0,2024-05-14
2024051403016844,GUFL,22,34,384.0,714.5,274368.0,2024-05-14
2024051401026286,MAKAR,50,6,40.0,380.7,15228.0,2024-05-14
2024051401026285,MAKAR,50,57,10.0,380.5,3805.0,2024-05-14
2024051404012060,NGPL,45,13,100.0,309.8,30980.0,2024-05-14
2024051401026284,TVCL,64,74,80.0,475.0,38000.0,2024-05-14
2024051404012059,AKPL,25,54,150.0,171.0,25650.0,2024-05-14
2024051405004301,CHDC,32,3,10.0,770.0,7700.0,2024-05-14
2024051403016843,GBLBS,33,47,20.0,804.6,16092.0,2024-05-14
2024051401026283,USHEC,11,59,10.0,382.0,3820.0,2024-05-14
2024051401026282,MCHL,46,39,41.0,379.0,15539.0,2024-05-14
2024051401026281,MCHL,32,39,15.0,379.1,5686.5,2024-05-14
2024051401026280,MCHL,32,39,190.0,380.0,72200.0,2024-05-14
2024051401026279,MCHL,42,39,14.0,380.0,5320.0,2024-05-14
2024051401026278,MCHL,49,39,10.0,380.5,3805.0,2024-05-14
2024051404012058,GLH,35,74,10.0,210.0,2100.0,2024-05-14
2024051403016842,RSDC,18,14,20.0,716.0,14320.0,2024-05-14
2024051403016841,RSDC,6,14,30.0,716.2,21486.0,2024-05-14
2024051404012057,RIDI,14,14,50.0,165.6,8280.0,2024-05-14
2024051403016840,GUFL,22,42,38.0,714.5,27151.0,2024-05-14
2024051403016839,PMLI,7,46,40.0,508.0,20320.0,2024-05-14
2024051403016838,PMLI,7,58,10.0,508.0,5080.0,2024-05-14
2024051404012056,UPCL,22,34,10.0,198.9,1989.0,2024-05-14
2024051401026277,RHGCL,71,49,10.0,375.2,3752.0,2024-05-14
2024051404012055,BARUN,35,57,500.0,235.0,117500.0,2024-05-14
2024051403016837,PFL,41,4,20.0,666.0,13320.0,2024-05-14
2024051401026276,MKJC,44,17,10.0,449.0,4490.0,2024-05-14
2024051401026275,BHPL,66,45,10.0,568.0,5680.0,2024-05-14
2024051401026274,BHPL,66,51,50.0,568.0,28400.0,2024-05-14
2024051401026273,BHPL,66,51,50.0,567.0,28350.0,2024-05-14
2024051401026272,BHPL,66,57,10.0,566.0,5660.0,2024-05-14
2024051401026271,BHPL,66,58,30.0,566.0,16980.0,2024-05-14
2024051401026270,BHPL,66,58,50.0,565.0,28250.0,2024-05-14
2024051403016836,GBBL,44,1,200.0,369.6,73920.0,2024-05-14
2024051401026269,BHPL,66,45,10.0,564.0,5640.0,2024-05-14
2024051404012054,TRH,49,58,10.0,737.0,7370.0,2024-05-14
2024051401026268,GVL,34,56,10.0,453.0,4530.0,2024-05-14
2024051401026267,GVL,34,49,928.0,453.0,420384.0,2024-05-14
2024051401026266,GVL,34,49,100.0,452.9,45290.0,2024-05-14
2024051401026265,GVL,34,49,100.0,452.9,45290.0,2024-05-14
2024051404012053,OHL,50,5,50.0,798.6,39930.0,2024-05-14
2024051404012052,OHL,50,71,50.0,785.4,39270.0,2024-05-14
2024051404012051,OHL,50,16,20.0,785.4,15708.0,2024-05-14
2024051404012050,OHL,50,4,150.0,785.4,117810.0,2024-05-14
2024051404012049,OHL,50,58,10.0,785.4,7854.0,2024-05-14
2024051404012048,OHL,50,6,150.0,785.4,117810.0,2024-05-14
2024051404012047,OHL,50,44,30.0,785.4,23562.0,2024-05-14
2024051404012046,OHL,50,41,80.0,785.4,62832.0,2024-05-14
2024051404012045,OHL,50,43,120.0,785.4,94248.0,2024-05-14
2024051404012044,OHL,50,59,20.0,785.0,15700.0,2024-05-14
2024051404012043,OHL,50,50,50.0,785.0,39250.0,2024-05-14
2024051404012042,OHL,50,8,142.0,785.0,111470.0,2024-05-14
2024051404012041,OHL,50,29,290.0,785.0,227650.0,2024-05-14
2024051404012040,OHL,50,45,20.0,785.0,15700.0,2024-05-14
2024051404012039,OHL,50,51,10.0,785.0,7850.0,2024-05-14
2024051404012038,OHL,50,66,200.0,785.0,157000.0,2024-05-14
2024051404012037,OHL,50,16,50.0,785.0,39250.0,2024-05-14
2024051404012036,OHL,50,58,1000.0,784.0,784000.0,2024-05-14
2024051404012035,OHL,50,66,100.0,783.0,78300.0,2024-05-14
2024051404012034,OHL,50,54,300.0,782.0,234600.0,2024-05-14
2024051404012033,OHL,50,28,200.0,782.0,156400.0,2024-05-14
2024051404012032,OHL,50,81,45.0,781.0,35145.0,2024-05-14
2024051404012031,OHL,50,6,10.0,780.0,7800.0,2024-05-14
2024051404012030,OHL,50,42,16.0,780.0,12480.0,2024-05-14
2024051404012029,OHL,50,66,200.0,780.0,156000.0,2024-05-14
2024051404012028,OHL,50,48,40.0,780.0,31200.0,2024-05-14
2024051404012027,OHL,50,26,50.0,778.2,38910.0,2024-05-14
2024051404012026,OHL,50,58,10.0,778.0,7780.0,2024-05-14
2024051404012025,OHL,50,25,200.0,777.0,155400.0,2024-05-14
2024051404012024,OHL,50,57,100.0,777.0,77700.0,2024-05-14
2024051404012023,OHL,50,42,64.0,777.0,49728.0,2024-05-14
2024051404012022,OHL,50,3,500.0,777.0,388500.0,2024-05-14
2024051404012021,OHL,50,58,10.0,776.9,7769.0,2024-05-14
2024051404012020,OHL,50,25,100.0,776.0,77600.0,2024-05-14
2024051404012019,OHL,50,50,300.0,776.0,232800.0,2024-05-14
2024051404012018,OHL,50,60,300.0,775.0,232500.0,2024-05-14
2024051404012017,OHL,50,6,500.0,772.0,386000.0,2024-05-14
2024051404012016,OHL,50,7,30.0,770.0,23100.0,2024-05-14
2024051404012015,OHL,50,14,500.0,770.0,385000.0,2024-05-14
2024051404012014,OHL,50,42,20.0,770.0,15400.0,2024-05-14
2024051404012013,OHL,50,6,157.0,770.0,120890.0,2024-05-14
2024051404012012,OHL,50,90,100.0,770.0,77000.0,2024-05-14
2024051404012011,OHL,50,41,100.0,770.0,77000.0,2024-05-14
2024051404012010,OHL,50,7,182.0,770.0,140140.0,2024-05-14
2024051404012009,OHL,50,34,700.0,769.2,538440.0,2024-05-14
2024051404012008,OHL,50,38,100.0,769.0,76900.0,2024-05-14
2024051404012007,OHL,50,42,150.0,768.0,115200.0,2024-05-14
2024051404012006,OHL,50,58,90.0,766.0,68940.0,2024-05-14
2024051404012005,OHL,50,6,500.0,765.0,382500.0,2024-05-14
2024051404012004,OHL,50,34,10.0,765.0,7650.0,2024-05-14
2024051404012003,OHL,50,66,200.0,764.0,152800.0,2024-05-14
2024051404012002,OHL,50,57,89.0,763.9,67987.1,2024-05-14
2024051404012001,OHL,50,58,100.0,763.0,76300.0,2024-05-14
2024051404012000,OHL,50,58,30.0,763.0,22890.0,2024-05-14
2024051404011999,OHL,50,11,50.0,762.9,38145.0,2024-05-14
2024051404011998,OHL,50,26,50.0,761.8,38090.0,2024-05-14
2024051404011997,OHL,50,7,29.0,761.8,22092.2,2024-05-14
2024051404011996,OHL,50,48,25.0,759.9,18997.5,2024-05-14
2024051404011995,OHL,50,7,300.0,759.9,227970.0,2024-05-14
2024051401026264,PPL,62,28,3037.0,560.0,1700720.0,2024-05-14
2024051401026263,PPL,62,26,263.0,555.7,146149.1,2024-05-14
2024051401026262,PPL,62,6,500.0,555.2,277600.0,2024-05-14
2024051401026261,PPL,62,71,340.0,555.2,188768.0,2024-05-14
2024051401026260,PPL,62,71,150.0,555.2,83280.0,2024-05-14
2024051401026259,PPL,62,71,500.0,555.2,277600.0,2024-05-14
2024051401026258,PPL,62,8,100.0,555.2,55520.0,2024-05-14
2024051401026257,PPL,62,38,10.0,555.0,5550.0,2024-05-14
2024051401026256,PPL,62,47,10.0,555.0,5550.0,2024-05-14
2024051401026255,PPL,62,35,100.0,555.0,55500.0,2024-05-14
2024051401026254,PPL,62,35,100.0,555.0,55500.0,2024-05-14
2024051401026253,PPL,62,16,200.0,555.0,111000.0,2024-05-14
2024051401026252,PPL,62,16,200.0,554.8,110960.0,2024-05-14
2024051401026251,PPL,62,22,10.0,554.8,5548.0,2024-05-14
2024051401026250,PPL,62,36,100.0,554.8,55480.0,2024-05-14
2024051401026249,PPL,62,48,10.0,554.8,5548.0,2024-05-14
2024051401026248,PPL,62,28,100.0,554.7,55470.0,2024-05-14
2024051401026247,PPL,62,48,10.0,554.7,5547.0,2024-05-14
2024051401026246,PPL,62,64,160.0,554.5,88720.0,2024-05-14
2024051401026245,PPL,62,71,100.0,554.5,55450.0,2024-05-14
2024051401026244,PPL,62,48,10.0,554.5,5545.0,2024-05-14
2024051401026243,PPL,62,38,20.0,554.0,11080.0,2024-05-14
2024051401026242,PPL,62,34,500.0,554.0,277000.0,2024-05-14
2024051401026241,PPL,62,77,200.0,554.0,110800.0,2024-05-14
2024051401026240,PPL,62,4,10.0,553.8,5538.0,2024-05-14
2024051401026239,PPL,62,47,100.0,553.8,55380.0,2024-05-14
2024051401026238,PPL,62,48,10.0,553.8,5538.0,2024-05-14
2024051401026237,PPL,62,70,300.0,553.8,166140.0,2024-05-14
2024051401026236,PPL,62,48,10.0,553.8,5538.0,2024-05-14
2024051401026235,PPL,62,28,500.0,553.0,276500.0,2024-05-14
2024051401026234,PPL,62,83,10.0,553.0,5530.0,2024-05-14
2024051401026233,PPL,62,74,200.0,553.0,110600.0,2024-05-14
2024051401026232,PPL,62,11,50.0,553.0,27650.0,2024-05-14
2024051401026231,PPL,62,47,100.0,552.8,55280.0,2024-05-14
2024051401026230,PPL,62,69,50.0,552.8,27640.0,2024-05-14
2024051401026229,PPL,62,55,10.0,552.0,5520.0,2024-05-14
2024051401026228,PPL,62,45,10.0,552.0,5520.0,2024-05-14
2024051401026227,PPL,62,29,10.0,551.9,5519.0,2024-05-14
2024051401026226,PPL,62,35,100.0,551.8,55180.0,2024-05-14
2024051401026225,PPL,62,32,50.0,551.8,27590.0,2024-05-14
2024051401026224,PPL,62,20,50.0,551.8,27590.0,2024-05-14
2024051401026223,PPL,62,74,600.0,551.8,331080.0,2024-05-14
2024051401026222,PPL,62,22,10.0,551.8,5518.0,2024-05-14
2024051401026221,PPL,62,69,50.0,551.8,27590.0,2024-05-14
2024051401026220,PPL,62,28,100.0,551.3,55130.0,2024-05-14
2024051401026219,PPL,62,74,500.0,551.3,275650.0,2024-05-14
2024051401026218,PPL,62,28,270.0,551.3,148851.0,2024-05-14
2024051401026217,PPL,62,7,500.0,551.0,275500.0,2024-05-14
2024051401026216,PPL,62,56,50.0,551.0,27550.0,2024-05-14
2024051401026215,PPL,62,49,300.0,551.0,165300.0,2024-05-14
2024051401026214,PPL,62,8,100.0,551.0,55100.0,2024-05-14
2024051401026213,PPL,62,94,340.0,551.0,187340.0,2024-05-14
2024051401026212,PPL,62,34,10.0,551.0,5510.0,2024-05-14
2024051401026211,PPL,62,48,100.0,551.0,55100.0,2024-05-14
2024051401026210,PPL,62,71,100.0,551.0,55100.0,2024-05-14
2024051401026209,PPL,62,38,10.0,551.0,5510.0,2024-05-14
2024051401026208,PPL,62,71,100.0,551.0,55100.0,2024-05-14
2024051401026207,PPL,62,49,10.0,551.0,5510.0,2024-05-14
2024051401026206,PPL,62,4,50.0,551.0,27550.0,2024-05-14
2024051401026205,PPL,62,35,20.0,551.0,11020.0,2024-05-14
2024051401026204,PPL,62,32,500.0,550.9,275450.0,2024-05-14
2024051401026203,PPL,62,16,10.0,550.8,5508.0,2024-05-14
2024051401026202,PPL,62,49,10.0,550.8,5508.0,2024-05-14
2024051401026201,PPL,62,45,10.0,550.2,5502.0,2024-05-14
2024051401026200,PPL,62,56,10.0,550.1,5501.0,2024-05-14
2024051401026199,PPL,62,39,200.0,550.0,110000.0,2024-05-14
2024051401026198,PPL,62,21,30.0,550.0,16500.0,2024-05-14
2024051401026197,PPL,62,34,10.0,550.0,5500.0,2024-05-14
2024051401026196,PPL,62,58,10.0,550.0,5500.0,2024-05-14
2024051401026195,PPL,62,4,30.0,550.0,16500.0,2024-05-14
2024051401026194,PPL,62,28,10.0,550.0,5500.0,2024-05-14
2024051401026193,PPL,62,53,10.0,550.0,5500.0,2024-05-14
2024051401026192,PPL,62,50,10.0,550.0,5500.0,2024-05-14
2024051401026191,PPL,62,74,10.0,550.0,5500.0,2024-05-14
2024051401026190,PPL,62,35,10.0,550.0,5500.0,2024-05-14
2024051401026189,PPL,62,16,10.0,550.0,5500.0,2024-05-14
2024051401026188,PPL,62,42,10.0,550.0,5500.0,2024-05-14
2024051401026187,PPL,62,55,10.0,550.0,5500.0,2024-05-14
2024051401026186,PPL,62,55,10.0,550.0,5500.0,2024-05-14
2024051401026185,PPL,62,55,10.0,550.0,5500.0,2024-05-14
2024051401026184,PPL,62,39,10.0,550.0,5500.0,2024-05-14
2024051401026183,PPL,62,7,10.0,550.0,5500.0,2024-05-14
2024051401026182,PPL,62,17,100.0,550.0,55000.0,2024-05-14
2024051401026181,PPL,62,57,10.0,550.0,5500.0,2024-05-14
2024051401026180,PPL,62,45,10.0,548.0,5480.0,2024-05-14
2024051401026179,PPL,62,49,30.0,548.0,16440.0,2024-05-14
2024051401026178,PPL,62,45,10.0,548.0,5480.0,2024-05-14
2024051401026177,PPL,62,49,10.0,548.0,5480.0,2024-05-14
2024051401026176,PPL,62,45,10.0,545.5,5455.0,2024-05-14
2024051401026175,PPL,62,45,10.0,545.0,5450.0,2024-05-14
2024051401026174,PPL,62,38,10.0,545.0,5450.0,2024-05-14
2024051401026173,PPL,62,46,20.0,545.0,10900.0,2024-05-14
2024051401026172,PPL,62,4,10.0,545.0,5450.0,2024-05-14
2024051401026171,PPL,62,32,10.0,545.0,5450.0,2024-05-14
2024051401026170,PPL,62,64,10.0,545.0,5450.0,2024-05-14
2024051401026169,PPL,62,34,50.0,545.0,27250.0,2024-05-14
2024051401026168,PPL,62,58,10.0,545.0,5450.0,2024-05-14
2024051401026167,PPL,62,45,10.0,545.0,5450.0,2024-05-14
2024051401026166,PPL,62,54,10.0,544.8,5448.0,2024-05-14
2024051401026165,PPL,62,19,130.0,544.8,70824.0,2024-05-14
2024051401026164,PPL,62,29,10.0,544.5,5445.0,2024-05-14
2024051401026163,PPL,62,68,10.0,544.5,5445.0,2024-05-14
2024051401026162,PPL,62,38,10.0,544.0,5440.0,2024-05-14
2024051401026161,PPL,62,38,10.0,544.0,5440.0,2024-05-14
2024051401026160,PPL,62,38,10.0,544.0,5440.0,2024-05-14
2024051401026159,PPL,62,51,10.0,544.0,5440.0,2024-05-14
2024051401026158,PPL,62,4,20.0,544.0,10880.0,2024-05-14
2024051403016835,GLBSL,62,62,10.0,2377.0,23770.0,2024-05-14
2024051403016834,GLBSL,62,45,200.0,2350.0,470000.0,2024-05-14
2024051403016833,GLBSL,62,14,10.0,2340.0,23400.0,2024-05-14
2024051403016832,GLBSL,62,77,10.0,2331.0,23310.0,2024-05-14
2024051403016831,GLBSL,62,45,100.0,2321.0,232100.0,2024-05-14
2024051403016830,GLBSL,62,39,50.0,2144.0,107200.0,2024-05-14
2024051403016829,GLBSL,62,47,50.0,2144.0,107200.0,2024-05-14
2024051403016828,GLBSL,62,34,17.0,2144.0,36448.0,2024-05-14
2024051403016827,GLBSL,62,25,349.0,2142.0,747558.0,2024-05-14
2024051403016826,GLBSL,62,55,67.0,2142.0,143514.0,2024-05-14
2024051403016825,GLBSL,62,34,20.0,2142.0,42840.0,2024-05-14
2024051403016824,GLBSL,62,77,50.0,2142.0,107100.0,2024-05-14
2024051403016823,GLBSL,62,6,100.0,2142.0,214200.0,2024-05-14
2024051403016822,GLBSL,62,62,67.0,2142.0,143514.0,2024-05-14
2024051403016821,GLBSL,62,45,10.0,2142.0,21420.0,2024-05-14
2024051403016820,GLBSL,62,51,20.0,2142.0,42840.0,2024-05-14
2024051403016819,GLBSL,62,38,13.0,2142.0,27846.0,2024-05-14
2024051403016818,GLBSL,62,56,50.0,2142.0,107100.0,2024-05-14
2024051403016817,GLBSL,62,3,10.0,2142.0,21420.0,2024-05-14
2024051403016816,GLBSL,62,16,10.0,2142.0,21420.0,2024-05-14
2024051403016815,GLBSL,62,74,67.0,2141.0,143447.0,2024-05-14
2024051401026157,SONA,39,38,10.0,440.1,4401.0,2024-05-14
2024051401026156,RNLI,38,45,20.0,435.0,8700.0,2024-05-14
2024051401026155,RNLI,38,4,980.0,434.9,426202.0,2024-05-14
2024051401026154,GVL,77,38,10.0,452.0,4520.0,2024-05-14
2024051403016814,PROFL,34,55,68.0,340.2,23133.6,2024-05-14
2024051403016813,PROFL,22,55,10.0,340.5,3405.0,2024-05-14
2024051403016812,PROFL,28,55,22.0,341.0,7502.0,2024-05-14
2024051401026153,MBJC,58,50,10.0,291.0,2910.0,2024-05-14
2024051401026152,MBJC,58,49,10.0,291.0,2910.0,2024-05-14
2024051401026151,MBJC,58,4,20.0,291.0,5820.0,2024-05-14
2024051401026150,MBJC,58,57,20.0,291.0,5820.0,2024-05-14
2024051401026149,MBJC,58,45,38.0,290.0,11020.0,2024-05-14
2024051401026148,MBJC,58,49,10.0,289.5,2895.0,2024-05-14
2024051405004300,HRL,4,58,20.0,570.1,11402.0,2024-05-14
2024051403016811,LBBL,40,22,16.0,381.0,6096.0,2024-05-14
2024051403016810,MPFL,32,84,50.0,445.3,22265.0,2024-05-14
2024051403016809,MPFL,69,84,50.0,445.3,22265.0,2024-05-14
2024051401026147,ANLB,39,45,10.0,2136.9,21369.0,2024-05-14
2024051401026146,MAKAR,28,81,30.0,380.0,11400.0,2024-05-14
2024051401026145,MAKAR,28,10,10.0,380.0,3800.0,2024-05-14
2024051401026144,MAKAR,28,51,10.0,380.0,3800.0,2024-05-14
2024051401026143,MAKAR,28,34,105.0,380.0,39900.0,2024-05-14
2024051404011994,UPPER,35,57,500.0,167.8,83900.0,2024-05-14
2024051403016808,NFS,41,60,1500.0,534.9,802350.0,2024-05-14
2024051401026142,SONA,39,14,40.0,440.1,17604.0,2024-05-14
2024051403016807,NFS,17,19,20.0,535.0,10700.0,2024-05-14
2024051401026141,SHLB,13,17,100.0,1560.0,156000.0,2024-05-14
2024051401026140,SHLB,22,17,20.0,1560.0,31200.0,2024-05-14
2024051401026139,SHLB,25,17,110.0,1560.0,171600.0,2024-05-14
2024051401026138,RHGCL,65,41,200.0,375.0,75000.0,2024-05-14
2024051401026137,RHGCL,65,57,10.0,375.0,3750.0,2024-05-14
2024051401026136,RHGCL,65,46,10.0,375.0,3750.0,2024-05-14
2024051401026135,RHGCL,65,21,50.0,375.0,18750.0,2024-05-14
2024051401026134,RHGCL,65,4,10.0,375.0,3750.0,2024-05-14
2024051401026133,RHGCL,65,4,10.0,375.0,3750.0,2024-05-14
2024051401026132,RHGCL,65,74,50.0,375.0,18750.0,2024-05-14
2024051401026131,RHGCL,65,16,10.0,375.0,3750.0,2024-05-14
2024051401026130,RHGCL,65,55,10.0,375.0,3750.0,2024-05-14
2024051401026129,RHGCL,65,57,10.0,375.0,3750.0,2024-05-14
2024051401026128,RHGCL,65,28,105.0,375.0,39375.0,2024-05-14
2024051401026127,RHGCL,65,21,10.0,375.0,3750.0,2024-05-14
2024051401026126,RHGCL,65,49,10.0,375.0,3750.0,2024-05-14
2024051401026125,RHGCL,65,41,500.0,375.0,187500.0,2024-05-14
2024051401026124,RHGCL,65,34,10.0,375.0,3750.0,2024-05-14
2024051401026123,RHGCL,65,57,10.0,375.0,3750.0,2024-05-14
2024051401026122,RHGCL,65,74,261.0,375.0,97875.0,2024-05-14
2024051403016806,WNLB,22,53,18.0,1412.0,25416.0,2024-05-14
2024051403016805,WNLB,22,41,10.0,1410.0,14100.0,2024-05-14
2024051403016804,WNLB,22,45,32.0,1400.0,44800.0,2024-05-14
2024051403016803,PFL,41,3,1000.0,665.0,665000.0,2024-05-14
2024051403016802,PFL,41,53,1100.0,665.0,731500.0,2024-05-14
2024051403016801,PFL,41,71,100.0,665.0,66500.0,2024-05-14
2024051403016800,PFL,41,29,30.0,665.0,19950.0,2024-05-14
2024051403016799,PFL,41,38,50.0,665.0,33250.0,2024-05-14
2024051403016798,PFL,41,22,800.0,665.0,532000.0,2024-05-14
2024051403016797,PFL,41,38,50.0,665.0,33250.0,2024-05-14
2024051403016796,PFL,41,22,450.0,665.0,299250.0,2024-05-14
2024051401026121,IHL,21,89,100.0,390.0,39000.0,2024-05-14
2024051403016795,PROFL,71,77,40.0,344.0,13760.0,2024-05-14
2024051403016794,PROFL,71,42,325.0,343.0,111475.0,2024-05-14
2024051403016793,PROFL,71,32,265.0,342.9,90868.5,2024-05-14
2024051403016792,JBBL,29,56,1423.0,297.4,423200.2,2024-05-14
2024051403016791,JBBL,53,56,201.0,297.5,59797.5,2024-05-14
2024051403016790,BFC,4,45,10.0,394.0,3940.0,2024-05-14
2024051404011993,NICL,49,39,29.0,845.0,24505.0,2024-05-14
2024051401026120,MKCL,34,45,100.0,854.9,85490.0,2024-05-14
2024051403016789,GLBSL,45,74,133.0,2141.0,284753.0,2024-05-14
2024051403016788,GLBSL,45,35,17.0,2140.0,36380.0,2024-05-14
2024051403016787,GLBSL,45,55,13.0,2140.0,27820.0,2024-05-14
2024051403016786,GLBSL,45,33,200.0,2140.0,428000.0,2024-05-14
2024051403016785,GLBSL,45,56,13.0,2139.0,27807.0,2024-05-14
2024051403016784,GLBSL,45,74,150.0,2139.0,320850.0,2024-05-14
2024051403016783,GLBSL,45,6,200.0,2139.0,427800.0,2024-05-14
2024051403016782,GLBSL,45,74,100.0,2138.0,213800.0,2024-05-14
2024051403016781,GLBSL,45,7,13.0,2135.0,27755.0,2024-05-14
2024051403016780,GLBSL,45,6,150.0,2135.0,320250.0,2024-05-14
2024051403016779,GLBSL,45,74,200.0,2135.0,427000.0,2024-05-14
2024051403016778,GLBSL,45,14,13.0,2134.0,27742.0,2024-05-14
2024051403016777,GLBSL,45,8,10.0,2133.0,21330.0,2024-05-14
2024051403016776,GLBSL,45,6,50.0,2131.0,106550.0,2024-05-14
2024051403016775,GLBSL,45,51,25.0,2100.0,52500.0,2024-05-14
2024051403016774,GLBSL,45,38,13.0,2070.0,26910.0,2024-05-14
2024051403016773,MLBBL,45,44,120.0,1299.9,155988.0,2024-05-14
2024051403016772,MLBBL,45,49,51.0,1299.0,66249.0,2024-05-14
2024051403016771,MLBBL,45,6,60.0,1298.0,77880.0,2024-05-14
2024051403016770,MLBBL,45,32,10.0,1298.0,12980.0,2024-05-14
2024051403016769,MLBBL,45,51,59.0,1297.0,76523.0,2024-05-14
2024051404011992,API,64,53,70.0,176.6,12362.0,2024-05-14
2024051404011991,API,64,38,50.0,176.5,8825.0,2024-05-14
2024051404011990,API,64,45,10.0,176.5,1765.0,2024-05-14
2024051404011989,API,64,36,700.0,176.4,123480.0,2024-05-14
2024051404011988,API,64,54,200.0,176.0,35200.0,2024-05-14
2024051404011987,API,64,44,50.0,176.0,8800.0,2024-05-14
2024051401026119,SBI,17,16,300.0,281.6,84480.0,2024-05-14
2024051401026118,PPL,6,58,10.0,541.0,5410.0,2024-05-14
2024051401026117,HATHY,64,58,11.0,853.1,9384.1,2024-05-14
2024051403016768,SIFC,57,32,100.0,422.0,42200.0,2024-05-14
2024051403016767,SIFC,45,32,56.0,422.0,23632.0,2024-05-14
2024051401026116,BEDC,3,13,100.0,374.1,37410.0,2024-05-14
2024051401026115,MCHL,52,41,10.0,383.0,3830.0,2024-05-14
2024051401026114,MCHL,52,17,30.0,382.0,11460.0,2024-05-14
2024051403016766,LICN,42,6,10.0,1299.0,12990.0,2024-05-14
2024051403016765,JFL,41,60,1800.0,512.7,922860.0,2024-05-14
2024051405004299,CIT,21,7,100.0,2112.0,211200.0,2024-05-14
2024051405004298,CIT,13,7,150.0,2112.0,316800.0,2024-05-14
2024051405004297,CIT,38,7,10.0,2112.1,21121.0,2024-05-14
2024051405004296,CIT,25,7,50.0,2113.0,105650.0,2024-05-14
2024051405004295,CIT,22,7,10.0,2114.0,21140.0,2024-05-14
2024051401026113,HDL,17,36,20.0,1300.0,26000.0,2024-05-14
2024051403016764,GUFL,22,59,100.0,714.0,71400.0,2024-05-14
2024051403016763,GUFL,22,71,70.0,713.0,49910.0,2024-05-14
2024051403016762,GUFL,22,14,699.0,713.0,498387.0,2024-05-14
2024051403016761,GUFL,22,62,100.0,713.0,71300.0,2024-05-14
2024051403016760,GUFL,22,37,50.0,712.9,35645.0,2024-05-14
2024051403016759,GUFL,22,44,10.0,712.7,7127.0,2024-05-14
2024051403016758,GUFL,22,22,20.0,712.6,14252.0,2024-05-14
2024051403016757,GUFL,22,44,10.0,712.6,7126.0,2024-05-14
2024051403016756,GUFL,22,44,10.0,712.5,7125.0,2024-05-14
2024051403016755,GUFL,22,44,10.0,712.5,7125.0,2024-05-14
2024051403016754,GUFL,22,44,10.0,712.4,7124.0,2024-05-14
2024051403016753,GUFL,22,44,10.0,712.3,7123.0,2024-05-14
2024051403016752,GUFL,22,55,150.0,712.0,106800.0,2024-05-14
2024051403016751,GUFL,22,39,310.0,711.0,220410.0,2024-05-14
2024051403016750,GUFL,22,17,50.0,710.2,35510.0,2024-05-14
2024051403016749,GUFL,22,44,10.0,710.1,7101.0,2024-05-14
2024051403016748,GUFL,22,41,190.0,710.0,134900.0,2024-05-14
2024051403016747,GUFL,22,57,20.0,709.0,14180.0,2024-05-14
2024051404011986,HPPL,19,33,10.0,262.9,2629.0,2024-05-14
2024051404011985,HPPL,19,25,80.0,262.9,21032.0,2024-05-14
2024051404011984,HPPL,19,77,20.0,262.9,5258.0,2024-05-14
2024051404011983,HPPL,19,32,40.0,262.4,10496.0,2024-05-14
2024051404011982,HPPL,19,91,100.0,262.0,26200.0,2024-05-14
2024051404011981,HPPL,19,53,110.0,262.0,28820.0,2024-05-14
2024051404011980,HPPL,19,34,40.0,261.0,10440.0,2024-05-14
2024051401026112,BNHC,29,46,10.0,492.0,4920.0,2024-05-14
2024051401026111,BNHC,29,32,10.0,492.0,4920.0,2024-05-14
2024051401026110,BNHC,29,45,92.0,490.5,45126.0,2024-05-14
2024051401026109,BNHC,29,42,100.0,490.0,49000.0,2024-05-14
2024051401026108,BNHC,29,42,700.0,490.0,343000.0,2024-05-14
2024051401026107,BNHC,29,21,305.0,490.0,149450.0,2024-05-14
2024051404011979,SHEL,75,45,10.0,156.9,1569.0,2024-05-14
2024051403016746,ILBS,66,62,80.0,1360.0,108800.0,2024-05-14
2024051403016745,ILBS,66,72,17.0,1359.0,23103.0,2024-05-14
2024051403016744,EDBL,14,44,20.0,394.9,7898.0,2024-05-14
2024051403016743,PROFL,28,44,50.0,341.0,17050.0,2024-05-14
2024051401026106,BGWT,49,64,10.0,631.0,6310.0,2024-05-14
2024051403016742,SAPDBL,57,29,10.0,331.3,3313.0,2024-05-14
2024051403016741,GLBSL,1,38,20.0,2070.0,41400.0,2024-05-14
2024051403016740,GLBSL,38,38,20.0,2070.0,41400.0,2024-05-14
2024051403016739,GLBSL,34,38,20.0,2080.0,41600.0,2024-05-14
2024051401026105,MEHL,16,45,350.0,311.0,108850.0,2024-05-14
2024051403016738,NFS,55,19,67.0,535.0,35845.0,2024-05-14
2024051403016737,NFS,55,53,33.0,535.0,17655.0,2024-05-14
2024051401026104,USHEC,45,59,10.0,382.0,3820.0,2024-05-14
2024051403016736,MPFL,34,25,10.0,448.0,4480.0,2024-05-14
2024051403016735,MERO,54,19,170.0,693.0,117810.0,2024-05-14
2024051405004294,MMF1,16,46,100.0,7.23,723.0,2024-05-14
2024051405004293,MMF1,16,32,100.0,7.23,723.0,2024-05-14
2024051401026103,CLI,83,43,332.0,462.4,153516.8,2024-05-14
2024051401026102,CLI,85,43,248.0,462.5,114700.0,2024-05-14
2024051401026101,CLI,42,43,10.0,463.0,4630.0,2024-05-14
2024051401026100,CLI,22,43,200.0,463.1,92620.0,2024-05-14
2024051401026099,CLI,38,43,940.0,463.1,435314.0,2024-05-14
2024051401026098,CLI,34,43,190.0,463.3,88027.0,2024-05-14
2024051401026097,CLI,50,43,80.0,464.0,37120.0,2024-05-14
2024051401026096,SONA,39,35,180.0,440.1,79218.0,2024-05-14
2024051401026095,SMH,88,28,80.0,657.0,52560.0,2024-05-14
2024051401026094,SMH,57,28,40.0,658.0,26320.0,2024-05-14
2024051401026093,SMH,88,28,100.0,658.0,65800.0,2024-05-14
2024051401026092,SMH,45,28,50.0,658.1,32905.0,2024-05-14
2024051401026091,SMH,45,28,50.0,658.2,32910.0,2024-05-14
2024051401026090,SARBTM,70,45,50.0,770.0,38500.0,2024-05-14
2024051401026089,SARBTM,70,58,50.0,770.0,38500.0,2024-05-14
2024051401026088,SARBTM,70,43,210.0,770.0,161700.0,2024-05-14
2024051403016734,GUFL,43,35,19.0,708.0,13452.0,2024-05-14
2024051403016733,GUFL,45,35,11.0,708.0,7788.0,2024-05-14
2024051403016732,GUFL,1,35,30.0,708.0,21240.0,2024-05-14
2024051403016731,GUFL,55,35,40.0,708.0,28320.0,2024-05-14
2024051403016730,SJLIC,39,14,42.0,416.0,17472.0,2024-05-14
2024051403016729,KSBBL,46,57,100.0,380.0,38000.0,2024-05-14
2024051401026087,JBLB,58,46,163.0,1380.0,224940.0,2024-05-14
2024051401026086,SCB,77,56,10.0,541.0,5410.0,2024-05-14
2024051404011978,SSHL,17,1,223.0,164.0,36572.0,2024-05-14
2024051401026085,USHEC,17,59,10.0,382.0,3820.0,2024-05-14
2024051403016728,PFL,41,25,1000.0,659.9,659900.0,2024-05-14
2024051401026084,SONA,1,19,10.0,440.0,4400.0,2024-05-14
2024051401026083,NRM,53,41,10.0,359.0,3590.0,2024-05-14
2024051401026082,NRM,46,41,220.0,359.0,78980.0,2024-05-14
2024051404011977,UMRH,35,59,200.0,351.0,70200.0,2024-05-14
2024051403016727,MNBBL,56,34,200.0,354.0,70800.0,2024-05-14
2024051403016726,GMFIL,6,84,75.0,399.7,29977.5,2024-05-14
2024051403016725,GMFIL,6,11,75.0,399.0,29925.0,2024-05-14
2024051403016724,GMFIL,6,25,100.0,398.0,39800.0,2024-05-14
2024051401026081,BHDC,49,56,10.0,481.9,4819.0,2024-05-14
2024051401026080,BHDC,49,57,10.0,481.0,4810.0,2024-05-14
2024051401026079,BHDC,49,34,10.0,481.0,4810.0,2024-05-14
2024051405004292,HRL,4,50,108.0,570.1,61570.8,2024-05-14
2024051405004291,HRL,11,50,219.0,570.1,124851.9,2024-05-14
2024051403016723,MNBBL,55,34,10.0,354.0,3540.0,2024-05-14
2024051401026078,USHL,33,38,75.0,460.0,34500.0,2024-05-14
2024051401026077,KBSH,38,58,10.0,1050.0,10500.0,2024-05-14
2024051404011976,RADHI,50,16,500.0,236.0,118000.0,2024-05-14
2024051401026076,TVCL,58,25,10.0,475.9,4759.0,2024-05-14
2024051401026075,TVCL,58,29,30.0,475.0,14250.0,2024-05-14
2024051401026074,TVCL,58,1,20.0,475.0,9500.0,2024-05-14
2024051401026073,TVCL,58,34,10.0,475.0,4750.0,2024-05-14
2024051401026072,DOLTI,18,58,575.0,425.0,244375.0,2024-05-14
2024051403016722,CFCL,43,25,58.0,396.0,22968.0,2024-05-14
2024051403016721,CFCL,43,21,142.0,393.0,55806.0,2024-05-14
2024051404011975,LEC,47,52,1120.0,186.0,208320.0,2024-05-14
2024051404011974,LEC,47,67,50.0,186.0,9300.0,2024-05-14
2024051404011973,LEC,47,54,30.0,186.0,5580.0,2024-05-14
2024051404011972,LEC,47,25,100.0,185.9,18590.0,2024-05-14
2024051404011971,LEC,47,45,1000.0,185.8,185800.0,2024-05-14
2024051404011970,LEC,47,28,50.0,185.6,9280.0,2024-05-14
2024051404011969,LEC,47,4,100.0,185.5,18550.0,2024-05-14
2024051404011968,LEC,47,26,1000.0,185.4,185400.0,2024-05-14
2024051404011967,LEC,47,22,200.0,185.0,37000.0,2024-05-14
2024051404011966,LEC,47,45,1000.0,185.0,185000.0,2024-05-14
2024051404011965,LEC,47,6,290.0,185.0,53650.0,2024-05-14
2024051404011964,LEC,47,63,60.0,184.0,11040.0,2024-05-14
2024051403016720,GUFL,55,39,10.0,708.0,7080.0,2024-05-14
2024051403016719,GUFL,32,39,50.0,708.3,35415.0,2024-05-14
2024051403016718,GUFL,43,39,10.0,708.3,7083.0,2024-05-14
2024051403016717,GUFL,6,39,20.0,708.5,14170.0,2024-05-14
2024051401026071,GVL,77,34,10.0,452.0,4520.0,2024-05-14
2024051401026070,GVL,77,55,10.0,450.0,4500.0,2024-05-14
2024051401026069,GVL,77,54,10.0,450.0,4500.0,2024-05-14
2024051401026068,GVL,77,32,10.0,450.0,4500.0,2024-05-14
2024051401026067,GVL,77,5,155.0,450.0,69750.0,2024-05-14
2024051401026066,GVL,77,47,10.0,450.0,4500.0,2024-05-14
2024051401026065,GVL,77,47,10.0,450.0,4500.0,2024-05-14
2024051401026064,GVL,77,47,10.0,449.0,4490.0,2024-05-14
2024051401026063,GVL,77,47,10.0,449.0,4490.0,2024-05-14
2024051401026062,GVL,77,8,100.0,448.0,44800.0,2024-05-14
2024051401026061,TSHL,77,35,10.0,514.0,5140.0,2024-05-14
2024051401026060,TSHL,77,39,90.0,513.2,46188.0,2024-05-14
2024051401026059,TSHL,77,52,10.0,513.0,5130.0,2024-05-14
2024051401026058,TSHL,77,45,10.0,512.0,5120.0,2024-05-14
2024051401026057,TSHL,77,48,50.0,510.0,25500.0,2024-05-14
2024051401026056,TSHL,77,58,10.0,510.0,5100.0,2024-05-14
2024051401026055,TSHL,77,10,10.0,510.0,5100.0,2024-05-14
2024051401026054,TSHL,77,55,10.0,510.0,5100.0,2024-05-14
2024051401026053,TSHL,77,77,10.0,509.0,5090.0,2024-05-14
2024051401026052,TSHL,77,65,285.0,509.0,145065.0,2024-05-14
2024051401026051,JBLB,58,42,20.0,1380.0,27600.0,2024-05-14
2024051401026050,CYCL,60,57,10.0,1578.0,15780.0,2024-05-14
2024051403016716,KRBL,36,7,10.0,449.0,4490.0,2024-05-14
2024051401026049,SMHL,49,18,350.0,442.1,154735.0,2024-05-14
2024051401026048,SMHL,39,18,300.0,442.2,132660.0,2024-05-14
2024051404011963,RADHI,67,21,30.0,239.6,7188.0,2024-05-14
2024051404011962,RADHI,67,26,500.0,239.0,119500.0,2024-05-14
2024051404011961,RADHI,67,16,1000.0,238.4,238400.0,2024-05-14
2024051404011960,RADHI,67,3,150.0,238.0,35700.0,2024-05-14
2024051404011959,RADHI,67,45,1000.0,238.0,238000.0,2024-05-14
2024051404011958,RADHI,67,35,50.0,238.0,11900.0,2024-05-14
2024051404011957,RADHI,67,43,100.0,238.0,23800.0,2024-05-14
2024051404011956,RADHI,67,45,450.0,237.9,107055.0,2024-05-14
2024051404011955,RADHI,67,50,50.0,237.8,11890.0,2024-05-14
2024051404011954,RADHI,67,43,150.0,237.8,35670.0,2024-05-14
2024051404011953,RADHI,67,13,430.0,237.7,102211.0,2024-05-14
2024051404011952,RADHI,67,74,100.0,237.0,23700.0,2024-05-14
2024051404011951,RADHI,67,16,990.0,236.9,234531.0,2024-05-14
2024051404011950,AHPC,25,57,300.0,165.9,49770.0,2024-05-14
2024051401026047,EHPL,70,25,40.0,450.0,18000.0,2024-05-14
2024051401026046,EHPL,19,25,100.0,450.0,45000.0,2024-05-14
2024051401026045,EHPL,72,25,100.0,452.1,45210.0,2024-05-14
2024051401026044,EHPL,1,25,100.0,453.0,45300.0,2024-05-14
2024051401026043,EHPL,47,25,180.0,453.0,81540.0,2024-05-14
2024051401026042,TAMOR,59,4,10.0,380.0,3800.0,2024-05-14
2024051401026041,TAMOR,59,65,50.0,379.9,18995.0,2024-05-14
2024051401026040,TAMOR,59,33,100.0,379.8,37980.0,2024-05-14
2024051405004290,HRL,40,4,10.0,570.2,5702.0,2024-05-14
2024051401026039,MLBS,29,34,15.0,1331.9,19978.5,2024-05-14
2024051401026038,SONA,1,29,10.0,440.0,4400.0,2024-05-14
2024051401026037,CLI,29,34,42.0,465.0,19530.0,2024-05-14
2024051401026036,CLI,29,57,39.0,465.0,18135.0,2024-05-14
2024051403016715,MLBSL,62,3,100.0,1778.0,177800.0,2024-05-14
2024051404011949,UPCL,49,34,171.0,198.5,33943.5,2024-05-14
2024051403016714,SJLIC,39,16,84.0,416.0,34944.0,2024-05-14
2024051403016713,SJLIC,38,16,16.0,416.0,6656.0,2024-05-14
2024051403016712,NLIC,58,8,12.0,589.0,7068.0,2024-05-14
2024051403016711,NLIC,58,41,108.0,589.0,63612.0,2024-05-14
2024051403016710,NLIC,58,58,20.0,588.5,11770.0,2024-05-14
2024051403016709,RLFL,42,16,148.0,393.0,58164.0,2024-05-14
2024051403016708,RLFL,42,13,100.0,392.9,39290.0,2024-05-14
2024051403016707,RLFL,42,50,500.0,392.0,196000.0,2024-05-14
2024051403016706,RLFL,42,55,150.0,392.0,58800.0,2024-05-14
2024051403016705,RLFL,42,26,102.0,392.0,39984.0,2024-05-14
2024051401026035,RHGCL,71,74,339.0,375.0,127125.0,2024-05-14
2024051401026034,RHGCL,71,22,10.0,375.0,3750.0,2024-05-14
2024051401026033,RHGCL,71,58,10.0,375.0,3750.0,2024-05-14
2024051401026032,RHGCL,71,52,10.0,375.0,3750.0,2024-05-14
2024051401026031,RHGCL,71,63,10.0,375.0,3750.0,2024-05-14
2024051401026030,RHGCL,71,35,10.0,375.0,3750.0,2024-05-14
2024051401026029,RHGCL,71,34,10.0,375.0,3750.0,2024-05-14
2024051401026028,RHGCL,71,53,10.0,375.0,3750.0,2024-05-14
2024051401026027,RHGCL,71,38,10.0,375.0,3750.0,2024-05-14
2024051401026026,RHGCL,71,50,10.0,375.0,3750.0,2024-05-14
2024051401026025,RHGCL,71,17,500.0,375.0,187500.0,2024-05-14
2024051401026024,RHGCL,71,19,10.0,375.0,3750.0,2024-05-14
2024051401026023,RHGCL,71,45,10.0,375.0,3750.0,2024-05-14
2024051401026022,RHGCL,71,50,500.0,375.0,187500.0,2024-05-14
2024051401026021,RHGCL,71,59,10.0,375.0,3750.0,2024-05-14
2024051401026020,RHGCL,71,32,10.0,375.0,3750.0,2024-05-14
2024051401026019,RHGCL,71,57,100.0,375.0,37500.0,2024-05-14
2024051401026018,RHGCL,71,63,500.0,374.9,187450.0,2024-05-14
2024051401026017,RHGCL,71,64,100.0,374.8,37480.0,2024-05-14
2024051401026016,RHGCL,71,16,100.0,374.5,37450.0,2024-05-14
2024051401026015,RHGCL,71,7,180.0,374.5,67410.0,2024-05-14
2024051401026014,RHGCL,71,57,269.0,374.0,100606.0,2024-05-14
2024051401026013,RHGCL,71,6,100.0,374.0,37400.0,2024-05-14
2024051401026012,RHGCL,71,57,100.0,374.0,37400.0,2024-05-14
2024051401026011,RHGCL,71,50,42.0,373.8,15699.6,2024-05-14
2024051401026010,RHGCL,71,21,30.0,373.0,11190.0,2024-05-14
2024051401026009,RHGCL,71,41,10.0,373.0,3730.0,2024-05-14
2024051401026008,SCB,69,33,10.0,540.0,5400.0,2024-05-14
2024051404011948,AKPL,25,45,35.0,171.0,5985.0,2024-05-14
2024051403016704,NICLBSL,34,1,10.0,656.0,6560.0,2024-05-14
2024051403016703,NICLBSL,34,8,10.0,655.0,6550.0,2024-05-14
2024051401026007,DLBS,16,41,17.0,1264.0,21488.0,2024-05-14
2024051401026006,DLBS,16,58,30.0,1264.0,37920.0,2024-05-14
2024051403016702,CBBL,58,50,11.0,842.7,9269.7,2024-05-14
2024051404011947,UPPER,38,11,100.0,167.6,16760.0,2024-05-14
2024051401026005,JBLB,58,47,72.0,1380.0,99360.0,2024-05-14
2024051401026004,NRM,39,38,10.0,359.6,3596.0,2024-05-14
2024051401026003,SMHL,39,1,100.0,442.2,44220.0,2024-05-14
2024051401026002,SBI,58,35,80.0,281.7,22536.0,2024-05-14
2024051401026001,SBI,17,35,10.0,281.7,2817.0,2024-05-14
2024051401026000,SHLB,25,17,10.0,1560.0,15600.0,2024-05-14
2024051401025999,MHCL,81,47,50.0,387.5,19375.0,2024-05-14
2024051405004289,CIT,22,17,10.0,2119.0,21190.0,2024-05-14
2024051403016701,NABBC,25,22,500.0,514.3,257150.0,2024-05-14
2024051403016700,HLBSL,42,22,81.0,949.5,76909.5,2024-05-14
2024051401025998,SHLB,25,91,100.0,1560.0,156000.0,2024-05-14
2024051401025997,HDL,41,36,10.0,1300.0,13000.0,2024-05-14
2024051401025996,HDL,41,35,10.0,1300.0,13000.0,2024-05-14
2024051401025995,HDL,41,42,10.0,1300.0,13000.0,2024-05-14
2024051403016699,ILBS,62,72,83.0,1359.0,112797.0,2024-05-14
2024051404011946,UMRH,5,58,10.0,355.0,3550.0,2024-05-14
2024051404011945,GLH,58,44,50.0,208.1,10405.0,2024-05-14
2024051404011944,GLH,29,44,100.0,208.1,20810.0,2024-05-14
2024051401025994,PHCL,49,42,10.0,298.0,2980.0,2024-05-14
2024051401025993,SPHL,55,62,10.0,474.0,4740.0,2024-05-14
2024051403016698,KSBBL,38,57,10.0,380.0,3800.0,2024-05-14
2024051404011943,SHEL,44,45,19.0,157.3,2988.7,2024-05-14
2024051404011942,SHEL,58,45,471.0,157.4,74135.4,2024-05-14
2024051401025992,MEHL,16,57,10.0,311.0,3110.0,2024-05-14
2024051401025991,MEHL,16,36,785.0,311.0,244135.0,2024-05-14
2024051401025990,SHIVM,13,17,50.0,498.5,24925.0,2024-05-14
2024051401025989,SRLI,6,34,39.0,442.3,17249.7,2024-05-14
2024051401025988,SRLI,22,34,48.0,442.3,21230.4,2024-05-14
2024051401025987,SRLI,7,34,13.0,442.5,5752.5,2024-05-14
2024051403016697,MPFL,69,32,40.0,445.3,17812.0,2024-05-14
2024051403016696,MPFL,66,32,50.0,445.4,22270.0,2024-05-14
2024051404011941,API,58,44,10.0,176.0,1760.0,2024-05-14
2024051404011940,RADHI,35,16,10.0,236.9,2369.0,2024-05-14
2024051404011939,UPPER,46,42,70.0,167.7,11739.0,2024-05-14
2024051403016695,JBBL,42,57,133.0,299.0,39767.0,2024-05-14
2024051403016694,JBBL,42,41,20.0,299.0,5980.0,2024-05-14
2024051403016693,JBBL,42,46,650.0,298.8,194220.0,2024-05-14
2024051403016692,JBBL,42,44,100.0,298.6,29860.0,2024-05-14
2024051403016691,JBBL,42,49,1000.0,298.0,298000.0,2024-05-14
2024051403016690,JBBL,42,16,97.0,298.0,28906.0,2024-05-14
2024051403016689,SFCL,20,59,137.0,345.0,47265.0,2024-05-14
2024051401025986,DOLTI,18,36,213.0,425.0,90525.0,2024-05-14
2024051403016688,GBLBS,17,41,100.0,799.0,79900.0,2024-05-14
2024051403016687,PFL,59,22,37.0,665.0,24605.0,2024-05-14
2024051401025985,MKHC,5,58,10.0,315.9,3159.0,2024-05-14
2024051403016686,RLFL,42,6,200.0,391.3,78260.0,2024-05-14
2024051401025984,USHL,33,38,925.0,460.0,425500.0,2024-05-14
2024051401025983,USHL,42,38,100.0,460.0,46000.0,2024-05-14
2024051401025982,USHL,57,38,150.0,460.0,69000.0,2024-05-14
2024051401025981,USHL,16,38,75.0,460.1,34507.5,2024-05-14
2024051401025980,SNLI,42,45,43.0,462.0,19866.0,2024-05-14
2024051401025979,SNLI,49,45,10.0,462.0,4620.0,2024-05-14
2024051401025978,PRVU,54,57,100.0,141.5,14150.0,2024-05-14
2024051401025977,NABIL,32,14,99.0,433.5,42916.5,2024-05-14
2024051403016685,NUBL,34,28,10.0,671.0,6710.0,2024-05-14
2024051405004288,NIFRA,34,45,167.0,202.0,33734.0,2024-05-14
2024051405004287,NIFRA,34,46,500.0,202.0,101000.0,2024-05-14
2024051405004286,NIFRA,34,13,60.0,202.0,12120.0,2024-05-14
2024051401025976,CLI,50,58,10.0,464.0,4640.0,2024-05-14
2024051403016684,LBBL,66,58,300.0,380.1,114030.0,2024-05-14
2024051403016683,ILBS,62,81,17.0,1359.0,23103.0,2024-05-14
2024051403016682,SWMF,25,81,119.0,810.0,96390.0,2024-05-14
2024051403016681,SWMF,1,81,181.0,810.0,146610.0,2024-05-14
2024051401025975,UNLB,62,19,50.0,1854.7,92735.0,2024-05-14
2024051403016680,GUFL,6,59,80.0,708.5,56680.0,2024-05-14
2024051401025974,SCB,28,56,325.0,538.0,174850.0,2024-05-14
2024051401025973,SCB,41,56,150.0,538.1,80715.0,2024-05-14
2024051401025972,PPL,6,29,10.0,541.0,5410.0,2024-05-14
2024051401025971,PPL,38,29,190.0,541.0,102790.0,2024-05-14
2024051403016679,ALICL,44,28,39.0,577.2,22510.8,2024-05-14
2024051403016678,ALICL,44,49,500.0,577.1,288550.0,2024-05-14
2024051403016677,ALICL,44,33,461.0,577.0,265997.0,2024-05-14
2024051403016676,PFL,41,8,60.0,659.9,39594.0,2024-05-14
2024051401025970,CYCL,60,57,20.0,1578.1,31562.0,2024-05-14
2024051403016675,JBBL,53,50,50.0,297.5,14875.0,2024-05-14
2024051403016674,JBBL,25,50,250.0,297.5,74375.0,2024-05-14
2024051403016673,JBBL,41,50,200.0,297.5,59500.0,2024-05-14
2024051404011938,SICL,19,50,69.0,690.0,47610.0,2024-05-14
2024051404011937,SICL,58,50,50.0,690.0,34500.0,2024-05-14
2024051404011936,SICL,17,50,25.0,690.0,17250.0,2024-05-14
2024051404011935,SICL,38,50,946.0,690.1,652834.6,2024-05-14
2024051404011934,SICL,13,50,100.0,690.2,69020.0,2024-05-14
2024051404011933,SICL,40,50,75.0,690.5,51787.5,2024-05-14
2024051401025969,SMJC,57,45,10.0,362.1,3621.0,2024-05-14
2024051401025968,MEHL,70,45,10.0,310.8,3108.0,2024-05-14
2024051401025967,BHDC,45,13,80.0,475.1,38008.0,2024-05-14
2024051403016672,BFC,22,34,400.0,392.5,157000.0,2024-05-14
2024051401025966,MKCL,33,26,10.0,855.0,8550.0,2024-05-14
2024051403016671,GBLBS,58,59,150.0,804.8,120720.0,2024-05-14
2024051403016670,GBLBS,58,33,100.0,804.7,80470.0,2024-05-14
2024051403016669,GBLBS,58,34,90.0,804.7,72423.0,2024-05-14
2024051401025965,SHIVM,26,45,225.0,498.0,112050.0,2024-05-14
2024051401025964,SIKLES,37,1,12.0,500.2,6002.4,2024-05-14
2024051401025963,SHLB,25,35,10.0,1560.0,15600.0,2024-05-14
2024051404011932,NGPL,59,41,200.0,309.4,61880.0,2024-05-14
2024051403016668,GLBSL,38,74,10.0,2090.0,20900.0,2024-05-14
2024051405004285,CHDC,39,49,545.0,764.4,416598.0,2024-05-14
2024051405004284,CHDC,41,49,100.0,765.0,76500.0,2024-05-14
2024051405004283,CHDC,1,49,235.0,765.0,179775.0,2024-05-14
2024051405004282,CHDC,38,49,20.0,766.0,15320.0,2024-05-14
2024051405004281,CHDC,25,49,100.0,766.0,76600.0,2024-05-14
2024051401025962,BEDC,3,49,100.0,374.1,37410.0,2024-05-14
2024051405004280,NTC,49,34,10.0,832.0,8320.0,2024-05-14
2024051403016667,HLI,35,49,25.0,397.0,9925.0,2024-05-14
2024051405004279,NRN,50,45,100.0,507.0,50700.0,2024-05-14
2024051403016666,HLBSL,45,61,560.0,951.5,532840.0,2024-05-14
2024051403016665,HLBSL,45,53,50.0,951.5,47575.0,2024-05-14
2024051403016664,HLBSL,45,32,20.0,951.5,19030.0,2024-05-14
2024051403016663,HLBSL,45,57,28.0,951.5,26642.0,2024-05-14
2024051403016662,HLBSL,45,42,200.0,951.5,190300.0,2024-05-14
2024051403016661,HLBSL,45,57,50.0,951.5,47575.0,2024-05-14
2024051403016660,HLBSL,45,18,100.0,951.5,95150.0,2024-05-14
2024051403016659,HLBSL,45,10,36.0,951.5,34254.0,2024-05-14
2024051403016658,HLBSL,45,33,500.0,951.5,475750.0,2024-05-14
2024051403016657,HLBSL,45,38,100.0,951.5,95150.0,2024-05-14
2024051403016656,HLBSL,45,25,22.0,951.5,20933.0,2024-05-14
2024051403016655,HLBSL,45,17,16.0,951.5,15224.0,2024-05-14
2024051403016654,HLBSL,45,33,55.0,951.4,52327.0,2024-05-14
2024051403016653,HLBSL,45,13,200.0,951.1,190220.0,2024-05-14
2024051403016652,HLBSL,45,41,500.0,951.0,475500.0,2024-05-14
2024051403016651,HLBSL,45,41,500.0,951.0,475500.0,2024-05-14
2024051403016650,HLBSL,45,33,500.0,951.0,475500.0,2024-05-14
2024051403016649,HLBSL,45,38,500.0,950.9,475450.0,2024-05-14
2024051403016648,HLBSL,45,18,63.0,950.2,59862.6,2024-05-14
2024051401025961,KBL,57,32,35.0,139.5,4882.5,2024-05-14
2024051401025960,KBL,49,32,30.0,139.5,4185.0,2024-05-14
2024051403016647,PFL,41,58,20.0,659.9,13198.0,2024-05-14
2024051404011931,AKJCL,58,19,170.0,210.0,35700.0,2024-05-14
2024051403016646,SMFBS,49,58,150.0,1300.0,195000.0,2024-05-14
2024051401025959,NIMB,34,54,18.0,157.9,2842.2,2024-05-14
2024051401025958,SNLI,58,11,20.0,462.5,9250.0,2024-05-14
2024051404011930,SHL,54,1,100.0,444.0,44400.0,2024-05-14
2024051404011929,SHL,38,1,100.0,444.0,44400.0,2024-05-14
2024051404011928,SHL,41,1,200.0,444.0,88800.0,2024-05-14
2024051404011927,SHL,25,1,110.0,444.1,48851.0,2024-05-14
2024051403016645,GBLBS,22,58,10.0,803.0,8030.0,2024-05-14
2024051403016644,GBLBS,4,58,40.0,804.0,32160.0,2024-05-14
2024051401025957,EBL,67,25,108.0,511.0,55188.0,2024-05-14
2024051403016643,JBBL,5,16,403.0,298.0,120094.0,2024-05-14
2024051403016642,JBBL,5,41,57.0,298.0,16986.0,2024-05-14
2024051403016641,JBBL,5,5,200.0,298.0,59600.0,2024-05-14
2024051403016640,JBBL,5,42,290.0,298.0,86420.0,2024-05-14
2024051403016639,JBBL,5,45,50.0,298.0,14900.0,2024-05-14
2024051401025956,SHIVM,59,45,200.0,498.0,99600.0,2024-05-14
2024051404011926,HEI,48,66,300.0,607.1,182130.0,2024-05-14
2024051403016638,SFCL,59,44,85.0,344.1,29248.5,2024-05-14
2024051403016637,SFCL,45,44,30.0,344.5,10335.0,2024-05-14
2024051403016636,SFCL,11,44,75.0,344.6,25845.0,2024-05-14
2024051403016635,SADBL,62,35,1701.0,326.0,554526.0,2024-05-14
2024051403016634,SADBL,62,52,100.0,326.0,32600.0,2024-05-14
2024051403016633,SADBL,62,38,99.0,325.9,32264.1,2024-05-14
2024051403016632,SADBL,62,65,100.0,325.9,32590.0,2024-05-14
2024051403016631,SIFC,57,34,280.0,423.0,118440.0,2024-05-14
2024051401025955,SHIVM,58,45,15.0,498.0,7470.0,2024-05-14
2024051401025954,SHIVM,17,45,60.0,498.0,29880.0,2024-05-14
2024051403016630,PFL,41,45,100.0,659.9,65990.0,2024-05-14
2024051401025953,RBCLPO,45,59,50.0,10798.0,539900.0,2024-05-14
2024051403016629,ICFC,47,32,165.0,518.0,85470.0,2024-05-14
2024051401025952,ULHC,34,45,129.0,342.0,44118.0,2024-05-14
2024051401025951,ULHC,34,21,20.0,342.0,6840.0,2024-05-14
2024051401025950,ULHC,34,42,10.0,342.0,3420.0,2024-05-14
2024051401025949,ULHC,34,54,10.0,342.0,3420.0,2024-05-14
2024051401025948,ULHC,34,42,10.0,342.0,3420.0,2024-05-14
2024051401025947,ULHC,34,33,200.0,341.9,68380.0,2024-05-14
2024051401025946,ULHC,34,35,10.0,341.7,3417.0,2024-05-14
2024051401025945,ULHC,34,49,10.0,341.0,3410.0,2024-05-14
2024051401025944,ULHC,34,42,10.0,341.0,3410.0,2024-05-14
2024051401025943,ULHC,34,38,10.0,341.0,3410.0,2024-05-14
2024051401025942,ULHC,34,35,71.0,341.0,24211.0,2024-05-14
2024051401025941,ULHC,34,41,10.0,341.0,3410.0,2024-05-14
2024051401025940,ULHC,34,34,10.0,341.0,3410.0,2024-05-14
2024051401025939,ULHC,34,38,10.0,341.0,3410.0,2024-05-14
2024051401025938,ULHC,34,49,10.0,340.5,3405.0,2024-05-14
2024051401025937,ULHC,34,58,30.0,340.0,10200.0,2024-05-14
2024051401025936,ULHC,34,26,10.0,340.0,3400.0,2024-05-14
2024051401025935,ULHC,34,40,10.0,340.0,3400.0,2024-05-14
2024051401025934,ULHC,34,62,100.0,339.7,33970.0,2024-05-14
2024051401025933,ULHC,34,62,100.0,339.0,33900.0,2024-05-14
2024051401025932,ULHC,34,59,10.0,339.0,3390.0,2024-05-14
2024051401025931,ULHC,34,49,10.0,338.0,3380.0,2024-05-14
2024051401025930,ULHC,34,38,10.0,337.0,3370.0,2024-05-14
2024051401025929,ULHC,34,6,10.0,337.0,3370.0,2024-05-14
2024051401025928,ULHC,34,57,10.0,337.0,3370.0,2024-05-14
2024051401025927,ULHC,34,41,10.0,336.7,3367.0,2024-05-14
2024051401025926,ULHC,34,62,40.0,336.6,13464.0,2024-05-14
2024051401025925,ULHC,34,45,10.0,336.0,3360.0,2024-05-14
2024051401025924,ULHC,34,18,10.0,335.0,3350.0,2024-05-14
2024051401025923,ULHC,34,57,10.0,335.0,3350.0,2024-05-14
2024051401025922,ULHC,34,58,90.0,333.0,29970.0,2024-05-14
2024051401025921,AVYAN,70,58,10.0,864.0,8640.0,2024-05-14
2024051403016628,SLBBL,58,34,50.0,768.0,38400.0,2024-05-14
2024051403016627,SLBBL,58,38,190.0,765.0,145350.0,2024-05-14
2024051404011925,PPCL,7,14,300.0,234.0,70200.0,2024-05-14
2024051404011924,SPIL,35,45,38.0,789.9,30016.2,2024-05-14
2024051404011923,SPIL,35,33,20.0,789.9,15798.0,2024-05-14
2024051404011922,SPIL,35,58,10.0,789.9,7899.0,2024-05-14
2024051404011921,SPIL,35,57,20.0,789.9,15798.0,2024-05-14
2024051404011920,SPIL,35,4,50.0,789.8,39490.0,2024-05-14
2024051404011919,SPIL,35,42,10.0,789.0,7890.0,2024-05-14
2024051404011918,SPIL,35,50,52.0,788.9,41022.8,2024-05-14
2024051404011917,UPCL,35,46,10.0,198.9,1989.0,2024-05-14
2024051401025920,ILI,4,94,10.0,547.0,5470.0,2024-05-14
2024051401025919,ILI,22,94,20.0,547.0,10940.0,2024-05-14
2024051401025918,ILI,38,94,40.0,547.0,21880.0,2024-05-14
2024051401025917,ILI,59,94,60.0,547.0,32820.0,2024-05-14
2024051401025916,ILI,39,94,33.0,547.0,18051.0,2024-05-14
2024051403016626,SHINE,42,57,814.0,405.0,329670.0,2024-05-14
2024051403016625,SHINE,42,28,3675.0,404.9,1488007.5,2024-05-14
2024051403016624,SHINE,42,22,50.0,404.9,20245.0,2024-05-14
2024051403016623,SHINE,42,49,400.0,404.9,161960.0,2024-05-14
2024051403016622,SHINE,42,26,3000.0,404.9,1214700.0,2024-05-14
2024051403016621,SHINE,42,63,100.0,404.9,40490.0,2024-05-14
2024051403016620,SHINE,42,41,100.0,404.9,40490.0,2024-05-14
2024051403016619,SHINE,42,7,10.0,404.3,4043.0,2024-05-14
2024051403016618,SHINE,42,3,100.0,404.0,40400.0,2024-05-14
2024051403016617,SHINE,42,48,1000.0,404.0,404000.0,2024-05-14
2024051403016616,SHINE,42,17,50.0,404.0,20200.0,2024-05-14
2024051403016615,SHINE,42,42,50.0,404.0,20200.0,2024-05-14
2024051403016614,SHINE,42,11,251.0,404.0,101404.0,2024-05-14
2024051403016613,SHINE,42,13,200.0,403.9,80780.0,2024-05-14
2024051403016612,SHINE,42,36,200.0,403.9,80780.0,2024-05-14
2024051404011916,SHEL,58,42,10.0,157.4,1574.0,2024-05-14
2024051401025915,MANDU,65,61,730.0,905.0,660650.0,2024-05-14
2024051401025914,MANDU,33,61,100.0,906.0,90600.0,2024-05-14
2024051401025913,MANDU,56,61,170.0,906.0,154020.0,2024-05-14
2024051404011915,SHPC,39,42,220.0,330.1,72622.0,2024-05-14
2024051401025912,JALPA,14,21,14.0,1401.3,19618.2,2024-05-14
2024051401025911,JALPA,38,21,10.0,1402.0,14020.0,2024-05-14
2024051401025910,JALPA,34,21,10.0,1402.0,14020.0,2024-05-14
2024051401025909,JALPA,7,21,10.0,1403.0,14030.0,2024-05-14
2024051403016611,PFL,41,22,13.0,665.0,8645.0,2024-05-14
2024051403016610,PFL,41,7,30.0,665.0,19950.0,2024-05-14
2024051403016609,PFL,41,36,50.0,664.9,33245.0,2024-05-14
2024051403016608,PFL,41,34,107.0,664.8,71133.6,2024-05-14
2024051403016607,PFL,41,72,500.0,664.0,332000.0,2024-05-14
2024051403016606,PFL,41,5,200.0,664.0,132800.0,2024-05-14
2024051403016605,PFL,41,40,51.0,664.0,33864.0,2024-05-14
2024051403016604,PFL,41,11,500.0,664.0,332000.0,2024-05-14
2024051403016603,PFL,41,42,369.0,664.0,245016.0,2024-05-14
2024051403016602,PFL,41,71,300.0,664.0,199200.0,2024-05-14
2024051403016601,PFL,41,22,500.0,664.0,332000.0,2024-05-14
2024051403016600,PFL,41,37,315.0,663.0,208845.0,2024-05-14
2024051403016599,PFL,41,56,300.0,663.0,198900.0,2024-05-14
2024051403016598,PFL,41,17,100.0,663.0,66300.0,2024-05-14
2024051403016597,PFL,41,45,500.0,663.0,331500.0,2024-05-14
2024051403016596,PFL,41,22,500.0,663.0,331500.0,2024-05-14
2024051403016595,PFL,41,58,50.0,660.0,33000.0,2024-05-14
2024051403016594,PFL,41,37,40.0,660.0,26400.0,2024-05-14
2024051403016593,PFL,41,66,200.0,660.0,132000.0,2024-05-14
2024051403016592,PFL,41,38,100.0,660.0,66000.0,2024-05-14
2024051403016591,PFL,41,22,275.0,660.0,181500.0,2024-05-14
2024051403016590,SINDU,17,10,500.0,395.0,197500.0,2024-05-14
2024051404011914,UNHPL,38,57,155.0,226.0,35030.0,2024-05-14
2024051404011913,UNHPL,45,57,145.0,226.0,32770.0,2024-05-14
2024051403016589,ALICL,57,33,39.0,577.0,22503.0,2024-05-14
2024051403016588,ALICL,57,54,91.0,576.1,52425.1,2024-05-14
2024051403016587,ALICL,57,58,220.0,576.1,126742.0,2024-05-14
2024051403016586,ALICL,57,49,600.0,575.9,345540.0,2024-05-14
2024051403016585,ALICL,57,41,50.0,575.8,28790.0,2024-05-14
2024051404011912,UAIL,50,75,1335.0,585.0,780975.0,2024-05-14
2024051404011911,UAIL,50,8,10.0,585.0,5850.0,2024-05-14
2024051404011910,UAIL,50,46,20.0,585.0,11700.0,2024-05-14
2024051404011909,UAIL,50,57,50.0,585.0,29250.0,2024-05-14
2024051404011908,UAIL,50,46,50.0,585.0,29250.0,2024-05-14
2024051404011907,UAIL,50,49,30.0,585.0,17550.0,2024-05-14
2024051404011906,UAIL,50,54,22.0,585.0,12870.0,2024-05-14
2024051404011905,UAIL,50,19,50.0,584.0,29200.0,2024-05-14
2024051404011904,UAIL,50,51,37.0,583.9,21604.3,2024-05-14
2024051404011903,UAIL,50,26,50.0,583.0,29150.0,2024-05-14
2024051404011902,UAIL,50,58,20.0,582.0,11640.0,2024-05-14
2024051404011901,UAIL,50,48,33.0,582.0,19206.0,2024-05-14
2024051404011900,UAIL,50,8,50.0,582.0,29100.0,2024-05-14
2024051404011899,UAIL,50,59,243.0,581.6,141328.8,2024-05-14
2024051403016584,MFIL,38,26,200.0,505.0,101000.0,2024-05-14
2024051401025908,JBLB,58,45,44.0,1380.0,60720.0,2024-05-14
2024051401025907,MANDU,56,11,10.0,906.0,9060.0,2024-05-14
2024051401025906,NRM,46,34,100.0,359.0,35900.0,2024-05-14
2024051403016583,SAPDBL,18,58,145.0,330.3,47893.5,2024-05-14
2024051401025905,ULHC,58,58,340.0,333.0,113220.0,2024-05-14
2024051401025904,ULHC,58,45,10.0,332.0,3320.0,2024-05-14
2024051401025903,ULHC,58,58,150.0,332.0,49800.0,2024-05-14
2024051404011898,HEI,35,58,11.0,613.0,6743.0,2024-05-14
2024051404011897,HEI,35,13,29.0,613.0,17777.0,2024-05-14
2024051404011896,HEI,35,42,10.0,613.0,6130.0,2024-05-14
2024051404011895,HEI,35,62,250.0,612.0,153000.0,2024-05-14
2024051404011894,HEI,35,51,200.0,611.0,122200.0,2024-05-14
2024051401025902,NESDO,39,45,15.0,1869.0,28035.0,2024-05-14
2024051401025901,DOLTI,42,36,285.0,425.0,121125.0,2024-05-14
2024051404011893,SPDL,17,25,11.0,239.0,2629.0,2024-05-14
2024051403016582,PFL,41,25,1000.0,659.9,659900.0,2024-05-14
2024051403016581,SDLBSL,19,13,30.0,975.0,29250.0,2024-05-14
2024051403016580,SDLBSL,19,36,200.0,975.0,195000.0,2024-05-14
2024051403016579,SDLBSL,19,36,20.0,973.0,19460.0,2024-05-14
2024051401025900,GBIME,50,21,500.0,177.0,88500.0,2024-05-14
2024051405004278,HRL,40,74,10.0,570.2,5702.0,2024-05-14
2024051403016578,SFCL,11,44,25.0,344.6,8615.0,2024-05-14
2024051403016577,MLBL,48,44,290.0,334.1,96889.0,2024-05-14
2024051401025899,MMKJL,38,57,10.0,450.0,4500.0,2024-05-14
2024051401025898,PPL,38,7,10.0,541.0,5410.0,2024-05-14
2024051401025897,PPL,38,28,300.0,541.0,162300.0,2024-05-14
2024051401025896,JALPA,38,34,20.0,1412.0,28240.0,2024-05-14
2024051401025895,SAHAS,32,38,50.0,510.0,25500.0,2024-05-14
2024051401025894,SAHAS,41,38,10.0,511.0,5110.0,2024-05-14
2024051401025893,TSHL,48,65,10.0,509.0,5090.0,2024-05-14
2024051401025892,HDL,25,47,30.0,1298.0,38940.0,2024-05-14
2024051401025891,SONA,52,35,100.0,440.1,44010.0,2024-05-14
2024051404011892,UMRH,58,58,150.0,355.0,53250.0,2024-05-14
2024051401025890,SARBTM,83,43,10.0,770.0,7700.0,2024-05-14
2024051401025889,MANDU,56,39,10.0,906.0,9060.0,2024-05-14
2024051401025888,BNHC,6,88,70.0,489.0,34230.0,2024-05-14
2024051401025887,MANDU,56,17,10.0,906.0,9060.0,2024-05-14
2024051401025886,SARBTM,53,43,50.0,770.0,38500.0,2024-05-14
2024051404011891,SHL,29,45,100.0,445.0,44500.0,2024-05-14
2024051405004277,NIFRA,19,59,100.0,201.0,20100.0,2024-05-14
2024051404011890,HEI,14,62,250.0,608.0,152000.0,2024-05-14
2024051403016576,SWMF,55,94,50.0,814.0,40700.0,2024-05-14
2024051403016575,SFCL,49,59,10.0,345.0,3450.0,2024-05-14
2024051404011889,HURJA,16,58,50.0,290.0,14500.0,2024-05-14
2024051404011888,UPPER,32,42,30.0,167.7,5031.0,2024-05-14
2024051401025885,LSL,33,55,141.0,156.9,22122.9,2024-05-14
2024051401025884,LSL,33,16,100.0,156.9,15690.0,2024-05-14
2024051401025883,LSL,33,19,759.0,156.8,119011.2,2024-05-14
2024051404011887,MEN,10,34,200.0,546.7,109340.0,2024-05-14
2024051404011886,AKJCL,1,19,60.0,210.0,12600.0,2024-05-14
2024051404011885,CHL,58,11,139.0,322.0,44758.0,2024-05-14
2024051404011884,CHL,58,45,50.0,322.0,16100.0,2024-05-14
2024051404011883,CHL,58,58,696.0,322.0,224112.0,2024-05-14
2024051404011882,CHL,58,41,210.0,321.9,67599.0,2024-05-14
2024051404011881,CHL,58,38,50.0,321.8,16090.0,2024-05-14
2024051404011880,CHL,58,40,290.0,321.0,93090.0,2024-05-14
2024051404011879,CHL,58,59,565.0,320.0,180800.0,2024-05-14
2024051404011878,CHL,58,19,1000.0,320.0,320000.0,2024-05-14
2024051403016574,CFCL,58,21,30.0,393.0,11790.0,2024-05-14
2024051403016573,MDB,58,37,30.0,474.9,14247.0,2024-05-14
2024051403016572,MDB,58,39,30.0,474.8,14244.0,2024-05-14
2024051403016571,GUFL,34,35,199.0,708.4,140971.6,2024-05-14
2024051403016570,GUFL,92,35,50.0,708.5,35425.0,2024-05-14
2024051401025882,PPL,42,35,30.0,540.6,16218.0,2024-05-14
2024051401025881,DOLTI,35,58,10.0,425.0,4250.0,2024-05-14
2024051403016569,KSBBL,53,57,10.0,380.0,3800.0,2024-05-14
2024051401025880,MKHC,47,44,10.0,314.2,3142.0,2024-05-14
2024051401025879,MKLB,34,49,39.0,1104.0,43056.0,2024-05-14
2024051401025878,MKLB,17,49,10.0,1105.0,11050.0,2024-05-14
2024051404011877,AKJCL,16,19,100.0,210.0,21000.0,2024-05-14
2024051405004276,ENL,51,13,90.0,800.1,72009.0,2024-05-14
2024051405004275,CHDC,32,3,10.0,770.0,7700.0,2024-05-14
2024051401025877,NIMB,37,54,20.0,157.9,3158.0,2024-05-14
2024051401025876,HDL,28,42,10.0,1300.0,13000.0,2024-05-14
2024051401025875,HDL,28,53,90.0,1300.0,117000.0,2024-05-14
2024051401025874,HDL,28,74,10.0,1299.9,12999.0,2024-05-14
2024051401025873,HDL,28,19,50.0,1299.0,64950.0,2024-05-14
2024051401025872,HDL,28,48,40.0,1298.0,51920.0,2024-05-14
2024051403016568,ACLBSL,19,52,11.0,874.1,9615.1,2024-05-14
2024051401025871,TSHL,52,65,10.0,509.0,5090.0,2024-05-14
2024051403016567,EDBL,14,71,10.0,395.1,3951.0,2024-05-14
2024051403016566,GRDBL,14,84,200.0,435.0,87000.0,2024-05-14
2024051404011876,AHPC,35,57,110.0,165.9,18249.0,2024-05-14
2024051403016565,SDLBSL,57,36,80.0,973.0,77840.0,2024-05-14
2024051401025870,MANDU,56,39,70.0,906.0,63420.0,2024-05-14
2024051404011875,SHL,7,45,500.0,445.0,222500.0,2024-05-14
2024051405004274,NRIC,42,35,10.0,694.0,6940.0,2024-05-14
2024051403016564,SMB,91,10,10.0,1587.0,15870.0,2024-05-14
2024051403016563,HLI,22,62,35.0,398.0,13930.0,2024-05-14
2024051403016562,HLI,22,11,100.0,398.0,39800.0,2024-05-14
2024051403016561,HLI,22,42,100.0,398.0,39800.0,2024-05-14
2024051403016560,HLI,22,52,100.0,398.0,39800.0,2024-05-14
2024051403016559,HLI,22,45,50.0,398.0,19900.0,2024-05-14
2024051403016558,HLI,22,58,15.0,398.0,5970.0,2024-05-14
2024051403016557,HLI,22,1,100.0,398.0,39800.0,2024-05-14
2024051403016556,HLI,22,42,50.0,398.0,19900.0,2024-05-14
2024051403016555,HLI,22,8,50.0,397.8,19890.0,2024-05-14
2024051401025869,JBLB,58,19,20.0,1380.0,27600.0,2024-05-14
2024051403016554,ICFC,47,10,20.0,518.0,10360.0,2024-05-14
2024051404011874,BPCL,25,48,40.0,294.5,11780.0,2024-05-14
2024051403016553,USLB,66,25,53.0,2240.0,118720.0,2024-05-14
2024051403016552,USLB,66,19,20.0,2240.0,44800.0,2024-05-14
2024051403016551,USLB,66,49,100.0,2240.0,224000.0,2024-05-14
2024051403016550,USLB,66,59,437.0,2240.0,978880.0,2024-05-14
2024051403016549,USLB,66,45,290.0,2230.0,646700.0,2024-05-14
2024051403016548,USLB,66,29,100.0,2229.0,222900.0,2024-05-14
2024051401025868,NABIL,44,59,110.0,433.2,47652.0,2024-05-14
2024051404011873,NHPC,39,38,170.0,148.6,25262.0,2024-05-14
2024051403016547,MDB,13,39,10.0,474.8,4748.0,2024-05-14
2024051403016546,PROFL,28,44,28.0,341.0,9548.0,2024-05-14
2024051404011872,SHL,14,34,100.0,444.2,44420.0,2024-05-14
2024051401025867,MHCL,34,47,50.0,387.5,19375.0,2024-05-14
2024051401025866,GVL,38,34,300.0,447.5,134250.0,2024-05-14
2024051403016545,VLBS,58,35,17.0,872.0,14824.0,2024-05-14
2024051401025865,ILI,39,58,10.0,547.0,5470.0,2024-05-14
2024051403016544,GBLBS,4,58,10.0,804.0,8040.0,2024-05-14
2024051403016543,SMFBS,17,32,10.0,1315.0,13150.0,2024-05-14
2024051401025864,CYCL,66,5,10.0,1579.0,15790.0,2024-05-14
2024051404011871,HDHPC,48,56,1000.0,133.6,133600.0,2024-05-14
2024051403016542,GILB,62,56,120.0,1175.0,141000.0,2024-05-14
2024051403016541,GILB,45,56,10.0,1175.0,11750.0,2024-05-14
2024051403016540,GILB,13,56,10.0,1175.1,11751.0,2024-05-14
2024051403016539,GILB,62,56,40.0,1177.0,47080.0,2024-05-14
2024051401025863,BNHC,29,56,300.0,489.0,146700.0,2024-05-14
2024051401025862,SMHL,39,57,100.0,442.2,44220.0,2024-05-14
2024051403016538,CFCL,57,52,15.0,391.0,5865.0,2024-05-14
2024051401025861,UNLB,62,57,40.0,1854.7,74188.0,2024-05-14
2024051401025860,SNLI,49,57,200.0,462.0,92400.0,2024-05-14
2024051401025859,TSHL,40,65,10.0,509.0,5090.0,2024-05-14
2024051401025858,PCBL,32,32,306.0,197.9,60557.4,2024-05-14
2024051403016537,JBBL,33,45,53.0,298.0,15794.0,2024-05-14
2024051403016536,JBBL,33,44,27.0,298.0,8046.0,2024-05-14
2024051401025857,MEL,47,38,200.0,235.0,47000.0,2024-05-14
2024051401025856,MEL,47,49,10.0,235.0,2350.0,2024-05-14
2024051401025855,MEL,47,4,10.0,235.0,2350.0,2024-05-14
2024051401025854,MEL,47,42,260.0,235.0,61100.0,2024-05-14
2024051401025853,MANDU,56,34,10.0,906.0,9060.0,2024-05-14
2024051401025852,ULHC,14,58,500.0,332.0,166000.0,2024-05-14
2024051401025851,RNLI,66,4,10.0,434.9,4349.0,2024-05-14
2024051401025850,MKHC,5,38,10.0,316.0,3160.0,2024-05-14
2024051401025849,CITY,41,6,30.0,613.0,18390.0,2024-05-14
2024051401025848,CITY,45,6,100.0,613.1,61310.0,2024-05-14
2024051401025847,MAKAR,38,34,10.0,380.0,3800.0,2024-05-14
2024051401025846,GVL,38,47,10.0,447.5,4475.0,2024-05-14
2024051404011870,RIDI,49,47,86.0,164.5,14147.0,2024-05-14
2024051404011869,RIDI,58,47,10.0,164.6,1646.0,2024-05-14
2024051404011868,RIDI,32,47,25.0,164.9,4122.5,2024-05-14
2024051404011867,RIDI,56,47,70.0,164.9,11543.0,2024-05-14
2024051404011866,RIDI,34,47,120.0,165.0,19800.0,2024-05-14
2024051404011865,RIDI,88,47,400.0,165.0,66000.0,2024-05-14
2024051404011864,RIDI,62,47,1260.0,165.0,207900.0,2024-05-14
2024051404011863,RIDI,38,47,30.0,165.0,4950.0,2024-05-14
2024051404011862,RIDI,46,47,200.0,165.0,33000.0,2024-05-14
2024051404011861,RIDI,32,47,10.0,165.0,1650.0,2024-05-14
2024051404011860,RIDI,57,47,500.0,165.0,82500.0,2024-05-14
2024051404011859,RIDI,57,47,500.0,165.0,82500.0,2024-05-14
2024051404011858,RIDI,41,47,1670.0,165.0,275550.0,2024-05-14
2024051404011857,RIDI,45,47,26.0,165.0,4290.0,2024-05-14
2024051404011856,RIDI,57,47,150.0,165.0,24750.0,2024-05-14
2024051404011855,RIDI,34,47,500.0,165.0,82500.0,2024-05-14
2024051404011854,RIDI,22,47,670.0,165.0,110550.0,2024-05-14
2024051404011853,RIDI,62,47,1000.0,165.1,165100.0,2024-05-14
2024051404011852,RIDI,49,47,1000.0,165.1,165100.0,2024-05-14
2024051404011851,RIDI,4,47,400.0,165.5,66200.0,2024-05-14
2024051404011850,RIDI,57,47,50.0,165.5,8275.0,2024-05-14
2024051404011849,RIDI,57,47,326.0,165.5,53953.0,2024-05-14
2024051404011848,RIDI,56,47,20.0,165.6,3312.0,2024-05-14
2024051404011847,RIDI,21,47,50.0,165.6,8280.0,2024-05-14
2024051404011846,RIDI,34,47,80.0,165.6,13248.0,2024-05-14
2024051401025845,SMH,1,28,200.0,658.3,131660.0,2024-05-14
2024051401025844,SMH,11,28,200.0,658.5,131700.0,2024-05-14
2024051401025843,SMH,45,28,50.0,660.0,33000.0,2024-05-14
2024051401025842,SMH,58,28,20.0,660.1,13202.0,2024-05-14
2024051401025841,SMH,19,28,28.0,660.1,18482.8,2024-05-14
2024051401025840,NRM,46,58,50.0,359.0,17950.0,2024-05-14
2024051401025839,NRM,46,10,100.0,359.0,35900.0,2024-05-14
2024051401025838,NRM,46,22,30.0,359.0,10770.0,2024-05-14
2024051404011845,LEC,41,63,140.0,184.0,25760.0,2024-05-14
2024051404011844,SPIL,22,50,10.0,788.9,7889.0,2024-05-14
2024051401025837,UNLB,62,21,10.0,1854.7,18547.0,2024-05-14
2024051401025836,RNLI,25,29,11.0,432.4,4756.4,2024-05-14
2024051404011843,CHCL,44,50,2568.0,440.0,1129920.0,2024-05-14
2024051404011842,CHCL,32,50,100.0,440.1,44010.0,2024-05-14
2024051404011841,CHCL,1,50,150.0,440.1,66015.0,2024-05-14
2024051404011840,CHCL,84,50,2000.0,441.0,882000.0,2024-05-14
2024051404011839,CHCL,84,50,132.0,441.0,58212.0,2024-05-14
2024051404011838,CHCL,35,50,50.0,442.0,22100.0,2024-05-14
2024051401025835,NICA,49,58,10.0,365.5,3655.0,2024-05-14
2024051403016535,LLBS,28,38,10.0,1107.0,11070.0,2024-05-14
2024051401025834,SPHL,68,62,10.0,474.0,4740.0,2024-05-14
2024051401025833,SARBTM,51,43,50.0,770.0,38500.0,2024-05-14
2024051401025832,NICA,26,58,10.0,365.5,3655.0,2024-05-14
2024051404011837,BPCL,47,14,100.0,294.3,29430.0,2024-05-14
2024051401025831,BGWT,14,14,35.0,630.9,22081.5,2024-05-14
2024051403016534,SJLIC,18,58,10.0,416.8,4168.0,2024-05-14
2024051404011836,RADHI,50,22,300.0,236.0,70800.0,2024-05-14
2024051403016533,NABBC,25,10,140.0,514.3,72002.0,2024-05-14
2024051403016532,NABBC,3,10,200.0,514.4,102880.0,2024-05-14
2024051403016531,NABBC,63,10,160.0,515.0,82400.0,2024-05-14
2024051401025830,PCBL,32,6,50.0,197.9,9895.0,2024-05-14
2024051404011835,TRH,6,58,1848.0,730.0,1349040.0,2024-05-14
2024051401025829,MMKJL,90,64,30.0,450.0,13500.0,2024-05-14
2024051401025828,MMKJL,57,64,150.0,450.0,67500.0,2024-05-14
2024051401025827,MMKJL,82,64,200.0,450.0,90000.0,2024-05-14
2024051401025826,MMKJL,94,64,50.0,450.2,22510.0,2024-05-14
2024051401025825,MMKJL,91,64,67.0,451.0,30217.0,2024-05-14
2024051403016530,MFIL,13,26,50.0,505.0,25250.0,2024-05-14
2024051403016529,MFIL,25,26,20.0,505.0,10100.0,2024-05-14
2024051403016528,MFIL,51,26,100.0,505.0,50500.0,2024-05-14
2024051403016527,MFIL,45,26,50.0,505.0,25250.0,2024-05-14
2024051403016526,MFIL,35,26,50.0,505.0,25250.0,2024-05-14
2024051403016525,MFIL,5,26,10.0,505.0,5050.0,2024-05-14
2024051403016524,MFIL,34,26,200.0,505.0,101000.0,2024-05-14
2024051403016523,MFIL,34,26,250.0,505.1,126275.0,2024-05-14
2024051403016522,MFIL,34,26,20.0,506.0,10120.0,2024-05-14
2024051403016521,MFIL,48,26,70.0,506.0,35420.0,2024-05-14
2024051403016520,MFIL,41,26,50.0,506.0,25300.0,2024-05-14
2024051403016519,MFIL,1,26,16.0,506.0,8096.0,2024-05-14
2024051403016518,SKBBL,34,45,10.0,818.0,8180.0,2024-05-14
2024051401025824,GBIME,35,1,3.0,174.5,523.5,2024-05-14
2024051404011834,UNHPL,36,17,370.0,228.7,84619.0,2024-05-14
2024051401025823,MAKAR,39,34,10.0,380.0,3800.0,2024-05-14
2024051403016517,PFL,41,58,310.0,659.9,204569.0,2024-05-14
2024051401025822,RHGCL,74,53,10.0,370.2,3702.0,2024-05-14
2024051401025821,DLBS,6,72,40.0,1261.0,50440.0,2024-05-14
2024051401025820,RNLI,56,4,10.0,434.9,4349.0,2024-05-14
2024051401025819,RNLI,56,34,90.0,434.8,39132.0,2024-05-14
2024051401025818,NMB,62,7,992.0,179.9,178460.8,2024-05-14
2024051401025817,NMB,62,4,10.0,179.8,1798.0,2024-05-14
2024051401025816,NMB,62,47,300.0,179.0,53700.0,2024-05-14
2024051401025815,NMB,62,32,300.0,179.0,53700.0,2024-05-14
2024051401025814,NMB,62,13,200.0,178.0,35600.0,2024-05-14
2024051401025813,NMB,62,48,1000.0,178.0,178000.0,2024-05-14
2024051401025812,NMB,62,45,292.0,178.0,51976.0,2024-05-14
2024051404011833,OHL,45,8,50.0,755.0,37750.0,2024-05-14
2024051401025811,JBLB,58,45,120.0,1380.0,165600.0,2024-05-14
2024051404011832,NGPL,22,28,100.0,309.0,30900.0,2024-05-14
2024051401025810,PCBL,32,34,104.0,197.9,20581.6,2024-05-14
2024051405004273,NIFRA,34,13,40.0,202.0,8080.0,2024-05-14
2024051404011831,UMRH,35,34,100.0,351.0,35100.0,2024-05-14
2024051404011830,AKPL,38,36,57.0,171.0,9747.0,2024-05-14
2024051404011829,AKPL,4,36,20.0,171.1,3422.0,2024-05-14
2024051404011828,AKPL,8,36,30.0,171.1,5133.0,2024-05-14
2024051404011827,AKPL,49,36,893.0,171.3,152970.9,2024-05-14
2024051403016516,SAPDBL,18,81,500.0,330.3,165150.0,2024-05-14
2024051403016515,PFL,41,71,500.0,659.9,329950.0,2024-05-14
2024051403016514,JFL,53,43,100.0,512.8,51280.0,2024-05-14
2024051403016513,MDB,66,48,16.0,473.0,7568.0,2024-05-14
2024051403016512,GMFIL,29,55,30.0,399.0,11970.0,2024-05-14
2024051403016511,ILBS,72,62,10.0,1360.0,13600.0,2024-05-14
2024051403016510,ILBS,72,62,10.0,1360.0,13600.0,2024-05-14
2024051401025809,MCHL,69,17,10.0,382.0,3820.0,2024-05-14
2024051401025808,MEHL,58,36,10.0,311.0,3110.0,2024-05-14
2024051404011826,UAIL,38,41,10.0,577.5,5775.0,2024-05-14
2024051401025807,CLI,26,57,10.0,465.0,4650.0,2024-05-14
2024051403016509,MERO,29,1,19.0,692.0,13148.0,2024-05-14
2024051403016508,MERO,29,1,61.0,692.1,42218.1,2024-05-14
2024051401025806,MAKAR,44,46,60.0,377.0,22620.0,2024-05-14
2024051404011825,KKHC,36,60,53.0,226.3,11993.9,2024-05-14
2024051401025805,PPL,58,39,190.0,540.4,102676.0,2024-05-14
2024051401025804,PPL,22,39,50.0,540.5,27025.0,2024-05-14
2024051401025803,PPL,35,39,60.0,540.5,32430.0,2024-05-14
2024051405004272,HRL,40,17,31.0,570.2,17676.2,2024-05-14
2024051401025802,MHCL,42,34,10.0,388.0,3880.0,2024-05-14
2024051401025801,DLBS,6,18,100.0,1261.0,126100.0,2024-05-14
2024051401025800,JBLB,58,19,49.0,1380.0,67620.0,2024-05-14
2024051404011824,SSHL,3,1,277.0,164.0,45428.0,2024-05-14
2024051404011823,SSHL,3,6,50.0,164.0,8200.0,2024-05-14
2024051404011822,SSHL,3,34,273.0,164.0,44772.0,2024-05-14
2024051404011821,SSHL,3,56,400.0,163.1,65240.0,2024-05-14
2024051404011820,JOSHI,48,22,20.0,319.0,6380.0,2024-05-14
2024051401025799,NRM,41,22,10.0,356.0,3560.0,2024-05-14
2024051401025798,DORDI,59,17,85.0,412.0,35020.0,2024-05-14
2024051401025797,DORDI,59,26,15.0,411.9,6178.5,2024-05-14
2024051403016507,SMFBS,44,32,10.0,1315.0,13150.0,2024-05-14
2024051403016506,RLFL,41,26,10.0,392.0,3920.0,2024-05-14
2024051404011819,SHEL,58,1,300.0,157.4,47220.0,2024-05-14
2024051404011818,SHEL,58,32,972.0,157.4,152992.8,2024-05-14
2024051404011817,SHEL,58,48,1247.0,157.0,195779.0,2024-05-14
2024051403016505,KRBL,57,43,30.0,448.0,13440.0,2024-05-14
2024051403016504,GBBL,45,45,200.0,369.6,73920.0,2024-05-14
2024051401025796,IHL,33,32,20.0,389.0,7780.0,2024-05-14
2024051401025795,SARBTM,58,43,280.0,770.0,215600.0,2024-05-14
2024051403016503,SINDU,39,46,300.0,395.0,118500.0,2024-05-14
2024051404011816,API,93,44,30.0,176.0,5280.0,2024-05-14
2024051404011815,HURJA,19,58,300.0,290.0,87000.0,2024-05-14
2024051403016502,RLFL,42,22,100.0,391.3,39130.0,2024-05-14
2024051403016501,NLICL,59,37,100.0,549.0,54900.0,2024-05-14
2024051401025794,EBL,67,74,50.0,511.0,25550.0,2024-05-14
2024051401025793,MAKAR,29,34,250.0,380.0,95000.0,2024-05-14
2024051401025792,MAKAR,29,62,100.0,380.0,38000.0,2024-05-14
2024051401025791,MAKAR,29,42,10.0,380.0,3800.0,2024-05-14
2024051401025790,MAKAR,29,26,100.0,380.0,38000.0,2024-05-14
2024051401025789,MAKAR,29,11,10.0,380.0,3800.0,2024-05-14
2024051401025788,MAKAR,29,42,10.0,379.0,3790.0,2024-05-14
2024051401025787,MAKAR,29,42,10.0,379.0,3790.0,2024-05-14
2024051403016500,HLBSL,49,18,137.0,950.2,130177.4,2024-05-14
2024051403016499,HLBSL,49,49,10.0,950.0,9500.0,2024-05-14
2024051403016498,HLBSL,49,33,500.0,950.0,475000.0,2024-05-14
2024051403016497,HLBSL,49,18,10.0,949.6,9496.0,2024-05-14
2024051403016496,HLBSL,49,33,350.0,949.6,332360.0,2024-05-14
2024051403016495,HLBSL,49,77,180.0,949.5,170910.0,2024-05-14
2024051403016494,HLBSL,49,45,58.0,949.4,55065.2,2024-05-14
2024051403016493,HLBSL,49,33,755.0,949.0,716495.0,2024-05-14
2024051401025786,NWCL,49,42,10.0,733.8,7338.0,2024-05-14
2024051404011814,AHPC,57,54,100.0,165.0,16500.0,2024-05-14
2024051404011813,AHPC,55,38,50.0,165.9,8295.0,2024-05-14
2024051404011812,CHCL,51,34,35.0,447.0,15645.0,2024-05-14
2024051404011811,CHCL,51,65,30.0,445.0,13350.0,2024-05-14
2024051403016492,SWMF,70,94,40.0,814.0,32560.0,2024-05-14
2024051404011810,BPCL,47,47,58.0,294.3,17069.4,2024-05-14
2024051401025785,NABIL,55,14,58.0,433.2,25125.6,2024-05-14
2024051403016491,KRBL,88,35,190.0,446.0,84740.0,2024-05-14
2024051403016490,KRBL,11,35,100.0,446.0,44600.0,2024-05-14
2024051403016489,KRBL,17,35,100.0,446.0,44600.0,2024-05-14
2024051403016488,KRBL,39,35,800.0,446.0,356800.0,2024-05-14
2024051403016487,KRBL,32,35,310.0,446.5,138415.0,2024-05-14
2024051401025784,NICA,14,58,10.0,365.5,3655.0,2024-05-14
2024051403016486,KRBL,36,43,10.0,448.0,4480.0,2024-05-14
2024051401025783,HDL,39,17,10.0,1296.1,12961.0,2024-05-14
2024051401025782,HDL,19,17,15.0,1297.0,19455.0,2024-05-14
2024051401025781,RNLI,66,34,10.0,434.8,4348.0,2024-05-14
2024051404011809,TRH,56,58,500.0,730.0,365000.0,2024-05-14
2024051401025780,BNHC,29,42,200.0,490.0,98000.0,2024-05-14
2024051403016485,GMFIL,50,74,687.0,397.0,272739.0,2024-05-14
2024051403016484,GMFIL,46,74,128.0,397.0,50816.0,2024-05-14
2024051403016483,GMFIL,36,74,30.0,397.1,11913.0,2024-05-14
2024051403016482,GMFIL,51,74,155.0,397.1,61550.5,2024-05-14
2024051403016481,NFS,41,69,1500.0,534.9,802350.0,2024-05-14
2024051404011808,UAIL,50,59,193.0,581.6,112248.8,2024-05-14
2024051404011807,UAIL,50,62,300.0,581.0,174300.0,2024-05-14
2024051404011806,UAIL,50,34,320.0,581.0,185920.0,2024-05-14
2024051404011805,UAIL,50,10,20.0,580.9,11618.0,2024-05-14
2024051404011804,UAIL,50,41,10.0,580.1,5801.0,2024-05-14
2024051404011803,UAIL,50,36,50.0,580.0,29000.0,2024-05-14
2024051404011802,UAIL,50,48,50.0,580.0,29000.0,2024-05-14
2024051404011801,UAIL,50,33,43.0,580.0,24940.0,2024-05-14
2024051404011800,UAIL,50,35,100.0,580.0,58000.0,2024-05-14
2024051404011799,UAIL,50,57,275.0,580.0,159500.0,2024-05-14
2024051404011798,UAIL,50,26,100.0,580.0,58000.0,2024-05-14
2024051404011797,UAIL,50,1,19.0,580.0,11020.0,2024-05-14
2024051404011796,UAIL,50,41,10.0,580.0,5800.0,2024-05-14
2024051404011795,UAIL,50,56,20.0,580.0,11600.0,2024-05-14
2024051404011794,UAIL,50,35,100.0,580.0,58000.0,2024-05-14
2024051404011793,UAIL,50,72,230.0,579.8,133354.0,2024-05-14
2024051404011792,UAIL,50,35,150.0,579.0,86850.0,2024-05-14
2024051404011791,UAIL,50,41,10.0,578.0,5780.0,2024-05-14
2024051405004271,CHDC,25,49,400.0,766.0,306400.0,2024-05-14
2024051405004270,CHDC,17,49,100.0,766.1,76610.0,2024-05-14
2024051403016480,WNLB,38,45,50.0,1400.0,70000.0,2024-05-14
2024051403016479,WNLB,52,45,18.0,1400.0,25200.0,2024-05-14
2024051404011790,SHEL,57,48,253.0,157.0,39721.0,2024-05-14
2024051404011789,SHEL,17,48,200.0,157.0,31400.0,2024-05-14
2024051404011788,SHEL,34,48,300.0,157.0,47100.0,2024-05-14
2024051403016478,SABSL,86,94,175.0,890.0,155750.0,2024-05-14
2024051403016477,NICLBSL,55,45,10.0,655.0,6550.0,2024-05-14
2024051405004269,HRL,25,35,10.0,570.3,5703.0,2024-05-14
2024051401025779,SRLI,14,34,100.0,443.0,44300.0,2024-05-14
2024051401025778,MBL,21,56,25.0,170.8,4270.0,2024-05-14
2024051401025777,HATHY,89,50,48.0,858.8,41222.4,2024-05-14
2024051401025776,HATHY,89,49,10.0,858.8,8588.0,2024-05-14
2024051401025775,HATHY,89,14,500.0,858.7,429350.0,2024-05-14
2024051401025774,HATHY,89,58,60.0,858.0,51480.0,2024-05-14
2024051401025773,HATHY,89,58,22.0,858.0,18876.0,2024-05-14
2024051401025772,HATHY,89,49,10.0,858.0,8580.0,2024-05-14
2024051401025771,HATHY,89,36,200.0,857.9,171580.0,2024-05-14
2024051401025770,HATHY,89,22,50.0,857.5,42875.0,2024-05-14
2024051401025769,HATHY,89,66,100.0,857.4,85740.0,2024-05-14
2024051404011787,UPCL,49,53,142.0,198.5,28187.0,2024-05-14
2024051404011786,UPCL,49,4,50.0,198.5,9925.0,2024-05-14
2024051404011785,UPCL,49,35,300.0,198.3,59490.0,2024-05-14
2024051403016476,MFIL,1,49,34.0,506.0,17204.0,2024-05-14
2024051404011784,SGIC,57,34,10.0,541.0,5410.0,2024-05-14
2024051401025768,SBI,45,16,349.0,282.0,98418.0,2024-05-14
2024051403016475,KRBL,58,43,10.0,448.0,4480.0,2024-05-14
2024051403016474,KRBL,58,44,20.0,448.0,8960.0,2024-05-14
2024051403016473,SMB,45,43,15.0,1587.0,23805.0,2024-05-14
2024051403016472,NABBC,63,51,40.0,515.0,20600.0,2024-05-14
2024051403016471,RSDC,34,38,10.0,719.0,7190.0,2024-05-14
2024051401025767,MLBS,42,34,10.0,1331.9,13319.0,2024-05-14
2024051401025766,AHL,18,13,10.0,448.7,4487.0,2024-05-14
2024051401025765,AHL,18,5,100.0,444.0,44400.0,2024-05-14
2024051401025764,LSL,44,19,241.0,156.8,37788.8,2024-05-14
2024051401025763,LSL,44,46,100.0,156.0,15600.0,2024-05-14
2024051401025762,LSL,44,52,500.0,156.0,78000.0,2024-05-14
2024051401025761,LSL,44,42,200.0,156.0,31200.0,2024-05-14
2024051401025760,LSL,44,41,100.0,156.0,15600.0,2024-05-14
2024051401025759,LSL,44,41,65.0,156.0,10140.0,2024-05-14
2024051401025758,LSL,44,44,300.0,155.9,46770.0,2024-05-14
2024051401025757,LSL,44,56,100.0,155.9,15590.0,2024-05-14
2024051401025756,LSL,44,48,100.0,155.8,15580.0,2024-05-14
2024051401025755,LSL,44,48,80.0,155.8,12464.0,2024-05-14
2024051401025754,LSL,44,41,214.0,155.7,33319.8,2024-05-14
2024051401025753,BHPL,62,58,30.0,566.0,16980.0,2024-05-14
2024051403016470,KSBBL,33,45,100.0,377.4,37740.0,2024-05-14
2024051404011783,IGI,25,48,255.0,539.1,137470.5,2024-05-14
2024051404011782,IGI,1,48,45.0,539.1,24259.5,2024-05-14
2024051401025752,DOLTI,52,28,65.0,423.0,27495.0,2024-05-14
2024051401025751,SONA,1,42,10.0,440.0,4400.0,2024-05-14
2024051401025750,SONA,1,34,303.0,440.0,133320.0,2024-05-14
2024051404011781,GHL,7,58,500.0,149.0,74500.0,2024-05-14
2024051404011780,MEN,6,21,150.0,546.2,81930.0,2024-05-14
2024051404011779,MEN,10,21,200.0,546.3,109260.0,2024-05-14
2024051404011778,MEN,38,21,200.0,546.4,109280.0,2024-05-14
2024051404011777,MEN,49,21,50.0,546.5,27325.0,2024-05-14
2024051403016469,NFS,5,53,300.0,535.0,160500.0,2024-05-14
2024051401025749,MANDU,56,54,50.0,906.0,45300.0,2024-05-14
2024051404011776,NGPL,22,13,100.0,309.0,30900.0,2024-05-14
2024051405004268,HRL,55,16,40.0,570.6,22824.0,2024-05-14
2024051401025748,NICA,32,14,10.0,364.0,3640.0,2024-05-14
2024051403016468,NMBMF,91,22,10.0,669.8,6698.0,2024-05-14
2024051403016467,RSDC,34,17,188.0,715.0,134420.0,2024-05-14
2024051403016466,RSDC,17,17,10.0,715.1,7151.0,2024-05-14
2024051403016465,RSDC,43,17,50.0,716.0,35800.0,2024-05-14
2024051403016464,RSDC,18,17,100.0,716.0,71600.0,2024-05-14
2024051403016463,RSDC,94,17,100.0,716.1,71610.0,2024-05-14
2024051403016462,SWMF,6,49,5.0,812.1,4060.5,2024-05-14
2024051403016461,SWMF,6,34,10.0,812.1,8121.0,2024-05-14
2024051403016460,NADEP,58,89,300.0,785.0,235500.0,2024-05-14
2024051403016459,KRBL,87,44,100.0,448.0,44800.0,2024-05-14
2024051403016458,GLBSL,6,48,18.0,2094.0,37692.0,2024-05-14
2024051403016457,FMDBL,21,50,500.0,666.0,333000.0,2024-05-14
2024051403016456,FMDBL,49,50,828.0,666.1,551530.8,2024-05-14
2024051403016455,FMDBL,59,50,100.0,666.4,66640.0,2024-05-14
2024051403016454,FMDBL,25,50,45.0,666.6,29997.0,2024-05-14
2024051403016453,FMDBL,22,50,66.0,666.6,43995.6,2024-05-14
2024051403016452,FMDBL,32,50,50.0,667.0,33350.0,2024-05-14
2024051403016451,GRDBL,71,84,100.0,435.0,43500.0,2024-05-14
2024051403016450,GRDBL,39,84,200.0,435.0,87000.0,2024-05-14
2024051403016449,GRDBL,32,84,200.0,435.0,87000.0,2024-05-14
2024051403016448,GRDBL,88,84,500.0,435.1,217550.0,2024-05-14
2024051403016447,GRDBL,14,84,1000.0,435.3,435300.0,2024-05-14
2024051403016446,GRDBL,42,84,200.0,437.1,87420.0,2024-05-14
2024051403016445,GRDBL,88,84,200.0,437.3,87460.0,2024-05-14
2024051403016444,GRDBL,88,84,190.0,437.4,83106.0,2024-05-14
2024051403016443,GRDBL,88,84,200.0,437.7,87540.0,2024-05-14
2024051403016442,GRDBL,58,84,10.0,438.0,4380.0,2024-05-14
2024051405004267,HRL,38,57,10.0,570.3,5703.0,2024-05-14
2024051403016441,KSBBL,21,48,137.0,380.0,52060.0,2024-05-14
2024051404011775,NICL,45,39,40.0,845.0,33800.0,2024-05-14
2024051403016440,SKBBL,18,58,213.0,817.1,174042.3,2024-05-14
2024051403016439,SKBBL,17,58,100.0,817.2,81720.0,2024-05-14
2024051403016438,SKBBL,94,58,35.0,817.2,28602.0,2024-05-14
2024051403016437,SKBBL,39,58,100.0,817.3,81730.0,2024-05-14
2024051403016436,SKBBL,58,58,10.0,817.3,8173.0,2024-05-14
2024051401025747,SAHAS,37,41,10.0,511.9,5119.0,2024-05-14
2024051403016435,CORBL,58,6,20.0,475.0,9500.0,2024-05-14
2024051401025746,ULHC,22,58,40.0,332.0,13280.0,2024-05-14
2024051401025745,ULHC,39,58,10.0,332.0,3320.0,2024-05-14
2024051401025744,ULHC,26,58,10.0,332.0,3320.0,2024-05-14
2024051404011774,SGIC,28,63,47.0,540.7,25412.9,2024-05-14
2024051404011773,SGIC,34,63,90.0,540.8,48672.0,2024-05-14
2024051403016434,SWMF,95,94,10.0,814.0,8140.0,2024-05-14
2024051403016433,NLIC,39,41,250.0,589.0,147250.0,2024-05-14
2024051404011772,SPDL,17,25,11.0,239.0,2629.0,2024-05-14
2024051403016432,JBBL,53,44,10.0,298.0,2980.0,2024-05-14
2024051401025743,MKLB,34,90,50.0,1104.0,55200.0,2024-05-14
2024051401025742,MKLB,38,90,24.0,1105.0,26520.0,2024-05-14
2024051403016431,JBBL,29,22,50.0,297.4,14870.0,2024-05-14
2024051404011771,SPIL,59,38,16.0,786.0,12576.0,2024-05-14
2024051404011770,GLH,21,74,213.0,210.0,44730.0,2024-05-14
2024051404011769,RADHI,50,41,100.0,236.0,23600.0,2024-05-14
2024051403016430,SINDU,48,50,940.0,392.0,368480.0,2024-05-14
2024051403016429,SINDU,53,50,20.0,392.0,7840.0,2024-05-14
2024051403016428,SINDU,38,50,40.0,393.0,15720.0,2024-05-14
2024051401025741,RHGCL,16,50,100.0,373.8,37380.0,2024-05-14
2024051401025740,NBL,51,35,30.0,204.0,6120.0,2024-05-14
2024051405004266,CHDC,32,3,10.0,770.0,7700.0,2024-05-14
2024051403016427,CFCL,58,52,10.0,391.0,3910.0,2024-05-14
2024051403016426,CFCL,65,52,100.0,391.0,39100.0,2024-05-14
2024051403016425,CFCL,41,52,25.0,391.1,9777.5,2024-05-14
2024051405004265,HIDCL,52,11,50.0,166.0,8300.0,2024-05-14
2024051401025739,MANDU,56,35,10.0,906.0,9060.0,2024-05-14
2024051404011768,SPDL,14,25,200.0,239.0,47800.0,2024-05-14
2024051401025738,ILI,39,7,200.0,547.0,109400.0,2024-05-14
2024051405004264,HRL,17,37,15.0,570.3,8554.5,2024-05-14
2024051405004263,CIT,13,34,10.0,2112.0,21120.0,2024-05-14
2024051403016424,CFCL,47,19,50.0,391.1,19555.0,2024-05-14
2024051401025737,MLBS,19,45,200.0,1330.0,266000.0,2024-05-14
2024051404011767,AKPL,49,74,50.0,171.3,8565.0,2024-05-14
2024051404011766,RBCL,37,69,10.0,13390.0,133900.0,2024-05-14
2024051403016423,CFCL,50,21,10.0,393.0,3930.0,2024-05-14
2024051405004262,NIBSF2,32,38,200.0,7.91,1582.0,2024-05-14
2024051403016422,LICN,6,45,95.0,1290.4,122588.0,2024-05-14
2024051404011765,NHDL,45,44,15.0,447.0,6705.0,2024-05-14
2024051404011764,NHDL,45,44,350.0,447.0,156450.0,2024-05-14
2024051404011763,NHDL,45,58,107.0,446.9,47818.3,2024-05-14
2024051404011762,NHDL,45,22,28.0,446.8,12510.4,2024-05-14
2024051401025736,VLUCL,33,52,865.0,479.9,415113.5,2024-05-14
2024051401025735,MBL,14,8,432.0,169.5,73224.0,2024-05-14
2024051404011761,KKHC,43,60,118.0,226.3,26703.4,2024-05-14
2024051403016421,NFS,72,53,100.0,535.0,53500.0,2024-05-14
2024051404011760,UMRH,28,34,100.0,352.0,35200.0,2024-05-14
2024051404011759,UMRH,39,34,150.0,352.2,52830.0,2024-05-14
2024051401025734,HHL,25,49,10.0,353.0,3530.0,2024-05-14
2024051401025733,HHL,25,34,10.0,352.9,3529.0,2024-05-14
2024051401025732,HHL,25,49,10.0,352.5,3525.0,2024-05-14
2024051401025731,HHL,25,43,10.0,352.0,3520.0,2024-05-14
2024051401025730,HHL,25,19,10.0,352.0,3520.0,2024-05-14
2024051401025729,JBLB,25,7,10.0,1380.9,13809.0,2024-05-14
2024051403016420,JBBL,29,5,200.0,297.4,59480.0,2024-05-14
2024051401025728,MMKJL,44,64,1000.0,454.8,454800.0,2024-05-14
2024051403016419,EDBL,16,44,130.0,395.0,51350.0,2024-05-14
2024051404011758,SALICO,44,7,60.0,705.0,42300.0,2024-05-14
2024051404011757,SALICO,44,56,40.0,704.9,28196.0,2024-05-14
2024051403016418,NFS,62,53,67.0,535.0,35845.0,2024-05-14
2024051403016417,NFS,62,4,350.0,535.0,187250.0,2024-05-14
2024051403016416,NFS,62,45,33.0,535.0,17655.0,2024-05-14
2024051404011756,SHPC,56,50,500.0,329.4,164700.0,2024-05-14
2024051404011755,SHPC,45,50,500.0,330.0,165000.0,2024-05-14
2024051403016415,SAPDBL,18,38,317.0,330.3,104705.1,2024-05-14
2024051401025727,MEHL,70,36,10.0,311.0,3110.0,2024-05-14
2024051403016414,RLFL,42,13,500.0,391.3,195650.0,2024-05-14
2024051403016413,NABBC,55,51,10.0,515.0,5150.0,2024-05-14
2024051401025726,UNLB,62,47,10.0,1854.7,18547.0,2024-05-14
2024051404011754,RIDI,47,45,10.0,166.0,1660.0,2024-05-14
2024051403016412,SWBBL,50,36,20.0,804.0,16080.0,2024-05-14
2024051403016411,SWBBL,50,36,15.0,805.0,12075.0,2024-05-14
2024051403016410,NUBL,39,57,22.0,670.0,14740.0,2024-05-14
2024051403016409,NUBL,39,77,469.0,670.0,314230.0,2024-05-14
2024051401025725,SHIVM,17,81,370.0,498.0,184260.0,2024-05-14
2024051401025724,BEDC,69,42,100.0,374.0,37400.0,2024-05-14
