transaction,symbol,buyer,seller,quantity,rate,amount,date
2024041601018908,RNLI,38,11,11.0,426.0,4686.0,2024-04-16
2024041601018907,RNLI,38,57,208.0,426.0,88608.0,2024-04-16
2024041601018906,SARBTM,38,57,10.0,799.0,7990.0,2024-04-16
2024041601018905,MHCL,42,38,15.0,402.0,6030.0,2024-04-16
2024041601018904,MHCL,58,38,250.0,402.0,100500.0,2024-04-16
2024041601018903,MHCL,35,38,40.0,402.0,16080.0,2024-04-16
2024041601018902,MHCL,5,38,59.0,402.0,23718.0,2024-04-16
2024041601018901,NRM,1,58,20.0,364.2,7284.0,2024-04-16
2024041601018900,TSHL,28,41,30.0,529.2,15876.0,2024-04-16
2024041601018899,TSHL,33,41,10.0,530.0,5300.0,2024-04-16
2024041601018898,TSHL,21,41,100.0,531.3,53130.0,2024-04-16
2024041601018897,TSHL,8,41,10.0,532.0,5320.0,2024-04-16
2024041601018896,PPL,17,38,200.0,622.2,124440.0,2024-04-16
2024041601018895,PPL,7,38,11.0,622.2,6844.2,2024-04-16
2024041603009784,PFL,72,13,10.0,489.6,4896.0,2024-04-16
2024041601018894,PPL,48,38,10.0,622.2,6222.0,2024-04-16
2024041601018893,HHL,48,88,20.0,373.5,7470.0,2024-04-16
2024041601018892,PPL,58,38,50.0,622.2,31110.0,2024-04-16
2024041601018891,PPL,58,38,50.0,622.2,31110.0,2024-04-16
2024041603009783,GUFL,41,4,1000.0,905.0,905000.0,2024-04-16
2024041601018890,MEL,42,16,300.0,230.0,69000.0,2024-04-16
2024041601018889,MEL,42,58,30.0,230.0,6900.0,2024-04-16
2024041601018888,MEL,42,56,50.0,230.0,11500.0,2024-04-16
2024041601018887,MEL,42,48,10.0,230.0,2300.0,2024-04-16
2024041601018886,MEL,42,49,10.0,230.0,2300.0,2024-04-16
2024041601018885,MEL,42,17,100.0,230.0,23000.0,2024-04-16
2024041603009782,JFL,71,35,10.0,429.0,4290.0,2024-04-16
2024041601018884,CYCL,71,7,10.0,1683.0,16830.0,2024-04-16
2024041601018883,MBJC,13,71,55.0,298.0,16390.0,2024-04-16
2024041601018882,MBJC,34,71,20.0,298.0,5960.0,2024-04-16
2024041601018881,MBJC,57,71,20.0,298.0,5960.0,2024-04-16
2024041601018880,MBJC,84,71,30.0,298.0,8940.0,2024-04-16
2024041601018879,MBJC,56,71,500.0,298.1,149050.0,2024-04-16
2024041603009781,NFS,88,38,100.0,444.0,44400.0,2024-04-16
2024041603009780,GUFL,41,57,3000.0,905.0,2715000.0,2024-04-16
2024041603009779,NFS,50,38,10.0,444.0,4440.0,2024-04-16
2024041605003522,CHDC,69,66,10.0,804.9,8049.0,2024-04-16
2024041603009778,MLBL,34,35,30.0,320.0,9600.0,2024-04-16
2024041603009777,FMDBL,40,8,10.0,610.0,6100.0,2024-04-16
2024041601018878,EBL,39,44,10.0,497.0,4970.0,2024-04-16
2024041601018877,IHL,56,5,10.0,384.9,3849.0,2024-04-16
2024041601018876,PPL,56,38,150.0,622.2,93330.0,2024-04-16
2024041605003521,SMATA,34,29,22.0,725.2,15954.4,2024-04-16
2024041603009776,MDB,20,38,10.0,421.0,4210.0,2024-04-16
2024041603009775,GMFBS,49,6,10.0,1139.0,11390.0,2024-04-16
2024041604007262,NHDL,50,86,500.0,418.1,209050.0,2024-04-16
2024041603009774,KRBL,62,33,10.0,405.0,4050.0,2024-04-16
2024041601018875,TSHL,62,16,10.0,537.0,5370.0,2024-04-16
2024041604007261,RBCL,42,35,10.0,12990.0,129900.0,2024-04-16
2024041604007260,PPCL,91,57,60.0,249.5,14970.0,2024-04-16
2024041604007259,PPCL,91,42,90.0,245.0,22050.0,2024-04-16
2024041603009773,SMFBS,37,25,10.0,1163.0,11630.0,2024-04-16
2024041603009772,GLBSL,38,26,42.0,1836.0,77112.0,2024-04-16
2024041603009771,GLBSL,38,42,58.0,1835.0,106430.0,2024-04-16
2024041604007258,MEN,54,45,100.0,508.0,50800.0,2024-04-16
2024041603009770,GUFL,41,6,100.0,905.0,90500.0,2024-04-16
2024041603009769,CORBL,1,41,10.0,441.0,4410.0,2024-04-16
2024041603009768,GUFL,41,48,1000.0,905.0,905000.0,2024-04-16
2024041601018874,SARBTM,58,17,100.0,799.0,79900.0,2024-04-16
2024041604007257,CHL,36,52,10.0,313.0,3130.0,2024-04-16
2024041601018873,GVL,44,58,10.0,423.0,4230.0,2024-04-16
2024041603009767,ALICL,44,44,20.0,551.0,11020.0,2024-04-16
2024041601018872,NICA,94,45,10.0,390.0,3900.0,2024-04-16
2024041603009766,MLBL,6,42,657.0,319.1,209648.7,2024-04-16
2024041601018871,MAKAR,14,91,10.0,394.0,3940.0,2024-04-16
2024041601018870,NYADI,74,52,200.0,295.0,59000.0,2024-04-16
2024041601018869,NYADI,74,45,10.0,294.1,2941.0,2024-04-16
2024041601018868,DORDI,14,39,20.0,425.0,8500.0,2024-04-16
2024041601018867,PPL,65,38,50.0,622.2,31110.0,2024-04-16
2024041603009765,PFL,71,21,10.0,490.0,4900.0,2024-04-16
2024041605003520,NTC,57,57,10.0,827.0,8270.0,2024-04-16
2024041605003519,NRIC,45,26,10.0,718.0,7180.0,2024-04-16
2024041604007256,RIDI,52,14,11.0,175.0,1925.0,2024-04-16
2024041601018866,SAMAJ,34,39,10.0,1917.0,19170.0,2024-04-16
2024041601018865,SAMAJ,34,41,10.0,1917.0,19170.0,2024-04-16
2024041601018864,SAMAJ,34,22,10.0,1915.0,19150.0,2024-04-16
2024041601018863,SAMAJ,34,16,10.0,1887.0,18870.0,2024-04-16
2024041601018862,SAMAJ,34,55,60.0,1887.0,113220.0,2024-04-16
2024041601018861,RNLI,43,11,11.0,425.2,4677.2,2024-04-16
2024041601018860,CYCL,39,7,82.0,1683.0,138006.0,2024-04-16
2024041601018859,CYCL,39,42,152.0,1683.0,255816.0,2024-04-16
2024041601018858,CYCL,39,26,10.0,1683.0,16830.0,2024-04-16
2024041601018857,CYCL,39,26,10.0,1683.0,16830.0,2024-04-16
2024041601018856,CYCL,39,62,246.0,1683.0,414018.0,2024-04-16
2024041601018855,PRVU,53,39,243.0,137.6,33436.8,2024-04-16
2024041601018854,PRVU,42,39,37.0,138.0,5106.0,2024-04-16
2024041601018853,PRVU,14,39,220.0,138.0,30360.0,2024-04-16
2024041601018852,MCHL,38,39,435.0,402.0,174870.0,2024-04-16
2024041601018851,MCHL,38,39,235.0,402.1,94493.5,2024-04-16
2024041601018850,MCHL,21,39,590.0,404.0,238360.0,2024-04-16
2024041604007255,SHL,17,21,100.0,431.7,43170.0,2024-04-16
2024041604007254,SHL,56,21,100.0,431.8,43180.0,2024-04-16
2024041601018849,UHEWA,21,57,20.0,398.0,7960.0,2024-04-16
2024041604007253,UMHL,21,22,10.0,244.9,2449.0,2024-04-16
2024041604007252,UMHL,21,4,139.0,244.0,33916.0,2024-04-16
2024041604007251,PMHPL,22,21,90.0,232.0,20880.0,2024-04-16
2024041601018848,ULBSL,29,32,30.0,1355.0,40650.0,2024-04-16
2024041603009764,NADEP,60,49,100.0,686.3,68630.0,2024-04-16
2024041603009763,NADEP,45,49,300.0,687.0,206100.0,2024-04-16
2024041603009762,NADEP,25,49,50.0,687.1,34355.0,2024-04-16
2024041601018847,PCBL,57,49,1500.0,190.0,285000.0,2024-04-16
2024041601018846,CZBIL,49,52,34.0,157.0,5338.0,2024-04-16
2024041601018845,CZBIL,49,44,66.0,156.5,10329.0,2024-04-16
2024041601018844,CZBIL,49,32,10.0,156.4,1564.0,2024-04-16
2024041605003518,NTC,50,49,10.0,825.5,8255.0,2024-04-16
2024041601018843,BHL,49,6,10.0,344.7,3447.0,2024-04-16
2024041601018842,BHL,49,58,10.0,344.0,3440.0,2024-04-16
2024041601018841,USHEC,84,55,50.0,368.0,18400.0,2024-04-16
2024041601018840,MLBS,35,17,29.0,1299.0,37671.0,2024-04-16
2024041601018839,MLBS,35,32,10.0,1299.0,12990.0,2024-04-16
2024041601018838,MLBS,35,21,10.0,1290.0,12900.0,2024-04-16
2024041601018837,MLBS,35,25,80.0,1290.0,103200.0,2024-04-16
2024041601018836,MLBS,35,58,50.0,1290.0,64500.0,2024-04-16
2024041601018835,MLBS,35,13,21.0,1289.0,27069.0,2024-04-16
2024041603009761,GUFL,41,35,1850.0,905.0,1674250.0,2024-04-16
2024041601018834,GBIME,22,6,21.0,177.4,3725.4,2024-04-16
2024041601018833,PHCL,80,46,19.0,302.1,5739.9,2024-04-16
2024041603009760,GUFL,41,46,1750.0,905.0,1583750.0,2024-04-16
2024041605003517,HRL,19,59,64.0,605.1,38726.4,2024-04-16
2024041605003516,HRL,32,59,36.0,605.2,21787.2,2024-04-16
2024041601018832,HHL,17,88,10.0,373.5,3735.0,2024-04-16
2024041605003515,HRL,59,34,10.0,605.9,6059.0,2024-04-16
2024041603009759,GUFL,41,17,50.0,905.0,45250.0,2024-04-16
2024041603009758,GUFL,41,17,1050.0,905.0,950250.0,2024-04-16
2024041603009757,GUFL,34,17,950.0,905.3,860035.0,2024-04-16
2024041603009756,RSDC,13,13,10.0,605.0,6050.0,2024-04-16
2024041601018831,USHEC,77,55,140.0,369.0,51660.0,2024-04-16
2024041601018830,KBL,48,48,230.0,134.8,31004.0,2024-04-16
2024041601018829,MKHL,58,67,200.0,464.9,92980.0,2024-04-16
2024041601018828,MKHL,58,58,10.0,464.7,4647.0,2024-04-16
2024041601018827,MKHL,58,74,80.0,464.5,37160.0,2024-04-16
2024041601018826,MKHL,58,58,10.0,464.0,4640.0,2024-04-16
2024041601018825,MKHL,58,8,10.0,464.0,4640.0,2024-04-16
2024041601018824,MKHL,58,32,190.0,463.9,88141.0,2024-04-16
2024041601018823,MKHL,58,69,50.0,463.0,23150.0,2024-04-16
2024041601018822,MKHL,58,42,100.0,463.0,46300.0,2024-04-16
2024041601018821,MKHL,58,58,50.0,461.0,23050.0,2024-04-16
2024041601018820,MKHL,58,52,10.0,461.0,4610.0,2024-04-16
2024041601018819,MKHL,58,25,402.0,461.0,185322.0,2024-04-16
2024041601018818,CYCL,58,62,54.0,1683.0,90882.0,2024-04-16
2024041601018817,CYCL,58,25,40.0,1683.0,67320.0,2024-04-16
2024041601018816,CYCL,58,22,18.0,1680.0,30240.0,2024-04-16
2024041601018815,CYCL,58,57,13.0,1680.0,21840.0,2024-04-16
2024041601018814,CYCL,58,59,165.0,1679.1,277051.5,2024-04-16
2024041601018813,CYCL,58,59,100.0,1675.1,167510.0,2024-04-16
2024041601018812,CYCL,58,13,100.0,1675.0,167500.0,2024-04-16
2024041601018811,CYCL,58,53,10.0,1675.0,16750.0,2024-04-16
2024041601018810,SHIVM,53,58,288.0,508.2,146361.6,2024-04-16
2024041601018809,SHIVM,14,58,10.0,508.2,5082.0,2024-04-16
2024041601018808,SHIVM,41,58,100.0,508.2,50820.0,2024-04-16
2024041601018807,SHIVM,45,58,40.0,508.2,20328.0,2024-04-16
2024041601018806,SHIVM,34,58,10.0,509.0,5090.0,2024-04-16
2024041601018805,MAKAR,38,36,100.0,392.1,39210.0,2024-04-16
2024041603009755,KMCDB,26,44,50.0,784.0,39200.0,2024-04-16
2024041601018804,SARBTM,28,42,30.0,798.1,23943.0,2024-04-16
2024041601018803,SARBTM,55,42,10.0,798.1,7981.0,2024-04-16
2024041601018802,SARBTM,57,42,10.0,798.5,7985.0,2024-04-16
2024041604007250,PPCL,14,42,10.0,245.0,2450.0,2024-04-16
2024041604007249,NGPL,58,42,1000.0,315.0,315000.0,2024-04-16
2024041604007248,RIDI,42,14,10.0,175.0,1750.0,2024-04-16
2024041604007247,IGI,91,42,10.0,518.5,5185.0,2024-04-16
2024041601018801,DOLTI,38,42,50.0,452.0,22600.0,2024-04-16
2024041601018800,NICA,28,42,188.0,388.0,72944.0,2024-04-16
2024041601018799,NICA,49,42,50.0,388.1,19405.0,2024-04-16
2024041601018798,NICA,47,42,50.0,388.1,19405.0,2024-04-16
2024041601018797,NICA,35,42,100.0,388.2,38820.0,2024-04-16
2024041601018796,NICA,49,42,96.0,388.2,37267.2,2024-04-16
2024041601018795,NICA,36,42,35.0,388.3,13590.5,2024-04-16
2024041601018794,NICA,57,42,45.0,388.4,17478.0,2024-04-16
2024041601018793,NICA,35,42,25.0,388.5,9712.5,2024-04-16
2024041601018792,NICA,58,42,19.0,388.6,7383.4,2024-04-16
2024041601018791,NICA,32,42,47.0,388.6,18264.2,2024-04-16
2024041601018790,NICA,47,42,50.0,388.7,19435.0,2024-04-16
2024041601018789,NICA,41,42,25.0,389.0,9725.0,2024-04-16
2024041601018788,NICA,34,42,30.0,389.0,11670.0,2024-04-16
2024041601018787,NRM,65,58,20.0,364.2,7284.0,2024-04-16
2024041603009754,GUFL,34,71,500.0,905.3,452650.0,2024-04-16
2024041603009753,GUFL,34,71,1000.0,905.3,905300.0,2024-04-16
2024041601018786,SBL,50,43,70.0,223.0,15610.0,2024-04-16
2024041601018785,SBL,50,43,130.0,223.0,28990.0,2024-04-16
2024041601018784,PPL,50,38,50.0,622.2,31110.0,2024-04-16
2024041603009752,SLBBL,28,33,170.0,675.0,114750.0,2024-04-16
2024041603009751,SLBBL,28,19,500.0,675.0,337500.0,2024-04-16
2024041603009750,SLBBL,28,44,114.0,675.0,76950.0,2024-04-16
2024041603009749,SLBBL,28,32,100.0,674.0,67400.0,2024-04-16
2024041603009748,SLBBL,28,62,44.0,674.0,29656.0,2024-04-16
2024041603009747,SLBBL,28,7,368.0,673.9,247995.2,2024-04-16
2024041603009746,SLBBL,28,42,20.0,673.9,13478.0,2024-04-16
2024041603009745,SLBBL,28,20,25.0,673.9,16847.5,2024-04-16
2024041603009744,SLBBL,28,56,200.0,673.0,134600.0,2024-04-16
2024041603009743,SLBBL,28,65,100.0,672.0,67200.0,2024-04-16
2024041603009742,GUFL,34,45,1950.0,905.3,1765335.0,2024-04-16
2024041601018783,BHL,45,58,10.0,342.7,3427.0,2024-04-16
2024041601018782,BHL,45,19,10.0,342.0,3420.0,2024-04-16
2024041601018781,BHL,45,52,10.0,342.0,3420.0,2024-04-16
2024041601018780,BHL,45,38,10.0,342.0,3420.0,2024-04-16
2024041601018779,BHL,45,44,100.0,341.0,34100.0,2024-04-16
2024041601018778,BHL,45,87,10.0,340.0,3400.0,2024-04-16
2024041603009741,GUFL,34,45,600.0,905.3,543180.0,2024-04-16
2024041601018777,MEHL,43,58,11.0,320.0,3520.0,2024-04-16
2024041604007246,SALICO,34,48,17.0,639.4,10869.8,2024-04-16
2024041601018776,HATHY,34,51,50.0,851.0,42550.0,2024-04-16
2024041601018775,MEHL,40,58,50.0,320.0,16000.0,2024-04-16
2024041601018774,PHCL,32,49,100.0,303.0,30300.0,2024-04-16
2024041601018773,CZBIL,14,32,20.0,155.0,3100.0,2024-04-16
2024041601018772,MCHL,21,7,10.0,404.0,4040.0,2024-04-16
2024041601018771,MCHL,21,38,10.0,404.0,4040.0,2024-04-16
2024041601018770,MCHL,21,58,60.0,404.0,24240.0,2024-04-16
2024041601018769,MCHL,21,41,20.0,404.0,8080.0,2024-04-16
2024041604007245,SPIL,7,39,41.0,730.0,29930.0,2024-04-16
2024041603009740,NICLBSL,74,21,50.0,667.1,33355.0,2024-04-16
2024041601018768,SHIVM,26,50,10.0,509.7,5097.0,2024-04-16
2024041604007244,SPDL,26,57,100.0,234.5,23450.0,2024-04-16
2024041601018767,PPL,62,38,1483.0,622.2,922722.6,2024-04-16
2024041601018766,PPL,62,6,200.0,614.2,122840.0,2024-04-16
2024041601018765,PPL,62,59,10.0,614.0,6140.0,2024-04-16
2024041601018764,PPL,62,62,60.0,614.0,36840.0,2024-04-16
2024041601018763,PPL,62,49,642.0,614.0,394188.0,2024-04-16
2024041601018762,PPL,62,34,1000.0,614.0,614000.0,2024-04-16
2024041601018761,PPL,62,35,125.0,614.0,76750.0,2024-04-16
2024041601018760,PPL,62,41,20.0,614.0,12280.0,2024-04-16
2024041601018759,PPL,62,6,50.0,614.0,30700.0,2024-04-16
2024041601018758,PPL,62,45,10.0,614.0,6140.0,2024-04-16
2024041601018757,PPL,62,49,10.0,614.0,6140.0,2024-04-16
2024041601018756,PPL,62,52,10.0,614.0,6140.0,2024-04-16
2024041601018755,PPL,62,8,100.0,614.0,61400.0,2024-04-16
2024041601018754,PPL,62,34,10.0,614.0,6140.0,2024-04-16
2024041601018753,PPL,62,42,50.0,614.0,30700.0,2024-04-16
2024041601018752,PPL,62,68,10.0,614.0,6140.0,2024-04-16
2024041601018751,PPL,62,26,100.0,614.0,61400.0,2024-04-16
2024041601018750,PPL,62,58,185.0,614.0,113590.0,2024-04-16
2024041601018749,PPL,62,49,65.0,614.0,39910.0,2024-04-16
2024041601018748,PPL,62,18,10.0,614.0,6140.0,2024-04-16
2024041601018747,PPL,62,35,80.0,614.0,49120.0,2024-04-16
2024041601018746,PPL,62,22,400.0,614.0,245600.0,2024-04-16
2024041601018745,PPL,62,20,300.0,614.0,184200.0,2024-04-16
2024041601018744,PPL,62,57,150.0,614.0,92100.0,2024-04-16
2024041601018743,PPL,62,46,80.0,614.0,49120.0,2024-04-16
2024041601018742,PPL,62,35,10.0,614.0,6140.0,2024-04-16
2024041601018741,PPL,62,62,300.0,614.0,184200.0,2024-04-16
2024041601018740,PPL,62,62,300.0,614.0,184200.0,2024-04-16
2024041601018739,PPL,62,62,200.0,614.0,122800.0,2024-04-16
2024041601018738,PPL,62,38,10.0,614.0,6140.0,2024-04-16
2024041601018737,PPL,62,38,10.0,614.0,6140.0,2024-04-16
2024041601018736,PPL,62,58,10.0,614.0,6140.0,2024-04-16
2024041601018735,PPL,62,62,200.0,614.0,122800.0,2024-04-16
2024041601018734,PPL,62,44,10.0,614.0,6140.0,2024-04-16
2024041601018733,PPL,62,11,10.0,614.0,6140.0,2024-04-16
2024041601018732,PPL,62,16,10.0,614.0,6140.0,2024-04-16
2024041601018731,PPL,62,55,10.0,614.0,6140.0,2024-04-16
2024041601018730,PPL,62,16,10.0,614.0,6140.0,2024-04-16
2024041601018729,PPL,62,54,10.0,614.0,6140.0,2024-04-16
2024041601018728,PPL,62,16,10.0,614.0,6140.0,2024-04-16
2024041601018727,PPL,62,41,10.0,614.0,6140.0,2024-04-16
2024041601018726,PPL,62,14,100.0,614.0,61400.0,2024-04-16
2024041601018725,PPL,62,45,65.0,614.0,39910.0,2024-04-16
2024041601018724,PPL,62,3,10.0,614.0,6140.0,2024-04-16
2024041601018723,PPL,62,25,10.0,614.0,6140.0,2024-04-16
2024041601018722,PPL,62,16,10.0,614.0,6140.0,2024-04-16
2024041601018721,PPL,62,55,10.0,614.0,6140.0,2024-04-16
2024041601018720,PPL,62,62,45.0,614.0,27630.0,2024-04-16
2024041601018719,PPL,62,62,250.0,614.0,153500.0,2024-04-16
2024041601018718,PPL,62,36,500.0,613.9,306950.0,2024-04-16
2024041601018717,PPL,62,14,300.0,613.0,183900.0,2024-04-16
2024041601018716,PPL,62,32,300.0,613.0,183900.0,2024-04-16
2024041601018715,PPL,62,35,10.0,613.0,6130.0,2024-04-16
2024041601018714,PPL,62,51,10.0,613.0,6130.0,2024-04-16
2024041601018713,PPL,62,26,100.0,613.0,61300.0,2024-04-16
2024041601018712,PPL,62,20,200.0,612.0,122400.0,2024-04-16
2024041601018711,PPL,62,41,100.0,610.0,61000.0,2024-04-16
2024041601018710,PPL,62,45,10.0,610.0,6100.0,2024-04-16
2024041601018709,PPL,62,7,10.0,610.0,6100.0,2024-04-16
2024041601018708,PPL,62,33,100.0,610.0,61000.0,2024-04-16
2024041601018707,PPL,62,41,10.0,610.0,6100.0,2024-04-16
2024041601018706,PPL,62,62,50.0,610.0,30500.0,2024-04-16
2024041601018705,PPL,62,54,10.0,610.0,6100.0,2024-04-16
2024041601018704,PPL,62,45,10.0,610.0,6100.0,2024-04-16
2024041601018703,PPL,62,45,70.0,610.0,42700.0,2024-04-16
2024041601018702,PPL,62,19,10.0,610.0,6100.0,2024-04-16
2024041601018701,PPL,62,28,10.0,610.0,6100.0,2024-04-16
2024041601018700,PPL,62,14,10.0,610.0,6100.0,2024-04-16
2024041601018699,PPL,62,38,10.0,605.0,6050.0,2024-04-16
2024041601018698,PPL,62,61,400.0,604.0,241600.0,2024-04-16
2024041601018697,PPL,62,28,120.0,603.4,72408.0,2024-04-16
2024041601018696,PPL,62,38,10.0,603.4,6034.0,2024-04-16
2024041601018695,PPL,62,49,100.0,603.0,60300.0,2024-04-16
2024041601018694,PPL,62,70,200.0,603.0,120600.0,2024-04-16
2024041601018693,PPL,62,52,10.0,602.6,6026.0,2024-04-16
2024041601018692,PPL,62,52,10.0,602.6,6026.0,2024-04-16
2024041601018691,PPL,62,49,10.0,602.5,6025.0,2024-04-16
2024041601018690,PPL,62,52,10.0,602.1,6021.0,2024-04-16
2024041601018689,PPL,62,20,20.0,602.1,12042.0,2024-04-16
2024041603009739,GILB,62,35,10.0,989.0,9890.0,2024-04-16
2024041603009738,GILB,62,47,40.0,986.0,39440.0,2024-04-16
2024041603009737,GILB,62,62,100.0,978.0,97800.0,2024-04-16
2024041603009736,JFL,22,35,15.0,429.0,6435.0,2024-04-16
2024041603009735,BFC,38,38,30.0,346.0,10380.0,2024-04-16
2024041601018688,VLUCL,58,38,40.0,490.0,19600.0,2024-04-16
2024041601018687,VLUCL,43,38,10.0,490.0,4900.0,2024-04-16
2024041601018686,VLUCL,71,38,50.0,490.0,24500.0,2024-04-16
2024041601018685,VLUCL,11,38,50.0,490.0,24500.0,2024-04-16
2024041601018684,VLUCL,41,38,500.0,490.1,245050.0,2024-04-16
2024041601018683,VLUCL,38,38,50.0,491.0,24550.0,2024-04-16
2024041601018682,VLUCL,7,38,100.0,491.0,49100.0,2024-04-16
2024041604007243,SJCL,33,54,100.0,274.1,27410.0,2024-04-16
2024041603009734,GUFL,41,14,500.0,900.0,450000.0,2024-04-16
2024041603009733,GUFL,41,44,340.0,900.0,306000.0,2024-04-16
2024041603009732,GUFL,41,71,110.0,895.0,98450.0,2024-04-16
2024041603009731,GUFL,41,71,3000.0,886.0,2658000.0,2024-04-16
2024041603009730,GUFL,41,52,266.0,880.0,234080.0,2024-04-16
2024041603009729,GUFL,41,37,100.0,872.0,87200.0,2024-04-16
2024041601018681,MKHL,58,72,273.0,459.1,125334.3,2024-04-16
2024041601018680,MKHL,58,72,1227.0,459.1,563315.7,2024-04-16
2024041601018679,BEDC,42,44,100.0,365.0,36500.0,2024-04-16
2024041601018678,BHL,58,58,10.0,335.1,3351.0,2024-04-16
2024041603009728,NICLBSL,74,21,40.0,668.9,26756.0,2024-04-16
2024041603009727,NICLBSL,74,17,10.0,667.2,6672.0,2024-04-16
2024041603009726,NMFBS,42,14,50.0,1149.0,57450.0,2024-04-16
2024041601018677,RHGCL,71,17,10.0,332.0,3320.0,2024-04-16
2024041601018676,RFPL,95,42,86.0,380.0,32680.0,2024-04-16
2024041601018675,RFPL,95,13,59.0,379.9,22414.1,2024-04-16
2024041601018674,RFPL,95,65,300.0,379.5,113850.0,2024-04-16
2024041601018673,RFPL,95,13,40.0,379.0,15160.0,2024-04-16
2024041601018672,RFPL,95,58,10.0,379.0,3790.0,2024-04-16
2024041601018671,RFPL,95,11,35.0,377.0,13195.0,2024-04-16
2024041601018670,RFPL,95,14,440.0,376.0,165440.0,2024-04-16
2024041601018669,RFPL,95,14,10.0,376.0,3760.0,2024-04-16
2024041601018668,PPL,50,20,50.0,602.1,30105.0,2024-04-16
2024041603009725,KSBBL,53,25,10.0,347.5,3475.0,2024-04-16
2024041601018667,MLBS,45,13,29.0,1289.0,37381.0,2024-04-16
2024041601018666,MLBS,45,54,10.0,1285.2,12852.0,2024-04-16
2024041601018665,MLBS,45,16,29.0,1285.2,37270.8,2024-04-16
2024041603009724,GUFL,41,52,1134.0,889.0,1008126.0,2024-04-16
2024041604007242,OHL,11,5,10.0,739.0,7390.0,2024-04-16
2024041604007241,OHL,11,54,20.0,730.2,14604.0,2024-04-16
2024041601018664,MKJC,57,34,10.0,450.0,4500.0,2024-04-16
2024041604007240,AKJCL,34,14,10.0,210.0,2100.0,2024-04-16
2024041601018663,NESDO,34,49,10.0,1729.0,17290.0,2024-04-16
2024041604007239,UPPER,41,34,120.0,166.1,19932.0,2024-04-16
2024041604007238,UPPER,57,34,177.0,166.1,29399.7,2024-04-16
2024041601018662,ILI,63,41,10.0,550.0,5500.0,2024-04-16
2024041601018661,ILI,63,45,10.0,550.0,5500.0,2024-04-16
2024041601018660,ILI,63,34,80.0,550.0,44000.0,2024-04-16
2024041601018659,ILI,63,28,10.0,550.0,5500.0,2024-04-16
2024041601018658,ILI,63,58,10.0,550.0,5500.0,2024-04-16
2024041601018657,ILI,63,35,50.0,550.0,27500.0,2024-04-16
2024041601018656,ILI,63,6,10.0,550.0,5500.0,2024-04-16
2024041601018655,ILI,63,49,10.0,550.0,5500.0,2024-04-16
2024041601018654,ILI,63,49,10.0,550.0,5500.0,2024-04-16
2024041601018653,ILI,63,58,200.0,549.9,109980.0,2024-04-16
2024041601018652,ILI,63,22,390.0,549.9,214461.0,2024-04-16
2024041601018651,ILI,63,52,10.0,549.8,5498.0,2024-04-16
2024041601018650,ILI,63,58,200.0,549.8,109960.0,2024-04-16
2024041603009723,GUFL,41,56,800.0,889.0,711200.0,2024-04-16
2024041601018649,MKCL,29,36,80.0,915.0,73200.0,2024-04-16
2024041601018648,MKCL,29,66,10.0,915.0,9150.0,2024-04-16
2024041601018647,MKCL,29,35,10.0,915.0,9150.0,2024-04-16
2024041601018646,UHEWA,32,57,20.0,398.0,7960.0,2024-04-16
2024041601018645,UHEWA,32,29,500.0,397.0,198500.0,2024-04-16
2024041601018644,UHEWA,32,25,50.0,397.0,19850.0,2024-04-16
2024041603009722,GUFL,41,25,8066.0,889.0,7170674.0,2024-04-16
2024041601018643,NRM,38,58,10.0,364.2,3642.0,2024-04-16
2024041601018642,NRM,38,36,10.0,364.0,3640.0,2024-04-16
2024041603009721,KMCDB,26,6,150.0,784.0,117600.0,2024-04-16
2024041603009720,NMBMF,1,13,29.0,605.9,17571.1,2024-04-16
2024041603009719,NMBMF,1,45,71.0,603.0,42813.0,2024-04-16
2024041603009718,NMBMF,1,57,25.0,603.0,15075.0,2024-04-16
2024041603009717,NMBMF,1,8,25.0,599.0,14975.0,2024-04-16
2024041601018641,KDL,55,47,255.0,765.4,195177.0,2024-04-16
2024041601018640,KDL,33,47,10.0,765.4,7654.0,2024-04-16
2024041601018639,KDL,13,47,10.0,765.7,7657.0,2024-04-16
2024041601018638,KDL,1,47,10.0,766.2,7662.0,2024-04-16
2024041601018637,KDL,34,47,100.0,766.3,76630.0,2024-04-16
2024041601018636,KDL,54,47,50.0,766.3,38315.0,2024-04-16
2024041601018635,KDL,58,47,100.0,766.4,76640.0,2024-04-16
2024041601018634,KDL,22,47,20.0,766.4,15328.0,2024-04-16
2024041601018633,KDL,48,47,35.0,766.5,26827.5,2024-04-16
2024041601018632,KDL,34,47,500.0,766.6,383300.0,2024-04-16
2024041601018631,KDL,39,47,40.0,766.7,30668.0,2024-04-16
2024041601018630,KDL,51,47,20.0,766.7,15334.0,2024-04-16
2024041601018629,KDL,46,47,110.0,767.0,84370.0,2024-04-16
2024041601018628,KDL,58,47,100.0,767.0,76700.0,2024-04-16
2024041601018627,KDL,49,47,100.0,770.0,77000.0,2024-04-16
2024041601018626,KDL,13,47,40.0,771.0,30840.0,2024-04-16
2024041601018625,MMKJL,58,10,10.0,410.0,4100.0,2024-04-16
2024041601018624,MMKJL,58,41,10.0,410.0,4100.0,2024-04-16
2024041601018623,MMKJL,58,62,10.0,410.0,4100.0,2024-04-16
2024041601018622,MMKJL,58,51,10.0,410.0,4100.0,2024-04-16
2024041601018621,MMKJL,58,26,50.0,409.5,20475.0,2024-04-16
2024041601018620,MMKJL,58,49,10.0,408.0,4080.0,2024-04-16
2024041601018619,SNLI,59,58,10.0,584.5,5845.0,2024-04-16
2024041601018618,MANDU,65,52,380.0,759.9,288762.0,2024-04-16
2024041601018617,MANDU,65,38,50.0,759.0,37950.0,2024-04-16
2024041601018616,MANDU,65,5,200.0,758.0,151600.0,2024-04-16
2024041601018615,MANDU,65,49,10.0,758.0,7580.0,2024-04-16
2024041601018614,MANDU,65,51,10.0,757.0,7570.0,2024-04-16
2024041601018613,MANDU,65,55,10.0,757.0,7570.0,2024-04-16
2024041601018612,MANDU,65,32,1140.0,757.0,862980.0,2024-04-16
2024041601018611,MANDU,65,6,200.0,756.0,151200.0,2024-04-16
2024041601018610,UHEWA,57,57,50.0,393.2,19660.0,2024-04-16
2024041601018609,UHEWA,57,57,40.0,393.3,15732.0,2024-04-16
2024041601018608,UHEWA,34,57,100.0,394.0,39400.0,2024-04-16
2024041601018607,UHEWA,32,57,200.0,394.0,78800.0,2024-04-16
2024041601018606,UHEWA,57,57,10.0,394.0,3940.0,2024-04-16
2024041601018605,UHEWA,57,57,45.0,395.0,17775.0,2024-04-16
2024041601018604,MANDU,65,53,10.0,751.0,7510.0,2024-04-16
2024041601018603,MKHL,53,25,20.0,461.0,9220.0,2024-04-16
2024041604007237,NICL,45,36,50.0,818.0,40900.0,2024-04-16
2024041604007236,NICL,45,45,50.0,818.0,40900.0,2024-04-16
2024041603009716,MPFL,45,13,10.0,369.8,3698.0,2024-04-16
2024041603009715,MPFL,45,33,10.0,369.0,3690.0,2024-04-16
2024041604007235,UAIL,34,42,10.0,527.9,5279.0,2024-04-16
2024041603009714,GLBSL,70,45,10.0,1825.0,18250.0,2024-04-16
2024041603009713,SJLIC,29,39,50.0,502.9,25145.0,2024-04-16
2024041603009712,SJLIC,29,74,40.0,502.4,20096.0,2024-04-16
2024041603009711,SJLIC,29,34,69.0,502.4,34665.6,2024-04-16
2024041603009710,SJLIC,29,14,99.0,502.0,49698.0,2024-04-16
2024041603009709,SJLIC,29,45,100.0,502.0,50200.0,2024-04-16
2024041603009708,SJLIC,29,39,101.0,502.0,50702.0,2024-04-16
2024041604007234,DHPL,34,16,140.0,206.0,28840.0,2024-04-16
2024041604007233,DHPL,35,16,10.0,206.0,2060.0,2024-04-16
2024041601018602,NMB,42,22,1.0,174.0,174.0,2024-04-16
2024041603009707,ACLBSL,62,35,17.0,762.0,12954.0,2024-04-16
2024041601018601,MHL,38,57,100.0,408.0,40800.0,2024-04-16
2024041601018600,MMKJL,64,6,10.0,406.0,4060.0,2024-04-16
2024041604007232,SPDL,17,57,11.0,234.5,2579.5,2024-04-16
2024041603009706,SMB,55,17,15.0,1365.0,20475.0,2024-04-16
2024041601018599,RAWA,36,6,10.0,475.0,4750.0,2024-04-16
2024041601018598,KBL,4,49,220.0,134.4,29568.0,2024-04-16
2024041605003514,NTC,50,49,50.0,825.5,41275.0,2024-04-16
2024041603009705,ALICL,44,44,20.0,551.0,11020.0,2024-04-16
2024041601018597,SIKLES,48,37,50.0,505.2,25260.0,2024-04-16
2024041604007231,UMRH,43,43,11.0,347.8,3825.8,2024-04-16
2024041603009704,SJLIC,45,39,549.0,502.0,275598.0,2024-04-16
2024041604007230,SHL,34,42,115.0,432.0,49680.0,2024-04-16
2024041603009703,JFL,22,39,10.0,429.0,4290.0,2024-04-16
2024041603009702,JFL,16,39,90.0,429.0,38610.0,2024-04-16
2024041604007229,UPPER,57,39,323.0,166.1,53650.3,2024-04-16
2024041604007228,UPPER,48,39,30.0,166.1,4983.0,2024-04-16
2024041604007227,UPPER,55,39,50.0,166.1,8305.0,2024-04-16
2024041604007226,UPPER,57,39,71.0,166.1,11793.1,2024-04-16
2024041603009701,SINDU,35,32,10.0,365.0,3650.0,2024-04-16
2024041601018596,SAMAJ,17,32,10.0,1852.0,18520.0,2024-04-16
2024041604007225,UPCL,72,41,910.0,199.8,181818.0,2024-04-16
2024041604007224,UPCL,72,48,90.0,199.7,17973.0,2024-04-16
2024041601018595,DOLTI,42,3,100.0,453.0,45300.0,2024-04-16
2024041601018594,MKHC,19,57,12.0,324.0,3888.0,2024-04-16
2024041601018593,MKHC,19,52,10.0,323.9,3239.0,2024-04-16
2024041601018592,MKHC,19,52,10.0,323.9,3239.0,2024-04-16
2024041601018591,MKHC,19,42,30.0,323.6,9708.0,2024-04-16
2024041601018590,MKHC,19,14,10.0,323.0,3230.0,2024-04-16
2024041601018589,MKHC,19,35,40.0,323.0,12920.0,2024-04-16
2024041601018588,MKHC,19,25,100.0,323.0,32300.0,2024-04-16
2024041601018587,MKHC,19,35,150.0,323.0,48450.0,2024-04-16
2024041601018586,MKHC,19,63,500.0,322.0,161000.0,2024-04-16
2024041601018585,MKHC,19,58,100.0,322.0,32200.0,2024-04-16
2024041601018584,MKHC,19,26,38.0,322.0,12236.0,2024-04-16
2024041604007223,UPCL,6,4,400.0,198.3,79320.0,2024-04-16
2024041601018583,MKLB,37,21,15.0,995.0,14925.0,2024-04-16
2024041601018582,MKLB,37,58,10.0,990.0,9900.0,2024-04-16
2024041604007222,SPDL,72,52,10.0,233.1,2331.0,2024-04-16
2024041604007221,BPCL,45,56,16.0,298.0,4768.0,2024-04-16
2024041601018581,RHGCL,45,17,10.0,332.0,3320.0,2024-04-16
2024041603009700,SFCL,34,70,100.0,316.5,31650.0,2024-04-16
2024041601018580,NICA,34,45,10.0,390.0,3900.0,2024-04-16
2024041603009699,GUFL,22,52,735.0,889.4,653709.0,2024-04-16
2024041603009698,GUFL,22,67,970.0,889.0,862330.0,2024-04-16
2024041603009697,GUFL,22,38,55.0,889.0,48895.0,2024-04-16
2024041603009696,GUFL,22,71,3000.0,889.0,2667000.0,2024-04-16
2024041603009695,GUFL,22,28,100.0,889.0,88900.0,2024-04-16
2024041603009694,GUFL,22,71,1000.0,888.0,888000.0,2024-04-16
2024041603009693,GUFL,22,21,1000.0,872.1,872100.0,2024-04-16
2024041603009692,GUFL,22,28,40.0,872.0,34880.0,2024-04-16
2024041603009691,GUFL,22,48,400.0,872.0,348800.0,2024-04-16
2024041603009690,GUFL,22,19,200.0,871.0,174200.0,2024-04-16
2024041603009689,GUFL,22,40,120.0,860.0,103200.0,2024-04-16
2024041603009688,GUFL,22,58,30.0,855.0,25650.0,2024-04-16
2024041603009687,GUFL,22,34,100.0,826.2,82620.0,2024-04-16
2024041603009686,GUFL,22,69,200.0,826.2,165240.0,2024-04-16
2024041603009685,GUFL,22,34,1000.0,826.2,826200.0,2024-04-16
2024041603009684,GUFL,22,7,2000.0,826.2,1652400.0,2024-04-16
2024041603009683,GUFL,22,25,11.0,826.2,9088.2,2024-04-16
2024041603009682,GUFL,22,62,100.0,826.2,82620.0,2024-04-16
2024041603009681,GUFL,22,36,200.0,826.2,165240.0,2024-04-16
2024041603009680,GUFL,22,58,25.0,826.2,20655.0,2024-04-16
2024041603009679,GUFL,22,91,1000.0,826.2,826200.0,2024-04-16
2024041603009678,GUFL,22,41,120.0,826.2,99144.0,2024-04-16
2024041603009677,GUFL,22,52,10.0,826.2,8262.0,2024-04-16
2024041603009676,GUFL,22,22,50.0,826.2,41310.0,2024-04-16
2024041603009675,GUFL,22,17,100.0,826.2,82620.0,2024-04-16
2024041603009674,GUFL,22,5,500.0,826.2,413100.0,2024-04-16
2024041603009673,GUFL,22,34,100.0,826.2,82620.0,2024-04-16
2024041603009672,GUFL,22,34,57.0,826.2,47093.4,2024-04-16
2024041603009671,GUFL,22,26,20.0,826.2,16524.0,2024-04-16
2024041603009670,GUFL,22,28,400.0,826.2,330480.0,2024-04-16
2024041603009669,GUFL,22,38,500.0,826.2,413100.0,2024-04-16
2024041603009668,GUFL,22,57,300.0,826.1,247830.0,2024-04-16
2024041603009667,GUFL,22,54,200.0,826.0,165200.0,2024-04-16
2024041603009666,GUFL,22,58,30.0,826.0,24780.0,2024-04-16
2024041603009665,GUFL,22,63,500.0,826.0,413000.0,2024-04-16
2024041603009664,GUFL,22,42,300.0,826.0,247800.0,2024-04-16
2024041603009663,GUFL,22,52,500.0,826.0,413000.0,2024-04-16
2024041603009662,GUFL,22,34,100.0,826.0,82600.0,2024-04-16
2024041603009661,GUFL,22,72,100.0,826.0,82600.0,2024-04-16
2024041603009660,GUFL,22,39,100.0,826.0,82600.0,2024-04-16
2024041603009659,GUFL,22,54,20.0,826.0,16520.0,2024-04-16
2024041603009658,GUFL,22,43,100.0,826.0,82600.0,2024-04-16
2024041603009657,GUFL,22,71,500.0,826.0,413000.0,2024-04-16
2024041603009656,GUFL,22,58,155.0,826.0,128030.0,2024-04-16
2024041603009655,GUFL,22,48,50.0,826.0,41300.0,2024-04-16
2024041603009654,GUFL,22,34,1000.0,826.0,826000.0,2024-04-16
2024041603009653,GUFL,22,49,250.0,825.9,206475.0,2024-04-16
2024041603009652,GUFL,22,45,1000.0,825.5,825500.0,2024-04-16
2024041603009651,GUFL,22,5,400.0,825.5,330200.0,2024-04-16
2024041603009650,GUFL,22,25,100.0,825.5,82550.0,2024-04-16
2024041603009649,GUFL,22,34,500.0,825.5,412750.0,2024-04-16
2024041603009648,GUFL,22,7,2000.0,825.4,1650800.0,2024-04-16
2024041603009647,GUFL,22,32,100.0,825.4,82540.0,2024-04-16
2024041603009646,GUFL,22,58,25.0,825.0,20625.0,2024-04-16
2024041603009645,GUFL,22,58,10.0,825.0,8250.0,2024-04-16
2024041603009644,GUFL,22,55,10.0,825.0,8250.0,2024-04-16
2024041603009643,GUFL,22,17,100.0,825.0,82500.0,2024-04-16
2024041603009642,GUFL,22,25,100.0,825.0,82500.0,2024-04-16
2024041603009641,GUFL,22,47,500.0,825.0,412500.0,2024-04-16
2024041603009640,GUFL,22,19,200.0,824.9,164980.0,2024-04-16
2024041603009639,GUFL,22,41,270.0,824.8,222696.0,2024-04-16
2024041603009638,GUFL,22,38,1500.0,824.1,1236150.0,2024-04-16
2024041603009637,GUFL,22,34,1500.0,824.0,1236000.0,2024-04-16
2024041603009636,GUFL,22,14,200.0,824.0,164800.0,2024-04-16
2024041603009635,GUFL,22,49,50.0,824.0,41200.0,2024-04-16
2024041603009634,GUFL,22,72,100.0,824.0,82400.0,2024-04-16
2024041603009633,GUFL,22,45,20.0,824.0,16480.0,2024-04-16
2024041603009632,GUFL,22,45,300.0,823.0,246900.0,2024-04-16
2024041603009631,GUFL,22,72,100.0,823.0,82300.0,2024-04-16
2024041603009630,GUFL,22,62,20.0,823.0,16460.0,2024-04-16
2024041603009629,GUFL,22,41,50.0,823.0,41150.0,2024-04-16
2024041603009628,GUFL,22,57,300.0,823.0,246900.0,2024-04-16
2024041603009627,GUFL,22,51,80.0,822.0,65760.0,2024-04-16
2024041603009626,GUFL,22,40,1950.0,822.0,1602900.0,2024-04-16
2024041603009625,GUFL,22,45,100.0,822.0,82200.0,2024-04-16
2024041603009624,GUFL,22,28,600.0,821.3,492780.0,2024-04-16
2024041603009623,GUFL,22,28,600.0,821.3,492780.0,2024-04-16
2024041603009622,GUFL,22,65,200.0,821.0,164200.0,2024-04-16
2024041603009621,GUFL,22,38,300.0,821.0,246300.0,2024-04-16
2024041603009620,GUFL,22,36,100.0,821.0,82100.0,2024-04-16
2024041603009619,GUFL,22,6,25.0,821.0,20525.0,2024-04-16
2024041603009618,GUFL,22,21,20.0,820.0,16400.0,2024-04-16
2024041603009617,GUFL,22,26,100.0,819.0,81900.0,2024-04-16
2024041603009616,GUFL,22,7,100.0,819.0,81900.0,2024-04-16
2024041603009615,GUFL,22,35,400.0,818.0,327200.0,2024-04-16
2024041603009614,GUFL,22,62,50.0,816.0,40800.0,2024-04-16
2024041603009613,GUFL,22,45,310.0,815.0,252650.0,2024-04-16
2024041603009612,GUFL,22,43,500.0,815.0,407500.0,2024-04-16
2024041603009611,GUFL,22,47,10.0,809.8,8098.0,2024-04-16
2024041603009610,GUFL,22,57,120.0,809.5,97140.0,2024-04-16
2024041603009609,GUFL,22,22,70.0,809.4,56658.0,2024-04-16
2024041603009608,GUFL,22,53,348.0,809.2,281601.6,2024-04-16
2024041603009607,GUFL,22,7,41.0,808.0,33128.0,2024-04-16
2024041603009606,GUFL,22,28,100.0,804.0,80400.0,2024-04-16
2024041603009605,GUFL,22,49,10.0,804.0,8040.0,2024-04-16
2024041603009604,GUFL,22,36,400.0,804.0,321600.0,2024-04-16
2024041603009603,KLBSL,62,19,10.0,867.0,8670.0,2024-04-16
2024041603009602,NUBL,62,58,10.0,643.0,6430.0,2024-04-16
2024041601018579,JALPA,1,7,22.0,1258.0,27676.0,2024-04-16
2024041601018578,MBJC,46,49,10.0,298.1,2981.0,2024-04-16
2024041601018577,BHDC,49,49,10.0,477.0,4770.0,2024-04-16
2024041604007220,HEI,4,45,322.0,582.0,187404.0,2024-04-16
2024041604007219,HEI,4,44,37.0,582.0,21534.0,2024-04-16
2024041604007218,HEI,4,29,392.0,580.0,227360.0,2024-04-16
2024041604007217,HEI,4,37,162.0,580.0,93960.0,2024-04-16
2024041604007216,SHEL,14,20,33.0,170.0,5610.0,2024-04-16
2024041601018576,PCBL,57,45,200.0,190.0,38000.0,2024-04-16
2024041601018575,PCBL,57,49,937.0,190.0,178030.0,2024-04-16
2024041601018574,PCBL,57,58,163.0,190.0,30970.0,2024-04-16
2024041601018573,PCBL,57,42,773.0,190.0,146870.0,2024-04-16
2024041601018572,BNHC,1,43,10.0,469.9,4699.0,2024-04-16
2024041604007215,AKJCL,52,14,10.0,210.0,2100.0,2024-04-16
2024041603009601,GUFL,34,45,80.0,800.0,64000.0,2024-04-16
2024041603009600,KSBBL,4,45,20.0,346.0,6920.0,2024-04-16
2024041603009599,GFCL,11,81,100.0,451.7,45170.0,2024-04-16
2024041603009598,GFCL,11,57,400.0,451.6,180640.0,2024-04-16
2024041603009597,GFCL,11,11,880.0,451.0,396880.0,2024-04-16
2024041603009596,GFCL,11,32,120.0,450.0,54000.0,2024-04-16
2024041601018571,RHGCL,63,17,10.0,332.0,3320.0,2024-04-16
2024041601018570,MMKJL,64,82,90.0,406.0,36540.0,2024-04-16
2024041601018569,MMKJL,64,6,30.0,406.0,12180.0,2024-04-16
2024041601018568,MMKJL,64,34,10.0,406.0,4060.0,2024-04-16
2024041601018567,MMKJL,64,66,10.0,406.0,4060.0,2024-04-16
2024041601018566,HHL,28,21,450.0,370.0,166500.0,2024-04-16
2024041603009595,LBBL,21,39,20.0,368.0,7360.0,2024-04-16
2024041601018565,MLBS,29,16,10.0,1285.2,12852.0,2024-04-16
2024041603009594,ICFC,42,1,24.0,502.0,12048.0,2024-04-16
2024041604007214,NGPL,22,55,100.0,316.0,31600.0,2024-04-16
2024041601018564,BGWT,3,25,90.0,605.2,54468.0,2024-04-16
2024041601018563,BGWT,26,25,10.0,605.3,6053.0,2024-04-16
2024041603009593,SINDU,35,45,100.0,365.0,36500.0,2024-04-16
2024041603009592,SINDU,35,42,100.0,365.0,36500.0,2024-04-16
2024041603009591,SINDU,35,38,30.0,365.0,10950.0,2024-04-16
2024041603009590,SINDU,35,45,10.0,364.9,3649.0,2024-04-16
2024041601018562,SMH,45,38,20.0,665.1,13302.0,2024-04-16
2024041605003513,CIT,38,45,50.0,2101.0,105050.0,2024-04-16
2024041604007213,JOSHI,57,6,547.0,330.1,180564.7,2024-04-16
2024041604007212,JOSHI,26,6,35.0,330.2,11557.0,2024-04-16
2024041604007211,JOSHI,5,6,418.0,330.2,138023.6,2024-04-16
2024041601018561,MBJC,47,49,10.0,300.0,3000.0,2024-04-16
2024041601018560,GBIME,22,44,150.0,177.4,26610.0,2024-04-16
2024041604007210,CHCL,47,4,1889.0,442.0,834938.0,2024-04-16
2024041604007209,CHCL,52,4,20.0,442.0,8840.0,2024-04-16
2024041604007208,CHCL,42,4,80.0,442.0,35360.0,2024-04-16
2024041604007207,CHCL,69,4,500.0,442.0,221000.0,2024-04-16
2024041604007206,CHCL,47,4,500.0,442.0,221000.0,2024-04-16
2024041604007205,CHCL,47,4,300.0,442.0,132600.0,2024-04-16
2024041604007204,CHCL,35,4,10.0,442.0,4420.0,2024-04-16
2024041604007203,CHCL,28,4,500.0,442.1,221050.0,2024-04-16
2024041604007202,CHCL,69,4,500.0,442.6,221300.0,2024-04-16
2024041604007201,CHCL,50,4,340.0,443.0,150620.0,2024-04-16
2024041604007200,CHCL,36,4,300.0,443.0,132900.0,2024-04-16
2024041604007199,CHCL,69,4,500.0,443.4,221700.0,2024-04-16
2024041604007198,CHCL,28,4,500.0,443.6,221800.0,2024-04-16
2024041604007197,CHCL,41,4,30.0,444.0,13320.0,2024-04-16
2024041604007196,CHCL,25,4,60.0,444.0,26640.0,2024-04-16
2024041604007195,CHCL,11,4,100.0,444.0,44400.0,2024-04-16
2024041604007194,CHCL,25,4,50.0,444.0,22200.0,2024-04-16
2024041604007193,CHCL,28,4,500.0,444.2,222100.0,2024-04-16
2024041604007192,CHCL,46,4,10.0,444.5,4445.0,2024-04-16
2024041604007191,CHCL,7,4,10.0,445.0,4450.0,2024-04-16
2024041604007190,CHCL,44,4,74.0,445.0,32930.0,2024-04-16
2024041604007189,CHCL,13,4,100.0,445.0,44500.0,2024-04-16
2024041604007188,CHCL,33,4,39.0,445.0,17355.0,2024-04-16
2024041604007187,CHCL,53,4,20.0,445.0,8900.0,2024-04-16
2024041604007186,CHCL,42,4,10.0,445.0,4450.0,2024-04-16
2024041604007185,CHCL,39,4,250.0,445.0,111250.0,2024-04-16
2024041604007184,CHCL,25,4,500.0,445.0,222500.0,2024-04-16
2024041604007183,CHCL,52,4,10.0,445.0,4450.0,2024-04-16
2024041604007182,CHCL,52,4,76.0,445.0,33820.0,2024-04-16
2024041604007181,CHCL,69,4,500.0,445.1,222550.0,2024-04-16
2024041604007180,CHCL,16,4,200.0,445.1,89020.0,2024-04-16
2024041604007179,CHCL,45,4,100.0,445.1,44510.0,2024-04-16
2024041604007178,CHCL,56,4,300.0,446.0,133800.0,2024-04-16
2024041604007177,CHCL,45,4,100.0,446.0,44600.0,2024-04-16
2024041604007176,CHCL,1,4,50.0,446.1,22305.0,2024-04-16
2024041604007175,CHCL,6,4,20.0,446.2,8924.0,2024-04-16
2024041604007174,CHCL,45,4,100.0,446.5,44650.0,2024-04-16
2024041604007173,CHCL,58,4,30.0,446.9,13407.0,2024-04-16
2024041604007172,CHCL,21,4,475.0,447.0,212325.0,2024-04-16
2024041604007171,CHCL,56,4,300.0,447.0,134100.0,2024-04-16
2024041604007170,CHCL,57,4,32.0,447.0,14304.0,2024-04-16
2024041604007169,CHCL,49,4,15.0,448.0,6720.0,2024-04-16
2024041601018559,DOLTI,38,57,190.0,452.0,85880.0,2024-04-16
2024041601018558,DOLTI,70,57,250.0,452.0,113000.0,2024-04-16
2024041601018557,DOLTI,39,57,100.0,452.1,45210.0,2024-04-16
2024041604007168,NGPL,58,34,497.0,315.0,156555.0,2024-04-16
2024041604007167,NGPL,33,34,100.0,315.0,31500.0,2024-04-16
2024041604007166,NGPL,41,34,220.0,315.0,69300.0,2024-04-16
2024041604007165,NGPL,39,34,183.0,315.0,57645.0,2024-04-16
2024041601018556,CLI,44,58,10.0,443.4,4434.0,2024-04-16
2024041601018555,SARBTM,58,17,15.0,799.0,11985.0,2024-04-16
2024041601018554,MKHL,42,25,10.0,461.0,4610.0,2024-04-16
2024041601018553,MKHL,42,41,10.0,460.0,4600.0,2024-04-16
2024041601018552,HATHY,16,51,100.0,851.1,85110.0,2024-04-16
2024041601018551,HATHY,57,51,38.0,853.0,32414.0,2024-04-16
2024041603009589,GUFL,51,36,100.0,804.0,80400.0,2024-04-16
2024041601018550,MEHL,52,35,30.0,318.0,9540.0,2024-04-16
2024041601018549,MEHL,49,35,100.0,318.5,31850.0,2024-04-16
2024041604007164,TRH,43,17,121.0,737.3,89213.3,2024-04-16
2024041604007163,TRH,41,17,236.0,737.4,174026.4,2024-04-16
2024041604007162,TRH,95,17,183.0,737.5,134962.5,2024-04-16
2024041603009588,PFL,72,35,155.0,489.1,75810.5,2024-04-16
2024041603009587,LICN,22,7,10.0,1323.2,13232.0,2024-04-16
2024041603009586,LICN,19,7,20.0,1325.0,26500.0,2024-04-16
2024041603009585,PROFL,38,50,10.0,317.0,3170.0,2024-04-16
2024041603009584,KLBSL,37,19,200.0,867.0,173400.0,2024-04-16
2024041603009583,KLBSL,44,19,39.0,867.1,33816.9,2024-04-16
2024041603009582,KLBSL,42,19,10.0,868.0,8680.0,2024-04-16
2024041604007161,HDHPC,44,4,100.0,130.8,13080.0,2024-04-16
2024041603009581,MSLB,44,45,10.0,1134.0,11340.0,2024-04-16
2024041604007160,TRH,49,40,10.0,739.8,7398.0,2024-04-16
2024041604007159,GHL,5,33,10.0,150.0,1500.0,2024-04-16
2024041601018548,MHCL,5,50,100.0,402.0,40200.0,2024-04-16
2024041601018547,RNLI,52,57,50.0,426.0,21300.0,2024-04-16
2024041603009580,MDB,49,70,300.0,418.0,125400.0,2024-04-16
2024041601018546,SHIVM,60,36,180.0,509.0,91620.0,2024-04-16
2024041601018545,MANDU,65,58,240.0,751.0,180240.0,2024-04-16
2024041601018544,CLI,44,58,10.0,443.4,4434.0,2024-04-16
2024041604007158,GLH,22,35,50.0,209.0,10450.0,2024-04-16
2024041604007157,GLH,22,4,150.0,209.0,31350.0,2024-04-16
2024041604007156,GLH,22,38,72.0,209.0,15048.0,2024-04-16
2024041604007155,GLH,22,35,10.0,208.6,2086.0,2024-04-16
2024041601018543,NWCL,34,35,10.0,741.0,7410.0,2024-04-16
2024041601018542,SRLI,33,35,90.0,431.3,38817.0,2024-04-16
2024041601018541,SRLI,19,35,10.0,431.4,4314.0,2024-04-16
2024041603009579,PFL,3,35,100.0,489.1,48910.0,2024-04-16
2024041603009578,PFL,39,35,100.0,489.2,48920.0,2024-04-16
2024041603009577,PFL,71,35,40.0,489.4,19576.0,2024-04-16
2024041603009576,PFL,3,35,326.0,489.5,159577.0,2024-04-16
2024041603009575,PFL,82,35,375.0,490.0,183750.0,2024-04-16
2024041603009574,SABSL,35,45,165.0,789.0,130185.0,2024-04-16
2024041601018540,MKCL,34,6,10.0,910.0,9100.0,2024-04-16
2024041605003512,CIT,38,54,10.0,2100.0,21000.0,2024-04-16
2024041605003511,CIT,41,54,10.0,2100.0,21000.0,2024-04-16
2024041605003510,CIT,45,54,80.0,2100.0,168000.0,2024-04-16
2024041605003509,CIT,35,54,40.0,2100.0,84000.0,2024-04-16
2024041605003508,CIT,28,54,60.0,2100.1,126006.0,2024-04-16
2024041604007154,AHPC,22,13,250.0,168.0,42000.0,2024-04-16
2024041604007153,AHPC,5,13,350.0,168.0,58800.0,2024-04-16
2024041604007152,AHPC,44,13,1000.0,168.0,168000.0,2024-04-16
2024041604007151,AHPC,56,13,50.0,168.0,8400.0,2024-04-16
2024041604007150,AHPC,32,13,68.0,168.0,11424.0,2024-04-16
2024041601018539,MKHC,5,26,10.0,322.0,3220.0,2024-04-16
2024041605003507,BBC,64,14,20.0,3700.0,74000.0,2024-04-16
2024041605003506,BBC,55,14,20.0,3700.0,74000.0,2024-04-16
2024041603009573,HLI,7,14,20.0,386.0,7720.0,2024-04-16
2024041603009572,HLI,34,14,100.0,386.0,38600.0,2024-04-16
2024041603009571,HLI,51,14,10.0,386.0,3860.0,2024-04-16
2024041603009570,HLI,38,14,200.0,386.0,77200.0,2024-04-16
2024041603009569,HLI,49,14,625.0,386.0,241250.0,2024-04-16
2024041603009568,HLI,74,14,126.0,386.1,48648.6,2024-04-16
2024041603009567,HLI,46,14,100.0,386.5,38650.0,2024-04-16
2024041603009566,HLI,41,14,44.0,386.5,17006.0,2024-04-16
2024041603009565,CFCL,57,34,250.0,368.0,92000.0,2024-04-16
2024041603009564,GUFL,34,45,4449.0,800.0,3559200.0,2024-04-16
2024041603009563,GUFL,59,45,10.0,800.0,8000.0,2024-04-16
2024041603009562,GUFL,91,45,200.0,800.0,160000.0,2024-04-16
2024041603009561,GUFL,48,45,200.0,800.0,160000.0,2024-04-16
2024041603009560,GUFL,57,45,20.0,800.0,16000.0,2024-04-16
2024041603009559,GUFL,13,45,100.0,800.0,80000.0,2024-04-16
2024041603009558,GUFL,41,45,100.0,800.0,80000.0,2024-04-16
2024041603009557,GUFL,1,45,100.0,800.0,80000.0,2024-04-16
2024041603009556,GUFL,58,45,20.0,800.0,16000.0,2024-04-16
2024041603009555,GUFL,28,45,10.0,800.0,8000.0,2024-04-16
2024041603009554,GUFL,48,45,10.0,800.0,8000.0,2024-04-16
2024041603009553,GUFL,26,45,20.0,800.0,16000.0,2024-04-16
2024041603009552,GUFL,60,45,20.0,800.0,16000.0,2024-04-16
2024041603009551,GUFL,37,45,100.0,800.0,80000.0,2024-04-16
2024041603009550,GUFL,32,45,301.0,800.0,240800.0,2024-04-16
2024041603009549,GUFL,19,45,100.0,800.1,80010.0,2024-04-16
2024041603009548,GUFL,44,45,600.0,801.0,480600.0,2024-04-16
2024041604007149,SGIC,41,33,15.0,516.1,7741.5,2024-04-16
2024041604007148,SGIC,38,33,20.0,516.1,10322.0,2024-04-16
2024041604007147,SGIC,20,33,320.0,516.3,165216.0,2024-04-16
2024041604007146,SGIC,32,33,500.0,516.5,258250.0,2024-04-16
2024041604007145,SGIC,29,33,1000.0,516.6,516600.0,2024-04-16
2024041604007144,SGIC,26,33,645.0,517.0,333465.0,2024-04-16
2024041603009547,EDBL,34,38,20.0,362.5,7250.0,2024-04-16
2024041603009546,NUBL,45,42,13.0,641.1,8334.3,2024-04-16
2024041604007143,BPCL,6,58,1000.0,297.0,297000.0,2024-04-16
2024041601018538,PPL,62,77,10.0,602.0,6020.0,2024-04-16
2024041604007142,AHPC,35,52,10.0,168.5,1685.0,2024-04-16
2024041604007141,UPPER,57,41,29.0,166.1,4816.9,2024-04-16
2024041604007140,UPPER,45,41,71.0,166.1,11793.1,2024-04-16
2024041603009545,GUFL,44,47,200.0,801.0,160200.0,2024-04-16
2024041601018537,IHL,39,36,34.0,381.0,12954.0,2024-04-16
2024041601018536,IHL,52,36,966.0,381.0,368046.0,2024-04-16
2024041601018535,HDL,36,34,18.0,1469.0,26442.0,2024-04-16
2024041603009544,GBBL,44,57,100.0,367.0,36700.0,2024-04-16
2024041603009543,GBBL,44,21,200.0,367.0,73400.0,2024-04-16
2024041603009542,GBBL,44,57,50.0,367.0,18350.0,2024-04-16
2024041603009541,GBBL,44,22,10.0,367.0,3670.0,2024-04-16
2024041603009540,GBBL,44,29,100.0,367.0,36700.0,2024-04-16
2024041603009539,GBBL,44,40,203.0,366.5,74399.5,2024-04-16
2024041603009538,GBBL,44,22,10.0,366.5,3665.0,2024-04-16
2024041603009537,GBBL,44,41,300.0,366.0,109800.0,2024-04-16
2024041603009536,GBBL,44,45,50.0,365.5,18275.0,2024-04-16
2024041603009535,VLBS,28,32,11.0,725.0,7975.0,2024-04-16
2024041603009534,VLBS,28,57,14.0,721.0,10094.0,2024-04-16
2024041603009533,NICLBSL,74,57,100.0,667.1,66710.0,2024-04-16
2024041601018534,MKLB,17,45,12.0,980.0,11760.0,2024-04-16
2024041604007139,HPPL,33,36,10.0,264.0,2640.0,2024-04-16
2024041601018533,ILI,63,56,10.0,548.0,5480.0,2024-04-16
2024041604007138,NGPL,39,80,77.0,315.0,24255.0,2024-04-16
2024041604007137,NGPL,58,80,40.0,315.0,12600.0,2024-04-16
2024041604007136,NGPL,35,80,350.0,315.9,110565.0,2024-04-16
2024041604007135,RADHI,26,33,189.0,233.8,44188.2,2024-04-16
2024041603009532,KRBL,32,33,10.0,405.0,4050.0,2024-04-16
2024041603009531,KRBL,32,1,190.0,405.0,76950.0,2024-04-16
2024041601018532,SHLB,62,45,200.0,1300.0,260000.0,2024-04-16
2024041604007134,RHPL,25,14,70.0,270.0,18900.0,2024-04-16
2024041604007133,RHPL,25,46,30.0,270.0,8100.0,2024-04-16
2024041601018531,USHL,17,46,160.0,484.1,77456.0,2024-04-16
2024041603009530,NLIC,17,8,20.0,592.0,11840.0,2024-04-16
2024041601018530,TPC,34,48,27.0,496.0,13392.0,2024-04-16
2024041601018529,TPC,71,48,30.0,496.2,14886.0,2024-04-16
2024041601018528,TPC,42,48,20.0,497.0,9940.0,2024-04-16
2024041603009529,FOWAD,19,16,10.0,1135.0,11350.0,2024-04-16
2024041603009528,SJLIC,45,1,10.0,501.9,5019.0,2024-04-16
2024041604007132,UAIL,89,1,50.0,525.0,26250.0,2024-04-16
2024041604007131,UAIL,58,1,50.0,525.3,26265.0,2024-04-16
2024041601018527,HATHY,57,40,40.0,853.0,34120.0,2024-04-16
2024041601018526,HATHY,57,58,22.0,852.0,18744.0,2024-04-16
2024041603009527,RLFL,18,62,100.0,355.9,35590.0,2024-04-16
2024041601018525,MKCL,42,50,10.0,912.0,9120.0,2024-04-16
2024041601018524,VLUCL,58,32,20.0,491.1,9822.0,2024-04-16
2024041604007130,TRH,58,57,50.0,738.0,36900.0,2024-04-16
2024041601018523,PCBL,25,42,500.0,190.0,95000.0,2024-04-16
2024041601018522,SONA,58,59,10.0,445.0,4450.0,2024-04-16
2024041604007129,CGH,59,48,10.0,798.0,7980.0,2024-04-16
2024041604007128,DHPL,52,55,10.0,207.0,2070.0,2024-04-16
2024041601018521,SAHAS,52,16,100.0,513.1,51310.0,2024-04-16
2024041603009526,SKBBL,44,52,22.0,812.1,17866.2,2024-04-16
2024041603009525,VLBS,52,57,22.0,720.0,15840.0,2024-04-16
2024041601018520,UHEWA,57,25,10.0,397.0,3970.0,2024-04-16
2024041601018519,NABIL,35,57,50.0,433.0,21650.0,2024-04-16
2024041604007127,SALICO,55,57,25.0,636.0,15900.0,2024-04-16
2024041604007126,SALICO,19,57,30.0,636.0,19080.0,2024-04-16
2024041601018518,RHGCL,21,39,50.0,328.2,16410.0,2024-04-16
2024041601018517,RHGCL,41,39,10.0,329.0,3290.0,2024-04-16
2024041603009524,HLI,41,42,66.0,386.5,25509.0,2024-04-16
2024041604007125,PPCL,14,42,100.0,245.0,24500.0,2024-04-16
2024041604007124,PPCL,14,42,850.0,245.0,208250.0,2024-04-16
2024041604007123,SHL,26,42,100.0,432.0,43200.0,2024-04-16
2024041604007122,SHL,74,42,285.0,432.0,123120.0,2024-04-16
2024041604007121,SHL,56,42,100.0,432.1,43210.0,2024-04-16
2024041604007120,SHL,34,42,100.0,432.1,43210.0,2024-04-16
2024041604007119,SHL,34,42,200.0,432.2,86440.0,2024-04-16
2024041604007118,SHL,42,42,100.0,432.2,43220.0,2024-04-16
2024041604007117,UPPER,36,32,45.0,166.3,7483.5,2024-04-16
2024041604007116,SHPC,65,35,14.0,330.4,4625.6,2024-04-16
2024041604007115,NHPC,6,6,350.0,146.9,51415.0,2024-04-16
2024041603009523,GUFL,32,55,199.0,800.0,159200.0,2024-04-16
2024041603009522,GUFL,19,55,100.0,800.0,80000.0,2024-04-16
2024041603009521,GUFL,16,55,30.0,800.0,24000.0,2024-04-16
2024041603009520,GUFL,55,55,10.0,800.0,8000.0,2024-04-16
2024041603009519,GUFL,38,55,30.0,800.0,24000.0,2024-04-16
2024041603009518,GUFL,34,55,31.0,800.0,24800.0,2024-04-16
2024041604007114,UPPER,52,47,200.0,166.3,33260.0,2024-04-16
2024041601018516,NRM,38,45,60.0,363.5,21810.0,2024-04-16
2024041601018515,NRM,44,19,60.0,361.0,21660.0,2024-04-16
2024041601018514,NRM,34,19,20.0,361.1,7222.0,2024-04-16
2024041601018513,NRM,57,19,20.0,361.1,7222.0,2024-04-16
2024041603009517,MSLB,44,32,10.0,1133.0,11330.0,2024-04-16
2024041601018512,HBL,1,49,120.0,181.0,21720.0,2024-04-16
2024041601018511,DORDI,87,57,100.0,424.0,42400.0,2024-04-16
2024041601018510,RNLI,43,57,50.0,425.2,21260.0,2024-04-16
2024041601018509,RNLI,29,57,100.0,425.3,42530.0,2024-04-16
2024041601018508,RNLI,54,57,10.0,425.4,4254.0,2024-04-16
2024041605003505,SMATA,51,45,10.0,726.0,7260.0,2024-04-16
2024041604007113,AKJCL,14,45,453.0,208.1,94269.3,2024-04-16
2024041603009516,PFL,26,45,10.0,492.0,4920.0,2024-04-16
2024041604007112,NIL,42,58,10.0,806.0,8060.0,2024-04-16
2024041604007111,NGPL,58,55,150.0,316.0,47400.0,2024-04-16
2024041604007110,NGPL,58,4,500.0,316.0,158000.0,2024-04-16
2024041601018507,TVCL,14,22,120.0,477.0,57240.0,2024-04-16
2024041601018506,PPL,62,32,90.0,602.0,54180.0,2024-04-16
2024041601018505,VLUCL,11,32,170.0,491.1,83487.0,2024-04-16
2024041601018504,MKHL,58,35,163.0,459.1,74833.3,2024-04-16
2024041604007109,PPCL,14,7,100.0,245.0,24500.0,2024-04-16
2024041604007108,HDHPC,57,7,50.0,130.7,6535.0,2024-04-16
2024041603009515,KSBBL,41,25,112.0,347.5,38920.0,2024-04-16
2024041604007107,LEC,94,68,939.0,186.5,175123.5,2024-04-16
2024041604007106,LEC,94,47,800.0,186.0,148800.0,2024-04-16
2024041604007105,LEC,94,54,500.0,186.0,93000.0,2024-04-16
2024041604007104,LEC,94,62,100.0,186.0,18600.0,2024-04-16
2024041604007103,LEC,94,68,500.0,185.0,92500.0,2024-04-16
2024041604007102,LEC,94,45,500.0,185.0,92500.0,2024-04-16
2024041604007101,LEC,94,26,500.0,185.0,92500.0,2024-04-16
2024041604007100,LEC,94,54,136.0,185.0,25160.0,2024-04-16
2024041604007099,LEC,94,44,25.0,183.9,4597.5,2024-04-16
2024041603009514,MERO,17,14,50.0,620.0,31000.0,2024-04-16
2024041603009513,GUFL,14,36,100.0,804.0,80400.0,2024-04-16
2024041601018503,CLI,44,52,84.0,443.4,37245.6,2024-04-16
2024041601018502,MEHL,52,53,920.0,318.0,292560.0,2024-04-16
2024041601018501,MEHL,65,53,290.0,318.0,92220.0,2024-04-16
2024041601018500,MEHL,52,53,590.0,318.1,187679.0,2024-04-16
2024041601018499,MEHL,11,53,200.0,318.2,63640.0,2024-04-16
2024041604007098,OHL,76,42,25.0,730.0,18250.0,2024-04-16
2024041604007097,OHL,58,42,30.0,730.1,21903.0,2024-04-16
2024041601018498,VLUCL,11,58,10.0,491.1,4911.0,2024-04-16
2024041601018497,MKHL,58,47,35.0,460.9,16131.5,2024-04-16
2024041601018496,SONA,25,45,10.0,446.4,4464.0,2024-04-16
2024041604007096,OHL,34,54,480.0,730.2,350496.0,2024-04-16
2024041603009512,MNBBL,7,48,87.0,339.1,29501.7,2024-04-16
2024041603009511,MNBBL,62,48,100.0,339.5,33950.0,2024-04-16
2024041603009510,MNBBL,58,48,10.0,339.5,3395.0,2024-04-16
2024041603009509,MNBBL,10,48,150.0,339.6,50940.0,2024-04-16
2024041603009508,MNBBL,58,48,11.0,339.7,3736.7,2024-04-16
2024041603009507,MNBBL,6,48,579.0,339.7,196686.3,2024-04-16
2024041603009506,MFIL,38,29,30.0,501.0,15030.0,2024-04-16
2024041605003504,NSIF2,26,49,1400.0,9.32,13048.0,2024-04-16
2024041604007095,SHPC,65,17,5000.0,330.4,1652000.0,2024-04-16
2024041604007094,SHPC,65,39,60.0,330.0,19800.0,2024-04-16
2024041604007093,SHPC,65,47,1000.0,330.0,330000.0,2024-04-16
2024041604007092,SHPC,65,21,100.0,330.0,33000.0,2024-04-16
2024041604007091,SHPC,65,58,14.0,330.0,4620.0,2024-04-16
2024041603009505,GUFL,34,14,10.0,800.0,8000.0,2024-04-16
2024041604007090,NGPL,43,8,10.0,315.9,3159.0,2024-04-16
2024041603009504,RLFL,45,11,6.0,350.0,2100.0,2024-04-16
2024041603009503,SFCL,50,70,100.0,316.5,31650.0,2024-04-16
2024041603009502,SFCL,57,70,300.0,316.5,94950.0,2024-04-16
2024041603009501,PFL,82,45,23.0,490.0,11270.0,2024-04-16
2024041603009500,PFL,40,45,300.0,490.1,147030.0,2024-04-16
2024041603009499,PFL,3,45,100.0,490.1,49010.0,2024-04-16
2024041601018495,MKHC,72,39,10.0,321.4,3214.0,2024-04-16
2024041605003503,NRN,57,26,100.0,515.5,51550.0,2024-04-16
2024041601018494,SAHAS,45,16,100.0,513.1,51310.0,2024-04-16
2024041603009498,MLBL,34,42,10.0,320.0,3200.0,2024-04-16
2024041601018493,MCHL,42,41,10.0,404.0,4040.0,2024-04-16
2024041601018492,MCHL,42,52,10.0,403.9,4039.0,2024-04-16
2024041601018491,IHL,17,42,50.0,383.0,19150.0,2024-04-16
2024041601018490,NABIL,35,45,92.0,433.0,39836.0,2024-04-16
2024041605003502,CHDC,69,35,25.0,804.8,20120.0,2024-04-16
2024041604007089,BARUN,91,55,179.0,236.3,42297.7,2024-04-16
2024041601018489,ILI,63,49,90.0,548.0,49320.0,2024-04-16
2024041601018488,ILI,43,49,10.0,549.0,5490.0,2024-04-16
2024041604007088,PMHPL,88,34,10.0,235.0,2350.0,2024-04-16
2024041604007087,PPCL,14,57,10.0,249.5,2495.0,2024-04-16
2024041601018487,CLI,14,58,10.0,444.0,4440.0,2024-04-16
2024041603009497,ILBS,70,1,10.0,969.0,9690.0,2024-04-16
2024041603009496,PMLI,18,41,200.0,505.5,101100.0,2024-04-16
2024041603009495,NLIC,35,34,106.0,590.6,62603.6,2024-04-16
2024041603009494,NLIC,42,34,77.0,590.7,45483.9,2024-04-16
2024041603009493,NLIC,57,34,10.0,590.9,5909.0,2024-04-16
2024041603009492,NLIC,7,34,75.0,591.0,44325.0,2024-04-16
2024041603009491,NLIC,56,34,30.0,591.0,17730.0,2024-04-16
2024041603009490,NLIC,17,34,10.0,591.0,5910.0,2024-04-16
2024041603009489,NLIC,38,34,50.0,591.0,29550.0,2024-04-16
2024041603009488,NLIC,28,34,50.0,591.0,29550.0,2024-04-16
2024041603009487,NLIC,57,34,77.0,591.0,45507.0,2024-04-16
2024041603009486,NLIC,56,34,15.0,591.1,8866.5,2024-04-16
2024041603009485,NICLBSL,74,34,20.0,667.1,13342.0,2024-04-16
2024041604007086,AKJCL,34,14,30.0,210.0,6300.0,2024-04-16
2024041601018486,GBIME,34,57,50.0,177.5,8875.0,2024-04-16
2024041603009484,MFIL,85,56,10.0,500.0,5000.0,2024-04-16
2024041605003501,NRIC,58,6,10.0,718.0,7180.0,2024-04-16
2024041605003500,NIFRA,91,14,154.0,200.0,30800.0,2024-04-16
2024041605003499,NIFRA,91,55,64.0,200.0,12800.0,2024-04-16
2024041605003498,NIFRA,91,55,20.0,200.0,4000.0,2024-04-16
2024041603009483,NMBMF,49,8,20.0,599.0,11980.0,2024-04-16
2024041604007085,GHL,49,33,10.0,150.0,1500.0,2024-04-16
2024041601018485,ILI,43,48,50.0,549.0,27450.0,2024-04-16
2024041601018484,ILI,43,13,10.0,548.5,5485.0,2024-04-16
2024041601018483,ILI,43,7,10.0,548.2,5482.0,2024-04-16
2024041601018482,ILI,43,48,70.0,548.2,38374.0,2024-04-16
2024041604007084,JOSHI,11,6,100.0,331.0,33100.0,2024-04-16
2024041604007083,JOSHI,5,39,82.0,330.2,27076.4,2024-04-16
2024041604007082,JOSHI,4,39,58.0,330.2,19151.6,2024-04-16
2024041604007081,JOSHI,33,39,30.0,330.3,9909.0,2024-04-16
2024041603009482,NFS,45,38,10.0,444.0,4440.0,2024-04-16
2024041603009481,SJLIC,26,39,150.0,502.0,75300.0,2024-04-16
2024041603009480,SJLIC,26,41,350.0,502.0,175700.0,2024-04-16
2024041603009479,MLBL,6,16,1000.0,319.1,319100.0,2024-04-16
2024041601018481,DOLTI,70,42,10.0,452.0,4520.0,2024-04-16
2024041605003497,HRL,32,21,20.0,605.2,12104.0,2024-04-16
2024041601018480,DLBS,45,72,10.0,1203.0,12030.0,2024-04-16
2024041601018479,DLBS,45,72,10.0,1205.0,12050.0,2024-04-16
2024041601018478,DLBS,35,72,23.0,1207.0,27761.0,2024-04-16
2024041605003496,ENL,7,6,10.0,820.0,8200.0,2024-04-16
2024041605003495,ENL,7,55,10.0,815.0,8150.0,2024-04-16
2024041605003494,ENL,7,6,191.0,815.0,155665.0,2024-04-16
2024041605003493,ENL,7,39,10.0,815.0,8150.0,2024-04-16
2024041605003492,ENL,7,49,10.0,815.0,8150.0,2024-04-16
2024041605003491,ENL,7,35,20.0,815.0,16300.0,2024-04-16
2024041605003490,ENL,7,48,10.0,815.0,8150.0,2024-04-16
2024041605003489,ENL,7,41,160.0,815.0,130400.0,2024-04-16
2024041605003488,ENL,7,38,10.0,815.0,8150.0,2024-04-16
2024041605003487,ENL,7,16,10.0,815.0,8150.0,2024-04-16
2024041605003486,ENL,7,32,10.0,814.8,8148.0,2024-04-16
2024041605003485,ENL,7,35,28.0,814.0,22792.0,2024-04-16
2024041605003484,ENL,7,46,20.0,814.0,16280.0,2024-04-16
2024041601018477,SARBTM,6,21,240.0,800.0,192000.0,2024-04-16
2024041601018476,SARBTM,6,94,266.0,800.0,212800.0,2024-04-16
2024041601018475,MBJC,83,6,10.0,298.5,2985.0,2024-04-16
2024041603009478,GLBSL,38,42,42.0,1835.0,77070.0,2024-04-16
2024041603009477,GLBSL,38,56,13.0,1825.0,23725.0,2024-04-16
2024041603009476,GLBSL,38,16,12.0,1820.0,21840.0,2024-04-16
2024041603009475,GLBSL,38,35,20.0,1815.0,36300.0,2024-04-16
2024041603009474,GLBSL,38,32,13.0,1815.0,23595.0,2024-04-16
2024041601018474,CYCL,66,53,10.0,1675.0,16750.0,2024-04-16
2024041601018473,MHCL,5,49,50.0,402.0,20100.0,2024-04-16
2024041603009473,DDBL,49,48,35.0,698.9,24461.5,2024-04-16
2024041603009472,LBBL,21,39,20.0,368.0,7360.0,2024-04-16
2024041601018472,TAMOR,44,21,10.0,385.0,3850.0,2024-04-16
2024041604007080,NHDL,50,57,400.0,418.1,167240.0,2024-04-16
2024041604007079,SGIC,26,45,355.0,517.0,183535.0,2024-04-16
2024041604007078,SGIC,17,45,20.0,517.0,10340.0,2024-04-16
2024041604007077,SGIC,52,45,50.0,517.0,25850.0,2024-04-16
2024041604007076,SGIC,60,45,10.0,517.0,5170.0,2024-04-16
2024041604007075,SGIC,20,45,100.0,517.1,51710.0,2024-04-16
2024041604007074,SGIC,52,45,1000.0,517.1,517100.0,2024-04-16
2024041604007073,SGIC,88,45,300.0,517.1,155130.0,2024-04-16
2024041604007072,SGIC,20,45,50.0,517.2,25860.0,2024-04-16
2024041604007071,SGIC,16,45,15.0,517.2,7758.0,2024-04-16
2024041604007070,SGIC,42,45,100.0,517.3,51730.0,2024-04-16
2024041604007069,CGH,16,28,10.0,797.0,7970.0,2024-04-16
2024041603009471,CORBL,42,41,10.0,441.0,4410.0,2024-04-16
2024041601018471,NESDO,36,42,20.0,1712.4,34248.0,2024-04-16
2024041601018470,GBIME,56,57,100.0,177.5,17750.0,2024-04-16
2024041601018469,PRVU,22,35,10.0,138.3,1383.0,2024-04-16
2024041603009470,GILB,62,62,400.0,978.0,391200.0,2024-04-16
2024041603009469,GILB,62,74,100.0,977.0,97700.0,2024-04-16
2024041603009468,BFC,45,25,48.0,345.1,16564.8,2024-04-16
2024041603009467,BFC,59,25,52.0,345.2,17950.4,2024-04-16
2024041604007068,GHL,48,46,1000.0,149.1,149100.0,2024-04-16
2024041604007067,JOSHI,35,6,35.0,331.0,11585.0,2024-04-16
2024041603009466,NLIC,6,8,100.0,592.0,59200.0,2024-04-16
2024041604007066,SICL,38,54,100.0,683.4,68340.0,2024-04-16
2024041601018468,VLUCL,66,62,50.0,492.0,24600.0,2024-04-16
2024041603009465,WNLB,5,52,10.0,1319.9,13199.0,2024-04-16
2024041601018467,SGHC,49,49,30.0,318.0,9540.0,2024-04-16
2024041601018466,SGHC,34,49,230.0,318.0,73140.0,2024-04-16
2024041601018465,GVL,44,49,500.0,422.0,211000.0,2024-04-16
2024041601018464,SNLI,60,59,10.0,585.9,5859.0,2024-04-16
2024041603009464,PROFL,14,50,10.0,317.0,3170.0,2024-04-16
2024041603009463,SFCL,57,50,700.0,316.5,221550.0,2024-04-16
2024041603009462,CFCL,63,34,50.0,368.0,18400.0,2024-04-16
2024041603009461,MLBBL,33,49,10.0,1064.0,10640.0,2024-04-16
2024041603009460,MLBBL,33,59,10.0,1064.0,10640.0,2024-04-16
2024041603009459,MLBBL,33,6,150.0,1063.9,159585.0,2024-04-16
2024041603009458,GUFL,34,33,500.0,800.0,400000.0,2024-04-16
2024041601018463,KDL,39,32,10.0,780.0,7800.0,2024-04-16
2024041603009457,SIFC,88,45,110.0,372.8,41008.0,2024-04-16
2024041603009456,SIFC,44,45,10.0,372.8,3728.0,2024-04-16
2024041603009455,SIFC,88,45,500.0,372.9,186450.0,2024-04-16
2024041603009454,SIFC,44,45,10.0,372.9,3729.0,2024-04-16
2024041603009453,SIFC,44,45,10.0,373.0,3730.0,2024-04-16
2024041603009452,SIFC,44,45,10.0,373.1,3731.0,2024-04-16
2024041601018462,CLI,44,58,10.0,443.4,4434.0,2024-04-16
2024041601018461,CKHL,47,58,10.0,535.1,5351.0,2024-04-16
2024041601018460,CKHL,49,58,10.0,540.0,5400.0,2024-04-16
2024041601018459,NIMB,8,58,4.0,152.9,611.6,2024-04-16
2024041601018458,DLBS,42,62,10.0,1214.0,12140.0,2024-04-16
2024041604007065,SPDL,17,57,11.0,234.5,2579.5,2024-04-16
2024041604007064,NHDL,50,41,10.0,418.1,4181.0,2024-04-16
2024041601018457,NESDO,36,55,10.0,1712.4,17124.0,2024-04-16
2024041601018456,MCHL,21,44,10.0,403.0,4030.0,2024-04-16
2024041604007063,HPPL,29,38,210.0,262.0,55020.0,2024-04-16
2024041601018455,PPL,62,38,280.0,602.0,168560.0,2024-04-16
2024041603009451,SJLIC,38,41,118.0,502.0,59236.0,2024-04-16
2024041601018454,PPL,62,49,15.0,602.0,9030.0,2024-04-16
2024041601018453,SNLI,60,38,10.0,585.9,5859.0,2024-04-16
2024041601018452,SNLI,60,58,10.0,585.9,5859.0,2024-04-16
2024041601018451,SNLI,60,44,10.0,585.5,5855.0,2024-04-16
2024041603009450,USLB,75,52,21.0,1849.9,38847.9,2024-04-16
2024041603009449,USLB,75,52,50.0,1849.9,92495.0,2024-04-16
2024041603009448,USLB,75,52,100.0,1849.9,184990.0,2024-04-16
2024041603009447,USLB,75,55,21.0,1849.0,38829.0,2024-04-16
2024041603009446,USLB,75,17,20.0,1848.0,36960.0,2024-04-16
2024041603009445,USLB,75,35,40.0,1847.0,73880.0,2024-04-16
2024041603009444,USLB,75,45,34.0,1847.0,62798.0,2024-04-16
2024041603009443,USLB,75,28,34.0,1847.0,62798.0,2024-04-16
2024041603009442,USLB,75,56,34.0,1845.0,62730.0,2024-04-16
2024041605003483,CIT,41,34,100.0,2100.3,210030.0,2024-04-16
2024041604007062,UAIL,34,42,10.0,527.9,5279.0,2024-04-16
2024041604007061,UAIL,34,5,13.0,527.0,6851.0,2024-04-16
2024041601018450,ILI,63,42,85.0,548.0,46580.0,2024-04-16
2024041601018449,ILI,51,42,110.0,548.1,60291.0,2024-04-16
2024041603009441,NFS,58,38,10.0,444.0,4440.0,2024-04-16
2024041601018448,ULHC,56,8,30.0,334.0,10020.0,2024-04-16
2024041601018447,MHL,6,58,309.0,407.0,125763.0,2024-04-16
2024041601018446,MHL,29,58,100.0,407.0,40700.0,2024-04-16
2024041601018445,MHL,58,58,100.0,407.0,40700.0,2024-04-16
2024041601018444,MHL,14,58,162.0,407.0,65934.0,2024-04-16
2024041601018443,MHL,13,58,120.0,407.2,48864.0,2024-04-16
2024041601018442,MHL,52,58,200.0,407.3,81460.0,2024-04-16
2024041604007060,UPCL,6,58,800.0,198.3,158640.0,2024-04-16
2024041604007059,UPCL,49,58,200.0,198.4,39680.0,2024-04-16
2024041601018441,PCBL,88,36,250.0,189.2,47300.0,2024-04-16
2024041604007058,AHPC,32,38,200.0,168.0,33600.0,2024-04-16
2024041603009440,SJLIC,57,41,100.0,502.0,50200.0,2024-04-16
2024041604007057,HDHPC,45,4,30.0,130.8,3924.0,2024-04-16
2024041603009439,ILBS,62,45,19.0,961.0,18259.0,2024-04-16
2024041604007056,MEN,16,45,200.0,508.0,101600.0,2024-04-16
2024041601018440,VLUCL,11,42,20.0,491.1,9822.0,2024-04-16
2024041601018439,VLUCL,38,42,30.0,491.3,14739.0,2024-04-16
2024041601018438,SHLB,62,13,100.0,1299.0,129900.0,2024-04-16
2024041601018437,SHLB,62,38,10.0,1290.3,12903.0,2024-04-16
2024041601018436,SHLB,62,58,10.0,1290.0,12900.0,2024-04-16
2024041601018435,SHLB,62,49,20.0,1290.0,25800.0,2024-04-16
2024041601018434,SHLB,62,62,190.0,1290.0,245100.0,2024-04-16
2024041601018433,SHLB,62,22,100.0,1289.0,128900.0,2024-04-16
2024041601018432,SHLB,62,16,30.0,1281.0,38430.0,2024-04-16
2024041601018431,SHLB,62,7,10.0,1280.0,12800.0,2024-04-16
2024041601018430,SHLB,62,7,50.0,1278.0,63900.0,2024-04-16
2024041601018429,SHLB,62,72,50.0,1275.0,63750.0,2024-04-16
2024041601018428,SHLB,62,4,10.0,1275.0,12750.0,2024-04-16
2024041601018427,SHLB,62,58,30.0,1275.0,38250.0,2024-04-16
2024041601018426,SHLB,62,59,20.0,1274.0,25480.0,2024-04-16
2024041603009438,FMDBL,91,6,11.0,609.0,6699.0,2024-04-16
2024041601018425,DOLTI,70,19,10.0,452.0,4520.0,2024-04-16
2024041604007055,OHL,34,19,20.0,730.2,14604.0,2024-04-16
2024041604007054,SHEL,37,19,369.0,168.2,62065.8,2024-04-16
2024041604007053,LEC,11,44,40.0,183.9,7356.0,2024-04-16
2024041601018424,RHGCL,34,5,10.0,329.1,3291.0,2024-04-16
2024041603009437,MPFL,34,38,160.0,368.0,58880.0,2024-04-16
2024041601018423,SHIVM,45,71,920.0,508.2,467544.0,2024-04-16
2024041601018422,SHIVM,50,71,80.0,508.2,40656.0,2024-04-16
2024041601018421,PPL,62,28,310.0,602.0,186620.0,2024-04-16
2024041603009436,GFCL,52,32,10.0,450.0,4500.0,2024-04-16
2024041604007052,DHPL,35,45,90.0,206.0,18540.0,2024-04-16
2024041604007051,DHPL,29,45,10.0,206.0,2060.0,2024-04-16
2024041603009435,NMBMF,42,8,20.0,599.0,11980.0,2024-04-16
2024041604007050,AKJCL,14,22,19.0,208.1,3953.9,2024-04-16
2024041601018420,MEL,48,34,125.0,229.3,28662.5,2024-04-16
2024041601018419,EBL,32,44,40.0,497.0,19880.0,2024-04-16
2024041601018418,CKHL,58,43,10.0,541.0,5410.0,2024-04-16
2024041601018417,CKHL,58,39,50.0,540.9,27045.0,2024-04-16
2024041601018416,CKHL,58,49,40.0,540.0,21600.0,2024-04-16
2024041601018415,NABIL,13,45,50.0,433.0,21650.0,2024-04-16
2024041604007049,CHL,56,67,800.0,310.0,248000.0,2024-04-16
2024041604007048,CHL,35,67,100.0,310.1,31010.0,2024-04-16
2024041604007047,CHL,7,67,100.0,310.2,31020.0,2024-04-16
2024041605003482,NTC,50,74,27.0,825.5,22288.5,2024-04-16
2024041601018414,MHL,52,49,10.0,407.3,4073.0,2024-04-16
2024041601018413,RFPL,26,14,290.0,376.0,109040.0,2024-04-16
2024041601018412,NIMB,42,50,25.0,155.0,3875.0,2024-04-16
2024041601018411,NIMB,35,50,10.0,155.0,1550.0,2024-04-16
2024041601018410,NIMB,1,50,50.0,155.0,7750.0,2024-04-16
2024041601018409,NIMB,56,50,15.0,155.0,2325.0,2024-04-16
2024041601018408,NIMB,45,50,40.0,155.0,6200.0,2024-04-16
2024041601018407,NIMB,49,50,10.0,155.1,1551.0,2024-04-16
2024041601018406,NIMB,35,50,10.0,155.1,1551.0,2024-04-16
2024041601018405,NIMB,35,50,10.0,155.1,1551.0,2024-04-16
2024041601018404,NIMB,32,50,30.0,155.3,4659.0,2024-04-16
2024041604007046,AKPL,6,21,362.0,170.0,61540.0,2024-04-16
2024041604007045,AKPL,85,21,638.0,170.2,108587.6,2024-04-16
2024041601018403,UHEWA,57,25,10.0,397.0,3970.0,2024-04-16
2024041604007044,NGPL,58,51,1200.0,315.0,378000.0,2024-04-16
2024041603009434,JFL,16,22,110.0,429.0,47190.0,2024-04-16
2024041603009433,JFL,50,22,90.0,429.1,38619.0,2024-04-16
2024041601018402,SHIVM,50,32,20.0,508.2,10164.0,2024-04-16
2024041603009432,NFS,62,38,20.0,444.0,8880.0,2024-04-16
2024041603009431,CFCL,28,58,10.0,367.0,3670.0,2024-04-16
2024041604007043,DHPL,29,58,65.0,206.0,13390.0,2024-04-16
2024041604007042,RADHI,80,72,618.0,232.1,143437.8,2024-04-16
2024041604007041,RADHI,1,72,19.0,232.1,4409.9,2024-04-16
2024041604007040,RADHI,53,72,103.0,232.1,23906.3,2024-04-16
2024041604007039,RADHI,25,72,100.0,232.5,23250.0,2024-04-16
2024041604007038,RADHI,33,72,60.0,233.0,13980.0,2024-04-16
2024041604007037,RADHI,1,72,100.0,233.0,23300.0,2024-04-16
2024041604007036,SHL,61,7,500.0,432.3,216150.0,2024-04-16
2024041603009430,KMCDB,26,6,100.0,784.0,78400.0,2024-04-16
2024041604007035,GHL,48,44,761.0,149.1,113465.1,2024-04-16
2024041604007034,GHL,58,44,3000.0,149.1,447300.0,2024-04-16
2024041604007033,GHL,49,44,200.0,149.2,29840.0,2024-04-16
2024041604007032,GHL,60,44,1000.0,149.2,149200.0,2024-04-16
2024041604007031,GHL,62,44,500.0,149.5,74750.0,2024-04-16
2024041604007030,GHL,38,44,10.0,149.5,1495.0,2024-04-16
2024041604007029,GHL,38,44,10.0,149.5,1495.0,2024-04-16
2024041604007028,GHL,26,44,100.0,149.5,14950.0,2024-04-16
2024041604007027,GHL,54,44,654.0,149.5,97773.0,2024-04-16
2024041601018401,SONA,58,14,490.0,445.0,218050.0,2024-04-16
2024041601018400,SONA,57,14,1378.0,445.1,613347.8,2024-04-16
2024041601018399,SONA,20,14,100.0,445.1,44510.0,2024-04-16
2024041601018398,SONA,57,14,30.0,445.1,13353.0,2024-04-16
2024041601018397,SONA,32,14,50.0,445.2,22260.0,2024-04-16
2024041601018396,SONA,1,14,100.0,445.4,44540.0,2024-04-16
2024041601018395,SONA,67,14,130.0,445.9,57967.0,2024-04-16
2024041601018394,DOLTI,28,18,701.0,453.0,317553.0,2024-04-16
2024041601018393,MLBS,43,11,50.0,1260.0,63000.0,2024-04-16
2024041603009429,GUFL,34,33,430.0,800.0,344000.0,2024-04-16
2024041603009428,GUFL,57,33,70.0,803.0,56210.0,2024-04-16
2024041601018392,SARBTM,40,57,10.0,799.0,7990.0,2024-04-16
2024041601018391,SARBTM,44,57,70.0,799.0,55930.0,2024-04-16
2024041601018390,SARBTM,70,57,40.0,799.0,31960.0,2024-04-16
2024041603009427,SJLIC,18,41,200.0,502.0,100400.0,2024-04-16
2024041604007026,SICL,16,54,50.0,683.4,34170.0,2024-04-16
2024041601018389,ILI,51,17,30.0,548.1,16443.0,2024-04-16
2024041603009426,GRDBL,32,52,244.0,408.0,99552.0,2024-04-16
2024041603009425,GRDBL,32,46,100.0,407.0,40700.0,2024-04-16
2024041603009424,GRDBL,32,56,62.0,407.0,25234.0,2024-04-16
2024041603009423,GRDBL,32,48,500.0,406.9,203450.0,2024-04-16
2024041603009422,GRDBL,32,55,94.0,406.2,38182.8,2024-04-16
2024041604007025,AKPL,85,22,200.0,170.2,34040.0,2024-04-16
2024041601018388,ILI,63,58,10.0,548.0,5480.0,2024-04-16
2024041601018387,IHL,52,20,34.0,381.0,12954.0,2024-04-16
2024041601018386,IHL,16,20,100.0,381.0,38100.0,2024-04-16
2024041601018385,IHL,19,20,500.0,381.1,190550.0,2024-04-16
2024041601018384,IHL,59,20,120.0,381.1,45732.0,2024-04-16
2024041601018383,IHL,91,20,163.0,381.6,62200.8,2024-04-16
2024041601018382,IHL,49,20,53.0,382.0,20246.0,2024-04-16
2024041601018381,IHL,41,20,10.0,382.0,3820.0,2024-04-16
2024041601018380,IHL,36,20,20.0,382.4,7648.0,2024-04-16
2024041601018379,SBL,50,36,50.0,222.0,11100.0,2024-04-16
2024041603009421,PFL,82,19,22.0,490.0,10780.0,2024-04-16
2024041601018378,KBL,4,45,200.0,134.4,26880.0,2024-04-16
2024041601018377,PPL,62,49,10.0,602.0,6020.0,2024-04-16
2024041603009420,SDLBSL,70,14,10.0,744.9,7449.0,2024-04-16
2024041603009419,GBBL,44,45,200.0,365.0,73000.0,2024-04-16
2024041604007024,KKHC,45,34,1000.0,225.4,225400.0,2024-04-16
2024041604007023,KKHC,49,34,500.0,225.5,112750.0,2024-04-16
2024041604007022,KKHC,38,34,700.0,225.5,157850.0,2024-04-16
2024041604007021,KKHC,33,34,400.0,225.5,90200.0,2024-04-16
2024041604007020,KKHC,38,34,10.0,225.5,2255.0,2024-04-16
2024041604007019,KKHC,6,34,900.0,226.0,203400.0,2024-04-16
2024041604007018,KKHC,88,34,50.0,226.6,11330.0,2024-04-16
2024041604007017,KKHC,34,34,400.0,227.0,90800.0,2024-04-16
2024041604007016,KKHC,34,34,500.0,227.0,113500.0,2024-04-16
2024041604007015,KKHC,57,34,100.0,227.0,22700.0,2024-04-16
2024041604007014,KKHC,1,34,20.0,227.4,4548.0,2024-04-16
2024041604007013,KKHC,51,34,40.0,227.8,9112.0,2024-04-16
2024041604007012,KKHC,8,34,25.0,227.8,5695.0,2024-04-16
2024041604007011,KKHC,22,34,100.0,228.0,22800.0,2024-04-16
2024041604007010,KKHC,22,34,100.0,228.0,22800.0,2024-04-16
2024041604007009,KKHC,41,34,200.0,228.0,45600.0,2024-04-16
2024041604007008,KKHC,58,34,90.0,228.0,20520.0,2024-04-16
2024041604007007,KKHC,25,34,585.0,228.5,133672.5,2024-04-16
2024041604007006,KKHC,48,34,100.0,228.6,22860.0,2024-04-16
2024041604007005,KKHC,65,34,200.0,228.7,45740.0,2024-04-16
2024041604007004,AKJCL,54,21,20.0,208.2,4164.0,2024-04-16
2024041601018376,SONA,67,62,70.0,445.5,31185.0,2024-04-16
2024041603009418,VLBS,67,32,100.0,720.0,72000.0,2024-04-16
2024041601018375,IHL,21,38,150.0,382.0,57300.0,2024-04-16
2024041603009417,GLBSL,38,36,10.0,1811.0,18110.0,2024-04-16
2024041603009416,GLBSL,38,34,50.0,1810.0,90500.0,2024-04-16
2024041603009415,GLBSL,38,59,13.0,1810.0,23530.0,2024-04-16
2024041603009414,GLBSL,38,57,140.0,1806.6,252924.0,2024-04-16
2024041603009413,GLBSL,38,1,10.0,1800.0,18000.0,2024-04-16
2024041603009412,GLBSL,38,45,121.0,1800.0,217800.0,2024-04-16
2024041603009411,PFL,82,14,580.0,490.0,284200.0,2024-04-16
2024041604007003,CGH,95,28,40.0,797.0,31880.0,2024-04-16
2024041604007002,JOSHI,63,6,14.0,331.0,4634.0,2024-04-16
2024041601018374,DORDI,57,39,10.0,425.0,4250.0,2024-04-16
2024041601018373,DORDI,6,39,250.0,425.0,106250.0,2024-04-16
2024041601018372,DORDI,11,39,100.0,425.1,42510.0,2024-04-16
2024041601018371,SMHL,16,56,10.0,439.9,4399.0,2024-04-16
2024041601018370,SMHL,16,49,10.0,435.0,4350.0,2024-04-16
2024041601018369,SMHL,16,87,10.0,435.0,4350.0,2024-04-16
2024041601018368,SMHL,16,49,10.0,435.0,4350.0,2024-04-16
2024041603009410,GLBSL,45,58,10.0,1790.0,17900.0,2024-04-16
2024041603009409,GLBSL,45,50,10.0,1790.0,17900.0,2024-04-16
2024041603009408,GLBSL,45,58,46.0,1780.0,81880.0,2024-04-16
2024041603009407,GLBSL,45,41,250.0,1780.0,445000.0,2024-04-16
2024041603009406,GLBSL,45,53,10.0,1775.0,17750.0,2024-04-16
2024041603009405,GLBSL,45,42,66.0,1771.1,116892.6,2024-04-16
2024041603009404,GLBSL,45,35,39.0,1771.1,69072.9,2024-04-16
2024041603009403,GLBSL,45,50,10.0,1771.0,17710.0,2024-04-16
2024041601018367,USHEC,77,35,10.0,369.0,3690.0,2024-04-16
2024041601018366,USHEC,77,58,10.0,368.0,3680.0,2024-04-16
2024041601018365,USHEC,77,57,10.0,368.0,3680.0,2024-04-16
2024041601018364,USHEC,77,17,10.0,368.0,3680.0,2024-04-16
2024041601018363,USHEC,77,6,10.0,367.0,3670.0,2024-04-16
2024041601018362,USHEC,77,58,10.0,367.0,3670.0,2024-04-16
2024041601018361,USHEC,77,19,490.0,365.0,178850.0,2024-04-16
2024041601018360,USHEC,77,18,10.0,364.5,3645.0,2024-04-16
2024041601018359,NBL,34,84,28.0,207.0,5796.0,2024-04-16
2024041601018358,NBL,35,84,472.0,207.0,97704.0,2024-04-16
2024041603009402,ACLBSL,33,35,28.0,762.1,21338.8,2024-04-16
2024041601018357,UNLB,13,3,20.0,1640.3,32806.0,2024-04-16
2024041604007001,SICL,44,54,50.0,683.4,34170.0,2024-04-16
2024041604007000,AHPC,32,38,90.0,168.0,15120.0,2024-04-16
2024041601018356,PHCL,80,71,735.0,302.1,222043.5,2024-04-16
2024041601018355,PHCL,44,71,155.0,302.1,46825.5,2024-04-16
2024041601018354,PHCL,82,71,100.0,302.2,30220.0,2024-04-16
2024041601018353,PHCL,32,71,10.0,302.2,3022.0,2024-04-16
2024041603009401,GRDBL,58,26,33.0,404.0,13332.0,2024-04-16
2024041603009400,KRBL,42,1,10.0,405.0,4050.0,2024-04-16
2024041603009399,EDBL,34,41,10.0,362.6,3626.0,2024-04-16
2024041604006999,API,46,22,90.0,171.3,15417.0,2024-04-16
2024041604006998,API,46,41,90.0,171.0,15390.0,2024-04-16
2024041601018352,SARBTM,70,3,100.0,799.0,79900.0,2024-04-16
2024041604006997,UPPER,45,41,429.0,166.1,71256.9,2024-04-16
2024041604006996,UPPER,16,41,100.0,166.1,16610.0,2024-04-16
2024041604006995,UPPER,44,41,272.0,166.2,45206.4,2024-04-16
2024041604006994,UPPER,41,41,35.0,166.2,5817.0,2024-04-16
2024041604006993,UPPER,42,41,34.0,166.2,5650.8,2024-04-16
2024041604006992,UPPER,48,41,130.0,166.3,21619.0,2024-04-16
2024041604006991,SHPC,5,58,10.0,330.0,3300.0,2024-04-16
2024041603009398,MLBSL,5,42,10.0,1749.0,17490.0,2024-04-16
2024041601018351,MKHL,38,49,10.0,460.0,4600.0,2024-04-16
2024041604006990,TRH,49,57,20.0,738.0,14760.0,2024-04-16
2024041604006989,NGPL,58,38,170.0,315.0,53550.0,2024-04-16
2024041604006988,NGPL,5,38,30.0,315.1,9453.0,2024-04-16
2024041601018350,MCHL,21,43,250.0,403.0,100750.0,2024-04-16
2024041601018349,MCHL,21,35,10.0,403.0,4030.0,2024-04-16
2024041601018348,MCHL,21,35,10.0,402.5,4025.0,2024-04-16
2024041601018347,HATHY,49,21,15.0,850.5,12757.5,2024-04-16
2024041601018346,HATHY,28,21,85.0,851.0,72335.0,2024-04-16
2024041604006987,UPPER,48,57,870.0,166.3,144681.0,2024-04-16
2024041604006986,HDHPC,57,4,100.0,130.8,13080.0,2024-04-16
2024041601018345,MKHL,58,45,500.0,459.1,229550.0,2024-04-16
2024041601018344,RNLI,56,57,114.0,426.0,48564.0,2024-04-16
2024041601018343,TVCL,42,22,10.0,479.0,4790.0,2024-04-16
2024041603009397,NLICL,34,47,10.0,550.0,5500.0,2024-04-16
2024041603009396,CBBL,17,34,110.0,830.1,91311.0,2024-04-16
2024041603009395,MLBL,6,46,200.0,319.1,63820.0,2024-04-16
2024041603009394,GUFL,34,58,29.0,800.0,23200.0,2024-04-16
2024041603009393,GUFL,17,58,30.0,800.0,24000.0,2024-04-16
2024041603009392,GUFL,16,58,500.0,800.0,400000.0,2024-04-16
2024041603009391,GUFL,56,58,100.0,800.0,80000.0,2024-04-16
2024041603009390,GUFL,14,58,341.0,800.0,272800.0,2024-04-16
2024041601018342,NYADI,58,36,10.0,294.0,2940.0,2024-04-16
2024041601018341,MEL,48,17,200.0,229.3,45860.0,2024-04-16
2024041601018340,ILI,63,55,58.0,548.0,31784.0,2024-04-16
2024041603009389,HLI,41,6,50.0,386.5,19325.0,2024-04-16
2024041603009388,HLI,41,14,40.0,386.4,15456.0,2024-04-16
2024041601018339,MBL,22,1,10.0,171.5,1715.0,2024-04-16
2024041601018338,PPL,62,14,10.0,602.0,6020.0,2024-04-16
2024041604006985,CHL,13,52,80.0,313.0,25040.0,2024-04-16
2024041601018337,SAHAS,65,40,85.0,513.2,43622.0,2024-04-16
2024041601018336,BHDC,39,56,50.0,477.0,23850.0,2024-04-16
2024041601018335,BHDC,39,17,10.0,477.0,4770.0,2024-04-16
2024041601018334,HATHY,28,26,400.0,851.0,340400.0,2024-04-16
2024041601018333,JBLB,42,35,217.0,1309.0,284053.0,2024-04-16
2024041605003481,HIDCL,8,25,80.0,163.9,13112.0,2024-04-16
2024041605003480,HIDCL,42,25,56.0,164.0,9184.0,2024-04-16
2024041601018332,MKHC,72,65,200.0,321.4,64280.0,2024-04-16
2024041601018331,MEL,48,54,50.0,229.3,11465.0,2024-04-16
2024041601018330,SDBD87,47,21,100.0,1000.0,100000.0,2024-04-16
2024041601018329,SDBD87,47,45,35.0,1000.0,35000.0,2024-04-16
2024041601018328,SDBD87,47,45,100.0,1000.0,100000.0,2024-04-16
2024041603009387,ALICL,45,44,660.0,550.0,363000.0,2024-04-16
2024041604006984,UPCL,26,4,500.0,199.0,99500.0,2024-04-16
2024041604006983,UPCL,45,4,100.0,199.0,19900.0,2024-04-16
2024041601018327,BEDC,42,69,26.0,365.0,9490.0,2024-04-16
2024041601018326,BEDC,4,69,395.0,365.1,144214.5,2024-04-16
2024041601018325,BEDC,17,69,270.0,365.1,98577.0,2024-04-16
2024041601018324,BEDC,39,69,179.0,365.2,65370.8,2024-04-16
2024041601018323,BEDC,70,69,130.0,365.3,47489.0,2024-04-16
2024041603009386,JSLBB,42,29,20.0,1125.0,22500.0,2024-04-16
2024041601018322,MKCL,34,57,30.0,910.0,27300.0,2024-04-16
2024041601018321,SONA,42,62,30.0,445.5,13365.0,2024-04-16
2024041601018320,BHPL,35,38,900.0,497.7,447930.0,2024-04-16
2024041601018319,BHPL,35,38,100.0,497.5,49750.0,2024-04-16
2024041605003479,NRIC,58,6,42.0,718.0,30156.0,2024-04-16
2024041605003478,NRIC,58,26,50.0,718.0,35900.0,2024-04-16
2024041605003477,NRIC,58,58,20.0,717.0,14340.0,2024-04-16
2024041605003476,NRIC,58,4,128.0,716.0,91648.0,2024-04-16
2024041605003475,NRIC,58,17,20.0,716.0,14320.0,2024-04-16
2024041605003474,NRIC,58,58,140.0,716.0,100240.0,2024-04-16
2024041605003473,NRIC,58,32,50.0,715.0,35750.0,2024-04-16
2024041601018318,CLI,44,6,10.0,443.4,4434.0,2024-04-16
2024041603009385,PMLI,5,41,100.0,505.5,50550.0,2024-04-16
2024041604006982,HDHPC,33,4,1150.0,130.8,150420.0,2024-04-16
2024041604006981,HDHPC,16,4,50.0,130.8,6540.0,2024-04-16
2024041604006980,HDHPC,45,4,3809.0,130.8,498217.2,2024-04-16
2024041604006979,HDHPC,36,4,100.0,130.9,13090.0,2024-04-16
2024041601018317,MHCL,5,49,40.0,402.0,16080.0,2024-04-16
2024041601018316,ADBL,56,38,220.0,223.6,49192.0,2024-04-16
2024041605003472,NTC,50,69,80.0,825.5,66040.0,2024-04-16
2024041601018315,HHL,28,87,10.0,370.0,3700.0,2024-04-16
2024041601018314,HHL,28,11,40.0,368.0,14720.0,2024-04-16
2024041603009384,NICLBSL,74,52,900.0,667.1,600390.0,2024-04-16
2024041603009383,NICLBSL,19,52,100.0,667.2,66720.0,2024-04-16
2024041603009382,PFL,32,16,22.0,490.0,10780.0,2024-04-16
2024041601018313,MKLB,17,45,10.0,981.0,9810.0,2024-04-16
2024041604006978,PPCL,42,42,200.0,246.0,49200.0,2024-04-16
2024041604006977,HPPL,29,32,587.0,262.0,153794.0,2024-04-16
2024041604006976,HPPL,41,32,100.0,262.1,26210.0,2024-04-16
2024041604006975,HPPL,84,32,33.0,262.1,8649.3,2024-04-16
2024041604006974,HPPL,65,32,80.0,263.3,21064.0,2024-04-16
2024041601018312,SONA,58,62,10.0,445.5,4455.0,2024-04-16
2024041601018311,SONA,57,62,40.0,445.5,17820.0,2024-04-16
2024041601018310,SONA,57,62,30.0,445.9,13377.0,2024-04-16
2024041601018309,SONA,32,62,40.0,446.0,17840.0,2024-04-16
2024041603009381,PMLI,42,55,10.0,505.4,5054.0,2024-04-16
2024041601018308,PCBL,88,3,80.0,189.2,15136.0,2024-04-16
2024041601018307,PCBL,26,3,300.0,189.3,56790.0,2024-04-16
2024041601018306,PCBL,52,3,100.0,189.4,18940.0,2024-04-16
2024041601018305,PCBL,91,3,500.0,189.5,94750.0,2024-04-16
2024041601018304,PCBL,32,3,20.0,189.5,3790.0,2024-04-16
2024041601018303,SARBTM,70,3,40.0,799.0,31960.0,2024-04-16
2024041601018302,SARBTM,88,3,10.0,799.1,7991.0,2024-04-16
2024041604006973,GHL,5,33,200.0,150.0,30000.0,2024-04-16
2024041603009380,GUFL,14,1,159.0,800.0,127200.0,2024-04-16
2024041603009379,GUFL,33,1,11.0,800.0,8800.0,2024-04-16
2024041603009378,GUFL,57,1,50.0,803.0,40150.0,2024-04-16
2024041603009377,GUFL,1,1,240.0,803.0,192720.0,2024-04-16
2024041603009376,GUFL,80,1,50.0,804.0,40200.0,2024-04-16
2024041604006972,DHPL,1,55,10.0,207.0,2070.0,2024-04-16
2024041604006971,DHPL,1,34,10.0,206.5,2065.0,2024-04-16
2024041604006970,DHPL,1,58,80.0,206.5,16520.0,2024-04-16
2024041601018301,NRM,1,45,40.0,363.5,14540.0,2024-04-16
2024041601018300,TVCL,14,49,50.0,477.0,23850.0,2024-04-16
2024041601018299,SONA,32,59,50.0,446.0,22300.0,2024-04-16
2024041603009375,GLBSL,38,41,13.0,1770.0,23010.0,2024-04-16
2024041605003471,HRL,19,14,10.0,605.1,6051.0,2024-04-16
2024041604006969,KKHC,41,21,290.0,230.0,66700.0,2024-04-16
2024041601018298,SGHC,34,49,10.0,318.0,3180.0,2024-04-16
2024041601018297,SGHC,34,49,10.0,318.0,3180.0,2024-04-16
2024041604006968,KKHC,34,43,10.0,230.6,2306.0,2024-04-16
2024041604006967,API,72,41,10.0,171.0,1710.0,2024-04-16
2024041605003470,CHDC,47,66,10.0,804.9,8049.0,2024-04-16
2024041605003469,HRL,19,36,20.0,605.1,12102.0,2024-04-16
2024041604006966,SPIL,44,17,10.0,734.0,7340.0,2024-04-16
2024041601018296,SNLI,22,19,10.0,585.5,5855.0,2024-04-16
2024041604006965,AKJCL,38,21,480.0,208.2,99936.0,2024-04-16
2024041601018295,RFPL,26,55,10.0,376.0,3760.0,2024-04-16
2024041604006964,JOSHI,45,6,10.0,331.0,3310.0,2024-04-16
2024041601018294,SONA,32,32,210.0,446.0,93660.0,2024-04-16
2024041601018293,CYCL,62,59,120.0,1679.1,201492.0,2024-04-16
2024041604006963,HDHPC,46,34,50.0,131.0,6550.0,2024-04-16
2024041604006962,SPDL,6,35,50.0,233.0,11650.0,2024-04-16
2024041601018292,VLUCL,38,7,30.0,491.3,14739.0,2024-04-16
2024041605003468,HRL,19,58,10.0,605.1,6051.0,2024-04-16
2024041604006961,RIDI,58,49,100.0,175.0,17500.0,2024-04-16
2024041601018291,NICA,59,45,50.0,389.0,19450.0,2024-04-16
2024041603009374,NICLBSL,74,14,10.0,667.1,6671.0,2024-04-16
2024041604006960,SHPC,47,38,200.0,329.0,65800.0,2024-04-16
2024041603009373,PROFL,8,38,416.0,316.1,131497.6,2024-04-16
2024041603009372,PROFL,32,38,1000.0,316.2,316200.0,2024-04-16
2024041603009371,PROFL,48,38,50.0,316.3,15815.0,2024-04-16
2024041605003467,NRN,50,26,150.0,515.6,77340.0,2024-04-16
2024041601018290,MANDU,65,32,860.0,757.0,651020.0,2024-04-16
2024041601018289,TSHL,8,61,40.0,532.0,21280.0,2024-04-16
2024041604006959,JOSHI,25,6,200.0,331.0,66200.0,2024-04-16
2024041605003466,ENL,7,46,30.0,814.0,24420.0,2024-04-16
2024041605003465,ENL,7,58,20.0,813.9,16278.0,2024-04-16
2024041605003464,ENL,7,6,10.0,813.0,8130.0,2024-04-16
2024041604006958,NHPC,6,57,1480.0,146.8,217264.0,2024-04-16
2024041601018288,DOLTI,70,58,10.0,452.0,4520.0,2024-04-16
2024041601018287,MEL,48,58,230.0,229.3,52739.0,2024-04-16
2024041601018286,BEDC,70,58,10.0,365.3,3653.0,2024-04-16
2024041601018285,SHIVM,50,53,100.0,508.2,50820.0,2024-04-16
2024041601018284,UHEWA,57,25,110.0,397.0,43670.0,2024-04-16
2024041601018283,UHEWA,57,36,90.0,396.9,35721.0,2024-04-16
2024041604006957,CGH,95,32,10.0,797.0,7970.0,2024-04-16
2024041601018282,HHL,34,11,10.0,368.0,3680.0,2024-04-16
2024041603009370,SJLIC,34,41,500.0,502.0,251000.0,2024-04-16
2024041604006956,SHL,43,7,1000.0,432.6,432600.0,2024-04-16
2024041604006955,SHL,34,7,100.0,432.7,43270.0,2024-04-16
2024041601018281,SARBTM,88,7,10.0,799.1,7991.0,2024-04-16
2024041601018280,VLUCL,58,62,60.0,492.0,29520.0,2024-04-16
2024041604006954,AHPC,32,58,142.0,168.0,23856.0,2024-04-16
2024041604006953,AHPC,55,58,100.0,168.0,16800.0,2024-04-16
2024041604006952,AHPC,51,58,100.0,168.0,16800.0,2024-04-16
2024041604006951,AHPC,45,58,200.0,168.0,33600.0,2024-04-16
2024041604006950,AHPC,50,58,48.0,168.0,8064.0,2024-04-16
2024041604006949,AHPC,13,58,10.0,168.1,1681.0,2024-04-16
2024041603009369,SMB,69,39,10.0,1357.0,13570.0,2024-04-16
2024041601018279,JBLB,57,35,20.0,1309.0,26180.0,2024-04-16
2024041604006948,JOSHI,42,6,20.0,331.0,6620.0,2024-04-16
2024041604006947,UMRH,42,17,70.0,348.0,24360.0,2024-04-16
2024041601018278,SONA,32,43,100.0,446.0,44600.0,2024-04-16
2024041601018277,SONA,32,43,100.0,445.9,44590.0,2024-04-16
2024041603009368,MNBBL,6,25,11.0,339.7,3736.7,2024-04-16
2024041601018276,EBL,34,44,10.0,497.0,4970.0,2024-04-16
2024041601018275,DORDI,33,54,94.0,426.0,40044.0,2024-04-16
2024041601018274,MKHL,6,47,300.0,460.9,138270.0,2024-04-16
2024041603009367,EDBL,42,66,257.0,357.6,91903.2,2024-04-16
2024041603009366,EDBL,21,66,10.0,357.6,3576.0,2024-04-16
2024041603009365,EDBL,8,66,133.0,358.5,47680.5,2024-04-16
2024041604006946,API,38,41,15.0,171.0,2565.0,2024-04-16
2024041604006945,API,38,41,50.0,171.0,8550.0,2024-04-16
2024041604006944,API,6,41,20.0,171.0,3420.0,2024-04-16
2024041603009364,GUFL,58,1,30.0,804.0,24120.0,2024-04-16
2024041603009363,GUFL,58,59,20.0,804.0,16080.0,2024-04-16
2024041601018273,BEDC,70,49,50.0,365.3,18265.0,2024-04-16
2024041603009362,SJLIC,57,41,500.0,502.0,251000.0,2024-04-16
2024041601018272,MBL,14,25,85.0,170.6,14501.0,2024-04-16
2024041601018271,DOLTI,70,7,10.0,452.0,4520.0,2024-04-16
2024041605003463,HRL,19,44,10.0,605.1,6051.0,2024-04-16
2024041605003462,HRL,19,21,10.0,605.1,6051.0,2024-04-16
2024041604006943,NGPL,5,74,70.0,315.1,22057.0,2024-04-16
2024041604006942,NGPL,66,74,30.0,315.1,9453.0,2024-04-16
2024041604006941,NGPL,62,74,200.0,315.1,63020.0,2024-04-16
2024041604006940,NGPL,5,74,100.0,315.1,31510.0,2024-04-16
2024041604006939,MEN,39,45,100.0,508.0,50800.0,2024-04-16
2024041603009361,GUFL,33,26,39.0,800.0,31200.0,2024-04-16
2024041603009360,GUFL,55,26,10.0,800.0,8000.0,2024-04-16
2024041603009359,GUFL,28,26,200.0,800.0,160000.0,2024-04-16
2024041603009358,GUFL,35,26,10.0,800.0,8000.0,2024-04-16
2024041603009357,GUFL,50,26,30.0,800.1,24003.0,2024-04-16
2024041603009356,GUFL,16,26,50.0,800.5,40025.0,2024-04-16
2024041603009355,GUFL,49,26,50.0,800.6,40030.0,2024-04-16
2024041603009354,GUFL,91,26,200.0,801.0,160200.0,2024-04-16
2024041603009353,GUFL,42,26,16.0,801.0,12816.0,2024-04-16
2024041603009352,GUFL,57,26,10.0,801.0,8010.0,2024-04-16
2024041603009351,GUFL,32,26,10.0,801.0,8010.0,2024-04-16
2024041603009350,GUFL,22,26,50.0,801.0,40050.0,2024-04-16
2024041603009349,GUFL,54,26,100.0,802.0,80200.0,2024-04-16
2024041603009348,GUFL,54,26,50.0,802.0,40100.0,2024-04-16
2024041603009347,GUFL,48,26,10.0,802.0,8020.0,2024-04-16
2024041603009346,GUFL,57,26,10.0,802.0,8020.0,2024-04-16
2024041603009345,GUFL,19,26,35.0,802.0,28070.0,2024-04-16
2024041603009344,GUFL,22,26,20.0,802.1,16042.0,2024-04-16
2024041603009343,GUFL,60,26,100.0,802.2,80220.0,2024-04-16
2024041601018270,ULBSL,29,32,24.0,1355.0,32520.0,2024-04-16
2024041601018269,GBIME,45,57,68.0,177.2,12049.6,2024-04-16
2024041601018268,GBIME,13,57,100.0,177.3,17730.0,2024-04-16
2024041603009342,KSBBL,57,25,10.0,347.5,3475.0,2024-04-16
2024041601018267,UHEWA,57,45,30.0,395.0,11850.0,2024-04-16
2024041604006938,GHL,54,42,346.0,149.5,51727.0,2024-04-16
2024041604006937,GHL,56,42,110.0,149.6,16456.0,2024-04-16
2024041604006936,GHL,14,42,364.0,149.6,54454.4,2024-04-16
2024041604006935,GHL,41,42,500.0,149.7,74850.0,2024-04-16
2024041604006934,GHL,42,42,665.0,149.7,99550.5,2024-04-16
2024041604006933,GHL,7,42,15.0,149.8,2247.0,2024-04-16
2024041604006932,NHPC,45,42,26.0,146.1,3798.6,2024-04-16
2024041604006931,NHPC,57,42,10.0,146.5,1465.0,2024-04-16
2024041604006930,NHPC,19,42,14.0,146.5,2051.0,2024-04-16
2024041601018266,HDL,25,34,68.0,1469.0,99892.0,2024-04-16
2024041601018265,HDL,44,34,37.0,1469.0,54353.0,2024-04-16
2024041601018264,HDL,35,34,10.0,1469.0,14690.0,2024-04-16
2024041601018263,HDL,62,34,17.0,1469.0,24973.0,2024-04-16
2024041604006929,HEI,34,14,10.0,580.0,5800.0,2024-04-16
2024041604006928,HEI,34,45,100.0,577.0,57700.0,2024-04-16
2024041603009341,NFS,33,35,300.0,441.0,132300.0,2024-04-16
2024041603009340,NFS,56,35,381.0,441.0,168021.0,2024-04-16
2024041603009339,NFS,52,35,52.0,442.0,22984.0,2024-04-16
2024041604006927,SHPC,47,17,131.0,329.0,43099.0,2024-04-16
2024041604006926,API,36,22,10.0,171.3,1713.0,2024-04-16
2024041604006925,SSHL,5,49,10.0,163.0,1630.0,2024-04-16
2024041601018262,CYCL,62,59,100.0,1675.1,167510.0,2024-04-16
2024041603009338,MFIL,85,58,351.0,500.0,175500.0,2024-04-16
2024041603009337,SKBBL,44,49,12.0,812.1,9745.2,2024-04-16
2024041603009336,SKBBL,22,49,10.0,812.2,8122.0,2024-04-16
2024041601018261,CITY,14,59,10.0,587.0,5870.0,2024-04-16
2024041601018260,SHIVM,66,50,12.0,508.0,6096.0,2024-04-16
2024041601018259,SHIVM,38,53,50.0,508.2,25410.0,2024-04-16
2024041603009335,JFL,44,38,200.0,429.3,85860.0,2024-04-16
2024041603009334,GFCL,59,53,10.0,446.6,4466.0,2024-04-16
2024041604006924,TRH,95,68,217.0,737.5,160037.5,2024-04-16
2024041603009333,SJLIC,57,41,119.0,502.0,59738.0,2024-04-16
2024041603009332,NMBMF,45,8,70.0,599.0,41930.0,2024-04-16
2024041603009331,NMBMF,45,28,30.0,598.9,17967.0,2024-04-16
2024041601018258,MCHL,38,42,265.0,402.1,106556.5,2024-04-16
2024041601018257,MCHL,74,42,17.0,402.1,6835.7,2024-04-16
2024041601018256,HDL,34,34,75.0,1470.0,110250.0,2024-04-16
2024041601018255,HDL,34,49,25.0,1470.0,36750.0,2024-04-16
2024041603009330,GILB,66,47,80.0,973.1,77848.0,2024-04-16
2024041601018254,IHL,17,38,50.0,382.4,19120.0,2024-04-16
2024041601018253,HDL,36,49,190.0,1470.0,279300.0,2024-04-16
2024041604006923,LEC,94,54,364.0,185.0,67340.0,2024-04-16
2024041604006922,LEC,94,54,500.0,184.5,92250.0,2024-04-16
2024041604006921,LEC,94,26,150.0,184.4,27660.0,2024-04-16
2024041604006920,LEC,94,17,10.0,184.0,1840.0,2024-04-16
2024041604006919,LEC,94,58,365.0,184.0,67160.0,2024-04-16
2024041604006918,LEC,94,58,111.0,183.9,20412.9,2024-04-16
2024041604006917,LEC,94,91,200.0,183.9,36780.0,2024-04-16
2024041604006916,LEC,94,17,30.0,183.5,5505.0,2024-04-16
2024041604006915,LEC,94,34,270.0,183.0,49410.0,2024-04-16
2024041603009329,NICLBSL,74,19,290.0,667.1,193459.0,2024-04-16
2024041603009328,NICLBSL,38,19,210.0,667.1,140091.0,2024-04-16
2024041601018252,HBL,34,44,100.0,180.6,18060.0,2024-04-16
2024041601018251,ILI,63,58,50.0,548.0,27400.0,2024-04-16
2024041601018250,MEL,45,58,10.0,229.4,2294.0,2024-04-16
2024041601018249,CLI,44,22,10.0,443.4,4434.0,2024-04-16
2024041603009327,NFS,69,41,500.0,443.0,221500.0,2024-04-16
2024041601018248,PHCL,50,49,50.0,303.0,15150.0,2024-04-16
2024041603009326,CFCL,28,52,150.0,367.0,55050.0,2024-04-16
2024041604006914,IGI,34,57,100.0,520.1,52010.0,2024-04-16
2024041603009325,ACLBSL,57,35,20.0,764.0,15280.0,2024-04-16
2024041604006913,NGPL,17,8,11.0,315.9,3474.9,2024-04-16
2024041603009324,BFC,59,55,105.0,345.2,36246.0,2024-04-16
2024041603009323,BFC,58,55,25.0,345.3,8632.5,2024-04-16
2024041603009322,NLIC,44,8,100.0,592.0,59200.0,2024-04-16
2024041601018247,SAMAJ,49,41,10.0,1852.5,18525.0,2024-04-16
2024041601018246,SAMAJ,8,41,30.0,1855.0,55650.0,2024-04-16
2024041603009321,SJLIC,71,41,103.0,502.0,51706.0,2024-04-16
2024041601018245,MLBS,43,16,61.0,1285.2,78397.2,2024-04-16
2024041601018244,MLBS,43,46,20.0,1285.1,25702.0,2024-04-16
2024041601018243,MLBS,43,41,19.0,1284.0,24396.0,2024-04-16
2024041601018242,MLBS,43,52,10.0,1282.0,12820.0,2024-04-16
2024041601018241,MLBS,43,54,10.0,1280.0,12800.0,2024-04-16
2024041601018240,MLBS,43,28,50.0,1280.0,64000.0,2024-04-16
2024041601018239,MLBS,43,45,10.0,1279.0,12790.0,2024-04-16
2024041601018238,MLBS,43,11,20.0,1275.0,25500.0,2024-04-16
2024041601018237,CZBIL,38,32,10.0,156.4,1564.0,2024-04-16
2024041601018236,NABIL,57,44,25.0,432.9,10822.5,2024-04-16
2024041603009320,ALBSL,36,45,20.0,718.0,14360.0,2024-04-16
2024041601018235,NABIL,22,34,100.0,432.8,43280.0,2024-04-16
2024041604006912,UNHPL,36,51,100.0,229.0,22900.0,2024-04-16
2024041603009319,ICFC,41,1,36.0,502.0,18072.0,2024-04-16
2024041601018234,SARBTM,88,58,80.0,799.1,63928.0,2024-04-16
2024041604006911,JOSHI,4,14,32.0,330.2,10566.4,2024-04-16
2024041601018233,MHL,52,81,70.0,407.3,28511.0,2024-04-16
2024041603009318,SHINE,6,33,316.0,367.0,115972.0,2024-04-16
2024041603009317,SAPDBL,38,56,197.0,300.0,59100.0,2024-04-16
2024041603009316,SAPDBL,38,19,303.0,300.0,90900.0,2024-04-16
2024041604006910,MEN,16,21,10.0,508.0,5080.0,2024-04-16
2024041601018232,HHL,48,11,50.0,368.0,18400.0,2024-04-16
2024041601018231,UHEWA,34,36,10.0,396.9,3969.0,2024-04-16
2024041604006909,NICL,42,14,10.0,818.0,8180.0,2024-04-16
2024041601018230,SBI,5,38,15.0,277.8,4167.0,2024-04-16
2024041601018229,VLUCL,38,1,90.0,491.3,44217.0,2024-04-16
2024041601018228,ILI,51,77,10.0,547.2,5472.0,2024-04-16
2024041603009315,NFS,52,16,223.0,442.0,98566.0,2024-04-16
2024041601018227,MHCL,5,57,35.0,402.0,14070.0,2024-04-16
2024041601018226,MHCL,34,57,30.0,402.1,12063.0,2024-04-16
2024041601018225,MHCL,22,57,220.0,402.1,88462.0,2024-04-16
2024041601018224,HHL,54,11,200.0,368.0,73600.0,2024-04-16
2024041604006908,PRIN,34,57,100.0,772.0,77200.0,2024-04-16
2024041601018223,PPL,62,58,168.0,602.0,101136.0,2024-04-16
2024041604006907,HDHPC,22,34,50.0,131.0,6550.0,2024-04-16
2024041601018222,SGHC,59,14,10.0,317.6,3176.0,2024-04-16
2024041601018221,MKHC,32,39,287.0,320.0,91840.0,2024-04-16
2024041601018220,MKHC,94,39,37.0,320.1,11843.7,2024-04-16
2024041601018219,MKHC,38,39,100.0,320.2,32020.0,2024-04-16
2024041601018218,MKHC,22,39,190.0,320.2,60838.0,2024-04-16
2024041601018217,MKHC,35,39,31.0,320.3,9929.3,2024-04-16
2024041601018216,MKHC,13,39,200.0,321.0,64200.0,2024-04-16
2024041601018215,MKHC,17,39,200.0,321.0,64200.0,2024-04-16
2024041601018214,MKHC,1,39,490.0,321.0,157290.0,2024-04-16
2024041601018213,MKHC,16,39,255.0,321.1,81880.5,2024-04-16
2024041601018212,MKHC,62,39,200.0,321.4,64280.0,2024-04-16
2024041603009314,PFL,39,45,163.0,492.0,80196.0,2024-04-16
2024041603009313,PFL,39,13,90.0,491.9,44271.0,2024-04-16
2024041603009312,PFL,26,53,10.0,491.0,4910.0,2024-04-16
2024041601018211,RNLI,25,57,26.0,426.0,11076.0,2024-04-16
2024041601018210,MKCL,7,57,70.0,911.0,63770.0,2024-04-16
2024041604006906,SPDL,6,47,200.0,233.0,46600.0,2024-04-16
2024041604006905,UAIL,58,5,97.0,527.0,51119.0,2024-04-16
2024041603009311,NFS,52,58,25.0,442.0,11050.0,2024-04-16
2024041603009310,PROFL,38,50,10.0,317.0,3170.0,2024-04-16
2024041601018209,BHDC,39,49,10.0,476.0,4760.0,2024-04-16
2024041601018208,BHDC,39,57,10.0,476.0,4760.0,2024-04-16
2024041601018207,BHDC,39,19,20.0,475.9,9518.0,2024-04-16
2024041601018206,SONA,51,36,10.0,445.6,4456.0,2024-04-16
2024041604006904,BARUN,19,55,10.0,237.0,2370.0,2024-04-16
2024041605003461,NRIC,3,14,71.0,713.6,50665.6,2024-04-16
2024041605003460,NRIC,45,14,50.0,713.6,35680.0,2024-04-16
2024041605003459,NRIC,62,14,15.0,713.8,10707.0,2024-04-16
2024041605003458,NRIC,6,14,200.0,713.9,142780.0,2024-04-16
2024041605003457,NRIC,6,14,200.0,713.9,142780.0,2024-04-16
2024041605003456,NRIC,65,14,100.0,714.0,71400.0,2024-04-16
2024041605003455,NRIC,55,14,30.0,714.0,21420.0,2024-04-16
2024041605003454,NRIC,55,14,20.0,714.0,14280.0,2024-04-16
2024041601018205,MEHL,52,95,400.0,318.1,127240.0,2024-04-16
2024041605003453,HRL,17,52,30.0,605.0,18150.0,2024-04-16
2024041603009309,FMDBL,91,18,100.0,609.0,60900.0,2024-04-16
2024041604006903,AKPL,85,38,300.0,170.2,51060.0,2024-04-16
2024041604006902,AKPL,42,38,50.0,170.3,8515.0,2024-04-16
2024041601018204,SMH,16,21,10.0,673.0,6730.0,2024-04-16
2024041604006901,SPIL,33,57,80.0,728.2,58256.0,2024-04-16
2024041604006900,SPIL,1,57,20.0,728.5,14570.0,2024-04-16
2024041604006899,UPPER,8,32,20.0,166.6,3332.0,2024-04-16
2024041601018203,SHIVM,66,56,10.0,508.0,5080.0,2024-04-16
2024041603009308,MLBL,10,42,319.0,320.0,102080.0,2024-04-16
2024041603009307,MLBL,55,42,24.0,320.1,7682.4,2024-04-16
2024041601018202,RNLI,25,42,14.0,426.0,5964.0,2024-04-16
2024041601018201,SHLB,54,59,10.0,1274.0,12740.0,2024-04-16
2024041603009306,SJLIC,34,41,10.0,502.0,5020.0,2024-04-16
2024041604006898,LEC,1,34,150.0,183.0,27450.0,2024-04-16
2024041604006897,LEC,49,34,330.0,183.0,60390.0,2024-04-16
2024041604006896,GHL,41,33,200.0,150.0,30000.0,2024-04-16
2024041601018200,SAHAS,65,26,10.0,513.2,5132.0,2024-04-16
2024041601018199,KBL,4,45,300.0,134.4,40320.0,2024-04-16
2024041604006895,HPPL,65,68,20.0,263.3,5266.0,2024-04-16
2024041601018198,SHIVM,66,57,44.0,508.0,22352.0,2024-04-16
2024041601018197,SHIVM,29,57,106.0,508.0,53848.0,2024-04-16
2024041601018196,GBIME,50,57,100.0,177.8,17780.0,2024-04-16
2024041601018195,HATHY,28,56,200.0,851.0,170200.0,2024-04-16
2024041603009305,SHINE,6,45,300.0,367.0,110100.0,2024-04-16
2024041604006894,NHPC,35,57,19.0,146.8,2789.2,2024-04-16
2024041601018194,SGHC,6,45,91.0,318.0,28938.0,2024-04-16
2024041601018193,DOLTI,70,42,110.0,452.0,49720.0,2024-04-16
2024041601018192,DOLTI,28,42,390.0,453.0,176670.0,2024-04-16
2024041601018191,ULHC,11,44,73.0,333.6,24352.8,2024-04-16
2024041601018190,SHIVM,41,53,50.0,508.2,25410.0,2024-04-16
2024041603009304,WNLB,52,34,11.0,1294.5,14239.5,2024-04-16
2024041603009303,WNLB,10,34,10.0,1294.6,12946.0,2024-04-16
2024041604006893,CGH,22,28,99.0,797.0,78903.0,2024-04-16
2024041604006892,CGH,56,28,100.0,797.0,79700.0,2024-04-16
2024041604006891,CGH,55,28,10.0,797.0,7970.0,2024-04-16
2024041604006890,CGH,16,28,100.0,797.0,79700.0,2024-04-16
2024041604006889,CGH,42,28,125.0,797.0,99625.0,2024-04-16
2024041604006888,CGH,36,28,100.0,797.1,79710.0,2024-04-16
2024041604006887,CGH,6,28,20.0,797.1,15942.0,2024-04-16
2024041604006886,CGH,57,28,50.0,797.1,39855.0,2024-04-16
2024041604006885,CGH,41,28,10.0,797.2,7972.0,2024-04-16
2024041604006884,CGH,52,28,26.0,797.3,20729.8,2024-04-16
2024041604006883,CGH,22,28,20.0,797.3,15946.0,2024-04-16
2024041601018189,HDL,14,49,30.0,1470.0,44100.0,2024-04-16
2024041601018188,HDL,14,6,10.0,1470.0,14700.0,2024-04-16
2024041601018187,HDL,14,32,10.0,1470.0,14700.0,2024-04-16
2024041601018186,HHL,58,38,55.0,367.0,20185.0,2024-04-16
2024041601018185,HHL,4,38,65.0,367.0,23855.0,2024-04-16
2024041604006882,HEI,35,57,297.0,575.1,170804.7,2024-04-16
2024041603009302,MPFL,34,45,58.0,368.0,21344.0,2024-04-16
2024041603009301,MPFL,66,45,42.0,368.1,15460.2,2024-04-16
2024041601018184,HATHY,45,13,10.0,853.9,8539.0,2024-04-16
2024041604006881,SGIC,16,55,185.0,517.2,95682.0,2024-04-16
2024041604006880,SGIC,57,55,100.0,517.9,51790.0,2024-04-16
2024041601018183,ILI,51,55,50.0,547.2,27360.0,2024-04-16
2024041603009300,JBBL,41,45,200.0,289.9,57980.0,2024-04-16
2024041603009299,SAPDBL,88,19,50.0,300.0,15000.0,2024-04-16
2024041601018182,NABIL,34,44,25.0,432.9,10822.5,2024-04-16
2024041604006879,UPPER,42,39,266.0,166.2,44209.2,2024-04-16
2024041604006878,UPPER,18,39,200.0,166.3,33260.0,2024-04-16
2024041604006877,UPPER,22,39,34.0,166.5,5661.0,2024-04-16
2024041601018181,TSHL,28,61,100.0,533.4,53340.0,2024-04-16
2024041601018180,TSHL,16,61,50.0,533.5,26675.0,2024-04-16
2024041601018179,MKJC,32,56,10.0,454.8,4548.0,2024-04-16
2024041603009298,PFL,32,32,20.0,490.0,9800.0,2024-04-16
2024041601018178,PRVU,14,14,30.0,138.0,4140.0,2024-04-16
2024041601018177,PRVU,14,58,240.0,138.0,33120.0,2024-04-16
2024041601018176,GCIL,58,57,133.0,485.0,64505.0,2024-04-16
2024041601018175,GCIL,58,11,11.0,485.0,5335.0,2024-04-16
2024041601018174,GCIL,58,45,11.0,485.0,5335.0,2024-04-16
2024041601018173,GCIL,58,57,11.0,485.0,5335.0,2024-04-16
2024041601018172,GCIL,58,48,50.0,485.0,24250.0,2024-04-16
2024041601018171,GCIL,58,47,200.0,485.0,97000.0,2024-04-16
2024041601018170,GCIL,58,57,11.0,485.0,5335.0,2024-04-16
2024041601018169,GCIL,58,42,50.0,484.9,24245.0,2024-04-16
2024041601018168,GCIL,58,32,23.0,484.8,11150.4,2024-04-16
2024041604006876,HDHPC,45,58,606.0,130.8,79264.8,2024-04-16
2024041604006875,HDHPC,74,58,200.0,130.9,26180.0,2024-04-16
2024041604006874,HDHPC,21,58,200.0,130.9,26180.0,2024-04-16
2024041604006873,HDHPC,42,58,420.0,130.9,54978.0,2024-04-16
2024041604006872,HDHPC,49,58,74.0,131.0,9694.0,2024-04-16
2024041601018167,PPL,62,57,230.0,602.0,138460.0,2024-04-16
2024041601018166,NWCL,61,42,50.0,741.9,37095.0,2024-04-16
2024041603009297,PFL,32,62,50.0,490.0,24500.0,2024-04-16
2024041601018165,BHL,20,51,10.0,340.0,3400.0,2024-04-16
2024041601018164,BHL,20,21,10.0,340.0,3400.0,2024-04-16
2024041601018163,BHL,20,49,10.0,340.0,3400.0,2024-04-16
2024041601018162,BHL,20,35,10.0,340.0,3400.0,2024-04-16
2024041601018161,BHL,20,38,10.0,340.0,3400.0,2024-04-16
2024041601018160,BHL,20,4,10.0,337.0,3370.0,2024-04-16
2024041604006871,RADHI,46,17,22.0,233.0,5126.0,2024-04-16
2024041604006870,MEN,8,42,91.0,507.2,46155.2,2024-04-16
2024041601018159,KBL,74,22,237.0,134.2,31805.4,2024-04-16
2024041601018158,KBL,34,22,50.0,134.3,6715.0,2024-04-16
2024041601018157,KBL,55,22,13.0,134.3,1745.9,2024-04-16
2024041601018156,SBL,22,36,10.0,222.9,2229.0,2024-04-16
2024041601018155,PRVU,53,50,1500.0,137.6,206400.0,2024-04-16
2024041601018154,SMJC,50,49,60.0,375.0,22500.0,2024-04-16
2024041601018153,SMJC,50,52,10.0,374.9,3749.0,2024-04-16
2024041601018152,SMJC,50,34,10.0,374.8,3748.0,2024-04-16
2024041601018151,SMJC,50,58,10.0,374.5,3745.0,2024-04-16
2024041601018150,TVCL,17,11,30.0,476.7,14301.0,2024-04-16
2024041601018149,NMB,37,16,240.0,174.0,41760.0,2024-04-16
2024041601018148,NMB,29,16,10.0,174.0,1740.0,2024-04-16
2024041601018147,NMB,43,16,50.0,174.0,8700.0,2024-04-16
2024041601018146,SMH,32,21,10.0,673.0,6730.0,2024-04-16
2024041601018145,SMH,32,38,20.0,672.8,13456.0,2024-04-16
2024041604006869,KPCL,45,57,12.0,405.0,4860.0,2024-04-16
2024041603009296,KMCDB,3,6,34.0,784.7,26679.8,2024-04-16
