transaction,symbol,buyer,seller,quantity,rate,amount,date
2024031901029394,SHIVM,6,14,92.0,549.0,50508.0,2024-03-19
2024031901029393,SHIVM,1,14,200.0,549.0,109800.0,2024-03-19
2024031901029392,SHIVM,50,14,208.0,549.0,114192.0,2024-03-19
2024031903019221,SAPDBL,19,14,10.0,317.5,3175.0,2024-03-19
2024031903019220,PFL,33,14,103.0,405.9,41807.7,2024-03-19
2024031903019219,SLBBL,34,41,10.0,683.0,6830.0,2024-03-19
2024031903019218,GUFL,34,16,10.0,860.0,8600.0,2024-03-19
2024031901029391,NRM,34,35,50.0,401.0,20050.0,2024-03-19
2024031905004653,ENL,77,58,10.0,773.0,7730.0,2024-03-19
2024031905004652,HRL,25,58,10.0,618.0,6180.0,2024-03-19
2024031905004651,HRL,25,45,20.0,618.0,12360.0,2024-03-19
2024031905004650,HRL,25,18,57.0,618.0,35226.0,2024-03-19
2024031903019217,GUFL,25,16,10.0,860.0,8600.0,2024-03-19
2024031904010400,NGPL,34,17,932.0,310.0,288920.0,2024-03-19
2024031904010399,NGPL,34,35,68.0,306.8,20862.4,2024-03-19
2024031904010398,SGIC,44,34,44.0,545.6,24006.4,2024-03-19
2024031904010397,SGIC,16,34,146.0,545.6,79657.6,2024-03-19
2024031904010396,SGIC,53,34,10.0,545.7,5457.0,2024-03-19
2024031903019216,MLBBL,34,60,10.0,928.0,9280.0,2024-03-19
2024031903019215,GFCL,34,42,10.0,478.1,4781.0,2024-03-19
2024031901029390,SRLI,4,17,10.0,464.0,4640.0,2024-03-19
2024031903019214,BFC,4,32,10.0,359.0,3590.0,2024-03-19
2024031901029389,SNLI,47,17,20.0,622.3,12446.0,2024-03-19
2024031904010395,GLH,58,47,50.0,222.3,11115.0,2024-03-19
2024031904010394,UPPER,34,48,86.0,180.8,15548.8,2024-03-19
2024031904010393,RIDI,34,21,10.0,189.8,1898.0,2024-03-19
2024031904010392,IGI,17,32,90.0,544.0,48960.0,2024-03-19
2024031901029388,SAMAJ,17,54,10.0,2090.0,20900.0,2024-03-19
2024031901029387,SAMAJ,17,3,50.0,2070.0,103500.0,2024-03-19
2024031901029386,SAMAJ,17,35,10.0,2060.0,20600.0,2024-03-19
2024031901029385,SAMAJ,17,6,10.0,2060.0,20600.0,2024-03-19
2024031901029384,HDL,34,49,10.0,1569.0,15690.0,2024-03-19
2024031904010391,NGPL,91,35,10.0,306.8,3068.0,2024-03-19
2024031905004649,SMATA,34,10,10.0,705.0,7050.0,2024-03-19
2024031901029383,MHL,58,1,10.0,396.0,3960.0,2024-03-19
2024031904010390,AKPL,34,38,300.0,183.0,54900.0,2024-03-19
2024031901029382,SHIVM,69,50,20.0,549.5,10990.0,2024-03-19
2024031901029381,PRVU,22,13,10.0,145.0,1450.0,2024-03-19
2024031901029380,TVCL,10,58,265.0,507.0,134355.0,2024-03-19
2024031901029379,TVCL,14,58,100.0,508.0,50800.0,2024-03-19
2024031901029378,TVCL,75,58,20.0,508.0,10160.0,2024-03-19
2024031901029377,TVCL,19,58,50.0,509.0,25450.0,2024-03-19
2024031901029376,TVCL,46,58,15.0,509.6,7644.0,2024-03-19
2024031901029375,TVCL,51,58,50.0,510.0,25500.0,2024-03-19
2024031901029374,TVCL,45,58,100.0,510.0,51000.0,2024-03-19
2024031901029373,TVCL,68,58,500.0,510.0,255000.0,2024-03-19
2024031901029372,TVCL,58,58,100.0,511.0,51100.0,2024-03-19
2024031901029371,TVCL,57,58,100.0,511.0,51100.0,2024-03-19
2024031901029370,TVCL,39,58,150.0,511.0,76650.0,2024-03-19
2024031901029369,TVCL,3,58,50.0,511.1,25555.0,2024-03-19
2024031901029368,TVCL,33,58,200.0,511.2,102240.0,2024-03-19
2024031901029367,TVCL,58,58,50.0,511.6,25580.0,2024-03-19
2024031901029366,TVCL,38,58,50.0,511.6,25580.0,2024-03-19
2024031903019213,SAPDBL,19,58,20.0,317.5,6350.0,2024-03-19
2024031901029365,SHIVM,50,58,20.0,549.0,10980.0,2024-03-19
2024031901029364,SNLI,22,17,20.0,622.3,12446.0,2024-03-19
2024031901029363,TVCL,58,42,10.0,516.0,5160.0,2024-03-19
2024031901029362,PHCL,43,58,500.0,326.0,163000.0,2024-03-19
2024031901029361,ULHC,58,36,270.0,324.7,87669.0,2024-03-19
2024031901029360,ULHC,58,62,700.0,324.5,227150.0,2024-03-19
2024031901029359,ULHC,58,57,10.0,323.0,3230.0,2024-03-19
2024031901029358,ULHC,58,34,10.0,323.0,3230.0,2024-03-19
2024031901029357,ULHC,58,38,10.0,321.3,3213.0,2024-03-19
2024031902000133,SARBTM,44,51,50.0,611.6,30580.0,2024-03-19
2024031903019212,JSLBB,42,21,20.0,1036.0,20720.0,2024-03-19
2024031903019211,SINDU,21,49,10.0,363.5,3635.0,2024-03-19
2024031903019210,PROFL,13,58,20.0,330.0,6600.0,2024-03-19
2024031901029356,KBL,48,45,521.0,142.3,74138.3,2024-03-19
2024031901029355,KBL,48,7,300.0,142.3,42690.0,2024-03-19
2024031901029354,KBL,48,29,1000.0,142.0,142000.0,2024-03-19
2024031901029353,KBL,48,26,50.0,142.0,7100.0,2024-03-19
2024031901029352,KBL,48,34,81.0,142.0,11502.0,2024-03-19
2024031901029351,KBL,48,42,73.0,141.9,10358.7,2024-03-19
2024031901029350,KBL,48,46,10.0,141.8,1418.0,2024-03-19
2024031901029349,KBL,48,41,1000.0,141.5,141500.0,2024-03-19
2024031901029348,KBL,48,4,365.0,141.5,51647.5,2024-03-19
2024031901029347,ADBL,54,48,44.0,234.4,10313.6,2024-03-19
2024031901029346,PHCL,48,57,10.0,330.0,3300.0,2024-03-19
2024031903019209,GBLBS,22,42,50.0,614.0,30700.0,2024-03-19
2024031903019208,MERO,22,42,51.0,591.2,30151.2,2024-03-19
2024031903019207,MERO,40,42,60.0,591.3,35478.0,2024-03-19
2024031904010389,RIDI,42,21,10.0,189.8,1898.0,2024-03-19
2024031901029345,SMH,50,13,20.0,687.9,13758.0,2024-03-19
2024031903019206,NLIC,26,34,20.0,610.0,12200.0,2024-03-19
2024031901029344,PPL,49,37,100.0,400.0,40000.0,2024-03-19
2024031901029343,PPL,49,29,50.0,400.0,20000.0,2024-03-19
2024031903019205,JSLBB,29,45,10.0,1044.0,10440.0,2024-03-19
2024031904010388,RADHI,42,6,100.0,246.1,24610.0,2024-03-19
2024031901029342,BNHC,29,64,90.0,550.0,49500.0,2024-03-19
2024031901029341,BNHC,29,1,50.0,534.4,26720.0,2024-03-19
2024031901029340,BNHC,29,68,100.0,534.4,53440.0,2024-03-19
2024031901029339,BNHC,29,41,50.0,534.4,26720.0,2024-03-19
2024031901029338,BNHC,29,58,100.0,534.0,53400.0,2024-03-19
2024031901029337,BNHC,29,57,10.0,531.5,5315.0,2024-03-19
2024031901029336,BNHC,29,57,50.0,530.4,26520.0,2024-03-19
2024031901029335,BNHC,29,13,100.0,530.4,53040.0,2024-03-19
2024031901029334,BNHC,29,43,40.0,530.4,21216.0,2024-03-19
2024031901029333,BNHC,29,64,25.0,530.4,13260.0,2024-03-19
2024031901029332,BNHC,29,48,100.0,530.0,53000.0,2024-03-19
2024031901029331,BNHC,29,88,100.0,530.0,53000.0,2024-03-19
2024031901029330,BNHC,29,71,100.0,530.0,53000.0,2024-03-19
2024031901029329,BNHC,29,55,10.0,530.0,5300.0,2024-03-19
2024031901029328,BNHC,29,45,50.0,530.0,26500.0,2024-03-19
2024031901029327,BNHC,29,38,30.0,529.5,15885.0,2024-03-19
2024031901029326,BNHC,29,25,10.0,529.4,5294.0,2024-03-19
2024031901029325,BNHC,29,48,10.0,529.3,5293.0,2024-03-19
2024031901029324,BNHC,29,53,109.0,529.0,57661.0,2024-03-19
2024031901029323,BNHC,29,41,10.0,523.3,5233.0,2024-03-19
2024031901029322,BNHC,29,22,10.0,523.2,5232.0,2024-03-19
2024031901029321,SMH,16,42,10.0,685.0,6850.0,2024-03-19
2024031901029320,PPL,56,58,10.0,405.0,4050.0,2024-03-19
2024031901029319,PPL,56,34,10.0,405.0,4050.0,2024-03-19
2024031901029318,PPL,56,46,10.0,405.0,4050.0,2024-03-19
2024031901029317,PPL,56,22,80.0,405.0,32400.0,2024-03-19
2024031901029316,PPL,56,46,300.0,405.0,121500.0,2024-03-19
2024031901029315,PPL,56,35,10.0,405.0,4050.0,2024-03-19
2024031901029314,PPL,56,45,10.0,405.0,4050.0,2024-03-19
2024031901029313,PPL,56,41,10.0,405.0,4050.0,2024-03-19
2024031901029312,PPL,56,42,10.0,405.0,4050.0,2024-03-19
2024031901029311,PPL,56,44,10.0,405.0,4050.0,2024-03-19
2024031901029310,PPL,56,34,10.0,405.0,4050.0,2024-03-19
2024031901029309,PPL,56,47,10.0,405.0,4050.0,2024-03-19
2024031901029308,PPL,56,42,260.0,405.0,105300.0,2024-03-19
2024031901029307,PPL,56,57,10.0,404.8,4048.0,2024-03-19
2024031901029306,PPL,56,1,100.0,404.7,40470.0,2024-03-19
2024031901029305,PPL,56,32,10.0,404.0,4040.0,2024-03-19
2024031901029304,PPL,56,21,10.0,404.0,4040.0,2024-03-19
2024031901029303,PPL,56,52,10.0,404.0,4040.0,2024-03-19
2024031901029302,PPL,56,41,10.0,404.0,4040.0,2024-03-19
2024031901029301,PPL,56,21,10.0,404.0,4040.0,2024-03-19
2024031901029300,PPL,56,57,50.0,403.9,20195.0,2024-03-19
2024031901029299,PPL,56,53,10.0,403.0,4030.0,2024-03-19
2024031901029298,PPL,56,45,80.0,403.0,32240.0,2024-03-19
2024031901029297,PPL,56,36,10.0,403.0,4030.0,2024-03-19
2024031901029296,PPL,56,58,10.0,403.0,4030.0,2024-03-19
2024031901029295,PPL,56,21,135.0,403.0,54405.0,2024-03-19
2024031901029294,PPL,56,42,39.0,403.0,15717.0,2024-03-19
2024031901029293,PPL,56,29,10.0,402.9,4029.0,2024-03-19
2024031901029292,PPL,56,32,200.0,402.0,80400.0,2024-03-19
2024031901029291,PPL,56,57,30.0,402.0,12060.0,2024-03-19
2024031901029290,PPL,56,38,50.0,401.9,20095.0,2024-03-19
2024031901029289,PPL,56,49,120.0,400.2,48024.0,2024-03-19
2024031901029288,PPL,56,17,850.0,400.1,340085.0,2024-03-19
2024031901029287,TAMOR,34,49,70.0,380.4,26628.0,2024-03-19
2024031901029286,TAMOR,56,49,80.0,380.5,30440.0,2024-03-19
2024031901029285,TAMOR,19,49,200.0,380.5,76100.0,2024-03-19
2024031901029284,TAMOR,22,49,170.0,380.6,64702.0,2024-03-19
2024031904010387,UNHPL,26,19,99.0,238.0,23562.0,2024-03-19
2024031904010386,UNHPL,21,19,50.0,238.0,11900.0,2024-03-19
2024031904010385,UNHPL,6,19,50.0,239.0,11950.0,2024-03-19
2024031901029283,SANIMA,65,49,292.0,241.0,70372.0,2024-03-19
2024031901029282,SANIMA,13,49,100.0,241.0,24100.0,2024-03-19
2024031901029281,SANIMA,41,49,100.0,241.0,24100.0,2024-03-19
2024031901029280,SANIMA,16,49,100.0,241.0,24100.0,2024-03-19
2024031901029279,SANIMA,57,49,15.0,241.1,3616.5,2024-03-19
2024031901029278,SANIMA,4,49,100.0,241.1,24110.0,2024-03-19
2024031901029277,SANIMA,29,49,41.0,241.2,9889.2,2024-03-19
2024031901029276,EBL,45,58,90.0,512.8,46152.0,2024-03-19
2024031903019204,HLBSL,19,45,100.0,705.1,70510.0,2024-03-19
2024031903019203,MDB,45,45,10.0,425.8,4258.0,2024-03-19
2024031901029275,MCHL,35,42,30.0,337.0,10110.0,2024-03-19
2024031901029274,UNLB,28,44,50.0,1579.0,78950.0,2024-03-19
2024031901029273,UNLB,28,48,10.0,1575.0,15750.0,2024-03-19
2024031901029272,UNLB,28,58,10.0,1575.0,15750.0,2024-03-19
2024031901029271,UNLB,28,8,10.0,1575.0,15750.0,2024-03-19
2024031901029270,UNLB,28,57,50.0,1575.0,78750.0,2024-03-19
2024031901029269,UNLB,28,47,30.0,1574.0,47220.0,2024-03-19
2024031901029268,UNLB,28,5,10.0,1573.0,15730.0,2024-03-19
2024031903019202,RSDC,33,44,112.0,586.0,65632.0,2024-03-19
2024031903019201,RSDC,33,54,25.0,586.0,14650.0,2024-03-19
2024031903019200,RSDC,33,21,38.0,586.0,22268.0,2024-03-19
2024031903019199,RSDC,33,45,10.0,585.0,5850.0,2024-03-19
2024031903019198,RSDC,33,25,100.0,585.0,58500.0,2024-03-19
2024031903019197,RSDC,33,22,21.0,585.0,12285.0,2024-03-19
2024031903019196,RSDC,33,11,200.0,582.0,116400.0,2024-03-19
2024031903019195,RSDC,33,25,20.0,581.9,11638.0,2024-03-19
2024031903019194,RSDC,33,59,150.0,581.0,87150.0,2024-03-19
2024031903019193,RSDC,33,57,180.0,581.0,104580.0,2024-03-19
2024031903019192,RSDC,33,45,24.0,580.9,13941.6,2024-03-19
2024031903019191,RSDC,33,58,120.0,580.9,69708.0,2024-03-19
2024031901029267,PPL,49,36,200.0,400.0,80000.0,2024-03-19
2024031901029266,PPL,71,17,150.0,400.1,60015.0,2024-03-19
2024031901029265,PPL,71,33,250.0,400.1,100025.0,2024-03-19
2024031904010384,SHL,33,14,100.0,452.9,45290.0,2024-03-19
2024031904010383,SHL,33,58,431.0,452.5,195027.5,2024-03-19
2024031904010382,SHL,33,25,100.0,451.0,45100.0,2024-03-19
2024031904010381,SHL,33,52,100.0,450.0,45000.0,2024-03-19
2024031904010380,SHL,33,34,200.0,450.0,90000.0,2024-03-19
2024031903019190,LICN,51,39,30.0,1370.0,41100.0,2024-03-19
2024031903019189,MPFL,43,67,10.0,387.0,3870.0,2024-03-19
2024031901029264,SHIVM,72,19,10.0,550.0,5500.0,2024-03-19
2024031903019188,GLBSL,62,57,36.0,1370.8,49348.8,2024-03-19
2024031903019187,GLBSL,62,4,100.0,1346.4,134640.0,2024-03-19
2024031903019186,GLBSL,62,41,164.0,1305.0,214020.0,2024-03-19
2024031903019185,ALBSL,62,33,10.0,720.0,7200.0,2024-03-19
2024031905004648,NIFRA,53,60,10.0,210.0,2100.0,2024-03-19
2024031903019184,ALICL,62,73,20.0,578.0,11560.0,2024-03-19
2024031903019183,ALICL,62,88,138.0,578.0,79764.0,2024-03-19
2024031901029263,RFPL,62,43,70.0,379.0,26530.0,2024-03-19
2024031901029262,NMB,53,38,10.0,188.5,1885.0,2024-03-19
2024031903019182,NUBL,62,65,10.0,660.0,6600.0,2024-03-19
2024031903019181,NUBL,62,42,20.0,655.0,13100.0,2024-03-19
2024031903019180,NICLBSL,62,42,10.0,605.0,6050.0,2024-03-19
2024031903019179,KRBL,6,62,292.0,407.0,118844.0,2024-03-19
2024031903019178,KRBL,57,62,100.0,407.3,40730.0,2024-03-19
2024031903019177,KRBL,25,62,200.0,407.5,81500.0,2024-03-19
2024031903019176,KRBL,16,62,10.0,407.7,4077.0,2024-03-19
2024031903019175,KRBL,44,62,250.0,408.0,102000.0,2024-03-19
2024031903019174,JBBL,32,49,36.0,307.0,11052.0,2024-03-19
2024031903019173,JBBL,32,11,500.0,306.9,153450.0,2024-03-19
2024031903019172,JBBL,32,25,214.0,306.0,65484.0,2024-03-19
2024031903019171,PMLI,7,52,20.0,544.0,10880.0,2024-03-19
2024031901029261,NICA,44,7,53.0,417.2,22111.6,2024-03-19
2024031901029260,MANDU,65,47,108.0,719.2,77673.6,2024-03-19
2024031901029259,MANDU,65,14,530.0,719.2,381176.0,2024-03-19
2024031901029258,MANDU,65,25,10.0,719.1,7191.0,2024-03-19
2024031901029257,MANDU,65,38,10.0,719.1,7191.0,2024-03-19
2024031901029256,MANDU,65,38,10.0,719.1,7191.0,2024-03-19
2024031901029255,MANDU,65,21,10.0,719.0,7190.0,2024-03-19
2024031901029254,MANDU,65,57,200.0,719.0,143800.0,2024-03-19
2024031901029253,MANDU,65,86,300.0,719.0,215700.0,2024-03-19
2024031901029252,MANDU,65,34,10.0,719.0,7190.0,2024-03-19
2024031901029251,MANDU,65,48,10.0,719.0,7190.0,2024-03-19
2024031901029250,MANDU,65,48,10.0,719.0,7190.0,2024-03-19
2024031901029249,MANDU,65,14,10.0,719.0,7190.0,2024-03-19
2024031901029248,MANDU,65,33,10.0,719.0,7190.0,2024-03-19
2024031901029247,MANDU,65,58,10.0,719.0,7190.0,2024-03-19
2024031901029246,MANDU,65,47,10.0,719.0,7190.0,2024-03-19
2024031901029245,MANDU,65,56,50.0,719.0,35950.0,2024-03-19
2024031901029244,MANDU,65,18,10.0,719.0,7190.0,2024-03-19
2024031901029243,MANDU,65,13,70.0,719.0,50330.0,2024-03-19
2024031901029242,MANDU,65,49,10.0,719.0,7190.0,2024-03-19
2024031901029241,MANDU,65,86,200.0,718.9,143780.0,2024-03-19
2024031901029240,MANDU,65,34,10.0,718.9,7189.0,2024-03-19
2024031901029239,MANDU,65,67,480.0,718.9,345072.0,2024-03-19
2024031901029238,MANDU,65,52,80.0,718.5,57480.0,2024-03-19
2024031901029237,MANDU,65,49,10.0,718.0,7180.0,2024-03-19
2024031901029236,MANDU,65,49,10.0,717.0,7170.0,2024-03-19
2024031901029235,MANDU,65,34,10.0,717.0,7170.0,2024-03-19
2024031901029234,MANDU,65,42,10.0,717.0,7170.0,2024-03-19
2024031901029233,MANDU,65,41,100.0,717.0,71700.0,2024-03-19
2024031901029232,MANDU,65,34,10.0,717.0,7170.0,2024-03-19
2024031901029231,MANDU,65,53,10.0,717.0,7170.0,2024-03-19
2024031901029230,MANDU,65,43,200.0,717.0,143400.0,2024-03-19
2024031901029229,MANDU,65,66,20.0,717.0,14340.0,2024-03-19
2024031901029228,MANDU,65,57,10.0,717.0,7170.0,2024-03-19
2024031901029227,MANDU,65,65,200.0,716.0,143200.0,2024-03-19
2024031901029226,MANDU,65,58,110.0,716.0,78760.0,2024-03-19
2024031901029225,MANDU,65,58,10.0,715.0,7150.0,2024-03-19
2024031901029224,MANDU,65,33,10.0,715.0,7150.0,2024-03-19
2024031901029223,MANDU,65,17,500.0,715.0,357500.0,2024-03-19
2024031901029222,MANDU,65,39,10.0,715.0,7150.0,2024-03-19
2024031901029221,MANDU,65,65,200.0,715.0,143000.0,2024-03-19
2024031901029220,MANDU,65,49,10.0,715.0,7150.0,2024-03-19
2024031901029219,MANDU,65,57,10.0,715.0,7150.0,2024-03-19
2024031901029218,MANDU,65,58,50.0,714.0,35700.0,2024-03-19
2024031901029217,MANDU,65,40,100.0,714.0,71400.0,2024-03-19
2024031901029216,MANDU,65,42,310.0,714.0,221340.0,2024-03-19
2024031901029215,MANDU,65,13,130.0,714.0,92820.0,2024-03-19
2024031901029214,MANDU,65,54,500.0,714.0,357000.0,2024-03-19
2024031901029213,MANDU,65,50,10.0,714.0,7140.0,2024-03-19
2024031901029212,MANDU,65,47,10.0,714.0,7140.0,2024-03-19
2024031901029211,MANDU,65,41,27.0,714.0,19278.0,2024-03-19
2024031901029210,MANDU,65,58,10.0,714.0,7140.0,2024-03-19
2024031901029209,MANDU,65,65,200.0,714.0,142800.0,2024-03-19
2024031901029208,MANDU,65,59,10.0,714.0,7140.0,2024-03-19
2024031901029207,MANDU,65,41,280.0,714.0,199920.0,2024-03-19
2024031901029206,MANDU,65,58,10.0,713.0,7130.0,2024-03-19
2024031901029205,MANDU,65,65,200.0,713.0,142600.0,2024-03-19
2024031901029204,MANDU,65,65,200.0,712.0,142400.0,2024-03-19
2024031901029203,MANDU,65,32,10.0,710.9,7109.0,2024-03-19
2024031901029202,MANDU,65,53,10.0,710.9,7109.0,2024-03-19
2024031901029201,MANDU,65,7,10.0,710.9,7109.0,2024-03-19
2024031901029200,MANDU,65,50,310.0,710.9,220379.0,2024-03-19
2024031901029199,MANDU,65,52,500.0,710.9,355450.0,2024-03-19
2024031901029198,MANDU,65,14,50.0,710.9,35545.0,2024-03-19
2024031901029197,MANDU,65,6,10.0,710.0,7100.0,2024-03-19
2024031901029196,MANDU,65,38,10.0,710.0,7100.0,2024-03-19
2024031901029195,MANDU,65,45,10.0,710.0,7100.0,2024-03-19
2024031901029194,MANDU,65,41,10.0,710.0,7100.0,2024-03-19
2024031901029193,MANDU,65,22,10.0,710.0,7100.0,2024-03-19
2024031901029192,MANDU,65,18,1120.0,710.0,795200.0,2024-03-19
2024031901029191,MANDU,65,42,10.0,710.0,7100.0,2024-03-19
2024031901029190,MANDU,65,49,10.0,710.0,7100.0,2024-03-19
2024031901029189,MANDU,65,14,310.0,710.0,220100.0,2024-03-19
2024031901029188,MANDU,65,58,10.0,710.0,7100.0,2024-03-19
2024031901029187,MANDU,65,51,10.0,710.0,7100.0,2024-03-19
2024031901029186,MANDU,65,11,10.0,710.0,7100.0,2024-03-19
2024031901029185,MANDU,65,66,20.0,710.0,14200.0,2024-03-19
2024031901029184,MANDU,65,42,10.0,710.0,7100.0,2024-03-19
2024031901029183,MANDU,65,56,10.0,710.0,7100.0,2024-03-19
2024031901029182,MANDU,65,42,10.0,710.0,7100.0,2024-03-19
2024031901029181,MANDU,65,35,10.0,710.0,7100.0,2024-03-19
2024031901029180,MANDU,65,45,10.0,710.0,7100.0,2024-03-19
2024031901029179,MANDU,65,38,10.0,710.0,7100.0,2024-03-19
2024031901029178,MANDU,65,11,10.0,710.0,7100.0,2024-03-19
2024031901029177,MANDU,65,49,10.0,710.0,7100.0,2024-03-19
2024031901029176,MANDU,65,4,10.0,710.0,7100.0,2024-03-19
2024031901029175,MANDU,65,53,10.0,710.0,7100.0,2024-03-19
2024031901029174,MANDU,65,7,10.0,710.0,7100.0,2024-03-19
2024031901029173,MANDU,65,42,50.0,709.9,35495.0,2024-03-19
2024031901029172,MANDU,65,57,10.0,709.9,7099.0,2024-03-19
2024031901029171,MANDU,65,4,210.0,709.2,148932.0,2024-03-19
2024031901029170,MANDU,65,56,30.0,709.0,21270.0,2024-03-19
2024031901029169,MANDU,65,29,10.0,709.0,7090.0,2024-03-19
2024031901029168,MANDU,65,49,10.0,708.0,7080.0,2024-03-19
2024031901029167,MANDU,65,49,10.0,708.0,7080.0,2024-03-19
2024031901029166,MANDU,65,45,10.0,708.0,7080.0,2024-03-19
2024031901029165,MANDU,65,43,125.0,707.9,88487.5,2024-03-19
2024031901029164,MANDU,65,42,10.0,707.0,7070.0,2024-03-19
2024031901029163,MANDU,65,84,1000.0,707.0,707000.0,2024-03-19
2024031901029162,MANDU,65,58,10.0,707.0,7070.0,2024-03-19
2024031901029161,MANDU,65,58,10.0,707.0,7070.0,2024-03-19
2024031901029160,MANDU,65,53,10.0,706.0,7060.0,2024-03-19
2024031901029159,MANDU,65,38,10.0,705.0,7050.0,2024-03-19
2024031901029158,MANDU,65,58,30.0,705.0,21150.0,2024-03-19
2024031901029157,MANDU,65,58,10.0,705.0,7050.0,2024-03-19
2024031901029156,MANDU,65,33,10.0,705.0,7050.0,2024-03-19
2024031901029155,MANDU,65,58,10.0,705.0,7050.0,2024-03-19
2024031901029154,MANDU,65,20,10.0,705.0,7050.0,2024-03-19
2024031901029153,MANDU,65,58,10.0,705.0,7050.0,2024-03-19
2024031901029152,MANDU,65,58,10.0,705.0,7050.0,2024-03-19
2024031901029151,MANDU,65,35,10.0,705.0,7050.0,2024-03-19
2024031901029150,MANDU,65,58,10.0,705.0,7050.0,2024-03-19
2024031901029149,MANDU,65,16,10.0,705.0,7050.0,2024-03-19
2024031901029148,MANDU,65,46,10.0,705.0,7050.0,2024-03-19
2024031901029147,MANDU,65,38,10.0,705.0,7050.0,2024-03-19
2024031901029146,MANDU,65,58,10.0,705.0,7050.0,2024-03-19
2024031901029145,MANDU,65,54,10.0,704.0,7040.0,2024-03-19
2024031901029144,MANDU,65,58,10.0,704.0,7040.0,2024-03-19
2024031901029143,MANDU,65,58,10.0,704.0,7040.0,2024-03-19
2024031901029142,MANDU,65,14,50.0,703.9,35195.0,2024-03-19
2024031901029141,MANDU,65,42,10.0,703.0,7030.0,2024-03-19
2024031901029140,MANDU,65,1,10.0,702.0,7020.0,2024-03-19
2024031901029139,MANDU,65,42,10.0,702.0,7020.0,2024-03-19
2024031901029138,MANDU,65,58,10.0,702.0,7020.0,2024-03-19
2024031901029137,MANDU,65,58,10.0,702.0,7020.0,2024-03-19
2024031901029136,NYADI,54,59,100.0,296.0,29600.0,2024-03-19
2024031901029135,NYADI,34,59,50.0,296.0,14800.0,2024-03-19
2024031901029134,NYADI,21,59,50.0,296.0,14800.0,2024-03-19
2024031901029133,NYADI,17,59,200.0,296.0,59200.0,2024-03-19
2024031901029132,NYADI,32,59,160.0,296.1,47376.0,2024-03-19
2024031901029131,NYADI,53,59,30.0,296.2,8886.0,2024-03-19
2024031901029130,NYADI,49,59,170.0,297.9,50643.0,2024-03-19
2024031904010379,MEN,42,59,50.0,553.1,27655.0,2024-03-19
2024031903019170,NFS,59,33,22.0,395.0,8690.0,2024-03-19
2024031903019169,NFS,59,26,78.0,395.0,30810.0,2024-03-19
2024031901029129,TAMOR,44,44,10.0,382.5,3825.0,2024-03-19
2024031904010378,SPIL,44,56,100.0,765.0,76500.0,2024-03-19
2024031901029128,SONA,46,57,114.0,506.0,57684.0,2024-03-19
2024031901029127,SONA,11,57,100.0,506.0,50600.0,2024-03-19
2024031901029126,SONA,35,57,386.0,506.0,195316.0,2024-03-19
2024031901029125,MKHL,57,34,10.0,382.0,3820.0,2024-03-19
2024031905004647,NTC,57,52,10.0,865.0,8650.0,2024-03-19
2024031901029124,BHL,64,45,10.0,347.4,3474.0,2024-03-19
2024031905004646,NRN,6,57,1000.0,553.0,553000.0,2024-03-19
2024031901029123,JALPA,10,21,45.0,1262.8,56826.0,2024-03-19
2024031905004645,HRL,10,18,40.0,618.0,24720.0,2024-03-19
2024031901029122,SHIVM,50,10,272.0,549.0,149328.0,2024-03-19
2024031901029121,SHIVM,44,10,88.0,549.0,48312.0,2024-03-19
2024031901029120,MHCL,90,40,500.0,456.0,228000.0,2024-03-19
2024031904010377,SICL,58,55,75.0,710.0,53250.0,2024-03-19
2024031904010376,SICL,13,55,71.0,710.0,50410.0,2024-03-19
2024031904010375,SICL,33,55,154.0,710.1,109355.4,2024-03-19
2024031904010374,LEC,38,38,100.0,187.0,18700.0,2024-03-19
2024031903019168,MPFL,38,67,10.0,387.0,3870.0,2024-03-19
2024031901029119,SRLI,38,17,10.0,464.0,4640.0,2024-03-19
2024031901029118,SRLI,38,32,10.0,463.0,4630.0,2024-03-19
2024031901029117,SRLI,38,14,10.0,462.0,4620.0,2024-03-19
2024031901029116,SRLI,38,51,10.0,462.0,4620.0,2024-03-19
2024031901029115,SRLI,38,16,190.0,462.0,87780.0,2024-03-19
2024031901029114,SRLI,38,7,80.0,461.0,36880.0,2024-03-19
2024031901029113,SRLI,38,56,10.0,460.0,4600.0,2024-03-19
2024031901029112,SRLI,38,57,10.0,460.0,4600.0,2024-03-19
2024031901029111,SRLI,38,49,190.0,460.0,87400.0,2024-03-19
2024031901029110,PHCL,43,38,10.0,326.0,3260.0,2024-03-19
2024031904010373,SHEL,38,13,100.0,207.0,20700.0,2024-03-19
2024031901029109,HATHY,49,38,30.0,875.0,26250.0,2024-03-19
2024031901029108,HATHY,5,38,50.0,875.3,43765.0,2024-03-19
2024031901029107,HATHY,11,38,50.0,876.0,43800.0,2024-03-19
2024031901029106,HATHY,4,38,110.0,876.0,96360.0,2024-03-19
2024031901029105,HATHY,25,38,16.0,876.0,14016.0,2024-03-19
2024031901029104,HATHY,42,38,51.0,877.0,44727.0,2024-03-19
2024031901029103,HATHY,57,38,101.0,877.0,88577.0,2024-03-19
2024031901029102,HATHY,41,38,50.0,877.1,43855.0,2024-03-19
2024031903019167,KLBSL,14,39,10.0,903.0,9030.0,2024-03-19
2024031901029101,CKHL,58,25,140.0,600.0,84000.0,2024-03-19
2024031901029100,CKHL,32,25,50.0,600.0,30000.0,2024-03-19
2024031901029099,CKHL,38,25,50.0,600.0,30000.0,2024-03-19
2024031901029098,CKHL,57,25,30.0,600.0,18000.0,2024-03-19
2024031901029097,CKHL,45,25,50.0,600.0,30000.0,2024-03-19
2024031901029096,CKHL,49,25,50.0,600.0,30000.0,2024-03-19
2024031901029095,CKHL,42,25,10.0,600.0,6000.0,2024-03-19
2024031901029094,CKHL,75,25,50.0,600.1,30005.0,2024-03-19
2024031901029093,CKHL,26,25,25.0,600.1,15002.5,2024-03-19
2024031901029092,CKHL,58,25,45.0,600.1,27004.5,2024-03-19
2024031903019166,MPFL,54,67,10.0,387.0,3870.0,2024-03-19
2024031904010372,HPPL,4,39,10.0,275.0,2750.0,2024-03-19
2024031901029091,CLI,47,4,100.0,465.3,46530.0,2024-03-19
2024031904010371,NGPL,17,35,10.0,306.8,3068.0,2024-03-19
2024031905004644,SAEF,17,21,4000.0,9.93,39720.0,2024-03-19
2024031905004643,LEMF,17,49,100.0,9.6,960.0,2024-03-19
2024031901029090,SCB,17,33,20.0,523.0,10460.0,2024-03-19
2024031904010370,SSHL,17,54,10.0,167.8,1678.0,2024-03-19
2024031904010369,NGPL,91,35,10.0,306.8,3068.0,2024-03-19
2024031905004642,NRIC,32,1,347.0,750.7,260492.9,2024-03-19
2024031905004641,NRIC,57,1,11.0,751.0,8261.0,2024-03-19
2024031905004640,NRIC,34,1,100.0,751.0,75100.0,2024-03-19
2024031905004639,NRIC,57,1,11.0,751.0,8261.0,2024-03-19
2024031905004638,NRIC,14,1,20.0,752.0,15040.0,2024-03-19
2024031905004637,NRIC,57,1,11.0,752.0,8272.0,2024-03-19
2024031901029089,PPL,49,34,10.0,400.0,4000.0,2024-03-19
2024031901029088,SONA,35,58,14.0,506.0,7084.0,2024-03-19
2024031904010368,MEN,58,58,50.0,596.7,29835.0,2024-03-19
2024031904010367,MEN,58,91,500.0,596.0,298000.0,2024-03-19
2024031904010366,MEN,58,34,1000.0,596.0,596000.0,2024-03-19
2024031904010365,MEN,58,58,50.0,585.6,29280.0,2024-03-19
2024031904010364,MEN,58,29,500.0,573.9,286950.0,2024-03-19
2024031904010363,MEN,58,50,50.0,561.0,28050.0,2024-03-19
2024031904010362,MEN,58,55,1000.0,560.0,560000.0,2024-03-19
2024031904010361,MEN,58,58,5000.0,560.0,2800000.0,2024-03-19
2024031904010360,MEN,58,21,1000.0,559.9,559900.0,2024-03-19
2024031904010359,MEN,58,50,50.0,559.0,27950.0,2024-03-19
2024031904010358,MEN,58,7,553.0,559.0,309127.0,2024-03-19
2024031904010357,MEN,58,34,30.0,558.9,16767.0,2024-03-19
2024031904010356,UMHL,21,29,10.0,257.0,2570.0,2024-03-19
2024031901029087,AHL,49,13,10.0,436.3,4363.0,2024-03-19
2024031903019165,SADBL,42,36,37.0,312.8,11573.6,2024-03-19
2024031903019164,HLBSL,50,33,100.0,711.0,71100.0,2024-03-19
2024031901029086,SHIVM,76,19,10.0,550.0,5500.0,2024-03-19
2024031903019163,RLFL,1,26,200.0,380.0,76000.0,2024-03-19
2024031904010355,JOSHI,57,50,100.0,345.0,34500.0,2024-03-19
2024031901029085,SHIVM,59,81,48.0,549.1,26356.8,2024-03-19
2024031903019162,GUFL,6,45,15.0,860.0,12900.0,2024-03-19
2024031901029084,RNLI,36,16,10.0,449.0,4490.0,2024-03-19
2024031901029083,CITY,29,51,10.0,609.0,6090.0,2024-03-19
2024031901029082,SHIVM,8,19,28.0,550.0,15400.0,2024-03-19
2024031901029081,PPL,49,49,10.0,400.0,4000.0,2024-03-19
2024031904010354,UPPER,57,49,67.0,180.1,12066.7,2024-03-19
2024031904010353,UPPER,39,49,1000.0,180.1,180100.0,2024-03-19
2024031904010352,UPPER,18,49,30.0,180.1,5403.0,2024-03-19
2024031903019161,GUFL,41,49,290.0,858.0,248820.0,2024-03-19
2024031903019160,GUFL,44,49,10.0,859.0,8590.0,2024-03-19
2024031904010351,UPPER,29,49,1000.0,180.1,180100.0,2024-03-19
2024031904010350,UPPER,54,49,22.0,180.1,3962.2,2024-03-19
2024031904010349,UPPER,42,49,60.0,180.1,10806.0,2024-03-19
2024031904010348,UPPER,51,49,142.0,180.1,25574.2,2024-03-19
2024031904010347,UPPER,52,49,30.0,180.2,5406.0,2024-03-19
2024031904010346,UPPER,45,49,100.0,180.2,18020.0,2024-03-19
2024031904010345,UPPER,13,49,500.0,180.2,90100.0,2024-03-19
2024031904010344,UPPER,17,49,200.0,180.2,36040.0,2024-03-19
2024031904010343,UPPER,39,49,100.0,180.2,18020.0,2024-03-19
2024031904010342,UPPER,34,49,100.0,180.5,18050.0,2024-03-19
2024031904010341,UPPER,26,49,49.0,180.5,8844.5,2024-03-19
2024031904010340,UPPER,16,49,1550.0,180.7,280085.0,2024-03-19
2024031904010339,UPPER,34,49,50.0,180.7,9035.0,2024-03-19
2024031903019159,PROFL,49,25,20.0,329.9,6598.0,2024-03-19
2024031903019158,SABSL,49,14,13.0,700.0,9100.0,2024-03-19
2024031904010338,NGPL,82,35,1000.0,306.8,306800.0,2024-03-19
2024031904010337,NGPL,8,35,102.0,306.8,31293.6,2024-03-19
2024031901029080,SONA,35,45,100.0,506.0,50600.0,2024-03-19
2024031901029079,SONA,49,45,300.0,506.0,151800.0,2024-03-19
2024031903019157,SINDU,45,49,100.0,363.5,36350.0,2024-03-19
2024031903019156,ILBS,45,16,116.0,903.0,104748.0,2024-03-19
2024031903019155,ILBS,45,5,10.0,902.9,9029.0,2024-03-19
2024031903019154,ILBS,45,25,20.0,902.0,18040.0,2024-03-19
2024031903019153,ILBS,45,50,500.0,900.0,450000.0,2024-03-19
2024031903019152,ILBS,45,44,100.0,900.0,90000.0,2024-03-19
2024031903019151,ILBS,45,11,25.0,900.0,22500.0,2024-03-19
2024031903019150,ILBS,45,41,10.0,900.0,9000.0,2024-03-19
2024031903019149,ILBS,45,57,153.0,900.0,137700.0,2024-03-19
2024031903019148,ILBS,45,13,66.0,900.0,59400.0,2024-03-19
2024031904010336,UMHL,36,29,10.0,257.0,2570.0,2024-03-19
2024031901029078,CYCL,59,36,10.0,1385.9,13859.0,2024-03-19
2024031901029077,EBL,33,58,10.0,512.8,5128.0,2024-03-19
2024031904010335,HURJA,55,33,200.0,295.0,59000.0,2024-03-19
2024031904010334,HURJA,38,33,16.0,295.0,4720.0,2024-03-19
2024031901029076,HATHY,43,7,200.0,879.0,175800.0,2024-03-19
2024031901029075,SAHAS,6,53,80.0,531.3,42504.0,2024-03-19
2024031901029074,SAHAS,52,53,10.0,531.3,5313.0,2024-03-19
2024031901029073,SAHAS,6,53,400.0,531.6,212640.0,2024-03-19
2024031903019147,NFS,53,26,82.0,395.0,32390.0,2024-03-19
2024031903019146,NFS,53,48,418.0,395.0,165110.0,2024-03-19
2024031903019145,KMCDB,5,32,30.0,825.0,24750.0,2024-03-19
2024031901029072,JBLB,19,7,40.0,1351.0,54040.0,2024-03-19
2024031901029071,SIKLES,36,74,100.0,485.0,48500.0,2024-03-19
2024031901029070,SRLI,32,52,10.0,457.0,4570.0,2024-03-19
2024031901029069,SRLI,49,52,20.0,457.2,9144.0,2024-03-19
2024031901029068,SRLI,38,52,10.0,459.9,4599.0,2024-03-19
2024031905004636,NIFRA,45,44,54.0,209.5,11313.0,2024-03-19
2024031903019144,ALBSL,32,44,162.0,708.5,114777.0,2024-03-19
2024031903019143,ALBSL,19,44,290.0,712.0,206480.0,2024-03-19
2024031903019142,ALBSL,11,44,10.0,717.0,7170.0,2024-03-19
2024031903019141,ALBSL,21,44,44.0,717.0,31548.0,2024-03-19
2024031903019140,ALBSL,51,44,25.0,717.1,17927.5,2024-03-19
2024031903019139,SMFBS,57,55,25.0,1100.0,27500.0,2024-03-19
2024031903019138,SMFBS,57,38,10.0,1096.5,10965.0,2024-03-19
2024031903019137,SMFBS,57,34,10.0,1096.5,10965.0,2024-03-19
2024031903019136,SMFBS,57,41,10.0,1096.0,10960.0,2024-03-19
2024031903019135,SMFBS,57,10,25.0,1096.0,27400.0,2024-03-19
2024031904010333,NHPC,35,57,1184.0,156.1,184822.4,2024-03-19
2024031904010332,NHPC,7,57,200.0,156.5,31300.0,2024-03-19
2024031904010331,NHPC,48,57,100.0,156.6,15660.0,2024-03-19
2024031904010330,NHPC,4,57,25.0,156.6,3915.0,2024-03-19
2024031904010329,NHPC,17,57,20.0,156.6,3132.0,2024-03-19
2024031904010328,NHPC,46,57,15.0,156.8,2352.0,2024-03-19
2024031904010327,NHPC,51,57,200.0,156.8,31360.0,2024-03-19
2024031904010326,NHPC,29,57,100.0,156.9,15690.0,2024-03-19
2024031904010325,NHPC,29,57,100.0,156.9,15690.0,2024-03-19
2024031904010324,NHPC,40,57,56.0,157.0,8792.0,2024-03-19
2024031901029067,HDL,57,49,10.0,1569.0,15690.0,2024-03-19
2024031901029066,SRLI,38,55,10.0,459.9,4599.0,2024-03-19
2024031904010323,HEI,66,57,10.0,598.0,5980.0,2024-03-19
2024031901029065,CYCL,77,48,200.0,1390.0,278000.0,2024-03-19
2024031901029064,UNLB,94,5,40.0,1573.0,62920.0,2024-03-19
2024031905004635,HRL,17,18,50.0,618.0,30900.0,2024-03-19
2024031904010322,AKJCL,1,41,439.0,222.0,97458.0,2024-03-19
2024031904010321,JOSHI,41,45,30.0,345.8,10374.0,2024-03-19
2024031905004634,ENL,58,34,110.0,766.0,84260.0,2024-03-19
2024031905004633,ENL,58,34,30.0,766.0,22980.0,2024-03-19
2024031905004632,ENL,38,34,20.0,766.1,15322.0,2024-03-19
2024031905004631,ENL,38,34,90.0,766.2,68958.0,2024-03-19
2024031905004630,ENL,38,34,50.0,766.3,38315.0,2024-03-19
2024031901029063,GCIL,34,1,100.0,543.0,54300.0,2024-03-19
2024031901029062,SHIVM,69,19,10.0,550.0,5500.0,2024-03-19
2024031904010320,JOSHI,18,45,1000.0,345.8,345800.0,2024-03-19
2024031901029061,PPL,49,21,925.0,400.0,370000.0,2024-03-19
2024031904010319,NGPL,58,17,10.0,310.0,3100.0,2024-03-19
2024031904010318,UPPER,14,48,22.0,180.8,3977.6,2024-03-19
2024031903019134,PROFL,48,25,20.0,329.9,6598.0,2024-03-19
2024031905004629,NSIF2,42,44,1700.0,9.24,15708.0,2024-03-19
2024031905004628,NSIF2,42,38,700.0,9.23,6461.0,2024-03-19
2024031901029060,PPL,49,42,1000.0,400.0,400000.0,2024-03-19
2024031903019133,NADEP,58,22,10.0,660.0,6600.0,2024-03-19
2024031904010317,UPPER,14,50,78.0,180.8,14102.4,2024-03-19
2024031904010316,UPPER,58,50,32.0,180.8,5785.6,2024-03-19
2024031903019132,GUFL,50,45,35.0,860.0,30100.0,2024-03-19
2024031903019131,GUFL,50,53,20.0,860.0,17200.0,2024-03-19
2024031903019130,GUFL,50,49,145.0,860.0,124700.0,2024-03-19
2024031901029059,MEHL,26,95,10.0,300.0,3000.0,2024-03-19
2024031901029058,MHCL,42,56,500.0,455.0,227500.0,2024-03-19
2024031901029057,SNLI,57,19,10.0,622.2,6222.0,2024-03-19
2024031901029056,PHCL,49,57,100.0,330.0,33000.0,2024-03-19
2024031904010315,HDHPC,42,35,2445.0,140.5,343522.5,2024-03-19
2024031904010314,HDHPC,51,35,555.0,140.9,78199.5,2024-03-19
2024031904010313,GLH,45,42,20.0,223.0,4460.0,2024-03-19
2024031903019129,GBLBS,22,45,50.0,614.0,30700.0,2024-03-19
2024031903019128,SJLIC,4,45,200.0,528.5,105700.0,2024-03-19
2024031904010312,MHNL,39,34,10.0,247.0,2470.0,2024-03-19
2024031904010311,SHPC,39,36,50.0,345.1,17255.0,2024-03-19
2024031901029055,NRM,53,59,10.0,400.0,4000.0,2024-03-19
2024031905004627,NRN,6,32,1308.0,553.0,723324.0,2024-03-19
2024031903019127,NADEP,34,29,3.0,660.0,1980.0,2024-03-19
2024031903019126,NADEP,34,38,92.0,660.0,60720.0,2024-03-19
2024031903019125,NADEP,19,38,500.0,660.0,330000.0,2024-03-19
2024031903019124,NADEP,58,38,65.0,660.0,42900.0,2024-03-19
2024031903019123,NADEP,64,38,23.0,660.0,15180.0,2024-03-19
2024031903019122,NADEP,21,38,20.0,660.1,13202.0,2024-03-19
2024031901029054,MMKJL,64,38,100.0,432.5,43250.0,2024-03-19
2024031901029053,MMKJL,64,38,200.0,433.0,86600.0,2024-03-19
2024031903019121,LBBL,45,25,10.0,386.2,3862.0,2024-03-19
2024031903019120,LBBL,51,25,99.0,386.2,38233.8,2024-03-19
2024031901029052,SMJC,54,58,10.0,369.0,3690.0,2024-03-19
2024031901029051,HATHY,57,17,20.0,877.0,17540.0,2024-03-19
2024031903019119,PMLI,91,52,10.0,544.0,5440.0,2024-03-19
2024031903019118,PMLI,91,21,205.0,542.0,111110.0,2024-03-19
2024031905004626,NTC,6,45,5.0,860.0,4300.0,2024-03-19
2024031905004625,NTC,6,11,10.0,860.0,8600.0,2024-03-19
2024031901029050,SNLI,57,86,50.0,622.2,31110.0,2024-03-19
2024031901029049,SNLI,34,17,10.0,622.3,6223.0,2024-03-19
2024031901029048,PPL,49,34,10.0,400.0,4000.0,2024-03-19
2024031901029047,GCIL,49,21,140.0,540.6,75684.0,2024-03-19
2024031901029046,GCIL,4,21,10.0,541.0,5410.0,2024-03-19
2024031901029045,GCIL,52,21,100.0,541.0,54100.0,2024-03-19
2024031901029044,GCIL,41,21,100.0,541.0,54100.0,2024-03-19
2024031901029043,GCIL,41,21,100.0,541.1,54110.0,2024-03-19
2024031901029042,GCIL,19,21,50.0,542.0,27100.0,2024-03-19
2024031901029041,BNHC,51,53,300.0,529.0,158700.0,2024-03-19
2024031901029040,BNHC,51,7,600.0,528.0,316800.0,2024-03-19
2024031901029039,BNHC,51,50,10.0,525.0,5250.0,2024-03-19
2024031901029038,BNHC,51,28,20.0,525.0,10500.0,2024-03-19
2024031901029037,BNHC,51,22,30.0,523.3,15699.0,2024-03-19
2024031901029036,BNHC,51,34,10.0,523.0,5230.0,2024-03-19
2024031901029035,BNHC,51,28,10.0,522.0,5220.0,2024-03-19
2024031901029034,BNHC,51,28,10.0,520.0,5200.0,2024-03-19
2024031901029033,BNHC,51,55,10.0,519.0,5190.0,2024-03-19
2024031904010310,HDHPC,51,35,500.0,140.8,70400.0,2024-03-19
2024031904010309,HDHPC,51,21,45.0,140.8,6336.0,2024-03-19
2024031901029032,EBL,11,13,200.0,512.6,102520.0,2024-03-19
2024031904010308,API,58,45,25.0,184.0,4600.0,2024-03-19
2024031901029031,MKLB,48,55,12.0,855.4,10264.8,2024-03-19
2024031901029030,MKLB,48,38,10.0,855.0,8550.0,2024-03-19
2024031901029029,MKLB,48,22,100.0,855.0,85500.0,2024-03-19
2024031901029028,MKLB,48,34,10.0,853.5,8535.0,2024-03-19
2024031901029027,MKLB,48,22,21.0,852.0,17892.0,2024-03-19
2024031901029026,MKLB,48,45,130.0,851.0,110630.0,2024-03-19
2024031901029025,HATHY,57,42,22.0,877.0,19294.0,2024-03-19
2024031903019117,NFS,42,48,82.0,395.0,32390.0,2024-03-19
2024031903019116,NFS,42,58,60.0,395.0,23700.0,2024-03-19
2024031903019115,NFS,42,17,58.0,395.0,22910.0,2024-03-19
2024031901029024,CKHL,58,58,395.0,612.0,241740.0,2024-03-19
2024031901029023,CKHL,58,34,750.0,612.0,459000.0,2024-03-19
2024031901029022,CKHL,58,49,10.0,612.0,6120.0,2024-03-19
2024031901029021,CKHL,58,43,90.0,611.9,55071.0,2024-03-19
2024031901029020,CKHL,58,36,300.0,610.0,183000.0,2024-03-19
2024031901029019,CKHL,58,6,150.0,610.0,91500.0,2024-03-19
2024031901029018,CKHL,58,58,10.0,610.0,6100.0,2024-03-19
2024031901029017,CKHL,58,42,10.0,608.9,6089.0,2024-03-19
2024031901029016,CKHL,58,36,150.0,607.0,91050.0,2024-03-19
2024031901029015,CKHL,58,51,25.0,607.0,15175.0,2024-03-19
2024031901029014,CKHL,58,6,100.0,606.0,60600.0,2024-03-19
2024031901029013,CKHL,58,4,10.0,606.0,6060.0,2024-03-19
2024031901029012,JALPA,42,21,10.0,1262.8,12628.0,2024-03-19
2024031903019114,SFCL,17,50,15.0,329.0,4935.0,2024-03-19
2024031901029011,MKHL,26,34,10.0,382.0,3820.0,2024-03-19
2024031903019113,NFS,26,17,100.0,395.0,39500.0,2024-03-19
2024031901029010,MSHL,26,49,50.0,654.0,32700.0,2024-03-19
2024031901029009,PPL,49,26,500.0,400.0,200000.0,2024-03-19
2024031904010307,NGPL,70,17,10.0,310.0,3100.0,2024-03-19
2024031903019112,NLIC,49,16,10.0,609.1,6091.0,2024-03-19
2024031904010306,NHPC,40,58,207.0,157.0,32499.0,2024-03-19
2024031904010305,AKPL,8,45,1170.0,183.0,214110.0,2024-03-19
2024031903019111,SADBL,71,36,27.0,312.8,8445.6,2024-03-19
2024031903019110,MDB,39,36,800.0,425.6,340480.0,2024-03-19
2024031903019109,FMDBL,62,49,10.0,620.0,6200.0,2024-03-19
2024031904010304,AHPC,7,59,100.0,181.7,18170.0,2024-03-19
2024031901029008,SHIVM,65,19,200.0,550.0,110000.0,2024-03-19
2024031901029007,BGWT,65,65,10.0,657.9,6579.0,2024-03-19
2024031901029006,BGWT,65,38,40.0,657.9,26316.0,2024-03-19
2024031901029005,BGWT,65,59,200.0,657.0,131400.0,2024-03-19
2024031901029004,BGWT,65,34,200.0,655.0,131000.0,2024-03-19
2024031901029003,BGWT,65,58,80.0,655.0,52400.0,2024-03-19
2024031901029002,BGWT,65,65,10.0,651.0,6510.0,2024-03-19
2024031901029001,BGWT,65,74,400.0,650.0,260000.0,2024-03-19
2024031901029000,BGWT,65,42,10.0,624.2,6242.0,2024-03-19
2024031901028999,BGWT,65,26,1000.0,624.2,624200.0,2024-03-19
2024031901028998,BGWT,65,86,100.0,624.0,62400.0,2024-03-19
2024031901028997,BGWT,65,47,100.0,624.0,62400.0,2024-03-19
2024031901028996,BGWT,65,16,200.0,624.0,124800.0,2024-03-19
2024031901028995,BGWT,65,33,500.0,624.0,312000.0,2024-03-19
2024031901028994,BGWT,65,26,120.0,624.0,74880.0,2024-03-19
2024031901028993,BGWT,65,17,10.0,624.0,6240.0,2024-03-19
2024031901028992,BGWT,65,17,50.0,624.0,31200.0,2024-03-19
2024031901028991,BGWT,65,14,50.0,624.0,31200.0,2024-03-19
2024031901028990,BGWT,65,32,10.0,622.2,6222.0,2024-03-19
2024031901028989,BGWT,65,53,100.0,622.2,62220.0,2024-03-19
2024031901028988,BGWT,65,51,10.0,622.0,6220.0,2024-03-19
2024031901028987,BGWT,65,25,10.0,622.0,6220.0,2024-03-19
2024031901028986,BGWT,65,16,30.0,622.0,18660.0,2024-03-19
2024031901028985,BGWT,65,51,10.0,622.0,6220.0,2024-03-19
2024031901028984,BGWT,65,4,520.0,622.0,323440.0,2024-03-19
2024031901028983,BGWT,65,35,10.0,622.0,6220.0,2024-03-19
2024031901028982,BGWT,65,47,10.0,620.0,6200.0,2024-03-19
2024031901028981,BGWT,65,7,20.0,619.1,12382.0,2024-03-19
2024031901028980,BGWT,65,56,10.0,618.0,6180.0,2024-03-19
2024031901028979,BGWT,65,71,100.0,618.0,61800.0,2024-03-19
2024031901028978,BGWT,65,38,25.0,618.0,15450.0,2024-03-19
2024031901028977,BGWT,65,55,10.0,617.1,6171.0,2024-03-19
2024031901028976,BGWT,65,42,10.0,617.1,6171.0,2024-03-19
2024031901028975,BGWT,65,35,10.0,617.0,6170.0,2024-03-19
2024031901028974,BGWT,65,37,100.0,617.0,61700.0,2024-03-19
2024031901028973,BGWT,65,14,500.0,617.0,308500.0,2024-03-19
2024031901028972,BGWT,65,49,100.0,615.1,61510.0,2024-03-19
2024031901028971,BGWT,65,29,10.0,615.0,6150.0,2024-03-19
2024031901028970,BGWT,65,49,10.0,615.0,6150.0,2024-03-19
2024031901028969,BGWT,65,43,10.0,615.0,6150.0,2024-03-19
2024031901028968,BGWT,65,45,50.0,615.0,30750.0,2024-03-19
2024031901028967,BGWT,65,55,10.0,615.0,6150.0,2024-03-19
2024031901028966,BGWT,65,21,10.0,615.0,6150.0,2024-03-19
2024031901028965,BGWT,65,58,10.0,615.0,6150.0,2024-03-19
2024031901028964,BGWT,65,52,10.0,615.0,6150.0,2024-03-19
2024031901028963,BGWT,65,21,10.0,614.0,6140.0,2024-03-19
2024031901028962,BGWT,65,72,60.0,614.0,36840.0,2024-03-19
2024031901028961,BGWT,65,34,400.0,614.0,245600.0,2024-03-19
2024031901028960,BGWT,65,49,10.0,614.0,6140.0,2024-03-19
2024031901028959,BGWT,65,19,10.0,614.0,6140.0,2024-03-19
2024031901028958,BGWT,65,41,10.0,614.0,6140.0,2024-03-19
2024031901028957,BGWT,65,47,100.0,613.0,61300.0,2024-03-19
2024031901028956,BGWT,65,14,50.0,613.0,30650.0,2024-03-19
2024031901028955,BGWT,65,57,1308.0,613.0,801804.0,2024-03-19
2024031901028954,BGWT,65,58,20.0,611.9,12238.0,2024-03-19
2024031901028953,BGWT,65,47,100.0,611.8,61180.0,2024-03-19
2024031901028952,BGWT,65,28,10.0,611.0,6110.0,2024-03-19
2024031901028951,BGWT,65,57,10.0,611.0,6110.0,2024-03-19
2024031901028950,BGWT,65,10,10.0,610.1,6101.0,2024-03-19
2024031901028949,BGWT,65,38,10.0,610.0,6100.0,2024-03-19
2024031901028948,BGWT,65,49,50.0,610.0,30500.0,2024-03-19
2024031901028947,BGWT,65,55,10.0,610.0,6100.0,2024-03-19
2024031901028946,BGWT,65,91,10.0,610.0,6100.0,2024-03-19
2024031901028945,BGWT,65,45,10.0,610.0,6100.0,2024-03-19
2024031901028944,BGWT,65,35,10.0,609.9,6099.0,2024-03-19
2024031901028943,BGWT,65,17,10.0,609.9,6099.0,2024-03-19
2024031901028942,BGWT,65,3,10.0,609.9,6099.0,2024-03-19
2024031901028941,BGWT,65,14,10.0,609.0,6090.0,2024-03-19
2024031901028940,BGWT,65,44,100.0,609.0,60900.0,2024-03-19
2024031901028939,BGWT,65,48,10.0,609.0,6090.0,2024-03-19
2024031901028938,BGWT,65,14,30.0,608.9,18267.0,2024-03-19
2024031901028937,BGWT,65,49,365.0,607.0,221555.0,2024-03-19
2024031901028936,BGWT,65,58,10.0,607.0,6070.0,2024-03-19
2024031901028935,BGWT,65,28,10.0,607.0,6070.0,2024-03-19
2024031901028934,BGWT,65,19,10.0,606.6,6066.0,2024-03-19
2024031901028933,BGWT,65,21,10.0,606.0,6060.0,2024-03-19
2024031901028932,BGWT,65,52,10.0,606.0,6060.0,2024-03-19
2024031901028931,BGWT,65,58,10.0,605.2,6052.0,2024-03-19
2024031901028930,BGWT,65,34,10.0,605.0,6050.0,2024-03-19
2024031901028929,BGWT,65,42,10.0,605.0,6050.0,2024-03-19
2024031901028928,BGWT,65,58,10.0,605.0,6050.0,2024-03-19
2024031901028927,BGWT,65,52,10.0,605.0,6050.0,2024-03-19
2024031901028926,BGWT,65,17,10.0,605.0,6050.0,2024-03-19
2024031901028925,BGWT,65,57,10.0,605.0,6050.0,2024-03-19
2024031903019108,USLB,52,81,86.0,1640.0,141040.0,2024-03-19
2024031903019107,USLB,52,4,34.0,1640.0,55760.0,2024-03-19
2024031903019106,USLB,52,33,80.0,1639.9,131192.0,2024-03-19
2024031904010303,MEN,58,59,100.0,552.0,55200.0,2024-03-19
2024031904010302,MEN,26,59,200.0,552.0,110400.0,2024-03-19
2024031904010301,MEN,58,59,200.0,553.0,110600.0,2024-03-19
2024031901028924,BNHC,57,57,71.0,516.0,36636.0,2024-03-19
2024031901028923,SONA,49,57,210.0,506.0,106260.0,2024-03-19
2024031901028922,SONA,43,57,90.0,506.8,45612.0,2024-03-19
2024031901028921,MHCL,38,40,15.0,456.0,6840.0,2024-03-19
2024031904010300,KKHC,66,38,200.0,246.5,49300.0,2024-03-19
2024031903019105,HLI,44,38,50.0,414.1,20705.0,2024-03-19
2024031904010299,UPPER,58,14,20.0,180.8,3616.0,2024-03-19
2024031901028920,CYCL,77,43,17.0,1390.1,23631.7,2024-03-19
2024031901028919,CYCL,77,72,13.0,1390.0,18070.0,2024-03-19
2024031901028918,CYCL,77,17,50.0,1390.0,69500.0,2024-03-19
2024031901028917,CYCL,77,17,100.0,1390.0,139000.0,2024-03-19
2024031901028916,CYCL,77,41,100.0,1389.0,138900.0,2024-03-19
2024031901028915,CYCL,77,43,120.0,1389.0,166680.0,2024-03-19
2024031903019104,SJLIC,4,52,160.0,528.5,84560.0,2024-03-19
2024031901028914,GBIME,53,3,14.0,189.0,2646.0,2024-03-19
2024031905004624,KEF,17,49,1100.0,8.14,8954.0,2024-03-19
2024031903019103,GBBL,39,11,48.0,374.0,17952.0,2024-03-19
2024031903019102,GBBL,39,11,77.0,374.0,28798.0,2024-03-19
2024031903019101,GBBL,51,11,50.0,374.1,18705.0,2024-03-19
2024031903019100,RLFL,1,33,100.0,380.0,38000.0,2024-03-19
2024031903019099,RLFL,1,48,200.0,380.0,76000.0,2024-03-19
2024031903019098,RLFL,1,41,800.0,380.0,304000.0,2024-03-19
2024031903019097,RLFL,1,43,200.0,380.0,76000.0,2024-03-19
2024031901028913,SHIVM,69,21,20.0,549.5,10990.0,2024-03-19
2024031901028912,JALPA,59,34,24.0,1262.0,30288.0,2024-03-19
2024031901028911,SNLI,65,34,10.0,622.1,6221.0,2024-03-19
2024031903019096,ALBSL,51,13,110.0,717.1,78881.0,2024-03-19
2024031903019095,ALBSL,53,13,10.0,718.0,7180.0,2024-03-19
2024031901028910,SMJC,13,57,10.0,368.8,3688.0,2024-03-19
2024031903019094,LICN,34,7,10.0,1383.0,13830.0,2024-03-19
2024031901028909,BGWT,65,48,140.0,601.0,84140.0,2024-03-19
2024031901028908,BGWT,58,48,40.0,601.1,24044.0,2024-03-19
2024031901028907,ILI,57,48,41.0,542.2,22230.2,2024-03-19
2024031903019093,SJLIC,45,58,213.0,528.4,112549.2,2024-03-19
2024031903019092,GUFL,58,53,320.0,860.0,275200.0,2024-03-19
2024031904010298,UNHPL,58,63,100.0,239.9,23990.0,2024-03-19
2024031903019091,NICLBSL,58,42,125.0,605.0,75625.0,2024-03-19
2024031904010297,NGPL,58,17,10.0,310.0,3100.0,2024-03-19
2024031905004623,HRL,42,18,100.0,618.0,61800.0,2024-03-19
2024031904010296,API,58,42,127.0,183.7,23329.9,2024-03-19
2024031904010295,API,22,42,300.0,183.8,55140.0,2024-03-19
2024031901028906,SBID89,42,6,30.0,928.0,27840.0,2024-03-19
2024031901028905,SPL,1,42,25.0,660.3,16507.5,2024-03-19
2024031903019090,SAPDBL,19,42,50.0,317.5,15875.0,2024-03-19
2024031903019089,JFL,50,49,1000.0,399.3,399300.0,2024-03-19
2024031901028904,PRVU,36,37,500.0,144.2,72100.0,2024-03-19
2024031901028903,PRVU,55,37,1500.0,144.2,216300.0,2024-03-19
2024031904010294,DHPL,6,57,10.0,202.5,2025.0,2024-03-19
2024031904010293,NHPC,6,58,1000.0,157.0,157000.0,2024-03-19
2024031901028902,BHL,5,45,10.0,347.4,3474.0,2024-03-19
2024031904010292,SHEL,16,13,10.0,207.0,2070.0,2024-03-19
2024031903019088,ICFC,29,29,1343.0,520.9,699568.7,2024-03-19
2024031903019087,ICFC,57,29,200.0,521.0,104200.0,2024-03-19
2024031903019086,ICFC,21,29,100.0,521.0,52100.0,2024-03-19
2024031903019085,ICFC,32,29,500.0,521.1,260550.0,2024-03-19
2024031903019084,ICFC,32,29,35.0,521.1,18238.5,2024-03-19
2024031903019083,ICFC,34,29,500.0,521.2,260600.0,2024-03-19
2024031904010291,NHDL,32,56,12.0,430.1,5161.2,2024-03-19
2024031901028901,SHIVM,59,49,450.0,549.1,247095.0,2024-03-19
2024031901028900,SHIVM,94,49,500.0,549.5,274750.0,2024-03-19
2024031901028899,SHIVM,10,49,50.0,549.5,27475.0,2024-03-19
2024031901028898,NYADI,49,59,100.0,297.9,29790.0,2024-03-19
2024031903019082,GRDBL,88,49,11.0,386.5,4251.5,2024-03-19
2024031905004622,NRIC,45,35,16.0,755.0,12080.0,2024-03-19
2024031905004621,NRIC,71,35,50.0,755.1,37755.0,2024-03-19
2024031903019081,WNLB,35,52,42.0,1099.0,46158.0,2024-03-19
2024031903019080,WNLB,35,46,11.0,1098.5,12083.5,2024-03-19
2024031903019079,WNLB,35,10,50.0,1098.4,54920.0,2024-03-19
2024031903019078,WNLB,35,42,47.0,1098.1,51610.7,2024-03-19
2024031903019077,SADBL,71,36,20.0,312.8,6256.0,2024-03-19
2024031903019076,SADBL,71,14,17.0,310.0,5270.0,2024-03-19
2024031903019075,SWBBL,33,41,40.0,778.0,31120.0,2024-03-19
2024031903019074,SWBBL,33,57,100.0,776.0,77600.0,2024-03-19
2024031903019073,SWBBL,33,81,90.0,768.0,69120.0,2024-03-19
2024031903019072,NUBL,42,39,83.0,650.1,53958.3,2024-03-19
2024031903019071,NUBL,34,39,10.0,650.7,6507.0,2024-03-19
2024031903019070,NUBL,52,39,50.0,651.0,32550.0,2024-03-19
2024031903019069,NUBL,44,39,500.0,651.3,325650.0,2024-03-19
2024031903019068,NUBL,58,39,100.0,652.0,65200.0,2024-03-19
2024031903019067,NUBL,6,39,32.0,652.0,20864.0,2024-03-19
2024031903019066,NUBL,39,39,660.0,654.0,431640.0,2024-03-19
2024031903019065,NUBL,58,39,65.0,654.0,42510.0,2024-03-19
2024031901028897,SGHC,45,65,36.0,312.8,11260.8,2024-03-19
2024031901028896,SGHC,45,65,20.0,312.6,6252.0,2024-03-19
2024031901028895,SGHC,45,19,10.0,312.0,3120.0,2024-03-19
2024031901028894,SGHC,45,58,10.0,312.0,3120.0,2024-03-19
2024031901028893,SGHC,45,6,10.0,310.0,3100.0,2024-03-19
2024031901028892,SONA,43,54,10.0,506.8,5068.0,2024-03-19
2024031903019064,NFS,34,43,390.0,393.0,153270.0,2024-03-19
2024031903019063,NFS,49,43,10.0,394.0,3940.0,2024-03-19
2024031901028891,PHCL,57,43,10.0,325.2,3252.0,2024-03-19
2024031903019062,GILB,62,57,100.0,936.0,93600.0,2024-03-19
2024031901028890,PPL,49,62,355.0,400.0,142000.0,2024-03-19
2024031904010290,CGH,62,45,20.0,830.0,16600.0,2024-03-19
2024031904010289,CGH,32,45,100.0,830.0,83000.0,2024-03-19
2024031901028889,SMJC,54,32,50.0,367.0,18350.0,2024-03-19
2024031904010288,PMHPL,49,7,10.0,248.5,2485.0,2024-03-19
2024031901028888,SONA,49,7,200.0,506.0,101200.0,2024-03-19
2024031903019061,PFL,33,52,69.0,405.9,28007.1,2024-03-19
2024031903019060,GFCL,57,45,155.0,477.5,74012.5,2024-03-19
2024031901028887,NRM,54,38,10.0,397.6,3976.0,2024-03-19
2024031901028886,MKHC,38,22,10.0,294.0,2940.0,2024-03-19
2024031905004620,HRL,38,18,50.0,618.0,30900.0,2024-03-19
2024031901028885,CYCL,66,43,10.0,1389.0,13890.0,2024-03-19
2024031905004619,NIFRA,45,54,700.0,209.5,146650.0,2024-03-19
2024031901028884,PPL,49,4,919.0,400.0,367600.0,2024-03-19
2024031903019059,ICFC,52,17,20.0,522.0,10440.0,2024-03-19
2024031905004618,CIT,26,46,25.0,2122.0,53050.0,2024-03-19
2024031903019058,MPFL,49,67,100.0,386.1,38610.0,2024-03-19
2024031901028883,SONA,49,21,700.0,506.0,354200.0,2024-03-19
2024031901028882,EBL,11,13,176.0,512.6,90217.6,2024-03-19
2024031901028881,EBL,35,13,100.0,512.7,51270.0,2024-03-19
2024031901028880,EBL,1,13,24.0,512.8,12307.2,2024-03-19
2024031903019057,SKBBL,34,62,100.0,855.0,85500.0,2024-03-19
2024031903019056,SKBBL,34,25,250.0,855.0,213750.0,2024-03-19
2024031904010287,JOSHI,57,34,45.0,345.0,15525.0,2024-03-19
2024031901028879,SONA,49,58,590.0,506.0,298540.0,2024-03-19
2024031901028878,SONA,45,58,50.0,506.0,25300.0,2024-03-19
2024031901028877,SONA,56,58,500.0,506.0,253000.0,2024-03-19
2024031901028876,SONA,39,58,10.0,506.0,5060.0,2024-03-19
2024031901028875,SONA,53,58,100.0,506.0,50600.0,2024-03-19
2024031901028874,SONA,21,58,150.0,506.0,75900.0,2024-03-19
2024031901028873,SONA,42,58,100.0,506.5,50650.0,2024-03-19
2024031903019055,KRBL,58,6,500.0,418.0,209000.0,2024-03-19
2024031903019054,KRBL,58,58,221.0,417.1,92179.1,2024-03-19
2024031903019053,KRBL,58,49,880.0,417.0,366960.0,2024-03-19
2024031903019052,KRBL,58,52,1000.0,415.0,415000.0,2024-03-19
2024031903019051,KRBL,58,7,100.0,415.0,41500.0,2024-03-19
2024031903019050,KRBL,58,32,100.0,415.0,41500.0,2024-03-19
2024031903019049,KRBL,58,6,1000.0,415.0,415000.0,2024-03-19
2024031903019048,KRBL,58,22,150.0,414.0,62100.0,2024-03-19
2024031903019047,KRBL,58,6,50.0,413.0,20650.0,2024-03-19
2024031903019046,KRBL,58,39,800.0,412.0,329600.0,2024-03-19
2024031903019045,KRBL,58,42,160.0,412.0,65920.0,2024-03-19
2024031903019044,KRBL,58,42,39.0,410.0,15990.0,2024-03-19
2024031901028872,SONA,42,57,150.0,507.0,76050.0,2024-03-19
2024031901028871,SONA,42,44,150.0,506.8,76020.0,2024-03-19
2024031904010286,BARUN,74,26,322.0,246.1,79244.2,2024-03-19
2024031904010285,BARUN,32,26,10.0,246.1,2461.0,2024-03-19
2024031904010284,BARUN,34,26,48.0,246.2,11817.6,2024-03-19
2024031904010283,BARUN,54,26,20.0,247.5,4950.0,2024-03-19
2024031901028870,TAMOR,22,56,160.0,380.6,60896.0,2024-03-19
2024031903019043,MNBBL,22,49,50.0,362.6,18130.0,2024-03-19
2024031901028869,PRVU,49,13,82.0,145.0,11890.0,2024-03-19
2024031901028868,PRVU,49,21,59.0,145.0,8555.0,2024-03-19
2024031901028867,PRVU,49,25,199.0,145.0,28855.0,2024-03-19
2024031901028866,PRVU,49,22,470.0,144.5,67915.0,2024-03-19
2024031901028865,PRVU,49,50,80.0,144.3,11544.0,2024-03-19
2024031903019042,GUFL,35,53,10.0,860.0,8600.0,2024-03-19
2024031901028864,TPC,35,41,10.0,528.0,5280.0,2024-03-19
2024031904010282,NHDL,33,21,10.0,435.9,4359.0,2024-03-19
2024031904010281,HDHPC,42,45,400.0,140.5,56200.0,2024-03-19
2024031904010280,HDHPC,35,45,100.0,140.6,14060.0,2024-03-19
2024031904010279,AKJCL,45,43,900.0,221.7,199530.0,2024-03-19
2024031904010278,AKJCL,48,43,100.0,221.9,22190.0,2024-03-19
2024031901028863,HATHY,32,7,82.0,879.0,72078.0,2024-03-19
2024031901028862,HATHY,32,57,36.0,878.9,31640.4,2024-03-19
2024031901028861,HATHY,32,29,12.0,878.9,10546.8,2024-03-19
2024031901028860,NYADI,52,59,30.0,297.9,8937.0,2024-03-19
2024031901028859,NYADI,52,57,10.0,297.0,2970.0,2024-03-19
2024031903019041,ICFC,52,29,100.0,522.0,52200.0,2024-03-19
2024031903019040,ICFC,52,58,30.0,522.0,15660.0,2024-03-19
2024031903019039,ICFC,52,49,10.0,522.0,5220.0,2024-03-19
2024031903019038,ICFC,52,38,100.0,522.0,52200.0,2024-03-19
2024031903019037,ICFC,52,54,40.0,522.0,20880.0,2024-03-19
2024031901028858,CYCL,59,59,10.0,1385.9,13859.0,2024-03-19
2024031904010277,SPIL,44,56,100.0,765.0,76500.0,2024-03-19
2024031901028857,ULHC,28,44,10.0,321.0,3210.0,2024-03-19
2024031903019036,GUFL,41,10,10.0,858.0,8580.0,2024-03-19
2024031901028856,KBSH,35,55,10.0,1027.0,10270.0,2024-03-19
2024031901028855,CYCL,77,43,70.0,1389.0,97230.0,2024-03-19
2024031901028854,CYCL,77,77,30.0,1389.0,41670.0,2024-03-19
2024031901028853,CYCL,77,43,100.0,1388.0,138800.0,2024-03-19
2024031901028852,CYCL,77,43,100.0,1387.0,138700.0,2024-03-19
2024031901028851,CYCL,77,65,680.0,1386.0,942480.0,2024-03-19
2024031901028850,CYCL,77,77,20.0,1385.9,27718.0,2024-03-19
2024031904010276,UMRH,57,61,290.0,360.0,104400.0,2024-03-19
2024031904010275,UMRH,34,61,100.0,360.0,36000.0,2024-03-19
2024031904010274,UMRH,32,61,260.0,360.0,93600.0,2024-03-19
2024031903019035,KSBBL,46,29,66.0,367.0,24222.0,2024-03-19
2024031903019034,KSBBL,46,57,34.0,367.0,12478.0,2024-03-19
2024031903019033,NFS,49,41,90.0,394.0,35460.0,2024-03-19
2024031903019032,NFS,7,41,50.0,394.0,19700.0,2024-03-19
2024031901028849,MKCL,42,41,20.0,945.0,18900.0,2024-03-19
2024031901028848,MKCL,29,41,100.0,945.3,94530.0,2024-03-19
2024031901028847,MKCL,29,41,80.0,945.5,75640.0,2024-03-19
2024031901028846,MBJC,18,45,200.0,316.0,63200.0,2024-03-19
2024031901028845,HDL,58,22,13.0,1565.1,20346.3,2024-03-19
2024031904010273,NHPC,58,58,30.0,157.0,4710.0,2024-03-19
2024031901028844,PPL,49,58,10.0,400.0,4000.0,2024-03-19
2024031901028843,MBL,22,17,10.0,183.5,1835.0,2024-03-19
2024031901028842,SONA,22,44,50.0,506.8,25340.0,2024-03-19
2024031904010272,GHL,45,22,688.0,160.5,110424.0,2024-03-19
2024031904010271,GHL,41,22,112.0,160.9,18020.8,2024-03-19
2024031903019031,SWBBL,35,81,500.0,768.0,384000.0,2024-03-19
2024031903019030,SWBBL,10,81,57.0,768.0,43776.0,2024-03-19
2024031901028841,SPHL,63,44,10.0,473.9,4739.0,2024-03-19
2024031901028840,SHIVM,40,19,25.0,550.0,13750.0,2024-03-19
2024031901028839,SHIVM,29,19,500.0,550.0,275000.0,2024-03-19
2024031904010270,SGIC,42,49,20.0,546.0,10920.0,2024-03-19
2024031904010269,SGIC,39,49,10.0,546.0,5460.0,2024-03-19
2024031904010268,SGIC,54,49,10.0,546.0,5460.0,2024-03-19
2024031904010267,SGIC,10,49,20.0,546.0,10920.0,2024-03-19
2024031904010266,UMHL,36,51,300.0,256.0,76800.0,2024-03-19
2024031904010265,UMHL,36,70,442.0,256.0,113152.0,2024-03-19
2024031903019029,GMFIL,36,26,20.0,370.0,7400.0,2024-03-19
2024031905004617,NTC,74,36,30.0,860.0,25800.0,2024-03-19
2024031901028838,GBIME,93,52,100.0,190.0,19000.0,2024-03-19
2024031901028837,SMJC,54,45,90.0,367.0,33030.0,2024-03-19
2024031901028836,SMJC,62,45,100.0,367.1,36710.0,2024-03-19
2024031901028835,SMJC,58,45,810.0,367.1,297351.0,2024-03-19
2024031904010264,UPPER,45,65,100.0,181.0,18100.0,2024-03-19
2024031904010263,UPCL,45,41,300.0,215.0,64500.0,2024-03-19
2024031901028834,LVF2,22,62,100.0,8.07,807.0,2024-03-19
2024031903019028,NICLBSL,62,42,11.0,605.0,6655.0,2024-03-19
2024031901028833,CLI,54,52,10.0,466.0,4660.0,2024-03-19
2024031903019027,SWMF,52,57,23.0,733.9,16879.7,2024-03-19
2024031901028832,SONA,5,44,100.0,506.8,50680.0,2024-03-19
2024031901028831,SONA,21,44,100.0,506.8,50680.0,2024-03-19
2024031901028830,SHLB,57,44,10.0,1035.0,10350.0,2024-03-19
2024031903019026,HLBSL,19,57,100.0,705.1,70510.0,2024-03-19
2024031904010262,SPDL,54,57,190.0,250.0,47500.0,2024-03-19
2024031904010261,SPDL,17,57,19.0,250.0,4750.0,2024-03-19
2024031903019025,MFIL,29,38,40.0,529.0,21160.0,2024-03-19
2024031903019024,MFIL,32,38,110.0,529.0,58190.0,2024-03-19
2024031903019023,MFIL,54,38,185.0,529.0,97865.0,2024-03-19
2024031903019022,MFIL,64,38,694.0,529.0,367126.0,2024-03-19
2024031904010260,SSHL,43,14,20.0,167.0,3340.0,2024-03-19
2024031901028829,PPL,49,66,800.0,400.0,320000.0,2024-03-19
2024031904010259,SHEL,25,13,284.0,207.0,58788.0,2024-03-19
2024031904010258,SHEL,25,7,10.0,207.0,2070.0,2024-03-19
2024031904010257,SHEL,25,45,10.0,207.0,2070.0,2024-03-19
2024031904010256,SHEL,25,28,190.0,206.9,39311.0,2024-03-19
2024031904010255,SHEL,25,7,10.0,206.0,2060.0,2024-03-19
2024031901028828,BEDC,82,1,10.0,357.8,3578.0,2024-03-19
2024031901028827,BEDC,82,17,10.0,355.0,3550.0,2024-03-19
2024031903019021,SJLIC,4,52,20.0,528.5,10570.0,2024-03-19
2024031904010254,UPPER,47,65,704.0,181.0,127424.0,2024-03-19
2024031904010253,UPPER,47,21,296.0,180.9,53546.4,2024-03-19
2024031901028826,SONA,47,57,30.0,507.0,15210.0,2024-03-19
2024031904010252,JOSHI,1,34,500.0,345.9,172950.0,2024-03-19
2024031901028825,SHIVM,1,19,186.0,550.0,102300.0,2024-03-19
2024031901028824,SHIVM,1,35,200.0,550.0,110000.0,2024-03-19
2024031901028823,SHIVM,1,43,154.0,550.0,84700.0,2024-03-19
2024031903019020,NFS,34,41,150.0,393.0,58950.0,2024-03-19
2024031903019019,GBLBS,22,41,10.0,614.0,6140.0,2024-03-19
2024031901028822,AVYAN,95,26,100.0,670.0,67000.0,2024-03-19
2024031901028821,SHIVM,69,43,15.0,550.0,8250.0,2024-03-19
2024031903019018,SINDU,21,88,10.0,363.9,3639.0,2024-03-19
2024031903019017,MPFL,49,51,164.0,386.1,63320.4,2024-03-19
2024031903019016,MPFL,7,51,50.0,386.1,19305.0,2024-03-19
2024031903019015,MPFL,66,51,96.0,386.2,37075.2,2024-03-19
2024031901028820,MKLB,48,34,15.0,849.0,12735.0,2024-03-19
2024031901028819,MKHL,22,34,10.0,378.1,3781.0,2024-03-19
2024031904010251,SICL,34,58,10.0,715.0,7150.0,2024-03-19
2024031901028818,NRM,54,42,250.0,397.6,99400.0,2024-03-19
2024031901028817,NRM,38,42,50.0,399.0,19950.0,2024-03-19
2024031901028816,NRM,62,42,100.0,399.0,39900.0,2024-03-19
2024031901028815,NRM,62,42,1000.0,399.0,399000.0,2024-03-19
2024031901028814,NRM,58,42,10.0,400.0,4000.0,2024-03-19
2024031901028813,NRM,57,42,20.0,400.0,8000.0,2024-03-19
2024031901028812,NRM,25,42,100.0,400.0,40000.0,2024-03-19
2024031901028811,NRM,47,42,10.0,400.0,4000.0,2024-03-19
2024031901028810,SONA,42,57,210.0,507.0,106470.0,2024-03-19
2024031903019014,SADBL,42,14,10.0,310.0,3100.0,2024-03-19
2024031901028809,MEHL,42,95,10.0,300.0,3000.0,2024-03-19
2024031903019013,NFS,42,17,167.0,395.0,65965.0,2024-03-19
2024031903019012,NFS,42,70,150.0,394.6,59190.0,2024-03-19
2024031903019011,NFS,42,33,100.0,394.0,39400.0,2024-03-19
2024031903019010,NFS,42,74,33.0,394.0,13002.0,2024-03-19
2024031903019009,NFS,42,33,50.0,393.5,19675.0,2024-03-19
2024031903019008,HLBSL,50,33,31.0,711.0,22041.0,2024-03-19
2024031903019007,HLBSL,50,17,60.0,711.0,42660.0,2024-03-19
2024031903019006,HLBSL,50,48,20.0,710.0,14200.0,2024-03-19
2024031903019005,HLBSL,50,1,100.0,710.0,71000.0,2024-03-19
2024031903019004,HLBSL,50,57,50.0,709.9,35495.0,2024-03-19
2024031903019003,HLBSL,50,38,50.0,709.0,35450.0,2024-03-19
2024031903019002,HLBSL,50,18,200.0,709.0,141800.0,2024-03-19
2024031903019001,HLBSL,50,49,150.0,708.9,106335.0,2024-03-19
2024031903019000,HLBSL,50,45,100.0,708.8,70880.0,2024-03-19
2024031903018999,HLBSL,50,58,13.0,708.0,9204.0,2024-03-19
2024031903018998,HLBSL,50,34,16.0,708.0,11328.0,2024-03-19
2024031903018997,HLBSL,50,57,60.0,708.0,42480.0,2024-03-19
2024031903018996,HLBSL,50,38,50.0,707.0,35350.0,2024-03-19
2024031903018995,HLBSL,50,38,100.0,706.0,70600.0,2024-03-19
2024031901028808,NYADI,58,35,35.0,297.0,10395.0,2024-03-19
2024031901028807,TAMOR,22,58,100.0,380.6,38060.0,2024-03-19
2024031901028806,MEL,58,54,48.0,224.0,10752.0,2024-03-19
2024031901028805,MEL,58,32,10.0,224.0,2240.0,2024-03-19
2024031901028804,MEL,58,35,10.0,224.0,2240.0,2024-03-19
2024031901028803,MEL,58,25,10.0,224.0,2240.0,2024-03-19
2024031901028802,MEL,58,25,101.0,224.0,22624.0,2024-03-19
2024031901028801,MEL,58,14,10.0,224.0,2240.0,2024-03-19
2024031901028800,MEL,58,52,10.0,224.0,2240.0,2024-03-19
2024031901028799,MEL,58,39,10.0,224.0,2240.0,2024-03-19
2024031901028798,MEL,58,58,10.0,224.0,2240.0,2024-03-19
2024031901028797,MEL,58,19,10.0,224.0,2240.0,2024-03-19
2024031901028796,MEL,58,16,10.0,224.0,2240.0,2024-03-19
2024031901028795,MEL,58,3,10.0,224.0,2240.0,2024-03-19
2024031901028794,MEL,58,14,10.0,224.0,2240.0,2024-03-19
2024031901028793,MEL,58,57,10.0,224.0,2240.0,2024-03-19
2024031901028792,MEL,58,58,10.0,224.0,2240.0,2024-03-19
2024031901028791,MEL,58,58,10.0,224.0,2240.0,2024-03-19
2024031901028790,MEL,58,49,10.0,224.0,2240.0,2024-03-19
2024031901028789,MEL,58,57,100.0,224.0,22400.0,2024-03-19
2024031901028788,MEL,58,41,10.0,224.0,2240.0,2024-03-19
2024031901028787,MEL,58,36,10.0,224.0,2240.0,2024-03-19
2024031901028786,MEL,58,45,10.0,224.0,2240.0,2024-03-19
2024031901028785,MEL,58,46,10.0,224.0,2240.0,2024-03-19
2024031901028784,MEL,58,49,200.0,223.8,44760.0,2024-03-19
2024031901028783,MEL,58,38,10.0,223.0,2230.0,2024-03-19
2024031901028782,MEL,58,38,10.0,223.0,2230.0,2024-03-19
2024031901028781,MEL,58,58,10.0,223.0,2230.0,2024-03-19
2024031901028780,MEL,58,18,31.0,223.0,6913.0,2024-03-19
2024031901028779,MEL,58,49,10.0,222.5,2225.0,2024-03-19
2024031901028778,MEL,58,55,10.0,222.0,2220.0,2024-03-19
2024031901028777,MEL,58,38,280.0,222.0,62160.0,2024-03-19
2024031903018994,MNBBL,22,35,100.0,362.6,36260.0,2024-03-19
2024031905004616,HRL,1,26,20.0,617.0,12340.0,2024-03-19
2024031904010250,SICL,33,56,85.0,710.1,60358.5,2024-03-19
2024031904010249,SICL,57,56,15.0,710.5,10657.5,2024-03-19
2024031901028776,RFPL,62,19,30.0,378.0,11340.0,2024-03-19
2024031903018993,SFCL,17,35,75.0,329.0,24675.0,2024-03-19
2024031903018992,SFCL,25,35,300.0,329.0,98700.0,2024-03-19
2024031903018991,SFCL,21,35,25.0,329.0,8225.0,2024-03-19
2024031903018990,SFCL,74,35,300.0,329.4,98820.0,2024-03-19
2024031903018989,SFCL,49,35,100.0,329.5,32950.0,2024-03-19
2024031904010248,IGI,36,32,10.0,544.0,5440.0,2024-03-19
2024031901028775,TSHL,33,32,10.0,489.0,4890.0,2024-03-19
2024031901028774,CLI,54,45,10.0,466.0,4660.0,2024-03-19
2024031904010247,IGI,16,45,55.0,542.3,29826.5,2024-03-19
2024031904010246,IGI,25,45,10.0,542.5,5425.0,2024-03-19
2024031904010245,IGI,7,45,100.0,542.5,54250.0,2024-03-19
2024031904010244,IGI,62,45,35.0,542.8,18998.0,2024-03-19
2024031901028773,DOLTI,43,71,480.0,387.0,185760.0,2024-03-19
2024031901028772,DOLTI,43,28,20.0,386.0,7720.0,2024-03-19
2024031903018988,GUFL,3,53,170.0,860.0,146200.0,2024-03-19
2024031901028771,HDL,58,57,10.0,1565.1,15651.0,2024-03-19
2024031901028770,HDL,48,57,20.0,1565.3,31306.0,2024-03-19
2024031901028769,HDL,36,38,30.0,1565.3,46959.0,2024-03-19
2024031903018987,NABBC,58,38,300.0,433.3,129990.0,2024-03-19
2024031901028768,SHIVM,38,43,10.0,550.0,5500.0,2024-03-19
2024031901028767,MEHL,57,38,10.0,298.0,2980.0,2024-03-19
2024031903018986,MNBBL,49,14,122.0,362.4,44212.8,2024-03-19
2024031903018985,MNBBL,47,14,38.0,362.4,13771.2,2024-03-19
2024031903018984,MNBBL,45,14,100.0,362.5,36250.0,2024-03-19
2024031903018983,ICFC,66,54,10.0,522.0,5220.0,2024-03-19
2024031903018982,ICFC,66,40,480.0,522.0,250560.0,2024-03-19
2024031903018981,ICFC,66,3,10.0,522.0,5220.0,2024-03-19
2024031905004615,HRL,25,18,110.0,618.0,67980.0,2024-03-19
2024031903018980,CFCL,25,49,312.0,360.0,112320.0,2024-03-19
2024031903018979,CFCL,25,21,107.0,360.0,38520.0,2024-03-19
2024031903018978,CFCL,25,67,230.0,360.0,82800.0,2024-03-19
2024031903018977,CFCL,25,25,80.0,359.9,28792.0,2024-03-19
2024031903018976,CFCL,25,47,50.0,359.8,17990.0,2024-03-19
2024031903018975,CFCL,25,48,100.0,359.0,35900.0,2024-03-19
2024031903018974,CFCL,25,21,121.0,359.0,43439.0,2024-03-19
2024031901028766,CKHL,44,25,10.0,600.1,6001.0,2024-03-19
2024031901028765,CKHL,42,25,10.0,601.3,6013.0,2024-03-19
2024031901028764,CKHL,6,25,150.0,602.0,90300.0,2024-03-19
2024031901028763,CKHL,19,25,50.0,602.0,30100.0,2024-03-19
2024031901028762,CKHL,4,25,50.0,602.1,30105.0,2024-03-19
2024031901028761,CKHL,42,25,20.0,603.0,12060.0,2024-03-19
2024031901028760,CKHL,41,25,10.0,604.0,6040.0,2024-03-19
2024031901028759,CKHL,57,25,200.0,605.0,121000.0,2024-03-19
2024031901028758,MKCL,29,4,10.0,945.5,9455.0,2024-03-19
2024031901028757,NRM,47,4,40.0,400.0,16000.0,2024-03-19
2024031903018973,GUFL,3,4,120.0,860.0,103200.0,2024-03-19
2024031903018972,GUFL,3,58,20.0,860.0,17200.0,2024-03-19
2024031903018971,GUFL,3,55,180.0,860.0,154800.0,2024-03-19
2024031901028756,MEL,17,38,100.0,222.0,22200.0,2024-03-19
2024031903018970,GBLBS,17,35,100.0,615.0,61500.0,2024-03-19
2024031903018969,GBLBS,17,51,100.0,615.0,61500.0,2024-03-19
2024031903018968,GBLBS,17,32,50.0,615.0,30750.0,2024-03-19
2024031903018967,PMLI,91,21,10.0,542.0,5420.0,2024-03-19
2024031904010243,AKJCL,36,41,350.0,222.0,77700.0,2024-03-19
2024031904010242,AKJCL,58,41,10.0,222.0,2220.0,2024-03-19
2024031904010241,AKJCL,44,41,201.0,222.0,44622.0,2024-03-19
2024031904010240,HDHPC,59,21,200.0,140.8,28160.0,2024-03-19
2024031904010239,HDHPC,45,21,55.0,140.8,7744.0,2024-03-19
2024031901028755,SCB,55,51,50.0,523.0,26150.0,2024-03-19
2024031901028754,SHLB,88,42,10.0,1035.0,10350.0,2024-03-19
2024031904010238,HDHPC,45,50,75.0,140.8,10560.0,2024-03-19
2024031904010237,NICL,44,34,10.0,849.3,8493.0,2024-03-19
2024031901028753,NMB,34,37,50.0,188.0,9400.0,2024-03-19
2024031903018966,SHINE,1,34,38.0,373.3,14185.4,2024-03-19
2024031903018965,SHINE,51,34,100.0,373.3,37330.0,2024-03-19
2024031903018964,GMFIL,72,26,100.0,370.1,37010.0,2024-03-19
2024031903018963,GMFIL,58,26,100.0,370.1,37010.0,2024-03-19
2024031903018962,GMFIL,72,26,100.0,370.2,37020.0,2024-03-19
2024031905004614,CIT,26,13,13.0,2122.0,27586.0,2024-03-19
2024031905004613,CIT,26,57,20.0,2122.0,42440.0,2024-03-19
2024031901028752,JBLB,41,58,10.0,1352.0,13520.0,2024-03-19
2024031901028751,GBIME,56,52,263.0,190.0,49970.0,2024-03-19
2024031901028750,GBIME,56,29,212.0,190.0,40280.0,2024-03-19
2024031901028749,GBIME,56,49,50.0,190.0,9500.0,2024-03-19
2024031901028748,GBIME,56,45,200.0,190.0,38000.0,2024-03-19
2024031901028747,GBIME,56,58,37.0,190.0,7030.0,2024-03-19
2024031901028746,GBIME,56,82,50.0,190.0,9500.0,2024-03-19
2024031901028745,GBIME,56,58,113.0,190.0,21470.0,2024-03-19
2024031901028744,GBIME,56,49,25.0,190.0,4750.0,2024-03-19
2024031901028743,GBIME,56,41,50.0,190.0,9500.0,2024-03-19
2024031901028742,GBIME,56,43,50.0,189.0,9450.0,2024-03-19
2024031901028741,MHCL,22,40,49.0,456.0,22344.0,2024-03-19
2024031901028740,KDL,47,29,11.0,797.1,8768.1,2024-03-19
2024031901028739,KDL,47,29,20.0,797.3,15946.0,2024-03-19
2024031901028738,KDL,47,29,20.0,797.4,15948.0,2024-03-19
2024031901028737,KDL,47,29,20.0,797.5,15950.0,2024-03-19
2024031903018961,GLBSL,57,28,50.0,1284.0,64200.0,2024-03-19
2024031901028736,SAHAS,35,34,10.0,533.9,5339.0,2024-03-19
2024031901028735,SAHAS,35,6,10.0,533.0,5330.0,2024-03-19
2024031903018960,GILB,35,45,10.0,935.0,9350.0,2024-03-19
2024031904010236,TRH,43,49,15.0,778.4,11676.0,2024-03-19
2024031904010235,TRH,43,49,10.0,780.4,7804.0,2024-03-19
2024031903018959,NMBMF,49,14,10.0,565.0,5650.0,2024-03-19
2024031901028734,CITY,39,51,15.0,609.0,9135.0,2024-03-19
2024031901028733,CITY,39,58,35.0,607.0,21245.0,2024-03-19
2024031901028732,SHIVM,39,43,70.0,550.0,38500.0,2024-03-19
2024031901028731,SHIVM,39,38,50.0,550.0,27500.0,2024-03-19
2024031901028730,PPL,49,39,200.0,400.0,80000.0,2024-03-19
2024031904010234,SPDL,45,34,50.0,250.1,12505.0,2024-03-19
2024031904010233,CGH,38,45,10.0,830.0,8300.0,2024-03-19
2024031904010232,CGH,46,45,200.0,830.0,166000.0,2024-03-19
2024031904010231,CGH,14,45,190.0,830.0,157700.0,2024-03-19
2024031901028729,MKCL,45,48,60.0,950.0,57000.0,2024-03-19
2024031901028728,MKCL,45,34,40.0,949.9,37996.0,2024-03-19
2024031901028727,NWCL,62,42,40.0,765.0,30600.0,2024-03-19
2024031901028726,VLUCL,29,7,330.0,518.4,171072.0,2024-03-19
2024031901028725,VLUCL,39,7,70.0,518.5,36295.0,2024-03-19
2024031905004612,HIDCL,44,7,100.0,177.3,17730.0,2024-03-19
2024031901028724,HHL,52,37,10.0,337.9,3379.0,2024-03-19
2024031901028723,HHL,49,52,300.0,336.0,100800.0,2024-03-19
2024031903018958,VLBS,59,19,23.0,677.1,15573.3,2024-03-19
2024031904010230,API,58,38,18.0,183.7,3306.6,2024-03-19
2024031901028722,PPL,49,14,570.0,400.0,228000.0,2024-03-19
2024031901028721,SHIVM,44,38,112.0,549.0,61488.0,2024-03-19
2024031901028720,SHIVM,5,38,10.0,549.0,5490.0,2024-03-19
2024031901028719,SHIVM,56,38,144.0,549.0,79056.0,2024-03-19
2024031901028718,SHIVM,49,38,350.0,549.1,192185.0,2024-03-19
2024031904010229,UPPER,54,21,200.0,180.9,36180.0,2024-03-19
2024031905004611,NRN,6,61,403.0,553.0,222859.0,2024-03-19
2024031901028717,MHCL,22,17,51.0,456.0,23256.0,2024-03-19
2024031901028716,MHCL,33,17,600.0,456.0,273600.0,2024-03-19
2024031903018957,MDB,39,41,4000.0,425.6,1702400.0,2024-03-19
2024031901028715,SHLB,88,18,10.0,1033.7,10337.0,2024-03-19
2024031901028714,USHEC,40,21,1814.0,360.0,653040.0,2024-03-19
2024031901028713,USHEC,37,21,10.0,360.0,3600.0,2024-03-19
2024031901028712,USHEC,44,21,72.0,360.3,25941.6,2024-03-19
2024031901028711,USHEC,53,21,714.0,361.0,257754.0,2024-03-19
2024031901028710,PPL,48,21,20.0,400.1,8002.0,2024-03-19
2024031904010228,LEC,38,48,309.0,187.0,57783.0,2024-03-19
2024031904010227,LEC,7,48,50.0,187.0,9350.0,2024-03-19
2024031901028709,JALPA,59,51,10.0,1262.0,12620.0,2024-03-19
2024031903018956,JFL,22,88,33.0,398.0,13134.0,2024-03-19
2024031903018955,JFL,41,88,200.0,398.4,79680.0,2024-03-19
2024031903018954,JFL,17,88,11.0,398.4,4382.4,2024-03-19
2024031903018953,JFL,34,88,20.0,398.5,7970.0,2024-03-19
2024031903018952,JFL,52,88,100.0,398.5,39850.0,2024-03-19
2024031903018951,JFL,32,88,100.0,399.0,39900.0,2024-03-19
2024031903018950,JFL,44,88,200.0,399.0,79800.0,2024-03-19
2024031903018949,JFL,50,88,336.0,399.1,134097.6,2024-03-19
2024031903018948,ALICL,51,88,62.0,578.0,35836.0,2024-03-19
2024031903018947,NICLBSL,57,42,73.0,605.0,44165.0,2024-03-19
2024031901028708,PPL,49,22,160.0,400.0,64000.0,2024-03-19
2024031903018946,JSLBB,42,34,10.0,1036.0,10360.0,2024-03-19
2024031901028707,MEL,34,38,20.0,222.0,4440.0,2024-03-19
2024031901028706,MEL,34,54,10.0,222.0,2220.0,2024-03-19
2024031901028705,VLUCL,39,34,10.0,518.5,5185.0,2024-03-19
2024031903018945,NLICL,34,34,10.0,569.0,5690.0,2024-03-19
2024031904010226,UPPER,6,21,27.0,180.9,4884.3,2024-03-19
2024031903018944,MPFL,6,67,65.0,387.0,25155.0,2024-03-19
2024031901028704,CYCL,77,58,10.0,1384.0,13840.0,2024-03-19
2024031901028703,SONA,56,57,100.0,507.0,50700.0,2024-03-19
2024031904010225,HURJA,38,29,20.0,295.0,5900.0,2024-03-19
2024031904010224,NGPL,8,35,198.0,306.8,60746.4,2024-03-19
2024031904010223,NGPL,66,35,1455.0,306.8,446394.0,2024-03-19
2024031903018943,KMCDB,33,46,30.0,825.0,24750.0,2024-03-19
2024031903018942,GUFL,41,39,50.0,858.0,42900.0,2024-03-19
2024031905004610,SMATA,45,10,10.0,705.0,7050.0,2024-03-19
2024031904010222,AHPC,58,45,190.0,181.6,34504.0,2024-03-19
2024031904010221,AHPC,21,45,100.0,181.6,18160.0,2024-03-19
2024031903018941,CBBL,43,43,50.0,866.0,43300.0,2024-03-19
2024031903018940,CBBL,25,43,200.0,866.0,173200.0,2024-03-19
2024031904010220,GHL,41,53,200.0,160.9,32180.0,2024-03-19
2024031901028702,MHCL,33,32,300.0,456.0,136800.0,2024-03-19
2024031904010219,KKHC,66,52,50.0,246.5,12325.0,2024-03-19
2024031903018939,SJLIC,5,52,20.0,529.0,10580.0,2024-03-19
2024031904010218,UMHL,44,70,200.0,256.0,51200.0,2024-03-19
2024031903018938,NICLBSL,57,55,227.0,605.0,137335.0,2024-03-19
2024031903018937,NICLBSL,43,55,273.0,605.0,165165.0,2024-03-19
2024031901028701,SONA,58,57,30.0,507.0,15210.0,2024-03-19
2024031901028700,SONA,41,57,300.0,507.0,152100.0,2024-03-19
2024031901028699,SONA,11,57,340.0,507.0,172380.0,2024-03-19
2024031901028698,SONA,34,57,200.0,507.0,101400.0,2024-03-19
2024031901028697,SONA,38,57,200.0,507.0,101400.0,2024-03-19
2024031901028696,SONA,90,57,50.0,507.0,25350.0,2024-03-19
2024031901028695,SONA,46,57,500.0,507.0,253500.0,2024-03-19
2024031901028694,SONA,66,57,240.0,507.0,121680.0,2024-03-19
2024031901028693,SONA,14,57,150.0,507.1,76065.0,2024-03-19
2024031905004609,NIFRA,45,57,64.0,209.5,13408.0,2024-03-19
2024031901028692,SONA,14,57,50.0,507.1,25355.0,2024-03-19
2024031904010217,UMHL,74,38,14.0,255.0,3570.0,2024-03-19
2024031904010216,UMHL,4,38,500.0,255.0,127500.0,2024-03-19
2024031904010215,UMHL,16,38,86.0,255.0,21930.0,2024-03-19
2024031901028691,SHIVM,40,38,50.0,550.0,27500.0,2024-03-19
2024031904010214,BARUN,54,8,180.0,247.5,44550.0,2024-03-19
2024031904010213,SHEL,46,28,10.0,206.9,2069.0,2024-03-19
2024031901028690,SNLI,62,1,318.0,622.0,197796.0,2024-03-19
2024031901028689,SNLI,41,1,182.0,622.0,113204.0,2024-03-19
2024031901028688,PPL,41,21,10.0,400.1,4001.0,2024-03-19
2024031903018936,PROFL,48,5,45.0,330.0,14850.0,2024-03-19
2024031903018935,PROFL,48,6,90.0,329.0,29610.0,2024-03-19
2024031903018934,PROFL,48,32,10.0,329.0,3290.0,2024-03-19
2024031905004608,SMATA,88,10,20.0,705.0,14100.0,2024-03-19
2024031901028687,SHLB,88,58,10.0,1033.9,10339.0,2024-03-19
2024031903018933,ICFC,51,3,250.0,522.0,130500.0,2024-03-19
2024031905004607,HRL,42,18,50.0,618.0,30900.0,2024-03-19
2024031904010212,CHCL,58,26,22.0,467.0,10274.0,2024-03-19
2024031904010211,CHCL,17,26,40.0,467.0,18680.0,2024-03-19
2024031904010210,CHCL,17,26,50.0,467.1,23355.0,2024-03-19
2024031904010209,CHCL,57,26,200.0,467.1,93420.0,2024-03-19
2024031904010208,SPDL,17,34,814.0,250.0,203500.0,2024-03-19
2024031903018932,GBLBS,1,22,100.0,614.7,61470.0,2024-03-19
2024031901028686,PHCL,57,37,40.0,325.2,13008.0,2024-03-19
2024031901028685,PHCL,48,37,10.0,325.2,3252.0,2024-03-19
2024031901028684,PHCL,10,37,100.0,325.5,32550.0,2024-03-19
2024031901028683,PHCL,41,37,20.0,328.0,6560.0,2024-03-19
2024031901028682,PHCL,70,37,180.0,329.0,59220.0,2024-03-19
2024031903018931,MLBL,34,42,10.0,337.0,3370.0,2024-03-19
2024031901028681,MBL,88,34,500.0,182.4,91200.0,2024-03-19
2024031901028680,HHL,5,37,10.0,337.9,3379.0,2024-03-19
2024031901028679,SNLI,41,6,500.0,622.0,311000.0,2024-03-19
2024031903018930,GUFL,8,55,10.0,860.0,8600.0,2024-03-19
2024031901028678,PPL,49,8,200.0,400.0,80000.0,2024-03-19
2024031903018929,GUFL,41,16,100.0,858.0,85800.0,2024-03-19
2024031901028677,MHCL,33,58,100.0,456.0,45600.0,2024-03-19
2024031901028676,MANDU,65,19,50.0,700.0,35000.0,2024-03-19
2024031904010207,IGI,62,28,110.0,542.8,59708.0,2024-03-19
2024031904010206,IGI,6,28,60.0,543.0,32580.0,2024-03-19
2024031903018928,NLIC,49,36,21.0,609.1,12791.1,2024-03-19
2024031903018927,NLIC,21,36,100.0,609.1,60910.0,2024-03-19
2024031903018926,NLIC,57,36,10.0,609.2,6092.0,2024-03-19
2024031903018925,NLIC,34,36,100.0,609.2,60920.0,2024-03-19
2024031903018924,CFCL,36,21,100.0,359.0,35900.0,2024-03-19
2024031904010205,NGPL,36,26,11.0,309.9,3408.9,2024-03-19
2024031904010204,NGPL,36,44,100.0,308.9,30890.0,2024-03-19
2024031903018923,CBBL,35,51,100.0,869.0,86900.0,2024-03-19
2024031903018922,CBBL,35,57,50.0,869.0,43450.0,2024-03-19
2024031903018921,MFIL,64,49,60.0,529.0,31740.0,2024-03-19
2024031903018920,MFIL,41,49,40.0,529.1,21164.0,2024-03-19
2024031904010203,SJCL,45,35,40.0,284.0,11360.0,2024-03-19
2024031904010202,NHPC,49,58,100.0,157.0,15700.0,2024-03-19
2024031904010201,NHPC,22,58,50.0,157.0,7850.0,2024-03-19
2024031904010200,NHPC,16,58,3000.0,157.0,471000.0,2024-03-19
2024031904010199,NHPC,59,58,500.0,157.0,78500.0,2024-03-19
2024031904010198,NHPC,55,58,1000.0,157.0,157000.0,2024-03-19
2024031904010197,NHPC,48,58,150.0,157.0,23550.0,2024-03-19
2024031904010196,NHPC,32,58,500.0,157.0,78500.0,2024-03-19
2024031904010195,NHPC,45,58,122.0,157.0,19154.0,2024-03-19
2024031904010194,NHPC,49,58,106.0,157.0,16642.0,2024-03-19
2024031904010193,NHPC,4,58,200.0,157.0,31400.0,2024-03-19
2024031904010192,NHPC,49,58,30.0,157.0,4710.0,2024-03-19
2024031904010191,NHPC,14,58,40.0,157.0,6280.0,2024-03-19
2024031904010190,NHPC,58,58,20.0,157.0,3140.0,2024-03-19
2024031904010189,NHPC,17,58,300.0,157.0,47100.0,2024-03-19
2024031904010188,NHPC,57,58,250.0,157.1,39275.0,2024-03-19
2024031904010187,NHPC,52,58,100.0,157.2,15720.0,2024-03-19
2024031904010186,NHPC,28,58,150.0,157.2,23580.0,2024-03-19
2024031904010185,NHPC,13,58,15.0,157.2,2358.0,2024-03-19
2024031904010184,NHPC,50,58,200.0,157.2,31440.0,2024-03-19
2024031904010183,NHPC,51,58,11.0,157.2,1729.2,2024-03-19
2024031904010182,NHPC,34,58,30.0,157.2,4716.0,2024-03-19
2024031904010181,NHPC,8,58,500.0,157.2,78600.0,2024-03-19
2024031904010180,NHPC,56,58,389.0,157.3,61189.7,2024-03-19
2024031901028675,RNLI,58,4,10.0,450.0,4500.0,2024-03-19
2024031901028674,RNLI,58,58,10.0,450.0,4500.0,2024-03-19
2024031904010179,UPPER,58,21,40.0,180.9,7236.0,2024-03-19
2024031903018919,NFS,34,43,295.0,393.0,115935.0,2024-03-19
2024031903018918,NFS,41,43,100.0,393.0,39300.0,2024-03-19
2024031903018917,NFS,32,43,50.0,393.0,19650.0,2024-03-19
2024031903018916,NFS,64,43,55.0,393.2,21626.0,2024-03-19
2024031905004606,SMATA,94,44,22.0,692.0,15224.0,2024-03-19
2024031901028673,SONA,14,44,800.0,507.1,405680.0,2024-03-19
2024031901028672,KBL,49,55,136.0,141.3,19216.8,2024-03-19
2024031901028671,KBL,34,55,80.0,141.4,11312.0,2024-03-19
2024031903018915,GUFL,13,55,10.0,860.0,8600.0,2024-03-19
2024031903018914,SWBBL,10,57,13.0,768.0,9984.0,2024-03-19
2024031904010178,AKPL,57,45,200.0,183.0,36600.0,2024-03-19
2024031901028670,NICA,44,38,47.0,417.2,19608.4,2024-03-19
2024031901028669,NICA,52,38,68.0,417.3,28376.4,2024-03-19
2024031901028668,NICA,6,38,30.0,418.0,12540.0,2024-03-19
2024031901028667,NICA,35,38,15.0,418.0,6270.0,2024-03-19
2024031901028666,NBL,52,38,219.0,222.5,48727.5,2024-03-19
2024031903018913,PROFL,49,38,20.0,328.0,6560.0,2024-03-19
2024031903018912,PROFL,34,38,20.0,328.0,6560.0,2024-03-19
2024031903018911,PROFL,54,38,60.0,328.1,19686.0,2024-03-19
2024031901028665,SNLI,41,38,10.0,622.0,6220.0,2024-03-19
2024031901028664,SHIVM,49,38,150.0,549.1,82365.0,2024-03-19
2024031901028663,SHIVM,8,38,50.0,549.2,27460.0,2024-03-19
2024031901028662,SHIVM,7,38,200.0,549.3,109860.0,2024-03-19
2024031901028661,SHIVM,35,38,100.0,549.3,54930.0,2024-03-19
2024031901028660,SHIVM,33,38,107.0,549.5,58796.5,2024-03-19
2024031901028659,SHIVM,25,38,10.0,550.0,5500.0,2024-03-19
2024031901028658,SHIVM,4,38,383.0,550.0,210650.0,2024-03-19
2024031901028657,CYCL,66,77,10.0,1385.9,13859.0,2024-03-19
2024031901028656,DORDI,77,40,10.0,427.0,4270.0,2024-03-19
2024031901028655,DORDI,77,56,10.0,427.0,4270.0,2024-03-19
2024031901028654,DORDI,77,45,20.0,427.0,8540.0,2024-03-19
2024031901028653,DORDI,77,32,10.0,426.0,4260.0,2024-03-19
2024031901028652,DORDI,77,45,10.0,426.0,4260.0,2024-03-19
2024031901028651,DORDI,77,34,10.0,426.0,4260.0,2024-03-19
2024031901028650,DORDI,77,33,33.0,425.5,14041.5,2024-03-19
2024031901028649,SHIVM,4,25,69.0,550.0,37950.0,2024-03-19
2024031901028648,SHIVM,4,29,48.0,550.0,26400.0,2024-03-19
2024031901028647,LSL,49,47,351.0,162.8,57142.8,2024-03-19
2024031901028646,LSL,58,47,120.0,162.8,19536.0,2024-03-19
2024031901028645,LSL,62,47,10.0,162.9,1629.0,2024-03-19
2024031901028644,LSL,44,47,619.0,163.0,100897.0,2024-03-19
2024031903018910,GILB,47,32,100.0,935.0,93500.0,2024-03-19
2024031903018909,ILBS,17,13,34.0,900.0,30600.0,2024-03-19
2024031903018908,ILBS,17,37,25.0,900.0,22500.0,2024-03-19
2024031903018907,ILBS,17,56,103.0,900.0,92700.0,2024-03-19
2024031903018906,ILBS,17,6,38.0,899.9,34196.2,2024-03-19
2024031903018905,KSBBL,46,57,13.0,367.0,4771.0,2024-03-19
2024031904010177,UNHPL,46,58,3000.0,240.0,720000.0,2024-03-19
2024031901028643,SONA,66,1,30.0,507.0,15210.0,2024-03-19
2024031904010176,NICL,44,1,50.0,849.3,42465.0,2024-03-19
2024031904010175,GHL,41,22,1788.0,160.8,287510.4,2024-03-19
2024031901028642,SHIVM,69,29,100.0,550.0,55000.0,2024-03-19
2024031901028641,SHIVM,69,29,10.0,550.0,5500.0,2024-03-19
2024031901028640,MEHL,57,18,160.0,298.0,47680.0,2024-03-19
2024031901028639,MEHL,58,18,240.0,298.0,71520.0,2024-03-19
2024031905004605,HRL,49,18,20.0,618.0,12360.0,2024-03-19
2024031905004604,HRL,58,18,133.0,618.3,82233.9,2024-03-19
2024031903018904,SINDU,21,88,10.0,363.9,3639.0,2024-03-19
2024031901028638,SHIVM,33,48,14.0,549.5,7693.0,2024-03-19
2024031901028637,SHIVM,59,48,100.0,549.6,54960.0,2024-03-19
2024031901028636,IHL,88,34,10.0,363.9,3639.0,2024-03-19
2024031901028635,MEHL,26,44,40.0,299.9,11996.0,2024-03-19
2024031901028634,MEHL,26,57,10.0,299.9,2999.0,2024-03-19
2024031901028633,AVYAN,57,26,100.0,670.0,67000.0,2024-03-19
2024031904010174,SSHL,43,70,300.0,167.0,50100.0,2024-03-19
2024031903018903,SWBBL,22,81,17.0,769.0,13073.0,2024-03-19
2024031904010173,CGH,14,22,10.0,830.0,8300.0,2024-03-19
2024031901028632,NIMB,55,34,24.0,165.0,3960.0,2024-03-19
2024031901028631,NIMB,54,34,50.0,165.0,8250.0,2024-03-19
2024031901028630,NIMB,4,34,100.0,165.0,16500.0,2024-03-19
2024031901028629,NIMB,52,34,10.0,165.0,1650.0,2024-03-19
2024031901028628,NIMB,14,34,415.0,165.0,68475.0,2024-03-19
2024031901028627,NIMB,49,34,100.0,165.1,16510.0,2024-03-19
2024031901028626,JBLB,57,34,30.0,1352.0,40560.0,2024-03-19
2024031903018902,GUFL,41,6,140.0,858.0,120120.0,2024-03-19
2024031903018901,GUFL,25,6,200.0,860.0,172000.0,2024-03-19
2024031903018900,GUFL,26,6,160.0,860.0,137600.0,2024-03-19
2024031901028625,KBL,34,4,270.0,141.4,38178.0,2024-03-19
2024031901028624,RHGCL,16,42,10.0,301.0,3010.0,2024-03-19
2024031901028623,SONA,19,26,500.0,508.0,254000.0,2024-03-19
2024031901028622,SONA,19,19,500.0,508.0,254000.0,2024-03-19
2024031901028621,SONA,36,19,100.0,508.0,50800.0,2024-03-19
2024031901028620,SONA,36,66,400.0,508.0,203200.0,2024-03-19
2024031901028619,GCIL,42,36,200.0,542.1,108420.0,2024-03-19
2024031901028618,GCIL,41,36,100.0,542.1,54210.0,2024-03-19
2024031903018899,MLBBL,49,44,10.0,928.0,9280.0,2024-03-19
2024031903018898,MLBBL,49,74,10.0,927.7,9277.0,2024-03-19
2024031901028617,PPL,49,49,50.0,400.0,20000.0,2024-03-19
2024031904010172,NHDL,33,21,10.0,435.9,4359.0,2024-03-19
2024031904010171,DHPL,6,58,38.0,200.0,7600.0,2024-03-19
2024031903018897,EDBL,45,58,10.0,373.0,3730.0,2024-03-19
2024031901028616,HDL,45,25,17.0,1568.0,26656.0,2024-03-19
2024031901028615,HDL,45,57,33.0,1568.0,51744.0,2024-03-19
2024031903018896,ALBSL,53,45,14.0,718.0,10052.0,2024-03-19
2024031903018895,KRBL,58,42,40.0,412.0,16480.0,2024-03-19
2024031903018894,KRBL,58,49,200.0,412.0,82400.0,2024-03-19
2024031903018893,KRBL,58,42,200.0,411.0,82200.0,2024-03-19
2024031903018892,KRBL,58,32,20.0,410.9,8218.0,2024-03-19
2024031903018891,KRBL,58,42,200.0,410.5,82100.0,2024-03-19
2024031903018890,KRBL,58,58,3000.0,410.0,1230000.0,2024-03-19
2024031903018889,KRBL,58,40,449.0,410.0,184090.0,2024-03-19
2024031903018888,KRBL,58,58,101.0,410.0,41410.0,2024-03-19
2024031903018887,KRBL,58,37,670.0,409.0,274030.0,2024-03-19
2024031903018886,KRBL,58,21,100.0,408.5,40850.0,2024-03-19
2024031903018885,KRBL,58,58,20.0,408.0,8160.0,2024-03-19
2024031901028614,PRVU,55,43,500.0,144.2,72100.0,2024-03-19
2024031901028613,PRVU,16,43,500.0,144.2,72100.0,2024-03-19
2024031901028612,USHEC,53,32,50.0,361.0,18050.0,2024-03-19
2024031905004603,CHDC,70,32,10.0,942.0,9420.0,2024-03-19
2024031901028611,SHIVM,65,29,100.0,550.0,55000.0,2024-03-19
2024031905004602,STC,47,11,1.0,5200.0,5200.0,2024-03-19
2024031905004601,STC,47,59,19.0,5200.0,98800.0,2024-03-19
2024031905004600,STC,36,59,10.0,5200.0,52000.0,2024-03-19
2024031905004599,STC,48,59,20.0,5200.0,104000.0,2024-03-19
2024031905004598,STC,38,59,10.0,5200.0,52000.0,2024-03-19
2024031905004597,STC,34,59,10.0,5200.0,52000.0,2024-03-19
2024031905004596,STC,29,59,50.0,5200.0,260000.0,2024-03-19
2024031905004595,STC,58,59,50.0,5200.0,260000.0,2024-03-19
2024031905004594,STC,32,59,10.0,5200.0,52000.0,2024-03-19
2024031905004593,STC,6,59,11.0,5200.0,57200.0,2024-03-19
2024031905004592,STC,55,59,80.0,5202.0,416160.0,2024-03-19
2024031905004591,STC,45,59,10.0,5220.0,52200.0,2024-03-19
2024031905004590,STC,32,59,20.0,5220.0,104400.0,2024-03-19
2024031905004589,STC,34,59,10.0,5225.0,52250.0,2024-03-19
2024031905004588,STC,13,59,20.0,5226.0,104520.0,2024-03-19
2024031901028610,SHIVM,33,55,79.0,549.5,43410.5,2024-03-19
2024031901028609,RFPL,62,57,10.0,378.0,3780.0,2024-03-19
2024031903018884,JFL,50,57,664.0,399.1,265002.4,2024-03-19
2024031903018883,JFL,42,57,106.0,399.2,42315.2,2024-03-19
2024031903018882,JFL,22,57,1000.0,399.3,399300.0,2024-03-19
2024031903018881,ICFC,57,3,10.0,522.0,5220.0,2024-03-19
2024031904010170,UMHL,14,21,495.0,256.0,126720.0,2024-03-19
2024031901028608,AVYAN,14,22,10.0,670.0,6700.0,2024-03-19
2024031905004587,HRL,58,38,10.0,618.3,6183.0,2024-03-19
2024031903018880,GUFL,26,38,100.0,860.0,86000.0,2024-03-19
2024031901028607,SRLI,38,49,10.0,460.0,4600.0,2024-03-19
2024031904010169,SPIL,55,54,180.0,763.0,137340.0,2024-03-19
2024031904010168,SHL,28,54,126.0,448.1,56460.6,2024-03-19
2024031903018879,PROFL,54,54,50.0,328.1,16405.0,2024-03-19
2024031901028606,SRLI,4,46,10.0,460.0,4600.0,2024-03-19
2024031905004586,CHDC,70,4,10.0,942.0,9420.0,2024-03-19
2024031901028605,HATHY,57,3,32.0,877.0,28064.0,2024-03-19
2024031901028604,HATHY,58,3,10.0,877.1,8771.0,2024-03-19
2024031904010167,SSHL,17,54,10.0,167.8,1678.0,2024-03-19
2024031903018878,SAPDBL,45,21,10.0,318.0,3180.0,2024-03-19
2024031903018877,SAPDBL,59,21,230.0,318.0,73140.0,2024-03-19
2024031903018876,GMFIL,53,48,80.0,371.0,29680.0,2024-03-19
2024031901028603,PRVU,11,50,30.0,144.3,4329.0,2024-03-19
2024031901028602,PRVU,45,50,10.0,144.3,1443.0,2024-03-19
2024031903018875,GUFL,26,41,100.0,860.0,86000.0,2024-03-19
2024031903018874,GUFL,26,7,70.0,860.0,60200.0,2024-03-19
2024031903018873,GUFL,26,47,70.0,860.0,60200.0,2024-03-19
2024031901028601,PCBL,22,60,10.0,197.0,1970.0,2024-03-19
2024031903018872,GBLBS,6,32,50.0,615.0,30750.0,2024-03-19
2024031903018871,GBLBS,6,4,100.0,615.0,61500.0,2024-03-19
2024031903018870,GBLBS,6,7,10.0,615.0,6150.0,2024-03-19
2024031903018869,GBLBS,6,35,25.0,615.0,15375.0,2024-03-19
2024031903018868,GBLBS,6,13,60.0,615.0,36900.0,2024-03-19
2024031903018867,GBLBS,6,6,20.0,615.0,12300.0,2024-03-19
2024031903018866,GBLBS,6,57,25.0,614.9,15372.5,2024-03-19
2024031903018865,GBLBS,6,14,90.0,614.8,55332.0,2024-03-19
2024031901028600,SGHC,56,46,10.0,310.0,3100.0,2024-03-19
2024031901028599,SGHC,56,22,10.0,309.0,3090.0,2024-03-19
2024031901028598,SGHC,56,6,10.0,308.0,3080.0,2024-03-19
2024031901028597,SONA,34,66,100.0,508.0,50800.0,2024-03-19
2024031901028596,ILI,22,19,10.0,542.1,5421.0,2024-03-19
2024031901028595,HDL,45,34,20.0,1565.4,31308.0,2024-03-19
2024031901028594,HDL,5,34,10.0,1565.5,15655.0,2024-03-19
2024031904010166,SSHL,43,40,100.0,167.0,16700.0,2024-03-19
2024031901028593,DLBS,38,34,20.0,1171.3,23426.0,2024-03-19
2024031903018864,SFCL,71,35,11.0,330.0,3630.0,2024-03-19
2024031903018863,SFCL,71,21,39.0,330.0,12870.0,2024-03-19
2024031901028592,TAMOR,57,35,10.0,382.0,3820.0,2024-03-19
2024031901028591,PPL,49,35,95.0,400.0,38000.0,2024-03-19
2024031901028590,RFPL,62,35,10.0,378.0,3780.0,2024-03-19
2024031904010165,SHPC,74,36,265.0,345.1,91451.5,2024-03-19
2024031903018862,GUFL,36,47,100.0,860.0,86000.0,2024-03-19
2024031901028589,SIKLES,35,45,10.0,489.9,4899.0,2024-03-19
2024031901028588,NRM,58,35,20.0,401.0,8020.0,2024-03-19
2024031903018861,NICLBSL,43,49,35.0,605.0,21175.0,2024-03-19
2024031905004585,HRL,58,49,30.0,618.3,18549.0,2024-03-19
2024031901028587,LSL,44,33,381.0,163.0,62103.0,2024-03-19
2024031901028586,LSL,42,33,119.0,163.0,19397.0,2024-03-19
2024031905004584,HRL,58,17,117.0,618.3,72341.1,2024-03-19
2024031905004583,HRL,58,56,110.0,618.0,67980.0,2024-03-19
2024031903018860,GUFL,41,58,15.0,858.0,12870.0,2024-03-19
2024031904010164,JOSHI,57,58,30.0,345.0,10350.0,2024-03-19
2024031904010163,BPCL,43,42,10.0,310.0,3100.0,2024-03-19
2024031901028585,GBIME,52,43,400.0,189.0,75600.0,2024-03-19
2024031904010162,SPIL,44,33,10.0,769.9,7699.0,2024-03-19
2024031904010161,SPIL,44,35,50.0,769.8,38490.0,2024-03-19
2024031904010160,SPIL,44,58,140.0,767.0,107380.0,2024-03-19
2024031901028584,TVCL,38,44,20.0,511.6,10232.0,2024-03-19
2024031903018859,CFCL,10,21,59.0,359.0,21181.0,2024-03-19
2024031903018858,SDLBSL,57,10,30.0,704.1,21123.0,2024-03-19
2024031903018857,SDLBSL,19,10,70.0,707.0,49490.0,2024-03-19
2024031901028583,HDL,55,57,40.0,1568.0,62720.0,2024-03-19
2024031904010159,UPPER,58,57,56.0,180.8,10124.8,2024-03-19
2024031904010158,SICL,33,57,261.0,710.1,185336.1,2024-03-19
2024031904010157,SICL,58,57,12.0,711.0,8532.0,2024-03-19
2024031904010156,SICL,22,57,10.0,711.0,7110.0,2024-03-19
2024031904010155,SICL,35,57,17.0,714.0,12138.0,2024-03-19
2024031901028582,PHCL,57,57,10.0,330.0,3300.0,2024-03-19
2024031904010154,UMRH,32,38,40.0,360.0,14400.0,2024-03-19
2024031904010153,UMRH,67,38,960.0,360.0,345600.0,2024-03-19
2024031903018856,SAPDBL,59,38,30.0,318.0,9540.0,2024-03-19
2024031901028581,PPL,49,46,50.0,400.0,20000.0,2024-03-19
2024031904010152,UMRH,1,44,50.0,362.0,18100.0,2024-03-19
2024031904010151,MHNL,41,41,450.0,242.2,108990.0,2024-03-19
2024031904010150,MHNL,58,41,40.0,243.5,9740.0,2024-03-19
2024031904010149,MHNL,62,41,10.0,244.0,2440.0,2024-03-19
2024031903018855,SFCL,69,21,30.0,330.0,9900.0,2024-03-19
2024031901028580,MBJC,18,45,300.0,316.0,94800.0,2024-03-19
2024031903018854,GILB,21,54,15.0,935.0,14025.0,2024-03-19
2024031901028579,AVYAN,51,47,10.0,670.0,6700.0,2024-03-19
2024031903018853,LLBS,50,39,16.0,880.0,14080.0,2024-03-19
2024031903018852,LLBS,50,19,50.0,878.0,43900.0,2024-03-19
2024031903018851,LLBS,50,33,10.0,878.0,8780.0,2024-03-19
2024031903018850,LLBS,50,7,24.0,875.0,21000.0,2024-03-19
2024031903018849,HLBSL,50,50,49.0,705.0,34545.0,2024-03-19
2024031904010148,SPDL,57,34,100.0,250.1,25010.0,2024-03-19
2024031904010147,SPDL,45,34,240.0,250.1,60024.0,2024-03-19
2024031903018848,GMFIL,34,6,210.0,371.9,78099.0,2024-03-19
2024031901028578,RNLI,36,34,50.0,449.0,22450.0,2024-03-19
2024031901028577,SHIVM,72,29,10.0,550.0,5500.0,2024-03-19
2024031901028576,SHIVM,45,29,232.0,550.0,127600.0,2024-03-19
2024031901028575,USHEC,44,29,28.0,360.3,10088.4,2024-03-19
2024031901028574,USHEC,36,29,32.0,360.4,11532.8,2024-03-19
2024031901028573,USHEC,44,29,100.0,360.4,36040.0,2024-03-19
2024031901028572,USHEC,21,29,40.0,361.0,14440.0,2024-03-19
2024031901028571,SNLI,41,36,108.0,622.0,67176.0,2024-03-19
2024031901028570,SNLI,57,36,20.0,622.0,12440.0,2024-03-19
2024031901028569,SNLI,42,36,100.0,622.0,62200.0,2024-03-19
2024031901028568,SNLI,42,36,200.0,622.0,124400.0,2024-03-19
2024031901028567,SNLI,45,36,100.0,622.0,62200.0,2024-03-19
2024031901028566,SNLI,57,36,82.0,622.0,51004.0,2024-03-19
2024031901028565,SNLI,57,36,50.0,622.0,31100.0,2024-03-19
2024031901028564,SNLI,43,36,100.0,622.0,62200.0,2024-03-19
2024031901028563,SNLI,43,36,50.0,622.0,31100.0,2024-03-19
2024031901028562,SNLI,50,36,1000.0,622.2,622200.0,2024-03-19
2024031901028561,SNLI,44,36,190.0,622.3,118237.0,2024-03-19
2024031901028560,SRLI,35,22,10.0,460.0,4600.0,2024-03-19
2024031903018847,MNBBL,34,35,200.0,362.6,72520.0,2024-03-19
2024031903018846,RLFL,33,49,20.0,379.9,7598.0,2024-03-19
2024031903018845,NFS,64,49,50.0,393.2,19660.0,2024-03-19
2024031903018844,NFS,3,49,50.0,393.5,19675.0,2024-03-19
2024031901028559,SHIVM,45,33,300.0,550.0,165000.0,2024-03-19
2024031903018843,HLI,48,45,200.0,414.5,82900.0,2024-03-19
2024031903018842,HLI,85,45,34.0,415.0,14110.0,2024-03-19
2024031905004582,HRL,45,56,10.0,618.0,6180.0,2024-03-19
2024031901028558,GVL,45,32,10.0,440.0,4400.0,2024-03-19
2024031901028557,NMB,53,37,10.0,188.0,1880.0,2024-03-19
2024031901028556,ULHC,28,32,410.0,321.0,131610.0,2024-03-19
2024031901028555,ULHC,58,32,90.0,321.1,28899.0,2024-03-19
2024031901028554,SHLB,29,32,50.0,1025.0,51250.0,2024-03-19
2024031903018841,KRBL,45,58,100.0,408.0,40800.0,2024-03-19
2024031903018840,KRBL,58,58,50.0,408.0,20400.0,2024-03-19
2024031903018839,KRBL,44,58,500.0,408.0,204000.0,2024-03-19
2024031903018838,KRBL,25,58,200.0,408.0,81600.0,2024-03-19
2024031903018837,KRBL,45,58,100.0,408.5,40850.0,2024-03-19
2024031903018836,KRBL,21,58,30.0,408.8,12264.0,2024-03-19
2024031904010146,PPCL,74,25,10.0,258.9,2589.0,2024-03-19
2024031901028553,KBL,52,4,80.0,141.4,11312.0,2024-03-19
2024031903018835,ICFC,49,59,47.0,521.3,24501.1,2024-03-19
2024031901028552,SPL,1,10,14.0,660.3,9244.2,2024-03-19
2024031905004581,SEF,51,10,1975.0,8.0,15800.0,2024-03-19
2024031904010145,UPPER,55,21,200.0,180.9,36180.0,2024-03-19
2024031901028551,SNLI,44,57,10.0,622.3,6223.0,2024-03-19
2024031903018834,ICFC,49,57,10.0,521.3,5213.0,2024-03-19
2024031903018833,SMFBS,57,34,528.0,1096.0,578688.0,2024-03-19
2024031903018832,SMFBS,57,41,40.0,1096.0,43840.0,2024-03-19
2024031903018831,SMFBS,57,20,25.0,1095.9,27397.5,2024-03-19
2024031903018830,SMFBS,57,41,50.0,1095.0,54750.0,2024-03-19
2024031903018829,SMFBS,57,57,50.0,1094.0,54700.0,2024-03-19
2024031901028550,SONA,14,25,1000.0,508.0,508000.0,2024-03-19
2024031904010144,NGPL,66,77,45.0,306.8,13806.0,2024-03-19
2024031904010143,NGPL,1,77,100.0,307.0,30700.0,2024-03-19
2024031904010142,NGPL,44,77,1000.0,307.0,307000.0,2024-03-19
2024031904010141,NGPL,51,77,20.0,307.0,6140.0,2024-03-19
2024031904010140,NGPL,58,77,100.0,307.0,30700.0,2024-03-19
2024031904010139,NGPL,34,77,500.0,307.0,153500.0,2024-03-19
2024031904010138,NGPL,53,77,1500.0,307.0,460500.0,2024-03-19
2024031904010137,NGPL,26,77,100.0,307.0,30700.0,2024-03-19
2024031904010136,NGPL,28,77,10.0,307.0,3070.0,2024-03-19
2024031904010135,NGPL,20,77,100.0,307.0,30700.0,2024-03-19
2024031904010134,NGPL,26,77,100.0,307.0,30700.0,2024-03-19
2024031904010133,NGPL,50,77,945.0,307.1,290209.5,2024-03-19
2024031904010132,NGPL,67,77,85.0,307.1,26103.5,2024-03-19
2024031904010131,NGPL,44,77,20.0,307.2,6144.0,2024-03-19
2024031904010130,NGPL,51,77,35.0,308.0,10780.0,2024-03-19
2024031904010129,NGPL,38,77,300.0,308.0,92400.0,2024-03-19
2024031904010128,NGPL,17,77,40.0,308.0,12320.0,2024-03-19
2024031903018828,SJLIC,45,38,150.0,528.4,79260.0,2024-03-19
2024031903018827,SJLIC,50,38,250.0,528.5,132125.0,2024-03-19
2024031901028549,DORDI,77,33,137.0,425.5,58293.5,2024-03-19
2024031901028548,DORDI,77,55,10.0,425.0,4250.0,2024-03-19
2024031901028547,DORDI,77,33,20.0,425.0,8500.0,2024-03-19
2024031901028546,DORDI,77,67,510.0,425.0,216750.0,2024-03-19
2024031901028545,DORDI,77,95,10.0,422.0,4220.0,2024-03-19
2024031901028544,DORDI,77,17,290.0,421.0,122090.0,2024-03-19
2024031901028543,DORDI,77,14,1023.0,420.0,429660.0,2024-03-19
2024031903018826,SFCL,49,38,100.0,329.5,32950.0,2024-03-19
2024031901028542,SMJC,58,38,10.0,367.1,3671.0,2024-03-19
2024031901028541,NABIL,49,25,80.0,460.0,36800.0,2024-03-19
2024031901028540,ANLB,3,34,10.0,2200.0,22000.0,2024-03-19
2024031904010127,UPPER,11,21,100.0,180.9,18090.0,2024-03-19
2024031901028539,NRM,11,22,190.0,401.9,76361.0,2024-03-19
2024031904010126,UPCL,86,41,10.0,215.0,2150.0,2024-03-19
2024031901028538,SONA,66,1,30.0,507.0,15210.0,2024-03-19
2024031901028537,SONA,10,1,20.0,507.0,10140.0,2024-03-19
2024031901028536,SONA,25,1,200.0,507.2,101440.0,2024-03-19
2024031901028535,SONA,54,1,200.0,507.2,101440.0,2024-03-19
2024031901028534,SONA,34,1,30.0,507.5,15225.0,2024-03-19
2024031901028533,SONA,35,1,20.0,508.0,10160.0,2024-03-19
2024031904010125,HEI,18,57,10.0,598.0,5980.0,2024-03-19
2024031904010124,UPPER,53,21,100.0,180.9,18090.0,2024-03-19
2024031904010123,UPPER,45,21,37.0,180.9,6693.3,2024-03-19
2024031901028532,SONA,48,21,91.0,508.0,46228.0,2024-03-19
2024031901028531,SONA,58,21,100.0,508.0,50800.0,2024-03-19
2024031901028530,SONA,35,21,34.0,508.0,17272.0,2024-03-19
2024031901028529,SONA,42,21,100.0,508.0,50800.0,2024-03-19
2024031901028528,SONA,75,21,225.0,508.0,114300.0,2024-03-19
2024031901028527,SONA,75,42,275.0,508.0,139700.0,2024-03-19
2024031901028526,SONA,54,42,20.0,508.0,10160.0,2024-03-19
2024031901028525,SONA,11,42,50.0,508.0,25400.0,2024-03-19
2024031901028524,SONA,34,42,90.0,508.0,45720.0,2024-03-19
2024031901028523,SONA,58,42,40.0,508.0,20320.0,2024-03-19
2024031901028522,SONA,66,42,25.0,508.0,12700.0,2024-03-19
2024031901028521,MLBS,42,34,50.0,967.0,48350.0,2024-03-19
2024031903018825,GBLBS,22,14,110.0,614.8,67628.0,2024-03-19
2024031903018824,GBLBS,22,39,100.0,614.7,61470.0,2024-03-19
2024031903018823,SAPDBL,59,6,200.0,318.0,63600.0,2024-03-19
2024031903018822,GUFL,41,8,20.0,858.0,17160.0,2024-03-19
2024031901028520,ILI,22,16,10.0,542.1,5421.0,2024-03-19
2024031901028519,DORDI,36,14,300.0,420.0,126000.0,2024-03-19
2024031901028518,CZBIL,35,41,10.0,163.0,1630.0,2024-03-19
2024031901028517,ULHC,58,35,10.0,321.1,3211.0,2024-03-19
2024031903018821,ICFC,49,3,150.0,522.0,78300.0,2024-03-19
2024031904010122,UMHL,16,45,414.0,255.0,105570.0,2024-03-19
2024031904010121,UMHL,55,45,500.0,255.0,127500.0,2024-03-19
2024031904010120,UMHL,14,45,100.0,255.0,25500.0,2024-03-19
2024031904010119,UMHL,4,45,50.0,255.0,12750.0,2024-03-19
2024031904010118,UMHL,34,45,10.0,255.1,2551.0,2024-03-19
2024031904010117,UMHL,34,45,10.0,255.1,2551.0,2024-03-19
2024031904010116,UMHL,3,45,542.0,255.1,138264.2,2024-03-19
2024031904010115,UMHL,19,45,54.0,255.1,13775.4,2024-03-19
2024031904010114,UMHL,67,45,20.0,255.3,5106.0,2024-03-19
2024031904010113,UMHL,57,45,300.0,255.5,76650.0,2024-03-19
2024031904010112,GHL,45,22,130.0,160.8,20904.0,2024-03-19
2024031901028516,SHIVM,45,32,430.0,550.0,236500.0,2024-03-19
2024031901028515,SHIVM,45,42,21.0,550.0,11550.0,2024-03-19
2024031901028514,SHIVM,45,62,17.0,550.0,9350.0,2024-03-19
2024031903018820,KMCDB,62,32,30.0,825.0,24750.0,2024-03-19
2024031901028513,GBIME,22,52,20.0,188.7,3774.0,2024-03-19
2024031904010111,NHPC,56,44,600.0,157.3,94380.0,2024-03-19
2024031903018819,EDBL,44,57,46.0,371.1,17070.6,2024-03-19
2024031903018818,EDBL,57,57,200.0,371.5,74300.0,2024-03-19
2024031901028512,MKCL,29,57,10.0,945.5,9455.0,2024-03-19
2024031903018817,USLB,38,33,10.0,1639.9,16399.0,2024-03-19
2024031901028511,MSHL,49,38,50.0,650.0,32500.0,2024-03-19
2024031904010110,UNHPL,38,58,665.0,240.0,159600.0,2024-03-19
2024031904010109,UNHPL,38,49,335.0,238.0,79730.0,2024-03-19
2024031901028510,RNLI,47,22,50.0,450.0,22500.0,2024-03-19
2024031903018816,ALBSL,53,3,62.0,718.0,44516.0,2024-03-19
2024031904010108,LEC,7,28,50.0,187.0,9350.0,2024-03-19
2024031904010107,LEC,38,28,50.0,187.0,9350.0,2024-03-19
2024031905004580,NRIC,11,47,13.0,756.0,9828.0,2024-03-19
2024031901028509,GCIL,19,1,90.0,543.0,48870.0,2024-03-19
2024031904010106,UPCL,38,41,179.0,215.0,38485.0,2024-03-19
2024031904010105,UMHL,13,21,105.0,256.0,26880.0,2024-03-19
2024031904010104,UMHL,13,39,95.0,255.8,24301.0,2024-03-19
2024031901028508,GVL,42,32,10.0,440.0,4400.0,2024-03-19
2024031904010103,SHPC,5,44,10.0,346.8,3468.0,2024-03-19
2024031901028507,PHCL,57,6,390.0,330.0,128700.0,2024-03-19
2024031901028506,PHCL,58,6,100.0,330.0,33000.0,2024-03-19
2024031901028505,PHCL,58,6,10.0,330.1,3301.0,2024-03-19
2024031905004579,HRL,34,56,100.0,618.1,61810.0,2024-03-19
2024031905004578,HRL,38,56,30.0,618.1,18543.0,2024-03-19
2024031903018815,SINDU,58,34,500.0,358.0,179000.0,2024-03-19
2024031903018814,NFS,64,34,95.0,393.2,37354.0,2024-03-19
2024031903018813,NFS,34,34,300.0,393.3,117990.0,2024-03-19
2024031903018812,NFS,58,34,460.0,393.4,180964.0,2024-03-19
2024031903018811,NFS,49,34,45.0,393.5,17707.5,2024-03-19
2024031903018810,NFS,49,34,100.0,393.5,39350.0,2024-03-19
2024031901028504,NMB,34,37,149.0,188.0,28012.0,2024-03-19
2024031901028503,NMB,34,35,351.0,188.0,65988.0,2024-03-19
2024031904010102,PRIN,17,35,200.0,774.0,154800.0,2024-03-19
2024031903018809,LBBL,45,34,50.0,388.0,19400.0,2024-03-19
2024031903018808,LBBL,35,34,98.0,388.0,38024.0,2024-03-19
2024031903018807,LBBL,74,34,50.0,388.0,19400.0,2024-03-19
2024031903018806,LBBL,44,34,145.0,388.0,56260.0,2024-03-19
2024031904010101,CHL,14,39,90.0,292.5,26325.0,2024-03-19
2024031904010100,CHL,41,39,10.0,292.7,2927.0,2024-03-19
2024031904010099,CHL,22,39,50.0,292.8,14640.0,2024-03-19
2024031904010098,CHL,32,39,50.0,293.0,14650.0,2024-03-19
2024031904010097,CHL,22,39,100.0,293.1,29310.0,2024-03-19
2024031904010096,UNHPL,38,49,20.0,238.0,4760.0,2024-03-19
2024031904010095,UNHPL,42,49,100.0,238.0,23800.0,2024-03-19
2024031904010094,UNHPL,34,49,500.0,238.0,119000.0,2024-03-19
2024031904010093,UNHPL,46,49,500.0,238.0,119000.0,2024-03-19
2024031904010092,UNHPL,58,49,605.0,238.7,144413.5,2024-03-19
2024031904010091,UNHPL,43,49,200.0,238.7,47740.0,2024-03-19
2024031904010090,UNHPL,53,49,600.0,238.7,143220.0,2024-03-19
2024031904010089,UNHPL,58,49,411.0,238.7,98105.7,2024-03-19
2024031904010088,UNHPL,35,49,50.0,238.7,11935.0,2024-03-19
2024031904010087,UNHPL,58,49,390.0,238.7,93093.0,2024-03-19
2024031904010086,UNHPL,58,49,500.0,238.7,119350.0,2024-03-19
2024031904010085,UNHPL,32,49,258.0,238.7,61584.6,2024-03-19
2024031904010084,UNHPL,44,49,100.0,238.7,23870.0,2024-03-19
2024031904010083,UNHPL,16,49,50.0,238.8,11940.0,2024-03-19
2024031904010082,UNHPL,57,49,20.0,238.8,4776.0,2024-03-19
2024031904010081,UNHPL,21,49,30.0,239.0,7170.0,2024-03-19
2024031904010080,UNHPL,21,49,600.0,239.0,143400.0,2024-03-19
2024031904010079,UNHPL,35,49,100.0,239.0,23900.0,2024-03-19
2024031904010078,UNHPL,29,49,482.0,239.0,115198.0,2024-03-19
2024031903018805,EDBL,45,58,10.0,373.0,3730.0,2024-03-19
2024031901028502,MCHL,38,45,150.0,336.3,50445.0,2024-03-19
2024031903018804,MNBBL,34,58,100.0,362.6,36260.0,2024-03-19
2024031903018803,MNBBL,45,58,100.0,362.6,36260.0,2024-03-19
2024031903018802,DDBL,52,38,450.0,793.9,357255.0,2024-03-19
2024031903018801,DDBL,52,80,50.0,793.0,39650.0,2024-03-19
