transaction,symbol,buyer,seller,quantity,rate,amount,date
2024061803014254,HLBSL,38,96,100.0,1314.0,131400.0,2024-06-18
2024061801025285,GVL,66,44,100.0,548.8,54880.0,2024-06-18
2024061801025284,MANDU,22,25,65.0,1005.0,65325.0,2024-06-18
2024061801025283,MANDU,22,58,10.0,1005.0,10050.0,2024-06-18
2024061801025282,MANDU,22,42,40.0,1005.0,40200.0,2024-06-18
2024061801025281,MANDU,22,42,40.0,1005.0,40200.0,2024-06-18
2024061801025280,MANDU,22,32,49.0,1005.0,49245.0,2024-06-18
2024061801025279,MANDU,22,8,10.0,1005.0,10050.0,2024-06-18
2024061801025278,MANDU,22,41,10.0,1005.0,10050.0,2024-06-18
2024061801025277,MANDU,22,4,96.0,1004.9,96470.4,2024-06-18
2024061801025276,MANDU,22,35,10.0,1004.5,10045.0,2024-06-18
2024061801025275,MANDU,22,49,20.0,1004.4,20088.0,2024-06-18
2024061801025274,MANDU,22,11,10.0,1004.0,10040.0,2024-06-18
2024061801025273,MANDU,22,8,20.0,1004.0,20080.0,2024-06-18
2024061801025272,MANDU,22,44,40.0,1004.0,40160.0,2024-06-18
2024061801025271,MANDU,22,58,10.0,1004.0,10040.0,2024-06-18
2024061801025270,MANDU,22,49,10.0,1003.0,10030.0,2024-06-18
2024061801025269,MANDU,22,49,10.0,1003.0,10030.0,2024-06-18
2024061803014253,ILBS,62,44,30.0,1210.0,36300.0,2024-06-18
2024061803014252,GUFL,41,29,700.0,736.7,515690.0,2024-06-18
2024061803014251,NABBC,22,3,10.0,547.6,5476.0,2024-06-18
2024061803014250,GILB,62,6,10.0,1545.0,15450.0,2024-06-18
2024061804013237,API,44,22,263.0,172.8,45446.4,2024-06-18
2024061804013236,API,44,58,764.0,172.7,131942.8,2024-06-18
2024061804013235,API,44,56,973.0,172.4,167745.2,2024-06-18
2024061804013234,SPIL,44,58,10.0,790.0,7900.0,2024-06-18
2024061801025268,AVYAN,88,41,10.0,928.0,9280.0,2024-06-18
2024061801025267,CITY,34,72,10.0,708.0,7080.0,2024-06-18
2024061801025266,CITY,34,72,40.0,708.0,28320.0,2024-06-18
2024061803014249,RSDC,55,81,10.0,675.0,6750.0,2024-06-18
2024061803014248,GMFBS,41,72,10.0,1312.0,13120.0,2024-06-18
2024061803014247,LBBL,50,28,245.0,383.9,94055.5,2024-06-18
2024061803014246,LBBL,50,58,100.0,383.0,38300.0,2024-06-18
2024061803014245,LBBL,50,22,251.0,382.5,96007.5,2024-06-18
2024061803014244,LBBL,50,64,104.0,382.0,39728.0,2024-06-18
2024061803014243,LBBL,50,21,300.0,380.0,114000.0,2024-06-18
2024061801025265,BGWT,16,13,90.0,970.0,87300.0,2024-06-18
2024061801025264,BGWT,35,13,10.0,975.0,9750.0,2024-06-18
2024061801025263,GCIL,13,13,40.0,477.0,19080.0,2024-06-18
2024061804013233,BARUN,72,14,25.0,308.0,7700.0,2024-06-18
2024061803014242,PFL,59,28,10.0,595.0,5950.0,2024-06-18
2024061801025262,AHL,25,50,10.0,500.0,5000.0,2024-06-18
2024061803014241,KRBL,52,34,10.0,444.0,4440.0,2024-06-18
2024061801025261,SPHL,57,38,10.0,539.0,5390.0,2024-06-18
2024061803014240,SAPDBL,42,57,10.0,349.5,3495.0,2024-06-18
2024061801025260,MEHL,1,57,100.0,343.1,34310.0,2024-06-18
2024061804013232,NHDL,6,7,10.0,527.0,5270.0,2024-06-18
2024061801025259,TSHL,42,45,10.0,522.0,5220.0,2024-06-18
2024061803014239,NUBL,42,6,10.0,674.0,6740.0,2024-06-18
2024061805005343,HRL,42,58,169.0,552.0,93288.0,2024-06-18
2024061805005342,HRL,42,21,31.0,551.5,17096.5,2024-06-18
2024061801025258,ULBSL,45,42,10.0,1964.4,19644.0,2024-06-18
2024061803014238,BFC,26,38,10.0,450.9,4509.0,2024-06-18
2024061805005341,CIT,26,45,10.0,2116.0,21160.0,2024-06-18
2024061805005340,CIT,26,34,10.0,2115.9,21159.0,2024-06-18
2024061803014237,CORBL,96,6,10.0,510.0,5100.0,2024-06-18
2024061803014236,GILB,69,6,15.0,1545.0,23175.0,2024-06-18
2024061803014235,GILB,69,6,10.0,1545.0,15450.0,2024-06-18
2024061801025257,SNLI,1,49,10.0,470.6,4706.0,2024-06-18
2024061803014234,GILB,17,6,10.0,1545.0,15450.0,2024-06-18
2024061801025256,PPL,83,13,190.0,460.0,87400.0,2024-06-18
2024061801025255,PPL,83,58,10.0,459.9,4599.0,2024-06-18
2024061803014233,NMFBS,81,32,20.0,1359.0,27180.0,2024-06-18
2024061803014232,GILB,56,6,10.0,1545.0,15450.0,2024-06-18
2024061805005339,HRL,58,56,104.0,551.1,57314.4,2024-06-18
2024061801025254,TVCL,4,74,50.0,462.0,23100.0,2024-06-18
2024061805005338,BBC,17,8,10.0,3970.5,39705.0,2024-06-18
2024061803014231,SABSL,5,84,120.0,1060.0,127200.0,2024-06-18
2024061803014230,SABSL,49,84,31.0,1060.0,32860.0,2024-06-18
2024061801025253,NESDO,84,37,10.0,2050.0,20500.0,2024-06-18
2024061801025252,NESDO,84,59,10.0,2049.0,20490.0,2024-06-18
2024061804013231,UMRH,56,91,10.0,416.9,4169.0,2024-06-18
2024061801025251,MEL,45,29,10.0,225.0,2250.0,2024-06-18
2024061804013230,NGPL,45,71,10.0,315.0,3150.0,2024-06-18
2024061804013229,DHPL,19,39,200.0,220.2,44040.0,2024-06-18
2024061803014229,MPFL,60,49,20.0,494.0,9880.0,2024-06-18
2024061801025250,MANDU,65,60,190.0,1001.0,190190.0,2024-06-18
2024061801025249,MANDU,49,60,60.0,1002.0,60120.0,2024-06-18
2024061804013228,SPDL,60,22,125.0,247.0,30875.0,2024-06-18
2024061803014228,KMCDB,60,85,100.0,1095.0,109500.0,2024-06-18
2024061803014227,KMCDB,60,45,100.0,1095.0,109500.0,2024-06-18
2024061803014226,GUFL,41,43,200.0,736.7,147340.0,2024-06-18
2024061801025248,EBL,33,25,50.0,531.7,26585.0,2024-06-18
2024061805005337,SMATA,38,66,10.0,1033.0,10330.0,2024-06-18
2024061803014225,CFCL,77,38,31.0,423.0,13113.0,2024-06-18
2024061803014224,CFCL,33,38,249.0,423.1,105351.9,2024-06-18
2024061801025247,GVL,66,44,100.0,548.8,54880.0,2024-06-18
2024061803014223,NFS,71,71,75.0,658.4,49380.0,2024-06-18
2024061803014222,NFS,71,71,225.0,658.5,148162.5,2024-06-18
2024061804013227,NGPL,39,71,200.0,315.0,63000.0,2024-06-18
2024061804013226,NGPL,57,71,150.0,315.0,47250.0,2024-06-18
2024061804013225,NGPL,7,71,946.0,315.0,297990.0,2024-06-18
2024061804013224,NGPL,42,71,117.0,315.1,36866.7,2024-06-18
2024061803014221,SDLBSL,71,13,10.0,1196.0,11960.0,2024-06-18
2024061803014220,PFL,22,56,100.0,594.0,59400.0,2024-06-18
2024061803014219,PFL,22,47,20.0,592.5,11850.0,2024-06-18
2024061803014218,PFL,22,52,380.0,592.4,225112.0,2024-06-18
2024061803014217,PFL,22,22,100.0,592.2,59220.0,2024-06-18
2024061803014216,GILB,62,6,10.0,1545.0,15450.0,2024-06-18
2024061803014215,JFL,62,34,10.0,535.0,5350.0,2024-06-18
2024061803014214,JFL,62,41,10.0,535.0,5350.0,2024-06-18
2024061804013223,MEN,88,77,10.0,613.0,6130.0,2024-06-18
2024061804013222,SPIL,44,58,129.0,790.0,101910.0,2024-06-18
2024061804013221,SPIL,44,45,30.0,790.0,23700.0,2024-06-18
2024061804013220,SPIL,44,14,12.0,790.0,9480.0,2024-06-18
2024061803014213,HLBSL,34,96,100.0,1314.0,131400.0,2024-06-18
2024061801025246,VLUCL,34,45,10.0,510.6,5106.0,2024-06-18
2024061801025245,RHGCL,21,26,10.0,355.9,3559.0,2024-06-18
2024061801025244,RHGCL,21,22,10.0,355.0,3550.0,2024-06-18
2024061804013219,SSHL,58,44,179.0,181.8,32542.2,2024-06-18
2024061804013218,SSHL,58,4,200.0,181.8,36360.0,2024-06-18
2024061804013217,SSHL,58,34,250.0,180.0,45000.0,2024-06-18
2024061804013216,SSHL,58,51,415.0,180.0,74700.0,2024-06-18
2024061804013215,SSHL,58,34,700.0,180.0,126000.0,2024-06-18
2024061804013214,SSHL,58,21,256.0,180.0,46080.0,2024-06-18
2024061803014212,MERO,64,41,100.0,690.0,69000.0,2024-06-18
2024061805005336,CHDC,50,25,10.0,1030.0,10300.0,2024-06-18
2024061803014211,CFCL,50,45,10.0,425.0,4250.0,2024-06-18
2024061803014210,EDBL,14,39,10.0,384.0,3840.0,2024-06-18
2024061801025243,BHPL,57,13,15.0,672.0,10080.0,2024-06-18
2024061801025242,BHPL,58,13,10.0,672.0,6720.0,2024-06-18
2024061801025241,BHPL,48,13,45.0,672.0,30240.0,2024-06-18
2024061801025240,BHPL,43,13,10.0,672.2,6722.0,2024-06-18
2024061801025239,BHPL,43,13,10.0,672.4,6724.0,2024-06-18
2024061801025238,BHPL,19,13,100.0,673.0,67300.0,2024-06-18
2024061801025237,BHPL,32,13,50.0,673.0,33650.0,2024-06-18
2024061801025236,BHPL,58,13,50.0,673.1,33655.0,2024-06-18
2024061801025235,BHPL,43,13,10.0,673.1,6731.0,2024-06-18
2024061801025234,DORDI,14,35,10.0,419.0,4190.0,2024-06-18
2024061801025233,DORDI,14,1,10.0,419.0,4190.0,2024-06-18
2024061801025232,DORDI,14,49,10.0,419.0,4190.0,2024-06-18
2024061801025231,EBL,14,25,12.0,531.7,6380.4,2024-06-18
2024061801025230,SGHC,53,10,10.0,326.4,3264.0,2024-06-18
2024061801025229,TVCL,59,74,80.0,462.0,36960.0,2024-06-18
2024061801025228,TVCL,59,53,20.0,461.3,9226.0,2024-06-18
2024061805005335,SMATA,38,57,100.0,1030.0,103000.0,2024-06-18
2024061803014209,CFCL,6,45,10.0,425.0,4250.0,2024-06-18
2024061803014208,SFCL,42,6,100.0,402.0,40200.0,2024-06-18
2024061801025227,SGHC,42,10,10.0,326.4,3264.0,2024-06-18
2024061801025226,AHL,70,50,10.0,500.0,5000.0,2024-06-18
2024061801025225,USHEC,49,13,200.0,459.5,91900.0,2024-06-18
2024061804013213,CHL,56,6,81.0,327.9,26559.9,2024-06-18
2024061804013212,CHL,56,35,119.0,325.0,38675.0,2024-06-18
2024061804013211,NHPC,4,72,130.0,147.9,19227.0,2024-06-18
2024061801025224,MEHL,67,16,10.0,348.0,3480.0,2024-06-18
2024061803014207,NFS,84,71,20.0,658.7,13174.0,2024-06-18
2024061803014206,HLBSL,45,47,50.0,1313.0,65650.0,2024-06-18
2024061803014205,MFIL,48,57,10.0,512.0,5120.0,2024-06-18
2024061801025223,UNLB,4,51,10.0,1971.1,19711.0,2024-06-18
2024061801025222,KBL,93,25,10.0,138.9,1389.0,2024-06-18
2024061805005334,HIDCL,38,43,65.0,163.1,10601.5,2024-06-18
2024061801025221,KDL,49,43,10.0,1206.0,12060.0,2024-06-18
2024061804013210,DHPL,62,43,45.0,220.1,9904.5,2024-06-18
2024061804013209,DHPL,49,43,500.0,220.2,110100.0,2024-06-18
2024061804013208,DHPL,58,43,100.0,220.3,22030.0,2024-06-18
2024061801025220,MMKJL,67,62,20.0,455.1,9102.0,2024-06-18
2024061801025219,MANDU,65,34,870.0,1001.0,870870.0,2024-06-18
2024061801025218,MANDU,34,34,30.0,1001.1,30033.0,2024-06-18
2024061804013207,CHL,21,35,30.0,325.0,9750.0,2024-06-18
2024061803014204,NFS,71,86,500.0,658.5,329250.0,2024-06-18
2024061801025217,SHLB,57,7,91.0,1731.1,157530.1,2024-06-18
2024061801025216,SHLB,19,7,10.0,1735.5,17355.0,2024-06-18
2024061801025215,SHLB,4,7,19.0,1740.0,33060.0,2024-06-18
2024061801025214,MKHC,7,50,10.0,326.0,3260.0,2024-06-18
2024061803014203,GUFL,41,41,60.0,736.7,44202.0,2024-06-18
2024061801025213,SBL,50,45,76.0,248.0,18848.0,2024-06-18
2024061801025212,SBL,50,34,224.0,247.0,55328.0,2024-06-18
2024061803014202,JFL,3,41,50.0,535.0,26750.0,2024-06-18
2024061801025211,SMHL,65,6,380.0,640.0,243200.0,2024-06-18
2024061801025210,SMHL,65,22,10.0,640.0,6400.0,2024-06-18
2024061801025209,SMHL,65,21,500.0,640.0,320000.0,2024-06-18
2024061801025208,SMHL,65,57,10.0,639.0,6390.0,2024-06-18
2024061801025207,SMHL,65,41,200.0,639.0,127800.0,2024-06-18
2024061801025206,SMHL,65,69,300.0,638.9,191670.0,2024-06-18
2024061801025205,SMHL,65,41,100.0,638.9,63890.0,2024-06-18
2024061801025204,SMHL,65,19,500.0,637.0,318500.0,2024-06-18
2024061801025203,SMHL,65,21,100.0,635.0,63500.0,2024-06-18
2024061801025202,SMHL,65,56,400.0,635.0,254000.0,2024-06-18
2024061804013206,HDHPC,45,1,13.0,130.0,1690.0,2024-06-18
2024061804013205,HDHPC,45,1,318.0,130.0,41340.0,2024-06-18
2024061804013204,HDHPC,35,1,18.0,130.0,2340.0,2024-06-18
2024061804013203,HDHPC,32,1,10.0,130.0,1300.0,2024-06-18
2024061804013202,HDHPC,40,1,141.0,130.0,18330.0,2024-06-18
2024061803014201,PROFL,42,53,500.0,373.0,186500.0,2024-06-18
2024061804013201,BARUN,21,52,100.0,308.5,30850.0,2024-06-18
2024061804013200,SHPC,62,52,500.0,321.1,160550.0,2024-06-18
2024061801025201,CLI,16,57,10.0,485.0,4850.0,2024-06-18
2024061801025200,CLI,16,49,10.0,485.0,4850.0,2024-06-18
2024061801025199,CLI,16,35,2000.0,485.0,970000.0,2024-06-18
2024061801025198,CLI,16,28,10.0,485.0,4850.0,2024-06-18
2024061801025197,CLI,16,41,82.0,485.0,39770.0,2024-06-18
2024061801025196,CLI,16,42,100.0,484.5,48450.0,2024-06-18
2024061801025195,CLI,16,34,58.0,483.5,28043.0,2024-06-18
2024061803014200,SLBSL,16,85,10.0,1187.0,11870.0,2024-06-18
2024061801025194,JBLB,58,49,90.0,1334.0,120060.0,2024-06-18
2024061804013199,SHEL,49,91,10.0,160.9,1609.0,2024-06-18
2024061801025193,MANDU,34,49,10.0,1001.1,10011.0,2024-06-18
2024061803014199,KMCDB,77,17,30.0,1094.4,32832.0,2024-06-18
2024061801025192,SONA,6,75,179.0,445.0,79655.0,2024-06-18
2024061801025191,SONA,41,75,181.0,445.0,80545.0,2024-06-18
2024061801025190,SONA,13,75,140.0,445.1,62314.0,2024-06-18
2024061803014198,CFCL,77,45,50.0,425.0,21250.0,2024-06-18
2024061803014197,CFCL,77,21,50.0,424.5,21225.0,2024-06-18
2024061803014196,HLI,63,17,20.0,380.3,7606.0,2024-06-18
2024061801025189,MKHC,45,50,502.0,326.0,163652.0,2024-06-18
2024061803014195,GUFL,41,5,160.0,736.7,117872.0,2024-06-18
2024061805005333,HIDCL,46,56,600.0,163.3,97980.0,2024-06-18
2024061803014194,ALICL,62,78,10.0,565.9,5659.0,2024-06-18
2024061803014193,BFC,62,38,10.0,450.9,4509.0,2024-06-18
2024061801025188,EHPL,88,10,50.0,554.9,27745.0,2024-06-18
2024061804013198,AKPL,58,1,10.0,164.9,1649.0,2024-06-18
2024061801025187,PPL,58,36,500.0,459.0,229500.0,2024-06-18
2024061801025186,PPL,58,58,10.0,459.0,4590.0,2024-06-18
2024061801025185,PPL,58,29,100.0,458.9,45890.0,2024-06-18
2024061801025184,PPL,58,38,115.0,457.0,52555.0,2024-06-18
2024061801025183,PPL,58,41,100.0,455.0,45500.0,2024-06-18
2024061801025182,PPL,58,58,10.0,455.0,4550.0,2024-06-18
2024061801025181,PPL,58,11,100.0,455.0,45500.0,2024-06-18
2024061801025180,BHPL,58,41,10.0,675.0,6750.0,2024-06-18
2024061801025179,SMHL,49,1,265.0,633.0,167745.0,2024-06-18
2024061803014192,MFIL,58,57,47.0,512.0,24064.0,2024-06-18
2024061803014191,MFIL,44,57,50.0,512.0,25600.0,2024-06-18
2024061803014190,MFIL,21,57,34.0,512.0,17408.0,2024-06-18
2024061803014189,GUFL,41,20,205.0,736.7,151023.5,2024-06-18
2024061803014188,HLBSL,10,49,25.0,1290.8,32270.0,2024-06-18
2024061803014187,ICFC,49,57,120.0,519.0,62280.0,2024-06-18
2024061801025178,BNHC,13,17,100.0,640.1,64010.0,2024-06-18
2024061801025177,SGHC,17,10,500.0,326.4,163200.0,2024-06-18
2024061801025176,NABIL,49,67,29.0,469.0,13601.0,2024-06-18
2024061801025175,NABIL,17,67,10.0,469.0,4690.0,2024-06-18
2024061801025174,NABIL,62,67,10.0,469.0,4690.0,2024-06-18
2024061801025173,NABIL,35,67,100.0,469.0,46900.0,2024-06-18
2024061801025172,NABIL,36,67,20.0,469.0,9380.0,2024-06-18
2024061801025171,NABIL,26,67,100.0,469.0,46900.0,2024-06-18
2024061801025170,NABIL,42,67,231.0,469.0,108339.0,2024-06-18
2024061804013197,CHL,45,35,10.0,325.0,3250.0,2024-06-18
2024061804013196,CHL,45,67,20.0,324.0,6480.0,2024-06-18
2024061803014186,PFL,41,45,179.0,592.0,105968.0,2024-06-18
2024061803014185,PFL,17,45,50.0,592.1,29605.0,2024-06-18
2024061803014184,PFL,43,45,271.0,592.1,160459.1,2024-06-18
2024061805005332,NRN,14,39,10.0,629.0,6290.0,2024-06-18
2024061801025169,NYADI,39,6,30.0,303.5,9105.0,2024-06-18
2024061803014183,NFS,71,66,235.0,658.5,154747.5,2024-06-18
2024061803014182,NFS,69,66,50.0,658.6,32930.0,2024-06-18
2024061801025168,GVL,58,38,241.0,544.5,131224.5,2024-06-18
2024061801025167,GVL,66,38,200.0,544.9,108980.0,2024-06-18
2024061801025166,GVL,20,38,20.0,544.9,10898.0,2024-06-18
2024061801025165,GVL,34,38,145.0,545.0,79025.0,2024-06-18
2024061801025164,GVL,66,44,100.0,548.8,54880.0,2024-06-18
2024061801025163,GVL,66,44,10.0,548.8,5488.0,2024-06-18
2024061803014181,SAPDBL,46,57,20.0,350.0,7000.0,2024-06-18
2024061805005331,NRN,29,41,10.0,632.0,6320.0,2024-06-18
2024061803014180,ICFC,34,57,20.0,519.0,10380.0,2024-06-18
2024061801025162,PPL,7,14,10.0,455.0,4550.0,2024-06-18
2024061804013195,GLH,7,1,10.0,216.0,2160.0,2024-06-18
2024061803014179,GUFL,41,48,10.0,736.7,7367.0,2024-06-18
2024061803014178,GUFL,41,45,90.0,736.0,66240.0,2024-06-18
2024061803014177,GUFL,41,61,300.0,736.0,220800.0,2024-06-18
2024061803014176,GUFL,41,57,150.0,735.1,110265.0,2024-06-18
2024061803014175,GUFL,41,28,150.0,735.0,110250.0,2024-06-18
2024061803014174,GUFL,41,52,30.0,735.0,22050.0,2024-06-18
2024061803014173,GUFL,41,45,250.0,735.0,183750.0,2024-06-18
2024061803014172,GUFL,41,39,100.0,735.0,73500.0,2024-06-18
2024061803014171,GUFL,41,16,40.0,735.0,29400.0,2024-06-18
2024061803014170,GUFL,41,42,30.0,735.0,22050.0,2024-06-18
2024061803014169,CFCL,33,41,51.0,423.1,21578.1,2024-06-18
2024061801025161,PHCL,50,91,50.0,318.9,15945.0,2024-06-18
2024061803014168,NADEP,3,32,10.0,826.0,8260.0,2024-06-18
2024061803014167,EDBL,14,39,20.0,384.0,7680.0,2024-06-18
2024061803014166,EDBL,14,45,200.0,382.0,76400.0,2024-06-18
2024061803014165,EDBL,14,35,10.0,381.0,3810.0,2024-06-18
2024061803014164,JFL,58,41,100.0,535.0,53500.0,2024-06-18
2024061804013194,BPCL,58,40,180.0,293.0,52740.0,2024-06-18
2024061801025160,CLI,29,1,90.0,483.2,43488.0,2024-06-18
2024061801025159,CLI,35,1,60.0,483.2,28992.0,2024-06-18
2024061803014163,WNLB,25,52,50.0,1473.0,73650.0,2024-06-18
2024061801025158,MANDU,57,58,10.0,1002.0,10020.0,2024-06-18
2024061804013193,IGI,57,34,11.0,523.5,5758.5,2024-06-18
2024061801025157,NABIL,6,29,10.0,470.0,4700.0,2024-06-18
2024061804013192,SHL,17,6,231.0,432.0,99792.0,2024-06-18
2024061801025156,MKJC,70,6,250.0,523.8,130950.0,2024-06-18
2024061801025155,MKJC,70,58,10.0,522.0,5220.0,2024-06-18
2024061804013191,RURU,26,34,100.0,633.0,63300.0,2024-06-18
2024061804013190,RURU,26,32,50.0,633.0,31650.0,2024-06-18
2024061801025154,IHL,35,10,500.0,433.0,216500.0,2024-06-18
2024061801025153,HHL,46,17,100.0,368.2,36820.0,2024-06-18
2024061804013189,SHL,14,8,110.0,432.1,47531.0,2024-06-18
2024061804013188,SHL,6,8,100.0,432.5,43250.0,2024-06-18
2024061801025152,RNLI,45,8,34.0,426.5,14501.0,2024-06-18
2024061804013187,UMRH,38,60,100.0,417.0,41700.0,2024-06-18
2024061804013186,UMRH,57,60,130.0,417.0,54210.0,2024-06-18
2024061804013185,UMRH,29,60,100.0,417.0,41700.0,2024-06-18
2024061804013184,UMRH,58,60,228.0,417.0,95076.0,2024-06-18
2024061804013183,UMRH,7,60,195.0,417.1,81334.5,2024-06-18
2024061804013182,UMRH,6,60,75.0,417.2,31290.0,2024-06-18
2024061801025151,MSHL,56,45,40.0,666.2,26648.0,2024-06-18
2024061801025150,MSHL,48,45,50.0,666.2,33310.0,2024-06-18
2024061801025149,MSHL,60,45,20.0,666.3,13326.0,2024-06-18
2024061801025148,MSHL,39,45,90.0,666.4,59976.0,2024-06-18
2024061803014162,RSDC,45,81,50.0,675.0,33750.0,2024-06-18
2024061801025147,SPHL,44,54,480.0,531.2,254976.0,2024-06-18
2024061801025146,SPHL,21,54,20.0,531.3,10626.0,2024-06-18
2024061805005330,NRIC,57,33,70.0,630.7,44149.0,2024-06-18
2024061805005329,NRIC,6,33,100.0,630.7,63070.0,2024-06-18
2024061805005328,NRIC,6,33,30.0,630.8,18924.0,2024-06-18
2024061803014161,NMBMF,38,5,90.0,709.9,63891.0,2024-06-18
2024061803014160,KRBL,29,34,10.0,444.0,4440.0,2024-06-18
2024061803014159,KRBL,29,19,50.0,444.0,22200.0,2024-06-18
2024061804013181,SICL,1,29,25.0,700.0,17500.0,2024-06-18
2024061803014158,NFS,34,71,200.0,658.7,131740.0,2024-06-18
2024061804013180,GHL,7,38,10.0,151.0,1510.0,2024-06-18
2024061803014157,PFL,51,3,994.0,592.2,588646.8,2024-06-18
2024061803014156,SFCL,13,6,10.0,402.0,4020.0,2024-06-18
2024061801025145,HDL,42,13,50.0,1276.5,63825.0,2024-06-18
2024061804013179,UMHL,14,37,10.0,245.0,2450.0,2024-06-18
2024061801025144,BHL,38,25,10.0,347.0,3470.0,2024-06-18
2024061803014155,GBBL,25,49,823.0,360.0,296280.0,2024-06-18
2024061804013178,HURJA,10,1,20.0,299.0,5980.0,2024-06-18
2024061803014154,SWBBL,39,57,50.0,877.2,43860.0,2024-06-18
2024061801025143,SARBTM,57,34,200.0,793.0,158600.0,2024-06-18
2024061801025142,SNLI,1,6,10.0,470.6,4706.0,2024-06-18
2024061801025141,SHIVM,47,6,31.0,490.0,15190.0,2024-06-18
2024061801025140,MKCL,69,32,10.0,1155.0,11550.0,2024-06-18
2024061801025139,MKCL,69,21,10.0,1155.0,11550.0,2024-06-18
2024061801025138,MKCL,69,36,10.0,1153.0,11530.0,2024-06-18
2024061801025137,MKCL,69,36,10.0,1152.0,11520.0,2024-06-18
2024061801025136,MKCL,69,53,10.0,1151.0,11510.0,2024-06-18
2024061801025135,MKCL,69,65,20.0,1151.0,23020.0,2024-06-18
2024061801025134,BHPL,35,19,20.0,685.1,13702.0,2024-06-18
2024061801025133,BHPL,35,38,10.0,685.0,6850.0,2024-06-18
2024061801025132,BHPL,35,66,50.0,685.0,34250.0,2024-06-18
2024061801025131,BHPL,35,58,20.0,684.0,13680.0,2024-06-18
2024061801025130,MKHC,17,58,10.0,324.0,3240.0,2024-06-18
2024061801025129,MKHC,17,35,20.0,324.0,6480.0,2024-06-18
2024061801025128,MKHC,17,26,180.0,323.9,58302.0,2024-06-18
2024061803014153,KMCDB,77,6,50.0,1091.0,54550.0,2024-06-18
2024061803014152,KMCDB,77,16,200.0,1091.0,218200.0,2024-06-18
2024061803014151,KMCDB,77,57,550.0,1090.0,599500.0,2024-06-18
2024061803014150,KMCDB,77,77,590.0,1090.0,643100.0,2024-06-18
2024061803014149,KMCDB,77,77,200.0,1090.0,218000.0,2024-06-18
2024061803014148,KMCDB,77,54,146.0,1084.9,158395.4,2024-06-18
2024061803014147,KMCDB,77,29,14.0,1084.8,15187.2,2024-06-18
2024061803014146,KMCDB,77,51,30.0,1082.0,32460.0,2024-06-18
2024061803014145,KMCDB,77,32,80.0,1081.2,86496.0,2024-06-18
2024061803014144,KMCDB,77,84,500.0,1081.0,540500.0,2024-06-18
2024061803014143,KMCDB,77,14,50.0,1080.0,54000.0,2024-06-18
2024061803014142,KMCDB,77,55,100.0,1080.0,108000.0,2024-06-18
2024061803014141,KMCDB,77,44,14.0,1080.0,15120.0,2024-06-18
2024061803014140,KMCDB,77,54,150.0,1079.6,161940.0,2024-06-18
2024061803014139,KMCDB,77,57,14.0,1079.0,15106.0,2024-06-18
2024061803014138,KMCDB,77,25,500.0,1078.0,539000.0,2024-06-18
2024061803014137,KMCDB,77,53,100.0,1078.0,107800.0,2024-06-18
2024061803014136,KMCDB,77,59,30.0,1076.5,32295.0,2024-06-18
2024061801025127,HDL,47,38,10.0,1277.0,12770.0,2024-06-18
2024061801025126,NYADI,54,3,38.0,302.0,11476.0,2024-06-18
2024061804013177,KPCL,44,45,10.0,460.0,4600.0,2024-06-18
2024061803014135,GUFL,41,21,100.0,734.9,73490.0,2024-06-18
2024061803014134,SJLIC,34,43,10.0,407.0,4070.0,2024-06-18
2024061801025125,SRLI,58,13,10.0,434.1,4341.0,2024-06-18
2024061804013176,UPCL,58,59,455.0,194.9,88679.5,2024-06-18
2024061804013175,UNHPL,13,32,380.0,240.0,91200.0,2024-06-18
2024061804013174,UNHPL,35,32,120.0,240.0,28800.0,2024-06-18
2024061803014133,SDLBSL,28,52,38.0,1193.6,45356.8,2024-06-18
2024061803014132,SDLBSL,28,52,24.0,1194.0,28656.0,2024-06-18
2024061803014131,SDLBSL,17,52,21.0,1194.0,25074.0,2024-06-18
2024061801025124,SMH,52,57,100.0,802.0,80200.0,2024-06-18
2024061801025123,NWCL,42,45,10.0,866.0,8660.0,2024-06-18
2024061801025122,NWCL,42,8,10.0,864.0,8640.0,2024-06-18
2024061801025121,MBL,42,13,25.0,172.0,4300.0,2024-06-18
2024061801025120,GCIL,42,13,100.0,477.0,47700.0,2024-06-18
2024061803014130,LBBL,45,26,30.0,378.7,11361.0,2024-06-18
2024061803014129,KMCDB,34,59,10.0,1076.3,10763.0,2024-06-18
2024061804013173,LEC,41,65,38.0,187.0,7106.0,2024-06-18
2024061804013172,LEC,41,82,50.0,186.6,9330.0,2024-06-18
2024061801025119,SMJC,44,16,100.0,391.1,39110.0,2024-06-18
2024061804013171,UAIL,42,64,50.0,565.0,28250.0,2024-06-18
2024061804013170,UAIL,22,64,40.0,565.0,22600.0,2024-06-18
2024061804013169,UAIL,56,64,300.0,565.0,169500.0,2024-06-18
2024061804013168,UAIL,35,64,41.0,565.5,23185.5,2024-06-18
2024061804013167,UAIL,58,64,14.0,567.0,7938.0,2024-06-18
2024061801025118,CITY,56,72,30.0,708.0,21240.0,2024-06-18
2024061801025117,LSL,19,41,10.0,154.8,1548.0,2024-06-18
2024061801025116,MEHL,47,38,173.0,350.0,60550.0,2024-06-18
2024061801025115,MEHL,47,44,10.0,350.0,3500.0,2024-06-18
2024061801025114,MEHL,47,59,164.0,350.0,57400.0,2024-06-18
2024061801025113,MEHL,47,25,150.0,349.9,52485.0,2024-06-18
2024061801025112,MEHL,47,65,300.0,349.2,104760.0,2024-06-18
2024061801025111,MEHL,47,52,10.0,349.0,3490.0,2024-06-18
2024061801025110,MEHL,47,47,103.0,349.0,35947.0,2024-06-18
2024061801025109,MEHL,47,57,20.0,348.8,6976.0,2024-06-18
2024061801025108,MEHL,47,25,70.0,348.7,24409.0,2024-06-18
2024061801025107,MAKAR,58,38,10.0,402.1,4021.0,2024-06-18
2024061801025106,MKHL,58,21,10.0,440.7,4407.0,2024-06-18
2024061803014128,GUFL,41,13,82.0,734.9,60261.8,2024-06-18
2024061801025105,BHL,14,58,10.0,353.9,3539.0,2024-06-18
2024061804013166,PRIN,98,84,150.0,773.9,116085.0,2024-06-18
2024061804013165,SSHL,74,58,40.0,179.4,7176.0,2024-06-18
2024061804013164,SSHL,34,58,100.0,179.4,17940.0,2024-06-18
2024061804013163,SGIC,1,65,130.0,533.9,69407.0,2024-06-18
2024061804013162,SALICO,44,6,500.0,676.0,338000.0,2024-06-18
2024061803014127,SFCL,22,6,100.0,402.0,40200.0,2024-06-18
2024061803014126,SFCL,43,6,100.0,402.0,40200.0,2024-06-18
2024061803014125,SFCL,45,6,100.0,402.0,40200.0,2024-06-18
2024061803014124,SFCL,58,6,750.0,402.0,301500.0,2024-06-18
2024061803014123,SFCL,38,6,200.0,402.0,80400.0,2024-06-18
2024061801025104,SONA,13,28,10.0,445.1,4451.0,2024-06-18
2024061803014122,SFCL,36,6,542.0,402.0,217884.0,2024-06-18
2024061803014121,SFCL,58,6,265.0,402.9,106768.5,2024-06-18
2024061801025103,NRM,49,65,50.0,397.0,19850.0,2024-06-18
2024061804013161,SSHL,34,49,100.0,179.4,17940.0,2024-06-18
2024061804013160,SSHL,14,49,100.0,179.4,17940.0,2024-06-18
2024061801025102,KBL,37,49,407.0,138.0,56166.0,2024-06-18
2024061801025101,KBL,32,49,10.0,138.1,1381.0,2024-06-18
2024061805005327,STC,51,53,10.0,4700.0,47000.0,2024-06-18
2024061804013159,UMRH,6,47,25.0,417.2,10430.0,2024-06-18
2024061801025100,MBL,8,45,226.0,171.1,38668.6,2024-06-18
2024061804013158,NIL,45,33,24.0,791.0,18984.0,2024-06-18
2024061801025099,GVL,66,44,100.0,548.8,54880.0,2024-06-18
2024061801025098,RAWA,44,59,10.0,555.0,5550.0,2024-06-18
2024061801025097,HBL,35,21,1109.0,182.0,201838.0,2024-06-18
2024061801025096,HBL,58,21,95.0,182.1,17299.5,2024-06-18
2024061805005326,NIFRA,7,25,50.0,192.9,9645.0,2024-06-18
2024061801025095,MEHL,13,25,10.0,348.7,3487.0,2024-06-18
2024061805005325,PSF,65,36,100.0,9.1,910.0,2024-06-18
2024061805005324,PSF,65,34,100.0,9.1,910.0,2024-06-18
2024061804013157,SPIL,83,36,160.0,784.2,125472.0,2024-06-18
2024061804013156,SPIL,33,36,20.0,784.3,15686.0,2024-06-18
2024061801025094,JALPA,58,25,10.0,1366.9,13669.0,2024-06-18
2024061801025093,JALPA,58,29,90.0,1366.0,122940.0,2024-06-18
2024061801025092,HDL,42,38,35.0,1277.0,44695.0,2024-06-18
2024061803014120,GMFIL,25,41,11.0,402.2,4424.2,2024-06-18
2024061801025091,UHEWA,65,17,162.0,475.0,76950.0,2024-06-18
2024061801025090,UHEWA,57,17,200.0,475.1,95020.0,2024-06-18
2024061801025089,UHEWA,21,17,88.0,475.1,41808.8,2024-06-18
2024061801025088,UHEWA,49,17,50.0,475.4,23770.0,2024-06-18
2024061801025087,IHL,47,17,85.0,432.6,36771.0,2024-06-18
2024061801025086,VLUCL,38,56,175.0,510.0,89250.0,2024-06-18
2024061801025085,VLUCL,58,56,80.0,510.0,40800.0,2024-06-18
2024061801025084,VLUCL,25,56,50.0,510.0,25500.0,2024-06-18
2024061801025083,VLUCL,57,56,10.0,510.0,5100.0,2024-06-18
2024061801025082,VLUCL,58,56,50.0,510.0,25500.0,2024-06-18
2024061801025081,VLUCL,45,56,90.0,510.0,45900.0,2024-06-18
2024061801025080,VLUCL,4,56,450.0,510.0,229500.0,2024-06-18
2024061801025079,VLUCL,38,56,50.0,510.0,25500.0,2024-06-18
2024061801025078,VLUCL,42,56,45.0,510.1,22954.5,2024-06-18
2024061801025077,SAHAS,45,56,60.0,519.0,31140.0,2024-06-18
2024061801025076,ULHC,57,35,100.0,386.0,38600.0,2024-06-18
2024061801025075,ULHC,22,35,36.0,386.0,13896.0,2024-06-18
2024061801025074,ULHC,10,35,250.0,386.0,96500.0,2024-06-18
2024061801025073,ULHC,28,35,100.0,386.0,38600.0,2024-06-18
2024061801025072,USHEC,19,45,180.0,453.1,81558.0,2024-06-18
2024061801025071,USHEC,47,45,20.0,453.2,9064.0,2024-06-18
2024061805005323,HRL,4,33,10.0,551.2,5512.0,2024-06-18
2024061801025070,ILI,38,50,100.0,429.0,42900.0,2024-06-18
2024061803014119,SHINE,22,42,50.0,382.0,19100.0,2024-06-18
2024061804013155,UPPER,44,56,6.0,160.0,960.0,2024-06-18
2024061803014118,MLBBL,42,7,80.0,1388.0,111040.0,2024-06-18
2024061801025069,SNLI,1,3,92.0,470.6,43295.2,2024-06-18
2024061801025068,SIKLES,63,14,934.0,581.0,542654.0,2024-06-18
2024061801025067,CYCL,58,14,10.0,1490.1,14901.0,2024-06-18
2024061801025066,MKHL,6,33,25.0,441.0,11025.0,2024-06-18
2024061801025065,SAHAS,45,26,90.0,519.0,46710.0,2024-06-18
2024061801025064,SAHAS,52,26,10.0,520.0,5200.0,2024-06-18
2024061801025063,SMJC,44,94,210.0,391.1,82131.0,2024-06-18
2024061801025062,SMJC,32,94,90.0,391.2,35208.0,2024-06-18
2024061801025061,NBL,84,54,50.0,213.9,10695.0,2024-06-18
2024061805005322,CHDC,56,25,100.0,1030.0,103000.0,2024-06-18
2024061801025060,CLI,35,19,200.0,483.2,96640.0,2024-06-18
2024061801025059,HHL,5,21,10.0,369.9,3699.0,2024-06-18
2024061801025058,ULHC,57,5,43.0,386.0,16598.0,2024-06-18
2024061801025057,BHDC,48,33,200.0,571.0,114200.0,2024-06-18
2024061801025056,BHDC,33,33,100.0,571.0,57100.0,2024-06-18
2024061803014117,JBBL,53,22,50.0,286.6,14330.0,2024-06-18
2024061801025055,SPL,34,42,120.0,778.0,93360.0,2024-06-18
2024061803014116,EDBL,14,14,200.0,378.2,75640.0,2024-06-18
2024061801025054,SMH,52,71,114.0,802.0,91428.0,2024-06-18
2024061805005321,HRL,4,57,10.0,551.2,5512.0,2024-06-18
2024061804013154,NGPL,42,58,200.0,315.1,63020.0,2024-06-18
2024061801025053,MKHC,5,26,20.0,323.9,6478.0,2024-06-18
2024061801025052,SPL,41,42,50.0,778.0,38900.0,2024-06-18
2024061805005320,CHDC,17,25,10.0,1030.0,10300.0,2024-06-18
2024061801025051,GVL,34,56,195.0,545.0,106275.0,2024-06-18
2024061804013153,GLH,17,77,1930.0,215.3,415529.0,2024-06-18
2024061804013152,GLH,58,77,50.0,215.4,10770.0,2024-06-18
2024061804013151,GLH,26,77,20.0,215.5,4310.0,2024-06-18
2024061801025050,GCIL,48,13,210.0,477.0,100170.0,2024-06-18
2024061801025049,GCIL,48,46,290.0,477.0,138330.0,2024-06-18
2024061801025048,SARBTM,39,49,50.0,790.0,39500.0,2024-06-18
2024061801025047,SARBTM,39,19,50.0,790.0,39500.0,2024-06-18
2024061801025046,SARBTM,39,48,30.0,790.0,23700.0,2024-06-18
2024061801025045,ULHC,57,45,50.0,386.0,19300.0,2024-06-18
2024061803014115,HLBSL,10,38,164.0,1290.8,211691.2,2024-06-18
2024061803014114,HLBSL,51,38,26.0,1291.0,33566.0,2024-06-18
2024061803014113,HLBSL,47,38,10.0,1300.0,13000.0,2024-06-18
2024061803014112,HLBSL,58,38,300.0,1300.1,390030.0,2024-06-18
2024061801025044,CITY,50,72,30.0,708.0,21240.0,2024-06-18
2024061801025043,CITY,38,72,40.0,708.0,28320.0,2024-06-18
2024061801025042,SAHAS,55,51,10.0,522.0,5220.0,2024-06-18
2024061801025041,SONA,13,10,10.0,446.0,4460.0,2024-06-18
2024061803014111,EDBL,14,35,10.0,381.0,3810.0,2024-06-18
2024061804013150,UPPER,51,53,500.0,159.8,79900.0,2024-06-18
2024061803014110,GUFL,41,57,800.0,734.9,587920.0,2024-06-18
2024061801025040,AHL,6,50,10.0,500.0,5000.0,2024-06-18
2024061801025039,BHPL,58,50,20.0,684.0,13680.0,2024-06-18
2024061804013149,AHPC,21,58,20.0,156.0,3120.0,2024-06-18
2024061801025038,SPL,58,58,10.0,777.0,7770.0,2024-06-18
2024061803014109,GBLBS,5,84,50.0,777.0,38850.0,2024-06-18
2024061803014108,GBLBS,7,84,100.0,777.0,77700.0,2024-06-18
2024061803014107,GBLBS,6,84,200.0,777.0,155400.0,2024-06-18
2024061803014106,GUFL,41,56,100.0,734.9,73490.0,2024-06-18
2024061803014105,SMFBS,63,44,10.0,1390.0,13900.0,2024-06-18
2024061804013148,UNHPL,35,48,380.0,240.0,91200.0,2024-06-18
2024061804013147,UNHPL,40,48,50.0,240.0,12000.0,2024-06-18
2024061804013146,UNHPL,19,48,350.0,240.0,84000.0,2024-06-18
2024061804013145,UNHPL,68,48,50.0,240.0,12000.0,2024-06-18
2024061804013144,UNHPL,47,48,100.0,240.0,24000.0,2024-06-18
2024061804013143,UNHPL,43,48,60.0,240.0,14400.0,2024-06-18
2024061804013142,UNHPL,45,48,10.0,240.1,2401.0,2024-06-18
2024061803014104,NUBL,54,45,100.0,672.0,67200.0,2024-06-18
2024061801025037,CITY,38,34,60.0,708.0,42480.0,2024-06-18
2024061803014103,DDBL,56,38,200.0,798.0,159600.0,2024-06-18
2024061803014102,NUBL,38,6,10.0,674.0,6740.0,2024-06-18
2024061804013141,MEN,88,77,10.0,613.0,6130.0,2024-06-18
2024061804013140,SSHL,34,21,100.0,180.0,18000.0,2024-06-18
2024061801025036,MEL,88,34,470.0,224.8,105656.0,2024-06-18
2024061803014101,GLBSL,36,34,17.0,1815.0,30855.0,2024-06-18
2024061803014100,PROFL,42,53,187.0,373.0,69751.0,2024-06-18
2024061803014099,PROFL,43,53,13.0,373.0,4849.0,2024-06-18
2024061803014098,PROFL,38,53,300.0,373.1,111930.0,2024-06-18
2024061804013139,IGI,52,34,145.0,523.5,75907.5,2024-06-18
2024061801025035,CITY,52,34,10.0,708.0,7080.0,2024-06-18
2024061803014097,NFS,69,25,100.0,658.6,65860.0,2024-06-18
2024061803014096,MSLB,25,66,10.0,1347.0,13470.0,2024-06-18
2024061804013138,AHPC,21,10,11.0,156.0,1716.0,2024-06-18
2024061804013137,SALICO,44,6,500.0,676.0,338000.0,2024-06-18
2024061801025034,BHL,26,58,10.0,352.0,3520.0,2024-06-18
2024061804013136,JOSHI,71,49,350.0,300.0,105000.0,2024-06-18
2024061801025033,MEL,4,29,400.0,225.0,90000.0,2024-06-18
2024061803014095,ALBSL,33,35,100.0,978.0,97800.0,2024-06-18
2024061801025032,RNLI,45,32,10.0,426.5,4265.0,2024-06-18
2024061801025031,RNLI,45,57,10.0,426.5,4265.0,2024-06-18
2024061801025030,RNLI,45,13,11.0,426.0,4686.0,2024-06-18
2024061801025029,RNLI,45,4,11.0,426.0,4686.0,2024-06-18
2024061801025028,RNLI,45,57,20.0,426.0,8520.0,2024-06-18
2024061805005319,SMATA,38,38,500.0,1030.0,515000.0,2024-06-18
2024061801025027,EBL,46,55,12.0,529.0,6348.0,2024-06-18
2024061801025026,EBL,46,6,22.0,527.5,11605.0,2024-06-18
2024061801025025,GCIL,71,46,60.0,475.0,28500.0,2024-06-18
2024061801025024,GCIL,13,46,20.0,475.0,9500.0,2024-06-18
2024061801025023,GCIL,58,46,504.0,475.0,239400.0,2024-06-18
2024061801025022,GCIL,45,46,55.0,475.0,26125.0,2024-06-18
2024061801025021,GCIL,28,46,361.0,476.0,171836.0,2024-06-18
2024061804013135,MEN,88,13,31.0,612.0,18972.0,2024-06-18
2024061803014094,PROFL,14,61,100.0,374.0,37400.0,2024-06-18
2024061801025020,NBL,32,52,40.0,213.8,8552.0,2024-06-18
2024061801025019,GCIL,28,28,11.0,476.0,5236.0,2024-06-18
2024061803014093,USLB,96,57,10.0,1829.0,18290.0,2024-06-18
2024061803014092,ICFC,59,57,10.0,519.0,5190.0,2024-06-18
2024061801025018,MEHL,17,48,100.0,343.2,34320.0,2024-06-18
2024061803014091,SKBBL,17,43,33.0,815.0,26895.0,2024-06-18
2024061803014090,SKBBL,22,43,28.0,815.1,22822.8,2024-06-18
2024061801025017,GVL,66,19,500.0,548.0,274000.0,2024-06-18
2024061801025016,GVL,66,29,100.0,546.0,54600.0,2024-06-18
2024061801025015,MMKJL,33,67,10.0,459.0,4590.0,2024-06-18
2024061803014089,SFCL,58,38,70.0,402.9,28203.0,2024-06-18
2024061801025014,RNLI,44,57,100.0,426.0,42600.0,2024-06-18
2024061801025013,HDL,44,38,10.0,1277.0,12770.0,2024-06-18
2024061803014088,HLI,28,34,640.0,380.0,243200.0,2024-06-18
2024061803014087,ALICL,34,78,10.0,565.9,5659.0,2024-06-18
2024061804013134,KKHC,34,34,25.0,234.0,5850.0,2024-06-18
2024061804013133,KKHC,34,54,90.0,232.9,20961.0,2024-06-18
2024061804013132,KKHC,34,26,10.0,232.0,2320.0,2024-06-18
2024061801025012,MANDU,57,6,10.0,1002.0,10020.0,2024-06-18
2024061803014086,NFS,69,42,200.0,658.6,131720.0,2024-06-18
2024061801025011,SRLI,38,58,10.0,434.0,4340.0,2024-06-18
2024061801025010,MANDU,65,58,10.0,1001.0,10010.0,2024-06-18
2024061803014085,GUFL,41,56,500.0,734.9,367450.0,2024-06-18
2024061801025009,PRVU,32,22,470.0,142.9,67163.0,2024-06-18
2024061803014084,NLIC,44,55,100.0,608.0,60800.0,2024-06-18
2024061804013131,HPPL,42,53,10.0,267.5,2675.0,2024-06-18
2024061803014083,PROFL,42,61,10.0,374.0,3740.0,2024-06-18
2024061803014082,PROFL,19,61,30.0,374.0,11220.0,2024-06-18
2024061801025008,SHIVM,47,70,200.0,490.0,98000.0,2024-06-18
2024061801025007,HDL,38,42,17.0,1276.6,21702.2,2024-06-18
2024061803014081,MERO,64,6,175.0,690.0,120750.0,2024-06-18
2024061803014080,MERO,64,54,20.0,689.0,13780.0,2024-06-18
2024061805005318,HRL,4,58,31.0,551.2,17087.2,2024-06-18
2024061801025006,MANDU,65,58,10.0,1001.0,10010.0,2024-06-18
2024061801025005,ANLB,58,33,10.0,2399.0,23990.0,2024-06-18
2024061801025004,MBJC,45,58,10.0,302.0,3020.0,2024-06-18
2024061801025003,TSHL,45,45,10.0,522.0,5220.0,2024-06-18
2024061801025002,NICA,33,17,300.0,404.0,121200.0,2024-06-18
2024061801025001,SAND2085,33,45,5.0,1105.0,5525.0,2024-06-18
2024061801025000,MHCL,33,52,30.0,405.0,12150.0,2024-06-18
2024061804013130,IGI,56,1,155.0,523.2,81096.0,2024-06-18
2024061804013129,IGI,18,1,300.0,523.2,156960.0,2024-06-18
2024061804013128,IGI,34,1,15.0,523.2,7848.0,2024-06-18
2024061804013127,IGI,7,1,30.0,523.3,15699.0,2024-06-18
2024061803014079,NLIC,57,57,1.0,597.8,597.8,2024-06-18
2024061801024999,HDL,42,38,50.0,1277.0,63850.0,2024-06-18
2024061803014078,NLIC,44,42,120.0,608.0,72960.0,2024-06-18
2024061801024998,NBL,84,52,10.0,213.8,2138.0,2024-06-18
2024061801024997,NBL,84,22,60.0,213.8,12828.0,2024-06-18
2024061803014077,SFCL,58,56,165.0,402.9,66478.5,2024-06-18
2024061804013126,HURJA,10,35,396.0,299.0,118404.0,2024-06-18
2024061804013125,HURJA,28,35,100.0,299.0,29900.0,2024-06-18
2024061804013124,HURJA,41,35,64.0,299.0,19136.0,2024-06-18
2024061804013123,SALICO,44,19,87.0,676.0,58812.0,2024-06-18
2024061801024996,SARBTM,67,48,100.0,788.6,78860.0,2024-06-18
2024061805005317,NRIC,39,51,30.0,631.0,18930.0,2024-06-18
2024061805005316,NRIC,39,14,70.0,631.0,44170.0,2024-06-18
2024061801024995,TPC,45,85,10.0,520.0,5200.0,2024-06-18
2024061804013122,SICL,53,33,100.0,700.1,70010.0,2024-06-18
2024061804013121,SSHL,22,21,10.0,180.0,1800.0,2024-06-18
2024061803014076,MLBBL,7,34,10.0,1393.0,13930.0,2024-06-18
2024061804013120,RURU,42,55,100.0,632.0,63200.0,2024-06-18
2024061804013119,KKHC,34,26,10.0,232.0,2320.0,2024-06-18
2024061801024994,NIMB,52,3,130.0,156.8,20384.0,2024-06-18
2024061804013118,RADHI,85,6,50.0,262.0,13100.0,2024-06-18
2024061804013117,MEN,16,35,10.0,614.0,6140.0,2024-06-18
2024061801024993,UHEWA,49,64,50.0,475.4,23770.0,2024-06-18
2024061803014075,SFCL,49,55,10.0,403.0,4030.0,2024-06-18
2024061803014074,SFCL,49,34,300.0,403.0,120900.0,2024-06-18
2024061803014073,SFCL,49,14,200.0,402.9,80580.0,2024-06-18
2024061803014072,SFCL,49,41,50.0,402.7,20135.0,2024-06-18
2024061801024992,KDL,49,4,10.0,1206.0,12060.0,2024-06-18
2024061803014071,GFCL,42,4,31.0,513.0,15903.0,2024-06-18
2024061805005315,NTC,17,4,25.0,820.0,20500.0,2024-06-18
2024061801024991,MKJC,39,6,150.0,523.8,78570.0,2024-06-18
2024061801024990,MKJC,39,51,50.0,522.0,26100.0,2024-06-18
2024061804013116,AKJCL,35,43,1210.0,213.6,258456.0,2024-06-18
2024061804013115,AKJCL,35,43,10.0,213.6,2136.0,2024-06-18
2024061804013114,AKJCL,35,43,10.0,213.6,2136.0,2024-06-18
2024061804013113,AKJCL,29,43,1800.0,213.7,384660.0,2024-06-18
2024061803014070,VLBS,45,25,12.0,1045.0,12540.0,2024-06-18
2024061803014069,VLBS,45,50,50.0,1044.0,52200.0,2024-06-18
2024061803014068,VLBS,45,57,38.0,1044.0,39672.0,2024-06-18
2024061804013112,SHPC,62,62,500.0,321.1,160550.0,2024-06-18
2024061803014067,PFL,51,38,206.0,592.2,121993.2,2024-06-18
2024061803014066,PFL,54,38,186.0,592.3,110167.8,2024-06-18
2024061805005314,NIFRA,64,34,626.0,192.0,120192.0,2024-06-18
2024061805005313,NIFRA,58,34,24.0,192.3,4615.2,2024-06-18
2024061805005312,NIFRA,42,34,262.0,192.3,50382.6,2024-06-18
2024061805005311,NIFRA,58,34,88.0,192.5,16940.0,2024-06-18
2024061801024989,UHEWA,49,34,300.0,475.4,142620.0,2024-06-18
2024061803014065,SFCL,36,61,350.0,402.0,140700.0,2024-06-18
2024061803014064,GUFL,41,67,500.0,734.9,367450.0,2024-06-18
2024061801024988,DORDI,34,17,30.0,418.0,12540.0,2024-06-18
2024061801024987,RHGCL,63,22,40.0,355.0,14200.0,2024-06-18
2024061801024986,RHGCL,63,55,10.0,355.0,3550.0,2024-06-18
2024061801024985,RHGCL,63,57,70.0,355.0,24850.0,2024-06-18
2024061801024984,RHGCL,63,58,10.0,354.0,3540.0,2024-06-18
2024061801024983,RHGCL,63,21,10.0,353.5,3535.0,2024-06-18
2024061801024982,RHGCL,63,1,10.0,353.0,3530.0,2024-06-18
2024061801024981,RHGCL,63,21,10.0,352.0,3520.0,2024-06-18
2024061801024980,RHGCL,63,58,10.0,352.0,3520.0,2024-06-18
2024061801024979,RHGCL,63,57,130.0,351.7,45721.0,2024-06-18
2024061803014063,FMDBL,39,35,35.0,662.0,23170.0,2024-06-18
2024061803014062,FMDBL,58,35,190.0,662.1,125799.0,2024-06-18
2024061803014061,FMDBL,56,35,200.0,662.2,132440.0,2024-06-18
2024061803014060,FMDBL,28,35,50.0,662.5,33125.0,2024-06-18
2024061803014059,FMDBL,17,35,25.0,662.5,16562.5,2024-06-18
2024061803014058,ACLBSL,48,57,10.0,986.0,9860.0,2024-06-18
2024061805005310,SLCF,48,58,100.0,8.11,811.0,2024-06-18
2024061805005309,CIT,1,54,30.0,2115.9,63477.0,2024-06-18
2024061801024978,AVYAN,88,58,10.0,927.0,9270.0,2024-06-18
2024061801024977,AVYAN,88,49,10.0,926.5,9265.0,2024-06-18
2024061801024976,AVYAN,88,62,15.0,925.0,13875.0,2024-06-18
2024061801024975,HDL,19,38,10.0,1277.0,12770.0,2024-06-18
2024061801024974,HDL,42,38,50.0,1277.0,63850.0,2024-06-18
2024061801024973,HDL,50,38,10.0,1277.0,12770.0,2024-06-18
2024061801024972,HDL,41,38,50.0,1277.1,63855.0,2024-06-18
2024061803014057,MFIL,21,21,650.0,512.0,332800.0,2024-06-18
2024061804013111,SPDL,89,22,762.0,247.0,188214.0,2024-06-18
2024061804013110,SPDL,89,11,100.0,247.0,24700.0,2024-06-18
2024061804013109,SPDL,89,57,100.0,247.0,24700.0,2024-06-18
2024061804013108,SPDL,89,57,500.0,246.9,123450.0,2024-06-18
2024061804013107,SPDL,89,34,113.0,246.5,27854.5,2024-06-18
2024061804013106,SPDL,89,16,175.0,246.4,43120.0,2024-06-18
2024061804013105,SPDL,89,64,150.0,246.0,36900.0,2024-06-18
2024061804013104,SPDL,89,50,100.0,245.9,24590.0,2024-06-18
2024061801024971,GVL,34,14,160.0,545.0,87200.0,2024-06-18
2024061801024970,GVL,70,14,650.0,545.0,354250.0,2024-06-18
2024061801024969,MEL,36,29,100.0,225.0,22500.0,2024-06-18
2024061803014056,GUFL,41,34,100.0,734.9,73490.0,2024-06-18
2024061804013103,DHPL,52,58,20.0,221.0,4420.0,2024-06-18
2024061801024968,HATHY,69,48,316.0,900.0,284400.0,2024-06-18
2024061801024967,HATHY,69,25,90.0,900.0,81000.0,2024-06-18
2024061801024966,HATHY,69,38,50.0,900.0,45000.0,2024-06-18
2024061801024965,HATHY,69,57,200.0,899.9,179980.0,2024-06-18
2024061801024964,HATHY,69,21,22.0,899.9,19797.8,2024-06-18
2024061801024963,HATHY,69,21,400.0,899.8,359920.0,2024-06-18
2024061801024962,HATHY,69,21,22.0,899.0,19778.0,2024-06-18
2024061801024961,TVCL,45,16,220.0,461.0,101420.0,2024-06-18
2024061804013102,UNHPL,45,26,490.0,240.1,117649.0,2024-06-18
2024061804013101,UNHPL,50,26,500.0,240.1,120050.0,2024-06-18
2024061804013100,UNHPL,1,26,10.0,240.5,2405.0,2024-06-18
2024061801024960,NIBD2082,38,42,25.0,1081.0,27025.0,2024-06-18
2024061801024959,MEHL,17,14,25.0,348.5,8712.5,2024-06-18
2024061801024958,NABIL,35,29,100.0,470.0,47000.0,2024-06-18
2024061805005308,HRL,4,58,10.0,551.2,5512.0,2024-06-18
2024061801024957,TAMOR,47,64,10.0,397.0,3970.0,2024-06-18
2024061801024956,AVYAN,62,92,110.0,911.4,100254.0,2024-06-18
2024061801024955,AVYAN,13,92,90.0,912.0,82080.0,2024-06-18
2024061801024954,AVYAN,6,92,150.0,912.2,136830.0,2024-06-18
2024061801024953,AVYAN,88,92,50.0,913.0,45650.0,2024-06-18
2024061801024952,AVYAN,88,92,50.0,913.5,45675.0,2024-06-18
2024061801024951,AVYAN,88,92,50.0,914.1,45705.0,2024-06-18
2024061801024950,BHPL,19,38,90.0,675.0,60750.0,2024-06-18
2024061801024949,GVL,70,14,100.0,545.0,54500.0,2024-06-18
2024061803014055,EDBL,14,35,20.0,381.0,7620.0,2024-06-18
2024061804013099,UNHPL,1,42,290.0,240.5,69745.0,2024-06-18
2024061801024948,CITY,13,34,130.0,708.0,92040.0,2024-06-18
2024061804013098,UMRH,6,49,10.0,418.0,4180.0,2024-06-18
2024061804013097,UMRH,6,51,40.0,418.0,16720.0,2024-06-18
2024061801024947,UHEWA,26,34,10.0,475.5,4755.0,2024-06-18
2024061803014054,SFCL,36,41,70.0,402.0,28140.0,2024-06-18
2024061803014053,GBLBS,21,84,495.0,778.0,385110.0,2024-06-18
2024061803014052,GBLBS,28,84,13.0,778.0,10114.0,2024-06-18
2024061803014051,GBLBS,86,84,392.0,778.1,305015.2,2024-06-18
2024061804013096,IGI,7,17,70.0,523.3,36631.0,2024-06-18
2024061804013095,IGI,57,17,10.0,523.3,5233.0,2024-06-18
2024061804013094,IGI,57,17,20.0,523.4,10468.0,2024-06-18
2024061801024946,CKHL,58,34,400.0,597.0,238800.0,2024-06-18
2024061804013093,SHPC,5,47,10.0,321.2,3212.0,2024-06-18
2024061803014050,EDBL,14,43,60.0,378.2,22692.0,2024-06-18
2024061804013092,NLG,14,71,70.0,754.2,52794.0,2024-06-18
2024061804013091,NLG,13,71,20.0,754.2,15084.0,2024-06-18
2024061804013090,NLG,59,71,60.0,754.3,45258.0,2024-06-18
2024061804013089,NLG,57,71,100.0,754.4,75440.0,2024-06-18
2024061801024945,UHEWA,49,45,50.0,475.4,23770.0,2024-06-18
2024061801024944,IHL,29,38,140.0,432.0,60480.0,2024-06-18
2024061804013088,MEN,45,29,1000.0,613.0,613000.0,2024-06-18
2024061801024943,HHL,46,21,130.0,368.2,47866.0,2024-06-18
2024061801024942,HHL,50,21,103.0,368.2,37924.6,2024-06-18
2024061805005307,STC,33,53,19.0,4700.0,89300.0,2024-06-18
2024061805005306,STC,33,53,71.0,4696.0,333416.0,2024-06-18
2024061804013087,NGPL,7,55,10.0,315.0,3150.0,2024-06-18
2024061803014049,DDBL,56,14,90.0,798.0,71820.0,2024-06-18
2024061801024941,NWCL,25,57,60.0,865.0,51900.0,2024-06-18
2024061804013086,NGPL,7,52,30.0,315.0,9450.0,2024-06-18
2024061804013085,UAIL,34,16,10.0,568.0,5680.0,2024-06-18
2024061804013084,UAIL,34,36,10.0,567.0,5670.0,2024-06-18
2024061805005305,NIFRA,58,6,10.0,192.5,1925.0,2024-06-18
2024061804013083,SJCL,42,41,15.0,265.0,3975.0,2024-06-18
2024061801024940,MKHL,41,33,10.0,441.0,4410.0,2024-06-18
2024061803014048,JBBL,77,17,17.0,286.7,4873.9,2024-06-18
2024061801024939,MANDU,65,49,10.0,1001.0,10010.0,2024-06-18
2024061801024938,KBSH,49,84,10.0,1557.0,15570.0,2024-06-18
2024061801024937,RNLI,56,57,20.0,426.0,8520.0,2024-06-18
2024061803014047,KMCDB,77,92,502.0,1073.0,538646.0,2024-06-18
2024061803014046,KMCDB,77,54,100.0,1073.0,107300.0,2024-06-18
2024061803014045,KMCDB,77,45,200.0,1070.0,214000.0,2024-06-18
2024061803014044,KMCDB,77,8,14.0,1070.0,14980.0,2024-06-18
2024061803014043,KMCDB,77,62,700.0,1070.0,749000.0,2024-06-18
2024061803014042,KMCDB,77,55,70.0,1070.0,74900.0,2024-06-18
2024061803014041,KMCDB,77,25,1200.0,1069.8,1283760.0,2024-06-18
2024061803014040,KMCDB,77,11,14.0,1065.0,14910.0,2024-06-18
2024061803014039,KMCDB,77,42,106.0,1065.0,112890.0,2024-06-18
2024061803014038,KMCDB,77,56,970.0,1060.0,1028200.0,2024-06-18
2024061803014037,KRBL,58,35,400.0,440.0,176000.0,2024-06-18
2024061804013082,DHPL,7,58,300.0,221.0,66300.0,2024-06-18
2024061801024936,MSHL,48,14,37.0,667.0,24679.0,2024-06-18
2024061801024935,MSHL,48,34,13.0,667.0,8671.0,2024-06-18
2024061801024934,MSHL,48,42,50.0,666.9,33345.0,2024-06-18
2024061804013081,CHL,29,57,300.0,321.1,96330.0,2024-06-18
2024061803014036,RSDC,65,29,160.0,672.2,107552.0,2024-06-18
2024061803014035,RSDC,42,29,125.0,672.3,84037.5,2024-06-18
2024061803014034,RSDC,52,29,40.0,672.4,26896.0,2024-06-18
2024061803014033,RSDC,38,29,165.0,672.4,110946.0,2024-06-18
2024061803014032,RSDC,8,29,10.0,672.4,6724.0,2024-06-18
2024061804013080,GHL,46,50,100.0,150.7,15070.0,2024-06-18
2024061801024933,MANDU,65,32,500.0,1001.0,500500.0,2024-06-18
2024061803014031,PROFL,19,42,100.0,374.0,37400.0,2024-06-18
2024061803014030,PROFL,6,42,50.0,374.1,18705.0,2024-06-18
2024061803014029,PROFL,3,42,200.0,374.2,74840.0,2024-06-18
2024061801024932,CITY,13,94,290.0,708.0,205320.0,2024-06-18
2024061801024931,CITY,58,94,10.0,708.0,7080.0,2024-06-18
2024061801024930,GCIL,45,17,60.0,475.0,28500.0,2024-06-18
2024061801024929,GCIL,37,17,20.0,475.1,9502.0,2024-06-18
2024061803014028,HLI,28,17,298.0,380.5,113389.0,2024-06-18
2024061801024928,AVYAN,42,56,10.0,919.0,9190.0,2024-06-18
2024061803014027,MPFL,77,49,29.0,494.0,14326.0,2024-06-18
2024061803014026,MPFL,77,14,60.0,493.0,29580.0,2024-06-18
2024061803014025,MPFL,77,35,100.0,493.0,49300.0,2024-06-18
2024061803014024,MPFL,77,7,311.0,492.0,153012.0,2024-06-18
2024061803014023,GFCL,42,35,50.0,513.0,25650.0,2024-06-18
2024061801024927,BHPL,58,1,10.0,684.0,6840.0,2024-06-18
2024061803014022,CFCL,77,5,100.0,423.0,42300.0,2024-06-18
2024061805005304,HRL,4,45,20.0,551.2,11024.0,2024-06-18
2024061801024926,SNLI,1,14,10.0,470.6,4706.0,2024-06-18
2024061801024925,NRM,32,42,10.0,398.0,3980.0,2024-06-18
2024061801024924,SARBTM,32,48,60.0,790.0,47400.0,2024-06-18
2024061801024923,SARBTM,32,29,480.0,790.0,379200.0,2024-06-18
2024061801024922,SARBTM,32,29,750.0,790.0,592500.0,2024-06-18
2024061801024921,SARBTM,32,52,10.0,789.0,7890.0,2024-06-18
2024061803014021,GUFL,41,28,20.0,734.9,14698.0,2024-06-18
2024061804013079,NGPL,7,34,169.0,315.0,53235.0,2024-06-18
2024061803014020,GILB,58,6,15.0,1545.0,23175.0,2024-06-18
2024061803014019,GILB,58,6,10.0,1546.0,15460.0,2024-06-18
2024061801024920,LSL,52,49,789.0,154.5,121900.5,2024-06-18
2024061801024919,HDL,4,34,77.0,1280.0,98560.0,2024-06-18
2024061805005303,HRL,4,35,10.0,551.2,5512.0,2024-06-18
2024061801024918,SONA,41,37,184.0,445.0,81880.0,2024-06-18
2024061801024917,SONA,33,37,500.0,445.1,222550.0,2024-06-18
2024061801024916,SONA,58,37,36.0,445.1,16023.6,2024-06-18
2024061801024915,SONA,45,37,280.0,446.0,124880.0,2024-06-18
2024061804013078,SHPC,28,47,1000.0,321.2,321200.0,2024-06-18
2024061804013077,SHPC,59,47,500.0,321.2,160600.0,2024-06-18
2024061804013076,SHPC,47,47,874.0,321.2,280728.8,2024-06-18
2024061804013075,SHPC,29,47,100.0,321.3,32130.0,2024-06-18
2024061804013074,SHPC,57,47,50.0,321.3,16065.0,2024-06-18
2024061804013073,SHPC,43,47,250.0,321.3,80325.0,2024-06-18
2024061804013072,UMRH,45,51,10.0,418.0,4180.0,2024-06-18
2024061805005302,NRN,14,29,949.0,629.0,596921.0,2024-06-18
2024061805005301,NRN,10,29,200.0,629.0,125800.0,2024-06-18
2024061805005300,NRN,19,29,10.0,629.0,6290.0,2024-06-18
2024061805005299,NRN,57,29,100.0,629.0,62900.0,2024-06-18
2024061805005298,NRN,57,29,226.0,629.0,142154.0,2024-06-18
2024061805005297,NRN,71,29,500.0,629.0,314500.0,2024-06-18
2024061805005296,NRN,20,29,200.0,629.0,125800.0,2024-06-18
2024061805005295,NRN,34,29,200.0,629.5,125900.0,2024-06-18
2024061805005294,NRN,57,29,50.0,629.5,31475.0,2024-06-18
2024061805005293,NRN,64,29,800.0,630.0,504000.0,2024-06-18
2024061805005292,NRN,4,29,55.0,630.0,34650.0,2024-06-18
2024061805005291,NRN,22,29,200.0,630.0,126000.0,2024-06-18
2024061805005290,NRN,34,29,100.0,630.0,63000.0,2024-06-18
2024061805005289,NRN,14,29,500.0,630.0,315000.0,2024-06-18
2024061805005288,NRN,35,29,10.0,630.0,6300.0,2024-06-18
2024061805005287,NRN,22,29,20.0,630.0,12600.0,2024-06-18
2024061805005286,NRN,35,29,300.0,630.0,189000.0,2024-06-18
2024061805005285,NRN,45,29,300.0,630.0,189000.0,2024-06-18
2024061805005284,NRN,3,29,100.0,630.0,63000.0,2024-06-18
2024061805005283,NRN,34,29,200.0,630.0,126000.0,2024-06-18
2024061805005282,NRN,20,29,250.0,630.0,157500.0,2024-06-18
2024061805005281,NRN,20,29,250.0,630.0,157500.0,2024-06-18
2024061805005280,NRN,14,29,500.0,630.0,315000.0,2024-06-18
2024061805005279,NRN,20,29,250.0,630.0,157500.0,2024-06-18
2024061805005278,NRN,33,29,50.0,630.0,31500.0,2024-06-18
2024061805005277,NRN,46,29,250.0,630.1,157525.0,2024-06-18
2024061805005276,NRN,48,29,500.0,630.1,315050.0,2024-06-18
2024061805005275,NRN,38,29,30.0,630.3,18909.0,2024-06-18
2024061805005274,NRN,85,29,100.0,631.0,63100.0,2024-06-18
2024061801024914,PRVU,33,25,10.0,143.0,1430.0,2024-06-18
2024061804013071,GHL,7,3,40.0,151.5,6060.0,2024-06-18
2024061804013070,GHL,7,17,50.0,151.0,7550.0,2024-06-18
2024061804013069,GHL,7,35,10.0,151.0,1510.0,2024-06-18
2024061801024913,GVL,70,32,10.0,545.0,5450.0,2024-06-18
2024061801024912,GVL,22,32,90.0,545.1,49059.0,2024-06-18
2024061801024911,CKHL,64,34,25.0,597.0,14925.0,2024-06-18
2024061801024910,CKHL,64,4,45.0,595.0,26775.0,2024-06-18
2024061801024909,CKHL,64,17,10.0,595.0,5950.0,2024-06-18
2024061801024908,CKHL,64,14,10.0,595.0,5950.0,2024-06-18
2024061801024907,CKHL,64,87,10.0,595.0,5950.0,2024-06-18
2024061801024906,CKHL,64,34,20.0,595.0,11900.0,2024-06-18
2024061801024905,CKHL,64,35,10.0,595.0,5950.0,2024-06-18
2024061801024904,CKHL,64,45,370.0,594.9,220113.0,2024-06-18
2024061801024903,AHL,81,91,100.0,495.2,49520.0,2024-06-18
2024061801024902,AHL,21,91,200.0,496.0,99200.0,2024-06-18
2024061803014018,SLBSL,48,94,30.0,1181.0,35430.0,2024-06-18
2024061804013068,RADHI,85,45,45.0,262.0,11790.0,2024-06-18
2024061804013067,RADHI,37,45,55.0,262.0,14410.0,2024-06-18
2024061801024901,SPC,25,54,10.0,563.1,5631.0,2024-06-18
2024061801024900,SNLI,1,21,10.0,470.5,4705.0,2024-06-18
2024061801024899,VLUCL,42,58,10.0,510.1,5101.0,2024-06-18
2024061803014017,GILB,58,41,96.0,1546.0,148416.0,2024-06-18
2024061805005273,NIFRA,58,51,100.0,192.5,19250.0,2024-06-18
2024061805005272,NIFRA,58,58,118.0,192.5,22715.0,2024-06-18
2024061803014016,GUFL,41,29,100.0,734.9,73490.0,2024-06-18
2024061804013066,UMRH,7,32,305.0,417.1,127215.5,2024-06-18
2024061804013065,UMRH,14,32,50.0,417.2,20860.0,2024-06-18
2024061804013064,UMRH,49,32,200.0,417.2,83440.0,2024-06-18
2024061804013063,UMRH,39,32,500.0,417.2,208600.0,2024-06-18
2024061804013062,UMHL,10,32,40.0,243.1,9724.0,2024-06-18
2024061804013061,UMHL,48,32,60.0,243.2,14592.0,2024-06-18
2024061801024898,RFPL,21,34,30.0,375.1,11253.0,2024-06-18
2024061801024897,CKHL,34,45,130.0,594.9,77337.0,2024-06-18
2024061801024896,CKHL,34,22,10.0,593.0,5930.0,2024-06-18
2024061801024895,CKHL,34,26,300.0,592.0,177600.0,2024-06-18
2024061801024894,CKHL,34,14,10.0,592.0,5920.0,2024-06-18
2024061801024893,CKHL,34,50,50.0,591.0,29550.0,2024-06-18
2024061805005271,NRN,22,41,100.0,632.0,63200.0,2024-06-18
2024061805005270,NRN,60,41,100.0,632.0,63200.0,2024-06-18
2024061805005269,NRN,32,41,1000.0,632.0,632000.0,2024-06-18
2024061801024892,ULHC,57,41,500.0,386.0,193000.0,2024-06-18
2024061801024891,NICA,49,17,10.0,404.0,4040.0,2024-06-18
2024061801024890,MKHL,29,49,629.0,440.5,277074.5,2024-06-18
2024061801024889,MKHL,52,49,50.0,440.5,22025.0,2024-06-18
2024061801024888,MKHL,17,49,70.0,440.5,30835.0,2024-06-18
2024061801024887,MKHL,22,49,100.0,440.6,44060.0,2024-06-18
2024061801024886,MKHL,58,49,51.0,440.6,22470.6,2024-06-18
2024061801024885,MKHL,49,49,100.0,440.7,44070.0,2024-06-18
2024061801024884,RNLI,56,57,20.0,426.0,8520.0,2024-06-18
2024061801024883,NABIL,42,29,10.0,470.0,4700.0,2024-06-18
2024061801024882,ANLB,60,33,10.0,2399.0,23990.0,2024-06-18
2024061803014015,PFL,54,39,14.0,592.3,8292.2,2024-06-18
2024061803014014,PFL,58,39,75.0,592.3,44422.5,2024-06-18
2024061803014013,PFL,47,39,20.0,592.4,11848.0,2024-06-18
2024061803014012,PFL,21,39,50.0,592.4,29620.0,2024-06-18
2024061804013060,NGPL,7,43,845.0,315.0,266175.0,2024-06-18
2024061803014011,CORBL,49,55,25.0,505.0,12625.0,2024-06-18
2024061805005268,NRIC,58,14,200.0,631.0,126200.0,2024-06-18
2024061805005267,NRIC,41,14,30.0,631.0,18930.0,2024-06-18
2024061805005266,CHDC,13,25,180.0,1031.0,185580.0,2024-06-18
2024061803014010,SFCL,36,57,50.0,402.0,20100.0,2024-06-18
2024061801024881,UHEWA,34,34,10.0,475.5,4755.0,2024-06-18
2024061803014009,GBBL,32,34,58.0,359.8,20868.4,2024-06-18
2024061803014008,PFL,41,50,500.0,594.0,297000.0,2024-06-18
2024061803014007,PFL,41,8,500.0,593.0,296500.0,2024-06-18
2024061803014006,PFL,14,56,200.0,592.5,118500.0,2024-06-18
2024061804013059,GLH,42,57,100.0,216.9,21690.0,2024-06-18
2024061801024880,MHCL,66,52,10.0,405.0,4050.0,2024-06-18
2024061804013058,MEN,88,75,10.0,615.0,6150.0,2024-06-18
2024061803014005,NFS,45,71,20.0,658.7,13174.0,2024-06-18
2024061801024879,SMJC,32,54,200.0,391.2,78240.0,2024-06-18
2024061801024878,NMB,45,3,100.0,190.2,19020.0,2024-06-18
2024061801024877,NMB,43,3,400.0,190.2,76080.0,2024-06-18
2024061804013057,HEI,10,58,90.0,590.0,53100.0,2024-06-18
2024061804013056,HEI,38,58,100.0,590.0,59000.0,2024-06-18
2024061804013055,HEI,42,58,438.0,590.0,258420.0,2024-06-18
2024061804013054,HEI,56,58,30.0,590.1,17703.0,2024-06-18
2024061804013053,HEI,25,58,193.0,590.1,113889.3,2024-06-18
2024061804013052,HEI,25,58,25.0,590.4,14760.0,2024-06-18
2024061803014004,SMFBS,63,32,15.0,1367.0,20505.0,2024-06-18
2024061803014003,SMFBS,84,32,10.0,1371.0,13710.0,2024-06-18
2024061803014002,EDBL,46,57,400.0,378.2,151280.0,2024-06-18
2024061801024876,MAKAR,42,16,70.0,403.0,28210.0,2024-06-18
2024061801024875,UHEWA,57,34,174.0,475.5,82737.0,2024-06-18
2024061803014001,VLBS,45,4,20.0,1027.0,20540.0,2024-06-18
2024061803014000,GFCL,42,49,100.0,513.0,51300.0,2024-06-18
2024061803013999,NMLBBL,21,35,112.0,690.0,77280.0,2024-06-18
2024061801024874,GVL,22,44,10.0,545.1,5451.0,2024-06-18
2024061804013051,NGPL,96,44,200.0,314.6,62920.0,2024-06-18
2024061804013050,NGPL,20,44,100.0,314.6,31460.0,2024-06-18
2024061804013049,AHPC,52,58,200.0,156.1,31220.0,2024-06-18
2024061801024873,USHEC,25,44,22.0,460.0,10120.0,2024-06-18
2024061801024872,USHEC,25,45,88.0,460.0,40480.0,2024-06-18
2024061801024871,USHEC,25,57,190.0,459.0,87210.0,2024-06-18
2024061803013998,USLB,96,59,10.0,1830.0,18300.0,2024-06-18
2024061803013997,USLB,96,75,22.0,1828.0,40216.0,2024-06-18
2024061801024870,MANDU,65,1,10.0,1001.0,10010.0,2024-06-18
2024061803013996,BFC,14,49,184.0,448.1,82450.4,2024-06-18
2024061803013995,GUFL,41,48,100.0,734.9,73490.0,2024-06-18
2024061801024869,SPL,66,42,30.0,778.0,23340.0,2024-06-18
2024061803013994,GUFL,41,5,12.0,734.9,8818.8,2024-06-18
2024061803013993,VLBS,45,57,49.0,1044.0,51156.0,2024-06-18
2024061803013992,VLBS,45,17,151.0,1044.0,157644.0,2024-06-18
2024061801024868,SHIVM,38,81,100.0,490.5,49050.0,2024-06-18
2024061801024867,ILI,38,14,782.0,430.0,336260.0,2024-06-18
2024061801024866,ILI,38,40,100.0,429.0,42900.0,2024-06-18
2024061803013991,PROFL,6,58,50.0,374.1,18705.0,2024-06-18
2024061803013990,PROFL,17,58,50.0,374.5,18725.0,2024-06-18
2024061804013048,DHPL,14,34,241.0,222.0,53502.0,2024-06-18
2024061804013047,DHPL,14,57,209.0,221.0,46189.0,2024-06-18
2024061805005265,CHDC,28,66,10.0,1031.5,10315.0,2024-06-18
2024061803013989,HLI,28,41,1000.0,380.5,380500.0,2024-06-18
2024061803013988,HLI,28,17,527.0,380.5,200523.5,2024-06-18
2024061803013987,HLI,28,16,175.0,380.4,66570.0,2024-06-18
2024061801024865,SPHL,57,21,10.0,539.9,5399.0,2024-06-18
2024061804013046,MEN,16,75,10.0,615.0,6150.0,2024-06-18
2024061804013045,HURJA,41,34,210.0,299.0,62790.0,2024-06-18
2024061804013044,HURJA,45,34,190.0,299.3,56867.0,2024-06-18
2024061804013043,NLG,57,71,100.0,754.4,75440.0,2024-06-18
2024061804013042,NLG,58,71,84.0,754.4,63369.6,2024-06-18
2024061804013041,NLG,21,71,15.0,754.5,11317.5,2024-06-18
2024061804013040,NLG,25,71,20.0,754.5,15090.0,2024-06-18
2024061804013039,NLG,35,71,41.0,754.5,30934.5,2024-06-18
2024061803013986,GMFIL,25,47,30.0,402.2,12066.0,2024-06-18
2024061803013985,GBLBS,86,45,80.0,778.1,62248.0,2024-06-18
2024061803013984,GUFL,41,54,50.0,734.9,36745.0,2024-06-18
2024061803013983,SJLIC,55,38,18.0,406.5,7317.0,2024-06-18
2024061801024864,NYADI,60,3,212.0,302.0,64024.0,2024-06-18
2024061801024863,MBJC,45,13,10.0,302.0,3020.0,2024-06-18
2024061801024862,PRVU,32,44,20.0,142.9,2858.0,2024-06-18
2024061801024861,PRVU,32,14,10.0,142.9,1429.0,2024-06-18
2024061801024860,MKHL,1,33,90.0,441.0,39690.0,2024-06-18
2024061801024859,MKHL,1,38,10.0,441.0,4410.0,2024-06-18
2024061804013038,IGI,57,34,20.0,523.5,10470.0,2024-06-18
2024061804013037,OHL,50,57,200.0,766.3,153260.0,2024-06-18
2024061801024858,MEHL,67,14,10.0,348.5,3485.0,2024-06-18
2024061801024857,BHPL,19,6,10.0,675.0,6750.0,2024-06-18
2024061805005264,NRN,38,49,97.0,632.0,61304.0,2024-06-18
2024061805005263,NRN,3,49,50.0,632.0,31600.0,2024-06-18
2024061805005262,NRN,60,49,50.0,632.0,31600.0,2024-06-18
2024061805005261,NRN,48,49,30.0,632.0,18960.0,2024-06-18
2024061805005260,NRN,25,49,100.0,632.0,63200.0,2024-06-18
2024061805005259,NRN,36,49,143.0,632.1,90390.3,2024-06-18
2024061803013982,JBBL,4,40,315.0,287.0,90405.0,2024-06-18
2024061803013981,SJLIC,80,43,51.0,407.0,20757.0,2024-06-18
2024061803013980,SJLIC,80,5,249.0,407.0,101343.0,2024-06-18
2024061801024856,MEHL,42,14,10.0,348.5,3485.0,2024-06-18
2024061803013979,GBLBS,86,43,28.0,778.1,21786.8,2024-06-18
2024061803013978,GBLBS,52,43,80.0,778.2,62256.0,2024-06-18
2024061803013977,GBLBS,48,43,40.0,778.2,31128.0,2024-06-18
2024061803013976,GBLBS,67,43,72.0,778.2,56030.4,2024-06-18
2024061801024855,MKHC,5,35,10.0,324.0,3240.0,2024-06-18
2024061801024854,CITY,45,29,62.0,710.0,44020.0,2024-06-18
2024061801024853,CITY,48,29,500.0,710.2,355100.0,2024-06-18
2024061804013036,PMHPL,39,34,10.0,237.0,2370.0,2024-06-18
2024061804013035,RIDI,52,34,100.0,171.0,17100.0,2024-06-18
2024061801024852,NMB,26,48,30.0,190.3,5709.0,2024-06-18
2024061803013975,ALICL,57,6,100.0,562.6,56260.0,2024-06-18
2024061804013034,UMRH,6,51,50.0,418.0,20900.0,2024-06-18
2024061804013033,UMRH,6,43,50.0,418.0,20900.0,2024-06-18
2024061804013032,MEN,88,8,200.0,612.0,122400.0,2024-06-18
2024061803013974,RLFL,48,58,10.0,400.0,4000.0,2024-06-18
2024061801024851,AVYAN,88,62,10.0,915.0,9150.0,2024-06-18
2024061801024850,USHL,45,62,100.0,542.9,54290.0,2024-06-18
2024061805005258,CHDC,13,53,20.0,1030.0,20600.0,2024-06-18
2024061804013031,UPPER,58,50,1000.0,159.7,159700.0,2024-06-18
2024061805005257,ENL,58,94,20.0,988.0,19760.0,2024-06-18
2024061801024849,NABIL,42,36,20.0,469.0,9380.0,2024-06-18
2024061805005256,NRN,36,32,241.0,632.1,152336.1,2024-06-18
2024061805005255,NRN,49,32,59.0,632.3,37305.7,2024-06-18
2024061805005254,ENL,32,94,10.0,988.0,9880.0,2024-06-18
2024061805005253,ENL,32,38,10.0,978.0,9780.0,2024-06-18
2024061804013030,UPPER,1,41,100.0,160.0,16000.0,2024-06-18
2024061801024848,VLUCL,26,6,10.0,510.1,5101.0,2024-06-18
2024061801024847,NICA,33,17,25.0,404.0,10100.0,2024-06-18
2024061801024846,NICA,44,17,459.0,404.0,185436.0,2024-06-18
2024061801024845,NICA,57,17,10.0,404.1,4041.0,2024-06-18
2024061804013029,IGI,29,34,100.0,523.5,52350.0,2024-06-18
2024061804013028,IGI,57,34,10.0,523.5,5235.0,2024-06-18
2024061804013027,IGI,57,34,90.0,524.0,47160.0,2024-06-18
2024061804013026,CGH,34,64,10.0,852.9,8529.0,2024-06-18
2024061801024844,ULHC,57,56,10.0,386.0,3860.0,2024-06-18
2024061803013973,GMFIL,25,56,100.0,402.2,40220.0,2024-06-18
2024061804013025,SJCL,42,49,85.0,265.0,22525.0,2024-06-18
2024061804013024,SJCL,44,49,65.0,265.0,17225.0,2024-06-18
2024061805005252,NTC,17,8,15.0,820.0,12300.0,2024-06-18
2024061803013972,NUBL,54,8,704.0,672.0,473088.0,2024-06-18
2024061803013971,NUBL,57,8,10.0,672.1,6721.0,2024-06-18
2024061803013970,NUBL,42,8,36.0,672.1,24195.6,2024-06-18
2024061803013969,NUBL,52,8,30.0,672.2,20166.0,2024-06-18
2024061803013968,NUBL,39,8,20.0,672.2,13444.0,2024-06-18
2024061801024843,AVYAN,32,62,25.0,915.0,22875.0,2024-06-18
2024061801024842,AVYAN,45,62,40.0,915.0,36600.0,2024-06-18
2024061801024841,AVYAN,7,62,10.0,915.0,9150.0,2024-06-18
2024061801024840,AVYAN,17,62,100.0,915.0,91500.0,2024-06-18
2024061801024839,AVYAN,4,62,40.0,916.0,36640.0,2024-06-18
2024061801024838,AVYAN,88,62,1000.0,916.1,916100.0,2024-06-18
2024061801024837,AVYAN,7,62,10.0,916.2,9162.0,2024-06-18
2024061801024836,AVYAN,49,62,100.0,917.0,91700.0,2024-06-18
2024061801024835,AVYAN,28,62,100.0,918.0,91800.0,2024-06-18
2024061801024834,AVYAN,1,62,20.0,918.0,18360.0,2024-06-18
2024061801024833,AVYAN,62,62,332.0,918.0,304776.0,2024-06-18
2024061801024832,AVYAN,4,62,30.0,918.0,27540.0,2024-06-18
2024061801024831,AVYAN,13,62,80.0,918.0,73440.0,2024-06-18
2024061801024830,AVYAN,22,62,100.0,918.1,91810.0,2024-06-18
2024061804013023,NIL,45,33,76.0,791.0,60116.0,2024-06-18
2024061804013022,NIL,45,49,24.0,791.0,18984.0,2024-06-18
2024061804013021,SPDL,36,45,100.0,245.0,24500.0,2024-06-18
2024061804013020,SPDL,59,45,100.0,245.0,24500.0,2024-06-18
2024061804013019,SPDL,29,45,200.0,245.1,49020.0,2024-06-18
2024061804013018,MEN,88,45,55.0,612.0,33660.0,2024-06-18
2024061804013017,MEN,34,45,145.0,612.2,88769.0,2024-06-18
2024061804013016,SSHL,21,21,200.0,180.0,36000.0,2024-06-18
2024061804013015,SSHL,47,21,1100.0,180.0,198000.0,2024-06-18
2024061804013014,SSHL,58,21,10.0,180.0,1800.0,2024-06-18
2024061804013013,SSHL,56,21,94.0,180.0,16920.0,2024-06-18
2024061803013967,NLICL,6,13,464.0,549.1,254782.4,2024-06-18
2024061803013966,NLICL,32,13,36.0,550.0,19800.0,2024-06-18
2024061803013965,GILB,58,52,35.0,1545.0,54075.0,2024-06-18
2024061801024829,NYADI,39,6,10.0,303.5,3035.0,2024-06-18
2024061801024828,NYADI,39,21,10.0,302.5,3025.0,2024-06-18
2024061801024827,MANDU,65,28,150.0,1001.0,150150.0,2024-06-18
2024061804013012,SJCL,44,57,100.0,265.0,26500.0,2024-06-18
2024061803013964,NLIC,55,16,44.0,608.1,26756.4,2024-06-18
2024061803013963,NLIC,6,16,26.0,608.1,15810.6,2024-06-18
2024061804013011,KPCL,67,45,69.0,460.0,31740.0,2024-06-18
2024061804013010,KPCL,67,58,43.0,460.0,19780.0,2024-06-18
2024061804013009,KPCL,67,57,14.0,459.8,6437.2,2024-06-18
2024061804013008,KPCL,67,19,20.0,459.8,9196.0,2024-06-18
2024061804013007,KPCL,67,88,1000.0,459.0,459000.0,2024-06-18
2024061804013006,KPCL,67,42,55.0,459.0,25245.0,2024-06-18
2024061804013005,KPCL,67,32,200.0,458.9,91780.0,2024-06-18
2024061804013004,KPCL,67,49,100.0,457.0,45700.0,2024-06-18
2024061804013003,KPCL,67,56,100.0,457.0,45700.0,2024-06-18
2024061804013002,KPCL,67,32,70.0,457.0,31990.0,2024-06-18
2024061804013001,KPCL,67,45,200.0,456.0,91200.0,2024-06-18
2024061804013000,KPCL,67,34,500.0,456.0,228000.0,2024-06-18
2024061804012999,KPCL,67,45,129.0,455.0,58695.0,2024-06-18
2024061804012998,KPCL,67,42,500.0,455.0,227500.0,2024-06-18
2024061804012997,KPCL,67,11,10.0,454.0,4540.0,2024-06-18
2024061804012996,KPCL,67,11,10.0,454.0,4540.0,2024-06-18
2024061804012995,KPCL,67,42,480.0,453.0,217440.0,2024-06-18
2024061804012994,API,6,34,207.0,172.0,35604.0,2024-06-18
2024061804012993,SHEL,57,56,100.0,160.3,16030.0,2024-06-18
2024061801024826,MKJC,66,6,100.0,523.8,52380.0,2024-06-18
2024061804012992,API,6,42,1000.0,172.0,172000.0,2024-06-18
2024061801024825,MSHL,39,44,300.0,666.4,199920.0,2024-06-18
2024061801024824,BHL,38,22,50.0,347.0,17350.0,2024-06-18
2024061801024823,SBL,50,34,35.0,247.0,8645.0,2024-06-18
2024061801024822,SIKLES,63,14,66.0,581.0,38346.0,2024-06-18
2024061801024821,SIKLES,25,14,480.0,581.0,278880.0,2024-06-18
2024061801024820,SIKLES,45,14,500.0,581.1,290550.0,2024-06-18
2024061801024819,SIKLES,63,14,250.0,581.2,145300.0,2024-06-18
2024061801024818,SIKLES,63,14,500.0,581.2,290600.0,2024-06-18
2024061801024817,SIKLES,63,14,100.0,581.2,58120.0,2024-06-18
2024061801024816,SIKLES,74,14,50.0,581.2,29060.0,2024-06-18
2024061801024815,SIKLES,40,14,100.0,581.5,58150.0,2024-06-18
2024061801024814,SIKLES,45,14,58.0,581.6,33732.8,2024-06-18
2024061801024813,SIKLES,45,14,100.0,581.6,58160.0,2024-06-18
2024061801024812,SIKLES,43,14,10.0,581.6,5816.0,2024-06-18
2024061801024811,SIKLES,89,14,2786.0,582.0,1621452.0,2024-06-18
2024061801024810,SHIVM,47,57,150.0,490.0,73500.0,2024-06-18
2024061804012991,PMHPL,91,34,10.0,237.0,2370.0,2024-06-18
2024061803013962,GBBL,34,49,50.0,360.0,18000.0,2024-06-18
2024061803013961,GBBL,34,47,50.0,359.9,17995.0,2024-06-18
2024061801024809,SONA,45,53,10.0,445.2,4452.0,2024-06-18
2024061801024808,SONA,45,35,10.0,445.2,4452.0,2024-06-18
2024061801024807,SMHL,49,3,101.0,633.0,63933.0,2024-06-18
2024061801024806,SMHL,26,3,20.0,633.2,12664.0,2024-06-18
2024061801024805,SMHL,18,3,729.0,633.2,461602.8,2024-06-18
2024061801024804,SMHL,57,3,150.0,634.1,95115.0,2024-06-18
2024061803013960,LICN,54,21,15.0,1354.0,20310.0,2024-06-18
2024061804012990,MEN,88,11,100.0,612.0,61200.0,2024-06-18
2024061805005251,CHDC,69,66,10.0,1031.5,10315.0,2024-06-18
2024061805005250,CHDC,28,66,10.0,1031.5,10315.0,2024-06-18
2024061801024803,SMHL,65,1,85.0,635.0,53975.0,2024-06-18
2024061801024802,SMHL,49,1,150.0,635.0,95250.0,2024-06-18
2024061801024801,AHL,6,50,10.0,500.0,5000.0,2024-06-18
2024061803013959,ICFC,52,6,480.0,517.0,248160.0,2024-06-18
2024061803013958,ICFC,45,6,20.0,518.0,10360.0,2024-06-18
2024061801024800,SONA,58,17,164.0,445.1,72996.4,2024-06-18
2024061801024799,RNLI,42,34,71.0,425.9,30238.9,2024-06-18
2024061801024798,RNLI,36,34,89.0,425.9,37905.1,2024-06-18
2024061801024797,RNLI,57,34,100.0,426.0,42600.0,2024-06-18
2024061801024796,RNLI,21,34,40.0,426.0,17040.0,2024-06-18
2024061801024795,RNLI,36,34,100.0,426.0,42600.0,2024-06-18
2024061801024794,RNLI,36,34,100.0,426.1,42610.0,2024-06-18
2024061801024793,KBSH,49,84,10.0,1557.0,15570.0,2024-06-18
2024061804012989,MEN,88,75,10.0,615.0,6150.0,2024-06-18
2024061801024792,NRM,38,42,10.0,398.0,3980.0,2024-06-18
2024061801024791,NICA,38,3,59.0,404.8,23883.2,2024-06-18
2024061804012988,UNHPL,58,42,10.0,240.5,2405.0,2024-06-18
2024061804012987,JOSHI,58,22,150.0,300.9,45135.0,2024-06-18
2024061803013957,SHINE,45,39,42.0,381.0,16002.0,2024-06-18
2024061804012986,BARUN,72,64,500.0,308.0,154000.0,2024-06-18
2024061803013956,ILBS,57,44,100.0,1210.0,121000.0,2024-06-18
2024061804012985,HEI,25,17,75.0,590.4,44280.0,2024-06-18
2024061804012984,HEI,49,17,100.0,590.5,59050.0,2024-06-18
2024061804012983,HEI,57,17,25.0,590.6,14765.0,2024-06-18
2024061801024790,CITY,6,34,100.0,710.1,71010.0,2024-06-18
2024061801024789,MCHL,38,49,295.0,415.3,122513.5,2024-06-18
2024061801024788,MCHL,43,49,170.0,415.4,70618.0,2024-06-18
2024061803013955,MSLB,17,66,67.0,1347.0,90249.0,2024-06-18
2024061803013954,MSLB,25,66,10.0,1348.0,13480.0,2024-06-18
2024061804012982,CHCL,43,22,50.0,436.0,21800.0,2024-06-18
2024061801024787,MLBS,88,39,64.0,1354.0,86656.0,2024-06-18
2024061801024786,MLBS,88,39,40.0,1351.0,54040.0,2024-06-18
2024061801024785,MLBS,88,65,10.0,1350.0,13500.0,2024-06-18
2024061801024784,MLBS,88,13,60.0,1350.0,81000.0,2024-06-18
2024061801024783,MLBS,88,44,40.0,1345.0,53800.0,2024-06-18
2024061801024782,MLBS,88,29,16.0,1342.0,21472.0,2024-06-18
2024061801024781,MLBS,88,11,10.0,1330.0,13300.0,2024-06-18
2024061801024780,MLBS,88,26,110.0,1330.0,146300.0,2024-06-18
2024061801024779,MLBS,88,58,50.0,1325.0,66250.0,2024-06-18
2024061803013953,HLI,28,54,217.0,380.0,82460.0,2024-06-18
2024061801024778,SAHAS,48,22,10.0,520.0,5200.0,2024-06-18
2024061805005249,NTC,17,14,30.0,820.0,24600.0,2024-06-18
2024061804012981,BPCL,25,57,50.0,292.9,14645.0,2024-06-18
2024061804012980,AKPL,58,26,23.0,164.1,3774.3,2024-06-18
2024061804012979,AKPL,58,48,87.0,164.1,14276.7,2024-06-18
2024061803013952,HLBSL,74,7,10.0,1315.0,13150.0,2024-06-18
2024061805005248,CIT,6,5,100.0,2116.0,211600.0,2024-06-18
2024061803013951,NLIC,6,6,74.0,608.1,44999.4,2024-06-18
2024061803013950,NLIC,58,6,30.0,608.1,18243.0,2024-06-18
2024061804012978,SALICO,44,6,490.0,676.0,331240.0,2024-06-18
2024061801024777,SPL,66,41,70.0,778.0,54460.0,2024-06-18
2024061801024776,SPL,56,41,100.0,778.0,77800.0,2024-06-18
2024061805005247,NRN,34,42,100.0,633.0,63300.0,2024-06-18
2024061801024775,JALPA,34,29,10.0,1366.0,13660.0,2024-06-18
2024061804012977,GLH,34,57,10.0,216.9,2169.0,2024-06-18
2024061803013949,NFS,69,49,150.0,658.6,98790.0,2024-06-18
2024061803013948,PROFL,8,34,300.0,375.0,112500.0,2024-06-18
2024061803013947,JFL,51,35,40.0,534.0,21360.0,2024-06-18
2024061803013946,JFL,7,35,10.0,534.1,5341.0,2024-06-18
2024061805005246,NTC,17,44,368.0,820.0,301760.0,2024-06-18
2024061805005245,NTC,57,44,12.0,820.0,9840.0,2024-06-18
2024061805005244,NTC,43,44,20.0,820.0,16400.0,2024-06-18
2024061801024774,SONA,58,38,300.0,445.1,133530.0,2024-06-18
2024061801024773,SONA,19,38,200.0,445.1,89020.0,2024-06-18
2024061801024772,GVL,70,38,120.0,545.0,65400.0,2024-06-18
2024061804012976,DHPL,22,57,141.0,221.0,31161.0,2024-06-18
2024061804012975,DHPL,22,57,59.0,221.0,13039.0,2024-06-18
2024061805005243,STC,21,53,10.0,4696.0,46960.0,2024-06-18
2024061801024771,ADBL,42,13,170.0,261.5,44455.0,2024-06-18
2024061803013945,ALBSL,33,25,30.0,978.0,29340.0,2024-06-18
2024061801024770,TSHL,68,25,83.0,518.2,43010.6,2024-06-18
2024061801024769,TSHL,42,25,10.0,518.2,5182.0,2024-06-18
2024061801024768,TSHL,4,25,87.0,519.0,45153.0,2024-06-18
2024061803013944,ACLBSL,58,35,10.0,986.0,9860.0,2024-06-18
2024061804012974,GLH,17,64,1186.0,215.3,255345.8,2024-06-18
2024061804012973,GLH,1,64,50.0,215.4,10770.0,2024-06-18
2024061804012972,GLH,17,64,100.0,215.4,21540.0,2024-06-18
2024061804012971,GLH,58,64,40.0,215.5,8620.0,2024-06-18
2024061804012970,GLH,1,64,124.0,215.8,26759.2,2024-06-18
2024061805005242,PSF,10,57,300.0,9.05,2715.0,2024-06-18
2024061803013943,SIFC,57,4,200.0,430.0,86000.0,2024-06-18
2024061803013942,GFCL,42,41,11.0,513.0,5643.0,2024-06-18
2024061804012969,NGPL,59,43,100.0,315.0,31500.0,2024-06-18
2024061803013941,GUFL,41,56,80.0,734.9,58792.0,2024-06-18
2024061803013940,GUFL,59,56,20.0,735.0,14700.0,2024-06-18
2024061801024767,SARBTM,35,49,50.0,788.5,39425.0,2024-06-18
2024061801024766,ILI,38,49,10.0,428.5,4285.0,2024-06-18
2024061803013939,NFS,41,71,385.0,658.7,253599.5,2024-06-18
2024061803013938,NFS,41,62,40.0,658.7,26348.0,2024-06-18
2024061803013937,VLBS,45,35,18.0,1030.0,18540.0,2024-06-18
2024061803013936,VLBS,45,49,382.0,1028.0,392696.0,2024-06-18
2024061803013935,JBBL,58,40,75.0,287.0,21525.0,2024-06-18
2024061803013934,NMBMF,38,64,10.0,707.1,7071.0,2024-06-18
2024061801024765,MANDU,57,45,10.0,1003.0,10030.0,2024-06-18
2024061805005241,CHDC,69,84,260.0,1026.0,266760.0,2024-06-18
2024061805005240,CHDC,66,84,200.0,1026.0,205200.0,2024-06-18
2024061805005239,CHDC,6,84,300.0,1027.0,308100.0,2024-06-18
2024061805005238,CHDC,39,84,240.0,1029.0,246960.0,2024-06-18
2024061801024764,SRLI,38,41,20.0,434.0,8680.0,2024-06-18
2024061801024763,SRLI,42,41,80.0,434.1,34728.0,2024-06-18
2024061801024762,ANLB,60,22,33.0,2390.0,78870.0,2024-06-18
2024061801024761,ANLB,60,36,10.0,2390.0,23900.0,2024-06-18
2024061801024760,ANLB,60,42,10.0,2390.0,23900.0,2024-06-18
2024061801024759,IHL,29,62,200.0,432.0,86400.0,2024-06-18
2024061803013933,NFS,41,85,175.0,658.7,115272.5,2024-06-18
2024061803013932,NFS,38,85,25.0,658.7,16467.5,2024-06-18
2024061801024758,DOLTI,17,45,170.0,420.1,71417.0,2024-06-18
2024061801024757,DOLTI,5,45,200.0,420.2,84040.0,2024-06-18
2024061801024756,DOLTI,8,45,190.0,420.4,79876.0,2024-06-18
2024061801024755,DOLTI,26,45,50.0,420.5,21025.0,2024-06-18
2024061803013931,SLBBL,44,45,80.0,812.6,65008.0,2024-06-18
2024061804012968,KPCL,52,42,20.0,453.0,9060.0,2024-06-18
2024061803013930,ICFC,32,13,200.0,520.0,104000.0,2024-06-18
2024061804012967,HPPL,28,58,550.0,266.0,146300.0,2024-06-18
2024061804012966,HPPL,18,58,1000.0,266.1,266100.0,2024-06-18
2024061804012965,HPPL,42,58,50.0,266.1,13305.0,2024-06-18
2024061804012964,HPPL,22,58,200.0,266.2,53240.0,2024-06-18
2024061804012963,HPPL,22,58,200.0,267.0,53400.0,2024-06-18
2024061804012962,SICL,1,58,10.0,700.0,7000.0,2024-06-18
2024061803013929,SJLIC,55,34,10.0,406.5,4065.0,2024-06-18
2024061804012961,HDHPC,71,55,310.0,131.0,40610.0,2024-06-18
2024061804012960,HDHPC,71,58,190.0,131.0,24890.0,2024-06-18
2024061801024754,GCIL,45,46,385.0,475.0,182875.0,2024-06-18
2024061801024753,GCIL,1,46,100.0,475.0,47500.0,2024-06-18
2024061801024752,GCIL,57,46,1000.0,475.0,475000.0,2024-06-18
2024061801024751,GCIL,55,46,10.0,475.0,4750.0,2024-06-18
2024061801024750,GCIL,42,46,19.0,475.0,9025.0,2024-06-18
2024061801024749,GCIL,43,46,400.0,475.0,190000.0,2024-06-18
2024061801024748,GCIL,35,46,20.0,475.0,9500.0,2024-06-18
2024061801024747,GCIL,58,46,50.0,475.0,23750.0,2024-06-18
2024061801024746,GCIL,55,46,10.0,475.0,4750.0,2024-06-18
2024061801024745,GCIL,51,46,20.0,475.0,9500.0,2024-06-18
2024061801024744,GCIL,8,46,56.0,475.0,26600.0,2024-06-18
2024061801024743,GCIL,47,46,50.0,475.0,23750.0,2024-06-18
2024061801024742,GCIL,19,46,150.0,475.0,71250.0,2024-06-18
2024061801024741,GCIL,8,46,20.0,475.0,9500.0,2024-06-18
2024061801024740,GCIL,68,46,100.0,475.0,47500.0,2024-06-18
2024061801024739,GCIL,47,46,50.0,475.0,23750.0,2024-06-18
2024061801024738,GCIL,34,46,100.0,475.0,47500.0,2024-06-18
2024061801024737,GCIL,34,46,10.0,475.0,4750.0,2024-06-18
2024061801024736,GCIL,8,46,100.0,475.0,47500.0,2024-06-18
2024061801024735,GCIL,1,46,19.0,475.0,9025.0,2024-06-18
2024061801024734,GCIL,38,46,100.0,475.0,47500.0,2024-06-18
2024061801024733,GCIL,38,46,100.0,475.0,47500.0,2024-06-18
2024061801024732,GCIL,38,46,100.0,475.0,47500.0,2024-06-18
2024061801024731,GCIL,38,46,500.0,475.0,237500.0,2024-06-18
2024061801024730,GCIL,49,46,90.0,475.0,42750.0,2024-06-18
2024061801024729,GCIL,13,46,20.0,475.1,9502.0,2024-06-18
2024061801024728,GCIL,19,46,200.0,475.1,95020.0,2024-06-18
2024061801024727,GCIL,1,46,171.0,475.1,81242.1,2024-06-18
2024061801024726,GCIL,58,46,50.0,475.3,23765.0,2024-06-18
2024061801024725,EBLD85,49,38,25.0,1075.1,26877.5,2024-06-18
2024061801024724,NESDO,64,65,40.0,2025.1,81004.0,2024-06-18
2024061803013928,NMLBBL,21,50,316.0,690.0,218040.0,2024-06-18
2024061803013927,SDLBSL,65,50,90.0,1194.2,107478.0,2024-06-18
2024061803013926,SDLBSL,26,50,10.0,1194.3,11943.0,2024-06-18
2024061803013925,FMDBL,53,45,70.0,665.0,46550.0,2024-06-18
2024061803013924,FMDBL,53,41,30.0,665.0,19950.0,2024-06-18
2024061803013923,KRBL,43,74,64.0,439.0,28096.0,2024-06-18
2024061803013922,GILB,58,39,44.0,1542.9,67887.6,2024-06-18
2024061801024723,GVL,70,49,10.0,545.0,5450.0,2024-06-18
2024061804012959,IGI,57,34,10.0,524.0,5240.0,2024-06-18
2024061801024722,MKCL,39,35,90.0,1150.0,103500.0,2024-06-18
2024061801024721,MKCL,50,35,110.0,1150.0,126500.0,2024-06-18
2024061803013921,GBLBS,67,35,28.0,778.2,21789.6,2024-06-18
2024061804012958,NGPL,42,43,30.0,315.0,9450.0,2024-06-18
2024061803013920,ALBSL,33,42,10.0,978.0,9780.0,2024-06-18
2024061804012957,UNHPL,45,42,200.0,240.5,48100.0,2024-06-18
2024061804012956,API,6,51,100.0,172.0,17200.0,2024-06-18
2024061801024720,MANDU,65,45,10.0,1001.0,10010.0,2024-06-18
2024061801024719,CKHL,64,33,405.0,586.0,237330.0,2024-06-18
2024061805005237,NRN,36,38,580.0,632.1,366618.0,2024-06-18
2024061805005236,NRN,6,38,70.0,632.2,44254.0,2024-06-18
2024061801024718,RHGCL,29,57,10.0,351.7,3517.0,2024-06-18
2024061804012955,UPCL,38,59,45.0,194.9,8770.5,2024-06-18
2024061803013919,MERO,61,51,33.0,686.8,22664.4,2024-06-18
2024061804012954,KKHC,34,26,291.0,231.1,67250.1,2024-06-18
2024061804012953,KKHC,48,26,250.0,231.6,57900.0,2024-06-18
2024061804012952,KKHC,53,26,19.0,231.6,4400.4,2024-06-18
2024061804012951,KKHC,42,26,440.0,232.0,102080.0,2024-06-18
2024061803013918,SWMF,56,49,10.0,884.0,8840.0,2024-06-18
2024061801024717,NYADI,60,34,288.0,302.0,86976.0,2024-06-18
2024061801024716,NYADI,57,34,62.0,302.0,18724.0,2024-06-18
2024061801024715,NYADI,54,34,20.0,302.1,6042.0,2024-06-18
2024061803013917,NLICL,32,58,24.0,550.0,13200.0,2024-06-18
2024061804012950,RADHI,37,1,100.0,262.0,26200.0,2024-06-18
2024061801024714,MAKAR,33,16,90.0,404.0,36360.0,2024-06-18
2024061803013916,CFCL,77,49,119.0,423.0,50337.0,2024-06-18
2024061803013915,CFCL,38,49,50.0,423.0,21150.0,2024-06-18
2024061803013914,RLFL,35,58,10.0,400.0,4000.0,2024-06-18
2024061803013913,RLFL,35,57,10.0,399.0,3990.0,2024-06-18
2024061801024713,SHIVM,47,81,200.0,490.0,98000.0,2024-06-18
2024061801024712,SHIVM,47,58,350.0,489.2,171220.0,2024-06-18
2024061804012949,SSHL,56,47,41.0,180.0,7380.0,2024-06-18
2024061804012948,SSHL,16,47,200.0,180.0,36000.0,2024-06-18
2024061804012947,SSHL,6,47,100.0,180.0,18000.0,2024-06-18
2024061804012946,SSHL,49,47,100.0,180.0,18000.0,2024-06-18
2024061804012945,SSHL,45,47,1000.0,180.0,180000.0,2024-06-18
2024061804012944,SSHL,55,47,59.0,180.0,10620.0,2024-06-18
2024061801024711,MKHC,5,45,10.0,323.9,3239.0,2024-06-18
2024061801024710,SPHL,44,54,10.0,531.2,5312.0,2024-06-18
2024061801024709,BGWT,65,14,10.0,1028.0,10280.0,2024-06-18
2024061801024708,BGWT,65,20,10.0,1028.0,10280.0,2024-06-18
2024061801024707,BGWT,65,49,120.0,1028.0,123360.0,2024-06-18
2024061801024706,BGWT,65,58,10.0,1028.0,10280.0,2024-06-18
2024061801024705,BGWT,65,45,10.0,1028.0,10280.0,2024-06-18
2024061801024704,BGWT,65,17,30.0,1025.0,30750.0,2024-06-18
2024061801024703,BGWT,65,51,10.0,1025.0,10250.0,2024-06-18
2024061801024702,BGWT,65,39,100.0,1020.0,102000.0,2024-06-18
2024061801024701,BGWT,65,36,10.0,1020.0,10200.0,2024-06-18
2024061801024700,BGWT,65,58,10.0,1020.0,10200.0,2024-06-18
2024061801024699,BGWT,65,54,50.0,1017.9,50895.0,2024-06-18
2024061801024698,BGWT,65,34,10.0,1017.0,10170.0,2024-06-18
2024061801024697,BGWT,65,41,10.0,1015.9,10159.0,2024-06-18
2024061801024696,BGWT,65,58,10.0,1015.0,10150.0,2024-06-18
2024061801024695,BGWT,65,48,10.0,1014.9,10149.0,2024-06-18
2024061801024694,BGWT,65,49,30.0,1014.8,30444.0,2024-06-18
2024061801024693,BGWT,65,58,10.0,1012.5,10125.0,2024-06-18
2024061801024692,BGWT,65,29,10.0,1012.0,10120.0,2024-06-18
2024061801024691,BGWT,65,42,10.0,1010.0,10100.0,2024-06-18
2024061801024690,BGWT,65,41,10.0,1010.0,10100.0,2024-06-18
2024061801024689,BGWT,65,39,10.0,1010.0,10100.0,2024-06-18
2024061801024688,BGWT,65,52,10.0,1010.0,10100.0,2024-06-18
2024061801024687,BGWT,65,57,10.0,1010.0,10100.0,2024-06-18
2024061801024686,BGWT,65,1,10.0,1010.0,10100.0,2024-06-18
2024061801024685,BGWT,65,58,10.0,1008.0,10080.0,2024-06-18
2024061801024684,BGWT,65,17,10.0,1008.0,10080.0,2024-06-18
2024061801024683,BGWT,65,11,190.0,1005.0,190950.0,2024-06-18
2024061801024682,BGWT,65,58,20.0,1005.0,20100.0,2024-06-18
2024061801024681,BGWT,65,20,50.0,1004.0,50200.0,2024-06-18
2024061801024680,BGWT,65,45,20.0,1000.0,20000.0,2024-06-18
2024061801024679,BGWT,65,35,10.0,1000.0,10000.0,2024-06-18
2024061801024678,BGWT,65,49,10.0,1000.0,10000.0,2024-06-18
2024061801024677,BGWT,65,38,10.0,1000.0,10000.0,2024-06-18
2024061801024676,BGWT,65,53,100.0,999.6,99960.0,2024-06-18
2024061801024675,BGWT,65,45,10.0,998.0,9980.0,2024-06-18
2024061801024674,BGWT,65,29,10.0,994.5,9945.0,2024-06-18
2024061801024673,BGWT,65,53,20.0,994.5,19890.0,2024-06-18
2024061801024672,BGWT,65,39,10.0,976.0,9760.0,2024-06-18
2024061805005235,HRL,22,36,15.0,550.1,8251.5,2024-06-18
2024061805005234,HRL,49,36,100.0,550.1,55010.0,2024-06-18
2024061805005233,HRL,17,36,50.0,550.2,27510.0,2024-06-18
2024061805005232,HRL,49,36,35.0,551.0,19285.0,2024-06-18
2024061805005231,HRL,25,36,100.0,551.1,55110.0,2024-06-18
2024061801024671,PPL,83,14,188.0,455.0,85540.0,2024-06-18
2024061801024670,PPL,83,29,100.0,454.9,45490.0,2024-06-18
2024061801024669,PPL,83,58,10.0,454.1,4541.0,2024-06-18
2024061801024668,PPL,83,47,202.0,453.0,91506.0,2024-06-18
2024061801024667,GCIL,28,46,10.0,477.0,4770.0,2024-06-18
2024061804012943,DHPL,6,57,300.0,221.0,66300.0,2024-06-18
2024061804012942,DHPL,25,57,100.0,221.0,22100.0,2024-06-18
2024061804012941,DHPL,58,57,1115.0,221.0,246415.0,2024-06-18
2024061804012940,DHPL,22,57,200.0,221.1,44220.0,2024-06-18
2024061801024666,NIMB,17,29,21.0,156.5,3286.5,2024-06-18
2024061804012939,UPPER,19,41,50.0,160.0,8000.0,2024-06-18
2024061804012938,CHL,35,59,295.0,321.0,94695.0,2024-06-18
2024061804012937,CHL,29,59,150.0,321.5,48225.0,2024-06-18
2024061801024665,KSY,4,58,100.0,8.16,816.0,2024-06-18
2024061801024664,KSY,4,49,400.0,8.16,3264.0,2024-06-18
2024061801024663,KSY,4,83,200.0,8.14,1628.0,2024-06-18
2024061801024662,JBLB,58,25,10.0,1333.0,13330.0,2024-06-18
2024061801024661,MKCL,50,7,150.0,1150.0,172500.0,2024-06-18
2024061804012936,CGH,47,21,50.0,848.0,42400.0,2024-06-18
2024061801024660,RFPL,21,51,40.0,375.1,15004.0,2024-06-18
2024061801024659,MHCL,58,32,10.0,401.8,4018.0,2024-06-18
2024061804012935,SALICO,44,6,240.0,676.0,162240.0,2024-06-18
2024061804012934,SALICO,71,6,100.0,676.1,67610.0,2024-06-18
2024061804012933,SALICO,46,6,50.0,676.2,33810.0,2024-06-18
2024061804012932,SALICO,66,6,110.0,678.0,74580.0,2024-06-18
2024061803013912,CORBL,58,6,89.0,505.3,44971.7,2024-06-18
2024061803013911,CORBL,33,6,11.0,505.4,5559.4,2024-06-18
2024061804012931,MEN,88,76,50.0,612.0,30600.0,2024-06-18
2024061803013910,SWBBL,39,8,650.0,877.2,570180.0,2024-06-18
2024061804012930,HDHPC,40,35,290.0,130.0,37700.0,2024-06-18
2024061804012929,HDHPC,32,35,44.0,130.5,5742.0,2024-06-18
2024061805005230,NRN,35,42,75.0,633.0,47475.0,2024-06-18
2024061805005229,NRN,35,61,25.0,632.2,15805.0,2024-06-18
2024061801024658,AHL,81,34,100.0,495.2,49520.0,2024-06-18
2024061801024657,GVL,70,47,10.0,545.0,5450.0,2024-06-18
2024061805005228,NRN,36,51,36.0,632.1,22755.6,2024-06-18
2024061801024656,SMHL,49,45,280.0,635.0,177800.0,2024-06-18
2024061803013909,GLBSL,14,14,35.0,1811.8,63413.0,2024-06-18
2024061803013908,GLBSL,49,14,10.0,1811.9,18119.0,2024-06-18
2024061804012928,LEC,52,82,90.0,186.6,16794.0,2024-06-18
2024061801024655,PRVU,56,41,82.0,142.0,11644.0,2024-06-18
2024061801024654,PRVU,41,41,270.0,142.0,38340.0,2024-06-18
2024061801024653,PRVU,54,41,200.0,142.0,28400.0,2024-06-18
2024061801024652,PRVU,49,41,597.0,142.0,84774.0,2024-06-18
2024061804012927,PPCL,49,49,206.0,246.0,50676.0,2024-06-18
2024061801024651,MCHL,43,49,30.0,415.4,12462.0,2024-06-18
2024061801024650,RHGCL,42,62,10.0,351.3,3513.0,2024-06-18
2024061803013907,DDBL,50,33,200.0,799.0,159800.0,2024-06-18
2024061801024649,SPC,7,14,50.0,566.0,28300.0,2024-06-18
2024061801024648,SPC,52,14,100.0,566.0,56600.0,2024-06-18
2024061801024647,SPC,5,14,45.0,567.1,25519.5,2024-06-18
2024061803013906,SFCL,36,40,10.0,402.0,4020.0,2024-06-18
2024061803013905,SHINE,1,56,200.0,381.9,76380.0,2024-06-18
2024061801024646,TAMOR,16,64,10.0,397.0,3970.0,2024-06-18
2024061803013904,VLBS,57,57,1.0,1015.3,1015.3,2024-06-18
2024061801024645,ADBL,42,49,100.0,261.5,26150.0,2024-06-18
2024061801024644,CLI,35,35,10.0,483.2,4832.0,2024-06-18
2024061804012926,CHL,29,19,250.0,321.5,80375.0,2024-06-18
2024061801024643,HDL,42,34,36.0,1280.0,46080.0,2024-06-18
2024061801024642,HDL,42,35,30.0,1278.0,38340.0,2024-06-18
2024061801024641,HDL,42,35,23.0,1278.0,29394.0,2024-06-18
2024061801024640,HDL,42,40,11.0,1277.9,14056.9,2024-06-18
2024061804012925,RADHI,37,45,100.0,262.0,26200.0,2024-06-18
2024061803013903,LBBL,45,14,20.0,378.7,7574.0,2024-06-18
2024061804012924,HDHPC,32,11,21.0,130.5,2740.5,2024-06-18
2024061805005227,CHDC,28,81,10.0,1032.0,10320.0,2024-06-18
2024061803013902,HLI,28,58,10.0,380.0,3800.0,2024-06-18
2024061803013901,NLIC,33,16,30.0,608.2,18246.0,2024-06-18
2024061803013900,HLBSL,47,38,190.0,1300.0,247000.0,2024-06-18
2024061803013899,HLBSL,60,38,10.0,1301.0,13010.0,2024-06-18
2024061801024639,GVL,70,57,40.0,545.0,21800.0,2024-06-18
2024061804012923,HDHPC,40,84,69.0,130.0,8970.0,2024-06-18
2024061804012922,HDHPC,32,84,10.0,130.0,1300.0,2024-06-18
2024061804012921,HDHPC,42,84,1500.0,130.0,195000.0,2024-06-18
2024061804012920,HDHPC,5,84,200.0,130.0,26000.0,2024-06-18
2024061804012919,HDHPC,29,84,200.0,130.1,26020.0,2024-06-18
2024061804012918,HDHPC,5,84,21.0,130.2,2734.2,2024-06-18
2024061804012917,RURU,42,17,50.0,632.0,31600.0,2024-06-18
2024061803013898,USLB,96,75,28.0,1828.0,51184.0,2024-06-18
2024061803013897,USLB,96,50,100.0,1825.0,182500.0,2024-06-18
2024061803013896,USLB,96,45,20.0,1825.0,36500.0,2024-06-18
2024061803013895,USLB,96,59,52.0,1825.0,94900.0,2024-06-18
2024061801024638,GBIME,58,72,13.0,179.2,2329.6,2024-06-18
2024061801024637,GBIME,58,32,11.0,179.2,1971.2,2024-06-18
2024061801024636,GBIME,58,32,124.0,179.2,22220.8,2024-06-18
2024061801024635,CLI,35,49,170.0,483.2,82144.0,2024-06-18
2024061801024634,EHPL,65,10,20.0,554.9,11098.0,2024-06-18
2024061801024633,EHPL,65,38,10.0,550.0,5500.0,2024-06-18
2024061801024632,EHPL,65,51,10.0,550.0,5500.0,2024-06-18
2024061801024631,EHPL,65,58,10.0,550.0,5500.0,2024-06-18
2024061801024630,EHPL,65,58,10.0,550.0,5500.0,2024-06-18
2024061801024629,EHPL,65,34,10.0,549.0,5490.0,2024-06-18
2024061801024628,EHPL,65,34,10.0,545.5,5455.0,2024-06-18
2024061801024627,EHPL,65,43,10.0,545.0,5450.0,2024-06-18
2024061801024626,EHPL,65,21,10.0,545.0,5450.0,2024-06-18
2024061801024625,EHPL,65,42,100.0,545.0,54500.0,2024-06-18
2024061801024624,RFPL,29,51,100.0,375.1,37510.0,2024-06-18
2024061803013894,GBBL,32,32,58.0,359.8,20868.4,2024-06-18
2024061803013893,GBBL,32,32,118.0,359.8,42456.4,2024-06-18
2024061801024623,HDL,35,53,17.0,1277.0,21709.0,2024-06-18
2024061801024622,HDL,25,53,20.0,1277.0,25540.0,2024-06-18
2024061801024621,HDL,4,53,10.0,1277.0,12770.0,2024-06-18
2024061801024620,HDL,42,53,10.0,1277.0,12770.0,2024-06-18
2024061801024619,HDL,58,53,50.0,1277.0,63850.0,2024-06-18
2024061803013892,RLFL,4,1,1594.0,397.0,632818.0,2024-06-18
2024061803013891,RLFL,39,1,100.0,397.0,39700.0,2024-06-18
2024061803013890,RLFL,52,1,20.0,397.0,7940.0,2024-06-18
2024061803013889,RLFL,44,1,1000.0,398.0,398000.0,2024-06-18
2024061803013888,RLFL,55,1,50.0,398.0,19900.0,2024-06-18
2024061803013887,RLFL,37,1,50.0,398.0,19900.0,2024-06-18
2024061803013886,RLFL,35,1,200.0,398.0,79600.0,2024-06-18
2024061803013885,RLFL,4,1,10.0,398.1,3981.0,2024-06-18
2024061803013884,RLFL,50,1,20.0,398.1,7962.0,2024-06-18
2024061803013883,RLFL,57,1,120.0,398.2,47784.0,2024-06-18
2024061803013882,RLFL,49,1,100.0,398.3,39830.0,2024-06-18
2024061803013881,RLFL,32,1,554.0,398.3,220658.2,2024-06-18
2024061803013880,RLFL,44,1,100.0,398.4,39840.0,2024-06-18
2024061801024618,MHCL,58,57,77.0,401.8,30938.6,2024-06-18
2024061801024617,MHCL,70,57,50.0,401.8,20090.0,2024-06-18
2024061801024616,MHCL,14,57,23.0,401.8,9241.4,2024-06-18
2024061801024615,MHCL,91,57,90.0,402.1,36189.0,2024-06-18
2024061803013879,ILBS,34,44,10.0,1210.0,12100.0,2024-06-18
2024061804012916,SHPC,57,47,269.0,322.0,86618.0,2024-06-18
2024061803013878,SABSL,42,35,18.0,1065.0,19170.0,2024-06-18
2024061801024614,LSL,55,49,11.0,154.8,1702.8,2024-06-18
2024061803013877,JFL,49,45,94.0,534.0,50196.0,2024-06-18
2024061803013876,JFL,45,45,106.0,534.0,56604.0,2024-06-18
2024061803013875,GUFL,21,57,50.0,735.1,36755.0,2024-06-18
2024061803013874,GUFL,21,56,50.0,735.1,36755.0,2024-06-18
2024061805005226,CHDC,69,81,10.0,1032.0,10320.0,2024-06-18
2024061804012915,RHPL,6,51,500.0,275.0,137500.0,2024-06-18
2024061804012914,RHPL,6,83,125.0,275.0,34375.0,2024-06-18
2024061804012913,RHPL,6,34,80.0,274.0,21920.0,2024-06-18
2024061804012912,RHPL,6,16,70.0,274.0,19180.0,2024-06-18
2024061805005225,CIT,6,44,114.0,2118.0,241452.0,2024-06-18
2024061805005224,CIT,6,45,30.0,2118.0,63540.0,2024-06-18
2024061805005223,CIT,6,7,56.0,2117.0,118552.0,2024-06-18
2024061803013873,SFCL,36,56,400.0,402.0,160800.0,2024-06-18
2024061803013872,SFCL,36,4,400.0,402.0,160800.0,2024-06-18
2024061803013871,SFCL,54,4,1000.0,402.1,402100.0,2024-06-18
2024061801024613,NRM,40,58,1375.0,394.5,542437.5,2024-06-18
2024061801024612,NRM,43,58,200.0,394.6,78920.0,2024-06-18
2024061801024611,NRM,6,58,100.0,394.6,39460.0,2024-06-18
2024061801024610,NRM,38,58,150.0,395.0,59250.0,2024-06-18
2024061801024609,NRM,60,58,200.0,395.0,79000.0,2024-06-18
2024061801024608,NRM,71,58,100.0,395.1,39510.0,2024-06-18
2024061801024607,NRM,22,58,100.0,396.0,39600.0,2024-06-18
2024061801024606,NRM,57,58,500.0,396.0,198000.0,2024-06-18
2024061801024605,NRM,32,58,100.0,396.0,39600.0,2024-06-18
2024061801024604,NRM,58,58,175.0,396.0,69300.0,2024-06-18
2024061803013870,GILB,58,3,16.0,1540.0,24640.0,2024-06-18
2024061801024603,MHCL,58,19,10.0,405.9,4059.0,2024-06-18
2024061801024602,SMJC,21,60,30.0,392.0,11760.0,2024-06-18
2024061803013869,NFS,71,71,160.0,659.0,105440.0,2024-06-18
2024061803013868,NABBC,42,63,30.0,546.3,16389.0,2024-06-18
2024061804012911,MEN,45,75,18.0,615.0,11070.0,2024-06-18
2024061804012910,MEN,45,49,20.0,615.0,12300.0,2024-06-18
2024061804012909,MEN,45,46,15.0,615.0,9225.0,2024-06-18
2024061804012908,MEN,45,45,100.0,615.0,61500.0,2024-06-18
2024061804012907,MEN,45,4,75.0,615.0,46125.0,2024-06-18
2024061804012906,MEN,45,44,200.0,614.0,122800.0,2024-06-18
2024061804012905,MEN,45,17,50.0,614.0,30700.0,2024-06-18
2024061804012904,MEN,45,66,300.0,614.0,184200.0,2024-06-18
2024061804012903,MEN,45,69,100.0,613.5,61350.0,2024-06-18
2024061804012902,MEN,45,45,122.0,613.0,74786.0,2024-06-18
2024061804012901,UPPER,33,38,194.0,160.0,31040.0,2024-06-18
2024061804012900,UPPER,33,42,106.0,160.0,16960.0,2024-06-18
2024061801024601,RFPL,8,14,271.0,375.0,101625.0,2024-06-18
2024061804012899,JOSHI,71,53,85.0,300.0,25500.0,2024-06-18
2024061804012898,JOSHI,49,53,35.0,300.0,10500.0,2024-06-18
2024061804012897,JOSHI,47,53,10.0,300.0,3000.0,2024-06-18
2024061804012896,JOSHI,57,53,870.0,300.0,261000.0,2024-06-18
2024061801024600,CKHL,64,29,480.0,590.0,283200.0,2024-06-18
2024061801024599,CKHL,64,28,100.0,590.0,59000.0,2024-06-18
2024061801024598,CKHL,64,38,10.0,590.0,5900.0,2024-06-18
2024061801024597,NBL,84,22,10.0,213.8,2138.0,2024-06-18
2024061803013867,GMFIL,25,41,150.0,402.2,60330.0,2024-06-18
2024061804012895,JOSHI,4,22,82.0,300.9,24673.8,2024-06-18
2024061801024596,MKCL,50,58,100.0,1150.0,115000.0,2024-06-18
2024061803013866,NABBC,35,63,20.0,546.3,10926.0,2024-06-18
2024061803013865,PROFL,42,34,10.0,375.0,3750.0,2024-06-18
2024061803013864,PFL,18,14,170.0,592.4,100708.0,2024-06-18
2024061803013863,PFL,28,14,30.0,592.5,17775.0,2024-06-18
2024061803013862,PFL,28,37,450.0,592.5,266625.0,2024-06-18
2024061804012894,NICL,59,81,10.0,833.0,8330.0,2024-06-18
2024061803013861,GUFL,7,56,50.0,735.1,36755.0,2024-06-18
2024061803013860,VLBS,4,49,18.0,1028.1,18505.8,2024-06-18
2024061803013859,MNBBL,37,36,150.0,343.0,51450.0,2024-06-18
2024061803013858,MNBBL,37,26,63.0,343.0,21609.0,2024-06-18
2024061801024595,SIKLES,89,37,1433.0,582.0,834006.0,2024-06-18
2024061801024594,SIKLES,28,37,40.0,583.0,23320.0,2024-06-18
2024061801024593,SIKLES,43,37,27.0,583.1,15743.7,2024-06-18
2024061801024592,SMJC,21,49,970.0,392.0,380240.0,2024-06-18
2024061801024591,SMJC,63,49,30.0,392.0,11760.0,2024-06-18
2024061805005222,MMF1,58,45,5000.0,7.36,36800.0,2024-06-18
2024061801024590,SMJC,91,35,590.0,393.0,231870.0,2024-06-18
2024061801024589,SMJC,91,83,410.0,393.0,161130.0,2024-06-18
2024061801024588,MHCL,91,57,10.0,402.1,4021.0,2024-06-18
2024061803013857,JFL,45,38,40.0,534.0,21360.0,2024-06-18
2024061804012893,KPCL,88,67,3276.0,451.3,1478458.8,2024-06-18
2024061804012892,KPCL,54,67,39.0,451.4,17604.6,2024-06-18
2024061804012891,KPCL,34,67,200.0,452.0,90400.0,2024-06-18
2024061804012890,KPCL,57,67,500.0,452.0,226000.0,2024-06-18
2024061804012889,KPCL,58,67,35.0,452.1,15823.5,2024-06-18
2024061804012888,KPCL,28,67,100.0,453.0,45300.0,2024-06-18
2024061804012887,KPCL,67,67,100.0,453.0,45300.0,2024-06-18
2024061803013856,SMFBS,58,44,10.0,1390.0,13900.0,2024-06-18
2024061803013855,RLFL,35,6,190.0,398.5,75715.0,2024-06-18
2024061803013854,SFCL,19,34,200.0,403.0,80600.0,2024-06-18
2024061803013853,SFCL,19,42,100.0,403.0,40300.0,2024-06-18
2024061804012886,BPCL,6,5,722.0,292.6,211257.2,2024-06-18
2024061805005221,CHDC,39,33,1000.0,1029.0,1029000.0,2024-06-18
2024061803013852,KRBL,43,22,377.0,439.0,165503.0,2024-06-18
2024061803013851,GUFL,1,5,88.0,736.0,64768.0,2024-06-18
2024061803013850,LLBS,75,57,39.0,1165.0,45435.0,2024-06-18
2024061803013849,LLBS,46,57,26.0,1165.1,30292.6,2024-06-18
2024061803013848,LLBS,7,57,10.0,1167.0,11670.0,2024-06-18
2024061801024587,CITY,45,57,200.0,710.0,142000.0,2024-06-18
2024061803013847,SAPDBL,42,41,100.0,349.5,34950.0,2024-06-18
2024061801024586,SHIVM,33,56,239.0,489.0,116871.0,2024-06-18
2024061801024585,SHIVM,38,56,100.0,489.0,48900.0,2024-06-18
2024061801024584,SHIVM,25,56,10.0,489.0,4890.0,2024-06-18
2024061801024583,SHIVM,1,56,20.0,489.0,9780.0,2024-06-18
2024061801024582,SHIVM,58,56,1000.0,489.0,489000.0,2024-06-18
2024061801024581,SHIVM,1,56,400.0,489.0,195600.0,2024-06-18
2024061801024580,SHIVM,41,56,500.0,489.0,244500.0,2024-06-18
2024061801024579,SHIVM,17,56,200.0,489.0,97800.0,2024-06-18
2024061801024578,SHIVM,72,56,500.0,489.1,244550.0,2024-06-18
2024061801024577,SHIVM,7,56,500.0,489.1,244550.0,2024-06-18
2024061801024576,SHIVM,71,56,250.0,489.1,122275.0,2024-06-18
2024061801024575,SHIVM,50,56,181.0,489.1,88527.1,2024-06-18
2024061804012885,NGPL,16,43,50.0,315.0,15750.0,2024-06-18
2024061804012884,NGPL,57,43,317.0,315.0,99855.0,2024-06-18
2024061804012883,NGPL,44,43,332.0,315.0,104580.0,2024-06-18
2024061804012882,NGPL,62,43,1000.0,315.1,315100.0,2024-06-18
2024061804012881,NGPL,17,43,419.0,315.1,132026.9,2024-06-18
2024061801024574,HBL,58,35,94.0,182.1,17117.4,2024-06-18
2024061804012880,NGPL,17,58,581.0,315.1,183073.1,2024-06-18
2024061803013846,MFIL,45,21,450.0,511.0,229950.0,2024-06-18
2024061803013845,MPFL,49,33,150.0,491.1,73665.0,2024-06-18
2024061801024573,CYCL,36,45,40.0,1500.0,60000.0,2024-06-18
2024061801024572,CYCL,36,62,300.0,1500.0,450000.0,2024-06-18
2024061801024571,CYCL,36,45,10.0,1500.0,15000.0,2024-06-18
2024061801024570,CYCL,36,64,10.0,1499.0,14990.0,2024-06-18
2024061804012879,RADHI,37,25,50.0,262.0,13100.0,2024-06-18
2024061801024569,SGHC,51,10,100.0,326.4,32640.0,2024-06-18
2024061801024568,SMHL,49,32,50.0,635.0,31750.0,2024-06-18
2024061804012878,AKPL,16,48,900.0,164.1,147690.0,2024-06-18
2024061804012877,AKPL,16,48,13.0,164.1,2133.3,2024-06-18
2024061801024567,NRM,58,43,197.0,396.0,78012.0,2024-06-18
2024061801024566,NRM,17,43,100.0,397.1,39710.0,2024-06-18
2024061801024565,NRM,8,43,503.0,398.0,200194.0,2024-06-18
2024061801024564,CLI,35,34,10.0,483.2,4832.0,2024-06-18
2024061803013844,NFS,71,85,500.0,659.0,329500.0,2024-06-18
2024061803013843,NFS,40,85,500.0,659.1,329550.0,2024-06-18
2024061801024563,GBIME,54,32,100.0,179.2,17920.0,2024-06-18
2024061801024562,TVCL,49,36,200.0,461.0,92200.0,2024-06-18
2024061801024561,TVCL,45,36,500.0,461.0,230500.0,2024-06-18
2024061801024560,TVCL,32,36,100.0,461.0,46100.0,2024-06-18
2024061801024559,TVCL,56,36,100.0,461.1,46110.0,2024-06-18
2024061801024558,TVCL,45,36,100.0,461.2,46120.0,2024-06-18
2024061801024557,VLUCL,38,45,10.0,510.7,5107.0,2024-06-18
2024061801024556,GVL,70,32,1000.0,545.0,545000.0,2024-06-18
2024061801024555,GVL,70,48,60.0,545.0,32700.0,2024-06-18
2024061803013842,GUFL,7,74,100.0,735.1,73510.0,2024-06-18
2024061801024554,NBL,84,49,140.0,213.0,29820.0,2024-06-18
2024061803013841,ICFC,35,59,100.0,518.5,51850.0,2024-06-18
2024061801024553,TVCL,25,51,100.0,461.3,46130.0,2024-06-18
2024061805005220,NIFRA,42,58,293.0,192.3,56343.9,2024-06-18
2024061805005219,NRIC,42,19,100.0,632.0,63200.0,2024-06-18
2024061801024552,MEL,49,29,100.0,225.0,22500.0,2024-06-18
2024061801024551,MEL,29,29,310.0,225.0,69750.0,2024-06-18
2024061804012876,MEN,70,25,24.0,611.8,14683.2,2024-06-18
2024061805005218,STC,45,53,19.0,4696.0,89224.0,2024-06-18
2024061804012875,GLH,1,39,76.0,215.8,16400.8,2024-06-18
2024061804012874,GLH,58,39,424.0,216.0,91584.0,2024-06-18
2024061804012873,RHPL,71,41,40.0,273.5,10940.0,2024-06-18
2024061803013840,HLBSL,33,38,100.0,1290.7,129070.0,2024-06-18
2024061803013839,HLBSL,45,38,50.0,1292.0,64600.0,2024-06-18
2024061803013838,HLBSL,59,38,50.0,1295.0,64750.0,2024-06-18
2024061803013837,HLBSL,50,38,350.0,1297.7,454195.0,2024-06-18
2024061803013836,HLBSL,48,38,300.0,1300.0,390000.0,2024-06-18
2024061803013835,HLBSL,49,38,50.0,1300.0,65000.0,2024-06-18
2024061803013834,HLBSL,35,38,100.0,1300.0,130000.0,2024-06-18
2024061805005217,HRL,49,57,15.0,551.0,8265.0,2024-06-18
2024061801024550,HHL,5,21,10.0,369.9,3699.0,2024-06-18
2024061803013833,CFCL,10,41,89.0,424.0,37736.0,2024-06-18
2024061803013832,CFCL,10,41,11.0,423.6,4659.6,2024-06-18
2024061801024549,MBJC,83,22,300.0,302.0,90600.0,2024-06-18
2024061801024548,VLUCL,26,57,80.0,510.1,40808.0,2024-06-18
2024061801024547,VLUCL,34,57,100.0,510.2,51020.0,2024-06-18
2024061801024546,VLUCL,91,57,150.0,510.3,76545.0,2024-06-18
2024061801024545,VLUCL,66,57,50.0,510.4,25520.0,2024-06-18
2024061801024544,VLUCL,13,57,620.0,510.6,316572.0,2024-06-18
2024061803013831,CFCL,45,57,100.0,423.5,42350.0,2024-06-18
2024061803013830,CFCL,19,57,100.0,423.5,42350.0,2024-06-18
2024061804012872,SPDL,29,60,700.0,245.1,171570.0,2024-06-18
2024061804012871,SPDL,37,60,100.0,245.9,24590.0,2024-06-18
2024061801024543,KBSH,49,84,100.0,1557.0,155700.0,2024-06-18
2024061801024542,KBL,55,49,455.0,138.8,63154.0,2024-06-18
2024061801024541,SHIVM,22,58,136.0,490.0,66640.0,2024-06-18
2024061803013829,PROFL,28,34,350.0,376.0,131600.0,2024-06-18
2024061803013828,FOWAD,34,6,10.0,1260.0,12600.0,2024-06-18
2024061804012870,UPPER,18,42,114.0,160.0,18240.0,2024-06-18
2024061804012869,UPPER,18,53,356.0,160.0,56960.0,2024-06-18
2024061803013827,VLBS,45,71,99.0,1044.0,103356.0,2024-06-18
2024061803013826,VLBS,45,45,21.0,1042.4,21890.4,2024-06-18
2024061803013825,VLBS,45,65,10.0,1040.0,10400.0,2024-06-18
2024061803013824,VLBS,45,22,47.0,1040.0,48880.0,2024-06-18
2024061803013823,VLBS,45,51,50.0,1039.9,51995.0,2024-06-18
2024061803013822,VLBS,45,45,10.0,1038.0,10380.0,2024-06-18
2024061803013821,VLBS,45,41,34.0,1037.8,35285.2,2024-06-18
2024061803013820,VLBS,45,53,29.0,1037.0,30073.0,2024-06-18
2024061801024540,CLI,28,41,33.0,485.0,16005.0,2024-06-18
2024061801024539,CLI,28,13,10.0,485.0,4850.0,2024-06-18
2024061801024538,CLI,28,49,112.0,485.0,54320.0,2024-06-18
2024061801024537,CLI,28,41,730.0,485.0,354050.0,2024-06-18
2024061801024536,CLI,28,25,105.0,484.9,50914.5,2024-06-18
2024061801024535,CLI,28,29,10.0,484.5,4845.0,2024-06-18
2024061801024534,HATHY,44,17,677.0,892.2,604019.4,2024-06-18
2024061801024533,HATHY,50,17,100.0,892.3,89230.0,2024-06-18
2024061801024532,HATHY,25,17,50.0,892.4,44620.0,2024-06-18
2024061801024531,HATHY,4,17,100.0,892.4,89240.0,2024-06-18
2024061801024530,HATHY,21,17,23.0,893.0,20539.0,2024-06-18
2024061801024529,HATHY,22,17,50.0,893.0,44650.0,2024-06-18
2024061804012868,UMRH,45,43,100.0,418.0,41800.0,2024-06-18
2024061801024528,USHEC,11,47,250.0,453.0,113250.0,2024-06-18
2024061801024527,USHEC,65,47,10.0,455.0,4550.0,2024-06-18
2024061801024526,USHEC,88,47,170.0,455.2,77384.0,2024-06-18
2024061801024525,USHEC,11,47,200.0,456.0,91200.0,2024-06-18
2024061801024524,USHEC,81,47,290.0,456.0,132240.0,2024-06-18
2024061803013819,DDBL,56,21,55.0,798.0,43890.0,2024-06-18
2024061801024523,SHLB,33,40,10.0,1759.0,17590.0,2024-06-18
2024061801024522,SHLB,33,13,10.0,1754.9,17549.0,2024-06-18
2024061801024521,SHLB,33,58,10.0,1745.0,17450.0,2024-06-18
2024061801024520,SHLB,33,58,10.0,1742.0,17420.0,2024-06-18
2024061805005216,HRL,58,57,35.0,551.0,19285.0,2024-06-18
2024061805005215,HRL,58,57,100.0,551.0,55100.0,2024-06-18
2024061804012867,CHCL,19,22,30.0,436.0,13080.0,2024-06-18
2024061804012866,BARUN,19,54,279.0,310.0,86490.0,2024-06-18
2024061804012865,BARUN,19,13,10.0,310.0,3100.0,2024-06-18
2024061804012864,BARUN,19,53,11.0,309.0,3399.0,2024-06-18
2024061805005214,MMF1,58,19,3500.0,7.42,25970.0,2024-06-18
2024061805005213,MMF1,58,36,100.0,7.41,741.0,2024-06-18
2024061801024519,TAMOR,38,21,277.0,391.2,108362.4,2024-06-18
2024061801024518,TAMOR,19,21,100.0,391.4,39140.0,2024-06-18
