transaction,symbol,buyer,seller,quantity,rate,amount,date
2024020801039814,PPL,22,40,189.0,388.9,73502.1,2024-02-08
2024020801039813,MHCL,58,38,636.0,515.2,327667.2,2024-02-08
2024020801039812,MHCL,26,38,59.0,515.2,30396.8,2024-02-08
2024020801039811,MHCL,58,38,100.0,516.0,51600.0,2024-02-08
2024020801039810,MHCL,39,38,700.0,516.0,361200.0,2024-02-08
2024020801039809,MHCL,44,38,30.0,516.0,15480.0,2024-02-08
2024020801039808,MHCL,6,38,10.0,516.1,5161.0,2024-02-08
2024020801039807,MHCL,58,38,200.0,516.3,103260.0,2024-02-08
2024020801039806,MHCL,26,38,10.0,516.4,5164.0,2024-02-08
2024020801039805,MHCL,56,38,40.0,516.5,20660.0,2024-02-08
2024020801039804,MHCL,26,38,25.0,517.5,12937.5,2024-02-08
2024020804011868,AKPL,45,48,100.0,195.0,19500.0,2024-02-08
2024020801039803,SPC,57,74,420.0,617.0,259140.0,2024-02-08
2024020801039802,SPC,34,74,90.0,617.0,55530.0,2024-02-08
2024020801039801,SPC,64,74,100.0,618.0,61800.0,2024-02-08
2024020801039800,BEDC,45,38,11.0,352.9,3881.9,2024-02-08
2024020801039799,MKHC,86,45,37.0,306.0,11322.0,2024-02-08
2024020801039798,SPHL,72,7,159.0,508.9,80915.1,2024-02-08
2024020801039797,SPHL,72,59,10.0,508.8,5088.0,2024-02-08
2024020801039796,SPHL,72,48,500.0,508.0,254000.0,2024-02-08
2024020801039795,SPHL,72,48,481.0,508.0,244348.0,2024-02-08
2024020801039794,SPHL,72,38,10.0,508.0,5080.0,2024-02-08
2024020801039793,SPHL,72,45,370.0,508.0,187960.0,2024-02-08
2024020801039792,SPHL,72,44,10.0,507.5,5075.0,2024-02-08
2024020801039791,SPHL,72,35,10.0,507.0,5070.0,2024-02-08
2024020801039790,SPHL,72,45,400.0,506.5,202600.0,2024-02-08
2024020801039789,SPHL,72,58,10.0,506.0,5060.0,2024-02-08
2024020801039788,SPHL,72,49,40.0,505.0,20200.0,2024-02-08
2024020801039787,SMJC,88,47,10.0,380.1,3801.0,2024-02-08
2024020801039786,RHGCL,34,26,11.0,316.5,3481.5,2024-02-08
2024020803007080,SDLBSL,77,32,10.0,625.0,6250.0,2024-02-08
2024020801039785,KBL,44,25,50.0,149.0,7450.0,2024-02-08
2024020801039784,NICA,43,51,60.0,474.6,28476.0,2024-02-08
2024020804011867,PRIN,71,44,10.0,810.7,8107.0,2024-02-08
2024020801039783,EHPL,71,65,10.0,480.0,4800.0,2024-02-08
2024020804011866,NICL,71,8,10.0,902.0,9020.0,2024-02-08
2024020801039782,CLI,6,34,20.0,466.9,9338.0,2024-02-08
2024020801039781,CLI,6,36,10.0,466.8,4668.0,2024-02-08
2024020801039780,GVL,62,58,50.0,464.0,23200.0,2024-02-08
2024020804011865,JOSHI,62,58,41.0,274.0,11234.0,2024-02-08
2024020804011864,JOSHI,62,5,59.0,273.5,16136.5,2024-02-08
2024020804011863,JOSHI,62,55,100.0,273.0,27300.0,2024-02-08
2024020804011862,JOSHI,62,35,10.0,272.1,2721.0,2024-02-08
2024020803007079,FMDBL,62,62,10.0,627.5,6275.0,2024-02-08
2024020803007078,FMDBL,62,59,10.0,627.0,6270.0,2024-02-08
2024020803007077,GFCL,62,66,10.0,441.5,4415.0,2024-02-08
2024020801039779,JALPA,13,58,10.0,1136.8,11368.0,2024-02-08
2024020801039778,HATHY,58,17,100.0,980.0,98000.0,2024-02-08
2024020801039777,HATHY,58,52,20.0,980.0,19600.0,2024-02-08
2024020801039776,HATHY,58,57,100.0,980.0,98000.0,2024-02-08
2024020801039775,HATHY,58,50,20.0,980.0,19600.0,2024-02-08
2024020801039774,HATHY,58,38,34.0,980.0,33320.0,2024-02-08
2024020801039773,HATHY,58,35,20.0,980.0,19600.0,2024-02-08
2024020801039772,HATHY,58,57,100.0,980.0,98000.0,2024-02-08
2024020801039771,HATHY,58,40,67.0,980.0,65660.0,2024-02-08
2024020801039770,HATHY,58,38,20.0,980.0,19600.0,2024-02-08
2024020801039769,HATHY,58,17,10.0,980.0,9800.0,2024-02-08
2024020801039768,HATHY,58,52,10.0,980.0,9800.0,2024-02-08
2024020801039767,HATHY,58,52,10.0,980.0,9800.0,2024-02-08
2024020801039766,HATHY,58,49,20.0,980.0,19600.0,2024-02-08
2024020801039765,HATHY,58,45,10.0,980.0,9800.0,2024-02-08
2024020801039764,HATHY,58,42,20.0,980.0,19600.0,2024-02-08
2024020801039763,HATHY,58,25,430.0,979.9,421357.0,2024-02-08
2024020801039762,NWCL,61,47,10.0,777.0,7770.0,2024-02-08
2024020801039761,KDL,47,22,10.0,828.2,8282.0,2024-02-08
2024020801039760,KDL,47,21,10.0,828.0,8280.0,2024-02-08
2024020801039759,KDL,47,45,10.0,827.2,8272.0,2024-02-08
2024020801039758,KDL,47,4,10.0,826.0,8260.0,2024-02-08
2024020801039757,KDL,47,45,20.0,826.0,16520.0,2024-02-08
2024020801039756,MHCL,35,34,986.0,529.0,521594.0,2024-02-08
2024020801039755,MHCL,35,42,14.0,529.0,7406.0,2024-02-08
2024020801039754,MHCL,35,42,11.0,529.0,5819.0,2024-02-08
2024020801039753,MHCL,35,42,75.0,529.0,39675.0,2024-02-08
2024020801039752,MHCL,35,71,50.0,528.7,26435.0,2024-02-08
2024020801039751,MHCL,35,52,50.0,528.5,26425.0,2024-02-08
2024020801039750,MHCL,35,58,100.0,528.5,52850.0,2024-02-08
2024020801039749,MHCL,35,21,10.0,528.3,5283.0,2024-02-08
2024020801039748,MHCL,35,50,500.0,528.0,264000.0,2024-02-08
2024020801039747,MHCL,35,42,500.0,528.0,264000.0,2024-02-08
2024020801039746,MHCL,35,26,200.0,528.0,105600.0,2024-02-08
2024020801039745,MHCL,35,44,200.0,528.0,105600.0,2024-02-08
2024020801039744,MHCL,35,29,500.0,528.0,264000.0,2024-02-08
2024020801039743,MHCL,35,77,3000.0,528.0,1584000.0,2024-02-08
2024020801039742,MHCL,35,41,20.0,528.0,10560.0,2024-02-08
2024020801039741,MHCL,35,26,500.0,528.0,264000.0,2024-02-08
2024020801039740,MHCL,35,26,500.0,528.0,264000.0,2024-02-08
2024020801039739,MHCL,35,17,50.0,528.0,26400.0,2024-02-08
2024020801039738,MHCL,35,36,400.0,528.0,211200.0,2024-02-08
2024020801039737,MHCL,35,71,450.0,528.0,237600.0,2024-02-08
2024020801039736,MHCL,35,55,115.0,528.0,60720.0,2024-02-08
2024020801039735,MHCL,35,40,300.0,528.0,158400.0,2024-02-08
2024020801039734,MHCL,35,14,500.0,528.0,264000.0,2024-02-08
2024020801039733,MHCL,35,26,30.0,528.0,15840.0,2024-02-08
2024020801039732,MHCL,35,36,110.0,528.0,58080.0,2024-02-08
2024020801039731,MHCL,35,11,150.0,528.0,79200.0,2024-02-08
2024020801039730,MHCL,35,42,10.0,528.0,5280.0,2024-02-08
2024020801039729,MHCL,35,6,10.0,527.3,5273.0,2024-02-08
2024020801039728,MHCL,35,38,10.0,527.0,5270.0,2024-02-08
2024020801039727,MHCL,35,42,10.0,527.0,5270.0,2024-02-08
2024020801039726,MHCL,35,34,200.0,527.0,105400.0,2024-02-08
2024020801039725,MHCL,35,35,100.0,526.7,52670.0,2024-02-08
2024020801039724,MHCL,35,22,10.0,526.3,5263.0,2024-02-08
2024020801039723,MHCL,35,38,10.0,526.0,5260.0,2024-02-08
2024020801039722,MHCL,35,38,10.0,526.0,5260.0,2024-02-08
2024020801039721,MHCL,35,49,30.0,526.0,15780.0,2024-02-08
2024020801039720,MHCL,35,21,10.0,525.3,5253.0,2024-02-08
2024020801039719,MHCL,35,25,10.0,525.3,5253.0,2024-02-08
2024020801039718,MHCL,35,35,10.0,525.0,5250.0,2024-02-08
2024020801039717,MHCL,35,35,200.0,525.0,105000.0,2024-02-08
2024020801039716,MHCL,35,35,600.0,525.0,315000.0,2024-02-08
2024020801039715,MHCL,35,34,1000.0,525.0,525000.0,2024-02-08
2024020801039714,MHCL,35,35,900.0,525.0,472500.0,2024-02-08
2024020801039713,MHCL,35,59,10.0,525.0,5250.0,2024-02-08
2024020801039712,MHCL,35,34,10.0,525.0,5250.0,2024-02-08
2024020801039711,MHCL,35,58,10.0,525.0,5250.0,2024-02-08
2024020801039710,MHCL,35,35,400.0,525.0,210000.0,2024-02-08
2024020801039709,MHCL,35,34,93.0,524.0,48732.0,2024-02-08
2024020801039708,MHCL,35,35,37.0,519.0,19203.0,2024-02-08
2024020801039707,SHIVM,45,35,500.0,503.1,251550.0,2024-02-08
2024020801039706,SHIVM,48,35,500.0,503.2,251600.0,2024-02-08
2024020801039705,SHIVM,29,35,10.0,503.3,5033.0,2024-02-08
2024020801039704,SHIVM,53,35,100.0,503.5,50350.0,2024-02-08
2024020801039703,SHIVM,43,35,100.0,503.5,50350.0,2024-02-08
2024020801039702,SHIVM,45,35,180.0,503.5,90630.0,2024-02-08
2024020801039701,SHIVM,94,35,100.0,503.6,50360.0,2024-02-08
2024020801039700,PPL,22,28,10.0,388.9,3889.0,2024-02-08
2024020801039699,PPL,22,32,10.0,388.0,3880.0,2024-02-08
2024020801039698,PPL,22,38,10.0,388.0,3880.0,2024-02-08
2024020801039697,PPL,22,25,10.0,388.0,3880.0,2024-02-08
2024020801039696,PPL,22,58,10.0,388.0,3880.0,2024-02-08
2024020801039695,PPL,22,38,10.0,387.0,3870.0,2024-02-08
2024020801039694,PPL,22,55,10.0,386.0,3860.0,2024-02-08
2024020801039693,PPL,22,45,274.0,386.0,105764.0,2024-02-08
2024020801039692,PPL,22,41,130.0,385.9,50167.0,2024-02-08
2024020801039691,PPL,22,45,100.0,385.5,38550.0,2024-02-08
2024020801039690,PPL,22,8,60.0,385.0,23100.0,2024-02-08
2024020801039689,PPL,22,34,10.0,385.0,3850.0,2024-02-08
2024020801039688,PPL,22,56,167.0,385.0,64295.0,2024-02-08
2024020801039687,HATHY,58,26,50.0,974.0,48700.0,2024-02-08
2024020805008511,HRL,45,16,20.0,689.0,13780.0,2024-02-08
2024020801039686,NWCL,61,49,10.0,777.0,7770.0,2024-02-08
2024020801039685,SRLI,32,62,20.0,461.9,9238.0,2024-02-08
2024020804011861,UAIL,49,40,10.0,566.2,5662.0,2024-02-08
2024020801039684,ULBSL,38,49,10.0,1114.8,11148.0,2024-02-08
2024020804011860,HDHPC,52,6,10.0,148.4,1484.0,2024-02-08
2024020801039683,CKHL,43,36,10.0,520.0,5200.0,2024-02-08
2024020804011859,AKPL,50,48,1000.0,195.0,195000.0,2024-02-08
2024020804011858,AKPL,50,56,1000.0,194.9,194900.0,2024-02-08
2024020801039682,BHPL,52,28,20.0,495.1,9902.0,2024-02-08
2024020801039681,BHPL,71,28,10.0,495.1,4951.0,2024-02-08
2024020804011857,HPPL,28,58,110.0,291.0,32010.0,2024-02-08
2024020804011856,HPPL,28,22,200.0,291.0,58200.0,2024-02-08
2024020804011855,HPPL,28,10,100.0,291.0,29100.0,2024-02-08
2024020804011854,HPPL,28,13,10.0,290.9,2909.0,2024-02-08
2024020804011853,HPPL,28,13,10.0,290.8,2908.0,2024-02-08
2024020804011852,HPPL,28,13,10.0,290.7,2907.0,2024-02-08
2024020804011851,HPPL,28,13,10.0,290.6,2906.0,2024-02-08
2024020804011850,HPPL,28,13,10.0,290.5,2905.0,2024-02-08
2024020804011849,HPPL,28,13,10.0,290.4,2904.0,2024-02-08
2024020804011848,HPPL,28,13,10.0,290.3,2903.0,2024-02-08
2024020804011847,HPPL,28,13,10.0,290.2,2902.0,2024-02-08
2024020804011846,HPPL,28,13,10.0,290.1,2901.0,2024-02-08
2024020801039680,SHLB,14,21,10.0,971.0,9710.0,2024-02-08
2024020805008510,HRL,45,4,10.0,689.0,6890.0,2024-02-08
2024020805008509,CIT,18,54,50.0,2110.0,105500.0,2024-02-08
2024020801039679,MKHC,38,52,10.0,307.0,3070.0,2024-02-08
2024020805008508,HRL,45,42,60.0,689.0,41340.0,2024-02-08
2024020801039678,GVL,74,58,10.0,464.0,4640.0,2024-02-08
2024020805008507,HRL,59,42,40.0,689.0,27560.0,2024-02-08
2024020805008506,ENL,42,49,10.0,847.0,8470.0,2024-02-08
2024020805008505,ENL,42,17,50.0,847.0,42350.0,2024-02-08
2024020804011845,NIL,42,49,50.0,835.0,41750.0,2024-02-08
2024020801039677,MMKJL,36,58,10.0,430.0,4300.0,2024-02-08
2024020801039676,MEL,45,59,20.0,238.0,4760.0,2024-02-08
2024020801039675,DORDI,77,62,125.0,456.8,57100.0,2024-02-08
2024020801039674,DORDI,77,13,500.0,455.0,227500.0,2024-02-08
2024020801039673,DORDI,77,35,10.0,450.0,4500.0,2024-02-08
2024020801039672,DORDI,77,29,50.0,450.0,22500.0,2024-02-08
2024020801039671,DORDI,77,45,30.0,450.0,13500.0,2024-02-08
2024020801039670,DORDI,77,17,40.0,450.0,18000.0,2024-02-08
2024020801039669,DORDI,77,42,300.0,449.0,134700.0,2024-02-08
2024020801039668,DORDI,77,38,945.0,449.0,424305.0,2024-02-08
2024020803007076,EDBL,71,57,50.0,367.0,18350.0,2024-02-08
2024020803007075,EDBL,14,57,500.0,367.1,183550.0,2024-02-08
2024020803007074,EDBL,34,57,450.0,367.2,165240.0,2024-02-08
2024020801039667,PCBL,44,32,10.0,204.5,2045.0,2024-02-08
2024020804011844,GLH,6,70,15.0,253.5,3802.5,2024-02-08
2024020804011843,UMHL,7,68,70.0,286.0,20020.0,2024-02-08
2024020804011842,UMHL,51,68,30.0,286.1,8583.0,2024-02-08
2024020801039666,KBL,48,25,10.0,149.0,1490.0,2024-02-08
2024020801039665,ULBSL,59,19,10.0,1133.0,11330.0,2024-02-08
2024020804011841,UPCL,54,66,550.0,232.6,127930.0,2024-02-08
2024020801039664,RAWA,41,29,99.0,516.9,51173.1,2024-02-08
2024020801039663,RAWA,41,38,401.0,516.5,207116.5,2024-02-08
2024020804011840,HURJA,41,72,10.0,311.0,3110.0,2024-02-08
2024020801039662,MHCL,69,35,50.0,519.0,25950.0,2024-02-08
2024020801039661,MHCL,69,35,13.0,519.0,6747.0,2024-02-08
2024020801039660,EHPL,62,65,10.0,480.0,4800.0,2024-02-08
2024020801039659,MANDU,65,65,420.0,700.0,294000.0,2024-02-08
2024020801039658,MANDU,65,65,80.0,700.1,56008.0,2024-02-08
2024020801039657,NYADI,29,44,50.0,287.9,14395.0,2024-02-08
2024020804011839,NHPC,47,45,10.0,169.0,1690.0,2024-02-08
2024020801039656,HATHY,47,25,10.0,979.9,9799.0,2024-02-08
2024020805008504,HRL,59,35,10.0,689.0,6890.0,2024-02-08
2024020804011838,SSHL,22,19,10.0,179.9,1799.0,2024-02-08
2024020801039655,GCIL,3,49,10.0,509.0,5090.0,2024-02-08
2024020803007073,GMFIL,49,39,10.0,355.0,3550.0,2024-02-08
2024020801039654,SPHL,32,86,100.0,505.0,50500.0,2024-02-08
2024020801039653,SPHL,32,41,27.0,504.0,13608.0,2024-02-08
2024020801039652,MEL,11,59,50.0,238.0,11900.0,2024-02-08
2024020804011837,SHEL,14,43,500.0,255.9,127950.0,2024-02-08
2024020801039651,SAHAS,43,72,10.0,568.5,5685.0,2024-02-08
2024020801039650,SAHAS,43,49,10.0,568.5,5685.0,2024-02-08
2024020801039649,MMKJL,43,58,60.0,430.0,25800.0,2024-02-08
2024020801039648,MKCL,95,50,100.0,974.0,97400.0,2024-02-08
2024020801039647,DORDI,14,38,20.0,449.0,8980.0,2024-02-08
2024020801039646,KBL,51,39,400.0,148.9,59560.0,2024-02-08
2024020801039645,KBL,25,39,100.0,148.9,14890.0,2024-02-08
2024020801039644,DORDI,77,39,240.0,421.0,101040.0,2024-02-08
2024020801039643,DORDI,60,39,10.0,421.1,4211.0,2024-02-08
2024020801039642,DORDI,60,39,10.0,421.5,4215.0,2024-02-08
2024020801039641,DORDI,60,39,10.0,421.5,4215.0,2024-02-08
2024020801039640,DORDI,60,39,10.0,421.8,4218.0,2024-02-08
2024020801039639,DORDI,60,39,10.0,421.8,4218.0,2024-02-08
2024020801039638,DORDI,33,39,200.0,422.0,84400.0,2024-02-08
2024020801039637,DORDI,60,39,10.0,422.0,4220.0,2024-02-08
2024020801039636,DORDI,10,39,30.0,423.0,12690.0,2024-02-08
2024020801039635,DORDI,65,39,10.0,425.0,4250.0,2024-02-08
2024020801039634,DORDI,17,39,210.0,425.1,89271.0,2024-02-08
2024020804011836,MHNL,40,26,10.0,281.0,2810.0,2024-02-08
2024020801039633,MKJC,94,56,140.0,489.0,68460.0,2024-02-08
2024020801039632,MKJC,94,56,200.0,488.0,97600.0,2024-02-08
2024020801039631,MKJC,94,38,10.0,488.0,4880.0,2024-02-08
2024020801039630,MKJC,94,58,10.0,486.0,4860.0,2024-02-08
2024020801039629,MKJC,94,38,100.0,485.0,48500.0,2024-02-08
2024020801039628,MKJC,94,45,10.0,485.0,4850.0,2024-02-08
2024020801039627,MKJC,94,44,10.0,485.0,4850.0,2024-02-08
2024020801039626,MKJC,94,16,20.0,485.0,9700.0,2024-02-08
2024020803007072,ILBS,34,4,62.0,703.2,43598.4,2024-02-08
2024020804011835,HDHPC,32,38,295.0,148.3,43748.5,2024-02-08
2024020804011834,HDHPC,52,38,10.0,148.3,1483.0,2024-02-08
2024020804011833,HDHPC,40,38,500.0,148.3,74150.0,2024-02-08
2024020804011832,HDHPC,49,38,95.0,148.3,14088.5,2024-02-08
2024020804011831,HDHPC,16,38,100.0,148.4,14840.0,2024-02-08
2024020803007071,ALBSL,54,21,10.0,705.0,7050.0,2024-02-08
2024020803007070,ALBSL,54,58,10.0,705.0,7050.0,2024-02-08
2024020803007069,ALBSL,54,34,40.0,705.0,28200.0,2024-02-08
2024020803007068,ALBSL,54,36,18.0,705.0,12690.0,2024-02-08
2024020803007067,ALBSL,54,22,80.0,705.0,56400.0,2024-02-08
2024020803007066,MDB,38,45,500.0,423.0,211500.0,2024-02-08
2024020803007065,MDB,38,58,15.0,423.0,6345.0,2024-02-08
2024020803007064,MDB,38,34,100.0,422.0,42200.0,2024-02-08
2024020803007063,MDB,38,45,500.0,420.0,210000.0,2024-02-08
2024020801039625,HATHY,58,72,430.0,974.0,418820.0,2024-02-08
2024020801039624,HATHY,58,72,520.0,974.1,506532.0,2024-02-08
2024020801039623,HATHY,64,72,50.0,975.0,48750.0,2024-02-08
2024020805008503,NIFRA,75,45,500.0,225.2,112600.0,2024-02-08
2024020801039622,SMJC,39,45,31.0,380.0,11780.0,2024-02-08
2024020801039621,SONA,53,33,100.0,475.0,47500.0,2024-02-08
2024020801039620,SONA,43,33,20.0,475.0,9500.0,2024-02-08
2024020801039619,NESDO,38,13,10.0,1670.0,16700.0,2024-02-08
2024020803007062,PROFL,57,55,10.0,319.7,3197.0,2024-02-08
2024020804011830,API,33,44,338.0,201.0,67938.0,2024-02-08
2024020804011829,API,42,44,200.0,201.0,40200.0,2024-02-08
2024020804011828,API,48,44,100.0,201.0,20100.0,2024-02-08
2024020804011827,API,45,44,862.0,201.0,173262.0,2024-02-08
2024020804011826,NGPL,44,51,80.0,342.6,27408.0,2024-02-08
2024020803007061,NLIC,35,3,75.0,627.5,47062.5,2024-02-08
2024020801039618,SHLB,18,34,10.0,969.0,9690.0,2024-02-08
2024020801039617,SHLB,18,34,10.0,968.9,9689.0,2024-02-08
2024020801039616,SHLB,18,34,10.0,968.5,9685.0,2024-02-08
2024020801039615,SHLB,18,33,10.0,965.0,9650.0,2024-02-08
2024020801039614,SHLB,18,61,10.0,960.0,9600.0,2024-02-08
2024020801039613,SHLB,18,58,10.0,959.0,9590.0,2024-02-08
2024020801039612,SHLB,18,58,10.0,958.9,9589.0,2024-02-08
2024020801039611,SHLB,18,45,30.0,958.0,28740.0,2024-02-08
2024020804011825,HURJA,34,72,43.0,311.0,13373.0,2024-02-08
2024020804011824,HURJA,34,63,10.0,310.9,3109.0,2024-02-08
2024020804011823,HURJA,34,63,10.0,310.8,3108.0,2024-02-08
2024020804011822,HURJA,34,45,237.0,310.0,73470.0,2024-02-08
2024020804011821,HURJA,34,35,1000.0,309.7,309700.0,2024-02-08
2024020804011820,HURJA,34,38,50.0,309.5,15475.0,2024-02-08
2024020804011819,HURJA,34,70,500.0,309.0,154500.0,2024-02-08
2024020804011818,HURJA,34,53,50.0,309.0,15450.0,2024-02-08
2024020804011817,HURJA,34,7,100.0,309.0,30900.0,2024-02-08
2024020801039610,GVL,66,58,50.0,464.0,23200.0,2024-02-08
2024020801039609,GVL,66,28,90.0,463.9,41751.0,2024-02-08
2024020801039608,GVL,66,39,100.0,463.8,46380.0,2024-02-08
2024020801039607,GVL,66,44,10.0,463.5,4635.0,2024-02-08
2024020801039606,GVL,66,11,100.0,463.0,46300.0,2024-02-08
2024020801039605,GVL,66,52,100.0,463.0,46300.0,2024-02-08
2024020801039604,GVL,66,67,10.0,463.0,4630.0,2024-02-08
2024020801039603,GVL,66,55,10.0,462.9,4629.0,2024-02-08
2024020801039602,GVL,66,41,800.0,462.9,370320.0,2024-02-08
2024020801039601,GVL,66,17,100.0,462.9,46290.0,2024-02-08
2024020801039600,GVL,66,39,100.0,462.8,46280.0,2024-02-08
2024020801039599,GVL,66,20,150.0,462.0,69300.0,2024-02-08
2024020801039598,GVL,66,34,200.0,461.5,92300.0,2024-02-08
2024020801039597,GVL,66,26,180.0,461.3,83034.0,2024-02-08
2024020801039596,TVCL,19,59,340.0,600.7,204238.0,2024-02-08
2024020801039595,TVCL,19,1,20.0,600.7,12014.0,2024-02-08
2024020801039594,TVCL,19,52,10.0,600.7,6007.0,2024-02-08
2024020801039593,TVCL,19,6,30.0,600.0,18000.0,2024-02-08
2024020801039592,TVCL,19,17,50.0,600.0,30000.0,2024-02-08
2024020801039591,TVCL,19,21,20.0,600.0,12000.0,2024-02-08
2024020801039590,TVCL,19,45,20.0,600.0,12000.0,2024-02-08
2024020801039589,TVCL,19,49,20.0,600.0,12000.0,2024-02-08
2024020801039588,TVCL,19,48,60.0,600.0,36000.0,2024-02-08
2024020801039587,TVCL,19,45,500.0,600.0,300000.0,2024-02-08
2024020801039586,TVCL,19,22,20.0,600.0,12000.0,2024-02-08
2024020801039585,TVCL,19,22,30.0,600.0,18000.0,2024-02-08
2024020801039584,TVCL,19,42,20.0,600.0,12000.0,2024-02-08
2024020801039583,TVCL,19,49,20.0,600.0,12000.0,2024-02-08
2024020801039582,TVCL,19,34,20.0,600.0,12000.0,2024-02-08
2024020801039581,TVCL,19,57,30.0,600.0,18000.0,2024-02-08
2024020801039580,TVCL,19,41,30.0,600.0,18000.0,2024-02-08
2024020801039579,TVCL,19,21,20.0,600.0,12000.0,2024-02-08
2024020801039578,TVCL,19,52,20.0,600.0,12000.0,2024-02-08
2024020801039577,TVCL,19,51,50.0,600.0,30000.0,2024-02-08
2024020801039576,TVCL,19,52,20.0,600.0,12000.0,2024-02-08
2024020801039575,TVCL,19,58,20.0,600.0,12000.0,2024-02-08
2024020801039574,TVCL,19,51,20.0,600.0,12000.0,2024-02-08
2024020801039573,TVCL,19,11,30.0,600.0,18000.0,2024-02-08
2024020801039572,TVCL,19,49,30.0,600.0,18000.0,2024-02-08
2024020801039571,TVCL,19,19,20.0,600.0,12000.0,2024-02-08
2024020801039570,TVCL,19,52,50.0,600.0,30000.0,2024-02-08
2024020801039569,TVCL,19,45,20.0,600.0,12000.0,2024-02-08
2024020801039568,TVCL,19,57,20.0,600.0,12000.0,2024-02-08
2024020801039567,TVCL,19,41,20.0,599.7,11994.0,2024-02-08
2024020801039566,TVCL,19,45,20.0,599.0,11980.0,2024-02-08
2024020801039565,TVCL,19,19,10.0,599.0,5990.0,2024-02-08
2024020801039564,TVCL,19,38,30.0,599.0,17970.0,2024-02-08
2024020801039563,TVCL,19,25,50.0,599.0,29950.0,2024-02-08
2024020801039562,TVCL,19,25,50.0,599.0,29950.0,2024-02-08
2024020801039561,TVCL,19,56,20.0,599.0,11980.0,2024-02-08
2024020801039560,TVCL,19,36,20.0,598.7,11974.0,2024-02-08
2024020801039559,TVCL,19,25,20.0,598.6,11972.0,2024-02-08
2024020801039558,TVCL,19,64,50.0,598.6,29930.0,2024-02-08
2024020801039557,TVCL,19,64,150.0,595.0,89250.0,2024-02-08
2024020804011816,UNHPL,71,36,20.0,246.7,4934.0,2024-02-08
2024020801039556,AHL,64,13,20.0,488.0,9760.0,2024-02-08
2024020801039555,AHL,64,58,10.0,485.1,4851.0,2024-02-08
2024020801039554,AHL,64,48,100.0,485.0,48500.0,2024-02-08
2024020801039553,NIMB,35,53,100.0,170.0,17000.0,2024-02-08
2024020801039552,NIMB,33,53,25.0,170.0,4250.0,2024-02-08
2024020801039551,NIMB,45,53,15.0,170.0,2550.0,2024-02-08
2024020801039550,NIMB,36,53,10.0,170.0,1700.0,2024-02-08
2024020801039549,NIMB,48,53,150.0,170.0,25500.0,2024-02-08
2024020801039548,NIMB,58,53,100.0,170.0,17000.0,2024-02-08
2024020801039547,NIMB,29,53,25.0,170.0,4250.0,2024-02-08
2024020801039546,NIMB,45,53,500.0,170.0,85000.0,2024-02-08
2024020801039545,NIMB,5,53,50.0,170.0,8500.0,2024-02-08
2024020801039544,NIMB,54,53,766.0,170.0,130220.0,2024-02-08
2024020804011815,AKJCL,42,6,500.0,229.1,114550.0,2024-02-08
2024020804011814,UMRH,5,38,20.0,400.0,8000.0,2024-02-08
2024020801039543,NWCL,61,55,10.0,777.0,7770.0,2024-02-08
2024020803007060,SLBSL,7,38,14.0,850.0,11900.0,2024-02-08
2024020803007059,SLBSL,7,51,14.0,846.6,11852.4,2024-02-08
2024020803007058,SLBSL,7,51,10.0,846.0,8460.0,2024-02-08
2024020803007057,SLBSL,7,48,10.0,845.5,8455.0,2024-02-08
2024020803007056,SLBSL,7,18,14.0,845.3,11834.2,2024-02-08
2024020801039542,BEDC,88,22,350.0,349.0,122150.0,2024-02-08
2024020801039541,BEDC,34,22,100.0,350.0,35000.0,2024-02-08
2024020801039540,BEDC,34,22,50.0,351.0,17550.0,2024-02-08
2024020801039539,DOLTI,22,28,20.0,368.0,7360.0,2024-02-08
2024020801039538,SRLI,22,62,90.0,461.9,41571.0,2024-02-08
2024020801039537,SRLI,22,58,10.0,458.0,4580.0,2024-02-08
2024020801039536,MMKJL,58,58,20.0,430.0,8600.0,2024-02-08
2024020804011813,SPDL,49,21,131.0,280.0,36680.0,2024-02-08
2024020804011812,SPDL,49,43,884.0,280.0,247520.0,2024-02-08
2024020804011811,SPDL,49,34,105.0,279.9,29389.5,2024-02-08
2024020804011810,SPDL,49,48,90.0,279.5,25155.0,2024-02-08
2024020804011809,SPDL,49,8,578.0,279.5,161551.0,2024-02-08
2024020804011808,SPDL,49,25,212.0,279.1,59169.2,2024-02-08
2024020805008502,CIT,49,74,30.0,2112.0,63360.0,2024-02-08
2024020803007055,JBBL,52,35,270.0,306.9,82863.0,2024-02-08
2024020803007054,JBBL,52,13,500.0,306.9,153450.0,2024-02-08
2024020803007053,JBBL,52,32,100.0,306.8,30680.0,2024-02-08
2024020803007052,JBBL,52,48,130.0,306.5,39845.0,2024-02-08
2024020803007051,KRBL,52,36,12.0,384.0,4608.0,2024-02-08
2024020803007050,KLBSL,39,16,10.0,894.0,8940.0,2024-02-08
2024020804011807,MEN,39,72,330.0,634.0,209220.0,2024-02-08
2024020804011806,MEN,39,38,15.0,634.0,9510.0,2024-02-08
2024020804011805,MEN,39,33,20.0,634.0,12680.0,2024-02-08
2024020804011804,MEN,39,45,135.0,634.0,85590.0,2024-02-08
2024020801039535,KBSH,74,26,10.0,909.9,9099.0,2024-02-08
2024020801039534,KBSH,74,43,20.0,909.0,18180.0,2024-02-08
2024020801039533,KBSH,74,58,10.0,909.0,9090.0,2024-02-08
2024020801039532,KBSH,74,49,10.0,900.0,9000.0,2024-02-08
2024020804011803,HPPL,39,54,200.0,290.0,58000.0,2024-02-08
2024020801039531,MKCL,36,58,40.0,975.0,39000.0,2024-02-08
2024020801039530,MKCL,36,50,60.0,975.0,58500.0,2024-02-08
2024020801039529,NBL,52,36,150.0,230.7,34605.0,2024-02-08
2024020801039528,SNLI,25,57,10.0,595.0,5950.0,2024-02-08
2024020803007049,ALICL,44,72,10.0,688.0,6880.0,2024-02-08
2024020803007048,RLFL,81,44,831.0,373.3,310212.3,2024-02-08
2024020801039527,SNLI,25,10,90.0,595.0,53550.0,2024-02-08
2024020801039526,BHPL,34,25,20.0,502.9,10058.0,2024-02-08
2024020801039525,ILI,42,35,339.0,562.0,190518.0,2024-02-08
2024020801039524,ILI,42,52,100.0,562.0,56200.0,2024-02-08
2024020801039523,ILI,42,52,10.0,561.9,5619.0,2024-02-08
2024020801039522,ILI,42,44,40.0,561.0,22440.0,2024-02-08
2024020801039521,ILI,42,42,80.0,560.0,44800.0,2024-02-08
2024020801039520,ILI,42,44,50.0,560.0,28000.0,2024-02-08
2024020801039519,ILI,42,6,10.0,560.0,5600.0,2024-02-08
2024020801039518,ILI,42,58,100.0,560.0,56000.0,2024-02-08
2024020801039517,ILI,42,59,190.0,560.0,106400.0,2024-02-08
2024020801039516,ILI,42,34,10.0,558.0,5580.0,2024-02-08
2024020801039515,ILI,42,75,10.0,558.0,5580.0,2024-02-08
2024020801039514,ILI,42,11,10.0,558.0,5580.0,2024-02-08
2024020801039513,ILI,42,38,51.0,558.0,28458.0,2024-02-08
2024020803007047,NABBC,71,26,10.0,419.9,4199.0,2024-02-08
2024020801039512,BHPL,71,25,10.0,502.9,5029.0,2024-02-08
2024020801039511,BHPL,71,94,10.0,502.0,5020.0,2024-02-08
2024020801039510,BHPL,71,6,100.0,501.9,50190.0,2024-02-08
2024020801039509,BHPL,71,22,10.0,500.0,5000.0,2024-02-08
2024020801039508,BHPL,71,57,20.0,500.0,10000.0,2024-02-08
2024020801039507,BHPL,71,34,10.0,500.0,5000.0,2024-02-08
2024020801039506,BHPL,71,42,10.0,500.0,5000.0,2024-02-08
2024020801039505,NABIL,46,48,14.0,476.5,6671.0,2024-02-08
2024020801039504,RNLI,6,88,10.0,470.5,4705.0,2024-02-08
2024020801039503,IHL,14,55,450.0,375.0,168750.0,2024-02-08
2024020801039502,IHL,6,55,200.0,375.0,75000.0,2024-02-08
2024020801039501,IHL,61,55,90.0,375.0,33750.0,2024-02-08
2024020801039500,IHL,3,55,990.0,375.1,371349.0,2024-02-08
2024020801039499,IHL,58,55,20.0,375.2,7504.0,2024-02-08
2024020801039498,IHL,57,55,100.0,375.9,37590.0,2024-02-08
2024020801039497,IHL,6,55,50.0,375.9,18795.0,2024-02-08
2024020801039496,IHL,32,55,100.0,376.0,37600.0,2024-02-08
2024020804011802,JOSHI,8,35,10.0,272.1,2721.0,2024-02-08
2024020804011801,HDHPC,47,57,30.0,148.5,4455.0,2024-02-08
2024020801039495,GVL,59,26,230.0,461.3,106099.0,2024-02-08
2024020803007046,KLBSL,39,16,10.0,894.0,8940.0,2024-02-08
2024020801039494,EHPL,58,65,10.0,480.0,4800.0,2024-02-08
2024020801039493,RNLI,49,58,10.0,470.0,4700.0,2024-02-08
2024020801039492,MEHL,26,58,10.0,310.0,3100.0,2024-02-08
2024020804011800,SPDL,4,25,100.0,279.1,27910.0,2024-02-08
2024020804011799,SPDL,72,25,15.0,279.1,4186.5,2024-02-08
2024020805008501,HRL,59,58,20.0,688.1,13762.0,2024-02-08
2024020801039491,MMKJL,49,17,50.0,433.0,21650.0,2024-02-08
2024020801039490,MMKJL,49,34,10.0,433.0,4330.0,2024-02-08
2024020801039489,MMKJL,49,38,10.0,433.0,4330.0,2024-02-08
2024020801039488,MMKJL,49,6,10.0,432.9,4329.0,2024-02-08
2024020801039487,MMKJL,49,48,20.0,432.8,8656.0,2024-02-08
2024020801039486,DOLTI,45,43,25.0,363.6,9090.0,2024-02-08
2024020801039485,MKHC,86,14,192.0,306.0,58752.0,2024-02-08
2024020801039484,MKHC,6,14,38.0,306.0,11628.0,2024-02-08
2024020805008500,NICGF,5,17,1000.0,9.46,9460.0,2024-02-08
2024020805008499,GIBF1,17,34,100.0,8.59,859.0,2024-02-08
2024020805008498,HRL,59,56,20.0,688.1,13762.0,2024-02-08
2024020801039483,HATHY,64,13,50.0,975.0,48750.0,2024-02-08
2024020801039482,MAKAR,48,57,150.0,430.0,64500.0,2024-02-08
2024020801039481,MAKAR,5,57,50.0,430.1,21505.0,2024-02-08
2024020804011798,RADHI,8,57,199.0,276.5,55023.5,2024-02-08
2024020804011797,RADHI,55,57,500.0,276.6,138300.0,2024-02-08
2024020803007045,ACLBSL,34,57,13.0,627.0,8151.0,2024-02-08
2024020804011796,PRIN,51,44,10.0,810.7,8107.0,2024-02-08
2024020801039480,HBL,44,77,40.0,200.9,8036.0,2024-02-08
2024020804011795,CHL,45,49,25.0,304.0,7600.0,2024-02-08
2024020804011794,NGPL,58,45,246.0,342.0,84132.0,2024-02-08
2024020804011793,NGPL,58,45,79.0,342.1,27025.9,2024-02-08
2024020804011792,NGPL,21,45,50.0,342.5,17125.0,2024-02-08
2024020804011791,NGPL,18,45,225.0,342.6,77085.0,2024-02-08
2024020804011790,UNHPL,71,36,10.0,246.7,2467.0,2024-02-08
2024020801039479,BHPL,71,1,10.0,499.0,4990.0,2024-02-08
2024020803007044,SWMF,41,32,40.0,712.0,28480.0,2024-02-08
2024020804011789,LEC,26,34,79.0,218.0,17222.0,2024-02-08
2024020804011788,LEC,44,34,621.0,218.5,135688.5,2024-02-08
2024020801039478,MMKJL,6,48,20.0,432.8,8656.0,2024-02-08
2024020805008497,NIFRA,62,67,30.0,225.3,6759.0,2024-02-08
2024020801039477,NRM,48,6,64.0,385.1,24646.4,2024-02-08
2024020801039476,NRM,7,6,10.0,385.2,3852.0,2024-02-08
2024020801039475,NRM,58,6,121.0,385.2,46609.2,2024-02-08
2024020801039474,NRM,7,6,50.0,385.9,19295.0,2024-02-08
2024020801039473,NRM,21,6,10.0,386.0,3860.0,2024-02-08
2024020801039472,NRM,41,6,45.0,386.0,17370.0,2024-02-08
2024020801039471,BGWT,65,25,30.0,621.5,18645.0,2024-02-08
2024020801039470,BGWT,65,25,70.0,621.0,43470.0,2024-02-08
2024020801039469,BGWT,65,19,100.0,620.0,62000.0,2024-02-08
2024020801039468,SIKLES,5,55,10.0,523.0,5230.0,2024-02-08
2024020801039467,SIKLES,5,59,10.0,520.0,5200.0,2024-02-08
2024020801039466,GCIL,3,26,85.0,509.0,43265.0,2024-02-08
2024020805008496,NRN,58,35,244.0,590.0,143960.0,2024-02-08
2024020805008495,NRN,58,4,500.0,590.0,295000.0,2024-02-08
2024020805008494,NRN,58,14,10.0,590.0,5900.0,2024-02-08
2024020805008493,NRN,58,4,470.0,589.9,277253.0,2024-02-08
2024020805008492,NRN,58,55,1276.0,589.0,751564.0,2024-02-08
2024020801039465,RNLI,13,58,75.0,470.0,35250.0,2024-02-08
2024020801039464,RNLI,25,58,50.0,470.1,23505.0,2024-02-08
2024020801039463,HHL,49,43,40.0,344.0,13760.0,2024-02-08
2024020805008491,HRL,35,14,15.0,689.0,10335.0,2024-02-08
2024020801039462,NMB,17,29,416.0,192.8,80204.8,2024-02-08
2024020801039461,NMB,17,33,200.0,192.7,38540.0,2024-02-08
2024020801039460,NMB,17,32,100.0,192.5,19250.0,2024-02-08
2024020801039459,NMB,17,58,200.0,192.3,38460.0,2024-02-08
2024020801039458,NMB,17,49,39.0,192.0,7488.0,2024-02-08
2024020801039457,NMB,17,44,45.0,192.0,8640.0,2024-02-08
2024020804011787,MHNL,39,4,200.0,280.0,56000.0,2024-02-08
2024020801039456,TAMOR,38,16,115.0,403.0,46345.0,2024-02-08
2024020801039455,TAMOR,38,14,200.0,403.0,80600.0,2024-02-08
2024020801039454,TAMOR,38,16,200.0,403.0,80600.0,2024-02-08
2024020801039453,TAMOR,38,19,285.0,403.0,114855.0,2024-02-08
2024020801039452,MHCL,88,34,257.0,524.0,134668.0,2024-02-08
2024020801039451,MHCL,88,40,990.0,524.0,518760.0,2024-02-08
2024020801039450,MHCL,88,52,50.0,524.0,26200.0,2024-02-08
2024020801039449,MHCL,88,39,100.0,524.0,52400.0,2024-02-08
2024020801039448,MHCL,88,43,10.0,523.9,5239.0,2024-02-08
2024020801039447,MHCL,88,21,90.0,523.9,47151.0,2024-02-08
2024020801039446,MHCL,88,36,10.0,523.5,5235.0,2024-02-08
2024020801039445,MHCL,88,58,10.0,523.0,5230.0,2024-02-08
2024020801039444,MHCL,88,35,10.0,523.0,5230.0,2024-02-08
2024020801039443,MHCL,88,49,10.0,523.0,5230.0,2024-02-08
2024020801039442,MHCL,88,35,10.0,523.0,5230.0,2024-02-08
2024020801039441,MHCL,88,14,800.0,523.0,418400.0,2024-02-08
2024020801039440,MHCL,88,40,1000.0,522.9,522900.0,2024-02-08
2024020801039439,MHCL,88,42,10.0,522.0,5220.0,2024-02-08
2024020801039438,MHCL,88,26,3500.0,520.0,1820000.0,2024-02-08
2024020801039437,MHCL,88,6,10.0,520.0,5200.0,2024-02-08
2024020801039436,MHCL,88,22,10.0,520.0,5200.0,2024-02-08
2024020801039435,MHCL,88,36,950.0,520.0,494000.0,2024-02-08
2024020801039434,MHCL,88,58,10.0,520.0,5200.0,2024-02-08
2024020801039433,MHCL,88,58,10.0,520.0,5200.0,2024-02-08
2024020801039432,MHCL,88,17,10.0,519.0,5190.0,2024-02-08
2024020801039431,MHCL,88,57,60.0,519.0,31140.0,2024-02-08
2024020801039430,MHCL,88,58,10.0,519.0,5190.0,2024-02-08
2024020801039429,MHCL,88,38,63.0,519.0,32697.0,2024-02-08
2024020801039428,MHCL,88,35,10.0,518.2,5182.0,2024-02-08
2024020804011786,LEC,44,88,59.0,218.5,12891.5,2024-02-08
2024020801039427,SPC,64,33,50.0,618.0,30900.0,2024-02-08
2024020801039426,MCHL,13,52,36.0,350.0,12600.0,2024-02-08
2024020801039425,MCHL,13,35,10.0,350.0,3500.0,2024-02-08
2024020801039424,MCHL,13,58,10.0,350.0,3500.0,2024-02-08
2024020801039423,MCHL,13,67,10.0,350.0,3500.0,2024-02-08
2024020801039422,MCHL,13,17,34.0,349.9,11896.6,2024-02-08
2024020805008490,CHDC,65,3,50.0,993.0,49650.0,2024-02-08
2024020805008489,CHDC,36,3,100.0,997.0,99700.0,2024-02-08
2024020801039421,PRVU,51,28,271.0,153.9,41706.9,2024-02-08
2024020804011785,AKJCL,42,14,500.0,229.1,114550.0,2024-02-08
2024020804011784,AKJCL,42,52,30.0,229.1,6873.0,2024-02-08
2024020803007043,USLB,33,62,10.0,962.4,9624.0,2024-02-08
2024020801039420,HDL,6,57,10.0,1618.0,16180.0,2024-02-08
2024020801039419,USHL,42,35,10.0,519.0,5190.0,2024-02-08
2024020805008488,HRL,35,55,10.0,689.0,6890.0,2024-02-08
2024020801039418,AHL,22,58,30.0,481.0,14430.0,2024-02-08
2024020803007042,LICN,36,35,151.0,1390.0,209890.0,2024-02-08
2024020804011783,HURJA,95,7,10.0,309.0,3090.0,2024-02-08
2024020805008487,HIDCL,32,6,10.0,187.4,1874.0,2024-02-08
2024020805008486,STC,32,34,10.0,5300.0,53000.0,2024-02-08
2024020805008485,STC,32,7,25.0,5300.0,132500.0,2024-02-08
2024020805008484,STC,32,59,20.0,5299.9,105998.0,2024-02-08
2024020801039417,IHL,49,21,200.0,377.0,75400.0,2024-02-08
2024020801039416,NIMB,58,35,38.0,170.1,6463.8,2024-02-08
2024020803007041,JBBL,58,22,30.0,306.0,9180.0,2024-02-08
2024020801039415,PPL,22,28,120.0,383.0,45960.0,2024-02-08
2024020801039414,PPL,47,28,880.0,383.0,337040.0,2024-02-08
2024020804011782,NGPL,58,8,130.0,343.0,44590.0,2024-02-08
2024020804011781,NGPL,58,26,52.0,343.0,17836.0,2024-02-08
2024020804011780,NGPL,58,58,176.0,343.0,60368.0,2024-02-08
2024020804011779,NGPL,58,42,100.0,343.0,34300.0,2024-02-08
2024020804011778,NGPL,58,58,110.0,343.0,37730.0,2024-02-08
2024020804011777,NGPL,58,36,1000.0,343.0,343000.0,2024-02-08
2024020804011776,NGPL,58,49,1432.0,343.0,491176.0,2024-02-08
2024020804011775,SHPC,39,3,82.0,363.5,29807.0,2024-02-08
2024020804011774,SHPC,39,26,50.0,363.0,18150.0,2024-02-08
2024020801039413,NABIL,17,48,20.0,476.5,9530.0,2024-02-08
2024020801039412,DOLTI,57,28,20.0,368.0,7360.0,2024-02-08
2024020801039411,DOLTI,57,43,10.0,364.0,3640.0,2024-02-08
2024020803007040,MFIL,36,45,105.0,514.0,53970.0,2024-02-08
2024020801039410,UNLB,18,6,10.0,1253.0,12530.0,2024-02-08
2024020801039409,MEHL,26,51,50.0,310.0,15500.0,2024-02-08
2024020801039408,PHCL,21,48,340.0,331.0,112540.0,2024-02-08
2024020801039407,PHCL,58,48,160.0,331.5,53040.0,2024-02-08
2024020801039406,NRM,41,48,290.0,386.0,111940.0,2024-02-08
2024020801039405,NRM,7,48,20.0,388.0,7760.0,2024-02-08
2024020801039404,SPHL,48,41,50.0,504.0,25200.0,2024-02-08
2024020801039403,MEL,57,41,60.0,237.5,14250.0,2024-02-08
2024020801039402,MEL,45,41,10.0,237.6,2376.0,2024-02-08
2024020801039401,MEL,45,41,20.0,237.6,4752.0,2024-02-08
2024020801039400,MEL,45,41,10.0,237.7,2377.0,2024-02-08
2024020801039399,MEL,45,41,10.0,237.8,2378.0,2024-02-08
2024020801039398,MEHL,42,42,50.0,310.5,15525.0,2024-02-08
2024020801039397,MKCL,7,50,30.0,975.0,29250.0,2024-02-08
2024020804011773,KPCL,7,38,10.0,434.0,4340.0,2024-02-08
2024020804011772,SICL,8,33,20.0,725.4,14508.0,2024-02-08
2024020804011771,NGPL,18,67,500.0,342.6,171300.0,2024-02-08
2024020801039396,HHL,29,45,10.0,345.0,3450.0,2024-02-08
2024020801039395,NABIL,34,48,50.0,476.5,23825.0,2024-02-08
2024020804011770,HDHPC,16,58,20.0,148.5,2970.0,2024-02-08
2024020804011769,HDHPC,16,14,75.0,148.5,11137.5,2024-02-08
2024020805008483,HRL,35,46,20.0,689.0,13780.0,2024-02-08
2024020805008482,HRL,35,49,10.0,689.0,6890.0,2024-02-08
2024020805008481,HRL,35,25,40.0,689.0,27560.0,2024-02-08
2024020801039394,MCHL,35,17,10.0,349.9,3499.0,2024-02-08
2024020801039393,RFPL,58,49,140.0,322.8,45192.0,2024-02-08
2024020803007039,NLIC,35,49,20.0,627.5,12550.0,2024-02-08
2024020804011768,UNHPL,58,36,10.0,246.7,2467.0,2024-02-08
2024020805008480,HRL,58,77,50.0,689.0,34450.0,2024-02-08
2024020804011767,NHPC,58,45,200.0,168.5,33700.0,2024-02-08
2024020804011766,NHPC,58,28,210.0,168.5,35385.0,2024-02-08
2024020804011765,NHPC,40,28,10.0,168.5,1685.0,2024-02-08
2024020801039392,SBI,38,22,376.0,290.6,109265.6,2024-02-08
2024020805008479,NIFRA,75,56,10.0,225.2,2252.0,2024-02-08
2024020801039391,RNLI,57,88,150.0,470.5,70575.0,2024-02-08
2024020801039390,SMJC,39,57,45.0,380.0,17100.0,2024-02-08
2024020803007038,PROFL,58,57,121.0,318.0,38478.0,2024-02-08
2024020803007037,PROFL,58,57,649.0,318.0,206382.0,2024-02-08
2024020803007036,NICLBSL,45,17,10.0,593.4,5934.0,2024-02-08
2024020803007035,PMLI,52,45,10.0,526.0,5260.0,2024-02-08
2024020801039389,CITY,48,41,30.0,660.0,19800.0,2024-02-08
2024020801039388,SONA,19,48,27.0,475.0,12825.0,2024-02-08
2024020801039387,SONA,41,48,30.0,475.0,14250.0,2024-02-08
2024020801039386,SONA,48,48,30.0,475.0,14250.0,2024-02-08
2024020801039385,SONA,86,48,200.0,475.0,95000.0,2024-02-08
2024020801039384,SONA,49,48,500.0,475.0,237500.0,2024-02-08
2024020801039383,SONA,34,48,500.0,475.0,237500.0,2024-02-08
2024020801039382,SONA,62,48,213.0,475.0,101175.0,2024-02-08
2024020801039381,SGHC,19,36,100.0,330.0,33000.0,2024-02-08
2024020803007034,NICLBSL,1,17,90.0,593.4,53406.0,2024-02-08
2024020803007033,NICLBSL,1,42,10.0,593.0,5930.0,2024-02-08
2024020804011764,SPDL,72,1,500.0,279.1,139550.0,2024-02-08
2024020804011763,NHPC,13,55,30.0,168.0,5040.0,2024-02-08
2024020804011762,NHPC,49,55,20.0,168.1,3362.0,2024-02-08
2024020804011761,SSHL,35,19,111.0,179.9,19968.9,2024-02-08
2024020803007032,SHINE,52,32,89.0,388.0,34532.0,2024-02-08
2024020803007031,SHINE,7,32,11.0,389.0,4279.0,2024-02-08
2024020805008478,HRL,10,32,100.0,688.0,68800.0,2024-02-08
2024020801039380,PPL,29,34,100.0,385.0,38500.0,2024-02-08
2024020801039379,PPL,29,44,170.0,385.0,65450.0,2024-02-08
2024020801039378,PPL,29,35,30.0,384.0,11520.0,2024-02-08
2024020805008477,HRL,10,28,62.0,688.0,42656.0,2024-02-08
2024020805008476,HRL,41,28,15.0,688.0,10320.0,2024-02-08
2024020805008475,HRL,6,28,50.0,688.0,34400.0,2024-02-08
2024020805008474,HRL,74,28,179.0,688.0,123152.0,2024-02-08
2024020801039377,TAMOR,49,19,100.0,403.0,40300.0,2024-02-08
2024020801039376,HATHY,64,14,100.0,975.0,97500.0,2024-02-08
2024020804011760,HURJA,6,50,100.0,307.1,30710.0,2024-02-08
2024020804011759,HDHPC,38,14,200.0,148.5,29700.0,2024-02-08
2024020801039375,DORDI,77,57,10.0,449.0,4490.0,2024-02-08
2024020803007030,CFCL,45,56,80.0,342.0,27360.0,2024-02-08
2024020801039374,SONA,62,45,27.0,475.0,12825.0,2024-02-08
2024020801039373,SONA,34,45,23.0,475.1,10927.3,2024-02-08
2024020801039372,SPC,64,44,200.0,618.0,123600.0,2024-02-08
2024020801039371,SPC,64,84,50.0,617.5,30875.0,2024-02-08
2024020801039370,SPC,64,6,100.0,617.4,61740.0,2024-02-08
2024020801039369,SONA,34,46,60.0,475.1,28506.0,2024-02-08
2024020804011758,LEC,44,1,20.0,218.5,4370.0,2024-02-08
2024020803007029,CBBL,62,1,50.0,859.0,42950.0,2024-02-08
2024020801039368,NMB,53,44,10.0,192.0,1920.0,2024-02-08
2024020801039367,NABIL,16,48,1000.0,476.5,476500.0,2024-02-08
2024020801039366,HHL,49,22,60.0,344.0,20640.0,2024-02-08
2024020801039365,HHL,41,22,40.0,344.0,13760.0,2024-02-08
2024020801039364,JBLB,34,52,18.0,1319.0,23742.0,2024-02-08
2024020803007028,NLBBL,34,19,10.0,573.9,5739.0,2024-02-08
2024020805008473,HRL,74,81,21.0,688.0,14448.0,2024-02-08
2024020805008472,HRL,28,81,959.0,688.0,659792.0,2024-02-08
2024020805008471,HRL,25,81,20.0,688.1,13762.0,2024-02-08
2024020804011757,HDHPC,58,14,40.0,148.5,5940.0,2024-02-08
2024020805008470,NRIC,46,56,500.0,791.0,395500.0,2024-02-08
2024020805008469,HRL,33,77,10.0,689.0,6890.0,2024-02-08
2024020804011756,MHNL,44,26,10.0,281.0,2810.0,2024-02-08
2024020804011755,RIDI,60,4,100.0,218.0,21800.0,2024-02-08
2024020804011754,RIDI,60,49,70.0,218.0,15260.0,2024-02-08
2024020804011753,RIDI,60,58,164.0,218.0,35752.0,2024-02-08
2024020804011752,RIDI,60,47,31.0,218.0,6758.0,2024-02-08
2024020804011751,RIDI,60,57,13.0,217.9,2832.7,2024-02-08
2024020804011750,RIDI,60,7,90.0,217.1,19539.0,2024-02-08
2024020801039363,SMHL,57,38,100.0,479.0,47900.0,2024-02-08
2024020804011749,AHPC,42,57,20.0,206.8,4136.0,2024-02-08
2024020804011748,AHPC,29,57,50.0,206.8,10340.0,2024-02-08
2024020804011747,AHPC,29,57,50.0,206.9,10345.0,2024-02-08
2024020801039362,NWCL,61,52,10.0,777.0,7770.0,2024-02-08
2024020801039361,NWCL,61,48,10.0,777.0,7770.0,2024-02-08
2024020804011746,HEI,45,25,29.0,596.8,17307.2,2024-02-08
2024020804011745,HEI,45,43,50.0,595.3,29765.0,2024-02-08
2024020804011744,HEI,45,22,100.0,595.0,59500.0,2024-02-08
2024020804011743,HEI,45,56,171.0,595.0,101745.0,2024-02-08
2024020804011742,NGPL,18,59,15.0,342.6,5139.0,2024-02-08
2024020805008468,HRL,1,77,35.0,689.0,24115.0,2024-02-08
2024020805008467,HRL,1,26,90.0,689.0,62010.0,2024-02-08
2024020805008466,HRL,1,38,75.0,689.0,51675.0,2024-02-08
2024020801039360,UNL,62,72,10.0,41300.0,413000.0,2024-02-08
2024020801039359,IHL,42,21,130.0,377.0,49010.0,2024-02-08
2024020801039358,BPW,25,6,95.0,1381.0,131195.0,2024-02-08
2024020801039357,BPW,52,6,10.0,1381.0,13810.0,2024-02-08
2024020801039356,BPW,16,6,10.0,1381.0,13810.0,2024-02-08
2024020801039355,BPW,29,6,50.0,1381.1,69055.0,2024-02-08
2024020801039354,BPW,58,6,15.0,1381.1,20716.5,2024-02-08
2024020801039353,BPW,44,6,10.0,1381.1,13811.0,2024-02-08
2024020801039352,BPW,32,6,10.0,1381.2,13812.0,2024-02-08
2024020801039351,NMB,8,44,10.0,192.0,1920.0,2024-02-08
2024020804011741,API,45,26,1138.0,201.0,228738.0,2024-02-08
2024020804011740,API,44,26,36.0,201.0,7236.0,2024-02-08
2024020801039350,NWCL,35,34,10.0,777.0,7770.0,2024-02-08
2024020801039349,NWCL,35,58,10.0,777.0,7770.0,2024-02-08
2024020801039348,NWCL,35,35,10.0,777.0,7770.0,2024-02-08
2024020801039347,NWCL,35,57,30.0,777.0,23310.0,2024-02-08
2024020801039346,SBL,42,52,217.0,234.2,50821.4,2024-02-08
2024020801039345,SBL,54,52,158.0,234.3,37019.4,2024-02-08
2024020805008465,HRL,28,34,10.0,688.0,6880.0,2024-02-08
2024020804011739,HPPL,39,54,500.0,290.0,145000.0,2024-02-08
2024020804011738,HPPL,39,40,100.0,290.0,29000.0,2024-02-08
2024020804011737,HPPL,39,14,500.0,290.0,145000.0,2024-02-08
2024020804011736,HPPL,39,58,30.0,290.0,8700.0,2024-02-08
2024020804011735,HPPL,39,33,80.0,289.9,23192.0,2024-02-08
2024020804011734,HPPL,39,11,30.0,289.0,8670.0,2024-02-08
2024020804011733,HPPL,39,71,410.0,289.0,118490.0,2024-02-08
2024020804011732,HPPL,39,22,85.0,288.9,24556.5,2024-02-08
2024020805008464,NRN,57,39,100.0,586.0,58600.0,2024-02-08
2024020801039344,ILI,72,38,350.0,558.0,195300.0,2024-02-08
2024020801039343,ILI,72,44,50.0,557.9,27895.0,2024-02-08
2024020804011731,RIDI,33,38,267.0,217.0,57939.0,2024-02-08
2024020804011730,RIDI,14,38,300.0,217.0,65100.0,2024-02-08
2024020804011729,RIDI,57,38,26.0,217.0,5642.0,2024-02-08
2024020803007027,BFC,1,38,16.0,332.9,5326.4,2024-02-08
2024020801039342,DORDI,77,62,3639.0,456.8,1662295.2,2024-02-08
2024020801039341,DORDI,77,21,100.0,450.0,45000.0,2024-02-08
2024020801039340,DORDI,77,49,10.0,450.0,4500.0,2024-02-08
2024020801039339,DORDI,77,42,100.0,450.0,45000.0,2024-02-08
2024020801039338,DORDI,77,6,10.0,450.0,4500.0,2024-02-08
2024020801039337,DORDI,77,52,10.0,450.0,4500.0,2024-02-08
2024020801039336,DORDI,77,45,500.0,450.0,225000.0,2024-02-08
2024020801039335,DORDI,77,16,500.0,450.0,225000.0,2024-02-08
2024020801039334,DORDI,77,11,10.0,450.0,4500.0,2024-02-08
2024020801039333,DORDI,77,26,121.0,450.0,54450.0,2024-02-08
2024020804011728,PMHPL,88,71,64.0,270.8,17331.2,2024-02-08
2024020804011727,PMHPL,88,33,14.0,270.1,3781.4,2024-02-08
2024020804011726,PMHPL,88,25,72.0,270.0,19440.0,2024-02-08
2024020801039332,SIKLES,58,58,430.0,519.0,223170.0,2024-02-08
2024020803007026,NLIC,13,57,16.0,627.9,10046.4,2024-02-08
2024020803007025,SFCL,36,43,60.0,309.0,18540.0,2024-02-08
2024020805008463,HRL,33,58,10.0,688.5,6885.0,2024-02-08
2024020805008462,NRIC,46,51,11.0,791.0,8701.0,2024-02-08
2024020805008461,NRIC,59,51,40.0,791.9,31676.0,2024-02-08
2024020801039331,MCHL,21,17,446.0,349.9,156055.4,2024-02-08
2024020803007024,EDBL,34,6,50.0,367.2,18360.0,2024-02-08
2024020804011725,UPPER,42,32,10.0,215.0,2150.0,2024-02-08
2024020804011724,UPPER,42,41,200.0,214.8,42960.0,2024-02-08
2024020804011723,AKPL,45,55,60.0,194.6,11676.0,2024-02-08
2024020801039330,EBLD86,49,55,25.0,856.0,21400.0,2024-02-08
2024020801039329,EBLD86,13,55,25.0,857.1,21427.5,2024-02-08
2024020803007023,USLB,55,35,10.0,981.4,9814.0,2024-02-08
2024020803007022,USLB,55,58,14.0,980.9,13732.6,2024-02-08
2024020803007021,USLB,55,17,10.0,980.3,9803.0,2024-02-08
2024020803007020,USLB,55,58,10.0,980.3,9803.0,2024-02-08
2024020803007019,USLB,55,52,10.0,980.0,9800.0,2024-02-08
2024020801039328,MBJC,47,34,10.0,326.0,3260.0,2024-02-08
2024020801039327,MBJC,47,58,10.0,326.0,3260.0,2024-02-08
2024020801039326,MBJC,47,42,10.0,326.0,3260.0,2024-02-08
2024020801039325,MBJC,47,4,10.0,325.9,3259.0,2024-02-08
2024020801039324,MBJC,47,43,150.0,325.0,48750.0,2024-02-08
2024020801039323,MBJC,47,34,10.0,325.0,3250.0,2024-02-08
2024020801039322,MBJC,47,49,10.0,325.0,3250.0,2024-02-08
2024020801039321,NYADI,52,16,10.0,286.0,2860.0,2024-02-08
2024020801039320,EHPL,8,16,100.0,476.0,47600.0,2024-02-08
2024020801039319,SHIVM,45,52,100.0,503.5,50350.0,2024-02-08
2024020801039318,SMHL,28,34,300.0,478.0,143400.0,2024-02-08
2024020801039317,MANDU,49,16,50.0,701.0,35050.0,2024-02-08
2024020803007018,HLI,25,34,10.0,408.4,4084.0,2024-02-08
2024020804011722,API,4,3,200.0,201.3,40260.0,2024-02-08
2024020801039316,KBSH,34,72,50.0,895.0,44750.0,2024-02-08
2024020801039315,RHGCL,72,26,155.0,316.5,49057.5,2024-02-08
2024020801039314,RHGCL,72,10,60.0,316.0,18960.0,2024-02-08
2024020801039313,RHGCL,72,42,100.0,316.0,31600.0,2024-02-08
2024020801039312,RHGCL,72,48,10.0,316.0,3160.0,2024-02-08
2024020801039311,RHGCL,72,49,10.0,316.0,3160.0,2024-02-08
2024020801039310,RHGCL,72,26,290.0,315.8,91582.0,2024-02-08
2024020801039309,RHGCL,72,28,490.0,315.4,154546.0,2024-02-08
2024020801039308,RHGCL,72,3,30.0,315.2,9456.0,2024-02-08
2024020801039307,RHGCL,72,26,355.0,315.2,111896.0,2024-02-08
2024020801039306,SMJC,39,88,526.0,380.0,199880.0,2024-02-08
2024020801039305,HATHY,58,25,60.0,979.9,58794.0,2024-02-08
2024020801039304,HATHY,58,47,90.0,979.9,88191.0,2024-02-08
2024020801039303,HATHY,58,33,200.0,979.8,195960.0,2024-02-08
2024020801039302,HATHY,58,28,200.0,979.0,195800.0,2024-02-08
2024020801039301,HATHY,58,38,20.0,979.0,19580.0,2024-02-08
2024020801039300,HATHY,58,19,20.0,978.8,19576.0,2024-02-08
2024020801039299,HATHY,58,54,50.0,976.9,48845.0,2024-02-08
2024020801039298,HATHY,58,42,40.0,976.9,39076.0,2024-02-08
2024020801039297,HATHY,58,32,500.0,975.0,487500.0,2024-02-08
2024020801039296,HATHY,58,28,100.0,975.0,97500.0,2024-02-08
2024020801039295,HATHY,58,32,720.0,975.0,702000.0,2024-02-08
2024020804011721,SHEL,56,19,10.0,258.0,2580.0,2024-02-08
2024020804011720,SHEL,56,41,40.0,256.1,10244.0,2024-02-08
2024020804011719,SHEL,56,56,10.0,256.0,2560.0,2024-02-08
2024020801039294,SPC,34,57,10.0,617.0,6170.0,2024-02-08
2024020801039293,SAHAS,5,45,10.0,567.2,5672.0,2024-02-08
2024020804011718,HDHPC,51,14,150.0,148.5,22275.0,2024-02-08
2024020801039292,KDL,50,59,10.0,824.0,8240.0,2024-02-08
2024020801039291,KDL,50,59,10.0,825.0,8250.0,2024-02-08
2024020801039290,NABIL,19,48,20.0,476.5,9530.0,2024-02-08
2024020804011717,SGIC,41,34,1050.0,534.0,560700.0,2024-02-08
2024020804011716,SGIC,41,66,100.0,534.0,53400.0,2024-02-08
2024020804011715,API,44,42,164.0,201.0,32964.0,2024-02-08
2024020804011714,API,49,42,1000.0,201.0,201000.0,2024-02-08
2024020804011713,API,41,42,1836.0,201.0,369036.0,2024-02-08
2024020801039289,HHL,41,26,210.0,344.0,72240.0,2024-02-08
2024020801039288,HHL,71,26,290.0,344.0,99760.0,2024-02-08
2024020803007017,ICFC,22,11,300.0,484.5,145350.0,2024-02-08
2024020803007016,HLI,46,25,294.0,408.8,120187.2,2024-02-08
2024020803007015,DDBL,33,35,300.0,780.0,234000.0,2024-02-08
2024020801039287,VLUCL,52,49,50.0,535.5,26775.0,2024-02-08
2024020801039286,VLUCL,52,11,10.0,535.5,5355.0,2024-02-08
2024020801039285,SONA,34,35,10.0,475.1,4751.0,2024-02-08
2024020801039284,UHEWA,32,44,160.0,364.0,58240.0,2024-02-08
2024020801039283,UHEWA,32,85,45.0,364.0,16380.0,2024-02-08
2024020801039282,UHEWA,32,19,390.0,362.0,141180.0,2024-02-08
2024020801039281,UHEWA,32,38,435.0,361.0,157035.0,2024-02-08
2024020801039280,UHEWA,32,38,20.0,360.0,7200.0,2024-02-08
2024020801039279,UHEWA,32,58,130.0,360.0,46800.0,2024-02-08
2024020801039278,UHEWA,32,19,10.0,360.0,3600.0,2024-02-08
2024020801039277,UHEWA,32,28,10.0,360.0,3600.0,2024-02-08
2024020801039276,TPC,29,49,10.0,588.0,5880.0,2024-02-08
2024020801039275,TPC,29,49,10.0,584.0,5840.0,2024-02-08
2024020801039274,TPC,29,58,10.0,584.0,5840.0,2024-02-08
2024020801039273,MKHC,59,52,100.0,307.0,30700.0,2024-02-08
2024020801039272,PHCL,90,59,50.0,332.0,16600.0,2024-02-08
2024020801039271,PHCL,90,58,10.0,332.0,3320.0,2024-02-08
2024020801039270,PHCL,90,52,10.0,332.0,3320.0,2024-02-08
2024020801039269,PHCL,90,4,10.0,332.0,3320.0,2024-02-08
2024020801039268,PHCL,90,4,10.0,332.0,3320.0,2024-02-08
2024020801039267,PHCL,90,58,10.0,332.0,3320.0,2024-02-08
2024020803007014,NLBBL,10,19,10.0,573.9,5739.0,2024-02-08
2024020803007013,GBLBS,7,3,400.0,569.0,227600.0,2024-02-08
2024020801039266,SHIVM,47,86,50.0,504.7,25235.0,2024-02-08
2024020801039265,PRVU,47,28,100.0,153.9,15390.0,2024-02-08
2024020804011712,NGPL,52,49,568.0,343.0,194824.0,2024-02-08
2024020804011711,NGPL,52,59,30.0,343.0,10290.0,2024-02-08
2024020804011710,NGPL,52,32,20.0,343.0,6860.0,2024-02-08
2024020804011709,NGPL,52,33,54.0,343.0,18522.0,2024-02-08
2024020804011708,NGPL,52,59,65.0,342.8,22282.0,2024-02-08
2024020804011707,NGPL,52,59,10.0,342.6,3426.0,2024-02-08
2024020804011706,NGPL,52,71,253.0,342.6,86677.8,2024-02-08
2024020804011705,BPCL,43,5,42.0,315.9,13267.8,2024-02-08
2024020801039264,EBL,52,39,101.0,527.5,53277.5,2024-02-08
2024020804011704,API,41,29,1899.0,201.0,381699.0,2024-02-08
2024020804011703,UAIL,34,40,20.0,566.2,11324.0,2024-02-08
2024020801039263,DORDI,77,26,479.0,450.0,215550.0,2024-02-08
2024020801039262,DORDI,77,6,505.0,449.0,226745.0,2024-02-08
2024020801039261,DORDI,77,58,126.0,449.0,56574.0,2024-02-08
2024020801039260,KBL,38,25,25.0,149.0,3725.0,2024-02-08
2024020801039259,AHL,7,13,188.0,480.1,90258.8,2024-02-08
2024020801039258,AHL,57,13,90.0,480.1,43209.0,2024-02-08
2024020801039257,AHL,42,13,100.0,480.3,48030.0,2024-02-08
2024020801039256,AHL,54,13,25.0,481.0,12025.0,2024-02-08
2024020801039255,AHL,58,13,97.0,481.0,46657.0,2024-02-08
2024020801039254,SONA,62,44,10.0,475.0,4750.0,2024-02-08
2024020801039253,SONA,22,44,50.0,475.0,23750.0,2024-02-08
2024020805008460,HIDCL,58,6,50.0,187.4,9370.0,2024-02-08
2024020801039252,SNLI,25,58,10.0,595.0,5950.0,2024-02-08
2024020801039251,SMJC,39,58,10.0,380.0,3800.0,2024-02-08
2024020803007012,SFCL,32,45,80.0,308.7,24696.0,2024-02-08
2024020804011702,AKPL,45,48,200.0,195.0,39000.0,2024-02-08
2024020801039250,IHL,38,21,110.0,377.0,41470.0,2024-02-08
2024020801039249,PRVU,8,1,153.0,153.4,23470.2,2024-02-08
2024020801039248,PRVU,49,1,10.0,153.5,1535.0,2024-02-08
2024020801039247,PRVU,42,1,1442.0,153.7,221635.4,2024-02-08
2024020805008459,HRL,28,6,31.0,688.0,21328.0,2024-02-08
2024020805008458,HRL,75,6,259.0,688.0,178192.0,2024-02-08
2024020803007011,KMCDB,28,42,29.0,665.0,19285.0,2024-02-08
2024020801039246,RHGCL,58,42,20.0,315.0,6300.0,2024-02-08
2024020801039245,NWCL,25,47,10.0,776.5,7765.0,2024-02-08
2024020801039244,RFPL,58,16,200.0,322.8,64560.0,2024-02-08
2024020804011701,UMHL,22,34,100.0,287.0,28700.0,2024-02-08
2024020803007010,KLBSL,85,22,10.0,911.0,9110.0,2024-02-08
2024020804011700,AKJCL,57,52,470.0,229.1,107677.0,2024-02-08
2024020803007009,RLFL,81,52,169.0,373.3,63087.7,2024-02-08
2024020803007008,RLFL,77,52,11.0,373.4,4107.4,2024-02-08
2024020803007007,RLFL,48,52,20.0,373.5,7470.0,2024-02-08
2024020801039243,MKHC,35,52,20.0,307.0,6140.0,2024-02-08
2024020801039242,MMKJL,49,33,10.0,430.5,4305.0,2024-02-08
2024020801039241,MMKJL,49,6,10.0,430.0,4300.0,2024-02-08
2024020801039240,MMKJL,49,38,10.0,430.0,4300.0,2024-02-08
2024020801039239,MMKJL,49,58,10.0,430.0,4300.0,2024-02-08
2024020801039238,MMKJL,49,49,10.0,430.0,4300.0,2024-02-08
2024020801039237,MKCL,49,50,10.0,975.0,9750.0,2024-02-08
2024020801039236,HHL,71,17,10.0,344.0,3440.0,2024-02-08
2024020801039235,MMKJL,87,4,10.0,427.0,4270.0,2024-02-08
2024020801039234,BGWT,65,70,100.0,620.0,62000.0,2024-02-08
2024020804011699,LEC,44,47,300.0,218.4,65520.0,2024-02-08
2024020804011698,LEC,44,57,500.0,218.4,109200.0,2024-02-08
2024020801039233,GVL,59,57,270.0,461.3,124551.0,2024-02-08
2024020801039232,GVL,66,57,430.0,461.3,198359.0,2024-02-08
2024020801039231,GVL,50,57,300.0,461.5,138450.0,2024-02-08
2024020804011697,GLH,56,70,85.0,254.6,21641.0,2024-02-08
2024020804011696,GLH,56,70,10.0,254.5,2545.0,2024-02-08
2024020804011695,RIDI,34,7,20.0,217.1,4342.0,2024-02-08
2024020803007006,MSLB,45,41,10.0,890.0,8900.0,2024-02-08
2024020804011694,AKPL,58,48,21.0,195.0,4095.0,2024-02-08
2024020803007005,GBBL,58,42,60.0,380.5,22830.0,2024-02-08
2024020803007004,GBBL,58,1,60.0,380.5,22830.0,2024-02-08
2024020803007003,DDBL,33,80,100.0,780.0,78000.0,2024-02-08
2024020801039230,UNLB,74,21,10.0,1240.0,12400.0,2024-02-08
2024020801039229,SMHL,28,10,700.0,478.0,334600.0,2024-02-08
2024020803007002,NLIC,35,16,33.0,627.5,20707.5,2024-02-08
2024020801039228,MEL,45,32,10.0,237.8,2378.0,2024-02-08
2024020804011693,UMHL,7,32,266.0,286.3,76155.8,2024-02-08
2024020804011692,UMHL,54,32,200.0,286.4,57280.0,2024-02-08
2024020804011691,UMHL,22,32,89.0,286.4,25489.6,2024-02-08
2024020803007001,ICFC,14,35,240.0,484.0,116160.0,2024-02-08
2024020801039227,HATHY,72,32,50.0,975.0,48750.0,2024-02-08
2024020801039226,SONA,38,16,40.0,475.2,19008.0,2024-02-08
2024020801039225,SONA,38,58,10.0,475.1,4751.0,2024-02-08
2024020804011690,SSHL,38,19,100.0,179.9,17990.0,2024-02-08
2024020804011689,GLH,25,70,150.0,254.0,38100.0,2024-02-08
2024020804011688,JOSHI,21,45,18.0,272.0,4896.0,2024-02-08
2024020804011687,JOSHI,55,45,22.0,272.0,5984.0,2024-02-08
2024020803007000,SJLIC,58,44,200.0,523.0,104600.0,2024-02-08
2024020803006999,KRBL,22,63,180.0,382.0,68760.0,2024-02-08
2024020803006998,KRBL,16,63,500.0,382.0,191000.0,2024-02-08
2024020803006997,KRBL,49,63,120.0,382.0,45840.0,2024-02-08
2024020801039224,USHEC,26,19,50.0,362.0,18100.0,2024-02-08
2024020804011686,AKPL,42,48,182.0,195.0,35490.0,2024-02-08
2024020804011685,AKPL,42,34,48.0,195.0,9360.0,2024-02-08
2024020801039223,NBL,25,50,10.0,231.5,2315.0,2024-02-08
2024020801039222,NMB,34,32,112.0,191.1,21403.2,2024-02-08
2024020803006996,SFCL,32,28,81.0,308.7,25004.7,2024-02-08
2024020803006995,SFCL,58,28,132.0,308.7,40748.4,2024-02-08
2024020804011684,SPDL,72,81,485.0,279.1,135363.5,2024-02-08
2024020804011683,SPDL,58,81,15.0,279.4,4191.0,2024-02-08
2024020804011682,HDHPC,52,14,10.0,148.5,1485.0,2024-02-08
2024020804011681,HDHPC,17,14,20.0,148.5,2970.0,2024-02-08
2024020804011680,HDHPC,4,14,505.0,148.5,74992.5,2024-02-08
2024020804011679,CHL,16,49,10.0,304.0,3040.0,2024-02-08
2024020804011678,CHL,39,49,13.0,304.0,3952.0,2024-02-08
2024020801039221,IHL,29,40,210.0,378.0,79380.0,2024-02-08
2024020801039220,IHL,29,43,20.0,378.0,7560.0,2024-02-08
2024020801039219,IHL,29,48,10.0,378.0,3780.0,2024-02-08
2024020801039218,IHL,29,38,40.0,378.0,15120.0,2024-02-08
2024020805008457,HRL,40,38,10.0,689.0,6890.0,2024-02-08
2024020805008456,HRL,40,57,10.0,689.0,6890.0,2024-02-08
2024020805008455,HRL,40,58,10.0,689.0,6890.0,2024-02-08
2024020805008454,SLCF,13,44,100.0,8.02,802.0,2024-02-08
2024020805008453,CIT,13,45,54.0,2112.0,114048.0,2024-02-08
2024020805008452,CIT,13,39,10.0,2110.0,21100.0,2024-02-08
2024020801039217,MBJC,54,44,165.0,324.4,53526.0,2024-02-08
2024020801039216,MBJC,42,44,285.0,324.5,92482.5,2024-02-08
2024020801039215,MBJC,55,44,50.0,325.0,16250.0,2024-02-08
2024020801039214,LSL,57,16,20.0,167.5,3350.0,2024-02-08
2024020801039213,DOLTI,57,43,15.0,364.0,5460.0,2024-02-08
2024020801039212,DOLTI,57,41,235.0,364.0,85540.0,2024-02-08
2024020804011677,HPPL,49,48,10.0,288.0,2880.0,2024-02-08
2024020801039211,NWCL,25,48,10.0,776.5,7765.0,2024-02-08
2024020801039210,PPL,47,56,120.0,383.0,45960.0,2024-02-08
2024020801039209,PPL,46,56,10.0,383.0,3830.0,2024-02-08
2024020801039208,DORDI,45,58,30.0,449.0,13470.0,2024-02-08
2024020801039207,DORDI,45,49,10.0,449.0,4490.0,2024-02-08
2024020801039206,DORDI,45,21,100.0,448.9,44890.0,2024-02-08
2024020801039205,DORDI,45,17,60.0,448.7,26922.0,2024-02-08
2024020801039204,IHL,38,58,10.0,377.0,3770.0,2024-02-08
2024020805008451,NRN,57,58,43.0,586.0,25198.0,2024-02-08
2024020805008450,NRN,17,58,20.0,586.0,11720.0,2024-02-08
2024020805008449,NRN,58,58,1337.0,586.0,783482.0,2024-02-08
2024020804011676,RHPL,41,54,40.0,302.5,12100.0,2024-02-08
2024020801039203,PHCL,21,41,280.0,331.0,92680.0,2024-02-08
2024020804011675,KKHC,38,19,20.0,242.0,4840.0,2024-02-08
2024020801039202,SONA,22,42,50.0,475.0,23750.0,2024-02-08
2024020801039201,SONA,62,42,100.0,475.0,47500.0,2024-02-08
2024020801039200,SONA,39,42,100.0,475.0,47500.0,2024-02-08
2024020801039199,SONA,58,42,50.0,475.0,23750.0,2024-02-08
2024020803006994,MLBL,57,32,100.0,337.2,33720.0,2024-02-08
2024020801039198,CLI,43,34,20.0,466.9,9338.0,2024-02-08
2024020801039197,HHL,35,39,70.0,344.9,24143.0,2024-02-08
2024020801039196,HHL,35,49,30.0,344.5,10335.0,2024-02-08
2024020804011674,API,49,3,20.0,201.3,4026.0,2024-02-08
2024020805008448,ENL,64,29,75.0,846.6,63495.0,2024-02-08
2024020805008447,ENL,57,29,25.0,846.7,21167.5,2024-02-08
2024020801039195,NWCL,4,57,60.0,777.0,46620.0,2024-02-08
2024020801039194,SONA,48,38,40.0,475.0,19000.0,2024-02-08
2024020801039193,SONA,34,38,10.0,475.0,4750.0,2024-02-08
2024020801039192,SONA,58,38,100.0,475.0,47500.0,2024-02-08
2024020803006993,SLBBL,36,49,50.0,659.9,32995.0,2024-02-08
2024020801039191,GCIL,3,38,10.0,509.0,5090.0,2024-02-08
2024020801039190,GCIL,3,49,10.0,509.0,5090.0,2024-02-08
2024020801039189,GCIL,3,58,10.0,509.0,5090.0,2024-02-08
2024020801039188,GCIL,3,35,495.0,509.0,251955.0,2024-02-08
2024020804011673,API,41,3,1000.0,201.0,201000.0,2024-02-08
2024020805008446,CIT,42,57,10.0,2107.2,21072.0,2024-02-08
2024020804011672,JOSHI,45,35,10.0,272.1,2721.0,2024-02-08
2024020804011671,RIDI,45,7,50.0,217.1,10855.0,2024-02-08
2024020803006992,NABBC,71,26,20.0,419.9,8398.0,2024-02-08
2024020804011670,API,41,58,100.0,201.0,20100.0,2024-02-08
2024020805008445,NRN,58,4,30.0,589.9,17697.0,2024-02-08
2024020805008444,NRN,58,19,10.0,589.0,5890.0,2024-02-08
2024020805008443,NRN,58,28,100.0,589.0,58900.0,2024-02-08
2024020805008442,NRN,58,35,10.0,588.0,5880.0,2024-02-08
2024020805008441,NRN,58,13,500.0,588.0,294000.0,2024-02-08
2024020805008440,NRN,58,41,350.0,587.9,205765.0,2024-02-08
2024020805008439,NRN,58,47,350.0,587.9,205765.0,2024-02-08
2024020805008438,NRN,58,4,50.0,587.0,29350.0,2024-02-08
2024020805008437,NRN,58,35,400.0,587.0,234800.0,2024-02-08
2024020805008436,NRN,58,32,200.0,586.1,117220.0,2024-02-08
2024020804011669,UPCL,34,1,100.0,233.0,23300.0,2024-02-08
2024020804011668,UPCL,1,1,50.0,233.0,11650.0,2024-02-08
2024020804011667,UPCL,51,1,20.0,233.0,4660.0,2024-02-08
2024020805008435,HRL,75,19,10.0,688.0,6880.0,2024-02-08
2024020801039187,CLI,55,34,20.0,466.9,9338.0,2024-02-08
2024020801039186,MHL,80,16,287.0,430.6,123582.2,2024-02-08
2024020801039185,MHL,34,16,182.0,430.7,78387.4,2024-02-08
2024020801039184,VLUCL,63,11,30.0,535.5,16065.0,2024-02-08
2024020801039183,SNLI,25,42,10.0,595.0,5950.0,2024-02-08
2024020801039182,SNLI,25,35,10.0,595.0,5950.0,2024-02-08
2024020801039181,SNLI,25,58,10.0,595.0,5950.0,2024-02-08
2024020801039180,SNLI,25,41,10.0,595.0,5950.0,2024-02-08
2024020801039179,SNLI,25,39,10.0,595.0,5950.0,2024-02-08
2024020801039178,SNLI,25,38,10.0,595.0,5950.0,2024-02-08
2024020801039177,SNLI,25,41,10.0,595.0,5950.0,2024-02-08
2024020801039176,SNLI,25,58,10.0,595.0,5950.0,2024-02-08
2024020801039175,SNLI,25,42,40.0,595.0,23800.0,2024-02-08
2024020801039174,SNLI,25,47,10.0,595.0,5950.0,2024-02-08
2024020801039173,SNLI,25,58,10.0,595.0,5950.0,2024-02-08
2024020801039172,SNLI,25,58,10.0,595.0,5950.0,2024-02-08
2024020801039171,SNLI,25,58,10.0,595.0,5950.0,2024-02-08
2024020801039170,SNLI,25,58,10.0,595.0,5950.0,2024-02-08
2024020801039169,SNLI,25,45,10.0,595.0,5950.0,2024-02-08
2024020801039168,SNLI,25,33,10.0,595.0,5950.0,2024-02-08
2024020801039167,SNLI,25,58,10.0,595.0,5950.0,2024-02-08
2024020801039166,SNLI,25,21,10.0,594.9,5949.0,2024-02-08
2024020801039165,SNLI,25,46,20.0,594.9,11898.0,2024-02-08
2024020801039164,SNLI,25,19,10.0,594.9,5949.0,2024-02-08
2024020801039163,SNLI,25,21,310.0,594.8,184388.0,2024-02-08
2024020801039162,SNLI,25,16,10.0,594.0,5940.0,2024-02-08
2024020801039161,SNLI,25,38,10.0,594.0,5940.0,2024-02-08
2024020801039160,SNLI,25,41,10.0,594.0,5940.0,2024-02-08
2024020801039159,SNLI,25,56,10.0,593.0,5930.0,2024-02-08
2024020801039158,SNLI,25,57,10.0,593.0,5930.0,2024-02-08
2024020801039157,SNLI,25,34,10.0,593.0,5930.0,2024-02-08
2024020801039156,SNLI,25,22,10.0,593.0,5930.0,2024-02-08
2024020801039155,SNLI,25,41,15.0,593.0,8895.0,2024-02-08
2024020801039154,MKCL,8,50,400.0,975.0,390000.0,2024-02-08
2024020801039153,NICA,38,57,50.0,475.0,23750.0,2024-02-08
2024020801039152,SPHL,72,57,10.0,504.0,5040.0,2024-02-08
2024020804011666,HDHPC,51,22,30.0,148.6,4458.0,2024-02-08
2024020801039151,NYADI,64,44,50.0,287.9,14395.0,2024-02-08
2024020801039150,NYADI,64,7,10.0,287.6,2876.0,2024-02-08
2024020804011665,API,41,34,100.0,201.0,20100.0,2024-02-08
2024020804011664,BARUN,8,58,100.0,273.0,27300.0,2024-02-08
2024020804011663,BARUN,17,58,69.0,273.0,18837.0,2024-02-08
2024020804011662,CHL,39,46,49.0,304.0,14896.0,2024-02-08
2024020801039149,PPL,46,35,70.0,384.0,26880.0,2024-02-08
2024020804011661,RADHI,8,65,1000.0,276.5,276500.0,2024-02-08
2024020804011660,RIDI,57,65,200.0,217.0,43400.0,2024-02-08
2024020801039148,MKCL,8,44,10.0,975.0,9750.0,2024-02-08
2024020801039147,MKCL,8,42,10.0,975.0,9750.0,2024-02-08
2024020801039146,MKCL,8,47,80.0,975.0,78000.0,2024-02-08
2024020803006991,SJLIC,8,44,10.0,523.0,5230.0,2024-02-08
2024020801039145,MBJC,55,19,100.0,325.0,32500.0,2024-02-08
2024020804011659,UPPER,48,41,50.0,214.8,10740.0,2024-02-08
2024020803006990,HLI,46,41,10.0,408.8,4088.0,2024-02-08
2024020804011658,LEC,26,55,70.0,218.0,15260.0,2024-02-08
2024020805008434,NRIC,46,16,100.0,791.0,79100.0,2024-02-08
2024020801039144,KBL,22,25,14.0,149.0,2086.0,2024-02-08
2024020804011657,KKHC,38,43,90.0,242.0,21780.0,2024-02-08
2024020801039143,NABIL,32,35,400.0,476.4,190560.0,2024-02-08
2024020801039142,SONA,32,13,100.0,475.0,47500.0,2024-02-08
2024020801039141,SONA,38,13,200.0,475.0,95000.0,2024-02-08
2024020801039140,SONA,13,13,20.0,475.0,9500.0,2024-02-08
2024020801039139,SONA,44,13,244.0,475.0,115900.0,2024-02-08
2024020801039138,RNLI,57,53,50.0,470.5,23525.0,2024-02-08
2024020804011656,SPDL,45,8,100.0,279.5,27950.0,2024-02-08
2024020803006989,KSBBL,4,34,190.0,357.2,67868.0,2024-02-08
2024020803006988,KSBBL,49,34,200.0,357.2,71440.0,2024-02-08
2024020803006987,KSBBL,59,34,110.0,357.6,39336.0,2024-02-08
2024020804011655,GHL,34,41,85.0,185.0,15725.0,2024-02-08
2024020804011654,GHL,34,89,10.0,184.9,1849.0,2024-02-08
2024020801039137,IHL,38,58,10.0,377.0,3770.0,2024-02-08
2024020805008433,HIDCL,58,6,10.0,187.4,1874.0,2024-02-08
2024020801039136,MKHL,11,58,10.0,377.0,3770.0,2024-02-08
2024020804011653,IGI,58,8,10.0,566.0,5660.0,2024-02-08
2024020804011652,IGI,58,19,90.0,566.0,50940.0,2024-02-08
2024020801039135,SONA,6,16,50.0,475.2,23760.0,2024-02-08
2024020803006986,ALBSL,6,22,20.0,705.0,14100.0,2024-02-08
2024020803006985,ALBSL,6,29,10.0,704.0,7040.0,2024-02-08
2024020803006984,ALBSL,6,44,100.0,704.0,70400.0,2024-02-08
2024020803006983,ALBSL,6,42,10.0,704.0,7040.0,2024-02-08
2024020803006982,ALBSL,6,4,10.0,704.0,7040.0,2024-02-08
2024020804011651,UPCL,45,47,1000.0,233.0,233000.0,2024-02-08
2024020801039134,VLUCL,63,20,40.0,535.5,21420.0,2024-02-08
2024020801039133,NABIL,22,48,50.0,476.5,23825.0,2024-02-08
2024020801039132,NIMB,25,35,75.0,170.1,12757.5,2024-02-08
2024020801039131,RFPL,58,50,15.0,322.8,4842.0,2024-02-08
2024020805008432,HIDCL,29,14,81.0,187.1,15155.1,2024-02-08
2024020804011650,SICL,49,33,34.0,725.4,24663.6,2024-02-08
2024020805008431,NRN,29,32,100.0,586.1,58610.0,2024-02-08
2024020804011649,NGPL,36,71,80.0,342.6,27408.0,2024-02-08
2024020805008430,HRL,57,58,20.0,689.0,13780.0,2024-02-08
2024020801039130,SONA,48,16,133.0,475.2,63201.6,2024-02-08
2024020801039129,SONA,48,39,67.0,475.2,31838.4,2024-02-08
2024020803006981,GUFL,21,77,100.0,565.0,56500.0,2024-02-08
2024020805008429,NRN,58,64,2768.0,586.0,1622048.0,2024-02-08
2024020805008428,LEMF,5,45,1000.0,9.51,9510.0,2024-02-08
2024020801039128,SPHL,40,59,60.0,505.0,30300.0,2024-02-08
2024020801039127,CLI,45,34,10.0,466.5,4665.0,2024-02-08
2024020804011648,SHPC,34,26,50.0,363.0,18150.0,2024-02-08
2024020804011647,UMHL,46,34,12.0,287.0,3444.0,2024-02-08
2024020801039126,MEL,58,59,30.0,238.0,7140.0,2024-02-08
2024020801039125,MEL,58,58,10.0,238.0,2380.0,2024-02-08
2024020805008427,NIFRA,75,58,117.0,225.2,26348.4,2024-02-08
2024020804011646,SSHL,5,19,10.0,179.9,1799.0,2024-02-08
2024020801039124,GVL,50,19,200.0,461.5,92300.0,2024-02-08
2024020804011645,SICL,55,39,387.0,725.0,280575.0,2024-02-08
2024020804011644,SICL,40,39,13.0,725.0,9425.0,2024-02-08
2024020804011643,SICL,49,39,120.0,725.1,87012.0,2024-02-08
2024020801039123,HIDCLP,32,35,15.0,102.1,1531.5,2024-02-08
2024020801039122,VLUCL,63,49,10.0,535.5,5355.0,2024-02-08
2024020801039121,RAWA,49,16,100.0,515.0,51500.0,2024-02-08
2024020805008426,NIFRA,49,67,50.0,225.3,11265.0,2024-02-08
2024020804011642,NHPC,14,28,280.0,168.5,47180.0,2024-02-08
2024020804011641,NHPC,14,45,180.0,168.4,30312.0,2024-02-08
2024020804011640,NHPC,14,22,40.0,168.4,6736.0,2024-02-08
2024020801039120,BPW,58,3,30.0,1390.0,41700.0,2024-02-08
2024020801039119,BPW,41,3,10.0,1390.0,13900.0,2024-02-08
2024020805008425,HRL,75,57,215.0,688.0,147920.0,2024-02-08
2024020805008424,HRL,4,57,85.0,688.2,58497.0,2024-02-08
2024020805008423,HRL,58,57,50.0,688.9,34445.0,2024-02-08
2024020804011639,LEC,26,57,350.0,218.0,76300.0,2024-02-08
2024020804011638,UPPER,48,47,50.0,214.8,10740.0,2024-02-08
2024020805008422,HRL,6,57,50.0,689.0,34450.0,2024-02-08
2024020805008421,NTC,57,35,50.0,887.0,44350.0,2024-02-08
2024020801039118,MCHL,21,58,10.0,348.0,3480.0,2024-02-08
2024020801039117,MCHL,21,52,44.0,346.5,15246.0,2024-02-08
2024020804011637,NGPL,21,64,180.0,342.5,61650.0,2024-02-08
2024020801039116,RNLI,13,56,10.0,470.0,4700.0,2024-02-08
2024020804011636,RIDI,57,34,274.0,217.0,59458.0,2024-02-08
2024020804011635,RIDI,49,34,91.0,217.0,19747.0,2024-02-08
2024020804011634,RIDI,29,34,500.0,217.0,108500.0,2024-02-08
2024020804011633,RIDI,34,34,135.0,217.0,29295.0,2024-02-08
2024020801039115,GCIL,21,46,50.0,508.0,25400.0,2024-02-08
2024020801039114,CKHL,1,36,170.0,520.0,88400.0,2024-02-08
2024020801039113,CKHL,1,6,10.0,520.0,5200.0,2024-02-08
2024020801039112,CKHL,1,42,10.0,520.0,5200.0,2024-02-08
2024020801039111,CKHL,1,51,10.0,520.0,5200.0,2024-02-08
2024020801039110,CKHL,1,21,10.0,520.0,5200.0,2024-02-08
2024020801039109,CKHL,1,52,10.0,519.7,5197.0,2024-02-08
2024020801039108,CKHL,1,38,10.0,519.0,5190.0,2024-02-08
2024020801039107,CKHL,1,58,57.0,519.0,29583.0,2024-02-08
2024020801039106,CKHL,1,14,10.0,519.0,5190.0,2024-02-08
2024020801039105,NBL,52,5,50.0,230.7,11535.0,2024-02-08
2024020801039104,RFPL,58,26,50.0,322.8,16140.0,2024-02-08
2024020801039103,RFPL,58,26,500.0,322.8,161400.0,2024-02-08
2024020804011632,UPPER,34,47,50.0,214.8,10740.0,2024-02-08
2024020801039102,MCHL,57,52,306.0,346.5,106029.0,2024-02-08
2024020801039101,ULHC,16,49,10.0,333.0,3330.0,2024-02-08
2024020804011631,API,77,3,10.0,201.3,2013.0,2024-02-08
2024020801039100,TPC,54,45,10.0,583.0,5830.0,2024-02-08
2024020801039099,TPC,54,39,60.0,583.0,34980.0,2024-02-08
2024020801039098,SPL,38,58,125.0,692.9,86612.5,2024-02-08
2024020801039097,SPL,38,57,75.0,688.0,51600.0,2024-02-08
2024020801039096,HDL,38,57,175.0,1618.0,283150.0,2024-02-08
2024020801039095,HDL,38,53,25.0,1618.0,40450.0,2024-02-08
2024020804011630,CGH,48,35,220.0,920.0,202400.0,2024-02-08
2024020804011629,CGH,48,17,35.0,920.0,32200.0,2024-02-08
2024020801039094,MEL,45,57,10.0,237.8,2378.0,2024-02-08
2024020804011628,NGPL,57,71,100.0,342.6,34260.0,2024-02-08
2024020803006980,NLIC,35,51,100.0,627.5,62750.0,2024-02-08
2024020801039093,BEDC,83,69,75.0,349.1,26182.5,2024-02-08
2024020801039092,BEDC,88,69,225.0,349.2,78570.0,2024-02-08
2024020801039091,BEDC,42,69,200.0,350.0,70000.0,2024-02-08
2024020801039090,BEDC,34,69,50.0,350.0,17500.0,2024-02-08
2024020801039089,BEDC,59,69,90.0,350.0,31500.0,2024-02-08
2024020801039088,BEDC,53,69,360.0,350.1,126036.0,2024-02-08
2024020803006979,SINDU,45,53,100.0,325.0,32500.0,2024-02-08
2024020801039087,BHL,65,38,291.0,323.5,94138.5,2024-02-08
2024020801039086,BHL,65,51,373.0,323.4,120628.2,2024-02-08
2024020801039085,BHL,65,49,266.0,323.1,85944.6,2024-02-08
2024020801039084,BHL,65,38,800.0,323.0,258400.0,2024-02-08
2024020801039083,BHL,65,16,300.0,323.0,96900.0,2024-02-08
2024020801039082,BHL,65,59,10.0,323.0,3230.0,2024-02-08
2024020801039081,BHL,65,11,250.0,322.0,80500.0,2024-02-08
2024020801039080,BHL,65,14,20.0,322.0,6440.0,2024-02-08
2024020801039079,BHL,65,1,100.0,322.0,32200.0,2024-02-08
2024020801039078,BHL,65,1,50.0,321.9,16095.0,2024-02-08
2024020801039077,BHL,65,38,540.0,321.9,173826.0,2024-02-08
2024020801039076,ILI,51,34,482.0,557.4,268666.8,2024-02-08
2024020801039075,ILI,66,34,18.0,557.9,10042.2,2024-02-08
2024020805008420,NIFRA,53,67,10.0,225.3,2253.0,2024-02-08
2024020805008419,HRL,6,41,40.0,689.0,27560.0,2024-02-08
2024020803006978,KLBSL,85,18,30.0,894.7,26841.0,2024-02-08
2024020803006977,KLBSL,85,3,10.0,894.7,8947.0,2024-02-08
2024020801039074,MKCL,95,58,10.0,974.0,9740.0,2024-02-08
2024020801039073,SONA,58,39,100.0,475.2,47520.0,2024-02-08
2024020801039072,UNLB,74,58,10.0,1240.0,12400.0,2024-02-08
2024020801039071,MEL,17,41,100.0,237.9,23790.0,2024-02-08
2024020803006976,CORBL,42,49,100.0,440.0,44000.0,2024-02-08
2024020804011627,TRH,4,46,10.0,814.0,8140.0,2024-02-08
2024020804011626,NICL,14,26,500.0,901.0,450500.0,2024-02-08
2024020804011625,NICL,14,14,100.0,900.0,90000.0,2024-02-08
2024020804011624,NICL,14,21,100.0,900.0,90000.0,2024-02-08
2024020804011623,NICL,14,36,100.0,899.0,89900.0,2024-02-08
2024020804011622,NICL,14,56,75.0,896.0,67200.0,2024-02-08
2024020804011621,NICL,14,58,11.0,896.0,9856.0,2024-02-08
2024020804011620,UPCL,13,66,10.0,233.1,2331.0,2024-02-08
2024020803006975,MNBBL,48,45,50.0,370.0,18500.0,2024-02-08
2024020803006974,MNBBL,48,58,10.0,370.0,3700.0,2024-02-08
2024020803006973,MNBBL,48,32,32.0,370.0,11840.0,2024-02-08
2024020801039070,GCIL,21,57,10.0,508.0,5080.0,2024-02-08
2024020801039069,NBL,57,59,10.0,231.0,2310.0,2024-02-08
2024020801039068,HDL,57,40,10.0,1617.0,16170.0,2024-02-08
2024020801039067,SGHC,45,47,100.0,330.0,33000.0,2024-02-08
2024020804011619,MEN,46,45,15.0,634.0,9510.0,2024-02-08
2024020804011618,IGI,50,45,369.0,565.7,208743.3,2024-02-08
2024020803006972,ALICL,55,72,10.0,688.0,6880.0,2024-02-08
2024020803006971,NMFBS,42,57,17.0,1125.0,19125.0,2024-02-08
2024020804011617,PPCL,50,45,1200.0,267.5,321000.0,2024-02-08
2024020801039066,DORDI,77,26,400.0,450.0,180000.0,2024-02-08
2024020801039065,DORDI,77,45,100.0,450.0,45000.0,2024-02-08
2024020801039064,DORDI,77,58,60.0,449.8,26988.0,2024-02-08
2024020801039063,DORDI,77,35,20.0,449.0,8980.0,2024-02-08
2024020801039062,DORDI,77,39,1000.0,449.0,449000.0,2024-02-08
2024020801039061,DORDI,77,86,390.0,449.0,175110.0,2024-02-08
2024020801039060,DORDI,77,17,30.0,448.0,13440.0,2024-02-08
2024020801039059,DORDI,77,50,1000.0,448.0,448000.0,2024-02-08
2024020805008418,HRL,6,49,10.0,689.0,6890.0,2024-02-08
2024020804011616,LEC,26,82,70.0,218.0,15260.0,2024-02-08
2024020804011615,LEC,51,82,430.0,218.0,93740.0,2024-02-08
2024020801039058,NWCL,61,38,10.0,776.0,7760.0,2024-02-08
2024020803006970,SAPDBL,34,38,500.0,262.1,131050.0,2024-02-08
2024020803006969,SAPDBL,38,38,100.0,262.1,26210.0,2024-02-08
2024020803006968,SAPDBL,52,38,84.0,262.3,22033.2,2024-02-08
2024020803006967,SAPDBL,52,48,16.0,262.3,4196.8,2024-02-08
2024020801039057,SBL,54,57,112.0,234.3,26241.6,2024-02-08
2024020804011614,UAIL,57,40,40.0,566.2,22648.0,2024-02-08
2024020801039056,TVCL,64,1,20.0,598.6,11972.0,2024-02-08
2024020801039055,TVCL,64,28,100.0,598.2,59820.0,2024-02-08
2024020801039054,TVCL,64,38,20.0,598.0,11960.0,2024-02-08
2024020801039053,TVCL,64,57,20.0,598.0,11960.0,2024-02-08
2024020801039052,TVCL,64,17,200.0,598.0,119600.0,2024-02-08
2024020801039051,TVCL,64,82,135.0,598.0,80730.0,2024-02-08
2024020801039050,TVCL,64,8,30.0,598.0,17940.0,2024-02-08
2024020801039049,TVCL,64,49,20.0,597.7,11954.0,2024-02-08
2024020801039048,TVCL,64,11,50.0,597.7,29885.0,2024-02-08
2024020801039047,TVCL,64,41,20.0,597.7,11954.0,2024-02-08
2024020801039046,TVCL,64,38,10.0,597.7,5977.0,2024-02-08
2024020801039045,TVCL,64,57,1000.0,597.0,597000.0,2024-02-08
2024020801039044,TVCL,64,45,20.0,597.0,11940.0,2024-02-08
2024020801039043,TVCL,64,41,20.0,597.0,11940.0,2024-02-08
2024020801039042,TVCL,64,46,30.0,597.0,17910.0,2024-02-08
2024020801039041,TVCL,64,33,296.0,597.0,176712.0,2024-02-08
2024020801039040,MKCL,95,33,10.0,974.0,9740.0,2024-02-08
2024020805008417,NRN,58,34,500.0,586.0,293000.0,2024-02-08
2024020805008416,NRN,58,47,300.0,586.0,175800.0,2024-02-08
2024020803006966,SWMF,47,50,14.0,711.5,9961.0,2024-02-08
2024020801039039,NWCL,16,57,60.0,777.0,46620.0,2024-02-08
2024020801039038,NWCL,16,64,10.0,776.5,7765.0,2024-02-08
2024020801039037,NWCL,16,58,10.0,776.5,7765.0,2024-02-08
2024020801039036,NWCL,16,49,10.0,776.5,7765.0,2024-02-08
2024020801039035,NWCL,16,49,10.0,776.5,7765.0,2024-02-08
2024020805008415,ENL,42,14,11.0,846.9,9315.9,2024-02-08
2024020805008414,ENL,42,48,10.0,846.8,8468.0,2024-02-08
2024020805008413,ENL,42,47,30.0,846.8,25404.0,2024-02-08
2024020801039034,SRLI,53,19,20.0,457.0,9140.0,2024-02-08
2024020801039033,SRLI,58,19,10.0,457.1,4571.0,2024-02-08
2024020801039032,SRLI,14,19,15.0,457.1,6856.5,2024-02-08
2024020801039031,SRLI,32,19,30.0,457.2,13716.0,2024-02-08
2024020801039030,SRLI,11,19,30.0,458.0,13740.0,2024-02-08
2024020801039029,SRLI,21,19,45.0,459.0,20655.0,2024-02-08
2024020805008412,HRL,6,11,10.0,689.0,6890.0,2024-02-08
2024020804011613,NICL,14,28,90.0,895.0,80550.0,2024-02-08
2024020804011612,NICL,51,28,10.0,895.1,8951.0,2024-02-08
2024020803006965,NLIC,35,41,80.0,627.5,50200.0,2024-02-08
2024020803006964,NLIC,35,6,31.0,627.3,19446.3,2024-02-08
2024020801039028,BHPL,46,35,10.0,496.0,4960.0,2024-02-08
2024020801039027,ULHC,16,4,10.0,333.0,3330.0,2024-02-08
2024020801039026,IHL,38,5,10.0,377.0,3770.0,2024-02-08
2024020801039025,IHL,38,25,10.0,377.0,3770.0,2024-02-08
2024020801039024,IHL,38,25,50.0,377.0,18850.0,2024-02-08
2024020805008411,NIFRA,75,44,130.0,225.2,29276.0,2024-02-08
2024020804011611,AKJCL,57,21,30.0,229.1,6873.0,2024-02-08
2024020805008410,NRIC,46,45,10.0,791.0,7910.0,2024-02-08
2024020801039023,PRVU,34,28,145.0,153.9,22315.5,2024-02-08
2024020803006963,SMB,52,45,5.0,992.0,4960.0,2024-02-08
2024020803006962,SMB,1,45,10.0,992.0,9920.0,2024-02-08
2024020801039022,MEHL,34,45,50.0,311.0,15550.0,2024-02-08
2024020801039021,EHPL,8,7,50.0,475.0,23750.0,2024-02-08
2024020801039020,EHPL,69,7,60.0,475.0,28500.0,2024-02-08
2024020801039019,SMHL,28,7,300.0,478.0,143400.0,2024-02-08
2024020801039018,SMJC,4,41,100.0,380.1,38010.0,2024-02-08
2024020801039017,BHL,52,38,20.0,321.9,6438.0,2024-02-08
2024020801039016,TAMOR,38,19,115.0,403.0,46345.0,2024-02-08
2024020805008409,NRN,56,32,200.0,586.2,117240.0,2024-02-08
2024020803006961,MPFL,32,58,225.0,348.4,78390.0,2024-02-08
2024020801039015,MEHL,58,45,450.0,311.0,139950.0,2024-02-08
2024020801039014,MEHL,58,6,50.0,311.0,15550.0,2024-02-08
2024020805008408,HRL,6,58,10.0,689.0,6890.0,2024-02-08
2024020803006960,KMCDB,34,58,91.0,665.1,60524.1,2024-02-08
2024020805008407,HRL,6,58,10.0,689.0,6890.0,2024-02-08
2024020803006959,KRBL,17,36,400.0,384.0,153600.0,2024-02-08
2024020803006958,KRBL,17,5,100.0,384.0,38400.0,2024-02-08
2024020801039013,KDL,50,41,30.0,825.0,24750.0,2024-02-08
2024020801039012,KDL,50,49,10.0,825.0,8250.0,2024-02-08
2024020804011610,MEN,50,55,10.0,634.1,6341.0,2024-02-08
2024020803006957,CORBL,42,38,200.0,440.0,88000.0,2024-02-08
2024020804011609,JOSHI,55,38,248.0,272.0,67456.0,2024-02-08
2024020804011608,JOSHI,57,38,102.0,272.0,27744.0,2024-02-08
2024020801039011,NWCL,61,36,10.0,776.0,7760.0,2024-02-08
2024020801039010,MEHL,65,29,137.0,307.9,42182.3,2024-02-08
2024020801039009,MEHL,41,29,40.0,308.0,12320.0,2024-02-08
2024020801039008,MEHL,34,29,23.0,310.0,7130.0,2024-02-08
2024020804011607,API,41,29,1000.0,201.0,201000.0,2024-02-08
2024020801039007,NWCL,61,40,10.0,776.0,7760.0,2024-02-08
2024020804011606,PMHPL,86,25,228.0,270.0,61560.0,2024-02-08
2024020804011605,PMHPL,86,58,20.0,270.0,5400.0,2024-02-08
2024020804011604,PMHPL,86,58,40.0,270.0,10800.0,2024-02-08
2024020804011603,PMHPL,86,19,10.0,270.0,2700.0,2024-02-08
2024020804011602,PMHPL,86,17,122.0,270.0,32940.0,2024-02-08
2024020804011601,PMHPL,86,70,10.0,270.0,2700.0,2024-02-08
2024020804011600,PMHPL,86,43,220.0,270.0,59400.0,2024-02-08
2024020804011599,PMHPL,86,45,10.0,270.0,2700.0,2024-02-08
2024020804011598,PMHPL,86,19,10.0,270.0,2700.0,2024-02-08
2024020804011597,PMHPL,86,45,10.0,270.0,2700.0,2024-02-08
2024020804011596,PMHPL,86,36,270.0,270.0,72900.0,2024-02-08
2024020804011595,PMHPL,86,22,50.0,269.9,13495.0,2024-02-08
2024020803006956,ALICL,20,56,75.0,681.4,51105.0,2024-02-08
2024020803006955,ALICL,19,56,20.0,681.4,13628.0,2024-02-08
2024020803006954,ALICL,53,56,50.0,682.0,34100.0,2024-02-08
2024020803006953,ALICL,55,56,20.0,682.0,13640.0,2024-02-08
2024020803006952,ALICL,26,56,50.0,682.0,34100.0,2024-02-08
2024020803006951,ALICL,56,56,100.0,682.0,68200.0,2024-02-08
2024020803006950,ALICL,17,56,185.0,682.0,126170.0,2024-02-08
2024020803006949,ALICL,57,56,100.0,683.0,68300.0,2024-02-08
2024020803006948,ALICL,8,56,200.0,684.0,136800.0,2024-02-08
2024020803006947,ALICL,57,56,10.0,684.0,6840.0,2024-02-08
2024020803006946,ALICL,34,56,100.0,684.0,68400.0,2024-02-08
2024020803006945,ALICL,21,56,90.0,685.0,61650.0,2024-02-08
2024020803006944,FMDBL,56,13,90.0,624.0,56160.0,2024-02-08
2024020804011594,API,41,33,100.0,201.0,20100.0,2024-02-08
2024020804011593,MEN,46,37,20.0,634.0,12680.0,2024-02-08
2024020805008406,CHDC,7,17,40.0,997.5,39900.0,2024-02-08
2024020805008405,CHDC,7,5,10.0,997.0,9970.0,2024-02-08
2024020801039006,MKHL,11,7,10.0,377.0,3770.0,2024-02-08
2024020804011592,RHPL,34,54,10.0,302.5,3025.0,2024-02-08
2024020804011591,SPDL,52,8,90.0,279.5,25155.0,2024-02-08
2024020803006943,CFCL,45,22,78.0,342.0,26676.0,2024-02-08
2024020803006942,CFCL,46,22,22.0,343.0,7546.0,2024-02-08
2024020803006941,PMLI,52,52,10.0,526.0,5260.0,2024-02-08
2024020804011590,BARUN,17,52,331.0,273.0,90363.0,2024-02-08
2024020803006940,GMFIL,32,11,55.0,352.3,19376.5,2024-02-08
2024020804011589,AKPL,28,34,20.0,195.0,3900.0,2024-02-08
2024020801039005,NICA,28,57,68.0,475.0,32300.0,2024-02-08
2024020804011588,SJCL,32,45,10.0,296.0,2960.0,2024-02-08
2024020804011587,SJCL,32,58,30.0,295.0,8850.0,2024-02-08
2024020801039004,SPHL,32,57,10.0,506.0,5060.0,2024-02-08
2024020803006939,CORBL,42,17,50.0,440.0,22000.0,2024-02-08
2024020804011586,NIL,76,32,50.0,829.0,41450.0,2024-02-08
2024020801039003,USHEC,26,38,300.0,362.0,108600.0,2024-02-08
2024020801039002,NRM,38,36,10.0,388.8,3888.0,2024-02-08
2024020804011585,NGPL,25,71,130.0,342.6,44538.0,2024-02-08
2024020804011584,NGPL,35,71,437.0,342.6,149716.2,2024-02-08
2024020801039001,IHL,57,25,200.0,377.0,75400.0,2024-02-08
2024020801039000,HATHY,62,32,30.0,975.0,29250.0,2024-02-08
2024020803006938,PROFL,58,1,70.0,318.0,22260.0,2024-02-08
2024020804011583,GLH,52,37,90.0,254.0,22860.0,2024-02-08
2024020804011582,GLH,55,37,10.0,254.4,2544.0,2024-02-08
2024020805008404,NRN,5,35,100.0,587.0,58700.0,2024-02-08
2024020805008403,HRL,6,33,150.0,689.0,103350.0,2024-02-08
2024020805008402,HRL,6,34,30.0,689.0,20670.0,2024-02-08
2024020805008401,HRL,6,49,10.0,689.0,6890.0,2024-02-08
2024020805008400,HRL,6,58,20.0,689.0,13780.0,2024-02-08
2024020805008399,HRL,6,49,20.0,689.0,13780.0,2024-02-08
2024020805008398,HRL,6,56,10.0,689.0,6890.0,2024-02-08
2024020805008397,HRL,6,57,20.0,689.0,13780.0,2024-02-08
2024020805008396,HRL,6,49,10.0,689.0,6890.0,2024-02-08
2024020805008395,HRL,6,6,20.0,689.0,13780.0,2024-02-08
2024020801038999,MKCL,95,45,350.0,974.0,340900.0,2024-02-08
2024020805008394,HRL,6,58,20.0,689.0,13780.0,2024-02-08
2024020805008393,HRL,6,58,10.0,689.0,6890.0,2024-02-08
2024020805008392,HRL,6,38,50.0,689.0,34450.0,2024-02-08
2024020801038998,SONA,44,55,256.0,475.0,121600.0,2024-02-08
2024020801038997,SONA,45,55,100.0,475.0,47500.0,2024-02-08
2024020801038996,SONA,35,55,500.0,475.0,237500.0,2024-02-08
2024020801038995,SONA,35,55,20.0,475.0,9500.0,2024-02-08
2024020801038994,SONA,36,55,200.0,475.1,95020.0,2024-02-08
2024020801038993,GVL,66,45,10.0,461.3,4613.0,2024-02-08
2024020804011581,SHL,33,34,531.0,470.2,249676.2,2024-02-08
2024020801038992,MANDU,11,16,40.0,701.0,28040.0,2024-02-08
2024020801038991,MKCL,22,47,220.0,975.0,214500.0,2024-02-08
2024020801038990,MKCL,22,42,10.0,975.0,9750.0,2024-02-08
2024020801038989,MKCL,22,42,10.0,974.1,9741.0,2024-02-08
2024020801038988,MKCL,22,14,10.0,974.1,9741.0,2024-02-08
2024020801038987,MKCL,22,58,10.0,974.1,9741.0,2024-02-08
2024020801038986,MKCL,22,35,10.0,974.1,9741.0,2024-02-08
2024020801038985,MKCL,22,49,30.0,974.1,29223.0,2024-02-08
2024020801038984,TVCL,42,33,10.0,597.0,5970.0,2024-02-08
2024020801038983,TVCL,42,40,25.0,595.0,14875.0,2024-02-08
2024020804011580,CHL,39,42,163.0,304.0,49552.0,2024-02-08
2024020804011579,CHL,17,42,837.0,304.0,254448.0,2024-02-08
2024020805008391,HRL,4,58,20.0,688.2,13764.0,2024-02-08
2024020803006937,NFS,35,43,100.0,335.0,33500.0,2024-02-08
2024020803006936,NLBBL,50,49,480.0,565.0,271200.0,2024-02-08
2024020803006935,NLBBL,28,49,10.0,565.1,5651.0,2024-02-08
2024020803006934,NLBBL,16,49,10.0,565.1,5651.0,2024-02-08
2024020803006933,SJLIC,49,44,30.0,523.0,15690.0,2024-02-08
2024020803006932,SJLIC,35,44,10.0,523.0,5230.0,2024-02-08
2024020803006931,SJLIC,48,44,15.0,523.0,7845.0,2024-02-08
2024020803006930,SJLIC,68,44,500.0,523.0,261500.0,2024-02-08
2024020803006929,SJLIC,41,44,57.0,523.0,29811.0,2024-02-08
2024020801038982,RNLI,13,21,10.0,470.0,4700.0,2024-02-08
2024020801038981,HDL,1,21,56.0,1617.0,90552.0,2024-02-08
2024020803006928,NLIC,62,41,20.0,627.5,12550.0,2024-02-08
2024020803006927,ICFC,14,55,200.0,484.0,96800.0,2024-02-08
2024020804011578,OHL,89,29,10.0,794.0,7940.0,2024-02-08
2024020804011577,UPPER,16,25,11.0,214.9,2363.9,2024-02-08
2024020801038980,SRLI,22,14,100.0,462.0,46200.0,2024-02-08
2024020801038979,SRLI,22,59,50.0,462.0,23100.0,2024-02-08
2024020801038978,IHL,22,52,10.0,376.0,3760.0,2024-02-08
2024020803006926,JBBL,43,22,70.0,306.0,21420.0,2024-02-08
2024020803006925,JBBL,43,35,30.0,306.0,9180.0,2024-02-08
2024020801038977,CKHL,49,4,180.0,517.5,93150.0,2024-02-08
2024020801038976,RFPL,58,26,500.0,322.7,161350.0,2024-02-08
2024020801038975,RFPL,58,10,150.0,322.4,48360.0,2024-02-08
2024020801038974,RFPL,58,17,10.0,322.0,3220.0,2024-02-08
2024020801038973,RFPL,58,19,10.0,322.0,3220.0,2024-02-08
2024020801038972,RFPL,58,41,10.0,322.0,3220.0,2024-02-08
2024020801038971,MKCL,95,35,10.0,974.0,9740.0,2024-02-08
2024020801038970,NWCL,4,49,10.0,775.6,7756.0,2024-02-08
2024020803006924,MFIL,36,42,25.0,514.0,12850.0,2024-02-08
2024020801038969,SAHAS,36,33,80.0,569.8,45584.0,2024-02-08
2024020801038968,SAHAS,36,6,130.0,569.5,74035.0,2024-02-08
2024020801038967,SAHAS,36,34,10.0,569.0,5690.0,2024-02-08
2024020801038966,SAHAS,36,6,10.0,569.0,5690.0,2024-02-08
2024020801038965,SAHAS,36,56,10.0,569.0,5690.0,2024-02-08
2024020801038964,SAHAS,36,4,10.0,568.9,5689.0,2024-02-08
2024020805008390,HIDCL,45,36,500.0,187.0,93500.0,2024-02-08
2024020803006923,HLI,46,3,500.0,408.8,204400.0,2024-02-08
2024020803006922,SAPDBL,44,35,10.0,264.5,2645.0,2024-02-08
2024020804011576,PPCL,34,44,1015.0,267.0,271005.0,2024-02-08
2024020804011575,PPCL,42,44,200.0,267.0,53400.0,2024-02-08
2024020804011574,PPCL,49,44,785.0,267.0,209595.0,2024-02-08
2024020804011573,SHEL,56,56,50.0,256.0,12800.0,2024-02-08
2024020804011572,SHEL,56,81,20.0,256.0,5120.0,2024-02-08
2024020801038963,TAMOR,38,10,385.0,403.0,155155.0,2024-02-08
2024020801038962,TAMOR,22,10,355.0,403.0,143065.0,2024-02-08
2024020801038961,TAMOR,67,10,180.0,403.1,72558.0,2024-02-08
2024020801038960,TAMOR,64,10,80.0,403.2,32256.0,2024-02-08
2024020804011571,UAIL,8,40,10.0,566.2,5662.0,2024-02-08
2024020803006921,ALBSL,6,4,18.0,703.9,12670.2,2024-02-08
2024020803006920,ALBSL,6,58,20.0,703.0,14060.0,2024-02-08
2024020803006919,ALBSL,6,22,50.0,703.0,35150.0,2024-02-08
2024020803006918,ALBSL,6,3,38.0,703.0,26714.0,2024-02-08
2024020803006917,ALBSL,6,57,60.0,702.5,42150.0,2024-02-08
2024020803006916,ALBSL,6,58,10.0,702.0,7020.0,2024-02-08
2024020805008389,HRL,4,45,10.0,688.2,6882.0,2024-02-08
2024020804011570,NGPL,35,45,100.0,342.6,34260.0,2024-02-08
2024020805008388,HRL,4,41,285.0,688.2,196137.0,2024-02-08
2024020805008387,HRL,39,41,10.0,688.4,6884.0,2024-02-08
2024020805008386,HRL,43,41,20.0,688.4,13768.0,2024-02-08
2024020801038959,GVL,66,26,90.0,462.0,41580.0,2024-02-08
2024020805008385,HRL,57,41,150.0,688.5,103275.0,2024-02-08
2024020805008384,HRL,44,41,35.0,688.9,24111.5,2024-02-08
2024020803006915,NFS,1,42,480.0,334.0,160320.0,2024-02-08
2024020803006914,NFS,71,42,100.0,334.1,33410.0,2024-02-08
2024020803006913,NFS,50,42,20.0,334.1,6682.0,2024-02-08
2024020804011569,AHPC,55,42,100.0,207.0,20700.0,2024-02-08
2024020804011568,MHNL,39,34,500.0,280.0,140000.0,2024-02-08
2024020801038958,TAMOR,84,10,500.0,403.3,201650.0,2024-02-08
2024020803006912,SWMF,41,32,100.0,711.5,71150.0,2024-02-08
2024020804011567,RHPL,77,81,1000.0,302.1,302100.0,2024-02-08
2024020805008383,SMATA,58,34,10.0,622.0,6220.0,2024-02-08
2024020803006911,RSDC,58,54,50.0,557.0,27850.0,2024-02-08
2024020804011566,UMHL,22,38,111.0,286.4,31790.4,2024-02-08
2024020805008382,HRL,44,44,10.0,688.9,6889.0,2024-02-08
2024020803006910,PMLI,52,57,112.0,526.0,58912.0,2024-02-08
2024020804011565,LEC,51,57,520.0,218.0,113360.0,2024-02-08
2024020804011564,LEC,34,57,130.0,218.0,28340.0,2024-02-08
2024020804011563,LEC,62,57,350.0,218.1,76335.0,2024-02-08
2024020804011562,LEC,62,1,150.0,218.1,32715.0,2024-02-08
2024020801038957,ILI,66,56,10.0,557.9,5579.0,2024-02-08
2024020805008381,ENL,64,5,46.0,846.6,38943.6,2024-02-08
2024020804011561,NGPL,35,33,403.0,342.6,138067.8,2024-02-08
2024020801038956,SONA,33,39,200.0,475.2,95040.0,2024-02-08
2024020803006909,GBBL,6,1,100.0,380.5,38050.0,2024-02-08
2024020804011560,SJCL,6,58,10.0,295.0,2950.0,2024-02-08
2024020801038955,NMB,53,44,10.0,192.0,1920.0,2024-02-08
2024020803006908,CBBL,42,51,40.0,859.0,34360.0,2024-02-08
2024020801038954,SHLB,45,42,10.0,942.0,9420.0,2024-02-08
2024020804011559,UMRH,52,38,10.0,400.0,4000.0,2024-02-08
2024020801038953,EBL,52,55,200.0,528.0,105600.0,2024-02-08
2024020801038952,CKHL,43,14,10.0,519.0,5190.0,2024-02-08
2024020801038951,CKHL,43,44,10.0,518.0,5180.0,2024-02-08
2024020804011558,UAIL,38,40,100.0,566.2,56620.0,2024-02-08
2024020804011557,UAIL,35,40,352.0,566.2,199302.4,2024-02-08
2024020804011556,UAIL,40,40,25.0,566.3,14157.5,2024-02-08
2024020804011555,UAIL,26,40,100.0,566.4,56640.0,2024-02-08
2024020804011554,UAIL,38,40,12.0,566.4,6796.8,2024-02-08
2024020804011553,SHPC,42,77,207.0,362.0,74934.0,2024-02-08
2024020804011552,SICL,35,33,39.0,725.4,28290.6,2024-02-08
2024020804011551,SICL,35,28,161.0,725.2,116757.2,2024-02-08
2024020801038950,USHL,53,58,10.0,517.0,5170.0,2024-02-08
2024020801038949,BHDC,58,49,10.0,484.0,4840.0,2024-02-08
2024020805008380,NRN,58,49,1500.0,586.0,879000.0,2024-02-08
2024020804011550,MHNL,44,26,75.0,281.0,21075.0,2024-02-08
2024020804011549,MHNL,44,34,100.0,281.0,28100.0,2024-02-08
2024020801038948,ULHC,16,29,220.0,333.0,73260.0,2024-02-08
2024020801038947,TSHL,28,7,70.0,560.0,39200.0,2024-02-08
2024020801038946,TSHL,36,7,100.0,560.0,56000.0,2024-02-08
2024020801038945,TSHL,34,7,90.0,560.0,50400.0,2024-02-08
2024020801038944,TSHL,51,7,300.0,560.1,168030.0,2024-02-08
2024020801038943,TSHL,51,7,200.0,560.1,112020.0,2024-02-08
2024020801038942,TSHL,34,7,200.0,561.0,112200.0,2024-02-08
2024020801038941,TSHL,1,7,40.0,561.0,22440.0,2024-02-08
2024020801038940,AVYAN,7,26,100.0,606.0,60600.0,2024-02-08
2024020804011548,SHEL,14,41,40.0,255.9,10236.0,2024-02-08
2024020801038939,NRM,41,6,15.0,386.0,5790.0,2024-02-08
2024020801038938,NRM,21,6,10.0,386.1,3861.0,2024-02-08
2024020801038937,MMKJL,87,45,65.0,427.0,27755.0,2024-02-08
2024020801038936,MMKJL,95,45,200.0,427.2,85440.0,2024-02-08
2024020801038935,MMKJL,87,45,40.0,428.0,17120.0,2024-02-08
2024020804011547,NLG,5,41,20.0,793.3,15866.0,2024-02-08
2024020804011546,HEI,45,56,259.0,595.0,154105.0,2024-02-08
2024020804011545,HEI,45,32,14.0,595.0,8330.0,2024-02-08
2024020804011544,HEI,45,6,50.0,594.5,29725.0,2024-02-08
2024020804011543,HEI,45,6,20.0,593.0,11860.0,2024-02-08
2024020804011542,HEI,45,47,12.0,593.0,7116.0,2024-02-08
2024020804011541,HEI,45,57,20.0,590.0,11800.0,2024-02-08
2024020804011540,HEI,45,87,275.0,589.8,162195.0,2024-02-08
2024020804011539,HEI,45,14,300.0,589.5,176850.0,2024-02-08
2024020804011538,HEI,45,34,50.0,589.4,29470.0,2024-02-08
2024020801038934,SGHC,11,47,50.0,330.0,16500.0,2024-02-08
2024020804011537,UNHPL,88,52,400.0,245.3,98120.0,2024-02-08
2024020804011536,UNHPL,45,52,100.0,245.3,24530.0,2024-02-08
2024020804011535,SICL,57,28,100.0,725.2,72520.0,2024-02-08
2024020804011534,UAIL,39,45,79.0,569.0,44951.0,2024-02-08
2024020804011533,UAIL,39,39,71.0,568.0,40328.0,2024-02-08
2024020804011532,UAIL,39,49,50.0,566.5,28325.0,2024-02-08
2024020805008379,NRN,58,72,1865.0,586.0,1092890.0,2024-02-08
2024020805008378,NRN,17,72,1000.0,586.1,586100.0,2024-02-08
2024020805008377,NRN,35,72,355.0,586.1,208065.5,2024-02-08
2024020804011531,UPPER,45,17,128.0,214.1,27404.8,2024-02-08
2024020804011530,UPPER,41,17,30.0,214.4,6432.0,2024-02-08
2024020804011529,UPPER,7,17,10.0,214.5,2145.0,2024-02-08
2024020804011528,UPPER,33,17,1832.0,214.8,393513.6,2024-02-08
2024020805008376,NRIC,46,35,160.0,791.0,126560.0,2024-02-08
2024020805008375,NRIC,94,35,340.0,791.0,268940.0,2024-02-08
2024020804011527,LEC,34,82,370.0,218.0,80660.0,2024-02-08
2024020804011526,LEC,58,82,40.0,218.0,8720.0,2024-02-08
2024020804011525,LEC,8,82,1340.0,218.0,292120.0,2024-02-08
2024020804011524,LEC,47,82,250.0,218.1,54525.0,2024-02-08
2024020801038933,IHL,22,58,10.0,376.0,3760.0,2024-02-08
2024020803006907,SINDU,3,53,1000.0,325.0,325000.0,2024-02-08
2024020805008374,HRL,44,38,10.0,688.9,6889.0,2024-02-08
2024020801038932,ULHC,16,44,10.0,333.0,3330.0,2024-02-08
2024020801038931,LSL,57,16,30.0,167.5,5025.0,2024-02-08
2024020801038930,BHPL,46,57,10.0,496.0,4960.0,2024-02-08
2024020801038929,UHEWA,43,7,10.0,358.2,3582.0,2024-02-08
2024020805008373,NTC,8,35,100.0,887.0,88700.0,2024-02-08
2024020803006906,GRDBL,35,47,250.0,365.1,91275.0,2024-02-08
2024020803006905,GRDBL,49,47,50.0,365.2,18260.0,2024-02-08
2024020801038928,MSHL,45,85,10.0,695.0,6950.0,2024-02-08
2024020803006904,NLIC,26,41,100.0,627.5,62750.0,2024-02-08
2024020803006903,NLIC,26,1,100.0,627.5,62750.0,2024-02-08
2024020801038927,CLI,45,6,10.0,466.4,4664.0,2024-02-08
2024020803006902,ACLBSL,19,21,18.0,634.0,11412.0,2024-02-08
2024020803006901,ACLBSL,19,56,12.0,632.0,7584.0,2024-02-08
2024020805008372,HRL,44,32,10.0,688.9,6889.0,2024-02-08
2024020805008371,NRN,32,35,500.0,587.0,293500.0,2024-02-08
2024020803006900,JBBL,17,32,200.0,305.6,61120.0,2024-02-08
2024020801038926,DORDI,77,86,610.0,449.0,273890.0,2024-02-08
2024020801038925,DORDI,77,53,50.0,449.0,22450.0,2024-02-08
2024020801038924,DORDI,77,38,28.0,449.0,12572.0,2024-02-08
2024020801038923,DORDI,77,21,10.0,449.0,4490.0,2024-02-08
2024020801038922,DORDI,77,69,300.0,449.0,134700.0,2024-02-08
2024020801038921,DORDI,77,74,10.0,449.0,4490.0,2024-02-08
2024020801038920,DORDI,77,39,143.0,449.0,64207.0,2024-02-08
2024020801038919,DORDI,77,77,1999.0,445.0,889555.0,2024-02-08
2024020805008370,HRL,44,58,20.0,688.9,13778.0,2024-02-08
2024020804011523,RADHI,38,57,301.0,276.9,83346.9,2024-02-08
2024020804011522,RADHI,38,65,200.0,276.9,55380.0,2024-02-08
2024020804011521,RADHI,38,57,499.0,276.5,137973.5,2024-02-08
2024020803006899,SINDU,38,38,200.0,323.4,64680.0,2024-02-08
2024020801038918,HATHY,38,42,160.0,976.9,156304.0,2024-02-08
2024020801038917,HATHY,38,42,10.0,976.9,9769.0,2024-02-08
2024020801038916,HATHY,38,58,30.0,975.0,29250.0,2024-02-08
2024020805008369,HRL,44,75,25.0,688.9,17222.5,2024-02-08
2024020801038915,CLI,51,34,203.0,466.9,94780.7,2024-02-08
2024020801038914,CLI,51,5,10.0,466.5,4665.0,2024-02-08
2024020805008368,NIFRA,75,51,64.0,225.2,14412.8,2024-02-08
2024020801038913,EBL,52,57,1123.0,527.5,592382.5,2024-02-08
2024020801038912,EBL,86,57,321.0,527.6,169359.6,2024-02-08
2024020801038911,SONA,53,39,100.0,475.2,47520.0,2024-02-08
2024020801038910,SMJC,74,22,175.0,381.0,66675.0,2024-02-08
2024020801038909,SBL,54,6,30.0,234.3,7029.0,2024-02-08
2024020801038908,RHGCL,58,42,180.0,315.0,56700.0,2024-02-08
2024020801038907,CITY,39,38,10.0,661.5,6615.0,2024-02-08
2024020801038906,CITY,39,51,10.0,661.0,6610.0,2024-02-08
2024020805008367,HRL,34,41,10.0,689.0,6890.0,2024-02-08
2024020805008366,HRL,34,58,10.0,689.0,6890.0,2024-02-08
2024020805008365,HRL,34,3,10.0,689.0,6890.0,2024-02-08
2024020805008364,HRL,34,57,20.0,689.0,13780.0,2024-02-08
2024020801038905,MHL,34,68,20.0,430.7,8614.0,2024-02-08
2024020801038904,MHL,45,68,280.0,430.8,120624.0,2024-02-08
2024020804011520,AHPC,32,58,300.0,207.1,62130.0,2024-02-08
2024020804011519,UPCL,38,66,40.0,233.1,9324.0,2024-02-08
2024020804011518,UPCL,74,64,497.0,233.0,115801.0,2024-02-08
2024020804011517,SHL,25,46,100.0,470.1,47010.0,2024-02-08
2024020801038903,SNLI,14,46,10.0,592.3,5923.0,2024-02-08
2024020801038902,RFPL,58,57,290.0,321.9,93351.0,2024-02-08
2024020801038901,NRM,7,49,10.0,388.0,3880.0,2024-02-08
2024020801038900,CYCL,10,57,10.0,1119.0,11190.0,2024-02-08
2024020804011516,UAIL,49,49,10.0,566.5,5665.0,2024-02-08
2024020801038899,GCIL,21,26,300.0,508.0,152400.0,2024-02-08
2024020801038898,LSL,22,16,10.0,167.5,1675.0,2024-02-08
2024020801038897,ULHC,16,36,10.0,333.0,3330.0,2024-02-08
2024020801038896,ULHC,16,34,10.0,333.0,3330.0,2024-02-08
2024020801038895,ULHC,16,6,10.0,333.0,3330.0,2024-02-08
2024020801038894,ULHC,16,49,10.0,333.0,3330.0,2024-02-08
2024020801038893,ULHC,16,56,10.0,333.0,3330.0,2024-02-08
2024020801038892,ULHC,16,58,10.0,333.0,3330.0,2024-02-08
2024020801038891,ULHC,16,28,10.0,333.0,3330.0,2024-02-08
2024020801038890,ULHC,16,34,1148.0,333.0,382284.0,2024-02-08
2024020801038889,USHEC,26,45,320.0,362.0,115840.0,2024-02-08
2024020801038888,USHEC,34,45,100.0,362.1,36210.0,2024-02-08
2024020801038887,USHEC,34,45,180.0,362.2,65196.0,2024-02-08
2024020804011515,NHDL,52,25,300.0,448.0,134400.0,2024-02-08
2024020804011514,JOSHI,57,45,73.0,272.0,19856.0,2024-02-08
2024020803006898,GUFL,45,77,110.0,565.0,62150.0,2024-02-08
2024020801038886,SONA,42,39,33.0,475.2,15681.6,2024-02-08
2024020805008363,CIT,13,45,20.0,2112.0,42240.0,2024-02-08
2024020805008362,CIT,13,50,30.0,2111.0,63330.0,2024-02-08
2024020805008361,HRL,44,35,20.0,688.9,13778.0,2024-02-08
2024020801038885,MKHC,35,52,10.0,307.0,3070.0,2024-02-08
2024020804011513,AKPL,45,34,40.0,194.6,7784.0,2024-02-08
2024020803006897,EDBL,34,17,100.0,373.6,37360.0,2024-02-08
2024020803006896,EDBL,34,17,100.0,373.4,37340.0,2024-02-08
2024020805008360,ENL,64,34,500.0,846.6,423300.0,2024-02-08
2024020805008359,HRL,44,58,30.0,688.9,20667.0,2024-02-08
2024020801038884,RAWA,45,48,246.0,514.0,126444.0,2024-02-08
2024020805008358,HRL,44,88,20.0,688.9,13778.0,2024-02-08
2024020803006895,GUFL,21,48,100.0,564.0,56400.0,2024-02-08
2024020805008357,HRL,44,42,20.0,688.7,13774.0,2024-02-08
2024020801038883,BGWT,65,25,80.0,621.0,49680.0,2024-02-08
2024020801038882,BGWT,65,25,10.0,621.0,6210.0,2024-02-08
2024020801038881,BGWT,65,49,40.0,621.0,24840.0,2024-02-08
2024020801038880,BGWT,65,25,100.0,620.0,62000.0,2024-02-08
2024020801038879,BGWT,65,77,455.0,620.0,282100.0,2024-02-08
2024020801038878,BGWT,65,77,200.0,619.0,123800.0,2024-02-08
2024020801038877,BGWT,65,48,65.0,618.9,40228.5,2024-02-08
2024020801038876,BGWT,65,25,50.0,618.8,30940.0,2024-02-08
2024020805008356,NIFRA,75,57,10.0,225.2,2252.0,2024-02-08
2024020803006894,LBBL,34,33,2075.0,400.0,830000.0,2024-02-08
2024020803006893,LBBL,35,33,300.0,400.0,120000.0,2024-02-08
2024020803006892,LBBL,26,33,100.0,400.0,40000.0,2024-02-08
2024020803006891,LBBL,62,33,100.0,400.0,40000.0,2024-02-08
2024020803006890,LBBL,29,33,500.0,400.1,200050.0,2024-02-08
2024020803006889,LBBL,49,33,500.0,400.2,200100.0,2024-02-08
2024020803006888,LBBL,20,33,225.0,401.0,90225.0,2024-02-08
2024020803006887,LBBL,38,33,200.0,401.2,80240.0,2024-02-08
2024020805008355,HRL,75,33,200.0,688.0,137600.0,2024-02-08
2024020803006886,CORBL,42,7,10.0,440.0,4400.0,2024-02-08
2024020801038875,HHL,62,49,30.0,344.5,10335.0,2024-02-08
2024020804011512,JOSHI,57,49,250.0,272.0,68000.0,2024-02-08
2024020804011511,AKJCL,55,56,35.0,229.0,8015.0,2024-02-08
2024020804011510,AKPL,45,28,300.0,194.6,58380.0,2024-02-08
2024020801038874,NIMB,54,74,65.0,170.0,11050.0,2024-02-08
2024020803006885,SFCL,40,43,200.0,309.0,61800.0,2024-02-08
2024020804011509,JOSHI,57,77,400.0,272.0,108800.0,2024-02-08
2024020801038873,SONA,42,35,310.0,475.2,147312.0,2024-02-08
2024020801038872,SONA,34,35,40.0,475.3,19012.0,2024-02-08
2024020803006884,NABBC,71,66,173.0,419.0,72487.0,2024-02-08
2024020801038871,MKHL,11,58,10.0,377.0,3770.0,2024-02-08
2024020801038870,RFPL,58,56,500.0,321.9,160950.0,2024-02-08
2024020801038869,RFPL,58,58,20.0,321.5,6430.0,2024-02-08
2024020801038868,RFPL,58,59,100.0,321.0,32100.0,2024-02-08
2024020801038867,RFPL,58,18,400.0,320.1,128040.0,2024-02-08
2024020801038866,RFPL,58,48,10.0,320.0,3200.0,2024-02-08
2024020805008354,HRL,75,7,316.0,688.0,217408.0,2024-02-08
2024020805008353,HRL,10,7,750.0,688.0,516000.0,2024-02-08
2024020805008352,HRL,49,7,50.0,688.0,34400.0,2024-02-08
2024020805008351,HRL,45,7,40.0,688.0,27520.0,2024-02-08
2024020805008350,HRL,55,7,10.0,688.0,6880.0,2024-02-08
2024020805008349,HRL,52,7,300.0,688.0,206400.0,2024-02-08
2024020805008348,HRL,22,7,25.0,688.0,17200.0,2024-02-08
2024020805008347,HRL,28,7,100.0,688.0,68800.0,2024-02-08
2024020805008346,HRL,33,7,200.0,688.0,137600.0,2024-02-08
2024020805008345,HRL,38,7,40.0,688.0,27520.0,2024-02-08
2024020805008344,HRL,6,7,50.0,688.0,34400.0,2024-02-08
2024020805008343,HRL,55,7,119.0,688.0,81872.0,2024-02-08
2024020805008342,BBC,5,3,10.0,3738.0,37380.0,2024-02-08
2024020804011508,PRIN,81,5,100.0,810.6,81060.0,2024-02-08
2024020803006883,GRDBL,49,7,50.0,365.2,18260.0,2024-02-08
2024020804011507,AKJCL,55,7,384.0,229.0,87936.0,2024-02-08
2024020804011506,AKJCL,57,7,66.0,229.2,15127.2,2024-02-08
2024020804011505,AKJCL,48,7,50.0,229.5,11475.0,2024-02-08
2024020803006882,SFCL,49,43,590.0,309.0,182310.0,2024-02-08
2024020803006881,SFCL,49,56,10.0,308.9,3089.0,2024-02-08
2024020801038865,BGWT,1,56,10.0,615.0,6150.0,2024-02-08
2024020804011504,API,41,58,500.0,201.0,100500.0,2024-02-08
2024020804011503,API,41,21,400.0,201.0,80400.0,2024-02-08
2024020804011502,API,41,29,370.0,201.0,74370.0,2024-02-08
2024020804011501,API,41,34,1000.0,201.0,201000.0,2024-02-08
2024020804011500,API,41,42,299.0,201.0,60099.0,2024-02-08
2024020804011499,API,41,40,3000.0,200.9,602700.0,2024-02-08
2024020804011498,API,41,48,1396.0,200.8,280316.8,2024-02-08
2024020805008341,HRL,55,45,640.0,688.0,440320.0,2024-02-08
2024020801038864,MANDU,84,5,140.0,704.9,98686.0,2024-02-08
2024020801038863,MANDU,84,58,10.0,704.0,7040.0,2024-02-08
2024020801038862,MANDU,84,45,10.0,704.0,7040.0,2024-02-08
2024020801038861,MANDU,84,7,10.0,703.9,7039.0,2024-02-08
2024020801038860,MANDU,84,58,10.0,703.0,7030.0,2024-02-08
2024020801038859,MANDU,84,34,10.0,702.0,7020.0,2024-02-08
2024020801038858,MANDU,84,22,10.0,702.0,7020.0,2024-02-08
2024020805008340,HRL,40,45,100.0,688.2,68820.0,2024-02-08
2024020805008339,HRL,61,45,10.0,688.3,6883.0,2024-02-08
2024020804011497,UPPER,33,45,50.0,214.8,10740.0,2024-02-08
2024020805008338,HRL,55,45,50.0,688.6,34430.0,2024-02-08
2024020803006880,CBBL,28,51,30.0,859.0,25770.0,2024-02-08
2024020801038857,TVCL,17,33,694.0,597.0,414318.0,2024-02-08
2024020801038856,TVCL,17,56,30.0,597.0,17910.0,2024-02-08
2024020801038855,TVCL,17,49,10.0,596.9,5969.0,2024-02-08
2024020801038854,TVCL,17,5,30.0,596.7,17901.0,2024-02-08
2024020801038853,TVCL,17,29,20.0,596.7,11934.0,2024-02-08
2024020801038852,TVCL,17,32,30.0,596.7,17901.0,2024-02-08
2024020801038851,TVCL,17,45,20.0,596.7,11934.0,2024-02-08
2024020801038850,TVCL,17,26,20.0,596.0,11920.0,2024-02-08
2024020801038849,TVCL,17,57,20.0,596.0,11920.0,2024-02-08
2024020801038848,TVCL,17,53,20.0,596.0,11920.0,2024-02-08
2024020801038847,TVCL,17,45,20.0,596.0,11920.0,2024-02-08
2024020801038846,TVCL,17,38,100.0,596.0,59600.0,2024-02-08
2024020801038845,TVCL,17,41,30.0,595.5,17865.0,2024-02-08
2024020801038844,TVCL,17,22,20.0,595.0,11900.0,2024-02-08
2024020801038843,TVCL,17,29,20.0,595.0,11900.0,2024-02-08
2024020801038842,TVCL,17,22,30.0,595.0,17850.0,2024-02-08
2024020801038841,TVCL,17,54,30.0,595.0,17850.0,2024-02-08
2024020801038840,TVCL,17,4,20.0,595.0,11900.0,2024-02-08
