transaction,symbol,buyer,seller,quantity,rate,amount,date
2024120901017924,IHL,33,41,82.0,690.0,56580.0,2024-12-09
2024120901017923,IHL,33,71,500.0,689.9,344950.0,2024-12-09
2024120901017922,IHL,33,45,310.0,689.0,213590.0,2024-12-09
2024120901017921,IHL,33,38,108.0,688.0,74304.0,2024-12-09
2024120904015837,SICL,57,5,196.0,816.0,159936.0,2024-12-09
2024120901017920,RAWA,43,57,10.0,805.2,8052.0,2024-12-09
2024120903014987,SHINE,41,46,18.0,455.8,8204.4,2024-12-09
2024120903014986,SHINE,57,46,82.0,456.1,37400.2,2024-12-09
2024120903014985,MDB,32,59,10.0,761.4,7614.0,2024-12-09
2024120903014984,GRDBL,32,42,10.0,1007.1,10071.0,2024-12-09
2024120903014983,JFL,14,13,1000.0,920.0,920000.0,2024-12-09
2024120903014982,ACLBSL,8,26,10.0,1071.9,10719.0,2024-12-09
2024120904015836,MHNL,50,49,30.0,282.0,8460.0,2024-12-09
2024120904015835,MHNL,50,17,50.0,280.5,14025.0,2024-12-09
2024120904015834,MHNL,50,41,20.0,280.0,5600.0,2024-12-09
2024120903014981,JFL,14,19,150.0,920.0,138000.0,2024-12-09
2024120905014010,HDL,49,11,20.0,1381.0,27620.0,2024-12-09
2024120905014009,HDL,49,34,11.0,1381.0,15191.0,2024-12-09
2024120904015833,SJCL,49,49,225.0,364.1,81922.5,2024-12-09
2024120904015832,SJCL,8,49,25.0,364.2,9105.0,2024-12-09
2024120903014980,JFL,14,34,50.0,920.0,46000.0,2024-12-09
2024120903014979,NABBC,49,13,1100.0,1161.0,1277100.0,2024-12-09
2024120903014978,JFL,14,34,20.0,920.0,18400.0,2024-12-09
2024120904015831,AKPL,58,44,12.0,248.9,2986.8,2024-12-09
2024120901017919,KDL,58,58,100.0,1113.0,111300.0,2024-12-09
2024120901017918,MHCL,58,44,90.0,530.0,47700.0,2024-12-09
2024120901017917,MHCL,58,36,10.0,530.0,5300.0,2024-12-09
2024120901017916,RAWA,26,82,45.0,806.0,36270.0,2024-12-09
2024120904015830,SHEL,51,81,20.0,251.0,5020.0,2024-12-09
2024120904015829,SPIL,21,38,10.0,820.0,8200.0,2024-12-09
2024120903014977,JFL,14,38,60.0,920.0,55200.0,2024-12-09
2024120904015828,JOSHI,21,45,35.0,443.0,15505.0,2024-12-09
2024120903014976,RLFL,74,57,10.0,648.8,6488.0,2024-12-09
2024120901017915,SPC,58,36,17.0,528.0,8976.0,2024-12-09
2024120901017914,SPC,58,95,100.0,527.0,52700.0,2024-12-09
2024120901017913,SPC,58,91,300.0,525.0,157500.0,2024-12-09
2024120901017912,SPC,58,91,83.0,525.0,43575.0,2024-12-09
2024120905014008,MEL,53,45,201.0,316.0,63516.0,2024-12-09
2024120905014007,MEL,53,38,10.0,316.0,3160.0,2024-12-09
2024120905014006,MEL,53,26,789.0,316.0,249324.0,2024-12-09
2024120903014975,JFL,14,53,19.0,920.0,17480.0,2024-12-09
2024120905014005,SAHAS,28,58,10.0,489.0,4890.0,2024-12-09
2024120901017911,MBL,44,65,10.0,244.8,2448.0,2024-12-09
2024120901017910,PCBL,22,14,879.0,254.1,223353.9,2024-12-09
2024120901017909,PCBL,34,14,100.0,254.2,25420.0,2024-12-09
2024120901017908,PCBL,26,14,10.0,254.3,2543.0,2024-12-09
2024120901017907,PCBL,52,14,161.0,254.3,40942.3,2024-12-09
2024120903014974,JFL,14,57,60.0,920.0,55200.0,2024-12-09
2024120903014973,JFL,14,6,45.0,920.0,41400.0,2024-12-09
2024120903014972,JFL,14,49,45.0,920.0,41400.0,2024-12-09
2024120903014971,JFL,14,57,436.0,920.0,401120.0,2024-12-09
2024120903014970,JFL,14,57,10.0,920.0,9200.0,2024-12-09
2024120903014969,JFL,14,44,110.0,920.0,101200.0,2024-12-09
2024120903014968,JFL,14,26,298.0,920.0,274160.0,2024-12-09
2024120903014967,JFL,14,38,60.0,920.0,55200.0,2024-12-09
2024120903014966,JFL,14,38,200.0,920.0,184000.0,2024-12-09
2024120903014965,JFL,14,34,57.0,920.0,52440.0,2024-12-09
2024120903014964,JFL,14,34,300.0,920.0,276000.0,2024-12-09
2024120903014963,JFL,14,58,520.0,920.0,478400.0,2024-12-09
2024120903014962,JFL,14,41,100.0,920.0,92000.0,2024-12-09
2024120903014961,JFL,14,95,41.0,920.0,37720.0,2024-12-09
2024120904015827,DHPL,14,45,10.0,319.4,3194.0,2024-12-09
2024120903014960,PROFL,45,48,200.0,659.9,131980.0,2024-12-09
2024120901017906,MLBS,29,57,10.0,2169.8,21698.0,2024-12-09
2024120903014959,KRBL,71,3,10.0,832.0,8320.0,2024-12-09
2024120903014958,SAPDBL,71,89,10.0,1105.0,11050.0,2024-12-09
2024120903014957,SINDU,88,57,10.0,1010.0,10100.0,2024-12-09
2024120903014956,SMB,71,50,10.0,2815.0,28150.0,2024-12-09
2024120901017905,UHEWA,4,55,10.0,748.3,7483.0,2024-12-09
2024120903014955,BFC,65,50,80.0,784.9,62792.0,2024-12-09
2024120903014954,BFC,65,17,120.0,784.5,94140.0,2024-12-09
2024120901017904,MLBS,56,57,10.0,2169.8,21698.0,2024-12-09
2024120901017903,NYADI,16,36,110.0,338.0,37180.0,2024-12-09
2024120901017902,NYADI,58,36,10.0,339.9,3399.0,2024-12-09
2024120901017901,MCHL,7,16,10.0,573.0,5730.0,2024-12-09
2024120901017900,MKHC,45,35,10.0,497.1,4971.0,2024-12-09
2024120901017899,USHEC,65,25,10.0,585.0,5850.0,2024-12-09
2024120905014004,SHIVM,6,34,25.0,561.0,14025.0,2024-12-09
2024120904015826,SPDL,44,41,10.0,325.4,3254.0,2024-12-09
2024120901017898,RFPL,62,49,20.0,1030.0,20600.0,2024-12-09
2024120901017897,RFPL,62,38,450.0,1030.0,463500.0,2024-12-09
2024120901017896,RFPL,62,38,10.0,1030.0,10300.0,2024-12-09
2024120901017895,RFPL,62,14,10.0,1030.0,10300.0,2024-12-09
2024120901017894,RFPL,62,58,10.0,1030.0,10300.0,2024-12-09
2024120901017893,RFPL,62,41,10.0,1030.0,10300.0,2024-12-09
2024120901017892,RFPL,62,3,10.0,1030.0,10300.0,2024-12-09
2024120901017891,RFPL,62,45,10.0,1030.0,10300.0,2024-12-09
2024120901017890,RFPL,62,34,10.0,1030.0,10300.0,2024-12-09
2024120901017889,RFPL,62,42,10.0,1030.0,10300.0,2024-12-09
2024120901017888,RFPL,62,34,100.0,1029.0,102900.0,2024-12-09
2024120901017887,RFPL,62,33,10.0,1027.0,10270.0,2024-12-09
2024120901017886,RFPL,62,21,10.0,1025.0,10250.0,2024-12-09
2024120901017885,RFPL,62,47,10.0,1025.0,10250.0,2024-12-09
2024120901017884,RFPL,62,58,10.0,1025.0,10250.0,2024-12-09
2024120901017883,RFPL,62,56,10.0,1025.0,10250.0,2024-12-09
2024120901017882,RFPL,62,49,10.0,1025.0,10250.0,2024-12-09
2024120901017881,RFPL,62,42,10.0,1025.0,10250.0,2024-12-09
2024120901017880,RFPL,62,34,10.0,1025.0,10250.0,2024-12-09
2024120901017879,RFPL,62,11,10.0,1025.0,10250.0,2024-12-09
2024120901017878,RFPL,62,33,100.0,1024.5,102450.0,2024-12-09
2024120901017877,RFPL,62,58,10.0,1024.0,10240.0,2024-12-09
2024120901017876,RFPL,62,57,10.0,1024.0,10240.0,2024-12-09
2024120901017875,RFPL,62,35,10.0,1023.0,10230.0,2024-12-09
2024120901017874,RFPL,62,32,50.0,1022.0,51100.0,2024-12-09
2024120901017873,RFPL,62,84,80.0,1022.0,81760.0,2024-12-09
2024120903014953,GLBSL,62,39,10.0,2200.0,22000.0,2024-12-09
2024120903014952,GLBSL,62,34,80.0,2199.8,175984.0,2024-12-09
2024120903014951,MLBSL,70,82,60.0,2400.0,144000.0,2024-12-09
2024120901017872,MSHL,57,67,90.0,980.0,88200.0,2024-12-09
2024120901017871,NICA,57,34,400.0,405.0,162000.0,2024-12-09
2024120903014950,JFL,72,33,50.0,919.9,45995.0,2024-12-09
2024120904015825,DHPL,49,33,90.0,315.2,28368.0,2024-12-09
2024120904015824,DHPL,34,33,100.0,315.3,31530.0,2024-12-09
2024120904015823,DHPL,43,33,10.0,317.0,3170.0,2024-12-09
2024120901017870,KBL,59,7,100.0,217.0,21700.0,2024-12-09
2024120903014949,KMCDB,42,57,80.0,1109.9,88792.0,2024-12-09
2024120903014948,KMCDB,42,25,20.0,1109.0,22180.0,2024-12-09
2024120903014947,KMCDB,42,4,30.0,1108.0,33240.0,2024-12-09
2024120904015822,UPPER,19,17,468.0,212.0,99216.0,2024-12-09
2024120904015821,UPPER,33,17,50.0,212.0,10600.0,2024-12-09
2024120904015820,UPPER,29,17,1000.0,212.0,212000.0,2024-12-09
2024120904015819,UPPER,42,17,500.0,212.0,106000.0,2024-12-09
2024120904015818,UPPER,26,17,100.0,212.0,21200.0,2024-12-09
2024120904015817,UPPER,38,17,23.0,212.0,4876.0,2024-12-09
2024120904015816,UPPER,28,17,2000.0,212.1,424200.0,2024-12-09
2024120904015815,UPPER,21,17,450.0,212.1,95445.0,2024-12-09
2024120904015814,UPPER,38,17,100.0,212.1,21210.0,2024-12-09
2024120901017869,MMKJL,13,52,10.0,690.0,6900.0,2024-12-09
2024120904015813,UPPER,47,17,861.0,212.1,182618.1,2024-12-09
2024120904015812,UPPER,26,17,100.0,212.2,21220.0,2024-12-09
2024120904015811,UPPER,25,17,490.0,212.2,103978.0,2024-12-09
2024120904015810,UPPER,1,17,12.0,212.3,2547.6,2024-12-09
2024120904015809,UPPER,26,17,500.0,212.5,106250.0,2024-12-09
2024120904015808,UPPER,59,17,1000.0,212.5,212500.0,2024-12-09
2024120904015807,UPPER,45,17,450.0,212.5,95625.0,2024-12-09
2024120904015806,UPPER,49,17,100.0,212.5,21250.0,2024-12-09
2024120904015805,UPPER,21,17,190.0,212.5,40375.0,2024-12-09
2024120904015804,UPPER,54,17,1000.0,212.6,212600.0,2024-12-09
2024120904015803,UPPER,38,17,100.0,212.6,21260.0,2024-12-09
2024120904015802,UPPER,42,17,210.0,212.6,44646.0,2024-12-09
2024120904015801,UPPER,8,17,150.0,212.7,31905.0,2024-12-09
2024120904015800,UPPER,51,17,146.0,212.7,31054.2,2024-12-09
2024120903014946,JBBL,17,7,161.0,388.0,62468.0,2024-12-09
2024120903014945,JBBL,17,37,500.0,388.0,194000.0,2024-12-09
2024120903014944,JBBL,17,54,339.0,388.0,131532.0,2024-12-09
2024120904015799,KPCL,50,38,227.0,534.9,121422.3,2024-12-09
2024120904015798,KPCL,50,35,12.0,534.0,6408.0,2024-12-09
2024120904015797,KPCL,50,16,100.0,533.0,53300.0,2024-12-09
2024120904015796,KPCL,50,77,45.0,532.9,23980.5,2024-12-09
2024120904015795,KPCL,50,38,16.0,532.8,8524.8,2024-12-09
2024120904015794,UMRH,50,34,10.0,648.0,6480.0,2024-12-09
2024120903014943,BFC,72,17,10.0,784.5,7845.0,2024-12-09
2024120904015793,SPIL,34,50,10.0,835.0,8350.0,2024-12-09
2024120904015792,CGH,34,14,10.0,926.0,9260.0,2024-12-09
2024120903014942,SIFC,38,45,10.0,639.0,6390.0,2024-12-09
2024120903014941,HLI,38,44,22.0,460.0,10120.0,2024-12-09
2024120903014940,PFL,38,5,10.0,674.0,6740.0,2024-12-09
2024120903014939,NABBC,28,13,60.0,1161.0,69660.0,2024-12-09
2024120903014938,NABBC,28,48,240.0,1161.0,278640.0,2024-12-09
2024120904015791,UMHL,45,81,40.0,345.2,13808.0,2024-12-09
2024120904015790,UMHL,42,81,500.0,345.3,172650.0,2024-12-09
2024120904015789,UMHL,57,81,260.0,346.0,89960.0,2024-12-09
2024120903014937,SFCL,56,81,257.0,730.0,187610.0,2024-12-09
2024120903014936,SFCL,38,81,743.0,730.0,542390.0,2024-12-09
2024120903014935,NABBC,69,48,10.0,1161.0,11610.0,2024-12-09
2024120903014934,NLIC,69,67,326.0,796.0,259496.0,2024-12-09
2024120903014933,NLIC,69,21,31.0,795.0,24645.0,2024-12-09
2024120903014932,NLIC,69,7,46.0,795.0,36570.0,2024-12-09
2024120903014931,NLIC,69,38,160.0,795.0,127200.0,2024-12-09
2024120903014930,NLIC,69,16,150.0,794.9,119235.0,2024-12-09
2024120903014929,NLIC,69,32,74.0,794.9,58822.6,2024-12-09
2024120903014928,NLIC,69,42,160.0,793.9,127024.0,2024-12-09
2024120903014927,NLIC,69,14,53.0,793.0,42029.0,2024-12-09
2024120903014926,ACLBSL,74,26,10.0,1071.9,10719.0,2024-12-09
2024120903014925,ACLBSL,74,19,10.0,1071.9,10719.0,2024-12-09
2024120901017868,NWCL,71,7,10.0,1010.0,10100.0,2024-12-09
2024120903014924,CORBL,71,34,10.0,1693.0,16930.0,2024-12-09
2024120901017867,MLBS,14,64,10.0,2110.1,21101.0,2024-12-09
2024120901017866,NMB,44,51,32.0,241.9,7740.8,2024-12-09
2024120901017865,NMB,44,21,56.0,241.0,13496.0,2024-12-09
2024120901017864,NMB,44,41,202.0,241.0,48682.0,2024-12-09
2024120901017863,NMB,44,22,10.0,241.0,2410.0,2024-12-09
2024120903014923,ACLBSL,32,19,10.0,1071.9,10719.0,2024-12-09
2024120904015788,RHPL,48,14,70.0,468.0,32760.0,2024-12-09
2024120901017862,TVCL,45,53,100.0,510.0,51000.0,2024-12-09
2024120903014922,JFL,72,14,20.0,919.9,18398.0,2024-12-09
2024120901017861,MLBS,48,22,10.0,2169.0,21690.0,2024-12-09
2024120901017860,UNLB,70,46,10.0,2529.0,25290.0,2024-12-09
2024120903014921,ACLBSL,52,19,10.0,1071.9,10719.0,2024-12-09
2024120903014920,USLB,4,1,14.0,1540.0,21560.0,2024-12-09
2024120903014919,NADEP,58,44,10.0,994.0,9940.0,2024-12-09
2024120905014003,PHCL,65,57,20.0,553.3,11066.0,2024-12-09
2024120905014002,MBJC,58,26,782.0,360.0,281520.0,2024-12-09
2024120905014001,MBJC,58,37,10.0,360.0,3600.0,2024-12-09
2024120905014000,MBJC,58,34,10.0,360.0,3600.0,2024-12-09
2024120905013999,MBJC,58,1,40.0,360.0,14400.0,2024-12-09
2024120905013998,MBJC,58,41,90.0,360.0,32400.0,2024-12-09
2024120905013997,MBJC,58,19,40.0,360.0,14400.0,2024-12-09
2024120905013996,MBJC,58,36,10.0,360.0,3600.0,2024-12-09
2024120905013995,MBJC,58,45,10.0,360.0,3600.0,2024-12-09
2024120905013994,MBJC,58,42,10.0,360.0,3600.0,2024-12-09
2024120905013993,MBJC,58,41,90.0,360.0,32400.0,2024-12-09
2024120905013992,MBJC,58,45,40.0,360.0,14400.0,2024-12-09
2024120905013991,MBJC,58,53,40.0,360.0,14400.0,2024-12-09
2024120905013990,MBJC,58,42,10.0,360.0,3600.0,2024-12-09
2024120905013989,MBJC,58,6,90.0,360.0,32400.0,2024-12-09
2024120905013988,MBJC,58,55,90.0,360.0,32400.0,2024-12-09
2024120905013987,MBJC,58,89,10.0,360.0,3600.0,2024-12-09
2024120905013986,MBJC,58,35,40.0,360.0,14400.0,2024-12-09
2024120905013985,MBJC,58,58,10.0,360.0,3600.0,2024-12-09
2024120905013984,MBJC,58,42,10.0,359.9,3599.0,2024-12-09
2024120905013983,MBJC,58,49,10.0,359.9,3599.0,2024-12-09
2024120905013982,MBJC,58,1,215.0,359.0,77185.0,2024-12-09
2024120905013981,MBJC,58,14,50.0,359.0,17950.0,2024-12-09
2024120905013980,MBJC,58,1,30.0,359.0,10770.0,2024-12-09
2024120905013979,MBJC,58,34,50.0,359.0,17950.0,2024-12-09
2024120905013978,MBJC,58,49,250.0,358.0,89500.0,2024-12-09
2024120905013977,MBJC,58,34,90.0,358.0,32220.0,2024-12-09
2024120905013976,MBJC,58,58,50.0,358.0,17900.0,2024-12-09
2024120905013975,MBJC,58,16,220.0,358.0,78760.0,2024-12-09
2024120905013974,MBJC,58,44,90.0,357.9,32211.0,2024-12-09
2024120905013973,MBJC,58,35,50.0,357.9,17895.0,2024-12-09
2024120905013972,MBJC,58,49,20.0,357.5,7150.0,2024-12-09
2024120905013971,MBJC,58,41,50.0,357.0,17850.0,2024-12-09
2024120905013970,MBJC,58,7,90.0,357.0,32130.0,2024-12-09
2024120905013969,MBJC,58,58,253.0,357.0,90321.0,2024-12-09
2024120905013968,MBJC,58,1,50.0,356.5,17825.0,2024-12-09
2024120901017859,DOLTI,42,58,47.0,669.0,31443.0,2024-12-09
2024120901017858,DOLTI,48,58,53.0,669.0,35457.0,2024-12-09
2024120901017857,NYADI,58,45,10.0,340.0,3400.0,2024-12-09
2024120901017856,NABIL,49,36,20.0,510.0,10200.0,2024-12-09
2024120901017855,NABIL,35,36,50.0,510.0,25500.0,2024-12-09
2024120905013967,MEL,55,26,201.0,316.0,63516.0,2024-12-09
2024120905013966,MEL,55,44,50.0,315.9,15795.0,2024-12-09
2024120905013965,MEL,55,72,290.0,315.8,91582.0,2024-12-09
2024120905013964,MEL,55,50,259.0,315.8,81792.2,2024-12-09
2024120903014918,BFC,16,17,10.0,784.5,7845.0,2024-12-09
2024120904015787,SSHL,16,36,10.0,245.3,2453.0,2024-12-09
2024120904015786,UMRH,25,34,150.0,648.0,97200.0,2024-12-09
2024120903014917,NFS,43,6,58.0,1150.0,66700.0,2024-12-09
2024120903014916,NFS,57,6,42.0,1150.0,48300.0,2024-12-09
2024120903014915,SINDU,62,57,77.0,1010.0,77770.0,2024-12-09
2024120903014914,SINDU,62,72,100.0,1008.0,100800.0,2024-12-09
2024120903014913,SINDU,62,42,63.0,1005.0,63315.0,2024-12-09
2024120903014912,SINDU,62,52,20.0,1005.0,20100.0,2024-12-09
2024120903014911,RSDC,63,35,10.0,723.3,7233.0,2024-12-09
2024120905013963,PHCL,98,57,10.0,553.3,5533.0,2024-12-09
2024120904015785,SPIL,57,50,10.0,835.0,8350.0,2024-12-09
2024120904015784,SPIL,57,35,27.0,830.0,22410.0,2024-12-09
2024120904015783,SPIL,57,48,38.0,830.0,31540.0,2024-12-09
2024120903014910,GILB,1,34,10.0,1275.0,12750.0,2024-12-09
2024120901017854,GBIME,28,7,1480.0,221.0,327080.0,2024-12-09
2024120901017853,GBIME,45,7,20.0,221.2,4424.0,2024-12-09
2024120901017852,GBIME,26,7,100.0,221.2,22120.0,2024-12-09
2024120901017851,GBIME,58,7,100.0,221.3,22130.0,2024-12-09
2024120904015782,GLH,42,42,8000.0,250.0,2000000.0,2024-12-09
2024120903014909,BFC,42,17,200.0,784.5,156900.0,2024-12-09
2024120901017850,SGHC,13,45,10.0,463.0,4630.0,2024-12-09
2024120905013962,HRL,22,50,85.0,820.0,69700.0,2024-12-09
2024120905013961,HRL,54,50,55.0,820.0,45100.0,2024-12-09
2024120905013960,HRL,42,50,99.0,820.0,81180.0,2024-12-09
2024120905013959,HRL,53,50,100.0,820.0,82000.0,2024-12-09
2024120905013958,HRL,53,50,10.0,820.0,8200.0,2024-12-09
2024120905013957,HRL,39,50,20.0,820.0,16400.0,2024-12-09
2024120905013956,HRL,44,50,10.0,820.0,8200.0,2024-12-09
2024120905013955,HRL,55,50,60.0,820.0,49200.0,2024-12-09
2024120905013954,HRL,48,50,61.0,821.0,50081.0,2024-12-09
2024120903014908,SLBSL,72,22,10.0,1725.0,17250.0,2024-12-09
2024120905013953,NRIC,40,90,100.0,774.1,77410.0,2024-12-09
2024120903014907,SAPDBL,60,89,15.0,1105.0,16575.0,2024-12-09
2024120903014906,SMB,60,50,10.0,2815.0,28150.0,2024-12-09
2024120904015781,MEN,48,26,40.0,709.0,28360.0,2024-12-09
2024120903014905,JBBL,36,91,350.0,387.9,135765.0,2024-12-09
2024120905013952,MEL,34,50,10.0,315.8,3158.0,2024-12-09
2024120901017849,MLBS,34,22,10.0,2169.0,21690.0,2024-12-09
2024120904015780,CHL,34,16,10.0,413.6,4136.0,2024-12-09
2024120903014904,NFS,38,34,10.0,1150.1,11501.0,2024-12-09
2024120903014903,KRBL,38,3,68.0,832.0,56576.0,2024-12-09
2024120903014902,KRBL,38,49,10.0,832.0,8320.0,2024-12-09
2024120903014901,KRBL,38,94,50.0,831.9,41595.0,2024-12-09
2024120903014900,KRBL,38,51,60.0,831.0,49860.0,2024-12-09
2024120903014899,KRBL,38,3,500.0,830.0,415000.0,2024-12-09
2024120903014898,KRBL,38,22,80.0,830.0,66400.0,2024-12-09
2024120903014897,KRBL,38,48,352.0,830.0,292160.0,2024-12-09
2024120903014896,KRBL,38,94,380.0,829.0,315020.0,2024-12-09
2024120903014895,NMFBS,81,21,34.0,1330.0,45220.0,2024-12-09
2024120903014894,NMFBS,81,20,15.0,1329.0,19935.0,2024-12-09
2024120903014893,NMFBS,81,34,30.0,1329.0,39870.0,2024-12-09
2024120903014892,NMFBS,81,11,50.0,1329.0,66450.0,2024-12-09
2024120903014891,NMFBS,81,45,371.0,1306.2,484600.2,2024-12-09
2024120901017848,PRVU,38,21,62.0,224.5,13919.0,2024-12-09
2024120901017847,PRVU,38,34,40.0,224.5,8980.0,2024-12-09
2024120901017846,PRVU,38,58,32.0,224.5,7184.0,2024-12-09
2024120901017845,PRVU,38,45,100.0,224.0,22400.0,2024-12-09
2024120901017844,PRVU,38,5,266.0,224.0,59584.0,2024-12-09
2024120905013951,HATHY,69,32,16.0,1414.0,22624.0,2024-12-09
2024120905013950,HATHY,69,55,100.0,1414.0,141400.0,2024-12-09
2024120905013949,HATHY,69,35,40.0,1410.0,56400.0,2024-12-09
2024120905013948,HATHY,69,58,100.0,1410.0,141000.0,2024-12-09
2024120905013947,HATHY,69,48,54.0,1410.0,76140.0,2024-12-09
2024120903014890,LICN,37,49,10.0,1298.1,12981.0,2024-12-09
2024120901017843,CKHL,14,8,10.0,690.0,6900.0,2024-12-09
2024120901017842,CKHL,14,52,10.0,690.0,6900.0,2024-12-09
2024120901017841,CKHL,14,74,41.0,689.8,28281.8,2024-12-09
2024120904015779,AKJCL,53,28,20.0,212.0,4240.0,2024-12-09
2024120901017840,MCHL,45,16,10.0,573.0,5730.0,2024-12-09
2024120903014889,NADEP,65,45,150.0,985.0,147750.0,2024-12-09
2024120901017839,SARBTM,63,45,924.0,749.0,692076.0,2024-12-09
2024120901017838,SARBTM,58,45,25.0,749.0,18725.0,2024-12-09
2024120901017837,SARBTM,17,45,500.0,750.0,375000.0,2024-12-09
2024120901017836,SARBTM,55,45,251.0,750.0,188250.0,2024-12-09
2024120904015778,JOSHI,22,52,200.0,442.9,88580.0,2024-12-09
2024120904015777,JOSHI,22,50,1102.0,440.0,484880.0,2024-12-09
2024120904015776,JOSHI,22,39,150.0,440.0,66000.0,2024-12-09
2024120904015775,JOSHI,22,34,200.0,440.0,88000.0,2024-12-09
2024120904015774,JOSHI,22,6,100.0,440.0,44000.0,2024-12-09
2024120904015773,JOSHI,22,28,100.0,440.0,44000.0,2024-12-09
2024120904015772,JOSHI,22,57,33.0,440.0,14520.0,2024-12-09
2024120904015771,JOSHI,22,1,20.0,435.0,8700.0,2024-12-09
2024120904015770,JOSHI,22,57,50.0,435.0,21750.0,2024-12-09
2024120904015769,JOSHI,22,34,615.0,435.0,267525.0,2024-12-09
2024120904015768,JOSHI,22,32,642.0,434.9,279205.8,2024-12-09
2024120901017835,LSL,22,6,10.0,236.0,2360.0,2024-12-09
2024120904015767,AKPL,22,44,10.0,248.9,2489.0,2024-12-09
2024120903014888,NFS,48,39,130.0,1151.0,149630.0,2024-12-09
2024120903014887,NFS,45,39,90.0,1153.0,103770.0,2024-12-09
2024120904015766,KKHC,39,17,129.0,432.9,55844.1,2024-12-09
2024120904015765,KKHC,39,17,200.0,432.9,86580.0,2024-12-09
2024120904015764,KKHC,39,20,586.0,432.9,253679.4,2024-12-09
2024120904015763,KKHC,39,45,20.0,432.9,8658.0,2024-12-09
2024120904015762,KKHC,39,28,209.0,432.9,90476.1,2024-12-09
2024120904015761,KKHC,39,28,1615.0,432.9,699133.5,2024-12-09
2024120904015760,KKHC,39,45,80.0,432.9,34632.0,2024-12-09
2024120904015759,KKHC,39,26,500.0,432.9,216450.0,2024-12-09
2024120904015758,KKHC,39,37,20.0,432.9,8658.0,2024-12-09
2024120904015757,KKHC,39,5,10.0,432.9,4329.0,2024-12-09
2024120904015756,KKHC,39,41,50.0,432.9,21645.0,2024-12-09
2024120904015755,KKHC,39,45,100.0,432.9,43290.0,2024-12-09
2024120904015754,KKHC,39,6,100.0,432.9,43290.0,2024-12-09
2024120904015753,KKHC,39,38,26.0,432.9,11255.4,2024-12-09
2024120904015752,KKHC,39,38,10.0,432.9,4329.0,2024-12-09
2024120904015751,KKHC,39,51,20.0,432.9,8658.0,2024-12-09
2024120904015750,KKHC,39,62,2000.0,432.8,865600.0,2024-12-09
2024120904015749,KKHC,39,13,50.0,432.0,21600.0,2024-12-09
2024120904015748,KKHC,39,58,100.0,432.0,43200.0,2024-12-09
2024120904015747,KKHC,39,56,50.0,432.0,21600.0,2024-12-09
2024120904015746,KKHC,39,41,100.0,432.0,43200.0,2024-12-09
2024120904015745,KKHC,39,57,100.0,432.0,43200.0,2024-12-09
2024120904015744,KKHC,39,59,300.0,432.0,129600.0,2024-12-09
2024120904015743,KKHC,39,13,10.0,432.0,4320.0,2024-12-09
2024120904015742,KKHC,39,26,500.0,432.0,216000.0,2024-12-09
2024120904015741,KKHC,39,14,100.0,432.0,43200.0,2024-12-09
2024120904015740,KKHC,39,45,50.0,432.0,21600.0,2024-12-09
2024120904015739,KKHC,39,58,24.0,432.0,10368.0,2024-12-09
2024120904015738,KKHC,39,58,150.0,432.0,64800.0,2024-12-09
2024120904015737,KKHC,39,35,1000.0,432.0,432000.0,2024-12-09
2024120904015736,KKHC,39,14,10.0,432.0,4320.0,2024-12-09
2024120904015735,KKHC,39,58,10.0,432.0,4320.0,2024-12-09
2024120904015734,KKHC,39,45,200.0,432.0,86400.0,2024-12-09
2024120904015733,KKHC,39,22,10.0,432.0,4320.0,2024-12-09
2024120904015732,KKHC,39,52,150.0,432.0,64800.0,2024-12-09
2024120904015731,KKHC,39,58,113.0,432.0,48816.0,2024-12-09
2024120904015730,KKHC,39,57,80.0,432.0,34560.0,2024-12-09
2024120904015729,KKHC,39,49,50.0,432.0,21600.0,2024-12-09
2024120904015728,KKHC,39,41,100.0,431.0,43100.0,2024-12-09
2024120904015727,KKHC,39,44,50.0,430.0,21500.0,2024-12-09
2024120904015726,KKHC,39,49,330.0,430.0,141900.0,2024-12-09
2024120904015725,KKHC,39,8,70.0,430.0,30100.0,2024-12-09
2024120904015724,KKHC,39,42,1078.0,430.0,463540.0,2024-12-09
2024120904015723,KKHC,39,21,100.0,430.0,43000.0,2024-12-09
2024120904015722,KKHC,39,34,1500.0,430.0,645000.0,2024-12-09
2024120904015721,KKHC,39,75,10.0,430.0,4300.0,2024-12-09
2024120904015720,KKHC,39,51,10.0,430.0,4300.0,2024-12-09
2024120904015719,KKHC,39,17,434.0,430.0,186620.0,2024-12-09
2024120904015718,KKHC,39,47,100.0,430.0,43000.0,2024-12-09
2024120904015717,KKHC,39,17,468.0,430.0,201240.0,2024-12-09
2024120904015716,KKHC,39,50,156.0,430.0,67080.0,2024-12-09
2024120904015715,KKHC,39,45,80.0,430.0,34400.0,2024-12-09
2024120904015714,KKHC,39,17,170.0,428.0,72760.0,2024-12-09
2024120904015713,KKHC,39,14,20.0,427.9,8558.0,2024-12-09
2024120904015712,KKHC,39,29,10.0,427.9,4279.0,2024-12-09
2024120904015711,KKHC,39,58,20.0,426.0,8520.0,2024-12-09
2024120904015710,KKHC,39,41,100.0,425.0,42500.0,2024-12-09
2024120904015709,KKHC,39,59,345.0,425.0,146625.0,2024-12-09
2024120904015708,KKHC,39,53,100.0,425.0,42500.0,2024-12-09
2024120904015707,KKHC,39,45,10.0,425.0,4250.0,2024-12-09
2024120904015706,KKHC,39,44,50.0,425.0,21250.0,2024-12-09
2024120904015705,KKHC,39,58,30.0,424.7,12741.0,2024-12-09
2024120904015704,KKHC,39,11,100.0,424.5,42450.0,2024-12-09
2024120904015703,KKHC,39,43,20.0,424.5,8490.0,2024-12-09
2024120904015702,KKHC,39,33,10.0,424.5,4245.0,2024-12-09
2024120904015701,KKHC,39,42,250.0,424.5,106125.0,2024-12-09
2024120904015700,KKHC,39,34,100.0,424.5,42450.0,2024-12-09
2024120904015699,KKHC,39,34,100.0,424.5,42450.0,2024-12-09
2024120904015698,KKHC,39,34,146.0,424.5,61977.0,2024-12-09
2024120904015697,KKHC,39,29,990.0,424.5,420255.0,2024-12-09
2024120904015696,KKHC,39,49,50.0,424.5,21225.0,2024-12-09
2024120904015695,KKHC,39,6,60.0,424.5,25470.0,2024-12-09
2024120904015694,KKHC,39,51,54.0,424.5,22923.0,2024-12-09
2024120904015693,KKHC,39,38,20.0,424.5,8490.0,2024-12-09
2024120904015692,KKHC,39,58,500.0,424.5,212250.0,2024-12-09
2024120904015691,KKHC,39,58,1000.0,424.5,424500.0,2024-12-09
2024120904015690,KKHC,39,41,40.0,424.5,16980.0,2024-12-09
2024120904015689,KKHC,39,50,100.0,424.5,42450.0,2024-12-09
2024120904015688,KKHC,39,19,100.0,424.5,42450.0,2024-12-09
2024120904015687,KKHC,39,45,50.0,424.5,21225.0,2024-12-09
2024120904015686,KKHC,39,14,100.0,424.5,42450.0,2024-12-09
2024120904015685,KKHC,39,38,100.0,424.5,42450.0,2024-12-09
2024120904015684,KKHC,39,37,1000.0,424.5,424500.0,2024-12-09
2024120904015683,KKHC,39,45,270.0,424.5,114615.0,2024-12-09
2024120904015682,KKHC,39,22,10.0,424.5,4245.0,2024-12-09
2024120904015681,KKHC,39,66,300.0,424.5,127350.0,2024-12-09
2024120904015680,KKHC,39,22,105.0,424.5,44572.5,2024-12-09
2024120904015679,KKHC,39,52,100.0,424.5,42450.0,2024-12-09
2024120904015678,KKHC,39,58,268.0,424.5,113766.0,2024-12-09
2024120904015677,KKHC,39,59,20.0,424.5,8490.0,2024-12-09
2024120904015676,KKHC,39,36,750.0,424.5,318375.0,2024-12-09
2024120904015675,KKHC,39,35,20.0,424.5,8490.0,2024-12-09
2024120904015674,KKHC,39,50,270.0,424.5,114615.0,2024-12-09
2024120904015673,KKHC,39,13,80.0,424.5,33960.0,2024-12-09
2024120904015672,KKHC,39,35,10.0,424.5,4245.0,2024-12-09
2024120904015671,KKHC,39,44,100.0,424.5,42450.0,2024-12-09
2024120904015670,KKHC,39,54,50.0,424.5,21225.0,2024-12-09
2024120904015669,KKHC,39,58,100.0,424.5,42450.0,2024-12-09
2024120904015668,KKHC,39,32,100.0,424.5,42450.0,2024-12-09
2024120904015667,KKHC,39,35,275.0,424.5,116737.5,2024-12-09
2024120904015666,KKHC,39,58,100.0,424.5,42450.0,2024-12-09
2024120904015665,KKHC,39,16,100.0,424.5,42450.0,2024-12-09
2024120904015664,KKHC,39,58,100.0,424.5,42450.0,2024-12-09
2024120904015663,KKHC,39,58,200.0,424.5,84900.0,2024-12-09
2024120904015662,KKHC,39,19,190.0,424.5,80655.0,2024-12-09
2024120904015661,KKHC,39,36,200.0,424.5,84900.0,2024-12-09
2024120904015660,KKHC,39,56,200.0,424.5,84900.0,2024-12-09
2024120904015659,KKHC,39,49,121.0,424.5,51364.5,2024-12-09
2024120904015658,KKHC,39,32,500.0,424.5,212250.0,2024-12-09
2024120904015657,KKHC,39,47,250.0,424.5,106125.0,2024-12-09
2024120904015656,KKHC,39,52,50.0,424.5,21225.0,2024-12-09
2024120904015655,KKHC,39,21,95.0,424.5,40327.5,2024-12-09
2024120904015654,KKHC,39,65,500.0,424.5,212250.0,2024-12-09
2024120904015653,KKHC,39,16,16.0,424.5,6792.0,2024-12-09
2024120904015652,KKHC,39,33,700.0,424.5,297150.0,2024-12-09
2024120904015651,KKHC,39,45,500.0,424.5,212250.0,2024-12-09
2024120904015650,KKHC,39,58,65.0,424.5,27592.5,2024-12-09
2024120904015649,KKHC,39,21,20.0,424.5,8490.0,2024-12-09
2024120904015648,KKHC,39,58,100.0,424.5,42450.0,2024-12-09
2024120904015647,KKHC,39,35,76.0,424.5,32262.0,2024-12-09
2024120904015646,KKHC,39,58,100.0,424.5,42450.0,2024-12-09
2024120904015645,KKHC,39,19,50.0,424.5,21225.0,2024-12-09
2024120904015644,KKHC,39,42,680.0,424.5,288660.0,2024-12-09
2024120904015643,KKHC,39,49,10.0,424.5,4245.0,2024-12-09
2024120904015642,KKHC,39,56,130.0,424.5,55185.0,2024-12-09
2024120904015641,KKHC,39,42,1000.0,424.5,424500.0,2024-12-09
2024120904015640,KKHC,39,38,800.0,424.5,339600.0,2024-12-09
2024120904015639,KKHC,39,8,100.0,424.5,42450.0,2024-12-09
2024120904015638,KKHC,39,58,130.0,424.5,55185.0,2024-12-09
2024120904015637,KKHC,39,58,1026.0,424.5,435537.0,2024-12-09
2024120904015636,KKHC,39,58,2974.0,424.5,1262463.0,2024-12-09
2024120904015635,KKHC,39,26,50.0,424.5,21225.0,2024-12-09
2024120904015634,KKHC,39,41,70.0,424.5,29715.0,2024-12-09
2024120904015633,KKHC,39,48,100.0,424.5,42450.0,2024-12-09
2024120904015632,KKHC,39,17,1000.0,424.5,424500.0,2024-12-09
2024120904015631,KKHC,39,41,155.0,424.5,65797.5,2024-12-09
2024120904015630,KKHC,39,48,200.0,424.5,84900.0,2024-12-09
2024120904015629,KKHC,39,48,150.0,424.5,63675.0,2024-12-09
2024120904015628,KKHC,39,71,5301.0,424.5,2250274.5,2024-12-09
2024120903014886,MLBSL,64,64,100.0,2431.0,243100.0,2024-12-09
2024120903014885,MLBSL,64,64,10.0,2384.0,23840.0,2024-12-09
2024120903014884,MLBSL,64,46,10.0,2315.4,23154.0,2024-12-09
2024120903014883,MLBSL,64,55,111.0,2312.3,256665.3,2024-12-09
2024120903014882,MLBSL,64,25,65.0,2312.0,150280.0,2024-12-09
2024120903014881,MLBSL,64,52,44.0,2281.0,100364.0,2024-12-09
2024120903014880,MLBSL,64,41,50.0,2276.6,113830.0,2024-12-09
2024120903014879,MLBSL,64,29,30.0,2270.0,68100.0,2024-12-09
2024120903014878,MLBSL,64,38,100.0,2270.0,227000.0,2024-12-09
2024120903014877,MLBSL,64,48,100.0,2268.0,226800.0,2024-12-09
2024120903014876,MLBSL,64,41,90.0,2266.0,203940.0,2024-12-09
2024120903014875,MLBSL,64,29,10.0,2263.3,22633.0,2024-12-09
2024120903014874,MLBSL,64,57,70.0,2260.0,158200.0,2024-12-09
2024120904015627,NGPL,19,64,475.0,282.3,134092.5,2024-12-09
2024120904015626,NGPL,54,64,50.0,282.4,14120.0,2024-12-09
2024120904015625,NGPL,48,64,375.0,282.4,105900.0,2024-12-09
2024120904015624,NGPL,37,64,100.0,282.5,28250.0,2024-12-09
2024120903014873,JFL,72,6,1000.0,919.9,919900.0,2024-12-09
2024120901017834,BEDC,3,36,120.0,570.0,68400.0,2024-12-09
2024120905013946,HDL,57,56,161.0,1380.0,222180.0,2024-12-09
2024120905013945,HDL,17,56,89.0,1380.0,122820.0,2024-12-09
2024120905013944,ENL,58,55,300.0,1316.0,394800.0,2024-12-09
2024120904015623,AKPL,50,25,693.0,248.0,171864.0,2024-12-09
2024120903014872,SMB,1,25,22.0,2805.0,61710.0,2024-12-09
2024120901017833,MHCL,38,41,60.0,527.2,31632.0,2024-12-09
2024120901017832,MHCL,38,41,100.0,527.2,52720.0,2024-12-09
2024120901017831,MHCL,94,41,20.0,527.2,10544.0,2024-12-09
2024120901017830,MHCL,66,41,200.0,528.0,105600.0,2024-12-09
2024120901017829,MHCL,47,41,100.0,529.0,52900.0,2024-12-09
2024120905013943,SMATA,57,36,20.0,846.0,16920.0,2024-12-09
2024120905013942,SMATA,19,36,14.0,846.1,11845.4,2024-12-09
2024120905013941,SMATA,19,36,15.0,846.4,12696.0,2024-12-09
2024120905013940,SMATA,48,36,50.0,846.5,42325.0,2024-12-09
2024120905013939,SMATA,52,36,40.0,846.5,33860.0,2024-12-09
2024120905013938,SMATA,3,36,48.0,846.6,40636.8,2024-12-09
2024120903014871,GRDBL,46,41,10.0,1024.0,10240.0,2024-12-09
2024120901017828,DLBS,57,45,10.0,1595.0,15950.0,2024-12-09
2024120904015622,GLH,43,42,322.0,250.0,80500.0,2024-12-09
2024120904015621,GLH,43,25,78.0,250.0,19500.0,2024-12-09
2024120904015620,AKJCL,42,89,1000.0,211.9,211900.0,2024-12-09
2024120901017827,SIKLES,77,77,91.0,794.0,72254.0,2024-12-09
2024120901017826,SIKLES,77,35,109.0,793.9,86535.1,2024-12-09
2024120901017825,SIKLES,77,29,100.0,793.0,79300.0,2024-12-09
2024120901017824,SRLI,87,77,15.0,430.0,6450.0,2024-12-09
2024120904015619,MHNL,48,19,200.0,278.0,55600.0,2024-12-09
2024120905013937,SBCF,84,49,1850.0,9.72,17982.0,2024-12-09
2024120901017823,DLBS,49,45,10.0,1595.0,15950.0,2024-12-09
2024120901017822,EBL,81,38,10.0,590.0,5900.0,2024-12-09
2024120901017821,EBL,81,41,100.0,588.4,58840.0,2024-12-09
2024120901017820,EBL,81,11,10.0,587.9,5879.0,2024-12-09
2024120901017819,EBL,81,11,20.0,587.9,11758.0,2024-12-09
2024120901017818,EBL,81,42,100.0,587.8,58780.0,2024-12-09
2024120903014870,JFL,72,81,1600.0,919.9,1471840.0,2024-12-09
2024120903014869,DDBL,34,38,10.0,875.0,8750.0,2024-12-09
2024120905013936,NRM,34,42,10.0,454.0,4540.0,2024-12-09
2024120905013935,NRN,38,64,10.0,1182.0,11820.0,2024-12-09
2024120905013934,NRM,44,20,105.0,453.8,47649.0,2024-12-09
2024120905013933,NRM,44,58,10.0,453.0,4530.0,2024-12-09
2024120905013932,NRM,44,42,10.0,453.0,4530.0,2024-12-09
2024120905013931,NRM,44,26,10.0,453.0,4530.0,2024-12-09
2024120905013930,NRM,44,81,495.0,452.8,224136.0,2024-12-09
2024120905013929,NRM,44,11,200.0,452.0,90400.0,2024-12-09
2024120905013928,NRM,44,44,50.0,451.7,22585.0,2024-12-09
2024120905013927,NRM,44,58,10.0,450.0,4500.0,2024-12-09
2024120905013926,NRM,44,38,10.0,450.0,4500.0,2024-12-09
2024120905013925,NRM,44,55,10.0,450.0,4500.0,2024-12-09
2024120905013924,NRM,44,35,10.0,450.0,4500.0,2024-12-09
2024120905013923,NRM,44,58,10.0,450.0,4500.0,2024-12-09
2024120905013922,NRM,44,42,10.0,450.0,4500.0,2024-12-09
2024120905013921,NRM,44,57,50.0,450.0,22500.0,2024-12-09
2024120905013920,NRM,44,21,10.0,450.0,4500.0,2024-12-09
2024120904015618,RHPL,48,32,574.0,468.0,268632.0,2024-12-09
2024120904015617,RHPL,48,32,426.0,468.0,199368.0,2024-12-09
2024120903014868,RLFL,22,57,118.0,648.8,76558.4,2024-12-09
2024120903014867,RLFL,22,58,60.0,648.0,38880.0,2024-12-09
2024120903014866,RLFL,22,34,10.0,647.7,6477.0,2024-12-09
2024120903014865,RLFL,22,35,130.0,647.0,84110.0,2024-12-09
2024120903014864,RLFL,22,44,10.0,647.0,6470.0,2024-12-09
2024120903014863,RLFL,22,47,50.0,646.6,32330.0,2024-12-09
2024120903014862,RLFL,22,28,20.0,646.0,12920.0,2024-12-09
2024120903014861,RLFL,22,58,64.0,646.0,41344.0,2024-12-09
2024120903014860,RLFL,22,38,80.0,645.0,51600.0,2024-12-09
2024120903014859,RLFL,22,41,123.0,642.0,78966.0,2024-12-09
2024120903014858,BFC,39,17,100.0,784.5,78450.0,2024-12-09
2024120901017817,CZBIL,45,53,25.0,216.0,5400.0,2024-12-09
2024120901017816,CZBIL,18,53,1000.0,216.0,216000.0,2024-12-09
2024120901017815,CZBIL,38,53,100.0,216.0,21600.0,2024-12-09
2024120901017814,CZBIL,57,53,200.0,216.0,43200.0,2024-12-09
2024120901017813,CZBIL,53,53,15.0,216.0,3240.0,2024-12-09
2024120901017812,CZBIL,52,53,100.0,216.0,21600.0,2024-12-09
2024120901017811,CZBIL,49,53,30.0,216.0,6480.0,2024-12-09
2024120901017810,CZBIL,17,53,164.0,216.1,35440.4,2024-12-09
2024120901017809,NABIL,55,56,21.0,510.0,10710.0,2024-12-09
2024120901017808,UHEWA,82,55,10.0,739.5,7395.0,2024-12-09
2024120903014857,SFCL,35,22,40.0,731.0,29240.0,2024-12-09
2024120901017807,TSHL,35,69,10.0,887.9,8879.0,2024-12-09
2024120905013919,HATHY,22,48,10.0,1410.0,14100.0,2024-12-09
2024120903014856,LICN,19,80,50.0,1272.2,63610.0,2024-12-09
2024120903014855,LICN,80,80,200.0,1272.9,254580.0,2024-12-09
2024120903014854,LICN,34,80,50.0,1273.1,63655.0,2024-12-09
2024120903014853,LICN,58,80,50.0,1273.1,63655.0,2024-12-09
2024120903014852,LICN,35,80,100.0,1273.2,127320.0,2024-12-09
2024120903014851,LICN,43,80,30.0,1273.3,38199.0,2024-12-09
2024120903014850,LICN,7,80,20.0,1275.0,25500.0,2024-12-09
2024120901017806,RAWA,35,58,100.0,805.7,80570.0,2024-12-09
2024120903014849,NLIC,75,13,10.0,793.0,7930.0,2024-12-09
2024120905013918,NRM,53,13,145.0,441.1,63959.5,2024-12-09
2024120903014848,PROFL,13,48,100.0,659.9,65990.0,2024-12-09
2024120905013917,HDL,45,42,10.0,1380.0,13800.0,2024-12-09
2024120905013916,HDL,48,42,90.0,1380.0,124200.0,2024-12-09
2024120901017805,MSHL,17,55,50.0,973.5,48675.0,2024-12-09
2024120904015616,UMHL,42,67,24.0,346.1,8306.4,2024-12-09
2024120905013915,SHIVM,42,34,20.0,561.0,11220.0,2024-12-09
2024120904015615,HDHPC,4,50,2000.0,208.0,416000.0,2024-12-09
2024120901017804,NABIL,55,19,25.0,510.0,12750.0,2024-12-09
2024120903014847,SINDU,86,52,10.0,1005.0,10050.0,2024-12-09
2024120901017803,TAMOR,26,91,10.0,537.0,5370.0,2024-12-09
2024120903014846,EDBL,48,62,200.0,678.0,135600.0,2024-12-09
2024120901017802,TAMOR,52,91,10.0,537.0,5370.0,2024-12-09
2024120903014845,LICN,35,49,10.0,1298.1,12981.0,2024-12-09
2024120904015614,CHCL,22,94,50.0,565.0,28250.0,2024-12-09
2024120903014844,PROFL,46,48,150.0,659.9,98985.0,2024-12-09
2024120905013914,PHCL,36,57,10.0,553.3,5533.0,2024-12-09
2024120904015613,KKHC,8,71,500.0,424.5,212250.0,2024-12-09
2024120901017801,USHL,13,94,10.0,774.0,7740.0,2024-12-09
2024120903014843,SADBL,17,85,85.0,441.0,37485.0,2024-12-09
2024120905013913,NIFRA,42,48,67.0,254.5,17051.5,2024-12-09
2024120905013912,MEL,55,21,500.0,312.1,156050.0,2024-12-09
2024120901017800,SMHL,65,69,35.0,1031.0,36085.0,2024-12-09
2024120901017799,SMHL,16,69,15.0,1032.0,15480.0,2024-12-09
2024120905013911,NRN,58,58,200.0,1205.0,241000.0,2024-12-09
2024120905013910,NRN,58,42,10.0,1137.3,11373.0,2024-12-09
2024120905013909,NRN,58,41,200.0,1137.0,227400.0,2024-12-09
2024120905013908,NRN,58,16,500.0,1132.2,566100.0,2024-12-09
2024120905013907,NRN,58,58,500.0,1132.2,566100.0,2024-12-09
2024120905013906,NRN,58,37,10.0,1132.2,11322.0,2024-12-09
2024120905013905,NRN,58,48,2000.0,1132.2,2264400.0,2024-12-09
2024120905013904,NRN,58,41,95.0,1132.2,107559.0,2024-12-09
2024120905013903,NRN,58,47,50.0,1132.0,56600.0,2024-12-09
2024120905013902,NRN,58,42,500.0,1132.0,566000.0,2024-12-09
2024120905013901,NRN,58,6,500.0,1132.0,566000.0,2024-12-09
2024120905013900,NRN,58,65,50.0,1132.0,56600.0,2024-12-09
2024120905013899,NRN,58,48,1000.0,1132.0,1132000.0,2024-12-09
2024120905013898,NRN,58,45,10.0,1132.0,11320.0,2024-12-09
2024120905013897,NRN,58,58,100.0,1132.0,113200.0,2024-12-09
2024120905013896,NRN,58,45,20.0,1132.0,22640.0,2024-12-09
2024120905013895,NRN,58,17,500.0,1131.0,565500.0,2024-12-09
2024120905013894,NRN,58,58,200.0,1131.0,226200.0,2024-12-09
2024120905013893,NRN,58,64,50.0,1130.2,56510.0,2024-12-09
2024120905013892,NRN,58,17,10.0,1130.2,11302.0,2024-12-09
2024120905013891,NRN,58,40,560.0,1130.0,632800.0,2024-12-09
2024120905013890,NRN,58,57,500.0,1130.0,565000.0,2024-12-09
2024120905013889,NRN,58,19,10.0,1130.0,11300.0,2024-12-09
2024120905013888,NRN,58,34,200.0,1129.4,225880.0,2024-12-09
2024120905013887,NRN,58,95,200.0,1129.4,225880.0,2024-12-09
2024120905013886,NRN,58,55,50.0,1129.0,56450.0,2024-12-09
2024120905013885,NRN,58,64,2300.0,1129.0,2596700.0,2024-12-09
2024120905013884,NRN,58,25,50.0,1129.0,56450.0,2024-12-09
2024120905013883,NRN,58,67,1500.0,1127.1,1690650.0,2024-12-09
2024120905013882,NRN,58,16,500.0,1127.0,563500.0,2024-12-09
2024120905013881,NRN,58,21,100.0,1127.0,112700.0,2024-12-09
2024120905013880,NRN,58,49,100.0,1126.0,112600.0,2024-12-09
2024120905013879,NRN,58,72,462.0,1126.0,520212.0,2024-12-09
2024120905013878,NRN,58,36,10.0,1125.0,11250.0,2024-12-09
2024120905013877,NRN,58,64,1300.0,1125.0,1462500.0,2024-12-09
2024120905013876,NRN,58,62,500.0,1125.0,562500.0,2024-12-09
2024120905013875,NRN,58,34,10.0,1125.0,11250.0,2024-12-09
2024120905013874,NRN,58,38,10.0,1125.0,11250.0,2024-12-09
2024120905013873,NRN,58,57,200.0,1124.1,224820.0,2024-12-09
2024120905013872,NRN,58,5,10.0,1122.0,11220.0,2024-12-09
2024120905013871,NRN,58,39,1500.0,1122.0,1683000.0,2024-12-09
2024120905013870,NRN,58,64,1000.0,1122.0,1122000.0,2024-12-09
2024120905013869,NRN,58,42,440.0,1122.0,493680.0,2024-12-09
2024120905013868,NRN,58,66,400.0,1120.9,448360.0,2024-12-09
2024120905013867,NRN,58,29,500.0,1120.0,560000.0,2024-12-09
2024120905013866,NRN,58,49,11.0,1120.0,12320.0,2024-12-09
2024120905013865,NRN,58,52,50.0,1120.0,56000.0,2024-12-09
2024120905013864,NRN,58,45,100.0,1120.0,112000.0,2024-12-09
2024120905013863,NRN,58,62,1000.0,1119.0,1119000.0,2024-12-09
2024120905013862,NRN,58,44,10.0,1117.0,11170.0,2024-12-09
2024120905013861,NRN,58,21,10.0,1115.0,11150.0,2024-12-09
2024120905013860,NRN,58,32,10.0,1115.0,11150.0,2024-12-09
2024120905013859,NRN,58,4,300.0,1115.0,334500.0,2024-12-09
2024120905013858,NRN,58,41,10.0,1115.0,11150.0,2024-12-09
2024120905013857,NRN,58,48,10.0,1115.0,11150.0,2024-12-09
2024120905013856,NRN,58,34,100.0,1115.0,111500.0,2024-12-09
2024120905013855,NRN,58,45,10.0,1115.0,11150.0,2024-12-09
2024120905013854,NRN,58,36,10.0,1115.0,11150.0,2024-12-09
2024120905013853,NRN,58,5,10.0,1114.0,11140.0,2024-12-09
2024120905013852,NRN,58,38,100.0,1112.0,111200.0,2024-12-09
2024120905013851,NRN,58,43,200.0,1112.0,222400.0,2024-12-09
2024120905013850,NRN,58,42,15000.0,1111.8,16677000.0,2024-12-09
2024120905013849,NRN,58,44,260.0,1111.0,288860.0,2024-12-09
2024120905013848,NRN,58,19,10.0,1111.0,11110.0,2024-12-09
2024120905013847,NRN,58,58,1000.0,1110.0,1110000.0,2024-12-09
2024120905013846,NRN,58,38,100.0,1110.0,111000.0,2024-12-09
2024120905013845,NRN,58,54,75.0,1110.0,83250.0,2024-12-09
2024120905013844,NRN,58,7,10.0,1109.7,11097.0,2024-12-09
2024120905013843,NRN,58,16,10.0,1109.7,11097.0,2024-12-09
2024120905013842,NRN,58,58,150.0,1109.7,166455.0,2024-12-09
2024120905013841,NRN,58,5,10.0,1109.0,11090.0,2024-12-09
2024120905013840,NRN,58,37,1800.0,1108.0,1994400.0,2024-12-09
2024120905013839,NRN,58,5,10.0,1108.0,11080.0,2024-12-09
2024120905013838,NRN,58,66,600.0,1108.0,664800.0,2024-12-09
2024120905013837,NRN,58,37,200.0,1107.7,221540.0,2024-12-09
2024120905013836,NRN,58,58,950.0,1107.0,1051650.0,2024-12-09
2024120905013835,NRN,58,65,100.0,1107.0,110700.0,2024-12-09
2024120905013834,NRN,58,14,80.0,1107.0,88560.0,2024-12-09
2024120905013833,NRN,58,58,500.0,1105.0,552500.0,2024-12-09
2024120905013832,NRN,58,34,200.0,1105.0,221000.0,2024-12-09
2024120905013831,NRN,58,48,200.0,1104.0,220800.0,2024-12-09
2024120905013830,NRN,58,13,400.0,1104.0,441600.0,2024-12-09
2024120905013829,NRN,58,67,200.0,1103.0,220600.0,2024-12-09
2024120905013828,NRN,58,1,50.0,1102.0,55100.0,2024-12-09
2024120905013827,NRN,58,22,267.0,1101.6,294127.2,2024-12-09
2024120905013826,NRN,58,41,50.0,1101.0,55050.0,2024-12-09
2024120905013825,NRN,58,8,100.0,1100.5,110050.0,2024-12-09
2024120905013824,NRN,58,61,2755.0,1100.0,3030500.0,2024-12-09
2024120905013823,NRN,58,77,200.0,1100.0,220000.0,2024-12-09
2024120905013822,NRN,58,25,100.0,1100.0,110000.0,2024-12-09
2024120905013821,NRN,58,57,500.0,1100.0,550000.0,2024-12-09
2024120905013820,NRN,58,75,200.0,1100.0,220000.0,2024-12-09
2024120905013819,NRN,58,41,200.0,1100.0,220000.0,2024-12-09
2024120905013818,NRN,58,52,50.0,1100.0,55000.0,2024-12-09
2024120905013817,NRN,58,13,2000.0,1100.0,2200000.0,2024-12-09
2024120905013816,NRN,58,38,10.0,1100.0,11000.0,2024-12-09
2024120905013815,NRN,58,42,60.0,1100.0,66000.0,2024-12-09
2024120905013814,NRN,58,39,500.0,1100.0,550000.0,2024-12-09
2024120905013813,NRN,58,45,10.0,1099.9,10999.0,2024-12-09
2024120905013812,NRN,58,57,200.0,1099.0,219800.0,2024-12-09
2024120905013811,NRN,58,6,300.0,1098.0,329400.0,2024-12-09
2024120905013810,NRN,58,62,50.0,1098.0,54900.0,2024-12-09
2024120905013809,NRN,58,25,100.0,1091.0,109100.0,2024-12-09
2024120905013808,NRN,58,4,100.0,1091.0,109100.0,2024-12-09
2024120905013807,NRN,58,4,1000.0,1090.0,1090000.0,2024-12-09
2024120905013806,NRN,58,77,10.0,1090.0,10900.0,2024-12-09
2024120905013805,NRN,58,45,200.0,1087.0,217400.0,2024-12-09
2024120905013804,NRN,58,28,10.0,1080.0,10800.0,2024-12-09
2024120905013803,NRN,58,47,100.0,1080.0,108000.0,2024-12-09
2024120905013802,NRN,58,58,3900.0,1080.0,4212000.0,2024-12-09
2024120905013801,NRN,58,55,10.0,1079.0,10790.0,2024-12-09
2024120905013800,NRN,58,57,80.0,1078.0,86240.0,2024-12-09
2024120905013799,ENL,45,45,100.0,1317.0,131700.0,2024-12-09
2024120904015612,API,39,57,20.0,274.7,5494.0,2024-12-09
2024120904015611,API,39,25,50.0,274.7,13735.0,2024-12-09
2024120901017798,MKHC,48,13,10.0,500.0,5000.0,2024-12-09
2024120901017797,SHLB,39,58,10.0,2444.0,24440.0,2024-12-09
2024120901017796,AHL,52,21,50.0,729.0,36450.0,2024-12-09
2024120904015610,SGIC,62,16,100.0,692.0,69200.0,2024-12-09
2024120903014842,EDBL,50,80,410.0,677.0,277570.0,2024-12-09
2024120901017795,SAND2085,22,45,10.0,1150.0,11500.0,2024-12-09
2024120901017794,C30MF,47,6,1510.0,9.47,14299.7,2024-12-09
2024120903014841,LBBL,46,8,22.0,498.0,10956.0,2024-12-09
2024120901017793,EHPL,42,91,10.0,748.0,7480.0,2024-12-09
2024120904015609,RIDI,42,21,10.0,236.0,2360.0,2024-12-09
2024120904015608,HPPL,86,80,829.0,416.4,345195.6,2024-12-09
2024120904015607,HPPL,86,39,10.0,416.0,4160.0,2024-12-09
2024120904015606,HPPL,86,81,140.0,416.0,58240.0,2024-12-09
2024120904015605,HPPL,86,38,21.0,415.5,8725.5,2024-12-09
2024120904015604,CHL,34,16,10.0,413.6,4136.0,2024-12-09
2024120903014840,ICFC,38,42,20.0,715.0,14300.0,2024-12-09
2024120903014839,SINDU,51,57,100.0,1000.0,100000.0,2024-12-09
2024120903014838,SINDU,51,34,25.0,1000.0,25000.0,2024-12-09
2024120903014837,JBBL,36,37,60.0,387.9,23274.0,2024-12-09
2024120903014836,GRDBL,32,41,10.0,1024.0,10240.0,2024-12-09
2024120901017792,MEHL,45,49,700.0,446.0,312200.0,2024-12-09
2024120901017791,MEHL,45,48,130.0,446.0,57980.0,2024-12-09
2024120903014835,NFS,45,35,10.0,1152.0,11520.0,2024-12-09
2024120904015603,API,44,39,393.0,274.1,107721.3,2024-12-09
2024120904015602,API,5,39,500.0,274.1,137050.0,2024-12-09
2024120904015601,API,48,39,250.0,274.4,68600.0,2024-12-09
2024120904015600,API,59,39,207.0,274.4,56800.8,2024-12-09
2024120904015599,API,7,39,150.0,274.5,41175.0,2024-12-09
2024120903014834,MERO,39,36,10.0,738.0,7380.0,2024-12-09
2024120903014833,KRBL,4,94,20.0,829.0,16580.0,2024-12-09
2024120901017790,ULHC,45,65,110.0,500.2,55022.0,2024-12-09
2024120901017789,ULHC,4,65,70.0,500.4,35028.0,2024-12-09
2024120901017788,ULHC,58,65,100.0,500.5,50050.0,2024-12-09
2024120901017787,ULHC,91,65,100.0,501.0,50100.0,2024-12-09
2024120901017786,ULHC,47,65,50.0,502.0,25100.0,2024-12-09
2024120901017785,ULHC,52,65,70.0,503.0,35210.0,2024-12-09
2024120901017784,ULHC,58,65,390.0,503.0,196170.0,2024-12-09
2024120901017783,ULHC,32,65,50.0,503.1,25155.0,2024-12-09
2024120901017782,ULHC,21,65,10.0,504.0,5040.0,2024-12-09
2024120905013798,CLI,6,53,66.0,695.0,45870.0,2024-12-09
2024120905013797,CLI,1,53,100.0,695.5,69550.0,2024-12-09
2024120905013796,CLI,1,53,280.0,695.5,194740.0,2024-12-09
2024120905013795,CLI,80,53,300.0,695.9,208770.0,2024-12-09
2024120904015598,UPPER,51,35,100.0,212.7,21270.0,2024-12-09
2024120905013794,NRM,36,64,10.0,450.0,4500.0,2024-12-09
2024120905013793,NRM,36,48,100.0,450.0,45000.0,2024-12-09
2024120905013792,NRM,36,54,10.0,450.0,4500.0,2024-12-09
2024120905013791,NRM,36,59,10.0,450.0,4500.0,2024-12-09
2024120905013790,NRM,36,45,10.0,448.2,4482.0,2024-12-09
2024120905013789,NRM,36,17,10.0,447.0,4470.0,2024-12-09
2024120905013788,NRM,36,49,20.0,447.0,8940.0,2024-12-09
2024120905013787,NRM,36,36,10.0,447.0,4470.0,2024-12-09
2024120905013786,NRM,36,13,69.0,447.0,30843.0,2024-12-09
2024120905013785,NRM,36,49,20.0,446.5,8930.0,2024-12-09
2024120905013784,NRM,36,52,10.0,446.0,4460.0,2024-12-09
2024120905013783,NRM,36,62,240.0,446.0,107040.0,2024-12-09
2024120903014832,NMLBBL,25,59,100.0,681.0,68100.0,2024-12-09
2024120905013782,GCIL,39,25,26.0,478.0,12428.0,2024-12-09
2024120905013781,GCIL,54,25,100.0,478.0,47800.0,2024-12-09
2024120905013780,GCIL,6,25,50.0,478.0,23900.0,2024-12-09
2024120905013779,GCIL,34,25,324.0,478.0,154872.0,2024-12-09
2024120903014831,BFC,33,17,50.0,784.5,39225.0,2024-12-09
2024120905013778,ILI,39,33,12.0,479.5,5754.0,2024-12-09
2024120903014830,GUFL,53,46,158.0,723.5,114313.0,2024-12-09
2024120903014829,MATRI,57,45,10.0,1292.0,12920.0,2024-12-09
2024120905013777,ENL,58,13,70.0,1316.0,92120.0,2024-12-09
2024120904015597,AHPC,55,1,209.0,267.0,55803.0,2024-12-09
2024120903014828,CFCL,13,42,50.0,647.0,32350.0,2024-12-09
2024120901017781,MKHC,67,13,105.0,500.0,52500.0,2024-12-09
2024120901017780,MKHC,67,45,50.0,499.9,24995.0,2024-12-09
2024120904015596,IGI,67,8,50.0,601.9,30095.0,2024-12-09
2024120904015595,IGI,67,72,50.0,601.8,30090.0,2024-12-09
2024120903014827,LICN,42,49,50.0,1298.1,64905.0,2024-12-09
2024120903014826,SLBBL,44,49,32.0,957.5,30640.0,2024-12-09
2024120903014825,SLBBL,100,49,18.0,958.3,17249.4,2024-12-09
2024120903014824,SLBBL,62,49,50.0,958.5,47925.0,2024-12-09
2024120901017779,DOLTI,48,34,128.0,669.0,85632.0,2024-12-09
2024120905013776,PHCL,36,11,10.0,553.3,5533.0,2024-12-09
2024120905013775,NRN,14,58,700.0,1048.6,734020.0,2024-12-09
2024120905013774,NRN,33,58,10.0,1048.6,10486.0,2024-12-09
2024120905013773,NRN,42,58,15000.0,1048.6,15729000.0,2024-12-09
2024120905013772,NRN,14,58,50.0,1048.7,52435.0,2024-12-09
2024120905013771,NRN,71,58,100.0,1049.0,104900.0,2024-12-09
2024120905013770,NRN,7,58,600.0,1049.0,629400.0,2024-12-09
2024120905013769,NRN,25,58,100.0,1049.0,104900.0,2024-12-09
2024120905013768,NRN,58,58,500.0,1049.1,524550.0,2024-12-09
2024120905013767,NRN,77,58,100.0,1050.0,105000.0,2024-12-09
2024120905013766,NRN,33,58,3416.0,1050.0,3586800.0,2024-12-09
2024120905013765,NRN,14,58,500.0,1050.0,525000.0,2024-12-09
2024120905013764,NRN,95,58,100.0,1050.0,105000.0,2024-12-09
2024120905013763,NRN,64,58,1000.0,1050.0,1050000.0,2024-12-09
2024120905013762,NRN,8,58,500.0,1050.0,525000.0,2024-12-09
2024120905013761,NRN,42,58,1000.0,1050.0,1050000.0,2024-12-09
2024120905013760,NRN,67,58,500.0,1050.1,525050.0,2024-12-09
2024120905013759,NRN,49,58,50.0,1051.0,52550.0,2024-12-09
2024120905013758,NRN,67,58,1000.0,1055.5,1055500.0,2024-12-09
2024120905013757,NRN,28,58,50.0,1058.4,52920.0,2024-12-09
2024120905013756,NRN,26,58,100.0,1059.0,105900.0,2024-12-09
2024120905013755,NRN,91,58,100.0,1059.4,105940.0,2024-12-09
2024120905013754,NRN,36,58,500.0,1060.0,530000.0,2024-12-09
2024120905013753,NRN,8,58,100.0,1060.0,106000.0,2024-12-09
2024120905013752,NRN,58,58,200.0,1060.0,212000.0,2024-12-09
2024120905013751,NRN,13,58,10.0,1060.0,10600.0,2024-12-09
2024120905013750,NRN,62,58,300.0,1060.1,318030.0,2024-12-09
2024120905013749,NRN,58,58,50.0,1060.5,53025.0,2024-12-09
2024120905013748,NRN,38,58,100.0,1060.5,106050.0,2024-12-09
2024120905013747,NRN,13,58,40.0,1061.4,42456.0,2024-12-09
2024120905013746,NRN,21,58,500.0,1062.0,531000.0,2024-12-09
2024120905013745,NRN,58,58,200.0,1064.0,212800.0,2024-12-09
2024120905013744,NRN,50,58,10.0,1065.0,10650.0,2024-12-09
2024120905013743,NRN,25,58,50.0,1065.0,53250.0,2024-12-09
2024120905013742,NRN,1,58,50.0,1065.0,53250.0,2024-12-09
2024120905013741,NRN,5,58,200.0,1065.0,213000.0,2024-12-09
2024120905013740,NRN,7,58,300.0,1065.0,319500.0,2024-12-09
2024120905013739,NRN,6,58,40.0,1065.3,42612.0,2024-12-09
2024120905013738,NRN,58,58,100.0,1069.0,106900.0,2024-12-09
2024120905013737,NRN,56,58,50.0,1069.0,53450.0,2024-12-09
2024120905013736,NRN,58,58,186.0,1069.0,198834.0,2024-12-09
2024120905013735,NRN,1,58,100.0,1070.0,107000.0,2024-12-09
2024120905013734,NRN,22,58,10.0,1070.0,10700.0,2024-12-09
2024120905013733,NRN,1,58,195.0,1070.0,208650.0,2024-12-09
2024120905013732,NRN,40,58,30.0,1070.0,32100.0,2024-12-09
2024120904015594,UPPER,51,58,100.0,212.7,21270.0,2024-12-09
2024120901017778,NABIL,55,58,50.0,510.0,25500.0,2024-12-09
2024120903014823,JFL,72,88,10.0,919.9,9199.0,2024-12-09
2024120903014822,JFL,72,48,50.0,919.9,45995.0,2024-12-09
2024120904015593,GLH,39,25,21.0,250.0,5250.0,2024-12-09
2024120904015592,GLH,39,58,159.0,250.0,39750.0,2024-12-09
2024120903014821,ICFC,88,39,50.0,713.0,35650.0,2024-12-09
2024120903014820,MPFL,48,29,100.0,743.0,74300.0,2024-12-09
2024120904015591,GLH,35,29,150.0,249.0,37350.0,2024-12-09
2024120901017777,UHEWA,49,52,20.0,742.0,14840.0,2024-12-09
2024120903014819,SJLIC,14,47,10.0,468.0,4680.0,2024-12-09
2024120901017776,HHL,100,45,949.0,514.0,487786.0,2024-12-09
2024120901017775,HHL,100,53,300.0,514.0,154200.0,2024-12-09
2024120901017774,HHL,100,26,210.0,513.1,107751.0,2024-12-09
2024120901017773,HHL,100,45,600.0,513.0,307800.0,2024-12-09
2024120901017772,HHL,100,54,10.0,513.0,5130.0,2024-12-09
2024120901017771,HHL,100,58,10.0,512.0,5120.0,2024-12-09
2024120901017770,HHL,100,58,10.0,512.0,5120.0,2024-12-09
2024120901017769,HHL,100,22,100.0,512.0,51200.0,2024-12-09
2024120901017768,HHL,100,38,100.0,512.0,51200.0,2024-12-09
2024120901017767,HHL,100,78,10.0,511.0,5110.0,2024-12-09
2024120901017766,HHL,100,38,500.0,510.0,255000.0,2024-12-09
2024120901017765,HHL,100,25,635.0,510.0,323850.0,2024-12-09
2024120901017764,HHL,100,44,10.0,510.0,5100.0,2024-12-09
2024120901017763,HHL,100,44,10.0,510.0,5100.0,2024-12-09
2024120901017762,HHL,100,34,10.0,510.0,5100.0,2024-12-09
2024120901017761,HHL,100,58,110.0,510.0,56100.0,2024-12-09
2024120901017760,HHL,100,49,45.0,510.0,22950.0,2024-12-09
2024120901017759,HHL,100,35,10.0,510.0,5100.0,2024-12-09
2024120901017758,HHL,100,58,10.0,509.5,5095.0,2024-12-09
2024120901017757,HHL,100,49,500.0,509.0,254500.0,2024-12-09
2024120901017756,HHL,100,42,100.0,508.9,50890.0,2024-12-09
2024120901017755,HHL,100,57,96.0,508.8,48844.8,2024-12-09
2024120901017754,HHL,100,4,10.0,508.0,5080.0,2024-12-09
2024120901017753,HHL,100,49,20.0,507.0,10140.0,2024-12-09
2024120901017752,HHL,100,41,10.0,507.0,5070.0,2024-12-09
2024120901017751,HHL,100,44,100.0,507.0,50700.0,2024-12-09
2024120901017750,HHL,100,34,80.0,507.0,40560.0,2024-12-09
2024120901017749,HHL,100,58,445.0,506.9,225570.5,2024-12-09
2024120903014818,BFC,46,17,10.0,784.5,7845.0,2024-12-09
2024120904015590,UPCL,57,42,25.0,284.0,7100.0,2024-12-09
2024120904015589,UMHL,57,34,240.0,346.0,83040.0,2024-12-09
2024120901017748,DOLTI,42,5,10.0,669.5,6695.0,2024-12-09
2024120901017747,CZBIL,45,42,100.0,217.5,21750.0,2024-12-09
2024120905013731,HRL,42,80,10.0,822.0,8220.0,2024-12-09
2024120905013730,SAHAS,59,81,50.0,487.4,24370.0,2024-12-09
2024120905013729,SAHAS,49,81,890.0,487.4,433786.0,2024-12-09
2024120905013728,SAHAS,40,81,100.0,487.5,48750.0,2024-12-09
2024120905013727,SAHAS,52,81,20.0,487.6,9752.0,2024-12-09
2024120905013726,SAHAS,52,81,15.0,487.7,7315.5,2024-12-09
2024120905013725,SAHAS,52,81,10.0,487.9,4879.0,2024-12-09
2024120905013724,SAHAS,17,81,10.0,488.0,4880.0,2024-12-09
2024120905013723,SAHAS,41,81,300.0,488.0,146400.0,2024-12-09
2024120905013722,SAHAS,38,81,100.0,488.0,48800.0,2024-12-09
2024120905013721,SAHAS,19,81,50.0,488.0,24400.0,2024-12-09
2024120905013720,SAHAS,14,81,100.0,488.1,48810.0,2024-12-09
2024120905013719,SAHAS,58,81,50.0,488.2,24410.0,2024-12-09
2024120905013718,SAHAS,49,81,20.0,488.3,9766.0,2024-12-09
2024120905013717,SAHAS,46,81,130.0,488.5,63505.0,2024-12-09
2024120905013716,SAHAS,42,81,55.0,488.5,26867.5,2024-12-09
2024120905013715,SAHAS,49,81,50.0,489.0,24450.0,2024-12-09
2024120905013714,SAHAS,50,81,50.0,489.0,24450.0,2024-12-09
2024120901017746,RFPL,62,38,465.0,1020.0,474300.0,2024-12-09
2024120901017745,DOLTI,48,66,50.0,669.0,33450.0,2024-12-09
2024120905013713,MBJC,88,58,460.0,356.2,163852.0,2024-12-09
2024120905013712,MBJC,1,58,30.0,356.3,10689.0,2024-12-09
2024120903014817,GUFL,6,58,200.0,723.8,144760.0,2024-12-09
2024120901017744,HIDCLP,5,14,50.0,167.5,8375.0,2024-12-09
2024120903014816,BFC,11,1,200.0,783.0,156600.0,2024-12-09
2024120903014815,JFL,1,95,159.0,920.0,146280.0,2024-12-09
2024120903014814,JFL,1,38,50.0,920.0,46000.0,2024-12-09
2024120903014813,JFL,1,52,291.0,920.0,267720.0,2024-12-09
2024120903014812,GUFL,47,57,885.0,723.9,640651.5,2024-12-09
2024120901017743,DORDI,81,16,106.0,540.0,57240.0,2024-12-09
2024120901017742,DORDI,58,16,144.0,544.0,78336.0,2024-12-09
2024120901017741,DLBS,57,35,10.0,1582.0,15820.0,2024-12-09
2024120903014811,GMFIL,22,88,50.0,635.0,31750.0,2024-12-09
2024120904015588,SHPC,62,36,100.0,540.9,54090.0,2024-12-09
2024120903014810,PMLI,6,41,10.0,555.0,5550.0,2024-12-09
2024120903014809,NADEP,41,16,10.0,993.0,9930.0,2024-12-09
2024120904015587,NGPL,33,20,100.0,283.0,28300.0,2024-12-09
2024120903014808,NFS,81,90,49.0,1150.1,56354.9,2024-12-09
2024120903014807,NFS,51,90,50.0,1150.2,57510.0,2024-12-09
2024120903014806,NFS,45,90,10.0,1150.2,11502.0,2024-12-09
2024120903014805,NFS,48,90,50.0,1150.2,57510.0,2024-12-09
2024120903014804,NFS,85,90,11.0,1150.3,12653.3,2024-12-09
2024120903014803,NFS,38,90,10.0,1150.3,11503.0,2024-12-09
2024120903014802,NFS,46,90,20.0,1153.0,23060.0,2024-12-09
2024120903014801,LBBL,38,8,80.0,496.0,39680.0,2024-12-09
2024120903014800,JFL,72,42,200.0,919.9,183980.0,2024-12-09
2024120903014799,CBBL,42,11,25.0,935.0,23375.0,2024-12-09
2024120901017740,PCBL,42,17,50.0,255.0,12750.0,2024-12-09
2024120901017739,PCBL,42,54,150.0,255.0,38250.0,2024-12-09
2024120901017738,JBLB,42,49,15.0,1545.0,23175.0,2024-12-09
2024120903014798,MLBL,21,29,50.0,411.9,20595.0,2024-12-09
2024120903014797,LBBL,38,19,100.0,496.0,49600.0,2024-12-09
2024120903014796,LBBL,35,19,100.0,496.1,49610.0,2024-12-09
2024120903014795,GMFBS,58,74,10.0,1737.0,17370.0,2024-12-09
2024120903014794,MPFL,38,45,373.0,744.0,277512.0,2024-12-09
2024120903014793,MPFL,38,39,77.0,744.0,57288.0,2024-12-09
2024120903014792,MPFL,38,28,50.0,744.0,37200.0,2024-12-09
2024120901017737,SPC,68,91,167.0,525.0,87675.0,2024-12-09
2024120901017736,SPC,68,59,10.0,525.0,5250.0,2024-12-09
2024120901017735,SPC,68,11,230.0,524.0,120520.0,2024-12-09
2024120901017734,SPC,68,14,10.0,523.0,5230.0,2024-12-09
2024120901017733,SPC,68,42,200.0,523.0,104600.0,2024-12-09
2024120901017732,SPC,68,34,20.0,522.0,10440.0,2024-12-09
2024120901017731,SPC,68,50,10.0,522.0,5220.0,2024-12-09
2024120901017730,SPC,68,56,20.0,522.0,10440.0,2024-12-09
2024120901017729,SPC,68,10,333.0,522.0,173826.0,2024-12-09
2024120904015586,UNHPL,58,41,100.0,292.0,29200.0,2024-12-09
2024120903014791,GRDBL,88,49,702.0,1010.0,709020.0,2024-12-09
2024120903014790,CORBL,71,34,17.0,1690.0,28730.0,2024-12-09
2024120903014789,CORBL,71,29,72.0,1689.9,121672.8,2024-12-09
2024120903014788,CORBL,71,62,10.0,1688.0,16880.0,2024-12-09
2024120903014787,CORBL,71,21,12.0,1687.0,20244.0,2024-12-09
2024120905013711,NMB50,94,58,283.0,10.45,2957.35,2024-12-09
2024120904015585,UNHPL,45,58,45.0,291.3,13108.5,2024-12-09
2024120904015584,AKJCL,47,29,524.0,211.0,110564.0,2024-12-09
2024120904015583,AKJCL,19,29,186.0,211.0,39246.0,2024-12-09
2024120904015582,AKJCL,17,29,40.0,211.8,8472.0,2024-12-09
2024120905013710,SHIVM,52,34,30.0,561.0,16830.0,2024-12-09
2024120905013709,MEL,55,1,10.0,312.1,3121.0,2024-12-09
2024120904015581,HEI,6,18,96.0,642.0,61632.0,2024-12-09
2024120904015580,HEI,41,18,100.0,642.1,64210.0,2024-12-09
2024120904015579,HEI,58,18,200.0,642.1,128420.0,2024-12-09
2024120904015578,HEI,52,18,20.0,642.1,12842.0,2024-12-09
2024120904015577,HEI,45,18,84.0,642.1,53936.4,2024-12-09
2024120904015576,NHPC,19,50,200.0,226.0,45200.0,2024-12-09
2024120901017728,SCB,14,26,163.0,644.0,104972.0,2024-12-09
2024120901017727,SCB,41,26,100.0,646.0,64600.0,2024-12-09
2024120901017726,SCB,43,26,137.0,648.0,88776.0,2024-12-09
2024120901017725,SCB,95,26,20.0,648.5,12970.0,2024-12-09
2024120901017724,SCB,1,26,80.0,648.5,51880.0,2024-12-09
2024120904015575,DHPL,49,42,630.0,318.0,200340.0,2024-12-09
2024120904015574,DHPL,49,42,50.0,318.0,15900.0,2024-12-09
2024120904015573,DHPL,49,6,406.0,318.0,129108.0,2024-12-09
2024120904015572,DHPL,49,48,369.0,318.0,117342.0,2024-12-09
2024120903014786,SKBBL,34,8,10.0,918.7,9187.0,2024-12-09
2024120904015571,PMHPL,42,44,100.0,291.0,29100.0,2024-12-09
2024120903014785,PFL,32,5,100.0,674.0,67400.0,2024-12-09
2024120904015570,CHCL,48,94,80.0,565.0,45200.0,2024-12-09
2024120904015569,AKJCL,17,36,150.0,211.8,31770.0,2024-12-09
2024120904015568,AKJCL,62,36,1850.0,211.9,392015.0,2024-12-09
2024120903014784,MDB,55,34,100.0,762.0,76200.0,2024-12-09
2024120904015567,HPPL,86,16,10.0,415.0,4150.0,2024-12-09
2024120903014783,JFL,72,35,500.0,919.9,459950.0,2024-12-09
2024120904015566,NHDL,36,22,20.0,735.0,14700.0,2024-12-09
2024120903014782,NMLBBL,41,59,10.0,681.0,6810.0,2024-12-09
2024120903014781,KSBBL,17,41,114.0,460.0,52440.0,2024-12-09
2024120903014780,KSBBL,53,41,100.0,460.1,46010.0,2024-12-09
2024120905013708,NRN,33,49,10.0,1077.0,10770.0,2024-12-09
2024120901017723,MSHL,36,55,20.0,973.5,19470.0,2024-12-09
2024120901017722,MSHL,36,98,80.0,973.0,77840.0,2024-12-09
2024120904015565,CHL,34,42,50.0,413.0,20650.0,2024-12-09
2024120905013707,NIFRA,58,42,49.0,254.4,12465.6,2024-12-09
2024120905013706,NIFRA,45,42,11.0,254.4,2798.4,2024-12-09
2024120901017721,MAKAR,42,36,10.0,641.0,6410.0,2024-12-09
2024120901017720,MAKAR,42,57,10.0,640.0,6400.0,2024-12-09
2024120901017719,MAKAR,42,34,10.0,639.0,6390.0,2024-12-09
2024120901017718,MAKAR,42,49,10.0,639.0,6390.0,2024-12-09
2024120901017717,MAKAR,42,57,10.0,635.0,6350.0,2024-12-09
2024120903014779,HLI,18,21,300.0,459.1,137730.0,2024-12-09
2024120904015564,UMHL,10,34,30.0,346.0,10380.0,2024-12-09
2024120903014778,MPFL,49,28,50.0,744.0,37200.0,2024-12-09
2024120903014777,SFCL,34,22,50.0,731.0,36550.0,2024-12-09
2024120905013705,VLUCL,34,59,10.0,668.9,6689.0,2024-12-09
2024120904015563,API,38,49,89.0,274.8,24457.2,2024-12-09
2024120904015562,API,38,1,11.0,274.7,3021.7,2024-12-09
2024120903014776,MLBSL,5,57,10.0,2260.0,22600.0,2024-12-09
2024120901017716,MKHL,11,39,70.0,620.3,43421.0,2024-12-09
2024120905013704,ILI,39,58,100.0,479.5,47950.0,2024-12-09
2024120903014775,MDB,53,34,50.0,762.0,38100.0,2024-12-09
2024120903014774,MDB,53,57,150.0,762.0,114300.0,2024-12-09
2024120904015561,RHPL,25,17,200.0,469.0,93800.0,2024-12-09
2024120905013703,NRN,40,41,70.0,1070.0,74900.0,2024-12-09
2024120905013702,NRN,44,41,500.0,1070.1,535050.0,2024-12-09
2024120905013701,NRN,39,41,50.0,1070.1,53505.0,2024-12-09
2024120905013700,NRN,45,41,30.0,1070.2,32106.0,2024-12-09
2024120904015560,SSHL,81,58,400.0,245.0,98000.0,2024-12-09
2024120904015559,SSHL,81,50,120.0,245.0,29400.0,2024-12-09
2024120905013699,SMJC,4,42,480.0,540.7,259536.0,2024-12-09
2024120903014773,ALICL,19,34,200.0,728.0,145600.0,2024-12-09
2024120904015558,SHL,94,19,100.0,487.3,48730.0,2024-12-09
2024120903014772,VLBS,51,52,10.0,879.0,8790.0,2024-12-09
2024120903014771,NICLBSL,58,44,60.0,678.0,40680.0,2024-12-09
2024120903014770,GFCL,84,19,500.0,853.0,426500.0,2024-12-09
2024120901017715,DORDI,58,59,10.0,544.0,5440.0,2024-12-09
2024120901017714,DORDI,58,38,200.0,544.0,108800.0,2024-12-09
2024120901017713,DORDI,58,17,35.0,544.0,19040.0,2024-12-09
2024120901017712,DORDI,58,25,10.0,544.0,5440.0,2024-12-09
2024120901017711,DORDI,58,45,101.0,543.0,54843.0,2024-12-09
2024120901017710,DORDI,58,32,100.0,543.0,54300.0,2024-12-09
2024120905013698,VLUCL,57,52,336.0,665.0,223440.0,2024-12-09
2024120905013697,VLUCL,37,52,13.0,665.0,8645.0,2024-12-09
2024120904015557,NHDL,85,25,334.0,735.0,245490.0,2024-12-09
2024120901017709,ADBL,46,49,10.0,339.0,3390.0,2024-12-09
2024120903014769,SHINE,57,34,100.0,457.0,45700.0,2024-12-09
2024120903014768,JFL,39,50,50.0,919.9,45995.0,2024-12-09
2024120901017708,MMKJL,51,86,311.0,685.0,213035.0,2024-12-09
2024120901017707,MMKJL,75,86,50.0,685.1,34255.0,2024-12-09
2024120901017706,MMKJL,39,86,119.0,689.0,81991.0,2024-12-09
2024120901017705,MMKJL,44,86,20.0,689.0,13780.0,2024-12-09
2024120903014767,JFL,39,42,215.0,919.9,197778.5,2024-12-09
2024120903014766,WNLB,49,53,10.0,2569.0,25690.0,2024-12-09
2024120901017704,PRVU,21,5,800.0,224.0,179200.0,2024-12-09
2024120903014765,GMFBS,49,49,10.0,1737.0,17370.0,2024-12-09
2024120904015556,UAIL,35,49,102.0,645.1,65800.2,2024-12-09
2024120905013696,ENL,58,11,10.0,1316.0,13160.0,2024-12-09
2024120901017703,BHPL,34,41,10.0,764.8,7648.0,2024-12-09
2024120904015555,DHPL,34,53,100.0,317.0,31700.0,2024-12-09
2024120903014764,GLBSL,32,34,10.0,2199.8,21998.0,2024-12-09
2024120901017702,MMKJL,44,48,100.0,689.0,68900.0,2024-12-09
2024120901017701,DORDI,81,52,10.0,540.0,5400.0,2024-12-09
2024120903014763,KRBL,1,48,50.0,830.0,41500.0,2024-12-09
2024120901017700,NYADI,58,45,10.0,340.0,3400.0,2024-12-09
2024120901017699,EHPL,42,53,10.0,746.9,7469.0,2024-12-09
2024120901017698,EHPL,42,53,10.0,747.0,7470.0,2024-12-09
2024120901017697,EHPL,42,53,10.0,747.9,7479.0,2024-12-09
2024120904015554,SPDL,44,41,26.0,325.4,8460.4,2024-12-09
2024120901017696,TPC,41,42,190.0,560.0,106400.0,2024-12-09
2024120901017695,TPC,41,49,10.0,560.0,5600.0,2024-12-09
2024120901017694,TPC,41,56,10.0,560.0,5600.0,2024-12-09
2024120903014762,SWBBL,33,39,84.0,892.9,75003.6,2024-12-09
2024120903014761,SWBBL,33,41,120.0,890.0,106800.0,2024-12-09
2024120903014760,SWBBL,33,34,340.0,889.9,302566.0,2024-12-09
2024120903014759,SWBBL,33,58,10.0,889.5,8895.0,2024-12-09
2024120903014758,SWBBL,33,10,100.0,889.0,88900.0,2024-12-09
2024120903014757,SWBBL,33,10,39.0,889.0,34671.0,2024-12-09
2024120903014756,SWBBL,33,22,147.0,888.9,130668.3,2024-12-09
2024120903014755,SWBBL,33,58,100.0,888.0,88800.0,2024-12-09
2024120903014754,SWBBL,33,19,60.0,885.0,53100.0,2024-12-09
2024120901017693,KBL,59,7,50.0,217.0,10850.0,2024-12-09
2024120905013695,HDL,48,43,47.0,1380.0,64860.0,2024-12-09
2024120905013694,HDL,38,43,35.0,1381.0,48335.0,2024-12-09
2024120905013693,HDL,42,43,18.0,1381.5,24867.0,2024-12-09
2024120904015553,UMRH,40,34,70.0,648.0,45360.0,2024-12-09
2024120904015552,UMRH,40,58,60.0,647.0,38820.0,2024-12-09
2024120904015551,UMRH,40,48,84.0,647.0,54348.0,2024-12-09
2024120904015550,UMRH,40,29,36.0,647.0,23292.0,2024-12-09
2024120901017692,MCHL,17,44,100.0,565.3,56530.0,2024-12-09
2024120903014753,JFL,39,29,70.0,919.9,64393.0,2024-12-09
2024120901017691,SCB,1,58,20.0,648.5,12970.0,2024-12-09
2024120901017690,SARBTM,55,45,149.0,750.0,111750.0,2024-12-09
2024120901017689,SARBTM,45,45,111.0,750.0,83250.0,2024-12-09
2024120901017688,SARBTM,45,45,200.0,750.0,150000.0,2024-12-09
2024120901017687,SARBTM,38,45,20.0,750.0,15000.0,2024-12-09
2024120901017686,SARBTM,1,45,20.0,750.0,15000.0,2024-12-09
2024120905013692,SMATA,3,16,10.0,846.6,8466.0,2024-12-09
2024120903014752,SFCL,38,22,300.0,730.0,219000.0,2024-12-09
2024120901017685,HIDCLP,28,82,5000.0,167.0,835000.0,2024-12-09
2024120901017684,SNLI,17,22,293.0,649.0,190157.0,2024-12-09
2024120901017683,SNLI,17,22,84.0,649.0,54516.0,2024-12-09
2024120901017682,CZBIL,22,45,10.0,217.9,2179.0,2024-12-09
2024120903014751,PFL,58,22,50.0,672.0,33600.0,2024-12-09
2024120903014750,PFL,35,22,50.0,673.0,33650.0,2024-12-09
2024120903014749,PFL,77,22,200.0,673.0,134600.0,2024-12-09
2024120903014748,PFL,58,22,100.0,674.0,67400.0,2024-12-09
2024120905013691,SHIVM,45,6,400.0,560.7,224280.0,2024-12-09
2024120905013690,NRN,45,25,70.0,1070.2,74914.0,2024-12-09
2024120905013689,NRN,48,25,10.0,1071.0,10710.0,2024-12-09
2024120905013688,NRN,58,25,20.0,1075.0,21500.0,2024-12-09
2024120903014747,FMDBL,26,13,100.0,739.0,73900.0,2024-12-09
2024120903014746,FMDBL,26,13,200.0,739.0,147800.0,2024-12-09
2024120903014745,LBBL,40,21,55.0,496.1,27285.5,2024-12-09
2024120905013687,HDL,42,58,12.0,1381.5,16578.0,2024-12-09
2024120903014744,JBBL,36,44,100.0,387.9,38790.0,2024-12-09
2024120905013686,HDL,38,44,15.0,1381.0,20715.0,2024-12-09
2024120904015549,AHPC,55,32,1100.0,267.0,293700.0,2024-12-09
2024120903014743,GMFIL,58,88,500.0,635.0,317500.0,2024-12-09
2024120903014742,GMFIL,34,88,10.0,635.0,6350.0,2024-12-09
2024120903014741,GMFIL,44,88,50.0,635.0,31750.0,2024-12-09
2024120903014740,GMFIL,4,88,200.0,635.0,127000.0,2024-12-09
2024120903014739,GMFIL,48,88,20.0,635.0,12700.0,2024-12-09
2024120903014738,GMFIL,58,88,250.0,635.0,158750.0,2024-12-09
2024120903014737,GMFIL,3,88,355.0,635.1,225460.5,2024-12-09
2024120901017681,RBCLPO,7,39,10.0,12726.2,127262.0,2024-12-09
2024120903014736,JFL,39,52,79.0,920.0,72680.0,2024-12-09
2024120903014735,JFL,39,49,21.0,920.0,19320.0,2024-12-09
2024120904015548,HDHPC,3,29,476.0,209.0,99484.0,2024-12-09
2024120904015547,HDHPC,3,55,200.0,209.0,41800.0,2024-12-09
2024120904015546,HDHPC,3,13,40.0,208.9,8356.0,2024-12-09
2024120904015545,SHEL,11,52,10.0,250.0,2500.0,2024-12-09
2024120903014734,NLIC,29,58,10.0,793.0,7930.0,2024-12-09
2024120903014733,JFL,39,45,395.0,919.9,363360.5,2024-12-09
2024120904015544,UMRH,47,29,150.0,647.0,97050.0,2024-12-09
2024120904015543,SHL,53,3,100.0,488.0,48800.0,2024-12-09
2024120905013685,HDL,16,44,100.0,1381.0,138100.0,2024-12-09
2024120905013684,MBJC,1,22,70.0,356.3,24941.0,2024-12-09
2024120905013683,MBJC,81,22,30.0,356.5,10695.0,2024-12-09
2024120903014732,MPFL,48,22,11.0,743.0,8173.0,2024-12-09
2024120901017680,SRLI,59,22,10.0,429.0,4290.0,2024-12-09
2024120903014731,PFL,41,29,20.0,674.0,13480.0,2024-12-09
2024120905013682,MBJC,81,25,20.0,356.5,7130.0,2024-12-09
2024120905013681,MBJC,42,25,20.0,356.5,7130.0,2024-12-09
2024120904015542,NLG,55,5,100.0,902.0,90200.0,2024-12-09
2024120901017679,DOLTI,48,4,10.0,669.0,6690.0,2024-12-09
2024120903014730,GMFIL,3,52,145.0,635.1,92089.5,2024-12-09
2024120903014729,GMFIL,74,52,460.0,635.2,292192.0,2024-12-09
2024120903014728,GFCL,53,45,75.0,850.0,63750.0,2024-12-09
2024120903014727,GFCL,53,45,100.0,850.0,85000.0,2024-12-09
2024120903014726,JSLBB,49,45,120.0,1571.0,188520.0,2024-12-09
2024120903014725,JSLBB,19,45,10.0,1572.0,15720.0,2024-12-09
2024120901017678,KBL,57,6,10.0,216.9,2169.0,2024-12-09
2024120901017677,GVL,65,42,10.0,546.0,5460.0,2024-12-09
2024120905013680,HDL,48,49,22.0,1380.0,30360.0,2024-12-09
2024120905013679,HDL,4,49,60.0,1380.1,82806.0,2024-12-09
2024120905013678,HDL,25,49,18.0,1380.4,24847.2,2024-12-09
2024120905013677,HRL,34,80,10.0,822.0,8220.0,2024-12-09
2024120905013676,HRL,34,25,19.0,821.9,15616.1,2024-12-09
2024120905013675,HRL,34,35,10.0,821.8,8218.0,2024-12-09
2024120905013674,HRL,34,58,20.0,821.0,16420.0,2024-12-09
2024120905013673,HRL,34,17,10.0,821.0,8210.0,2024-12-09
2024120905013672,HRL,34,32,31.0,821.0,25451.0,2024-12-09
2024120903014724,KRBL,38,48,20.0,830.0,16600.0,2024-12-09
2024120904015541,MEN,20,39,39.0,711.9,27764.1,2024-12-09
2024120904015540,MEN,20,19,150.0,711.0,106650.0,2024-12-09
2024120904015539,MEN,20,7,11.0,710.0,7810.0,2024-12-09
2024120903014723,JFL,7,49,50.0,920.0,46000.0,2024-12-09
2024120903014722,MFIL,1,56,100.0,707.0,70700.0,2024-12-09
2024120901017676,CZBIL,1,45,10.0,217.9,2179.0,2024-12-09
2024120904015538,SHEL,45,81,1040.0,251.0,261040.0,2024-12-09
2024120904015537,SHEL,45,49,400.0,251.0,100400.0,2024-12-09
2024120904015536,SHEL,45,34,1050.0,251.0,263550.0,2024-12-09
2024120904015535,SHEL,45,45,10.0,250.5,2505.0,2024-12-09
2024120905013671,CLI,36,53,100.0,696.0,69600.0,2024-12-09
2024120905013670,CLI,14,53,154.0,696.0,107184.0,2024-12-09
2024120904015534,AKJCL,62,13,300.0,211.9,63570.0,2024-12-09
2024120904015533,AKJCL,62,7,50.0,211.9,10595.0,2024-12-09
2024120904015532,AKJCL,62,13,300.0,211.9,63570.0,2024-12-09
2024120901017675,DORDI,81,58,200.0,540.0,108000.0,2024-12-09
2024120904015531,JOSHI,22,32,158.0,434.9,68714.2,2024-12-09
2024120904015530,JOSHI,22,34,342.0,430.0,147060.0,2024-12-09
2024120905013669,SAHAS,50,39,50.0,489.0,24450.0,2024-12-09
2024120901017674,CKHL,57,74,59.0,689.8,40698.2,2024-12-09
2024120901017673,CKHL,57,34,10.0,688.0,6880.0,2024-12-09
2024120901017672,CKHL,57,38,100.0,687.5,68750.0,2024-12-09
2024120901017671,CKHL,57,49,20.0,687.0,13740.0,2024-12-09
2024120901017670,CKHL,57,22,46.0,686.9,31597.4,2024-12-09
2024120903014721,NUBL,32,26,40.0,681.2,27248.0,2024-12-09
2024120903014720,SFCL,38,49,10.0,730.0,7300.0,2024-12-09
2024120903014719,NFS,19,21,20.0,1153.9,23078.0,2024-12-09
2024120904015529,UMHL,38,34,230.0,346.0,79580.0,2024-12-09
2024120901017669,PRVU,34,5,10.0,224.0,2240.0,2024-12-09
2024120905013668,HATHY,25,36,14.0,1405.0,19670.0,2024-12-09
2024120904015528,AKPL,50,32,1000.0,248.0,248000.0,2024-12-09
2024120904015527,HURJA,33,64,365.0,239.1,87271.5,2024-12-09
2024120904015526,HURJA,26,64,200.0,239.1,47820.0,2024-12-09
2024120904015525,HURJA,35,64,50.0,239.1,11955.0,2024-12-09
2024120904015524,HURJA,99,64,60.0,239.2,14352.0,2024-12-09
2024120904015523,HURJA,6,64,225.0,239.2,53820.0,2024-12-09
2024120904015522,HURJA,32,64,100.0,239.9,23990.0,2024-12-09
2024120904015521,LEC,54,29,25.0,212.7,5317.5,2024-12-09
2024120904015520,API,1,1,172.0,274.7,47248.4,2024-12-09
2024120903014718,JFL,39,35,500.0,919.9,459950.0,2024-12-09
2024120901017668,MSHL,39,98,20.0,973.0,19460.0,2024-12-09
2024120903014717,SJLIC,56,57,379.0,468.6,177599.4,2024-12-09
2024120903014716,SJLIC,56,49,21.0,468.6,9840.6,2024-12-09
2024120903014715,SFCL,38,22,50.0,730.0,36500.0,2024-12-09
2024120904015519,UPCL,58,42,346.0,284.0,98264.0,2024-12-09
2024120904015518,UPCL,58,4,54.0,284.0,15336.0,2024-12-09
2024120901017667,NIMB,58,52,300.0,217.0,65100.0,2024-12-09
2024120901017666,NIMB,58,54,100.0,216.9,21690.0,2024-12-09
2024120905013667,SAHAS,25,39,10.0,489.0,4890.0,2024-12-09
2024120903014714,BFC,60,50,10.0,784.9,7849.0,2024-12-09
2024120904015517,HPPL,86,91,44.0,415.0,18260.0,2024-12-09
2024120904015516,HPPL,34,91,500.0,415.0,207500.0,2024-12-09
2024120904015515,HPPL,42,91,256.0,415.0,106240.0,2024-12-09
2024120901017665,TSHL,72,21,10.0,873.1,8731.0,2024-12-09
2024120905013666,HDL,42,44,100.0,1381.0,138100.0,2024-12-09
2024120905013665,NTC,54,14,20.0,953.9,19078.0,2024-12-09
2024120904015514,NGPL,38,20,33.0,283.0,9339.0,2024-12-09
2024120904015513,AKJCL,17,34,70.0,211.8,14826.0,2024-12-09
2024120901017664,SPL,7,22,10.0,976.9,9769.0,2024-12-09
2024120901017663,SGHC,45,45,20.0,463.0,9260.0,2024-12-09
2024120903014713,NADEP,41,41,25.0,990.0,24750.0,2024-12-09
2024120903014712,SJLIC,34,18,55.0,467.4,25707.0,2024-12-09
2024120903014711,SJLIC,33,18,30.0,468.0,14040.0,2024-12-09
2024120903014710,SJLIC,25,18,115.0,468.0,53820.0,2024-12-09
2024120905013664,SAHAS,33,39,50.0,489.0,24450.0,2024-12-09
2024120905013663,GCIL,34,41,11.0,478.0,5258.0,2024-12-09
2024120901017662,PCBL,52,43,375.0,254.3,95362.5,2024-12-09
2024120901017661,PCBL,52,43,25.0,254.4,6360.0,2024-12-09
2024120903014709,JSLBB,49,43,180.0,1571.0,282780.0,2024-12-09
2024120905013662,SAEF,35,17,15300.0,11.18,171054.0,2024-12-09
2024120905013661,SAEF,16,17,300.0,11.18,3354.0,2024-12-09
2024120905013660,SAEF,45,17,100.0,11.18,1118.0,2024-12-09
2024120905013659,ILI,39,57,282.0,479.5,135219.0,2024-12-09
2024120901017660,NABIL,55,36,100.0,510.0,51000.0,2024-12-09
2024120904015512,CGH,14,37,116.0,925.0,107300.0,2024-12-09
2024120904015511,CGH,34,37,20.0,925.0,18500.0,2024-12-09
2024120904015510,CGH,25,37,50.0,925.0,46250.0,2024-12-09
2024120904015509,CGH,17,37,50.0,925.0,46250.0,2024-12-09
2024120904015508,CGH,34,37,11.0,925.0,10175.0,2024-12-09
2024120905013658,SAHAS,42,11,245.0,488.5,119682.5,2024-12-09
2024120904015507,CGH,49,37,10.0,925.0,9250.0,2024-12-09
2024120904015506,CGH,3,37,10.0,925.0,9250.0,2024-12-09
2024120904015505,CGH,49,37,100.0,925.0,92500.0,2024-12-09
2024120904015504,CGH,64,37,108.0,925.0,99900.0,2024-12-09
2024120904015503,CGH,57,37,15.0,925.0,13875.0,2024-12-09
2024120904015502,CGH,54,37,10.0,925.0,9250.0,2024-12-09
2024120904015501,CGH,1,37,500.0,925.0,462500.0,2024-12-09
2024120905013657,SONA,42,41,150.0,458.0,68700.0,2024-12-09
2024120904015500,NLG,55,42,200.0,902.0,180400.0,2024-12-09
2024120905013656,CHDC,44,19,21.0,1661.0,34881.0,2024-12-09
2024120905013655,SHIVM,19,34,50.0,561.0,28050.0,2024-12-09
2024120903014708,CBBL,49,38,35.0,934.0,32690.0,2024-12-09
2024120904015499,UPCL,34,45,158.0,283.6,44808.8,2024-12-09
2024120904015498,UPCL,39,45,350.0,283.6,99260.0,2024-12-09
2024120905013654,NRIC,40,7,53.0,774.1,41027.3,2024-12-09
2024120903014707,MFIL,44,59,11.0,705.0,7755.0,2024-12-09
2024120903014706,MFIL,80,59,20.0,705.0,14100.0,2024-12-09
2024120903014705,MFIL,4,59,30.0,705.0,21150.0,2024-12-09
2024120903014704,MFIL,58,59,30.0,705.0,21150.0,2024-12-09
2024120903014703,MFIL,14,59,79.0,705.0,55695.0,2024-12-09
2024120905013653,SHIVM,45,57,85.0,560.7,47659.5,2024-12-09
2024120905013652,SHIVM,38,57,15.0,560.8,8412.0,2024-12-09
2024120901017659,BNHC,26,85,85.0,502.0,42670.0,2024-12-09
2024120903014702,EDBL,51,62,10.0,678.0,6780.0,2024-12-09
2024120903014701,JFL,39,51,125.0,919.9,114987.5,2024-12-09
2024120903014700,SIFC,51,48,30.0,635.3,19059.0,2024-12-09
2024120904015497,CHL,34,64,89.0,413.0,36757.0,2024-12-09
2024120901017658,PPL,80,58,10.0,522.0,5220.0,2024-12-09
2024120901017657,SARBTM,53,39,180.0,755.0,135900.0,2024-12-09
2024120901017656,SARBTM,53,3,20.0,755.0,15100.0,2024-12-09
2024120904015496,RURU,16,42,50.0,726.0,36300.0,2024-12-09
2024120904015495,AHPC,55,45,50.0,267.0,13350.0,2024-12-09
2024120904015494,AHPC,57,45,500.0,267.0,133500.0,2024-12-09
2024120904015493,AHPC,1,45,50.0,267.0,13350.0,2024-12-09
2024120905013651,ILI,39,22,587.0,479.5,281466.5,2024-12-09
2024120905013650,ILI,45,22,50.0,479.6,23980.0,2024-12-09
2024120904015492,SHEL,11,7,297.0,250.0,74250.0,2024-12-09
2024120904015491,UPCL,58,4,31.0,284.0,8804.0,2024-12-09
2024120904015490,UPCL,58,26,100.0,284.0,28400.0,2024-12-09
2024120901017655,NIMB,46,8,100.0,216.3,21630.0,2024-12-09
2024120901017654,NIMB,51,8,100.0,216.5,21650.0,2024-12-09
2024120903014699,GUFL,59,57,30.0,723.9,21717.0,2024-12-09
2024120904015489,UMHL,38,50,300.0,346.0,103800.0,2024-12-09
2024120905013649,HIDCL,51,58,24.0,251.0,6024.0,2024-12-09
2024120905013648,HIDCL,51,8,476.0,251.0,119476.0,2024-12-09
2024120903014698,JFL,39,42,140.0,919.9,128786.0,2024-12-09
2024120903014697,WNLB,49,1,10.0,2569.0,25690.0,2024-12-09
2024120901017653,NICA,49,58,4.0,405.0,1620.0,2024-12-09
2024120903014696,SINDU,58,96,61.0,996.2,60768.2,2024-12-09
2024120903014695,SINDU,22,96,200.0,999.0,199800.0,2024-12-09
2024120903014694,SINDU,16,96,39.0,999.0,38961.0,2024-12-09
2024120901017652,SPL,39,22,10.0,976.9,9769.0,2024-12-09
2024120903014693,SFCL,38,5,200.0,730.0,146000.0,2024-12-09
2024120903014692,SFCL,38,13,347.0,730.0,253310.0,2024-12-09
2024120905013647,NIFRA,45,38,277.0,254.4,70468.8,2024-12-09
2024120905013646,NIFRA,5,38,246.0,254.4,62582.4,2024-12-09
2024120903014691,ICFC,34,42,100.0,715.0,71500.0,2024-12-09
2024120903014690,BFC,11,1,50.0,783.0,39150.0,2024-12-09
2024120903014689,GBLBS,28,42,10.0,778.0,7780.0,2024-12-09
2024120903014688,ICFC,38,58,100.0,712.0,71200.0,2024-12-09
2024120901017651,SBI,63,13,968.0,454.9,440343.2,2024-12-09
2024120901017650,SBI,63,10,100.0,454.8,45480.0,2024-12-09
2024120901017649,SBI,63,49,87.0,453.0,39411.0,2024-12-09
2024120901017648,SBI,63,45,18.0,452.7,8148.6,2024-12-09
2024120903014687,GLBSL,26,34,10.0,2199.8,21998.0,2024-12-09
2024120901017647,GBIME,51,63,1300.0,221.5,287950.0,2024-12-09
2024120905013645,PHCL,42,58,10.0,553.3,5533.0,2024-12-09
2024120904015488,UMHL,38,66,470.0,346.0,162620.0,2024-12-09
2024120904015487,UMHL,26,66,30.0,346.0,10380.0,2024-12-09
2024120904015486,DHPL,49,3,500.0,316.9,158450.0,2024-12-09
2024120904015485,JOSHI,45,34,100.0,430.0,43000.0,2024-12-09
2024120904015484,JOSHI,5,34,200.0,430.1,86020.0,2024-12-09
2024120904015483,JOSHI,38,34,200.0,430.1,86020.0,2024-12-09
2024120904015482,JOSHI,11,34,118.0,432.0,50976.0,2024-12-09
2024120904015481,JOSHI,6,34,40.0,432.0,17280.0,2024-12-09
2024120901017646,MKJC,1,38,500.0,552.0,276000.0,2024-12-09
2024120901017645,KBL,57,1,500.0,216.9,108450.0,2024-12-09
2024120901017644,TSHL,35,69,10.0,887.9,8879.0,2024-12-09
2024120903014686,SJLIC,45,49,100.0,468.6,46860.0,2024-12-09
2024120903014685,JFL,39,45,250.0,919.9,229975.0,2024-12-09
2024120901017643,KBSH,34,33,10.0,2591.3,25913.0,2024-12-09
2024120904015480,HURJA,50,39,60.0,240.0,14400.0,2024-12-09
2024120904015479,SPIL,58,48,10.0,830.0,8300.0,2024-12-09
2024120901017642,SANIMA,67,65,500.0,307.0,153500.0,2024-12-09
2024120903014684,HLI,57,44,78.0,460.0,35880.0,2024-12-09
2024120903014683,HLI,57,22,30.0,460.0,13800.0,2024-12-09
2024120903014682,HLI,57,7,10.0,460.0,4600.0,2024-12-09
2024120903014681,HLI,57,59,82.0,460.0,37720.0,2024-12-09
2024120904015478,UPCL,57,26,50.0,284.0,14200.0,2024-12-09
2024120903014680,LBBL,21,8,10.0,498.0,4980.0,2024-12-09
2024120903014679,SINDU,51,56,500.0,1000.0,500000.0,2024-12-09
2024120905013644,NIFRA,42,48,100.0,254.5,25450.0,2024-12-09
2024120905013643,SBCF,84,49,14100.0,9.72,137052.0,2024-12-09
2024120903014678,GFCL,53,84,180.0,850.0,153000.0,2024-12-09
2024120903014677,GFCL,37,84,20.0,850.5,17010.0,2024-12-09
2024120901017641,TPC,58,47,615.0,557.0,342555.0,2024-12-09
2024120901017640,TPC,67,47,18.0,559.0,10062.0,2024-12-09
2024120901017639,MSHL,33,55,60.0,973.5,58410.0,2024-12-09
2024120904015477,NIL,52,35,50.0,924.0,46200.0,2024-12-09
2024120905013642,ILI,45,57,60.0,479.6,28776.0,2024-12-09
2024120905013641,ILI,45,21,90.0,479.6,43164.0,2024-12-09
2024120904015476,NHPC,19,75,500.0,226.0,113000.0,2024-12-09
2024120903014676,NFS,57,21,10.0,1153.9,11539.0,2024-12-09
2024120901017638,KBL,57,21,100.0,216.9,21690.0,2024-12-09
2024120901017637,NYADI,16,11,10.0,338.0,3380.0,2024-12-09
2024120901017636,MKHL,51,11,10.0,623.0,6230.0,2024-12-09
2024120904015475,GLH,51,58,166.0,250.0,41500.0,2024-12-09
2024120903014675,GRDBL,81,49,100.0,1011.9,101190.0,2024-12-09
2024120903014674,GRDBL,81,49,257.0,1011.9,260058.3,2024-12-09
2024120903014673,GRDBL,94,49,100.0,1012.0,101200.0,2024-12-09
2024120903014672,GUFL,19,57,200.0,723.9,144780.0,2024-12-09
2024120901017635,PRVU,38,5,1000.0,224.0,224000.0,2024-12-09
2024120904015474,LEC,38,68,50.0,213.0,10650.0,2024-12-09
2024120901017634,SPC,34,10,25.0,522.0,13050.0,2024-12-09
2024120903014671,JBBL,36,1,450.0,387.9,174555.0,2024-12-09
2024120903014670,KMCDB,62,4,10.0,1108.0,11080.0,2024-12-09
2024120903014669,JFL,39,35,500.0,919.9,459950.0,2024-12-09
2024120903014668,JBBL,6,41,200.0,387.7,77540.0,2024-12-09
2024120903014667,JFL,39,46,230.0,919.9,211577.0,2024-12-09
2024120903014666,KSBBL,46,57,12.0,462.0,5544.0,2024-12-09
2024120901017633,HIDCLP,28,56,350.0,167.0,58450.0,2024-12-09
2024120901017632,HIDCLP,55,56,200.0,167.5,33500.0,2024-12-09
2024120901017631,HIDCLP,76,56,450.0,167.5,75375.0,2024-12-09
2024120905013640,NIFRA,41,48,75.0,254.5,19087.5,2024-12-09
2024120904015473,NHDL,85,43,66.0,735.0,48510.0,2024-12-09
2024120903014665,NMBMF,42,17,60.0,700.0,42000.0,2024-12-09
2024120904015472,UPPER,51,17,350.0,212.7,74445.0,2024-12-09
2024120903014664,PFL,58,29,27.0,674.0,18198.0,2024-12-09
2024120903014663,PFL,58,19,30.0,674.0,20220.0,2024-12-09
2024120903014662,PFL,58,70,143.0,673.0,96239.0,2024-12-09
2024120905013639,HDL,57,58,10.0,1381.5,13815.0,2024-12-09
2024120905013638,HDL,57,44,40.0,1381.0,55240.0,2024-12-09
2024120905013637,NRIC,21,45,33.0,775.0,25575.0,2024-12-09
2024120905013636,NRIC,21,41,67.0,775.0,51925.0,2024-12-09
2024120904015471,UPPER,51,57,50.0,212.7,10635.0,2024-12-09
2024120904015470,UPPER,51,35,118.0,212.7,25098.6,2024-12-09
2024120904015469,UPPER,51,8,136.0,212.7,28927.2,2024-12-09
2024120903014661,SADBL,33,44,481.0,439.5,211399.5,2024-12-09
2024120903014660,SADBL,39,44,50.0,439.6,21980.0,2024-12-09
2024120903014659,SADBL,53,44,1519.0,439.6,667752.4,2024-12-09
2024120903014658,SADBL,57,44,50.0,440.0,22000.0,2024-12-09
2024120904015468,LEC,39,68,50.0,213.0,10650.0,2024-12-09
2024120904015467,MEN,48,74,850.0,709.0,602650.0,2024-12-09
2024120904015466,MEN,48,90,578.0,709.0,409802.0,2024-12-09
2024120901017630,ADBL,1,38,500.0,336.7,168350.0,2024-12-09
2024120903014657,GUFL,47,57,500.0,723.9,361950.0,2024-12-09
2024120903014656,SFCL,34,13,100.0,730.0,73000.0,2024-12-09
2024120905013635,SAHAS,55,39,20.0,489.0,9780.0,2024-12-09
2024120905013634,HRL,55,55,10.0,820.0,8200.0,2024-12-09
2024120904015465,MEN,46,32,20.0,708.9,14178.0,2024-12-09
2024120905013633,HRL,55,41,100.0,820.0,82000.0,2024-12-09
2024120904015464,NLG,55,13,25.0,902.0,22550.0,2024-12-09
2024120905013632,CLI,14,17,46.0,696.0,32016.0,2024-12-09
2024120905013631,CLI,58,17,415.0,696.2,288923.0,2024-12-09
2024120905013630,CLI,52,17,48.0,696.3,33422.4,2024-12-09
2024120905013629,CLI,41,17,191.0,697.0,133127.0,2024-12-09
2024120904015463,CGH,41,81,100.0,925.0,92500.0,2024-12-09
2024120904015462,CGH,46,81,100.0,925.0,92500.0,2024-12-09
2024120904015461,CGH,1,81,95.0,925.1,87884.5,2024-12-09
2024120903014655,MFIL,58,59,30.0,706.0,21180.0,2024-12-09
2024120903014654,NLIC,67,58,50.0,793.0,39650.0,2024-12-09
2024120903014653,NLIC,57,58,30.0,793.0,23790.0,2024-12-09
2024120903014652,RLFL,58,41,1000.0,642.0,642000.0,2024-12-09
2024120905013628,CLI,41,57,10.0,697.0,6970.0,2024-12-09
2024120903014651,GLBSL,26,57,35.0,2181.1,76338.5,2024-12-09
2024120903014650,GLBSL,42,57,10.0,2182.0,21820.0,2024-12-09
2024120905013627,SONA,57,41,100.0,458.0,45800.0,2024-12-09
2024120905013626,HDL,47,44,10.0,1381.0,13810.0,2024-12-09
2024120905013625,HDL,26,44,10.0,1381.0,13810.0,2024-12-09
2024120905013624,HDL,53,44,40.0,1381.0,55240.0,2024-12-09
2024120905013623,HDL,42,58,20.0,1381.5,27630.0,2024-12-09
2024120904015460,RURU,36,42,50.0,726.0,36300.0,2024-12-09
2024120903014649,PFL,35,70,57.0,673.0,38361.0,2024-12-09
2024120904015459,UAIL,21,14,10.0,645.1,6451.0,2024-12-09
2024120904015458,UAIL,39,14,40.0,645.1,25804.0,2024-12-09
2024120904015457,UAIL,58,14,10.0,645.1,6451.0,2024-12-09
2024120904015456,UAIL,44,14,40.0,645.2,25808.0,2024-12-09
2024120904015455,UAIL,57,14,50.0,645.3,32265.0,2024-12-09
2024120901017629,TVCL,32,5,10.0,509.0,5090.0,2024-12-09
2024120905013622,SMATA,3,32,12.0,846.6,10159.2,2024-12-09
2024120905013621,SAHAS,16,39,50.0,489.0,24450.0,2024-12-09
2024120905013620,SAHAS,53,39,20.0,489.0,9780.0,2024-12-09
2024120901017628,MHL,72,4,40.0,880.0,35200.0,2024-12-09
2024120905013619,NRM,45,49,10.0,445.2,4452.0,2024-12-09
2024120905013618,NRM,45,13,50.0,445.0,22250.0,2024-12-09
2024120905013617,NRM,45,52,10.0,445.0,4450.0,2024-12-09
2024120901017627,MKHC,45,56,256.0,497.1,127257.6,2024-12-09
2024120901017626,MKHC,57,56,500.0,497.2,248600.0,2024-12-09
2024120901017625,MKHC,53,56,250.0,497.3,124325.0,2024-12-09
2024120903014648,RSDC,63,35,10.0,723.3,7233.0,2024-12-09
2024120903014647,CBBL,33,11,25.0,935.0,23375.0,2024-12-09
2024120903014646,RLFL,60,41,14.0,642.0,8988.0,2024-12-09
2024120903014645,RLFL,60,57,16.0,642.0,10272.0,2024-12-09
2024120903014644,RLFL,60,13,20.0,641.9,12838.0,2024-12-09
2024120903014643,RLFL,60,29,50.0,640.9,32045.0,2024-12-09
2024120901017624,PRVU,22,8,172.0,222.1,38201.2,2024-12-09
2024120901017623,PRVU,49,8,50.0,223.0,11150.0,2024-12-09
2024120901017622,PRVU,57,8,67.0,223.0,14941.0,2024-12-09
2024120901017621,PRVU,42,8,690.0,223.0,153870.0,2024-12-09
2024120903014642,JFL,8,49,100.0,920.0,92000.0,2024-12-09
2024120901017620,NYADI,58,45,10.0,340.0,3400.0,2024-12-09
2024120901017619,PRVU,21,5,134.0,224.0,30016.0,2024-12-09
2024120901017618,PRVU,21,37,366.0,224.0,81984.0,2024-12-09
2024120905013616,SHIVM,37,34,500.0,561.0,280500.0,2024-12-09
2024120905013615,HDL,53,42,150.0,1381.0,207150.0,2024-12-09
2024120905013614,HDL,37,42,50.0,1381.1,69055.0,2024-12-09
2024120904015454,RHPL,48,55,20.0,468.0,9360.0,2024-12-09
2024120901017617,RHGCL,58,18,10.0,489.0,4890.0,2024-12-09
2024120901017616,RHGCL,33,18,39.0,489.0,19071.0,2024-12-09
2024120901017615,RHGCL,65,18,226.0,489.1,110536.6,2024-12-09
2024120901017614,SBL,50,44,11.0,307.9,3386.9,2024-12-09
2024120904015453,MHNL,50,41,10.0,280.0,2800.0,2024-12-09
2024120904015452,SHL,17,3,500.0,488.0,244000.0,2024-12-09
2024120903014641,CBBL,49,58,32.0,934.0,29888.0,2024-12-09
2024120905013613,GCIL,58,48,143.0,479.0,68497.0,2024-12-09
2024120905013612,GCIL,58,33,46.0,479.0,22034.0,2024-12-09
2024120905013611,SHIVM,57,34,100.0,561.0,56100.0,2024-12-09
2024120903014640,PFL,35,57,150.0,673.0,100950.0,2024-12-09
2024120903014639,SFCL,57,13,53.0,730.0,38690.0,2024-12-09
2024120903014638,SFCL,57,57,47.0,730.0,34310.0,2024-12-09
2024120904015451,UMRH,21,29,14.0,647.0,9058.0,2024-12-09
2024120904015450,UMRH,21,6,36.0,647.0,23292.0,2024-12-09
2024120903014637,SIFC,57,38,80.0,635.4,50832.0,2024-12-09
2024120904015449,JOSHI,29,29,100.0,433.0,43300.0,2024-12-09
2024120905013610,PSF,47,25,4600.0,10.21,46966.0,2024-12-09
2024120904015448,API,16,1,93.0,274.7,25547.1,2024-12-09
2024120903014636,ALICL,45,35,50.0,727.5,36375.0,2024-12-09
2024120901017613,USHEC,45,48,50.0,591.9,29595.0,2024-12-09
2024120901017612,BEDC,56,36,25.0,570.0,14250.0,2024-12-09
2024120901017611,BEDC,56,28,195.0,570.0,111150.0,2024-12-09
2024120901017610,BEDC,56,59,10.0,569.9,5699.0,2024-12-09
2024120905013609,GCIL,34,25,2432.0,478.0,1162496.0,2024-12-09
2024120905013608,GCIL,45,25,100.0,478.1,47810.0,2024-12-09
2024120905013607,GCIL,54,25,75.0,478.1,35857.5,2024-12-09
2024120905013606,GCIL,11,25,115.0,478.2,54993.0,2024-12-09
2024120905013605,GCIL,32,25,278.0,478.9,133134.2,2024-12-09
2024120901017609,IHL,60,38,10.0,688.0,6880.0,2024-12-09
2024120904015447,AKJCL,17,45,250.0,211.8,52950.0,2024-12-09
2024120904015446,AKJCL,17,58,100.0,211.5,21150.0,2024-12-09
2024120904015445,AKJCL,17,29,1290.0,211.5,272835.0,2024-12-09
2024120901017608,KBL,57,50,50.0,216.9,10845.0,2024-12-09
2024120904015444,UPCL,58,26,250.0,284.0,71000.0,2024-12-09
2024120905013604,HDL,58,58,20.0,1381.5,27630.0,2024-12-09
2024120903014635,KRBL,57,48,90.0,830.0,74700.0,2024-12-09
2024120901017607,KBL,57,57,1330.0,216.9,288477.0,2024-12-09
2024120901017606,MCHL,49,44,50.0,566.5,28325.0,2024-12-09
2024120904015443,UNHPL,49,41,10.0,292.0,2920.0,2024-12-09
2024120903014634,SKBBL,42,49,305.0,916.2,279441.0,2024-12-09
2024120903014633,SKBBL,54,49,10.0,916.3,9163.0,2024-12-09
2024120903014632,SKBBL,45,49,10.0,916.4,9164.0,2024-12-09
2024120903014631,SKBBL,28,49,85.0,916.5,77902.5,2024-12-09
2024120903014630,SKBBL,45,49,20.0,916.5,18330.0,2024-12-09
2024120903014629,SKBBL,13,49,500.0,916.6,458300.0,2024-12-09
2024120903014628,SKBBL,42,49,50.0,916.6,45830.0,2024-12-09
2024120903014627,SKBBL,41,49,50.0,917.0,45850.0,2024-12-09
2024120903014626,SKBBL,13,49,200.0,917.0,183400.0,2024-12-09
2024120903014625,SKBBL,13,49,20.0,917.0,18340.0,2024-12-09
2024120903014624,SKBBL,21,49,10.0,917.0,9170.0,2024-12-09
2024120903014623,SKBBL,45,49,18.0,917.1,16507.8,2024-12-09
2024120903014622,SKBBL,38,49,91.0,917.1,83456.1,2024-12-09
2024120903014621,SKBBL,65,49,29.0,917.1,26595.9,2024-12-09
2024120903014620,SKBBL,42,49,10.0,917.2,9172.0,2024-12-09
2024120903014619,SKBBL,59,49,10.0,917.5,9175.0,2024-12-09
2024120903014618,SKBBL,16,49,55.0,918.0,50490.0,2024-12-09
2024120903014617,SKBBL,38,49,27.0,918.0,24786.0,2024-12-09
2024120903014616,SAPDBL,82,89,820.0,1105.0,906100.0,2024-12-09
2024120903014615,SAPDBL,82,57,180.0,1104.5,198810.0,2024-12-09
2024120905013603,RNLI,85,53,10.0,516.0,5160.0,2024-12-09
2024120903014614,BFC,95,25,75.0,785.0,58875.0,2024-12-09
2024120903014613,BFC,95,49,10.0,785.0,7850.0,2024-12-09
2024120903014612,BFC,95,26,10.0,785.0,7850.0,2024-12-09
2024120903014611,BFC,95,10,100.0,785.0,78500.0,2024-12-09
2024120903014610,BFC,95,51,100.0,784.9,78490.0,2024-12-09
2024120903014609,BFC,95,1,50.0,784.1,39205.0,2024-12-09
2024120903014608,BFC,95,45,10.0,784.1,7841.0,2024-12-09
2024120903014607,BFC,95,45,200.0,784.0,156800.0,2024-12-09
2024120903014606,BFC,95,45,10.0,784.0,7840.0,2024-12-09
2024120903014605,BFC,95,28,100.0,783.9,78390.0,2024-12-09
2024120903014604,BFC,95,19,300.0,783.0,234900.0,2024-12-09
2024120903014603,BFC,95,17,30.0,783.0,23490.0,2024-12-09
2024120904015442,CGH,1,45,155.0,925.1,143390.5,2024-12-09
2024120904015441,CGH,40,45,35.0,925.1,32378.5,2024-12-09
2024120904015440,CGH,29,45,320.0,925.1,296032.0,2024-12-09
2024120904015439,CGH,58,45,40.0,925.2,37008.0,2024-12-09
2024120904015438,CGH,58,45,30.0,926.0,27780.0,2024-12-09
2024120904015437,CGH,1,45,20.0,926.0,18520.0,2024-12-09
2024120904015436,CGH,22,45,20.0,926.1,18522.0,2024-12-09
2024120904015435,UPPER,13,8,1000.0,212.7,212700.0,2024-12-09
2024120904015434,CHCL,26,94,20.0,565.0,11300.0,2024-12-09
2024120901017605,MMKJL,44,62,40.0,689.0,27560.0,2024-12-09
2024120901017604,DOLTI,48,58,100.0,669.0,66900.0,2024-12-09
2024120905013602,VLUCL,37,51,10.0,665.0,6650.0,2024-12-09
2024120903014602,JFL,39,66,400.0,919.9,367960.0,2024-12-09
2024120904015433,NHPC,57,14,900.0,226.0,203400.0,2024-12-09
2024120904015432,NHPC,16,14,100.0,226.7,22670.0,2024-12-09
2024120905013601,HDL,49,58,14.0,1381.5,19341.0,2024-12-09
2024120901017603,JBLB,49,4,10.0,1540.0,15400.0,2024-12-09
2024120903014601,HLI,38,59,100.0,460.0,46000.0,2024-12-09
2024120903014600,CFCL,29,21,15.0,650.0,9750.0,2024-12-09
2024120904015431,UMHL,26,47,70.0,346.0,24220.0,2024-12-09
2024120904015430,UMHL,58,47,130.0,346.0,44980.0,2024-12-09
2024120903014599,RSDC,34,35,10.0,723.3,7233.0,2024-12-09
2024120904015429,NIL,16,3,100.0,925.0,92500.0,2024-12-09
2024120901017602,ADBL,46,49,10.0,339.0,3390.0,2024-12-09
2024120905013600,STC,45,63,30.0,5765.0,172950.0,2024-12-09
2024120901017601,NICA,62,22,44.0,405.0,17820.0,2024-12-09
2024120901017600,NICA,62,52,456.0,405.0,184680.0,2024-12-09
2024120901017599,MANDU,87,58,20.0,901.6,18032.0,2024-12-09
2024120904015428,PRIN,60,64,170.0,969.4,164798.0,2024-12-09
2024120904015427,PRIN,45,64,60.0,969.5,58170.0,2024-12-09
2024120904015426,NGPL,21,20,20.0,283.0,5660.0,2024-12-09
2024120904015425,NGPL,49,20,50.0,283.0,14150.0,2024-12-09
2024120904015424,NGPL,21,20,90.0,283.0,25470.0,2024-12-09
2024120903014598,MSLB,32,57,10.0,1638.0,16380.0,2024-12-09
2024120903014597,SINDU,16,92,11.0,999.0,10989.0,2024-12-09
2024120901017598,UHEWA,36,52,20.0,742.1,14842.0,2024-12-09
2024120903014596,SKBBL,28,8,10.0,918.7,9187.0,2024-12-09
2024120904015423,NLG,55,55,12.0,902.0,10824.0,2024-12-09
2024120904015422,NLG,32,55,38.0,902.1,34279.8,2024-12-09
2024120904015421,PPCL,34,32,100.0,293.9,29390.0,2024-12-09
2024120904015420,SPDL,75,72,63.0,325.5,20506.5,2024-12-09
2024120904015419,NGPL,33,34,500.0,283.1,141550.0,2024-12-09
2024120901017597,DOLTI,48,50,100.0,669.0,66900.0,2024-12-09
2024120904015418,API,59,21,193.0,274.4,52959.2,2024-12-09
2024120904015417,API,25,21,807.0,274.4,221440.8,2024-12-09
2024120901017596,SNLI,17,58,24.0,649.0,15576.0,2024-12-09
2024120903014595,LICN,8,58,500.0,1273.2,636600.0,2024-12-09
2024120903014594,LICN,3,58,435.0,1273.7,554059.5,2024-12-09
2024120903014593,LICN,59,58,100.0,1274.0,127400.0,2024-12-09
2024120903014592,LICN,74,58,20.0,1274.0,25480.0,2024-12-09
2024120903014591,LICN,17,58,20.0,1274.0,25480.0,2024-12-09
2024120903014590,LICN,14,58,3700.0,1274.0,4713800.0,2024-12-09
2024120903014589,LICN,14,58,3700.0,1274.0,4713800.0,2024-12-09
2024120903014588,LICN,14,58,3700.0,1274.0,4713800.0,2024-12-09
2024120903014587,LICN,38,58,130.0,1274.0,165620.0,2024-12-09
2024120903014586,LICN,7,58,25.0,1274.0,31850.0,2024-12-09
2024120903014585,LICN,22,58,100.0,1274.0,127400.0,2024-12-09
2024120903014584,LICN,41,58,100.0,1274.0,127400.0,2024-12-09
2024120903014583,LICN,57,58,60.0,1274.0,76440.0,2024-12-09
2024120903014582,LICN,58,58,15.0,1274.0,19110.0,2024-12-09
2024120903014581,LICN,45,58,20.0,1274.0,25480.0,2024-12-09
2024120903014580,LICN,14,58,200.0,1274.0,254800.0,2024-12-09
2024120903014579,LICN,16,58,10.0,1274.0,12740.0,2024-12-09
2024120903014578,LICN,71,58,50.0,1274.0,63700.0,2024-12-09
2024120903014577,LICN,38,58,20.0,1274.0,25480.0,2024-12-09
2024120903014576,LICN,29,58,100.0,1274.0,127400.0,2024-12-09
2024120903014575,LICN,42,58,20.0,1274.0,25480.0,2024-12-09
2024120903014574,LICN,14,58,1000.0,1274.0,1274000.0,2024-12-09
2024120903014573,LICN,17,58,10.0,1274.0,12740.0,2024-12-09
2024120903014572,LICN,7,58,10.0,1274.0,12740.0,2024-12-09
2024120903014571,LICN,7,58,100.0,1274.0,127400.0,2024-12-09
2024120903014570,LICN,18,58,20.0,1274.0,25480.0,2024-12-09
2024120903014569,LICN,57,58,100.0,1274.0,127400.0,2024-12-09
2024120903014568,LICN,57,58,10.0,1274.0,12740.0,2024-12-09
2024120903014567,LICN,41,58,100.0,1274.0,127400.0,2024-12-09
2024120903014566,LICN,61,58,40.0,1274.0,50960.0,2024-12-09
2024120903014565,LICN,32,58,100.0,1274.0,127400.0,2024-12-09
2024120903014564,LICN,47,58,10.0,1274.0,12740.0,2024-12-09
2024120903014563,LICN,43,58,10.0,1274.0,12740.0,2024-12-09
2024120903014562,LICN,26,58,100.0,1274.0,127400.0,2024-12-09
2024120903014561,LICN,8,58,50.0,1274.0,63700.0,2024-12-09
2024120903014560,LICN,101,58,40.0,1274.0,50960.0,2024-12-09
2024120903014559,LICN,43,58,10.0,1274.0,12740.0,2024-12-09
2024120903014558,LICN,47,58,50.0,1274.0,63700.0,2024-12-09
2024120903014557,LICN,45,58,50.0,1274.0,63700.0,2024-12-09
2024120903014556,LICN,49,58,50.0,1274.0,63700.0,2024-12-09
2024120903014555,LICN,43,58,50.0,1274.0,63700.0,2024-12-09
2024120903014554,LICN,33,58,1000.0,1274.0,1274000.0,2024-12-09
2024120903014553,LICN,45,58,100.0,1274.0,127400.0,2024-12-09
2024120903014552,LICN,57,58,100.0,1274.0,127400.0,2024-12-09
2024120903014551,LICN,58,58,200.0,1274.0,254800.0,2024-12-09
2024120903014550,LICN,57,58,200.0,1274.0,254800.0,2024-12-09
2024120903014549,LICN,94,58,200.0,1274.0,254800.0,2024-12-09
2024120903014548,LICN,57,58,20.0,1274.0,25480.0,2024-12-09
2024120903014547,LICN,16,58,100.0,1274.0,127400.0,2024-12-09
2024120903014546,LICN,48,58,500.0,1274.0,637000.0,2024-12-09
2024120903014545,LICN,7,58,100.0,1274.0,127400.0,2024-12-09
2024120903014544,LICN,17,58,10.0,1274.0,12740.0,2024-12-09
2024120903014543,LICN,28,58,15.0,1274.0,19110.0,2024-12-09
2024120903014542,LICN,43,58,20.0,1274.0,25480.0,2024-12-09
2024120903014541,LICN,42,58,100.0,1274.0,127400.0,2024-12-09
2024120903014540,LICN,7,58,390.0,1274.0,496860.0,2024-12-09
2024120903014539,LICN,25,58,300.0,1274.1,382230.0,2024-12-09
2024120903014538,LICN,33,58,50.0,1275.0,63750.0,2024-12-09
2024120903014537,LICN,49,58,50.0,1275.0,63750.0,2024-12-09
2024120903014536,LICN,49,58,100.0,1275.0,127500.0,2024-12-09
2024120903014535,LICN,17,58,40.0,1275.0,51000.0,2024-12-09
2024120903014534,LICN,26,58,50.0,1275.0,63750.0,2024-12-09
2024120903014533,LICN,28,58,10.0,1275.0,12750.0,2024-12-09
2024120903014532,LICN,3,58,10.0,1275.0,12750.0,2024-12-09
2024120903014531,LICN,21,58,50.0,1275.0,63750.0,2024-12-09
2024120903014530,LICN,45,58,50.0,1275.0,63750.0,2024-12-09
2024120903014529,LICN,45,58,50.0,1275.0,63750.0,2024-12-09
2024120903014528,LICN,49,58,100.0,1275.0,127500.0,2024-12-09
2024120903014527,LICN,34,58,2000.0,1275.0,2550000.0,2024-12-09
2024120903014526,LICN,48,58,20.0,1275.3,25506.0,2024-12-09
2024120903014525,LICN,19,58,100.0,1276.0,127600.0,2024-12-09
2024120903014524,LICN,41,58,18.0,1277.0,22986.0,2024-12-09
2024120903014523,LICN,41,58,100.0,1277.0,127700.0,2024-12-09
2024120903014522,LICN,45,58,25.0,1280.0,32000.0,2024-12-09
2024120903014521,LICN,63,58,100.0,1280.0,128000.0,2024-12-09
2024120903014520,LICN,34,58,15.0,1280.0,19200.0,2024-12-09
2024120903014519,LICN,41,58,30.0,1280.0,38400.0,2024-12-09
2024120903014518,LICN,35,58,19.0,1280.0,24320.0,2024-12-09
2024120903014517,LICN,45,58,10.0,1280.0,12800.0,2024-12-09
2024120903014516,LICN,28,58,50.0,1280.0,64000.0,2024-12-09
2024120903014515,LICN,51,58,45.0,1280.0,57600.0,2024-12-09
2024120903014514,LICN,55,58,39.0,1282.0,49998.0,2024-12-09
2024120903014513,LICN,37,58,50.0,1282.0,64100.0,2024-12-09
2024120903014512,LICN,41,58,100.0,1284.0,128400.0,2024-12-09
2024120903014511,LICN,17,58,10.0,1285.0,12850.0,2024-12-09
2024120903014510,LICN,34,58,10.0,1285.0,12850.0,2024-12-09
2024120903014509,LICN,71,58,50.0,1285.0,64250.0,2024-12-09
2024120903014508,LICN,57,58,10.0,1285.0,12850.0,2024-12-09
2024120903014507,LICN,58,58,35.0,1285.0,44975.0,2024-12-09
2024120903014506,LICN,44,58,1000.0,1285.0,1285000.0,2024-12-09
2024120903014505,LICN,8,58,100.0,1285.0,128500.0,2024-12-09
2024120903014504,LICN,48,58,10.0,1285.0,12850.0,2024-12-09
2024120903014503,LICN,35,58,300.0,1290.0,387000.0,2024-12-09
2024120903014502,LICN,35,58,10.0,1290.0,12900.0,2024-12-09
2024120903014501,LICN,49,58,100.0,1290.0,129000.0,2024-12-09
2024120903014500,LICN,59,58,3900.0,1290.0,5031000.0,2024-12-09
2024120903014499,LICN,58,58,21.0,1290.0,27090.0,2024-12-09
2024120903014498,LICN,28,58,30.0,1290.0,38700.0,2024-12-09
2024120903014497,LICN,37,58,15.0,1290.0,19350.0,2024-12-09
2024120903014496,LICN,14,58,30.0,1290.0,38700.0,2024-12-09
2024120903014495,LICN,52,58,10.0,1290.0,12900.0,2024-12-09
2024120903014494,LICN,32,58,300.0,1290.0,387000.0,2024-12-09
2024120903014493,LICN,58,58,10.0,1290.0,12900.0,2024-12-09
2024120903014492,LICN,50,58,200.0,1290.0,258000.0,2024-12-09
2024120903014491,LICN,89,58,500.0,1291.7,645850.0,2024-12-09
2024120903014490,LICN,28,58,100.0,1293.6,129360.0,2024-12-09
2024120903014489,LICN,38,58,20.0,1294.0,25880.0,2024-12-09
2024120903014488,LICN,44,58,100.0,1294.1,129410.0,2024-12-09
2024120903014487,LICN,16,58,10.0,1295.0,12950.0,2024-12-09
2024120903014486,LICN,57,58,100.0,1295.0,129500.0,2024-12-09
2024120903014485,LICN,55,58,50.0,1295.0,64750.0,2024-12-09
2024120903014484,LICN,55,58,20.0,1295.0,25900.0,2024-12-09
2024120903014483,LICN,35,58,365.0,1295.0,472675.0,2024-12-09
2024120903014482,LICN,28,58,30.0,1295.0,38850.0,2024-12-09
2024120903014481,LICN,28,58,20.0,1296.0,25920.0,2024-12-09
2024120903014480,LICN,58,58,18.0,1296.0,23328.0,2024-12-09
2024120903014479,LICN,41,58,20.0,1297.0,25940.0,2024-12-09
2024120903014478,LICN,57,58,154.0,1297.0,199738.0,2024-12-09
2024120903014477,LICN,49,58,29.0,1297.0,37613.0,2024-12-09
2024120903014476,LICN,58,58,20.0,1297.0,25940.0,2024-12-09
2024120903014475,LICN,22,58,300.0,1297.0,389100.0,2024-12-09
2024120903014474,LICN,11,58,30.0,1297.0,38910.0,2024-12-09
2024120903014473,LICN,53,58,100.0,1297.0,129700.0,2024-12-09
2024120903014472,LICN,75,58,25.0,1297.1,32427.5,2024-12-09
2024120903014471,LICN,43,58,20.0,1297.1,25942.0,2024-12-09
2024120903014470,LICN,18,58,10.0,1297.1,12971.0,2024-12-09
2024120903014469,LICN,59,58,100.0,1297.2,129720.0,2024-12-09
2024120903014468,LICN,25,58,15.0,1298.0,19470.0,2024-12-09
2024120903014467,LICN,57,58,10.0,1298.0,12980.0,2024-12-09
2024120903014466,LICN,58,58,10.0,1299.0,12990.0,2024-12-09
2024120903014465,LICN,57,58,100.0,1299.5,129950.0,2024-12-09
2024120903014464,RLFL,57,39,22.0,640.0,14080.0,2024-12-09
2024120903014463,HLI,13,58,50.0,459.0,22950.0,2024-12-09
2024120904015416,AKPL,50,14,500.0,248.0,124000.0,2024-12-09
2024120904015415,SHL,13,32,100.0,487.2,48720.0,2024-12-09
2024120904015414,SHL,49,32,100.0,487.3,48730.0,2024-12-09
2024120904015413,SHL,48,32,100.0,487.4,48740.0,2024-12-09
2024120903014462,NABBC,80,48,50.0,1161.0,58050.0,2024-12-09
2024120903014461,NABBC,33,48,35.0,1161.0,40635.0,2024-12-09
2024120903014460,NABBC,56,48,70.0,1161.4,81298.0,2024-12-09
2024120901017595,NYADI,16,4,30.0,338.0,10140.0,2024-12-09
2024120905013599,ENL,58,55,10.0,1316.0,13160.0,2024-12-09
2024120903014459,ALICL,34,34,10.0,728.0,7280.0,2024-12-09
2024120903014458,ALICL,34,44,190.0,727.0,138130.0,2024-12-09
2024120904015412,PPCL,42,22,200.0,292.0,58400.0,2024-12-09
2024120904015411,NGPL,87,34,400.0,283.1,113240.0,2024-12-09
2024120903014457,CFCL,45,21,220.0,650.0,143000.0,2024-12-09
2024120903014456,CFCL,45,25,50.0,650.0,32500.0,2024-12-09
2024120903014455,CFCL,45,16,490.0,650.0,318500.0,2024-12-09
