transaction,symbol,buyer,seller,quantity,rate,amount,date
2024121103012165,NABBC,62,69,50.0,1260.0,63000.0,2024-12-11
2024121103012164,ILBS,62,55,10.0,997.0,9970.0,2024-12-11
2024121103012163,ILBS,62,22,12.0,990.0,11880.0,2024-12-11
2024121103012162,ILBS,62,41,19.0,990.0,18810.0,2024-12-11
2024121103012161,ILBS,62,41,19.0,990.0,18810.0,2024-12-11
2024121103012160,NABBC,62,69,10.0,1260.0,12600.0,2024-12-11
2024121103012159,NABBC,62,69,10.0,1260.0,12600.0,2024-12-11
2024121105009596,NTC,25,43,10.0,961.9,9619.0,2024-12-11
2024121103012158,NABBC,25,69,10.0,1260.0,12600.0,2024-12-11
2024121101022063,ADBL,42,55,68.0,336.0,22848.0,2024-12-11
2024121101022062,ADBL,42,58,350.0,335.9,117565.0,2024-12-11
2024121101022061,ADBL,42,34,82.0,335.5,27511.0,2024-12-11
2024121105009595,RNLI,85,58,100.0,520.0,52000.0,2024-12-11
2024121104012526,NGPL,99,48,10.0,278.1,2781.0,2024-12-11
2024121103012157,MDB,32,55,10.0,760.0,7600.0,2024-12-11
2024121105009594,MEL,1,42,10.0,326.0,3260.0,2024-12-11
2024121101022060,KBL,19,72,980.0,224.0,219520.0,2024-12-11
2024121101022059,KBL,19,41,20.0,224.0,4480.0,2024-12-11
2024121103012156,JFL,41,41,10.0,956.8,9568.0,2024-12-11
2024121103012155,GFCL,34,67,10.0,853.0,8530.0,2024-12-11
2024121103012154,SLBSL,66,34,50.0,1710.0,85500.0,2024-12-11
2024121104012525,HPPL,84,35,16.0,413.0,6608.0,2024-12-11
2024121103012153,JSLBB,35,13,10.0,1649.0,16490.0,2024-12-11
2024121101022058,MANDU,40,7,105.0,911.0,95655.0,2024-12-11
2024121104012524,UPCL,35,35,30.0,292.3,8769.0,2024-12-11
2024121103012152,MFIL,13,7,43.0,712.0,30616.0,2024-12-11
2024121103012151,MFIL,80,7,27.0,713.0,19251.0,2024-12-11
2024121101022057,SPL,7,47,10.0,978.8,9788.0,2024-12-11
2024121103012150,LBBL,71,20,10.0,507.0,5070.0,2024-12-11
2024121103012149,CORBL,60,4,10.0,1637.1,16371.0,2024-12-11
2024121103012148,EDBL,60,32,11.0,677.5,7452.5,2024-12-11
2024121103012147,SMB,57,60,10.0,2670.1,26701.0,2024-12-11
2024121104012523,HURJA,33,53,400.0,246.0,98400.0,2024-12-11
2024121104012522,HURJA,33,35,10.0,246.0,2460.0,2024-12-11
2024121104012521,HURJA,33,13,882.0,246.0,216972.0,2024-12-11
2024121104012520,HURJA,33,33,700.0,245.7,171990.0,2024-12-11
2024121104012519,RHPL,58,33,5000.0,465.0,2325000.0,2024-12-11
2024121101022056,KDL,53,35,10.0,1167.0,11670.0,2024-12-11
2024121103012146,PFL,40,50,40.0,683.0,27320.0,2024-12-11
2024121103012145,PFL,40,44,10.0,683.0,6830.0,2024-12-11
2024121103012144,PROFL,49,5,11.0,700.0,7700.0,2024-12-11
2024121103012143,PROFL,58,5,43.0,701.0,30143.0,2024-12-11
2024121103012142,PROFL,42,5,136.0,701.0,95336.0,2024-12-11
2024121103012141,PROFL,41,5,110.0,702.0,77220.0,2024-12-11
2024121103012140,JFL,41,45,1000.0,956.8,956800.0,2024-12-11
2024121105009593,HATHY,69,35,90.0,1425.0,128250.0,2024-12-11
2024121105009592,HATHY,69,37,50.0,1424.9,71245.0,2024-12-11
2024121105009591,HATHY,69,34,60.0,1424.9,85494.0,2024-12-11
2024121103012139,NABBC,69,69,100.0,1260.0,126000.0,2024-12-11
2024121105009590,HATHY,69,4,100.0,1424.8,142480.0,2024-12-11
2024121103012138,NABBC,69,69,10.0,1260.0,12600.0,2024-12-11
2024121105009589,RNLI,88,58,50.0,520.0,26000.0,2024-12-11
2024121101022055,SBL,50,43,55.0,313.8,17259.0,2024-12-11
2024121101022054,NMB,50,11,10.0,248.0,2480.0,2024-12-11
2024121101022053,NMB,50,56,990.0,247.5,245025.0,2024-12-11
2024121103012137,NABBC,65,69,200.0,1260.0,252000.0,2024-12-11
2024121101022052,MSHL,91,67,200.0,991.0,198200.0,2024-12-11
2024121103012136,SMFBS,38,3,157.0,2260.0,354820.0,2024-12-11
2024121103012135,SMFBS,38,19,148.0,2259.0,334332.0,2024-12-11
2024121103012134,SMFBS,38,70,100.0,2239.0,223900.0,2024-12-11
2024121103012133,SMFBS,38,43,25.0,2136.9,53422.5,2024-12-11
2024121103012132,SMFBS,38,33,400.0,2128.7,851480.0,2024-12-11
2024121103012131,SMFBS,38,66,10.0,2128.0,21280.0,2024-12-11
2024121103012130,SMFBS,38,17,50.0,2128.0,106400.0,2024-12-11
2024121103012129,SMFBS,38,26,10.0,2128.0,21280.0,2024-12-11
2024121101022051,RAWA,38,26,10.0,795.0,7950.0,2024-12-11
2024121103012128,ICFC,44,49,32.0,720.0,23040.0,2024-12-11
2024121103012127,ICFC,38,49,50.0,720.0,36000.0,2024-12-11
2024121103012126,JFL,72,59,10.0,957.0,9570.0,2024-12-11
2024121103012125,KRBL,38,16,100.0,826.9,82690.0,2024-12-11
2024121104012518,UMHL,72,1,10.0,347.4,3474.0,2024-12-11
2024121101022050,PCBL,29,49,362.0,262.2,94916.4,2024-12-11
2024121103012124,JFL,72,59,10.0,957.0,9570.0,2024-12-11
2024121103012123,GFCL,32,67,20.0,853.0,17060.0,2024-12-11
2024121101022049,SCB,14,45,110.0,692.0,76120.0,2024-12-11
2024121101022048,SCB,14,6,300.0,690.5,207150.0,2024-12-11
2024121101022047,SCB,14,62,40.0,689.0,27560.0,2024-12-11
2024121101022046,SCB,14,50,50.0,685.0,34250.0,2024-12-11
2024121103012122,RLFL,43,59,55.0,650.0,35750.0,2024-12-11
2024121103012121,RLFL,43,77,45.0,650.0,29250.0,2024-12-11
2024121104012517,SPDL,46,52,68.0,334.1,22718.8,2024-12-11
2024121103012120,MLBL,52,44,21.0,414.8,8710.8,2024-12-11
2024121103012119,MLBL,52,95,200.0,414.7,82940.0,2024-12-11
2024121105009588,MEL,55,39,100.0,326.0,32600.0,2024-12-11
2024121105009587,MEL,55,47,50.0,326.0,16300.0,2024-12-11
2024121105009586,MEL,55,33,1000.0,326.0,326000.0,2024-12-11
2024121105009585,MEL,55,59,10.0,326.0,3260.0,2024-12-11
2024121105009584,MEL,55,58,10.0,326.0,3260.0,2024-12-11
2024121105009583,MEL,55,41,10.0,325.3,3253.0,2024-12-11
2024121105009582,MEL,55,58,10.0,325.0,3250.0,2024-12-11
2024121105009581,MEL,55,58,10.0,325.0,3250.0,2024-12-11
2024121105009580,MEL,55,58,50.0,325.0,16250.0,2024-12-11
2024121105009579,MEL,55,42,10.0,325.0,3250.0,2024-12-11
2024121105009578,MEL,55,42,20.0,325.0,6500.0,2024-12-11
2024121105009577,MEL,55,49,10.0,325.0,3250.0,2024-12-11
2024121105009576,MEL,55,99,200.0,325.0,65000.0,2024-12-11
2024121105009575,MEL,55,35,10.0,325.0,3250.0,2024-12-11
2024121105009574,MEL,55,34,30.0,325.0,9750.0,2024-12-11
2024121105009573,MEL,55,14,10.0,325.0,3250.0,2024-12-11
2024121105009572,MEL,55,36,10.0,325.0,3250.0,2024-12-11
2024121105009571,MEL,55,42,10.0,325.0,3250.0,2024-12-11
2024121105009570,MEL,55,59,30.0,325.0,9750.0,2024-12-11
2024121105009569,MEL,55,48,10.0,325.0,3250.0,2024-12-11
2024121105009568,MEL,55,51,10.0,325.0,3250.0,2024-12-11
2024121105009567,MEL,55,18,200.0,325.0,65000.0,2024-12-11
2024121105009566,MEL,55,32,10.0,325.0,3250.0,2024-12-11
2024121105009565,MEL,55,52,675.0,324.8,219240.0,2024-12-11
2024121103012118,NUBL,16,57,10.0,687.0,6870.0,2024-12-11
2024121105009564,NRN,21,48,10.0,1050.0,10500.0,2024-12-11
2024121103012117,NABBC,56,69,10.0,1260.0,12600.0,2024-12-11
2024121104012516,KPCL,62,80,14.0,546.0,7644.0,2024-12-11
2024121103012116,SMFBS,62,71,100.0,2128.0,212800.0,2024-12-11
2024121103012115,SMFBS,62,74,100.0,2128.0,212800.0,2024-12-11
2024121103012114,SMFBS,62,8,70.0,2125.0,148750.0,2024-12-11
2024121103012113,SMFBS,62,44,10.0,2110.0,21100.0,2024-12-11
2024121103012112,SMFBS,62,59,10.0,2110.0,21100.0,2024-12-11
2024121103012111,SMFBS,62,53,35.0,2106.0,73710.0,2024-12-11
2024121103012110,SMFBS,62,49,300.0,2101.0,630300.0,2024-12-11
2024121103012109,SMFBS,62,17,174.0,2100.0,365400.0,2024-12-11
2024121103012108,SLBSL,62,45,10.0,1800.0,18000.0,2024-12-11
2024121101022045,RFPL,62,84,100.0,1041.0,104100.0,2024-12-11
2024121101022044,HIDCLP,28,32,445.0,172.0,76540.0,2024-12-11
2024121101022043,HIDCLP,28,28,20.0,172.0,3440.0,2024-12-11
2024121101022042,HIDCLP,28,66,200.0,172.0,34400.0,2024-12-11
2024121101022041,HIDCLP,28,47,300.0,172.0,51600.0,2024-12-11
2024121101022040,HIDCLP,28,33,1000.0,172.0,172000.0,2024-12-11
2024121101022039,HIDCLP,28,54,350.0,172.0,60200.0,2024-12-11
2024121101022038,HIDCLP,28,6,10.0,172.0,1720.0,2024-12-11
2024121101022037,HIDCLP,28,8,500.0,172.0,86000.0,2024-12-11
2024121101022036,HIDCLP,28,39,300.0,172.0,51600.0,2024-12-11
2024121101022035,HIDCLP,28,67,100.0,172.0,17200.0,2024-12-11
2024121101022034,HIDCLP,28,25,1000.0,172.0,172000.0,2024-12-11
2024121101022033,HIDCLP,28,34,270.0,171.9,46413.0,2024-12-11
2024121101022032,HIDCLP,28,60,240.0,171.9,41256.0,2024-12-11
2024121101022031,HIDCLP,28,51,1000.0,171.7,171700.0,2024-12-11
2024121101022030,HIDCLP,28,38,100.0,171.1,17110.0,2024-12-11
2024121103012107,NABBC,28,69,516.0,1260.0,650160.0,2024-12-11
2024121101022029,HIDCLP,28,52,1000.0,171.1,171100.0,2024-12-11
2024121103012106,NABBC,28,32,500.0,1231.1,615550.0,2024-12-11
2024121101022028,HIDCLP,28,66,100.0,171.0,17100.0,2024-12-11
2024121103012105,NABBC,28,59,50.0,1231.1,61555.0,2024-12-11
2024121101022027,HIDCLP,28,18,500.0,171.0,85500.0,2024-12-11
2024121103012104,NABBC,28,39,162.0,1231.0,199422.0,2024-12-11
2024121101022026,HIDCLP,28,38,945.0,171.0,161595.0,2024-12-11
2024121103012103,NABBC,28,64,200.0,1231.0,246200.0,2024-12-11
2024121101022025,HIDCLP,28,17,300.0,170.9,51270.0,2024-12-11
2024121101022024,HIDCLP,28,34,500.0,170.9,85450.0,2024-12-11
2024121103012102,NABBC,28,13,2400.0,1229.0,2949600.0,2024-12-11
2024121101022023,HIDCLP,28,28,20.0,170.9,3418.0,2024-12-11
2024121103012101,NABBC,28,28,200.0,1229.0,245800.0,2024-12-11
2024121101022022,HIDCLP,28,57,50.0,170.9,8545.0,2024-12-11
2024121103012100,NABBC,28,20,25.0,1229.0,30725.0,2024-12-11
2024121101022021,HIDCLP,28,14,100.0,170.9,17090.0,2024-12-11
2024121103012099,NABBC,28,34,100.0,1224.0,122400.0,2024-12-11
2024121101022020,HIDCLP,28,49,450.0,170.9,76905.0,2024-12-11
2024121103012098,NABBC,28,38,200.0,1221.0,244200.0,2024-12-11
2024121101022019,HIDCLP,28,14,100.0,170.8,17080.0,2024-12-11
2024121103012097,NABBC,28,28,100.0,1217.8,121780.0,2024-12-11
2024121101022018,HIDCLP,28,69,100.0,170.8,17080.0,2024-12-11
2024121103012096,NABBC,28,13,500.0,1217.0,608500.0,2024-12-11
2024121103012095,NABBC,28,52,400.0,1213.9,485560.0,2024-12-11
2024121103012094,NABBC,28,19,50.0,1213.9,60695.0,2024-12-11
2024121103012093,NABBC,28,52,187.0,1213.9,226999.3,2024-12-11
2024121103012092,NABBC,28,64,100.0,1213.8,121380.0,2024-12-11
2024121103012091,NABBC,28,45,255.0,1213.8,309519.0,2024-12-11
2024121103012090,NABBC,28,26,100.0,1213.0,121300.0,2024-12-11
2024121103012089,NABBC,28,4,50.0,1212.8,60640.0,2024-12-11
2024121103012088,NABBC,28,59,200.0,1212.0,242400.0,2024-12-11
2024121103012087,NABBC,28,17,40.0,1212.0,48480.0,2024-12-11
2024121103012086,NABBC,28,70,450.0,1211.0,544950.0,2024-12-11
2024121103012085,NABBC,28,42,10.0,1211.0,12110.0,2024-12-11
2024121103012084,NABBC,28,1,25.0,1210.0,30250.0,2024-12-11
2024121103012083,NABBC,28,43,309.0,1210.0,373890.0,2024-12-11
2024121103012082,NABBC,28,17,160.0,1210.0,193600.0,2024-12-11
2024121103012081,NABBC,28,21,50.0,1210.0,60500.0,2024-12-11
2024121103012080,NABBC,28,56,750.0,1209.0,906750.0,2024-12-11
2024121103012079,NABBC,28,39,411.0,1208.0,496488.0,2024-12-11
2024121101022017,TVCL,57,28,10.0,515.9,5159.0,2024-12-11
2024121101022016,KBSH,28,80,10.0,2813.1,28131.0,2024-12-11
2024121101022015,KBSH,28,19,10.0,2813.1,28131.0,2024-12-11
2024121101022014,KBSH,28,49,10.0,2813.0,28130.0,2024-12-11
2024121101022013,KBSH,28,51,10.0,2813.0,28130.0,2024-12-11
2024121101022012,KBSH,28,49,10.0,2811.0,28110.0,2024-12-11
2024121101022011,KBSH,28,42,50.0,2810.0,140500.0,2024-12-11
2024121101022010,KBSH,28,34,100.0,2810.0,281000.0,2024-12-11
2024121105009563,ILI,28,18,10.0,483.9,4839.0,2024-12-11
2024121103012078,NABBC,28,39,339.0,1208.0,409512.0,2024-12-11
2024121103012077,NABBC,28,17,11.0,1207.0,13277.0,2024-12-11
2024121103012076,NABBC,28,21,10.0,1206.0,12060.0,2024-12-11
2024121103012075,NABBC,28,45,40.0,1205.0,48200.0,2024-12-11
2024121101022009,GBIME,42,35,365.0,232.5,84862.5,2024-12-11
2024121105009562,CLI,18,32,10.0,696.0,6960.0,2024-12-11
2024121103012074,BFC,32,49,10.0,779.1,7791.0,2024-12-11
2024121104012515,NHDL,44,43,186.0,762.9,141899.4,2024-12-11
2024121104012514,NHDL,44,41,20.0,762.0,15240.0,2024-12-11
2024121104012513,NHDL,44,43,333.0,762.0,253746.0,2024-12-11
2024121104012512,NHDL,44,43,200.0,760.9,152180.0,2024-12-11
2024121104012511,NHDL,44,41,1275.0,760.1,969127.5,2024-12-11
2024121104012510,NHDL,44,77,300.0,760.0,228000.0,2024-12-11
2024121104012509,NHDL,44,32,13.0,760.0,9880.0,2024-12-11
2024121104012508,NHDL,44,43,120.0,760.0,91200.0,2024-12-11
2024121104012507,NHDL,44,19,800.0,760.0,608000.0,2024-12-11
2024121104012506,NHDL,44,57,50.0,760.0,38000.0,2024-12-11
2024121104012505,NHDL,44,29,140.0,760.0,106400.0,2024-12-11
2024121104012504,NHDL,44,33,500.0,760.0,380000.0,2024-12-11
2024121104012503,NHDL,44,22,100.0,760.0,76000.0,2024-12-11
2024121104012502,NHDL,44,34,50.0,760.0,38000.0,2024-12-11
2024121104012501,NHDL,44,11,20.0,759.9,15198.0,2024-12-11
2024121104012500,NHDL,44,22,200.0,759.9,151980.0,2024-12-11
2024121104012499,NHDL,44,48,14.0,759.5,10633.0,2024-12-11
2024121104012498,NHDL,44,44,13.0,759.0,9867.0,2024-12-11
2024121104012497,NHDL,44,38,128.0,758.0,97024.0,2024-12-11
2024121104012496,NHDL,44,28,500.0,757.0,378500.0,2024-12-11
2024121104012495,NHDL,44,33,18.0,756.8,13622.4,2024-12-11
2024121104012494,NHDL,44,67,100.0,756.0,75600.0,2024-12-11
2024121104012493,NHDL,44,48,41.0,756.0,30996.0,2024-12-11
2024121104012492,NHDL,44,57,90.0,756.0,68040.0,2024-12-11
2024121104012491,NHDL,44,28,89.0,756.0,67284.0,2024-12-11
2024121105009561,HIDCL,1,41,10.0,254.0,2540.0,2024-12-11
2024121103012073,JFL,41,1,16.0,956.8,15308.8,2024-12-11
2024121101022008,SPC,58,32,10.0,558.7,5587.0,2024-12-11
2024121105009560,BBC,77,6,10.0,6525.0,65250.0,2024-12-11
2024121105009559,RNLI,58,58,10.0,520.0,5200.0,2024-12-11
2024121103012072,JFL,41,39,40.0,956.8,38272.0,2024-12-11
2024121103012071,PROFL,39,26,200.0,703.0,140600.0,2024-12-11
2024121103012070,PROFL,39,19,300.0,703.0,210900.0,2024-12-11
2024121101022007,PRVU,14,39,380.0,231.5,87970.0,2024-12-11
2024121101022006,PRVU,21,39,70.0,231.8,16226.0,2024-12-11
2024121101022005,PRVU,42,39,50.0,231.9,11595.0,2024-12-11
2024121104012490,AKJCL,41,50,10.0,215.0,2150.0,2024-12-11
2024121103012069,SMB,19,64,10.0,2670.2,26702.0,2024-12-11
2024121105009558,NRM,34,11,10.0,466.0,4660.0,2024-12-11
2024121103012068,JFL,41,34,20.0,956.8,19136.0,2024-12-11
2024121101022004,SRLI,34,34,21.0,433.0,9093.0,2024-12-11
2024121101022003,SRLI,4,34,29.0,433.0,12557.0,2024-12-11
2024121101022002,MKHC,49,13,50.0,530.3,26515.0,2024-12-11
2024121101022001,SIKLES,77,34,105.0,808.0,84840.0,2024-12-11
2024121103012067,CORBL,60,4,100.0,1637.1,163710.0,2024-12-11
2024121103012066,GRDBL,60,54,30.0,1032.9,30987.0,2024-12-11
2024121104012489,JOSHI,22,22,890.0,437.8,389642.0,2024-12-11
2024121104012488,JOSHI,22,4,100.0,437.0,43700.0,2024-12-11
2024121104012487,JOSHI,22,57,10.0,437.0,4370.0,2024-12-11
2024121101022000,SANIMA,53,6,119.0,316.0,37604.0,2024-12-11
2024121101021999,ULHC,34,5,119.0,520.0,61880.0,2024-12-11
2024121101021998,ULHC,25,5,100.0,520.0,52000.0,2024-12-11
2024121101021997,ULHC,4,5,181.0,520.0,94120.0,2024-12-11
2024121101021996,DOLTI,88,45,65.0,687.1,44661.5,2024-12-11
2024121101021995,DOLTI,88,45,100.0,687.2,68720.0,2024-12-11
2024121101021994,DOLTI,58,45,450.0,687.3,309285.0,2024-12-11
2024121101021993,DOLTI,58,45,82.0,689.1,56506.2,2024-12-11
2024121101021992,DOLTI,41,45,50.0,689.2,34460.0,2024-12-11
2024121101021991,DOLTI,20,45,50.0,689.3,34465.0,2024-12-11
2024121101021990,DOLTI,58,45,35.0,690.0,24150.0,2024-12-11
2024121101021989,DOLTI,32,45,30.0,690.0,20700.0,2024-12-11
2024121101021988,DOLTI,39,45,20.0,690.0,13800.0,2024-12-11
2024121101021987,DOLTI,42,45,58.0,690.0,40020.0,2024-12-11
2024121101021986,DOLTI,42,45,10.0,690.0,6900.0,2024-12-11
2024121101021985,DOLTI,22,45,50.0,690.0,34500.0,2024-12-11
2024121103012065,EDBL,13,45,317.0,675.0,213975.0,2024-12-11
2024121103012064,EDBL,37,45,183.0,675.0,123525.0,2024-12-11
2024121103012063,GMFBS,74,59,20.0,1854.0,37080.0,2024-12-11
2024121101021984,SMHL,65,3,210.0,1049.9,220479.0,2024-12-11
2024121101021983,SMHL,65,25,10.0,1049.9,10499.0,2024-12-11
2024121101021982,SMHL,65,14,300.0,1049.5,314850.0,2024-12-11
2024121101021981,SMHL,65,58,20.0,1049.0,20980.0,2024-12-11
2024121101021980,SMHL,65,37,200.0,1048.0,209600.0,2024-12-11
2024121101021979,SMHL,65,35,10.0,1045.0,10450.0,2024-12-11
2024121101021978,SMHL,65,44,10.0,1045.0,10450.0,2024-12-11
2024121101021977,SMHL,65,14,100.0,1045.0,104500.0,2024-12-11
2024121101021976,SMHL,65,65,140.0,1045.0,146300.0,2024-12-11
2024121105009557,VLUCL,65,17,145.0,692.0,100340.0,2024-12-11
2024121105009556,VLUCL,65,26,10.0,692.0,6920.0,2024-12-11
2024121105009555,VLUCL,65,53,50.0,690.0,34500.0,2024-12-11
2024121105009554,VLUCL,65,11,50.0,690.0,34500.0,2024-12-11
2024121105009553,VLUCL,65,58,10.0,690.0,6900.0,2024-12-11
2024121105009552,VLUCL,65,34,200.0,690.0,138000.0,2024-12-11
2024121105009551,VLUCL,65,34,10.0,690.0,6900.0,2024-12-11
2024121105009550,VLUCL,65,57,10.0,690.0,6900.0,2024-12-11
2024121105009549,VLUCL,65,6,100.0,690.0,69000.0,2024-12-11
2024121105009548,VLUCL,65,57,15.0,690.0,10350.0,2024-12-11
2024121105009547,VLUCL,65,70,100.0,690.0,69000.0,2024-12-11
2024121105009546,VLUCL,65,44,100.0,690.0,69000.0,2024-12-11
2024121105009545,VLUCL,65,58,40.0,690.0,27600.0,2024-12-11
2024121105009544,VLUCL,65,34,10.0,690.0,6900.0,2024-12-11
2024121105009543,VLUCL,65,95,100.0,690.0,69000.0,2024-12-11
2024121105009542,VLUCL,65,38,10.0,690.0,6900.0,2024-12-11
2024121105009541,VLUCL,65,42,10.0,689.0,6890.0,2024-12-11
2024121105009540,VLUCL,65,3,10.0,688.0,6880.0,2024-12-11
2024121105009539,VLUCL,65,51,10.0,687.0,6870.0,2024-12-11
2024121105009538,VLUCL,65,42,100.0,687.0,68700.0,2024-12-11
2024121105009537,VLUCL,65,22,50.0,687.0,34350.0,2024-12-11
2024121105009536,VLUCL,65,39,510.0,686.9,350319.0,2024-12-11
2024121105009535,VLUCL,65,85,310.0,686.5,212815.0,2024-12-11
2024121105009534,VLUCL,65,49,10.0,686.0,6860.0,2024-12-11
2024121105009533,VLUCL,65,52,10.0,686.0,6860.0,2024-12-11
2024121105009532,VLUCL,65,63,20.0,686.0,13720.0,2024-12-11
2024121101021975,MHCL,57,26,15.0,545.0,8175.0,2024-12-11
2024121101021974,MHCL,62,26,200.0,545.0,109000.0,2024-12-11
2024121101021973,MHCL,85,26,100.0,546.0,54600.0,2024-12-11
2024121101021972,MHCL,52,26,70.0,546.3,38241.0,2024-12-11
2024121104012486,RURU,26,54,20.0,722.0,14440.0,2024-12-11
2024121105009531,PSF,94,26,105.0,10.05,1055.25,2024-12-11
2024121105009530,PSF,34,26,395.0,10.06,3973.7,2024-12-11
2024121104012485,DHPL,26,26,25.0,323.0,8075.0,2024-12-11
2024121104012484,UMRH,40,49,25.0,651.8,16295.0,2024-12-11
2024121104012483,DHPL,14,26,10.0,323.0,3230.0,2024-12-11
2024121103012062,KSBBL,14,58,11.0,465.0,5115.0,2024-12-11
2024121101021971,MCHL,38,28,10.0,590.0,5900.0,2024-12-11
2024121101021970,MCHL,38,17,10.0,590.0,5900.0,2024-12-11
2024121101021969,MCHL,38,25,10.0,589.0,5890.0,2024-12-11
2024121101021968,MCHL,38,8,100.0,588.0,58800.0,2024-12-11
2024121101021967,MCHL,38,63,10.0,588.0,5880.0,2024-12-11
2024121101021966,MCHL,38,41,10.0,586.0,5860.0,2024-12-11
2024121103012061,JSLBB,38,18,10.0,1648.9,16489.0,2024-12-11
2024121101021965,PRVU,52,45,276.0,232.0,64032.0,2024-12-11
2024121101021964,PRVU,52,36,50.0,232.0,11600.0,2024-12-11
2024121101021963,PRVU,52,90,295.0,232.0,68440.0,2024-12-11
2024121101021962,PRVU,52,99,1379.0,232.0,319928.0,2024-12-11
2024121101021961,HHL,16,60,70.0,519.9,36393.0,2024-12-11
2024121101021960,HHL,16,42,430.0,519.9,223557.0,2024-12-11
2024121104012482,CHL,16,19,375.0,419.0,157125.0,2024-12-11
2024121103012060,EDBL,37,55,240.0,675.0,162000.0,2024-12-11
2024121101021959,BEDC,56,56,20.0,601.0,12020.0,2024-12-11
2024121104012481,SPDL,62,1,10.0,335.0,3350.0,2024-12-11
2024121104012480,RHPL,58,62,470.0,465.0,218550.0,2024-12-11
2024121104012479,RHPL,58,62,30.0,467.0,14010.0,2024-12-11
2024121103012059,SMFBS,70,17,168.0,2100.0,352800.0,2024-12-11
2024121103012058,SMFBS,70,45,23.0,2094.0,48162.0,2024-12-11
2024121103012057,SMFBS,70,35,39.0,2091.0,81549.0,2024-12-11
2024121103012056,SMFBS,70,35,200.0,2091.0,418200.0,2024-12-11
2024121103012055,SMFBS,70,14,10.0,2081.0,20810.0,2024-12-11
2024121103012054,SMFBS,70,65,100.0,2080.0,208000.0,2024-12-11
2024121103012053,SMFBS,70,16,250.0,2080.0,520000.0,2024-12-11
2024121103012052,SMFBS,70,65,100.0,2074.0,207400.0,2024-12-11
2024121103012051,SMFBS,70,58,10.0,2073.5,20735.0,2024-12-11
2024121105009529,HIDCL,25,41,300.0,254.0,76200.0,2024-12-11
2024121104012478,UPPER,25,58,500.0,213.4,106700.0,2024-12-11
2024121101021958,BNHC,53,25,490.0,510.0,249900.0,2024-12-11
2024121104012477,HPPL,84,28,150.0,413.0,61950.0,2024-12-11
2024121103012050,MLBBL,42,90,10.0,1698.0,16980.0,2024-12-11
2024121101021957,MBL,96,38,200.0,252.0,50400.0,2024-12-11
2024121103012049,GRDBL,32,54,10.0,1032.9,10329.0,2024-12-11
2024121104012476,KKHC,62,19,265.0,419.0,111035.0,2024-12-11
2024121105009528,HATHY,77,39,100.0,1424.0,142400.0,2024-12-11
2024121105009527,HATHY,77,25,100.0,1421.0,142100.0,2024-12-11
2024121105009526,HATHY,77,29,22.0,1421.0,31262.0,2024-12-11
2024121105009525,HATHY,77,34,10.0,1421.0,14210.0,2024-12-11
2024121105009524,HATHY,77,4,12.0,1420.0,17040.0,2024-12-11
2024121105009523,NRM,36,11,20.0,466.0,9320.0,2024-12-11
2024121104012475,UMRH,34,4,20.0,652.0,13040.0,2024-12-11
2024121105009522,NRN,58,48,60.0,1050.0,63000.0,2024-12-11
2024121105009521,NRN,58,22,10.0,1050.0,10500.0,2024-12-11
2024121105009520,NRN,58,17,500.0,1050.0,525000.0,2024-12-11
2024121105009519,NRN,58,7,50.0,1049.9,52495.0,2024-12-11
2024121105009518,NRN,58,67,1090.0,1049.0,1143410.0,2024-12-11
2024121105009517,NRN,58,21,10.0,1048.0,10480.0,2024-12-11
2024121105009516,NRN,58,1,80.0,1047.0,83760.0,2024-12-11
2024121103012048,JFL,41,72,10.0,956.8,9568.0,2024-12-11
2024121103012047,JFL,41,45,20.0,955.0,19100.0,2024-12-11
2024121103012046,JFL,41,7,10.0,955.0,9550.0,2024-12-11
2024121103012045,JFL,41,58,40.0,955.0,38200.0,2024-12-11
2024121103012044,JFL,41,41,200.0,955.0,191000.0,2024-12-11
2024121103012043,JFL,41,53,50.0,955.0,47750.0,2024-12-11
2024121103012042,JFL,41,20,120.0,955.0,114600.0,2024-12-11
2024121103012041,JFL,41,25,1000.0,954.0,954000.0,2024-12-11
2024121103012040,JFL,41,34,500.0,954.0,477000.0,2024-12-11
2024121103012039,JFL,41,16,70.0,952.0,66640.0,2024-12-11
2024121103012038,JFL,41,62,500.0,950.0,475000.0,2024-12-11
2024121103012037,JFL,41,51,20.0,950.0,19000.0,2024-12-11
2024121103012036,JFL,41,35,100.0,950.0,95000.0,2024-12-11
2024121103012035,JFL,41,58,35.0,950.0,33250.0,2024-12-11
2024121103012034,JFL,41,48,30.0,950.0,28500.0,2024-12-11
2024121103012033,JFL,41,38,85.0,950.0,80750.0,2024-12-11
2024121103012032,JFL,41,44,100.0,950.0,95000.0,2024-12-11
2024121103012031,JFL,41,26,400.0,950.0,380000.0,2024-12-11
2024121103012030,JFL,41,1,580.0,950.0,551000.0,2024-12-11
2024121101021956,MLBS,34,70,10.0,2110.0,21100.0,2024-12-11
2024121101021955,BHPL,32,34,41.0,777.9,31893.9,2024-12-11
2024121101021954,MKJC,34,5,10.0,557.0,5570.0,2024-12-11
2024121103012029,JFL,41,22,20.0,949.9,18998.0,2024-12-11
2024121105009515,SHIVM,45,45,100.0,569.9,56990.0,2024-12-11
2024121101021953,HHL,45,42,70.0,519.9,36393.0,2024-12-11
2024121101021952,HHL,45,58,10.0,519.9,5199.0,2024-12-11
2024121101021951,HHL,45,54,200.0,519.9,103980.0,2024-12-11
2024121101021950,HHL,45,71,10.0,519.9,5199.0,2024-12-11
2024121101021949,HHL,45,57,260.0,519.8,135148.0,2024-12-11
2024121101021948,HHL,45,3,100.0,518.0,51800.0,2024-12-11
2024121101021947,HHL,45,41,10.0,517.0,5170.0,2024-12-11
2024121101021946,HHL,45,21,340.0,516.0,175440.0,2024-12-11
2024121103012028,JFL,36,1,100.0,950.0,95000.0,2024-12-11
2024121104012474,UMHL,11,75,10.0,347.5,3475.0,2024-12-11
2024121104012473,KPCL,94,22,29.0,555.0,16095.0,2024-12-11
2024121104012472,KPCL,94,54,150.0,554.8,83220.0,2024-12-11
2024121104012471,KPCL,94,8,25.0,554.8,13870.0,2024-12-11
2024121104012470,KPCL,94,44,50.0,554.0,27700.0,2024-12-11
2024121104012469,KPCL,94,50,50.0,554.0,27700.0,2024-12-11
2024121104012468,KPCL,94,16,100.0,554.0,55400.0,2024-12-11
2024121104012467,KPCL,94,16,100.0,554.0,55400.0,2024-12-11
2024121104012466,KPCL,94,6,300.0,554.0,166200.0,2024-12-11
2024121104012465,KPCL,94,45,196.0,553.4,108466.4,2024-12-11
2024121104012464,UMHL,36,90,36.0,345.2,12427.2,2024-12-11
2024121104012463,UMHL,42,90,314.0,346.0,108644.0,2024-12-11
2024121104012462,UMHL,62,90,500.0,346.1,173050.0,2024-12-11
2024121104012461,UMHL,45,90,50.0,347.0,17350.0,2024-12-11
2024121103012027,ALICL,26,44,50.0,737.0,36850.0,2024-12-11
2024121105009514,NRN,65,1,10.0,1047.0,10470.0,2024-12-11
2024121101021945,PRVU,69,57,100.0,231.9,23190.0,2024-12-11
2024121105009513,CLI,43,40,10.0,699.9,6999.0,2024-12-11
2024121103012026,NABBC,52,45,10.0,1205.0,12050.0,2024-12-11
2024121101021944,AHL,52,81,82.0,737.0,60434.0,2024-12-11
2024121101021943,AHL,52,59,10.0,737.0,7370.0,2024-12-11
2024121101021942,AHL,52,29,100.0,736.0,73600.0,2024-12-11
2024121101021941,AHL,52,41,10.0,735.0,7350.0,2024-12-11
2024121101021940,AHL,52,34,10.0,735.0,7350.0,2024-12-11
2024121101021939,AHL,52,59,50.0,735.0,36750.0,2024-12-11
2024121101021938,AHL,52,29,100.0,735.0,73500.0,2024-12-11
2024121101021937,AHL,52,58,10.0,734.0,7340.0,2024-12-11
2024121101021936,AHL,52,58,10.0,734.0,7340.0,2024-12-11
2024121101021935,AHL,52,58,10.0,734.0,7340.0,2024-12-11
2024121101021934,AHL,52,45,70.0,733.0,51310.0,2024-12-11
2024121101021933,AHL,52,7,38.0,733.0,27854.0,2024-12-11
2024121101021932,SBL,21,43,160.0,313.8,50208.0,2024-12-11
2024121101021931,SBL,21,14,340.0,313.0,106420.0,2024-12-11
2024121104012460,KKHC,62,35,10.0,422.7,4227.0,2024-12-11
2024121104012459,RADHI,8,60,520.0,399.0,207480.0,2024-12-11
2024121104012458,RADHI,8,62,2000.0,399.0,798000.0,2024-12-11
2024121104012457,RADHI,8,25,10.0,398.8,3988.0,2024-12-11
2024121104012456,RADHI,8,48,500.0,398.8,199400.0,2024-12-11
2024121104012455,RADHI,8,62,1000.0,398.7,398700.0,2024-12-11
2024121104012454,RADHI,8,43,60.0,398.6,23916.0,2024-12-11
2024121104012453,RADHI,8,62,850.0,398.0,338300.0,2024-12-11
2024121104012452,RADHI,8,32,60.0,398.0,23880.0,2024-12-11
2024121101021930,NABIL,16,42,50.0,528.0,26400.0,2024-12-11
2024121105009512,CLI,42,40,20.0,699.9,13998.0,2024-12-11
2024121105009511,CLI,42,14,10.0,699.0,6990.0,2024-12-11
2024121104012451,GLH,42,32,40.0,253.6,10144.0,2024-12-11
2024121104012450,GLH,42,35,10.0,253.0,2530.0,2024-12-11
2024121101021929,EHPL,42,18,18.0,738.0,13284.0,2024-12-11
2024121101021928,EHPL,42,64,30.0,736.0,22080.0,2024-12-11
2024121101021927,EHPL,42,1,102.0,736.0,75072.0,2024-12-11
2024121101021926,KBL,57,42,50.0,223.9,11195.0,2024-12-11
2024121105009510,NIFRA,1,42,88.0,260.0,22880.0,2024-12-11
2024121103012025,KRBL,86,16,250.0,826.9,206725.0,2024-12-11
2024121101021925,KBL,48,41,980.0,224.0,219520.0,2024-12-11
2024121101021924,KBL,48,34,20.0,224.0,4480.0,2024-12-11
2024121105009509,NRM,39,45,100.0,465.0,46500.0,2024-12-11
2024121104012449,SPDL,29,1,10.0,335.0,3350.0,2024-12-11
2024121103012024,JFL,41,13,1000.0,949.9,949900.0,2024-12-11
2024121104012448,GLH,65,13,780.0,250.2,195156.0,2024-12-11
2024121104012447,GLH,33,13,1000.0,250.3,250300.0,2024-12-11
2024121104012446,GLH,22,13,200.0,250.4,50080.0,2024-12-11
2024121103012023,JFL,41,34,150.0,949.9,142485.0,2024-12-11
2024121104012445,KKHC,62,58,35.0,419.0,14665.0,2024-12-11
2024121104012444,KKHC,52,58,60.0,419.0,25140.0,2024-12-11
2024121103012022,SAPDBL,58,43,10.0,1102.9,11029.0,2024-12-11
2024121104012443,SICL,58,19,110.0,830.0,91300.0,2024-12-11
2024121101021923,TPC,22,77,10.0,559.0,5590.0,2024-12-11
2024121101021922,IHL,22,29,10.0,729.0,7290.0,2024-12-11
2024121104012442,UMRH,58,26,500.0,652.8,326400.0,2024-12-11
2024121104012441,AKJCL,45,50,80.0,215.0,17200.0,2024-12-11
2024121104012440,AKJCL,45,58,120.0,215.0,25800.0,2024-12-11
2024121104012439,DHPL,47,39,50.0,322.9,16145.0,2024-12-11
2024121103012021,MDB,43,55,10.0,760.0,7600.0,2024-12-11
2024121105009508,HATHY,43,33,187.0,1412.0,264044.0,2024-12-11
2024121105009507,HATHY,43,19,47.0,1412.0,66364.0,2024-12-11
2024121101021921,RAWA,57,26,10.0,795.0,7950.0,2024-12-11
2024121103012020,SMB,55,16,10.0,2698.0,26980.0,2024-12-11
2024121101021920,MHL,66,14,10.0,899.1,8991.0,2024-12-11
2024121101021919,RFPL,62,38,10.0,1040.0,10400.0,2024-12-11
2024121101021918,RFPL,62,4,10.0,1040.0,10400.0,2024-12-11
2024121101021917,RFPL,62,38,10.0,1030.0,10300.0,2024-12-11
2024121101021916,RFPL,62,49,10.0,1025.0,10250.0,2024-12-11
2024121105009506,HATHY,38,25,10.0,1410.0,14100.0,2024-12-11
2024121105009505,HATHY,14,25,15.0,1410.0,21150.0,2024-12-11
2024121105009504,HATHY,44,25,25.0,1410.0,35250.0,2024-12-11
2024121104012438,AKPL,41,25,18.0,251.0,4518.0,2024-12-11
2024121104012437,AKPL,49,25,200.0,251.1,50220.0,2024-12-11
2024121104012436,SGIC,65,16,46.0,696.1,32020.6,2024-12-11
2024121104012435,SGIC,4,16,54.0,698.0,37692.0,2024-12-11
2024121105009503,NSIF2,32,57,100.0,10.67,1067.0,2024-12-11
2024121105009502,CHDC,32,80,10.0,1673.0,16730.0,2024-12-11
2024121104012434,AHPC,36,16,578.0,271.0,156638.0,2024-12-11
2024121104012433,AHPC,36,72,30.0,271.0,8130.0,2024-12-11
2024121104012432,AHPC,36,26,250.0,270.9,67725.0,2024-12-11
2024121104012431,AHPC,36,28,489.0,270.6,132323.4,2024-12-11
2024121104012430,AHPC,36,39,50.0,270.0,13500.0,2024-12-11
2024121104012429,AHPC,36,58,103.0,270.0,27810.0,2024-12-11
2024121101021915,CZBIL,1,34,10.0,226.9,2269.0,2024-12-11
2024121104012428,SGIC,4,44,30.0,698.0,20940.0,2024-12-11
2024121104012427,SGIC,4,38,260.0,698.0,181480.0,2024-12-11
2024121104012426,SGIC,4,38,10.0,697.0,6970.0,2024-12-11
2024121104012425,RHPL,38,39,20.0,469.8,9396.0,2024-12-11
2024121104012424,NLG,55,35,300.0,938.0,281400.0,2024-12-11
2024121103012019,MNBBL,28,29,50.0,397.0,19850.0,2024-12-11
2024121103012018,MNBBL,14,29,50.0,397.1,19855.0,2024-12-11
2024121103012017,MATRI,34,29,10.0,1282.5,12825.0,2024-12-11
2024121103012016,MATRI,28,29,40.0,1283.0,51320.0,2024-12-11
2024121101021914,MEHL,13,13,280.0,456.0,127680.0,2024-12-11
2024121101021913,NICA,34,48,880.0,415.0,365200.0,2024-12-11
2024121101021912,NICA,34,13,120.0,414.0,49680.0,2024-12-11
2024121103012015,PFL,47,44,10.0,683.0,6830.0,2024-12-11
2024121104012423,SJCL,58,57,559.0,372.0,207948.0,2024-12-11
2024121104012422,SJCL,58,75,20.0,372.0,7440.0,2024-12-11
2024121104012421,SJCL,58,26,20.0,372.0,7440.0,2024-12-11
2024121104012420,SJCL,58,43,100.0,371.3,37130.0,2024-12-11
2024121104012419,SJCL,58,3,10.0,371.2,3712.0,2024-12-11
2024121104012418,SJCL,58,58,50.0,371.0,18550.0,2024-12-11
2024121104012417,SJCL,58,58,40.0,371.0,14840.0,2024-12-11
2024121104012416,SJCL,58,4,20.0,371.0,7420.0,2024-12-11
2024121104012415,SJCL,58,34,40.0,370.5,14820.0,2024-12-11
2024121104012414,SJCL,58,17,80.0,370.4,29632.0,2024-12-11
2024121104012413,SJCL,58,63,10.0,370.0,3700.0,2024-12-11
2024121104012412,SJCL,58,34,51.0,370.0,18870.0,2024-12-11
2024121104012411,SHL,91,40,100.0,493.0,49300.0,2024-12-11
2024121104012410,PMHPL,37,69,100.0,290.0,29000.0,2024-12-11
2024121104012409,RIDI,45,65,110.0,240.9,26499.0,2024-12-11
2024121105009501,NRN,49,37,40.0,1045.0,41800.0,2024-12-11
2024121105009500,NRN,49,57,20.0,1038.0,20760.0,2024-12-11
2024121105009499,HIDCL,33,49,200.0,253.1,50620.0,2024-12-11
2024121105009498,HIDCL,38,49,100.0,253.1,25310.0,2024-12-11
2024121105009497,MBJC,62,52,10.0,359.4,3594.0,2024-12-11
2024121101021911,RFPL,94,62,135.0,1021.0,137835.0,2024-12-11
2024121101021910,RFPL,29,62,480.0,1021.0,490080.0,2024-12-11
2024121101021909,RFPL,49,62,230.0,1021.0,234830.0,2024-12-11
2024121101021908,RFPL,47,62,25.0,1021.1,25527.5,2024-12-11
2024121101021907,RFPL,45,62,60.0,1021.1,61266.0,2024-12-11
2024121101021906,RFPL,49,62,100.0,1022.0,102200.0,2024-12-11
2024121101021905,RFPL,45,62,50.0,1022.1,51105.0,2024-12-11
2024121101021904,RFPL,42,62,10.0,1023.0,10230.0,2024-12-11
2024121101021903,RFPL,47,62,10.0,1023.5,10235.0,2024-12-11
2024121101021902,RFPL,33,62,390.0,1023.6,399204.0,2024-12-11
2024121101021901,RFPL,95,62,10.0,1023.9,10239.0,2024-12-11
2024121101021900,NMB,21,8,30.0,247.4,7422.0,2024-12-11
2024121101021899,NMB,74,8,220.0,247.4,54428.0,2024-12-11
2024121105009496,SAHAS,4,8,10.0,499.0,4990.0,2024-12-11
2024121105009495,SAHAS,22,8,90.0,499.0,44910.0,2024-12-11
2024121101021898,NABIL,14,42,20.0,528.0,10560.0,2024-12-11
2024121101021897,NABIL,38,42,10.0,528.0,5280.0,2024-12-11
2024121101021896,NABIL,56,42,20.0,528.0,10560.0,2024-12-11
2024121101021895,NABIL,35,42,14.0,528.0,7392.0,2024-12-11
2024121104012408,UPCL,59,6,45.0,291.6,13122.0,2024-12-11
2024121104012407,UPCL,58,6,155.0,292.0,45260.0,2024-12-11
2024121101021894,NMB,17,56,40.0,247.5,9900.0,2024-12-11
2024121103012014,JBBL,4,32,150.0,389.9,58485.0,2024-12-11
2024121101021893,MLBS,34,48,20.0,2082.5,41650.0,2024-12-11
2024121101021892,MLBS,47,48,15.0,2083.0,31245.0,2024-12-11
2024121101021891,MLBS,40,48,20.0,2090.0,41800.0,2024-12-11
2024121101021890,MLBS,52,48,10.0,2100.0,21000.0,2024-12-11
2024121101021889,MLBS,70,48,40.0,2102.0,84080.0,2024-12-11
2024121101021888,MLBS,42,48,50.0,2102.5,105125.0,2024-12-11
2024121101021887,MLBS,22,48,100.0,2105.0,210500.0,2024-12-11
2024121101021886,MLBS,29,48,12.0,2110.0,25320.0,2024-12-11
2024121101021885,MMKJL,39,58,17.0,765.0,13005.0,2024-12-11
2024121101021884,MMKJL,39,49,10.0,765.0,7650.0,2024-12-11
2024121101021883,MMKJL,39,38,10.0,765.0,7650.0,2024-12-11
2024121101021882,MMKJL,39,22,10.0,765.0,7650.0,2024-12-11
2024121101021881,MMKJL,39,37,10.0,765.0,7650.0,2024-12-11
2024121101021880,MMKJL,39,11,10.0,765.0,7650.0,2024-12-11
2024121101021879,MMKJL,39,58,10.0,765.0,7650.0,2024-12-11
2024121101021878,MMKJL,39,29,23.0,765.0,17595.0,2024-12-11
2024121104012406,SHPC,38,60,1417.0,548.0,776516.0,2024-12-11
2024121104012405,SHPC,53,60,70.0,548.0,38360.0,2024-12-11
2024121104012404,LEC,39,47,167.0,215.6,36005.2,2024-12-11
2024121104012403,LEC,55,47,33.0,216.0,7128.0,2024-12-11
2024121105009494,HRL,1,90,200.0,823.4,164680.0,2024-12-11
2024121105009493,HRL,42,90,200.0,824.0,164800.0,2024-12-11
2024121105009492,HRL,1,90,50.0,824.0,41200.0,2024-12-11
2024121105009491,HRL,42,90,500.0,824.0,412000.0,2024-12-11
2024121105009490,HRL,43,90,26.0,824.1,21426.6,2024-12-11
2024121105009489,HRL,57,90,20.0,824.3,16486.0,2024-12-11
2024121104012402,JOSHI,7,57,90.0,437.0,39330.0,2024-12-11
2024121104012401,JOSHI,7,45,10.0,437.0,4370.0,2024-12-11
2024121104012400,TRH,58,48,235.0,1143.5,268722.5,2024-12-11
2024121104012399,TRH,58,4,15.0,1143.0,17145.0,2024-12-11
2024121104012398,DHPL,42,59,150.0,321.0,48150.0,2024-12-11
2024121101021877,SCB,57,62,19.0,689.0,13091.0,2024-12-11
2024121101021876,SCB,57,1,41.0,689.0,28249.0,2024-12-11
2024121105009488,NRN,32,52,40.0,1037.0,41480.0,2024-12-11
2024121105009487,NRN,25,52,50.0,1037.1,51855.0,2024-12-11
2024121105009486,NRN,64,52,200.0,1038.0,207600.0,2024-12-11
2024121101021875,RAWA,58,92,10.0,785.2,7852.0,2024-12-11
2024121104012397,DHPL,25,39,10.0,322.9,3229.0,2024-12-11
2024121101021874,PPL,99,44,10.0,537.0,5370.0,2024-12-11
2024121101021873,KBSH,46,16,10.0,2741.7,27417.0,2024-12-11
2024121101021872,MCHL,35,43,110.0,581.0,63910.0,2024-12-11
2024121101021871,MCHL,45,43,140.0,581.0,81340.0,2024-12-11
2024121105009485,NRN,44,37,110.0,1045.0,114950.0,2024-12-11
2024121105009484,NRN,44,74,90.0,1045.0,94050.0,2024-12-11
2024121105009483,CLI,6,14,10.0,699.0,6990.0,2024-12-11
2024121101021870,GBIME,19,35,75.0,232.5,17437.5,2024-12-11
2024121101021869,USHEC,39,38,55.0,613.5,33742.5,2024-12-11
2024121101021868,USHEC,39,53,10.0,612.0,6120.0,2024-12-11
2024121101021867,BEDC,42,41,10.0,600.0,6000.0,2024-12-11
2024121101021866,NICA,35,13,100.0,414.0,41400.0,2024-12-11
2024121103012013,RLFL,35,77,100.0,650.0,65000.0,2024-12-11
2024121101021865,PRVU,69,13,500.0,231.9,115950.0,2024-12-11
2024121101021864,IHL,60,29,10.0,729.0,7290.0,2024-12-11
2024121101021863,IHL,60,75,40.0,728.0,29120.0,2024-12-11
2024121101021862,RHGCL,53,43,300.0,524.0,157200.0,2024-12-11
2024121101021861,BHL,34,56,500.0,367.9,183950.0,2024-12-11
2024121104012396,SHPC,53,45,30.0,548.0,16440.0,2024-12-11
2024121101021860,MKJC,21,45,75.0,555.3,41647.5,2024-12-11
2024121101021859,MKJC,29,45,10.0,556.9,5569.0,2024-12-11
2024121105009482,NTC,50,43,10.0,961.9,9619.0,2024-12-11
2024121105009481,NTC,50,45,10.0,961.0,9610.0,2024-12-11
2024121103012012,MERO,67,34,500.0,728.0,364000.0,2024-12-11
2024121103012011,NICLBSL,8,52,10.0,683.0,6830.0,2024-12-11
2024121101021858,NBL,25,44,2025.0,277.0,560925.0,2024-12-11
2024121101021857,NBL,25,36,100.0,277.0,27700.0,2024-12-11
2024121101021856,NBL,25,57,1500.0,277.0,415500.0,2024-12-11
2024121101021855,NBL,25,54,20.0,276.5,5530.0,2024-12-11
2024121101021854,NBL,25,6,200.0,276.5,55300.0,2024-12-11
2024121101021853,NBL,25,16,500.0,276.4,138200.0,2024-12-11
2024121101021852,NBL,25,13,100.0,276.4,27640.0,2024-12-11
2024121101021851,NBL,25,43,100.0,276.0,27600.0,2024-12-11
2024121101021850,NBL,25,54,10.0,276.0,2760.0,2024-12-11
2024121101021849,NBL,25,45,50.0,275.4,13770.0,2024-12-11
2024121101021848,NBL,25,34,50.0,275.0,13750.0,2024-12-11
2024121101021847,NBL,25,84,472.0,275.0,129800.0,2024-12-11
2024121101021846,NBL,25,29,200.0,275.0,55000.0,2024-12-11
2024121101021845,NBL,25,45,20.0,275.0,5500.0,2024-12-11
2024121101021844,NBL,25,52,500.0,275.0,137500.0,2024-12-11
2024121101021843,NBL,25,43,1000.0,274.2,274200.0,2024-12-11
2024121101021842,NBL,25,34,118.0,273.0,32214.0,2024-12-11
2024121101021841,NBL,25,6,50.0,273.0,13650.0,2024-12-11
2024121101021840,NBL,25,29,100.0,273.0,27300.0,2024-12-11
2024121101021839,NBL,25,44,500.0,272.9,136450.0,2024-12-11
2024121101021838,NBL,25,58,10.0,272.3,2723.0,2024-12-11
2024121101021837,NBL,25,47,200.0,272.3,54460.0,2024-12-11
2024121101021836,NBL,25,54,11.0,272.0,2992.0,2024-12-11
2024121101021835,NBL,25,57,30.0,272.0,8160.0,2024-12-11
2024121101021834,NBL,25,55,483.0,272.0,131376.0,2024-12-11
2024121101021833,NBL,25,42,232.0,272.0,63104.0,2024-12-11
2024121101021832,NBL,25,58,100.0,272.0,27200.0,2024-12-11
2024121101021831,NBL,25,39,50.0,272.0,13600.0,2024-12-11
2024121101021830,NBL,25,32,200.0,272.0,54400.0,2024-12-11
2024121101021829,NBL,25,14,522.0,272.0,141984.0,2024-12-11
2024121101021828,NBL,25,56,304.0,272.0,82688.0,2024-12-11
2024121101021827,NBL,25,44,200.0,272.0,54400.0,2024-12-11
2024121101021826,NBL,25,59,43.0,271.9,11691.7,2024-12-11
2024121103012010,SLBSL,66,41,30.0,1710.0,51300.0,2024-12-11
2024121101021825,NICA,57,13,200.0,414.0,82800.0,2024-12-11
2024121101021824,NICA,41,13,55.0,414.0,22770.0,2024-12-11
2024121101021823,NICA,44,13,10.0,414.0,4140.0,2024-12-11
2024121101021822,NICA,41,13,50.0,414.5,20725.0,2024-12-11
2024121101021821,NICA,48,13,100.0,414.5,41450.0,2024-12-11
2024121101021820,NICA,38,13,365.0,414.9,151438.5,2024-12-11
2024121103012009,BFC,13,49,50.0,779.1,38955.0,2024-12-11
2024121104012395,GHL,84,45,550.0,222.0,122100.0,2024-12-11
2024121103012008,SMPDA,43,45,10.0,970.0,9700.0,2024-12-11
2024121101021819,MCHL,45,7,60.0,581.0,34860.0,2024-12-11
2024121101021818,MCHL,43,7,100.0,582.0,58200.0,2024-12-11
2024121101021817,MCHL,8,7,100.0,583.2,58320.0,2024-12-11
2024121101021816,MCHL,45,7,130.0,583.3,75829.0,2024-12-11
2024121101021815,MCHL,5,7,250.0,584.0,146000.0,2024-12-11
2024121103012007,SLBSL,66,72,10.0,1710.0,17100.0,2024-12-11
2024121103012006,NADEP,65,42,175.0,992.9,173757.5,2024-12-11
2024121103012005,NADEP,65,45,425.0,992.0,421600.0,2024-12-11
2024121103012004,NMFBS,10,70,200.0,1305.0,261000.0,2024-12-11
2024121103012003,NMFBS,41,70,300.0,1305.1,391530.0,2024-12-11
2024121103012002,GLBSL,61,38,30.0,2260.0,67800.0,2024-12-11
2024121103012001,GLBSL,61,57,20.0,2259.1,45182.0,2024-12-11
2024121103012000,JFL,42,1,10.0,950.0,9500.0,2024-12-11
2024121101021814,KBL,42,34,480.0,224.0,107520.0,2024-12-11
2024121101021813,KBL,42,34,20.0,224.0,4480.0,2024-12-11
2024121104012394,HPPL,4,64,30.0,413.1,12393.0,2024-12-11
2024121103011999,MPFL,49,10,10.0,758.0,7580.0,2024-12-11
2024121103011998,NLIC,39,45,600.0,798.0,478800.0,2024-12-11
2024121104012393,IGI,58,58,331.0,608.0,201248.0,2024-12-11
2024121104012392,CHL,42,19,30.0,420.0,12600.0,2024-12-11
2024121104012391,CHL,8,19,50.0,420.0,21000.0,2024-12-11
2024121104012390,CHL,58,19,15.0,420.0,6300.0,2024-12-11
2024121103011997,GRDBL,71,63,50.0,1032.0,51600.0,2024-12-11
2024121101021812,MKJC,29,5,10.0,557.0,5570.0,2024-12-11
2024121103011996,SLBBL,55,41,20.0,950.0,19000.0,2024-12-11
2024121103011995,SLBBL,13,41,50.0,950.0,47500.0,2024-12-11
2024121103011994,SLBBL,42,41,30.0,950.0,28500.0,2024-12-11
2024121103011993,SLBBL,62,41,100.0,950.1,95010.0,2024-12-11
2024121104012389,HURJA,34,33,300.0,245.8,73740.0,2024-12-11
2024121105009480,HRL,43,33,13.0,824.1,10713.3,2024-12-11
2024121105009479,HRL,34,33,87.0,824.3,71714.1,2024-12-11
2024121101021811,NABIL,89,57,100.0,529.0,52900.0,2024-12-11
2024121103011992,JFL,34,1,120.0,950.0,114000.0,2024-12-11
2024121104012388,AKJCL,45,58,50.0,215.0,10750.0,2024-12-11
2024121101021810,KBL,45,34,50.0,224.0,11200.0,2024-12-11
2024121101021809,KBL,45,49,50.0,224.0,11200.0,2024-12-11
2024121101021808,NICA,45,48,300.0,415.0,124500.0,2024-12-11
2024121103011991,GUFL,50,19,95.0,742.0,70490.0,2024-12-11
2024121103011990,GUFL,50,4,50.0,742.0,37100.0,2024-12-11
2024121103011989,GUFL,50,34,90.0,742.0,66780.0,2024-12-11
2024121103011988,GUFL,50,41,35.0,741.0,25935.0,2024-12-11
2024121101021807,CKHL,45,59,10.0,703.9,7039.0,2024-12-11
2024121105009478,RNLI,51,56,10.0,518.5,5185.0,2024-12-11
2024121105009477,NRIC,26,59,25.0,775.0,19375.0,2024-12-11
2024121101021806,NESDO,66,21,10.0,2217.9,22179.0,2024-12-11
2024121101021805,NABIL,62,57,10.0,529.0,5290.0,2024-12-11
2024121104012387,NHPC,42,77,300.0,229.0,68700.0,2024-12-11
2024121104012386,NHPC,42,65,476.0,229.0,109004.0,2024-12-11
2024121104012385,RADHI,42,38,200.0,397.8,79560.0,2024-12-11
2024121104012384,CHCL,50,42,40.0,570.0,22800.0,2024-12-11
2024121103011987,NFS,1,22,190.0,1125.0,213750.0,2024-12-11
2024121103011986,NFS,1,49,57.0,1125.0,64125.0,2024-12-11
2024121104012383,UAIL,48,17,100.0,654.0,65400.0,2024-12-11
2024121104012382,NHDL,38,28,50.0,756.0,37800.0,2024-12-11
2024121101021804,ULHC,4,38,10.0,520.0,5200.0,2024-12-11
2024121104012381,NHPC,13,65,500.0,229.0,114500.0,2024-12-11
2024121101021803,USHL,33,17,50.0,773.9,38695.0,2024-12-11
2024121101021802,USHL,33,13,100.0,773.9,77390.0,2024-12-11
2024121104012380,NLG,22,85,20.0,939.0,18780.0,2024-12-11
2024121105009476,SAHAS,69,13,2487.0,500.0,1243500.0,2024-12-11
2024121105009475,CLI,18,34,10.0,696.0,6960.0,2024-12-11
2024121101021801,GBIME,58,35,20.0,232.5,4650.0,2024-12-11
2024121104012379,RHPL,58,39,168.0,469.8,78926.4,2024-12-11
2024121104012378,RHPL,58,51,500.0,469.8,234900.0,2024-12-11
2024121104012377,RHPL,58,44,50.0,469.8,23490.0,2024-12-11
2024121104012376,RHPL,58,33,1000.0,469.0,469000.0,2024-12-11
2024121104012375,RHPL,58,41,10.0,469.0,4690.0,2024-12-11
2024121104012374,RHPL,58,58,10.0,469.0,4690.0,2024-12-11
2024121104012373,RHPL,58,36,50.0,468.9,23445.0,2024-12-11
2024121104012372,RHPL,58,58,160.0,468.9,75024.0,2024-12-11
2024121104012371,RHPL,58,48,72.0,467.0,33624.0,2024-12-11
2024121104012370,RHPL,58,33,980.0,467.0,457660.0,2024-12-11
2024121103011985,KSBBL,42,58,539.0,465.0,250635.0,2024-12-11
2024121101021800,MEHL,49,65,30.0,457.0,13710.0,2024-12-11
2024121101021799,MEHL,49,49,100.0,456.5,45650.0,2024-12-11
2024121103011984,ILBS,62,66,10.0,985.0,9850.0,2024-12-11
2024121103011983,ILBS,62,56,20.0,985.0,19700.0,2024-12-11
2024121105009474,MEL,42,54,10.0,324.0,3240.0,2024-12-11
2024121105009473,CLI,42,14,10.0,699.0,6990.0,2024-12-11
2024121101021798,IHL,45,42,10.0,727.0,7270.0,2024-12-11
2024121101021797,MAKAR,45,3,10.0,642.0,6420.0,2024-12-11
2024121104012369,JOSHI,4,25,500.0,430.0,215000.0,2024-12-11
2024121103011982,MDB,16,48,108.0,758.6,81928.8,2024-12-11
2024121103011981,MDB,59,48,78.0,759.0,59202.0,2024-12-11
2024121103011980,MDB,38,48,14.0,759.9,10638.6,2024-12-11
2024121101021796,SPC,48,32,165.0,558.7,92185.5,2024-12-11
2024121101021795,SPC,48,59,250.0,558.0,139500.0,2024-12-11
2024121101021794,SPC,48,33,50.0,557.9,27895.0,2024-12-11
2024121101021793,SPC,48,41,35.0,557.0,19495.0,2024-12-11
2024121101021792,SPC,48,10,500.0,557.0,278500.0,2024-12-11
2024121101021791,SARBTM,19,34,200.0,758.9,151780.0,2024-12-11
2024121101021790,USHEC,16,38,100.0,609.0,60900.0,2024-12-11
2024121103011979,JFL,13,1,200.0,950.0,190000.0,2024-12-11
2024121105009472,MBJC,16,22,90.0,357.2,32148.0,2024-12-11
2024121103011978,PROFL,41,11,50.0,702.0,35100.0,2024-12-11
2024121101021789,KBL,34,49,450.0,224.0,100800.0,2024-12-11
2024121101021788,KBL,34,52,200.0,224.0,44800.0,2024-12-11
2024121101021787,KBL,34,42,200.0,224.0,44800.0,2024-12-11
2024121101021786,KBL,34,57,48.0,224.0,10752.0,2024-12-11
2024121101021785,KBL,34,52,102.0,224.0,22848.0,2024-12-11
2024121105009471,HRL,34,17,10.0,824.3,8243.0,2024-12-11
2024121105009470,HRL,34,55,216.0,824.3,178048.8,2024-12-11
2024121101021784,DORDI,13,67,1000.0,559.0,559000.0,2024-12-11
2024121101021783,DORDI,58,67,477.0,559.0,266643.0,2024-12-11
2024121101021782,SPC,39,45,50.0,556.2,27810.0,2024-12-11
2024121104012368,PPCL,14,14,1000.0,297.0,297000.0,2024-12-11
2024121104012367,PPCL,34,14,200.0,297.0,59400.0,2024-12-11
2024121104012366,PPCL,52,14,180.0,297.0,53460.0,2024-12-11
2024121101021781,BNHC,57,98,100.0,511.0,51100.0,2024-12-11
2024121103011977,JFL,57,1,100.0,950.0,95000.0,2024-12-11
2024121101021780,BEDC,56,58,100.0,602.0,60200.0,2024-12-11
2024121103011976,KRBL,48,92,500.0,823.4,411700.0,2024-12-11
2024121104012365,KKHC,52,16,40.0,419.0,16760.0,2024-12-11
2024121103011975,GUFL,57,48,112.0,740.0,82880.0,2024-12-11
2024121103011974,GUFL,52,48,88.0,740.0,65120.0,2024-12-11
2024121104012364,AKJCL,44,58,30.0,215.0,6450.0,2024-12-11
2024121101021779,MMKJL,39,29,257.0,765.0,196605.0,2024-12-11
2024121101021778,MMKJL,39,32,10.0,765.0,7650.0,2024-12-11
2024121101021777,MMKJL,39,33,10.0,765.0,7650.0,2024-12-11
2024121101021776,MMKJL,39,16,10.0,765.0,7650.0,2024-12-11
2024121101021775,MMKJL,39,42,10.0,765.0,7650.0,2024-12-11
2024121101021774,MMKJL,39,35,300.0,765.0,229500.0,2024-12-11
2024121101021773,MMKJL,39,42,10.0,765.0,7650.0,2024-12-11
2024121101021772,MMKJL,39,22,200.0,765.0,153000.0,2024-12-11
2024121101021771,MMKJL,39,34,10.0,765.0,7650.0,2024-12-11
2024121101021770,MMKJL,39,1,10.0,765.0,7650.0,2024-12-11
2024121101021769,MMKJL,39,61,10.0,765.0,7650.0,2024-12-11
2024121101021768,MMKJL,39,57,200.0,765.0,153000.0,2024-12-11
2024121101021767,MMKJL,39,3,10.0,765.0,7650.0,2024-12-11
2024121101021766,MMKJL,39,54,50.0,765.0,38250.0,2024-12-11
2024121101021765,MMKJL,39,75,160.0,764.9,122384.0,2024-12-11
2024121101021764,MMKJL,39,57,10.0,764.0,7640.0,2024-12-11
2024121101021763,MMKJL,39,45,728.0,764.0,556192.0,2024-12-11
2024121101021762,MMKJL,39,25,10.0,763.0,7630.0,2024-12-11
2024121101021761,MMKJL,39,4,10.0,763.0,7630.0,2024-12-11
2024121101021760,MMKJL,39,17,10.0,763.0,7630.0,2024-12-11
2024121101021759,MMKJL,39,19,297.0,762.0,226314.0,2024-12-11
2024121101021758,MMKJL,39,45,10.0,762.0,7620.0,2024-12-11
2024121101021757,MMKJL,39,29,50.0,761.0,38050.0,2024-12-11
2024121101021756,MMKJL,39,29,50.0,760.9,38045.0,2024-12-11
2024121101021755,MMKJL,39,17,418.0,760.9,318056.2,2024-12-11
2024121101021754,MMKJL,39,11,150.0,759.9,113985.0,2024-12-11
2024121104012363,NHPC,25,22,113.0,228.1,25775.3,2024-12-11
2024121104012362,NHPC,48,22,131.0,228.9,29985.9,2024-12-11
2024121103011973,FMDBL,5,49,20.0,762.0,15240.0,2024-12-11
2024121101021753,MKHC,47,52,60.0,540.0,32400.0,2024-12-11
2024121101021752,MKHC,47,17,100.0,539.5,53950.0,2024-12-11
2024121101021751,MKHC,47,6,10.0,539.3,5393.0,2024-12-11
2024121101021750,MKHC,47,17,100.0,539.0,53900.0,2024-12-11
2024121101021749,MKHC,47,49,75.0,539.0,40425.0,2024-12-11
2024121101021748,MKHC,47,40,10.0,538.9,5389.0,2024-12-11
2024121101021747,MKHC,47,50,40.0,538.0,21520.0,2024-12-11
2024121101021746,MKHC,47,43,100.0,535.0,53500.0,2024-12-11
2024121103011972,PFL,39,45,400.0,681.0,272400.0,2024-12-11
2024121101021745,DLBS,21,51,10.0,1630.0,16300.0,2024-12-11
2024121101021744,MHL,66,14,10.0,899.1,8991.0,2024-12-11
2024121103011971,SINDU,49,49,200.0,989.0,197800.0,2024-12-11
2024121101021743,SARBTM,56,34,10.0,758.9,7589.0,2024-12-11
2024121104012361,RHPL,58,56,1000.0,465.0,465000.0,2024-12-11
2024121104012360,UNHPL,78,49,500.0,306.0,153000.0,2024-12-11
2024121104012359,LEC,55,19,67.0,216.0,14472.0,2024-12-11
2024121101021742,NICA,4,48,40.0,415.0,16600.0,2024-12-11
2024121104012358,UNHPL,78,1,1000.0,305.0,305000.0,2024-12-11
2024121104012357,UNHPL,78,13,1000.0,304.0,304000.0,2024-12-11
2024121104012356,UNHPL,78,45,250.0,302.0,75500.0,2024-12-11
2024121104012355,UNHPL,78,56,100.0,300.9,30090.0,2024-12-11
2024121104012354,UNHPL,78,38,500.0,300.5,150250.0,2024-12-11
2024121104012353,UNHPL,78,58,500.0,300.5,150250.0,2024-12-11
2024121101021741,MANDU,40,19,243.0,911.0,221373.0,2024-12-11
2024121103011970,MLBSL,5,16,10.0,2390.0,23900.0,2024-12-11
2024121105009469,SMATA,5,57,10.0,854.0,8540.0,2024-12-11
2024121104012352,UPCL,58,32,30.0,292.0,8760.0,2024-12-11
2024121104012351,UPCL,58,38,500.0,292.0,146000.0,2024-12-11
2024121104012350,UPCL,58,71,250.0,292.0,73000.0,2024-12-11
2024121104012349,UPCL,58,49,100.0,292.0,29200.0,2024-12-11
2024121104012348,UPCL,58,49,500.0,292.0,146000.0,2024-12-11
2024121104012347,UPCL,58,58,18.0,292.0,5256.0,2024-12-11
2024121104012346,UPCL,58,3,54.0,292.0,15768.0,2024-12-11
2024121104012345,UPCL,58,41,1000.0,292.0,292000.0,2024-12-11
2024121104012344,UPCL,58,17,10.0,292.0,2920.0,2024-12-11
2024121104012343,UPCL,58,41,383.0,291.7,111721.1,2024-12-11
2024121103011969,SMPDA,34,51,10.0,979.8,9798.0,2024-12-11
2024121101021740,MKJC,34,5,35.0,557.0,19495.0,2024-12-11
2024121104012342,AKJCL,44,51,500.0,215.0,107500.0,2024-12-11
2024121105009468,SHIVM,72,17,10.0,570.0,5700.0,2024-12-11
2024121103011968,SLBSL,72,26,110.0,1823.0,200530.0,2024-12-11
2024121103011967,SLBSL,72,14,30.0,1800.4,54012.0,2024-12-11
2024121103011966,SLBSL,72,38,10.0,1800.3,18003.0,2024-12-11
2024121103011965,SLBSL,72,66,50.0,1800.0,90000.0,2024-12-11
2024121103011964,SLBSL,72,26,20.0,1800.0,36000.0,2024-12-11
2024121103011963,SLBSL,72,43,250.0,1800.0,450000.0,2024-12-11
2024121103011962,SLBSL,72,17,272.0,1800.0,489600.0,2024-12-11
2024121103011961,SLBSL,72,38,10.0,1800.0,18000.0,2024-12-11
2024121103011960,SLBSL,72,63,100.0,1800.0,180000.0,2024-12-11
2024121103011959,SLBSL,72,48,100.0,1800.0,180000.0,2024-12-11
2024121103011958,SLBSL,72,43,30.0,1797.2,53916.0,2024-12-11
2024121103011957,SLBSL,72,38,220.0,1797.2,395384.0,2024-12-11
2024121103011956,SLBSL,72,62,180.0,1797.2,323496.0,2024-12-11
2024121103011955,SLBSL,72,52,30.0,1797.2,53916.0,2024-12-11
2024121103011954,SLBSL,72,45,100.0,1797.2,179720.0,2024-12-11
2024121103011953,SLBSL,72,11,10.0,1797.0,17970.0,2024-12-11
2024121103011952,SLBSL,72,34,10.0,1797.0,17970.0,2024-12-11
2024121103011951,SLBSL,72,37,100.0,1797.0,179700.0,2024-12-11
2024121103011950,SLBSL,72,58,126.0,1795.2,226195.2,2024-12-11
2024121103011949,NFS,58,26,21.0,1115.0,23415.0,2024-12-11
2024121103011948,NFS,41,26,79.0,1115.0,88085.0,2024-12-11
2024121101021739,KBL,45,52,148.0,224.0,33152.0,2024-12-11
2024121101021738,KBL,45,35,10.0,224.0,2240.0,2024-12-11
2024121101021737,KBL,45,69,42.0,224.0,9408.0,2024-12-11
2024121101021736,KBL,14,69,300.0,224.0,67200.0,2024-12-11
2024121101021735,NABIL,18,57,28.0,529.0,14812.0,2024-12-11
2024121103011947,MDB,57,55,500.0,760.0,380000.0,2024-12-11
2024121103011946,JBBL,56,47,50.0,390.0,19500.0,2024-12-11
2024121104012341,AKPL,32,39,100.0,251.9,25190.0,2024-12-11
2024121101021734,SBI,17,45,20.0,460.0,9200.0,2024-12-11
2024121101021733,DORDI,58,6,130.0,559.0,72670.0,2024-12-11
2024121101021732,DORDI,26,6,370.0,559.1,206867.0,2024-12-11
2024121103011945,GFCL,32,38,80.0,853.0,68240.0,2024-12-11
2024121104012340,GHL,84,57,150.0,222.0,33300.0,2024-12-11
2024121104012339,GHL,84,26,30.0,222.0,6660.0,2024-12-11
2024121104012338,GHL,84,50,100.0,221.6,22160.0,2024-12-11
2024121103011944,NMLBBL,84,19,140.0,690.0,96600.0,2024-12-11
2024121103011943,NMLBBL,84,59,860.0,689.9,593314.0,2024-12-11
2024121105009467,CIT,90,7,28.0,2174.0,60872.0,2024-12-11
2024121105009466,CIT,90,45,46.0,2173.0,99958.0,2024-12-11
2024121105009465,CIT,90,7,26.0,2173.0,56498.0,2024-12-11
2024121101021731,MBL,36,38,250.0,252.0,63000.0,2024-12-11
2024121104012337,UMHL,42,37,406.0,346.0,140476.0,2024-12-11
2024121104012336,UMHL,17,37,100.0,346.5,34650.0,2024-12-11
2024121104012335,UMHL,44,37,69.0,347.0,23943.0,2024-12-11
2024121103011942,JFL,41,26,100.0,949.9,94990.0,2024-12-11
2024121103011941,NFS,58,49,10.0,1125.0,11250.0,2024-12-11
2024121105009464,MBJC,16,45,50.0,357.2,17860.0,2024-12-11
2024121105009463,NRN,57,74,10.0,1045.0,10450.0,2024-12-11
2024121104012334,HURJA,58,66,20.0,245.1,4902.0,2024-12-11
2024121104012333,HURJA,17,66,80.0,245.5,19640.0,2024-12-11
2024121101021730,NICA,58,48,50.0,415.0,20750.0,2024-12-11
2024121103011940,BFC,19,8,100.0,779.0,77900.0,2024-12-11
2024121101021729,CZBIL,16,34,400.0,226.9,90760.0,2024-12-11
2024121101021728,CZBIL,16,25,500.0,226.8,113400.0,2024-12-11
2024121101021727,CZBIL,16,39,100.0,226.7,22670.0,2024-12-11
2024121103011939,RLFL,57,77,55.0,650.0,35750.0,2024-12-11
2024121105009462,HIDCL,42,41,624.0,254.0,158496.0,2024-12-11
2024121105009461,HIDCL,42,53,376.0,254.0,95504.0,2024-12-11
2024121101021726,MMKJL,39,17,82.0,760.9,62393.8,2024-12-11
2024121101021725,MMKJL,39,35,10.0,760.9,7609.0,2024-12-11
2024121101021724,MMKJL,39,83,10.0,760.9,7609.0,2024-12-11
2024121101021723,MMKJL,39,19,300.0,760.5,228150.0,2024-12-11
2024121101021722,MMKJL,39,75,10.0,760.1,7601.0,2024-12-11
2024121101021721,MMKJL,39,58,10.0,760.0,7600.0,2024-12-11
2024121101021720,MMKJL,39,38,10.0,760.0,7600.0,2024-12-11
2024121101021719,MMKJL,39,50,220.0,760.0,167200.0,2024-12-11
2024121101021718,MMKJL,39,49,10.0,760.0,7600.0,2024-12-11
2024121101021717,MMKJL,39,1,10.0,760.0,7600.0,2024-12-11
2024121101021716,MMKJL,39,57,10.0,760.0,7600.0,2024-12-11
2024121101021715,MMKJL,39,59,10.0,760.0,7600.0,2024-12-11
2024121101021714,MMKJL,39,19,300.0,760.0,228000.0,2024-12-11
2024121101021713,MMKJL,39,38,10.0,760.0,7600.0,2024-12-11
2024121101021712,MMKJL,39,74,300.0,760.0,228000.0,2024-12-11
2024121101021711,MMKJL,39,59,200.0,760.0,152000.0,2024-12-11
2024121101021710,MMKJL,39,17,10.0,760.0,7600.0,2024-12-11
2024121101021709,MMKJL,39,42,10.0,760.0,7600.0,2024-12-11
2024121101021708,MMKJL,39,7,10.0,760.0,7600.0,2024-12-11
2024121101021707,MMKJL,39,38,10.0,760.0,7600.0,2024-12-11
2024121101021706,MMKJL,39,38,10.0,760.0,7600.0,2024-12-11
2024121101021705,MMKJL,39,22,10.0,760.0,7600.0,2024-12-11
2024121101021704,MMKJL,39,34,10.0,760.0,7600.0,2024-12-11
2024121101021703,MMKJL,39,34,10.0,760.0,7600.0,2024-12-11
2024121101021702,MMKJL,39,35,10.0,760.0,7600.0,2024-12-11
2024121101021701,MMKJL,39,42,10.0,760.0,7600.0,2024-12-11
2024121101021700,MMKJL,39,6,10.0,760.0,7600.0,2024-12-11
2024121101021699,MMKJL,39,40,500.0,760.0,380000.0,2024-12-11
2024121101021698,MMKJL,39,64,10.0,760.0,7600.0,2024-12-11
2024121101021697,MMKJL,39,58,10.0,760.0,7600.0,2024-12-11
2024121101021696,MMKJL,39,8,10.0,759.0,7590.0,2024-12-11
2024121101021695,MMKJL,39,6,100.0,758.9,75890.0,2024-12-11
2024121101021694,MMKJL,39,45,250.0,758.0,189500.0,2024-12-11
2024121101021693,MMKJL,39,45,500.0,758.0,379000.0,2024-12-11
2024121101021692,MMKJL,39,34,180.0,757.0,136260.0,2024-12-11
2024121101021691,MMKJL,39,50,78.0,757.0,59046.0,2024-12-11
2024121101021690,MMKJL,39,41,10.0,755.0,7550.0,2024-12-11
2024121101021689,MMKJL,39,14,10.0,755.0,7550.0,2024-12-11
2024121101021688,MMKJL,39,38,10.0,754.5,7545.0,2024-12-11
2024121101021687,MMKJL,39,58,10.0,754.0,7540.0,2024-12-11
2024121101021686,MMKJL,39,46,200.0,754.0,150800.0,2024-12-11
2024121101021685,MMKJL,39,82,500.0,753.0,376500.0,2024-12-11
2024121101021684,MMKJL,39,58,10.0,750.0,7500.0,2024-12-11
2024121104012332,UPCL,59,19,20.0,291.6,5832.0,2024-12-11
2024121101021683,KBL,38,69,500.0,224.0,112000.0,2024-12-11
2024121103011938,CFCL,36,53,160.0,665.0,106400.0,2024-12-11
2024121103011937,CFCL,36,13,40.0,665.0,26600.0,2024-12-11
2024121105009460,CLI,74,14,970.0,699.0,678030.0,2024-12-11
2024121103011936,SMPDA,14,51,10.0,979.8,9798.0,2024-12-11
2024121101021682,SCB,14,1,29.0,689.0,19981.0,2024-12-11
2024121101021681,SCB,14,14,131.0,688.7,90219.7,2024-12-11
2024121101021680,SCB,14,49,100.0,688.0,68800.0,2024-12-11
2024121101021679,SCB,14,45,100.0,688.0,68800.0,2024-12-11
2024121101021678,SCB,14,43,20.0,688.0,13760.0,2024-12-11
2024121101021677,SCB,14,62,20.0,688.0,13760.0,2024-12-11
2024121101021676,SCB,14,50,100.0,688.0,68800.0,2024-12-11
2024121101021675,SCB,14,65,500.0,686.1,343050.0,2024-12-11
2024121105009459,HRL,43,80,20.0,824.1,16482.0,2024-12-11
2024121105009458,BBC,45,42,30.0,6530.0,195900.0,2024-12-11
2024121105009457,BBC,45,56,51.0,6530.0,333030.0,2024-12-11
2024121105009456,BBC,45,19,10.0,6529.0,65290.0,2024-12-11
2024121101021674,SANIMA,45,35,200.0,316.0,63200.0,2024-12-11
2024121101021673,RAWA,42,92,10.0,786.0,7860.0,2024-12-11
2024121101021672,USHEC,70,49,10.0,612.0,6120.0,2024-12-11
2024121101021671,MKHL,8,57,31.0,640.0,19840.0,2024-12-11
2024121105009455,HRL,43,49,10.0,824.1,8241.0,2024-12-11
2024121103011935,MPFL,8,17,220.0,759.0,166980.0,2024-12-11
2024121103011934,MPFL,8,25,50.0,759.0,37950.0,2024-12-11
2024121103011933,MPFL,8,29,100.0,758.9,75890.0,2024-12-11
2024121103011932,MPFL,8,42,30.0,758.9,22767.0,2024-12-11
2024121103011931,NFS,54,49,50.0,1125.0,56250.0,2024-12-11
2024121103011930,MLBL,1,17,100.0,414.0,41400.0,2024-12-11
2024121101021670,AHL,42,6,40.0,732.9,29316.0,2024-12-11
2024121101021669,AHL,42,49,100.0,730.0,73000.0,2024-12-11
2024121103011929,CBBL,42,84,20.0,935.2,18704.0,2024-12-11
2024121104012331,HURJA,32,13,118.0,246.0,29028.0,2024-12-11
2024121104012330,HURJA,32,41,200.0,245.9,49180.0,2024-12-11
2024121104012329,HURJA,32,39,440.0,245.8,108152.0,2024-12-11
2024121104012328,HURJA,32,17,90.0,245.8,22122.0,2024-12-11
2024121104012327,HURJA,32,58,152.0,245.7,37346.4,2024-12-11
2024121104012326,HDHPC,3,48,337.0,212.1,71477.7,2024-12-11
2024121104012325,HDHPC,62,48,663.0,212.2,140688.6,2024-12-11
2024121101021668,DOLTI,22,58,50.0,690.0,34500.0,2024-12-11
2024121101021667,DOLTI,41,58,50.0,690.0,34500.0,2024-12-11
2024121103011928,JFL,41,41,100.0,949.9,94990.0,2024-12-11
2024121104012324,AKJCL,44,84,2000.0,215.0,430000.0,2024-12-11
2024121105009454,MBJC,47,48,60.0,359.0,21540.0,2024-12-11
2024121103011927,MLBBL,42,90,20.0,1698.0,33960.0,2024-12-11
2024121101021666,MBL,52,38,40.0,252.0,10080.0,2024-12-11
2024121101021665,KBL,57,26,200.0,223.9,44780.0,2024-12-11
2024121104012323,DHPL,26,39,10.0,322.9,3229.0,2024-12-11
2024121104012322,UPPER,66,58,20.0,213.5,4270.0,2024-12-11
2024121103011926,NMFBS,41,70,200.0,1305.1,261020.0,2024-12-11
2024121103011925,MDB,70,55,100.0,760.0,76000.0,2024-12-11
2024121104012321,HEI,46,33,10.0,648.0,6480.0,2024-12-11
2024121103011924,JFL,41,46,20.0,949.9,18998.0,2024-12-11
2024121103011923,GRDBL,43,54,10.0,1032.9,10329.0,2024-12-11
2024121101021664,KBL,42,69,10.0,224.0,2240.0,2024-12-11
2024121104012320,PPCL,52,6,320.0,297.0,95040.0,2024-12-11
2024121104012319,PPCL,45,6,220.0,297.0,65340.0,2024-12-11
2024121101021663,NIMB,32,6,60.0,227.0,13620.0,2024-12-11
2024121101021662,BEDC,81,58,177.0,602.0,106554.0,2024-12-11
2024121101021661,BEDC,81,5,23.0,602.0,13846.0,2024-12-11
2024121104012318,SALICO,33,46,95.0,709.9,67440.5,2024-12-11
2024121104012317,SALICO,33,58,61.0,709.0,43249.0,2024-12-11
2024121104012316,SALICO,33,57,44.0,708.0,31152.0,2024-12-11
2024121101021660,PCBL,29,58,100.0,262.2,26220.0,2024-12-11
2024121101021659,HIDCLP,78,53,2350.0,170.1,399735.0,2024-12-11
2024121101021658,HIDCLP,16,53,100.0,170.2,17020.0,2024-12-11
2024121101021657,HIDCLP,43,53,50.0,170.8,8540.0,2024-12-11
2024121105009453,NIFRA,49,38,18.0,259.1,4663.8,2024-12-11
2024121105009452,NIFRA,49,38,36.0,259.1,9327.6,2024-12-11
2024121105009451,NIFRA,22,38,10.0,259.5,2595.0,2024-12-11
2024121104012315,SPIL,72,51,158.0,819.3,129449.4,2024-12-11
2024121101021656,USHEC,16,52,10.0,609.0,6090.0,2024-12-11
2024121103011922,BFC,14,49,10.0,779.1,7791.0,2024-12-11
2024121101021655,MHL,66,14,10.0,899.1,8991.0,2024-12-11
2024121104012314,MEN,45,32,100.0,718.0,71800.0,2024-12-11
2024121104012313,MEN,45,63,150.0,718.0,107700.0,2024-12-11
2024121104012312,MEN,45,34,75.0,718.0,53850.0,2024-12-11
2024121104012311,MEN,45,14,61.0,717.0,43737.0,2024-12-11
2024121105009450,PHCL,98,70,10.0,563.0,5630.0,2024-12-11
2024121105009449,CHDC,56,45,11.0,1661.0,18271.0,2024-12-11
2024121101021654,ULHC,4,45,50.0,520.0,26000.0,2024-12-11
2024121103011921,NFS,41,57,350.0,1115.0,390250.0,2024-12-11
2024121104012310,API,49,62,300.0,278.0,83400.0,2024-12-11
2024121104012309,MHNL,32,56,60.0,282.0,16920.0,2024-12-11
2024121104012308,MHNL,32,34,40.0,281.0,11240.0,2024-12-11
2024121104012307,MHNL,32,25,100.0,281.0,28100.0,2024-12-11
2024121103011920,DDBL,33,17,751.0,867.4,651417.4,2024-12-11
2024121103011919,DDBL,42,17,30.0,867.5,26025.0,2024-12-11
2024121103011918,DDBL,32,17,50.0,867.5,43375.0,2024-12-11
2024121103011917,DDBL,42,17,29.0,868.0,25172.0,2024-12-11
2024121103011916,DDBL,58,17,10.0,868.2,8682.0,2024-12-11
2024121103011915,DDBL,6,17,90.0,869.0,78210.0,2024-12-11
2024121103011914,DDBL,57,17,40.0,869.5,34780.0,2024-12-11
2024121104012306,UMHL,42,75,113.0,347.5,39267.5,2024-12-11
2024121104012305,UMHL,42,1,387.0,347.4,134443.8,2024-12-11
2024121104012304,SSHL,39,32,981.0,248.0,243288.0,2024-12-11
2024121104012303,SSHL,39,7,1000.0,248.0,248000.0,2024-12-11
2024121104012302,SSHL,39,14,500.0,248.0,124000.0,2024-12-11
2024121104012301,SSHL,39,67,120.0,248.0,29760.0,2024-12-11
2024121104012300,SSHL,39,32,50.0,247.7,12385.0,2024-12-11
2024121104012299,SSHL,39,58,1000.0,247.0,247000.0,2024-12-11
2024121104012298,SSHL,39,63,500.0,247.0,123500.0,2024-12-11
2024121104012297,SSHL,39,58,100.0,247.0,24700.0,2024-12-11
2024121104012296,SSHL,39,32,300.0,246.9,74070.0,2024-12-11
2024121104012295,SSHL,39,32,449.0,246.9,110858.1,2024-12-11
2024121101021653,MKJC,29,5,10.0,557.0,5570.0,2024-12-11
2024121103011913,CFCL,29,13,160.0,665.0,106400.0,2024-12-11
2024121101021652,SRLI,4,35,10.0,433.0,4330.0,2024-12-11
2024121101021651,NICA,35,48,176.0,415.0,73040.0,2024-12-11
2024121103011912,JFL,58,1,80.0,950.0,76000.0,2024-12-11
2024121104012294,UMRH,58,82,500.0,653.0,326500.0,2024-12-11
2024121104012293,RHPL,38,33,20.0,467.0,9340.0,2024-12-11
2024121105009448,BBC,72,56,10.0,6530.0,65300.0,2024-12-11
2024121101021650,GVL,7,6,210.0,552.0,115920.0,2024-12-11
2024121101021649,NIMB,34,48,392.0,227.5,89180.0,2024-12-11
2024121104012292,UPPER,21,58,300.0,213.5,64050.0,2024-12-11
2024121104012291,CGH,42,51,10.0,933.0,9330.0,2024-12-11
2024121101021648,UHEWA,26,33,100.0,764.4,76440.0,2024-12-11
2024121101021647,UHEWA,26,59,3000.0,764.0,2292000.0,2024-12-11
2024121101021646,UHEWA,26,49,10.0,762.0,7620.0,2024-12-11
2024121101021645,UHEWA,26,58,10.0,762.0,7620.0,2024-12-11
2024121101021644,UHEWA,26,69,500.0,762.0,381000.0,2024-12-11
2024121101021643,UHEWA,26,5,100.0,762.0,76200.0,2024-12-11
2024121101021642,UHEWA,26,3,1000.0,761.0,761000.0,2024-12-11
2024121101021641,UHEWA,26,58,10.0,760.0,7600.0,2024-12-11
2024121101021640,UHEWA,26,49,50.0,760.0,38000.0,2024-12-11
2024121101021639,UHEWA,26,1,10.0,759.9,7599.0,2024-12-11
2024121101021638,UHEWA,26,55,10.0,759.9,7599.0,2024-12-11
2024121101021637,UHEWA,26,28,450.0,759.9,341955.0,2024-12-11
2024121101021636,UHEWA,26,48,10.0,755.8,7558.0,2024-12-11
2024121101021635,UHEWA,26,34,199.0,755.0,150245.0,2024-12-11
2024121101021634,UHEWA,26,48,180.0,755.0,135900.0,2024-12-11
2024121101021633,UHEWA,26,45,10.0,755.0,7550.0,2024-12-11
2024121101021632,UHEWA,26,69,1000.0,755.0,755000.0,2024-12-11
2024121101021631,UHEWA,26,34,10.0,754.0,7540.0,2024-12-11
2024121101021630,UHEWA,26,69,1000.0,753.0,753000.0,2024-12-11
2024121101021629,UHEWA,26,54,10.0,751.0,7510.0,2024-12-11
2024121101021628,UHEWA,26,38,43.0,750.0,32250.0,2024-12-11
2024121101021627,UHEWA,26,45,10.0,750.0,7500.0,2024-12-11
2024121101021626,UHEWA,26,56,10.0,750.0,7500.0,2024-12-11
2024121101021625,UHEWA,26,44,10.0,750.0,7500.0,2024-12-11
2024121101021624,UHEWA,26,75,2000.0,750.0,1500000.0,2024-12-11
2024121101021623,UHEWA,26,36,50.0,750.0,37500.0,2024-12-11
2024121101021622,UHEWA,26,58,10.0,750.0,7500.0,2024-12-11
2024121101021621,UHEWA,26,10,100.0,749.7,74970.0,2024-12-11
2024121101021620,UHEWA,26,65,48.0,749.5,35976.0,2024-12-11
2024121101021619,UHEWA,26,41,80.0,749.5,59960.0,2024-12-11
2024121101021618,UHEWA,26,13,200.0,742.2,148440.0,2024-12-11
2024121103011911,JFL,41,45,100.0,949.9,94990.0,2024-12-11
2024121103011910,NFS,55,49,20.0,1125.0,22500.0,2024-12-11
2024121103011909,SFCL,1,47,50.0,739.0,36950.0,2024-12-11
2024121104012290,SHPC,17,34,200.0,548.5,109700.0,2024-12-11
2024121104012289,SHPC,53,42,400.0,548.0,219200.0,2024-12-11
2024121104012288,SHPC,32,42,20.0,548.0,10960.0,2024-12-11
2024121104012287,SHPC,77,42,580.0,548.1,317898.0,2024-12-11
2024121104012286,NHPC,42,65,10.0,229.0,2290.0,2024-12-11
2024121104012285,DHPL,39,95,300.0,320.0,96000.0,2024-12-11
2024121101021617,SGHC,6,38,300.0,477.0,143100.0,2024-12-11
2024121101021616,SGHC,6,29,200.0,476.0,95200.0,2024-12-11
2024121101021615,NIMB,32,13,300.0,227.0,68100.0,2024-12-11
2024121104012284,HDHPC,62,29,1500.0,212.2,318300.0,2024-12-11
2024121105009447,SONA,58,36,90.0,465.0,41850.0,2024-12-11
2024121105009446,SONA,58,74,40.0,465.0,18600.0,2024-12-11
2024121105009445,SONA,58,4,10.0,465.0,4650.0,2024-12-11
2024121105009444,SONA,58,57,10.0,465.0,4650.0,2024-12-11
2024121101021614,SANIMA,11,35,29.0,316.0,9164.0,2024-12-11
2024121104012283,SPDL,46,50,10.0,334.1,3341.0,2024-12-11
2024121101021613,IHL,60,75,30.0,728.0,21840.0,2024-12-11
2024121101021612,IHL,60,58,10.0,727.4,7274.0,2024-12-11
2024121101021611,IHL,60,48,20.0,725.0,14500.0,2024-12-11
2024121101021610,IHL,60,48,10.0,722.0,7220.0,2024-12-11
2024121104012282,UPCL,51,41,1117.0,291.7,325828.9,2024-12-11
2024121104012281,UPCL,51,48,291.0,291.6,84855.6,2024-12-11
2024121104012280,UPCL,51,58,92.0,291.6,26827.2,2024-12-11
2024121105009443,HIDCL,38,59,100.0,253.1,25310.0,2024-12-11
2024121105009442,HIDCL,57,59,50.0,253.1,12655.0,2024-12-11
2024121104012279,RIDI,21,40,100.0,241.0,24100.0,2024-12-11
2024121104012278,NGPL,16,57,200.0,278.0,55600.0,2024-12-11
2024121103011908,SIFC,13,57,210.0,648.0,136080.0,2024-12-11
2024121103011907,SIFC,63,57,90.0,648.0,58320.0,2024-12-11
2024121101021609,MHCL,65,1,200.0,548.0,109600.0,2024-12-11
2024121101021608,MHCL,44,1,206.0,548.0,112888.0,2024-12-11
2024121101021607,SIKLES,77,34,100.0,808.0,80800.0,2024-12-11
2024121101021606,SIKLES,77,57,40.0,808.0,32320.0,2024-12-11
2024121101021605,SIKLES,77,63,50.0,807.9,40395.0,2024-12-11
2024121101021604,SIKLES,77,34,100.0,805.0,80500.0,2024-12-11
2024121101021603,SIKLES,77,8,30.0,800.0,24000.0,2024-12-11
2024121101021602,SIKLES,77,34,55.0,796.4,43802.0,2024-12-11
2024121101021601,SIKLES,77,32,20.0,796.3,15926.0,2024-12-11
2024121103011906,SHINE,53,34,184.0,465.0,85560.0,2024-12-11
2024121103011905,SHINE,53,43,180.0,465.0,83700.0,2024-12-11
2024121103011904,SHINE,53,57,221.0,465.0,102765.0,2024-12-11
2024121103011903,SHINE,53,42,100.0,465.0,46500.0,2024-12-11
2024121103011902,SHINE,53,54,15.0,465.0,6975.0,2024-12-11
2024121103011901,SHINE,53,43,100.0,465.0,46500.0,2024-12-11
2024121103011900,SHINE,53,81,1000.0,464.4,464400.0,2024-12-11
2024121103011899,SHINE,53,55,200.0,464.4,92880.0,2024-12-11
2024121105009441,NRM,42,38,50.0,459.0,22950.0,2024-12-11
2024121101021600,ULHC,4,38,10.0,520.0,5200.0,2024-12-11
2024121101021599,SRLI,47,32,10.0,434.0,4340.0,2024-12-11
2024121103011898,LBBL,58,32,787.0,506.0,398222.0,2024-12-11
2024121104012277,PMHPL,66,69,200.0,290.0,58000.0,2024-12-11
2024121103011897,SMPDA,47,45,100.0,970.1,97010.0,2024-12-11
2024121104012276,NHPC,45,65,14.0,229.0,3206.0,2024-12-11
2024121101021598,HIDCLP,45,49,100.0,170.9,17090.0,2024-12-11
2024121104012275,RURU,45,65,10.0,734.0,7340.0,2024-12-11
2024121104012274,RURU,45,42,20.0,722.0,14440.0,2024-12-11
2024121105009440,HDL,46,49,10.0,1365.0,13650.0,2024-12-11
2024121103011896,GLBSL,54,57,10.0,2259.1,22591.0,2024-12-11
2024121103011895,PFL,48,44,50.0,682.0,34100.0,2024-12-11
2024121104012273,CHL,49,32,20.0,420.8,8416.0,2024-12-11
2024121104012272,RADHI,8,13,350.0,397.2,139020.0,2024-12-11
2024121104012271,UMRH,41,3,10.0,653.0,6530.0,2024-12-11
2024121104012270,UMRH,41,58,586.0,653.0,382658.0,2024-12-11
2024121104012269,HURJA,17,41,20.0,245.5,4910.0,2024-12-11
2024121101021597,GBIME,48,35,40.0,232.8,9312.0,2024-12-11
2024121105009439,MEL,42,22,10.0,324.0,3240.0,2024-12-11
2024121101021596,MKHC,47,50,160.0,538.0,86080.0,2024-12-11
2024121101021595,MKHC,47,57,20.0,538.0,10760.0,2024-12-11
2024121101021594,MKHC,47,54,100.0,538.0,53800.0,2024-12-11
2024121101021593,MKHC,47,38,10.0,538.0,5380.0,2024-12-11
2024121101021592,MKHC,47,51,10.0,538.0,5380.0,2024-12-11
2024121101021591,MKHC,47,48,10.0,537.0,5370.0,2024-12-11
2024121101021590,MKHC,47,17,60.0,537.0,32220.0,2024-12-11
2024121101021589,MKHC,47,33,200.0,537.0,107400.0,2024-12-11
2024121101021588,MKHC,47,16,20.0,536.0,10720.0,2024-12-11
2024121101021587,MKHC,47,16,40.0,535.0,21400.0,2024-12-11
2024121101021586,MKHC,47,34,10.0,534.9,5349.0,2024-12-11
2024121101021585,MKHC,47,3,10.0,534.0,5340.0,2024-12-11
2024121101021584,MKHC,47,38,350.0,533.0,186550.0,2024-12-11
2024121105009438,CIT,1,7,100.0,2173.0,217300.0,2024-12-11
2024121105009437,CIT,56,7,40.0,2173.0,86920.0,2024-12-11
2024121103011894,JBBL,34,47,150.0,390.0,58500.0,2024-12-11
2024121103011893,JBBL,34,16,100.0,390.0,39000.0,2024-12-11
2024121103011892,HLI,26,8,10.0,471.0,4710.0,2024-12-11
2024121101021583,SPL,80,34,10.0,978.8,9788.0,2024-12-11
2024121101021582,SPL,80,70,80.0,977.0,78160.0,2024-12-11
2024121101021581,SPL,80,45,10.0,975.0,9750.0,2024-12-11
2024121101021580,SPL,80,42,10.0,975.0,9750.0,2024-12-11
2024121101021579,SPL,80,7,10.0,975.0,9750.0,2024-12-11
2024121101021578,SPL,80,11,180.0,974.9,175482.0,2024-12-11
2024121101021577,NABIL,18,14,20.0,529.0,10580.0,2024-12-11
2024121101021576,NABIL,18,21,400.0,529.0,211600.0,2024-12-11
2024121101021575,NABIL,18,55,52.0,529.0,27508.0,2024-12-11
2024121105009436,CLI,74,58,10.0,699.0,6990.0,2024-12-11
2024121103011891,CBBL,58,84,20.0,935.2,18704.0,2024-12-11
2024121103011890,CBBL,45,84,15.0,935.2,14028.0,2024-12-11
2024121101021574,RHGCL,57,43,200.0,525.0,105000.0,2024-12-11
2024121104012268,HDHPC,62,16,50.0,212.2,10610.0,2024-12-11
2024121104012267,API,49,54,400.0,278.0,111200.0,2024-12-11
2024121103011889,PFL,48,45,250.0,682.0,170500.0,2024-12-11
2024121101021573,NBL,89,59,360.0,271.9,97884.0,2024-12-11
2024121101021572,MKJC,42,5,200.0,557.0,111400.0,2024-12-11
2024121105009435,ILI,42,28,12.0,482.0,5784.0,2024-12-11
2024121105009434,ILI,42,57,266.0,482.0,128212.0,2024-12-11
2024121105009433,SAHAS,35,13,40.0,500.0,20000.0,2024-12-11
2024121103011888,SAPDBL,60,91,10.0,1100.0,11000.0,2024-12-11
2024121105009432,NTC,38,45,10.0,961.0,9610.0,2024-12-11
2024121104012266,AHPC,67,58,100.0,270.0,27000.0,2024-12-11
2024121105009431,HRL,37,55,84.0,824.3,69241.2,2024-12-11
2024121101021571,NABIL,44,55,95.0,529.0,50255.0,2024-12-11
2024121105009430,SONA,8,22,100.0,464.9,46490.0,2024-12-11
2024121103011887,KMCDB,47,17,100.0,1125.0,112500.0,2024-12-11
2024121103011886,KMCDB,62,17,11.0,1125.1,12376.1,2024-12-11
2024121103011885,KMCDB,62,17,11.0,1126.1,12387.1,2024-12-11
2024121101021570,MANDU,17,32,100.0,910.4,91040.0,2024-12-11
2024121101021569,SARBTM,56,66,60.0,758.0,45480.0,2024-12-11
2024121101021568,MEHL,16,41,10.0,456.9,4569.0,2024-12-11
2024121103011884,CBBL,90,44,200.0,935.1,187020.0,2024-12-11
2024121101021567,MKCL,64,22,40.0,1560.0,62400.0,2024-12-11
2024121101021566,MKCL,64,19,10.0,1560.0,15600.0,2024-12-11
2024121104012265,LEC,39,19,433.0,216.0,93528.0,2024-12-11
2024121104012264,LEC,39,14,50.0,216.0,10800.0,2024-12-11
2024121104012263,LEC,39,54,10.0,216.0,2160.0,2024-12-11
2024121104012262,LEC,39,39,200.0,216.0,43200.0,2024-12-11
2024121104012261,LEC,39,21,200.0,216.0,43200.0,2024-12-11
2024121104012260,LEC,39,57,500.0,215.7,107850.0,2024-12-11
2024121104012259,LEC,39,1,15.0,215.7,3235.5,2024-12-11
2024121104012258,LEC,39,28,92.0,215.7,19844.4,2024-12-11
2024121101021565,KDL,58,39,75.0,1155.0,86625.0,2024-12-11
2024121101021564,KDL,42,39,25.0,1156.0,28900.0,2024-12-11
2024121104012257,HURJA,42,58,150.0,245.7,36855.0,2024-12-11
2024121101021563,MANDU,35,19,17.0,911.0,15487.0,2024-12-11
2024121103011883,PROFL,41,43,30.0,702.0,21060.0,2024-12-11
2024121103011882,PROFL,49,43,50.0,702.1,35105.0,2024-12-11
2024121103011881,PROFL,34,43,200.0,703.0,140600.0,2024-12-11
2024121103011880,PROFL,17,43,20.0,703.0,14060.0,2024-12-11
2024121101021562,SPL,7,11,10.0,974.9,9749.0,2024-12-11
2024121103011879,SKBBL,56,34,170.0,922.0,156740.0,2024-12-11
2024121103011878,SKBBL,19,34,10.0,922.0,9220.0,2024-12-11
2024121103011877,SKBBL,22,34,60.0,923.0,55380.0,2024-12-11
2024121103011876,GUFL,52,34,420.0,740.0,310800.0,2024-12-11
2024121103011875,GUFL,57,34,80.0,740.5,59240.0,2024-12-11
2024121103011874,SAPDBL,60,59,17.0,1100.0,18700.0,2024-12-11
2024121104012256,HPPL,84,80,20.0,413.0,8260.0,2024-12-11
2024121101021561,NESDO,66,21,10.0,2217.9,22179.0,2024-12-11
2024121105009429,NTC,50,45,20.0,961.9,19238.0,2024-12-11
2024121103011873,MLBL,88,99,240.0,411.2,98688.0,2024-12-11
2024121103011872,MLBL,88,99,350.0,411.3,143955.0,2024-12-11
2024121103011871,MLBL,46,99,200.0,412.0,82400.0,2024-12-11
2024121103011870,MLBL,4,99,10.0,412.0,4120.0,2024-12-11
2024121103011869,MLBL,32,99,50.0,413.1,20655.0,2024-12-11
2024121101021560,USHL,45,13,500.0,773.9,386950.0,2024-12-11
2024121101021559,SPC,57,57,20.0,556.1,11122.0,2024-12-11
2024121103011868,JFL,41,58,150.0,949.9,142485.0,2024-12-11
2024121103011867,BFC,58,49,50.0,779.1,38955.0,2024-12-11
2024121104012255,SHPC,58,34,54.0,548.5,29619.0,2024-12-11
2024121101021558,ULHC,49,8,135.0,521.0,70335.0,2024-12-11
2024121101021557,NMB,17,56,40.0,247.5,9900.0,2024-12-11
2024121101021556,BHDC,95,57,10.0,657.0,6570.0,2024-12-11
2024121101021555,MEHL,13,13,30.0,456.0,13680.0,2024-12-11
2024121101021554,MEHL,13,13,370.0,456.9,169053.0,2024-12-11
2024121101021553,PRVU,69,58,1000.0,231.9,231900.0,2024-12-11
2024121101021552,PRVU,69,21,709.0,231.9,164417.1,2024-12-11
2024121103011866,MNBBL,57,5,17.0,397.0,6749.0,2024-12-11
2024121104012254,KPCL,94,45,304.0,553.4,168233.6,2024-12-11
2024121104012253,KPCL,94,62,1000.0,553.4,553400.0,2024-12-11
2024121104012252,KPCL,94,3,500.0,553.3,276650.0,2024-12-11
2024121104012251,KPCL,94,17,196.0,553.2,108427.2,2024-12-11
2024121103011865,MFIL,80,43,473.0,713.0,337249.0,2024-12-11
2024121103011864,MFIL,58,43,22.0,713.0,15686.0,2024-12-11
2024121103011863,MFIL,43,43,50.0,714.0,35700.0,2024-12-11
2024121103011862,MFIL,56,43,10.0,714.0,7140.0,2024-12-11
2024121103011861,MFIL,50,43,210.0,714.0,149940.0,2024-12-11
2024121103011860,MFIL,51,43,15.0,714.0,10710.0,2024-12-11
2024121103011859,MFIL,49,43,30.0,714.0,21420.0,2024-12-11
2024121103011858,MFIL,58,43,70.0,715.0,50050.0,2024-12-11
2024121103011857,MFIL,14,43,20.0,715.0,14300.0,2024-12-11
2024121103011856,MFIL,72,43,100.0,716.5,71650.0,2024-12-11
2024121101021551,PRVU,34,21,30.0,231.9,6957.0,2024-12-11
2024121103011855,KSBBL,14,14,10.0,468.0,4680.0,2024-12-11
2024121101021550,MKJC,55,5,10.0,557.0,5570.0,2024-12-11
2024121103011854,LBBL,58,32,100.0,506.0,50600.0,2024-12-11
2024121101021549,GBIME,58,34,40.0,232.9,9316.0,2024-12-11
2024121103011853,ICFC,39,49,40.0,722.0,28880.0,2024-12-11
2024121103011852,ICFC,58,49,70.0,722.0,50540.0,2024-12-11
2024121103011851,ICFC,10,49,200.0,722.1,144420.0,2024-12-11
2024121103011850,ICFC,34,49,608.0,723.2,439705.6,2024-12-11
2024121104012250,SHEL,1,34,1000.0,257.9,257900.0,2024-12-11
2024121101021548,PRVU,71,21,51.0,231.9,11826.9,2024-12-11
2024121104012249,NLG,48,85,10.0,939.0,9390.0,2024-12-11
2024121104012248,OHL,17,39,10.0,944.0,9440.0,2024-12-11
2024121105009428,HATHY,29,19,100.0,1412.0,141200.0,2024-12-11
2024121104012247,NGPL,16,5,500.0,278.0,139000.0,2024-12-11
2024121103011849,GLBSL,41,37,70.0,2245.0,157150.0,2024-12-11
2024121103011848,GLBSL,48,37,30.0,2246.0,67380.0,2024-12-11
2024121101021547,RHGCL,45,43,180.0,520.0,93600.0,2024-12-11
2024121101021546,RHGCL,19,43,70.0,520.0,36400.0,2024-12-11
2024121101021545,RHGCL,45,43,100.0,520.2,52020.0,2024-12-11
2024121101021544,RHGCL,34,43,200.0,520.2,104040.0,2024-12-11
2024121101021543,RHGCL,48,43,50.0,521.0,26050.0,2024-12-11
2024121101021542,RHGCL,25,43,20.0,521.0,10420.0,2024-12-11
2024121101021541,RHGCL,33,43,30.0,521.0,15630.0,2024-12-11
2024121101021540,RHGCL,62,43,150.0,522.0,78300.0,2024-12-11
2024121101021539,RHGCL,34,43,200.0,522.2,104440.0,2024-12-11
2024121101021538,TVCL,57,28,10.0,515.9,5159.0,2024-12-11
2024121104012246,PPCL,45,22,30.0,297.0,8910.0,2024-12-11
2024121104012245,PPCL,45,22,10.0,297.0,2970.0,2024-12-11
2024121104012244,PPCL,52,22,60.0,297.0,17820.0,2024-12-11
2024121105009427,NRM,42,45,50.0,459.0,22950.0,2024-12-11
2024121103011847,JFL,41,44,1000.0,949.9,949900.0,2024-12-11
2024121103011846,CFCL,58,48,72.0,666.0,47952.0,2024-12-11
2024121103011845,CFCL,58,8,100.0,666.0,66600.0,2024-12-11
2024121103011844,CFCL,58,22,200.0,666.0,133200.0,2024-12-11
2024121103011843,CFCL,58,45,28.0,665.5,18634.0,2024-12-11
2024121103011842,CFCL,58,62,100.0,665.0,66500.0,2024-12-11
2024121105009426,SMATA,17,49,10.0,851.0,8510.0,2024-12-11
2024121105009425,NRN,49,74,400.0,1045.0,418000.0,2024-12-11
2024121103011841,SADBL,72,13,227.0,453.0,102831.0,2024-12-11
2024121101021537,ADBL,84,19,10.0,335.0,3350.0,2024-12-11
2024121101021536,JBLB,50,38,22.0,1578.0,34716.0,2024-12-11
2024121101021535,SCB,14,45,50.0,683.5,34175.0,2024-12-11
2024121101021534,SCB,14,49,50.0,683.4,34170.0,2024-12-11
2024121104012243,UPPER,62,58,100.0,213.5,21350.0,2024-12-11
2024121104012242,SHPC,77,55,250.0,548.1,137025.0,2024-12-11
2024121103011840,KSBBL,42,57,113.0,465.0,52545.0,2024-12-11
2024121103011839,KSBBL,1,57,187.0,465.1,86973.7,2024-12-11
2024121103011838,BFC,41,49,1735.0,779.1,1351738.5,2024-12-11
2024121104012241,API,49,39,178.0,278.0,49484.0,2024-12-11
2024121101021533,SNLI,6,32,12.0,656.1,7873.2,2024-12-11
2024121104012240,IGI,19,50,100.0,610.0,61000.0,2024-12-11
2024121105009424,CIT,38,42,14.0,2173.1,30423.4,2024-12-11
2024121104012239,SSHL,35,32,51.0,246.9,12591.9,2024-12-11
2024121104012238,NGPL,90,48,200.0,278.1,55620.0,2024-12-11
2024121104012237,SSHL,44,50,240.0,245.1,58824.0,2024-12-11
2024121104012236,SSHL,19,50,128.0,245.2,31385.6,2024-12-11
2024121104012235,SSHL,49,50,20.0,245.3,4906.0,2024-12-11
2024121104012234,SSHL,45,50,1000.0,245.6,245600.0,2024-12-11
2024121104012233,SSHL,16,50,20.0,246.0,4920.0,2024-12-11
2024121104012232,SSHL,40,50,100.0,246.0,24600.0,2024-12-11
2024121104012231,SSHL,42,50,100.0,246.0,24600.0,2024-12-11
2024121104012230,SSHL,39,50,22.0,246.0,5412.0,2024-12-11
2024121101021532,PRVU,38,21,10.0,231.9,2319.0,2024-12-11
2024121104012229,SPDL,26,13,37.0,335.5,12413.5,2024-12-11
2024121104012228,SPDL,26,38,163.0,335.5,54686.5,2024-12-11
2024121101021531,MHL,66,67,10.0,899.1,8991.0,2024-12-11
2024121104012227,AKJCL,44,57,1000.0,215.0,215000.0,2024-12-11
2024121101021530,RAWA,57,11,10.0,794.0,7940.0,2024-12-11
2024121105009423,CHDC,56,22,12.0,1661.0,19932.0,2024-12-11
2024121101021529,ULHC,4,56,100.0,520.0,52000.0,2024-12-11
2024121101021528,HIDCLP,49,49,400.0,170.9,68360.0,2024-12-11
2024121101021527,HIDCLP,33,49,50.0,170.9,8545.0,2024-12-11
2024121101021526,HIDCLP,44,38,55.0,171.0,9405.0,2024-12-11
2024121101021525,HIDCLP,44,63,70.0,171.0,11970.0,2024-12-11
2024121101021524,HIDCLP,44,92,875.0,171.0,149625.0,2024-12-11
2024121104012226,UNHPL,78,56,500.0,300.0,150000.0,2024-12-11
2024121104012225,UNHPL,78,35,50.0,300.0,15000.0,2024-12-11
2024121104012224,UNHPL,78,60,430.0,300.0,129000.0,2024-12-11
2024121104012223,UNHPL,78,38,300.0,300.0,90000.0,2024-12-11
2024121104012222,UNHPL,78,38,500.0,300.0,150000.0,2024-12-11
2024121104012221,UNHPL,78,34,100.0,300.0,30000.0,2024-12-11
2024121104012220,UNHPL,78,32,100.0,299.9,29990.0,2024-12-11
2024121104012219,UNHPL,78,21,1272.0,299.8,381345.6,2024-12-11
2024121104012218,NHPC,48,48,69.0,228.9,15794.1,2024-12-11
2024121104012217,NHPC,29,48,931.0,229.0,213199.0,2024-12-11
2024121105009422,CHDC,58,58,2.0,1655.0,3310.0,2024-12-11
2024121101021523,MKJC,29,5,10.0,557.0,5570.0,2024-12-11
2024121101021522,CZBIL,19,54,250.0,225.0,56250.0,2024-12-11
2024121101021521,CZBIL,19,57,200.0,225.0,45000.0,2024-12-11
2024121101021520,CZBIL,19,49,400.0,225.0,90000.0,2024-12-11
2024121101021519,CZBIL,19,32,40.0,225.0,9000.0,2024-12-11
2024121105009421,MEL,42,22,10.0,323.8,3238.0,2024-12-11
2024121103011837,BFC,60,49,10.0,780.1,7801.0,2024-12-11
2024121103011836,MDB,21,55,10.0,760.0,7600.0,2024-12-11
2024121103011835,MDB,21,71,100.0,759.9,75990.0,2024-12-11
2024121103011834,MDB,21,60,90.0,759.9,68391.0,2024-12-11
2024121103011833,MLBSL,70,13,54.0,2380.0,128520.0,2024-12-11
2024121101021518,SMHL,62,65,260.0,1045.0,271700.0,2024-12-11
2024121101021517,SMHL,62,53,10.0,1045.0,10450.0,2024-12-11
2024121101021516,SMHL,62,5,10.0,1044.0,10440.0,2024-12-11
2024121101021515,SMHL,62,45,10.0,1044.0,10440.0,2024-12-11
2024121101021514,SMHL,62,58,10.0,1043.5,10435.0,2024-12-11
2024121101021513,SMHL,62,42,10.0,1043.5,10435.0,2024-12-11
2024121101021512,SMHL,62,49,10.0,1043.0,10430.0,2024-12-11
2024121101021511,SMHL,62,34,10.0,1043.0,10430.0,2024-12-11
2024121101021510,SMHL,62,11,10.0,1042.0,10420.0,2024-12-11
2024121101021509,SMHL,62,42,10.0,1042.0,10420.0,2024-12-11
2024121101021508,SMHL,62,65,400.0,1041.0,416400.0,2024-12-11
2024121101021507,SMHL,62,65,60.0,1041.0,62460.0,2024-12-11
2024121101021506,SMHL,62,62,100.0,1040.2,104020.0,2024-12-11
2024121101021505,SMHL,62,16,10.0,1040.0,10400.0,2024-12-11
2024121101021504,SMHL,62,49,10.0,1040.0,10400.0,2024-12-11
2024121101021503,SMHL,62,14,30.0,1040.0,31200.0,2024-12-11
2024121101021502,SMHL,62,33,30.0,1040.0,31200.0,2024-12-11
2024121101021501,SMHL,62,14,10.0,1039.0,10390.0,2024-12-11
2024121103011832,PROFL,8,11,100.0,704.0,70400.0,2024-12-11
2024121101021500,HHL,16,21,10.0,516.0,5160.0,2024-12-11
2024121101021499,MHCL,44,4,224.0,548.0,122752.0,2024-12-11
2024121101021498,PRVU,4,21,200.0,231.9,46380.0,2024-12-11
2024121103011831,ACLBSL,32,14,12.0,1067.0,12804.0,2024-12-11
2024121103011830,ACLBSL,32,57,138.0,1066.0,147108.0,2024-12-11
2024121101021497,TSHL,29,7,80.0,890.0,71200.0,2024-12-11
2024121101021496,TSHL,29,47,10.0,890.0,8900.0,2024-12-11
2024121101021495,TSHL,29,6,10.0,889.9,8899.0,2024-12-11
2024121103011829,MDB,58,60,10.0,759.9,7599.0,2024-12-11
2024121104012216,NHPC,29,64,1000.0,229.0,229000.0,2024-12-11
2024121104012215,NHPC,29,45,200.0,229.0,45800.0,2024-12-11
2024121104012214,NHPC,29,40,1000.0,229.0,229000.0,2024-12-11
2024121104012213,NHPC,29,36,100.0,229.0,22900.0,2024-12-11
2024121104012212,NHPC,29,41,50.0,229.0,11450.0,2024-12-11
2024121104012211,NHPC,29,41,200.0,229.0,45800.0,2024-12-11
2024121104012210,NHPC,29,1,1519.0,229.0,347851.0,2024-12-11
2024121101021494,RFPL,33,11,10.0,1023.6,10236.0,2024-12-11
2024121101021493,EHPL,35,1,10.0,736.0,7360.0,2024-12-11
2024121103011828,SINDU,90,34,100.0,989.0,98900.0,2024-12-11
2024121101021492,SPC,57,38,15.0,556.1,8341.5,2024-12-11
2024121103011827,GBBL,59,8,161.0,443.6,71419.6,2024-12-11
2024121103011826,GBBL,59,13,50.0,443.5,22175.0,2024-12-11
2024121103011825,GBBL,59,57,37.0,443.0,16391.0,2024-12-11
2024121103011824,GBBL,59,45,252.0,442.9,111610.8,2024-12-11
2024121104012209,SHL,25,44,100.0,493.0,49300.0,2024-12-11
2024121101021491,KBL,57,16,875.0,223.9,195912.5,2024-12-11
2024121101021490,SBI,42,45,203.0,460.0,93380.0,2024-12-11
2024121101021489,BEDC,77,5,100.0,602.0,60200.0,2024-12-11
2024121105009420,MBJC,57,48,30.0,359.4,10782.0,2024-12-11
2024121104012208,CHL,49,77,480.0,420.8,201984.0,2024-12-11
2024121104012207,MHNL,43,39,180.0,280.3,50454.0,2024-12-11
2024121103011823,SFCL,88,47,100.0,739.0,73900.0,2024-12-11
2024121103011822,SFCL,88,14,20.0,738.0,14760.0,2024-12-11
2024121103011821,SFCL,88,55,95.0,737.9,70100.5,2024-12-11
2024121103011820,PFL,42,45,150.0,682.0,102300.0,2024-12-11
2024121103011819,PFL,42,44,50.0,682.0,34100.0,2024-12-11
2024121101021488,SANIMA,42,35,30.0,316.0,9480.0,2024-12-11
2024121101021487,DOLTI,77,42,10.0,690.0,6900.0,2024-12-11
2024121101021486,NMB,35,56,920.0,247.5,227700.0,2024-12-11
2024121105009419,CLI,35,40,10.0,699.9,6999.0,2024-12-11
2024121105009418,CLI,35,49,43.0,699.7,30087.1,2024-12-11
2024121103011818,SAPDBL,60,35,50.0,1100.0,55000.0,2024-12-11
2024121103011817,SAPDBL,60,88,200.0,1100.0,220000.0,2024-12-11
2024121103011816,SAPDBL,60,34,53.0,1100.0,58300.0,2024-12-11
2024121103011815,SAPDBL,60,52,17.0,1099.0,18683.0,2024-12-11
2024121104012206,TRH,58,4,185.0,1143.0,211455.0,2024-12-11
2024121104012205,TRH,58,17,103.0,1142.7,117698.1,2024-12-11
2024121101021485,NBL,26,14,50.0,271.8,13590.0,2024-12-11
2024121101021484,BHPL,92,16,63.0,778.0,49014.0,2024-12-11
2024121101021483,CKHL,48,70,100.0,700.0,70000.0,2024-12-11
2024121104012204,CHL,36,77,20.0,420.8,8416.0,2024-12-11
2024121103011814,GMFIL,48,22,500.0,638.0,319000.0,2024-12-11
2024121105009417,MBJC,57,41,110.0,359.4,39534.0,2024-12-11
2024121104012203,IGI,58,45,84.0,608.0,51072.0,2024-12-11
2024121104012202,IGI,38,45,16.0,608.1,9729.6,2024-12-11
2024121101021482,EBL,17,11,10.0,599.9,5999.0,2024-12-11
2024121105009416,SAHAS,17,13,100.0,500.0,50000.0,2024-12-11
2024121103011813,KRBL,32,69,10.0,827.0,8270.0,2024-12-11
2024121105009415,NRIC,53,66,20.0,778.0,15560.0,2024-12-11
2024121101021481,MEHL,13,37,50.0,456.9,22845.0,2024-12-11
2024121101021480,MEHL,13,65,80.0,456.9,36552.0,2024-12-11
2024121104012201,BARUN,33,6,200.0,439.8,87960.0,2024-12-11
2024121101021479,ADBL,84,41,100.0,335.0,33500.0,2024-12-11
2024121101021478,ADBL,84,57,10.0,335.0,3350.0,2024-12-11
2024121101021477,ADBL,84,57,400.0,335.0,134000.0,2024-12-11
2024121101021476,ADBL,84,49,24.0,335.0,8040.0,2024-12-11
2024121101021475,ADBL,84,90,20.0,335.0,6700.0,2024-12-11
2024121101021474,ADBL,84,58,50.0,334.5,16725.0,2024-12-11
2024121101021473,ADBL,84,26,150.0,334.0,50100.0,2024-12-11
2024121101021472,ADBL,84,36,189.0,333.5,63031.5,2024-12-11
2024121101021471,MEHL,29,65,20.0,456.9,9138.0,2024-12-11
2024121101021470,MEHL,29,52,10.0,456.9,4569.0,2024-12-11
2024121101021469,MEHL,29,37,100.0,456.8,45680.0,2024-12-11
2024121101021468,MEHL,29,45,70.0,456.8,31976.0,2024-12-11
2024121101021467,MEHL,13,42,90.0,456.0,41040.0,2024-12-11
2024121101021466,MEHL,42,42,50.0,456.1,22805.0,2024-12-11
2024121101021465,GVL,72,6,50.0,552.0,27600.0,2024-12-11
2024121101021464,NICA,58,48,100.0,415.0,41500.0,2024-12-11
2024121105009414,SONA,51,58,50.0,464.0,23200.0,2024-12-11
2024121101021463,DORDI,58,52,50.0,559.0,27950.0,2024-12-11
2024121105009413,GCIL,42,80,11.0,482.9,5311.9,2024-12-11
2024121105009412,LUK,13,21,100.0,9.75,975.0,2024-12-11
2024121103011812,JFL,41,26,200.0,949.9,189980.0,2024-12-11
2024121105009411,ENL,66,13,10.0,1366.2,13662.0,2024-12-11
2024121103011811,BFC,41,14,100.0,779.1,77910.0,2024-12-11
2024121103011810,JFL,62,1,150.0,950.0,142500.0,2024-12-11
2024121103011809,JFL,62,14,100.0,950.0,95000.0,2024-12-11
2024121103011808,JFL,62,80,110.0,950.0,104500.0,2024-12-11
2024121103011807,JFL,62,17,140.0,950.0,133000.0,2024-12-11
2024121103011806,HLI,3,45,150.0,470.0,70500.0,2024-12-11
2024121101021462,GVL,41,6,90.0,552.1,49689.0,2024-12-11
2024121101021461,GVL,17,6,200.0,553.0,110600.0,2024-12-11
2024121101021460,BEDC,41,5,30.0,602.0,18060.0,2024-12-11
2024121101021459,BEDC,81,5,100.0,602.2,60220.0,2024-12-11
2024121101021458,BEDC,45,5,100.0,602.3,60230.0,2024-12-11
2024121101021457,BEDC,8,5,500.0,602.5,301250.0,2024-12-11
2024121101021456,BEDC,49,5,25.0,602.6,15065.0,2024-12-11
2024121101021455,BEDC,13,5,500.0,603.0,301500.0,2024-12-11
2024121101021454,BEDC,81,5,151.0,603.0,91053.0,2024-12-11
2024121104012200,UPCL,35,58,108.0,291.6,31492.8,2024-12-11
2024121105009410,CIT,34,7,13.0,2174.0,28262.0,2024-12-11
2024121104012199,SGIC,4,58,20.0,696.0,13920.0,2024-12-11
2024121105009409,MEL,55,16,390.0,323.1,126009.0,2024-12-11
2024121105009408,MEL,58,16,60.0,323.2,19392.0,2024-12-11
2024121103011805,RLFL,57,57,445.0,650.0,289250.0,2024-12-11
2024121103011804,RLFL,38,57,55.0,650.0,35750.0,2024-12-11
2024121104012198,CGH,29,45,46.0,931.0,42826.0,2024-12-11
2024121101021453,SBI,42,44,2000.0,460.0,920000.0,2024-12-11
2024121103011803,GUFL,95,41,25.0,741.0,18525.0,2024-12-11
2024121105009407,MEL,58,41,70.0,323.2,22624.0,2024-12-11
2024121101021452,SPC,11,10,500.0,557.0,278500.0,2024-12-11
2024121101021451,MKHC,47,16,115.0,535.0,61525.0,2024-12-11
2024121101021450,MKHC,47,13,500.0,535.0,267500.0,2024-12-11
2024121101021449,MKHC,47,42,300.0,535.0,160500.0,2024-12-11
2024121101021448,MKHC,47,55,295.0,535.0,157825.0,2024-12-11
2024121101021447,MKHC,47,45,10.0,535.0,5350.0,2024-12-11
2024121101021446,MKHC,47,11,200.0,535.0,107000.0,2024-12-11
2024121101021445,MKHC,47,35,20.0,535.0,10700.0,2024-12-11
2024121101021444,MKHC,47,38,10.0,535.0,5350.0,2024-12-11
2024121101021443,MKHC,47,42,10.0,535.0,5350.0,2024-12-11
2024121101021442,MKHC,47,57,130.0,535.0,69550.0,2024-12-11
2024121101021441,MKHC,47,7,10.0,534.5,5345.0,2024-12-11
2024121101021440,MKHC,47,6,200.0,534.1,106820.0,2024-12-11
2024121101021439,MKHC,47,54,100.0,534.0,53400.0,2024-12-11
2024121101021438,MKHC,47,41,30.0,534.0,16020.0,2024-12-11
2024121101021437,MKHC,47,21,70.0,533.0,37310.0,2024-12-11
2024121101021436,USHL,37,58,10.0,770.0,7700.0,2024-12-11
2024121101021435,USHL,37,45,10.0,770.0,7700.0,2024-12-11
2024121101021434,USHL,37,58,10.0,769.9,7699.0,2024-12-11
2024121101021433,USHEC,21,51,300.0,608.5,182550.0,2024-12-11
2024121104012197,JOSHI,52,22,100.0,429.3,42930.0,2024-12-11
2024121104012196,AKJCL,34,21,300.0,215.9,64770.0,2024-12-11
2024121103011802,NFS,41,45,11.0,1115.0,12265.0,2024-12-11
2024121103011801,NFS,45,45,50.0,1115.0,55750.0,2024-12-11
2024121103011800,NFS,40,45,10.0,1115.0,11150.0,2024-12-11
2024121103011799,NFS,37,45,200.0,1117.0,223400.0,2024-12-11
2024121103011798,NFS,58,45,26.0,1117.0,29042.0,2024-12-11
2024121103011797,NFS,44,45,10.0,1117.2,11172.0,2024-12-11
2024121103011796,NFS,60,45,50.0,1117.2,55860.0,2024-12-11
2024121103011795,NFS,22,45,50.0,1118.0,55900.0,2024-12-11
2024121103011794,NFS,7,45,200.0,1118.0,223600.0,2024-12-11
2024121103011793,NFS,35,45,145.0,1120.0,162400.0,2024-12-11
2024121105009406,ILI,45,57,56.0,482.0,26992.0,2024-12-11
2024121105009405,ILI,45,58,24.0,482.0,11568.0,2024-12-11
2024121104012195,MEN,32,14,192.0,717.0,137664.0,2024-12-11
2024121104012194,MEN,32,34,50.0,717.0,35850.0,2024-12-11
2024121105009404,HIDCL,32,53,124.0,254.0,31496.0,2024-12-11
2024121105009403,HIDCL,32,13,1366.0,254.0,346964.0,2024-12-11
2024121105009402,HIDCL,32,6,10.0,253.9,2539.0,2024-12-11
2024121105009401,NIFRA,49,13,14.0,259.1,3627.4,2024-12-11
2024121103011792,PMLI,49,45,10.0,555.0,5550.0,2024-12-11
2024121103011791,PMLI,49,22,19.0,555.0,10545.0,2024-12-11
2024121103011790,PMLI,49,58,10.0,555.0,5550.0,2024-12-11
2024121103011789,PMLI,49,94,35.0,555.0,19425.0,2024-12-11
2024121103011788,PMLI,49,45,10.0,555.0,5550.0,2024-12-11
2024121103011787,PMLI,49,19,10.0,555.0,5550.0,2024-12-11
2024121103011786,PMLI,49,88,100.0,555.0,55500.0,2024-12-11
2024121103011785,PMLI,49,80,10.0,555.0,5550.0,2024-12-11
2024121103011784,PMLI,49,58,10.0,555.0,5550.0,2024-12-11
2024121103011783,PMLI,49,34,210.0,555.0,116550.0,2024-12-11
2024121103011782,PMLI,49,34,10.0,555.0,5550.0,2024-12-11
2024121103011781,PMLI,49,26,10.0,555.0,5550.0,2024-12-11
2024121103011780,PMLI,49,13,21.0,555.0,11655.0,2024-12-11
2024121103011779,PMLI,49,50,25.0,554.9,13872.5,2024-12-11
2024121103011778,PMLI,49,37,10.0,554.9,5549.0,2024-12-11
2024121104012193,API,32,39,58.0,278.0,16124.0,2024-12-11
2024121104012192,API,7,39,64.0,278.0,17792.0,2024-12-11
2024121101021432,SRLI,42,35,10.0,433.0,4330.0,2024-12-11
2024121101021431,USHEC,21,38,129.0,608.5,78496.5,2024-12-11
2024121105009400,NTC,14,52,50.0,960.0,48000.0,2024-12-11
2024121104012191,UMHL,44,21,10.0,347.0,3470.0,2024-12-11
2024121104012190,HEI,34,33,15.0,648.0,9720.0,2024-12-11
2024121104012189,NGPL,16,34,300.0,278.0,83400.0,2024-12-11
2024121103011777,PROFL,34,11,10.0,704.0,7040.0,2024-12-11
2024121101021430,NABIL,42,55,10.0,529.0,5290.0,2024-12-11
2024121101021429,NABIL,19,55,190.0,529.0,100510.0,2024-12-11
2024121101021428,NABIL,25,55,153.0,529.0,80937.0,2024-12-11
2024121101021427,NMB,22,56,10.0,247.5,2475.0,2024-12-11
2024121103011776,JBBL,4,59,50.0,389.0,19450.0,2024-12-11
2024121104012188,UPPER,58,48,280.0,213.0,59640.0,2024-12-11
2024121101021426,NIMB,32,36,38.0,227.0,8626.0,2024-12-11
2024121104012187,RIDI,8,40,50.0,241.0,12050.0,2024-12-11
2024121104012186,RIDI,44,40,500.0,241.0,120500.0,2024-12-11
2024121104012185,RIDI,28,40,30.0,241.0,7230.0,2024-12-11
2024121104012184,RIDI,41,40,421.0,241.0,101461.0,2024-12-11
2024121104012183,HEI,17,33,50.0,648.0,32400.0,2024-12-11
2024121103011775,NFS,39,49,100.0,1125.0,112500.0,2024-12-11
2024121105009399,SONA,51,49,10.0,464.0,4640.0,2024-12-11
2024121104012182,LEC,39,21,275.0,215.6,59290.0,2024-12-11
2024121104012181,SHEL,60,34,308.0,257.9,79433.2,2024-12-11
2024121104012180,SHEL,60,42,500.0,257.9,128950.0,2024-12-11
2024121104012179,SHEL,60,32,65.0,257.5,16737.5,2024-12-11
2024121103011774,BFC,41,38,165.0,779.1,128551.5,2024-12-11
2024121103011773,BFC,32,38,25.0,779.2,19480.0,2024-12-11
2024121104012178,HPPL,84,52,200.0,413.0,82600.0,2024-12-11
2024121104012177,NGPL,56,48,300.0,278.1,83430.0,2024-12-11
2024121103011772,HLI,3,4,80.0,470.0,37600.0,2024-12-11
2024121101021425,MMKJL,21,81,450.0,745.0,335250.0,2024-12-11
2024121101021424,MMKJL,22,81,10.0,745.0,7450.0,2024-12-11
2024121101021423,MMKJL,81,81,80.0,745.1,59608.0,2024-12-11
2024121101021422,MMKJL,39,81,90.0,745.2,67068.0,2024-12-11
2024121101021421,MMKJL,57,81,500.0,746.0,373000.0,2024-12-11
2024121101021420,MMKJL,62,81,160.0,746.0,119360.0,2024-12-11
2024121101021419,MMKJL,55,81,50.0,747.0,37350.0,2024-12-11
2024121103011771,MLBBL,42,33,30.0,1698.0,50940.0,2024-12-11
2024121104012176,AHPC,53,58,200.0,270.0,54000.0,2024-12-11
2024121103011770,HLI,35,4,200.0,470.0,94000.0,2024-12-11
2024121101021418,CKHL,48,35,10.0,700.0,7000.0,2024-12-11
2024121101021417,ULHC,4,19,200.0,520.0,104000.0,2024-12-11
2024121105009398,SONA,38,22,17.0,464.9,7903.3,2024-12-11
2024121105009397,HRL,37,59,281.0,824.3,231628.3,2024-12-11
2024121105009396,HRL,45,59,19.0,824.6,15667.4,2024-12-11
2024121103011769,SIFC,63,55,110.0,648.0,71280.0,2024-12-11
2024121101021416,BNHC,25,98,20.0,511.0,10220.0,2024-12-11
2024121101021415,DORDI,58,16,33.0,559.0,18447.0,2024-12-11
2024121101021414,NIMB,56,36,12.0,227.0,2724.0,2024-12-11
2024121101021413,NIMB,56,41,288.0,227.0,65376.0,2024-12-11
2024121105009395,BBC,77,56,10.0,6530.0,65300.0,2024-12-11
2024121105009394,ILI,58,58,51.0,482.0,24582.0,2024-12-11
2024121105009393,ILI,58,49,12.0,482.0,5784.0,2024-12-11
2024121105009392,ILI,58,56,86.0,482.0,41452.0,2024-12-11
2024121101021412,SNLI,6,57,14.0,656.1,9185.4,2024-12-11
2024121104012175,JOSHI,6,22,100.0,429.3,42930.0,2024-12-11
2024121104012174,AKPL,32,42,200.0,252.0,50400.0,2024-12-11
2024121105009391,CLI,74,32,10.0,697.0,6970.0,2024-12-11
2024121104012173,KPCL,94,17,304.0,553.2,168172.8,2024-12-11
2024121104012172,KPCL,94,6,105.0,553.0,58065.0,2024-12-11
2024121104012171,KPCL,94,5,200.0,553.0,110600.0,2024-12-11
2024121104012170,KPCL,94,25,21.0,552.9,11610.9,2024-12-11
2024121104012169,KPCL,94,57,98.0,551.7,54066.6,2024-12-11
2024121104012168,KPCL,94,35,50.0,550.8,27540.0,2024-12-11
2024121104012167,KPCL,94,32,200.0,550.0,110000.0,2024-12-11
2024121104012166,KPCL,94,42,22.0,550.0,12100.0,2024-12-11
2024121103011768,NFS,14,49,16.0,1125.0,18000.0,2024-12-11
2024121103011767,NFS,22,49,22.0,1127.0,24794.0,2024-12-11
2024121103011766,NFS,34,49,25.0,1127.1,28177.5,2024-12-11
2024121104012165,NLG,55,11,10.0,938.0,9380.0,2024-12-11
2024121104012164,SGIC,42,38,40.0,698.0,27920.0,2024-12-11
2024121104012163,SGIC,42,58,10.0,697.0,6970.0,2024-12-11
2024121105009390,CIT,1,7,50.0,2174.0,108700.0,2024-12-11
2024121104012162,UPPER,58,1,400.0,213.0,85200.0,2024-12-11
2024121103011765,BFC,7,49,50.0,780.1,39005.0,2024-12-11
2024121105009389,SHIVM,32,67,29.0,563.0,16327.0,2024-12-11
2024121105009388,SHIVM,58,67,171.0,565.1,96632.1,2024-12-11
2024121105009387,SHIVM,49,67,100.0,566.0,56600.0,2024-12-11
2024121101021411,JBLB,53,36,180.0,1552.0,279360.0,2024-12-11
2024121101021410,JBLB,49,36,39.0,1553.0,60567.0,2024-12-11
2024121104012161,HDHPC,3,65,500.0,212.1,106050.0,2024-12-11
2024121101021409,KBL,59,16,2000.0,223.9,447800.0,2024-12-11
2024121101021408,SCB,14,49,100.0,683.4,68340.0,2024-12-11
2024121101021407,SCB,14,22,20.0,683.4,13668.0,2024-12-11
2024121101021406,SCB,14,14,50.0,683.4,34170.0,2024-12-11
2024121101021405,SCB,14,62,200.0,683.4,136680.0,2024-12-11
2024121101021404,SCB,14,52,100.0,683.3,68330.0,2024-12-11
2024121101021403,SCB,14,36,150.0,683.0,102450.0,2024-12-11
2024121101021402,SCB,14,38,80.0,683.0,54640.0,2024-12-11
2024121101021401,SCB,14,1,200.0,683.0,136600.0,2024-12-11
2024121101021400,SCB,14,41,100.0,683.0,68300.0,2024-12-11
2024121103011764,NABBC,47,62,10.0,1188.0,11880.0,2024-12-11
2024121103011763,NFS,57,34,44.0,1129.0,49676.0,2024-12-11
2024121104012160,UNHPL,78,21,4228.0,299.8,1267554.4,2024-12-11
2024121104012159,UNHPL,78,38,100.0,299.8,29980.0,2024-12-11
2024121104012158,UNHPL,78,1,100.0,299.0,29900.0,2024-12-11
2024121104012157,UNHPL,78,57,572.0,299.0,171028.0,2024-12-11
2024121104012156,JOSHI,44,22,100.0,429.3,42930.0,2024-12-11
2024121101021399,NYADI,44,32,10.0,389.2,3892.0,2024-12-11
2024121101021398,NMB,74,16,180.0,247.4,44532.0,2024-12-11
2024121104012155,HPPL,84,49,14.0,413.0,5782.0,2024-12-11
2024121101021397,BNHC,53,58,10.0,510.0,5100.0,2024-12-11
2024121105009386,SHIVM,72,17,263.0,570.0,149910.0,2024-12-11
2024121105009385,SHIVM,72,45,500.0,569.9,284950.0,2024-12-11
2024121105009384,SHIVM,72,42,890.0,569.9,507211.0,2024-12-11
2024121105009383,SHIVM,72,49,1000.0,568.9,568900.0,2024-12-11
2024121105009382,SHIVM,72,8,100.0,568.8,56880.0,2024-12-11
2024121105009381,SHIVM,72,44,300.0,568.7,170610.0,2024-12-11
2024121105009380,SHIVM,72,25,50.0,568.6,28430.0,2024-12-11
2024121105009379,SHIVM,72,42,300.0,568.0,170400.0,2024-12-11
2024121105009378,SHIVM,72,71,125.0,568.0,71000.0,2024-12-11
2024121105009377,SHIVM,72,58,50.0,567.0,28350.0,2024-12-11
2024121105009376,SHIVM,72,41,10.0,567.0,5670.0,2024-12-11
2024121101021396,PRVU,21,43,30.0,231.8,6954.0,2024-12-11
2024121101021395,PRVU,14,43,20.0,231.8,4636.0,2024-12-11
2024121101021394,RHGCL,38,43,400.0,525.0,210000.0,2024-12-11
2024121104012154,CGH,29,51,60.0,931.0,55860.0,2024-12-11
2024121101021393,DORDI,58,21,200.0,559.0,111800.0,2024-12-11
2024121103011762,JFL,41,52,100.0,949.9,94990.0,2024-12-11
2024121101021392,GBIME,26,57,323.0,233.0,75259.0,2024-12-11
2024121101021391,GBIME,26,89,327.0,232.9,76158.3,2024-12-11
2024121104012153,KKHC,62,35,10.0,422.9,4229.0,2024-12-11
2024121104012152,UPPER,58,14,300.0,213.0,63900.0,2024-12-11
2024121101021390,SIKLES,1,34,50.0,793.0,39650.0,2024-12-11
2024121101021389,SIKLES,63,34,300.0,793.0,237900.0,2024-12-11
2024121103011761,JBBL,29,34,12.0,388.6,4663.2,2024-12-11
2024121104012151,HURJA,58,25,61.0,245.1,14951.1,2024-12-11
2024121104012150,HURJA,36,25,340.0,245.5,83470.0,2024-12-11
2024121105009375,NRN,32,22,550.0,1037.0,570350.0,2024-12-11
2024121101021388,SNLI,45,41,13.0,657.0,8541.0,2024-12-11
2024121104012149,HDHPC,48,55,100.0,212.2,21220.0,2024-12-11
2024121104012148,BPCL,48,41,800.0,417.0,333600.0,2024-12-11
2024121104012147,AKJCL,44,29,800.0,215.0,172000.0,2024-12-11
2024121103011760,SMFBS,74,60,170.0,2040.0,346800.0,2024-12-11
2024121103011759,SMFBS,25,60,40.0,2040.0,81600.0,2024-12-11
2024121103011758,SMFBS,58,60,590.0,2055.0,1212450.0,2024-12-11
2024121104012146,IGI,58,67,100.0,608.0,60800.0,2024-12-11
2024121105009374,VLUCL,38,63,10.0,686.0,6860.0,2024-12-11
2024121103011757,SMFBS,58,70,200.0,2055.0,411000.0,2024-12-11
2024121103011756,RSDC,34,77,440.0,730.0,321200.0,2024-12-11
2024121103011755,RSDC,34,57,60.0,729.4,43764.0,2024-12-11
2024121101021387,SPHL,34,45,10.0,795.0,7950.0,2024-12-11
2024121101021386,PCBL,34,49,38.0,263.0,9994.0,2024-12-11
2024121103011754,SMPDA,55,62,100.0,978.0,97800.0,2024-12-11
2024121104012145,AKJCL,44,16,550.0,215.0,118250.0,2024-12-11
2024121101021385,KBL,42,22,27.0,223.6,6037.2,2024-12-11
2024121101021384,KBL,80,22,123.0,223.7,27515.1,2024-12-11
2024121104012144,SPIL,58,51,100.0,819.3,81930.0,2024-12-11
2024121101021383,BHPL,33,34,50.0,778.0,38900.0,2024-12-11
2024121101021382,KBL,80,58,150.0,223.7,33555.0,2024-12-11
2024121101021381,KBL,45,58,50.0,223.8,11190.0,2024-12-11
2024121103011753,SAPDBL,51,39,33.0,1096.0,36168.0,2024-12-11
2024121101021380,MKHC,41,21,30.0,533.0,15990.0,2024-12-11
2024121103011752,JFL,41,13,475.0,949.0,450775.0,2024-12-11
