transaction,symbol,buyer,seller,quantity,rate,amount,date
2025040203011298,RLFL,67,35,84.0,558.0,46872.0,2025-04-02
2025040203011297,RLFL,67,42,139.0,558.0,77562.0,2025-04-02
2025040203011296,NLIC,13,39,10.0,783.9,7839.0,2025-04-02
2025040203011295,NLICL,69,11,10.0,645.0,6450.0,2025-04-02
2025040205014019,HATHY,81,50,43.0,1397.0,60071.0,2025-04-02
2025040205014018,HATHY,65,50,57.0,1397.0,79629.0,2025-04-02
2025040205014017,HRL,28,42,100.0,1028.2,102820.0,2025-04-02
2025040205014016,HRL,38,42,100.0,1029.0,102900.0,2025-04-02
2025040205014015,HATHY,59,62,10.0,1397.9,13979.0,2025-04-02
2025040205014014,NRIC,28,44,10.0,1312.0,13120.0,2025-04-02
2025040201014766,NYADI,44,28,104.0,646.0,67184.0,2025-04-02
2025040203011294,SINDU,63,7,20.0,1130.0,22600.0,2025-04-02
2025040203011293,SINDU,45,7,10.0,1130.0,11300.0,2025-04-02
2025040203011292,SINDU,48,7,10.0,1130.0,11300.0,2025-04-02
2025040203011291,SINDU,64,7,20.0,1131.0,22620.0,2025-04-02
2025040203011290,SINDU,34,7,90.0,1131.0,101790.0,2025-04-02
2025040204013801,API,38,45,240.0,276.1,66264.0,2025-04-02
2025040204013800,API,22,45,20.0,276.1,5522.0,2025-04-02
2025040204013799,API,22,45,40.0,276.2,11048.0,2025-04-02
2025040204013798,LEC,48,62,10.0,210.7,2107.0,2025-04-02
2025040203011289,GLBSL,64,34,58.0,2926.0,169708.0,2025-04-02
2025040205014013,SAHAS,34,61,26.0,505.0,13130.0,2025-04-02
2025040201014765,BEDC,8,33,60.0,806.3,48378.0,2025-04-02
2025040201014764,BEDC,8,33,40.0,809.0,32360.0,2025-04-02
2025040205014012,MBJC,11,60,100.0,322.0,32200.0,2025-04-02
2025040201014763,NYADI,44,11,46.0,646.0,29716.0,2025-04-02
2025040201014762,NYADI,45,11,20.0,646.2,12924.0,2025-04-02
2025040201014761,SPC,53,57,42.0,541.4,22738.8,2025-04-02
2025040201014760,SPC,53,57,50.0,541.5,27075.0,2025-04-02
2025040201014759,SPC,42,57,160.0,541.5,86640.0,2025-04-02
2025040203011288,GILB,57,34,40.0,1296.9,51876.0,2025-04-02
2025040203011287,GILB,57,40,40.0,1295.0,51800.0,2025-04-02
2025040203011286,GILB,57,53,15.0,1290.0,19350.0,2025-04-02
2025040203011285,GILB,57,50,80.0,1289.0,103120.0,2025-04-02
2025040203011284,GILB,57,34,50.0,1287.9,64395.0,2025-04-02
2025040203011283,GILB,57,21,50.0,1287.3,64365.0,2025-04-02
2025040203011282,CBBL,91,42,32.0,851.7,27254.4,2025-04-02
2025040205014011,HATHY,5,62,10.0,1397.9,13979.0,2025-04-02
2025040205014010,SMJC,62,62,10.0,600.0,6000.0,2025-04-02
2025040201014758,MEHL,5,3,20.0,559.5,11190.0,2025-04-02
2025040201014757,MEHL,5,4,30.0,559.0,16770.0,2025-04-02
2025040201014756,HBL,56,10,10.0,236.0,2360.0,2025-04-02
2025040201014755,HBL,56,51,10.0,235.0,2350.0,2025-04-02
2025040201014754,MEHL,16,4,50.0,559.0,27950.0,2025-04-02
2025040205014009,SONA,72,16,50.0,474.1,23705.0,2025-04-02
2025040205014008,SONA,48,16,200.0,474.5,94900.0,2025-04-02
2025040204013797,GHL,56,39,10.0,280.9,2809.0,2025-04-02
2025040204013796,CHL,58,39,147.0,484.0,71148.0,2025-04-02
2025040204013795,CHL,58,39,100.0,484.0,48400.0,2025-04-02
2025040204013794,CHL,57,39,38.0,484.0,18392.0,2025-04-02
2025040203011281,PFL,42,45,20.0,441.5,8830.0,2025-04-02
2025040201014753,BEDC,8,91,10.0,809.0,8090.0,2025-04-02
2025040201014752,MEHL,87,4,10.0,559.0,5590.0,2025-04-02
2025040201014751,GMLI,60,25,20.0,2570.0,51400.0,2025-04-02
2025040201014750,MAKAR,60,65,20.0,712.0,14240.0,2025-04-02
2025040203011280,MDB,100,40,98.0,634.0,62132.0,2025-04-02
2025040203011279,MDB,100,47,311.0,634.0,197174.0,2025-04-02
2025040201014749,BEDC,8,45,173.0,806.3,139489.9,2025-04-02
2025040203011278,LICN,41,4,10.0,1015.0,10150.0,2025-04-02
2025040201014748,GMLI,29,25,10.0,2570.0,25700.0,2025-04-02
2025040205014007,NRN,25,37,11.0,1663.0,18293.0,2025-04-02
2025040205014006,NBF3,43,40,610.0,9.1,5551.0,2025-04-02
2025040205014005,NBF3,42,40,9390.0,9.24,86763.6,2025-04-02
2025040201014747,CKHL,34,34,20.0,714.9,14298.0,2025-04-02
2025040204013793,UMHL,44,34,1666.0,441.8,736038.8,2025-04-02
2025040204013792,UMHL,14,34,300.0,441.8,132540.0,2025-04-02
2025040204013791,UMHL,74,34,1000.0,441.9,441900.0,2025-04-02
2025040204013790,UMHL,46,34,50.0,442.0,22100.0,2025-04-02
2025040204013789,UMHL,49,34,444.0,442.0,196248.0,2025-04-02
2025040204013788,UMHL,62,34,40.0,442.1,17684.0,2025-04-02
2025040204013787,UMHL,34,34,500.0,442.2,221100.0,2025-04-02
2025040205014004,CIT,22,1,10.0,1979.0,19790.0,2025-04-02
2025040201014746,SBI,44,49,370.0,417.0,154290.0,2025-04-02
2025040201014745,SBI,44,16,100.0,416.9,41690.0,2025-04-02
2025040201014744,BEDC,57,91,70.0,809.0,56630.0,2025-04-02
2025040201014743,BEDC,57,91,40.0,809.0,32360.0,2025-04-02
2025040201014742,BEDC,57,49,10.0,807.0,8070.0,2025-04-02
2025040201014741,USHEC,38,56,10.0,612.0,6120.0,2025-04-02
2025040204013786,OHL,22,38,20.0,885.0,17700.0,2025-04-02
2025040201014740,MANDU,57,17,20.0,896.0,17920.0,2025-04-02
2025040204013785,UMHL,14,34,289.0,443.1,128055.9,2025-04-02
2025040204013784,UMHL,14,36,11.0,443.1,4874.1,2025-04-02
2025040201014739,MAKAR,62,65,10.0,712.0,7120.0,2025-04-02
2025040205014003,HIDCL,7,84,100.0,275.0,27500.0,2025-04-02
2025040203011277,SJLIC,56,13,10.0,447.3,4473.0,2025-04-02
2025040204013783,IGI,39,58,11.0,571.0,6281.0,2025-04-02
2025040203011276,PFL,60,58,10.0,440.4,4404.0,2025-04-02
2025040204013782,HPPL,34,58,30.0,638.0,19140.0,2025-04-02
2025040204013781,HPPL,40,58,100.0,639.0,63900.0,2025-04-02
2025040204013780,HPPL,74,58,170.0,639.1,108647.0,2025-04-02
2025040203011275,WNLB,34,58,13.0,2965.0,38545.0,2025-04-02
2025040203011274,WNLB,1,58,67.0,2966.0,198722.0,2025-04-02
2025040204013779,HPPL,74,21,330.0,639.1,210903.0,2025-04-02
2025040204013778,HPPL,40,21,500.0,640.0,320000.0,2025-04-02
2025040204013777,HPPL,58,21,100.0,640.0,64000.0,2025-04-02
2025040204013776,HPPL,36,21,70.0,640.0,44800.0,2025-04-02
2025040204013775,HPPL,36,49,20.0,640.0,12800.0,2025-04-02
2025040203011273,NABBC,20,61,60.0,1797.0,107820.0,2025-04-02
2025040205014002,NRIC,69,57,522.0,1320.0,689040.0,2025-04-02
2025040205014001,NRIC,69,98,200.0,1320.0,264000.0,2025-04-02
2025040205014000,NRIC,69,48,100.0,1320.0,132000.0,2025-04-02
2025040205013999,NRIC,69,59,200.0,1320.0,264000.0,2025-04-02
2025040205013998,NRIC,69,91,150.0,1320.0,198000.0,2025-04-02
2025040205013997,NRIC,69,49,10.0,1320.0,13200.0,2025-04-02
2025040205013996,NRIC,69,52,100.0,1320.0,132000.0,2025-04-02
2025040205013995,NRIC,69,49,15.0,1320.0,19800.0,2025-04-02
2025040205013994,NRIC,69,51,53.0,1320.0,69960.0,2025-04-02
2025040205013993,NRIC,69,39,53.0,1320.0,69960.0,2025-04-02
2025040205013992,NRIC,69,29,50.0,1319.0,65950.0,2025-04-02
2025040205013991,NRIC,69,26,134.0,1319.0,176746.0,2025-04-02
2025040205013990,NRIC,69,33,50.0,1318.0,65900.0,2025-04-02
2025040205013989,NRIC,69,65,420.0,1318.0,553560.0,2025-04-02
2025040205013988,NRIC,69,45,43.0,1317.8,56665.4,2025-04-02
2025040201014738,SBL,50,34,10.0,289.9,2899.0,2025-04-02
2025040205013987,ILI,56,66,100.0,467.1,46710.0,2025-04-02
2025040201014737,SARBTM,45,42,24.0,805.3,19327.2,2025-04-02
2025040201014736,SARBTM,29,42,300.0,807.0,242100.0,2025-04-02
2025040201014735,SARBTM,54,42,126.0,807.0,101682.0,2025-04-02
2025040201014734,SARBTM,45,42,50.0,807.1,40355.0,2025-04-02
2025040205013986,NRIC,43,45,10.0,1317.8,13178.0,2025-04-02
2025040205013985,NRIC,48,7,233.0,1311.0,305463.0,2025-04-02
2025040205013984,SMJC,29,62,100.0,600.0,60000.0,2025-04-02
2025040203011272,SINDU,4,6,10.0,1132.0,11320.0,2025-04-02
2025040201014733,SNLI,4,34,12.0,649.1,7789.2,2025-04-02
2025040204013774,UAIL,1,38,100.0,640.0,64000.0,2025-04-02
2025040201014732,ULBSL,26,37,50.0,3325.3,166265.0,2025-04-02
2025040201014731,ULBSL,26,55,50.0,3325.3,166265.0,2025-04-02
2025040203011271,ALICL,44,4,10.0,764.0,7640.0,2025-04-02
2025040204013773,CGH,56,11,245.0,866.7,212341.5,2025-04-02
2025040205013983,NTC,16,33,36.0,901.0,32436.0,2025-04-02
2025040205013982,NTC,45,33,55.0,901.0,49555.0,2025-04-02
2025040205013981,NTC,58,33,20.0,901.0,18020.0,2025-04-02
2025040205013980,NTC,13,33,70.0,901.1,63077.0,2025-04-02
2025040205013979,NTC,17,33,115.0,902.0,103730.0,2025-04-02
2025040205013978,NTC,46,33,15.0,902.1,13531.5,2025-04-02
2025040205013977,NTC,22,33,124.0,902.2,111872.8,2025-04-02
2025040205013976,NTC,43,33,10.0,902.4,9024.0,2025-04-02
2025040205013975,NTC,38,33,19.0,903.0,17157.0,2025-04-02
2025040205013974,NTC,58,33,396.0,903.0,357588.0,2025-04-02
2025040203011270,NABBC,71,61,40.0,1797.0,71880.0,2025-04-02
2025040203011269,NABBC,71,85,10.0,1797.0,17970.0,2025-04-02
2025040205013973,SMJC,65,62,256.0,600.0,153600.0,2025-04-02
2025040205013972,SMJC,17,62,50.0,601.0,30050.0,2025-04-02
2025040205013971,NRN,92,59,163.0,1665.0,271395.0,2025-04-02
2025040205013970,NRN,92,44,771.0,1665.0,1283715.0,2025-04-02
2025040205013969,NRN,92,59,166.0,1663.0,276058.0,2025-04-02
2025040203011268,NABBC,5,25,50.0,1796.9,89845.0,2025-04-02
2025040203011267,NABBC,5,70,50.0,1796.9,89845.0,2025-04-02
2025040201014730,GMLI,71,13,55.0,2557.0,140635.0,2025-04-02
2025040201014729,GMLI,36,13,10.0,2560.0,25600.0,2025-04-02
2025040201014728,GMLI,6,13,100.0,2560.0,256000.0,2025-04-02
2025040201014727,GMLI,14,13,50.0,2560.0,128000.0,2025-04-02
2025040201014726,GMLI,14,13,10.0,2560.0,25600.0,2025-04-02
2025040201014725,GMLI,45,13,30.0,2565.0,76950.0,2025-04-02
2025040201014724,GMLI,5,13,10.0,2565.0,25650.0,2025-04-02
2025040201014723,GMLI,45,13,20.0,2565.0,51300.0,2025-04-02
2025040201014722,GMLI,26,13,15.0,2569.0,38535.0,2025-04-02
2025040203011266,NLIC,13,43,30.0,783.9,23517.0,2025-04-02
2025040203011265,NLIC,13,48,90.0,783.0,70470.0,2025-04-02
2025040203011264,NADEP,6,16,400.0,889.0,355600.0,2025-04-02
2025040204013772,SSHL,16,38,30.0,234.0,7020.0,2025-04-02
2025040204013771,SSHL,16,58,70.0,234.0,16380.0,2025-04-02
2025040204013770,SHL,16,16,397.0,485.0,192545.0,2025-04-02
2025040201014721,MEHL,67,4,100.0,559.0,55900.0,2025-04-02
2025040201014720,MHCL,48,56,150.0,514.7,77205.0,2025-04-02
2025040203011263,JFL,56,49,50.0,523.5,26175.0,2025-04-02
2025040201014719,UHEWA,13,69,30.0,742.2,22266.0,2025-04-02
2025040201014718,UHEWA,58,69,70.0,744.0,52080.0,2025-04-02
2025040203011262,GLBSL,64,42,14.0,2926.0,40964.0,2025-04-02
2025040205013968,HRL,32,17,200.0,1029.9,205980.0,2025-04-02
2025040203011261,PROFL,42,33,50.0,565.0,28250.0,2025-04-02
2025040203011260,PROFL,42,41,130.0,565.0,73450.0,2025-04-02
2025040203011259,PROFL,42,38,10.0,564.9,5649.0,2025-04-02
2025040205013967,NRIC,48,60,151.0,1311.0,197961.0,2025-04-02
2025040205013966,NRIC,39,60,50.0,1312.0,65600.0,2025-04-02
2025040205013965,NRIC,57,60,500.0,1312.0,656000.0,2025-04-02
2025040205013964,NRIC,34,60,99.0,1312.0,129888.0,2025-04-02
2025040205013963,NRIC,80,60,300.0,1313.0,393900.0,2025-04-02
2025040201014717,MHCL,48,7,20.0,514.7,10294.0,2025-04-02
2025040204013769,NICL,34,45,63.0,815.5,51376.5,2025-04-02
2025040204013768,NICL,38,45,100.0,816.0,81600.0,2025-04-02
2025040204013767,NICL,41,45,100.0,816.0,81600.0,2025-04-02
2025040204013766,NICL,6,45,100.0,816.0,81600.0,2025-04-02
2025040204013765,NICL,43,45,200.0,817.0,163400.0,2025-04-02
2025040204013764,NICL,45,45,20.0,817.0,16340.0,2025-04-02
2025040204013763,NICL,76,45,100.0,817.5,81750.0,2025-04-02
2025040204013762,NICL,76,45,50.0,817.6,40880.0,2025-04-02
2025040204013761,NICL,76,45,100.0,817.6,81760.0,2025-04-02
2025040204013760,NICL,76,45,100.0,817.6,81760.0,2025-04-02
2025040204013759,NICL,47,45,100.0,817.7,81770.0,2025-04-02
2025040204013758,NICL,58,45,50.0,818.0,40900.0,2025-04-02
2025040204013757,NICL,59,45,20.0,818.0,16360.0,2025-04-02
2025040204013756,NICL,55,45,100.0,818.0,81800.0,2025-04-02
2025040204013755,NICL,33,45,10.0,818.0,8180.0,2025-04-02
2025040204013754,NICL,59,45,100.0,818.0,81800.0,2025-04-02
2025040204013753,NICL,57,45,10.0,818.5,8185.0,2025-04-02
2025040204013752,NICL,48,45,10.0,819.0,8190.0,2025-04-02
2025040203011258,MFIL,45,59,95.0,616.2,58539.0,2025-04-02
2025040203011257,MFIL,45,58,100.0,616.0,61600.0,2025-04-02
2025040203011256,MFIL,45,38,25.0,616.0,15400.0,2025-04-02
2025040203011255,MFIL,45,32,50.0,615.0,30750.0,2025-04-02
2025040203011254,MFIL,45,95,63.0,613.0,38619.0,2025-04-02
2025040203011253,MFIL,45,42,167.0,612.8,102337.6,2025-04-02
2025040204013751,NLG,38,45,300.0,862.0,258600.0,2025-04-02
2025040204013750,SHL,37,16,103.0,485.0,49955.0,2025-04-02
2025040203011252,MERO,42,29,300.0,721.0,216300.0,2025-04-02
2025040201014716,SGHC,58,52,300.0,555.0,166500.0,2025-04-02
2025040201014715,SGHC,58,35,10.0,554.9,5549.0,2025-04-02
2025040201014714,SGHC,58,6,20.0,554.4,11088.0,2025-04-02
2025040201014713,SGHC,58,17,10.0,554.0,5540.0,2025-04-02
2025040201014712,SGHC,58,45,50.0,554.0,27700.0,2025-04-02
2025040201014711,SGHC,58,54,110.0,554.0,60940.0,2025-04-02
2025040203011251,SFCL,57,34,67.0,563.2,37734.4,2025-04-02
2025040203011250,SFCL,58,34,300.0,563.3,168990.0,2025-04-02
2025040203011249,SFCL,58,34,133.0,563.4,74932.2,2025-04-02
2025040203011248,NLICL,14,34,717.0,641.6,460027.2,2025-04-02
2025040203011247,NLICL,14,34,500.0,641.6,320800.0,2025-04-02
2025040203011246,NLICL,5,34,25.0,641.7,16042.5,2025-04-02
2025040203011245,NLICL,71,34,100.0,641.7,64170.0,2025-04-02
2025040203011244,NLICL,42,34,200.0,642.0,128400.0,2025-04-02
2025040203011243,NLICL,76,34,58.0,642.0,37236.0,2025-04-02
2025040203011242,NLIC,44,48,10.0,783.0,7830.0,2025-04-02
2025040201014710,SPC,34,65,90.0,543.9,48951.0,2025-04-02
2025040201014709,SPC,34,4,100.0,543.8,54380.0,2025-04-02
2025040205013962,GCIL,38,62,401.0,553.0,221753.0,2025-04-02
2025040205013961,GCIL,38,8,40.0,552.8,22112.0,2025-04-02
2025040205013960,GCIL,38,58,10.0,552.0,5520.0,2025-04-02
2025040205013959,GCIL,38,49,10.0,552.0,5520.0,2025-04-02
2025040205013958,GCIL,38,49,11.0,552.0,6072.0,2025-04-02
2025040205013957,GCIL,38,45,11.0,552.0,6072.0,2025-04-02
2025040205013956,GCIL,38,45,11.0,552.0,6072.0,2025-04-02
2025040205013955,GCIL,38,57,126.0,552.0,69552.0,2025-04-02
2025040205013954,GCIL,38,64,180.0,552.0,99360.0,2025-04-02
2025040205013953,GCIL,38,68,700.0,551.9,386330.0,2025-04-02
2025040203011241,LICN,57,4,84.0,1015.0,85260.0,2025-04-02
2025040203011240,LICN,57,39,100.0,1015.0,101500.0,2025-04-02
2025040203011239,LICN,57,45,101.0,1013.0,102313.0,2025-04-02
2025040203011238,LICN,57,38,80.0,1013.0,81040.0,2025-04-02
2025040203011237,LICN,57,48,23.0,1013.0,23299.0,2025-04-02
2025040203011236,LICN,57,39,12.0,1012.8,12153.6,2025-04-02
2025040201014708,MBL,5,49,14.0,228.0,3192.0,2025-04-02
2025040203011235,HLI,96,16,157.0,443.0,69551.0,2025-04-02
2025040203011234,HLI,96,52,230.0,443.0,101890.0,2025-04-02
2025040203011233,HLI,96,58,25.0,443.0,11075.0,2025-04-02
2025040203011232,HLI,96,46,90.0,443.0,39870.0,2025-04-02
2025040203011231,HLI,96,22,28.0,443.0,12404.0,2025-04-02
2025040203011230,HLI,96,41,10.0,443.0,4430.0,2025-04-02
2025040203011229,HLI,96,42,400.0,443.0,177200.0,2025-04-02
2025040203011228,HLI,96,49,500.0,443.0,221500.0,2025-04-02
2025040203011227,HLI,96,44,100.0,443.0,44300.0,2025-04-02
2025040203011226,HLI,96,51,50.0,443.0,22150.0,2025-04-02
2025040203011225,HLI,96,77,410.0,443.0,181630.0,2025-04-02
2025040204013749,SHPC,19,13,70.0,471.1,32977.0,2025-04-02
2025040204013748,SHPC,71,13,200.0,471.2,94240.0,2025-04-02
2025040204013747,SHPC,39,13,50.0,471.3,23565.0,2025-04-02
2025040204013746,SHPC,47,13,67.0,471.3,31577.1,2025-04-02
2025040205013952,SONA,22,16,130.0,476.8,61984.0,2025-04-02
2025040205013951,SONA,22,34,70.0,476.0,33320.0,2025-04-02
2025040201014707,UNLB,47,38,10.0,2282.0,22820.0,2025-04-02
2025040204013745,SPIL,43,47,83.0,830.0,68890.0,2025-04-02
2025040204013744,CHL,57,39,500.0,484.0,242000.0,2025-04-02
2025040204013743,BARUN,49,37,10.0,511.0,5110.0,2025-04-02
2025040201014706,LSL,43,59,942.0,223.5,210537.0,2025-04-02
2025040201014705,LSL,43,3,299.0,223.5,66826.5,2025-04-02
2025040201014704,LSL,43,1,200.0,223.4,44680.0,2025-04-02
2025040201014703,LSL,43,67,59.0,223.4,13180.6,2025-04-02
2025040201014702,LSL,43,16,500.0,223.3,111650.0,2025-04-02
2025040201014701,LSL,43,50,1000.0,223.0,223000.0,2025-04-02
2025040205013950,GIBF1,50,67,99100.0,10.2,1010820.0,2025-04-02
2025040205013949,GIBF1,50,51,900.0,10.18,9162.0,2025-04-02
2025040204013742,HPPL,36,42,10.0,640.0,6400.0,2025-04-02
2025040203011224,PROFL,60,42,100.0,564.1,56410.0,2025-04-02
2025040201014700,HIDCLP,29,42,618.0,179.0,110622.0,2025-04-02
2025040201014699,UHEWA,58,55,30.0,744.0,22320.0,2025-04-02
2025040201014698,JBLB,17,45,50.0,1336.0,66800.0,2025-04-02
2025040203011223,SFCL,99,95,400.0,564.0,225600.0,2025-04-02
2025040203011222,SFCL,99,32,500.0,564.0,282000.0,2025-04-02
2025040203011221,SFCL,99,16,50.0,564.0,28200.0,2025-04-02
2025040203011220,SFCL,99,34,50.0,564.0,28200.0,2025-04-02
2025040201014697,DOLTI,33,59,10.0,697.6,6976.0,2025-04-02
2025040203011219,JBBL,52,34,50.0,342.6,17130.0,2025-04-02
2025040205013948,MEL,55,19,250.0,328.0,82000.0,2025-04-02
2025040205013947,MEL,55,26,100.0,327.8,32780.0,2025-04-02
2025040205013946,MEL,55,34,10.0,327.6,3276.0,2025-04-02
2025040205013945,MEL,55,46,10.0,327.6,3276.0,2025-04-02
2025040205013944,MEL,55,33,80.0,327.1,26168.0,2025-04-02
2025040205013943,MEL,55,29,490.0,326.4,159936.0,2025-04-02
2025040205013942,MEL,55,58,60.0,326.0,19560.0,2025-04-02
2025040205013941,BBC,14,41,10.0,6405.2,64052.0,2025-04-02
2025040203011218,LBBL,20,32,200.0,427.0,85400.0,2025-04-02
2025040205013940,HDL,66,56,10.0,1218.3,12183.0,2025-04-02
2025040204013741,SHPC,49,42,10.0,471.4,4714.0,2025-04-02
2025040201014696,PPL,32,64,99.0,533.9,52856.1,2025-04-02
2025040201014695,PPL,32,32,300.0,533.8,160140.0,2025-04-02
2025040201014694,PPL,32,33,60.0,533.0,31980.0,2025-04-02
2025040201014693,PPL,32,57,500.0,533.0,266500.0,2025-04-02
2025040204013740,SICL,34,32,90.0,773.5,69615.0,2025-04-02
2025040204013739,SICL,41,32,10.0,774.0,7740.0,2025-04-02
2025040204013738,JOSHI,6,99,10.0,383.0,3830.0,2025-04-02
2025040201014692,SGHC,45,54,10.0,554.0,5540.0,2025-04-02
2025040201014691,RHGCL,42,45,20.0,545.5,10910.0,2025-04-02
2025040201014690,RHGCL,16,45,80.0,545.5,43640.0,2025-04-02
2025040203011217,SLBSL,19,57,20.0,1998.0,39960.0,2025-04-02
2025040201014689,PCBL,34,48,100.0,253.0,25300.0,2025-04-02
2025040205013939,NRM,50,1,15.0,503.0,7545.0,2025-04-02
2025040201014688,BHL,1,39,75.0,320.0,24000.0,2025-04-02
2025040204013737,SPDL,18,11,80.0,322.1,25768.0,2025-04-02
2025040204013736,SPDL,85,11,20.0,322.2,6444.0,2025-04-02
2025040204013735,HURJA,57,3,100.0,241.9,24190.0,2025-04-02
2025040204013734,API,57,26,150.0,277.9,41685.0,2025-04-02
2025040204013733,API,57,58,50.0,276.5,13825.0,2025-04-02
2025040203011216,NFS,54,21,50.0,723.0,36150.0,2025-04-02
2025040203011215,SMB,14,14,10.0,2495.0,24950.0,2025-04-02
2025040204013732,RADHI,81,96,224.0,419.0,93856.0,2025-04-02
2025040204013731,RADHI,81,64,100.0,419.0,41900.0,2025-04-02
2025040204013730,RADHI,81,61,500.0,419.0,209500.0,2025-04-02
2025040204013729,RADHI,81,41,176.0,419.0,73744.0,2025-04-02
2025040203011214,SINDU,18,6,50.0,1132.0,56600.0,2025-04-02
2025040205013938,ENL,38,21,50.0,1234.0,61700.0,2025-04-02
2025040204013728,GHL,56,39,103.0,280.9,28932.7,2025-04-02
2025040204013727,PMHPL,49,50,90.0,295.0,26550.0,2025-04-02
2025040203011213,BFC,70,49,98.0,576.0,56448.0,2025-04-02
2025040204013726,PMHPL,32,50,240.0,295.0,70800.0,2025-04-02
2025040201014687,MKHL,84,32,10.0,702.0,7020.0,2025-04-02
2025040203011212,ACLBSL,55,45,35.0,1095.0,38325.0,2025-04-02
2025040203011211,MERO,42,45,10.0,721.0,7210.0,2025-04-02
2025040204013725,UMRH,76,62,10.0,613.9,6139.0,2025-04-02
2025040201014686,CZBIL,38,29,166.0,213.0,35358.0,2025-04-02
2025040201014685,CZBIL,38,49,50.0,213.0,10650.0,2025-04-02
2025040201014684,CZBIL,38,45,94.0,213.0,20022.0,2025-04-02
2025040201014683,CZBIL,38,55,490.0,212.7,104223.0,2025-04-02
2025040201014682,CZBIL,38,63,10.0,212.5,2125.0,2025-04-02
2025040201014681,CZBIL,38,45,190.0,212.5,40375.0,2025-04-02
2025040201014680,GSY,33,52,300.0,9.12,2736.0,2025-04-02
2025040204013724,SJCL,57,11,20.0,324.0,6480.0,2025-04-02
2025040205013937,MBJC,26,38,30.0,321.3,9639.0,2025-04-02
2025040201014679,KDL,64,34,10.0,1112.0,11120.0,2025-04-02
2025040205013936,SMJC,14,38,10.0,601.0,6010.0,2025-04-02
2025040205013935,SMJC,14,94,10.0,601.0,6010.0,2025-04-02
2025040205013934,SMJC,14,58,10.0,601.0,6010.0,2025-04-02
2025040203011210,GMFIL,14,34,100.0,525.0,52500.0,2025-04-02
2025040203011209,GMFIL,14,57,100.0,525.0,52500.0,2025-04-02
2025040203011208,GMFIL,14,18,100.0,525.0,52500.0,2025-04-02
2025040201014678,RFPL,62,35,480.0,730.0,350400.0,2025-04-02
2025040201014677,EHPL,36,56,500.0,700.0,350000.0,2025-04-02
2025040203011207,ALICL,17,49,89.0,762.0,67818.0,2025-04-02
2025040203011206,ALICL,58,49,133.0,762.0,101346.0,2025-04-02
2025040203011205,ALICL,34,49,150.0,763.0,114450.0,2025-04-02
2025040203011204,ALICL,11,49,500.0,763.5,381750.0,2025-04-02
2025040203011203,ALICL,89,49,129.0,763.5,98491.5,2025-04-02
2025040201014676,BHL,59,8,50.0,318.0,15900.0,2025-04-02
2025040201014675,BHL,59,8,50.0,319.0,15950.0,2025-04-02
2025040201014674,RFPL,62,28,200.0,730.0,146000.0,2025-04-02
2025040201014673,RFPL,97,28,200.0,730.1,146020.0,2025-04-02
2025040204013723,SGIC,32,38,20.0,600.0,12000.0,2025-04-02
2025040204013722,SGIC,32,34,20.0,600.0,12000.0,2025-04-02
2025040204013721,SGIC,32,14,10.0,600.0,6000.0,2025-04-02
2025040204013720,SGIC,32,54,10.0,599.0,5990.0,2025-04-02
2025040204013719,SGIC,32,34,10.0,597.0,5970.0,2025-04-02
2025040204013718,SGIC,32,14,10.0,595.0,5950.0,2025-04-02
2025040204013717,DHPL,74,65,1000.0,399.1,399100.0,2025-04-02
2025040203011202,MDB,3,33,50.0,632.0,31600.0,2025-04-02
2025040204013716,UNHPL,3,16,16.0,314.0,5024.0,2025-04-02
2025040204013715,UNHPL,3,43,234.0,314.0,73476.0,2025-04-02
2025040203011201,SHINE,26,58,22.0,414.7,9123.4,2025-04-02
2025040205013933,STC,34,58,10.0,5330.0,53300.0,2025-04-02
2025040201014672,SMH,34,29,10.0,933.0,9330.0,2025-04-02
2025040204013714,RADHI,88,41,550.0,419.0,230450.0,2025-04-02
2025040204013713,RIDI,22,39,300.0,223.8,67140.0,2025-04-02
2025040204013712,RIDI,22,42,150.0,223.7,33555.0,2025-04-02
2025040204013711,API,35,50,260.0,277.0,72020.0,2025-04-02
2025040201014671,USHEC,18,56,400.0,612.0,244800.0,2025-04-02
2025040201014670,USHEC,18,32,100.0,611.0,61100.0,2025-04-02
2025040201014669,USHEC,18,60,440.0,610.0,268400.0,2025-04-02
2025040201014668,USHEC,18,34,10.0,610.0,6100.0,2025-04-02
2025040201014667,USHEC,18,48,50.0,610.0,30500.0,2025-04-02
2025040203011200,MLBL,21,58,10.0,395.5,3955.0,2025-04-02
2025040204013710,UAIL,7,67,460.0,638.2,293572.0,2025-04-02
2025040204013709,UAIL,51,67,100.0,638.2,63820.0,2025-04-02
2025040204013708,UAIL,57,67,11.0,638.3,7021.3,2025-04-02
2025040204013707,UAIL,50,67,29.0,638.3,18510.7,2025-04-02
2025040204013706,UAIL,1,67,100.0,638.4,63840.0,2025-04-02
2025040201014666,NYADI,16,26,100.0,647.0,64700.0,2025-04-02
2025040204013705,API,22,25,10.0,276.2,2762.0,2025-04-02
2025040201014665,HIDCLP,29,25,300.0,179.0,53700.0,2025-04-02
2025040203011199,GILB,75,38,10.0,1284.9,12849.0,2025-04-02
2025040205013932,HATHY,65,49,300.0,1397.0,419100.0,2025-04-02
2025040203011198,LLBS,32,11,10.0,1071.0,10710.0,2025-04-02
2025040203011197,KSBBL,66,48,200.0,434.0,86800.0,2025-04-02
2025040203011196,NFS,58,55,75.0,724.0,54300.0,2025-04-02
2025040205013931,SONA,57,34,10.0,476.0,4760.0,2025-04-02
2025040205013930,HIDCL,7,38,25.0,275.0,6875.0,2025-04-02
2025040205013929,HDL,53,34,50.0,1217.6,60880.0,2025-04-02
2025040203011195,MLBL,36,49,686.0,395.4,271244.4,2025-04-02
2025040205013928,CHDC,60,1,10.0,2455.0,24550.0,2025-04-02
2025040203011194,RLFL,45,42,61.0,558.0,34038.0,2025-04-02
2025040203011193,ACLBSL,55,6,13.0,1095.0,14235.0,2025-04-02
2025040204013704,MEN,45,29,500.0,588.0,294000.0,2025-04-02
2025040205013927,ILI,45,57,63.0,468.0,29484.0,2025-04-02
2025040205013926,ILI,45,57,100.0,468.0,46800.0,2025-04-02
2025040205013925,ILI,45,58,100.0,468.0,46800.0,2025-04-02
2025040205013924,ILI,45,57,12.0,468.0,5616.0,2025-04-02
2025040205013923,ILI,45,58,25.0,468.0,11700.0,2025-04-02
2025040205013922,NRM,57,17,20.0,503.9,10078.0,2025-04-02
2025040204013703,BPCL,57,45,10.0,397.9,3979.0,2025-04-02
2025040204013702,SHL,22,21,100.0,485.0,48500.0,2025-04-02
2025040203011192,MPFL,35,58,50.0,660.0,33000.0,2025-04-02
2025040201014664,GMLI,25,25,10.0,2570.0,25700.0,2025-04-02
2025040203011191,MLBL,36,45,15.0,395.4,5931.0,2025-04-02
2025040201014663,NYADI,66,58,30.0,646.8,19404.0,2025-04-02
2025040201014662,NYADI,66,6,20.0,646.7,12934.0,2025-04-02
2025040203011190,SLBBL,66,42,160.0,967.5,154800.0,2025-04-02
2025040203011189,SLBBL,43,42,50.0,967.6,48380.0,2025-04-02
2025040203011188,SLBBL,49,42,100.0,968.0,96800.0,2025-04-02
2025040201014661,SANIMA,11,71,18.0,300.0,5400.0,2025-04-02
2025040204013701,NICL,11,81,20.0,820.0,16400.0,2025-04-02
2025040204013700,HURJA,25,3,50.0,241.9,12095.0,2025-04-02
2025040204013699,HURJA,1,3,330.0,241.9,79827.0,2025-04-02
2025040204013698,UPCL,3,38,200.0,287.7,57540.0,2025-04-02
2025040201014660,CZBIL,82,45,100.0,212.5,21250.0,2025-04-02
2025040204013697,GHL,41,29,680.0,282.7,192236.0,2025-04-02
2025040204013696,GHL,41,6,1100.0,282.6,310860.0,2025-04-02
2025040204013695,GHL,41,57,100.0,282.0,28200.0,2025-04-02
2025040204013694,GHL,41,70,1000.0,281.1,281100.0,2025-04-02
2025040204013693,GHL,41,57,20.0,281.0,5620.0,2025-04-02
2025040204013692,GHL,41,35,100.0,281.0,28100.0,2025-04-02
2025040201014659,GSY,13,52,300.0,9.12,2736.0,2025-04-02
2025040203011187,GRDBL,39,58,10.0,1330.0,13300.0,2025-04-02
2025040203011186,PFL,35,43,42.0,441.0,18522.0,2025-04-02
2025040205013921,SMJC,65,28,1000.0,600.0,600000.0,2025-04-02
2025040201014658,RFPL,62,6,584.0,730.0,426320.0,2025-04-02
2025040201014657,RFPL,62,11,400.0,730.0,292000.0,2025-04-02
2025040201014656,RFPL,62,11,100.0,730.5,73050.0,2025-04-02
2025040201014655,NABIL,41,38,100.0,485.0,48500.0,2025-04-02
2025040203011185,GFCL,57,41,695.0,684.9,476005.5,2025-04-02
2025040204013691,KKHC,1,57,83.0,349.3,28991.9,2025-04-02
2025040203011184,RLFL,58,81,10.0,559.0,5590.0,2025-04-02
2025040201014654,GMLI,25,55,10.0,2570.0,25700.0,2025-04-02
2025040201014653,MANDU,58,17,17.0,896.0,15232.0,2025-04-02
2025040204013690,HPPL,35,42,100.0,642.0,64200.0,2025-04-02
2025040203011183,RLFL,45,35,200.0,558.0,111600.0,2025-04-02
2025040204013689,HPPL,39,42,150.0,642.0,96300.0,2025-04-02
2025040201014652,RHGCL,16,16,10.0,545.5,5455.0,2025-04-02
2025040205013920,HDL,66,42,64.0,1220.0,78080.0,2025-04-02
2025040205013919,HDL,66,13,84.0,1220.0,102480.0,2025-04-02
2025040205013918,HDL,66,21,80.0,1220.0,97600.0,2025-04-02
2025040205013917,HDL,66,7,100.0,1219.0,121900.0,2025-04-02
2025040205013916,HDL,66,55,10.0,1219.0,12190.0,2025-04-02
2025040205013915,HDL,66,17,50.0,1219.0,60950.0,2025-04-02
2025040205013914,HDL,66,86,100.0,1219.0,121900.0,2025-04-02
2025040205013913,HDL,66,58,100.0,1218.7,121870.0,2025-04-02
2025040205013912,HDL,66,58,90.0,1218.6,109674.0,2025-04-02
2025040205013911,HDL,66,13,80.0,1218.5,97480.0,2025-04-02
2025040205013910,HDL,66,58,20.0,1218.5,24370.0,2025-04-02
2025040205013909,HDL,66,28,10.0,1218.4,12184.0,2025-04-02
2025040205013908,HDL,66,58,12.0,1218.0,14616.0,2025-04-02
2025040201014651,MEHL,49,4,10.0,559.0,5590.0,2025-04-02
2025040201014650,MEHL,49,14,40.0,559.0,22360.0,2025-04-02
2025040201014649,PRSF,4,8,49800.0,10.19,507462.0,2025-04-02
2025040201014648,PRSF,7,8,100.0,10.19,1019.0,2025-04-02
2025040201014647,PRSF,7,8,100.0,10.2,1020.0,2025-04-02
2025040205013907,STC,48,58,20.0,5330.0,106600.0,2025-04-02
2025040205013906,HATHY,65,50,82.0,1398.0,114636.0,2025-04-02
2025040205013905,HATHY,65,5,36.0,1397.9,50324.4,2025-04-02
2025040204013688,AKPL,51,66,50.0,229.0,11450.0,2025-04-02
2025040204013687,AKPL,51,6,750.0,229.0,171750.0,2025-04-02
2025040204013686,AKPL,51,14,110.0,229.0,25190.0,2025-04-02
2025040204013685,AKPL,51,32,90.0,229.0,20610.0,2025-04-02
2025040205013904,BBC,45,41,50.0,6405.2,320260.0,2025-04-02
2025040204013684,NHPC,1,41,100.0,210.0,21000.0,2025-04-02
2025040201014646,GMLI,25,71,20.0,2570.0,51400.0,2025-04-02
2025040201014645,MCHL,33,45,10.0,590.0,5900.0,2025-04-02
2025040204013683,AKJCL,32,54,110.0,204.1,22451.0,2025-04-02
2025040204013682,AKJCL,38,54,75.0,204.2,15315.0,2025-04-02
2025040204013681,AKJCL,53,54,215.0,204.3,43924.5,2025-04-02
2025040204013680,AKJCL,45,54,10.0,204.3,2043.0,2025-04-02
2025040204013679,AKJCL,45,54,90.0,204.4,18396.0,2025-04-02
2025040201014644,EHPL,58,94,10.0,705.0,7050.0,2025-04-02
2025040205013903,BBC,58,41,10.0,6405.2,64052.0,2025-04-02
2025040201014643,SGHC,48,58,10.0,550.0,5500.0,2025-04-02
2025040204013678,RADHI,58,41,50.0,419.0,20950.0,2025-04-02
2025040204013677,RADHI,53,41,224.0,419.0,93856.0,2025-04-02
2025040204013676,GHL,56,62,27.0,280.9,7584.3,2025-04-02
2025040205013902,HATHY,5,5,10.0,1397.9,13979.0,2025-04-02
2025040201014642,SPL,61,42,10.0,895.0,8950.0,2025-04-02
2025040205013901,GCIL,35,68,100.0,551.9,55190.0,2025-04-02
2025040203011182,NLICL,69,11,10.0,645.0,6450.0,2025-04-02
2025040201014641,SNLI,25,45,10.0,649.9,6499.0,2025-04-02
2025040203011181,GFCL,8,41,281.0,684.9,192456.9,2025-04-02
2025040203011180,GFCL,8,35,175.0,684.5,119787.5,2025-04-02
2025040203011179,GFCL,8,21,44.0,683.0,30052.0,2025-04-02
2025040201014640,EHPL,56,94,40.0,705.0,28200.0,2025-04-02
2025040201014639,EHPL,56,34,10.0,705.0,7050.0,2025-04-02
2025040201014638,SNLI,4,42,12.0,649.1,7789.2,2025-04-02
2025040204013675,SICL,41,19,10.0,774.0,7740.0,2025-04-02
2025040204013674,UPPER,55,6,80.0,200.1,16008.0,2025-04-02
2025040201014637,KBL,47,1,200.0,210.1,42020.0,2025-04-02
2025040204013673,SPDL,70,83,11.0,323.0,3553.0,2025-04-02
2025040203011178,JFL,44,38,71.0,524.0,37204.0,2025-04-02
2025040201014636,MBL,52,49,50.0,228.0,11400.0,2025-04-02
2025040201014635,MHCL,48,91,100.0,514.7,51470.0,2025-04-02
2025040204013672,CHL,57,55,462.0,484.0,223608.0,2025-04-02
2025040204013671,CHL,6,55,30.0,484.1,14523.0,2025-04-02
2025040204013670,CHL,49,55,2000.0,484.1,968200.0,2025-04-02
2025040204013669,CHL,34,55,15.0,484.1,7261.5,2025-04-02
2025040204013668,CHL,63,55,90.0,485.0,43650.0,2025-04-02
2025040204013667,CHL,57,55,50.0,485.0,24250.0,2025-04-02
2025040204013666,CHL,55,55,500.0,485.0,242500.0,2025-04-02
2025040204013665,CHL,35,55,20.0,485.0,9700.0,2025-04-02
2025040204013664,CHL,16,55,200.0,485.0,97000.0,2025-04-02
2025040204013663,CHL,48,55,1000.0,485.1,485100.0,2025-04-02
2025040204013662,CHL,48,55,500.0,485.1,242550.0,2025-04-02
2025040204013661,CHL,41,55,163.0,485.1,79071.3,2025-04-02
2025040204013660,CHL,38,55,10.0,485.2,4852.0,2025-04-02
2025040204013659,CHL,53,55,500.0,485.2,242600.0,2025-04-02
2025040204013658,CHL,38,55,360.0,485.2,174672.0,2025-04-02
2025040204013657,CHL,45,55,100.0,486.0,48600.0,2025-04-02
2025040204013656,AKPL,58,32,10.0,229.0,2290.0,2025-04-02
2025040201014634,ADBL,58,14,1858.0,297.0,551826.0,2025-04-02
2025040201014633,ADBL,58,11,100.0,297.0,29700.0,2025-04-02
2025040201014632,ADBL,58,22,100.0,296.8,29680.0,2025-04-02
2025040201014631,ADBL,58,45,100.0,296.0,29600.0,2025-04-02
2025040201014630,ADBL,58,38,842.0,296.0,249232.0,2025-04-02
2025040201014629,MKCL,46,57,30.0,1620.0,48600.0,2025-04-02
2025040201014628,MKCL,46,39,10.0,1619.0,16190.0,2025-04-02
2025040204013655,BARUN,13,49,135.0,510.0,68850.0,2025-04-02
2025040203011177,SFCL,58,69,10.0,563.4,5634.0,2025-04-02
2025040203011176,NADEP,6,16,99.0,889.0,88011.0,2025-04-02
2025040204013654,KKHC,1,32,17.0,349.3,5938.1,2025-04-02
2025040205013900,NTC,58,42,40.0,903.0,36120.0,2025-04-02
2025040205013899,CHDC,6,1,500.0,2455.0,1227500.0,2025-04-02
2025040201014627,NYADI,60,6,80.0,646.7,51736.0,2025-04-02
2025040203011175,SINDU,65,6,143.0,1132.0,161876.0,2025-04-02
2025040204013653,DHPL,74,29,1700.0,399.1,678470.0,2025-04-02
2025040204013652,CGH,45,44,100.0,867.2,86720.0,2025-04-02
2025040204013651,SPDL,17,83,100.0,323.0,32300.0,2025-04-02
2025040205013898,SHIVM,17,58,50.0,536.3,26815.0,2025-04-02
2025040203011174,SJLIC,53,45,40.0,450.0,18000.0,2025-04-02
2025040203011173,SJLIC,53,48,10.0,450.0,4500.0,2025-04-02
2025040205013897,HRL,77,58,30.0,1030.0,30900.0,2025-04-02
2025040205013896,HRL,77,58,10.0,1030.0,10300.0,2025-04-02
2025040205013895,HRL,77,19,293.0,1030.0,301790.0,2025-04-02
2025040205013894,HRL,77,22,100.0,1029.0,102900.0,2025-04-02
2025040205013893,HRL,77,70,567.0,1029.0,583443.0,2025-04-02
2025040201014626,NBL,1,57,50.0,250.0,12500.0,2025-04-02
2025040204013650,NGPL,38,49,100.0,267.5,26750.0,2025-04-02
2025040204013649,UMHL,49,34,56.0,442.0,24752.0,2025-04-02
2025040204013648,UMHL,58,34,100.0,442.0,44200.0,2025-04-02
2025040204013647,UMHL,28,34,30.0,442.2,13266.0,2025-04-02
2025040204013646,UMHL,91,34,814.0,443.0,360602.0,2025-04-02
2025040203011172,EDBL,45,5,140.0,635.6,88984.0,2025-04-02
2025040203011171,EDBL,34,5,50.0,635.7,31785.0,2025-04-02
2025040203011170,EDBL,89,5,10.0,636.0,6360.0,2025-04-02
2025040203011169,EDBL,47,5,100.0,636.0,63600.0,2025-04-02
2025040205013892,NRIC,34,14,51.0,1312.0,66912.0,2025-04-02
2025040205013891,NRIC,26,14,10.0,1312.0,13120.0,2025-04-02
2025040203011168,SAPDBL,96,28,10.0,1119.0,11190.0,2025-04-02
2025040203011167,MNBBL,35,7,100.0,364.9,36490.0,2025-04-02
2025040203011166,KSBBL,66,48,200.0,434.0,86800.0,2025-04-02
2025040204013645,HPPL,26,42,163.0,642.0,104646.0,2025-04-02
2025040204013644,HPPL,26,54,200.0,642.0,128400.0,2025-04-02
2025040204013643,HPPL,26,56,10.0,642.0,6420.0,2025-04-02
2025040204013642,HPPL,26,22,80.0,642.0,51360.0,2025-04-02
2025040204013641,HPPL,26,72,100.0,642.0,64200.0,2025-04-02
2025040204013640,HPPL,26,48,100.0,642.0,64200.0,2025-04-02
2025040204013639,HPPL,26,17,100.0,642.0,64200.0,2025-04-02
2025040204013638,HPPL,26,56,42.0,642.0,26964.0,2025-04-02
2025040204013637,HPPL,26,32,300.0,642.0,192600.0,2025-04-02
2025040204013636,HPPL,26,17,500.0,642.0,321000.0,2025-04-02
2025040204013635,HPPL,26,45,160.0,642.0,102720.0,2025-04-02
2025040204013634,HPPL,26,50,300.0,641.9,192570.0,2025-04-02
2025040204013633,HPPL,26,49,50.0,641.9,32095.0,2025-04-02
2025040204013632,HPPL,26,72,2000.0,641.9,1283800.0,2025-04-02
2025040204013631,HPPL,26,28,100.0,641.9,64190.0,2025-04-02
2025040204013630,HPPL,26,44,100.0,641.9,64190.0,2025-04-02
2025040204013629,HPPL,26,50,635.0,641.9,407606.5,2025-04-02
2025040204013628,HPPL,26,21,60.0,641.0,38460.0,2025-04-02
2025040203011165,WNLB,1,28,23.0,2966.0,68218.0,2025-04-02
2025040203011164,WNLB,58,28,10.0,2966.1,29661.0,2025-04-02
2025040203011163,WNLB,19,28,10.0,2970.0,29700.0,2025-04-02
2025040203011162,SINDU,65,32,57.0,1132.0,64524.0,2025-04-02
2025040203011161,SINDU,81,32,63.0,1132.0,71316.0,2025-04-02
2025040203011160,GLBSL,64,64,100.0,2950.0,295000.0,2025-04-02
2025040203011159,GLBSL,64,6,25.0,2950.0,73750.0,2025-04-02
2025040201014625,GMLI,25,42,20.0,2570.0,51400.0,2025-04-02
2025040205013890,NRM,50,19,75.0,503.0,37725.0,2025-04-02
2025040205013889,NRM,21,19,75.0,503.0,37725.0,2025-04-02
2025040201014624,UHEWA,13,45,59.0,742.2,43789.8,2025-04-02
2025040201014623,UHEWA,35,45,10.0,743.0,7430.0,2025-04-02
2025040201014622,UHEWA,49,45,10.0,743.0,7430.0,2025-04-02
2025040201014621,UHEWA,45,45,21.0,744.0,15624.0,2025-04-02
2025040201014620,KBL,48,80,473.0,210.8,99708.4,2025-04-02
2025040203011158,SINDU,81,57,130.0,1132.0,147160.0,2025-04-02
2025040203011157,SINDU,7,57,20.0,1133.0,22660.0,2025-04-02
2025040203011156,SINDU,49,57,50.0,1133.5,56675.0,2025-04-02
2025040205013888,NRN,99,59,10.0,1663.0,16630.0,2025-04-02
2025040204013627,SPIL,43,62,10.0,830.0,8300.0,2025-04-02
2025040203011155,SHINE,26,58,1000.0,414.7,414700.0,2025-04-02
2025040201014619,MAKAR,14,65,10.0,712.0,7120.0,2025-04-02
2025040201014618,SMHL,35,35,50.0,923.0,46150.0,2025-04-02
2025040201014617,MAKAR,50,65,80.0,712.0,56960.0,2025-04-02
2025040201014616,NYADI,60,65,150.0,646.7,97005.0,2025-04-02
2025040201014615,NBL,1,25,100.0,250.0,25000.0,2025-04-02
2025040201014614,NBL,1,26,100.0,250.0,25000.0,2025-04-02
2025040201014613,KBL,48,44,50.0,210.8,10540.0,2025-04-02
2025040203011154,NFS,58,44,20.0,723.0,14460.0,2025-04-02
2025040203011153,MFIL,95,38,10.0,610.0,6100.0,2025-04-02
2025040205013887,NRIC,26,38,100.0,1312.0,131200.0,2025-04-02
2025040203011152,NFS,34,55,620.0,724.0,448880.0,2025-04-02
2025040203011151,NFS,34,35,80.0,723.9,57912.0,2025-04-02
2025040203011150,NFS,34,7,100.0,723.9,72390.0,2025-04-02
2025040203011149,MLBSL,34,19,10.0,2244.0,22440.0,2025-04-02
2025040203011148,MLBSL,34,1,20.0,2240.0,44800.0,2025-04-02
2025040203011147,GILB,34,41,75.0,1267.0,95025.0,2025-04-02
2025040203011146,GILB,80,41,100.0,1267.1,126710.0,2025-04-02
2025040203011145,GILB,34,41,75.0,1267.3,95047.5,2025-04-02
2025040203011144,GILB,34,41,30.0,1268.0,38040.0,2025-04-02
2025040203011143,GILB,80,41,100.0,1268.2,126820.0,2025-04-02
2025040203011142,GILB,32,41,20.0,1268.3,25366.0,2025-04-02
2025040205013886,HRL,58,70,200.0,1029.0,205800.0,2025-04-02
2025040204013626,NGPL,18,32,4904.0,267.2,1310348.8,2025-04-02
2025040204013625,UNHPL,21,43,10.0,314.0,3140.0,2025-04-02
2025040201014612,HBL,66,10,50.0,236.0,11800.0,2025-04-02
2025040205013885,CHDC,28,35,40.0,2456.0,98240.0,2025-04-02
2025040201014611,GMLI,49,56,151.0,2575.0,388825.0,2025-04-02
2025040201014610,GMLI,49,58,10.0,2571.0,25710.0,2025-04-02
2025040204013624,HEI,36,56,318.0,607.0,193026.0,2025-04-02
2025040201014609,NYADI,60,45,70.0,646.7,45269.0,2025-04-02
2025040201014608,NYADI,38,45,30.0,646.8,19404.0,2025-04-02
2025040201014607,GMLI,25,45,10.0,2570.0,25700.0,2025-04-02
2025040204013623,UNHPL,68,43,50.0,314.0,15700.0,2025-04-02
2025040201014606,MKHL,84,58,10.0,702.0,7020.0,2025-04-02
2025040204013622,NGPL,21,32,11.0,267.2,2939.2,2025-04-02
2025040201014605,MEHL,16,14,100.0,559.0,55900.0,2025-04-02
2025040204013621,PPCL,28,22,90.0,318.0,28620.0,2025-04-02
2025040204013620,NGPL,58,25,992.0,267.0,264864.0,2025-04-02
2025040204013619,NGPL,43,25,180.0,267.0,48060.0,2025-04-02
2025040204013618,NGPL,1,25,300.0,267.0,80100.0,2025-04-02
2025040204013617,NGPL,33,25,20.0,267.0,5340.0,2025-04-02
2025040204013616,NGPL,41,25,40.0,267.0,10680.0,2025-04-02
2025040204013615,NGPL,14,25,100.0,267.0,26700.0,2025-04-02
2025040204013614,NGPL,52,25,200.0,267.0,53400.0,2025-04-02
2025040204013613,NGPL,38,25,100.0,267.0,26700.0,2025-04-02
2025040204013612,NGPL,46,25,10.0,267.0,2670.0,2025-04-02
2025040204013611,NGPL,48,25,128.0,267.0,34176.0,2025-04-02
2025040204013610,NGPL,5,25,930.0,267.1,248403.0,2025-04-02
2025040203011141,NMLBBL,57,22,60.0,656.0,39360.0,2025-04-02
2025040203011140,NMLBBL,57,22,40.0,656.1,26244.0,2025-04-02
2025040205013884,CIT,22,49,100.0,1980.0,198000.0,2025-04-02
2025040201014604,EHPL,16,56,645.0,698.2,450339.0,2025-04-02
2025040201014603,EHPL,38,56,10.0,698.3,6983.0,2025-04-02
2025040201014602,EHPL,54,56,45.0,698.3,31423.5,2025-04-02
2025040201014601,EHPL,49,56,100.0,699.0,69900.0,2025-04-02
2025040204013609,IGI,36,58,19.0,572.5,10877.5,2025-04-02
2025040201014600,MHL,65,20,10.0,709.0,7090.0,2025-04-02
2025040201014599,MHL,65,16,30.0,706.0,21180.0,2025-04-02
2025040203011139,BFC,70,17,50.0,576.0,28800.0,2025-04-02
2025040203011138,BFC,70,47,400.0,576.0,230400.0,2025-04-02
2025040203011137,BFC,70,58,70.0,576.0,40320.0,2025-04-02
2025040203011136,BFC,70,88,150.0,576.0,86400.0,2025-04-02
2025040203011135,BFC,70,69,10.0,575.0,5750.0,2025-04-02
2025040203011134,BFC,70,55,700.0,575.0,402500.0,2025-04-02
2025040203011133,BFC,70,1,22.0,575.0,12650.0,2025-04-02
2025040201014598,SANIMA,52,71,2000.0,300.0,600000.0,2025-04-02
2025040201014597,NYADI,57,26,300.0,647.0,194100.0,2025-04-02
2025040204013608,AHPC,57,57,1960.0,254.0,497840.0,2025-04-02
2025040204013607,AHPC,45,57,200.0,254.0,50800.0,2025-04-02
2025040205013883,BBC,38,41,10.0,6405.2,64052.0,2025-04-02
2025040203011132,SHINE,26,34,30.0,414.7,12441.0,2025-04-02
2025040201014596,MKHL,84,58,10.0,702.0,7020.0,2025-04-02
2025040201014595,MKHL,84,45,10.0,702.0,7020.0,2025-04-02
2025040201014594,MKHL,84,66,10.0,702.0,7020.0,2025-04-02
2025040203011131,FMDBL,4,14,100.0,774.0,77400.0,2025-04-02
2025040204013606,RADHI,53,58,66.0,419.0,27654.0,2025-04-02
2025040203011130,GBBL,58,38,13.0,394.0,5122.0,2025-04-02
2025040203011129,GBBL,58,38,37.0,394.0,14578.0,2025-04-02
2025040201014593,RAWA,47,38,14.0,870.0,12180.0,2025-04-02
2025040205013882,NRM,49,59,40.0,504.0,20160.0,2025-04-02
2025040203011128,SINDU,22,49,20.0,1135.0,22700.0,2025-04-02
2025040203011127,SADBL,22,49,10.0,409.0,4090.0,2025-04-02
2025040205013881,SMJC,65,28,544.0,600.0,326400.0,2025-04-02
2025040205013880,SMJC,65,41,500.0,599.9,299950.0,2025-04-02
2025040205013879,SMJC,65,19,100.0,599.8,59980.0,2025-04-02
2025040205013878,SMJC,65,25,200.0,599.0,119800.0,2025-04-02
2025040205013877,SMJC,65,6,200.0,596.5,119300.0,2025-04-02
2025040205013876,SMJC,65,49,50.0,596.5,29825.0,2025-04-02
2025040205013875,SMJC,65,37,50.0,596.2,29810.0,2025-04-02
2025040205013874,SMJC,65,57,100.0,596.2,59620.0,2025-04-02
2025040203011126,NLICL,76,1,42.0,642.0,26964.0,2025-04-02
2025040203011125,NLICL,34,1,66.0,642.0,42372.0,2025-04-02
2025040201014592,GVL,57,44,10.0,458.2,4582.0,2025-04-02
2025040205013873,NIFRA,3,55,100.0,274.0,27400.0,2025-04-02
2025040205013872,NIFRA,3,47,200.0,273.0,54600.0,2025-04-02
2025040204013605,HPPL,62,21,140.0,641.0,89740.0,2025-04-02
2025040204013604,HPPL,62,1,10.0,641.0,6410.0,2025-04-02
2025040203011124,SHINE,34,52,59.0,415.0,24485.0,2025-04-02
2025040203011123,SHINE,34,45,441.0,415.0,183015.0,2025-04-02
2025040204013603,CHCL,16,84,234.0,480.0,112320.0,2025-04-02
2025040204013602,CHCL,52,84,766.0,480.0,367680.0,2025-04-02
2025040204013601,NGPL,21,32,500.0,267.2,133600.0,2025-04-02
2025040205013871,HRL,16,70,100.0,1029.0,102900.0,2025-04-02
2025040201014591,AHL,85,28,146.0,749.0,109354.0,2025-04-02
2025040201014590,AHL,85,58,10.0,748.0,7480.0,2025-04-02
2025040201014589,AHL,85,42,100.0,747.5,74750.0,2025-04-02
2025040201014588,AHL,85,57,114.0,747.0,85158.0,2025-04-02
2025040201014587,AHL,85,4,30.0,746.0,22380.0,2025-04-02
2025040203011122,MLBL,59,59,530.0,395.2,209456.0,2025-04-02
2025040201014586,GMLI,25,25,10.0,2570.0,25700.0,2025-04-02
2025040205013870,CHDC,32,39,10.0,2456.0,24560.0,2025-04-02
2025040205013869,CHDC,32,7,33.0,2455.9,81044.7,2025-04-02
2025040204013600,GHL,56,49,300.0,280.9,84270.0,2025-04-02
2025040205013868,NRN,89,6,100.0,1660.0,166000.0,2025-04-02
2025040204013599,DHPL,74,48,200.0,399.1,79820.0,2025-04-02
2025040205013867,SAHAS,57,61,100.0,505.0,50500.0,2025-04-02
2025040205013866,SAHAS,57,61,400.0,505.0,202000.0,2025-04-02
2025040203011121,GBBL,57,49,31.0,393.5,12198.5,2025-04-02
2025040203011120,GBBL,57,41,19.0,393.2,7470.8,2025-04-02
2025040204013598,LEC,92,38,50.0,210.0,10500.0,2025-04-02
2025040204013597,LEC,92,34,260.0,210.0,54600.0,2025-04-02
2025040201014585,TPC,33,34,2000.0,547.0,1094000.0,2025-04-02
2025040201014584,BHL,34,39,100.0,320.0,32000.0,2025-04-02
2025040203011119,PFL,35,45,30.0,441.5,13245.0,2025-04-02
2025040201014583,BHL,50,39,10.0,320.0,3200.0,2025-04-02
2025040201014582,BHL,22,39,15.0,320.0,4800.0,2025-04-02
2025040205013865,PHCL,62,37,150.0,599.1,89865.0,2025-04-02
2025040201014581,CITY,40,42,20.0,860.0,17200.0,2025-04-02
2025040204013596,PMHPL,32,48,10.0,295.0,2950.0,2025-04-02
2025040201014580,TSHL,51,50,50.0,813.0,40650.0,2025-04-02
2025040204013595,SJCL,41,29,770.0,323.1,248787.0,2025-04-02
2025040205013864,HRL,28,70,50.0,1029.0,51450.0,2025-04-02
2025040205013863,HRL,45,70,40.0,1029.0,41160.0,2025-04-02
2025040205013862,HRL,66,70,100.0,1029.0,102900.0,2025-04-02
2025040205013861,HRL,50,70,500.0,1029.0,514500.0,2025-04-02
2025040205013860,HRL,28,70,20.0,1029.0,20580.0,2025-04-02
2025040205013859,HRL,48,70,300.0,1029.0,308700.0,2025-04-02
2025040205013858,HRL,51,70,20.0,1029.0,20580.0,2025-04-02
2025040205013857,HRL,28,70,150.0,1029.0,154350.0,2025-04-02
2025040205013856,HRL,50,70,97.0,1029.0,99813.0,2025-04-02
2025040205013855,HRL,32,70,856.0,1029.2,880995.2,2025-04-02
2025040201014579,SBI,44,49,47.0,417.0,19599.0,2025-04-02
2025040201014578,SBI,44,39,53.0,417.0,22101.0,2025-04-02
2025040201014577,USHEC,52,58,10.0,610.0,6100.0,2025-04-02
2025040201014576,USHEC,52,26,30.0,610.0,18300.0,2025-04-02
2025040201014575,USHEC,52,4,10.0,609.9,6099.0,2025-04-02
2025040201014574,USHEC,52,60,10.0,609.9,6099.0,2025-04-02
2025040201014573,USHEC,52,60,10.0,609.8,6098.0,2025-04-02
2025040201014572,USHEC,52,60,10.0,609.7,6097.0,2025-04-02
2025040201014571,USHEC,52,60,10.0,609.6,6096.0,2025-04-02
2025040201014570,USHEC,52,60,10.0,609.5,6095.0,2025-04-02
2025040204013594,DHPL,74,97,1872.0,399.1,747115.2,2025-04-02
2025040204013593,DHPL,74,97,500.0,399.2,199600.0,2025-04-02
2025040204013592,DHPL,25,97,78.0,399.2,31137.6,2025-04-02
2025040205013854,HRL,62,19,500.0,1030.0,515000.0,2025-04-02
2025040204013591,GHL,14,35,200.0,281.0,56200.0,2025-04-02
2025040201014569,SCB,6,14,180.0,633.2,113976.0,2025-04-02
2025040201014568,SCB,61,14,20.0,633.3,12666.0,2025-04-02
2025040201014567,SCB,42,14,100.0,633.5,63350.0,2025-04-02
2025040204013590,NGPL,39,32,220.0,267.2,58784.0,2025-04-02
2025040203011118,SMB,42,39,60.0,2493.0,149580.0,2025-04-02
2025040205013853,SHIVM,42,60,85.0,536.0,45560.0,2025-04-02
2025040205013852,SHIVM,22,60,250.0,536.1,134025.0,2025-04-02
2025040205013851,SHIVM,42,60,215.0,536.2,115283.0,2025-04-02
2025040201014566,NYADI,38,1,30.0,646.8,19404.0,2025-04-02
2025040201014565,RHGCL,80,80,100.0,545.7,54570.0,2025-04-02
2025040205013850,NRM,21,26,24.0,503.0,12072.0,2025-04-02
2025040201014564,ULHC,74,58,73.0,520.0,37960.0,2025-04-02
2025040201014563,ADBL,26,38,150.0,296.0,44400.0,2025-04-02
2025040204013589,SPIL,43,36,69.0,830.0,57270.0,2025-04-02
2025040204013588,SPIL,34,36,10.0,830.1,8301.0,2025-04-02
2025040204013587,SPIL,42,36,10.0,830.1,8301.0,2025-04-02
2025040204013586,BARUN,6,59,100.0,509.0,50900.0,2025-04-02
2025040204013585,GHL,50,35,500.0,281.0,140500.0,2025-04-02
2025040201014562,BGWT,22,82,10.0,1038.0,10380.0,2025-04-02
2025040201014561,NABIL,41,32,20.0,485.0,9700.0,2025-04-02
2025040204013584,SGIC,16,32,515.0,594.1,305961.5,2025-04-02
2025040204013583,AHPC,45,49,500.0,254.0,127000.0,2025-04-02
2025040205013849,CLI,36,49,10.0,507.0,5070.0,2025-04-02
2025040201014560,BHL,49,34,60.0,325.0,19500.0,2025-04-02
2025040201014559,BHL,49,59,50.0,324.4,16220.0,2025-04-02
2025040205013848,HRL,53,19,109.0,1030.0,112270.0,2025-04-02
2025040205013847,HRL,45,19,50.0,1030.0,51500.0,2025-04-02
2025040205013846,HRL,32,19,48.0,1030.0,49440.0,2025-04-02
2025040205013845,SONA,72,40,540.0,474.1,256014.0,2025-04-02
2025040205013844,SONA,48,40,40.0,475.0,19000.0,2025-04-02
2025040205013843,SONA,49,40,250.0,475.0,118750.0,2025-04-02
2025040204013582,NGPL,6,32,50.0,267.2,13360.0,2025-04-02
2025040205013842,HRL,32,42,20.0,1030.0,20600.0,2025-04-02
2025040204013581,KKHC,51,32,53.0,350.0,18550.0,2025-04-02
2025040205013841,VLUCL,33,86,380.0,675.0,256500.0,2025-04-02
2025040204013580,UMRH,76,37,10.0,614.0,6140.0,2025-04-02
2025040201014558,BHL,22,17,10.0,320.0,3200.0,2025-04-02
2025040203011117,SINDU,81,53,79.0,1132.0,89428.0,2025-04-02
2025040203011116,VLBS,55,14,23.0,876.8,20166.4,2025-04-02
2025040203011115,VLBS,55,14,40.0,876.7,35068.0,2025-04-02
2025040203011114,GMFBS,25,57,11.0,1635.0,17985.0,2025-04-02
2025040203011113,NMFBS,22,81,20.0,1208.2,24164.0,2025-04-02
2025040203011112,NMFBS,39,81,83.0,1208.2,100280.6,2025-04-02
2025040205013840,HIDCL,47,38,332.0,274.5,91134.0,2025-04-02
2025040205013839,HIDCL,17,38,10.0,274.5,2745.0,2025-04-02
2025040205013838,HIDCL,45,38,10.0,274.5,2745.0,2025-04-02
2025040205013837,HIDCL,22,38,50.0,275.0,13750.0,2025-04-02
2025040205013836,HIDCL,14,38,98.0,275.0,26950.0,2025-04-02
2025040204013579,HURJA,19,75,300.0,242.0,72600.0,2025-04-02
2025040204013578,HURJA,43,75,20.0,242.0,4840.0,2025-04-02
2025040204013577,API,22,50,90.0,277.0,24930.0,2025-04-02
2025040203011111,MPFL,8,58,60.0,660.0,39600.0,2025-04-02
2025040203011110,MPFL,8,32,240.0,660.0,158400.0,2025-04-02
2025040201014557,SMHL,32,51,200.0,924.0,184800.0,2025-04-02
2025040201014556,SMHL,32,35,100.0,924.0,92400.0,2025-04-02
2025040201014555,SMHL,32,63,100.0,924.0,92400.0,2025-04-02
2025040201014554,SMHL,32,89,1500.0,924.0,1386000.0,2025-04-02
2025040201014553,SMHL,32,35,100.0,923.1,92310.0,2025-04-02
2025040201014552,MKCL,58,56,15.0,1618.0,24270.0,2025-04-02
2025040205013835,ILI,56,42,12.0,467.1,5605.2,2025-04-02
2025040205013834,HRL,32,6,100.0,1030.0,103000.0,2025-04-02
2025040205013833,MEL,55,6,100.0,325.2,32520.0,2025-04-02
2025040201014551,GMLI,25,7,10.0,2570.0,25700.0,2025-04-02
2025040201014550,BNHC,90,45,20.0,508.0,10160.0,2025-04-02
2025040201014549,BNHC,26,45,100.0,508.0,50800.0,2025-04-02
2025040201014548,SGHC,45,54,10.0,554.0,5540.0,2025-04-02
2025040205013832,GCIL,58,46,600.0,549.0,329400.0,2025-04-02
2025040203011109,SLBBL,62,58,10.0,970.0,9700.0,2025-04-02
2025040204013576,NGPL,5,57,70.0,267.1,18697.0,2025-04-02
2025040204013575,NGPL,57,32,20.0,267.2,5344.0,2025-04-02
2025040201014547,UNLB,48,58,10.0,2243.6,22436.0,2025-04-02
2025040204013574,NGPL,16,32,100.0,267.2,26720.0,2025-04-02
2025040201014546,NICA,39,49,159.0,373.0,59307.0,2025-04-02
2025040201014545,NICA,39,32,63.0,373.0,23499.0,2025-04-02
2025040201014544,NICA,39,92,395.0,372.9,147295.5,2025-04-02
2025040201014543,NICA,39,52,200.0,372.5,74500.0,2025-04-02
2025040201014542,NICA,39,1,36.0,372.5,13410.0,2025-04-02
2025040201014541,NICA,39,49,10.0,372.0,3720.0,2025-04-02
2025040201014540,NICA,39,58,58.0,372.0,21576.0,2025-04-02
2025040201014539,NICA,39,45,20.0,372.0,7440.0,2025-04-02
2025040201014538,NICA,39,42,12.0,372.0,4464.0,2025-04-02
2025040201014537,NICA,39,45,10.0,372.0,3720.0,2025-04-02
2025040201014536,NICA,39,11,37.0,372.0,13764.0,2025-04-02
2025040204013573,AKJCL,43,48,500.0,204.9,102450.0,2025-04-02
2025040205013831,NRM,1,26,76.0,503.0,38228.0,2025-04-02
2025040205013830,HRL,32,49,10.0,1030.0,10300.0,2025-04-02
2025040204013572,BARUN,42,49,100.0,510.0,51000.0,2025-04-02
2025040203011108,SJLIC,55,14,80.0,449.9,35992.0,2025-04-02
2025040203011107,SJLIC,55,91,120.0,449.9,53988.0,2025-04-02
2025040203011106,SJLIC,55,58,10.0,449.9,4499.0,2025-04-02
2025040203011105,SJLIC,55,17,10.0,448.9,4489.0,2025-04-02
2025040203011104,SJLIC,55,42,10.0,448.0,4480.0,2025-04-02
2025040203011103,SJLIC,55,81,10.0,448.0,4480.0,2025-04-02
2025040203011102,SJLIC,55,56,220.0,448.0,98560.0,2025-04-02
2025040203011101,SJLIC,55,42,10.0,448.0,4480.0,2025-04-02
2025040203011100,SJLIC,55,52,28.0,448.0,12544.0,2025-04-02
2025040201014535,SAMAJ,57,41,10.0,2585.0,25850.0,2025-04-02
2025040201014534,GMLI,25,87,10.0,2570.0,25700.0,2025-04-02
2025040201014533,GMLI,25,35,10.0,2570.0,25700.0,2025-04-02
2025040201014532,GMLI,25,34,10.0,2566.0,25660.0,2025-04-02
2025040205013829,CIT,65,49,30.0,1980.0,59400.0,2025-04-02
2025040201014531,ADBL,58,42,50.0,295.9,14795.0,2025-04-02
2025040201014530,NYADI,38,42,40.0,646.8,25872.0,2025-04-02
2025040201014529,NIMB,25,42,300.0,212.0,63600.0,2025-04-02
2025040201014528,NABIL,49,49,400.0,486.0,194400.0,2025-04-02
2025040203011099,FMDBL,4,45,10.0,774.0,7740.0,2025-04-02
2025040203011098,SHINE,45,45,59.0,415.0,24485.0,2025-04-02
2025040203011097,SHINE,45,19,20.0,415.0,8300.0,2025-04-02
2025040203011096,SHINE,45,53,10.0,415.0,4150.0,2025-04-02
2025040203011095,RLFL,45,33,32.0,558.0,17856.0,2025-04-02
2025040205013828,CHDC,63,7,67.0,2455.9,164545.3,2025-04-02
2025040205013827,CHDC,63,50,20.0,2455.0,49100.0,2025-04-02
2025040205013826,CHDC,63,26,20.0,2455.0,49100.0,2025-04-02
2025040205013825,CHDC,63,26,12.0,2455.0,29460.0,2025-04-02
2025040205013824,CHDC,63,14,421.0,2455.0,1033555.0,2025-04-02
2025040204013571,UMHL,91,51,55.0,443.0,24365.0,2025-04-02
2025040204013570,UMHL,91,14,20.0,443.0,8860.0,2025-04-02
2025040204013569,UMHL,91,3,11.0,443.0,4873.0,2025-04-02
2025040205013823,CHDC,14,14,50.0,2455.0,122750.0,2025-04-02
2025040204013568,RADHI,53,58,240.0,419.0,100560.0,2025-04-02
2025040203011094,SLBBL,40,58,10.0,968.1,9681.0,2025-04-02
2025040205013822,MEL,55,58,100.0,326.0,32600.0,2025-04-02
2025040205013821,SONA,22,16,80.0,476.8,38144.0,2025-04-02
2025040205013820,SONA,22,90,100.0,476.7,47670.0,2025-04-02
2025040205013819,SONA,22,58,20.0,476.0,9520.0,2025-04-02
2025040204013567,API,22,22,10.0,277.0,2770.0,2025-04-02
2025040203011093,ALICL,89,29,10.0,763.5,7635.0,2025-04-02
2025040204013566,GHL,56,60,3000.0,280.9,842700.0,2025-04-02
2025040201014527,ADBL,58,49,115.0,295.9,34028.5,2025-04-02
2025040205013818,HRL,32,49,144.0,1029.2,148204.8,2025-04-02
2025040205013817,HRL,21,49,200.0,1029.3,205860.0,2025-04-02
2025040205013816,HRL,39,49,30.0,1029.4,30882.0,2025-04-02
2025040205013815,HRL,91,49,126.0,1030.0,129780.0,2025-04-02
2025040201014526,KBL,48,45,20.0,210.8,4216.0,2025-04-02
2025040203011092,GMFIL,32,88,300.0,523.1,156930.0,2025-04-02
2025040203011091,GMFIL,48,88,100.0,523.2,52320.0,2025-04-02
2025040203011090,GMFIL,32,88,200.0,523.2,104640.0,2025-04-02
2025040205013814,HDL,14,34,36.0,1218.0,43848.0,2025-04-02
2025040205013813,HDL,14,52,14.0,1218.0,17052.0,2025-04-02
2025040203011089,MPFL,94,18,65.0,656.3,42659.5,2025-04-02
2025040203011088,MPFL,42,18,200.0,656.4,131280.0,2025-04-02
2025040203011087,MPFL,62,18,100.0,656.5,65650.0,2025-04-02
2025040205013812,NIFRA,4,13,54.0,272.7,14725.8,2025-04-02
2025040205013811,ILI,56,38,230.0,467.1,107433.0,2025-04-02
2025040205013810,ILI,57,38,70.0,467.2,32704.0,2025-04-02
2025040204013565,RADHI,28,19,100.0,419.7,41970.0,2025-04-02
2025040205013809,ILI,58,32,44.0,468.0,20592.0,2025-04-02
2025040203011086,SINDU,81,19,190.0,1132.0,215080.0,2025-04-02
2025040204013564,GHL,56,42,700.0,280.9,196630.0,2025-04-02
2025040204013563,RHPL,42,96,190.0,387.0,73530.0,2025-04-02
2025040204013562,RHPL,42,52,10.0,385.0,3850.0,2025-04-02
2025040205013808,MEL,91,29,10.0,326.4,3264.0,2025-04-02
2025040205013807,HDL,52,52,40.0,1218.0,48720.0,2025-04-02
2025040201014525,SANIMA,52,71,1843.0,300.0,552900.0,2025-04-02
2025040201014524,SANIMA,52,32,157.0,299.9,47084.3,2025-04-02
2025040204013561,LEC,60,34,100.0,210.0,21000.0,2025-04-02
2025040205013806,GCIL,60,68,200.0,551.9,110380.0,2025-04-02
2025040205013805,GCIL,60,18,280.0,551.8,154504.0,2025-04-02
2025040205013804,GCIL,60,14,20.0,551.0,11020.0,2025-04-02
2025040203011085,MLBSL,34,1,10.0,2240.0,22400.0,2025-04-02
2025040201014523,NIMB,25,35,50.0,212.0,10600.0,2025-04-02
2025040203011084,LBBL,26,59,400.0,423.6,169440.0,2025-04-02
2025040203011083,MERO,42,50,521.0,721.0,375641.0,2025-04-02
2025040201014522,MCHL,50,45,10.0,590.0,5900.0,2025-04-02
2025040203011082,MPFL,58,32,10.0,660.0,6600.0,2025-04-02
2025040201014521,CITY,42,42,30.0,860.0,25800.0,2025-04-02
2025040204013560,NGPL,44,32,100.0,267.2,26720.0,2025-04-02
2025040204013559,RHPL,45,49,40.0,383.0,15320.0,2025-04-02
2025040203011081,GBLBS,57,41,200.0,830.0,166000.0,2025-04-02
2025040203011080,GBLBS,50,41,100.0,830.0,83000.0,2025-04-02
2025040203011079,GBLBS,19,41,40.0,830.0,33200.0,2025-04-02
2025040203011078,GBLBS,4,41,60.0,830.1,49806.0,2025-04-02
2025040203011077,GBLBS,57,41,30.0,830.1,24903.0,2025-04-02
2025040205013803,SAHAS,18,61,100.0,505.0,50500.0,2025-04-02
2025040201014520,GMLI,20,34,20.0,2566.0,51320.0,2025-04-02
2025040204013558,CHL,38,34,140.0,485.2,67928.0,2025-04-02
2025040204013557,CHL,40,34,60.0,485.2,29112.0,2025-04-02
2025040201014519,GMLI,43,34,50.0,2566.0,128300.0,2025-04-02
2025040201014518,NICA,7,25,55.0,371.9,20454.5,2025-04-02
2025040201014517,SGHC,57,38,35.0,547.0,19145.0,2025-04-02
2025040201014516,SGHC,57,38,100.0,547.5,54750.0,2025-04-02
2025040201014515,SGHC,58,38,75.0,550.0,41250.0,2025-04-02
2025040201014514,SGHC,44,38,100.0,550.0,55000.0,2025-04-02
2025040204013556,BPCL,58,45,15.0,397.9,5968.5,2025-04-02
2025040204013555,AKPL,54,22,815.0,228.0,185820.0,2025-04-02
2025040204013554,AKPL,36,22,20.0,228.0,4560.0,2025-04-02
2025040204013553,AKPL,36,22,65.0,228.0,14820.0,2025-04-02
2025040204013552,AKPL,66,22,100.0,228.9,22890.0,2025-04-02
2025040201014513,SMH,58,21,20.0,932.9,18658.0,2025-04-02
2025040201014512,KBL,48,52,95.0,210.8,20026.0,2025-04-02
2025040201014511,KBL,48,42,162.0,210.5,34101.0,2025-04-02
2025040201014510,KBL,48,44,200.0,210.5,42100.0,2025-04-02
2025040201014509,MKHL,1,42,226.0,701.9,158629.4,2025-04-02
2025040201014508,SHLB,7,7,30.0,2213.0,66390.0,2025-04-02
2025040201014507,SHLB,47,7,100.0,2213.0,221300.0,2025-04-02
2025040201014506,SHLB,25,7,20.0,2215.0,44300.0,2025-04-02
2025040201014505,SHLB,19,7,50.0,2218.0,110900.0,2025-04-02
2025040203011076,MLBL,1,45,200.0,395.4,79080.0,2025-04-02
2025040201014504,SARBTM,54,49,12.0,807.0,9684.0,2025-04-02
2025040201014503,MSHL,45,57,20.0,900.0,18000.0,2025-04-02
2025040201014502,ULHC,33,70,50.0,522.0,26100.0,2025-04-02
2025040201014501,RFPL,62,62,100.0,730.5,73050.0,2025-04-02
2025040201014500,RFPL,48,62,500.0,731.0,365500.0,2025-04-02
2025040201014499,GBIME,13,26,19.0,219.0,4161.0,2025-04-02
2025040201014498,TAMOR,6,47,492.0,520.2,255938.4,2025-04-02
2025040204013551,SPDL,18,21,40.0,322.1,12884.0,2025-04-02
2025040204013550,SPDL,22,21,10.0,322.5,3225.0,2025-04-02
2025040204013549,HPPL,35,50,65.0,641.9,41723.5,2025-04-02
2025040204013548,HPPL,35,54,145.0,641.9,93075.5,2025-04-02
2025040204013547,HPPL,35,45,90.0,640.0,57600.0,2025-04-02
2025040201014497,MAKAR,50,35,20.0,712.0,14240.0,2025-04-02
2025040201014496,MAKAR,55,35,10.0,712.1,7121.0,2025-04-02
2025040201014495,SANIMA,35,32,330.0,299.9,98967.0,2025-04-02
2025040205013802,HRL,91,26,10.0,1030.0,10300.0,2025-04-02
2025040203011075,MLBL,59,38,400.0,395.2,158080.0,2025-04-02
2025040203011074,MLBL,45,38,200.0,395.2,79040.0,2025-04-02
2025040204013546,HPPL,22,45,10.0,640.0,6400.0,2025-04-02
2025040204013545,GLH,50,58,50.0,242.0,12100.0,2025-04-02
2025040203011073,KSBBL,38,48,48.0,434.0,20832.0,2025-04-02
2025040204013544,NGPL,58,32,1000.0,267.2,267200.0,2025-04-02
2025040203011072,ALICL,89,17,20.0,763.5,15270.0,2025-04-02
2025040203011071,ALICL,89,17,100.0,763.5,76350.0,2025-04-02
2025040204013543,UPPER,42,49,264.0,200.0,52800.0,2025-04-02
2025040204013542,UPPER,59,49,100.0,200.0,20000.0,2025-04-02
2025040204013541,UPPER,28,49,346.0,200.0,69200.0,2025-04-02
2025040204013540,UPPER,28,49,1040.0,200.1,208104.0,2025-04-02
2025040204013539,UPPER,4,49,200.0,200.1,40020.0,2025-04-02
2025040204013538,UPPER,47,49,50.0,200.1,10005.0,2025-04-02
2025040204013537,UAIL,50,49,71.0,638.3,45319.3,2025-04-02
2025040204013536,UAIL,14,49,108.0,640.0,69120.0,2025-04-02
2025040204013535,UAIL,1,49,100.0,640.1,64010.0,2025-04-02
2025040201014494,SGHC,45,52,500.0,553.0,276500.0,2025-04-02
2025040205013801,HRL,91,21,10.0,1030.0,10300.0,2025-04-02
2025040205013800,HRL,91,48,206.0,1030.0,212180.0,2025-04-02
2025040205013799,HRL,91,17,48.0,1030.0,49440.0,2025-04-02
2025040201014493,IHL,81,45,20.0,692.0,13840.0,2025-04-02
2025040201014492,IHL,81,91,50.0,690.0,34500.0,2025-04-02
2025040201014491,IHL,81,18,30.0,685.0,20550.0,2025-04-02
2025040204013534,CHCL,52,84,234.0,480.0,112320.0,2025-04-02
2025040204013533,CHCL,83,84,1000.0,480.1,480100.0,2025-04-02
2025040204013532,CHCL,80,84,50.0,480.2,24010.0,2025-04-02
2025040204013531,CHCL,58,84,100.0,480.2,48020.0,2025-04-02
2025040204013530,CHCL,21,84,50.0,480.3,24015.0,2025-04-02
2025040204013529,CHCL,6,84,100.0,480.5,48050.0,2025-04-02
2025040204013528,CHCL,49,84,466.0,480.5,223913.0,2025-04-02
2025040204013527,CHL,40,21,20.0,485.2,9704.0,2025-04-02
2025040201014490,NICA,34,11,50.0,372.0,18600.0,2025-04-02
2025040203011070,GBBL,57,34,24.0,393.1,9434.4,2025-04-02
2025040204013526,SHL,16,41,100.0,485.0,48500.0,2025-04-02
2025040205013798,SAHAS,28,56,700.0,504.1,352870.0,2025-04-02
2025040203011069,HLBSL,58,48,160.0,980.0,156800.0,2025-04-02
2025040203011068,HLBSL,58,59,40.0,979.0,39160.0,2025-04-02
2025040201014489,JBLB,42,42,10.0,1336.1,13361.0,2025-04-02
2025040201014488,JBLB,38,42,10.0,1336.1,13361.0,2025-04-02
2025040205013797,KEF,58,42,100.0,8.82,882.0,2025-04-02
2025040204013525,SJCL,41,22,40.0,323.1,12924.0,2025-04-02
2025040201014487,GMLI,41,63,150.0,2566.0,384900.0,2025-04-02
2025040205013796,NRN,99,59,10.0,1663.0,16630.0,2025-04-02
2025040203011067,SLBSL,40,5,90.0,1963.4,176706.0,2025-04-02
2025040203011066,SLBSL,6,5,10.0,1963.4,19634.0,2025-04-02
2025040203011065,SLBSL,8,5,100.0,1964.0,196400.0,2025-04-02
2025040203011064,HLI,96,77,66.0,443.0,29238.0,2025-04-02
2025040203011063,HLI,96,6,50.0,443.0,22150.0,2025-04-02
2025040203011062,HLI,96,50,500.0,443.0,221500.0,2025-04-02
2025040203011061,HLI,96,89,1500.0,443.0,664500.0,2025-04-02
2025040203011060,HLI,96,53,100.0,441.9,44190.0,2025-04-02
2025040203011059,HLI,96,14,200.0,440.0,88000.0,2025-04-02
2025040203011058,HLI,96,44,100.0,439.0,43900.0,2025-04-02
2025040203011057,HLI,96,34,200.0,438.6,87720.0,2025-04-02
2025040203011056,HLI,96,49,500.0,438.6,219300.0,2025-04-02
2025040203011055,HLI,96,90,30.0,438.5,13155.0,2025-04-02
2025040203011054,HLI,96,78,10.0,438.0,4380.0,2025-04-02
2025040203011053,HLI,96,58,200.0,438.0,87600.0,2025-04-02
2025040203011052,HLI,96,42,10.0,437.9,4379.0,2025-04-02
2025040203011051,HLI,96,41,100.0,437.0,43700.0,2025-04-02
2025040203011050,HLI,96,16,100.0,437.0,43700.0,2025-04-02
2025040203011049,HLI,96,45,140.0,437.0,61180.0,2025-04-02
2025040203011048,HLI,96,13,10.0,437.0,4370.0,2025-04-02
2025040203011047,HLI,96,29,507.0,436.5,221305.5,2025-04-02
2025040203011046,HLI,96,33,100.0,436.5,43650.0,2025-04-02
2025040203011045,HLI,96,45,100.0,436.0,43600.0,2025-04-02
2025040203011044,HLI,96,11,100.0,436.0,43600.0,2025-04-02
2025040203011043,HLI,96,36,81.0,436.0,35316.0,2025-04-02
2025040203011042,HLI,96,22,296.0,435.0,128760.0,2025-04-02
2025040204013524,KKHC,6,32,50.0,350.0,17500.0,2025-04-02
2025040205013795,NRN,44,59,14.0,1663.0,23282.0,2025-04-02
2025040205013794,NRN,44,44,11.0,1659.0,18249.0,2025-04-02
2025040201014486,TPC,33,45,80.0,547.0,43760.0,2025-04-02
2025040201014485,DOLTI,33,56,10.0,697.0,6970.0,2025-04-02
2025040201014484,DOLTI,33,21,80.0,696.0,55680.0,2025-04-02
2025040201014483,TPC,33,44,10.0,547.0,5470.0,2025-04-02
2025040205013793,HIDCL,36,19,50.0,275.7,13785.0,2025-04-02
2025040201014482,NWCL,34,42,20.0,981.0,19620.0,2025-04-02
2025040205013792,SMJC,65,25,30.0,596.1,17883.0,2025-04-02
2025040205013791,SMJC,34,25,50.0,596.2,29810.0,2025-04-02
2025040205013790,SMJC,21,25,220.0,596.2,131164.0,2025-04-02
2025040201014481,SRLI,57,38,114.0,419.0,47766.0,2025-04-02
2025040204013523,SICL,33,32,30.0,773.6,23208.0,2025-04-02
2025040204013522,SICL,54,32,100.0,774.0,77400.0,2025-04-02
2025040201014480,TVCL,42,51,323.0,529.9,171157.7,2025-04-02
2025040201014479,TVCL,42,59,90.0,529.9,47691.0,2025-04-02
2025040201014478,TVCL,42,57,50.0,528.0,26400.0,2025-04-02
2025040205013789,SONA,58,58,10.0,476.0,4760.0,2025-04-02
2025040204013521,NLG,17,33,10.0,868.0,8680.0,2025-04-02
2025040205013788,CHDC,22,14,19.0,2455.0,46645.0,2025-04-02
2025040203011041,MERO,42,45,20.0,721.0,14420.0,2025-04-02
2025040203011040,PFL,55,45,200.0,441.5,88300.0,2025-04-02
2025040205013787,PHCL,55,65,50.0,600.0,30000.0,2025-04-02
2025040201014477,MAKAR,14,47,10.0,719.0,7190.0,2025-04-02
2025040205013786,SMJC,21,35,10.0,596.2,5962.0,2025-04-02
2025040201014476,NMB,95,33,228.0,255.9,58345.2,2025-04-02
2025040201014475,NMB,95,49,80.0,255.8,20464.0,2025-04-02
2025040201014474,NMB,95,45,35.0,255.5,8942.5,2025-04-02
2025040201014473,NMB,95,25,57.0,255.0,14535.0,2025-04-02
2025040201014472,GMLI,41,34,10.0,2570.0,25700.0,2025-04-02
2025040201014471,KBL,29,32,37.0,210.0,7770.0,2025-04-02
2025040204013520,MHNL,32,48,10.0,266.0,2660.0,2025-04-02
2025040205013785,STC,48,22,30.0,5310.0,159300.0,2025-04-02
2025040205013784,STC,48,58,100.0,5310.0,531000.0,2025-04-02
2025040205013783,SHIVM,42,48,728.0,536.2,390353.6,2025-04-02
2025040205013782,SHIVM,13,48,272.0,536.3,145873.6,2025-04-02
2025040204013519,JOSHI,29,39,10.0,385.0,3850.0,2025-04-02
2025040203011039,SAPDBL,77,58,10.0,1108.0,11080.0,2025-04-02
2025040204013518,AHPC,45,49,300.0,254.0,76200.0,2025-04-02
2025040201014470,SNLI,45,48,100.0,650.0,65000.0,2025-04-02
2025040203011038,GRDBL,74,77,75.0,1326.1,99457.5,2025-04-02
2025040201014469,SARBTM,54,55,26.0,807.0,20982.0,2025-04-02
2025040203011037,VLBS,34,14,10.0,876.7,8767.0,2025-04-02
2025040203011036,MLBSL,45,35,60.0,2222.0,133320.0,2025-04-02
2025040205013781,NBF3,42,43,5000.0,9.24,46200.0,2025-04-02
2025040203011035,ALBSL,25,21,12.0,835.0,10020.0,2025-04-02
2025040201014468,NIMB,25,44,128.0,212.0,27136.0,2025-04-02
2025040204013517,AKJCL,45,8,10.0,204.4,2044.0,2025-04-02
2025040204013516,OHL,40,43,10.0,898.0,8980.0,2025-04-02
2025040205013780,NRM,1,4,10.0,503.0,5030.0,2025-04-02
2025040201014467,NMB,65,6,90.0,254.3,22887.0,2025-04-02
2025040203011034,GUFL,17,57,185.0,599.9,110981.5,2025-04-02
2025040203011033,GUFL,17,58,100.0,599.9,59990.0,2025-04-02
2025040201014466,NICA,7,58,230.0,371.9,85537.0,2025-04-02
2025040204013515,NHDL,63,50,431.0,809.0,348679.0,2025-04-02
2025040204013514,NHDL,63,74,500.0,807.5,403750.0,2025-04-02
2025040204013513,NHDL,63,57,160.0,807.4,129184.0,2025-04-02
2025040204013512,NHDL,63,7,398.0,805.0,320390.0,2025-04-02
2025040204013511,NHDL,63,39,11.0,805.0,8855.0,2025-04-02
2025040203011032,PFL,88,45,10.0,441.5,4415.0,2025-04-02
2025040201014465,HHL,34,54,10.0,510.0,5100.0,2025-04-02
2025040205013779,HRL,34,17,52.0,1030.0,53560.0,2025-04-02
2025040205013778,HRL,34,41,10.0,1030.0,10300.0,2025-04-02
2025040205013777,HRL,34,35,38.0,1030.0,39140.0,2025-04-02
2025040204013510,SPDL,18,59,10.0,322.1,3221.0,2025-04-02
2025040201014464,NICA,50,11,200.0,372.0,74400.0,2025-04-02
2025040204013509,IGI,39,25,15.0,571.0,8565.0,2025-04-02
2025040204013508,IGI,38,25,35.0,571.1,19988.5,2025-04-02
2025040201014463,GMLI,42,34,10.0,2570.0,25700.0,2025-04-02
2025040203011031,SAPDBL,77,58,80.0,1108.0,88640.0,2025-04-02
2025040204013507,PPCL,14,3,470.0,317.2,149084.0,2025-04-02
2025040204013506,PPCL,14,3,30.0,317.2,9516.0,2025-04-02
2025040201014462,SNLI,4,49,12.0,649.1,7789.2,2025-04-02
2025040204013505,NGPL,48,49,250.0,267.0,66750.0,2025-04-02
2025040203011030,GFCL,45,35,200.0,684.5,136900.0,2025-04-02
2025040203011029,PFL,53,45,100.0,441.5,44150.0,2025-04-02
2025040201014461,RFPL,57,6,150.0,734.0,110100.0,2025-04-02
2025040205013776,HRL,59,35,10.0,1030.0,10300.0,2025-04-02
2025040203011028,HLBSL,40,59,10.0,979.0,9790.0,2025-04-02
2025040203011027,GRDBL,45,77,125.0,1326.1,165762.5,2025-04-02
2025040204013504,UMHL,91,3,10.0,443.0,4430.0,2025-04-02
2025040201014460,NIMB,46,44,10.0,212.0,2120.0,2025-04-02
2025040201014459,SRLI,57,42,23.0,419.0,9637.0,2025-04-02
2025040201014458,SRLI,57,59,50.0,419.0,20950.0,2025-04-02
2025040201014457,SRLI,57,34,13.0,419.0,5447.0,2025-04-02
2025040204013503,GLH,50,14,10.0,242.0,2420.0,2025-04-02
2025040203011026,SINDU,81,57,250.0,1132.0,283000.0,2025-04-02
2025040204013502,SPDL,32,83,500.0,323.0,161500.0,2025-04-02
2025040201014456,SPC,42,56,30.0,541.3,16239.0,2025-04-02
2025040203011025,ALBSL,59,56,21.0,823.0,17283.0,2025-04-02
2025040201014455,RHGCL,80,80,100.0,545.6,54560.0,2025-04-02
2025040201014454,ADBL,58,47,10.0,295.9,2959.0,2025-04-02
2025040201014453,SGHC,45,13,100.0,552.5,55250.0,2025-04-02
2025040201014452,SGHC,45,55,200.0,552.5,110500.0,2025-04-02
2025040204013501,GHL,74,35,200.0,281.0,56200.0,2025-04-02
2025040204013500,NHPC,21,99,4355.0,209.1,910630.5,2025-04-02
2025040204013499,NHPC,1,99,15.0,209.1,3136.5,2025-04-02
2025040205013775,NRM,1,46,10.0,503.0,5030.0,2025-04-02
2025040205013774,MEL,55,33,10.0,327.1,3271.0,2025-04-02
2025040205013773,MEL,55,49,10.0,326.5,3265.0,2025-04-02
2025040204013498,LEC,45,34,190.0,210.0,39900.0,2025-04-02
2025040204013497,LEC,45,34,190.0,210.0,39900.0,2025-04-02
2025040204013496,LEC,8,34,10.0,210.0,2100.0,2025-04-02
2025040204013495,LEC,59,34,30.0,210.0,6300.0,2025-04-02
2025040204013494,LEC,29,34,200.0,210.1,42020.0,2025-04-02
2025040204013493,LEC,37,34,10.0,210.5,2105.0,2025-04-02
2025040204013492,LEC,58,34,10.0,210.6,2106.0,2025-04-02
2025040204013491,NGPL,48,34,300.0,267.0,80100.0,2025-04-02
2025040204013490,PRIN,57,38,25.0,935.1,23377.5,2025-04-02
2025040201014451,ULHC,74,55,10.0,520.0,5200.0,2025-04-02
2025040205013772,GCIL,60,18,20.0,551.8,11036.0,2025-04-02
2025040205013771,GCIL,60,29,390.0,551.7,215163.0,2025-04-02
2025040205013770,GCIL,60,33,83.0,551.6,45782.8,2025-04-02
2025040205013769,GCIL,60,29,10.0,551.5,5515.0,2025-04-02
2025040205013768,GCIL,60,37,10.0,551.5,5515.0,2025-04-02
2025040205013767,GCIL,60,29,10.0,551.4,5514.0,2025-04-02
2025040205013766,GCIL,60,17,43.0,551.0,23693.0,2025-04-02
2025040205013765,GCIL,60,19,34.0,551.0,18734.0,2025-04-02
2025040205013764,NRIC,26,61,90.0,1312.0,118080.0,2025-04-02
2025040205013763,NRIC,18,61,500.0,1312.0,656000.0,2025-04-02
2025040205013762,NRIC,8,61,50.0,1312.2,65610.0,2025-04-02
2025040205013761,NRIC,66,61,100.0,1312.2,131220.0,2025-04-02
2025040205013760,NRIC,33,61,100.0,1313.0,131300.0,2025-04-02
2025040205013759,NRIC,35,61,10.0,1313.0,13130.0,2025-04-02
2025040205013758,NRIC,32,61,200.0,1314.0,262800.0,2025-04-02
2025040205013757,NRIC,51,61,20.0,1314.0,26280.0,2025-04-02
2025040205013756,NRIC,38,61,152.0,1314.0,199728.0,2025-04-02
2025040205013755,NRIC,41,61,10.0,1314.0,13140.0,2025-04-02
2025040205013754,NRIC,41,61,164.0,1314.0,215496.0,2025-04-02
2025040205013753,NRIC,66,61,683.0,1314.1,897530.3,2025-04-02
2025040205013752,NRIC,66,61,10.0,1314.2,13142.0,2025-04-02
2025040205013751,NRIC,57,61,451.0,1315.0,593065.0,2025-04-02
2025040205013750,NRIC,56,61,560.0,1315.1,736456.0,2025-04-02
2025040203011024,SINDU,47,53,16.0,1135.0,18160.0,2025-04-02
2025040201014450,BEDC,57,91,10.0,809.0,8090.0,2025-04-02
2025040201014449,BEDC,57,49,20.0,809.0,16180.0,2025-04-02
2025040203011023,VLBS,34,14,10.0,874.0,8740.0,2025-04-02
2025040201014448,NYADI,80,38,65.0,646.8,42042.0,2025-04-02
2025040201014447,SBI,44,38,20.0,411.2,8224.0,2025-04-02
2025040205013749,HRL,19,35,30.0,1030.0,30900.0,2025-04-02
2025040201014446,RFPL,62,22,515.0,730.0,375950.0,2025-04-02
2025040201014445,RFPL,48,22,100.0,731.0,73100.0,2025-04-02
2025040205013748,SHIVM,13,58,78.0,536.3,41831.4,2025-04-02
2025040205013747,ILI,58,32,10.0,468.0,4680.0,2025-04-02
2025040205013746,NRN,58,75,77.0,1658.2,127681.4,2025-04-02
2025040205013745,NRN,28,75,49.0,1658.2,81251.8,2025-04-02
2025040205013744,NRN,6,75,51.0,1658.3,84573.3,2025-04-02
2025040205013743,NRN,94,75,50.0,1658.3,82915.0,2025-04-02
2025040205013742,NRN,75,75,30.0,1659.0,49770.0,2025-04-02
2025040204013489,TRH,64,34,370.0,1045.0,386650.0,2025-04-02
2025040204013488,TRH,41,34,50.0,1045.0,52250.0,2025-04-02
2025040204013487,TRH,32,34,50.0,1045.1,52255.0,2025-04-02
2025040204013486,TRH,58,34,30.0,1050.0,31500.0,2025-04-02
2025040204013485,TRH,55,34,20.0,1050.0,21000.0,2025-04-02
2025040204013484,SSHL,28,33,100.0,233.0,23300.0,2025-04-02
2025040204013483,SSHL,28,17,60.0,232.8,13968.0,2025-04-02
2025040203011022,GBBL,6,59,270.0,393.0,106110.0,2025-04-02
2025040205013741,HIDCL,14,25,12.0,275.0,3300.0,2025-04-02
2025040203011021,GFCL,60,4,413.0,681.7,281542.1,2025-04-02
2025040203011020,GFCL,58,4,67.0,682.0,45694.0,2025-04-02
2025040203011019,GFCL,57,4,150.0,684.0,102600.0,2025-04-02
2025040203011018,FMDBL,4,21,90.0,775.0,69750.0,2025-04-02
2025040201014444,HIDCLP,29,42,70.0,179.0,12530.0,2025-04-02
2025040203011017,NLIC,17,57,10.0,783.0,7830.0,2025-04-02
2025040203011016,GFCL,58,35,30.0,684.5,20535.0,2025-04-02
2025040204013482,SHEL,58,33,40.0,253.9,10156.0,2025-04-02
2025040203011015,SIFC,33,33,20.0,545.0,10900.0,2025-04-02
2025040201014443,NYADI,55,26,332.0,647.0,214804.0,2025-04-02
2025040201014442,NYADI,55,45,10.0,647.0,6470.0,2025-04-02
2025040201014441,NYADI,55,41,30.0,647.0,19410.0,2025-04-02
2025040201014440,NYADI,55,63,10.0,647.0,6470.0,2025-04-02
2025040201014439,NYADI,55,52,118.0,647.0,76346.0,2025-04-02
2025040203011014,MLBBL,33,52,37.0,1531.8,56676.6,2025-04-02
2025040203011013,MLBBL,34,52,20.0,1534.0,30680.0,2025-04-02
2025040203011012,MLBBL,47,52,100.0,1535.0,153500.0,2025-04-02
2025040203011011,MLBBL,47,52,43.0,1535.0,66005.0,2025-04-02
2025040204013481,SJCL,57,11,20.0,324.0,6480.0,2025-04-02
2025040201014438,ADBL,8,46,25.0,295.9,7397.5,2025-04-02
2025040204013480,DHPL,74,48,290.0,399.1,115739.0,2025-04-02
2025040204013479,SHPC,47,29,33.0,471.3,15552.9,2025-04-02
2025040204013478,SHPC,5,29,500.0,471.4,235700.0,2025-04-02
2025040204013477,SHPC,33,29,47.0,471.5,22160.5,2025-04-02
2025040203011010,JFL,22,35,30.0,524.0,15720.0,2025-04-02
2025040201014437,GBIME,58,45,5.0,218.0,1090.0,2025-04-02
2025040203011009,GRDBL,45,45,50.0,1326.1,66305.0,2025-04-02
2025040203011008,VLBS,55,14,38.0,874.0,33212.0,2025-04-02
2025040203011007,VLBS,55,18,12.0,873.9,10486.8,2025-04-02
2025040205013740,NRN,7,44,229.0,1665.0,381285.0,2025-04-02
2025040205013739,NRN,7,7,100.0,1664.5,166450.0,2025-04-02
2025040205013738,NRN,7,42,17.0,1664.0,28288.0,2025-04-02
2025040205013737,NRN,7,57,11.0,1664.0,18304.0,2025-04-02
2025040205013736,NRN,7,13,100.0,1664.0,166400.0,2025-04-02
2025040205013735,NRN,7,40,46.0,1664.0,76544.0,2025-04-02
2025040205013734,NRN,7,66,10.0,1664.0,16640.0,2025-04-02
2025040205013733,NRN,7,60,397.0,1664.0,660608.0,2025-04-02
2025040205013732,NRN,7,43,20.0,1663.9,33278.0,2025-04-02
2025040205013731,NRN,7,53,70.0,1663.0,116410.0,2025-04-02
2025040205013730,SONA,57,49,10.0,476.0,4760.0,2025-04-02
2025040204013476,SHPC,33,34,190.0,471.5,89585.0,2025-04-02
2025040204013475,SHPC,41,34,10.0,471.6,4716.0,2025-04-02
2025040205013729,PHCL,49,65,400.0,600.0,240000.0,2025-04-02
2025040201014436,RFPL,88,6,200.0,734.0,146800.0,2025-04-02
2025040201014435,MHCL,48,7,30.0,514.7,15441.0,2025-04-02
2025040201014434,MHCL,55,7,20.0,514.8,10296.0,2025-04-02
2025040203011006,JFL,60,28,100.0,523.1,52310.0,2025-04-02
2025040201014433,EHPL,63,28,60.0,704.0,42240.0,2025-04-02
2025040203011005,NMFBS,39,48,17.0,1208.2,20539.4,2025-04-02
2025040201014432,BHL,22,17,10.0,320.0,3200.0,2025-04-02
2025040201014431,SNLI,26,42,10.0,649.1,6491.0,2025-04-02
2025040201014430,SMHL,1,35,100.0,918.0,91800.0,2025-04-02
2025040201014429,SMHL,1,14,13.0,918.0,11934.0,2025-04-02
2025040203011004,SINDU,81,14,288.0,1132.0,326016.0,2025-04-02
2025040203011003,SINDU,55,14,50.0,1132.0,56600.0,2025-04-02
2025040203011002,SINDU,92,14,50.0,1133.0,56650.0,2025-04-02
2025040203011001,SINDU,57,14,100.0,1133.0,113300.0,2025-04-02
2025040203011000,SINDU,38,14,20.0,1133.5,22670.0,2025-04-02
2025040203010999,SMB,42,34,34.0,2493.0,84762.0,2025-04-02
2025040203010998,SMB,57,34,31.0,2495.0,77345.0,2025-04-02
2025040203010997,SMB,35,34,35.0,2495.0,87325.0,2025-04-02
2025040203010996,NMLBBL,26,47,12.0,660.0,7920.0,2025-04-02
2025040204013474,RURU,58,32,10.0,720.3,7203.0,2025-04-02
2025040203010995,NLIC,71,57,31.0,783.0,24273.0,2025-04-02
2025040203010994,NLIC,71,51,69.0,783.0,54027.0,2025-04-02
2025040201014428,SBI,44,39,40.0,417.0,16680.0,2025-04-02
2025040201014427,SARBTM,54,49,26.0,807.0,20982.0,2025-04-02
2025040205013728,NIFRA,45,55,138.0,274.0,37812.0,2025-04-02
2025040201014426,RFPL,48,62,400.0,731.0,292400.0,2025-04-02
2025040203010993,KMCDB,7,18,10.0,1090.0,10900.0,2025-04-02
2025040203010992,LLBS,8,13,10.0,1057.0,10570.0,2025-04-02
2025040203010991,LLBS,6,13,100.0,1058.0,105800.0,2025-04-02
2025040203010990,LLBS,43,13,50.0,1058.1,52905.0,2025-04-02
2025040203010989,NUBL,33,47,60.0,676.3,40578.0,2025-04-02
2025040203010988,HLI,96,36,19.0,436.0,8284.0,2025-04-02
2025040203010987,HLI,96,69,100.0,436.0,43600.0,2025-04-02
2025040203010986,HLI,96,26,500.0,436.0,218000.0,2025-04-02
2025040203010985,HLI,96,21,15.0,435.7,6535.5,2025-04-02
2025040203010984,HLI,96,38,100.0,435.3,43530.0,2025-04-02
2025040203010983,HLI,96,21,53.0,435.0,23055.0,2025-04-02
2025040203010982,HLI,96,53,100.0,435.0,43500.0,2025-04-02
2025040203010981,HLI,96,59,10.0,435.0,4350.0,2025-04-02
2025040203010980,HLI,96,11,100.0,435.0,43500.0,2025-04-02
2025040203010979,HLI,96,14,100.0,435.0,43500.0,2025-04-02
2025040203010978,HLI,96,58,25.0,434.7,10867.5,2025-04-02
2025040203010977,HLI,96,55,200.0,434.7,86940.0,2025-04-02
2025040203010976,HLI,96,65,100.0,434.6,43460.0,2025-04-02
2025040203010975,HLI,96,13,100.0,434.5,43450.0,2025-04-02
2025040203010974,HLI,96,1,100.0,434.0,43400.0,2025-04-02
2025040203010973,HLI,96,1,100.0,434.0,43400.0,2025-04-02
2025040203010972,HLI,96,1,100.0,434.0,43400.0,2025-04-02
2025040203010971,HLI,96,13,168.0,434.0,72912.0,2025-04-02
2025040203010970,HLI,96,42,10.0,431.5,4315.0,2025-04-02
2025040205013727,NRIC,56,32,440.0,1315.1,578644.0,2025-04-02
2025040204013473,AKPL,36,38,235.0,228.0,53580.0,2025-04-02
2025040204013472,AKPL,55,38,128.0,228.0,29184.0,2025-04-02
2025040204013471,AKPL,36,38,308.0,228.0,70224.0,2025-04-02
2025040204013470,AKPL,22,38,160.0,228.1,36496.0,2025-04-02
2025040204013469,AKPL,44,38,100.0,228.1,22810.0,2025-04-02
2025040204013468,AKPL,58,38,189.0,228.9,43262.1,2025-04-02
2025040204013467,HDHPC,48,51,500.0,199.2,99600.0,2025-04-02
2025040204013466,HDHPC,45,51,200.0,200.0,40000.0,2025-04-02
2025040204013465,HDHPC,6,51,400.0,200.0,80000.0,2025-04-02
2025040204013464,HDHPC,17,51,492.0,200.0,98400.0,2025-04-02
2025040203010969,MLBL,42,45,250.0,395.4,98850.0,2025-04-02
2025040203010968,MLBL,52,45,100.0,395.4,39540.0,2025-04-02
2025040203010967,MLBL,3,45,35.0,395.5,13842.5,2025-04-02
2025040203010966,MLBL,21,45,400.0,395.6,158240.0,2025-04-02
2025040205013726,RNLI,13,45,11.0,547.0,6017.0,2025-04-02
2025040205013725,HDL,34,52,46.0,1218.0,56028.0,2025-04-02
2025040205013724,CIT,53,49,11.0,1980.0,21780.0,2025-04-02
2025040203010965,NLICL,69,11,10.0,645.0,6450.0,2025-04-02
2025040203010964,NLICL,69,81,10.0,644.9,6449.0,2025-04-02
2025040203010963,JFL,60,14,265.0,523.1,138621.5,2025-04-02
2025040204013463,HPPL,39,54,85.0,641.9,54561.5,2025-04-02
2025040204013462,HPPL,39,49,10.0,641.9,6419.0,2025-04-02
2025040204013461,HPPL,39,58,21.0,641.8,13477.8,2025-04-02
2025040204013460,HPPL,39,6,10.0,641.7,6417.0,2025-04-02
2025040204013459,HPPL,39,49,24.0,640.0,15360.0,2025-04-02
2025040204013458,NGPL,48,44,322.0,267.0,85974.0,2025-04-02
2025040204013457,NGPL,6,44,500.0,267.0,133500.0,2025-04-02
2025040204013456,NGPL,64,44,150.0,267.0,40050.0,2025-04-02
2025040204013455,NGPL,1,44,100.0,267.1,26710.0,2025-04-02
2025040204013454,NGPL,40,44,50.0,267.5,13375.0,2025-04-02
2025040204013453,NGPL,8,44,100.0,267.5,26750.0,2025-04-02
2025040204013452,NGPL,38,44,1000.0,267.5,267500.0,2025-04-02
2025040204013451,NGPL,42,44,1320.0,267.5,353100.0,2025-04-02
2025040204013450,NGPL,34,44,500.0,267.6,133800.0,2025-04-02
2025040204013449,NGPL,7,44,500.0,267.6,133800.0,2025-04-02
2025040204013448,NGPL,16,44,200.0,267.6,53520.0,2025-04-02
2025040204013447,NGPL,16,44,258.0,267.6,69040.8,2025-04-02
2025040201014425,MHL,44,16,20.0,706.0,14120.0,2025-04-02
2025040201014424,MHL,44,38,10.0,706.0,7060.0,2025-04-02
2025040204013446,NGPL,49,58,200.0,267.7,53540.0,2025-04-02
2025040201014423,UHEWA,45,45,20.0,744.1,14882.0,2025-04-02
2025040204013445,AKJCL,38,55,925.0,204.2,188885.0,2025-04-02
2025040204013444,AKJCL,21,55,75.0,204.3,15322.5,2025-04-02
2025040203010962,NLIC,71,52,33.0,782.1,25809.3,2025-04-02
2025040201014422,BHL,59,39,50.0,319.0,15950.0,2025-04-02
2025040201014421,BHL,57,39,10.0,319.9,3199.0,2025-04-02
2025040201014420,BHL,46,39,40.0,319.9,12796.0,2025-04-02
2025040201014419,BHL,45,39,200.0,320.0,64000.0,2025-04-02
2025040204013443,JOSHI,18,37,360.0,381.0,137160.0,2025-04-02
2025040203010961,KSBBL,38,48,10.0,434.0,4340.0,2025-04-02
2025040204013442,AHPC,3,22,141.0,254.0,35814.0,2025-04-02
2025040204013441,BARUN,42,49,265.0,510.0,135150.0,2025-04-02
2025040205013723,HIDCL,14,25,50.0,275.0,13750.0,2025-04-02
2025040203010960,MLBSL,34,1,10.0,2240.0,22400.0,2025-04-02
2025040205013722,SONA,22,49,10.0,473.5,4735.0,2025-04-02
2025040201014418,MKHC,57,3,10.0,524.9,5249.0,2025-04-02
2025040201014417,GBIME,35,26,22.0,219.0,4818.0,2025-04-02
2025040201014416,BEDC,8,43,30.0,806.1,24183.0,2025-04-02
2025040205013721,HATHY,6,50,175.0,1398.0,244650.0,2025-04-02
2025040205013720,HDL,34,21,54.0,1218.0,65772.0,2025-04-02
2025040201014415,SHLB,19,25,50.0,2218.0,110900.0,2025-04-02
2025040201014414,GVL,41,51,50.0,458.9,22945.0,2025-04-02
2025040204013440,SHPC,32,26,10.0,473.5,4735.0,2025-04-02
2025040204013439,UMRH,76,37,10.0,614.0,6140.0,2025-04-02
2025040205013719,RNLI,42,42,10.0,548.5,5485.0,2025-04-02
2025040205013718,NBF3,42,47,2000.0,9.24,18480.0,2025-04-02
2025040205013717,NBF3,42,49,100.0,9.24,924.0,2025-04-02
2025040201014413,SDBD87,84,46,5.0,1058.0,5290.0,2025-04-02
2025040203010959,GMFIL,35,88,50.0,524.0,26200.0,2025-04-02
2025040203010958,GMFIL,1,88,25.0,524.0,13100.0,2025-04-02
2025040203010957,GMFIL,32,88,50.0,524.1,26205.0,2025-04-02
2025040204013438,SJCL,41,45,40.0,323.1,12924.0,2025-04-02
2025040201014412,MEHL,45,14,10.0,559.0,5590.0,2025-04-02
2025040205013716,HDL,53,14,10.0,1217.6,12176.0,2025-04-02
2025040205013715,HDL,14,14,20.0,1217.7,24354.0,2025-04-02
2025040204013437,AHPC,3,57,250.0,254.0,63500.0,2025-04-02
2025040204013436,UMHL,38,34,1000.0,442.3,442300.0,2025-04-02
2025040204013435,MEN,45,41,66.0,588.0,38808.0,2025-04-02
2025040204013434,SJCL,41,45,40.0,323.1,12924.0,2025-04-02
2025040201014411,MHCL,55,13,10.0,514.8,5148.0,2025-04-02
2025040205013714,HDL,58,21,26.0,1218.0,31668.0,2025-04-02
2025040205013713,HDL,58,29,24.0,1218.0,29232.0,2025-04-02
2025040205013712,CLI,43,58,120.0,507.0,60840.0,2025-04-02
2025040201014410,HHL,43,38,500.0,509.0,254500.0,2025-04-02
2025040201014409,HHL,43,32,100.0,509.0,50900.0,2025-04-02
2025040201014408,HHL,43,62,69.0,508.0,35052.0,2025-04-02
2025040203010956,FMDBL,48,21,100.0,775.0,77500.0,2025-04-02
2025040201014407,CYCL,7,4,39.0,1618.0,63102.0,2025-04-02
2025040203010955,SINDU,94,14,200.0,1135.0,227000.0,2025-04-02
2025040204013433,RADHI,56,25,98.0,419.6,41120.8,2025-04-02
2025040204013432,RADHI,56,44,106.0,418.8,44392.8,2025-04-02
2025040205013711,SMJC,21,44,10.0,596.2,5962.0,2025-04-02
2025040205013710,HATHY,6,57,35.0,1398.0,48930.0,2025-04-02
2025040204013431,AKJCL,44,49,100.0,204.3,20430.0,2025-04-02
2025040204013430,LEC,45,62,40.0,210.7,8428.0,2025-04-02
2025040204013429,LEC,45,1,460.0,210.6,96876.0,2025-04-02
2025040205013709,NRN,58,53,500.0,1663.0,831500.0,2025-04-02
2025040205013708,MBJC,26,45,60.0,322.0,19320.0,2025-04-02
2025040201014406,SIKLES,41,41,10.0,1165.0,11650.0,2025-04-02
2025040205013707,MBJC,19,45,30.0,322.0,9660.0,2025-04-02
2025040203010954,SFCL,58,6,100.0,563.4,56340.0,2025-04-02
2025040204013428,API,35,42,260.0,276.0,71760.0,2025-04-02
2025040204013427,API,35,42,40.0,276.0,11040.0,2025-04-02
2025040204013426,HPPL,97,49,156.0,640.0,99840.0,2025-04-02
2025040203010953,LICN,3,57,60.0,1011.0,60660.0,2025-04-02
2025040203010952,LICN,57,57,40.0,1012.0,40480.0,2025-04-02
2025040205013706,HRL,60,35,10.0,1030.1,10301.0,2025-04-02
2025040205013705,HRL,38,35,12.0,1030.1,12361.2,2025-04-02
2025040204013425,UMRH,76,37,10.0,614.0,6140.0,2025-04-02
2025040205013704,SMJC,21,56,340.0,596.2,202708.0,2025-04-02
2025040205013703,SMJC,42,56,100.0,596.9,59690.0,2025-04-02
2025040204013424,SHEL,58,48,30.0,253.9,7617.0,2025-04-02
2025040204013423,SHEL,58,60,90.0,253.9,22851.0,2025-04-02
2025040203010951,GLBSL,42,35,23.0,2923.0,67229.0,2025-04-02
2025040201014405,MLBS,35,13,132.0,1750.0,231000.0,2025-04-02
2025040201014404,MLBS,57,13,100.0,1759.4,175940.0,2025-04-02
2025040201014403,MLBS,77,13,20.0,1760.0,35200.0,2025-04-02
2025040201014402,MLBS,82,13,20.0,1760.0,35200.0,2025-04-02
2025040201014401,MLBS,74,13,140.0,1767.0,247380.0,2025-04-02
2025040203010950,PROFL,42,59,500.0,564.0,282000.0,2025-04-02
2025040201014400,NIMB,50,44,30.0,212.0,6360.0,2025-04-02
2025040201014399,NICA,7,32,41.0,371.9,15247.9,2025-04-02
2025040203010949,HLI,96,13,32.0,434.0,13888.0,2025-04-02
2025040203010948,HLI,96,57,110.0,434.0,47740.0,2025-04-02
2025040203010947,HLI,96,59,400.0,433.6,173440.0,2025-04-02
2025040203010946,HLI,96,45,10.0,433.5,4335.0,2025-04-02
2025040203010945,HLI,96,43,40.0,433.5,17340.0,2025-04-02
2025040203010944,HLI,96,58,59.0,433.5,25576.5,2025-04-02
2025040203010943,HLI,96,58,10.0,433.0,4330.0,2025-04-02
2025040203010942,HLI,96,38,10.0,433.0,4330.0,2025-04-02
2025040203010941,HLI,96,58,10.0,433.0,4330.0,2025-04-02
2025040203010940,HLI,96,40,200.0,433.0,86600.0,2025-04-02
2025040203010939,HLI,96,7,20.0,433.0,8660.0,2025-04-02
2025040203010938,HLI,96,55,190.0,432.7,82213.0,2025-04-02
2025040203010937,HLI,96,25,57.0,432.0,24624.0,2025-04-02
2025040203010936,HLI,96,56,23.0,432.0,9936.0,2025-04-02
2025040203010935,HLI,96,38,300.0,432.0,129600.0,2025-04-02
2025040203010934,HLI,96,10,567.0,432.0,244944.0,2025-04-02
2025040203010933,HLI,96,49,100.0,431.4,43140.0,2025-04-02
2025040203010932,HLI,96,49,100.0,431.3,43130.0,2025-04-02
2025040203010931,HLI,96,29,100.0,431.0,43100.0,2025-04-02
2025040203010930,HLI,96,38,10.0,431.0,4310.0,2025-04-02
2025040203010929,HLI,96,49,10.0,431.0,4310.0,2025-04-02
2025040203010928,HLI,96,48,142.0,431.0,61202.0,2025-04-02
2025040203010927,HLI,96,8,500.0,430.5,215250.0,2025-04-02
2025040204013422,MHNL,66,92,200.0,265.0,53000.0,2025-04-02
2025040204013421,NLG,38,58,100.0,862.0,86200.0,2025-04-02
2025040204013420,NLG,39,58,100.0,862.1,86210.0,2025-04-02
2025040201014398,GMLI,14,58,10.0,2570.0,25700.0,2025-04-02
2025040203010926,ICFC,34,47,10.0,619.0,6190.0,2025-04-02
2025040203010925,ICFC,34,42,120.0,618.9,74268.0,2025-04-02
2025040203010924,ICFC,34,45,200.0,618.0,123600.0,2025-04-02
2025040201014397,SMHL,32,14,12.0,918.0,11016.0,2025-04-02
2025040201014396,SMHL,32,57,100.0,918.0,91800.0,2025-04-02
2025040201014395,SMHL,32,57,100.0,915.8,91580.0,2025-04-02
2025040201014394,SMHL,32,35,100.0,914.9,91490.0,2025-04-02
2025040201014393,SMHL,32,48,250.0,914.8,228700.0,2025-04-02
2025040201014392,SMHL,32,57,400.0,914.0,365600.0,2025-04-02
2025040201014391,SMHL,32,45,500.0,913.0,456500.0,2025-04-02
2025040201014390,SMHL,32,35,38.0,912.8,34686.4,2025-04-02
2025040203010923,PFL,60,19,355.0,440.4,156342.0,2025-04-02
2025040203010922,PFL,53,19,95.0,440.5,41847.5,2025-04-02
2025040205013702,PHCL,36,42,10.0,601.0,6010.0,2025-04-02
2025040205013701,PHCL,36,45,10.0,601.0,6010.0,2025-04-02
2025040205013700,PHCL,36,65,950.0,600.0,570000.0,2025-04-02
2025040203010921,ALICL,89,49,200.0,763.0,152600.0,2025-04-02
2025040203010920,ALICL,89,11,100.0,763.0,76300.0,2025-04-02
2025040203010919,ALICL,89,54,141.0,763.0,107583.0,2025-04-02
2025040204013419,LEC,37,1,40.0,210.6,8424.0,2025-04-02
2025040203010918,MERO,42,37,68.0,721.0,49028.0,2025-04-02
2025040201014389,BHL,45,14,10.0,320.0,3200.0,2025-04-02
2025040201014388,BHL,45,41,10.0,320.0,3200.0,2025-04-02
2025040204013418,BARUN,42,75,235.0,510.0,119850.0,2025-04-02
2025040204013417,BARUN,63,75,660.0,510.0,336600.0,2025-04-02
2025040204013416,DHPL,96,48,700.0,400.0,280000.0,2025-04-02
2025040204013415,DHPL,96,57,500.0,400.0,200000.0,2025-04-02
2025040205013699,NTC,58,42,64.0,903.0,57792.0,2025-04-02
2025040205013698,CIT,58,44,10.0,1980.0,19800.0,2025-04-02
2025040204013414,DHPL,74,59,1200.0,399.1,478920.0,2025-04-02
2025040205013697,SAHAS,28,34,10.0,504.1,5041.0,2025-04-02
2025040204013413,JOSHI,18,41,217.0,381.0,82677.0,2025-04-02
2025040204013412,JOSHI,7,41,20.0,381.0,7620.0,2025-04-02
2025040204013411,JOSHI,11,41,13.0,381.0,4953.0,2025-04-02
2025040204013410,JOSHI,49,41,200.0,381.1,76220.0,2025-04-02
2025040204013409,JOSHI,33,41,50.0,381.1,19055.0,2025-04-02
2025040204013408,JOSHI,95,41,500.0,381.2,190600.0,2025-04-02
2025040203010917,JBBL,51,38,580.0,342.5,198650.0,2025-04-02
2025040201014387,RHGCL,16,48,10.0,545.5,5455.0,2025-04-02
2025040204013407,RADHI,58,44,25.0,418.8,10470.0,2025-04-02
2025040204013406,RADHI,70,44,127.0,418.8,53187.6,2025-04-02
2025040204013405,RADHI,22,44,100.0,419.0,41900.0,2025-04-02
2025040204013404,RADHI,43,44,642.0,419.0,268998.0,2025-04-02
2025040205013696,NRIC,57,36,169.0,1315.0,222235.0,2025-04-02
2025040205013695,NRIC,45,36,31.0,1317.0,40827.0,2025-04-02
2025040205013694,SMJC,42,22,400.0,596.9,238760.0,2025-04-02
2025040201014386,NYADI,80,49,50.0,646.8,32340.0,2025-04-02
2025040201014385,SPC,34,14,10.0,541.2,5412.0,2025-04-02
2025040201014384,GMLI,58,35,10.0,2570.0,25700.0,2025-04-02
2025040201014383,GMLI,57,35,40.0,2570.0,102800.0,2025-04-02
2025040203010916,LICN,58,39,38.0,1012.8,38486.4,2025-04-02
2025040205013693,MEL,55,58,10.0,325.2,3252.0,2025-04-02
2025040201014382,MKHC,17,48,100.0,525.0,52500.0,2025-04-02
2025040204013403,NGPL,42,58,1000.0,267.7,267700.0,2025-04-02
2025040204013402,BARUN,63,5,340.0,510.0,173400.0,2025-04-02
2025040204013401,BARUN,58,5,260.0,510.0,132600.0,2025-04-02
2025040204013400,SPDL,56,83,120.0,323.0,38760.0,2025-04-02
2025040204013399,SPDL,85,83,30.0,323.1,9693.0,2025-04-02
2025040204013398,RHPL,58,49,10.0,387.0,3870.0,2025-04-02
2025040204013397,RHPL,58,41,10.0,385.0,3850.0,2025-04-02
2025040203010915,MSLB,50,38,10.0,1279.0,12790.0,2025-04-02
2025040203010914,MSLB,50,26,10.0,1278.0,12780.0,2025-04-02
2025040201014381,NYADI,48,52,782.0,647.0,505954.0,2025-04-02
2025040201014380,PRVU,17,22,695.0,214.7,149216.5,2025-04-02
2025040201014379,EBL,58,55,101.0,603.5,60953.5,2025-04-02
2025040201014378,CITY,42,49,10.0,860.0,8600.0,2025-04-02
2025040204013396,UNHPL,74,21,70.0,313.1,21917.0,2025-04-02
2025040204013395,UNHPL,28,21,360.0,313.1,112716.0,2025-04-02
2025040204013394,UNHPL,14,21,150.0,313.2,46980.0,2025-04-02
2025040204013393,UNHPL,64,21,700.0,313.2,219240.0,2025-04-02
2025040204013392,UNHPL,38,21,100.0,313.3,31330.0,2025-04-02
2025040204013391,UNHPL,26,21,10.0,313.4,3134.0,2025-04-02
2025040204013390,UNHPL,34,21,10.0,313.5,3135.0,2025-04-02
2025040203010913,RLFL,14,33,10.0,558.0,5580.0,2025-04-02
2025040201014377,KBL,14,42,710.0,210.8,149668.0,2025-04-02
2025040201014376,KBL,14,21,100.0,210.0,21000.0,2025-04-02
2025040201014375,KBL,14,44,190.0,210.0,39900.0,2025-04-02
2025040201014374,KBL,57,58,982.0,209.9,206121.8,2025-04-02
2025040204013389,SHL,16,42,400.0,485.0,194000.0,2025-04-02
2025040203010912,SHINE,41,53,50.0,415.0,20750.0,2025-04-02
2025040204013388,SPDL,48,57,2836.0,324.0,918864.0,2025-04-02
2025040203010911,EDBL,47,71,340.0,636.0,216240.0,2025-04-02
2025040201014373,RFPL,62,17,500.0,730.0,365000.0,2025-04-02
2025040203010910,LBBL,33,17,776.0,423.5,328636.0,2025-04-02
2025040203010909,LBBL,44,17,100.0,423.5,42350.0,2025-04-02
2025040203010908,LBBL,57,17,30.0,423.7,12711.0,2025-04-02
2025040203010907,LBBL,90,17,64.0,423.7,27116.8,2025-04-02
2025040203010906,LBBL,32,17,30.0,424.1,12723.0,2025-04-02
2025040205013692,NRM,1,55,10.0,503.0,5030.0,2025-04-02
2025040201014372,NABIL,42,49,50.0,486.0,24300.0,2025-04-02
2025040204013387,CHCL,49,14,267.0,480.5,128293.5,2025-04-02
2025040204013386,CHCL,7,14,10.0,480.6,4806.0,2025-04-02
2025040204013385,CHCL,45,14,50.0,480.7,24035.0,2025-04-02
2025040201014371,SBL,50,34,10.0,289.9,2899.0,2025-04-02
2025040204013384,UMRH,76,37,10.0,614.0,6140.0,2025-04-02
2025040201014370,SBI,1,38,18.0,411.0,7398.0,2025-04-02
2025040203010905,SJLIC,76,56,10.0,447.2,4472.0,2025-04-02
2025040204013383,SSHL,69,46,50.0,232.2,11610.0,2025-04-02
2025040204013382,HDHPC,17,62,100.0,200.0,20000.0,2025-04-02
2025040201014369,MKJC,21,55,50.0,554.0,27700.0,2025-04-02
2025040203010904,SINDU,57,14,200.0,1135.0,227000.0,2025-04-02
2025040203010903,SINDU,58,14,10.0,1135.0,11350.0,2025-04-02
2025040203010902,SINDU,86,14,20.0,1135.0,22700.0,2025-04-02
2025040203010901,SINDU,34,14,162.0,1135.0,183870.0,2025-04-02
2025040201014368,MHL,50,48,72.0,703.6,50659.2,2025-04-02
2025040201014367,MHL,11,48,50.0,703.7,35185.0,2025-04-02
2025040201014366,MHL,38,48,48.0,704.3,33806.4,2025-04-02
2025040201014365,MHL,19,48,100.0,704.4,70440.0,2025-04-02
2025040203010900,MDB,3,38,28.0,632.0,17696.0,2025-04-02
2025040203010899,MDB,3,57,100.0,632.0,63200.0,2025-04-02
2025040203010898,MDB,3,57,47.0,630.0,29610.0,2025-04-02
2025040203010897,MDB,3,49,400.0,629.6,251840.0,2025-04-02
2025040201014364,RFPL,62,33,480.0,730.0,350400.0,2025-04-02
2025040201014363,RFPL,17,33,20.0,731.0,14620.0,2025-04-02
2025040204013381,UPPER,49,58,150.0,200.8,30120.0,2025-04-02
2025040204013380,UPPER,49,17,50.0,200.5,10025.0,2025-04-02
2025040204013379,HPPL,45,46,24.0,641.9,15405.6,2025-04-02
2025040205013691,MMF1,48,53,500.0,8.62,4310.0,2025-04-02
2025040205013690,HDL,13,29,50.0,1218.0,60900.0,2025-04-02
2025040205013689,SHIVM,42,25,50.0,536.2,26810.0,2025-04-02
2025040205013688,SMJC,21,25,20.0,596.2,11924.0,2025-04-02
2025040205013687,SMJC,59,25,100.0,596.3,59630.0,2025-04-02
2025040205013686,SMJC,17,25,190.0,596.3,113297.0,2025-04-02
2025040205013685,SMJC,63,25,90.0,596.5,53685.0,2025-04-02
2025040203010896,GMFIL,1,25,50.0,524.0,26200.0,2025-04-02
2025040204013378,KKHC,43,32,100.0,350.0,35000.0,2025-04-02
2025040204013377,KKHC,42,32,30.0,350.1,10503.0,2025-04-02
2025040205013684,CHDC,94,39,40.0,2456.0,98240.0,2025-04-02
2025040205013683,CHDC,94,16,500.0,2456.0,1228000.0,2025-04-02
2025040205013682,CHDC,94,38,120.0,2456.0,294720.0,2025-04-02
2025040205013681,CHDC,94,50,20.0,2456.0,49120.0,2025-04-02
2025040205013680,CHDC,94,50,30.0,2456.0,73680.0,2025-04-02
2025040205013679,CHDC,94,50,10.0,2456.0,24560.0,2025-04-02
2025040205013678,CHDC,94,44,100.0,2455.9,245590.0,2025-04-02
2025040205013677,CHDC,94,40,100.0,2455.9,245590.0,2025-04-02
2025040205013676,CHDC,94,19,10.0,2455.0,24550.0,2025-04-02
2025040205013675,CHDC,94,28,50.0,2455.0,122750.0,2025-04-02
2025040205013674,CHDC,94,50,20.0,2455.0,49100.0,2025-04-02
2025040201014362,GMLI,26,42,10.0,2570.1,25701.0,2025-04-02
2025040201014361,RFPL,17,43,30.0,731.0,21930.0,2025-04-02
2025040201014360,SRLI,55,4,669.0,418.0,279642.0,2025-04-02
2025040201014359,SRLI,45,4,50.0,418.0,20900.0,2025-04-02
2025040201014358,SRLI,47,4,569.0,418.0,237842.0,2025-04-02
2025040201014357,SRLI,41,4,56.0,418.0,23408.0,2025-04-02
2025040201014356,SRLI,17,4,50.0,418.0,20900.0,2025-04-02
2025040201014355,SRLI,96,4,121.0,418.0,50578.0,2025-04-02
2025040201014354,SRLI,8,4,50.0,418.1,20905.0,2025-04-02
2025040201014353,SRLI,14,4,239.0,418.2,99949.8,2025-04-02
2025040201014352,SRLI,41,4,50.0,418.3,20915.0,2025-04-02
2025040201014351,SRLI,22,4,346.0,418.3,144731.8,2025-04-02
2025040201014350,EHPL,63,94,100.0,703.9,70390.0,2025-04-02
2025040201014349,EHPL,63,70,80.0,703.0,56240.0,2025-04-02
2025040201014348,EHPL,63,94,50.0,702.0,35100.0,2025-04-02
2025040201014347,EHPL,63,58,10.0,702.0,7020.0,2025-04-02
2025040204013376,HDHPC,17,22,285.0,200.0,57000.0,2025-04-02
2025040201014346,KBL,22,44,300.0,210.0,63000.0,2025-04-02
2025040201014345,SARBTM,54,33,20.0,807.0,16140.0,2025-04-02
2025040201014344,CKHL,14,42,10.0,709.0,7090.0,2025-04-02
2025040205013673,NRIC,45,58,19.0,1317.0,25023.0,2025-04-02
2025040203010895,RLFL,58,33,17.0,558.0,9486.0,2025-04-02
2025040201014343,UNLB,42,7,50.0,2245.0,112250.0,2025-04-02
2025040201014342,UNLB,48,7,30.0,2245.5,67365.0,2025-04-02
2025040203010894,KSBBL,66,57,18.0,433.0,7794.0,2025-04-02
2025040203010893,GFCL,57,35,95.0,684.5,65027.5,2025-04-02
2025040203010892,GFCL,57,45,60.0,684.5,41070.0,2025-04-02
2025040203010891,GFCL,57,45,195.0,684.4,133458.0,2025-04-02
2025040203010890,GFCL,57,57,150.0,684.0,102600.0,2025-04-02
2025040204013375,HPPL,97,50,30.0,640.0,19200.0,2025-04-02
2025040205013672,NMB50,58,65,1000.0,10.6,10600.0,2025-04-02
2025040205013671,NMB50,58,65,1000.0,10.6,10600.0,2025-04-02
2025040205013670,NMB50,58,65,3000.0,10.6,31800.0,2025-04-02
2025040205013669,NMB50,58,65,3000.0,10.6,31800.0,2025-04-02
2025040205013668,VLUCL,33,38,10.0,675.0,6750.0,2025-04-02
2025040204013374,NLG,38,4,100.0,862.0,86200.0,2025-04-02
2025040201014341,EBL,42,34,59.0,604.0,35636.0,2025-04-02
2025040205013667,BBC,90,4,20.0,6405.0,128100.0,2025-04-02
2025040201014340,PCBL,34,64,872.0,253.0,220616.0,2025-04-02
2025040201014339,PCBL,39,64,128.0,253.0,32384.0,2025-04-02
2025040203010889,HLI,34,57,100.0,425.7,42570.0,2025-04-02
2025040204013373,NGPL,67,56,1.0,267.0,267.0,2025-04-02
2025040203010888,MLBBL,47,13,30.0,1535.0,46050.0,2025-04-02
2025040201014338,USHEC,39,26,10.0,606.0,6060.0,2025-04-02
2025040203010887,SINDU,34,26,57.0,1135.0,64695.0,2025-04-02
2025040201014337,ULHC,74,70,15.0,520.0,7800.0,2025-04-02
2025040201014336,ULHC,33,70,85.0,520.0,44200.0,2025-04-02
2025040201014335,ADBL,80,32,100.0,295.8,29580.0,2025-04-02
2025040201014334,SMHL,32,35,62.0,912.8,56593.6,2025-04-02
2025040201014333,SMHL,32,45,20.0,912.0,18240.0,2025-04-02
2025040201014332,SMHL,32,22,20.0,912.0,18240.0,2025-04-02
2025040201014331,SMHL,32,63,20.0,911.7,18234.0,2025-04-02
2025040201014330,SMHL,32,35,100.0,910.0,91000.0,2025-04-02
2025040201014329,SMHL,32,11,50.0,910.0,45500.0,2025-04-02
2025040201014328,SMHL,32,90,28.0,909.0,25452.0,2025-04-02
2025040204013372,HDHPC,44,58,910.0,200.4,182364.0,2025-04-02
2025040204013371,HDHPC,44,59,90.0,200.4,18036.0,2025-04-02
2025040204013370,NHPC,55,99,30.0,210.0,6300.0,2025-04-02
2025040201014327,BEDC,8,5,30.0,806.1,24183.0,2025-04-02
2025040205013666,SMJC,42,22,100.0,596.9,59690.0,2025-04-02
2025040204013369,NHDL,42,25,150.0,798.0,119700.0,2025-04-02
2025040203010886,SINDU,34,18,12.0,1135.0,13620.0,2025-04-02
2025040201014326,MLBS,74,13,60.0,1767.0,106020.0,2025-04-02
2025040201014325,MLBS,45,13,20.0,1767.1,35342.0,2025-04-02
2025040201014324,MLBS,32,13,20.0,1767.3,35346.0,2025-04-02
2025040201014323,MLBS,21,13,130.0,1768.0,229840.0,2025-04-02
2025040201014322,MLBS,44,13,50.0,1770.0,88500.0,2025-04-02
2025040201014321,MLBS,16,13,50.0,1770.0,88500.0,2025-04-02
2025040201014320,MLBS,49,13,10.0,1781.0,17810.0,2025-04-02
2025040201014319,MLBS,46,13,10.0,1783.6,17836.0,2025-04-02
2025040201014318,MLBS,5,13,30.0,1785.6,53568.0,2025-04-02
2025040201014317,MLBS,74,13,200.0,1786.0,357200.0,2025-04-02
2025040201014316,MLBS,47,13,30.0,1786.0,53580.0,2025-04-02
2025040201014315,MLBS,74,13,200.0,1786.1,357220.0,2025-04-02
2025040201014314,MLBS,34,13,50.0,1786.2,89310.0,2025-04-02
2025040201014313,MLBS,44,13,50.0,1786.3,89315.0,2025-04-02
2025040201014312,MLBS,74,13,70.0,1787.0,125090.0,2025-04-02
2025040201014311,MLBS,1,13,10.0,1790.0,17900.0,2025-04-02
2025040201014310,MLBS,1,13,10.0,1795.0,17950.0,2025-04-02
2025040204013368,NGPL,42,48,20.0,267.5,5350.0,2025-04-02
2025040201014309,GMLI,26,58,10.0,2570.1,25701.0,2025-04-02
2025040205013665,NRM,1,45,150.0,503.0,75450.0,2025-04-02
2025040205013664,NRM,50,45,100.0,503.1,50310.0,2025-04-02
2025040203010885,ICFC,60,20,165.0,615.1,101491.5,2025-04-02
2025040203010884,ICFC,5,20,50.0,616.0,30800.0,2025-04-02
2025040203010883,ICFC,26,20,200.0,616.0,123200.0,2025-04-02
2025040203010882,ICFC,45,20,100.0,616.1,61610.0,2025-04-02
2025040204013367,API,14,39,10.0,278.0,2780.0,2025-04-02
2025040201014308,NICA,57,32,110.0,371.9,40909.0,2025-04-02
2025040204013366,CGH,16,32,10.0,867.0,8670.0,2025-04-02
2025040203010881,SMPDA,38,92,256.0,947.0,242432.0,2025-04-02
2025040201014307,MHCL,41,91,500.0,515.0,257500.0,2025-04-02
2025040204013365,HEI,58,45,50.0,610.0,30500.0,2025-04-02
2025040201014306,KBL,58,44,10.0,210.0,2100.0,2025-04-02
2025040204013364,KPCL,7,49,100.0,525.0,52500.0,2025-04-02
2025040205013663,HDL,52,51,7.0,1214.0,8498.0,2025-04-02
2025040203010880,LBBL,26,42,16.0,425.0,6800.0,2025-04-02
2025040203010879,LBBL,26,21,300.0,425.0,127500.0,2025-04-02
2025040205013662,NRIC,57,19,80.0,1315.0,105200.0,2025-04-02
2025040205013661,NRIC,52,19,10.0,1315.0,13150.0,2025-04-02
2025040205013660,NRIC,64,19,370.0,1315.0,486550.0,2025-04-02
2025040205013659,NRIC,57,19,30.0,1315.1,39453.0,2025-04-02
2025040205013658,NRIC,60,19,10.0,1315.2,13152.0,2025-04-02
2025040204013363,GLH,11,52,100.0,244.7,24470.0,2025-04-02
2025040205013657,NRN,99,60,10.0,1664.0,16640.0,2025-04-02
2025040201014305,MEHL,58,69,389.0,556.0,216284.0,2025-04-02
2025040201014304,DOLTI,58,58,10.0,691.0,6910.0,2025-04-02
2025040201014303,NYADI,58,52,65.0,647.0,42055.0,2025-04-02
2025040201014302,SANIMA,52,61,364.0,299.6,109054.4,2025-04-02
2025040203010878,RSDC,42,38,40.0,725.0,29000.0,2025-04-02
2025040203010877,HLI,96,48,358.0,431.0,154298.0,2025-04-02
2025040203010876,HLI,96,22,10.0,431.0,4310.0,2025-04-02
2025040203010875,HLI,96,64,10.0,430.3,4303.0,2025-04-02
2025040203010874,HLI,96,13,10.0,430.2,4302.0,2025-04-02
2025040203010873,HLI,96,58,10.0,430.1,4301.0,2025-04-02
2025040203010872,HLI,96,38,10.0,430.1,4301.0,2025-04-02
2025040203010871,HLI,96,22,10.0,430.0,4300.0,2025-04-02
2025040203010870,HLI,96,54,10.0,430.0,4300.0,2025-04-02
2025040203010869,HLI,96,49,100.0,430.0,43000.0,2025-04-02
2025040203010868,HLI,96,45,500.0,430.0,215000.0,2025-04-02
2025040203010867,HLI,96,25,10.0,430.0,4300.0,2025-04-02
2025040203010866,HLI,96,54,10.0,430.0,4300.0,2025-04-02
2025040203010865,HLI,96,80,200.0,430.0,86000.0,2025-04-02
2025040203010864,HLI,96,4,10.0,430.0,4300.0,2025-04-02
2025040203010863,HLI,96,6,75.0,430.0,32250.0,2025-04-02
2025040203010862,HLI,96,49,10.0,430.0,4300.0,2025-04-02
2025040203010861,HLI,96,34,298.0,429.9,128110.2,2025-04-02
2025040203010860,HLI,96,44,50.0,429.5,21475.0,2025-04-02
2025040203010859,HLI,96,43,289.0,429.5,124125.5,2025-04-02
2025040203010858,HLI,96,19,10.0,429.0,4290.0,2025-04-02
