transaction,symbol,buyer,seller,quantity,rate,amount,date
2025070801014948,UHEWA,38,39,44.0,553.0,24332.0,2025-07-08
2025070801014947,UHEWA,67,39,190.0,553.0,105070.0,2025-07-08
2025070801014946,UHEWA,29,39,10.0,553.1,5531.0,2025-07-08
2025070801014945,UHEWA,51,39,500.0,553.5,276750.0,2025-07-08
2025070804021303,UNHPL,58,60,22.0,430.0,9460.0,2025-07-08
2025070804021302,UNHPL,58,49,228.0,430.0,98040.0,2025-07-08
2025070804021301,NGPL,34,6,68.0,389.9,26513.2,2025-07-08
2025070804021300,NGPL,34,14,50.0,389.9,19495.0,2025-07-08
2025070804021299,NGPL,34,39,500.0,389.8,194900.0,2025-07-08
2025070804021298,NGPL,34,43,43.0,389.8,16761.4,2025-07-08
2025070804021297,NGPL,34,25,100.0,389.0,38900.0,2025-07-08
2025070804021296,NGPL,34,34,20.0,389.0,7780.0,2025-07-08
2025070804021295,NGPL,34,33,3350.0,389.0,1303150.0,2025-07-08
2025070804021294,NGPL,34,34,1000.0,388.9,388900.0,2025-07-08
2025070804021293,NGPL,34,3,500.0,388.9,194450.0,2025-07-08
2025070804021292,NGPL,34,94,1000.0,388.5,388500.0,2025-07-08
2025070804021291,NGPL,34,22,200.0,388.0,77600.0,2025-07-08
2025070804021290,NGPL,34,58,20.0,388.0,7760.0,2025-07-08
2025070804021289,NGPL,34,35,80.0,388.0,31040.0,2025-07-08
2025070804021288,NGPL,34,44,1020.0,388.0,395760.0,2025-07-08
2025070804021287,NGPL,34,19,10.0,388.0,3880.0,2025-07-08
2025070804021286,NGPL,34,92,39.0,387.9,15128.1,2025-07-08
2025070804021285,NLG,69,7,10.0,819.0,8190.0,2025-07-08
2025070801014944,NBL,11,34,10.0,262.0,2620.0,2025-07-08
2025070804021284,PMHPL,99,88,375.0,386.5,144937.5,2025-07-08
2025070804021283,PMHPL,38,88,500.0,386.6,193300.0,2025-07-08
2025070804021282,PMHPL,49,88,125.0,386.7,48337.5,2025-07-08
2025070801014943,OMPL,68,41,10.0,1359.0,13590.0,2025-07-08
2025070801014942,CREST,38,58,10.0,1413.8,14138.0,2025-07-08
2025070801014941,CREST,38,52,10.0,1413.8,14138.0,2025-07-08
2025070805010235,CLI,18,49,26.0,470.0,12220.0,2025-07-08
2025070804021281,BPCL,58,48,10.0,837.0,8370.0,2025-07-08
2025070805010234,RNLI,44,58,24.0,476.3,11431.2,2025-07-08
2025070805010233,RNLI,44,21,168.0,476.0,79968.0,2025-07-08
2025070805010232,RNLI,44,58,11.0,476.0,5236.0,2025-07-08
2025070805010231,RNLI,44,38,10.0,476.0,4760.0,2025-07-08
2025070805010230,RNLI,44,41,11.0,476.0,5236.0,2025-07-08
2025070805010229,RNLI,44,29,11.0,476.0,5236.0,2025-07-08
2025070805010228,RNLI,44,58,11.0,476.0,5236.0,2025-07-08
2025070805010227,RNLI,44,45,11.0,476.0,5236.0,2025-07-08
2025070805010226,RNLI,44,25,115.0,476.0,54740.0,2025-07-08
2025070805010225,RNLI,44,44,500.0,475.9,237950.0,2025-07-08
2025070805010224,RNLI,44,42,106.0,475.5,50403.0,2025-07-08
2025070805010223,RNLI,44,53,11.0,475.5,5230.5,2025-07-08
2025070805010222,RNLI,44,34,11.0,475.3,5228.3,2025-07-08
2025070804021280,AHPC,49,52,233.0,285.0,66405.0,2025-07-08
2025070804021279,AHPC,13,52,50.0,285.1,14255.0,2025-07-08
2025070804021278,SPDL,42,45,10.0,396.1,3961.0,2025-07-08
2025070803009790,SMFBS,45,43,28.0,1728.0,48384.0,2025-07-08
2025070804021277,SSHL,28,58,50.0,253.0,12650.0,2025-07-08
2025070804021276,UNHPL,54,49,53.0,430.0,22790.0,2025-07-08
2025070804021275,UNHPL,54,41,20.0,430.0,8600.0,2025-07-08
2025070804021274,UNHPL,54,62,500.0,430.0,215000.0,2025-07-08
2025070804021273,UNHPL,54,49,30.0,430.0,12900.0,2025-07-08
2025070804021272,UNHPL,54,49,35.0,429.9,15046.5,2025-07-08
2025070804021271,UNHPL,54,39,140.0,429.0,60060.0,2025-07-08
2025070804021270,UNHPL,54,42,212.0,428.0,90736.0,2025-07-08
2025070804021269,UNHPL,54,6,10.0,427.0,4270.0,2025-07-08
2025070805010221,SAHAS,54,17,20.0,604.0,12080.0,2025-07-08
2025070803009789,GRDBL,51,61,10.0,1396.5,13965.0,2025-07-08
2025070804021268,BARUN,99,42,350.0,422.0,147700.0,2025-07-08
2025070804021267,BARUN,70,42,100.0,423.2,42320.0,2025-07-08
2025070804021266,BARUN,42,42,50.0,424.0,21200.0,2025-07-08
2025070804021265,BARUN,55,42,500.0,425.0,212500.0,2025-07-08
2025070801014940,BEDC,26,81,99.0,680.0,67320.0,2025-07-08
2025070801014939,BEDC,50,81,500.0,680.2,340100.0,2025-07-08
2025070801014938,BEDC,48,81,400.0,685.0,274000.0,2025-07-08
2025070801014937,BEDC,13,81,931.0,685.0,637735.0,2025-07-08
2025070801014936,BEDC,38,81,20.0,685.0,13700.0,2025-07-08
2025070801014935,BEDC,7,81,25.0,685.1,17127.5,2025-07-08
2025070801014934,BEDC,58,81,10.0,686.0,6860.0,2025-07-08
2025070801014933,BEDC,32,81,165.0,688.5,113602.5,2025-07-08
2025070801014932,PURE,43,8,20.0,896.0,17920.0,2025-07-08
2025070801014931,PURE,43,57,10.0,893.0,8930.0,2025-07-08
2025070801014930,SARBTM,58,39,19.0,861.0,16359.0,2025-07-08
2025070803009788,SADBL,39,85,490.0,406.0,198940.0,2025-07-08
2025070803009787,MPFL,34,1,20.0,609.8,12196.0,2025-07-08
2025070803009786,MPFL,34,37,10.0,605.0,6050.0,2025-07-08
2025070804021264,SHPC,34,35,10.0,601.0,6010.0,2025-07-08
2025070801014929,SANIMA,49,25,100.0,334.6,33460.0,2025-07-08
2025070804021263,RHPL,49,5,560.0,350.5,196280.0,2025-07-08
2025070804021262,RHPL,86,5,240.0,350.5,84120.0,2025-07-08
2025070804021261,RHPL,49,5,200.0,350.6,70120.0,2025-07-08
2025070804021260,GLH,25,17,100.0,262.0,26200.0,2025-07-08
2025070801014928,DORDI,17,41,10.0,311.0,3110.0,2025-07-08
2025070804021259,JOSHI,34,38,120.0,326.0,39120.0,2025-07-08
2025070804021258,JOSHI,34,38,190.0,326.0,61940.0,2025-07-08
2025070801014927,AHL,36,42,30.0,612.4,18372.0,2025-07-08
2025070801014926,AHL,36,32,10.0,609.0,6090.0,2025-07-08
2025070801014925,AHL,36,11,10.0,609.0,6090.0,2025-07-08
2025070801014924,GBIME,35,33,36.0,238.0,8568.0,2025-07-08
2025070801014923,GBIME,35,21,50.0,238.0,11900.0,2025-07-08
2025070801014922,GBIME,35,41,314.0,238.0,74732.0,2025-07-08
2025070801014921,NYADI,58,48,10.0,468.0,4680.0,2025-07-08
2025070803009785,HLBSL,60,52,50.0,961.0,48050.0,2025-07-08
2025070803009784,NABBC,56,92,10.0,1683.9,16839.0,2025-07-08
2025070803009783,GLBSL,60,36,90.0,2171.0,195390.0,2025-07-08
2025070803009782,GLBSL,42,36,10.0,2172.0,21720.0,2025-07-08
2025070804021257,GHL,58,36,588.0,249.0,146412.0,2025-07-08
2025070804021256,GHL,16,36,12.0,249.0,2988.0,2025-07-08
2025070805010220,SMJC,19,62,10.0,525.0,5250.0,2025-07-08
2025070801014920,MKJC,32,55,375.0,518.0,194250.0,2025-07-08
2025070803009781,NLICL,83,57,61.0,620.0,37820.0,2025-07-08
2025070803009780,LBBL,28,4,435.0,429.2,186702.0,2025-07-08
2025070803009779,LBBL,38,4,20.0,429.3,8586.0,2025-07-08
2025070803009778,LBBL,46,4,77.0,429.3,33056.1,2025-07-08
2025070803009777,LBBL,34,4,18.0,430.0,7740.0,2025-07-08
2025070803009776,LBBL,56,4,350.0,430.0,150500.0,2025-07-08
2025070801014919,SBL,4,42,700.0,338.0,236600.0,2025-07-08
2025070801014918,KBSH,14,57,10.0,1920.0,19200.0,2025-07-08
2025070801014917,SIGS3,4,71,50000.0,10.3,515000.0,2025-07-08
2025070801014916,SIGS3,4,71,20200.0,10.3,208060.0,2025-07-08
2025070805010219,NIFRA,42,6,10.0,276.9,2769.0,2025-07-08
2025070801014915,HHL,62,42,125.0,400.0,50000.0,2025-07-08
2025070801014914,HHL,53,42,625.0,400.0,250000.0,2025-07-08
2025070804021255,UMHL,62,14,400.0,567.2,226880.0,2025-07-08
2025070804021254,UMHL,62,48,100.0,567.1,56710.0,2025-07-08
2025070804021253,OHL,58,71,100.0,870.0,87000.0,2025-07-08
2025070804021252,OHL,39,71,200.0,870.0,174000.0,2025-07-08
2025070804021251,OHL,35,71,100.0,870.0,87000.0,2025-07-08
2025070804021250,OHL,34,71,200.0,870.0,174000.0,2025-07-08
2025070804021249,OHL,38,71,10.0,870.0,8700.0,2025-07-08
2025070804021248,OHL,42,71,50.0,870.0,43500.0,2025-07-08
2025070804021247,OHL,55,71,10.0,870.0,8700.0,2025-07-08
2025070804021246,OHL,29,71,25.0,870.0,21750.0,2025-07-08
2025070804021245,OHL,36,71,200.0,870.1,174020.0,2025-07-08
2025070804021244,OHL,53,71,100.0,873.0,87300.0,2025-07-08
2025070804021243,OHL,54,71,57.0,873.1,49766.7,2025-07-08
2025070804021242,OHL,38,71,50.0,873.4,43670.0,2025-07-08
2025070804021241,OHL,35,71,96.0,874.1,83913.6,2025-07-08
2025070804021240,OHL,58,71,50.0,874.2,43710.0,2025-07-08
2025070804021239,OHL,22,71,50.0,875.0,43750.0,2025-07-08
2025070804021238,OHL,35,71,990.0,875.0,866250.0,2025-07-08
2025070804021237,OHL,40,71,60.0,875.1,52506.0,2025-07-08
2025070804021236,OHL,34,71,200.0,875.2,175040.0,2025-07-08
2025070804021235,OHL,45,71,60.0,875.2,52512.0,2025-07-08
2025070804021234,OHL,49,71,25.0,875.4,21885.0,2025-07-08
2025070804021233,PRIN,67,6,1804.0,922.0,1663288.0,2025-07-08
2025070804021232,PRIN,28,6,100.0,923.3,92330.0,2025-07-08
2025070804021231,PRIN,29,6,96.0,925.0,88800.0,2025-07-08
2025070801014913,SBI,44,38,60.0,409.0,24540.0,2025-07-08
2025070803009775,MNBBL,28,53,470.0,380.2,178694.0,2025-07-08
2025070803009774,MNBBL,28,53,230.0,380.2,87446.0,2025-07-08
2025070801014912,NBL,5,34,25.0,262.0,6550.0,2025-07-08
2025070803009773,CFCL,94,11,30.0,535.0,16050.0,2025-07-08
2025070801014911,MKHC,34,57,10.0,418.9,4189.0,2025-07-08
2025070801014910,GMLI,55,34,10.0,2365.0,23650.0,2025-07-08
2025070803009772,MFIL,17,32,180.0,607.9,109422.0,2025-07-08
2025070803009771,JFL,17,58,35.0,505.0,17675.0,2025-07-08
2025070803009770,JFL,17,39,500.0,504.9,252450.0,2025-07-08
2025070803009769,JFL,17,38,50.0,504.7,25235.0,2025-07-08
2025070803009768,JFL,17,8,25.0,504.0,12600.0,2025-07-08
2025070803009767,JFL,17,45,190.0,504.0,95760.0,2025-07-08
2025070803009766,JFL,17,34,500.0,504.0,252000.0,2025-07-08
2025070803009765,JFL,17,6,15.0,504.0,7560.0,2025-07-08
2025070803009764,JFL,17,34,80.0,503.9,40312.0,2025-07-08
2025070803009763,JFL,17,58,20.0,503.9,10078.0,2025-07-08
2025070803009762,JFL,17,58,30.0,503.9,15117.0,2025-07-08
2025070803009761,JFL,17,28,250.0,502.0,125500.0,2025-07-08
2025070803009760,JFL,17,57,30.0,500.0,15000.0,2025-07-08
2025070803009759,JFL,17,58,10.0,500.0,5000.0,2025-07-08
2025070803009758,JFL,17,34,100.0,500.0,50000.0,2025-07-08
2025070803009757,JFL,17,40,50.0,500.0,25000.0,2025-07-08
2025070803009756,JFL,17,37,615.0,500.0,307500.0,2025-07-08
2025070804021230,KPCL,32,59,10.0,538.0,5380.0,2025-07-08
2025070803009755,FOWAD,38,45,41.0,1133.3,46465.3,2025-07-08
2025070804021229,SHPC,56,45,80.0,600.0,48000.0,2025-07-08
2025070804021228,SHPC,22,45,20.0,602.0,12040.0,2025-07-08
2025070803009754,SAPDBL,45,6,10.0,1071.0,10710.0,2025-07-08
2025070801014909,NIMB,45,26,500.0,213.5,106750.0,2025-07-08
2025070801014908,MEHL,56,72,20.0,423.4,8468.0,2025-07-08
2025070804021227,BPCL,56,28,10.0,839.9,8399.0,2025-07-08
2025070804021226,BPCL,38,16,300.0,836.1,250830.0,2025-07-08
2025070804021225,BPCL,69,16,200.0,839.8,167960.0,2025-07-08
2025070805010218,NIFRA,34,47,650.0,276.2,179530.0,2025-07-08
2025070801014907,KBL,94,22,45.0,208.0,9360.0,2025-07-08
2025070804021224,BPCL,36,28,390.0,839.9,327561.0,2025-07-08
2025070803009753,CFCL,94,52,100.0,535.0,53500.0,2025-07-08
2025070803009752,CFCL,94,49,100.0,535.0,53500.0,2025-07-08
2025070803009751,CFCL,94,43,155.0,535.0,82925.0,2025-07-08
2025070803009750,SAPDBL,44,6,93.0,1071.0,99603.0,2025-07-08
2025070801014906,MHCL,14,6,80.0,445.0,35600.0,2025-07-08
2025070804021223,BPCL,69,85,10.0,839.8,8398.0,2025-07-08
2025070804021222,SPDL,34,48,20.0,397.0,7940.0,2025-07-08
2025070801014905,GMLI,55,38,10.0,2365.0,23650.0,2025-07-08
2025070804021221,BPCL,91,28,500.0,839.9,419950.0,2025-07-08
2025070804021220,CHL,35,42,10.0,330.0,3300.0,2025-07-08
2025070801014904,CREST,34,35,10.0,1412.0,14120.0,2025-07-08
2025070803009749,KSBBL,49,34,50.0,463.9,23195.0,2025-07-08
2025070804021219,SSHL,97,58,326.0,253.0,82478.0,2025-07-08
2025070804021218,SSHL,97,26,50.0,253.0,12650.0,2025-07-08
2025070804021217,SSHL,97,42,35.0,253.0,8855.0,2025-07-08
2025070804021216,SSHL,97,1,89.0,253.0,22517.0,2025-07-08
2025070803009748,FMDBL,6,63,1000.0,752.0,752000.0,2025-07-08
2025070805010217,MEL,55,63,70.0,313.0,21910.0,2025-07-08
2025070805010216,MEL,55,57,400.0,313.0,125200.0,2025-07-08
2025070805010215,MEL,55,13,300.0,313.0,93900.0,2025-07-08
2025070805010214,MEL,55,19,100.0,313.0,31300.0,2025-07-08
2025070805010213,MEL,55,58,10.0,313.0,3130.0,2025-07-08
2025070805010212,MEL,55,25,10.0,313.0,3130.0,2025-07-08
2025070805010211,MEL,55,21,390.0,312.8,121992.0,2025-07-08
2025070805010210,MEL,55,35,600.0,312.7,187620.0,2025-07-08
2025070804021215,UPCL,59,42,74.0,400.0,29600.0,2025-07-08
2025070804021214,UPCL,59,19,100.0,400.0,40000.0,2025-07-08
2025070804021213,UPCL,59,50,626.0,400.0,250400.0,2025-07-08
2025070804021212,UMHL,62,57,200.0,567.0,113400.0,2025-07-08
2025070804021211,UMHL,62,62,930.0,566.9,527217.0,2025-07-08
2025070804021210,UMHL,62,14,1000.0,566.8,566800.0,2025-07-08
2025070804021209,UMHL,62,62,2175.0,566.5,1232137.5,2025-07-08
2025070804021208,UMHL,62,49,539.0,565.4,304750.6,2025-07-08
2025070803009747,ICFC,43,98,20.0,623.9,12478.0,2025-07-08
2025070803009746,SINDU,38,6,28.0,915.0,25620.0,2025-07-08
2025070805010209,HIDCL,41,6,189.0,292.0,55188.0,2025-07-08
2025070801014903,NMIC,14,57,10.0,1582.1,15821.0,2025-07-08
2025070801014902,PRVU,54,75,28.0,207.1,5798.8,2025-07-08
2025070804021207,GHL,16,69,425.0,249.0,105825.0,2025-07-08
2025070804021206,GHL,53,69,400.0,249.0,99600.0,2025-07-08
2025070804021205,GHL,52,69,175.0,249.1,43592.5,2025-07-08
2025070803009745,SLBSL,7,47,20.0,1500.0,30000.0,2025-07-08
2025070804021204,NIL,8,33,460.0,700.3,322138.0,2025-07-08
2025070804021203,NIL,42,33,500.0,700.5,350250.0,2025-07-08
2025070804021202,NIL,58,33,20.0,700.6,14012.0,2025-07-08
2025070804021201,KKHC,25,51,50.0,446.0,22300.0,2025-07-08
2025070805010208,CHDC,21,58,100.0,2612.1,261210.0,2025-07-08
2025070803009744,SINDU,38,33,35.0,915.0,32025.0,2025-07-08
2025070803009743,SINDU,21,33,50.0,915.0,45750.0,2025-07-08
2025070803009742,SINDU,19,33,15.0,915.0,13725.0,2025-07-08
2025070804021200,MHNL,34,40,10.0,274.9,2749.0,2025-07-08
2025070801014901,SBL,28,38,100.0,337.0,33700.0,2025-07-08
2025070803009741,SJLIC,28,32,10.0,440.1,4401.0,2025-07-08
2025070805010207,SHIVM,75,41,10.0,509.0,5090.0,2025-07-08
2025070803009740,SAPDBL,41,35,50.0,1073.0,53650.0,2025-07-08
2025070803009739,DDBL,41,64,10.0,824.7,8247.0,2025-07-08
2025070804021199,UMRH,48,6,65.0,586.0,38090.0,2025-07-08
2025070804021198,UMRH,48,48,20.0,586.0,11720.0,2025-07-08
2025070804021197,UMRH,48,34,18.0,585.9,10546.2,2025-07-08
2025070804021196,UMRH,48,32,60.0,585.0,35100.0,2025-07-08
2025070804021195,UMRH,48,70,37.0,584.0,21608.0,2025-07-08
2025070804021194,RHPL,86,19,60.0,350.5,21030.0,2025-07-08
2025070801014900,DLBS,43,22,10.0,1532.0,15320.0,2025-07-08
2025070804021193,AKPL,66,43,180.0,254.0,45720.0,2025-07-08
2025070804021192,AKPL,22,43,100.0,254.1,25410.0,2025-07-08
2025070804021191,AKPL,13,43,100.0,254.1,25410.0,2025-07-08
2025070804021190,AKPL,49,43,120.0,254.2,30504.0,2025-07-08
2025070804021189,SPDL,42,43,280.0,396.1,110908.0,2025-07-08
2025070801014899,MKHC,68,39,10.0,414.0,4140.0,2025-07-08
2025070804021188,RADHI,1,80,10.0,787.2,7872.0,2025-07-08
2025070804021187,RADHI,57,80,50.0,787.2,39360.0,2025-07-08
2025070804021186,RADHI,94,80,40.0,787.5,31500.0,2025-07-08
2025070804021185,NGPL,62,53,550.0,387.1,212905.0,2025-07-08
2025070803009738,WNLB,54,17,10.0,2075.0,20750.0,2025-07-08
2025070804021184,SHPC,34,43,11.0,603.0,6633.0,2025-07-08
2025070804021183,KPCL,52,32,14.0,532.1,7449.4,2025-07-08
2025070805010206,GCIL,29,35,91.0,501.0,45591.0,2025-07-08
2025070805010205,GCIL,29,35,11.0,501.0,5511.0,2025-07-08
2025070805010204,GCIL,41,35,78.0,501.0,39078.0,2025-07-08
2025070805010203,GCIL,22,35,20.0,501.1,10022.0,2025-07-08
2025070801014898,SRLI,35,50,84.0,400.0,33600.0,2025-07-08
2025070803009737,GMFIL,44,48,200.0,492.0,98400.0,2025-07-08
2025070804021182,CHCL,40,58,100.0,530.0,53000.0,2025-07-08
2025070804021181,GHL,52,45,25.0,249.1,6227.5,2025-07-08
2025070804021180,GHL,49,45,30.0,249.3,7479.0,2025-07-08
2025070804021179,GHL,16,45,45.0,249.9,11245.5,2025-07-08
2025070803009736,SAPDBL,44,45,57.0,1071.0,61047.0,2025-07-08
2025070803009735,SAPDBL,45,45,43.0,1071.0,46053.0,2025-07-08
2025070805010202,HRL,45,97,15.0,922.0,13830.0,2025-07-08
2025070801014897,SRLI,14,50,102.0,400.0,40800.0,2025-07-08
2025070801014896,NMIC,14,3,10.0,1582.1,15821.0,2025-07-08
2025070805010201,SHIVM,13,41,10.0,509.7,5097.0,2025-07-08
2025070803009734,SAPDBL,70,44,100.0,1072.0,107200.0,2025-07-08
2025070803009733,SINDU,19,69,35.0,915.0,32025.0,2025-07-08
2025070803009732,SINDU,33,69,100.0,915.0,91500.0,2025-07-08
2025070803009731,SINDU,32,69,65.0,915.0,59475.0,2025-07-08
2025070804021178,BPCL,69,13,590.0,839.8,495482.0,2025-07-08
2025070804021177,BPCL,69,38,500.0,839.0,419500.0,2025-07-08
2025070804021176,BPCL,69,81,700.0,838.5,586950.0,2025-07-08
2025070804021175,MEN,19,58,50.0,600.1,30005.0,2025-07-08
2025070805010200,CLI,18,44,13.0,470.0,6110.0,2025-07-08
2025070805010199,CLI,18,8,11.0,469.9,5168.9,2025-07-08
2025070804021174,KKHC,7,51,10.0,446.0,4460.0,2025-07-08
2025070801014895,MHCL,65,49,479.0,447.5,214352.5,2025-07-08
2025070801014894,MHCL,65,87,10.0,447.0,4470.0,2025-07-08
2025070801014893,MHCL,65,58,10.0,447.0,4470.0,2025-07-08
2025070801014892,NIBLSTF,82,25,100.0,8.79,879.0,2025-07-08
2025070805010198,VLUCL,56,38,60.0,594.0,35640.0,2025-07-08
2025070805010197,VLUCL,54,38,40.0,594.1,23764.0,2025-07-08
2025070801014891,SRLI,34,50,10.0,400.0,4000.0,2025-07-08
2025070804021173,MEN,19,14,200.0,600.1,120020.0,2025-07-08
2025070804021172,NGPL,41,92,161.0,387.9,62451.9,2025-07-08
2025070801014890,NBL,48,41,116.0,260.1,30171.6,2025-07-08
2025070804021171,KPCL,52,48,170.0,532.1,90457.0,2025-07-08
2025070801014889,SRLI,14,50,48.0,400.0,19200.0,2025-07-08
2025070803009730,RLFL,3,26,100.0,499.0,49900.0,2025-07-08
2025070803009729,MNBBL,28,59,270.0,380.2,102654.0,2025-07-08
2025070803009728,MNBBL,28,59,90.0,380.2,34218.0,2025-07-08
2025070803009727,CFCL,17,54,30.0,534.0,16020.0,2025-07-08
2025070801014888,CKHL,47,42,40.0,625.0,25000.0,2025-07-08
2025070803009726,VLBS,42,45,30.0,854.0,25620.0,2025-07-08
2025070803009725,VLBS,42,49,470.0,853.9,401333.0,2025-07-08
2025070804021170,NGPL,62,58,504.0,387.1,195098.4,2025-07-08
2025070801014887,HHL,53,39,125.0,400.0,50000.0,2025-07-08
2025070803009724,GFCL,17,29,62.0,650.0,40300.0,2025-07-08
2025070803009723,GFCL,14,29,488.0,650.1,317248.8,2025-07-08
2025070803009722,GFCL,35,29,150.0,650.2,97530.0,2025-07-08
2025070804021169,GHL,57,48,368.0,250.0,92000.0,2025-07-08
2025070801014886,MCHL,57,22,90.0,532.0,47880.0,2025-07-08
2025070801014885,MCHL,57,38,10.0,531.0,5310.0,2025-07-08
2025070803009721,MSLB,14,77,10.0,1215.0,12150.0,2025-07-08
2025070804021168,SHPC,58,43,10.0,603.0,6030.0,2025-07-08
2025070804021167,GLH,21,17,10.0,262.0,2620.0,2025-07-08
2025070804021166,GLH,21,41,990.0,262.0,259380.0,2025-07-08
2025070803009720,PMLI,49,16,18.0,525.0,9450.0,2025-07-08
2025070803009719,PMLI,49,44,12.0,525.0,6300.0,2025-07-08
2025070804021165,SHPC,56,45,1000.0,600.0,600000.0,2025-07-08
2025070804021164,SHPC,43,45,1000.0,600.1,600100.0,2025-07-08
2025070804021163,SHPC,39,45,500.0,600.1,300050.0,2025-07-08
2025070804021162,SHPC,38,45,100.0,600.5,60050.0,2025-07-08
2025070804021161,SHPC,87,45,300.0,601.0,180300.0,2025-07-08
2025070804021160,SHPC,39,45,100.0,601.0,60100.0,2025-07-08
2025070801014884,HIDCLP,1,66,1000.0,207.0,207000.0,2025-07-08
2025070801014883,GVL,51,49,20.0,466.0,9320.0,2025-07-08
2025070801014882,GVL,51,37,11.0,466.0,5126.0,2025-07-08
2025070801014881,GVL,51,58,389.0,466.0,181274.0,2025-07-08
2025070803009718,SLBSL,49,47,100.0,1500.0,150000.0,2025-07-08
2025070803009717,SLBSL,22,47,10.0,1500.0,15000.0,2025-07-08
2025070804021159,UNHPL,57,42,130.0,428.0,55640.0,2025-07-08
2025070801014880,OMPL,68,41,10.0,1358.0,13580.0,2025-07-08
2025070803009716,SKBBL,58,45,65.0,807.0,52455.0,2025-07-08
2025070803009715,SKBBL,34,45,10.0,807.0,8070.0,2025-07-08
2025070801014879,BEDC,32,49,35.0,688.5,24097.5,2025-07-08
2025070801014878,BEDC,48,49,165.0,688.6,113619.0,2025-07-08
2025070805010196,VLUCL,54,16,10.0,594.1,5941.0,2025-07-08
2025070805010195,HRL,45,50,20.0,922.0,18440.0,2025-07-08
2025070801014877,MEHL,58,58,10.0,420.0,4200.0,2025-07-08
2025070801014876,NMIC,14,5,55.0,1582.1,87015.5,2025-07-08
2025070803009714,MPFL,53,37,10.0,605.0,6050.0,2025-07-08
2025070804021158,SPDL,21,48,10.0,397.0,3970.0,2025-07-08
2025070803009713,JFL,58,37,100.0,500.0,50000.0,2025-07-08
2025070805010194,SAHAS,42,17,20.0,604.0,12080.0,2025-07-08
2025070805010193,SAHAS,58,17,11.0,604.0,6644.0,2025-07-08
2025070803009712,MLBL,38,29,10.0,382.0,3820.0,2025-07-08
2025070803009711,MLBL,38,29,910.0,382.0,347620.0,2025-07-08
2025070803009710,FOWAD,38,37,21.0,1133.3,23799.3,2025-07-08
2025070801014875,RFPL,35,54,10.0,591.0,5910.0,2025-07-08
2025070804021157,PPCL,35,41,10.0,372.0,3720.0,2025-07-08
2025070801014874,DORDI,80,52,489.0,309.0,151101.0,2025-07-08
2025070801014873,DORDI,53,52,30.0,309.0,9270.0,2025-07-08
2025070801014872,DORDI,4,52,200.0,309.0,61800.0,2025-07-08
2025070801014871,DORDI,58,52,212.0,309.0,65508.0,2025-07-08
2025070804021156,RHPL,90,37,25.0,350.8,8770.0,2025-07-08
2025070804021155,AKJCL,53,49,248.0,208.0,51584.0,2025-07-08
2025070803009709,PROFL,48,57,76.0,504.0,38304.0,2025-07-08
2025070803009708,MDB,45,59,189.0,591.5,111793.5,2025-07-08
2025070805010192,NRIC,55,55,2855.0,1309.2,3737766.0,2025-07-08
2025070805010191,NRIC,55,55,47145.0,1309.6,61741092.0,2025-07-08
2025070803009707,DDBL,42,51,120.0,824.0,98880.0,2025-07-08
2025070801014870,SPHL,33,38,204.0,663.0,135252.0,2025-07-08
2025070803009706,GMFBS,56,41,20.0,1555.0,31100.0,2025-07-08
2025070803009705,GMFBS,55,41,10.0,1555.0,15550.0,2025-07-08
2025070804021154,LEC,13,26,500.0,211.8,105900.0,2025-07-08
2025070803009704,GILB,13,48,10.0,1276.1,12761.0,2025-07-08
2025070803009703,SHINE,42,57,22.0,403.9,8885.8,2025-07-08
2025070803009702,SHINE,42,57,100.0,403.0,40300.0,2025-07-08
2025070804021153,RADHI,94,75,160.0,787.5,126000.0,2025-07-08
2025070804021152,HDHPC,51,22,970.0,197.1,191187.0,2025-07-08
2025070804021151,SSHL,57,1,20.0,253.0,5060.0,2025-07-08
2025070804021150,CHCL,5,58,234.0,530.0,124020.0,2025-07-08
2025070804021149,CHCL,5,52,200.0,530.0,106000.0,2025-07-08
2025070804021148,CHCL,5,19,66.0,530.0,34980.0,2025-07-08
2025070804021147,SHPC,39,32,200.0,601.0,120200.0,2025-07-08
2025070804021146,AKJCL,53,49,100.0,208.0,20800.0,2025-07-08
2025070801014869,CREST,58,49,10.0,1413.0,14130.0,2025-07-08
2025070804021145,BPCL,38,48,10.0,836.1,8361.0,2025-07-08
2025070805010190,NRIC,55,28,320.0,1309.6,419072.0,2025-07-08
2025070805010189,NRIC,98,28,30.0,1309.7,39291.0,2025-07-08
2025070804021144,KKHC,45,51,10.0,446.0,4460.0,2025-07-08
2025070804021143,HEI,45,50,60.0,596.0,35760.0,2025-07-08
2025070804021142,UPCL,36,58,25.0,398.0,9950.0,2025-07-08
2025070803009701,SAPDBL,45,13,10.0,1071.0,10710.0,2025-07-08
2025070801014868,NMB,4,13,1100.0,247.0,271700.0,2025-07-08
2025070803009700,NFS,4,42,10.0,735.0,7350.0,2025-07-08
2025070803009699,MDB,43,59,11.0,591.5,6506.5,2025-07-08
2025070804021141,SSHL,54,80,49.0,252.0,12348.0,2025-07-08
2025070804021140,SSHL,34,80,50.0,252.1,12605.0,2025-07-08
2025070801014867,SRLI,58,34,100.0,400.0,40000.0,2025-07-08
2025070801014866,BGWT,57,58,10.0,1002.0,10020.0,2025-07-08
2025070803009698,SINDU,72,88,101.0,915.0,92415.0,2025-07-08
2025070801014865,NMIC,14,57,200.0,1583.0,316600.0,2025-07-08
2025070801014864,NMIC,14,58,10.0,1583.0,15830.0,2025-07-08
2025070804021139,NHPC,17,42,1000.0,212.0,212000.0,2025-07-08
2025070804021138,SHPC,34,81,11.0,604.0,6644.0,2025-07-08
2025070801014863,NWCL,49,18,10.0,898.0,8980.0,2025-07-08
2025070805010188,SMJC,19,62,10.0,525.0,5250.0,2025-07-08
2025070803009697,SLBSL,46,59,30.0,1511.0,45330.0,2025-07-08
2025070803009696,SINDU,42,42,20.0,915.1,18302.0,2025-07-08
2025070803009695,SINDU,42,38,10.0,915.1,9151.0,2025-07-08
2025070801014862,MHCL,14,42,10.0,445.0,4450.0,2025-07-08
2025070804021137,TRH,95,42,53.0,927.0,49131.0,2025-07-08
2025070804021136,TRH,56,42,40.0,928.0,37120.0,2025-07-08
2025070805010187,GIBF1,46,4,14900.0,10.65,158685.0,2025-07-08
2025070805010186,GIBF1,46,58,100.0,10.6,1060.0,2025-07-08
2025070801014861,PURE,58,6,45.0,887.0,39915.0,2025-07-08
2025070801014860,PURE,58,6,10.0,887.0,8870.0,2025-07-08
2025070801014859,PURE,42,6,20.0,887.3,17746.0,2025-07-08
2025070801014858,PURE,7,6,70.0,887.4,62118.0,2025-07-08
2025070801014857,PURE,52,6,20.0,888.0,17760.0,2025-07-08
2025070801014856,PURE,58,6,10.0,888.0,8880.0,2025-07-08
2025070801014855,PURE,45,6,25.0,890.0,22250.0,2025-07-08
2025070804021135,SHEL,62,57,1100.0,287.0,315700.0,2025-07-08
2025070804021134,HDHPC,51,72,1877.0,197.1,369956.7,2025-07-08
2025070804021133,HDHPC,48,72,410.0,197.2,80852.0,2025-07-08
2025070801014854,GMLI,55,58,10.0,2365.0,23650.0,2025-07-08
2025070804021132,BARUN,99,42,2280.0,430.0,980400.0,2025-07-08
2025070804021131,BARUN,99,48,30.0,430.0,12900.0,2025-07-08
2025070804021130,BARUN,99,58,40.0,430.0,17200.0,2025-07-08
2025070804021129,BARUN,99,46,300.0,430.0,129000.0,2025-07-08
2025070804021128,BARUN,99,42,100.0,430.0,43000.0,2025-07-08
2025070804021127,BARUN,99,17,50.0,430.0,21500.0,2025-07-08
2025070804021126,BARUN,99,74,20.0,430.0,8600.0,2025-07-08
2025070804021125,BARUN,99,45,500.0,430.0,215000.0,2025-07-08
2025070804021124,BARUN,99,34,512.0,430.0,220160.0,2025-07-08
2025070804021123,BARUN,99,34,500.0,430.0,215000.0,2025-07-08
2025070804021122,BARUN,99,34,270.0,430.0,116100.0,2025-07-08
2025070804021121,BARUN,99,8,10000.0,429.9,4299000.0,2025-07-08
2025070804021120,BARUN,99,58,10.0,429.8,4298.0,2025-07-08
2025070804021119,BARUN,99,43,88.0,429.0,37752.0,2025-07-08
2025070804021118,BARUN,99,47,320.0,429.0,137280.0,2025-07-08
2025070804021117,BARUN,99,6,1000.0,429.0,429000.0,2025-07-08
2025070804021116,BARUN,99,55,200.0,429.0,85800.0,2025-07-08
2025070804021115,BARUN,99,5,1550.0,429.0,664950.0,2025-07-08
2025070804021114,BARUN,99,50,700.0,428.9,300230.0,2025-07-08
2025070804021113,BARUN,99,57,840.0,428.0,359520.0,2025-07-08
2025070804021112,BARUN,99,54,50.0,427.0,21350.0,2025-07-08
2025070804021111,BARUN,99,42,100.0,427.0,42700.0,2025-07-08
2025070804021110,BARUN,99,45,540.0,425.0,229500.0,2025-07-08
2025070801014853,PURE,63,8,100.0,896.0,89600.0,2025-07-08
2025070801014852,PURE,63,57,50.0,895.0,44750.0,2025-07-08
2025070801014851,PURE,63,58,40.0,895.0,35800.0,2025-07-08
2025070801014850,PURE,63,58,10.0,895.0,8950.0,2025-07-08
2025070801014849,PURE,63,57,10.0,892.0,8920.0,2025-07-08
2025070804021109,NIL,58,45,18.0,700.6,12610.8,2025-07-08
2025070805010185,CIT,55,53,57.0,1915.0,109155.0,2025-07-08
2025070805010184,CIT,55,48,23.0,1915.0,44045.0,2025-07-08
2025070805010183,CIT,55,53,20.0,1915.0,38300.0,2025-07-08
2025070803009694,SINDU,72,4,500.0,915.0,457500.0,2025-07-08
2025070805010182,HIDCL,41,44,111.0,292.0,32412.0,2025-07-08
2025070804021108,RADHI,94,39,100.0,787.5,78750.0,2025-07-08
2025070801014848,KBL,94,26,500.0,208.0,104000.0,2025-07-08
2025070801014847,KBL,94,45,20.0,208.0,4160.0,2025-07-08
2025070801014846,KBL,94,6,10.0,208.0,2080.0,2025-07-08
2025070801014845,KBL,94,43,25.0,208.0,5200.0,2025-07-08
2025070805010181,NRN,71,42,585.0,2234.0,1306890.0,2025-07-08
2025070805010180,NRN,83,42,315.0,2234.1,703741.5,2025-07-08
2025070805010179,NRN,74,42,100.0,2235.0,223500.0,2025-07-08
2025070803009693,PFL,13,39,120.0,423.0,50760.0,2025-07-08
2025070804021107,NGPL,69,58,50.0,387.1,19355.0,2025-07-08
2025070801014844,NYADI,94,57,10.0,469.0,4690.0,2025-07-08
2025070801014843,SMHL,17,53,10.0,960.0,9600.0,2025-07-08
2025070801014842,SMHL,29,53,50.0,960.3,48015.0,2025-07-08
2025070801014841,SMHL,13,53,50.0,960.5,48025.0,2025-07-08
2025070801014840,SMHL,56,53,50.0,960.6,48030.0,2025-07-08
2025070801014839,SMHL,22,53,50.0,961.0,48050.0,2025-07-08
2025070801014838,SMHL,49,53,10.0,961.0,9610.0,2025-07-08
2025070801014837,SMHL,41,53,21.0,961.5,20191.5,2025-07-08
2025070801014836,SMHL,22,53,40.0,961.5,38460.0,2025-07-08
2025070801014835,SMHL,28,53,40.0,962.0,38480.0,2025-07-08
2025070803009692,SIFC,7,45,50.0,530.0,26500.0,2025-07-08
2025070803009691,ICFC,42,98,25.0,623.7,15592.5,2025-07-08
2025070804021106,KKHC,34,51,45.0,446.0,20070.0,2025-07-08
2025070804021105,KKHC,34,22,150.0,446.0,66900.0,2025-07-08
2025070804021104,KKHC,34,34,100.0,446.0,44600.0,2025-07-08
2025070804021103,KKHC,34,8,50.0,446.0,22300.0,2025-07-08
2025070804021102,KKHC,34,35,22.0,446.0,9812.0,2025-07-08
2025070804021101,KKHC,34,57,93.0,446.0,41478.0,2025-07-08
2025070804021100,NGPL,1,58,115.0,387.0,44505.0,2025-07-08
2025070804021099,HPPL,44,58,100.0,499.0,49900.0,2025-07-08
2025070804021098,HPPL,16,58,20.0,499.0,9980.0,2025-07-08
2025070804021097,HPPL,41,58,100.0,499.0,49900.0,2025-07-08
2025070804021096,HPPL,34,58,708.0,499.1,353362.8,2025-07-08
2025070804021095,HPPL,54,58,200.0,499.1,99820.0,2025-07-08
2025070804021094,HPPL,39,58,100.0,499.1,49910.0,2025-07-08
2025070804021093,HPPL,11,58,200.0,499.1,99820.0,2025-07-08
2025070804021092,HPPL,55,58,50.0,499.6,24980.0,2025-07-08
2025070804021091,HPPL,34,58,200.0,499.6,99920.0,2025-07-08
2025070804021090,HPPL,34,58,200.0,500.0,100000.0,2025-07-08
2025070804021089,HPPL,16,58,323.0,500.0,161500.0,2025-07-08
2025070804021088,HPPL,32,58,100.0,500.1,50010.0,2025-07-08
2025070804021087,HPPL,45,58,10.0,500.1,5001.0,2025-07-08
2025070804021086,HPPL,41,58,150.0,501.0,75150.0,2025-07-08
2025070804021085,HPPL,3,58,50.0,501.0,25050.0,2025-07-08
2025070805010178,HRL,45,45,15.0,922.0,13830.0,2025-07-08
2025070803009690,EDBL,19,50,50.0,585.0,29250.0,2025-07-08
2025070804021084,HURJA,51,39,15.0,250.3,3754.5,2025-07-08
2025070804021083,SGIC,58,32,10.0,560.5,5605.0,2025-07-08
2025070801014834,RHGCL,62,22,365.0,399.0,145635.0,2025-07-08
2025070801014833,RHGCL,62,80,100.0,398.4,39840.0,2025-07-08
2025070801014832,RHGCL,62,56,55.0,398.4,21912.0,2025-07-08
2025070801014831,RHGCL,62,19,20.0,395.0,7900.0,2025-07-08
2025070801014830,RHGCL,62,13,50.0,390.0,19500.0,2025-07-08
2025070801014829,RHGCL,62,67,10.0,390.0,3900.0,2025-07-08
2025070801014828,RHGCL,62,72,150.0,390.0,58500.0,2025-07-08
2025070801014827,RHGCL,62,14,750.0,389.9,292425.0,2025-07-08
2025070804021082,SPDL,70,48,11.0,397.0,4367.0,2025-07-08
2025070801014826,SPHL,33,1,51.0,660.0,33660.0,2025-07-08
2025070803009689,RSDC,38,6,21.0,660.0,13860.0,2025-07-08
2025070803009688,RSDC,38,6,10.0,660.0,6600.0,2025-07-08
2025070803009687,RSDC,33,6,500.0,660.0,330000.0,2025-07-08
2025070803009686,RSDC,29,6,46.0,660.0,30360.0,2025-07-08
2025070803009685,RSDC,42,6,90.0,660.1,59409.0,2025-07-08
2025070803009684,RSDC,33,6,20.0,660.1,13202.0,2025-07-08
2025070803009683,RSDC,38,6,23.0,660.1,15182.3,2025-07-08
2025070803009682,RSDC,38,6,100.0,660.2,66020.0,2025-07-08
2025070803009681,RSDC,1,6,200.0,660.3,132060.0,2025-07-08
2025070805010177,NRIC,55,41,35.0,1309.6,45836.0,2025-07-08
2025070801014825,GBIME,58,57,300.0,237.2,71160.0,2025-07-08
2025070801014824,RFPL,37,57,100.0,590.0,59000.0,2025-07-08
2025070805010176,MBJC,11,66,10.0,314.0,3140.0,2025-07-08
2025070801014823,PRVU,54,34,74.0,207.1,15325.4,2025-07-08
2025070801014822,PRVU,41,34,108.0,207.1,22366.8,2025-07-08
2025070804021081,UPCL,34,58,20.0,398.0,7960.0,2025-07-08
2025070803009680,MLBBL,56,52,10.0,1487.0,14870.0,2025-07-08
2025070801014821,RFPL,37,44,50.0,590.0,29500.0,2025-07-08
2025070805010175,NIFRA,34,52,54.0,276.2,14914.8,2025-07-08
2025070805010174,NIFRA,34,1,399.0,276.2,110203.8,2025-07-08
2025070805010173,NIBSF2,46,52,200.0,8.71,1742.0,2025-07-08
2025070805010172,NIBSF2,51,52,100.0,8.71,871.0,2025-07-08
2025070805010171,HDL,58,32,100.0,1219.0,121900.0,2025-07-08
2025070804021080,GLH,26,41,10.0,262.0,2620.0,2025-07-08
2025070801014820,HIDCLP,45,35,20.0,207.9,4158.0,2025-07-08
2025070805010170,HRL,45,97,10.0,923.0,9230.0,2025-07-08
2025070804021079,SHL,44,50,500.0,563.4,281700.0,2025-07-08
2025070804021078,AHPC,49,42,170.0,285.0,48450.0,2025-07-08
2025070804021077,AHPC,42,42,800.0,285.0,228000.0,2025-07-08
2025070804021076,AHPC,34,42,30.0,285.1,8553.0,2025-07-08
2025070805010169,MBJC,42,32,10.0,314.0,3140.0,2025-07-08
2025070805010168,MBJC,42,16,10.0,314.0,3140.0,2025-07-08
2025070805010167,MBJC,42,47,90.0,314.0,28260.0,2025-07-08
2025070805010166,MBJC,42,52,10.0,313.8,3138.0,2025-07-08
2025070804021075,CGH,38,6,30.0,956.0,28680.0,2025-07-08
2025070804021074,CGH,1,6,40.0,956.0,38240.0,2025-07-08
2025070804021073,CGH,5,6,30.0,957.0,28710.0,2025-07-08
2025070803009679,SWBBL,41,42,10.0,826.5,8265.0,2025-07-08
2025070803009678,SINDU,72,57,100.0,915.0,91500.0,2025-07-08
2025070801014819,CREST,58,1,10.0,1413.0,14130.0,2025-07-08
2025070801014818,CREST,58,42,10.0,1413.0,14130.0,2025-07-08
2025070801014817,NABIL,32,14,100.0,496.0,49600.0,2025-07-08
2025070804021072,PPCL,32,41,62.0,372.0,23064.0,2025-07-08
2025070804021071,PPCL,32,52,238.0,371.9,88512.2,2025-07-08
2025070803009677,JFL,58,34,50.0,499.0,24950.0,2025-07-08
2025070803009676,SJLIC,28,52,10.0,440.1,4401.0,2025-07-08
2025070804021070,BPCL,40,13,10.0,839.8,8398.0,2025-07-08
2025070801014816,DORDI,58,56,38.0,309.0,11742.0,2025-07-08
2025070801014815,DORDI,42,56,100.0,309.0,30900.0,2025-07-08
2025070801014814,DORDI,74,56,152.0,309.0,46968.0,2025-07-08
2025070801014813,DORDI,58,56,100.0,309.1,30910.0,2025-07-08
2025070801014812,DORDI,54,56,50.0,309.2,15460.0,2025-07-08
2025070801014811,DORDI,34,56,100.0,309.3,30930.0,2025-07-08
2025070801014810,DORDI,44,56,100.0,309.3,30930.0,2025-07-08
2025070801014809,DORDI,52,56,160.0,309.5,49520.0,2025-07-08
2025070801014808,DORDI,45,56,100.0,310.5,31050.0,2025-07-08
2025070803009675,SAPDBL,45,39,100.0,1071.0,107100.0,2025-07-08
2025070803009674,SAPDBL,45,11,247.0,1071.0,264537.0,2025-07-08
2025070804021069,RADHI,8,14,50.0,787.9,39395.0,2025-07-08
2025070803009673,CFCL,51,43,154.0,535.0,82390.0,2025-07-08
2025070803009672,CFCL,51,42,346.0,535.0,185110.0,2025-07-08
2025070801014807,GBIME,36,41,59.0,238.0,14042.0,2025-07-08
2025070801014806,GBIME,36,42,81.0,238.0,19278.0,2025-07-08
2025070801014805,MEHL,19,13,50.0,416.5,20825.0,2025-07-08
2025070801014804,MEHL,44,13,25.0,416.7,10417.5,2025-07-08
2025070801014803,MEHL,16,13,50.0,417.0,20850.0,2025-07-08
2025070801014802,MEHL,58,13,200.0,417.0,83400.0,2025-07-08
2025070801014801,MEHL,19,13,20.0,417.0,8340.0,2025-07-08
2025070801014800,MEHL,7,13,28.0,417.0,11676.0,2025-07-08
2025070801014799,MEHL,55,13,239.0,417.4,99758.6,2025-07-08
2025070801014798,MEHL,42,13,10.0,417.4,4174.0,2025-07-08
2025070801014797,MEHL,38,13,80.0,417.5,33400.0,2025-07-08
2025070801014796,MEHL,44,13,40.0,417.5,16700.0,2025-07-08
2025070801014795,MEHL,38,13,50.0,417.6,20880.0,2025-07-08
2025070801014794,MEHL,16,13,50.0,418.0,20900.0,2025-07-08
2025070801014793,MEHL,17,13,90.0,418.0,37620.0,2025-07-08
2025070801014792,AHL,47,48,30.0,608.0,18240.0,2025-07-08
2025070805010165,SAHAS,58,34,289.0,604.0,174556.0,2025-07-08
2025070804021068,UPCL,14,58,20.0,398.0,7960.0,2025-07-08
2025070803009671,SINDU,72,21,200.0,915.0,183000.0,2025-07-08
2025070801014791,AVYAN,25,49,19.0,1006.0,19114.0,2025-07-08
2025070803009670,PMLI,36,32,12.0,522.1,6265.2,2025-07-08
2025070801014790,PCBL,17,32,156.0,256.2,39967.2,2025-07-08
2025070805010164,SAHAS,99,34,111.0,604.0,67044.0,2025-07-08
2025070804021067,UMHL,62,92,60.0,565.3,33918.0,2025-07-08
2025070804021066,UMHL,38,92,440.0,565.3,248732.0,2025-07-08
2025070804021065,RHPL,86,52,200.0,350.5,70100.0,2025-07-08
2025070803009669,CFCL,101,49,100.0,534.0,53400.0,2025-07-08
2025070804021064,PRIN,29,90,104.0,925.0,96200.0,2025-07-08
2025070801014789,NWCL,19,26,20.0,892.3,17846.0,2025-07-08
2025070804021063,HDHPC,48,41,500.0,197.2,98600.0,2025-07-08
2025070804021062,HDHPC,48,57,90.0,197.2,17748.0,2025-07-08
2025070804021061,MEN,19,8,16.0,600.1,9601.6,2025-07-08
2025070801014788,NMIC,14,43,10.0,1582.1,15821.0,2025-07-08
2025070803009668,SINDU,72,77,540.0,915.0,494100.0,2025-07-08
2025070801014787,SPC,58,58,25.0,515.0,12875.0,2025-07-08
2025070803009667,SINDU,72,84,200.0,915.0,183000.0,2025-07-08
2025070805010163,SAHAS,99,57,189.0,604.0,114156.0,2025-07-08
2025070805010162,SAHAS,58,57,11.0,604.0,6644.0,2025-07-08
2025070801014786,SIGS3,32,71,10000.0,10.3,103000.0,2025-07-08
2025070804021060,UPPER,59,26,100.0,195.3,19530.0,2025-07-08
2025070803009666,GMFIL,46,48,10.0,492.0,4920.0,2025-07-08
2025070803009665,GMFIL,44,48,10.0,493.0,4930.0,2025-07-08
2025070805010161,SAHAS,58,62,10.0,604.0,6040.0,2025-07-08
2025070803009664,SINDU,72,39,150.0,915.0,137250.0,2025-07-08
2025070804021059,UPCL,58,58,135.0,398.0,53730.0,2025-07-08
2025070805010160,NRN,14,14,50.0,2240.0,112000.0,2025-07-08
2025070803009663,VLBS,42,49,30.0,853.9,25617.0,2025-07-08
2025070803009662,VLBS,42,38,75.0,850.0,63750.0,2025-07-08
2025070803009661,VLBS,42,7,40.0,850.0,34000.0,2025-07-08
2025070803009660,VLBS,42,45,400.0,846.9,338760.0,2025-07-08
2025070803009659,VLBS,42,58,10.0,846.6,8466.0,2025-07-08
2025070803009658,VLBS,42,45,20.0,846.6,16932.0,2025-07-08
2025070803009657,VLBS,42,7,76.0,846.6,64341.6,2025-07-08
2025070803009656,VLBS,42,45,14.0,846.0,11844.0,2025-07-08
2025070803009655,VLBS,42,45,200.0,846.0,169200.0,2025-07-08
2025070803009654,VLBS,42,58,16.0,845.0,13520.0,2025-07-08
2025070803009653,VLBS,42,29,100.0,845.0,84500.0,2025-07-08
2025070803009652,VLBS,42,16,19.0,844.5,16045.5,2025-07-08
2025070801014785,SPC,68,58,11.0,515.0,5665.0,2025-07-08
2025070804021058,BPCL,74,13,400.0,839.8,335920.0,2025-07-08
2025070803009651,SLBBL,42,14,10.0,905.0,9050.0,2025-07-08
2025070803009650,SADBL,21,85,10.0,407.0,4070.0,2025-07-08
2025070804021057,GLH,25,41,300.0,262.0,78600.0,2025-07-08
2025070803009649,HLI,14,38,150.0,404.9,60735.0,2025-07-08
2025070801014784,MKHC,34,57,10.0,418.9,4189.0,2025-07-08
2025070804021056,UPCL,92,50,130.0,400.0,52000.0,2025-07-08
2025070804021055,UPCL,92,35,200.0,400.0,80000.0,2025-07-08
2025070804021054,UPCL,92,52,1051.0,400.0,420400.0,2025-07-08
2025070804021053,UPCL,92,36,500.0,399.9,199950.0,2025-07-08
2025070804021052,UPCL,92,48,100.0,399.5,39950.0,2025-07-08
2025070804021051,UPCL,92,99,250.0,399.5,99875.0,2025-07-08
2025070804021050,UPCL,92,74,837.0,399.0,333963.0,2025-07-08
2025070804021049,UPCL,92,51,100.0,398.5,39850.0,2025-07-08
2025070804021048,UPCL,92,51,150.0,398.0,59700.0,2025-07-08
2025070804021047,UPCL,92,35,542.0,398.0,215716.0,2025-07-08
2025070804021046,UPCL,92,60,140.0,398.0,55720.0,2025-07-08
2025070801014783,DOLTI,47,10,69.0,558.6,38543.4,2025-07-08
2025070804021045,UMHL,58,49,50.0,565.4,28270.0,2025-07-08
2025070801014782,SPHL,33,62,750.0,660.0,495000.0,2025-07-08
2025070801014781,SGHC,44,94,75.0,397.1,29782.5,2025-07-08
2025070804021044,NGPL,1,14,305.0,387.0,118035.0,2025-07-08
2025070804021043,SHPC,56,58,525.0,600.0,315000.0,2025-07-08
2025070805010159,SAHAS,58,28,20.0,604.0,12080.0,2025-07-08
2025070805010158,SAHAS,58,52,20.0,604.0,12080.0,2025-07-08
2025070805010157,SAHAS,58,55,59.0,604.0,35636.0,2025-07-08
2025070804021042,HDHPC,51,5,400.0,197.1,78840.0,2025-07-08
2025070804021041,UNHPL,7,39,100.0,429.0,42900.0,2025-07-08
2025070803009648,SINDU,72,6,30.0,915.0,27450.0,2025-07-08
2025070801014780,BHL,57,47,100.0,211.0,21100.0,2025-07-08
2025070803009647,GMFIL,44,58,490.0,493.0,241570.0,2025-07-08
2025070804021040,IGI,99,34,10.0,539.0,5390.0,2025-07-08
2025070803009646,NFS,4,49,270.0,735.0,198450.0,2025-07-08
2025070801014779,UNLB,56,57,10.0,2149.0,21490.0,2025-07-08
2025070801014778,UNLB,56,64,10.0,2145.0,21450.0,2025-07-08
2025070801014777,UNLB,56,57,10.0,2145.0,21450.0,2025-07-08
2025070804021039,UPCL,45,60,100.0,398.0,39800.0,2025-07-08
2025070803009645,GRDBL,34,54,50.0,1385.0,69250.0,2025-07-08
2025070803009644,SHINE,5,39,42.0,402.0,16884.0,2025-07-08
2025070803009643,SHINE,25,39,50.0,402.0,20100.0,2025-07-08
2025070803009642,SHINE,21,39,96.0,402.0,38592.0,2025-07-08
2025070803009641,SHINE,29,39,280.0,402.0,112560.0,2025-07-08
2025070803009640,SHINE,95,39,200.0,403.0,80600.0,2025-07-08
2025070803009639,SHINE,35,39,112.0,403.0,45136.0,2025-07-08
2025070803009638,SHINE,42,39,120.0,403.1,48372.0,2025-07-08
2025070803009637,SHINE,34,39,100.0,403.1,40310.0,2025-07-08
2025070803009636,SAPDBL,58,11,20.0,1071.0,21420.0,2025-07-08
2025070805010156,SAHAS,44,55,41.0,604.0,24764.0,2025-07-08
2025070804021038,NHDL,88,21,10.0,667.8,6678.0,2025-07-08
2025070803009635,DDBL,42,39,20.0,824.0,16480.0,2025-07-08
2025070803009634,DDBL,42,17,50.0,824.0,41200.0,2025-07-08
2025070803009633,DDBL,42,7,10.0,824.0,8240.0,2025-07-08
2025070801014776,HHL,53,74,200.0,400.0,80000.0,2025-07-08
2025070803009632,GBBL,58,74,100.0,401.0,40100.0,2025-07-08
2025070804021037,NHPC,17,42,100.0,212.0,21200.0,2025-07-08
2025070803009631,MLBSL,34,43,23.0,2234.0,51382.0,2025-07-08
2025070803009630,MLBSL,34,58,40.0,2233.8,89352.0,2025-07-08
2025070804021036,SHPC,34,6,11.0,604.9,6653.9,2025-07-08
2025070805010155,CLI,37,49,40.0,470.0,18800.0,2025-07-08
2025070805010154,CLI,45,49,100.0,470.0,47000.0,2025-07-08
2025070805010153,CLI,57,49,27.0,470.0,12690.0,2025-07-08
2025070805010152,CLI,57,49,487.0,470.0,228890.0,2025-07-08
2025070805010151,CLI,36,49,46.0,470.0,21620.0,2025-07-08
2025070805010150,RNLI,59,49,11.0,475.0,5225.0,2025-07-08
2025070801014775,CREST,39,61,130.0,1411.8,183534.0,2025-07-08
2025070801014774,CREST,38,61,10.0,1412.0,14120.0,2025-07-08
2025070801014773,CREST,56,61,50.0,1412.2,70610.0,2025-07-08
2025070805010149,RNLI,59,32,85.0,475.0,40375.0,2025-07-08
2025070805010148,RNLI,59,6,135.0,475.0,64125.0,2025-07-08
2025070805010147,RNLI,59,50,264.0,475.0,125400.0,2025-07-08
2025070805010146,RNLI,59,42,50.0,475.0,23750.0,2025-07-08
2025070805010145,RNLI,59,45,11.0,475.0,5225.0,2025-07-08
2025070805010144,RNLI,59,8,11.0,475.0,5225.0,2025-07-08
2025070805010143,RNLI,59,38,11.0,475.0,5225.0,2025-07-08
2025070805010142,RNLI,59,42,11.0,475.0,5225.0,2025-07-08
2025070805010141,RNLI,59,42,58.0,475.0,27550.0,2025-07-08
2025070805010140,RNLI,59,55,11.0,475.0,5225.0,2025-07-08
2025070805010139,RNLI,59,39,11.0,475.0,5225.0,2025-07-08
2025070805010138,RNLI,59,91,11.0,475.0,5225.0,2025-07-08
2025070805010137,RNLI,59,19,11.0,475.0,5225.0,2025-07-08
2025070805010136,RNLI,59,17,10.0,475.0,4750.0,2025-07-08
2025070805010135,RNLI,59,74,200.0,475.0,95000.0,2025-07-08
2025070805010134,RNLI,59,4,11.0,474.9,5223.9,2025-07-08
2025070805010133,RNLI,59,14,11.0,474.3,5217.3,2025-07-08
2025070805010132,RNLI,59,58,11.0,474.2,5216.2,2025-07-08
2025070805010131,RNLI,59,25,50.0,474.0,23700.0,2025-07-08
2025070805010130,RNLI,59,38,11.0,474.0,5214.0,2025-07-08
2025070805010129,RNLI,59,41,1000.0,474.0,474000.0,2025-07-08
2025070805010128,RNLI,59,55,1000.0,474.0,474000.0,2025-07-08
2025070805010127,RNLI,59,22,50.0,474.0,23700.0,2025-07-08
2025070805010126,RNLI,59,1,100.0,473.0,47300.0,2025-07-08
2025070805010125,RNLI,59,1,618.0,473.0,292314.0,2025-07-08
2025070805010124,HRL,45,45,11.0,922.0,10142.0,2025-07-08
2025070801014772,DORDI,45,33,200.0,310.5,62100.0,2025-07-08
2025070804021035,BARUN,59,45,150.0,425.0,63750.0,2025-07-08
2025070804021034,BARUN,58,45,310.0,425.1,131781.0,2025-07-08
2025070803009629,MLBSL,13,48,50.0,2220.0,111000.0,2025-07-08
2025070803009628,JFL,62,37,50.0,500.0,25000.0,2025-07-08
2025070805010123,NRIC,55,96,260.0,1309.6,340496.0,2025-07-08
2025070804021033,UNHPL,70,39,260.0,429.0,111540.0,2025-07-08
2025070804021032,UNHPL,70,35,40.0,428.9,17156.0,2025-07-08
2025070803009627,MDB,21,39,166.0,589.0,97774.0,2025-07-08
2025070803009626,MDB,6,39,84.0,589.0,49476.0,2025-07-08
2025070804021031,KKHC,75,57,87.0,446.0,38802.0,2025-07-08
2025070804021030,KKHC,75,35,113.0,446.0,50398.0,2025-07-08
2025070804021029,RHPL,14,5,92.0,350.3,32227.6,2025-07-08
2025070804021028,RHPL,21,18,50.0,350.1,17505.0,2025-07-08
2025070804021027,RHPL,70,18,68.0,350.1,23806.8,2025-07-08
2025070804021026,RHPL,32,18,170.0,350.2,59534.0,2025-07-08
2025070804021025,RHPL,58,18,20.0,350.2,7004.0,2025-07-08
2025070804021024,RHPL,55,18,40.0,350.2,14008.0,2025-07-08
2025070804021023,RHPL,55,18,48.0,350.2,16809.6,2025-07-08
2025070804021022,RHPL,45,18,100.0,350.2,35020.0,2025-07-08
2025070804021021,CGH,7,88,150.0,957.6,143640.0,2025-07-08
2025070803009625,PROFL,42,57,10.0,504.0,5040.0,2025-07-08
2025070804021020,CGH,42,88,100.0,957.6,95760.0,2025-07-08
2025070801014771,HBL,14,45,10.0,221.0,2210.0,2025-07-08
2025070801014770,SRLI,6,34,100.0,400.0,40000.0,2025-07-08
2025070801014769,BHDC,36,94,50.0,494.0,24700.0,2025-07-08
2025070804021019,API,38,21,35.0,291.0,10185.0,2025-07-08
2025070805010122,HIDCL,38,17,400.0,291.3,116520.0,2025-07-08
2025070804021018,SSHL,35,1,166.0,253.0,41998.0,2025-07-08
2025070804021017,SSHL,35,58,10.0,253.0,2530.0,2025-07-08
2025070805010121,HDL,49,34,71.0,1216.3,86357.3,2025-07-08
2025070805010120,HDL,49,34,10.0,1216.4,12164.0,2025-07-08
2025070805010119,HDL,42,34,25.0,1216.4,30410.0,2025-07-08
2025070801014768,MKHC,54,52,48.0,413.0,19824.0,2025-07-08
2025070801014767,MKHC,42,52,70.0,413.1,28917.0,2025-07-08
2025070801014766,MKHC,58,52,20.0,413.1,8262.0,2025-07-08
2025070801014765,MKHC,57,52,200.0,413.4,82680.0,2025-07-08
2025070801014764,MKHC,6,52,20.0,413.5,8270.0,2025-07-08
2025070801014763,MKHC,34,52,476.0,413.9,197016.4,2025-07-08
2025070801014762,MKHC,35,52,50.0,414.0,20700.0,2025-07-08
2025070801014761,MKHC,67,52,10.0,414.1,4141.0,2025-07-08
2025070804021016,BPCL,36,48,10.0,836.0,8360.0,2025-07-08
2025070804021015,HEI,14,50,50.0,596.0,29800.0,2025-07-08
2025070804021014,GHL,16,55,1050.0,249.9,262395.0,2025-07-08
2025070804021013,GHL,16,42,205.0,249.9,51229.5,2025-07-08
2025070804021012,GHL,16,5,100.0,249.8,24980.0,2025-07-08
2025070804021011,GHL,16,5,500.0,249.5,124750.0,2025-07-08
2025070804021010,GHL,16,34,1100.0,249.3,274230.0,2025-07-08
2025070804021009,NGPL,34,45,1350.0,386.1,521235.0,2025-07-08
2025070804021008,NGPL,53,45,500.0,386.2,193100.0,2025-07-08
2025070801014760,BHL,45,47,500.0,211.0,105500.0,2025-07-08
2025070801014759,BHL,35,47,238.0,211.0,50218.0,2025-07-08
2025070801014758,BHL,47,47,250.0,211.1,52775.0,2025-07-08
2025070801014757,BHL,67,47,1000.0,211.2,211200.0,2025-07-08
2025070805010118,SAHAS,39,50,10.0,603.0,6030.0,2025-07-08
2025070805010117,NTC,42,58,22.0,846.0,18612.0,2025-07-08
2025070801014756,NICA,58,58,40.0,347.7,13908.0,2025-07-08
2025070803009624,SINDU,72,57,299.0,915.0,273585.0,2025-07-08
2025070804021007,SALICO,65,17,160.0,705.1,112816.0,2025-07-08
2025070801014755,CREST,38,22,10.0,1413.0,14130.0,2025-07-08
2025070804021006,KKHC,38,35,487.0,446.0,217202.0,2025-07-08
2025070804021005,KKHC,38,49,13.0,446.0,5798.0,2025-07-08
2025070804021004,LEC,34,26,10.0,211.8,2118.0,2025-07-08
2025070804021003,RHPL,34,5,21.0,350.3,7356.3,2025-07-08
2025070804021002,UPCL,48,63,300.0,397.2,119160.0,2025-07-08
2025070803009623,LBBL,56,49,100.0,430.0,43000.0,2025-07-08
2025070801014754,NIMB,22,32,48.0,213.0,10224.0,2025-07-08
2025070801014753,NIMB,48,32,465.0,213.1,99091.5,2025-07-08
2025070801014752,NIMB,22,32,213.0,213.1,45390.3,2025-07-08
2025070801014751,NIMB,36,32,249.0,213.2,53086.8,2025-07-08
2025070801014750,NIMB,32,32,15.0,213.3,3199.5,2025-07-08
2025070801014749,NIMB,42,32,10.0,213.3,2133.0,2025-07-08
2025070801014748,BHPL,34,33,25.0,728.5,18212.5,2025-07-08
2025070804021001,RURU,44,49,100.0,714.0,71400.0,2025-07-08
2025070804021000,AKPL,66,51,148.0,254.0,37592.0,2025-07-08
2025070804020999,AKPL,91,51,150.0,254.0,38100.0,2025-07-08
2025070804020998,AKPL,42,51,202.0,254.0,51308.0,2025-07-08
2025070804020997,SPDL,48,85,1000.0,396.0,396000.0,2025-07-08
2025070801014747,NMIC,14,43,10.0,1582.1,15821.0,2025-07-08
2025070805010116,HRL,37,58,10.0,922.0,9220.0,2025-07-08
2025070804020996,RHPL,38,5,100.0,350.3,35030.0,2025-07-08
2025070804020995,RHPL,62,5,500.0,350.3,175150.0,2025-07-08
2025070804020994,RHPL,35,5,50.0,350.3,17515.0,2025-07-08
2025070804020993,RHPL,5,5,217.0,350.3,76015.1,2025-07-08
2025070804020992,RHPL,25,5,20.0,350.4,7008.0,2025-07-08
2025070803009622,BFC,53,7,10.0,493.0,4930.0,2025-07-08
2025070801014746,HBL,42,42,100.0,220.1,22010.0,2025-07-08
2025070804020991,NHPC,57,42,150.0,212.0,31800.0,2025-07-08
2025070804020990,PRIN,67,6,332.0,922.0,306104.0,2025-07-08
2025070804020989,PRIN,42,6,50.0,922.0,46100.0,2025-07-08
2025070804020988,PRIN,81,6,100.0,922.0,92200.0,2025-07-08
2025070804020987,PRIN,40,6,200.0,923.1,184620.0,2025-07-08
2025070804020986,PRIN,38,6,1000.0,923.1,923100.0,2025-07-08
2025070804020985,PRIN,38,6,318.0,923.1,293545.8,2025-07-08
2025070804020984,API,49,21,80.0,291.0,23280.0,2025-07-08
2025070805010115,NTC,49,58,18.0,846.0,15228.0,2025-07-08
2025070805010114,NTC,49,34,40.0,846.0,33840.0,2025-07-08
2025070803009621,SINDU,72,47,110.0,915.0,100650.0,2025-07-08
2025070804020983,NICL,1,49,43.0,634.0,27262.0,2025-07-08
2025070804020982,NICL,1,62,250.0,634.0,158500.0,2025-07-08
2025070801014745,NABIL,43,14,30.0,496.0,14880.0,2025-07-08
2025070804020981,AKJCL,53,58,239.0,208.0,49712.0,2025-07-08
2025070804020980,SHPC,56,42,200.0,600.0,120000.0,2025-07-08
2025070804020979,SHPC,56,42,100.0,600.1,60010.0,2025-07-08
2025070804020978,SHPC,41,42,100.0,600.5,60050.0,2025-07-08
2025070804020977,SHPC,58,42,100.0,602.0,60200.0,2025-07-08
2025070803009620,SINDU,72,87,100.0,915.0,91500.0,2025-07-08
2025070804020976,AKPL,42,6,200.0,254.0,50800.0,2025-07-08
2025070801014744,PURE,58,6,10.0,888.0,8880.0,2025-07-08
2025070804020975,AHPC,35,22,10.0,286.0,2860.0,2025-07-08
2025070804020974,PRIN,38,55,10.0,923.1,9231.0,2025-07-08
2025070804020973,PRIN,57,55,200.0,923.2,184640.0,2025-07-08
2025070804020972,PRIN,18,55,200.0,923.2,184640.0,2025-07-08
2025070804020971,PRIN,38,55,140.0,924.0,129360.0,2025-07-08
2025070804020970,UPCL,71,60,120.0,398.0,47760.0,2025-07-08
2025070804020969,SGIC,47,32,66.0,560.5,36993.0,2025-07-08
2025070804020968,SGIC,47,32,15.0,560.0,8400.0,2025-07-08
2025070804020967,PPCL,44,47,450.0,370.0,166500.0,2025-07-08
2025070804020966,PPCL,41,47,300.0,370.0,111000.0,2025-07-08
2025070804020965,PPCL,35,47,1050.0,371.0,389550.0,2025-07-08
2025070804020964,NHDL,45,88,490.0,655.9,321391.0,2025-07-08
2025070804020963,NHDL,58,88,10.0,656.2,6562.0,2025-07-08
2025070804020962,SPDL,53,57,500.0,397.0,198500.0,2025-07-08
2025070803009619,ALICL,13,7,50.0,499.2,24960.0,2025-07-08
2025070803009618,VLBS,42,16,281.0,844.5,237304.5,2025-07-08
2025070803009617,VLBS,42,48,50.0,844.0,42200.0,2025-07-08
2025070803009616,VLBS,42,60,195.0,843.2,164424.0,2025-07-08
2025070803009615,VLBS,42,58,54.0,843.0,45522.0,2025-07-08
2025070803009614,VLBS,42,45,100.0,842.9,84290.0,2025-07-08
2025070803009613,VLBS,42,60,100.0,840.0,84000.0,2025-07-08
2025070803009612,VLBS,42,34,200.0,839.0,167800.0,2025-07-08
2025070803009611,VLBS,42,17,20.0,839.0,16780.0,2025-07-08
2025070804020961,GLH,21,56,5.0,262.0,1310.0,2025-07-08
2025070804020960,GLH,21,5,200.0,262.0,52400.0,2025-07-08
2025070804020959,GLH,21,57,100.0,262.0,26200.0,2025-07-08
2025070804020958,GLH,21,45,95.0,262.0,24890.0,2025-07-08
2025070801014743,NABIL,38,14,10.0,496.0,4960.0,2025-07-08
2025070805010113,HIDCL,38,34,144.0,291.3,41947.2,2025-07-08
2025070803009610,NLIC,83,8,45.0,765.0,34425.0,2025-07-08
2025070805010112,HRL,46,97,100.0,923.0,92300.0,2025-07-08
2025070804020957,HDHPC,28,57,10.0,197.2,1972.0,2025-07-08
2025070801014742,SRLI,16,34,100.0,400.0,40000.0,2025-07-08
2025070804020956,RADHI,54,14,10.0,787.9,7879.0,2025-07-08
2025070804020955,SPDL,48,45,60.0,396.0,23760.0,2025-07-08
2025070803009609,LICN,42,26,30.0,884.0,26520.0,2025-07-08
2025070803009608,SAPDBL,47,11,50.0,1071.0,53550.0,2025-07-08
2025070805010111,ILI,44,39,12.0,447.2,5366.4,2025-07-08
2025070801014741,OMPL,47,29,10.0,1358.0,13580.0,2025-07-08
2025070805010110,NBF3,94,88,100.0,10.0,1000.0,2025-07-08
2025070801014740,HIDCLP,68,35,11.0,207.9,2286.9,2025-07-08
2025070803009607,NFS,4,22,10.0,735.0,7350.0,2025-07-08
2025070804020954,RHPL,5,42,450.0,350.3,157635.0,2025-07-08
2025070804020953,RHPL,16,42,200.0,350.4,70080.0,2025-07-08
2025070804020952,RHPL,54,42,100.0,350.5,35050.0,2025-07-08
2025070803009606,BFC,38,101,806.0,490.0,394940.0,2025-07-08
2025070803009605,BFC,45,101,30.0,490.0,14700.0,2025-07-08
2025070803009604,BFC,38,101,64.0,490.0,31360.0,2025-07-08
2025070803009603,BFC,32,101,100.0,492.0,49200.0,2025-07-08
2025070805010109,SAHAS,47,6,300.0,603.1,180930.0,2025-07-08
2025070803009602,SAPDBL,34,11,47.0,1071.0,50337.0,2025-07-08
2025070804020951,AKJCL,64,34,90.0,207.7,18693.0,2025-07-08
2025070804020950,AKJCL,41,34,10.0,207.7,2077.0,2025-07-08
2025070801014739,HBL,42,48,290.0,220.1,63829.0,2025-07-08
2025070801014738,TAMOR,18,45,10.0,506.0,5060.0,2025-07-08
2025070803009601,NADEP,13,62,50.0,831.0,41550.0,2025-07-08
2025070803009600,NADEP,74,62,39.0,831.1,32412.9,2025-07-08
2025070803009599,NADEP,42,62,11.0,831.2,9143.2,2025-07-08
2025070803009598,SINDU,72,45,100.0,915.0,91500.0,2025-07-08
2025070801014737,AVYAN,45,49,45.0,1006.0,45270.0,2025-07-08
2025070803009597,MSLB,14,4,87.0,1215.0,105705.0,2025-07-08
2025070801014736,CITY,16,8,24.0,833.0,19992.0,2025-07-08
2025070801014735,TVCL,43,39,96.0,487.0,46752.0,2025-07-08
2025070801014734,SANIMA,88,43,32.0,334.5,10704.0,2025-07-08
2025070803009596,SAPDBL,58,11,1000.0,1071.0,1071000.0,2025-07-08
2025070801014733,BHPL,58,33,130.0,733.0,95290.0,2025-07-08
2025070803009595,SFCL,53,7,130.0,512.5,66625.0,2025-07-08
2025070803009594,SFCL,53,38,50.0,512.0,25600.0,2025-07-08
2025070805010108,NRIC,22,38,100.0,1310.0,131000.0,2025-07-08
2025070803009593,MLBL,21,29,10.0,382.0,3820.0,2025-07-08
2025070804020949,RIDI,21,57,441.0,258.0,113778.0,2025-07-08
2025070804020948,RIDI,21,57,500.0,258.0,129000.0,2025-07-08
2025070804020947,RIDI,21,45,45.0,258.0,11610.0,2025-07-08
2025070804020946,RIDI,21,42,305.0,258.0,78690.0,2025-07-08
2025070804020945,RIDI,21,61,20.0,258.0,5160.0,2025-07-08
2025070804020944,RIDI,21,42,120.0,258.0,30960.0,2025-07-08
2025070804020943,RIDI,21,35,200.0,257.9,51580.0,2025-07-08
2025070804020942,RIDI,21,16,200.0,257.9,51580.0,2025-07-08
2025070804020941,RIDI,21,58,169.0,257.9,43585.1,2025-07-08
2025070805010107,ILI,44,42,12.0,447.2,5366.4,2025-07-08
2025070803009592,NMFBS,34,7,50.0,1272.0,63600.0,2025-07-08
2025070804020940,NHPC,41,42,40.0,212.0,8480.0,2025-07-08
2025070805010106,RNLI,45,49,11.0,471.0,5181.0,2025-07-08
2025070804020939,UMRH,48,70,163.0,584.0,95192.0,2025-07-08
2025070804020938,UMRH,48,45,115.0,583.8,67137.0,2025-07-08
2025070804020937,UMRH,48,57,80.0,583.7,46696.0,2025-07-08
2025070804020936,UMRH,48,26,100.0,583.6,58360.0,2025-07-08
2025070804020935,UMRH,48,1,10.0,583.6,5836.0,2025-07-08
2025070804020934,UMRH,48,19,32.0,583.5,18672.0,2025-07-08
2025070803009591,LBBL,56,48,50.0,430.0,21500.0,2025-07-08
2025070803009590,SLBSL,59,22,20.0,1511.9,30238.0,2025-07-08
2025070803009589,NLICL,83,54,10.0,619.9,6199.0,2025-07-08
2025070801014732,KDL,47,45,71.0,1130.0,80230.0,2025-07-08
2025070801014731,KDL,47,59,10.0,1130.0,11300.0,2025-07-08
2025070801014730,KDL,47,43,19.0,1128.0,21432.0,2025-07-08
2025070801014729,KDL,47,98,30.0,1125.0,33750.0,2025-07-08
2025070801014728,KDL,47,45,10.0,1125.0,11250.0,2025-07-08
2025070801014727,KDL,47,25,10.0,1125.0,11250.0,2025-07-08
2025070801014726,KDL,47,45,10.0,1124.0,11240.0,2025-07-08
2025070801014725,KDL,47,57,10.0,1123.1,11231.0,2025-07-08
2025070801014724,KDL,47,3,20.0,1122.0,22440.0,2025-07-08
2025070801014723,KDL,47,51,10.0,1114.0,11140.0,2025-07-08
2025070804020933,AKPL,39,55,161.0,254.5,40974.5,2025-07-08
2025070804020932,AKPL,39,67,499.0,254.4,126945.6,2025-07-08
2025070804020931,AKPL,39,6,300.0,254.2,76260.0,2025-07-08
2025070804020930,AKPL,39,14,40.0,254.1,10164.0,2025-07-08
2025070801014722,SARBTM,17,5,55.0,861.0,47355.0,2025-07-08
2025070804020929,NGPL,11,14,145.0,387.0,56115.0,2025-07-08
2025070804020928,NGPL,11,51,55.0,387.0,21285.0,2025-07-08
2025070801014721,KBL,11,43,475.0,208.0,98800.0,2025-07-08
2025070801014720,KBL,11,1,50.0,208.0,10400.0,2025-07-08
2025070801014719,KBL,11,57,50.0,207.9,10395.0,2025-07-08
2025070801014718,KBL,11,26,370.0,207.9,76923.0,2025-07-08
2025070801014717,KBL,11,1,25.0,207.8,5195.0,2025-07-08
2025070801014716,KBL,11,47,30.0,207.6,6228.0,2025-07-08
2025070801014715,LSL,42,37,50.0,217.4,10870.0,2025-07-08
2025070803009588,NLIC,85,38,10.0,764.2,7642.0,2025-07-08
2025070801014714,MKCL,17,34,20.0,1485.9,29718.0,2025-07-08
2025070803009587,GMFBS,16,41,10.0,1555.1,15551.0,2025-07-08
2025070804020927,CHCL,40,57,56.0,529.0,29624.0,2025-07-08
2025070801014713,TVCL,43,49,110.0,487.0,53570.0,2025-07-08
2025070803009586,RSDC,28,6,500.0,661.0,330500.0,2025-07-08
2025070803009585,SIFC,55,45,50.0,530.0,26500.0,2025-07-08
2025070805010105,CIT,4,53,12.0,1915.0,22980.0,2025-07-08
2025070804020926,CHL,58,42,20.0,330.0,6600.0,2025-07-08
2025070801014712,OMPL,47,11,20.0,1358.0,27160.0,2025-07-08
2025070801014711,OMPL,47,58,10.0,1358.0,13580.0,2025-07-08
2025070803009584,HLI,43,38,173.0,404.9,70047.7,2025-07-08
2025070803009583,HLI,43,19,77.0,404.0,31108.0,2025-07-08
2025070804020925,JOSHI,34,36,20.0,326.0,6520.0,2025-07-08
2025070801014710,CREST,22,22,12.0,1413.0,16956.0,2025-07-08
2025070801014709,CREST,56,42,10.0,1412.2,14122.0,2025-07-08
2025070803009582,SINDU,72,46,330.0,915.0,301950.0,2025-07-08
2025070804020924,JOSHI,34,35,100.0,326.0,32600.0,2025-07-08
2025070804020923,JOSHI,34,38,110.0,326.0,35860.0,2025-07-08
2025070804020922,JOSHI,34,34,80.0,325.9,26072.0,2025-07-08
2025070801014708,IHL,66,33,10.0,557.2,5572.0,2025-07-08
2025070805010104,SAHAS,34,55,500.0,604.0,302000.0,2025-07-08
2025070801014707,PCBL,34,28,332.0,257.9,85622.8,2025-07-08
2025070801014706,PCBL,34,18,168.0,257.0,43176.0,2025-07-08
2025070803009581,SINDU,72,49,10.0,915.0,9150.0,2025-07-08
2025070801014705,KBL,38,49,100.0,207.5,20750.0,2025-07-08
2025070803009580,MNBBL,28,55,300.0,380.2,114060.0,2025-07-08
2025070803009579,NLIC,43,8,300.0,765.0,229500.0,2025-07-08
2025070803009578,NLIC,29,8,10.0,765.0,7650.0,2025-07-08
2025070803009577,NLIC,81,8,1645.0,765.0,1258425.0,2025-07-08
2025070801014704,KBL,53,47,316.0,207.7,65633.2,2025-07-08
2025070805010103,RNLI,75,1,23.0,473.0,10879.0,2025-07-08
2025070804020921,RADHI,33,14,300.0,787.9,236370.0,2025-07-08
2025070804020920,NHDL,57,88,750.0,656.3,492225.0,2025-07-08
2025070804020919,NHDL,32,88,50.0,656.4,32820.0,2025-07-08
2025070804020918,NHDL,49,88,100.0,656.5,65650.0,2025-07-08
2025070804020917,NGPL,58,51,45.0,387.0,17415.0,2025-07-08
2025070804020916,NGPL,58,86,55.0,387.0,21285.0,2025-07-08
2025070804020915,API,57,21,100.0,291.0,29100.0,2025-07-08
2025070804020914,SPDL,48,95,450.0,396.0,178200.0,2025-07-08
2025070804020913,SHL,49,25,100.0,564.0,56400.0,2025-07-08
2025070804020912,SHPC,34,96,4610.0,605.0,2789050.0,2025-07-08
2025070804020911,SHPC,34,39,300.0,605.0,181500.0,2025-07-08
2025070804020910,SHPC,34,80,100.0,605.0,60500.0,2025-07-08
2025070804020909,SHPC,34,21,100.0,605.0,60500.0,2025-07-08
2025070804020908,SHPC,34,42,60.0,605.0,36300.0,2025-07-08
2025070804020907,SHPC,34,32,1000.0,605.0,605000.0,2025-07-08
2025070804020906,SHPC,34,55,200.0,605.0,121000.0,2025-07-08
2025070804020905,SHPC,34,62,300.0,605.0,181500.0,2025-07-08
2025070804020904,SHPC,34,57,589.0,605.0,356345.0,2025-07-08
2025070804020903,SHPC,34,34,500.0,605.0,302500.0,2025-07-08
2025070804020902,SHPC,34,45,200.0,602.0,120400.0,2025-07-08
2025070804020901,SHPC,34,50,1000.0,602.0,602000.0,2025-07-08
2025070804020900,SHPC,34,51,50.0,602.0,30100.0,2025-07-08
2025070804020899,SHPC,34,58,11.0,601.0,6611.0,2025-07-08
2025070804020898,SHPC,34,55,20.0,600.5,12010.0,2025-07-08
2025070805010102,NRIC,55,61,500.0,1309.6,654800.0,2025-07-08
2025070804020897,BPCL,94,37,188.0,840.0,157920.0,2025-07-08
2025070804020896,BPCL,94,19,100.0,840.0,84000.0,2025-07-08
2025070804020895,BPCL,94,37,166.0,840.0,139440.0,2025-07-08
2025070804020894,BPCL,94,7,10.0,839.9,8399.0,2025-07-08
2025070804020893,BPCL,94,100,500.0,839.0,419500.0,2025-07-08
2025070804020892,BPCL,94,77,30.0,839.0,25170.0,2025-07-08
2025070801014703,DORDI,4,22,100.0,310.0,31000.0,2025-07-08
2025070804020891,JOSHI,42,53,100.0,325.2,32520.0,2025-07-08
2025070804020890,AKPL,42,58,10.0,254.0,2540.0,2025-07-08
2025070803009576,HLI,57,49,1.0,400.0,400.0,2025-07-08
2025070801014702,RFPL,10,35,37.0,588.2,21763.4,2025-07-08
2025070801014701,RFPL,34,35,35.0,589.0,20615.0,2025-07-08
2025070801014700,RFPL,58,35,428.0,590.0,252520.0,2025-07-08
2025070803009575,GRDBL,34,6,70.0,1385.0,96950.0,2025-07-08
2025070803009574,GRDBL,39,6,100.0,1386.0,138600.0,2025-07-08
2025070803009573,GRDBL,57,6,30.0,1390.0,41700.0,2025-07-08
2025070803009572,SINDU,72,58,20.0,915.0,18300.0,2025-07-08
2025070803009571,SAPDBL,42,59,10.0,1070.0,10700.0,2025-07-08
2025070804020889,MHNL,29,19,190.0,273.3,51927.0,2025-07-08
2025070801014699,TAMOR,18,56,90.0,506.0,45540.0,2025-07-08
2025070804020888,NIL,58,10,12.0,700.6,8407.2,2025-07-08
2025070803009570,SINDU,72,58,25.0,915.0,22875.0,2025-07-08
2025070804020887,NHPC,25,42,300.0,212.0,63600.0,2025-07-08
2025070801014698,SANIMA,88,25,270.0,334.5,90315.0,2025-07-08
2025070801014697,SANIMA,17,25,30.0,334.5,10035.0,2025-07-08
2025070801014696,NYADI,57,57,30.0,470.0,14100.0,2025-07-08
2025070801014695,NYADI,57,57,500.0,470.0,235000.0,2025-07-08
2025070801014694,NYADI,57,53,10.0,470.0,4700.0,2025-07-08
2025070801014693,NYADI,57,38,30.0,470.0,14100.0,2025-07-08
2025070801014692,NYADI,57,42,10.0,470.0,4700.0,2025-07-08
2025070801014691,NYADI,57,35,10.0,470.0,4700.0,2025-07-08
2025070801014690,NYADI,57,35,910.0,469.9,427609.0,2025-07-08
2025070801014689,OMPL,42,58,10.0,1358.0,13580.0,2025-07-08
2025070801014688,OMPL,42,57,10.0,1358.0,13580.0,2025-07-08
2025070801014687,OMPL,42,46,10.0,1358.0,13580.0,2025-07-08
2025070801014686,OMPL,42,41,10.0,1358.0,13580.0,2025-07-08
2025070801014685,OMPL,42,58,10.0,1358.0,13580.0,2025-07-08
2025070801014684,SRLI,33,34,99.0,400.0,39600.0,2025-07-08
2025070804020886,OHL,49,17,175.0,875.4,153195.0,2025-07-08
2025070804020885,OHL,32,17,300.0,875.5,262650.0,2025-07-08
2025070803009569,SAPDBL,42,22,40.0,1070.0,42800.0,2025-07-08
2025070804020884,UPCL,41,60,100.0,398.0,39800.0,2025-07-08
2025070804020883,SHPC,56,45,3000.0,600.0,1800000.0,2025-07-08
2025070804020882,NGPL,34,48,900.0,386.1,347490.0,2025-07-08
2025070804020881,NGPL,56,48,200.0,386.1,77220.0,2025-07-08
2025070804020880,NGPL,22,48,100.0,386.3,38630.0,2025-07-08
2025070804020879,SHEL,62,50,200.0,287.0,57400.0,2025-07-08
2025070804020878,SHEL,62,38,15.0,287.0,4305.0,2025-07-08
2025070804020877,SHEL,62,36,1175.0,287.0,337225.0,2025-07-08
2025070803009568,NFS,3,51,86.0,735.1,63218.6,2025-07-08
2025070801014683,UNLB,56,62,10.0,2140.0,21400.0,2025-07-08
2025070801014682,UNLB,56,45,10.0,2135.2,21352.0,2025-07-08
2025070801014681,UNLB,56,94,50.0,2134.8,106740.0,2025-07-08
2025070801014680,UNLB,56,94,30.0,2134.5,64035.0,2025-07-08
2025070801014679,UNLB,56,94,20.0,2134.3,42686.0,2025-07-08
2025070803009567,MDB,18,17,250.0,592.9,148225.0,2025-07-08
2025070801014678,RFPL,58,49,72.0,590.0,42480.0,2025-07-08
2025070801014677,CREST,38,39,10.0,1413.9,14139.0,2025-07-08
2025070803009566,SINDU,72,3,10.0,915.0,9150.0,2025-07-08
2025070801014676,RFPL,40,49,28.0,590.0,16520.0,2025-07-08
2025070801014675,RFPL,40,22,100.0,590.0,59000.0,2025-07-08
2025070801014674,RFPL,40,48,72.0,590.0,42480.0,2025-07-08
2025070801014673,RAWA,34,52,10.0,813.0,8130.0,2025-07-08
2025070801014672,SMH,34,34,10.0,874.9,8749.0,2025-07-08
2025070804020876,HEI,49,50,9260.0,596.0,5518960.0,2025-07-08
2025070804020875,HEI,49,40,450.0,596.0,268200.0,2025-07-08
2025070804020874,HEI,49,65,190.0,596.0,113240.0,2025-07-08
2025070804020873,HEI,49,45,100.0,595.9,59590.0,2025-07-08
2025070805010101,NIFRA,41,45,500.0,276.1,138050.0,2025-07-08
2025070804020872,UMHL,38,6,60.0,565.3,33918.0,2025-07-08
2025070801014671,BEDC,48,72,35.0,688.6,24101.0,2025-07-08
2025070804020871,NHPC,22,42,10.0,212.0,2120.0,2025-07-08
2025070805010100,CLI,36,49,66.0,470.0,31020.0,2025-07-08
2025070801014670,NMB,32,38,10.0,247.0,2470.0,2025-07-08
2025070804020870,GLH,51,45,50.0,262.0,13100.0,2025-07-08
2025070801014669,HBL,56,45,10.0,221.0,2210.0,2025-07-08
2025070805010099,NBF2,14,4,19000.0,10.09,191710.0,2025-07-08
2025070805010098,NBF2,14,22,500.0,10.09,5045.0,2025-07-08
2025070805010097,NBF2,14,22,500.0,10.09,5045.0,2025-07-08
2025070803009565,HLI,29,19,23.0,404.0,9292.0,2025-07-08
2025070801014668,TPC,14,7,135.0,395.0,53325.0,2025-07-08
2025070804020869,HDHPC,51,38,33.0,197.1,6504.3,2025-07-08
2025070801014667,SNLI,38,49,150.0,487.5,73125.0,2025-07-08
2025070801014666,SNLI,38,49,12.0,487.5,5850.0,2025-07-08
2025070801014665,SNLI,38,91,24.0,487.5,11700.0,2025-07-08
2025070801014664,PRVU,41,34,100.0,207.1,20710.0,2025-07-08
2025070805010096,HRL,26,97,100.0,923.0,92300.0,2025-07-08
2025070805010095,HRL,8,97,20.0,923.0,18460.0,2025-07-08
2025070801014663,BGWT,45,58,42.0,1002.0,42084.0,2025-07-08
2025070801014662,BGWT,45,45,10.0,1002.0,10020.0,2025-07-08
2025070801014661,BGWT,45,38,10.0,1002.0,10020.0,2025-07-08
2025070801014660,BGWT,45,59,78.0,1002.0,78156.0,2025-07-08
2025070801014659,BGWT,45,42,60.0,1000.0,60000.0,2025-07-08
2025070804020868,API,19,6,91.0,290.5,26435.5,2025-07-08
2025070804020867,API,40,6,10.0,290.5,2905.0,2025-07-08
2025070804020866,API,11,6,20.0,290.7,5814.0,2025-07-08
2025070804020865,API,76,6,200.0,290.7,58140.0,2025-07-08
2025070804020864,API,32,6,51.0,290.7,14825.7,2025-07-08
2025070805010094,HRL,38,39,25.0,923.0,23075.0,2025-07-08
2025070803009564,GBLBS,80,97,70.0,821.2,57484.0,2025-07-08
2025070803009563,GBLBS,80,34,65.0,820.9,53358.5,2025-07-08
2025070803009562,GBLBS,80,26,25.0,820.0,20500.0,2025-07-08
2025070803009561,GBLBS,80,17,170.0,820.0,139400.0,2025-07-08
2025070803009560,GBLBS,80,49,44.0,820.0,36080.0,2025-07-08
2025070803009559,GBLBS,80,45,15.0,815.0,12225.0,2025-07-08
2025070803009558,GBLBS,80,49,10.0,815.0,8150.0,2025-07-08
2025070803009557,GBLBS,80,17,15.0,812.0,12180.0,2025-07-08
2025070803009556,GBLBS,80,58,10.0,811.0,8110.0,2025-07-08
2025070803009555,GBLBS,80,13,74.0,811.0,60014.0,2025-07-08
2025070805010093,HDL,1,21,56.0,1219.9,68314.4,2025-07-08
2025070805010092,HDL,1,6,100.0,1219.9,121990.0,2025-07-08
2025070805010091,HDL,1,22,20.0,1219.5,24390.0,2025-07-08
2025070805010090,HDL,1,26,24.0,1219.0,29256.0,2025-07-08
2025070801014658,TAMOR,18,41,10.0,506.0,5060.0,2025-07-08
2025070801014657,TAMOR,18,45,300.0,506.0,151800.0,2025-07-08
2025070803009554,SAPDBL,95,11,50.0,1071.0,53550.0,2025-07-08
2025070801014656,NICA,10,42,10.0,346.5,3465.0,2025-07-08
2025070803009553,CBBL,34,65,10.0,959.0,9590.0,2025-07-08
2025070801014655,RHGCL,97,48,991.0,385.0,381535.0,2025-07-08
2025070801014654,RHGCL,97,48,1000.0,385.1,385100.0,2025-07-08
2025070801014653,RHGCL,36,48,500.0,386.0,193000.0,2025-07-08
2025070801014652,RHGCL,19,48,100.0,386.1,38610.0,2025-07-08
2025070801014651,RHGCL,58,48,40.0,387.0,15480.0,2025-07-08
2025070805010089,HRL,55,55,8.0,905.6,7244.8,2025-07-08
2025070805010088,NRIC,55,62,168.0,1309.6,220012.8,2025-07-08
2025070803009552,RSDC,38,6,10.0,661.0,6610.0,2025-07-08
2025070803009551,RSDC,58,6,195.0,661.0,128895.0,2025-07-08
2025070803009550,RSDC,19,6,505.0,661.0,333805.0,2025-07-08
2025070803009549,RSDC,38,6,10.0,661.0,6610.0,2025-07-08
2025070803009548,RSDC,14,6,100.0,661.0,66100.0,2025-07-08
2025070803009547,RSDC,61,6,430.0,661.0,284230.0,2025-07-08
2025070803009546,RSDC,49,6,100.0,661.1,66110.0,2025-07-08
2025070803009545,RSDC,38,6,90.0,661.2,59508.0,2025-07-08
2025070804020863,RHPL,5,5,333.0,350.3,116649.9,2025-07-08
2025070804020862,RHPL,49,5,50.0,350.3,17515.0,2025-07-08
2025070804020861,RHPL,48,5,200.0,350.5,70100.0,2025-07-08
2025070804020860,RHPL,6,5,417.0,350.9,146325.3,2025-07-08
2025070804020859,SPDL,48,65,230.0,396.0,91080.0,2025-07-08
2025070804020858,SPDL,11,65,11.0,396.1,4357.1,2025-07-08
2025070804020857,SPDL,11,65,10.0,396.1,3961.0,2025-07-08
2025070803009544,MSLB,14,57,50.0,1215.0,60750.0,2025-07-08
2025070803009543,MSLB,57,57,20.0,1220.0,24400.0,2025-07-08
2025070803009542,SINDU,72,35,100.0,915.0,91500.0,2025-07-08
2025070804020856,UPCL,42,60,15.0,398.0,5970.0,2025-07-08
2025070804020855,SHEL,62,17,500.0,286.2,143100.0,2025-07-08
2025070804020854,KKHC,34,49,100.0,446.0,44600.0,2025-07-08
2025070805010087,HRL,60,50,100.0,923.2,92320.0,2025-07-08
2025070801014650,NABIL,45,98,287.0,496.0,142352.0,2025-07-08
2025070801014649,NABIL,45,11,100.0,495.8,49580.0,2025-07-08
2025070801014648,NABIL,45,13,12.0,495.6,5947.2,2025-07-08
2025070805010086,NRIC,55,94,107.0,1309.6,140127.2,2025-07-08
2025070801014647,SPHL,33,52,200.0,660.0,132000.0,2025-07-08
2025070801014646,SPHL,33,40,10.0,660.0,6600.0,2025-07-08
2025070805010085,NRIC,55,36,100.0,1309.6,130960.0,2025-07-08
2025070804020853,MEN,19,53,350.0,600.1,210035.0,2025-07-08
2025070804020852,MEN,35,53,200.0,600.7,120140.0,2025-07-08
2025070804020851,MEN,19,53,350.0,600.8,210280.0,2025-07-08
2025070804020850,MEN,21,53,100.0,601.0,60100.0,2025-07-08
2025070804020849,SHPC,43,55,46.0,600.5,27623.0,2025-07-08
2025070804020848,SHPC,56,90,500.0,600.0,300000.0,2025-07-08
2025070805010084,SAHAS,35,55,400.0,604.0,241600.0,2025-07-08
2025070801014645,CREST,56,57,40.0,1412.2,56488.0,2025-07-08
2025070801014644,CREST,38,57,10.0,1413.0,14130.0,2025-07-08
2025070805010083,NRIC,55,57,270.0,1309.6,353592.0,2025-07-08
2025070801014643,SBL,62,42,20.0,338.0,6760.0,2025-07-08
2025070801014642,OMPL,53,42,10.0,1357.0,13570.0,2025-07-08
2025070805010082,NIFRA,41,42,10.0,276.1,2761.0,2025-07-08
2025070801014641,SRLI,4,34,50.0,400.0,20000.0,2025-07-08
2025070801014640,SRLI,58,34,80.0,400.0,32000.0,2025-07-08
2025070801014639,SRLI,6,34,20.0,400.0,8000.0,2025-07-08
2025070801014638,SRLI,38,34,200.0,400.1,80020.0,2025-07-08
2025070801014637,SRLI,48,34,477.0,400.2,190895.4,2025-07-08
2025070801014636,SRLI,85,34,500.0,400.3,200150.0,2025-07-08
2025070801014635,SRLI,6,34,234.0,401.0,93834.0,2025-07-08
2025070801014634,SRLI,35,34,38.0,401.0,15238.0,2025-07-08
2025070805010081,HDL,49,34,81.0,1216.3,98520.3,2025-07-08
2025070805010080,HDL,16,34,19.0,1216.4,23111.6,2025-07-08
2025070803009541,MLBL,38,28,80.0,381.0,30480.0,2025-07-08
2025070803009540,HLBSL,14,38,29.0,962.0,27898.0,2025-07-08
2025070803009539,SKBBL,45,45,20.0,807.0,16140.0,2025-07-08
2025070804020847,UPCL,13,60,500.0,398.0,199000.0,2025-07-08
2025070803009538,GLBSL,55,6,10.0,2175.0,21750.0,2025-07-08
2025070803009537,GMFIL,46,7,90.0,492.0,44280.0,2025-07-08
2025070803009536,GFCL,14,43,25.0,650.1,16252.5,2025-07-08
2025070801014633,SRLI,35,43,12.0,401.0,4812.0,2025-07-08
2025070805010079,NRN,58,14,54.0,2240.0,120960.0,2025-07-08
2025070805010078,NRN,58,53,50.0,2239.0,111950.0,2025-07-08
2025070805010077,NRN,58,42,16.0,2235.0,35760.0,2025-07-08
2025070803009535,GBLBS,49,37,15.0,809.0,12135.0,2025-07-08
2025070801014632,PURE,42,58,10.0,887.3,8873.0,2025-07-08
2025070805010076,SAHAS,99,55,700.0,604.0,422800.0,2025-07-08
2025070801014631,TVCL,43,42,165.0,487.0,80355.0,2025-07-08
2025070801014630,GBIME,22,34,285.0,237.1,67573.5,2025-07-08
2025070801014629,CITY,16,48,60.0,833.0,49980.0,2025-07-08
2025070801014628,CITY,57,48,50.0,833.1,41655.0,2025-07-08
2025070801014627,CITY,34,48,30.0,834.1,25023.0,2025-07-08
2025070801014626,CITY,57,48,10.0,834.2,8342.0,2025-07-08
2025070805010075,RNLI,58,1,70.0,473.0,33110.0,2025-07-08
2025070804020846,HDHPC,51,26,200.0,197.1,39420.0,2025-07-08
2025070804020845,SHPC,56,77,1000.0,600.0,600000.0,2025-07-08
2025070804020844,NLG,46,7,85.0,819.0,69615.0,2025-07-08
2025070801014625,SNLI,57,58,10.0,487.0,4870.0,2025-07-08
2025070803009534,ICFC,42,44,164.0,623.7,102286.8,2025-07-08
2025070804020843,UNHPL,42,35,10.0,428.9,4289.0,2025-07-08
2025070804020842,UNHPL,42,22,300.0,428.0,128400.0,2025-07-08
2025070804020841,UNHPL,42,46,40.0,427.0,17080.0,2025-07-08
2025070805010074,NRN,40,42,39.0,2235.0,87165.0,2025-07-08
2025070801014624,SPC,4,16,19.0,511.6,9720.4,2025-07-08
2025070804020840,PPCL,32,52,162.0,371.9,60247.8,2025-07-08
2025070804020839,PPCL,32,21,100.0,371.9,37190.0,2025-07-08
2025070804020838,PPCL,32,49,88.0,371.9,32727.2,2025-07-08
2025070804020837,PPCL,32,49,150.0,371.5,55725.0,2025-07-08
2025070805010073,NRIC,55,45,2500.0,1309.6,3274000.0,2025-07-08
2025070804020836,BPCL,32,48,20.0,835.2,16704.0,2025-07-08
2025070804020835,GLH,26,45,10.0,262.0,2620.0,2025-07-08
2025070801014623,BEDC,95,26,20.0,689.0,13780.0,2025-07-08
2025070804020834,UNHPL,70,46,10.0,427.0,4270.0,2025-07-08
2025070804020833,CHCL,47,57,16.0,529.0,8464.0,2025-07-08
2025070803009533,SAPDBL,42,58,40.0,1070.0,42800.0,2025-07-08
2025070803009532,SAPDBL,57,58,10.0,1070.0,10700.0,2025-07-08
2025070805010072,NRIC,55,1,20.0,1309.6,26192.0,2025-07-08
2025070801014622,NABIL,51,7,10.0,495.5,4955.0,2025-07-08
2025070801014621,NABIL,51,8,54.0,495.5,26757.0,2025-07-08
2025070803009531,SAPDBL,88,11,10.0,1071.0,10710.0,2025-07-08
2025070801014620,SPC,68,58,11.0,515.0,5665.0,2025-07-08
2025070801014619,TVCL,43,74,300.0,487.0,146100.0,2025-07-08
2025070804020832,SHEL,33,36,1000.0,287.0,287000.0,2025-07-08
2025070801014618,RFPL,34,38,55.0,589.0,32395.0,2025-07-08
2025070803009530,KSBBL,40,34,327.0,463.9,151695.3,2025-07-08
2025070803009529,KSBBL,40,14,50.0,463.5,23175.0,2025-07-08
2025070803009528,KSBBL,40,51,123.0,463.4,56998.2,2025-07-08
2025070804020831,UPCL,42,60,25.0,398.0,9950.0,2025-07-08
2025070805010071,CLI,50,49,2000.0,470.1,940200.0,2025-07-08
2025070805010070,SAHAS,45,55,300.0,604.0,181200.0,2025-07-08
2025070804020830,AHPC,42,45,200.0,285.0,57000.0,2025-07-08
2025070804020829,SHPC,62,55,10.0,600.5,6005.0,2025-07-08
2025070801014617,HHL,16,44,50.0,400.0,20000.0,2025-07-08
2025070801014616,CREST,35,39,40.0,1413.9,56556.0,2025-07-08
2025070801014615,MEHL,58,13,10.0,420.0,4200.0,2025-07-08
2025070804020828,CHL,1,42,443.0,330.0,146190.0,2025-07-08
2025070804020827,CHL,1,17,100.0,330.0,33000.0,2025-07-08
2025070804020826,CHL,1,38,200.0,329.9,65980.0,2025-07-08
2025070804020825,CHL,1,29,257.0,329.0,84553.0,2025-07-08
2025070801014614,CYCL,48,56,10.0,1629.9,16299.0,2025-07-08
2025070801014613,CYCL,46,56,100.0,1631.0,163100.0,2025-07-08
2025070801014612,CYCL,48,56,10.0,1631.1,16311.0,2025-07-08
2025070801014611,CYCL,48,56,11.0,1635.1,17986.1,2025-07-08
2025070801014610,CYCL,48,56,11.0,1639.1,18030.1,2025-07-08
2025070801014609,CYCL,46,56,50.0,1640.0,82000.0,2025-07-08
2025070801014608,CYCL,48,56,11.0,1640.9,18049.9,2025-07-08
2025070804020824,BARUN,59,51,500.0,425.0,212500.0,2025-07-08
2025070801014607,NMIC,10,7,25.0,1582.0,39550.0,2025-07-08
2025070801014606,NMIC,51,7,25.0,1582.0,39550.0,2025-07-08
2025070801014605,GMLI,55,43,10.0,2365.0,23650.0,2025-07-08
2025070801014604,NMIC,38,35,10.0,1582.0,15820.0,2025-07-08
2025070804020823,SPIL,35,45,40.0,819.8,32792.0,2025-07-08
2025070804020822,SPIL,35,35,60.0,819.5,49170.0,2025-07-08
2025070803009527,SAPDBL,33,58,20.0,1070.0,21400.0,2025-07-08
2025070804020821,KKHC,34,34,40.0,445.1,17804.0,2025-07-08
2025070804020820,KKHC,55,34,10.0,445.1,4451.0,2025-07-08
2025070804020819,KKHC,77,34,100.0,445.1,44510.0,2025-07-08
2025070804020818,KKHC,34,34,200.0,445.2,89040.0,2025-07-08
2025070804020817,KKHC,22,34,65.0,445.2,28938.0,2025-07-08
2025070804020816,KKHC,48,34,65.0,445.3,28944.5,2025-07-08
2025070803009526,SINDU,72,16,1300.0,915.0,1189500.0,2025-07-08
2025070803009525,SINDU,34,81,200.0,915.1,183020.0,2025-07-08
2025070804020815,UMHL,62,49,2086.0,565.4,1179424.4,2025-07-08
2025070801014603,AVYAN,58,49,11.0,1006.0,11066.0,2025-07-08
2025070803009524,SINDU,34,49,34.0,915.1,31113.4,2025-07-08
2025070803009523,SLBBL,13,33,95.0,906.0,86070.0,2025-07-08
2025070804020814,SHPC,56,55,30.0,600.0,18000.0,2025-07-08
2025070805010069,SAHAS,39,39,197.0,604.0,118988.0,2025-07-08
2025070804020813,SHPC,56,67,357.0,600.0,214200.0,2025-07-08
2025070801014602,NYADI,7,35,90.0,469.9,42291.0,2025-07-08
2025070803009522,SINDU,34,7,60.0,915.1,54906.0,2025-07-08
2025070804020812,JOSHI,42,25,190.0,325.2,61788.0,2025-07-08
2025070804020811,JOSHI,8,25,10.0,325.3,3253.0,2025-07-08
2025070801014601,BGWT,52,42,30.0,1000.0,30000.0,2025-07-08
2025070803009521,SLBBL,57,33,30.0,906.0,27180.0,2025-07-08
2025070804020810,CGH,1,40,210.0,956.0,200760.0,2025-07-08
2025070804020809,CGH,5,40,120.0,957.0,114840.0,2025-07-08
2025070804020808,UPCL,42,56,200.0,397.8,79560.0,2025-07-08
2025070803009520,MERO,42,63,10.0,810.0,8100.0,2025-07-08
2025070803009519,SAPDBL,33,42,175.0,1070.0,187250.0,2025-07-08
2025070803009518,SAPDBL,43,42,30.0,1070.0,32100.0,2025-07-08
2025070803009517,SAPDBL,36,42,50.0,1070.0,53500.0,2025-07-08
2025070803009516,SAPDBL,14,42,45.0,1070.0,48150.0,2025-07-08
2025070801014600,PRVU,42,36,275.0,207.2,56980.0,2025-07-08
2025070801014599,CREST,35,42,100.0,1413.9,141390.0,2025-07-08
2025070803009515,MERO,64,63,149.0,810.0,120690.0,2025-07-08
2025070803009514,MERO,64,56,77.0,810.0,62370.0,2025-07-08
2025070803009513,MERO,64,58,30.0,810.0,24300.0,2025-07-08
2025070803009512,MERO,64,63,100.0,810.0,81000.0,2025-07-08
2025070803009511,MERO,64,62,79.0,810.0,63990.0,2025-07-08
2025070803009510,MERO,64,11,314.0,810.0,254340.0,2025-07-08
2025070803009509,MERO,64,25,100.0,810.0,81000.0,2025-07-08
2025070803009508,MERO,64,25,100.0,810.0,81000.0,2025-07-08
2025070803009507,MERO,64,33,51.0,810.0,41310.0,2025-07-08
2025070804020807,AKJCL,39,58,261.0,208.0,54288.0,2025-07-08
2025070804020806,GLH,6,45,50.0,262.0,13100.0,2025-07-08
2025070803009506,MNBBL,28,6,100.0,380.2,38020.0,2025-07-08
2025070805010068,SAHAS,19,39,50.0,604.0,30200.0,2025-07-08
2025070805010067,SAHAS,8,39,100.0,604.0,60400.0,2025-07-08
2025070804020805,SHPC,87,55,333.0,600.5,199966.5,2025-07-08
2025070803009505,GUFL,38,29,43.0,551.0,23693.0,2025-07-08
2025070803009504,GUFL,38,57,57.0,551.0,31407.0,2025-07-08
2025070804020804,BPCL,32,38,200.0,835.2,167040.0,2025-07-08
2025070805010066,HDL,17,34,94.0,1216.4,114341.6,2025-07-08
2025070801014598,NICA,77,58,30.0,346.5,10395.0,2025-07-08
2025070801014597,NICA,42,58,10.0,347.0,3470.0,2025-07-08
2025070804020803,AKJCL,41,51,50.0,208.0,10400.0,2025-07-08
2025070805010065,MBJC,42,42,80.0,313.0,25040.0,2025-07-08
2025070805010064,MBJC,52,42,90.0,313.0,28170.0,2025-07-08
2025070805010063,MBJC,57,42,830.0,313.0,259790.0,2025-07-08
2025070801014596,PRVU,41,42,292.0,207.1,60473.2,2025-07-08
2025070801014595,PRVU,43,42,150.0,207.1,31065.0,2025-07-08
2025070801014594,PRVU,57,42,58.0,207.1,12011.8,2025-07-08
2025070801014593,NIMB,42,34,410.0,213.3,87453.0,2025-07-08
2025070803009503,KMCDB,48,47,10.0,1032.0,10320.0,2025-07-08
2025070801014592,GVL,1,39,11.0,465.0,5115.0,2025-07-08
2025070803009502,NMBMF,47,35,17.0,704.9,11983.3,2025-07-08
2025070803009501,NMBMF,47,22,10.0,703.0,7030.0,2025-07-08
2025070803009500,NMBMF,47,32,90.0,702.0,63180.0,2025-07-08
2025070803009499,NMBMF,47,34,133.0,701.0,93233.0,2025-07-08
2025070804020802,RHPL,6,54,100.0,350.9,35090.0,2025-07-08
2025070804020801,RHPL,6,22,233.0,350.9,81759.7,2025-07-08
2025070804020800,RHPL,6,34,100.0,350.8,35080.0,2025-07-08
2025070804020799,RHPL,6,48,150.0,350.6,52590.0,2025-07-08
2025070801014591,GMLI,6,19,40.0,2366.0,94640.0,2025-07-08
2025070805010062,NIFRA,58,1,86.0,276.2,23753.2,2025-07-08
2025070805010061,NIFRA,52,1,15.0,276.3,4144.5,2025-07-08
2025070801014590,KBL,53,34,735.0,207.7,152659.5,2025-07-08
2025070801014589,KBL,53,44,659.0,207.6,136808.4,2025-07-08
2025070801014588,KBL,53,17,290.0,207.6,60204.0,2025-07-08
2025070804020798,CHL,58,29,23.0,329.0,7567.0,2025-07-08
2025070804020797,CHL,58,58,20.0,328.5,6570.0,2025-07-08
2025070804020796,CHL,58,42,50.0,328.5,16425.0,2025-07-08
2025070804020795,CHL,58,41,57.0,327.2,18650.4,2025-07-08
2025070805010060,SAHAS,44,39,16.0,604.0,9664.0,2025-07-08
2025070801014587,MKHC,34,57,20.0,418.3,8366.0,2025-07-08
2025070801014586,MKHC,34,34,10.0,417.9,4179.0,2025-07-08
2025070801014585,MKHC,34,34,10.0,417.9,4179.0,2025-07-08
2025070801014584,MKHC,34,45,10.0,415.0,4150.0,2025-07-08
2025070805010059,HATHY,38,59,10.0,1217.0,12170.0,2025-07-08
2025070804020794,SHPC,34,55,11.0,600.5,6605.5,2025-07-08
2025070804020793,NGPL,58,86,745.0,387.0,288315.0,2025-07-08
2025070803009498,SFCL,58,45,75.0,512.0,38400.0,2025-07-08
2025070805010058,HIDCL,60,44,149.0,292.0,43508.0,2025-07-08
2025070805010057,GCIL,41,41,100.0,501.0,50100.0,2025-07-08
2025070801014583,HIDCLP,1,62,100.0,207.0,20700.0,2025-07-08
2025070803009497,NICLBSL,18,32,260.0,617.0,160420.0,2025-07-08
2025070803009496,NICLBSL,18,43,40.0,616.9,24676.0,2025-07-08
2025070804020792,KKHC,48,1,35.0,445.3,15585.5,2025-07-08
2025070804020791,KKHC,45,1,65.0,445.4,28951.0,2025-07-08
2025070801014582,UNLB,56,34,50.0,2130.0,106500.0,2025-07-08
2025070801014581,UNLB,56,22,20.0,2129.0,42580.0,2025-07-08
2025070801014580,UNLB,56,57,10.0,2129.0,21290.0,2025-07-08
2025070801014579,UNLB,56,38,10.0,2128.3,21283.0,2025-07-08
2025070801014578,RFPL,34,59,10.0,589.0,5890.0,2025-07-08
2025070805010056,NBF3,94,7,1700.0,10.0,17000.0,2025-07-08
2025070801014577,GVL,66,58,161.0,466.0,75026.0,2025-07-08
2025070803009495,ACLBSL,14,17,13.0,1045.0,13585.0,2025-07-08
2025070801014576,SARBTM,17,57,39.0,860.1,33543.9,2025-07-08
2025070804020790,UPCL,48,17,44.0,397.2,17476.8,2025-07-08
2025070804020789,UPCL,10,17,300.0,397.5,119250.0,2025-07-08
2025070804020788,UPCL,53,17,61.0,397.8,24265.8,2025-07-08
2025070804020787,UPCL,45,17,95.0,398.0,37810.0,2025-07-08
2025070805010055,VLUCL,56,58,10.0,594.0,5940.0,2025-07-08
2025070801014575,PPL,45,60,84.0,397.0,33348.0,2025-07-08
2025070801014574,PPL,48,60,16.0,397.0,6352.0,2025-07-08
2025070805010054,ILI,42,42,14.0,447.3,6262.2,2025-07-08
2025070805010053,ILI,38,42,45.0,447.3,20128.5,2025-07-08
2025070804020786,UPCL,45,45,30.0,398.0,11940.0,2025-07-08
2025070801014573,KDL,47,1,100.0,1118.0,111800.0,2025-07-08
2025070801014572,KDL,47,59,10.0,1118.0,11180.0,2025-07-08
2025070801014571,KDL,47,1,10.0,1117.0,11170.0,2025-07-08
2025070801014570,KDL,47,45,100.0,1116.0,111600.0,2025-07-08
2025070801014569,KDL,47,74,400.0,1115.0,446000.0,2025-07-08
2025070801014568,KDL,47,45,10.0,1114.0,11140.0,2025-07-08
2025070801014567,KDL,47,44,182.0,1114.0,202748.0,2025-07-08
2025070804020785,RADHI,60,75,840.0,788.0,661920.0,2025-07-08
2025070804020784,RADHI,60,1,100.0,788.0,78800.0,2025-07-08
2025070801014566,BHL,35,1,262.0,211.0,55282.0,2025-07-08
2025070801014565,BHL,66,1,338.0,211.0,71318.0,2025-07-08
2025070801014564,BHL,46,1,400.0,211.2,84480.0,2025-07-08
2025070801014563,NMB,58,19,100.0,246.8,24680.0,2025-07-08
2025070804020783,API,21,6,400.0,291.0,116400.0,2025-07-08
2025070804020782,GHL,52,90,300.0,249.1,74730.0,2025-07-08
2025070801014562,NIMB,17,34,10.0,213.3,2133.0,2025-07-08
2025070804020781,UMHL,62,57,114.0,565.4,64455.6,2025-07-08
2025070804020780,UMHL,25,57,100.0,566.0,56600.0,2025-07-08
2025070804020779,UMHL,62,57,1376.0,566.0,778816.0,2025-07-08
2025070805010052,HRL,49,50,30.0,923.2,27696.0,2025-07-08
2025070801014561,NABIL,42,8,200.0,495.5,99100.0,2025-07-08
2025070804020778,AKPL,42,47,1000.0,254.0,254000.0,2025-07-08
2025070804020777,NGPL,26,59,300.0,386.0,115800.0,2025-07-08
2025070804020776,NGPL,60,59,200.0,386.1,77220.0,2025-07-08
2025070801014560,CREST,35,35,10.0,1413.9,14139.0,2025-07-08
2025070801014559,KBL,45,17,200.0,207.6,41520.0,2025-07-08
2025070801014558,KBL,45,17,146.0,207.6,30309.6,2025-07-08
2025070804020775,SHPC,56,50,100.0,600.0,60000.0,2025-07-08
2025070803009494,SAPDBL,49,11,10.0,1071.0,10710.0,2025-07-08
2025070804020774,UAIL,38,4,30.0,562.0,16860.0,2025-07-08
2025070804020773,BARUN,55,57,10.0,428.0,4280.0,2025-07-08
2025070803009493,KMCDB,48,37,15.0,1025.0,15375.0,2025-07-08
2025070804020772,UPCL,14,45,20.0,398.0,7960.0,2025-07-08
2025070803009492,SMB,13,21,29.0,2161.0,62669.0,2025-07-08
2025070803009491,SMB,87,21,10.0,2162.0,21620.0,2025-07-08
2025070803009490,SMB,44,21,50.0,2162.0,108100.0,2025-07-08
2025070803009489,SMB,72,21,11.0,2163.0,23793.0,2025-07-08
2025070805010051,SONA,75,38,10.0,449.0,4490.0,2025-07-08
2025070804020771,PMHPL,28,28,100.0,394.0,39400.0,2025-07-08
2025070801014557,SRLI,35,34,138.0,401.0,55338.0,2025-07-08
2025070803009488,NFS,34,42,61.0,735.3,44853.3,2025-07-08
2025070801014556,GVL,1,13,13.0,465.0,6045.0,2025-07-08
2025070804020770,SHEL,50,36,300.0,287.0,86100.0,2025-07-08
2025070803009487,SLBBL,40,33,99.0,906.0,89694.0,2025-07-08
2025070803009486,SLBBL,41,33,170.0,906.0,154020.0,2025-07-08
2025070804020769,BARUN,48,57,140.0,428.0,59920.0,2025-07-08
2025070804020768,BARUN,48,10,100.0,427.8,42780.0,2025-07-08
2025070804020767,BARUN,48,50,100.0,427.0,42700.0,2025-07-08
2025070804020766,BARUN,48,57,100.0,427.0,42700.0,2025-07-08
2025070804020765,BARUN,48,34,310.0,427.0,132370.0,2025-07-08
2025070805010050,MBJC,57,47,10.0,313.0,3130.0,2025-07-08
2025070801014555,NABIL,75,8,20.0,495.5,9910.0,2025-07-08
2025070801014554,MHCL,14,6,30.0,445.0,13350.0,2025-07-08
2025070804020764,SHPC,56,50,100.0,600.0,60000.0,2025-07-08
2025070804020763,SHPC,56,21,40.0,600.0,24000.0,2025-07-08
2025070804020762,SHPC,56,50,78.0,600.0,46800.0,2025-07-08
2025070804020761,RHPL,32,5,246.0,350.3,86173.8,2025-07-08
2025070804020760,RHPL,6,5,273.0,350.3,95631.9,2025-07-08
2025070804020759,RHPL,58,5,10.0,350.4,3504.0,2025-07-08
2025070804020758,RHPL,63,5,32.0,350.4,11212.8,2025-07-08
2025070804020757,RHPL,46,5,100.0,350.4,35040.0,2025-07-08
2025070804020756,RHPL,16,5,239.0,350.4,83745.6,2025-07-08
2025070804020755,RHPL,34,5,100.0,350.8,35080.0,2025-07-08
2025070801014553,PCBL,35,18,60.0,257.0,15420.0,2025-07-08
2025070801014552,CREST,35,35,10.0,1413.9,14139.0,2025-07-08
2025070803009485,SINDU,34,38,10.0,915.1,9151.0,2025-07-08
2025070803009484,SFCL,34,98,500.0,512.0,256000.0,2025-07-08
2025070805010049,HDL,49,34,100.0,1216.3,121630.0,2025-07-08
2025070801014551,MEHL,17,50,10.0,418.0,4180.0,2025-07-08
2025070803009483,CFCL,49,42,54.0,535.0,28890.0,2025-07-08
2025070803009482,CFCL,49,50,16.0,534.9,8558.4,2025-07-08
2025070801014550,GMLI,55,58,20.0,2365.0,47300.0,2025-07-08
2025070801014549,PURE,58,42,10.0,887.3,8873.0,2025-07-08
2025070804020754,SJCL,45,58,100.0,317.0,31700.0,2025-07-08
2025070804020753,RURU,47,4,24.0,715.0,17160.0,2025-07-08
2025070804020752,RURU,47,16,100.0,715.0,71500.0,2025-07-08
2025070804020751,RURU,47,58,13.0,714.9,9293.7,2025-07-08
2025070804020750,RURU,47,38,50.0,714.9,35745.0,2025-07-08
2025070803009481,MLBL,8,28,150.0,381.9,57285.0,2025-07-08
2025070801014548,SGHC,51,94,25.0,398.0,9950.0,2025-07-08
2025070803009480,EDBL,36,50,50.0,585.0,29250.0,2025-07-08
2025070804020749,UAIL,42,101,9.0,551.0,4959.0,2025-07-08
2025070804020748,GLH,29,45,795.0,262.0,208290.0,2025-07-08
2025070804020747,GLH,29,21,10.0,262.0,2620.0,2025-07-08
2025070804020746,GLH,29,8,50.0,262.0,13100.0,2025-07-08
2025070804020745,MHNL,29,7,10.0,273.3,2733.0,2025-07-08
2025070801014547,OMPL,53,43,10.0,1357.0,13570.0,2025-07-08
2025070805010048,HATHY,38,59,10.0,1217.0,12170.0,2025-07-08
2025070801014546,CREST,38,39,10.0,1414.0,14140.0,2025-07-08
2025070801014545,OMPL,53,17,20.0,1357.0,27140.0,2025-07-08
2025070804020744,NGPL,34,86,200.0,387.0,77400.0,2025-07-08
2025070803009479,ILBS,51,13,19.0,840.1,15961.9,2025-07-08
2025070805010047,SONA,50,22,200.0,449.9,89980.0,2025-07-08
2025070803009478,ALBSL,44,22,11.0,825.0,9075.0,2025-07-08
2025070803009477,ALBSL,44,45,11.0,825.0,9075.0,2025-07-08
2025070803009476,ALBSL,44,4,14.0,824.6,11544.4,2025-07-08
2025070803009475,ALBSL,44,7,20.0,824.6,16492.0,2025-07-08
2025070803009474,ALBSL,44,38,10.0,819.0,8190.0,2025-07-08
2025070805010046,NRN,37,39,56.0,2233.0,125048.0,2025-07-08
2025070804020743,NGPL,60,33,300.0,386.1,115830.0,2025-07-08
2025070804020742,PRIN,38,6,360.0,924.0,332640.0,2025-07-08
2025070804020741,PRIN,57,6,200.0,925.0,185000.0,2025-07-08
2025070804020740,PRIN,87,6,45.0,925.0,41625.0,2025-07-08
2025070804020739,PRIN,82,6,50.0,925.0,46250.0,2025-07-08
2025070804020738,PRIN,40,6,200.0,925.1,185020.0,2025-07-08
2025070804020737,PRIN,28,6,100.0,925.2,92520.0,2025-07-08
2025070804020736,PRIN,52,6,45.0,927.0,41715.0,2025-07-08
2025070801014544,DORDI,59,22,81.0,310.0,25110.0,2025-07-08
2025070801014543,DORDI,21,22,119.0,310.0,36890.0,2025-07-08
2025070804020735,SHPC,34,50,11.0,600.0,6600.0,2025-07-08
2025070803009473,BFC,38,64,36.0,490.0,17640.0,2025-07-08
2025070803009472,BFC,29,64,150.0,491.0,73650.0,2025-07-08
2025070803009471,RSDC,32,13,63.0,662.4,41731.2,2025-07-08
2025070804020734,SHPC,46,50,11.0,600.0,6600.0,2025-07-08
2025070804020733,SHPC,46,66,289.0,600.0,173400.0,2025-07-08
2025070805010045,NRIC,55,96,3900.0,1309.6,5107440.0,2025-07-08
2025070804020732,RHPL,49,22,42.0,350.9,14737.8,2025-07-08
2025070801014542,GBIME,58,42,79.0,238.0,18802.0,2025-07-08
2025070801014541,GBIME,71,42,40.0,238.0,9520.0,2025-07-08
2025070805010044,HIDCL,54,44,360.0,292.0,105120.0,2025-07-08
2025070801014540,SPC,68,58,11.0,515.0,5665.0,2025-07-08
2025070804020731,SHPC,56,66,100.0,600.0,60000.0,2025-07-08
2025070805010043,SHIVM,3,66,500.0,508.4,254200.0,2025-07-08
2025070803009470,SWBBL,17,38,50.0,821.0,41050.0,2025-07-08
2025070801014539,HHL,16,39,322.0,400.0,128800.0,2025-07-08
2025070801014538,HHL,16,52,300.0,400.0,120000.0,2025-07-08
2025070801014537,HHL,16,56,200.0,400.0,80000.0,2025-07-08
2025070801014536,HHL,16,56,10.0,400.0,4000.0,2025-07-08
2025070801014535,HHL,16,50,10.0,400.0,4000.0,2025-07-08
2025070801014534,HHL,16,38,10.0,400.0,4000.0,2025-07-08
2025070801014533,HHL,16,50,100.0,399.9,39990.0,2025-07-08
2025070801014532,HHL,16,90,10.0,399.8,3998.0,2025-07-08
2025070801014531,HHL,16,42,300.0,399.6,119880.0,2025-07-08
2025070804020730,SHPC,58,66,300.0,600.0,180000.0,2025-07-08
2025070803009469,FMDBL,42,36,852.0,756.0,644112.0,2025-07-08
2025070803009468,FMDBL,42,17,10.0,755.0,7550.0,2025-07-08
2025070803009467,FMDBL,42,10,400.0,755.0,302000.0,2025-07-08
2025070803009466,FMDBL,42,32,1500.0,755.0,1132500.0,2025-07-08
2025070803009465,FMDBL,42,4,75.0,755.0,56625.0,2025-07-08
2025070803009464,FMDBL,42,55,163.0,754.9,123048.7,2025-07-08
2025070804020729,DHPL,42,54,50.0,324.0,16200.0,2025-07-08
2025070801014530,SPC,4,5,49.0,511.6,25068.4,2025-07-08
2025070801014529,SPC,44,5,300.0,511.7,153510.0,2025-07-08
2025070801014528,SPC,32,5,500.0,512.0,256000.0,2025-07-08
2025070801014527,SPC,45,5,50.0,512.0,25600.0,2025-07-08
2025070801014526,SPC,58,5,380.0,512.1,194598.0,2025-07-08
2025070801014525,SPC,25,5,75.0,512.1,38407.5,2025-07-08
2025070801014524,SPC,38,5,30.0,512.2,15366.0,2025-07-08
2025070801014523,SPC,62,5,200.0,512.2,102440.0,2025-07-08
2025070801014522,SPC,41,5,360.0,512.3,184428.0,2025-07-08
2025070801014521,SPC,58,5,66.0,514.0,33924.0,2025-07-08
2025070804020728,UPCL,6,45,50.0,398.0,19900.0,2025-07-08
2025070804020727,UPCL,6,3,50.0,398.0,19900.0,2025-07-08
2025070803009463,NLIC,81,8,355.0,765.0,271575.0,2025-07-08
2025070803009462,NLIC,1,8,45.0,765.0,34425.0,2025-07-08
2025070803009461,NLIC,26,8,50.0,765.1,38255.0,2025-07-08
2025070803009460,NLIC,40,8,50.0,765.1,38255.0,2025-07-08
2025070801014520,BEDC,95,14,80.0,689.0,55120.0,2025-07-08
2025070803009459,SADBL,39,63,178.0,406.0,72268.0,2025-07-08
2025070801014519,RFPL,3,48,28.0,590.0,16520.0,2025-07-08
2025070801014518,RFPL,3,58,25.0,590.0,14750.0,2025-07-08
2025070801014517,GMLI,55,52,10.0,2365.0,23650.0,2025-07-08
2025070804020726,RADHI,60,42,60.0,788.0,47280.0,2025-07-08
2025070803009458,SAPDBL,14,41,55.0,1070.0,58850.0,2025-07-08
2025070803009457,SAPDBL,4,41,100.0,1070.0,107000.0,2025-07-08
2025070803009456,SAPDBL,11,41,50.0,1070.0,53500.0,2025-07-08
2025070803009455,SAPDBL,17,41,185.0,1070.0,197950.0,2025-07-08
2025070803009454,SAPDBL,43,41,10.0,1070.0,10700.0,2025-07-08
2025070805010042,NRIC,55,22,100.0,1309.6,130960.0,2025-07-08
2025070801014516,CYCL,46,44,30.0,1641.0,49230.0,2025-07-08
2025070801014515,CYCL,48,44,11.0,1641.6,18057.6,2025-07-08
2025070804020725,UPPER,42,5,1000.0,195.3,195300.0,2025-07-08
2025070801014514,MLBS,66,42,15.0,1525.0,22875.0,2025-07-08
2025070801014513,GMLI,55,26,10.0,2365.0,23650.0,2025-07-08
2025070805010041,SAHAS,39,39,137.0,604.0,82748.0,2025-07-08
2025070805010040,SAHAS,39,49,63.0,604.0,38052.0,2025-07-08
2025070805010039,GCIL,41,39,11.0,501.0,5511.0,2025-07-08
2025070804020724,SHPC,34,45,1000.0,599.0,599000.0,2025-07-08
2025070801014512,PCBL,65,18,412.0,257.0,105884.0,2025-07-08
2025070801014511,PCBL,65,18,360.0,257.0,92520.0,2025-07-08
2025070803009453,SAPDBL,43,6,70.0,1070.0,74900.0,2025-07-08
2025070803009452,SAPDBL,49,6,100.0,1070.0,107000.0,2025-07-08
2025070803009451,SAPDBL,45,6,10.0,1070.0,10700.0,2025-07-08
2025070804020723,RHPL,57,22,500.0,350.9,175450.0,2025-07-08
2025070801014510,HHL,57,38,10.0,399.5,3995.0,2025-07-08
2025070801014509,OMPL,26,42,13.0,1357.9,17652.7,2025-07-08
2025070804020722,BARUN,59,42,850.0,425.0,361250.0,2025-07-08
2025070804020721,BARUN,17,42,50.0,425.0,21250.0,2025-07-08
2025070804020720,BARUN,3,42,50.0,425.0,21250.0,2025-07-08
2025070804020719,BARUN,57,42,50.0,425.0,21250.0,2025-07-08
2025070803009450,JFL,55,37,75.0,500.0,37500.0,2025-07-08
2025070803009449,JFL,55,45,25.0,499.9,12497.5,2025-07-08
2025070804020718,SHL,53,25,100.0,564.0,56400.0,2025-07-08
2025070801014508,NMB,58,29,63.0,246.8,15548.4,2025-07-08
2025070801014507,NMB,21,29,137.0,246.8,33811.6,2025-07-08
2025070803009448,SAPDBL,45,11,10.0,1071.0,10710.0,2025-07-08
2025070803009447,SAPDBL,42,11,95.0,1071.0,101745.0,2025-07-08
2025070803009446,SAPDBL,46,11,15.0,1071.0,16065.0,2025-07-08
2025070803009445,SAPDBL,6,11,100.0,1071.1,107110.0,2025-07-08
2025070803009444,SAPDBL,4,11,35.0,1072.0,37520.0,2025-07-08
2025070803009443,SAPDBL,35,11,11.0,1072.1,11793.1,2025-07-08
2025070803009442,MATRI,63,38,30.0,1149.0,34470.0,2025-07-08
2025070803009441,MATRI,63,7,10.0,1148.9,11489.0,2025-07-08
2025070803009440,MATRI,63,42,10.0,1148.0,11480.0,2025-07-08
2025070801014506,KBL,35,34,145.0,207.7,30116.5,2025-07-08
2025070804020717,SPIL,35,35,140.0,819.5,114730.0,2025-07-08
2025070804020716,SPIL,35,57,250.0,819.0,204750.0,2025-07-08
2025070804020715,SPIL,35,6,10.0,818.9,8189.0,2025-07-08
2025070804020714,SPIL,35,71,100.0,817.9,81790.0,2025-07-08
2025070804020713,AHPC,71,58,652.0,287.0,187124.0,2025-07-08
2025070804020712,AHPC,71,16,500.0,287.0,143500.0,2025-07-08
2025070804020711,AHPC,71,38,36.0,286.8,10324.8,2025-07-08
2025070804020710,AHPC,71,52,183.0,286.7,52466.1,2025-07-08
2025070804020709,AHPC,71,89,100.0,286.5,28650.0,2025-07-08
2025070804020708,AHPC,71,56,10.0,286.4,2864.0,2025-07-08
2025070804020707,AHPC,71,38,100.0,286.2,28620.0,2025-07-08
2025070805010038,SAHAS,71,49,437.0,604.0,263948.0,2025-07-08
2025070804020706,AHPC,71,55,290.0,286.1,82969.0,2025-07-08
2025070804020705,AHPC,71,35,80.0,286.0,22880.0,2025-07-08
2025070805010037,SAHAS,71,65,250.0,604.0,151000.0,2025-07-08
2025070804020704,AHPC,71,6,12.0,286.0,3432.0,2025-07-08
2025070804020703,AHPC,71,16,1286.0,286.0,367796.0,2025-07-08
2025070804020702,AHPC,71,48,1000.0,285.9,285900.0,2025-07-08
2025070805010036,SAHAS,71,6,73.0,604.0,44092.0,2025-07-08
2025070804020701,AHPC,71,48,1000.0,285.9,285900.0,2025-07-08
2025070804020700,AHPC,71,56,30.0,285.1,8553.0,2025-07-08
2025070804020699,AHPC,71,39,506.0,285.0,144210.0,2025-07-08
2025070804020698,AHPC,71,6,103.0,285.0,29355.0,2025-07-08
2025070804020697,AHPC,71,56,10.0,285.0,2850.0,2025-07-08
2025070804020696,AHPC,71,38,250.0,285.0,71250.0,2025-07-08
2025070804020695,AHPC,71,34,1000.0,285.0,285000.0,2025-07-08
2025070804020694,AHPC,71,95,300.0,285.0,85500.0,2025-07-08
2025070804020693,AHPC,71,6,1000.0,285.0,285000.0,2025-07-08
2025070804020692,AHPC,71,58,103.0,285.0,29355.0,2025-07-08
2025070804020691,AHPC,71,42,16.0,284.9,4558.4,2025-07-08
2025070804020690,SALICO,19,17,40.0,710.0,28400.0,2025-07-08
2025070803009439,ICFC,42,41,20.0,622.0,12440.0,2025-07-08
2025070803009438,ICFC,34,41,50.0,622.0,31100.0,2025-07-08
2025070804020689,BPCL,64,77,970.0,839.0,813830.0,2025-07-08
2025070804020688,BPCL,64,41,30.0,839.0,25170.0,2025-07-08
2025070804020687,SPIL,52,34,87.0,810.0,70470.0,2025-07-08
2025070804020686,SPIL,4,34,313.0,810.0,253530.0,2025-07-08
2025070805010035,HDL,49,34,100.0,1216.3,121630.0,2025-07-08
2025070805010034,NIFRA,58,32,14.0,276.2,3866.8,2025-07-08
2025070804020685,SHEL,62,36,450.0,287.0,129150.0,2025-07-08
2025070801014505,RHGCL,58,48,10.0,387.0,3870.0,2025-07-08
2025070804020684,RURU,44,5,100.0,714.0,71400.0,2025-07-08
2025070804020683,CGH,5,59,30.0,957.0,28710.0,2025-07-08
2025070805010033,SHIVM,58,41,90.0,509.9,45891.0,2025-07-08
2025070804020682,HPPL,51,91,200.0,500.2,100040.0,2025-07-08
2025070804020681,HDHPC,51,41,1000.0,197.1,197100.0,2025-07-08
2025070804020680,AKPL,22,14,100.0,254.1,25410.0,2025-07-08
2025070804020679,AKPL,22,14,30.0,254.1,7623.0,2025-07-08
2025070804020678,AKPL,34,14,40.0,254.2,10168.0,2025-07-08
2025070801014504,NABIL,94,8,61.0,495.5,30225.5,2025-07-08
2025070801014503,NABIL,94,52,39.0,495.2,19312.8,2025-07-08
2025070801014502,HIDCLP,45,35,10.0,207.9,2079.0,2025-07-08
2025070801014501,RFPL,67,58,75.0,590.0,44250.0,2025-07-08
2025070803009437,CBBL,25,63,50.0,955.2,47760.0,2025-07-08
2025070803009436,CBBL,34,63,50.0,955.2,47760.0,2025-07-08
2025070804020677,AKPL,34,28,10.0,254.2,2542.0,2025-07-08
2025070805010032,HIDCL,60,13,69.0,292.5,20182.5,2025-07-08
2025070805010031,HIDCL,60,94,916.0,292.4,267838.4,2025-07-08
2025070801014500,ADBL,45,34,47.0,294.1,13822.7,2025-07-08
2025070801014499,SPC,68,8,61.0,514.9,31408.9,2025-07-08
2025070803009435,USLB,66,38,10.0,1820.0,18200.0,2025-07-08
2025070801014498,HIDCLP,1,17,1000.0,207.0,207000.0,2025-07-08
2025070804020676,API,32,32,49.0,290.7,14244.3,2025-07-08
2025070804020675,API,35,32,38.0,290.8,11050.4,2025-07-08
2025070804020674,API,49,32,13.0,290.9,3781.7,2025-07-08
2025070804020673,SHPC,34,66,11.0,600.0,6600.0,2025-07-08
2025070803009434,SWBBL,34,42,10.0,826.5,8265.0,2025-07-08
2025070804020672,SSHL,54,45,41.0,252.0,10332.0,2025-07-08
2025070805010030,CHDC,10,101,50.0,2623.9,131195.0,2025-07-08
2025070805010029,CHDC,10,39,50.0,2623.0,131150.0,2025-07-08
2025070801014497,USHEC,6,58,25.0,444.9,11122.5,2025-07-08
2025070801014496,USHEC,6,49,10.0,442.0,4420.0,2025-07-08
2025070803009433,LBBL,46,53,343.0,429.3,147249.9,2025-07-08
2025070803009432,LBBL,58,53,100.0,429.3,42930.0,2025-07-08
2025070803009431,LBBL,36,53,300.0,429.4,128820.0,2025-07-08
2025070803009430,LBBL,16,53,15.0,429.5,6442.5,2025-07-08
2025070803009429,LBBL,35,53,192.0,429.6,82483.2,2025-07-08
2025070804020671,DHPL,42,22,10.0,324.0,3240.0,2025-07-08
2025070804020670,DHPL,42,47,299.0,324.0,96876.0,2025-07-08
2025070804020669,DHPL,42,3,165.0,324.0,53460.0,2025-07-08
2025070801014495,GVL,1,13,11.0,465.0,5115.0,2025-07-08
2025070801014494,GVL,1,1,294.0,465.0,136710.0,2025-07-08
2025070805010028,SAHAS,48,6,10.0,604.0,6040.0,2025-07-08
2025070805010027,NRN,74,42,200.0,2235.0,447000.0,2025-07-08
2025070805010026,SAHAS,39,46,73.0,603.0,44019.0,2025-07-08
2025070804020668,AHPC,6,42,30.0,284.9,8547.0,2025-07-08
2025070801014493,SBI,44,38,19.0,409.0,7771.0,2025-07-08
2025070801014492,SBI,44,38,11.0,408.9,4497.9,2025-07-08
2025070801014491,GMLI,55,26,100.0,2365.0,236500.0,2025-07-08
2025070804020667,GLH,26,8,20.0,262.0,5240.0,2025-07-08
2025070804020666,BPCL,7,49,100.0,837.0,83700.0,2025-07-08
2025070805010025,HDL,49,34,100.0,1216.3,121630.0,2025-07-08
2025070801014490,BHL,66,42,662.0,211.0,139682.0,2025-07-08
2025070801014489,BHL,45,42,100.0,211.0,21100.0,2025-07-08
2025070801014488,BHL,97,42,238.0,211.1,50241.8,2025-07-08
2025070803009428,LBBL,35,48,80.0,429.6,34368.0,2025-07-08
2025070803009427,KMCDB,48,37,10.0,1025.0,10250.0,2025-07-08
2025070804020665,SPDL,5,65,200.0,397.1,79420.0,2025-07-08
2025070804020664,SHPC,41,45,246.0,600.0,147600.0,2025-07-08
2025070804020663,SHPC,41,56,254.0,600.0,152400.0,2025-07-08
2025070804020662,SHPC,62,56,246.0,600.0,147600.0,2025-07-08
2025070804020661,SHPC,62,18,200.0,600.0,120000.0,2025-07-08
2025070804020660,SHPC,62,45,114.0,600.0,68400.0,2025-07-08
2025070804020659,SHPC,62,22,1000.0,599.9,599900.0,2025-07-08
2025070804020658,RHPL,55,22,10.0,350.9,3509.0,2025-07-08
2025070804020657,PRIN,45,55,100.0,928.0,92800.0,2025-07-08
2025070801014487,TAMOR,4,51,10.0,505.5,5055.0,2025-07-08
2025070804020656,SPDL,48,7,390.0,396.0,154440.0,2025-07-08
2025070804020655,SPDL,41,7,200.0,396.0,79200.0,2025-07-08
2025070804020654,SPDL,32,7,10.0,396.1,3961.0,2025-07-08
2025070804020653,SPDL,32,7,10.0,396.2,3962.0,2025-07-08
2025070804020652,SPDL,32,7,10.0,396.3,3963.0,2025-07-08
2025070804020651,SPDL,34,7,1000.0,396.9,396900.0,2025-07-08
2025070804020650,SPDL,44,7,240.0,396.9,95256.0,2025-07-08
2025070804020649,SPDL,49,7,10.0,397.0,3970.0,2025-07-08
2025070804020648,SPDL,34,7,20.0,397.0,7940.0,2025-07-08
2025070804020647,SPDL,4,7,100.0,397.0,39700.0,2025-07-08
2025070804020646,SPDL,26,7,10.0,397.0,3970.0,2025-07-08
2025070805010024,SAHAS,39,19,30.0,603.0,18090.0,2025-07-08
2025070804020645,HURJA,62,66,400.0,249.5,99800.0,2025-07-08
2025070804020644,HURJA,42,66,100.0,249.5,24950.0,2025-07-08
2025070801014486,SRLI,35,45,12.0,401.0,4812.0,2025-07-08
2025070803009426,SINDU,34,52,30.0,915.1,27453.0,2025-07-08
2025070805010023,NRN,71,42,200.0,2235.0,447000.0,2025-07-08
2025070803009425,NMLBBL,80,64,113.0,663.0,74919.0,2025-07-08
2025070801014485,NMB,21,22,53.0,246.8,13080.4,2025-07-08
2025070805010022,HATHY,38,16,10.0,1217.8,12178.0,2025-07-08
2025070803009424,SKBBL,58,22,38.0,808.0,30704.0,2025-07-08
2025070803009423,SKBBL,58,49,55.0,807.0,44385.0,2025-07-08
