transaction,symbol,buyer,seller,quantity,rate,amount,date
2024093001014120,MKHL,14,35,10.0,467.0,4670.0,2024-09-30
2024093001014119,ULBSL,74,58,10.0,3050.0,30500.0,2024-09-30
2024093005014444,SONA,14,35,147.0,491.0,72177.0,2024-09-30
2024093003011017,LICN,38,38,10.0,2100.0,21000.0,2024-09-30
2024093001014118,JBLB,77,58,10.0,1467.9,14679.0,2024-09-30
2024093003011016,PFL,32,6,60.0,564.0,33840.0,2024-09-30
2024093003011015,PFL,32,57,300.0,564.0,169200.0,2024-09-30
2024093003011014,PFL,32,42,40.0,563.9,22556.0,2024-09-30
2024093004011099,SJCL,58,13,10.0,313.9,3139.0,2024-09-30
2024093003011013,LBBL,72,10,10.0,453.9,4539.0,2024-09-30
2024093003011012,LBBL,72,1,10.0,453.8,4538.0,2024-09-30
2024093001014117,SARBTM,58,56,60.0,798.0,47880.0,2024-09-30
2024093004011098,NLG,58,42,50.0,1311.0,65550.0,2024-09-30
2024093001014116,SIKLES,42,34,65.0,677.9,44063.5,2024-09-30
2024093001014115,SIKLES,42,34,100.0,677.8,67780.0,2024-09-30
2024093001014114,SIKLES,42,58,10.0,675.0,6750.0,2024-09-30
2024093001014113,SIKLES,42,57,50.0,674.0,33700.0,2024-09-30
2024093001014112,SIKLES,42,80,100.0,672.0,67200.0,2024-09-30
2024093001014111,SIKLES,42,54,10.0,671.1,6711.0,2024-09-30
2024093001014110,SIKLES,42,45,10.0,671.0,6710.0,2024-09-30
2024093001014109,SIKLES,42,53,10.0,670.0,6700.0,2024-09-30
2024093001014108,SIKLES,42,55,10.0,670.0,6700.0,2024-09-30
2024093001014107,SIKLES,42,38,290.0,670.0,194300.0,2024-09-30
2024093001014106,SIKLES,42,58,170.0,669.9,113883.0,2024-09-30
2024093001014105,SIKLES,42,40,10.0,668.0,6680.0,2024-09-30
2024093001014104,SIKLES,42,34,165.0,668.0,110220.0,2024-09-30
2024093004011097,JOSHI,42,56,200.0,275.0,55000.0,2024-09-30
2024093004011096,UPCL,22,25,10.0,245.9,2459.0,2024-09-30
2024093001014103,CZBIL,48,13,50.0,230.6,11530.0,2024-09-30
2024093001014102,CZBIL,48,8,150.0,230.3,34545.0,2024-09-30
2024093003011011,ILBS,1,70,10.0,937.0,9370.0,2024-09-30
2024093003011010,LICN,49,81,1044.0,2086.0,2177784.0,2024-09-30
2024093003011009,SADBL,66,1,67.0,410.0,27470.0,2024-09-30
2024093003011008,SADBL,66,70,200.0,410.0,82000.0,2024-09-30
2024093003011007,SADBL,66,32,200.0,410.0,82000.0,2024-09-30
2024093003011006,SADBL,66,34,160.0,410.0,65600.0,2024-09-30
2024093003011005,SADBL,66,95,100.0,410.0,41000.0,2024-09-30
2024093003011004,SADBL,66,38,300.0,410.0,123000.0,2024-09-30
2024093003011003,SADBL,66,3,523.0,409.8,214325.4,2024-09-30
2024093003011002,SADBL,66,43,250.0,409.6,102400.0,2024-09-30
2024093003011001,SADBL,66,34,500.0,409.5,204750.0,2024-09-30
2024093003011000,SADBL,66,58,55.0,408.0,22440.0,2024-09-30
2024093003010999,SADBL,66,55,200.0,406.9,81380.0,2024-09-30
2024093003010998,SADBL,66,42,424.0,406.9,172525.6,2024-09-30
2024093003010997,SADBL,66,45,56.0,405.0,22680.0,2024-09-30
2024093003010996,SADBL,66,34,56.0,405.0,22680.0,2024-09-30
2024093003010995,SADBL,66,26,500.0,405.0,202500.0,2024-09-30
2024093003010994,SADBL,66,53,100.0,405.0,40500.0,2024-09-30
2024093003010993,SADBL,66,49,500.0,405.0,202500.0,2024-09-30
2024093003010992,SADBL,66,17,10.0,405.0,4050.0,2024-09-30
2024093003010991,SADBL,66,59,172.0,405.0,69660.0,2024-09-30
2024093003010990,SADBL,66,34,40.0,404.9,16196.0,2024-09-30
2024093003010989,SADBL,66,42,587.0,404.9,237676.3,2024-09-30
2024093001014101,PPL,57,41,10.0,440.0,4400.0,2024-09-30
2024093003010988,SIFC,66,26,20.0,542.0,10840.0,2024-09-30
2024093003010987,SIFC,66,48,30.0,539.0,16170.0,2024-09-30
2024093003010986,JBBL,33,52,20.0,329.5,6590.0,2024-09-30
2024093003010985,JBBL,33,45,20.0,329.5,6590.0,2024-09-30
2024093003010984,JBBL,33,34,50.0,329.5,16475.0,2024-09-30
2024093003010983,JBBL,33,42,100.0,329.4,32940.0,2024-09-30
2024093003010982,JBBL,33,6,10.0,329.0,3290.0,2024-09-30
2024093003010981,NADEP,65,57,50.0,1032.0,51600.0,2024-09-30
2024093003010980,HLBSL,62,42,10.0,850.0,8500.0,2024-09-30
2024093003010979,MDB,62,11,20.0,618.9,12378.0,2024-09-30
2024093003010978,SWBBL,18,62,370.0,973.0,360010.0,2024-09-30
2024093003010977,SWBBL,40,62,100.0,973.1,97310.0,2024-09-30
2024093003010976,SJLIC,28,16,24.0,467.1,11210.4,2024-09-30
2024093003010975,SJLIC,28,48,10.0,467.0,4670.0,2024-09-30
2024093003010974,SJLIC,28,48,10.0,467.0,4670.0,2024-09-30
2024093003010973,SJLIC,28,33,20.0,467.0,9340.0,2024-09-30
2024093003010972,SJLIC,28,46,10.0,466.6,4666.0,2024-09-30
2024093003010971,SJLIC,28,58,50.0,466.0,23300.0,2024-09-30
2024093003010970,SJLIC,28,58,10.0,466.0,4660.0,2024-09-30
2024093003010969,SJLIC,28,50,10.0,466.0,4660.0,2024-09-30
2024093003010968,SJLIC,28,46,10.0,466.0,4660.0,2024-09-30
2024093003010967,SJLIC,28,44,10.0,465.0,4650.0,2024-09-30
2024093003010966,SJLIC,28,21,100.0,465.0,46500.0,2024-09-30
2024093003010965,SJLIC,28,36,14.0,465.0,6510.0,2024-09-30
2024093003010964,SJLIC,28,49,10.0,465.0,4650.0,2024-09-30
2024093003010963,SJLIC,28,38,30.0,465.0,13950.0,2024-09-30
2024093003010962,SJLIC,28,48,10.0,465.0,4650.0,2024-09-30
2024093003010961,SJLIC,28,17,10.0,465.0,4650.0,2024-09-30
2024093003010960,SJLIC,28,50,38.0,465.0,17670.0,2024-09-30
2024093003010959,SJLIC,28,36,10.0,465.0,4650.0,2024-09-30
2024093003010958,SJLIC,28,6,10.0,465.0,4650.0,2024-09-30
2024093003010957,SJLIC,28,48,10.0,465.0,4650.0,2024-09-30
2024093003010956,SJLIC,28,7,100.0,465.0,46500.0,2024-09-30
2024093003010955,SJLIC,28,55,100.0,465.0,46500.0,2024-09-30
2024093003010954,SJLIC,28,19,10.0,465.0,4650.0,2024-09-30
2024093003010953,SJLIC,28,57,20.0,465.0,9300.0,2024-09-30
2024093003010952,SJLIC,28,36,10.0,465.0,4650.0,2024-09-30
2024093003010951,SJLIC,28,58,10.0,465.0,4650.0,2024-09-30
2024093003010950,SJLIC,28,47,20.0,465.0,9300.0,2024-09-30
2024093003010949,SJLIC,28,59,10.0,465.0,4650.0,2024-09-30
2024093003010948,SJLIC,28,58,10.0,465.0,4650.0,2024-09-30
2024093003010947,SJLIC,28,50,10.0,465.0,4650.0,2024-09-30
2024093003010946,SJLIC,28,56,10.0,465.0,4650.0,2024-09-30
2024093003010945,SJLIC,28,58,10.0,465.0,4650.0,2024-09-30
2024093003010944,SJLIC,28,38,10.0,465.0,4650.0,2024-09-30
2024093003010943,SJLIC,28,59,10.0,465.0,4650.0,2024-09-30
2024093003010942,SJLIC,28,45,450.0,465.0,209250.0,2024-09-30
2024093003010941,SJLIC,28,8,10.0,464.0,4640.0,2024-09-30
2024093003010940,SJLIC,28,53,10.0,464.0,4640.0,2024-09-30
2024093003010939,SJLIC,28,52,50.0,464.0,23200.0,2024-09-30
2024093003010938,SJLIC,28,49,22.0,464.0,10208.0,2024-09-30
2024093003010937,SJLIC,28,58,10.0,464.0,4640.0,2024-09-30
2024093003010936,SJLIC,28,44,200.0,463.8,92760.0,2024-09-30
2024093003010935,SJLIC,28,42,10.0,463.7,4637.0,2024-09-30
2024093003010934,SJLIC,28,58,10.0,463.6,4636.0,2024-09-30
2024093003010933,SJLIC,28,8,10.0,463.6,4636.0,2024-09-30
2024093003010932,SJLIC,28,38,472.0,463.5,218772.0,2024-09-30
2024093003010931,WNLB,28,70,10.0,3240.0,32400.0,2024-09-30
2024093003010930,ACLBSL,8,52,10.0,1000.0,10000.0,2024-09-30
2024093001014100,NWCL,19,63,29.0,890.0,25810.0,2024-09-30
2024093001014099,NWCL,19,48,11.0,890.0,9790.0,2024-09-30
2024093001014098,NWCL,19,22,30.0,888.9,26667.0,2024-09-30
2024093001014097,NWCL,19,57,70.0,888.5,62195.0,2024-09-30
2024093001014096,BGWT,47,19,1000.0,890.0,890000.0,2024-09-30
2024093003010929,ALICL,44,20,100.0,695.5,69550.0,2024-09-30
2024093003010928,ALICL,14,20,100.0,696.0,69600.0,2024-09-30
2024093004011095,HDHPC,5,50,367.0,190.2,69803.4,2024-09-30
2024093004011094,HDHPC,36,50,257.0,190.3,48907.1,2024-09-30
2024093004011093,HDHPC,28,50,200.0,190.4,38080.0,2024-09-30
2024093004011092,HDHPC,42,50,20.0,190.5,3810.0,2024-09-30
2024093004011091,HDHPC,54,50,26.0,190.9,4963.4,2024-09-30
2024093004011090,HDHPC,34,50,130.0,190.9,24817.0,2024-09-30
2024093005014443,NRN,50,57,10.0,898.0,8980.0,2024-09-30
2024093001014095,MHL,87,28,20.0,709.2,14184.0,2024-09-30
2024093004011089,GHL,7,11,10.0,200.0,2000.0,2024-09-30
2024093003010927,PFL,25,42,10.0,563.9,5639.0,2024-09-30
2024093005014442,RNLI,52,88,21.0,475.2,9979.2,2024-09-30
2024093003010926,WNLB,71,70,10.0,3240.0,32400.0,2024-09-30
2024093003010925,CFCL,53,51,50.0,527.0,26350.0,2024-09-30
2024093005014441,STC,44,34,10.0,5600.0,56000.0,2024-09-30
2024093001014094,TVCL,51,53,10.0,456.0,4560.0,2024-09-30
2024093001014093,TVCL,51,45,20.0,455.0,9100.0,2024-09-30
2024093003010924,GMFIL,17,82,40.0,517.0,20680.0,2024-09-30
2024093003010923,GMFIL,17,22,450.0,516.5,232425.0,2024-09-30
2024093003010922,GMFIL,17,42,10.0,516.0,5160.0,2024-09-30
2024093003010921,SAPDBL,47,95,10.0,524.9,5249.0,2024-09-30
2024093001014092,MEHL,55,18,230.0,366.9,84387.0,2024-09-30
2024093001014091,MEHL,55,47,40.0,366.8,14672.0,2024-09-30
2024093001014090,MEHL,55,95,100.0,366.7,36670.0,2024-09-30
2024093001014089,MEHL,55,35,180.0,366.7,66006.0,2024-09-30
2024093001014088,MEHL,55,14,10.0,366.6,3666.0,2024-09-30
2024093001014087,MEHL,55,41,10.0,366.1,3661.0,2024-09-30
2024093001014086,MEHL,55,38,50.0,366.0,18300.0,2024-09-30
2024093001014085,MEHL,55,13,100.0,366.0,36600.0,2024-09-30
2024093001014084,MEHL,55,36,10.0,366.0,3660.0,2024-09-30
2024093001014083,MEHL,55,49,150.0,366.0,54900.0,2024-09-30
2024093001014082,MEHL,55,45,10.0,365.0,3650.0,2024-09-30
2024093001014081,MEHL,55,58,10.0,365.0,3650.0,2024-09-30
2024093001014080,MEHL,55,41,10.0,365.0,3650.0,2024-09-30
2024093001014079,MEHL,55,43,10.0,365.0,3650.0,2024-09-30
2024093001014078,MEHL,55,49,10.0,365.0,3650.0,2024-09-30
2024093001014077,MEHL,55,49,10.0,365.0,3650.0,2024-09-30
2024093001014076,MEHL,55,1,10.0,365.0,3650.0,2024-09-30
2024093001014075,MEHL,55,41,20.0,364.0,7280.0,2024-09-30
2024093001014074,MEHL,55,42,10.0,363.9,3639.0,2024-09-30
2024093001014073,MEHL,55,39,10.0,363.0,3630.0,2024-09-30
2024093001014072,MEHL,55,22,10.0,363.0,3630.0,2024-09-30
2024093001014071,BHL,34,6,10.0,436.9,4369.0,2024-09-30
2024093003010920,MDB,32,48,100.0,618.0,61800.0,2024-09-30
2024093003010919,NFS,74,32,40.0,1219.8,48792.0,2024-09-30
2024093003010918,GFCL,72,16,10.0,842.0,8420.0,2024-09-30
2024093004011088,KKHC,38,26,231.0,259.8,60013.8,2024-09-30
2024093004011087,KKHC,38,41,150.0,259.8,38970.0,2024-09-30
2024093004011086,KKHC,38,34,150.0,259.0,38850.0,2024-09-30
2024093004011085,KKHC,38,17,169.0,257.9,43585.1,2024-09-30
2024093003010917,MFIL,58,7,215.0,629.4,135321.0,2024-09-30
2024093003010916,ICFC,58,4,10.0,664.0,6640.0,2024-09-30
2024093001014070,SARBTM,58,56,40.0,798.0,31920.0,2024-09-30
2024093005014440,SHIVM,39,26,300.0,599.0,179700.0,2024-09-30
2024093004011084,UMHL,39,62,1000.0,310.0,310000.0,2024-09-30
2024093004011083,UMHL,39,48,20.0,298.8,5976.0,2024-09-30
2024093004011082,GLH,42,49,1000.0,229.6,229600.0,2024-09-30
2024093001014069,MBL,39,22,20.0,236.9,4738.0,2024-09-30
2024093004011081,NLG,55,70,500.0,1310.0,655000.0,2024-09-30
2024093001014068,HHL,70,29,500.0,445.0,222500.0,2024-09-30
2024093003010915,GUFL,8,94,700.0,678.0,474600.0,2024-09-30
2024093001014067,PRVU,22,45,100.0,231.0,23100.0,2024-09-30
2024093004011080,GHL,60,11,11.0,200.0,2200.0,2024-09-30
2024093003010914,KRBL,60,48,100.0,546.0,54600.0,2024-09-30
2024093001014066,CYCL,60,57,10.0,1540.0,15400.0,2024-09-30
2024093003010913,NABBC,64,53,88.0,574.9,50591.2,2024-09-30
2024093003010912,NABBC,64,62,182.0,574.0,104468.0,2024-09-30
2024093003010911,NABBC,64,41,100.0,573.3,57330.0,2024-09-30
2024093003010910,NABBC,64,34,100.0,571.0,57100.0,2024-09-30
2024093003010909,NABBC,64,42,100.0,570.0,57000.0,2024-09-30
2024093003010908,NABBC,64,32,100.0,570.0,57000.0,2024-09-30
2024093003010907,NABBC,64,58,50.0,569.9,28495.0,2024-09-30
2024093003010906,NABBC,64,32,100.0,567.0,56700.0,2024-09-30
2024093003010905,NABBC,64,71,180.0,567.0,102060.0,2024-09-30
2024093001014065,SPL,64,8,10.0,827.0,8270.0,2024-09-30
2024093003010904,NADEP,64,57,50.0,1032.0,51600.0,2024-09-30
2024093001014064,MSHL,64,43,30.0,908.9,27267.0,2024-09-30
2024093005014439,SONA,54,11,30.0,490.7,14721.0,2024-09-30
2024093005014438,SONA,19,11,90.0,490.7,44163.0,2024-09-30
2024093005014437,SONA,57,11,380.0,490.7,186466.0,2024-09-30
2024093001014063,ULHC,53,42,19.0,374.0,7106.0,2024-09-30
2024093001014062,RAWA,62,36,10.0,697.6,6976.0,2024-09-30
2024093005014436,RNLI,62,18,50.0,479.0,23950.0,2024-09-30
2024093005014435,RNLI,62,19,10.0,478.8,4788.0,2024-09-30
2024093005014434,RNLI,62,38,11.0,478.8,5266.8,2024-09-30
2024093005014433,RNLI,62,87,160.0,478.5,76560.0,2024-09-30
2024093005014432,RNLI,62,38,11.0,478.0,5258.0,2024-09-30
2024093005014431,RNLI,62,36,11.0,478.0,5258.0,2024-09-30
2024093005014430,RNLI,62,16,11.0,477.0,5247.0,2024-09-30
2024093005014429,RNLI,62,41,230.0,477.0,109710.0,2024-09-30
2024093003010903,NFS,62,17,10.0,1220.0,12200.0,2024-09-30
2024093001014061,NWCL,62,57,10.0,888.5,8885.0,2024-09-30
2024093003010902,JSLBB,62,64,17.0,1555.0,26435.0,2024-09-30
2024093003010901,JSLBB,62,53,10.0,1555.0,15550.0,2024-09-30
2024093003010900,JSLBB,62,34,90.0,1554.0,139860.0,2024-09-30
2024093003010899,JSLBB,62,62,183.0,1542.0,282186.0,2024-09-30
2024093001014060,SMH,62,34,10.0,1023.9,10239.0,2024-09-30
2024093003010898,EDBL,97,65,335.0,617.0,206695.0,2024-09-30
2024093003010897,EDBL,47,65,500.0,617.1,308550.0,2024-09-30
2024093003010896,EDBL,62,65,480.0,618.0,296640.0,2024-09-30
2024093003010895,EDBL,57,65,300.0,620.0,186000.0,2024-09-30
2024093005014428,HRL,28,83,100.0,775.0,77500.0,2024-09-30
2024093001014059,MHL,8,29,85.0,709.1,60273.5,2024-09-30
2024093001014058,MHL,8,28,90.0,695.8,62622.0,2024-09-30
2024093001014057,MHL,8,41,10.0,666.0,6660.0,2024-09-30
2024093001014056,MHL,8,4,150.0,665.0,99750.0,2024-09-30
2024093001014055,MHL,8,34,265.0,660.0,174900.0,2024-09-30
2024093001014054,UHEWA,49,59,10.0,448.0,4480.0,2024-09-30
2024093003010894,NABBC,19,71,10.0,567.0,5670.0,2024-09-30
2024093001014053,ULHC,90,42,20.0,374.0,7480.0,2024-09-30
2024093001014052,ULHC,90,58,10.0,373.5,3735.0,2024-09-30
2024093005014427,MEL,16,52,500.0,274.0,137000.0,2024-09-30
2024093001014051,SBL,50,17,110.0,327.7,36047.0,2024-09-30
2024093001014050,MHL,6,34,50.0,660.0,33000.0,2024-09-30
2024093005014426,STC,25,34,90.0,5600.0,504000.0,2024-09-30
2024093005014425,STC,25,59,10.0,5600.0,56000.0,2024-09-30
2024093001014049,RAWA,71,36,10.0,697.6,6976.0,2024-09-30
2024093003010893,SINDU,88,29,35.0,579.0,20265.0,2024-09-30
2024093003010892,SINDU,88,50,30.0,577.6,17328.0,2024-09-30
2024093003010891,SINDU,88,34,285.0,575.0,163875.0,2024-09-30
2024093003010890,SINDU,88,34,10.0,575.0,5750.0,2024-09-30
2024093003010889,WNLB,29,70,108.0,3240.0,349920.0,2024-09-30
2024093003010888,WNLB,29,55,65.0,3220.0,209300.0,2024-09-30
2024093003010887,WNLB,29,64,10.0,3200.0,32000.0,2024-09-30
2024093003010886,WNLB,29,28,10.0,2856.0,28560.0,2024-09-30
2024093003010885,WNLB,29,14,10.0,2838.6,28386.0,2024-09-30
2024093003010884,WNLB,29,56,100.0,2836.6,283660.0,2024-09-30
2024093003010883,WNLB,29,58,11.0,2836.6,31202.6,2024-09-30
2024093003010882,WNLB,29,75,200.0,2836.6,567320.0,2024-09-30
2024093003010881,WNLB,29,58,80.0,2836.6,226928.0,2024-09-30
2024093003010880,WNLB,29,34,50.0,2836.6,141830.0,2024-09-30
2024093003010879,WNLB,29,28,100.0,2836.6,283660.0,2024-09-30
2024093003010878,WNLB,29,57,10.0,2836.6,28366.0,2024-09-30
2024093003010877,WNLB,29,46,50.0,2836.0,141800.0,2024-09-30
2024093003010876,WNLB,29,11,100.0,2836.0,283600.0,2024-09-30
2024093003010875,WNLB,29,96,100.0,2836.0,283600.0,2024-09-30
2024093003010874,WNLB,29,41,11.0,2835.0,31185.0,2024-09-30
2024093003010873,WNLB,29,57,10.0,2830.0,28300.0,2024-09-30
2024093003010872,WNLB,29,16,10.0,2830.0,28300.0,2024-09-30
2024093003010871,WNLB,29,46,10.0,2800.0,28000.0,2024-09-30
2024093003010870,WNLB,29,46,10.0,2790.0,27900.0,2024-09-30
2024093003010869,WNLB,29,46,10.0,2781.0,27810.0,2024-09-30
2024093003010868,WNLB,29,46,10.0,2781.0,27810.0,2024-09-30
2024093003010867,WNLB,29,70,100.0,2781.0,278100.0,2024-09-30
2024093003010866,WNLB,29,70,25.0,2781.0,69525.0,2024-09-30
2024093005014424,GCIL,51,52,32.0,518.1,16579.2,2024-09-30
2024093005014423,GCIL,51,42,20.0,518.0,10360.0,2024-09-30
2024093005014422,GCIL,51,28,23.0,518.0,11914.0,2024-09-30
2024093005014421,GCIL,51,59,200.0,518.0,103600.0,2024-09-30
2024093003010865,GILB,100,34,40.0,1151.0,46040.0,2024-09-30
2024093001014048,NABIL,34,55,10.0,550.0,5500.0,2024-09-30
2024093004011079,GHL,32,34,290.0,198.0,57420.0,2024-09-30
2024093004011078,GHL,41,34,200.0,198.0,39600.0,2024-09-30
2024093004011077,GHL,50,34,10.0,198.0,1980.0,2024-09-30
2024093003010864,NFS,74,34,120.0,1219.8,146376.0,2024-09-30
2024093001014047,SBL,48,34,50.0,327.0,16350.0,2024-09-30
2024093004011076,GHL,21,11,12.0,200.0,2400.0,2024-09-30
2024093003010863,CFCL,34,34,20.0,527.9,10558.0,2024-09-30
2024093003010862,CFCL,34,36,20.0,527.9,10558.0,2024-09-30
2024093003010861,CFCL,34,36,20.0,527.7,10554.0,2024-09-30
2024093004011075,RURU,34,29,200.0,792.0,158400.0,2024-09-30
2024093001014046,SMHL,65,14,110.0,606.0,66660.0,2024-09-30
2024093001014045,SMHL,90,14,360.0,607.0,218520.0,2024-09-30
2024093001014044,SMHL,21,14,20.0,608.0,12160.0,2024-09-30
2024093003010860,PROFL,14,85,30.0,533.0,15990.0,2024-09-30
2024093003010859,ICFC,72,4,10.0,664.0,6640.0,2024-09-30
2024093004011074,UMRH,26,43,200.0,422.0,84400.0,2024-09-30
2024093001014043,MKCL,38,45,10.0,1294.0,12940.0,2024-09-30
2024093004011073,AKJCL,51,42,10.0,192.5,1925.0,2024-09-30
2024093005014420,VLUCL,21,60,10.0,560.0,5600.0,2024-09-30
2024093005014419,NRN,88,57,70.0,898.1,62867.0,2024-09-30
2024093005014418,HRL,57,83,15.0,775.0,11625.0,2024-09-30
2024093005014417,HRL,57,49,10.0,775.0,7750.0,2024-09-30
2024093005014416,HRL,57,6,15.0,775.0,11625.0,2024-09-30
2024093005014415,HRL,57,44,10.0,772.0,7720.0,2024-09-30
2024093004011072,NGPL,62,53,20.0,421.1,8422.0,2024-09-30
2024093001014042,TSHL,38,33,40.0,730.0,29200.0,2024-09-30
2024093001014041,TSHL,44,33,10.0,730.1,7301.0,2024-09-30
2024093001014040,ADBL,44,56,19.0,357.5,6792.5,2024-09-30
2024093004011071,UMHL,62,48,20.0,298.8,5976.0,2024-09-30
2024093004011070,UMHL,62,42,100.0,297.9,29790.0,2024-09-30
2024093004011069,UMHL,62,55,20.0,297.0,5940.0,2024-09-30
2024093004011068,UMHL,62,58,500.0,296.0,148000.0,2024-09-30
2024093004011067,UMHL,62,22,360.0,296.0,106560.0,2024-09-30
2024093004011066,MHNL,49,58,10.0,243.0,2430.0,2024-09-30
2024093001014039,HEIP,20,8,10.0,354.9,3549.0,2024-09-30
2024093004011065,HDHPC,34,49,170.0,190.9,32453.0,2024-09-30
2024093004011064,NHDL,50,49,55.0,551.0,30305.0,2024-09-30
2024093004011063,NHDL,50,48,500.0,550.0,275000.0,2024-09-30
2024093004011062,NHDL,50,53,67.0,550.0,36850.0,2024-09-30
2024093004011061,NHDL,50,42,200.0,550.0,110000.0,2024-09-30
2024093004011060,NHDL,50,51,100.0,549.9,54990.0,2024-09-30
2024093004011059,NHDL,50,51,13.0,549.0,7137.0,2024-09-30
2024093004011058,NHDL,50,40,52.0,549.0,28548.0,2024-09-30
2024093004011057,NHDL,50,49,13.0,548.3,7127.9,2024-09-30
2024093004011056,GHL,50,11,110.0,200.0,22000.0,2024-09-30
2024093004011055,GHL,50,34,100.0,200.0,20000.0,2024-09-30
2024093004011054,GHL,50,16,790.0,200.0,158000.0,2024-09-30
2024093001014038,MKJC,29,58,10.0,432.0,4320.0,2024-09-30
2024093001014037,LSL,44,35,10.0,235.4,2354.0,2024-09-30
2024093003010858,SIFC,44,48,10.0,539.0,5390.0,2024-09-30
2024093004011053,HPPL,17,80,50.0,298.0,14900.0,2024-09-30
2024093003010857,MATRI,45,55,45.0,1450.0,65250.0,2024-09-30
2024093003010856,MATRI,45,47,19.0,1448.0,27512.0,2024-09-30
2024093003010855,MATRI,45,21,11.0,1447.0,15917.0,2024-09-30
2024093003010854,MATRI,45,54,11.0,1447.0,15917.0,2024-09-30
2024093003010853,MATRI,45,57,15.0,1447.0,21705.0,2024-09-30
2024093003010852,MATRI,45,47,19.0,1447.0,27493.0,2024-09-30
2024093003010851,MATRI,45,47,10.0,1447.0,14470.0,2024-09-30
2024093003010850,MATRI,45,25,20.0,1446.0,28920.0,2024-09-30
2024093003010849,MATRI,45,57,10.0,1440.0,14400.0,2024-09-30
2024093004011052,SHPC,45,42,10.0,489.9,4899.0,2024-09-30
2024093001014036,SNLI,21,58,135.0,554.0,74790.0,2024-09-30
2024093004011051,GHL,21,16,10.0,200.0,2000.0,2024-09-30
2024093003010848,MLBL,34,42,10.0,385.0,3850.0,2024-09-30
2024093003010847,NFS,74,14,20.0,1219.8,24396.0,2024-09-30
2024093005014414,PHCL,72,29,100.0,324.5,32450.0,2024-09-30
2024093001014035,UHEWA,38,59,10.0,448.0,4480.0,2024-09-30
2024093001014034,EBL,67,58,476.0,585.0,278460.0,2024-09-30
2024093001014033,EBL,65,58,830.0,585.1,485633.0,2024-09-30
2024093001014032,EBL,43,58,200.0,586.0,117200.0,2024-09-30
2024093001014031,EBL,56,58,20.0,586.0,11720.0,2024-09-30
2024093001014030,EBL,22,58,10.0,586.0,5860.0,2024-09-30
2024093001014029,EBL,46,58,10.0,586.0,5860.0,2024-09-30
2024093001014028,EBL,38,58,24.0,586.0,14064.0,2024-09-30
2024093001014027,EBL,68,58,50.0,586.0,29300.0,2024-09-30
2024093001014026,EBL,42,58,20.0,586.0,11720.0,2024-09-30
2024093001014025,EBL,22,58,200.0,586.1,117220.0,2024-09-30
2024093001014024,EBL,58,58,15.0,586.1,8791.5,2024-09-30
2024093001014023,EBL,34,58,40.0,586.3,23452.0,2024-09-30
2024093001014022,EBL,81,58,50.0,586.3,29315.0,2024-09-30
2024093001014021,EBL,58,58,800.0,586.3,469040.0,2024-09-30
2024093001014020,EBL,22,58,200.0,586.5,117300.0,2024-09-30
2024093005014413,SHIVM,42,26,28.0,599.0,16772.0,2024-09-30
2024093005014412,CLI,58,45,10.0,608.0,6080.0,2024-09-30
2024093005014411,CLI,58,34,10.0,608.0,6080.0,2024-09-30
2024093001014019,MHCL,42,14,80.0,377.0,30160.0,2024-09-30
2024093005014410,HATHY,69,55,245.0,1359.0,332955.0,2024-09-30
2024093005014409,HATHY,69,7,10.0,1358.0,13580.0,2024-09-30
2024093005014408,HATHY,69,77,100.0,1356.0,135600.0,2024-09-30
2024093005014407,HATHY,69,59,35.0,1356.0,47460.0,2024-09-30
2024093005014406,HATHY,69,32,1800.0,1355.0,2439000.0,2024-09-30
2024093005014405,HATHY,69,41,508.0,1355.0,688340.0,2024-09-30
2024093005014404,HATHY,69,45,302.0,1354.0,408908.0,2024-09-30
2024093004011050,AHPC,66,56,10.0,259.0,2590.0,2024-09-30
2024093004011049,API,57,38,10.0,282.9,2829.0,2024-09-30
2024093001014018,SARBTM,42,56,400.0,798.0,319200.0,2024-09-30
2024093003010846,MFIL,56,7,200.0,629.4,125880.0,2024-09-30
2024093001014017,NESDO,62,63,10.0,2127.0,21270.0,2024-09-30
2024093003010845,NLICL,17,33,15.0,582.0,8730.0,2024-09-30
2024093003010844,NLICL,58,33,40.0,582.1,23284.0,2024-09-30
2024093003010843,NLICL,21,33,10.0,584.0,5840.0,2024-09-30
2024093003010842,NFS,74,20,100.0,1219.8,121980.0,2024-09-30
2024093003010841,HLI,70,49,260.0,455.0,118300.0,2024-09-30
2024093003010840,HLI,58,49,40.0,455.1,18204.0,2024-09-30
2024093001014016,TSHL,44,87,10.0,730.1,7301.0,2024-09-30
2024093003010839,NFS,74,71,200.0,1219.8,243960.0,2024-09-30
2024093005014403,SHIVM,35,26,10.0,599.0,5990.0,2024-09-30
2024093001014015,RAWA,92,36,467.0,697.6,325779.2,2024-09-30
2024093001014014,RAWA,92,67,10.0,697.3,6973.0,2024-09-30
2024093001014013,RAWA,92,58,35.0,695.7,24349.5,2024-09-30
2024093001014012,RAWA,92,42,10.0,695.6,6956.0,2024-09-30
2024093001014011,RAWA,92,8,10.0,694.6,6946.0,2024-09-30
2024093001014010,RAWA,92,49,20.0,694.4,13888.0,2024-09-30
2024093001014009,RAWA,92,34,284.0,694.0,197096.0,2024-09-30
2024093001014008,RAWA,92,7,10.0,694.0,6940.0,2024-09-30
2024093001014007,RAWA,92,6,10.0,694.0,6940.0,2024-09-30
2024093001014006,RAWA,92,42,344.0,693.0,238392.0,2024-09-30
2024093004011048,UPCL,41,44,100.0,245.0,24500.0,2024-09-30
2024093004011047,PPCL,47,16,20.0,234.0,4680.0,2024-09-30
2024093004011046,UMHL,21,22,20.0,296.0,5920.0,2024-09-30
2024093003010838,ICFC,34,4,10.0,664.0,6640.0,2024-09-30
2024093004011045,SHPC,32,42,250.0,489.9,122475.0,2024-09-30
2024093003010837,KRBL,38,32,75.0,545.0,40875.0,2024-09-30
2024093003010836,KRBL,55,32,125.0,545.0,68125.0,2024-09-30
2024093001014005,IHL,32,54,10.0,481.0,4810.0,2024-09-30
2024093004011044,OHL,67,48,40.0,925.0,37000.0,2024-09-30
2024093004011043,OHL,67,48,20.0,925.0,18500.0,2024-09-30
2024093004011042,OHL,67,48,50.0,921.0,46050.0,2024-09-30
2024093001014004,MAKAR,39,60,10.0,449.0,4490.0,2024-09-30
2024093001014003,MAKAR,39,17,10.0,448.0,4480.0,2024-09-30
2024093001014002,MAKAR,39,99,10.0,448.0,4480.0,2024-09-30
2024093001014001,MAKAR,39,57,10.0,448.0,4480.0,2024-09-30
2024093001014000,MAKAR,39,35,10.0,447.0,4470.0,2024-09-30
2024093004011041,NHPC,42,64,575.0,204.0,117300.0,2024-09-30
2024093005014402,NRN,58,34,20.0,908.8,18176.0,2024-09-30
2024093005014401,NRN,58,32,500.0,908.0,454000.0,2024-09-30
2024093005014400,NRN,58,48,50.0,908.0,45400.0,2024-09-30
2024093005014399,NRN,58,70,100.0,907.9,90790.0,2024-09-30
2024093005014398,NRN,58,57,210.0,903.0,189630.0,2024-09-30
2024093005014397,NRN,58,25,40.0,902.0,36080.0,2024-09-30
2024093005014396,NRN,58,45,10.0,901.0,9010.0,2024-09-30
2024093005014395,NRN,58,57,70.0,901.0,63070.0,2024-09-30
2024093001013999,RAWA,42,42,50.0,693.0,34650.0,2024-09-30
2024093005014394,GCIL,1,38,23.0,518.0,11914.0,2024-09-30
2024093005014393,GCIL,1,57,10.0,518.0,5180.0,2024-09-30
2024093005014392,GCIL,1,59,34.0,518.0,17612.0,2024-09-30
2024093005014391,GCIL,1,20,217.0,518.0,112406.0,2024-09-30
2024093004011040,NICL,1,42,10.0,998.9,9989.0,2024-09-30
2024093003010835,CORBL,60,71,10.0,835.0,8350.0,2024-09-30
2024093004011039,MEN,81,48,50.0,616.0,30800.0,2024-09-30
2024093004011038,MEN,81,19,30.0,616.0,18480.0,2024-09-30
2024093004011037,MEN,81,7,100.0,616.0,61600.0,2024-09-30
2024093004011036,MEN,81,45,466.0,616.0,287056.0,2024-09-30
2024093003010834,NMFBS,81,26,53.0,1365.0,72345.0,2024-09-30
2024093004011035,RHPL,11,41,60.0,359.0,21540.0,2024-09-30
2024093001013998,BHL,56,6,10.0,436.9,4369.0,2024-09-30
2024093001013997,BHL,56,63,100.0,436.8,43680.0,2024-09-30
2024093001013996,BHL,56,32,200.0,433.0,86600.0,2024-09-30
2024093001013995,BHL,56,26,10.0,433.0,4330.0,2024-09-30
2024093001013994,SRLI,33,45,100.0,454.0,45400.0,2024-09-30
2024093003010833,SFCL,19,88,10.0,535.0,5350.0,2024-09-30
2024093001013993,RHGCL,90,42,20.0,375.0,7500.0,2024-09-30
2024093004011034,BPCL,21,41,62.0,390.0,24180.0,2024-09-30
2024093004011033,BPCL,49,41,38.0,390.1,14823.8,2024-09-30
2024093005014390,NIFRA,57,50,10.0,264.1,2641.0,2024-09-30
2024093001013992,MANDU,25,32,139.0,844.6,117399.4,2024-09-30
2024093001013991,MANDU,25,48,24.0,844.5,20268.0,2024-09-30
2024093001013990,MANDU,25,42,100.0,844.0,84400.0,2024-09-30
2024093001013989,MANDU,25,7,20.0,840.0,16800.0,2024-09-30
2024093001013988,MANDU,25,28,17.0,840.0,14280.0,2024-09-30
2024093001013987,GVL,88,50,188.0,537.0,100956.0,2024-09-30
2024093001013986,GVL,88,70,90.0,536.7,48303.0,2024-09-30
2024093001013985,GVL,88,25,100.0,535.0,53500.0,2024-09-30
2024093001013984,GVL,88,49,10.0,535.0,5350.0,2024-09-30
2024093001013983,GVL,88,1,100.0,533.0,53300.0,2024-09-30
2024093001013982,GVL,88,42,500.0,532.0,266000.0,2024-09-30
2024093001013981,GVL,88,74,11.0,531.0,5841.0,2024-09-30
2024093001013980,GVL,88,42,10.0,530.4,5304.0,2024-09-30
2024093001013979,GVL,88,38,10.0,530.0,5300.0,2024-09-30
2024093001013978,GVL,88,58,10.0,530.0,5300.0,2024-09-30
2024093001013977,GVL,88,51,10.0,529.0,5290.0,2024-09-30
2024093001013976,GVL,88,42,10.0,529.0,5290.0,2024-09-30
2024093001013975,GVL,88,39,10.0,528.0,5280.0,2024-09-30
2024093001013974,GVL,88,19,200.0,527.0,105400.0,2024-09-30
2024093001013973,GVL,88,49,10.0,527.0,5270.0,2024-09-30
2024093001013972,GVL,88,48,10.0,527.0,5270.0,2024-09-30
2024093001013971,GVL,88,75,10.0,527.0,5270.0,2024-09-30
2024093001013970,GVL,88,42,10.0,527.0,5270.0,2024-09-30
2024093001013969,GVL,88,42,10.0,527.0,5270.0,2024-09-30
2024093001013968,GVL,88,38,10.0,527.0,5270.0,2024-09-30
2024093001013967,GVL,88,38,80.0,527.0,42160.0,2024-09-30
2024093001013966,GVL,88,13,100.0,525.0,52500.0,2024-09-30
2024093004011032,SHPC,45,46,200.0,487.6,97520.0,2024-09-30
2024093001013965,ULBSL,74,49,10.0,3045.0,30450.0,2024-09-30
2024093003010832,NFS,74,62,10.0,1219.8,12198.0,2024-09-30
2024093003010831,NFS,74,62,100.0,1218.0,121800.0,2024-09-30
2024093003010830,NFS,74,59,20.0,1218.0,24360.0,2024-09-30
2024093003010829,NFS,74,7,20.0,1217.0,24340.0,2024-09-30
2024093003010828,NFS,74,71,130.0,1216.0,158080.0,2024-09-30
2024093003010827,NFS,74,5,10.0,1215.0,12150.0,2024-09-30
2024093003010826,NFS,74,33,10.0,1215.0,12150.0,2024-09-30
2024093003010825,NFS,74,68,140.0,1215.0,170100.0,2024-09-30
2024093001013964,SBLD89,13,45,10.0,1208.0,12080.0,2024-09-30
2024093005014389,RNLI,52,14,11.0,475.2,5227.2,2024-09-30
2024093001013963,USHL,14,42,10.0,774.0,7740.0,2024-09-30
2024093003010824,BFC,34,57,450.0,519.9,233955.0,2024-09-30
2024093003010823,BFC,34,11,50.0,519.8,25990.0,2024-09-30
2024093003010822,GMFIL,43,42,200.0,516.0,103200.0,2024-09-30
2024093001013962,PPL,43,41,10.0,440.0,4400.0,2024-09-30
2024093001013961,GVL,38,45,10.0,515.0,5150.0,2024-09-30
2024093003010821,NMBMF,38,37,10.0,670.0,6700.0,2024-09-30
2024093003010820,NMBMF,38,58,50.0,668.0,33400.0,2024-09-30
2024093005014388,GCIL,58,20,83.0,518.0,42994.0,2024-09-30
2024093005014387,GCIL,58,52,11.0,518.0,5698.0,2024-09-30
2024093005014386,GCIL,58,58,50.0,518.0,25900.0,2024-09-30
2024093005014385,GCIL,58,51,23.0,517.8,11909.4,2024-09-30
2024093005014384,GCIL,58,36,100.0,517.8,51780.0,2024-09-30
2024093005014383,GCIL,58,14,112.0,517.0,57904.0,2024-09-30
2024093004011031,CGH,94,70,68.0,900.0,61200.0,2024-09-30
2024093004011030,CGH,94,25,50.0,900.0,45000.0,2024-09-30
2024093004011029,CGH,94,16,20.0,900.0,18000.0,2024-09-30
2024093004011028,CGH,94,32,20.0,899.9,17998.0,2024-09-30
2024093004011027,CGH,94,22,40.0,898.0,35920.0,2024-09-30
2024093004011026,SHEL,42,5,10.0,233.0,2330.0,2024-09-30
2024093001013960,EHPL,8,58,100.0,755.0,75500.0,2024-09-30
2024093001013959,EHPL,66,58,100.0,755.1,75510.0,2024-09-30
2024093001013958,EHPL,6,58,60.0,755.2,45312.0,2024-09-30
2024093001013957,EHPL,28,58,30.0,756.0,22680.0,2024-09-30
2024093001013956,EHPL,28,58,100.0,756.0,75600.0,2024-09-30
2024093001013955,EHPL,57,58,85.0,756.1,64268.5,2024-09-30
2024093005014382,NRN,58,57,280.0,901.0,252280.0,2024-09-30
2024093005014381,NRN,58,45,20.0,900.0,18000.0,2024-09-30
2024093005014380,NRN,58,56,600.0,900.0,540000.0,2024-09-30
2024093005014379,NRN,58,77,100.0,899.0,89900.0,2024-09-30
2024093003010819,NFS,74,58,4000.0,1214.9,4859600.0,2024-09-30
2024093005014378,RNLI,58,74,10.0,476.9,4769.0,2024-09-30
2024093005014377,SMJC,22,5,10.0,510.0,5100.0,2024-09-30
2024093001013954,SPHL,51,11,90.0,625.2,56268.0,2024-09-30
2024093001013953,SPHL,42,11,25.0,628.2,15705.0,2024-09-30
2024093001013952,SPHL,87,11,20.0,629.0,12580.0,2024-09-30
2024093001013951,MEHL,57,48,10.0,362.0,3620.0,2024-09-30
2024093001013950,MEHL,57,58,10.0,362.0,3620.0,2024-09-30
2024093001013949,MEHL,57,58,10.0,362.0,3620.0,2024-09-30
2024093001013948,MEHL,57,49,10.0,362.0,3620.0,2024-09-30
2024093001013947,MEHL,57,38,20.0,362.0,7240.0,2024-09-30
2024093005014376,SONA,62,35,353.0,491.0,173323.0,2024-09-30
2024093005014375,SONA,62,38,10.0,491.0,4910.0,2024-09-30
2024093005014374,SONA,62,63,50.0,491.0,24550.0,2024-09-30
2024093005014373,SONA,62,84,50.0,491.0,24550.0,2024-09-30
2024093005014372,SONA,62,57,237.0,491.0,116367.0,2024-09-30
2024093001013946,NICA,53,49,339.0,440.0,149160.0,2024-09-30
2024093001013945,NICA,53,22,10.0,439.0,4390.0,2024-09-30
2024093001013944,NICA,53,7,10.0,439.0,4390.0,2024-09-30
2024093001013943,NICA,53,7,10.0,439.0,4390.0,2024-09-30
2024093001013942,NICA,53,7,10.0,439.0,4390.0,2024-09-30
2024093001013941,NICA,53,41,121.0,437.0,52877.0,2024-09-30
2024093004011025,NLG,55,28,100.0,1310.0,131000.0,2024-09-30
2024093005014371,SHIVM,57,8,73.0,598.7,43705.1,2024-09-30
2024093005014370,SHIVM,28,8,50.0,598.8,29940.0,2024-09-30
2024093005014369,SHIVM,48,8,100.0,598.8,59880.0,2024-09-30
2024093005014368,SHIVM,41,8,277.0,598.8,165867.6,2024-09-30
2024093003010818,HLI,80,51,100.0,457.9,45790.0,2024-09-30
2024093003010817,HLI,80,28,10.0,456.0,4560.0,2024-09-30
2024093003010816,HLI,80,38,10.0,456.0,4560.0,2024-09-30
2024093005014367,SONA,50,57,13.0,491.0,6383.0,2024-09-30
2024093005014366,SONA,50,46,10.0,491.0,4910.0,2024-09-30
2024093005014365,SONA,50,67,50.0,491.0,24550.0,2024-09-30
2024093004011024,NGPL,91,38,500.0,423.0,211500.0,2024-09-30
2024093004011023,PPCL,3,16,10.0,234.0,2340.0,2024-09-30
2024093004011022,PPCL,3,16,1990.0,233.9,465461.0,2024-09-30
2024093001013940,PRVU,51,45,300.0,231.0,69300.0,2024-09-30
2024093001013939,PRVU,51,54,200.0,231.0,46200.0,2024-09-30
2024093003010815,NFS,74,17,40.0,1214.9,48596.0,2024-09-30
2024093005014364,SHIVM,41,59,400.0,598.8,239520.0,2024-09-30
2024093005014363,SHIVM,45,59,100.0,598.9,59890.0,2024-09-30
2024093005014362,SMJC,45,7,170.0,508.0,86360.0,2024-09-30
2024093003010814,PROFL,42,85,25.0,533.0,13325.0,2024-09-30
2024093001013938,SNLI,48,38,12.0,552.1,6625.2,2024-09-30
2024093001013937,SHLB,42,42,10.0,1847.0,18470.0,2024-09-30
2024093005014361,NIFRA,58,48,90.0,264.9,23841.0,2024-09-30
2024093003010813,NICLBSL,42,22,30.0,687.0,20610.0,2024-09-30
2024093003010812,NICLBSL,42,42,100.0,687.0,68700.0,2024-09-30
2024093005014360,NIBSF2,14,58,300.0,7.95,2385.0,2024-09-30
2024093003010811,ALICL,69,44,70.0,698.0,48860.0,2024-09-30
2024093005014359,HIDCL,51,58,86.0,252.2,21689.2,2024-09-30
2024093005014358,HIDCL,45,58,500.0,252.8,126400.0,2024-09-30
2024093005014357,NTC,57,35,15.0,919.9,13798.5,2024-09-30
2024093005014356,NTC,57,58,35.0,919.5,32182.5,2024-09-30
2024093005014355,NTC,57,32,30.0,919.0,27570.0,2024-09-30
2024093001013936,UHEWA,62,57,25.0,442.3,11057.5,2024-09-30
2024093001013935,UHEWA,35,57,45.0,443.0,19935.0,2024-09-30
2024093001013934,MKHC,44,57,10.0,317.0,3170.0,2024-09-30
2024093001013933,MMKJL,33,62,15.0,495.0,7425.0,2024-09-30
2024093003010810,FOWAD,33,10,32.0,1409.9,45116.8,2024-09-30
2024093003010809,FOWAD,33,38,23.0,1400.0,32200.0,2024-09-30
2024093003010808,FOWAD,33,37,10.0,1395.0,13950.0,2024-09-30
2024093003010807,FOWAD,33,4,25.0,1395.0,34875.0,2024-09-30
2024093003010806,FOWAD,33,41,10.0,1395.0,13950.0,2024-09-30
2024093005014354,MEL,34,28,50.0,268.5,13425.0,2024-09-30
2024093004011021,MHNL,26,58,10.0,243.0,2430.0,2024-09-30
2024093001013932,PPL,26,58,10.0,440.0,4400.0,2024-09-30
2024093001013931,PPL,26,38,90.0,439.9,39591.0,2024-09-30
2024093003010805,KSBBL,14,26,96.0,462.6,44409.6,2024-09-30
2024093003010804,ALBSL,52,14,10.0,1008.0,10080.0,2024-09-30
2024093004011020,NLG,55,10,1500.0,1310.0,1965000.0,2024-09-30
2024093003010803,NFS,74,36,100.0,1214.9,121490.0,2024-09-30
2024093003010802,NADEP,65,44,50.0,1030.0,51500.0,2024-09-30
2024093001013930,MEHL,55,47,100.0,361.0,36100.0,2024-09-30
2024093001013929,MEHL,55,28,10.0,360.0,3600.0,2024-09-30
2024093001013928,MEHL,55,7,500.0,355.3,177650.0,2024-09-30
2024093001013927,MEHL,55,47,60.0,355.3,21318.0,2024-09-30
2024093001013926,PPL,86,38,10.0,439.9,4399.0,2024-09-30
2024093004011019,SPDL,21,57,10.0,274.9,2749.0,2024-09-30
2024093004011018,API,45,45,54.0,282.2,15238.8,2024-09-30
2024093001013925,HHL,48,29,90.0,445.0,40050.0,2024-09-30
2024093001013924,HHL,48,81,10.0,444.4,4444.0,2024-09-30
2024093003010801,NFS,74,42,50.0,1214.9,60745.0,2024-09-30
2024093001013923,NABIL,42,55,20.0,550.0,11000.0,2024-09-30
2024093005014353,MBJC,42,21,10.0,323.0,3230.0,2024-09-30
2024093004011017,RURU,57,29,100.0,792.0,79200.0,2024-09-30
2024093001013922,SPC,19,42,20.0,506.0,10120.0,2024-09-30
2024093001013921,HBL,63,54,65.0,245.0,15925.0,2024-09-30
2024093001013920,HBL,63,49,40.0,245.0,9800.0,2024-09-30
2024093001013919,HBL,63,52,50.0,245.0,12250.0,2024-09-30
2024093001013918,HBL,63,22,500.0,244.5,122250.0,2024-09-30
2024093001013917,HBL,63,53,40.0,244.0,9760.0,2024-09-30
2024093001013916,HBL,63,45,44.0,244.0,10736.0,2024-09-30
2024093001013915,HBL,63,13,750.0,244.0,183000.0,2024-09-30
2024093001013914,HBL,63,22,500.0,244.0,122000.0,2024-09-30
2024093001013913,HBL,63,42,200.0,244.0,48800.0,2024-09-30
2024093001013912,HBL,63,42,180.0,243.9,43902.0,2024-09-30
2024093001013911,HBL,63,54,100.0,243.8,24380.0,2024-09-30
2024093001013910,HBL,63,28,200.0,243.5,48700.0,2024-09-30
2024093001013909,HBL,63,22,210.0,243.2,51072.0,2024-09-30
2024093001013908,HBL,63,34,121.0,243.2,29427.2,2024-09-30
2024093001013907,KBL,56,49,654.0,208.6,136424.4,2024-09-30
2024093001013906,KBL,52,49,200.0,209.0,41800.0,2024-09-30
2024093001013905,KBL,34,49,71.0,209.0,14839.0,2024-09-30
2024093001013904,KBL,58,49,75.0,209.0,15675.0,2024-09-30
2024093003010800,DDBL,17,36,15.0,872.0,13080.0,2024-09-30
2024093004011016,LEC,44,55,120.0,257.0,30840.0,2024-09-30
2024093004011015,LEC,44,14,650.0,257.0,167050.0,2024-09-30
2024093004011014,LEC,44,57,1000.0,256.9,256900.0,2024-09-30
2024093004011013,LEC,44,49,300.0,256.9,77070.0,2024-09-30
2024093004011012,LEC,44,22,20.0,256.0,5120.0,2024-09-30
2024093004011011,LEC,44,38,200.0,256.0,51200.0,2024-09-30
2024093004011010,LEC,44,55,500.0,254.0,127000.0,2024-09-30
2024093004011009,LEC,44,32,200.0,253.9,50780.0,2024-09-30
2024093004011008,LEC,44,26,10.0,253.5,2535.0,2024-09-30
2024093003010799,GUFL,44,94,150.0,680.0,102000.0,2024-09-30
2024093003010798,GUFL,44,34,25.0,679.0,16975.0,2024-09-30
2024093005014352,NRN,88,59,30.0,898.1,26943.0,2024-09-30
2024093005014351,HATHY,4,45,10.0,1354.9,13549.0,2024-09-30
2024093005014350,HRL,57,14,106.0,771.0,81726.0,2024-09-30
2024093005014349,HRL,60,14,99.0,771.0,76329.0,2024-09-30
2024093005014348,HRL,42,14,50.0,771.1,38555.0,2024-09-30
2024093005014347,HRL,5,14,169.0,771.1,130315.9,2024-09-30
2024093005014346,HRL,21,14,100.0,771.2,77120.0,2024-09-30
2024093005014345,HRL,13,14,30.0,771.4,23142.0,2024-09-30
2024093005014344,HRL,53,14,100.0,772.0,77200.0,2024-09-30
2024093005014343,HRL,42,14,50.0,772.0,38600.0,2024-09-30
2024093005014342,HRL,51,14,41.0,772.0,31652.0,2024-09-30
2024093005014341,HRL,35,14,10.0,772.3,7723.0,2024-09-30
2024093005014340,HRL,55,14,45.0,773.0,34785.0,2024-09-30
2024093004011007,CHCL,32,22,200.0,550.0,110000.0,2024-09-30
2024093001013903,MANDU,48,28,73.0,840.0,61320.0,2024-09-30
2024093001013902,MANDU,48,34,27.0,840.0,22680.0,2024-09-30
2024093001013901,MANDU,58,34,10.0,840.0,8400.0,2024-09-30
2024093001013900,MSHL,58,43,50.0,908.9,45445.0,2024-09-30
2024093001013899,SARBTM,42,58,100.0,798.0,79800.0,2024-09-30
2024093001013898,RBCLPO,57,7,10.0,12388.0,123880.0,2024-09-30
2024093001013897,RBCLPO,57,55,10.0,12387.0,123870.0,2024-09-30
2024093003010797,GFCL,62,42,10.0,840.0,8400.0,2024-09-30
2024093003010796,JFL,33,36,150.0,550.0,82500.0,2024-09-30
2024093003010795,JFL,33,17,50.0,549.9,27495.0,2024-09-30
2024093003010794,NFS,74,8,10.0,1214.9,12149.0,2024-09-30
2024093001013896,DOLTI,67,65,10.0,472.0,4720.0,2024-09-30
2024093001013895,DOLTI,17,65,190.0,473.0,89870.0,2024-09-30
2024093005014339,SONA,8,67,100.0,491.0,49100.0,2024-09-30
2024093003010793,NFS,74,4,256.0,1214.9,311014.4,2024-09-30
2024093003010792,GBLBS,7,32,15.0,701.0,10515.0,2024-09-30
2024093004011006,GLH,6,49,70.0,229.6,16072.0,2024-09-30
2024093004011005,GLH,6,47,30.0,229.5,6885.0,2024-09-30
2024093005014338,NRM,35,62,100.0,428.9,42890.0,2024-09-30
2024093003010791,SJLIC,29,38,170.0,463.5,78795.0,2024-09-30
2024093003010790,SJLIC,29,44,50.0,463.4,23170.0,2024-09-30
2024093003010789,SJLIC,29,34,100.0,463.0,46300.0,2024-09-30
2024093003010788,SJLIC,29,57,10.0,463.0,4630.0,2024-09-30
2024093003010787,SJLIC,29,36,50.0,463.0,23150.0,2024-09-30
2024093003010786,SJLIC,29,49,10.0,463.0,4630.0,2024-09-30
2024093003010785,SJLIC,29,49,10.0,463.0,4630.0,2024-09-30
2024093004011004,RURU,45,29,50.0,792.0,39600.0,2024-09-30
2024093004011003,RURU,6,29,160.0,793.0,126880.0,2024-09-30
2024093001013894,DLBS,47,45,11.0,1294.0,14234.0,2024-09-30
2024093005014337,CIT,21,48,100.0,2102.0,210200.0,2024-09-30
2024093004011002,JOSHI,34,56,255.0,275.0,70125.0,2024-09-30
2024093004011001,JOSHI,34,49,20.0,274.3,5486.0,2024-09-30
2024093004011000,JOSHI,34,21,125.0,274.0,34250.0,2024-09-30
2024093004010999,JOSHI,34,35,20.0,274.0,5480.0,2024-09-30
2024093004010998,SPDL,33,85,1848.0,271.0,500808.0,2024-09-30
2024093004010997,SPDL,44,85,3000.0,271.0,813000.0,2024-09-30
2024093004010996,SPDL,95,85,200.0,271.1,54220.0,2024-09-30
2024093004010995,SPDL,49,85,25.0,271.9,6797.5,2024-09-30
2024093004010994,SPDL,33,85,111.0,271.9,30180.9,2024-09-30
2024093004010993,SPDL,29,85,200.0,272.0,54400.0,2024-09-30
2024093004010992,SPDL,56,85,100.0,272.1,27210.0,2024-09-30
2024093005014336,NTC,42,32,20.0,919.0,18380.0,2024-09-30
2024093003010784,HLI,58,39,100.0,455.1,45510.0,2024-09-30
2024093003010783,PMLI,39,41,87.0,583.0,50721.0,2024-09-30
2024093003010782,PMLI,64,41,105.0,583.0,61215.0,2024-09-30
2024093004010991,CGH,44,22,20.0,899.0,17980.0,2024-09-30
2024093005014335,SHIVM,1,26,73.0,599.0,43727.0,2024-09-30
2024093004010990,PRIN,62,16,347.0,968.8,336173.6,2024-09-30
2024093005014334,ILI,58,48,25.0,472.0,11800.0,2024-09-30
2024093001013893,ADBL,33,42,169.0,358.0,60502.0,2024-09-30
2024093001013892,ADBL,33,21,31.0,358.0,11098.0,2024-09-30
2024093004010989,PPCL,49,16,10.0,233.9,2339.0,2024-09-30
2024093004010988,SJCL,58,49,670.0,303.5,203345.0,2024-09-30
2024093004010987,SJCL,58,49,100.0,304.0,30400.0,2024-09-30
2024093004010986,SJCL,58,49,100.0,305.0,30500.0,2024-09-30
2024093004010985,SJCL,57,49,100.0,307.8,30780.0,2024-09-30
2024093004010984,SJCL,42,49,980.0,309.0,302820.0,2024-09-30
2024093004010983,SJCL,22,49,450.0,309.5,139275.0,2024-09-30
2024093004010982,SJCL,54,49,600.0,313.0,187800.0,2024-09-30
2024093001013891,NICA,49,41,50.0,437.0,21850.0,2024-09-30
2024093001013890,NICA,58,41,30.0,437.0,13110.0,2024-09-30
2024093005014333,PHCL,41,42,10.0,324.5,3245.0,2024-09-30
2024093005014332,MEL,53,88,400.0,273.0,109200.0,2024-09-30
2024093005014331,MEL,1,88,10.0,273.0,2730.0,2024-09-30
2024093003010781,MFIL,25,7,370.0,629.4,232878.0,2024-09-30
2024093004010981,SHL,17,38,250.0,483.5,120875.0,2024-09-30
2024093005014330,GCIL,34,14,88.0,517.0,45496.0,2024-09-30
2024093003010780,DDBL,34,58,10.0,879.0,8790.0,2024-09-30
2024093003010779,DDBL,34,52,166.0,874.0,145084.0,2024-09-30
2024093001013889,SNLI,50,38,15.0,552.0,8280.0,2024-09-30
2024093004010980,SHEL,57,81,50.0,229.5,11475.0,2024-09-30
2024093004010979,SHEL,86,81,250.0,230.0,57500.0,2024-09-30
2024093004010978,SHEL,58,81,200.0,230.0,46000.0,2024-09-30
2024093004010977,KKHC,38,42,1185.0,256.4,303834.0,2024-09-30
2024093004010976,KKHC,8,42,400.0,256.5,102600.0,2024-09-30
2024093004010975,KKHC,85,42,445.0,257.0,114365.0,2024-09-30
2024093004010974,HDHPC,34,42,200.0,190.9,38180.0,2024-09-30
2024093003010778,MPFL,41,62,10.0,620.0,6200.0,2024-09-30
2024093003010777,CORBL,62,71,20.0,835.0,16700.0,2024-09-30
2024093005014329,CLI,58,14,10.0,607.0,6070.0,2024-09-30
2024093005014328,HRL,57,6,135.0,775.0,104625.0,2024-09-30
2024093005014327,HRL,57,17,146.0,775.0,113150.0,2024-09-30
2024093005014326,HRL,57,62,219.0,774.9,169703.1,2024-09-30
2024093004010973,UPPER,33,48,56.0,199.0,11144.0,2024-09-30
2024093004010972,UPPER,33,21,50.0,199.0,9950.0,2024-09-30
2024093004010971,UPPER,33,58,289.0,199.0,57511.0,2024-09-30
2024093004010970,UPPER,33,1,250.0,198.9,49725.0,2024-09-30
2024093003010776,SIFC,19,48,10.0,539.0,5390.0,2024-09-30
2024093003010775,JBBL,51,41,125.0,327.0,40875.0,2024-09-30
2024093003010774,JBBL,49,41,100.0,327.0,32700.0,2024-09-30
2024093003010773,JBBL,25,41,75.0,327.0,24525.0,2024-09-30
2024093003010772,JBBL,13,41,100.0,327.5,32750.0,2024-09-30
2024093003010771,JBBL,25,41,100.0,327.5,32750.0,2024-09-30
2024093003010770,SFCL,41,45,155.0,534.0,82770.0,2024-09-30
2024093001013888,MKCL,7,25,20.0,1281.0,25620.0,2024-09-30
2024093003010769,MFIL,6,7,100.0,629.4,62940.0,2024-09-30
2024093004010969,NLG,55,6,500.0,1310.0,655000.0,2024-09-30
2024093001013887,BHDC,49,36,100.0,560.0,56000.0,2024-09-30
2024093005014325,HRL,55,51,10.0,772.3,7723.0,2024-09-30
2024093005014324,NTC,42,45,20.0,919.0,18380.0,2024-09-30
2024093005014323,NTC,14,45,10.0,919.0,9190.0,2024-09-30
2024093005014322,NTC,42,45,20.0,919.0,18380.0,2024-09-30
2024093001013886,USHL,14,49,10.0,773.0,7730.0,2024-09-30
2024093001013885,USHL,14,59,10.0,773.0,7730.0,2024-09-30
2024093001013884,USHL,14,18,10.0,772.0,7720.0,2024-09-30
2024093001013883,NYADI,32,8,10.0,306.0,3060.0,2024-09-30
2024093001013882,NYADI,32,35,25.0,306.0,7650.0,2024-09-30
2024093001013881,NYADI,32,1,170.0,306.0,52020.0,2024-09-30
2024093001013880,NYADI,32,36,10.0,306.0,3060.0,2024-09-30
2024093001013879,NYADI,32,57,10.0,305.0,3050.0,2024-09-30
2024093001013878,NYADI,32,3,50.0,304.7,15235.0,2024-09-30
2024093001013877,NYADI,32,6,25.0,304.0,7600.0,2024-09-30
2024093001013876,NYADI,32,48,30.0,304.0,9120.0,2024-09-30
2024093001013875,NYADI,32,36,90.0,303.9,27351.0,2024-09-30
2024093001013874,NYADI,32,58,30.0,302.0,9060.0,2024-09-30
2024093001013873,NYADI,32,4,10.0,301.9,3019.0,2024-09-30
2024093001013872,LSL,22,38,1001.0,235.0,235235.0,2024-09-30
2024093001013871,LSL,22,29,1190.0,235.0,279650.0,2024-09-30
2024093003010768,GBLBS,22,43,205.0,700.0,143500.0,2024-09-30
2024093003010767,GBLBS,22,55,15.0,700.0,10500.0,2024-09-30
2024093003010766,GBLBS,22,55,200.0,700.0,140000.0,2024-09-30
2024093003010765,GBLBS,22,19,10.0,697.4,6974.0,2024-09-30
2024093005014321,HRL,51,11,10.0,772.0,7720.0,2024-09-30
2024093004010968,SSHL,34,35,210.0,204.3,42903.0,2024-09-30
2024093004010967,SSHL,34,1,190.0,204.0,38760.0,2024-09-30
2024093001013870,NBL,57,49,900.0,263.0,236700.0,2024-09-30
2024093003010764,CFCL,53,34,500.0,527.0,263500.0,2024-09-30
2024093003010763,CFCL,53,56,50.0,525.0,26250.0,2024-09-30
2024093004010966,NIL,48,16,1420.0,900.0,1278000.0,2024-09-30
2024093004010965,NIL,37,16,480.0,900.0,432000.0,2024-09-30
2024093005014320,SHIVM,41,4,20.0,598.8,11976.0,2024-09-30
2024093001013869,LSL,49,29,20.0,235.0,4700.0,2024-09-30
2024093003010762,NFS,74,49,555.0,1214.9,674269.5,2024-09-30
2024093004010964,SALICO,7,25,177.0,735.0,130095.0,2024-09-30
2024093004010963,HDHPC,41,54,175.0,191.0,33425.0,2024-09-30
2024093004010962,HDHPC,41,26,135.0,191.0,25785.0,2024-09-30
2024093004010961,HDHPC,41,41,300.0,191.0,57300.0,2024-09-30
2024093004010960,HDHPC,41,57,120.0,191.0,22920.0,2024-09-30
2024093004010959,CHCL,5,22,500.0,550.0,275000.0,2024-09-30
2024093004010958,UMHL,77,5,1338.0,292.1,390829.8,2024-09-30
2024093004010957,UMHL,21,5,80.0,292.2,23376.0,2024-09-30
2024093004010956,UMHL,59,5,30.0,292.3,8769.0,2024-09-30
2024093004010955,UMHL,21,5,52.0,295.0,15340.0,2024-09-30
2024093001013868,NWCL,45,57,10.0,888.5,8885.0,2024-09-30
2024093003010761,MNBBL,43,21,100.0,374.0,37400.0,2024-09-30
2024093003010760,MNBBL,43,49,150.0,374.0,56100.0,2024-09-30
2024093003010759,MNBBL,43,14,300.0,374.0,112200.0,2024-09-30
2024093003010758,MNBBL,43,36,190.0,374.0,71060.0,2024-09-30
2024093001013867,IHL,57,32,70.0,480.9,33663.0,2024-09-30
2024093001013866,GBIME,41,56,20.0,238.0,4760.0,2024-09-30
2024093005014319,SONA,57,1,100.0,490.7,49070.0,2024-09-30
2024093004010954,RIDI,62,45,10.0,219.0,2190.0,2024-09-30
2024093004010953,RIDI,62,5,40.0,218.0,8720.0,2024-09-30
2024093004010952,AKPL,29,57,10.0,220.0,2200.0,2024-09-30
2024093003010757,NFS,74,16,100.0,1214.9,121490.0,2024-09-30
2024093001013865,HHL,4,29,120.0,445.0,53400.0,2024-09-30
2024093005014318,GCIL,49,41,10.0,517.0,5170.0,2024-09-30
2024093003010756,RSDC,29,6,200.0,675.6,135120.0,2024-09-30
2024093003010755,RSDC,34,6,123.0,675.6,83098.8,2024-09-30
2024093005014317,SAHAS,44,54,200.0,446.9,89380.0,2024-09-30
2024093001013864,RFPL,92,56,100.0,534.9,53490.0,2024-09-30
2024093005014316,SAHAS,44,11,200.0,446.9,89380.0,2024-09-30
2024093005014315,SHIVM,55,17,100.0,598.9,59890.0,2024-09-30
2024093004010951,CHCL,59,29,370.0,551.9,204203.0,2024-09-30
2024093004010950,CHCL,59,35,10.0,551.0,5510.0,2024-09-30
2024093004010949,CHCL,59,58,70.0,551.0,38570.0,2024-09-30
2024093004010948,CHCL,59,29,50.0,550.5,27525.0,2024-09-30
2024093004010947,CHCL,77,29,10.0,550.5,5505.0,2024-09-30
2024093005014314,HATHY,39,41,50.0,1355.0,67750.0,2024-09-30
2024093001013863,SARBTM,39,48,10.0,799.0,7990.0,2024-09-30
2024093003010754,NICLBSL,32,42,10.0,687.0,6870.0,2024-09-30
2024093003010753,NICLBSL,32,29,10.0,686.0,6860.0,2024-09-30
2024093003010752,MPFL,38,8,100.0,622.0,62200.0,2024-09-30
2024093003010751,MPFL,38,29,100.0,619.6,61960.0,2024-09-30
2024093004010946,RBCL,48,16,10.0,16798.0,167980.0,2024-09-30
2024093001013862,CYCL,60,57,31.0,1540.0,47740.0,2024-09-30
2024093001013861,CYCL,60,49,10.0,1540.0,15400.0,2024-09-30
2024093001013860,CYCL,60,37,20.0,1540.0,30800.0,2024-09-30
2024093001013859,CYCL,60,7,34.0,1540.0,52360.0,2024-09-30
2024093001013858,CYCL,60,49,13.0,1540.0,20020.0,2024-09-30
2024093001013857,CYCL,60,14,18.0,1535.0,27630.0,2024-09-30
2024093001013856,CYCL,60,42,10.0,1534.7,15347.0,2024-09-30
2024093001013855,CYCL,60,10,13.0,1530.1,19891.3,2024-09-30
2024093001013854,CYCL,60,42,10.0,1530.0,15300.0,2024-09-30
2024093001013853,CYCL,60,90,13.0,1530.0,19890.0,2024-09-30
2024093001013852,CYCL,60,13,10.0,1529.0,15290.0,2024-09-30
2024093001013851,CYCL,60,21,13.0,1529.0,19877.0,2024-09-30
2024093001013850,CYCL,60,11,17.0,1529.0,25993.0,2024-09-30
2024093001013849,CYCL,60,50,20.0,1528.9,30578.0,2024-09-30
2024093001013848,CYCL,60,17,35.0,1525.0,53375.0,2024-09-30
2024093001013847,CYCL,60,35,13.0,1525.0,19825.0,2024-09-30
2024093001013846,CYCL,60,50,20.0,1524.9,30498.0,2024-09-30
2024093003010750,CORBL,60,71,10.0,835.0,8350.0,2024-09-30
2024093003010749,NFS,74,42,200.0,1214.9,242980.0,2024-09-30
2024093004010945,UMHL,21,28,100.0,295.0,29500.0,2024-09-30
2024093001013845,KBL,56,28,100.0,209.1,20910.0,2024-09-30
2024093003010748,MLBL,49,58,24.0,383.0,9192.0,2024-09-30
2024093004010944,AKPL,58,48,13.0,220.3,2863.9,2024-09-30
2024093004010943,SSHL,36,58,350.0,203.7,71295.0,2024-09-30
2024093004010942,SSHL,14,58,650.0,203.8,132470.0,2024-09-30
2024093003010747,SKBBL,92,44,64.0,904.9,57913.6,2024-09-30
2024093003010746,SKBBL,92,77,33.0,904.9,29861.7,2024-09-30
2024093003010745,SKBBL,92,77,33.0,904.9,29861.7,2024-09-30
2024093003010744,SKBBL,92,44,100.0,904.0,90400.0,2024-09-30
2024093003010743,SKBBL,92,11,70.0,903.0,63210.0,2024-09-30
2024093005014313,HDL,35,44,10.0,1248.6,12486.0,2024-09-30
2024093004010941,API,43,55,100.0,282.1,28210.0,2024-09-30
2024093004010940,RURU,17,58,10.0,797.0,7970.0,2024-09-30
2024093004010939,RURU,17,34,20.0,795.9,15918.0,2024-09-30
2024093004010938,AHPC,32,21,500.0,258.0,129000.0,2024-09-30
2024093005014312,RNLI,52,38,11.0,475.2,5227.2,2024-09-30
2024093005014311,VLUCL,21,48,80.0,560.0,44800.0,2024-09-30
2024093005014310,CHDC,53,51,90.0,1727.0,155430.0,2024-09-30
2024093001013844,RAWA,35,42,56.0,693.0,38808.0,2024-09-30
2024093001013843,RAWA,35,67,594.0,693.0,411642.0,2024-09-30
2024093001013842,RAWA,35,66,50.0,692.0,34600.0,2024-09-30
2024093004010937,SJCL,44,13,50.0,313.9,15695.0,2024-09-30
2024093001013841,JBLB,77,34,25.0,1468.0,36700.0,2024-09-30
2024093005014309,CHDC,95,51,110.0,1727.0,189970.0,2024-09-30
2024093005014308,CHDC,95,52,10.0,1727.0,17270.0,2024-09-30
2024093005014307,CHDC,95,51,48.0,1727.0,82896.0,2024-09-30
2024093001013840,HIDCLP,55,32,150.0,160.0,24000.0,2024-09-30
2024093005014306,SONA,57,42,10.0,490.7,4907.0,2024-09-30
2024093004010936,GLH,42,36,150.0,228.5,34275.0,2024-09-30
2024093001013839,TAMOR,42,59,10.0,468.0,4680.0,2024-09-30
2024093003010742,NFS,74,34,10.0,1214.9,12149.0,2024-09-30
2024093004010935,SHPC,45,34,2750.0,487.6,1340900.0,2024-09-30
2024093004010934,SHPC,34,34,80.0,489.0,39120.0,2024-09-30
2024093004010933,SHPC,41,34,200.0,489.0,97800.0,2024-09-30
2024093004010932,SHPC,32,34,250.0,489.0,122250.0,2024-09-30
2024093004010931,SHPC,29,34,320.0,489.2,156544.0,2024-09-30
2024093004010930,SHPC,18,34,300.0,489.3,146790.0,2024-09-30
2024093004010929,SHPC,13,34,100.0,489.4,48940.0,2024-09-30
2024093003010741,WNLB,57,70,10.0,2781.0,27810.0,2024-09-30
2024093004010928,HURJA,8,52,200.0,202.2,40440.0,2024-09-30
2024093001013838,PPL,58,58,60.0,438.0,26280.0,2024-09-30
2024093001013837,PPL,58,19,160.0,438.0,70080.0,2024-09-30
2024093001013836,NABIL,49,55,204.0,550.0,112200.0,2024-09-30
2024093001013835,NABIL,49,26,21.0,550.0,11550.0,2024-09-30
2024093001013834,NABIL,49,14,22.0,550.0,12100.0,2024-09-30
2024093001013833,NABIL,49,36,353.0,550.0,194150.0,2024-09-30
2024093003010740,SFCL,49,45,145.0,534.0,77430.0,2024-09-30
2024093005014305,CHDC,6,51,20.0,1727.0,34540.0,2024-09-30
2024093001013832,SARBTM,35,48,30.0,799.0,23970.0,2024-09-30
2024093001013831,SARBTM,35,56,300.0,798.9,239670.0,2024-09-30
2024093001013830,SARBTM,35,50,100.0,798.6,79860.0,2024-09-30
2024093001013829,SARBTM,35,51,50.0,798.5,39925.0,2024-09-30
2024093001013828,SARBTM,35,44,100.0,798.5,79850.0,2024-09-30
2024093001013827,SARBTM,35,53,170.0,798.4,135728.0,2024-09-30
2024093001013826,SARBTM,35,42,50.0,798.0,39900.0,2024-09-30
2024093001013825,SARBTM,35,46,50.0,798.0,39900.0,2024-09-30
2024093001013824,SARBTM,35,56,150.0,798.0,119700.0,2024-09-30
2024093001013823,ADBL,51,21,200.0,358.0,71600.0,2024-09-30
2024093004010927,NIL,37,47,380.0,900.0,342000.0,2024-09-30
2024093004010926,NIL,32,47,100.0,901.0,90100.0,2024-09-30
2024093001013822,NWCL,58,47,50.0,883.0,44150.0,2024-09-30
2024093001013821,NWCL,44,47,1000.0,883.0,883000.0,2024-09-30
2024093001013820,NWCL,37,47,80.0,883.0,70640.0,2024-09-30
2024093001013819,NWCL,43,47,100.0,883.1,88310.0,2024-09-30
2024093001013818,NWCL,54,47,50.0,883.1,44155.0,2024-09-30
2024093001013817,NWCL,45,47,50.0,884.0,44200.0,2024-09-30
2024093003010739,SAPDBL,17,95,11.0,524.9,5773.9,2024-09-30
2024093003010738,SAPDBL,17,17,389.0,524.8,204147.2,2024-09-30
2024093003010737,SAPDBL,17,48,100.0,521.0,52100.0,2024-09-30
2024093004010925,NLG,55,43,680.0,1310.0,890800.0,2024-09-30
2024093004010924,NLG,60,43,20.0,1310.1,26202.0,2024-09-30
2024093004010923,NLG,17,43,50.0,1311.0,65550.0,2024-09-30
2024093004010922,SPDL,57,85,100.0,274.0,27400.0,2024-09-30
2024093004010921,NICL,21,64,200.0,994.0,198800.0,2024-09-30
2024093003010736,BFC,48,11,350.0,519.8,181930.0,2024-09-30
2024093003010735,BFC,48,67,100.0,519.8,51980.0,2024-09-30
2024093003010734,BFC,48,91,50.0,519.8,25990.0,2024-09-30
2024093001013816,USHL,42,18,10.0,772.0,7720.0,2024-09-30
2024093001013815,SIKLES,42,34,35.0,668.0,23380.0,2024-09-30
2024093001013814,SIKLES,42,52,10.0,667.0,6670.0,2024-09-30
2024093001013813,SIKLES,42,3,10.0,667.0,6670.0,2024-09-30
2024093001013812,SIKLES,42,59,45.0,666.0,29970.0,2024-09-30
2024093003010733,GFCL,42,43,100.0,841.9,84190.0,2024-09-30
2024093003010732,GFCL,42,48,25.0,841.8,21045.0,2024-09-30
2024093003010731,GFCL,42,16,10.0,841.8,8418.0,2024-09-30
2024093003010730,GFCL,42,62,10.0,841.8,8418.0,2024-09-30
2024093003010729,GFCL,42,52,10.0,841.8,8418.0,2024-09-30
2024093003010728,GFCL,42,36,30.0,841.0,25230.0,2024-09-30
2024093003010727,GFCL,42,7,200.0,841.0,168200.0,2024-09-30
2024093003010726,GFCL,42,58,500.0,840.0,420000.0,2024-09-30
2024093003010725,GFCL,42,19,30.0,840.0,25200.0,2024-09-30
2024093003010724,GFCL,42,43,10.0,840.0,8400.0,2024-09-30
2024093003010723,GFCL,42,43,70.0,840.0,58800.0,2024-09-30
2024093003010722,GUFL,8,34,175.0,679.1,118842.5,2024-09-30
2024093003010721,ALICL,50,34,50.0,695.0,34750.0,2024-09-30
2024093005014304,CHDC,19,51,100.0,1727.0,172700.0,2024-09-30
2024093001013811,SARBTM,58,56,15.0,798.0,11970.0,2024-09-30
2024093001013810,PCBL,14,4,400.0,268.0,107200.0,2024-09-30
2024093003010720,ALICL,4,44,195.0,698.0,136110.0,2024-09-30
2024093005014303,MBJC,91,16,10.0,321.0,3210.0,2024-09-30
2024093003010719,RLFL,38,49,170.0,532.0,90440.0,2024-09-30
2024093003010718,LICN,49,38,21.0,2100.0,44100.0,2024-09-30
2024093003010717,LICN,49,25,479.0,2100.0,1005900.0,2024-09-30
2024093003010716,VLBS,50,33,10.0,824.0,8240.0,2024-09-30
2024093001013809,SRLI,35,38,90.0,455.9,41031.0,2024-09-30
2024093001013808,SRLI,35,51,10.0,455.8,4558.0,2024-09-30
2024093001013807,SRLI,35,36,50.0,455.0,22750.0,2024-09-30
2024093001013806,KBL,55,28,1000.0,209.1,209100.0,2024-09-30
2024093001013805,PCBL,14,47,1200.0,268.0,321600.0,2024-09-30
2024093001013804,PCBL,14,28,250.0,268.0,67000.0,2024-09-30
2024093003010715,EDBL,45,65,65.0,621.0,40365.0,2024-09-30
2024093001013803,UHEWA,32,59,80.0,448.0,35840.0,2024-09-30
2024093001013802,UHEWA,32,57,40.0,448.0,17920.0,2024-09-30
2024093001013801,UHEWA,32,21,80.0,447.0,35760.0,2024-09-30
2024093001013800,UHEWA,32,58,50.0,446.9,22345.0,2024-09-30
2024093001013799,UHEWA,32,80,100.0,446.5,44650.0,2024-09-30
2024093001013798,NIMB,32,4,150.0,226.0,33900.0,2024-09-30
2024093001013797,NIMB,32,3,163.0,226.0,36838.0,2024-09-30
2024093001013796,NIMB,32,52,1000.0,226.0,226000.0,2024-09-30
2024093001013795,NIMB,32,39,100.0,226.0,22600.0,2024-09-30
2024093001013794,NIMB,32,42,1000.0,226.0,226000.0,2024-09-30
2024093001013793,NIMB,32,38,80.0,226.0,18080.0,2024-09-30
2024093001013792,HHL,38,29,500.0,445.0,222500.0,2024-09-30
2024093003010714,MLBBL,60,36,10.0,1474.4,14744.0,2024-09-30
2024093003010713,CBBL,38,38,163.0,920.1,149976.3,2024-09-30
2024093003010712,CBBL,29,38,200.0,921.0,184200.0,2024-09-30
2024093003010711,CBBL,35,38,20.0,923.0,18460.0,2024-09-30
2024093003010710,CBBL,62,38,117.0,923.0,107991.0,2024-09-30
2024093004010920,JOSHI,42,22,303.0,273.0,82719.0,2024-09-30
2024093004010919,JOSHI,42,58,20.0,272.0,5440.0,2024-09-30
2024093004010918,JOSHI,42,16,20.0,271.5,5430.0,2024-09-30
2024093001013791,MHCL,26,28,10.0,376.8,3768.0,2024-09-30
2024093004010917,HDHPC,49,57,30.0,191.0,5730.0,2024-09-30
2024093004010916,HDHPC,49,58,80.0,191.0,15280.0,2024-09-30
2024093004010915,HDHPC,49,17,30.0,191.0,5730.0,2024-09-30
2024093004010914,HDHPC,49,22,60.0,191.0,11460.0,2024-09-30
2024093004010913,GHL,42,54,200.0,198.0,39600.0,2024-09-30
2024093005014302,SONA,6,67,150.0,491.0,73650.0,2024-09-30
2024093005014301,SONA,6,45,10.0,491.0,4910.0,2024-09-30
2024093005014300,SONA,6,45,10.0,491.0,4910.0,2024-09-30
2024093005014299,SONA,6,59,90.0,491.0,44190.0,2024-09-30
2024093005014298,SONA,6,21,10.0,491.0,4910.0,2024-09-30
2024093005014297,SONA,6,18,10.0,491.0,4910.0,2024-09-30
2024093001013790,MHCL,26,41,10.0,376.8,3768.0,2024-09-30
2024093005014296,SONA,6,45,10.0,491.0,4910.0,2024-09-30
2024093004010912,UPCL,41,6,25.0,245.0,6125.0,2024-09-30
2024093005014295,SONA,6,45,100.0,491.0,49100.0,2024-09-30
2024093005014294,SONA,6,34,10.0,491.0,4910.0,2024-09-30
2024093005014293,SONA,6,51,50.0,491.0,24550.0,2024-09-30
2024093005014292,SONA,6,50,50.0,491.0,24550.0,2024-09-30
2024093004010911,API,43,82,1000.0,282.1,282100.0,2024-09-30
2024093004010910,API,34,82,1000.0,282.2,282200.0,2024-09-30
2024093001013789,SAMAJ,38,35,10.0,3001.1,30011.0,2024-09-30
2024093001013788,HIDCLP,86,28,50.0,160.5,8025.0,2024-09-30
2024093001013787,BHL,44,82,10.0,430.0,4300.0,2024-09-30
2024093001013786,BHL,44,94,10.0,430.0,4300.0,2024-09-30
2024093001013785,BHL,44,28,10.0,430.0,4300.0,2024-09-30
2024093001013784,BHL,44,57,125.0,430.0,53750.0,2024-09-30
2024093005014291,SONA,57,67,10.0,490.7,4907.0,2024-09-30
2024093005014290,HATHY,45,41,300.0,1355.0,406500.0,2024-09-30
2024093003010709,KRBL,45,48,275.0,546.0,150150.0,2024-09-30
2024093001013783,ULHC,32,40,43.0,368.5,15845.5,2024-09-30
2024093001013782,ULHC,58,40,17.0,368.6,6266.2,2024-09-30
2024093001013781,ULHC,55,40,90.0,368.6,33174.0,2024-09-30
2024093003010708,MDB,32,48,155.0,613.0,95015.0,2024-09-30
2024093003010707,MDB,32,48,245.0,613.0,150185.0,2024-09-30
2024093001013780,ULHC,55,32,10.0,368.6,3686.0,2024-09-30
2024093003010706,NMBMF,38,41,15.0,665.0,9975.0,2024-09-30
2024093003010705,NMBMF,38,56,20.0,664.0,13280.0,2024-09-30
2024093003010704,NMBMF,38,62,42.0,662.1,27808.2,2024-09-30
2024093001013779,SARBTM,38,56,50.0,798.0,39900.0,2024-09-30
2024093004010909,JOSHI,58,11,300.0,271.0,81300.0,2024-09-30
2024093001013778,CZBIL,56,8,148.0,230.5,34114.0,2024-09-30
2024093001013777,CZBIL,56,33,180.0,230.5,41490.0,2024-09-30
2024093001013776,CZBIL,56,52,45.0,230.4,10368.0,2024-09-30
2024093001013775,CZBIL,56,59,1620.0,230.4,373248.0,2024-09-30
2024093001013774,CZBIL,56,11,107.0,230.4,24652.8,2024-09-30
2024093001013773,MEHL,34,47,100.0,355.3,35530.0,2024-09-30
2024093003010703,GFCL,58,34,38.0,837.0,31806.0,2024-09-30
2024093003010702,GFCL,68,34,162.0,837.0,135594.0,2024-09-30
2024093003010701,SKBBL,34,11,10.0,903.0,9030.0,2024-09-30
2024093003010700,LBBL,59,10,100.0,450.0,45000.0,2024-09-30
2024093005014289,SHIVM,16,26,16.0,599.0,9584.0,2024-09-30
2024093005014288,SHIVM,16,26,84.0,599.0,50316.0,2024-09-30
2024093001013772,IHL,58,54,10.0,481.0,4810.0,2024-09-30
2024093003010699,SLBBL,45,6,46.0,970.0,44620.0,2024-09-30
2024093003010698,GBBL,3,66,90.0,428.0,38520.0,2024-09-30
2024093005014287,SMATA,59,95,60.0,825.0,49500.0,2024-09-30
2024093005014286,CLI,51,14,50.0,607.1,30355.0,2024-09-30
2024093005014285,CLI,59,14,30.0,607.2,18216.0,2024-09-30
2024093005014284,CLI,28,14,10.0,608.0,6080.0,2024-09-30
2024093001013771,HIDCLP,55,45,100.0,160.0,16000.0,2024-09-30
2024093005014283,NIFRA,39,26,308.0,265.0,81620.0,2024-09-30
2024093005014282,NIFRA,39,85,500.0,264.9,132450.0,2024-09-30
2024093005014281,NIFRA,39,58,163.0,264.9,43178.7,2024-09-30
2024093005014280,NIFRA,39,45,29.0,264.5,7670.5,2024-09-30
2024093001013770,NIMB,34,38,10.0,226.0,2260.0,2024-09-30
2024093001013769,KBL,52,28,100.0,209.1,20910.0,2024-09-30
2024093004010908,MEN,34,45,10.0,616.0,6160.0,2024-09-30
2024093004010907,RIDI,13,26,300.0,217.6,65280.0,2024-09-30
2024093003010697,SWBBL,50,62,10.0,987.0,9870.0,2024-09-30
2024093005014279,NRN,60,7,130.0,899.0,116870.0,2024-09-30
2024093003010696,GMFIL,49,42,500.0,516.0,258000.0,2024-09-30
2024093003010695,FMDBL,55,55,10.0,735.0,7350.0,2024-09-30
2024093003010694,FMDBL,55,28,10.0,735.0,7350.0,2024-09-30
2024093003010693,FMDBL,55,4,100.0,735.0,73500.0,2024-09-30
2024093003010692,FMDBL,55,48,800.0,734.5,587600.0,2024-09-30
2024093003010691,FMDBL,55,47,150.0,734.4,110160.0,2024-09-30
2024093003010690,FMDBL,55,32,10.0,734.0,7340.0,2024-09-30
2024093003010689,FMDBL,55,56,42.0,733.0,30786.0,2024-09-30
2024093003010688,FMDBL,55,21,200.0,731.5,146300.0,2024-09-30
2024093003010687,FMDBL,55,55,36.0,731.5,26334.0,2024-09-30
2024093003010686,FMDBL,55,39,100.0,731.4,73140.0,2024-09-30
2024093003010685,FMDBL,55,17,300.0,730.9,219270.0,2024-09-30
2024093005014278,SONA,17,18,40.0,491.0,19640.0,2024-09-30
2024093003010684,SIFC,49,14,485.0,533.0,258505.0,2024-09-30
2024093003010683,SIFC,38,14,15.0,533.1,7996.5,2024-09-30
2024093004010906,HURJA,8,45,100.0,202.2,20220.0,2024-09-30
2024093003010682,ICFC,13,45,90.0,662.0,59580.0,2024-09-30
2024093003010681,SAPDBL,45,17,117.0,524.8,61401.6,2024-09-30
2024093003010680,SAPDBL,45,43,37.0,522.5,19332.5,2024-09-30
2024093003010679,SAPDBL,45,19,846.0,522.0,441612.0,2024-09-30
2024093001013768,TPC,81,39,240.0,433.0,103920.0,2024-09-30
2024093005014277,MEL,1,49,10.0,274.0,2740.0,2024-09-30
2024093004010905,UPPER,42,58,211.0,199.0,41989.0,2024-09-30
2024093004010904,UPPER,42,49,100.0,199.0,19900.0,2024-09-30
2024093004010903,UPPER,42,58,189.0,199.0,37611.0,2024-09-30
2024093005014276,CLI,28,58,10.0,608.0,6080.0,2024-09-30
2024093005014275,SMJC,29,65,70.0,503.2,35224.0,2024-09-30
2024093005014274,SMJC,29,65,100.0,503.3,50330.0,2024-09-30
2024093005014273,SMJC,38,65,50.0,503.3,25165.0,2024-09-30
2024093005014272,SMJC,65,85,610.0,507.0,309270.0,2024-09-30
2024093005014271,STC,4,58,10.0,5599.0,55990.0,2024-09-30
2024093005014270,STC,4,13,36.0,5550.0,199800.0,2024-09-30
2024093005014269,RNLI,52,58,11.0,475.2,5227.2,2024-09-30
2024093001013767,EBL,58,58,18.0,587.0,10566.0,2024-09-30
2024093001013766,PCBL,66,49,10.0,267.7,2677.0,2024-09-30
2024093001013765,HBL,3,34,100.0,243.2,24320.0,2024-09-30
2024093005014268,HRL,21,51,90.0,772.3,69507.0,2024-09-30
2024093003010678,SIFC,50,44,50.0,534.0,26700.0,2024-09-30
2024093004010902,UPPER,56,55,3577.0,198.1,708603.7,2024-09-30
2024093004010901,UPPER,26,55,260.0,198.1,51506.0,2024-09-30
2024093004010900,UPPER,40,55,200.0,198.1,39620.0,2024-09-30
2024093004010899,UPPER,58,55,13.0,198.2,2576.6,2024-09-30
2024093004010898,UPPER,52,55,100.0,198.4,19840.0,2024-09-30
2024093004010897,UPPER,52,55,500.0,198.5,99250.0,2024-09-30
2024093004010896,UPPER,1,55,200.0,198.5,39700.0,2024-09-30
2024093004010895,UPPER,38,55,100.0,198.5,19850.0,2024-09-30
2024093004010894,UPPER,51,55,50.0,198.6,9930.0,2024-09-30
2024093005014267,SHIVM,55,26,416.0,599.0,249184.0,2024-09-30
2024093005014266,SHIVM,55,34,162.0,599.0,97038.0,2024-09-30
2024093005014265,SHIVM,55,55,100.0,598.9,59890.0,2024-09-30
2024093005014264,PHCL,72,42,90.0,326.0,29340.0,2024-09-30
2024093005014263,PHCL,72,38,10.0,326.0,3260.0,2024-09-30
2024093005014262,PHCL,72,49,150.0,326.0,48900.0,2024-09-30
2024093005014261,PHCL,72,42,30.0,325.0,9750.0,2024-09-30
2024093005014260,PHCL,72,57,10.0,325.0,3250.0,2024-09-30
2024093005014259,PHCL,72,36,350.0,325.0,113750.0,2024-09-30
2024093005014258,PHCL,72,42,120.0,325.0,39000.0,2024-09-30
2024093005014257,PHCL,72,26,10.0,325.0,3250.0,2024-09-30
2024093005014256,PHCL,72,34,10.0,325.0,3250.0,2024-09-30
2024093005014255,PHCL,72,22,170.0,325.0,55250.0,2024-09-30
2024093005014254,PHCL,72,25,10.0,325.0,3250.0,2024-09-30
2024093004010893,NHDL,50,39,100.0,546.0,54600.0,2024-09-30
2024093003010677,NFS,74,32,10.0,1214.9,12149.0,2024-09-30
2024093004010892,HDHPC,11,22,100.0,191.0,19100.0,2024-09-30
2024093003010676,SMPDA,41,37,41.0,871.0,35711.0,2024-09-30
2024093003010675,KMCDB,60,22,11.0,1009.9,11108.9,2024-09-30
2024093004010891,HDHPC,42,22,20.0,191.0,3820.0,2024-09-30
2024093004010890,GLH,49,56,400.0,228.0,91200.0,2024-09-30
2024093004010889,GLH,29,56,850.0,228.1,193885.0,2024-09-30
2024093001013764,SARBTM,42,56,150.0,798.0,119700.0,2024-09-30
2024093004010888,UPPER,52,58,20.0,199.0,3980.0,2024-09-30
2024093004010887,SHL,58,57,100.0,483.0,48300.0,2024-09-30
2024093004010886,AKPL,29,6,2000.0,220.0,440000.0,2024-09-30
2024093001013763,ADBL,44,35,500.0,357.5,178750.0,2024-09-30
2024093001013762,ADBL,21,35,500.0,357.6,178800.0,2024-09-30
2024093003010674,SFCL,35,45,400.0,534.0,213600.0,2024-09-30
2024093003010673,GMFIL,29,42,190.0,516.0,98040.0,2024-09-30
2024093003010672,KSBBL,17,55,104.0,462.5,48100.0,2024-09-30
2024093003010671,KSBBL,17,34,350.0,462.5,161875.0,2024-09-30
2024093003010670,MFIL,45,42,20.0,629.0,12580.0,2024-09-30
2024093004010885,AKPL,29,45,1000.0,220.0,220000.0,2024-09-30
2024093003010669,MFIL,25,45,130.0,628.0,81640.0,2024-09-30
2024093005014253,CIT,34,48,100.0,2102.0,210200.0,2024-09-30
2024093001013761,NYADI,32,52,200.0,301.0,60200.0,2024-09-30
2024093001013760,NYADI,32,54,10.0,300.0,3000.0,2024-09-30
2024093001013759,NYADI,32,22,50.0,300.0,15000.0,2024-09-30
2024093001013758,NYADI,32,39,240.0,297.0,71280.0,2024-09-30
2024093001013757,NYADI,32,67,200.0,297.0,59400.0,2024-09-30
2024093001013756,NYADI,32,46,200.0,297.0,59400.0,2024-09-30
2024093001013755,NYADI,32,42,100.0,296.9,29690.0,2024-09-30
2024093004010884,CGH,1,32,30.0,899.9,26997.0,2024-09-30
2024093004010883,CGH,1,14,100.0,899.9,89990.0,2024-09-30
2024093004010882,CGH,1,74,10.0,899.7,8997.0,2024-09-30
2024093004010881,CGH,1,43,50.0,899.0,44950.0,2024-09-30
2024093004010880,CGH,1,42,10.0,899.0,8990.0,2024-09-30
2024093005014252,MBJC,42,57,10.0,322.0,3220.0,2024-09-30
2024093001013754,SARBTM,1,56,141.0,798.0,112518.0,2024-09-30
2024093003010668,CBBL,42,45,50.0,925.0,46250.0,2024-09-30
2024093005014251,SHIVM,41,80,303.0,598.8,181436.4,2024-09-30
2024093005014250,SHIVM,47,80,500.0,598.8,299400.0,2024-09-30
2024093005014249,SHIVM,35,80,90.0,598.8,53892.0,2024-09-30
2024093005014248,SHIVM,17,80,17.0,598.8,10179.6,2024-09-30
2024093005014247,SHIVM,48,80,90.0,598.9,53901.0,2024-09-30
2024093003010667,SWBBL,26,62,10.0,987.0,9870.0,2024-09-30
2024093001013753,SARBTM,1,26,111.0,798.0,88578.0,2024-09-30
2024093003010666,NFS,74,71,100.0,1214.9,121490.0,2024-09-30
2024093001013752,NMB,56,7,100.0,251.5,25150.0,2024-09-30
2024093001013751,SARBTM,1,76,31.0,798.0,24738.0,2024-09-30
2024093001013750,RAWA,92,67,356.0,693.0,246708.0,2024-09-30
2024093001013749,RAWA,92,29,50.0,692.0,34600.0,2024-09-30
2024093001013748,RAWA,92,74,10.0,691.0,6910.0,2024-09-30
2024093001013747,RAWA,92,35,20.0,690.0,13800.0,2024-09-30
2024093001013746,RAWA,92,6,40.0,689.5,27580.0,2024-09-30
2024093001013745,RAWA,92,49,180.0,689.5,124110.0,2024-09-30
2024093001013744,RAWA,92,48,100.0,689.0,68900.0,2024-09-30
2024093001013743,RAWA,92,56,244.0,689.0,168116.0,2024-09-30
2024093003010665,JFL,47,36,460.0,550.0,253000.0,2024-09-30
2024093003010664,JFL,71,36,100.0,550.0,55000.0,2024-09-30
2024093003010663,JFL,1,36,20.0,550.0,11000.0,2024-09-30
2024093003010662,SJLIC,47,49,70.0,462.0,32340.0,2024-09-30
2024093004010879,UMRH,29,19,18.0,422.2,7599.6,2024-09-30
2024093001013742,GBIME,45,44,705.0,237.5,167437.5,2024-09-30
2024093003010661,NFS,44,68,20.0,1215.0,24300.0,2024-09-30
2024093005014246,MBJC,91,38,10.0,321.0,3210.0,2024-09-30
2024093003010660,SAPDBL,49,45,250.0,521.0,130250.0,2024-09-30
2024093003010659,SAPDBL,45,45,100.0,521.0,52100.0,2024-09-30
2024093005014245,SHIVM,48,54,100.0,598.9,59890.0,2024-09-30
2024093005014244,SHIVM,48,34,10.0,598.9,5989.0,2024-09-30
2024093005014243,SHIVM,42,34,100.0,598.9,59890.0,2024-09-30
2024093001013741,ULHC,42,40,200.0,373.0,74600.0,2024-09-30
2024093005014242,HIDCL,51,42,280.0,252.2,70616.0,2024-09-30
2024093004010878,HDHPC,57,22,250.0,191.0,47750.0,2024-09-30
2024093004010877,IGI,91,38,77.0,601.0,46277.0,2024-09-30
2024093004010876,GLH,7,48,500.0,228.5,114250.0,2024-09-30
2024093003010658,PMLI,6,41,15.0,583.0,8745.0,2024-09-30
2024093003010657,NFS,25,68,10.0,1215.0,12150.0,2024-09-30
2024093001013740,BHL,29,57,10.0,430.0,4300.0,2024-09-30
2024093005014241,NRN,60,59,50.0,899.0,44950.0,2024-09-30
2024093003010656,GUFL,42,94,90.0,680.0,61200.0,2024-09-30
2024093001013739,DOLTI,17,11,210.0,473.0,99330.0,2024-09-30
2024093001013738,DOLTI,14,11,290.0,473.0,137170.0,2024-09-30
2024093001013737,PPL,11,19,200.0,438.0,87600.0,2024-09-30
2024093001013736,KBL,42,28,950.0,209.2,198740.0,2024-09-30
2024093001013735,KBL,42,17,50.0,209.1,10455.0,2024-09-30
2024093001013734,SIKLES,42,59,35.0,666.0,23310.0,2024-09-30
2024093001013733,SIKLES,42,52,10.0,665.0,6650.0,2024-09-30
2024093001013732,SIKLES,42,38,50.0,665.0,33250.0,2024-09-30
2024093001013731,SIKLES,42,75,10.0,665.0,6650.0,2024-09-30
2024093001013730,SIKLES,42,40,170.0,665.0,113050.0,2024-09-30
2024093001013729,SIKLES,42,41,25.0,664.0,16600.0,2024-09-30
2024093005014240,HRL,57,62,281.0,774.9,217746.9,2024-09-30
2024093005014239,HRL,57,29,149.0,774.9,115460.1,2024-09-30
2024093005014238,HRL,57,49,10.0,774.8,7748.0,2024-09-30
2024093005014237,HRL,57,34,10.0,774.5,7745.0,2024-09-30
2024093005014236,HRL,57,35,10.0,774.0,7740.0,2024-09-30
2024093005014235,HRL,57,49,20.0,773.0,15460.0,2024-09-30
2024093005014234,HRL,57,38,20.0,773.0,15460.0,2024-09-30
2024093003010655,KSBBL,57,34,100.0,462.5,46250.0,2024-09-30
2024093005014233,SAHAS,32,4,10.0,446.8,4468.0,2024-09-30
2024093004010875,OHL,50,58,80.0,920.0,73600.0,2024-09-30
2024093003010654,NFS,58,68,20.0,1215.0,24300.0,2024-09-30
2024093005014232,HRL,21,49,10.0,772.3,7723.0,2024-09-30
2024093004010874,RURU,6,45,90.0,792.0,71280.0,2024-09-30
2024093001013728,PCBL,41,28,200.0,268.0,53600.0,2024-09-30
2024093004010873,UPPER,25,58,91.0,199.0,18109.0,2024-09-30
2024093004010872,UPPER,25,49,20.0,199.0,3980.0,2024-09-30
2024093004010871,UPPER,25,35,49.0,199.0,9751.0,2024-09-30
2024093004010870,UPPER,25,7,1700.0,199.0,338300.0,2024-09-30
2024093004010869,UPPER,25,19,140.0,199.0,27860.0,2024-09-30
2024093001013727,MANDU,42,34,36.0,840.0,30240.0,2024-09-30
2024093004010868,PRIN,21,34,32.0,963.5,30832.0,2024-09-30
2024093005014231,GCIL,49,47,33.0,517.0,17061.0,2024-09-30
2024093005014230,GCIL,58,47,29.0,517.0,14993.0,2024-09-30
2024093004010867,UMHL,21,49,100.0,295.0,29500.0,2024-09-30
2024093004010866,UMHL,21,22,100.0,295.0,29500.0,2024-09-30
2024093004010865,UMHL,21,55,20.0,294.0,5880.0,2024-09-30
2024093004010864,UMHL,21,22,128.0,294.0,37632.0,2024-09-30
2024093001013726,BEDC,43,7,30.0,431.0,12930.0,2024-09-30
2024093001013725,BEDC,43,58,10.0,430.0,4300.0,2024-09-30
2024093001013724,BEDC,43,4,10.0,429.9,4299.0,2024-09-30
2024093004010863,NGPL,70,19,110.0,424.0,46640.0,2024-09-30
2024093004010862,SSHL,70,1,10.0,204.0,2040.0,2024-09-30
2024093005014229,NIFRA,59,58,37.0,264.9,9801.3,2024-09-30
2024093005014228,NIFRA,59,71,63.0,264.9,16688.7,2024-09-30
2024093005014227,NIFRA,59,35,400.0,264.8,105920.0,2024-09-30
2024093003010653,SFCL,39,45,200.0,534.0,106800.0,2024-09-30
2024093005014226,HDL,58,18,20.0,1248.0,24960.0,2024-09-30
2024093001013723,LSL,22,29,10.0,235.0,2350.0,2024-09-30
2024093001013722,SCB,62,54,10.0,680.9,6809.0,2024-09-30
2024093003010652,GBLBS,49,42,21.0,696.0,14616.0,2024-09-30
2024093003010651,GBLBS,13,42,25.0,696.0,17400.0,2024-09-30
2024093003010650,MLBL,49,57,850.0,383.0,325550.0,2024-09-30
2024093003010649,MLBL,13,57,100.0,383.5,38350.0,2024-09-30
2024093003010648,MLBL,41,57,300.0,383.5,115050.0,2024-09-30
2024093003010647,MLBL,46,57,10.0,383.7,3837.0,2024-09-30
2024093003010646,MLBL,42,57,80.0,383.7,30696.0,2024-09-30
2024093003010645,MLBL,35,57,500.0,383.8,191900.0,2024-09-30
2024093003010644,MLBL,58,57,160.0,383.9,61424.0,2024-09-30
2024093001013721,SANIMA,58,4,20.0,333.0,6660.0,2024-09-30
2024093001013720,SANIMA,8,4,20.0,333.0,6660.0,2024-09-30
2024093001013719,SANIMA,58,4,50.0,333.0,16650.0,2024-09-30
2024093003010643,JFL,1,3,493.0,550.0,271150.0,2024-09-30
2024093005014225,HIDCL,51,49,171.0,252.2,43126.2,2024-09-30
2024093005014224,HIDCL,51,49,694.0,252.2,175026.8,2024-09-30
2024093005014223,HIDCL,42,49,135.0,252.3,34060.5,2024-09-30
2024093005014222,HIDCL,51,49,1500.0,252.4,378600.0,2024-09-30
2024093005014221,HIDCL,6,49,500.0,252.5,126250.0,2024-09-30
2024093005014220,HIDCL,32,49,500.0,252.5,126250.0,2024-09-30
2024093005014219,HIDCL,11,49,1000.0,252.6,252600.0,2024-09-30
2024093005014218,HIDCL,52,49,500.0,252.6,126300.0,2024-09-30
2024093003010642,NFS,74,41,10.0,1214.9,12149.0,2024-09-30
2024093004010861,UPPER,1,34,105.0,198.5,20842.5,2024-09-30
2024093004010860,UPPER,56,34,95.0,198.6,18867.0,2024-09-30
2024093001013718,MKHL,57,34,193.0,465.0,89745.0,2024-09-30
2024093005014217,HATHY,34,35,30.0,1350.0,40500.0,2024-09-30
2024093001013717,HHL,4,59,10.0,444.4,4444.0,2024-09-30
2024093005014216,SONA,56,40,10.0,490.7,4907.0,2024-09-30
2024093004010859,RADHI,94,20,1349.0,357.0,481593.0,2024-09-30
2024093004010858,RADHI,94,10,151.0,357.0,53907.0,2024-09-30
2024093003010641,KSBBL,1,45,650.0,462.0,300300.0,2024-09-30
2024093001013716,NBL,60,26,50.0,262.5,13125.0,2024-09-30
2024093003010640,MLBL,42,34,390.0,384.0,149760.0,2024-09-30
2024093004010857,IGI,42,38,23.0,601.0,13823.0,2024-09-30
2024093004010856,IGI,42,34,27.0,601.0,16227.0,2024-09-30
2024093001013715,KBSH,42,17,10.0,1959.0,19590.0,2024-09-30
2024093003010639,GLBSL,99,48,40.0,1730.0,69200.0,2024-09-30
2024093003010638,GLBSL,99,17,20.0,1729.0,34580.0,2024-09-30
2024093003010637,GLBSL,99,17,20.0,1729.0,34580.0,2024-09-30
2024093003010636,GLBSL,99,41,20.0,1728.9,34578.0,2024-09-30
2024093001013714,ADBL,50,21,10.0,358.0,3580.0,2024-09-30
2024093005014215,HDL,58,33,20.0,1248.0,24960.0,2024-09-30
2024093005014214,HDL,58,42,30.0,1248.0,37440.0,2024-09-30
2024093003010635,MATRI,16,55,31.0,1424.1,44147.1,2024-09-30
2024093003010634,MATRI,33,55,19.0,1429.0,27151.0,2024-09-30
2024093003010633,MATRI,45,55,10.0,1429.0,14290.0,2024-09-30
2024093001013713,TAMOR,46,58,500.0,467.9,233950.0,2024-09-30
2024093005014213,SONA,70,18,160.0,491.0,78560.0,2024-09-30
2024093005014212,HRL,38,58,10.0,773.0,7730.0,2024-09-30
2024093004010855,HDHPC,45,22,340.0,191.0,64940.0,2024-09-30
2024093004010854,MEN,32,45,10.0,616.0,6160.0,2024-09-30
2024093003010632,NFS,28,68,10.0,1215.0,12150.0,2024-09-30
2024093003010631,NFS,28,62,10.0,1215.0,12150.0,2024-09-30
2024093003010630,NFS,28,4,50.0,1215.0,60750.0,2024-09-30
2024093003010629,NFS,28,16,10.0,1215.0,12150.0,2024-09-30
2024093003010628,NFS,28,58,10.0,1215.0,12150.0,2024-09-30
2024093003010627,NFS,28,38,10.0,1215.0,12150.0,2024-09-30
2024093001013712,NMB,56,1,500.0,251.5,125750.0,2024-09-30
2024093001013711,NMB,56,77,15.0,251.5,3772.5,2024-09-30
2024093001013710,NMB,56,18,271.0,251.0,68021.0,2024-09-30
2024093001013709,NMB,56,49,150.0,251.0,37650.0,2024-09-30
2024093001013708,HIDCLP,55,80,50.0,160.0,8000.0,2024-09-30
2024093001013707,HHL,4,57,50.0,444.4,22220.0,2024-09-30
2024093004010853,AKJCL,49,42,10.0,192.6,1926.0,2024-09-30
2024093005014211,NRN,60,34,200.0,899.0,179800.0,2024-09-30
2024093001013706,MKJC,29,58,10.0,432.0,4320.0,2024-09-30
2024093001013705,MKJC,29,63,27.0,432.0,11664.0,2024-09-30
2024093001013704,MKJC,29,14,63.0,430.0,27090.0,2024-09-30
2024093001013703,JBLB,55,34,24.0,1468.0,35232.0,2024-09-30
2024093005014210,SHIVM,50,34,90.0,598.9,53901.0,2024-09-30
2024093003010626,ALICL,58,44,50.0,698.0,34900.0,2024-09-30
2024093003010625,GBBL,17,66,33.0,428.0,14124.0,2024-09-30
2024093003010624,GBBL,17,32,230.0,428.0,98440.0,2024-09-30
2024093003010623,GBBL,17,59,100.0,427.9,42790.0,2024-09-30
2024093003010622,GBBL,17,44,137.0,427.9,58622.3,2024-09-30
2024093003010621,SWBBL,18,85,300.0,973.0,291900.0,2024-09-30
2024093003010620,MERO,45,34,40.0,724.0,28960.0,2024-09-30
2024093001013702,SARBTM,1,56,217.0,798.0,173166.0,2024-09-30
2024093004010852,AKJCL,51,26,100.0,192.5,19250.0,2024-09-30
2024093004010851,API,43,6,50.0,282.1,14105.0,2024-09-30
2024093004010850,API,14,6,100.0,282.2,28220.0,2024-09-30
2024093003010619,MLBBL,19,44,40.0,1465.0,58600.0,2024-09-30
2024093003010618,KSBBL,1,44,500.0,462.0,231000.0,2024-09-30
2024093004010849,AHPC,43,56,22.0,259.0,5698.0,2024-09-30
2024093003010617,PMLI,38,41,293.0,583.0,170819.0,2024-09-30
2024093003010616,PMLI,38,34,21.0,583.0,12243.0,2024-09-30
2024093003010615,PMLI,38,36,10.0,583.0,5830.0,2024-09-30
2024093003010614,PMLI,38,41,10.0,583.0,5830.0,2024-09-30
2024093003010613,PMLI,38,50,106.0,583.0,61798.0,2024-09-30
2024093003010612,MPFL,38,29,80.0,619.6,49568.0,2024-09-30
2024093003010611,MPFL,38,57,20.0,619.0,12380.0,2024-09-30
2024093001013701,EBL,48,58,200.0,587.0,117400.0,2024-09-30
2024093003010610,CBBL,17,37,20.0,924.0,18480.0,2024-09-30
2024093004010848,TRH,62,65,830.0,1090.0,904700.0,2024-09-30
2024093004010847,TRH,62,48,30.0,1090.0,32700.0,2024-09-30
2024093004010846,TRH,62,48,30.0,1090.0,32700.0,2024-09-30
2024093004010845,TRH,62,48,20.0,1089.0,21780.0,2024-09-30
2024093004010844,TRH,62,50,30.0,1089.0,32670.0,2024-09-30
2024093004010843,TRH,62,50,50.0,1088.0,54400.0,2024-09-30
2024093004010842,TRH,62,49,10.0,1087.9,10879.0,2024-09-30
2024093005014209,MEL,1,34,10.0,273.0,2730.0,2024-09-30
2024093005014208,MEL,1,26,100.0,272.0,27200.0,2024-09-30
2024093005014207,MEL,1,42,10.0,271.0,2710.0,2024-09-30
2024093005014206,SONA,26,18,20.0,491.0,9820.0,2024-09-30
2024093001013700,ADBL,44,42,20.0,357.5,7150.0,2024-09-30
2024093005014205,NRN,91,56,400.0,900.0,360000.0,2024-09-30
2024093003010609,NFS,74,71,100.0,1214.9,121490.0,2024-09-30
2024093004010841,CHL,26,49,30.0,322.0,9660.0,2024-09-30
2024093001013699,TSHL,44,49,20.0,730.1,14602.0,2024-09-30
2024093005014204,SONA,56,5,20.0,490.7,9814.0,2024-09-30
2024093001013698,DOLTI,14,98,210.0,473.0,99330.0,2024-09-30
2024093001013697,DOLTI,45,98,200.0,473.0,94600.0,2024-09-30
2024093001013696,DOLTI,72,98,10.0,473.0,4730.0,2024-09-30
2024093001013695,DOLTI,49,98,30.0,474.0,14220.0,2024-09-30
2024093001013694,MKHC,44,49,10.0,316.0,3160.0,2024-09-30
2024093001013693,PRVU,18,35,615.0,229.2,140958.0,2024-09-30
2024093001013692,PRVU,39,35,50.0,229.2,11460.0,2024-09-30
2024093001013691,PRVU,57,35,10.0,229.2,2292.0,2024-09-30
2024093001013690,PRVU,42,35,325.0,229.2,74490.0,2024-09-30
2024093001013689,PRVU,35,35,1000.0,229.3,229300.0,2024-09-30
2024093004010840,NLG,55,29,2000.0,1310.0,2620000.0,2024-09-30
2024093004010839,UMRH,29,19,63.0,422.0,26586.0,2024-09-30
2024093003010608,GMFBS,17,43,50.0,1460.0,73000.0,2024-09-30
2024093004010838,SHPC,18,45,700.0,489.3,342510.0,2024-09-30
2024093004010837,RURU,5,45,10.0,792.0,7920.0,2024-09-30
2024093001013688,LSL,45,29,280.0,235.0,65800.0,2024-09-30
2024093001013687,LSL,45,34,720.0,235.0,169200.0,2024-09-30
2024093004010836,SSHL,56,56,10.0,204.0,2040.0,2024-09-30
2024093003010607,CFCL,57,56,100.0,525.0,52500.0,2024-09-30
2024093005014203,SONA,52,18,200.0,491.0,98200.0,2024-09-30
2024093001013686,MANDU,42,57,69.0,840.0,57960.0,2024-09-30
2024093001013685,MANDU,5,57,131.0,840.0,110040.0,2024-09-30
2024093003010606,MPFL,48,57,30.0,619.0,18570.0,2024-09-30
2024093001013684,IHL,57,32,250.0,480.9,120225.0,2024-09-30
2024093001013683,SARBTM,61,56,283.0,798.0,225834.0,2024-09-30
2024093001013682,SARBTM,61,56,17.0,798.0,13566.0,2024-09-30
2024093003010605,JFL,6,21,10.0,550.4,5504.0,2024-09-30
2024093001013681,RFPL,13,5,162.0,535.0,86670.0,2024-09-30
2024093001013680,RFPL,13,11,500.0,535.0,267500.0,2024-09-30
2024093001013679,RFPL,13,26,200.0,535.0,107000.0,2024-09-30
2024093001013678,RFPL,13,45,48.0,532.2,25545.6,2024-09-30
2024093001013677,RFPL,13,4,100.0,530.0,53000.0,2024-09-30
2024093005014202,PHCL,72,49,10.0,324.5,3245.0,2024-09-30
2024093001013676,MHCL,5,14,10.0,377.0,3770.0,2024-09-30
2024093003010604,SHINE,34,57,135.0,462.0,62370.0,2024-09-30
2024093003010603,SHINE,34,47,50.0,462.0,23100.0,2024-09-30
2024093003010602,SHINE,34,32,155.0,461.9,71594.5,2024-09-30
2024093003010601,SHINE,34,25,20.0,461.5,9230.0,2024-09-30
2024093003010600,SHINE,34,77,40.0,461.5,18460.0,2024-09-30
2024093003010599,SHINE,34,64,100.0,461.0,46100.0,2024-09-30
2024093001013675,ADBL,67,21,90.0,358.0,32220.0,2024-09-30
2024093001013674,ADBL,67,6,10.0,357.6,3576.0,2024-09-30
2024093001013673,SNLI,50,58,881.0,552.0,486312.0,2024-09-30
2024093001013672,SNLI,45,58,38.0,552.1,20979.8,2024-09-30
2024093001013671,SNLI,6,58,21.0,552.1,11594.1,2024-09-30
2024093001013670,SNLI,48,58,10.0,553.0,5530.0,2024-09-30
2024093001013669,SNLI,4,58,50.0,553.5,27675.0,2024-09-30
2024093004010835,UPPER,38,19,60.0,199.0,11940.0,2024-09-30
2024093005014201,HATHY,45,41,130.0,1355.0,176150.0,2024-09-30
2024093005014200,HATHY,45,42,10.0,1355.0,13550.0,2024-09-30
2024093005014199,HATHY,45,81,160.0,1355.0,216800.0,2024-09-30
2024093004010834,RHPL,11,34,100.0,359.0,35900.0,2024-09-30
2024093001013668,EHPL,6,32,10.0,756.2,7562.0,2024-09-30
2024093005014198,SHIVM,42,34,35.0,599.0,20965.0,2024-09-30
2024093003010598,MPFL,50,29,20.0,619.6,12392.0,2024-09-30
2024093001013667,MKCL,7,33,50.0,1281.0,64050.0,2024-09-30
2024093004010833,NLG,55,3,19.0,1310.0,24890.0,2024-09-30
2024093004010832,NLG,55,3,21.0,1310.0,27510.0,2024-09-30
2024093001013666,SBI,63,6,406.0,425.3,172671.8,2024-09-30
2024093001013665,SBI,63,8,345.0,425.3,146728.5,2024-09-30
2024093001013664,SBI,63,13,1000.0,425.0,425000.0,2024-09-30
2024093001013663,SBI,63,29,200.0,425.0,85000.0,2024-09-30
2024093001013662,SBI,63,26,150.0,425.0,63750.0,2024-09-30
2024093001013661,SBI,63,48,100.0,425.0,42500.0,2024-09-30
2024093001013660,SBI,63,33,100.0,425.0,42500.0,2024-09-30
2024093001013659,SBI,63,6,500.0,424.3,212150.0,2024-09-30
2024093001013658,SBI,63,14,58.0,424.2,24603.6,2024-09-30
2024093001013657,SBI,63,11,141.0,424.0,59784.0,2024-09-30
2024093003010597,MLBBL,49,36,10.0,1474.4,14744.0,2024-09-30
2024093001013656,PRVU,47,45,25.0,230.9,5772.5,2024-09-30
2024093001013655,PRVU,47,35,50.0,230.9,11545.0,2024-09-30
2024093001013654,PRVU,47,29,500.0,230.9,115450.0,2024-09-30
2024093001013653,PRVU,47,58,165.0,230.9,38098.5,2024-09-30
2024093001013652,PRVU,47,6,149.0,230.8,34389.2,2024-09-30
2024093001013651,PRVU,47,49,998.0,230.7,230238.6,2024-09-30
2024093001013650,PRVU,47,21,1000.0,230.6,230600.0,2024-09-30
2024093001013649,PRVU,47,11,20.0,230.5,4610.0,2024-09-30
2024093001013648,PRVU,47,21,500.0,230.5,115250.0,2024-09-30
2024093001013647,PRVU,47,26,100.0,230.5,23050.0,2024-09-30
2024093001013646,PRVU,47,3,207.0,230.5,47713.5,2024-09-30
2024093001013645,PRVU,47,11,1573.0,230.4,362419.2,2024-09-30
2024093001013644,PRVU,47,26,500.0,230.4,115200.0,2024-09-30
2024093001013643,PRVU,47,57,50.0,230.0,11500.0,2024-09-30
2024093001013642,PRVU,47,17,406.0,230.0,93380.0,2024-09-30
2024093003010596,GILB,45,34,50.0,1152.0,57600.0,2024-09-30
2024093001013641,PCBL,14,28,3000.0,268.0,804000.0,2024-09-30
2024093003010595,RSDC,45,63,100.0,677.9,67790.0,2024-09-30
2024093001013640,PPL,42,42,10.0,436.0,4360.0,2024-09-30
2024093003010594,GFCL,42,43,90.0,840.0,75600.0,2024-09-30
2024093003010593,GFCL,42,38,200.0,840.0,168000.0,2024-09-30
2024093003010592,GFCL,42,42,200.0,840.0,168000.0,2024-09-30
2024093003010591,GFCL,42,35,186.0,840.0,156240.0,2024-09-30
2024093003010590,GFCL,42,75,424.0,839.9,356117.6,2024-09-30
2024093004010831,UPCL,41,57,75.0,245.0,18375.0,2024-09-30
2024093004010830,UAIL,5,57,52.0,633.0,32916.0,2024-09-30
2024093005014197,SHIVM,50,42,70.0,598.9,41923.0,2024-09-30
2024093005014196,SHIVM,50,33,40.0,598.9,23956.0,2024-09-30
2024093003010589,SKBBL,92,48,10.0,901.0,9010.0,2024-09-30
2024093001013639,RFPL,33,45,72.0,532.2,38318.4,2024-09-30
2024093001013638,RFPL,33,26,10.0,531.4,5314.0,2024-09-30
2024093001013637,RFPL,33,94,10.0,530.0,5300.0,2024-09-30
2024093001013636,RFPL,33,38,10.0,530.0,5300.0,2024-09-30
2024093001013635,RFPL,33,42,10.0,530.0,5300.0,2024-09-30
2024093001013634,RFPL,33,38,10.0,530.0,5300.0,2024-09-30
2024093001013633,RFPL,33,19,120.0,529.7,63564.0,2024-09-30
2024093001013632,RFPL,33,38,10.0,529.3,5293.0,2024-09-30
2024093001013631,RFPL,33,54,10.0,529.0,5290.0,2024-09-30
2024093001013630,RFPL,33,10,148.0,528.0,78144.0,2024-09-30
2024093001013629,RFPL,33,1,10.0,528.0,5280.0,2024-09-30
2024093001013628,RFPL,33,35,10.0,528.0,5280.0,2024-09-30
2024093001013627,RFPL,33,57,500.0,528.0,264000.0,2024-09-30
2024093001013626,RFPL,33,16,70.0,528.0,36960.0,2024-09-30
2024093003010588,LICN,49,25,166.0,2100.0,348600.0,2024-09-30
2024093005014195,HRL,51,7,49.0,772.0,37828.0,2024-09-30
2024093004010829,API,44,1,11.0,283.0,3113.0,2024-09-30
2024093004010828,HEI,44,35,341.0,630.0,214830.0,2024-09-30
2024093004010827,HEI,44,81,759.0,630.0,478170.0,2024-09-30
2024093004010826,AHPC,72,56,20.0,259.0,5180.0,2024-09-30
2024093003010587,FOWAD,34,41,10.0,1395.0,13950.0,2024-09-30
2024093003010586,FOWAD,34,11,20.0,1390.0,27800.0,2024-09-30
2024093003010585,FOWAD,34,37,10.0,1389.0,13890.0,2024-09-30
2024093005014194,SHIVM,17,33,10.0,598.9,5989.0,2024-09-30
2024093005014193,CLI,59,34,10.0,607.2,6072.0,2024-09-30
2024093001013625,EBL,52,58,25.0,587.0,14675.0,2024-09-30
2024093001013624,EBL,5,58,25.0,587.0,14675.0,2024-09-30
2024093001013623,EBL,7,58,10.0,587.0,5870.0,2024-09-30
2024093001013622,EBL,66,58,1000.0,587.0,587000.0,2024-09-30
2024093001013621,EBL,38,58,30.0,588.0,17640.0,2024-09-30
2024093001013620,EBL,42,58,100.0,588.0,58800.0,2024-09-30
2024093001013619,EBL,94,58,48.0,589.0,28272.0,2024-09-30
2024093001013618,EBL,21,58,100.0,589.0,58900.0,2024-09-30
2024093001013617,EBL,35,58,20.0,589.0,11780.0,2024-09-30
2024093001013616,EBL,4,58,65.0,589.0,38285.0,2024-09-30
2024093001013615,EBL,34,58,100.0,589.6,58960.0,2024-09-30
2024093001013614,EBL,34,58,80.0,590.0,47200.0,2024-09-30
2024093001013613,EBL,22,58,100.0,590.0,59000.0,2024-09-30
2024093001013612,EBL,58,58,15.0,590.0,8850.0,2024-09-30
2024093001013611,EBL,18,58,50.0,590.0,29500.0,2024-09-30
2024093001013610,EBL,13,58,68.0,590.0,40120.0,2024-09-30
2024093003010584,NADEP,64,52,40.0,1034.0,41360.0,2024-09-30
2024093003010583,NADEP,64,53,60.0,1033.9,62034.0,2024-09-30
2024093003010582,NUBL,60,81,10.0,695.0,6950.0,2024-09-30
2024093003010581,RLFL,38,48,100.0,532.0,53200.0,2024-09-30
2024093003010580,RLFL,38,43,150.0,531.0,79650.0,2024-09-30
2024093003010579,RLFL,38,88,50.0,530.9,26545.0,2024-09-30
2024093005014192,NRM,32,62,10.0,428.9,4289.0,2024-09-30
2024093001013609,GVL,59,45,30.0,515.0,15450.0,2024-09-30
2024093001013608,GVL,11,45,50.0,515.0,25750.0,2024-09-30
2024093001013607,GVL,26,45,50.0,515.1,25755.0,2024-09-30
2024093001013606,GVL,1,45,30.0,516.0,15480.0,2024-09-30
2024093001013605,GVL,74,45,90.0,516.5,46485.0,2024-09-30
2024093003010578,GUFL,42,68,50.0,680.0,34000.0,2024-09-30
2024093003010577,GUFL,42,21,60.0,680.0,40800.0,2024-09-30
2024093003010576,GMFIL,37,42,100.0,516.0,51600.0,2024-09-30
2024093005014191,HRL,7,7,100.0,772.0,77200.0,2024-09-30
2024093005014190,HRL,48,7,100.0,772.0,77200.0,2024-09-30
2024093005014189,HRL,45,7,50.0,772.1,38605.0,2024-09-30
2024093005014188,HRL,57,7,71.0,772.1,54819.1,2024-09-30
2024093005014187,HRL,17,7,30.0,772.2,23166.0,2024-09-30
2024093001013604,NABIL,41,36,47.0,550.0,25850.0,2024-09-30
2024093001013603,NABIL,41,40,43.0,550.0,23650.0,2024-09-30
2024093001013602,MEHL,59,47,240.0,355.3,85272.0,2024-09-30
2024093004010825,AKPL,29,14,200.0,220.0,44000.0,2024-09-30
2024093004010824,AKPL,29,34,600.0,220.0,132000.0,2024-09-30
2024093004010823,AKPL,29,19,28.0,220.0,6160.0,2024-09-30
2024093004010822,AKPL,29,45,500.0,220.0,110000.0,2024-09-30
2024093004010821,AKPL,29,28,200.0,220.0,44000.0,2024-09-30
2024093004010820,AKPL,29,42,200.0,220.0,44000.0,2024-09-30
2024093004010819,AKPL,29,36,33.0,220.0,7260.0,2024-09-30
2024093004010818,AKPL,29,50,10.0,220.0,2200.0,2024-09-30
2024093004010817,AKPL,29,59,1174.0,219.8,258045.2,2024-09-30
2024093003010575,SINDU,41,34,10.0,575.0,5750.0,2024-09-30
2024093005014186,HDL,48,42,15.0,1248.0,18720.0,2024-09-30
2024093001013601,MSHL,48,43,72.0,908.9,65440.8,2024-09-30
2024093001013600,MSHL,48,48,100.0,908.8,90880.0,2024-09-30
2024093001013599,MSHL,48,63,18.0,908.7,16356.6,2024-09-30
2024093001013598,MSHL,48,42,10.0,908.0,9080.0,2024-09-30
2024093004010816,SGIC,45,25,266.0,635.0,168910.0,2024-09-30
2024093004010815,SGIC,45,34,200.0,634.9,126980.0,2024-09-30
2024093004010814,SGIC,45,13,34.0,634.0,21556.0,2024-09-30
2024093004010813,SGIC,45,45,10.0,634.0,6340.0,2024-09-30
2024093004010812,SGIC,45,8,20.0,634.0,12680.0,2024-09-30
2024093004010811,SGIC,45,28,10.0,634.0,6340.0,2024-09-30
2024093004010810,SGIC,45,38,10.0,632.0,6320.0,2024-09-30
2024093004010809,SGIC,45,60,50.0,630.0,31500.0,2024-09-30
2024093004010808,NLG,55,59,500.0,1310.0,655000.0,2024-09-30
2024093001013597,KBL,52,17,50.0,209.1,10455.0,2024-09-30
2024093001013596,NIMB,26,38,10.0,226.0,2260.0,2024-09-30
2024093001013595,NIMB,26,34,75.0,225.7,16927.5,2024-09-30
2024093003010574,NFS,74,71,100.0,1214.9,121490.0,2024-09-30
2024093003010573,EDBL,57,65,168.0,621.0,104328.0,2024-09-30
2024093003010572,EDBL,57,65,32.0,621.0,19872.0,2024-09-30
2024093003010571,NLIC,49,14,10.0,764.7,7647.0,2024-09-30
2024093001013594,PPL,51,19,100.0,438.0,43800.0,2024-09-30
2024093005014185,SHIVM,17,33,10.0,598.9,5989.0,2024-09-30
2024093003010570,RLFL,47,34,100.0,530.1,53010.0,2024-09-30
2024093003010569,MSLB,21,42,10.0,1600.0,16000.0,2024-09-30
2024093003010568,NFS,74,14,200.0,1214.9,242980.0,2024-09-30
2024093003010567,PROFL,42,48,20.0,533.0,10660.0,2024-09-30
2024093005014184,RNLI,52,32,11.0,475.2,5227.2,2024-09-30
2024093005014183,HIDCL,45,74,490.0,253.8,124362.0,2024-09-30
2024093005014182,HIDCL,45,45,10.0,253.8,2538.0,2024-09-30
2024093004010807,RURU,37,62,50.0,792.0,39600.0,2024-09-30
2024093004010806,RURU,57,62,20.0,795.0,15900.0,2024-09-30
2024093001013593,RAWA,62,56,10.0,689.0,6890.0,2024-09-30
2024093004010805,GHL,42,99,800.0,198.0,158400.0,2024-09-30
2024093004010804,GHL,80,99,100.0,198.0,19800.0,2024-09-30
2024093004010803,GHL,13,99,100.0,198.1,19810.0,2024-09-30
2024093005014181,SONA,42,18,40.0,491.0,19640.0,2024-09-30
2024093003010566,ILBS,17,16,19.0,926.0,17594.0,2024-09-30
2024093004010802,SHL,33,42,100.0,482.0,48200.0,2024-09-30
2024093001013592,MHCL,25,14,50.0,377.0,18850.0,2024-09-30
2024093001013591,KBL,29,49,337.0,208.5,70264.5,2024-09-30
2024093001013590,KBL,43,49,100.0,208.5,20850.0,2024-09-30
2024093001013589,KBL,37,49,500.0,209.0,104500.0,2024-09-30
2024093001013588,KBL,34,49,63.0,209.0,13167.0,2024-09-30
2024093003010565,GFCL,68,34,20.0,837.0,16740.0,2024-09-30
2024093001013587,NIMB,87,34,25.0,225.7,5642.5,2024-09-30
2024093005014180,NRN,60,64,60.0,899.0,53940.0,2024-09-30
2024093003010564,ICFC,32,45,10.0,663.5,6635.0,2024-09-30
2024093003010563,KSBBL,1,17,500.0,462.0,231000.0,2024-09-30
2024093003010562,KSBBL,1,55,30.0,462.0,13860.0,2024-09-30
2024093003010561,KSBBL,1,38,214.0,462.0,98868.0,2024-09-30
2024093001013586,IHL,57,32,200.0,480.9,96180.0,2024-09-30
2024093003010560,PROFL,70,16,35.0,534.0,18690.0,2024-09-30
2024093005014179,SFMF,42,17,100.0,9.5,950.0,2024-09-30
2024093004010801,HDHPC,6,22,30.0,191.0,5730.0,2024-09-30
2024093004010800,HDHPC,6,45,70.0,191.0,13370.0,2024-09-30
2024093004010799,SPIL,25,1,19.0,878.0,16682.0,2024-09-30
2024093004010798,SPIL,25,52,31.0,876.0,27156.0,2024-09-30
2024093005014178,SHIVM,5,34,303.0,599.0,181497.0,2024-09-30
2024093005014177,SHIVM,5,48,97.0,598.9,58093.3,2024-09-30
2024093004010797,KKHC,85,17,331.0,258.0,85398.0,2024-09-30
2024093003010559,PROFL,70,1,50.0,534.0,26700.0,2024-09-30
2024093003010558,PROFL,70,3,100.0,534.0,53400.0,2024-09-30
2024093003010557,PROFL,70,34,100.0,534.0,53400.0,2024-09-30
2024093003010556,CBBL,58,45,20.0,925.0,18500.0,2024-09-30
2024093004010796,IGI,26,34,200.0,601.0,120200.0,2024-09-30
2024093003010555,HLBSL,50,1,150.0,846.0,126900.0,2024-09-30
2024093005014176,SONA,13,18,38.0,491.0,18658.0,2024-09-30
2024093005014175,SONA,13,43,10.0,491.0,4910.0,2024-09-30
2024093005014174,SONA,13,21,10.0,491.0,4910.0,2024-09-30
2024093005014173,SONA,13,8,42.0,491.0,20622.0,2024-09-30
2024093003010554,SINDU,44,50,100.0,577.6,57760.0,2024-09-30
2024093001013585,SARBTM,49,56,23.0,798.0,18354.0,2024-09-30
2024093004010795,KKHC,85,43,169.0,258.0,43602.0,2024-09-30
2024093004010794,HDHPC,17,45,50.0,191.0,9550.0,2024-09-30
2024093004010793,CHL,67,45,50.0,323.0,16150.0,2024-09-30
2024093004010792,NGPL,67,19,100.0,424.0,42400.0,2024-09-30
2024093004010791,NICL,36,11,179.0,992.1,177585.9,2024-09-30
2024093004010790,NICL,84,11,500.0,992.3,496150.0,2024-09-30
2024093004010789,NICL,84,11,269.0,992.3,266928.7,2024-09-30
2024093004010788,NICL,13,11,50.0,992.5,49625.0,2024-09-30
2024093004010787,NICL,32,11,200.0,993.0,198600.0,2024-09-30
2024093004010786,NICL,7,11,100.0,993.0,99300.0,2024-09-30
2024093004010785,NICL,1,11,155.0,993.0,153915.0,2024-09-30
2024093004010784,NICL,34,11,10.0,993.2,9932.0,2024-09-30
2024093003010553,NLIC,61,14,50.0,764.7,38235.0,2024-09-30
2024093003010552,NLIC,25,14,20.0,764.7,15294.0,2024-09-30
2024093001013584,MEHL,59,57,260.0,355.3,92378.0,2024-09-30
2024093001013583,MEHL,58,57,40.0,356.2,14248.0,2024-09-30
2024093001013582,NIBLSTF,84,42,500.0,8.97,4485.0,2024-09-30
2024093003010551,SMPDA,25,47,50.0,870.0,43500.0,2024-09-30
2024093001013581,USHL,72,59,40.0,773.0,30920.0,2024-09-30
2024093001013580,USHL,72,59,50.0,773.0,38650.0,2024-09-30
2024093001013579,USHL,72,34,10.0,772.9,7729.0,2024-09-30
2024093001013578,LSL,74,29,87.0,234.0,20358.0,2024-09-30
2024093004010783,RURU,17,63,250.0,795.0,198750.0,2024-09-30
2024093004010782,GLH,34,1,10.0,229.0,2290.0,2024-09-30
2024093004010781,NIL,34,45,50.0,902.0,45100.0,2024-09-30
2024093001013577,UHEWA,34,45,100.0,446.0,44600.0,2024-09-30
2024093004010780,NLG,55,52,200.0,1310.0,262000.0,2024-09-30
2024093001013576,PRVU,26,17,14.0,230.0,3220.0,2024-09-30
2024093005014172,NTC,25,52,44.0,919.1,40440.4,2024-09-30
2024093001013575,SBI,44,11,359.0,424.0,152216.0,2024-09-30
2024093001013574,SBI,44,25,100.0,423.0,42300.0,2024-09-30
2024093001013573,SBI,44,7,513.0,422.2,216588.6,2024-09-30
2024093001013572,SBI,44,42,28.0,421.0,11788.0,2024-09-30
2024093004010779,UPPER,56,21,55.0,198.6,10923.0,2024-09-30
2024093004010778,JOSHI,26,81,115.0,270.0,31050.0,2024-09-30
2024093004010777,JOSHI,4,81,185.0,270.0,49950.0,2024-09-30
2024093004010776,OHL,18,57,43.0,920.0,39560.0,2024-09-30
2024093004010775,OHL,18,38,57.0,920.0,52440.0,2024-09-30
2024093005014171,SHIVM,58,48,35.0,598.9,20961.5,2024-09-30
2024093005014170,SHIVM,63,48,100.0,598.9,59890.0,2024-09-30
2024093005014169,SONA,56,38,10.0,490.7,4907.0,2024-09-30
2024093001013571,RHGCL,32,45,10.0,376.0,3760.0,2024-09-30
2024093001013570,RHGCL,32,36,10.0,375.0,3750.0,2024-09-30
2024093001013569,RHGCL,32,52,100.0,375.0,37500.0,2024-09-30
2024093001013568,RHGCL,32,42,10.0,374.9,3749.0,2024-09-30
2024093001013567,RHGCL,32,42,20.0,374.9,7498.0,2024-09-30
2024093003010550,MDB,32,48,30.0,618.0,18540.0,2024-09-30
2024093003010549,MDB,32,45,20.0,618.0,12360.0,2024-09-30
2024093003010548,MDB,32,32,20.0,618.0,12360.0,2024-09-30
2024093003010547,MDB,32,65,180.0,617.0,111060.0,2024-09-30
2024093003010546,MDB,32,43,50.0,616.0,30800.0,2024-09-30
2024093001013566,SPL,45,57,10.0,826.9,8269.0,2024-09-30
2024093003010545,NADEP,65,53,40.0,1033.9,41356.0,2024-09-30
2024093003010544,NADEP,65,50,50.0,1033.0,51650.0,2024-09-30
2024093003010543,NADEP,65,34,500.0,1030.0,515000.0,2024-09-30
2024093003010542,NADEP,65,22,20.0,1029.0,20580.0,2024-09-30
2024093003010541,NADEP,65,33,50.0,1028.0,51400.0,2024-09-30
2024093003010540,NADEP,65,48,74.0,1025.1,75857.4,2024-09-30
2024093003010539,NADEP,65,45,50.0,1025.0,51250.0,2024-09-30
2024093003010538,NADEP,65,11,31.0,1025.0,31775.0,2024-09-30
2024093003010537,NADEP,65,35,50.0,1025.0,51250.0,2024-09-30
2024093003010536,NADEP,65,64,35.0,1025.0,35875.0,2024-09-30
2024093003010535,NADEP,65,62,100.0,1024.0,102400.0,2024-09-30
2024093003010534,NFS,74,71,100.0,1214.9,121490.0,2024-09-30
2024093001013565,BNT,50,65,10.0,14200.0,142000.0,2024-09-30
2024093003010533,MFIL,13,7,265.0,629.4,166791.0,2024-09-30
2024093003010532,MFIL,13,58,35.0,629.3,22025.5,2024-09-30
2024093003010531,MFIL,13,49,10.0,629.3,6293.0,2024-09-30
2024093003010530,MFIL,13,64,290.0,629.0,182410.0,2024-09-30
2024093003010529,PFL,96,47,14.0,559.2,7828.8,2024-09-30
2024093003010528,CFCL,57,51,50.0,525.0,26250.0,2024-09-30
2024093004010774,UPCL,41,25,85.0,245.0,20825.0,2024-09-30
2024093001013564,NMB,49,22,200.0,251.0,50200.0,2024-09-30
2024093004010773,NLG,55,35,200.0,1310.0,262000.0,2024-09-30
2024093001013563,TSHL,44,35,10.0,730.1,7301.0,2024-09-30
2024093003010527,KSBBL,35,38,100.0,462.0,46200.0,2024-09-30
2024093004010772,UPPER,21,19,100.0,199.0,19900.0,2024-09-30
2024093001013562,SARBTM,39,56,10.0,798.0,7980.0,2024-09-30
2024093005014168,NRM,62,38,10.0,425.0,4250.0,2024-09-30
2024093003010526,NUBL,38,81,100.0,695.0,69500.0,2024-09-30
2024093003010525,MATRI,45,57,10.0,1446.7,14467.0,2024-09-30
2024093001013561,KBL,57,42,50.0,209.0,10450.0,2024-09-30
2024093003010524,SJLIC,5,49,170.0,462.0,78540.0,2024-09-30
2024093005014167,CLI,59,49,10.0,607.2,6072.0,2024-09-30
2024093003010523,MPFL,48,41,20.0,619.0,12380.0,2024-09-30
2024093003010522,NADEP,65,48,100.0,1020.0,102000.0,2024-09-30
2024093004010771,UPPER,1,37,290.0,198.5,57565.0,2024-09-30
2024093004010770,UPPER,22,37,650.0,198.6,129090.0,2024-09-30
2024093005014166,HATHY,11,81,100.0,1355.0,135500.0,2024-09-30
2024093005014165,GCIL,58,54,11.0,516.0,5676.0,2024-09-30
2024093001013560,BHPL,58,52,155.0,670.0,103850.0,2024-09-30
2024093003010521,SAPDBL,14,19,154.0,522.2,80418.8,2024-09-30
2024093004010769,AHPC,44,56,799.0,259.0,206941.0,2024-09-30
2024093004010768,IGI,57,34,473.0,601.0,284273.0,2024-09-30
2024093004010767,IGI,57,65,27.0,601.0,16227.0,2024-09-30
2024093004010766,NGPL,62,57,544.0,421.1,229078.4,2024-09-30
2024093004010765,NGPL,42,57,30.0,422.0,12660.0,2024-09-30
2024093004010764,NGPL,45,57,50.0,422.0,21100.0,2024-09-30
2024093004010763,NGPL,43,57,100.0,424.7,42470.0,2024-09-30
2024093005014164,NRN,60,57,60.0,899.0,53940.0,2024-09-30
2024093005014163,NRN,51,57,100.0,899.0,89900.0,2024-09-30
2024093005014162,NRN,36,57,40.0,899.0,35960.0,2024-09-30
2024093005014161,SHIVM,63,42,50.0,598.9,29945.0,2024-09-30
2024093001013559,JBLB,52,41,20.0,1465.0,29300.0,2024-09-30
2024093004010762,HDHPC,21,45,10.0,191.0,1910.0,2024-09-30
2024093001013558,PRVU,42,17,50.0,230.0,11500.0,2024-09-30
2024093001013557,PRVU,52,17,100.0,230.0,23000.0,2024-09-30
2024093001013556,PRVU,42,17,200.0,230.0,46000.0,2024-09-30
2024093003010520,SHINE,34,28,140.0,461.0,64540.0,2024-09-30
2024093003010519,SHINE,34,50,856.0,460.9,394530.4,2024-09-30
2024093005014160,NTC,42,64,30.0,919.0,27570.0,2024-09-30
2024093005014159,NTC,58,64,20.0,919.0,18380.0,2024-09-30
2024093005014158,NTC,46,64,50.0,919.1,45955.0,2024-09-30
2024093005014157,SHIVM,37,16,50.0,598.9,29945.0,2024-09-30
2024093003010518,ACLBSL,45,45,40.0,984.0,39360.0,2024-09-30
2024093003010517,ACLBSL,13,45,10.0,984.0,9840.0,2024-09-30
2024093004010761,SJCL,58,13,10.0,313.9,3139.0,2024-09-30
2024093003010516,NLIC,25,16,50.0,764.7,38235.0,2024-09-30
2024093001013555,RAWA,42,57,10.0,662.5,6625.0,2024-09-30
2024093004010760,UPPER,50,19,50.0,199.0,9950.0,2024-09-30
2024093004010759,GLH,29,47,150.0,228.1,34215.0,2024-09-30
2024093004010758,GLH,34,47,100.0,228.2,22820.0,2024-09-30
2024093001013554,SPC,42,29,325.0,502.7,163377.5,2024-09-30
2024093001013553,SPC,32,29,50.0,503.0,25150.0,2024-09-30
2024093001013552,SPC,53,29,20.0,504.1,10082.0,2024-09-30
2024093001013551,SPC,14,29,15.0,504.2,7563.0,2024-09-30
2024093003010515,SWBBL,34,62,10.0,987.0,9870.0,2024-09-30
2024093003010514,MNBBL,34,36,10.0,374.0,3740.0,2024-09-30
2024093003010513,MNBBL,34,21,10.0,373.0,3730.0,2024-09-30
2024093001013550,BHL,34,57,400.0,430.0,172000.0,2024-09-30
2024093004010757,CGH,94,14,10.0,896.0,8960.0,2024-09-30
2024093001013549,SNLI,54,58,35.0,554.0,19390.0,2024-09-30
2024093001013548,SNLI,42,58,10.0,554.0,5540.0,2024-09-30
