transaction,symbol,buyer,seller,quantity,rate,amount,date
2024112504017256,NHDL,57,22,271.0,699.0,189429.0,2024-11-25
2024112501018431,MBL,32,57,139.0,264.0,36696.0,2024-11-25
2024112501018430,MCHL,7,28,10.0,606.0,6060.0,2024-11-25
2024112503017027,JSLBB,33,62,89.0,1567.0,139463.0,2024-11-25
2024112503017026,JSLBB,34,62,11.0,1567.0,17237.0,2024-11-25
2024112503017025,SMPDA,62,19,10.0,990.0,9900.0,2024-11-25
2024112501018429,RFPL,62,41,10.0,840.0,8400.0,2024-11-25
2024112501018428,RFPL,62,88,10.0,840.0,8400.0,2024-11-25
2024112505013110,NTC,54,62,10.0,976.0,9760.0,2024-11-25
2024112503017024,KRBL,21,60,50.0,840.0,42000.0,2024-11-25
2024112503017023,KRBL,60,60,20.0,842.0,16840.0,2024-11-25
2024112503017022,KRBL,66,60,10.0,843.0,8430.0,2024-11-25
2024112501018427,BEDC,60,57,50.0,554.4,27720.0,2024-11-25
2024112503017021,SMFBS,60,39,100.0,2100.0,210000.0,2024-11-25
2024112505013109,PHCL,65,71,310.0,544.9,168919.0,2024-11-25
2024112501018426,HBL,56,26,10.0,252.0,2520.0,2024-11-25
2024112503017020,LBBL,72,41,38.0,493.0,18734.0,2024-11-25
2024112503017019,LBBL,72,84,42.0,493.0,20706.0,2024-11-25
2024112503017018,NABBC,56,25,11.0,1000.0,11000.0,2024-11-25
2024112501018425,BEDC,56,57,10.0,554.4,5544.0,2024-11-25
2024112505013108,VLUCL,39,34,330.0,646.0,213180.0,2024-11-25
2024112505013107,VLUCL,58,34,10.0,646.0,6460.0,2024-11-25
2024112505013106,VLUCL,17,34,100.0,648.0,64800.0,2024-11-25
2024112505013105,VLUCL,57,34,131.0,648.0,84888.0,2024-11-25
2024112505013104,VLUCL,39,34,429.0,649.0,278421.0,2024-11-25
2024112503017017,JSLBB,34,52,50.0,1612.0,80600.0,2024-11-25
2024112503017016,HLBSL,34,7,10.0,1009.0,10090.0,2024-11-25
2024112503017015,NFS,41,34,50.0,1458.0,72900.0,2024-11-25
2024112501018424,BEDC,34,57,10.0,554.4,5544.0,2024-11-25
2024112503017014,JFL,41,34,200.0,1006.9,201380.0,2024-11-25
2024112501018423,UNLB,38,58,21.0,2747.0,57687.0,2024-11-25
2024112503017013,SAPDBL,38,60,10.0,928.0,9280.0,2024-11-25
2024112501018422,IHL,42,38,57.0,608.0,34656.0,2024-11-25
2024112503017012,NMLBBL,56,10,20.0,719.0,14380.0,2024-11-25
2024112501018421,IHL,14,38,93.0,610.0,56730.0,2024-11-25
2024112503017011,NMLBBL,56,37,130.0,717.5,93275.0,2024-11-25
2024112504017255,SPDL,58,41,10.0,309.1,3091.0,2024-11-25
2024112503017010,SJLIC,81,34,40.0,473.0,18920.0,2024-11-25
2024112505013103,NTC,54,88,10.0,976.0,9760.0,2024-11-25
2024112503017009,NFS,88,22,259.0,1460.0,378140.0,2024-11-25
2024112503017008,NFS,88,39,50.0,1460.0,73000.0,2024-11-25
2024112503017007,NFS,88,19,50.0,1460.0,73000.0,2024-11-25
2024112503017006,NFS,88,13,350.0,1460.0,511000.0,2024-11-25
2024112503017005,NFS,88,39,100.0,1460.0,146000.0,2024-11-25
2024112503017004,NFS,88,4,50.0,1460.0,73000.0,2024-11-25
2024112503017003,NFS,88,17,50.0,1460.0,73000.0,2024-11-25
2024112503017002,NFS,88,43,20.0,1460.0,29200.0,2024-11-25
2024112503017001,NFS,88,34,20.0,1460.0,29200.0,2024-11-25
2024112503017000,NFS,88,52,41.0,1460.0,59860.0,2024-11-25
2024112503016999,NFS,88,17,10.0,1460.0,14600.0,2024-11-25
2024112504017254,CHCL,28,66,32.0,592.0,18944.0,2024-11-25
2024112504017253,CHCL,28,21,26.0,591.0,15366.0,2024-11-25
2024112504017252,CHCL,28,25,500.0,591.0,295500.0,2024-11-25
2024112504017251,CHCL,28,6,500.0,590.9,295450.0,2024-11-25
2024112504017250,CHCL,28,28,200.0,590.9,118180.0,2024-11-25
2024112504017249,CHCL,28,36,100.0,590.9,59090.0,2024-11-25
2024112504017248,CHCL,28,72,250.0,590.0,147500.0,2024-11-25
2024112504017247,CHCL,28,81,100.0,590.0,59000.0,2024-11-25
2024112504017246,CHCL,28,3,100.0,590.0,59000.0,2024-11-25
2024112504017245,CHCL,28,16,108.0,590.0,63720.0,2024-11-25
2024112504017244,CHCL,28,42,84.0,589.5,49518.0,2024-11-25
2024112501018420,MHCL,55,8,20.0,430.6,8612.0,2024-11-25
2024112501018419,MHCL,55,45,10.0,430.5,4305.0,2024-11-25
2024112501018418,MHCL,55,14,10.0,430.0,4300.0,2024-11-25
2024112501018417,MHCL,55,58,10.0,428.5,4285.0,2024-11-25
2024112501018416,SMHL,28,65,10.0,1009.0,10090.0,2024-11-25
2024112501018415,SMHL,28,65,500.0,1009.0,504500.0,2024-11-25
2024112501018414,SMHL,28,69,1000.0,993.0,993000.0,2024-11-25
2024112501018413,SMHL,28,58,25.0,967.9,24197.5,2024-11-25
2024112501018412,SMHL,28,66,50.0,967.9,48395.0,2024-11-25
2024112501018411,SMHL,28,39,2000.0,967.9,1935800.0,2024-11-25
2024112501018410,SMHL,28,42,10.0,967.9,9679.0,2024-11-25
2024112501018409,SMHL,28,65,100.0,967.9,96790.0,2024-11-25
2024112501018408,SMHL,28,29,210.0,967.0,203070.0,2024-11-25
2024112501018407,SMHL,28,14,500.0,967.0,483500.0,2024-11-25
2024112501018406,SMHL,28,34,50.0,967.0,48350.0,2024-11-25
2024112501018405,SMHL,28,47,900.0,967.0,870300.0,2024-11-25
2024112501018404,SMHL,28,21,106.0,967.0,102502.0,2024-11-25
2024112501018403,SMHL,28,50,138.0,966.9,133432.2,2024-11-25
2024112501018402,SMHL,28,63,10.0,966.9,9669.0,2024-11-25
2024112501018401,SMHL,28,7,110.0,966.9,106359.0,2024-11-25
2024112501018400,SMHL,28,65,100.0,966.0,96600.0,2024-11-25
2024112501018399,SMHL,28,39,300.0,966.0,289800.0,2024-11-25
2024112501018398,SMHL,28,60,1000.0,966.0,966000.0,2024-11-25
2024112501018397,SMHL,28,58,10.0,966.0,9660.0,2024-11-25
2024112501018396,SMHL,28,49,1200.0,966.0,1159200.0,2024-11-25
2024112501018395,SMHL,28,65,100.0,965.0,96500.0,2024-11-25
2024112501018394,SMHL,28,62,30.0,960.0,28800.0,2024-11-25
2024112501018393,SMHL,28,32,25.0,960.0,24000.0,2024-11-25
2024112501018392,SMHL,28,47,500.0,960.0,480000.0,2024-11-25
2024112501018391,SMHL,28,64,200.0,957.7,191540.0,2024-11-25
2024112501018390,SMHL,28,34,500.0,957.0,478500.0,2024-11-25
2024112501018389,SMHL,28,65,60.0,956.7,57402.0,2024-11-25
2024112501018388,SMHL,28,17,10.0,956.0,9560.0,2024-11-25
2024112501018387,SMHL,28,28,25.0,956.0,23900.0,2024-11-25
2024112501018386,SMHL,28,53,100.0,956.0,95600.0,2024-11-25
2024112501018385,SMHL,28,43,20.0,956.0,19120.0,2024-11-25
2024112501018384,SMHL,28,28,25.0,955.7,23892.5,2024-11-25
2024112501018383,SMHL,28,50,300.0,955.7,286710.0,2024-11-25
2024112501018382,SMHL,28,40,10.0,955.7,9557.0,2024-11-25
2024112505013102,ILI,28,39,22.0,486.0,10692.0,2024-11-25
2024112501018381,SMHL,28,58,500.0,955.7,477850.0,2024-11-25
2024112501018380,SMHL,28,59,200.0,955.7,191140.0,2024-11-25
2024112501018379,SMHL,28,98,100.0,955.0,95500.0,2024-11-25
2024112501018378,SMHL,28,49,50.0,955.0,47750.0,2024-11-25
2024112501018377,SMHL,28,32,10.0,954.7,9547.0,2024-11-25
2024112501018376,SMHL,28,44,500.0,954.0,477000.0,2024-11-25
2024112501018375,SMHL,28,39,1000.0,954.0,954000.0,2024-11-25
2024112501018374,SMHL,28,70,150.0,953.0,142950.0,2024-11-25
2024112501018373,SMHL,28,45,10.0,953.0,9530.0,2024-11-25
2024112501018372,SMHL,28,28,25.0,952.6,23815.0,2024-11-25
2024112501018371,SMHL,28,81,1000.0,951.0,951000.0,2024-11-25
2024112501018370,SMHL,28,65,2000.0,950.2,1900400.0,2024-11-25
2024112501018369,SMHL,28,41,10.0,950.1,9501.0,2024-11-25
2024112501018368,SMHL,28,36,10.0,950.0,9500.0,2024-11-25
2024112501018367,SMHL,28,34,500.0,950.0,475000.0,2024-11-25
2024112501018366,SMHL,28,25,500.0,950.0,475000.0,2024-11-25
2024112501018365,SMHL,28,21,60.0,950.0,57000.0,2024-11-25
2024112501018364,SMHL,28,57,10.0,950.0,9500.0,2024-11-25
2024112501018363,SMHL,28,32,10.0,950.0,9500.0,2024-11-25
2024112501018362,SMHL,28,45,10.0,950.0,9500.0,2024-11-25
2024112501018361,SMHL,28,51,10.0,950.0,9500.0,2024-11-25
2024112501018360,SMHL,28,52,10.0,950.0,9500.0,2024-11-25
2024112501018359,SMHL,28,98,100.0,950.0,95000.0,2024-11-25
2024112501018358,SMHL,28,34,10.0,949.6,9496.0,2024-11-25
2024112501018357,SMHL,28,56,10.0,943.6,9436.0,2024-11-25
2024112501018356,SMHL,28,42,100.0,943.5,94350.0,2024-11-25
2024112501018355,SMHL,28,13,50.0,943.5,47175.0,2024-11-25
2024112501018354,SMHL,28,14,10.0,943.5,9435.0,2024-11-25
2024112501018353,SMHL,28,49,10.0,943.0,9430.0,2024-11-25
2024112501018352,SMHL,28,49,20.0,943.0,18860.0,2024-11-25
2024112501018351,SMHL,28,26,10.0,943.0,9430.0,2024-11-25
2024112501018350,SMHL,28,49,4000.0,941.4,3765600.0,2024-11-25
2024112501018349,SMHL,28,57,25.0,941.4,23535.0,2024-11-25
2024112501018348,SMHL,28,75,500.0,941.4,470700.0,2024-11-25
2024112501018347,SMHL,28,26,100.0,941.0,94100.0,2024-11-25
2024112501018346,SMHL,28,35,1422.0,941.0,1338102.0,2024-11-25
2024112501018345,SMHL,28,36,100.0,941.0,94100.0,2024-11-25
2024112501018344,SMHL,28,49,1000.0,940.9,940900.0,2024-11-25
2024112501018343,SMHL,28,34,10.0,940.9,9409.0,2024-11-25
2024112501018342,SMHL,28,43,30.0,940.0,28200.0,2024-11-25
2024112501018341,SMHL,28,26,20.0,940.0,18800.0,2024-11-25
2024112501018340,SMHL,28,90,20.0,940.0,18800.0,2024-11-25
2024112501018339,SMHL,28,26,10.0,940.0,9400.0,2024-11-25
2024112501018338,SMHL,28,13,10.0,935.0,9350.0,2024-11-25
2024112501018337,SMHL,28,42,10.0,935.0,9350.0,2024-11-25
2024112501018336,SMHL,28,90,36.0,930.0,33480.0,2024-11-25
2024112501018335,SMHL,28,20,10.0,930.0,9300.0,2024-11-25
2024112501018334,SMHL,28,49,10.0,930.0,9300.0,2024-11-25
2024112501018333,SMHL,28,57,10.0,930.0,9300.0,2024-11-25
2024112501018332,SMHL,28,47,10.0,930.0,9300.0,2024-11-25
2024112501018331,SMHL,28,17,10.0,930.0,9300.0,2024-11-25
2024112501018330,SMHL,28,45,60.0,930.0,55800.0,2024-11-25
2024112501018329,SMHL,28,52,10.0,930.0,9300.0,2024-11-25
2024112501018328,SMHL,28,64,150.0,930.0,139500.0,2024-11-25
2024112501018327,SMHL,28,7,110.0,929.0,102190.0,2024-11-25
2024112501018326,SMHL,28,39,10.0,925.0,9250.0,2024-11-25
2024112503016998,NABBC,17,57,90.0,1000.0,90000.0,2024-11-25
2024112503016997,NABBC,17,57,40.0,990.0,39600.0,2024-11-25
2024112503016996,NABBC,17,55,70.0,990.0,69300.0,2024-11-25
2024112501018325,HIDCLP,49,26,90.0,174.0,15660.0,2024-11-25
2024112504017243,SHPC,45,52,120.0,568.0,68160.0,2024-11-25
2024112504017242,SHPC,45,36,500.0,568.0,284000.0,2024-11-25
2024112504017241,SHPC,45,43,100.0,567.9,56790.0,2024-11-25
2024112504017240,SHPC,45,50,500.0,567.9,283950.0,2024-11-25
2024112504017239,SHPC,45,57,100.0,567.8,56780.0,2024-11-25
2024112504017238,SHPC,45,38,50.0,567.0,28350.0,2024-11-25
2024112504017237,SHPC,45,45,300.0,567.0,170100.0,2024-11-25
2024112504017236,SHPC,45,13,800.0,567.0,453600.0,2024-11-25
2024112504017235,SHPC,45,49,950.0,566.0,537700.0,2024-11-25
2024112504017234,SHPC,45,3,1580.0,566.0,894280.0,2024-11-25
2024112503016995,JFL,41,39,100.0,1006.9,100690.0,2024-11-25
2024112503016994,SLBSL,39,62,20.0,1941.5,38830.0,2024-11-25
2024112505013101,NRM,39,91,10.0,463.9,4639.0,2024-11-25
2024112505013100,NRM,39,41,260.0,463.9,120614.0,2024-11-25
2024112503016993,MFIL,49,45,355.0,773.0,274415.0,2024-11-25
2024112505013099,CIT,47,17,41.0,2170.0,88970.0,2024-11-25
2024112505013098,CIT,47,39,18.0,2170.0,39060.0,2024-11-25
2024112503016992,NFS,22,48,21.0,1460.0,30660.0,2024-11-25
2024112503016991,NFS,22,57,50.0,1460.0,73000.0,2024-11-25
2024112503016990,NFS,22,7,10.0,1460.0,14600.0,2024-11-25
2024112503016989,NFS,22,41,10.0,1460.0,14600.0,2024-11-25
2024112503016988,NFS,22,5,100.0,1460.0,146000.0,2024-11-25
2024112503016987,NFS,22,74,182.0,1459.0,265538.0,2024-11-25
2024112503016986,NFS,22,61,127.0,1459.0,185293.0,2024-11-25
2024112501018324,HHL,53,65,928.0,496.0,460288.0,2024-11-25
2024112501018323,BNHC,57,47,76.0,510.0,38760.0,2024-11-25
2024112501018322,BNHC,55,47,10.0,510.0,5100.0,2024-11-25
2024112501018321,BNHC,90,47,100.0,510.0,51000.0,2024-11-25
2024112501018320,BNHC,57,47,80.0,511.0,40880.0,2024-11-25
2024112501018319,BNHC,49,47,500.0,511.0,255500.0,2024-11-25
2024112501018318,BNHC,43,47,100.0,511.0,51100.0,2024-11-25
2024112501018317,BNHC,22,47,30.0,512.0,15360.0,2024-11-25
2024112501018316,BNHC,45,47,49.0,512.0,25088.0,2024-11-25
2024112501018315,BNHC,17,47,55.0,512.1,28165.5,2024-11-25
2024112503016985,JFL,41,87,400.0,1006.9,402760.0,2024-11-25
2024112501018314,NABIL,100,59,500.0,547.6,273800.0,2024-11-25
2024112503016984,SLBBL,36,62,15.0,971.8,14577.0,2024-11-25
2024112504017233,NGPL,54,34,10.0,494.1,4941.0,2024-11-25
2024112501018313,RFPL,62,54,114.0,831.9,94836.6,2024-11-25
2024112501018312,RFPL,62,54,36.0,832.0,29952.0,2024-11-25
2024112501018311,RFPL,62,54,100.0,835.0,83500.0,2024-11-25
2024112501018310,SAMAJ,70,57,35.0,3700.0,129500.0,2024-11-25
2024112501018309,SAMAJ,70,22,11.0,3700.0,40700.0,2024-11-25
2024112501018308,SAMAJ,70,48,20.0,3699.0,73980.0,2024-11-25
2024112501018307,SAMAJ,70,7,20.0,3696.9,73938.0,2024-11-25
2024112501018306,SAMAJ,70,58,14.0,3672.0,51408.0,2024-11-25
2024112505013097,HDL,58,29,15.0,1305.0,19575.0,2024-11-25
2024112505013096,HRL,29,58,31.0,848.0,26288.0,2024-11-25
2024112501018305,SPC,58,34,10.0,534.7,5347.0,2024-11-25
2024112503016983,GRDBL,96,43,10.0,935.0,9350.0,2024-11-25
2024112501018304,LSL,52,52,20.0,251.9,5038.0,2024-11-25
2024112503016982,HLBSL,64,7,10.0,1009.0,10090.0,2024-11-25
2024112503016981,CFCL,64,4,10.0,690.0,6900.0,2024-11-25
2024112503016980,SADBL,74,4,119.0,448.9,53419.1,2024-11-25
2024112503016979,SADBL,10,4,100.0,449.0,44900.0,2024-11-25
2024112503016978,SADBL,55,4,400.0,449.5,179800.0,2024-11-25
2024112503016977,SADBL,95,4,400.0,449.6,179840.0,2024-11-25
2024112503016976,SADBL,19,4,110.0,449.6,49456.0,2024-11-25
2024112503016975,SADBL,16,4,500.0,450.0,225000.0,2024-11-25
2024112503016974,SADBL,34,4,100.0,450.0,45000.0,2024-11-25
2024112503016973,SADBL,74,4,1000.0,451.0,451000.0,2024-11-25
2024112504017232,SSHL,42,28,10.0,226.9,2269.0,2024-11-25
2024112501018303,BHL,98,34,100.0,370.0,37000.0,2024-11-25
2024112503016972,NABBC,62,55,10.0,990.0,9900.0,2024-11-25
2024112504017231,RHPL,80,62,10.0,447.1,4471.0,2024-11-25
2024112501018302,RFPL,62,88,90.0,840.0,75600.0,2024-11-25
2024112501018301,RFPL,62,57,10.0,840.0,8400.0,2024-11-25
2024112501018300,RFPL,62,4,10.0,840.0,8400.0,2024-11-25
2024112501018299,RFPL,62,84,80.0,839.9,67192.0,2024-11-25
2024112501018298,RFPL,62,49,10.0,839.9,8399.0,2024-11-25
2024112505013095,NRM,33,48,202.0,463.5,93627.0,2024-11-25
2024112501018297,MAKAR,62,22,10.0,662.9,6629.0,2024-11-25
2024112503016971,SLBSL,62,1,50.0,1790.1,89505.0,2024-11-25
2024112503016970,SLBSL,62,55,14.0,1785.1,24991.4,2024-11-25
2024112503016969,SLBSL,62,58,209.0,1785.1,373085.9,2024-11-25
2024112503016968,SLBSL,62,67,150.0,1785.1,267765.0,2024-11-25
2024112503016967,SLBSL,62,45,50.0,1785.0,89250.0,2024-11-25
2024112503016966,SLBSL,62,22,20.0,1785.0,35700.0,2024-11-25
2024112503016965,SLBSL,62,1,58.0,1785.0,103530.0,2024-11-25
2024112503016964,SLBSL,62,1,100.0,1785.0,178500.0,2024-11-25
2024112503016963,SLBSL,62,40,11.0,1785.0,19635.0,2024-11-25
2024112503016962,SLBSL,62,56,11.0,1785.0,19635.0,2024-11-25
2024112503016961,SLBSL,62,45,107.0,1785.0,190995.0,2024-11-25
2024112503016960,SLBSL,62,29,140.0,1785.0,249900.0,2024-11-25
2024112503016959,SLBSL,62,34,15.0,1785.0,26775.0,2024-11-25
2024112501018296,CITY,62,62,10.0,898.0,8980.0,2024-11-25
2024112501018295,CZBIL,1,19,10.0,227.0,2270.0,2024-11-25
2024112504017230,SHPC,60,3,10.0,566.0,5660.0,2024-11-25
2024112503016958,SAPDBL,55,60,20.0,885.0,17700.0,2024-11-25
2024112501018294,MMKJL,71,20,10.0,656.0,6560.0,2024-11-25
2024112505013094,RNLI,44,50,79.0,509.0,40211.0,2024-11-25
2024112503016957,SLBSL,72,34,35.0,1785.0,62475.0,2024-11-25
2024112503016956,SLBSL,72,58,51.0,1784.0,90984.0,2024-11-25
2024112503016955,SLBSL,72,59,14.0,1783.9,24974.6,2024-11-25
2024112503016954,SLBSL,72,48,25.0,1782.9,44572.5,2024-11-25
2024112503016953,SLBSL,72,58,30.0,1782.0,53460.0,2024-11-25
2024112503016952,SLBSL,72,52,30.0,1780.0,53400.0,2024-11-25
2024112503016951,SLBSL,72,26,200.0,1780.0,356000.0,2024-11-25
2024112503016950,SLBSL,72,26,120.0,1780.0,213600.0,2024-11-25
2024112503016949,SLBSL,72,29,50.0,1780.0,89000.0,2024-11-25
2024112503016948,SLBSL,72,29,50.0,1780.0,89000.0,2024-11-25
2024112503016947,SLBSL,72,38,10.0,1770.0,17700.0,2024-11-25
2024112503016946,SLBSL,72,88,200.0,1770.0,354000.0,2024-11-25
2024112503016945,SLBSL,72,58,10.0,1764.0,17640.0,2024-11-25
2024112503016944,SLBSL,72,45,14.0,1760.0,24640.0,2024-11-25
2024112503016943,SLBSL,72,6,20.0,1760.0,35200.0,2024-11-25
2024112503016942,SLBSL,72,48,14.0,1759.0,24626.0,2024-11-25
2024112503016941,SLBSL,72,58,60.0,1758.0,105480.0,2024-11-25
2024112503016940,SLBSL,72,10,100.0,1757.0,175700.0,2024-11-25
2024112503016939,SLBSL,72,39,1000.0,1754.0,1754000.0,2024-11-25
2024112503016938,SLBSL,72,80,500.0,1750.0,875000.0,2024-11-25
2024112503016937,SLBSL,72,54,20.0,1749.4,34988.0,2024-11-25
2024112503016936,SLBSL,72,62,44.0,1748.0,76912.0,2024-11-25
2024112503016935,SLBSL,72,51,50.0,1745.0,87250.0,2024-11-25
2024112503016934,SLBSL,72,82,258.0,1745.0,450210.0,2024-11-25
2024112503016933,SLBSL,72,45,200.0,1745.0,349000.0,2024-11-25
2024112503016932,SLBSL,72,34,14.0,1744.2,24418.8,2024-11-25
2024112503016931,SLBSL,72,45,100.0,1740.5,174050.0,2024-11-25
2024112503016930,SLBSL,72,22,100.0,1740.2,174020.0,2024-11-25
2024112503016929,SLBSL,72,89,100.0,1740.0,174000.0,2024-11-25
2024112503016928,SLBSL,72,56,500.0,1736.0,868000.0,2024-11-25
2024112503016927,SLBSL,72,32,81.0,1717.9,139149.9,2024-11-25
2024112501018293,RAWA,92,57,10.0,792.3,7923.0,2024-11-25
2024112504017229,BARUN,57,64,30.0,420.0,12600.0,2024-11-25
2024112505013093,CLI,11,57,10.0,675.0,6750.0,2024-11-25
2024112501018292,RAWA,35,25,10.0,807.0,8070.0,2024-11-25
2024112503016926,GMFIL,48,67,30.0,671.0,20130.0,2024-11-25
2024112503016925,GMFIL,57,67,38.0,671.0,25498.0,2024-11-25
2024112503016924,JSLBB,35,52,50.0,1612.0,80600.0,2024-11-25
2024112504017228,HPPL,35,85,50.0,389.0,19450.0,2024-11-25
2024112503016923,SMFBS,56,64,50.0,2104.0,105200.0,2024-11-25
2024112503016922,SMFBS,56,43,49.0,2009.4,98460.6,2024-11-25
2024112503016921,SMFBS,56,39,350.0,2009.0,703150.0,2024-11-25
2024112503016920,SMFBS,56,26,50.0,2005.0,100250.0,2024-11-25
2024112503016919,SMFBS,56,59,43.0,2004.0,86172.0,2024-11-25
2024112503016918,SMFBS,56,39,100.0,2004.0,200400.0,2024-11-25
2024112503016917,SMFBS,56,45,100.0,2000.0,200000.0,2024-11-25
2024112503016916,SMFBS,56,91,80.0,1982.8,158624.0,2024-11-25
2024112503016915,SMFBS,56,68,90.0,1982.8,178452.0,2024-11-25
2024112503016914,SMFBS,56,21,11.0,1980.4,21784.4,2024-11-25
2024112503016913,SMFBS,56,8,500.0,1975.0,987500.0,2024-11-25
2024112503016912,SMFBS,56,74,100.0,1974.0,197400.0,2024-11-25
2024112503016911,SMFBS,56,28,100.0,1972.6,197260.0,2024-11-25
2024112503016910,SMFBS,56,42,400.0,1972.0,788800.0,2024-11-25
2024112503016909,SMFBS,56,38,25.0,1971.0,49275.0,2024-11-25
2024112503016908,SMFBS,56,74,90.0,1970.0,177300.0,2024-11-25
2024112503016907,SMFBS,56,45,20.0,1969.5,39390.0,2024-11-25
2024112503016906,SMFBS,56,25,19.0,1968.0,37392.0,2024-11-25
2024112503016905,SMFBS,56,34,23.0,1950.0,44850.0,2024-11-25
2024112501018291,SIKLES,49,34,10.0,767.0,7670.0,2024-11-25
2024112501018290,NICA,34,49,500.0,425.0,212500.0,2024-11-25
2024112501018289,DORDI,13,34,105.0,472.2,49581.0,2024-11-25
2024112501018288,DORDI,32,34,100.0,473.0,47300.0,2024-11-25
2024112501018287,DORDI,32,34,50.0,473.0,23650.0,2024-11-25
2024112503016904,MDB,38,64,50.0,689.9,34495.0,2024-11-25
2024112501018286,MKJC,22,26,10.0,517.1,5171.0,2024-11-25
2024112501018285,MKJC,29,26,10.0,522.0,5220.0,2024-11-25
2024112503016903,NFS,41,61,100.0,1459.0,145900.0,2024-11-25
2024112501018284,GBIME,41,22,10.0,235.5,2355.0,2024-11-25
2024112501018283,GBIME,41,41,29.0,235.5,6829.5,2024-11-25
2024112501018282,GBIME,41,22,35.0,235.5,8242.5,2024-11-25
2024112501018281,GBIME,41,34,70.0,235.5,16485.0,2024-11-25
2024112501018280,SPC,41,34,10.0,534.7,5347.0,2024-11-25
2024112504017227,HURJA,82,88,200.0,239.1,47820.0,2024-11-25
2024112503016902,NFS,41,6,72.0,1458.0,104976.0,2024-11-25
2024112503016901,RLFL,55,66,22.0,695.0,15290.0,2024-11-25
2024112504017226,HPPL,28,85,50.0,389.0,19450.0,2024-11-25
2024112504017225,HPPL,28,36,50.0,389.0,19450.0,2024-11-25
2024112504017224,HPPL,28,14,100.0,389.0,38900.0,2024-11-25
2024112503016900,MDB,52,55,380.0,689.0,261820.0,2024-11-25
2024112503016899,MDB,45,55,120.0,689.0,82680.0,2024-11-25
2024112501018279,CKHL,14,70,10.0,699.9,6999.0,2024-11-25
2024112501018278,CKHL,14,22,10.0,697.0,6970.0,2024-11-25
2024112501018277,CKHL,14,88,10.0,694.0,6940.0,2024-11-25
2024112501018276,MKHC,55,45,57.0,416.0,23712.0,2024-11-25
2024112501018275,MKHC,55,48,10.0,415.9,4159.0,2024-11-25
2024112501018274,MKHC,55,62,110.0,415.6,45716.0,2024-11-25
2024112501018273,MKHC,55,57,293.0,415.6,121770.8,2024-11-25
2024112501018272,MKHC,55,22,10.0,415.5,4155.0,2024-11-25
2024112501018271,MKHC,55,6,430.0,415.4,178622.0,2024-11-25
2024112501018270,MKHC,55,7,90.0,415.0,37350.0,2024-11-25
2024112503016898,NFS,17,61,500.0,1459.0,729500.0,2024-11-25
2024112501018269,SARBTM,47,58,25.0,757.0,18925.0,2024-11-25
2024112501018268,SARBTM,47,58,189.0,756.9,143054.1,2024-11-25
2024112501018267,SARBTM,47,58,200.0,756.8,151360.0,2024-11-25
2024112501018266,SARBTM,47,58,155.0,756.7,117288.5,2024-11-25
2024112501018265,SARBTM,47,58,189.0,756.7,143016.3,2024-11-25
2024112501018264,SARBTM,47,33,80.0,756.0,60480.0,2024-11-25
2024112501018263,SARBTM,47,42,62.0,755.9,46865.8,2024-11-25
2024112504017223,HURJA,32,17,80.0,239.3,19144.0,2024-11-25
2024112503016897,GFCL,43,84,88.0,942.0,82896.0,2024-11-25
2024112503016896,GFCL,22,84,50.0,942.1,47105.0,2024-11-25
2024112503016895,GFCL,41,84,410.0,942.5,386425.0,2024-11-25
2024112503016894,GFCL,49,84,52.0,943.0,49036.0,2024-11-25
2024112503016893,GFCL,6,84,100.0,943.0,94300.0,2024-11-25
2024112503016892,GFCL,52,84,300.0,944.0,283200.0,2024-11-25
2024112503016891,NFS,41,45,500.0,1458.0,729000.0,2024-11-25
2024112504017222,NLG,6,45,40.0,948.0,37920.0,2024-11-25
2024112501018262,MCHL,45,28,10.0,606.0,6060.0,2024-11-25
2024112501018261,NWCL,45,5,30.0,1048.0,31440.0,2024-11-25
2024112503016890,JFL,41,49,200.0,1006.9,201380.0,2024-11-25
2024112503016889,SMFBS,87,34,10.0,1950.0,19500.0,2024-11-25
2024112505013092,GCIL,58,33,50.0,482.0,24100.0,2024-11-25
2024112503016888,MLBBL,58,38,10.0,1788.0,17880.0,2024-11-25
2024112505013091,SMJC,58,17,50.0,549.0,27450.0,2024-11-25
2024112505013090,VLUCL,21,38,50.0,650.0,32500.0,2024-11-25
2024112505013089,VLUCL,21,69,40.0,649.5,25980.0,2024-11-25
2024112501018260,DLBS,4,38,10.0,1687.8,16878.0,2024-11-25
2024112503016887,GRDBL,4,16,10.0,935.3,9353.0,2024-11-25
2024112503016886,SFCL,62,58,10.0,797.0,7970.0,2024-11-25
2024112503016885,BFC,65,26,2040.0,898.0,1831920.0,2024-11-25
2024112503016884,BFC,65,10,100.0,898.0,89800.0,2024-11-25
2024112503016883,BFC,65,58,390.0,898.0,350220.0,2024-11-25
2024112503016882,BFC,65,42,1000.0,898.0,898000.0,2024-11-25
2024112503016881,BFC,65,74,500.0,887.0,443500.0,2024-11-25
2024112503016880,BFC,65,8,100.0,883.3,88330.0,2024-11-25
2024112503016879,BFC,65,8,200.0,883.3,176660.0,2024-11-25
2024112503016878,BFC,65,72,500.0,883.0,441500.0,2024-11-25
2024112503016877,BFC,65,49,3500.0,883.0,3090500.0,2024-11-25
2024112503016876,BFC,65,38,1000.0,883.0,883000.0,2024-11-25
2024112503016875,BFC,65,39,100.0,883.0,88300.0,2024-11-25
2024112503016874,BFC,65,26,410.0,883.0,362030.0,2024-11-25
2024112503016873,BFC,65,72,200.0,880.0,176000.0,2024-11-25
2024112503016872,BFC,65,74,970.0,865.0,839050.0,2024-11-25
2024112503016871,BFC,65,43,1500.0,864.9,1297350.0,2024-11-25
2024112503016870,BFC,65,6,100.0,864.9,86490.0,2024-11-25
2024112503016869,BFC,65,6,130.0,864.9,112437.0,2024-11-25
2024112503016868,BFC,65,7,60.0,864.9,51894.0,2024-11-25
2024112503016867,BFC,65,57,150.0,864.8,129720.0,2024-11-25
2024112503016866,BFC,65,28,20.0,864.8,17296.0,2024-11-25
2024112503016865,BFC,65,22,20.0,864.8,17296.0,2024-11-25
2024112503016864,BFC,65,48,400.0,864.8,345920.0,2024-11-25
2024112503016863,BFC,65,13,50.0,864.7,43235.0,2024-11-25
2024112503016862,BFC,65,38,30.0,864.7,25941.0,2024-11-25
2024112503016861,BFC,65,58,3500.0,864.7,3026450.0,2024-11-25
2024112503016860,BFC,65,7,20.0,864.7,17294.0,2024-11-25
2024112503016859,BFC,65,5,50.0,864.7,43235.0,2024-11-25
2024112503016858,BFC,65,49,340.0,864.7,293998.0,2024-11-25
2024112503016857,BFC,65,22,100.0,864.7,86470.0,2024-11-25
2024112503016856,BFC,65,19,175.0,864.7,151322.5,2024-11-25
2024112503016855,BFC,65,58,100.0,864.6,86460.0,2024-11-25
2024112503016854,BFC,65,58,30.0,864.6,25938.0,2024-11-25
2024112503016853,BFC,65,41,200.0,864.6,172920.0,2024-11-25
2024112503016852,BFC,65,49,440.0,864.6,380424.0,2024-11-25
2024112503016851,BFC,65,49,20.0,864.5,17290.0,2024-11-25
2024112503016850,BFC,65,45,100.0,864.0,86400.0,2024-11-25
2024112503016849,BFC,65,45,25.0,864.0,21600.0,2024-11-25
2024112503016848,BFC,65,57,1300.0,864.0,1123200.0,2024-11-25
2024112503016847,BFC,65,45,62.0,864.0,53568.0,2024-11-25
2024112503016846,BFC,65,14,100.0,863.9,86390.0,2024-11-25
2024112503016845,BFC,65,42,100.0,863.9,86390.0,2024-11-25
2024112503016844,BFC,65,22,169.0,863.9,145999.1,2024-11-25
2024112503016843,BFC,65,62,80.0,863.9,69112.0,2024-11-25
2024112503016842,BFC,65,45,125.0,863.9,107987.5,2024-11-25
2024112503016841,BFC,65,14,100.0,863.9,86390.0,2024-11-25
2024112503016840,BFC,65,74,145.0,863.9,125265.5,2024-11-25
2024112503016839,BFC,65,13,200.0,863.9,172780.0,2024-11-25
2024112503016838,BFC,65,49,30.0,863.9,25917.0,2024-11-25
2024112503016837,BFC,65,35,10.0,863.8,8638.0,2024-11-25
2024112503016836,BFC,65,29,300.0,863.8,259140.0,2024-11-25
2024112503016835,BFC,65,49,52.0,863.0,44876.0,2024-11-25
2024112503016834,BFC,65,36,150.0,863.0,129450.0,2024-11-25
2024112503016833,BFC,65,41,50.0,863.0,43150.0,2024-11-25
2024112503016832,BFC,65,45,300.0,863.0,258900.0,2024-11-25
2024112503016831,BFC,65,58,50.0,863.0,43150.0,2024-11-25
2024112503016830,BFC,65,49,50.0,863.0,43150.0,2024-11-25
2024112503016829,BFC,65,4,60.0,863.0,51780.0,2024-11-25
2024112503016828,BFC,65,42,200.0,863.0,172600.0,2024-11-25
2024112503016827,BFC,65,48,30.0,863.0,25890.0,2024-11-25
2024112503016826,BFC,65,6,50.0,863.0,43150.0,2024-11-25
2024112503016825,BFC,65,34,10.0,862.4,8624.0,2024-11-25
2024112503016824,BFC,65,22,20.0,862.4,17248.0,2024-11-25
2024112503016823,BFC,65,40,500.0,862.0,431000.0,2024-11-25
2024112503016822,BFC,65,11,10.0,862.0,8620.0,2024-11-25
2024112503016821,BFC,65,11,10.0,862.0,8620.0,2024-11-25
2024112503016820,BFC,65,43,690.0,861.9,594711.0,2024-11-25
2024112503016819,BFC,65,94,500.0,861.0,430500.0,2024-11-25
2024112503016818,BFC,65,7,100.0,861.0,86100.0,2024-11-25
2024112503016817,BFC,65,38,500.0,860.8,430400.0,2024-11-25
2024112503016816,BFC,65,54,200.0,860.8,172160.0,2024-11-25
2024112503016815,BFC,65,38,250.0,860.5,215125.0,2024-11-25
2024112503016814,BFC,65,38,10.0,860.0,8600.0,2024-11-25
2024112503016813,BFC,65,6,250.0,860.0,215000.0,2024-11-25
2024112503016812,BFC,65,25,40.0,860.0,34400.0,2024-11-25
2024112503016811,BFC,65,25,50.0,860.0,43000.0,2024-11-25
2024112503016810,BFC,65,58,50.0,860.0,43000.0,2024-11-25
2024112503016809,BFC,65,35,200.0,860.0,172000.0,2024-11-25
2024112503016808,BFC,65,19,200.0,860.0,172000.0,2024-11-25
2024112503016807,BFC,65,34,100.0,860.0,86000.0,2024-11-25
2024112503016806,BFC,65,35,800.0,860.0,688000.0,2024-11-25
2024112503016805,BFC,65,4,5500.0,860.0,4730000.0,2024-11-25
2024112503016804,BFC,65,29,200.0,860.0,172000.0,2024-11-25
2024112503016803,BFC,65,47,200.0,860.0,172000.0,2024-11-25
2024112503016802,BFC,65,3,10.0,860.0,8600.0,2024-11-25
2024112503016801,BFC,65,4,500.0,860.0,430000.0,2024-11-25
2024112503016800,BFC,65,58,240.0,860.0,206400.0,2024-11-25
2024112503016799,BFC,65,58,1700.0,859.9,1461830.0,2024-11-25
2024112503016798,BFC,65,43,1550.0,859.8,1332690.0,2024-11-25
2024112503016797,BFC,65,58,550.0,859.8,472890.0,2024-11-25
2024112503016796,BFC,65,71,500.0,859.0,429500.0,2024-11-25
2024112503016795,BFC,65,10,100.0,859.0,85900.0,2024-11-25
2024112503016794,BFC,65,94,500.0,859.0,429500.0,2024-11-25
2024112503016793,BFC,65,39,100.0,858.7,85870.0,2024-11-25
2024112503016792,BFC,65,16,20.0,858.7,17174.0,2024-11-25
2024112503016791,BFC,65,55,50.0,858.7,42935.0,2024-11-25
2024112503016790,BFC,65,19,40.0,858.0,34320.0,2024-11-25
2024112503016789,BFC,65,58,60.0,858.0,51480.0,2024-11-25
2024112503016788,BFC,65,58,15.0,858.0,12870.0,2024-11-25
2024112503016787,BFC,65,28,974.0,858.0,835692.0,2024-11-25
2024112503016786,BFC,65,60,100.0,857.8,85780.0,2024-11-25
2024112503016785,BFC,65,25,100.0,857.8,85780.0,2024-11-25
2024112503016784,BFC,65,25,100.0,857.8,85780.0,2024-11-25
2024112503016783,BFC,65,41,50.0,857.8,42890.0,2024-11-25
2024112503016782,BFC,65,45,30.0,857.7,25731.0,2024-11-25
2024112503016781,BFC,65,16,20.0,857.3,17146.0,2024-11-25
2024112503016780,BFC,65,38,1000.0,857.3,857300.0,2024-11-25
2024112503016779,BFC,65,19,400.0,857.3,342920.0,2024-11-25
2024112503016778,BFC,65,14,10.0,857.0,8570.0,2024-11-25
2024112503016777,BFC,65,39,280.0,857.0,239960.0,2024-11-25
2024112503016776,BFC,65,19,500.0,857.0,428500.0,2024-11-25
2024112503016775,BFC,65,52,17.0,857.0,14569.0,2024-11-25
2024112503016774,BFC,65,6,10.0,857.0,8570.0,2024-11-25
2024112503016773,BFC,65,81,660.0,857.0,565620.0,2024-11-25
2024112503016772,BFC,65,49,250.0,857.0,214250.0,2024-11-25
2024112503016771,BFC,65,62,100.0,857.0,85700.0,2024-11-25
2024112503016770,BFC,65,82,1000.0,857.0,857000.0,2024-11-25
2024112503016769,BFC,65,57,100.0,857.0,85700.0,2024-11-25
2024112503016768,BFC,65,57,114.0,856.8,97675.2,2024-11-25
2024112503016767,BFC,65,51,100.0,856.8,85680.0,2024-11-25
2024112503016766,BFC,65,48,10.0,856.8,8568.0,2024-11-25
2024112503016765,BFC,65,51,50.0,856.7,42835.0,2024-11-25
2024112503016764,BFC,65,57,20.0,856.0,17120.0,2024-11-25
2024112503016763,BFC,65,57,262.0,856.0,224272.0,2024-11-25
2024112503016762,BFC,65,74,500.0,856.0,428000.0,2024-11-25
2024112503016761,BFC,65,28,25.0,855.7,21392.5,2024-11-25
2024112503016760,BFC,65,8,100.0,855.7,85570.0,2024-11-25
2024112503016759,BFC,65,57,320.0,855.0,273600.0,2024-11-25
2024112503016758,BFC,65,32,500.0,855.0,427500.0,2024-11-25
2024112503016757,BFC,65,17,200.0,855.0,171000.0,2024-11-25
2024112503016756,BFC,65,22,15.0,855.0,12825.0,2024-11-25
2024112503016755,BFC,65,25,200.0,855.0,171000.0,2024-11-25
2024112503016754,BFC,65,94,500.0,855.0,427500.0,2024-11-25
2024112503016753,BFC,65,57,10.0,855.0,8550.0,2024-11-25
2024112503016752,BFC,65,34,30.0,855.0,25650.0,2024-11-25
2024112503016751,BFC,65,49,100.0,855.0,85500.0,2024-11-25
2024112503016750,BFC,65,38,200.0,855.0,171000.0,2024-11-25
2024112503016749,BFC,65,5,50.0,855.0,42750.0,2024-11-25
2024112503016748,BFC,65,32,50.0,855.0,42750.0,2024-11-25
2024112503016747,BFC,65,1,50.0,855.0,42750.0,2024-11-25
2024112503016746,BFC,65,55,100.0,855.0,85500.0,2024-11-25
2024112503016745,BFC,65,22,250.0,855.0,213750.0,2024-11-25
2024112503016744,BFC,65,14,50.0,854.7,42735.0,2024-11-25
2024112503016743,BFC,65,54,25.0,854.7,21367.5,2024-11-25
2024112503016742,BFC,65,57,10.0,854.7,8547.0,2024-11-25
2024112503016741,BFC,65,58,25.0,854.7,21367.5,2024-11-25
2024112503016740,BFC,65,19,50.0,854.7,42735.0,2024-11-25
2024112503016739,BFC,65,45,25.0,854.0,21350.0,2024-11-25
2024112503016738,BFC,65,49,100.0,853.7,85370.0,2024-11-25
2024112503016737,BFC,65,6,30.0,853.5,25605.0,2024-11-25
2024112503016736,BFC,65,77,30.0,853.0,25590.0,2024-11-25
2024112503016735,BFC,65,49,10.0,853.0,8530.0,2024-11-25
2024112503016734,BFC,65,25,50.0,853.0,42650.0,2024-11-25
2024112503016733,BFC,65,57,188.0,853.0,160364.0,2024-11-25
2024112503016732,BFC,65,52,50.0,852.7,42635.0,2024-11-25
2024112503016731,BFC,65,54,200.0,852.7,170540.0,2024-11-25
2024112503016730,BFC,65,17,20.0,852.0,17040.0,2024-11-25
2024112503016729,BFC,65,10,500.0,852.0,426000.0,2024-11-25
2024112503016728,BFC,65,46,180.0,852.0,153360.0,2024-11-25
2024112503016727,BFC,65,41,80.0,851.7,68136.0,2024-11-25
2024112503016726,BFC,65,13,50.0,851.7,42585.0,2024-11-25
2024112503016725,BFC,65,14,1000.0,851.0,851000.0,2024-11-25
2024112503016724,BFC,65,40,2000.0,851.0,1702000.0,2024-11-25
2024112503016723,BFC,65,6,100.0,851.0,85100.0,2024-11-25
2024112503016722,BFC,65,49,100.0,851.0,85100.0,2024-11-25
2024112503016721,BFC,65,22,20.0,851.0,17020.0,2024-11-25
2024112503016720,BFC,65,72,200.0,851.0,170200.0,2024-11-25
2024112503016719,BFC,65,42,515.0,850.0,437750.0,2024-11-25
2024112503016718,BFC,65,37,60.0,850.0,51000.0,2024-11-25
2024112503016717,BFC,65,45,10.0,850.0,8500.0,2024-11-25
2024112503016716,BFC,65,26,500.0,850.0,425000.0,2024-11-25
2024112503016715,BFC,65,22,100.0,850.0,85000.0,2024-11-25
2024112503016714,BFC,65,70,50.0,850.0,42500.0,2024-11-25
2024112503016713,BFC,65,5,50.0,850.0,42500.0,2024-11-25
2024112503016712,BFC,65,57,100.0,850.0,85000.0,2024-11-25
2024112503016711,BFC,65,38,43.0,850.0,36550.0,2024-11-25
2024112503016710,BFC,65,26,200.0,850.0,170000.0,2024-11-25
2024112503016709,BFC,65,38,110.0,850.0,93500.0,2024-11-25
2024112503016708,BFC,65,53,300.0,850.0,255000.0,2024-11-25
2024112503016707,BFC,65,21,10.0,850.0,8500.0,2024-11-25
2024112503016706,BFC,65,1,500.0,850.0,425000.0,2024-11-25
2024112503016705,BFC,65,17,500.0,850.0,425000.0,2024-11-25
2024112503016704,BFC,65,58,250.0,850.0,212500.0,2024-11-25
2024112503016703,BFC,65,47,100.0,850.0,85000.0,2024-11-25
2024112503016702,BFC,65,58,170.0,850.0,144500.0,2024-11-25
2024112503016701,BFC,65,46,10.0,850.0,8500.0,2024-11-25
2024112503016700,BFC,65,37,100.0,850.0,85000.0,2024-11-25
2024112503016699,BFC,65,47,1000.0,850.0,850000.0,2024-11-25
2024112503016698,BFC,65,62,20.0,850.0,17000.0,2024-11-25
2024112503016697,BFC,65,54,1765.0,850.0,1500250.0,2024-11-25
2024112503016696,BFC,65,41,10.0,850.0,8500.0,2024-11-25
2024112503016695,BFC,65,48,25.0,850.0,21250.0,2024-11-25
2024112503016694,BFC,65,58,50.0,850.0,42500.0,2024-11-25
2024112503016693,BFC,65,16,100.0,850.0,85000.0,2024-11-25
2024112503016692,BFC,65,52,20.0,850.0,17000.0,2024-11-25
2024112503016691,BFC,65,7,15.0,850.0,12750.0,2024-11-25
2024112503016690,BFC,65,43,50.0,850.0,42500.0,2024-11-25
2024112503016689,BFC,65,17,100.0,850.0,85000.0,2024-11-25
2024112503016688,BFC,65,38,50.0,850.0,42500.0,2024-11-25
2024112503016687,BFC,65,40,100.0,850.0,85000.0,2024-11-25
2024112503016686,BFC,65,65,20.0,849.6,16992.0,2024-11-25
2024112503016685,BFC,65,8,250.0,849.6,212400.0,2024-11-25
2024112503016684,BFC,65,14,100.0,849.0,84900.0,2024-11-25
2024112503016683,BFC,65,58,500.0,849.0,424500.0,2024-11-25
2024112503016682,BFC,65,58,155.0,849.0,131595.0,2024-11-25
2024112503016681,BFC,65,48,100.0,849.0,84900.0,2024-11-25
2024112503016680,BFC,65,51,100.0,848.8,84880.0,2024-11-25
2024112503016679,BFC,65,39,100.0,848.5,84850.0,2024-11-25
2024112503016678,BFC,65,45,40.0,848.0,33920.0,2024-11-25
2024112503016677,BFC,65,41,10.0,848.0,8480.0,2024-11-25
2024112503016676,BFC,65,11,10.0,848.0,8480.0,2024-11-25
2024112503016675,BFC,65,11,85.0,847.0,71995.0,2024-11-25
2024112503016674,BFC,65,17,100.0,846.6,84660.0,2024-11-25
2024112503016673,BFC,65,26,10.0,846.0,8460.0,2024-11-25
2024112503016672,BFC,65,28,50.0,845.5,42275.0,2024-11-25
2024112503016671,BFC,65,45,150.0,845.0,126750.0,2024-11-25
2024112503016670,BFC,65,54,10.0,845.0,8450.0,2024-11-25
2024112503016669,BFC,65,17,400.0,845.0,338000.0,2024-11-25
2024112503016668,BFC,65,38,12.0,845.0,10140.0,2024-11-25
2024112503016667,BFC,65,28,25.0,845.0,21125.0,2024-11-25
2024112503016666,BFC,65,58,10.0,845.0,8450.0,2024-11-25
2024112503016665,BFC,65,11,40.0,845.0,33800.0,2024-11-25
2024112503016664,BFC,65,21,10.0,845.0,8450.0,2024-11-25
2024112503016663,BFC,65,59,311.0,845.0,262795.0,2024-11-25
2024112503016662,BFC,65,67,200.0,845.0,169000.0,2024-11-25
2024112503016661,BFC,65,94,224.0,845.0,189280.0,2024-11-25
2024112503016660,BFC,65,89,300.0,844.5,253350.0,2024-11-25
2024112503016659,BFC,65,11,50.0,844.5,42225.0,2024-11-25
2024112503016658,BFC,65,10,200.0,844.5,168900.0,2024-11-25
2024112503016657,BFC,65,10,348.0,844.5,293886.0,2024-11-25
2024112503016656,BFC,65,13,50.0,844.5,42225.0,2024-11-25
2024112503016655,BFC,65,22,50.0,844.5,42225.0,2024-11-25
2024112503016654,BFC,65,58,100.0,844.5,84450.0,2024-11-25
2024112503016653,BFC,65,49,500.0,844.4,422200.0,2024-11-25
2024112503016652,BFC,65,60,1000.0,844.0,844000.0,2024-11-25
2024112503016651,BFC,65,58,500.0,844.0,422000.0,2024-11-25
2024112503016650,BFC,65,43,10.0,844.0,8440.0,2024-11-25
2024112503016649,BFC,65,25,35.0,844.0,29540.0,2024-11-25
2024112503016648,BFC,65,13,50.0,843.9,42195.0,2024-11-25
2024112503016647,BFC,65,45,175.0,843.5,147612.5,2024-11-25
2024112503016646,BFC,65,58,500.0,843.5,421750.0,2024-11-25
2024112503016645,BFC,65,66,100.0,843.5,84350.0,2024-11-25
2024112503016644,BFC,65,49,1000.0,843.0,843000.0,2024-11-25
2024112503016643,BFC,65,19,200.0,842.7,168540.0,2024-11-25
2024112503016642,BFC,65,49,12.0,842.5,10110.0,2024-11-25
2024112503016641,BFC,65,51,70.0,842.5,58975.0,2024-11-25
2024112503016640,BFC,65,58,44.0,842.5,37070.0,2024-11-25
2024112503016639,BFC,65,45,150.0,842.0,126300.0,2024-11-25
2024112503016638,BFC,65,3,177.0,842.0,149034.0,2024-11-25
2024112503016637,BFC,65,49,50.0,842.0,42100.0,2024-11-25
2024112503016636,BFC,65,55,155.0,842.0,130510.0,2024-11-25
2024112503016635,BFC,65,42,500.0,842.0,421000.0,2024-11-25
2024112503016634,BFC,65,14,380.0,842.0,319960.0,2024-11-25
2024112503016633,BFC,65,58,100.0,842.0,84200.0,2024-11-25
2024112503016632,BFC,65,56,500.0,842.0,421000.0,2024-11-25
2024112503016631,BFC,65,88,100.0,841.6,84160.0,2024-11-25
2024112503016630,BFC,65,33,100.0,841.5,84150.0,2024-11-25
2024112503016629,BFC,65,6,300.0,841.5,252450.0,2024-11-25
2024112503016628,BFC,65,35,96.0,841.5,80784.0,2024-11-25
2024112503016627,BFC,65,57,150.0,841.5,126225.0,2024-11-25
2024112503016626,BFC,65,22,390.0,841.5,328185.0,2024-11-25
2024112503016625,BFC,65,57,100.0,841.5,84150.0,2024-11-25
2024112503016624,BFC,65,38,10.0,841.5,8415.0,2024-11-25
2024112503016623,BFC,65,53,10.0,841.5,8415.0,2024-11-25
2024112503016622,BFC,65,49,300.0,841.0,252300.0,2024-11-25
2024112503016621,BFC,65,98,200.0,841.0,168200.0,2024-11-25
2024112503016620,BFC,65,59,884.0,841.0,743444.0,2024-11-25
2024112503016619,BFC,65,50,1000.0,841.0,841000.0,2024-11-25
2024112503016618,BFC,65,34,100.0,841.0,84100.0,2024-11-25
2024112503016617,BFC,65,49,149.0,841.0,125309.0,2024-11-25
2024112503016616,BFC,65,6,50.0,841.0,42050.0,2024-11-25
2024112503016615,BFC,65,42,110.0,840.4,92444.0,2024-11-25
2024112503016614,BFC,65,22,400.0,840.0,336000.0,2024-11-25
2024112503016613,BFC,65,13,100.0,840.0,84000.0,2024-11-25
2024112503016612,BFC,65,48,20.0,840.0,16800.0,2024-11-25
2024112503016611,BFC,65,25,10.0,840.0,8400.0,2024-11-25
2024112503016610,BFC,65,13,500.0,840.0,420000.0,2024-11-25
2024112503016609,BFC,65,58,10.0,840.0,8400.0,2024-11-25
2024112503016608,BFC,65,14,100.0,840.0,84000.0,2024-11-25
2024112503016607,BFC,65,42,150.0,840.0,126000.0,2024-11-25
2024112503016606,BFC,65,14,200.0,840.0,168000.0,2024-11-25
2024112503016605,BFC,65,56,10.0,840.0,8400.0,2024-11-25
2024112503016604,BFC,65,34,100.0,840.0,84000.0,2024-11-25
2024112503016603,BFC,65,11,500.0,840.0,420000.0,2024-11-25
2024112503016602,BFC,65,57,200.0,840.0,168000.0,2024-11-25
2024112503016601,BFC,65,51,24.0,840.0,20160.0,2024-11-25
2024112503016600,BFC,65,44,250.0,840.0,210000.0,2024-11-25
2024112503016599,BFC,65,54,200.0,840.0,168000.0,2024-11-25
2024112503016598,BFC,65,6,35.0,840.0,29400.0,2024-11-25
2024112503016597,BFC,65,49,100.0,840.0,84000.0,2024-11-25
2024112503016596,BFC,65,46,100.0,840.0,84000.0,2024-11-25
2024112503016595,BFC,65,42,100.0,840.0,84000.0,2024-11-25
2024112503016594,BFC,65,58,200.0,840.0,168000.0,2024-11-25
2024112503016593,BFC,65,35,100.0,840.0,84000.0,2024-11-25
2024112503016592,BFC,65,80,100.0,840.0,84000.0,2024-11-25
2024112503016591,BFC,65,56,200.0,839.9,167980.0,2024-11-25
2024112503016590,BFC,65,68,1900.0,839.9,1595810.0,2024-11-25
2024112503016589,BFC,65,49,100.0,839.5,83950.0,2024-11-25
2024112503016588,BFC,65,56,50.0,839.5,41975.0,2024-11-25
2024112503016587,BFC,65,57,1500.0,839.4,1259100.0,2024-11-25
2024112503016586,BFC,65,50,10.0,839.4,8394.0,2024-11-25
2024112503016585,BFC,65,8,200.0,839.4,167880.0,2024-11-25
2024112503016584,BFC,65,3,24.0,839.4,20145.6,2024-11-25
2024112503016583,BFC,65,51,100.0,839.4,83940.0,2024-11-25
2024112503016582,BFC,65,51,97.0,839.4,81421.8,2024-11-25
2024112503016581,BFC,65,49,200.0,839.0,167800.0,2024-11-25
2024112503016580,BFC,65,38,500.0,839.0,419500.0,2024-11-25
2024112503016579,BFC,65,85,1000.0,839.0,839000.0,2024-11-25
2024112503016578,BFC,65,49,50.0,839.0,41950.0,2024-11-25
2024112503016577,BFC,65,26,25.0,839.0,20975.0,2024-11-25
2024112503016576,BFC,65,34,100.0,839.0,83900.0,2024-11-25
2024112503016575,BFC,65,7,100.0,839.0,83900.0,2024-11-25
2024112503016574,BFC,65,57,100.0,839.0,83900.0,2024-11-25
2024112503016573,BFC,65,56,250.0,839.0,209750.0,2024-11-25
2024112503016572,BFC,65,58,50.0,839.0,41950.0,2024-11-25
2024112503016571,BFC,65,38,200.0,839.0,167800.0,2024-11-25
2024112503016570,BFC,65,14,200.0,839.0,167800.0,2024-11-25
2024112503016569,BFC,65,32,500.0,839.0,419500.0,2024-11-25
2024112503016568,BFC,65,34,100.0,838.6,83860.0,2024-11-25
2024112503016567,BFC,65,57,150.0,838.0,125700.0,2024-11-25
2024112503016566,BFC,65,42,540.0,838.0,452520.0,2024-11-25
2024112503016565,BFC,65,33,1000.0,838.0,838000.0,2024-11-25
2024112503016564,BFC,65,6,482.0,838.0,403916.0,2024-11-25
2024112503016563,BFC,65,81,2000.0,838.0,1676000.0,2024-11-25
2024112503016562,BFC,65,41,153.0,838.0,128214.0,2024-11-25
2024112503016561,BFC,65,42,50.0,838.0,41900.0,2024-11-25
2024112503016560,BFC,65,42,500.0,838.0,419000.0,2024-11-25
2024112503016559,BFC,65,49,100.0,838.0,83800.0,2024-11-25
2024112503016558,BFC,65,8,100.0,836.1,83610.0,2024-11-25
2024112503016557,BFC,65,57,75.0,836.0,62700.0,2024-11-25
2024112503016556,BFC,65,7,200.0,835.1,167020.0,2024-11-25
2024112503016555,BFC,65,7,100.0,835.1,83510.0,2024-11-25
2024112503016554,BFC,65,33,1000.0,835.0,835000.0,2024-11-25
2024112503016553,BFC,65,45,100.0,835.0,83500.0,2024-11-25
2024112503016552,BFC,65,40,100.0,835.0,83500.0,2024-11-25
2024112503016551,BFC,65,38,400.0,835.0,334000.0,2024-11-25
2024112503016550,BFC,65,54,200.0,835.0,167000.0,2024-11-25
2024112503016549,BFC,65,42,10.0,835.0,8350.0,2024-11-25
2024112503016548,BFC,65,56,20.0,835.0,16700.0,2024-11-25
2024112503016547,BFC,65,67,300.0,835.0,250500.0,2024-11-25
2024112503016546,BFC,65,58,15.0,835.0,12525.0,2024-11-25
2024112503016545,BFC,65,99,200.0,833.0,166600.0,2024-11-25
2024112503016544,BFC,65,43,1000.0,832.0,832000.0,2024-11-25
2024112503016543,BFC,65,1,700.0,832.0,582400.0,2024-11-25
2024112503016542,BFC,65,6,50.0,831.0,41550.0,2024-11-25
2024112503016541,BFC,65,54,25.0,831.0,20775.0,2024-11-25
2024112503016540,BFC,65,32,40.0,830.9,33236.0,2024-11-25
2024112503016539,BFC,65,22,200.0,830.8,166160.0,2024-11-25
2024112503016538,BFC,65,58,200.0,830.0,166000.0,2024-11-25
2024112503016537,BFC,65,41,50.0,830.0,41500.0,2024-11-25
2024112503016536,BFC,65,11,50.0,830.0,41500.0,2024-11-25
2024112503016535,BFC,65,48,320.0,830.0,265600.0,2024-11-25
2024112503016534,BFC,65,52,50.0,830.0,41500.0,2024-11-25
2024112503016533,BFC,65,41,40.0,830.0,33200.0,2024-11-25
2024112503016532,BFC,65,80,100.0,830.0,83000.0,2024-11-25
2024112503016531,BFC,65,81,200.0,830.0,166000.0,2024-11-25
2024112503016530,BFC,65,49,100.0,830.0,83000.0,2024-11-25
2024112503016529,BFC,65,36,100.0,830.0,83000.0,2024-11-25
2024112503016528,BFC,65,46,10.0,830.0,8300.0,2024-11-25
2024112503016527,BFC,65,34,100.0,830.0,83000.0,2024-11-25
2024112503016526,BFC,65,51,100.0,830.0,83000.0,2024-11-25
2024112503016525,BFC,65,21,150.0,830.0,124500.0,2024-11-25
2024112503016524,BFC,65,49,500.0,830.0,415000.0,2024-11-25
2024112503016523,BFC,65,42,100.0,830.0,83000.0,2024-11-25
2024112503016522,BFC,65,46,60.0,830.0,49800.0,2024-11-25
2024112503016521,BFC,65,51,100.0,829.9,82990.0,2024-11-25
2024112503016520,BFC,65,58,10.0,828.0,8280.0,2024-11-25
2024112503016519,BFC,65,44,40.0,828.0,33120.0,2024-11-25
2024112503016518,BFC,65,21,100.0,827.0,82700.0,2024-11-25
2024112503016517,BFC,65,50,90.0,825.0,74250.0,2024-11-25
2024112503016516,BFC,65,45,19.0,825.0,15675.0,2024-11-25
2024112503016515,BFC,65,45,60.0,825.0,49500.0,2024-11-25
2024112503016514,BFC,65,56,30.0,825.0,24750.0,2024-11-25
2024112503016513,BFC,65,52,500.0,825.0,412500.0,2024-11-25
2024112503016512,BFC,65,26,250.0,825.0,206250.0,2024-11-25
2024112503016511,BFC,65,52,500.0,825.0,412500.0,2024-11-25
2024112503016510,BFC,65,34,70.0,825.0,57750.0,2024-11-25
2024112503016509,BFC,65,51,100.0,823.0,82300.0,2024-11-25
2024112503016508,BFC,65,58,100.0,823.0,82300.0,2024-11-25
2024112503016507,BFC,65,6,100.0,823.0,82300.0,2024-11-25
2024112503016506,BFC,65,41,10.0,823.0,8230.0,2024-11-25
2024112503016505,BFC,65,45,215.0,823.0,176945.0,2024-11-25
2024112503016504,BFC,65,39,83.0,822.3,68250.9,2024-11-25
2024112505013088,NIFRA,57,44,64.0,269.0,17216.0,2024-11-25
2024112505013087,HATHY,69,58,152.0,1570.0,238640.0,2024-11-25
2024112505013086,HATHY,69,35,22.0,1570.0,34540.0,2024-11-25
2024112505013085,HATHY,69,4,598.0,1569.7,938680.6,2024-11-25
2024112505013084,HATHY,69,58,21.0,1569.1,32951.1,2024-11-25
2024112505013083,HATHY,69,21,10.0,1569.0,15690.0,2024-11-25
2024112505013082,HATHY,69,52,338.0,1568.0,529984.0,2024-11-25
2024112505013081,HATHY,69,17,155.0,1567.0,242885.0,2024-11-25
2024112505013080,HATHY,69,58,22.0,1566.0,34452.0,2024-11-25
2024112505013079,HATHY,69,8,60.0,1565.0,93900.0,2024-11-25
2024112505013078,HATHY,69,40,200.0,1565.0,313000.0,2024-11-25
2024112505013077,HATHY,69,58,758.0,1565.0,1186270.0,2024-11-25
2024112505013076,HATHY,69,55,22.0,1564.0,34408.0,2024-11-25
2024112505013075,HATHY,69,5,50.0,1560.0,78000.0,2024-11-25
2024112505013074,HATHY,69,5,200.0,1560.0,312000.0,2024-11-25
2024112505013073,HATHY,69,11,350.0,1560.0,546000.0,2024-11-25
2024112505013072,HATHY,69,16,100.0,1560.0,156000.0,2024-11-25
2024112505013071,HATHY,69,5,200.0,1559.0,311800.0,2024-11-25
2024112505013070,HATHY,69,25,22.0,1556.0,34232.0,2024-11-25
2024112505013069,HATHY,69,16,100.0,1556.0,155600.0,2024-11-25
2024112505013068,HATHY,69,39,50.0,1555.9,77795.0,2024-11-25
2024112505013067,HATHY,69,4,1258.0,1555.0,1956190.0,2024-11-25
2024112505013066,HATHY,69,14,10.0,1554.0,15540.0,2024-11-25
2024112505013065,HATHY,69,38,12.0,1554.0,18648.0,2024-11-25
2024112505013064,HATHY,69,58,80.0,1552.0,124160.0,2024-11-25
2024112505013063,HATHY,69,33,20.0,1551.0,31020.0,2024-11-25
2024112505013062,HATHY,69,38,158.0,1550.0,244900.0,2024-11-25
2024112505013061,HATHY,69,21,100.0,1550.0,155000.0,2024-11-25
2024112505013060,HATHY,69,16,392.0,1550.0,607600.0,2024-11-25
2024112505013059,HATHY,69,18,40.0,1549.9,61996.0,2024-11-25
2024112503016503,GFCL,71,28,10.0,954.0,9540.0,2024-11-25
2024112503016502,BFC,71,39,10.0,822.3,8223.0,2024-11-25
2024112501018259,SBL,50,67,50.0,326.0,16300.0,2024-11-25
2024112503016501,KRBL,58,57,500.0,845.0,422500.0,2024-11-25
2024112503016500,KRBL,32,57,50.0,845.0,42250.0,2024-11-25
2024112504017221,NGPL,57,34,39.0,494.1,19269.9,2024-11-25
2024112504017220,NGPL,57,37,940.0,494.1,464454.0,2024-11-25
2024112504017219,NGPL,57,55,21.0,494.1,10376.1,2024-11-25
2024112501018258,RFPL,8,49,90.0,839.9,75591.0,2024-11-25
2024112501018257,RFPL,8,22,10.0,839.0,8390.0,2024-11-25
2024112503016499,JSLBB,99,52,10.0,1612.0,16120.0,2024-11-25
2024112503016498,JSLBB,99,49,40.0,1569.0,62760.0,2024-11-25
2024112501018256,TVCL,34,48,20.0,503.0,10060.0,2024-11-25
2024112501018255,TVCL,34,45,30.0,502.0,15060.0,2024-11-25
2024112501018254,PPL,35,49,10.0,517.0,5170.0,2024-11-25
2024112504017218,AKPL,35,16,300.0,255.0,76500.0,2024-11-25
2024112501018253,MKHL,26,25,10.0,594.8,5948.0,2024-11-25
2024112503016497,SINDU,49,41,10.0,842.4,8424.0,2024-11-25
2024112504017217,NGPL,38,55,19.0,494.1,9387.9,2024-11-25
2024112505013058,MBJC,14,42,20.0,375.5,7510.0,2024-11-25
2024112503016496,NICLBSL,32,38,50.0,706.3,35315.0,2024-11-25
2024112505013057,NRM,14,41,10.0,463.9,4639.0,2024-11-25
2024112505013056,HDL,51,29,25.0,1305.0,32625.0,2024-11-25
2024112505013055,SAHAS,22,58,250.0,512.9,128225.0,2024-11-25
2024112503016495,JFL,41,16,124.0,1006.9,124855.6,2024-11-25
2024112504017216,API,38,45,170.0,288.2,48994.0,2024-11-25
2024112504017215,API,58,45,30.0,288.5,8655.0,2024-11-25
2024112503016494,NFS,41,45,500.0,1458.0,729000.0,2024-11-25
2024112501018252,TSHL,70,28,400.0,1147.0,458800.0,2024-11-25
2024112501018251,TSHL,70,41,146.0,1145.0,167170.0,2024-11-25
2024112501018250,TSHL,70,4,90.0,1145.0,103050.0,2024-11-25
2024112501018249,TSHL,70,41,250.0,1130.0,282500.0,2024-11-25
2024112501018248,TSHL,70,72,10.0,1031.2,10312.0,2024-11-25
2024112501018247,TSHL,70,39,100.0,1021.0,102100.0,2024-11-25
2024112501018246,TSHL,70,34,10.0,1021.0,10210.0,2024-11-25
2024112501018245,TSHL,70,34,10.0,1020.9,10209.0,2024-11-25
2024112501018244,TSHL,70,42,10.0,1020.0,10200.0,2024-11-25
2024112501018243,TSHL,70,6,300.0,1020.0,306000.0,2024-11-25
2024112501018242,TSHL,70,42,100.0,1020.0,102000.0,2024-11-25
2024112501018241,TSHL,70,8,10.0,1019.0,10190.0,2024-11-25
2024112501018240,TSHL,70,7,10.0,1004.1,10041.0,2024-11-25
2024112501018239,TSHL,70,52,10.0,1000.0,10000.0,2024-11-25
2024112501018238,TSHL,70,46,10.0,1000.0,10000.0,2024-11-25
2024112501018237,TSHL,70,6,488.0,999.9,487951.2,2024-11-25
2024112501018236,TSHL,70,19,20.0,999.3,19986.0,2024-11-25
2024112501018235,TSHL,70,57,225.0,998.0,224550.0,2024-11-25
2024112501018234,TSHL,70,58,200.0,982.2,196440.0,2024-11-25
2024112501018233,TSHL,70,19,50.0,982.1,49105.0,2024-11-25
2024112501018232,TSHL,70,19,100.0,982.1,98210.0,2024-11-25
2024112501018231,TSHL,70,8,200.0,982.0,196400.0,2024-11-25
2024112501018230,TSHL,70,45,50.0,980.0,49000.0,2024-11-25
2024112501018229,TSHL,70,50,50.0,980.0,49000.0,2024-11-25
2024112501018228,TSHL,70,42,42.0,980.0,41160.0,2024-11-25
2024112501018227,TSHL,70,6,160.0,979.9,156784.0,2024-11-25
2024112501018226,TSHL,70,19,50.0,979.8,48990.0,2024-11-25
2024112501018225,TSHL,70,19,50.0,979.5,48975.0,2024-11-25
2024112501018224,TSHL,70,57,50.0,979.0,48950.0,2024-11-25
2024112501018223,TSHL,70,44,200.0,963.0,192600.0,2024-11-25
2024112501018222,TSHL,70,56,500.0,963.0,481500.0,2024-11-25
2024112501018221,TSHL,70,56,15.0,963.0,14445.0,2024-11-25
2024112501018220,NYADI,58,96,30.0,334.0,10020.0,2024-11-25
2024112501018219,NYADI,58,42,10.0,333.0,3330.0,2024-11-25
2024112501018218,NYADI,58,36,100.0,333.0,33300.0,2024-11-25
2024112501018217,NYADI,58,67,10.0,333.0,3330.0,2024-11-25
2024112501018216,NYADI,58,44,10.0,333.0,3330.0,2024-11-25
2024112501018215,ANLB,39,4,11.0,5111.2,56223.2,2024-11-25
2024112503016493,CFCL,7,4,250.0,690.0,172500.0,2024-11-25
2024112503016492,GUFL,7,42,10.0,758.0,7580.0,2024-11-25
2024112505013054,HIDCL,14,32,105.0,261.0,27405.0,2024-11-25
2024112505013053,ILI,62,39,10.0,486.0,4860.0,2024-11-25
2024112503016491,HLI,62,51,120.0,472.9,56748.0,2024-11-25
2024112503016490,HLI,62,41,90.0,472.0,42480.0,2024-11-25
2024112501018214,SMHL,38,44,190.0,923.0,175370.0,2024-11-25
2024112503016489,NFS,41,42,250.0,1458.0,364500.0,2024-11-25
2024112503016488,USLB,64,47,10.0,1639.0,16390.0,2024-11-25
2024112503016487,USLB,64,19,20.0,1615.0,32300.0,2024-11-25
2024112501018213,CYCL,60,59,10.0,1703.9,17039.0,2024-11-25
2024112505013052,HATHY,42,57,40.0,1543.1,61724.0,2024-11-25
2024112505013051,HATHY,39,57,70.0,1543.1,108017.0,2024-11-25
2024112504017214,CHCL,57,1,100.0,588.0,58800.0,2024-11-25
2024112501018212,MMKJL,75,20,10.0,656.0,6560.0,2024-11-25
2024112504017213,RADHI,93,14,10.0,389.0,3890.0,2024-11-25
2024112503016486,HLBSL,34,7,150.0,1009.0,151350.0,2024-11-25
2024112501018211,MLBS,34,52,10.0,2225.0,22250.0,2024-11-25
2024112504017212,NGPL,34,55,30.0,494.1,14823.0,2024-11-25
2024112505013050,NRN,34,47,20.0,1002.0,20040.0,2024-11-25
2024112505013049,MBJC,3,3,260.0,375.1,97526.0,2024-11-25
2024112504017211,UPPER,33,55,246.0,212.7,52324.2,2024-11-25
2024112504017210,UPPER,33,55,200.0,212.5,42500.0,2024-11-25
2024112504017209,UPPER,33,59,68.0,212.5,14450.0,2024-11-25
2024112504017208,UPPER,33,57,114.0,212.5,24225.0,2024-11-25
2024112504017207,UPPER,33,46,100.0,212.5,21250.0,2024-11-25
2024112504017206,UPPER,33,44,272.0,212.5,57800.0,2024-11-25
2024112501018210,EBL,81,58,22.0,609.0,13398.0,2024-11-25
2024112501018209,EBL,81,11,10.0,608.9,6089.0,2024-11-25
2024112501018208,EBL,81,48,10.0,608.0,6080.0,2024-11-25
2024112501018207,EBL,81,45,80.0,607.0,48560.0,2024-11-25
2024112501018206,EBL,81,7,210.0,606.9,127449.0,2024-11-25
2024112501018205,EBL,81,29,65.0,605.0,39325.0,2024-11-25
2024112501018204,EBL,81,58,350.0,605.0,211750.0,2024-11-25
2024112501018203,EBL,81,35,30.0,605.0,18150.0,2024-11-25
2024112501018202,EBL,81,34,90.0,605.0,54450.0,2024-11-25
2024112501018201,EBL,81,13,200.0,604.0,120800.0,2024-11-25
2024112501018200,EBL,81,7,45.0,604.0,27180.0,2024-11-25
2024112501018199,EBL,81,28,38.0,604.0,22952.0,2024-11-25
2024112503016485,SLBSL,41,32,10.0,1717.9,17179.0,2024-11-25
2024112504017205,RIDI,22,8,250.0,236.0,59000.0,2024-11-25
2024112503016484,SFCL,36,22,10.0,796.0,7960.0,2024-11-25
2024112503016483,MLBSL,20,38,174.0,2311.0,402114.0,2024-11-25
2024112503016482,MLBSL,58,38,40.0,2312.0,92480.0,2024-11-25
2024112503016481,MLBSL,13,38,86.0,2313.0,198918.0,2024-11-25
2024112501018198,MCHL,38,28,66.0,606.0,39996.0,2024-11-25
2024112501018197,MCHL,38,1,100.0,605.9,60590.0,2024-11-25
2024112501018196,MCHL,38,57,100.0,605.0,60500.0,2024-11-25
2024112501018195,MCHL,38,43,100.0,605.0,60500.0,2024-11-25
2024112501018194,MCHL,38,45,200.0,604.9,120980.0,2024-11-25
2024112501018193,MCHL,38,1,100.0,599.7,59970.0,2024-11-25
2024112501018192,MCHL,38,43,200.0,599.3,119860.0,2024-11-25
2024112501018191,MCHL,38,3,99.0,599.2,59320.8,2024-11-25
2024112501018190,MCHL,38,4,100.0,599.0,59900.0,2024-11-25
2024112501018189,MCHL,38,45,25.0,596.7,14917.5,2024-11-25
2024112501018188,MCHL,38,1,100.0,596.0,59600.0,2024-11-25
2024112501018187,MCHL,38,1,100.0,590.0,59000.0,2024-11-25
2024112501018186,MCHL,38,69,100.0,590.0,59000.0,2024-11-25
2024112501018185,MCHL,38,1,100.0,590.0,59000.0,2024-11-25
2024112501018184,MCHL,38,37,10.0,590.0,5900.0,2024-11-25
2024112501018183,GBIME,38,34,10.0,235.5,2355.0,2024-11-25
2024112505013048,HATHY,25,18,20.0,1549.9,30998.0,2024-11-25
2024112505013047,RNLI,44,38,10.0,509.0,5090.0,2024-11-25
2024112501018182,PPL,86,25,13.0,516.0,6708.0,2024-11-25
2024112501018181,PPL,86,34,40.0,515.0,20600.0,2024-11-25
2024112501018180,PPL,86,47,10.0,510.1,5101.0,2024-11-25
2024112504017204,NGPL,39,55,100.0,494.1,49410.0,2024-11-25
2024112501018179,KBL,56,49,10.0,220.0,2200.0,2024-11-25
2024112501018178,SPC,49,34,10.0,534.7,5347.0,2024-11-25
2024112504017203,UNHPL,49,38,10.0,282.5,2825.0,2024-11-25
2024112503016480,JFL,41,59,50.0,1006.9,50345.0,2024-11-25
2024112504017202,MEN,58,45,10.0,726.0,7260.0,2024-11-25
2024112501018177,LSL,14,62,500.0,251.0,125500.0,2024-11-25
2024112501018176,MBL,14,74,100.0,263.0,26300.0,2024-11-25
2024112501018175,AHL,42,34,20.0,700.0,14000.0,2024-11-25
2024112501018174,AHL,42,57,40.0,698.5,27940.0,2024-11-25
2024112501018173,AHL,42,34,150.0,697.0,104550.0,2024-11-25
2024112501018172,AHL,42,45,90.0,696.9,62721.0,2024-11-25
2024112505013046,BBC,36,13,10.0,4176.0,41760.0,2024-11-25
2024112501018171,MKHC,13,7,10.0,415.0,4150.0,2024-11-25
2024112504017201,NGPL,34,55,10.0,494.1,4941.0,2024-11-25
2024112501018170,SRLI,34,34,100.0,445.0,44500.0,2024-11-25
2024112503016479,BFC,65,33,608.0,822.2,499897.6,2024-11-25
2024112503016478,BFC,65,33,392.0,822.2,322302.4,2024-11-25
2024112501018169,NIMB,29,8,21.0,227.9,4785.9,2024-11-25
2024112501018168,NIMB,29,43,87.0,227.0,19749.0,2024-11-25
2024112501018167,NIMB,29,19,12.0,227.0,2724.0,2024-11-25
2024112505013045,NRN,14,47,10.0,1002.0,10020.0,2024-11-25
2024112504017200,HURJA,32,14,20.0,239.3,4786.0,2024-11-25
2024112503016477,LBBL,14,84,12.0,493.0,5916.0,2024-11-25
2024112503016476,NFS,41,17,160.0,1458.0,233280.0,2024-11-25
2024112503016475,SWMF,57,56,50.0,813.0,40650.0,2024-11-25
2024112503016474,SIFC,14,25,100.0,673.0,67300.0,2024-11-25
2024112503016473,SFCL,36,45,90.0,796.0,71640.0,2024-11-25
2024112504017199,UMRH,58,45,111.0,534.0,59274.0,2024-11-25
2024112504017198,UMRH,13,45,100.0,534.2,53420.0,2024-11-25
2024112504017197,UMRH,52,45,30.0,535.0,16050.0,2024-11-25
2024112505013044,CHDC,86,39,59.0,1647.0,97173.0,2024-11-25
2024112505013043,NRIC,19,39,33.0,790.0,26070.0,2024-11-25
2024112505013042,NRIC,19,49,10.0,790.0,7900.0,2024-11-25
2024112505013041,NRIC,19,34,57.0,790.0,45030.0,2024-11-25
2024112503016472,PMLI,21,42,10.0,558.0,5580.0,2024-11-25
2024112504017196,SJCL,21,26,500.0,370.0,185000.0,2024-11-25
2024112503016471,GFCL,45,32,50.0,943.0,47150.0,2024-11-25
2024112503016470,GFCL,48,32,39.0,943.0,36777.0,2024-11-25
2024112503016469,GFCL,42,32,100.0,944.0,94400.0,2024-11-25
2024112504017195,AKPL,32,16,500.0,255.0,127500.0,2024-11-25
2024112505013040,VLUCL,85,69,477.0,649.5,309811.5,2024-11-25
2024112505013039,SHIVM,44,38,150.0,578.0,86700.0,2024-11-25
2024112504017194,SGIC,19,72,120.0,705.0,84600.0,2024-11-25
2024112503016468,JFL,41,8,20.0,1006.9,20138.0,2024-11-25
2024112505013038,NRN,3,36,100.0,1000.0,100000.0,2024-11-25
2024112505013037,NRN,49,36,100.0,1000.0,100000.0,2024-11-25
2024112504017193,BPCL,32,13,53.0,438.5,23240.5,2024-11-25
2024112503016467,BFC,65,51,200.0,822.2,164440.0,2024-11-25
2024112504017192,SHPC,45,3,410.0,566.0,232060.0,2024-11-25
2024112501018166,PRVU,41,34,50.0,233.1,11655.0,2024-11-25
2024112503016466,DDBL,33,55,30.0,893.0,26790.0,2024-11-25
2024112505013036,HATHY,39,17,30.0,1543.1,46293.0,2024-11-25
2024112505013035,VLUCL,58,38,10.0,650.0,6500.0,2024-11-25
2024112505013034,VLUCL,42,38,80.0,650.0,52000.0,2024-11-25
2024112505013033,VLUCL,52,38,10.0,650.6,6506.0,2024-11-25
2024112501018165,SAMAJ,38,7,49.0,3695.0,181055.0,2024-11-25
2024112501018164,SAMAJ,38,50,11.0,3695.0,40645.0,2024-11-25
2024112501018163,SAMAJ,38,49,10.0,3693.9,36939.0,2024-11-25
2024112501018162,SAMAJ,38,34,10.0,3692.0,36920.0,2024-11-25
2024112501018161,SAMAJ,38,35,10.0,3670.0,36700.0,2024-11-25
2024112501018160,SAMAJ,38,28,10.0,3670.0,36700.0,2024-11-25
2024112503016465,NFS,41,45,10.0,1458.0,14580.0,2024-11-25
2024112505013032,GCIL,45,33,10.0,482.0,4820.0,2024-11-25
2024112501018159,MKJC,39,28,103.0,525.0,54075.0,2024-11-25
2024112501018158,MKJC,39,67,100.0,525.0,52500.0,2024-11-25
2024112501018157,MKJC,39,52,20.0,525.0,10500.0,2024-11-25
2024112501018156,MKJC,39,67,100.0,524.0,52400.0,2024-11-25
2024112501018155,MKJC,39,19,20.0,523.9,10478.0,2024-11-25
2024112501018154,MKJC,39,19,20.0,523.9,10478.0,2024-11-25
2024112501018153,MKJC,39,41,107.0,523.0,55961.0,2024-11-25
2024112501018152,MKJC,39,38,300.0,522.9,156870.0,2024-11-25
2024112501018151,MKJC,39,19,20.0,522.9,10458.0,2024-11-25
2024112501018150,MKJC,39,59,10.0,522.9,5229.0,2024-11-25
2024112503016464,JFL,41,53,10.0,1006.9,10069.0,2024-11-25
2024112501018149,PCBL,19,26,10.0,271.0,2710.0,2024-11-25
2024112503016463,PROFL,49,57,50.0,712.9,35645.0,2024-11-25
2024112504017191,SHEL,38,58,50.0,257.0,12850.0,2024-11-25
2024112504017190,SHEL,29,58,500.0,257.0,128500.0,2024-11-25
2024112504017189,NGPL,58,55,70.0,494.1,34587.0,2024-11-25
2024112504017188,NGPL,58,6,130.0,494.1,64233.0,2024-11-25
2024112504017187,TRH,58,74,250.0,1145.0,286250.0,2024-11-25
2024112504017186,TRH,58,47,20.0,1145.0,22900.0,2024-11-25
2024112504017185,TRH,58,40,150.0,1144.0,171600.0,2024-11-25
2024112504017184,TRH,58,6,50.0,1140.0,57000.0,2024-11-25
2024112504017183,TRH,58,41,10.0,1140.0,11400.0,2024-11-25
2024112504017182,TRH,58,48,20.0,1139.0,22780.0,2024-11-25
2024112505013031,SAHAS,44,32,460.0,511.0,235060.0,2024-11-25
2024112505013030,SAHAS,41,32,60.0,512.0,30720.0,2024-11-25
2024112505013029,SAHAS,49,32,100.0,512.0,51200.0,2024-11-25
2024112505013028,SAHAS,29,32,500.0,512.0,256000.0,2024-11-25
2024112505013027,SAHAS,55,32,380.0,512.0,194560.0,2024-11-25
2024112501018148,MMKJL,7,20,500.0,656.1,328050.0,2024-11-25
2024112501018147,MMKJL,80,20,27.0,658.0,17766.0,2024-11-25
2024112503016462,NFS,41,44,100.0,1458.0,145800.0,2024-11-25
2024112501018146,BNHC,48,11,10.0,517.0,5170.0,2024-11-25
2024112501018145,KBL,42,67,1.0,220.0,220.0,2024-11-25
2024112501018144,KBL,42,57,49.0,220.0,10780.0,2024-11-25
2024112501018143,KBL,58,57,201.0,220.0,44220.0,2024-11-25
2024112501018142,KBL,25,57,50.0,220.1,11005.0,2024-11-25
2024112504017181,HPPL,80,99,610.0,388.1,236741.0,2024-11-25
2024112504017180,HPPL,45,99,20.0,388.2,7764.0,2024-11-25
2024112504017179,HPPL,33,99,20.0,389.0,7780.0,2024-11-25
2024112504017178,SHPC,45,55,390.0,566.0,220740.0,2024-11-25
2024112504017177,NLG,6,29,100.0,948.0,94800.0,2024-11-25
2024112504017176,PRIN,56,58,10.0,974.9,9749.0,2024-11-25
2024112504017175,PRIN,56,58,10.0,974.9,9749.0,2024-11-25
2024112503016461,SFCL,45,58,20.0,797.0,15940.0,2024-11-25
2024112503016460,SFCL,45,13,60.0,797.0,47820.0,2024-11-25
2024112501018141,PRVU,46,53,10.0,233.0,2330.0,2024-11-25
2024112503016459,PFL,19,33,200.0,740.0,148000.0,2024-11-25
2024112503016458,NFS,41,49,100.0,1458.0,145800.0,2024-11-25
2024112505013026,ILI,39,98,132.0,485.2,64046.4,2024-11-25
2024112505013025,ILI,56,98,10.0,485.3,4853.0,2024-11-25
2024112505013024,ILI,48,98,30.0,485.3,14559.0,2024-11-25
2024112505013023,ILI,44,98,100.0,485.5,48550.0,2024-11-25
2024112505013022,ILI,5,98,120.0,485.5,58260.0,2024-11-25
2024112505013021,ILI,35,98,168.0,485.6,81580.8,2024-11-25
2024112503016457,ALICL,62,41,10.0,735.0,7350.0,2024-11-25
2024112505013020,PHCL,65,65,400.0,544.9,217960.0,2024-11-25
2024112503016456,JFL,41,52,200.0,1006.9,201380.0,2024-11-25
2024112503016455,JFL,41,52,79.0,1006.9,79545.1,2024-11-25
2024112503016454,CORBL,42,96,90.0,1361.0,122490.0,2024-11-25
2024112503016453,NADEP,66,43,10.0,1002.0,10020.0,2024-11-25
2024112503016452,NADEP,66,41,10.0,994.0,9940.0,2024-11-25
2024112504017174,NIL,11,57,25.0,915.0,22875.0,2024-11-25
2024112504017173,NIL,94,57,265.0,915.0,242475.0,2024-11-25
2024112503016451,HLBSL,3,7,10.0,1009.0,10090.0,2024-11-25
2024112503016450,NFS,41,42,10.0,1458.0,14580.0,2024-11-25
2024112503016449,NFS,41,42,55.0,1458.0,80190.0,2024-11-25
2024112503016448,NFS,41,45,50.0,1457.9,72895.0,2024-11-25
2024112503016447,NFS,41,70,300.0,1456.0,436800.0,2024-11-25
2024112503016446,NFS,41,70,100.0,1456.0,145600.0,2024-11-25
2024112503016445,NFS,41,38,127.0,1455.9,184899.3,2024-11-25
2024112503016444,NFS,41,62,30.0,1455.0,43650.0,2024-11-25
2024112503016443,NFS,41,58,135.0,1455.0,196425.0,2024-11-25
2024112503016442,NFS,41,4,34.0,1455.0,49470.0,2024-11-25
2024112503016441,NFS,41,63,440.0,1455.0,640200.0,2024-11-25
2024112501018140,MANDU,10,41,126.0,980.0,123480.0,2024-11-25
2024112501018139,MANDU,13,41,24.0,989.0,23736.0,2024-11-25
2024112504017172,NLG,6,49,61.0,948.0,57828.0,2024-11-25
2024112504017171,NLG,6,54,10.0,948.0,9480.0,2024-11-25
2024112504017170,NLG,6,29,120.0,948.0,113760.0,2024-11-25
2024112504017169,NLG,6,6,50.0,947.8,47390.0,2024-11-25
2024112504017168,NLG,6,57,40.0,947.7,37908.0,2024-11-25
2024112504017167,NLG,6,32,107.0,947.6,101393.2,2024-11-25
2024112504017166,NLG,6,10,50.0,947.5,47375.0,2024-11-25
2024112501018138,SRLI,69,6,100.0,444.1,44410.0,2024-11-25
2024112504017165,NHPC,5,1,162.0,222.0,35964.0,2024-11-25
2024112504017164,NHPC,5,38,48.0,222.0,10656.0,2024-11-25
2024112503016440,GMFIL,38,52,395.0,672.9,265795.5,2024-11-25
2024112503016439,GMFIL,38,59,80.0,672.9,53832.0,2024-11-25
2024112504017163,NLG,55,45,100.0,947.0,94700.0,2024-11-25
2024112503016438,SFCL,36,39,100.0,796.0,79600.0,2024-11-25
2024112503016437,NICLBSL,32,45,10.0,706.3,7063.0,2024-11-25
2024112501018137,CITY,77,6,70.0,910.0,63700.0,2024-11-25
2024112501018136,CITY,77,34,50.0,910.0,45500.0,2024-11-25
2024112501018135,CITY,77,38,10.0,910.0,9100.0,2024-11-25
2024112501018134,CITY,77,43,10.0,910.0,9100.0,2024-11-25
2024112501018133,CITY,77,43,10.0,910.0,9100.0,2024-11-25
2024112501018132,CITY,77,43,10.0,910.0,9100.0,2024-11-25
2024112501018131,CITY,77,43,10.0,910.0,9100.0,2024-11-25
2024112501018130,CITY,77,43,10.0,910.0,9100.0,2024-11-25
2024112501018129,CITY,77,49,10.0,910.0,9100.0,2024-11-25
2024112501018128,CITY,77,49,10.0,910.0,9100.0,2024-11-25
2024112501018127,CITY,77,45,10.0,908.0,9080.0,2024-11-25
2024112501018126,CITY,77,11,50.0,907.9,45395.0,2024-11-25
2024112501018125,CITY,77,59,100.0,907.0,90700.0,2024-11-25
2024112501018124,CITY,77,32,130.0,907.0,117910.0,2024-11-25
2024112501018123,CITY,77,49,10.0,905.9,9059.0,2024-11-25
2024112504017162,UPPER,58,49,196.0,212.0,41552.0,2024-11-25
2024112504017161,UPPER,17,49,959.0,212.0,203308.0,2024-11-25
2024112504017160,UPPER,47,49,100.0,212.1,21210.0,2024-11-25
2024112504017159,UPPER,50,49,1005.0,212.2,213261.0,2024-11-25
2024112504017158,UPPER,45,49,240.0,212.2,50928.0,2024-11-25
2024112504017157,UPPER,53,49,500.0,212.3,106150.0,2024-11-25
2024112503016436,RLFL,1,8,100.0,694.0,69400.0,2024-11-25
2024112503016435,RLFL,1,90,104.0,694.0,72176.0,2024-11-25
2024112503016434,RLFL,1,45,10.0,694.0,6940.0,2024-11-25
2024112501018122,MKCL,81,42,90.0,1643.0,147870.0,2024-11-25
2024112503016433,CORBL,71,96,10.0,1361.0,13610.0,2024-11-25
2024112504017156,SHPC,45,57,200.0,566.0,113200.0,2024-11-25
2024112501018121,SCB,14,34,110.0,764.0,84040.0,2024-11-25
2024112501018120,GBIME,42,35,19.0,235.4,4472.6,2024-11-25
2024112504017155,NLG,55,55,500.0,947.0,473500.0,2024-11-25
2024112501018119,HHL,16,65,50.0,496.0,24800.0,2024-11-25
2024112503016432,HLI,14,16,100.0,471.0,47100.0,2024-11-25
2024112501018118,MANDU,13,22,20.0,989.0,19780.0,2024-11-25
2024112503016431,CFCL,22,4,10.0,690.0,6900.0,2024-11-25
2024112503016430,JBBL,22,48,10.0,379.0,3790.0,2024-11-25
2024112501018117,SIKLES,28,38,63.0,762.0,48006.0,2024-11-25
2024112501018116,SIKLES,81,38,100.0,762.0,76200.0,2024-11-25
2024112505013019,MEL,77,42,10.0,309.0,3090.0,2024-11-25
2024112505013018,HRL,47,37,10.0,849.0,8490.0,2024-11-25
2024112503016429,NABBC,49,40,168.0,981.0,164808.0,2024-11-25
2024112503016428,NABBC,43,40,32.0,982.0,31424.0,2024-11-25
2024112505013017,PHCL,65,65,300.0,544.9,163470.0,2024-11-25
2024112503016427,SINDU,58,42,53.0,849.0,44997.0,2024-11-25
2024112504017154,UMRH,52,38,100.0,535.0,53500.0,2024-11-25
2024112504017153,UMRH,52,38,20.0,535.0,10700.0,2024-11-25
2024112501018115,MBL,52,57,200.0,264.0,52800.0,2024-11-25
2024112501018114,BEDC,43,57,50.0,554.4,27720.0,2024-11-25
2024112501018113,LSL,14,1,250.0,251.0,62750.0,2024-11-25
2024112501018112,LSL,22,1,100.0,251.1,25110.0,2024-11-25
2024112501018111,GBIME,42,5,35.0,235.2,8232.0,2024-11-25
2024112501018110,IHL,14,48,10.0,610.0,6100.0,2024-11-25
2024112501018109,KDL,34,51,10.0,1089.9,10899.0,2024-11-25
2024112503016426,NFS,10,63,50.0,1455.0,72750.0,2024-11-25
2024112503016425,NFS,10,94,50.0,1454.9,72745.0,2024-11-25
2024112504017152,SHL,52,6,200.0,561.0,112200.0,2024-11-25
2024112501018108,HIDCLP,17,26,10.0,174.0,1740.0,2024-11-25
2024112504017151,CHL,45,43,19.0,379.0,7201.0,2024-11-25
2024112503016424,HLI,19,54,50.0,470.1,23505.0,2024-11-25
2024112504017150,GHL,21,44,50.0,219.5,10975.0,2024-11-25
2024112501018107,AVYAN,49,58,10.0,1085.0,10850.0,2024-11-25
2024112503016423,NFS,41,49,70.0,1454.6,101822.0,2024-11-25
2024112501018106,CZBIL,7,40,300.0,225.2,67560.0,2024-11-25
2024112501018105,CZBIL,28,40,160.0,226.0,36160.0,2024-11-25
2024112503016422,PFL,58,33,330.0,740.0,244200.0,2024-11-25
2024112503016421,PFL,58,33,170.0,740.0,125800.0,2024-11-25
2024112504017149,RHPL,80,64,10.0,447.1,4471.0,2024-11-25
2024112504017148,CGH,34,44,2890.0,946.3,2734807.0,2024-11-25
2024112504017147,CGH,19,44,490.0,947.0,464030.0,2024-11-25
2024112504017146,CGH,22,44,420.0,949.0,398580.0,2024-11-25
2024112504017145,CGH,41,44,100.0,950.0,95000.0,2024-11-25
2024112504017144,CGH,26,44,100.0,950.0,95000.0,2024-11-25
2024112501018104,TSHL,44,56,200.0,963.0,192600.0,2024-11-25
2024112504017143,NGPL,67,6,100.0,494.1,49410.0,2024-11-25
2024112503016420,JFL,50,48,17.0,1007.0,17119.0,2024-11-25
2024112504017142,UMRH,13,38,50.0,535.0,26750.0,2024-11-25
2024112503016419,JFL,41,35,100.0,1006.9,100690.0,2024-11-25
2024112501018103,PPL,41,41,99.0,510.0,50490.0,2024-11-25
2024112501018102,PPL,5,41,227.0,510.0,115770.0,2024-11-25
2024112501018101,PPL,58,41,25.0,510.0,12750.0,2024-11-25
2024112501018100,PPL,43,41,50.0,510.0,25500.0,2024-11-25
2024112501018099,PPL,74,41,59.0,510.0,30090.0,2024-11-25
2024112501018098,PPL,22,41,100.0,510.1,51010.0,2024-11-25
2024112503016418,JFL,22,48,10.0,1007.0,10070.0,2024-11-25
2024112501018097,NABIL,41,67,100.0,547.9,54790.0,2024-11-25
2024112501018096,MBL,14,38,3000.0,263.0,789000.0,2024-11-25
2024112503016417,PROFL,48,56,200.0,711.2,142240.0,2024-11-25
2024112503016416,PROFL,29,56,500.0,712.0,356000.0,2024-11-25
2024112501018095,NWCL,45,6,10.0,1048.0,10480.0,2024-11-25
2024112501018094,NWCL,45,58,20.0,1040.0,20800.0,2024-11-25
2024112503016415,JFL,41,54,115.0,1006.9,115793.5,2024-11-25
2024112505013016,MBJC,52,58,35.0,375.0,13125.0,2024-11-25
2024112501018093,MSHL,33,44,20.0,972.1,19442.0,2024-11-25
2024112505013015,HDL,51,44,60.0,1305.0,78300.0,2024-11-25
2024112505013014,HDL,45,44,100.0,1305.0,130500.0,2024-11-25
2024112505013013,HDL,57,44,60.0,1305.0,78300.0,2024-11-25
2024112505013012,HDL,91,44,30.0,1306.0,39180.0,2024-11-25
2024112503016414,KRBL,94,60,200.0,845.0,169000.0,2024-11-25
2024112503016413,KRBL,62,60,50.0,845.0,42250.0,2024-11-25
2024112503016412,KRBL,14,60,10.0,845.0,8450.0,2024-11-25
2024112504017141,NHPC,51,38,10.0,222.0,2220.0,2024-11-25
2024112504017140,LEC,26,57,100.0,220.0,22000.0,2024-11-25
2024112504017139,LEC,66,57,10.0,220.0,2200.0,2024-11-25
2024112504017138,LEC,38,57,10.0,220.0,2200.0,2024-11-25
2024112504017137,LEC,56,57,80.0,220.0,17600.0,2024-11-25
2024112501018092,USHL,14,11,100.0,810.0,81000.0,2024-11-25
2024112501018091,MANDU,13,89,20.0,989.0,19780.0,2024-11-25
2024112504017136,SPDL,34,48,10.0,312.0,3120.0,2024-11-25
2024112504017135,SPDL,34,6,45.0,311.9,14035.5,2024-11-25
2024112501018090,USHL,14,35,41.0,810.0,33210.0,2024-11-25
2024112501018089,USHL,36,35,40.0,810.0,32400.0,2024-11-25
2024112501018088,USHL,13,35,100.0,810.1,81010.0,2024-11-25
2024112501018087,USHL,17,35,14.0,810.1,11341.4,2024-11-25
2024112501018086,USHL,54,35,50.0,810.1,40505.0,2024-11-25
2024112501018085,USHL,45,35,15.0,810.1,12151.5,2024-11-25
2024112501018084,USHL,45,35,20.0,810.2,16204.0,2024-11-25
2024112504017134,SALICO,14,10,251.0,724.1,181749.1,2024-11-25
2024112504017133,SALICO,47,10,30.0,724.2,21726.0,2024-11-25
2024112503016411,HLI,19,35,10.0,470.1,4701.0,2024-11-25
2024112504017132,RURU,29,14,45.0,728.0,32760.0,2024-11-25
2024112504017131,RURU,29,44,24.0,726.0,17424.0,2024-11-25
2024112504017130,RURU,29,4,81.0,726.0,58806.0,2024-11-25
2024112503016410,GFCL,6,28,17.0,954.0,16218.0,2024-11-25
2024112503016409,GFCL,6,14,10.0,954.0,9540.0,2024-11-25
2024112503016408,GFCL,6,47,13.0,954.0,12402.0,2024-11-25
2024112503016407,GFCL,6,49,10.0,953.0,9530.0,2024-11-25
2024112503016406,FOWAD,63,55,10.0,1509.9,15099.0,2024-11-25
2024112503016405,DDBL,33,41,23.0,893.0,20539.0,2024-11-25
2024112503016404,NFS,41,41,50.0,1454.6,72730.0,2024-11-25
2024112503016403,MLBSL,13,17,14.0,2313.0,32382.0,2024-11-25
2024112503016402,MLBSL,57,17,36.0,2313.0,83268.0,2024-11-25
2024112503016401,JFL,41,94,100.0,1006.9,100690.0,2024-11-25
2024112503016400,SFCL,21,47,100.0,795.0,79500.0,2024-11-25
2024112501018083,NMB,47,49,10.0,258.5,2585.0,2024-11-25
2024112504017129,GLH,54,33,100.0,250.0,25000.0,2024-11-25
2024112503016399,NFS,41,49,3018.0,1454.6,4389982.8,2024-11-25
2024112504017128,SHPC,45,82,500.0,566.0,283000.0,2024-11-25
2024112505013011,NIFRA,4,19,10.0,269.9,2699.0,2024-11-25
2024112501018082,SPL,7,58,16.0,977.0,15632.0,2024-11-25
2024112503016398,NFS,41,74,10.0,1454.6,14546.0,2024-11-25
2024112503016397,SIFC,60,48,10.0,673.9,6739.0,2024-11-25
2024112503016396,SIFC,60,45,30.0,673.5,20205.0,2024-11-25
2024112501018081,CYCL,60,8,14.0,1703.5,23849.0,2024-11-25
2024112501018080,CYCL,60,49,13.0,1703.0,22139.0,2024-11-25
2024112501018079,CYCL,60,21,13.0,1700.0,22100.0,2024-11-25
2024112503016395,ICFC,48,44,500.0,769.0,384500.0,2024-11-25
2024112504017127,RHPL,59,48,25.0,448.0,11200.0,2024-11-25
2024112504017126,RHPL,80,48,200.0,448.0,89600.0,2024-11-25
2024112504017125,RHPL,48,48,500.0,448.0,224000.0,2024-11-25
2024112504017124,RHPL,48,48,200.0,448.0,89600.0,2024-11-25
2024112504017123,RHPL,21,48,500.0,448.0,224000.0,2024-11-25
2024112504017122,RHPL,22,48,30.0,448.1,13443.0,2024-11-25
2024112504017121,RHPL,48,48,367.0,448.1,164452.7,2024-11-25
2024112503016394,NUBL,46,55,20.0,730.0,14600.0,2024-11-25
2024112504017120,NLG,55,57,30.0,947.0,28410.0,2024-11-25
2024112503016393,SLBSL,6,5,10.0,1711.0,17110.0,2024-11-25
2024112504017119,RIDI,14,8,250.0,236.0,59000.0,2024-11-25
2024112501018078,RFPL,62,41,10.0,832.0,8320.0,2024-11-25
2024112501018077,PPL,38,34,10.0,515.0,5150.0,2024-11-25
2024112501018076,PPL,38,55,20.0,515.0,10300.0,2024-11-25
2024112501018075,UHEWA,21,33,19.0,648.0,12312.0,2024-11-25
2024112504017118,SSHL,75,32,370.0,226.0,83620.0,2024-11-25
2024112503016392,SFCL,60,13,30.0,797.0,23910.0,2024-11-25
2024112503016391,SFCL,60,39,60.0,796.0,47760.0,2024-11-25
2024112503016390,JFL,41,72,10.0,1006.9,10069.0,2024-11-25
2024112504017117,NICL,75,64,96.0,987.2,94771.2,2024-11-25
2024112504017116,NICL,75,6,30.0,987.2,29616.0,2024-11-25
2024112504017115,NICL,75,48,300.0,987.0,296100.0,2024-11-25
2024112504017114,NICL,75,44,100.0,987.0,98700.0,2024-11-25
2024112504017113,NICL,75,8,344.0,986.9,339493.6,2024-11-25
2024112504017112,NICL,75,45,50.0,986.8,49340.0,2024-11-25
2024112504017111,NICL,75,14,30.0,986.0,29580.0,2024-11-25
2024112504017110,NICL,75,14,50.0,986.0,49300.0,2024-11-25
2024112505013010,NRM,57,41,100.0,463.9,46390.0,2024-11-25
2024112505013009,NIFRA,57,11,54.0,269.0,14526.0,2024-11-25
2024112504017109,NGPL,26,6,200.0,494.1,98820.0,2024-11-25
2024112504017108,NGPL,25,6,70.0,494.1,34587.0,2024-11-25
2024112504017107,NGPL,25,62,30.0,494.1,14823.0,2024-11-25
2024112504017106,SHEL,52,56,500.0,257.0,128500.0,2024-11-25
2024112504017105,SHEL,33,56,1000.0,257.1,257100.0,2024-11-25
2024112504017104,SHEL,41,56,500.0,257.1,128550.0,2024-11-25
2024112503016389,SHINE,77,42,51.0,469.9,23964.9,2024-11-25
2024112503016388,SHINE,77,57,49.0,468.0,22932.0,2024-11-25
2024112503016387,SIFC,49,45,100.0,672.0,67200.0,2024-11-25
2024112503016386,GBBL,34,59,100.0,447.0,44700.0,2024-11-25
2024112501018074,HIDCLP,49,26,100.0,174.0,17400.0,2024-11-25
2024112505013008,SONA,42,61,200.0,468.5,93700.0,2024-11-25
2024112505013007,SONA,38,61,10.0,469.0,4690.0,2024-11-25
2024112505013006,SONA,49,61,90.0,469.0,42210.0,2024-11-25
2024112505013005,RNLI,62,47,10.0,510.0,5100.0,2024-11-25
2024112501018073,HIDCLP,44,26,1000.0,174.0,174000.0,2024-11-25
2024112505013004,HRL,60,60,200.0,850.0,170000.0,2024-11-25
2024112505013003,PHCL,65,46,800.0,544.9,435920.0,2024-11-25
2024112503016385,CORBL,13,64,10.0,1361.0,13610.0,2024-11-25
2024112504017103,IGI,57,57,50.0,616.9,30845.0,2024-11-25
2024112503016384,JFL,34,48,188.0,1007.0,189316.0,2024-11-25
2024112503016383,JFL,34,49,200.0,1007.0,201400.0,2024-11-25
2024112503016382,JFL,34,34,102.0,1007.0,102714.0,2024-11-25
2024112503016381,JFL,34,11,10.0,1007.0,10070.0,2024-11-25
2024112505013002,SONA,49,35,10.0,469.0,4690.0,2024-11-25
2024112505013001,SONA,48,35,20.0,469.0,9380.0,2024-11-25
2024112504017102,GLH,68,16,290.0,249.8,72442.0,2024-11-25
2024112504017101,GLH,68,16,210.0,249.9,52479.0,2024-11-25
2024112503016380,NFS,41,6,100.0,1454.6,145460.0,2024-11-25
2024112503016379,ICFC,56,22,20.0,768.4,15368.0,2024-11-25
2024112504017100,SPIL,61,25,50.0,847.0,42350.0,2024-11-25
2024112503016378,BFC,5,39,100.0,822.3,82230.0,2024-11-25
2024112503016377,BFC,57,39,162.0,822.3,133212.6,2024-11-25
2024112503016376,BFC,32,39,61.0,822.3,50160.3,2024-11-25
2024112503016375,BFC,11,39,84.0,822.3,69073.2,2024-11-25
2024112501018072,SBI,34,39,438.0,461.0,201918.0,2024-11-25
2024112505013000,MEL,51,45,177.0,307.0,54339.0,2024-11-25
2024112505012999,MEL,17,45,500.0,307.0,153500.0,2024-11-25
2024112505012998,MEL,59,45,159.0,308.0,48972.0,2024-11-25
2024112505012997,MEL,58,45,35.0,308.0,10780.0,2024-11-25
2024112505012996,MEL,57,45,840.0,308.6,259224.0,2024-11-25
2024112505012995,MEL,38,45,289.0,308.9,89272.1,2024-11-25
2024112504017099,HDHPC,17,59,376.0,208.0,78208.0,2024-11-25
2024112504017098,HDHPC,55,59,100.0,208.0,20800.0,2024-11-25
2024112504017097,HDHPC,22,59,424.0,208.0,88192.0,2024-11-25
2024112505012994,ENL,25,49,20.0,1150.1,23002.0,2024-11-25
2024112505012993,ENL,58,49,10.0,1150.2,11502.0,2024-11-25
2024112505012992,ENL,45,49,20.0,1164.0,23280.0,2024-11-25
2024112501018071,BHPL,66,86,10.0,777.1,7771.0,2024-11-25
2024112501018070,HBL,58,26,20.0,252.0,5040.0,2024-11-25
2024112504017096,NGPL,13,62,170.0,494.1,83997.0,2024-11-25
2024112504017095,NGPL,13,38,30.0,494.1,14823.0,2024-11-25
2024112501018069,MBL,58,57,150.0,264.0,39600.0,2024-11-25
2024112501018068,MBL,58,28,50.0,263.9,13195.0,2024-11-25
2024112505012991,ILI,35,58,10.0,485.6,4856.0,2024-11-25
2024112503016374,SFCL,51,39,20.0,796.0,15920.0,2024-11-25
2024112504017094,GLH,11,33,10.0,250.0,2500.0,2024-11-25
2024112504017093,RURU,41,57,10.0,725.5,7255.0,2024-11-25
2024112501018067,GBIME,46,5,50.0,235.2,11760.0,2024-11-25
2024112501018066,GBIME,14,5,15.0,235.2,3528.0,2024-11-25
2024112503016373,KMCDB,25,47,30.0,1130.0,33900.0,2024-11-25
2024112503016372,KMCDB,25,34,132.0,1130.0,149160.0,2024-11-25
2024112503016371,KMCDB,25,20,21.0,1130.0,23730.0,2024-11-25
2024112504017092,NGPL,19,38,10.0,494.1,4941.0,2024-11-25
2024112501018065,SNLI,49,62,10.0,620.2,6202.0,2024-11-25
2024112501018064,SNLI,49,47,10.0,620.0,6200.0,2024-11-25
2024112503016370,NFS,41,4,10.0,1454.6,14546.0,2024-11-25
2024112501018063,MKHC,58,4,10.0,413.5,4135.0,2024-11-25
2024112501018062,EHPL,40,77,10.0,786.0,7860.0,2024-11-25
2024112503016369,SINDU,62,42,40.0,849.0,33960.0,2024-11-25
2024112503016368,PFL,29,48,100.0,739.0,73900.0,2024-11-25
2024112503016367,FMDBL,14,13,25.0,772.3,19307.5,2024-11-25
2024112501018061,TSHL,57,56,10.0,963.0,9630.0,2024-11-25
2024112501018060,KDL,49,10,30.0,1071.0,32130.0,2024-11-25
2024112501018059,KDL,19,10,20.0,1080.0,21600.0,2024-11-25
2024112501018058,KDL,62,10,42.0,1080.0,45360.0,2024-11-25
2024112503016366,KRBL,39,42,100.0,845.1,84510.0,2024-11-25
2024112503016365,BFC,45,45,50.0,823.0,41150.0,2024-11-25
2024112505012990,ILI,32,45,12.0,485.7,5828.4,2024-11-25
2024112505012989,HATHY,3,21,100.0,1545.0,154500.0,2024-11-25
2024112505012988,HATHY,3,21,100.0,1545.1,154510.0,2024-11-25
2024112505012987,HATHY,48,21,100.0,1546.0,154600.0,2024-11-25
2024112501018057,UHEWA,49,19,500.0,646.0,323000.0,2024-11-25
2024112505012986,NRM,49,41,30.0,463.9,13917.0,2024-11-25
2024112503016364,ALICL,87,4,500.0,734.2,367100.0,2024-11-25
2024112503016363,JFL,41,42,300.0,1006.9,302070.0,2024-11-25
2024112505012985,SHIVM,83,42,350.0,577.7,202195.0,2024-11-25
2024112501018056,BHDC,57,29,10.0,698.0,6980.0,2024-11-25
2024112504017091,UNHPL,22,38,20.0,282.5,5650.0,2024-11-25
2024112504017090,AKPL,50,10,30.0,254.5,7635.0,2024-11-25
2024112504017089,BPCL,49,16,15.0,439.6,6594.0,2024-11-25
2024112501018055,SCB,14,34,214.0,765.0,163710.0,2024-11-25
2024112501018054,SCB,14,21,100.0,765.0,76500.0,2024-11-25
2024112501018053,SCB,14,55,50.0,765.0,38250.0,2024-11-25
2024112501018052,SCB,14,21,260.0,765.0,198900.0,2024-11-25
2024112501018051,SCB,14,11,26.0,765.0,19890.0,2024-11-25
2024112503016362,NFS,41,38,200.0,1454.6,290920.0,2024-11-25
2024112503016361,JFL,41,45,10.0,1006.9,10069.0,2024-11-25
2024112505012984,ENL,45,49,10.0,1165.0,11650.0,2024-11-25
2024112504017088,LEC,49,16,12.0,220.7,2648.4,2024-11-25
2024112505012983,RNLI,44,49,11.0,509.0,5599.0,2024-11-25
2024112504017087,NGPL,43,38,50.0,494.1,24705.0,2024-11-25
2024112501018050,CYCL,60,34,29.0,1695.0,49155.0,2024-11-25
2024112501018049,MANDU,13,28,36.0,989.0,35604.0,2024-11-25
2024112504017086,HPPL,33,99,180.0,389.0,70020.0,2024-11-25
2024112504017085,HPPL,49,99,20.0,389.0,7780.0,2024-11-25
2024112504017084,HPPL,33,99,800.0,389.0,311200.0,2024-11-25
2024112504017083,SGIC,51,16,100.0,705.2,70520.0,2024-11-25
2024112503016360,KSBBL,58,58,13.0,461.0,5993.0,2024-11-25
2024112503016359,KSBBL,45,58,37.0,461.0,17057.0,2024-11-25
2024112503016358,MNBBL,35,32,25.0,399.1,9977.5,2024-11-25
2024112501018048,EBL,48,6,92.0,603.0,55476.0,2024-11-25
2024112501018047,EBL,34,6,10.0,603.0,6030.0,2024-11-25
2024112501018046,EBL,8,6,18.0,603.2,10857.6,2024-11-25
2024112503016357,BFC,11,25,416.0,822.3,342076.8,2024-11-25
2024112503016356,BFC,34,25,400.0,822.3,328920.0,2024-11-25
2024112503016355,BFC,22,25,100.0,822.3,82230.0,2024-11-25
2024112503016354,JSLBB,53,49,60.0,1569.0,94140.0,2024-11-25
2024112503016353,JFL,41,38,3000.0,1006.9,3020700.0,2024-11-25
2024112503016352,USLB,95,38,15.0,1610.0,24150.0,2024-11-25
2024112503016351,USLB,13,38,85.0,1611.0,136935.0,2024-11-25
2024112503016350,SFCL,38,39,20.0,796.0,15920.0,2024-11-25
2024112503016349,SFCL,38,6,80.0,796.0,63680.0,2024-11-25
2024112504017082,NLG,55,59,250.0,947.0,236750.0,2024-11-25
2024112501018045,NABIL,49,21,55.0,547.5,30112.5,2024-11-25
2024112505012982,MBJC,19,45,246.0,375.0,92250.0,2024-11-25
2024112504017081,NLG,55,62,30.0,947.0,28410.0,2024-11-25
2024112503016348,CORBL,71,71,10.0,1361.0,13610.0,2024-11-25
2024112504017080,UPCL,42,14,432.0,276.0,119232.0,2024-11-25
2024112504017079,UPCL,42,21,240.0,275.0,66000.0,2024-11-25
2024112503016347,JFL,41,51,10.0,1006.9,10069.0,2024-11-25
2024112501018044,MKCL,81,51,10.0,1643.0,16430.0,2024-11-25
2024112505012981,NRN,49,11,200.0,1000.0,200000.0,2024-11-25
2024112505012980,NRN,17,11,164.0,1000.0,164000.0,2024-11-25
2024112505012979,SAHAS,26,58,200.0,512.9,102580.0,2024-11-25
2024112504017078,GHL,34,44,25.0,219.5,5487.5,2024-11-25
2024112504017077,GHL,34,22,75.0,219.0,16425.0,2024-11-25
2024112501018043,MKCL,26,14,50.0,1645.0,82250.0,2024-11-25
2024112503016346,JFL,41,6,700.0,1006.9,704830.0,2024-11-25
2024112504017076,UPPER,45,55,260.0,212.2,55172.0,2024-11-25
2024112503016345,SFCL,21,22,20.0,795.0,15900.0,2024-11-25
2024112503016344,SFCL,49,22,30.0,795.0,23850.0,2024-11-25
2024112503016343,SFCL,21,22,50.0,795.3,39765.0,2024-11-25
2024112505012978,HIDCL,14,41,1500.0,261.0,391500.0,2024-11-25
2024112505012977,HIDCL,14,94,64.0,261.0,16704.0,2024-11-25
2024112505012976,HIDCL,14,49,62.0,260.9,16175.8,2024-11-25
2024112504017075,NGPL,47,38,10.0,494.1,4941.0,2024-11-25
2024112504017074,NGPL,47,26,100.0,494.1,49410.0,2024-11-25
2024112504017073,UMHL,38,3,50.0,330.0,16500.0,2024-11-25
2024112504017072,NGPL,38,40,91.0,494.1,44963.1,2024-11-25
2024112501018042,SPHL,45,80,10.0,757.0,7570.0,2024-11-25
2024112501018041,NABIL,65,42,27.0,547.8,14790.6,2024-11-25
2024112501018040,CZBIL,43,19,20.0,227.0,4540.0,2024-11-25
2024112504017071,HPPL,33,32,200.0,389.0,77800.0,2024-11-25
2024112504017070,HPPL,39,32,200.0,389.1,77820.0,2024-11-25
2024112504017069,HPPL,25,32,100.0,389.3,38930.0,2024-11-25
2024112503016342,JBBL,1,48,20.0,379.0,7580.0,2024-11-25
2024112503016341,JBBL,1,36,480.0,378.5,181680.0,2024-11-25
2024112505012975,MEL,48,42,400.0,309.0,123600.0,2024-11-25
2024112501018039,USHL,57,57,10.0,818.0,8180.0,2024-11-25
2024112501018038,USHL,57,56,10.0,815.0,8150.0,2024-11-25
2024112501018037,USHL,57,58,10.0,815.0,8150.0,2024-11-25
2024112505012974,NRN,17,57,136.0,1000.0,136000.0,2024-11-25
2024112505012973,NRN,16,57,509.0,1000.0,509000.0,2024-11-25
2024112505012972,NRN,51,57,20.0,1000.4,20008.0,2024-11-25
2024112501018036,SGHC,26,45,100.0,440.0,44000.0,2024-11-25
2024112503016340,RSDC,34,49,10.0,760.0,7600.0,2024-11-25
2024112503016339,RSDC,34,25,20.0,757.0,15140.0,2024-11-25
2024112505012971,SONA,58,20,30.0,469.5,14085.0,2024-11-25
2024112501018035,BHL,34,34,500.0,370.0,185000.0,2024-11-25
2024112505012970,NRM,40,35,10.0,463.0,4630.0,2024-11-25
2024112504017068,NLG,55,35,788.0,947.0,746236.0,2024-11-25
2024112503016338,JSLBB,34,33,100.0,1569.0,156900.0,2024-11-25
2024112501018034,KDL,62,91,10.0,1080.0,10800.0,2024-11-25
2024112503016337,SWBBL,55,45,30.0,900.0,27000.0,2024-11-25
2024112503016336,SWBBL,55,38,20.0,900.0,18000.0,2024-11-25
2024112503016335,NLICL,55,37,11.0,606.0,6666.0,2024-11-25
2024112505012969,RNLI,44,6,100.0,509.0,50900.0,2024-11-25
2024112503016334,JFL,41,53,29.0,1006.9,29200.1,2024-11-25
2024112501018033,USHEC,39,51,10.0,578.0,5780.0,2024-11-25
2024112504017067,NHPC,57,53,10.0,221.0,2210.0,2024-11-25
2024112503016333,MLBSL,57,47,14.0,2313.0,32382.0,2024-11-25
2024112504017066,HURJA,38,17,200.0,239.5,47900.0,2024-11-25
2024112504017065,NGPL,38,40,50.0,494.1,24705.0,2024-11-25
2024112504017064,NLG,55,45,100.0,947.0,94700.0,2024-11-25
2024112504017063,SHPC,45,98,500.0,566.0,283000.0,2024-11-25
2024112503016332,ALICL,62,41,10.0,735.0,7350.0,2024-11-25
2024112503016331,JFL,41,62,9990.0,1006.9,10058931.0,2024-11-25
2024112501018032,CZBIL,28,95,718.0,226.0,162268.0,2024-11-25
2024112504017062,UMHL,1,3,100.0,330.0,33000.0,2024-11-25
2024112501018031,EHPL,42,77,10.0,786.0,7860.0,2024-11-25
2024112504017061,CHCL,6,57,15.0,586.1,8791.5,2024-11-25
2024112504017060,CHCL,6,57,200.0,586.2,117240.0,2024-11-25
2024112504017059,CHCL,17,57,25.0,587.0,14675.0,2024-11-25
2024112504017058,CHCL,17,57,10.0,587.0,5870.0,2024-11-25
2024112504017057,UMHL,34,3,10.0,330.0,3300.0,2024-11-25
2024112504017056,UMHL,34,14,70.0,329.9,23093.0,2024-11-25
2024112504017055,AKJCL,51,58,50.0,207.5,10375.0,2024-11-25
2024112503016330,NFS,41,63,80.0,1454.6,116368.0,2024-11-25
2024112503016329,CFCL,55,4,50.0,690.0,34500.0,2024-11-25
2024112501018030,CITY,77,32,233.0,907.0,211331.0,2024-11-25
2024112501018029,CITY,77,58,10.0,907.0,9070.0,2024-11-25
2024112501018028,CITY,77,11,50.0,906.9,45345.0,2024-11-25
2024112501018027,CITY,77,14,50.0,906.8,45340.0,2024-11-25
2024112501018026,CITY,77,11,50.0,906.7,45335.0,2024-11-25
2024112501018025,CITY,77,11,50.0,906.6,45330.0,2024-11-25
2024112501018024,CITY,77,64,20.0,906.0,18120.0,2024-11-25
2024112501018023,CITY,77,87,387.0,906.0,350622.0,2024-11-25
2024112501018022,CITY,77,7,150.0,905.0,135750.0,2024-11-25
2024112504017054,NGPL,41,40,100.0,494.1,49410.0,2024-11-25
2024112505012968,ILI,56,98,150.0,486.0,72900.0,2024-11-25
2024112501018021,AHL,38,45,10.0,696.9,6969.0,2024-11-25
2024112503016328,BFC,38,45,75.0,823.0,61725.0,2024-11-25
2024112504017053,CGH,45,21,10.0,953.0,9530.0,2024-11-25
2024112501018020,MAKAR,62,70,120.0,661.0,79320.0,2024-11-25
2024112501018019,MHL,4,39,20.0,772.0,15440.0,2024-11-25
2024112503016327,CFCL,58,4,400.0,690.0,276000.0,2024-11-25
2024112501018018,PRVU,42,34,250.0,233.1,58275.0,2024-11-25
2024112504017052,SHPC,45,3,3000.0,566.0,1698000.0,2024-11-25
2024112504017051,NGPL,34,40,259.0,494.1,127971.9,2024-11-25
2024112504017050,NGPL,34,58,741.0,494.1,366128.1,2024-11-25
2024112505012967,PHCL,65,58,1500.0,544.9,817350.0,2024-11-25
2024112503016326,SMFBS,14,53,10.0,1965.0,19650.0,2024-11-25
2024112503016325,SMFBS,14,41,10.0,1960.0,19600.0,2024-11-25
2024112504017049,AKJCL,39,38,200.0,208.0,41600.0,2024-11-25
2024112505012966,PHCL,65,47,1370.0,544.9,746513.0,2024-11-25
2024112503016324,SWMF,63,56,50.0,817.0,40850.0,2024-11-25
2024112503016323,SWMF,63,56,30.0,817.0,24510.0,2024-11-25
2024112503016322,PROFL,48,38,498.0,711.2,354177.6,2024-11-25
2024112503016321,NICLBSL,32,19,75.0,706.3,52972.5,2024-11-25
2024112503016320,NFS,54,63,10.0,1455.0,14550.0,2024-11-25
2024112503016319,JBBL,45,36,20.0,378.5,7570.0,2024-11-25
2024112504017048,NGPL,45,58,500.0,494.1,247050.0,2024-11-25
2024112505012965,NIFRA,57,90,16.0,269.0,4304.0,2024-11-25
2024112505012964,NIFRA,91,90,34.0,269.0,9146.0,2024-11-25
2024112503016318,ALBSL,64,84,15.0,875.0,13125.0,2024-11-25
2024112503016317,ALBSL,64,96,28.0,875.0,24500.0,2024-11-25
2024112503016316,ALBSL,64,62,65.0,873.9,56803.5,2024-11-25
2024112501018017,SPL,40,48,90.0,971.6,87444.0,2024-11-25
2024112501018016,SPL,80,48,60.0,972.0,58320.0,2024-11-25
2024112505012963,PHCL,65,46,800.0,544.9,435920.0,2024-11-25
2024112505012962,HDL,57,13,40.0,1305.0,52200.0,2024-11-25
2024112501018015,NIMB,42,13,237.0,226.5,53680.5,2024-11-25
2024112501018014,NIMB,5,13,80.0,226.5,18120.0,2024-11-25
2024112501018013,NIMB,7,13,100.0,226.5,22650.0,2024-11-25
2024112501018012,NIMB,14,13,300.0,226.5,67950.0,2024-11-25
2024112503016315,SMB,42,42,10.0,2500.0,25000.0,2024-11-25
2024112503016314,SMB,6,42,20.0,2500.0,50000.0,2024-11-25
2024112503016313,GRDBL,96,33,48.0,935.0,44880.0,2024-11-25
2024112501018011,NABIL,42,42,19.0,547.8,10408.2,2024-11-25
2024112501018010,NABIL,42,56,36.0,547.8,19720.8,2024-11-25
2024112504017047,NGPL,42,58,200.0,494.1,98820.0,2024-11-25
2024112501018009,SPL,88,58,200.0,977.0,195400.0,2024-11-25
2024112501018008,SPL,88,58,50.0,977.0,48850.0,2024-11-25
2024112501018007,MBL,14,57,500.0,263.0,131500.0,2024-11-25
2024112503016312,PFL,29,21,53.0,739.0,39167.0,2024-11-25
2024112501018006,BNHC,17,91,145.0,512.1,74254.5,2024-11-25
2024112501018005,BNHC,38,91,50.0,512.2,25610.0,2024-11-25
2024112501018004,BNHC,41,91,81.0,513.0,41553.0,2024-11-25
2024112505012961,ILI,58,98,90.0,486.0,43740.0,2024-11-25
2024112501018003,PCBL,41,25,124.0,269.1,33368.4,2024-11-25
2024112504017046,BARUN,39,64,14.0,420.0,5880.0,2024-11-25
2024112503016311,KMCDB,25,50,89.0,1129.0,100481.0,2024-11-25
2024112504017045,RHPL,58,58,50.0,448.2,22410.0,2024-11-25
2024112504017044,SPDL,70,45,13.0,312.0,4056.0,2024-11-25
2024112504017043,SPDL,70,45,62.0,311.8,19331.6,2024-11-25
2024112501018002,CKHL,46,38,30.0,692.0,20760.0,2024-11-25
2024112501018001,CKHL,64,38,100.0,692.3,69230.0,2024-11-25
2024112501018000,CKHL,38,38,10.0,693.0,6930.0,2024-11-25
2024112501017999,CKHL,38,38,10.0,694.0,6940.0,2024-11-25
2024112504017042,MEN,63,45,10.0,726.0,7260.0,2024-11-25
2024112504017041,MEN,41,45,20.0,726.1,14522.0,2024-11-25
2024112504017040,KKHC,45,38,50.0,287.9,14395.0,2024-11-25
2024112503016310,BFC,64,45,10.0,823.0,8230.0,2024-11-25
2024112503016309,MPFL,1,32,490.0,798.0,391020.0,2024-11-25
2024112501017998,CYCL,60,58,29.0,1690.0,49010.0,2024-11-25
2024112503016308,SFCL,60,6,10.0,796.0,7960.0,2024-11-25
2024112504017039,UPPER,44,44,10.0,212.5,2125.0,2024-11-25
2024112504017038,NGPL,52,58,200.0,494.1,98820.0,2024-11-25
2024112505012960,NRM,42,41,50.0,463.9,23195.0,2024-11-25
2024112501017997,SRLI,44,34,30.0,445.0,13350.0,2024-11-25
2024112505012959,MEL,91,42,20.0,309.0,6180.0,2024-11-25
2024112505012958,MEL,91,10,180.0,309.0,55620.0,2024-11-25
2024112503016307,NFS,41,16,30.0,1454.6,43638.0,2024-11-25
2024112501017996,HHL,16,65,50.0,496.0,24800.0,2024-11-25
2024112503016306,SFCL,19,6,10.0,796.0,7960.0,2024-11-25
2024112504017037,AKPL,41,16,231.0,255.0,58905.0,2024-11-25
2024112504017036,AKPL,41,49,69.0,255.0,17595.0,2024-11-25
2024112503016305,PROFL,38,57,40.0,712.9,28516.0,2024-11-25
2024112503016304,PROFL,38,22,10.0,712.0,7120.0,2024-11-25
2024112504017035,RHPL,48,19,33.0,448.1,14787.3,2024-11-25
2024112504017034,JOSHI,49,14,70.0,330.0,23100.0,2024-11-25
2024112504017033,JOSHI,49,38,200.0,330.0,66000.0,2024-11-25
2024112504017032,JOSHI,49,57,30.0,330.0,9900.0,2024-11-25
2024112503016303,MFIL,58,43,157.0,770.0,120890.0,2024-11-25
2024112503016302,MFIL,13,43,100.0,771.0,77100.0,2024-11-25
2024112503016301,MFIL,21,43,300.0,771.0,231300.0,2024-11-25
2024112503016300,MFIL,19,43,50.0,771.1,38555.0,2024-11-25
2024112503016299,MFIL,45,43,190.0,772.0,146680.0,2024-11-25
2024112504017031,AKJCL,1,38,200.0,208.0,41600.0,2024-11-25
2024112504017030,BPCL,49,13,320.0,439.6,140672.0,2024-11-25
2024112503016298,NFS,41,52,575.0,1454.6,836395.0,2024-11-25
2024112501017995,SPL,34,58,50.0,977.0,48850.0,2024-11-25
2024112505012957,NIFRA,91,25,64.0,269.0,17216.0,2024-11-25
2024112505012956,NIFRA,91,58,200.0,269.0,53800.0,2024-11-25
2024112505012955,NIFRA,91,49,10.0,269.0,2690.0,2024-11-25
2024112505012954,NIFRA,91,39,108.0,269.0,29052.0,2024-11-25
2024112505012953,NIFRA,91,54,30.0,269.0,8070.0,2024-11-25
2024112505012952,NIFRA,91,41,54.0,269.0,14526.0,2024-11-25
2024112503016297,NFS,17,38,23.0,1455.9,33485.7,2024-11-25
2024112503016296,NFS,17,46,77.0,1455.0,112035.0,2024-11-25
2024112505012951,SMJC,100,17,120.0,545.2,65424.0,2024-11-25
2024112505012950,SMJC,62,17,200.0,545.3,109060.0,2024-11-25
2024112505012949,SMJC,35,17,80.0,548.0,43840.0,2024-11-25
2024112504017029,HURJA,52,17,300.0,239.5,71850.0,2024-11-25
2024112504017028,NGPL,41,58,500.0,494.1,247050.0,2024-11-25
2024112503016295,GRDBL,61,59,565.0,917.0,518105.0,2024-11-25
2024112503016294,CFCL,58,45,500.0,690.0,345000.0,2024-11-25
2024112503016293,EDBL,85,21,100.0,645.0,64500.0,2024-11-25
2024112503016292,NFS,41,1,100.0,1454.6,145460.0,2024-11-25
2024112504017027,AKPL,50,42,90.0,254.5,22905.0,2024-11-25
2024112504017026,AKPL,33,42,100.0,254.5,25450.0,2024-11-25
2024112503016291,SFCL,19,57,15.0,796.0,11940.0,2024-11-25
2024112501017994,NYADI,33,91,10.0,332.0,3320.0,2024-11-25
2024112501017993,NYADI,33,4,10.0,332.0,3320.0,2024-11-25
2024112503016290,SFCL,19,22,100.0,796.0,79600.0,2024-11-25
2024112503016289,NICLBSL,32,35,25.0,706.3,17657.5,2024-11-25
2024112501017992,MCHL,56,14,154.0,585.0,90090.0,2024-11-25
2024112501017991,MCHL,17,14,66.0,586.0,38676.0,2024-11-25
2024112501017990,MCHL,51,14,20.0,586.2,11724.0,2024-11-25
2024112501017989,BEDC,17,8,200.0,554.0,110800.0,2024-11-25
2024112503016288,NFS,41,39,50.0,1454.6,72730.0,2024-11-25
2024112501017988,NYADI,16,58,60.0,330.0,19800.0,2024-11-25
2024112504017025,UPPER,47,55,100.0,212.2,21220.0,2024-11-25
2024112503016287,JFL,41,38,400.0,1006.9,402760.0,2024-11-25
2024112504017024,SHEL,46,42,1000.0,257.5,257500.0,2024-11-25
2024112505012948,CIT,34,52,16.0,2168.0,34688.0,2024-11-25
2024112505012947,CIT,64,52,34.0,2168.0,73712.0,2024-11-25
2024112504017023,SGIC,42,16,50.0,705.2,35260.0,2024-11-25
2024112503016286,JFL,41,11,20.0,1006.9,20138.0,2024-11-25
2024112505012946,SONA,57,20,105.0,469.5,49297.5,2024-11-25
2024112501017987,NABIL,49,57,83.0,547.5,45442.5,2024-11-25
2024112501017986,NABIL,51,57,75.0,547.7,41077.5,2024-11-25
2024112503016285,NFS,41,29,300.0,1454.6,436380.0,2024-11-25
2024112503016284,HLI,19,22,400.0,470.1,188040.0,2024-11-25
2024112503016283,HLI,35,22,100.0,470.1,47010.0,2024-11-25
2024112501017985,IHL,39,91,100.0,610.9,61090.0,2024-11-25
2024112504017022,NHPC,57,6,40.0,221.0,8840.0,2024-11-25
2024112504017021,NGPL,58,58,100.0,494.1,49410.0,2024-11-25
2024112504017020,HURJA,52,56,1500.0,239.5,359250.0,2024-11-25
2024112505012945,HRL,59,60,500.0,850.0,425000.0,2024-11-25
2024112504017019,AKJCL,51,59,384.0,207.5,79680.0,2024-11-25
2024112504017018,AKJCL,35,59,100.0,207.5,20750.0,2024-11-25
2024112504017017,AKJCL,41,59,16.0,207.5,3320.0,2024-11-25
2024112504017016,GHL,17,40,100.0,218.3,21830.0,2024-11-25
2024112504017015,GHL,38,40,100.0,218.5,21850.0,2024-11-25
2024112504017014,GHL,32,40,100.0,218.5,21850.0,2024-11-25
2024112504017013,GHL,39,40,200.0,218.6,43720.0,2024-11-25
2024112504017012,GHL,55,40,100.0,218.7,21870.0,2024-11-25
2024112504017011,UMRH,60,38,200.0,535.0,107000.0,2024-11-25
2024112503016282,GMFBS,58,36,29.0,1751.0,50779.0,2024-11-25
2024112505012944,CLI,11,36,10.0,675.0,6750.0,2024-11-25
2024112505012943,CLI,11,45,10.0,675.0,6750.0,2024-11-25
2024112505012942,CLI,11,58,10.0,675.0,6750.0,2024-11-25
2024112501017984,BHPL,45,34,40.0,767.5,30700.0,2024-11-25
2024112503016281,MPFL,1,34,500.0,798.0,399000.0,2024-11-25
2024112505012941,HIDCL,41,94,33.0,261.0,8613.0,2024-11-25
2024112505012940,HIDCL,41,51,167.0,260.9,43570.3,2024-11-25
2024112501017983,SAMAJ,38,56,88.0,3600.0,316800.0,2024-11-25
2024112501017982,SAMAJ,1,56,10.0,3600.0,36000.0,2024-11-25
2024112501017981,SAMAJ,26,56,50.0,3601.0,180050.0,2024-11-25
2024112501017980,SAMAJ,57,56,10.0,3602.0,36020.0,2024-11-25
2024112503016280,NFS,38,46,10.0,1455.0,14550.0,2024-11-25
2024112505012939,VLUCL,19,38,152.0,651.0,98952.0,2024-11-25
2024112505012938,RNLI,62,47,10.0,510.0,5100.0,2024-11-25
2024112504017010,NGPL,62,58,100.0,494.1,49410.0,2024-11-25
2024112501017979,NBL,49,43,20.0,279.2,5584.0,2024-11-25
2024112501017978,ANLB,81,32,10.0,5112.0,51120.0,2024-11-25
2024112503016279,NFS,41,13,50.0,1454.6,72730.0,2024-11-25
2024112501017977,BHPL,42,42,100.0,780.0,78000.0,2024-11-25
2024112503016278,GFCL,48,57,61.0,943.0,57523.0,2024-11-25
2024112503016277,GFCL,7,57,100.0,943.0,94300.0,2024-11-25
2024112503016276,GFCL,25,57,100.0,943.0,94300.0,2024-11-25
2024112503016275,GFCL,44,57,200.0,943.0,188600.0,2024-11-25
2024112503016274,GFCL,49,57,140.0,943.0,132020.0,2024-11-25
2024112503016273,GFCL,48,57,44.0,943.0,41492.0,2024-11-25
2024112503016272,GFCL,38,57,10.0,944.0,9440.0,2024-11-25
2024112505012937,HDL,42,34,55.0,1304.5,71747.5,2024-11-25
2024112505012936,HDL,62,34,30.0,1304.6,39138.0,2024-11-25
2024112505012935,HDL,41,34,10.0,1305.0,13050.0,2024-11-25
2024112503016271,JFL,41,16,25.0,1006.9,25172.5,2024-11-25
2024112501017976,DORDI,32,35,50.0,473.0,23650.0,2024-11-25
2024112504017009,NGPL,87,58,1000.0,494.1,494100.0,2024-11-25
2024112505012934,MEL,38,35,111.0,308.9,34287.9,2024-11-25
2024112503016270,SHINE,77,57,51.0,468.0,23868.0,2024-11-25
2024112503016269,SHINE,77,47,500.0,465.0,232500.0,2024-11-25
2024112503016268,SHINE,77,21,10.0,465.0,4650.0,2024-11-25
2024112503016267,SHINE,77,26,439.0,464.9,204091.1,2024-11-25
2024112503016266,NFS,41,17,20.0,1454.6,29092.0,2024-11-25
2024112504017008,NGPL,17,58,200.0,494.1,98820.0,2024-11-25
2024112501017975,BNHC,41,47,119.0,513.0,61047.0,2024-11-25
2024112501017974,BNHC,42,47,71.0,513.0,36423.0,2024-11-25
2024112501017973,BNHC,51,47,10.0,513.0,5130.0,2024-11-25
2024112501017972,BNHC,54,47,100.0,513.1,51310.0,2024-11-25
2024112501017971,BNHC,57,47,20.0,513.3,10266.0,2024-11-25
2024112501017970,BNHC,48,47,100.0,513.3,51330.0,2024-11-25
2024112501017969,BNHC,49,47,500.0,513.4,256700.0,2024-11-25
2024112501017968,BNHC,42,47,80.0,513.5,41080.0,2024-11-25
2024112504017007,UMHL,34,21,300.0,329.0,98700.0,2024-11-25
2024112503016265,GRDBL,38,33,10.0,935.0,9350.0,2024-11-25
2024112505012933,VLUCL,34,4,100.0,651.0,65100.0,2024-11-25
2024112503016264,CORBL,71,96,10.0,1335.0,13350.0,2024-11-25
2024112501017967,USHL,49,32,100.0,813.0,81300.0,2024-11-25
2024112505012932,GCIL,17,50,200.0,480.2,96040.0,2024-11-25
2024112504017006,NLG,18,19,10.0,947.0,9470.0,2024-11-25
2024112504017005,NLG,18,80,100.0,947.0,94700.0,2024-11-25
2024112504017004,UMHL,51,14,10.0,329.9,3299.0,2024-11-25
2024112501017966,RAWA,34,57,10.0,792.2,7922.0,2024-11-25
2024112504017003,NGPL,86,58,100.0,494.1,49410.0,2024-11-25
2024112505012931,HATHY,53,16,50.0,1550.0,77500.0,2024-11-25
2024112505012930,HATHY,53,16,100.0,1550.0,155000.0,2024-11-25
2024112505012929,HATHY,97,16,458.0,1550.0,709900.0,2024-11-25
2024112501017965,USHEC,14,55,10.0,573.1,5731.0,2024-11-25
2024112501017964,USHEC,45,55,100.0,573.1,57310.0,2024-11-25
2024112501017963,USHEC,58,55,95.0,574.0,54530.0,2024-11-25
2024112501017962,USHEC,45,55,50.0,574.0,28700.0,2024-11-25
2024112501017961,USHEC,45,55,100.0,575.0,57500.0,2024-11-25
2024112501017960,USHEC,50,55,40.0,575.0,23000.0,2024-11-25
2024112501017959,USHEC,89,55,10.0,576.0,5760.0,2024-11-25
2024112501017958,USHEC,57,55,95.0,576.0,54720.0,2024-11-25
2024112504017002,SHEL,22,39,200.0,257.2,51440.0,2024-11-25
2024112503016263,PROFL,58,57,100.0,712.9,71290.0,2024-11-25
2024112503016262,PROFL,58,39,200.0,712.0,142400.0,2024-11-25
2024112503016261,GMFBS,58,62,10.0,1763.0,17630.0,2024-11-25
2024112504017001,UPCL,52,21,160.0,275.0,44000.0,2024-11-25
2024112503016260,NFS,41,19,100.0,1454.6,145460.0,2024-11-25
2024112503016259,HLI,38,41,10.0,472.0,4720.0,2024-11-25
2024112504017000,SHPC,45,45,50.0,565.0,28250.0,2024-11-25
2024112503016258,NFS,41,45,300.0,1454.6,436380.0,2024-11-25
2024112504016999,CHL,45,43,41.0,379.0,15539.0,2024-11-25
2024112504016998,CHL,45,53,60.0,378.0,22680.0,2024-11-25
2024112501017957,SPHL,62,14,145.0,752.0,109040.0,2024-11-25
2024112505012928,MBJC,19,65,227.0,375.0,85125.0,2024-11-25
2024112505012927,MBJC,52,65,20.0,375.1,7502.0,2024-11-25
2024112505012926,MBJC,52,65,20.0,375.2,7504.0,2024-11-25
2024112505012925,MBJC,52,65,20.0,375.3,7506.0,2024-11-25
2024112505012924,MBJC,52,65,20.0,375.4,7508.0,2024-11-25
2024112505012923,MBJC,28,65,100.0,375.5,37550.0,2024-11-25
2024112505012922,MBJC,59,65,1493.0,375.5,560621.5,2024-11-25
2024112505012921,MBJC,6,65,100.0,375.9,37590.0,2024-11-25
2024112504016997,AHPC,64,4,38.0,281.0,10678.0,2024-11-25
2024112504016996,AHPC,64,33,250.0,280.9,70225.0,2024-11-25
2024112504016995,AHPC,64,6,48.0,280.5,13464.0,2024-11-25
2024112504016994,AHPC,64,38,19.0,280.2,5323.8,2024-11-25
2024112501017956,TVCL,66,48,10.0,503.0,5030.0,2024-11-25
2024112504016993,AKPL,32,49,500.0,255.0,127500.0,2024-11-25
2024112504016992,NGPL,93,58,50.0,494.1,24705.0,2024-11-25
2024112505012920,PHCL,65,46,500.0,544.9,272450.0,2024-11-25
2024112504016991,AKJCL,41,81,184.0,207.5,38180.0,2024-11-25
2024112504016990,AKJCL,42,81,295.0,207.5,61212.5,2024-11-25
2024112504016989,AKJCL,7,81,500.0,207.6,103800.0,2024-11-25
2024112504016988,AKJCL,13,81,45.0,207.6,9342.0,2024-11-25
2024112504016987,AKJCL,49,81,77.0,207.7,15992.9,2024-11-25
2024112504016986,AKJCL,49,81,399.0,207.8,82912.2,2024-11-25
