transaction,symbol,buyer,seller,quantity,rate,amount,date
2024122404014455,JOSHI,13,39,10.0,511.4,5114.0,2024-12-24
2024122404014454,HURJA,33,48,952.0,232.6,221435.2,2024-12-24
2024122404014453,HURJA,33,57,50.0,232.5,11625.0,2024-12-24
2024122404014452,HURJA,33,75,20.0,232.5,4650.0,2024-12-24
2024122404014451,HURJA,33,35,178.0,232.4,41367.2,2024-12-24
2024122404014450,LEC,56,10,204.0,203.6,41534.4,2024-12-24
2024122404014449,LEC,90,10,48.0,203.6,9772.8,2024-12-24
2024122404014448,LEC,45,10,75.0,203.7,15277.5,2024-12-24
2024122404014447,LEC,58,10,30.0,203.7,6111.0,2024-12-24
2024122404014446,LEC,41,10,100.0,203.7,20370.0,2024-12-24
2024122404014445,LEC,3,10,43.0,203.7,8759.1,2024-12-24
2024122401023272,IHL,33,1,10.0,698.6,6986.0,2024-12-24
2024122401023271,IHL,33,1,10.0,698.5,6985.0,2024-12-24
2024122401023270,IHL,33,45,117.0,698.0,81666.0,2024-12-24
2024122401023269,IHL,33,43,341.0,698.0,238018.0,2024-12-24
2024122401023268,IHL,33,4,10.0,698.0,6980.0,2024-12-24
2024122401023267,IHL,33,4,10.0,698.0,6980.0,2024-12-24
2024122401023266,IHL,33,16,200.0,697.9,139580.0,2024-12-24
2024122401023265,IHL,33,57,10.0,697.0,6970.0,2024-12-24
2024122401023264,IHL,33,42,10.0,695.0,6950.0,2024-12-24
2024122401023263,IHL,33,58,10.0,695.0,6950.0,2024-12-24
2024122401023262,IHL,33,34,20.0,694.9,13898.0,2024-12-24
2024122401023261,IHL,33,34,147.0,694.0,102018.0,2024-12-24
2024122401023260,IHL,33,65,20.0,693.0,13860.0,2024-12-24
2024122401023259,IHL,33,32,80.0,692.9,55432.0,2024-12-24
2024122403016557,NFS,72,1,50.0,1074.9,53745.0,2024-12-24
2024122404014444,AKPL,14,1,250.0,236.3,59075.0,2024-12-24
2024122401023258,MEHL,57,1,100.0,472.0,47200.0,2024-12-24
2024122403016556,NFS,45,88,50.0,1075.0,53750.0,2024-12-24
2024122403016555,BFC,45,42,200.0,722.0,144400.0,2024-12-24
2024122401023257,MEHL,45,1,20.0,472.0,9440.0,2024-12-24
2024122403016554,NLIC,39,38,10.0,770.0,7700.0,2024-12-24
2024122401023256,NABIL,16,50,10.0,501.0,5010.0,2024-12-24
2024122404014443,MEN,4,77,91.0,728.2,66266.2,2024-12-24
2024122404014442,MEN,34,77,100.0,728.9,72890.0,2024-12-24
2024122403016553,JFL,72,50,10.0,908.0,9080.0,2024-12-24
2024122405010633,BBC,72,13,10.0,5997.9,59979.0,2024-12-24
2024122403016552,MLBBL,41,19,32.0,1722.0,55104.0,2024-12-24
2024122403016551,MLBBL,41,49,168.0,1722.0,289296.0,2024-12-24
2024122401023255,HHL,41,6,25.0,554.0,13850.0,2024-12-24
2024122404014441,UPCL,22,11,10.0,275.0,2750.0,2024-12-24
2024122403016550,SINDU,52,49,10.0,940.0,9400.0,2024-12-24
2024122403016549,SINDU,52,70,90.0,940.0,84600.0,2024-12-24
2024122403016548,ACLBSL,52,50,16.0,1014.9,16238.4,2024-12-24
2024122403016547,ACLBSL,52,42,24.0,1014.0,24336.0,2024-12-24
2024122401023254,HHL,28,6,175.0,554.0,96950.0,2024-12-24
2024122401023253,HHL,28,39,10.0,554.0,5540.0,2024-12-24
2024122401023252,HHL,28,5,100.0,553.0,55300.0,2024-12-24
2024122401023251,HHL,28,48,235.0,553.0,129955.0,2024-12-24
2024122405010632,STC,84,8,50.0,5734.0,286700.0,2024-12-24
2024122405010631,STC,84,22,10.0,5720.0,57200.0,2024-12-24
2024122405010630,STC,84,28,10.0,5700.0,57000.0,2024-12-24
2024122405010629,STC,84,57,13.0,5700.0,74100.0,2024-12-24
2024122405010628,STC,84,22,10.0,5700.0,57000.0,2024-12-24
2024122401023250,EHPL,37,5,55.0,780.1,42905.5,2024-12-24
2024122401023249,EHPL,70,5,20.0,780.1,15602.0,2024-12-24
2024122403016546,MLBSL,5,62,10.0,2242.0,22420.0,2024-12-24
2024122401023248,NABIL,17,4,420.0,500.0,210000.0,2024-12-24
2024122401023247,NABIL,14,4,84.0,500.0,42000.0,2024-12-24
2024122401023246,PPL,32,99,10.0,552.9,5529.0,2024-12-24
2024122401023245,BNHC,58,14,10.0,489.0,4890.0,2024-12-24
2024122403016545,MLBL,45,4,10.0,391.4,3914.0,2024-12-24
2024122403016544,ACLBSL,58,42,10.0,1014.0,10140.0,2024-12-24
2024122403016543,NABBC,32,6,20.0,1285.0,25700.0,2024-12-24
2024122404014440,PPCL,58,58,295.0,286.0,84370.0,2024-12-24
2024122401023244,MKJC,68,34,10.0,526.9,5269.0,2024-12-24
2024122401023243,MHCL,71,11,10.0,551.0,5510.0,2024-12-24
2024122404014439,UMRH,50,77,20.0,637.0,12740.0,2024-12-24
2024122404014438,AKPL,50,26,150.0,239.4,35910.0,2024-12-24
2024122403016542,LBBL,17,63,10.0,488.0,4880.0,2024-12-24
2024122403016541,HLBSL,34,42,10.0,944.0,9440.0,2024-12-24
2024122401023242,HBL,56,13,10.0,237.0,2370.0,2024-12-24
2024122401023241,GBIME,42,43,47.0,227.0,10669.0,2024-12-24
2024122401023240,GBIME,45,43,33.0,227.2,7497.6,2024-12-24
2024122401023239,GBIME,34,43,200.0,228.0,45600.0,2024-12-24
2024122401023238,GBIME,35,43,20.0,228.0,4560.0,2024-12-24
2024122403016540,KRBL,34,39,10.0,810.0,8100.0,2024-12-24
2024122401023237,NIBD2082,42,43,5.0,1151.0,5755.0,2024-12-24
2024122401023236,TVCL,34,59,50.0,566.0,28300.0,2024-12-24
2024122405010627,NRM,56,55,244.0,449.8,109751.2,2024-12-24
2024122405010626,NRM,56,58,10.0,449.0,4490.0,2024-12-24
2024122405010625,NRM,56,56,10.0,449.0,4490.0,2024-12-24
2024122405010624,NRM,56,32,10.0,449.0,4490.0,2024-12-24
2024122405010623,NRM,56,4,10.0,449.0,4490.0,2024-12-24
2024122405010622,NRM,56,45,12.0,449.0,5388.0,2024-12-24
2024122405010621,NRM,56,56,10.0,448.5,4485.0,2024-12-24
2024122405010620,NRM,56,49,10.0,447.0,4470.0,2024-12-24
2024122405010619,NRM,56,52,10.0,446.0,4460.0,2024-12-24
2024122405010618,NRM,56,7,50.0,446.0,22300.0,2024-12-24
2024122405010617,NRM,56,32,460.0,446.0,205160.0,2024-12-24
2024122405010616,NRM,56,25,30.0,445.9,13377.0,2024-12-24
2024122405010615,NRM,56,72,100.0,445.0,44500.0,2024-12-24
2024122405010614,NRM,56,49,100.0,445.0,44500.0,2024-12-24
2024122405010613,NRM,56,49,34.0,443.0,15062.0,2024-12-24
2024122404014437,SPDL,44,89,10.0,334.0,3340.0,2024-12-24
2024122404014436,NHDL,50,46,20.0,725.0,14500.0,2024-12-24
2024122401023235,ULBSL,38,44,10.0,4060.0,40600.0,2024-12-24
2024122403016539,NABBC,69,6,100.0,1285.0,128500.0,2024-12-24
2024122404014435,MEN,25,77,10.0,729.0,7290.0,2024-12-24
2024122401023234,BEDC,74,38,10.0,743.0,7430.0,2024-12-24
2024122401023233,BEDC,74,3,10.0,742.0,7420.0,2024-12-24
2024122401023232,BEDC,74,26,10.0,742.0,7420.0,2024-12-24
2024122401023231,BEDC,74,57,10.0,742.0,7420.0,2024-12-24
2024122401023230,BEDC,74,11,10.0,742.0,7420.0,2024-12-24
2024122401023229,BEDC,74,88,30.0,742.0,22260.0,2024-12-24
2024122401023228,BEDC,74,52,60.0,740.0,44400.0,2024-12-24
2024122401023227,BEDC,74,42,10.0,740.0,7400.0,2024-12-24
2024122401023226,BEDC,74,51,1325.0,740.0,980500.0,2024-12-24
2024122401023225,BEDC,74,33,600.0,740.0,444000.0,2024-12-24
2024122401023224,BEDC,74,45,10.0,738.9,7389.0,2024-12-24
2024122401023223,BEDC,74,67,500.0,738.0,369000.0,2024-12-24
2024122401023222,BEDC,74,45,10.0,738.0,7380.0,2024-12-24
2024122401023221,BEDC,74,6,100.0,737.0,73700.0,2024-12-24
2024122401023220,BEDC,74,56,40.0,737.0,29480.0,2024-12-24
2024122401023219,BEDC,74,34,50.0,736.0,36800.0,2024-12-24
2024122401023218,BEDC,74,42,100.0,735.0,73500.0,2024-12-24
2024122401023217,BEDC,74,34,10.0,735.0,7350.0,2024-12-24
2024122401023216,BEDC,74,49,15.0,735.0,11025.0,2024-12-24
2024122401023215,BEDC,74,28,1090.0,734.0,800060.0,2024-12-24
2024122401023214,SMHL,65,62,500.0,1273.4,636700.0,2024-12-24
2024122401023213,SMHL,65,62,400.0,1273.4,509360.0,2024-12-24
2024122401023212,SMHL,65,34,10.0,1218.0,12180.0,2024-12-24
2024122401023211,MMKJL,65,44,140.0,698.0,97720.0,2024-12-24
2024122401023210,MMKJL,65,26,200.0,698.0,139600.0,2024-12-24
2024122401023209,MMKJL,65,38,50.0,698.0,34900.0,2024-12-24
2024122401023208,MMKJL,65,44,100.0,697.6,69760.0,2024-12-24
2024122401023207,MMKJL,65,35,10.0,697.6,6976.0,2024-12-24
2024122401023206,MMKJL,65,44,100.0,695.0,69500.0,2024-12-24
2024122401023205,MMKJL,65,28,10.0,695.0,6950.0,2024-12-24
2024122401023204,MMKJL,65,39,200.0,694.0,138800.0,2024-12-24
2024122401023203,MMKJL,65,44,100.0,693.7,69370.0,2024-12-24
2024122401023202,MMKJL,65,53,90.0,691.5,62235.0,2024-12-24
2024122403016538,GRDBL,29,88,250.0,1048.0,262000.0,2024-12-24
2024122404014434,CHL,29,33,10.0,411.0,4110.0,2024-12-24
2024122401023201,MLBS,71,29,10.0,2060.0,20600.0,2024-12-24
2024122403016537,HLBSL,62,42,50.0,944.0,47200.0,2024-12-24
2024122403016536,HLBSL,62,65,50.0,943.9,47195.0,2024-12-24
2024122403016535,SINDU,62,74,50.0,939.0,46950.0,2024-12-24
2024122401023200,RFPL,62,55,25.0,1040.0,26000.0,2024-12-24
2024122401023199,RFPL,62,44,75.0,1040.0,78000.0,2024-12-24
2024122401023198,NWCL,47,6,10.0,991.0,9910.0,2024-12-24
2024122401023197,PPL,13,99,10.0,552.9,5529.0,2024-12-24
2024122403016534,SFCL,47,82,50.0,684.8,34240.0,2024-12-24
2024122401023196,DLBS,35,39,20.0,1685.0,33700.0,2024-12-24
2024122405010612,NRM,57,4,10.0,441.1,4411.0,2024-12-24
2024122403016533,SMPDA,1,14,10.0,948.8,9488.0,2024-12-24
2024122401023195,CZBIL,1,57,10.0,219.5,2195.0,2024-12-24
2024122404014433,SHPC,45,32,15.0,491.0,7365.0,2024-12-24
2024122404014432,SHPC,45,19,53.0,490.0,25970.0,2024-12-24
2024122404014431,SHPC,45,19,50.0,490.0,24500.0,2024-12-24
2024122404014430,SHPC,45,58,50.0,490.0,24500.0,2024-12-24
2024122403016532,NFS,72,45,1000.0,1074.9,1074900.0,2024-12-24
2024122401023194,SGHC,45,21,40.0,472.0,18880.0,2024-12-24
2024122401023193,SPL,11,88,10.0,1050.0,10500.0,2024-12-24
2024122403016531,NFS,72,1,30.0,1074.9,32247.0,2024-12-24
2024122404014429,SSHL,26,26,75.0,231.2,17340.0,2024-12-24
2024122404014428,SSHL,38,26,25.0,232.0,5800.0,2024-12-24
2024122404014427,UMRH,96,77,435.0,637.0,277095.0,2024-12-24
2024122404014426,UMRH,96,34,100.0,635.0,63500.0,2024-12-24
2024122404014425,UMRH,96,82,100.0,635.0,63500.0,2024-12-24
2024122404014424,UMRH,96,33,150.0,635.0,95250.0,2024-12-24
2024122404014423,UMRH,96,82,500.0,634.9,317450.0,2024-12-24
2024122404014422,UMRH,96,48,490.0,634.8,311052.0,2024-12-24
2024122404014421,UMRH,96,82,200.0,634.7,126940.0,2024-12-24
2024122404014420,UMRH,96,34,100.0,634.0,63400.0,2024-12-24
2024122404014419,UMRH,96,28,200.0,634.0,126800.0,2024-12-24
2024122404014418,UMRH,96,56,25.0,633.8,15845.0,2024-12-24
2024122404014417,UMRH,96,35,200.0,630.0,126000.0,2024-12-24
2024122404014416,TRH,16,60,10.0,1077.9,10779.0,2024-12-24
2024122405010611,RNLI,16,42,10.0,503.8,5038.0,2024-12-24
2024122401023192,CYCL,77,42,10.0,1620.0,16200.0,2024-12-24
2024122403016530,SAPDBL,43,98,50.0,1070.0,53500.0,2024-12-24
2024122403016529,SAPDBL,64,98,50.0,1081.1,54055.0,2024-12-24
2024122403016528,SAPDBL,71,98,100.0,1084.0,108400.0,2024-12-24
2024122403016527,SAPDBL,36,98,10.0,1084.2,10842.0,2024-12-24
2024122403016526,SAPDBL,62,98,90.0,1084.3,97587.0,2024-12-24
2024122401023191,SMHL,65,52,189.0,1200.9,226970.1,2024-12-24
2024122401023190,SMHL,57,52,10.0,1202.0,12020.0,2024-12-24
2024122403016525,NABBC,28,14,28.0,1283.1,35926.8,2024-12-24
2024122403016524,NABBC,28,21,10.0,1283.1,12831.0,2024-12-24
2024122403016523,NABBC,28,77,30.0,1282.0,38460.0,2024-12-24
2024122403016522,NABBC,28,40,50.0,1280.0,64000.0,2024-12-24
2024122403016521,NABBC,28,38,20.0,1279.0,25580.0,2024-12-24
2024122403016520,NABBC,28,50,30.0,1279.0,38370.0,2024-12-24
2024122403016519,NABBC,28,32,100.0,1278.4,127840.0,2024-12-24
2024122403016518,NABBC,28,48,50.0,1275.0,63750.0,2024-12-24
2024122403016517,NABBC,28,58,12.0,1272.0,15264.0,2024-12-24
2024122403016516,NABBC,28,48,20.0,1270.0,25400.0,2024-12-24
2024122403016515,NABBC,28,20,50.0,1270.0,63500.0,2024-12-24
2024122401023189,MMKJL,90,53,10.0,691.5,6915.0,2024-12-24
2024122401023188,PRVU,59,37,193.0,230.5,44486.5,2024-12-24
2024122401023187,PRVU,59,13,500.0,230.5,115250.0,2024-12-24
2024122401023186,PRVU,59,59,87.0,230.5,20053.5,2024-12-24
2024122401023185,PRVU,59,34,43.0,230.4,9907.2,2024-12-24
2024122401023184,PRVU,59,41,100.0,230.4,23040.0,2024-12-24
2024122401023183,PRVU,59,34,500.0,230.4,115200.0,2024-12-24
2024122401023182,PRVU,59,45,230.0,230.4,52992.0,2024-12-24
2024122401023181,PRVU,59,95,700.0,230.0,161000.0,2024-12-24
2024122401023180,PRVU,59,45,10.0,230.0,2300.0,2024-12-24
2024122401023179,PRVU,59,45,1000.0,230.0,230000.0,2024-12-24
2024122401023178,PRVU,59,45,500.0,230.0,115000.0,2024-12-24
2024122401023177,PRVU,59,32,30.0,230.0,6900.0,2024-12-24
2024122401023176,PRVU,59,21,1000.0,230.0,230000.0,2024-12-24
2024122401023175,PRVU,59,65,2107.0,230.0,484610.0,2024-12-24
2024122401023174,PRVU,59,22,1000.0,229.9,229900.0,2024-12-24
2024122401023173,PRVU,59,41,1900.0,229.9,436810.0,2024-12-24
2024122405010610,SONA,50,59,20.0,466.0,9320.0,2024-12-24
2024122401023172,SBL,50,58,90.0,308.0,27720.0,2024-12-24
2024122401023171,SBL,50,40,100.0,307.6,30760.0,2024-12-24
2024122401023170,SBL,50,20,110.0,306.0,33660.0,2024-12-24
2024122403016514,EDBL,42,5,443.0,633.0,280419.0,2024-12-24
2024122403016513,EDBL,72,5,20.0,633.1,12662.0,2024-12-24
2024122403016512,EDBL,28,5,37.0,634.0,23458.0,2024-12-24
2024122401023169,BHL,22,14,11.0,389.0,4279.0,2024-12-24
2024122404014415,JOSHI,22,32,100.0,521.6,52160.0,2024-12-24
2024122404014414,JOSHI,22,92,1000.0,511.0,511000.0,2024-12-24
2024122404014413,JOSHI,22,57,990.0,510.0,504900.0,2024-12-24
2024122404014412,JOSHI,22,34,745.0,470.2,350299.0,2024-12-24
2024122404014411,JOSHI,22,49,500.0,470.2,235100.0,2024-12-24
2024122404014410,JOSHI,22,8,500.0,470.2,235100.0,2024-12-24
2024122404014409,JOSHI,22,19,400.0,470.2,188080.0,2024-12-24
2024122404014408,JOSHI,22,34,10.0,470.2,4702.0,2024-12-24
2024122404014407,JOSHI,22,14,100.0,470.2,47020.0,2024-12-24
2024122404014406,JOSHI,22,14,20.0,470.2,9404.0,2024-12-24
2024122404014405,JOSHI,22,55,200.0,470.2,94040.0,2024-12-24
2024122404014404,JOSHI,22,14,100.0,470.2,47020.0,2024-12-24
2024122404014403,JOSHI,22,42,10.0,470.2,4702.0,2024-12-24
2024122404014402,JOSHI,22,69,1000.0,470.2,470200.0,2024-12-24
2024122404014401,JOSHI,22,74,490.0,470.2,230398.0,2024-12-24
2024122404014400,JOSHI,22,65,2500.0,470.2,1175500.0,2024-12-24
2024122404014399,JOSHI,22,34,30.0,470.0,14100.0,2024-12-24
2024122404014398,JOSHI,22,33,1000.0,470.0,470000.0,2024-12-24
2024122404014397,JOSHI,22,39,1500.0,470.0,705000.0,2024-12-24
2024122404014396,JOSHI,22,65,500.0,470.0,235000.0,2024-12-24
2024122404014395,JOSHI,22,42,1000.0,470.0,470000.0,2024-12-24
2024122404014394,JOSHI,22,59,2800.0,470.0,1316000.0,2024-12-24
2024122404014393,JOSHI,22,74,350.0,469.4,164290.0,2024-12-24
2024122404014392,JOSHI,22,21,100.0,469.2,46920.0,2024-12-24
2024122404014391,JOSHI,22,62,10.0,469.2,4692.0,2024-12-24
2024122404014390,JOSHI,22,58,509.0,469.2,238822.8,2024-12-24
2024122404014389,JOSHI,22,29,20.0,469.2,9384.0,2024-12-24
2024122404014388,JOSHI,22,61,500.0,469.2,234600.0,2024-12-24
2024122404014387,JOSHI,22,58,41.0,469.2,19237.2,2024-12-24
2024122404014386,JOSHI,22,62,10.0,469.2,4692.0,2024-12-24
2024122404014385,JOSHI,22,60,500.0,469.2,234600.0,2024-12-24
2024122404014384,JOSHI,22,47,1000.0,469.2,469200.0,2024-12-24
2024122404014383,JOSHI,22,50,10.0,469.2,4692.0,2024-12-24
2024122404014382,JOSHI,22,55,3000.0,469.2,1407600.0,2024-12-24
2024122404014381,JOSHI,22,49,1000.0,469.2,469200.0,2024-12-24
2024122404014380,JOSHI,22,4,28.0,469.2,13137.6,2024-12-24
2024122404014379,JOSHI,22,58,500.0,469.2,234600.0,2024-12-24
2024122404014378,JOSHI,22,32,20.0,469.2,9384.0,2024-12-24
2024122404014377,JOSHI,22,62,500.0,469.2,234600.0,2024-12-24
2024122404014376,JOSHI,22,49,500.0,469.2,234600.0,2024-12-24
2024122404014375,JOSHI,22,65,500.0,469.2,234600.0,2024-12-24
2024122404014374,JOSHI,22,17,500.0,469.2,234600.0,2024-12-24
2024122404014373,JOSHI,22,14,100.0,469.2,46920.0,2024-12-24
2024122404014372,JOSHI,22,16,500.0,469.2,234600.0,2024-12-24
2024122404014371,JOSHI,22,16,10.0,469.2,4692.0,2024-12-24
2024122404014370,JOSHI,22,1,155.0,469.2,72726.0,2024-12-24
2024122404014369,JOSHI,22,42,100.0,469.2,46920.0,2024-12-24
2024122404014368,JOSHI,22,42,100.0,469.2,46920.0,2024-12-24
2024122404014367,JOSHI,22,43,25.0,469.2,11730.0,2024-12-24
2024122404014366,JOSHI,22,86,50.0,469.2,23460.0,2024-12-24
2024122404014365,JOSHI,22,86,20.0,469.2,9384.0,2024-12-24
2024122404014364,JOSHI,22,34,2100.0,469.2,985320.0,2024-12-24
2024122404014363,JOSHI,22,34,100.0,469.2,46920.0,2024-12-24
2024122404014362,JOSHI,22,47,105.0,469.0,49245.0,2024-12-24
2024122404014361,JOSHI,22,26,25.0,469.0,11725.0,2024-12-24
2024122404014360,JOSHI,22,41,20.0,469.0,9380.0,2024-12-24
2024122404014359,JOSHI,22,36,300.0,469.0,140700.0,2024-12-24
2024122404014358,JOSHI,22,21,50.0,469.0,23450.0,2024-12-24
2024122404014357,JOSHI,22,42,1000.0,469.0,469000.0,2024-12-24
2024122404014356,JOSHI,22,38,150.0,469.0,70350.0,2024-12-24
2024122404014355,JOSHI,22,19,40.0,469.0,18760.0,2024-12-24
2024122404014354,JOSHI,22,64,85.0,469.0,39865.0,2024-12-24
2024122404014353,JOSHI,22,58,50.0,469.0,23450.0,2024-12-24
2024122404014352,JOSHI,22,50,10.0,469.0,4690.0,2024-12-24
2024122404014351,JOSHI,22,33,100.0,469.0,46900.0,2024-12-24
2024122404014350,JOSHI,22,26,500.0,469.0,234500.0,2024-12-24
2024122404014349,JOSHI,22,45,11.0,469.0,5159.0,2024-12-24
2024122404014348,JOSHI,22,70,50.0,469.0,23450.0,2024-12-24
2024122404014347,JOSHI,22,7,50.0,469.0,23450.0,2024-12-24
2024122404014346,JOSHI,22,42,300.0,469.0,140700.0,2024-12-24
2024122404014345,JOSHI,22,57,300.0,469.0,140700.0,2024-12-24
2024122404014344,JOSHI,22,36,200.0,469.0,93800.0,2024-12-24
2024122404014343,JOSHI,22,6,920.0,469.0,431480.0,2024-12-24
2024122404014342,JOSHI,22,41,500.0,469.0,234500.0,2024-12-24
2024122404014341,JOSHI,22,39,10.0,469.0,4690.0,2024-12-24
2024122404014340,JOSHI,22,58,300.0,469.0,140700.0,2024-12-24
2024122404014339,JOSHI,22,38,50.0,469.0,23450.0,2024-12-24
2024122404014338,JOSHI,22,58,1000.0,469.0,469000.0,2024-12-24
2024122404014337,JOSHI,22,32,100.0,469.0,46900.0,2024-12-24
2024122404014336,JOSHI,22,57,100.0,469.0,46900.0,2024-12-24
2024122404014335,JOSHI,22,41,10.0,469.0,4690.0,2024-12-24
2024122404014334,JOSHI,22,38,10.0,469.0,4690.0,2024-12-24
2024122404014333,JOSHI,22,48,30.0,469.0,14070.0,2024-12-24
2024122404014332,JOSHI,22,32,2000.0,469.0,938000.0,2024-12-24
2024122404014331,JOSHI,22,43,500.0,468.9,234450.0,2024-12-24
2024122404014330,JOSHI,22,58,140.0,468.9,65646.0,2024-12-24
2024122404014329,JOSHI,22,34,70.0,468.9,32823.0,2024-12-24
2024122404014328,JOSHI,22,58,250.0,468.8,117200.0,2024-12-24
2024122404014327,JOSHI,22,26,50.0,468.8,23440.0,2024-12-24
2024122404014326,JOSHI,22,28,100.0,468.7,46870.0,2024-12-24
2024122404014325,JOSHI,22,52,100.0,468.6,46860.0,2024-12-24
2024122404014324,JOSHI,22,22,320.0,468.0,149760.0,2024-12-24
2024122404014323,JOSHI,22,21,40.0,468.0,18720.0,2024-12-24
2024122404014322,JOSHI,22,41,200.0,468.0,93600.0,2024-12-24
2024122404014321,JOSHI,22,41,18.0,468.0,8424.0,2024-12-24
2024122404014320,JOSHI,22,26,100.0,468.0,46800.0,2024-12-24
2024122404014319,JOSHI,22,45,1500.0,468.0,702000.0,2024-12-24
2024122404014318,JOSHI,22,6,1000.0,468.0,468000.0,2024-12-24
2024122404014317,JOSHI,22,6,100.0,468.0,46800.0,2024-12-24
2024122404014316,JOSHI,22,49,20.0,468.0,9360.0,2024-12-24
2024122404014315,JOSHI,22,40,100.0,467.5,46750.0,2024-12-24
2024122404014314,JOSHI,22,57,150.0,467.0,70050.0,2024-12-24
2024122404014313,JOSHI,22,32,800.0,467.0,373600.0,2024-12-24
2024122404014312,JOSHI,22,54,100.0,467.0,46700.0,2024-12-24
2024122404014311,JOSHI,22,17,100.0,465.0,46500.0,2024-12-24
2024122404014310,JOSHI,22,41,10.0,465.0,4650.0,2024-12-24
2024122404014309,JOSHI,22,58,180.0,465.0,83700.0,2024-12-24
2024122404014308,JOSHI,22,48,1000.0,465.0,465000.0,2024-12-24
2024122404014307,JOSHI,22,58,10.0,465.0,4650.0,2024-12-24
2024122404014306,JOSHI,22,41,80.0,464.0,37120.0,2024-12-24
2024122404014305,JOSHI,22,47,40.0,459.9,18396.0,2024-12-24
2024122401023168,PPL,43,99,10.0,552.9,5529.0,2024-12-24
2024122401023167,RBCLPO,34,39,10.0,12550.0,125500.0,2024-12-24
2024122404014304,OHL,20,19,230.0,887.0,204010.0,2024-12-24
2024122404014303,OHL,39,19,10.0,888.0,8880.0,2024-12-24
2024122404014302,OHL,7,19,100.0,888.1,88810.0,2024-12-24
2024122404014301,OHL,42,19,30.0,888.2,26646.0,2024-12-24
2024122404014300,MHNL,19,17,10.0,266.0,2660.0,2024-12-24
2024122403016511,NFS,72,14,10.0,1074.9,10749.0,2024-12-24
2024122405010609,HRL,41,34,10.0,802.5,8025.0,2024-12-24
2024122404014299,KKHC,58,38,35.0,388.5,13597.5,2024-12-24
2024122404014298,API,38,98,10.0,263.3,2633.0,2024-12-24
2024122403016510,NABBC,56,20,170.0,1270.0,215900.0,2024-12-24
2024122403016509,NABBC,56,48,70.0,1269.0,88830.0,2024-12-24
2024122403016508,NABBC,56,45,60.0,1268.9,76134.0,2024-12-24
2024122404014297,UPPER,17,21,100.0,205.5,20550.0,2024-12-24
2024122405010608,MBJC,3,52,20.0,341.0,6820.0,2024-12-24
2024122401023166,TVCL,81,3,10.0,560.1,5601.0,2024-12-24
2024122403016507,SLBSL,62,62,10.0,2054.8,20548.0,2024-12-24
2024122403016506,SLBSL,62,62,10.0,2053.0,20530.0,2024-12-24
2024122403016505,SLBSL,62,57,180.0,1884.9,339282.0,2024-12-24
2024122403016504,SLBSL,62,66,50.0,1884.9,94245.0,2024-12-24
2024122403016503,SLBSL,62,17,20.0,1884.9,37698.0,2024-12-24
2024122403016502,SLBSL,62,58,50.0,1884.9,94245.0,2024-12-24
2024122403016501,SLBSL,62,38,50.0,1884.0,94200.0,2024-12-24
2024122403016500,SLBSL,62,47,14.0,1876.8,26275.2,2024-12-24
2024122403016499,SLBSL,62,57,10.0,1876.7,18767.0,2024-12-24
2024122403016498,SLBSL,62,45,100.0,1876.0,187600.0,2024-12-24
2024122403016497,SLBSL,62,43,20.0,1876.0,37520.0,2024-12-24
2024122403016496,SLBSL,62,55,25.0,1876.0,46900.0,2024-12-24
2024122403016495,SLBSL,62,62,100.0,1876.0,187600.0,2024-12-24
2024122403016494,SLBSL,62,57,10.0,1873.7,18737.0,2024-12-24
2024122403016493,SLBSL,62,50,15.0,1873.7,28105.5,2024-12-24
2024122403016492,SLBSL,62,62,100.0,1873.0,187300.0,2024-12-24
2024122403016491,SLBSL,62,55,25.0,1872.0,46800.0,2024-12-24
2024122403016490,SLBSL,62,55,20.0,1871.0,37420.0,2024-12-24
2024122403016489,SLBSL,62,19,10.0,1871.0,18710.0,2024-12-24
2024122403016488,SLBSL,62,55,30.0,1870.0,56100.0,2024-12-24
2024122403016487,SLBSL,62,49,50.0,1870.0,93500.0,2024-12-24
2024122403016486,SLBSL,62,66,17.0,1867.7,31750.9,2024-12-24
2024122403016485,SLBSL,62,43,230.0,1867.6,429548.0,2024-12-24
2024122403016484,SLBSL,62,38,10.0,1867.0,18670.0,2024-12-24
2024122403016483,SLBSL,62,36,245.0,1866.8,457366.0,2024-12-24
2024122401023165,SAMAJ,58,28,14.0,3501.0,49014.0,2024-12-24
2024122403016482,RLFL,87,95,20.0,610.0,12200.0,2024-12-24
2024122401023164,RHGCL,42,13,100.0,532.0,53200.0,2024-12-24
2024122401023163,EBL,81,48,24.0,580.0,13920.0,2024-12-24
2024122401023162,EBL,81,25,56.0,579.9,32474.4,2024-12-24
2024122401023161,EBL,81,32,40.0,579.0,23160.0,2024-12-24
2024122401023160,DLBS,57,39,60.0,1685.0,101100.0,2024-12-24
2024122401023159,DLBS,57,52,140.0,1683.0,235620.0,2024-12-24
2024122401023158,MBL,34,49,1733.0,234.1,405695.3,2024-12-24
2024122401023157,MBL,47,49,1000.0,234.2,234200.0,2024-12-24
2024122401023156,MBL,41,49,15.0,234.4,3516.0,2024-12-24
2024122401023155,MBL,22,49,150.0,234.4,35160.0,2024-12-24
2024122401023154,MBL,22,49,100.0,234.5,23450.0,2024-12-24
2024122401023153,MBL,34,49,2234.0,234.6,524096.4,2024-12-24
2024122401023152,MBL,41,49,200.0,236.0,47200.0,2024-12-24
2024122401023151,MBL,56,49,268.0,238.0,63784.0,2024-12-24
2024122404014296,HPPL,45,6,190.0,409.9,77881.0,2024-12-24
2024122404014295,HPPL,45,44,10.0,409.8,4098.0,2024-12-24
2024122404014294,HPPL,45,44,10.0,409.7,4097.0,2024-12-24
2024122404014293,HPPL,45,22,100.0,409.0,40900.0,2024-12-24
2024122404014292,HPPL,45,58,100.0,409.0,40900.0,2024-12-24
2024122404014291,HPPL,45,14,990.0,406.0,401940.0,2024-12-24
2024122404014290,AKJCL,29,45,100.0,202.1,20210.0,2024-12-24
2024122401023150,TSHL,1,70,200.0,880.0,176000.0,2024-12-24
2024122401023149,TSHL,1,91,10.0,880.0,8800.0,2024-12-24
2024122404014289,HDHPC,26,57,53.0,204.0,10812.0,2024-12-24
2024122405010607,STC,57,60,10.0,5654.0,56540.0,2024-12-24
2024122405010606,STC,22,60,10.0,5660.0,56600.0,2024-12-24
2024122405010605,STC,22,60,10.0,5660.1,56601.0,2024-12-24
2024122405010604,STC,21,60,10.0,5661.3,56613.0,2024-12-24
2024122405010603,STC,38,60,10.0,5662.0,56620.0,2024-12-24
2024122405010602,STC,19,60,10.0,5662.0,56620.0,2024-12-24
2024122405010601,STC,49,60,40.0,5663.0,226520.0,2024-12-24
2024122405010600,STC,16,60,10.0,5664.0,56640.0,2024-12-24
2024122403016481,GRDBL,60,62,38.0,1047.9,39820.2,2024-12-24
2024122403016480,GRDBL,60,58,12.0,1047.0,12564.0,2024-12-24
2024122403016479,GRDBL,60,49,30.0,1046.9,31407.0,2024-12-24
2024122403016478,GRDBL,60,67,20.0,1045.0,20900.0,2024-12-24
2024122404014288,HPPL,94,14,10.0,406.0,4060.0,2024-12-24
2024122404014287,BARUN,16,10,10.0,411.0,4110.0,2024-12-24
2024122401023148,SARBTM,38,85,210.0,765.0,160650.0,2024-12-24
2024122401023147,SARBTM,36,85,50.0,765.0,38250.0,2024-12-24
2024122401023146,SARBTM,38,85,500.0,766.0,383000.0,2024-12-24
2024122401023145,SARBTM,21,85,16.0,766.4,12262.4,2024-12-24
2024122401023144,SARBTM,36,85,50.0,767.0,38350.0,2024-12-24
2024122401023143,SARBTM,21,85,25.0,768.0,19200.0,2024-12-24
2024122401023142,SARBTM,58,85,20.0,768.0,15360.0,2024-12-24
2024122401023141,SARBTM,47,85,100.0,768.0,76800.0,2024-12-24
2024122401023140,SARBTM,55,85,375.0,768.1,288037.5,2024-12-24
2024122401023139,SARBTM,45,85,300.0,768.5,230550.0,2024-12-24
2024122401023138,SARBTM,52,85,382.0,768.5,293567.0,2024-12-24
2024122401023137,SARBTM,22,85,500.0,768.6,384300.0,2024-12-24
2024122401023136,SARBTM,41,85,30.0,768.7,23061.0,2024-12-24
2024122401023135,SARBTM,58,85,30.0,769.0,23070.0,2024-12-24
2024122403016477,SJLIC,52,25,10.0,452.0,4520.0,2024-12-24
2024122401023134,DOLTI,36,28,10.0,693.0,6930.0,2024-12-24
2024122403016476,MSLB,32,42,10.0,1490.0,14900.0,2024-12-24
2024122403016475,SINDU,71,74,10.0,939.0,9390.0,2024-12-24
2024122401023133,KDL,42,1,10.0,1169.0,11690.0,2024-12-24
2024122401023132,KBL,42,48,2640.0,215.6,569184.0,2024-12-24
2024122401023131,KBL,42,56,34.0,215.5,7327.0,2024-12-24
2024122401023130,KBL,42,14,75.0,215.1,16132.5,2024-12-24
2024122401023129,KBL,42,17,1000.0,215.0,215000.0,2024-12-24
2024122401023128,KBL,42,60,251.0,215.0,53965.0,2024-12-24
2024122404014286,HURJA,59,35,10.0,232.4,2324.0,2024-12-24
2024122401023127,EHPL,42,56,10.0,783.0,7830.0,2024-12-24
2024122403016474,MLBBL,42,49,171.0,1722.0,294462.0,2024-12-24
2024122403016473,MLBBL,42,82,50.0,1720.0,86000.0,2024-12-24
2024122403016472,MLBBL,42,99,92.0,1715.0,157780.0,2024-12-24
2024122405010599,SMJC,50,17,10.0,530.0,5300.0,2024-12-24
2024122405010598,SMJC,50,14,10.0,529.0,5290.0,2024-12-24
2024122405010597,HRL,50,40,50.0,803.0,40150.0,2024-12-24
2024122404014285,AKPL,17,26,362.0,239.4,86662.8,2024-12-24
2024122404014284,AKPL,17,58,86.0,239.0,20554.0,2024-12-24
2024122404014283,AKPL,17,34,200.0,238.0,47600.0,2024-12-24
2024122404014282,AKPL,17,48,850.0,238.0,202300.0,2024-12-24
2024122404014281,AKPL,17,52,472.0,238.0,112336.0,2024-12-24
2024122404014280,AKPL,17,38,30.0,237.5,7125.0,2024-12-24
2024122404014279,JOSHI,26,22,275.0,445.9,122622.5,2024-12-24
2024122404014278,JOSHI,61,22,100.0,446.9,44690.0,2024-12-24
2024122404014277,JOSHI,94,22,500.0,447.0,223500.0,2024-12-24
2024122404014276,JOSHI,34,22,8000.0,447.9,3583200.0,2024-12-24
2024122404014275,JOSHI,74,22,280.0,447.9,125412.0,2024-12-24
2024122404014274,JOSHI,33,22,100.0,450.0,45000.0,2024-12-24
2024122404014273,JOSHI,45,22,25.0,450.0,11250.0,2024-12-24
2024122404014272,JOSHI,74,22,140.0,450.0,63000.0,2024-12-24
2024122404014271,JOSHI,42,22,303.0,450.2,136410.6,2024-12-24
2024122404014270,JOSHI,34,22,4800.0,450.2,2160960.0,2024-12-24
2024122404014269,JOSHI,71,22,1000.0,450.3,450300.0,2024-12-24
2024122404014268,JOSHI,51,22,284.0,450.4,127913.6,2024-12-24
2024122404014267,JOSHI,98,22,2000.0,450.5,901000.0,2024-12-24
2024122404014266,JOSHI,5,22,300.0,450.5,135150.0,2024-12-24
2024122404014265,JOSHI,17,22,1000.0,450.5,450500.0,2024-12-24
2024122404014264,JOSHI,29,22,2100.0,450.5,946050.0,2024-12-24
2024122404014263,JOSHI,14,22,50.0,450.5,22525.0,2024-12-24
2024122404014262,JOSHI,44,22,100.0,450.5,45050.0,2024-12-24
2024122404014261,JOSHI,46,22,17.0,450.5,7658.5,2024-12-24
2024122404014260,JOSHI,58,22,10.0,450.5,4505.0,2024-12-24
2024122404014259,JOSHI,13,22,1000.0,450.6,450600.0,2024-12-24
2024122404014258,JOSHI,7,22,111.0,450.6,50016.6,2024-12-24
2024122404014257,JOSHI,42,22,50.0,450.6,22530.0,2024-12-24
2024122404014256,JOSHI,71,22,2500.0,450.6,1126500.0,2024-12-24
2024122404014255,JOSHI,19,22,200.0,450.6,90120.0,2024-12-24
2024122404014254,JOSHI,26,22,25.0,450.6,11265.0,2024-12-24
2024122404014253,JOSHI,45,22,500.0,450.6,225300.0,2024-12-24
2024122404014252,JOSHI,26,22,200.0,450.6,90120.0,2024-12-24
2024122404014251,JOSHI,74,22,500.0,450.8,225400.0,2024-12-24
2024122404014250,JOSHI,8,22,500.0,450.8,225400.0,2024-12-24
2024122404014249,JOSHI,22,22,100.0,450.8,45080.0,2024-12-24
2024122404014248,JOSHI,33,22,2000.0,450.8,901600.0,2024-12-24
2024122404014247,JOSHI,6,22,500.0,450.8,225400.0,2024-12-24
2024122404014246,JOSHI,7,22,500.0,450.8,225400.0,2024-12-24
2024122404014245,JOSHI,5,22,90.0,450.8,40572.0,2024-12-24
2024122404014244,JOSHI,1,22,500.0,450.8,225400.0,2024-12-24
2024122404014243,JOSHI,77,22,100.0,450.8,45080.0,2024-12-24
2024122404014242,JOSHI,53,22,1000.0,450.8,450800.0,2024-12-24
2024122404014241,JOSHI,17,22,250.0,450.8,112700.0,2024-12-24
2024122404014240,JOSHI,48,22,150.0,450.8,67620.0,2024-12-24
2024122404014239,JOSHI,38,22,50.0,450.8,22540.0,2024-12-24
2024122404014238,JOSHI,49,22,200.0,450.8,90160.0,2024-12-24
2024122404014237,JOSHI,58,22,50.0,450.8,22540.0,2024-12-24
2024122404014236,JOSHI,17,22,500.0,450.8,225400.0,2024-12-24
2024122404014235,JOSHI,34,22,200.0,450.8,90160.0,2024-12-24
2024122404014234,JOSHI,7,22,1000.0,450.8,450800.0,2024-12-24
2024122404014233,JOSHI,49,22,368.0,450.8,165894.4,2024-12-24
2024122404014232,JOSHI,54,22,300.0,450.8,135240.0,2024-12-24
2024122404014231,JOSHI,32,22,11.0,450.8,4958.8,2024-12-24
2024122404014230,JOSHI,47,22,50.0,450.8,22540.0,2024-12-24
2024122404014229,JOSHI,58,22,1800.0,450.8,811440.0,2024-12-24
2024122404014228,JOSHI,16,22,1000.0,450.8,450800.0,2024-12-24
2024122404014227,JOSHI,58,22,100.0,450.8,45080.0,2024-12-24
2024122404014226,JOSHI,32,22,10.0,450.8,4508.0,2024-12-24
2024122404014225,JOSHI,47,22,200.0,450.8,90160.0,2024-12-24
2024122404014224,JOSHI,11,22,500.0,450.8,225400.0,2024-12-24
2024122404014223,JOSHI,38,22,1000.0,450.8,450800.0,2024-12-24
2024122404014222,JOSHI,6,22,200.0,450.8,90160.0,2024-12-24
2024122404014221,JOSHI,47,22,400.0,450.8,180320.0,2024-12-24
2024122404014220,JOSHI,1,22,300.0,450.8,135240.0,2024-12-24
2024122404014219,JOSHI,66,22,150.0,450.8,67620.0,2024-12-24
2024122404014218,JOSHI,51,22,100.0,450.8,45080.0,2024-12-24
2024122404014217,JOSHI,29,22,200.0,450.8,90160.0,2024-12-24
2024122404014216,JOSHI,41,22,20.0,450.8,9016.0,2024-12-24
2024122404014215,JOSHI,22,22,50.0,450.8,22540.0,2024-12-24
2024122404014214,JOSHI,51,22,25.0,450.8,11270.0,2024-12-24
2024122404014213,JOSHI,61,22,200.0,450.8,90160.0,2024-12-24
2024122404014212,JOSHI,61,22,300.0,450.8,135240.0,2024-12-24
2024122404014211,JOSHI,45,22,500.0,450.8,225400.0,2024-12-24
2024122404014210,JOSHI,47,22,200.0,450.8,90160.0,2024-12-24
2024122404014209,JOSHI,6,22,100.0,450.8,45080.0,2024-12-24
2024122404014208,JOSHI,50,22,80.0,450.8,36064.0,2024-12-24
2024122404014207,JOSHI,42,22,50.0,450.8,22540.0,2024-12-24
2024122404014206,JOSHI,51,22,1000.0,450.8,450800.0,2024-12-24
2024122404014205,JOSHI,71,22,300.0,450.8,135240.0,2024-12-24
2024122404014204,JOSHI,71,22,200.0,450.8,90160.0,2024-12-24
2024122404014203,JOSHI,67,22,100.0,450.8,45080.0,2024-12-24
2024122404014202,JOSHI,38,22,500.0,450.8,225400.0,2024-12-24
2024122404014201,JOSHI,71,22,818.0,450.8,368754.4,2024-12-24
2024122401023126,MHCL,60,14,10.0,549.0,5490.0,2024-12-24
2024122401023125,SNLI,14,14,2.0,618.1,1236.2,2024-12-24
2024122405010596,MEL,63,62,330.0,317.6,104808.0,2024-12-24
2024122405010595,MEL,63,39,120.0,317.5,38100.0,2024-12-24
2024122405010594,MEL,63,49,10.0,316.0,3160.0,2024-12-24
2024122405010593,MEL,63,54,20.0,316.0,6320.0,2024-12-24
2024122405010592,MEL,63,32,10.0,316.0,3160.0,2024-12-24
2024122405010591,MEL,63,34,700.0,316.0,221200.0,2024-12-24
2024122405010590,MEL,63,42,710.0,315.9,224289.0,2024-12-24
2024122405010589,MEL,63,21,10.0,315.0,3150.0,2024-12-24
2024122405010588,MEL,63,35,10.0,315.0,3150.0,2024-12-24
2024122405010587,MEL,63,51,80.0,315.0,25200.0,2024-12-24
2024122405010586,STC,53,48,10.0,5699.0,56990.0,2024-12-24
2024122404014200,SPIL,44,32,10.0,793.0,7930.0,2024-12-24
2024122405010585,NRIC,21,57,50.0,738.0,36900.0,2024-12-24
2024122405010584,NRIC,21,16,200.0,738.0,147600.0,2024-12-24
2024122405010583,NRIC,21,42,350.0,738.0,258300.0,2024-12-24
2024122405010582,NRIC,21,14,130.0,737.9,95927.0,2024-12-24
2024122405010581,NRIC,21,34,10.0,737.9,7379.0,2024-12-24
2024122405010580,NRIC,21,16,50.0,737.0,36850.0,2024-12-24
2024122405010579,NRIC,21,19,11.0,736.9,8105.9,2024-12-24
2024122403016471,KRBL,21,68,100.0,807.0,80700.0,2024-12-24
2024122403016470,KRBL,21,75,127.0,807.0,102489.0,2024-12-24
2024122404014199,SPDL,21,89,250.0,334.0,83500.0,2024-12-24
2024122405010578,VLUCL,65,4,10.0,672.0,6720.0,2024-12-24
2024122405010577,VLUCL,65,14,20.0,670.0,13400.0,2024-12-24
2024122405010576,NRN,58,6,50.0,959.0,47950.0,2024-12-24
2024122403016469,NFS,72,58,100.0,1074.9,107490.0,2024-12-24
2024122401023124,HHL,58,48,15.0,553.0,8295.0,2024-12-24
2024122405010575,HATHY,57,57,20.0,1352.0,27040.0,2024-12-24
2024122403016468,SINDU,88,74,10.0,939.0,9390.0,2024-12-24
2024122401023123,GBIME,45,14,10.0,228.8,2288.0,2024-12-24
2024122404014198,GHL,1,59,20.0,208.4,4168.0,2024-12-24
2024122404014197,KKHC,96,52,837.0,393.0,328941.0,2024-12-24
2024122404014196,KKHC,96,25,500.0,393.0,196500.0,2024-12-24
2024122404014195,KKHC,96,88,100.0,392.8,39280.0,2024-12-24
2024122404014194,KKHC,96,53,500.0,392.4,196200.0,2024-12-24
2024122404014193,KKHC,96,55,100.0,392.0,39200.0,2024-12-24
2024122404014192,KKHC,96,66,500.0,390.0,195000.0,2024-12-24
2024122404014191,KKHC,96,48,100.0,390.0,39000.0,2024-12-24
2024122404014190,KKHC,96,1,300.0,390.0,117000.0,2024-12-24
2024122404014189,KKHC,96,7,1453.0,389.0,565217.0,2024-12-24
2024122404014188,KKHC,96,29,610.0,388.9,237229.0,2024-12-24
2024122401023122,BHPL,67,58,200.0,899.9,179980.0,2024-12-24
2024122401023121,BHPL,67,50,50.0,898.0,44900.0,2024-12-24
2024122401023120,BHPL,67,38,100.0,895.0,89500.0,2024-12-24
2024122401023119,BHPL,67,38,144.0,895.0,128880.0,2024-12-24
2024122403016467,JFL,41,34,311.0,920.0,286120.0,2024-12-24
2024122403016466,JFL,41,49,500.0,920.0,460000.0,2024-12-24
2024122403016465,JFL,41,57,100.0,920.0,92000.0,2024-12-24
2024122403016464,JFL,41,11,50.0,920.0,46000.0,2024-12-24
2024122403016463,JFL,41,41,20.0,920.0,18400.0,2024-12-24
2024122403016462,JFL,41,64,220.0,920.0,202400.0,2024-12-24
2024122403016461,JFL,41,58,40.0,918.0,36720.0,2024-12-24
2024122403016460,JFL,41,36,409.0,917.9,375421.1,2024-12-24
2024122403016459,JFL,41,29,300.0,910.0,273000.0,2024-12-24
2024122403016458,JFL,41,58,50.0,910.0,45500.0,2024-12-24
2024122401023118,TPC,49,66,130.0,540.0,70200.0,2024-12-24
2024122401023117,TPC,34,66,180.0,540.0,97200.0,2024-12-24
2024122401023116,TPC,7,66,200.0,540.1,108020.0,2024-12-24
2024122401023115,TPC,3,66,1500.0,540.2,810300.0,2024-12-24
2024122401023114,TPC,58,66,200.0,542.0,108400.0,2024-12-24
2024122401023113,TPC,3,66,400.0,542.1,216840.0,2024-12-24
2024122404014187,NGPL,52,44,30.0,267.0,8010.0,2024-12-24
2024122405010574,PHCL,6,52,500.0,535.0,267500.0,2024-12-24
2024122403016457,SINDU,52,74,10.0,939.0,9390.0,2024-12-24
2024122403016456,FMDBL,90,34,20.0,762.0,15240.0,2024-12-24
2024122401023112,BEDC,26,8,233.0,731.0,170323.0,2024-12-24
2024122403016455,KSBBL,14,25,11.0,447.9,4926.9,2024-12-24
2024122403016454,KSBBL,14,57,199.0,445.0,88555.0,2024-12-24
2024122403016453,PFL,66,51,50.0,631.0,31550.0,2024-12-24
2024122403016452,GLBSL,48,34,40.0,2376.0,95040.0,2024-12-24
2024122401023111,EHPL,51,56,25.0,783.0,19575.0,2024-12-24
2024122401023110,SPC,90,69,70.0,518.9,36323.0,2024-12-24
2024122401023109,SPC,66,69,100.0,518.9,51890.0,2024-12-24
2024122401023108,SPC,57,69,50.0,519.0,25950.0,2024-12-24
2024122403016451,KRBL,38,75,200.0,807.0,161400.0,2024-12-24
2024122404014186,SPIL,11,38,230.0,786.3,180849.0,2024-12-24
2024122401023107,BHPL,62,38,56.0,895.0,50120.0,2024-12-24
2024122401023106,BHPL,62,56,50.0,894.9,44745.0,2024-12-24
2024122401023105,BHPL,62,58,94.0,890.0,83660.0,2024-12-24
2024122401023104,BHPL,62,1,100.0,890.0,89000.0,2024-12-24
2024122401023103,BHPL,62,16,20.0,889.9,17798.0,2024-12-24
2024122401023102,BHPL,62,16,150.0,889.9,133485.0,2024-12-24
2024122401023101,BHPL,62,42,30.0,889.8,26694.0,2024-12-24
2024122403016450,SLBSL,62,36,305.0,1866.8,569374.0,2024-12-24
2024122403016449,SLBSL,62,26,35.0,1866.6,65331.0,2024-12-24
2024122403016448,SLBSL,62,45,500.0,1866.0,933000.0,2024-12-24
2024122403016447,SLBSL,62,25,20.0,1866.0,37320.0,2024-12-24
2024122403016446,SLBSL,62,22,20.0,1866.0,37320.0,2024-12-24
2024122403016445,SLBSL,62,101,30.0,1866.0,55980.0,2024-12-24
2024122403016444,SLBSL,62,40,14.0,1865.0,26110.0,2024-12-24
2024122403016443,SLBSL,62,35,200.0,1865.0,373000.0,2024-12-24
2024122403016442,SLBSL,62,21,38.0,1864.0,70832.0,2024-12-24
2024122403016441,SLBSL,62,42,14.0,1863.6,26090.4,2024-12-24
2024122403016440,SLBSL,62,10,20.0,1863.0,37260.0,2024-12-24
2024122403016439,SLBSL,62,21,105.0,1863.0,195615.0,2024-12-24
2024122403016438,SLBSL,62,22,30.0,1862.0,55860.0,2024-12-24
2024122403016437,SLBSL,62,41,14.0,1862.0,26068.0,2024-12-24
2024122403016436,SLBSL,62,47,95.0,1862.0,176890.0,2024-12-24
2024122403016435,SLBSL,62,58,60.0,1862.0,111720.0,2024-12-24
2024122403016434,SLBSL,62,58,40.0,1861.5,74460.0,2024-12-24
2024122403016433,SLBSL,62,41,20.0,1861.5,37230.0,2024-12-24
2024122403016432,SLBSL,62,38,20.0,1860.0,37200.0,2024-12-24
2024122403016431,SLBSL,62,35,50.0,1857.4,92870.0,2024-12-24
2024122403016430,SLBSL,62,66,250.0,1856.0,464000.0,2024-12-24
2024122403016429,SLBSL,62,58,100.0,1855.0,185500.0,2024-12-24
2024122403016428,SLBSL,62,38,10.0,1851.0,18510.0,2024-12-24
2024122403016427,SLBSL,62,14,10.0,1850.0,18500.0,2024-12-24
2024122405010573,NRM,34,13,50.0,440.0,22000.0,2024-12-24
2024122401023100,TAMOR,45,50,10.0,514.0,5140.0,2024-12-24
2024122405010572,PHCL,7,80,125.0,536.0,67000.0,2024-12-24
2024122403016426,MPFL,67,62,50.0,710.0,35500.0,2024-12-24
2024122403016425,JFL,1,41,100.0,888.3,88830.0,2024-12-24
2024122403016424,JFL,54,41,100.0,888.3,88830.0,2024-12-24
2024122403016423,JFL,54,41,100.0,888.3,88830.0,2024-12-24
2024122403016422,JFL,22,41,188.0,888.3,167000.4,2024-12-24
2024122403016421,JFL,26,41,100.0,888.3,88830.0,2024-12-24
2024122403016420,JFL,57,41,150.0,888.3,133245.0,2024-12-24
2024122403016419,JFL,62,41,200.0,888.3,177660.0,2024-12-24
2024122403016418,JFL,45,41,100.0,888.3,88830.0,2024-12-24
2024122403016417,JFL,38,41,400.0,888.3,355320.0,2024-12-24
2024122403016416,JFL,58,41,23.0,888.3,20430.9,2024-12-24
2024122403016415,JFL,16,41,1801.0,888.3,1599828.3,2024-12-24
2024122403016414,JFL,26,41,50.0,888.3,44415.0,2024-12-24
2024122403016413,JFL,14,41,40.0,888.3,35532.0,2024-12-24
2024122403016412,JFL,55,41,10.0,888.3,8883.0,2024-12-24
2024122403016411,JFL,98,41,1000.0,888.3,888300.0,2024-12-24
2024122403016410,JFL,50,41,100.0,888.3,88830.0,2024-12-24
2024122403016409,JFL,41,41,25.0,888.3,22207.5,2024-12-24
2024122403016408,JFL,26,41,50.0,888.3,44415.0,2024-12-24
2024122403016407,JFL,13,41,50.0,888.3,44415.0,2024-12-24
2024122403016406,JFL,19,41,100.0,888.3,88830.0,2024-12-24
2024122403016405,JFL,5,41,10.0,888.3,8883.0,2024-12-24
2024122403016404,JFL,37,41,300.0,888.3,266490.0,2024-12-24
2024122403016403,JFL,80,41,100.0,888.5,88850.0,2024-12-24
2024122403016402,JFL,53,41,20.0,888.8,17776.0,2024-12-24
2024122403016401,JFL,21,41,20.0,888.9,17778.0,2024-12-24
2024122403016400,JFL,67,41,400.0,888.9,355560.0,2024-12-24
2024122403016399,JFL,22,41,50.0,888.9,44445.0,2024-12-24
2024122403016398,JFL,64,41,1000.0,888.9,888900.0,2024-12-24
2024122403016397,JFL,26,41,100.0,888.9,88890.0,2024-12-24
2024122403016396,JFL,1,41,400.0,888.9,355560.0,2024-12-24
2024122403016395,JFL,6,41,55.0,888.9,48889.5,2024-12-24
2024122403016394,JFL,29,41,110.0,888.9,97779.0,2024-12-24
2024122403016393,JFL,44,41,100.0,888.9,88890.0,2024-12-24
2024122403016392,JFL,53,41,200.0,888.9,177780.0,2024-12-24
2024122403016391,JFL,14,41,24.0,888.9,21333.6,2024-12-24
2024122403016390,JFL,74,41,16.0,888.9,14222.4,2024-12-24
2024122403016389,JFL,16,41,100.0,888.9,88890.0,2024-12-24
2024122403016388,JFL,7,41,500.0,888.9,444450.0,2024-12-24
2024122403016387,JFL,5,41,250.0,888.9,222225.0,2024-12-24
2024122403016386,JFL,39,41,20.0,888.9,17778.0,2024-12-24
2024122403016385,JFL,44,41,250.0,888.9,222225.0,2024-12-24
2024122403016384,JFL,58,41,100.0,888.9,88890.0,2024-12-24
2024122403016383,JFL,57,41,300.0,888.9,266670.0,2024-12-24
2024122403016382,JFL,39,41,1000.0,889.0,889000.0,2024-12-24
2024122403016381,JFL,21,41,310.0,889.0,275590.0,2024-12-24
2024122403016380,JFL,10,41,350.0,889.0,311150.0,2024-12-24
2024122403016379,JFL,7,41,33.0,889.0,29337.0,2024-12-24
2024122403016378,JFL,50,41,40.0,889.0,35560.0,2024-12-24
2024122403016377,JFL,61,41,200.0,889.0,177800.0,2024-12-24
2024122403016376,JFL,48,41,200.0,889.0,177800.0,2024-12-24
2024122403016375,JFL,34,41,200.0,889.0,177800.0,2024-12-24
2024122403016374,JFL,53,41,15.0,889.0,13335.0,2024-12-24
2024122403016373,JFL,44,41,200.0,889.0,177800.0,2024-12-24
2024122403016372,JFL,42,41,20.0,889.0,17780.0,2024-12-24
2024122403016371,JFL,49,41,1000.0,889.0,889000.0,2024-12-24
2024122403016370,JFL,62,41,10.0,889.0,8890.0,2024-12-24
2024122403016369,JFL,26,41,100.0,889.0,88900.0,2024-12-24
2024122403016368,JFL,57,41,100.0,889.0,88900.0,2024-12-24
2024122403016367,JFL,5,41,120.0,889.0,106680.0,2024-12-24
2024122403016366,JFL,21,41,30.0,889.0,26670.0,2024-12-24
2024122403016365,JFL,47,41,300.0,889.0,266700.0,2024-12-24
2024122403016364,JFL,25,41,100.0,889.0,88900.0,2024-12-24
2024122403016363,JFL,57,41,10.0,889.0,8890.0,2024-12-24
2024122403016362,JFL,61,41,1000.0,889.0,889000.0,2024-12-24
2024122403016361,JFL,20,41,10.0,889.2,8892.0,2024-12-24
2024122403016360,JFL,47,41,50.0,889.2,44460.0,2024-12-24
2024122403016359,JFL,22,41,50.0,889.2,44460.0,2024-12-24
2024122403016358,JFL,34,41,20.0,889.5,17790.0,2024-12-24
2024122403016357,JFL,74,41,500.0,889.5,444750.0,2024-12-24
2024122403016356,JFL,11,41,10.0,889.5,8895.0,2024-12-24
2024122403016355,JFL,38,41,755.0,889.9,671874.5,2024-12-24
2024122403016354,JFL,56,41,10.0,889.9,8899.0,2024-12-24
2024122403016353,JFL,14,41,20.0,889.9,17798.0,2024-12-24
2024122403016352,JFL,58,41,540.0,889.9,480546.0,2024-12-24
2024122403016351,JFL,44,41,500.0,889.9,444950.0,2024-12-24
2024122403016350,JFL,34,41,65.0,889.9,57843.5,2024-12-24
2024122403016349,JFL,62,41,100.0,889.9,88990.0,2024-12-24
2024122403016348,JFL,58,41,100.0,889.9,88990.0,2024-12-24
2024122403016347,JFL,6,41,100.0,889.9,88990.0,2024-12-24
2024122403016346,JFL,49,41,30.0,889.9,26697.0,2024-12-24
2024122403016345,JFL,34,41,100.0,889.9,88990.0,2024-12-24
2024122403016344,JFL,61,41,250.0,889.9,222475.0,2024-12-24
2024122403016343,JFL,34,41,200.0,890.0,178000.0,2024-12-24
2024122403016342,JFL,57,41,25.0,890.0,22250.0,2024-12-24
2024122403016341,JFL,38,41,100.0,890.0,89000.0,2024-12-24
2024122403016340,JFL,42,41,55.0,890.0,48950.0,2024-12-24
2024122403016339,JFL,38,41,100.0,890.0,89000.0,2024-12-24
2024122403016338,JFL,39,41,1200.0,890.0,1068000.0,2024-12-24
2024122403016337,JFL,71,41,500.0,890.0,445000.0,2024-12-24
2024122403016336,JFL,19,41,50.0,890.0,44500.0,2024-12-24
2024122403016335,JFL,45,41,50.0,890.0,44500.0,2024-12-24
2024122403016334,JFL,33,41,200.0,890.0,178000.0,2024-12-24
2024122403016333,JFL,56,41,100.0,890.0,89000.0,2024-12-24
2024122403016332,JFL,62,41,40.0,890.0,35600.0,2024-12-24
2024122403016331,JFL,65,41,100.0,890.0,89000.0,2024-12-24
2024122403016330,JFL,34,41,100.0,890.0,89000.0,2024-12-24
2024122403016329,JFL,6,41,50.0,890.0,44500.0,2024-12-24
2024122403016328,JFL,35,41,1000.0,890.7,890700.0,2024-12-24
2024122403016327,JFL,57,41,1000.0,890.7,890700.0,2024-12-24
2024122403016326,JFL,13,41,200.0,890.9,178180.0,2024-12-24
2024122403016325,JFL,61,41,450.0,890.9,400905.0,2024-12-24
2024122403016324,JFL,57,41,25.0,890.9,22272.5,2024-12-24
2024122403016323,JFL,48,41,500.0,890.9,445450.0,2024-12-24
2024122403016322,JFL,45,41,100.0,890.9,89090.0,2024-12-24
2024122403016321,JFL,58,41,40.0,890.9,35636.0,2024-12-24
2024122403016320,JFL,57,41,25.0,890.9,22272.5,2024-12-24
2024122403016319,JFL,38,41,30.0,890.9,26727.0,2024-12-24
2024122403016318,JFL,34,41,10.0,890.9,8909.0,2024-12-24
2024122403016317,JFL,47,41,100.0,891.0,89100.0,2024-12-24
2024122403016316,JFL,5,41,200.0,891.0,178200.0,2024-12-24
2024122403016315,JFL,36,41,500.0,891.0,445500.0,2024-12-24
2024122403016314,JFL,42,41,550.0,891.0,490050.0,2024-12-24
2024122403016313,JFL,13,41,40.0,891.0,35640.0,2024-12-24
2024122403016312,JFL,42,41,550.0,891.0,490050.0,2024-12-24
2024122403016311,JFL,3,41,10.0,891.0,8910.0,2024-12-24
2024122403016310,JFL,45,41,100.0,891.0,89100.0,2024-12-24
2024122403016309,JFL,54,41,200.0,891.4,178280.0,2024-12-24
2024122403016308,JFL,45,41,200.0,891.5,178300.0,2024-12-24
2024122403016307,JFL,47,41,100.0,891.5,89150.0,2024-12-24
2024122403016306,JFL,57,41,50.0,891.6,44580.0,2024-12-24
2024122403016305,JFL,41,41,20.0,891.6,17832.0,2024-12-24
2024122403016304,JFL,45,41,200.0,891.8,178360.0,2024-12-24
2024122403016303,JFL,38,41,10.0,891.8,8918.0,2024-12-24
2024122403016302,JFL,57,41,515.0,891.8,459277.0,2024-12-24
2024122403016301,JFL,45,41,50.0,891.8,44590.0,2024-12-24
2024122403016300,JFL,32,41,200.0,891.8,178360.0,2024-12-24
2024122403016299,JFL,41,41,200.0,891.8,178360.0,2024-12-24
2024122403016298,JFL,58,41,500.0,891.8,445900.0,2024-12-24
2024122403016297,JFL,5,41,100.0,891.8,89180.0,2024-12-24
2024122403016296,JFL,5,41,100.0,891.8,89180.0,2024-12-24
2024122403016295,JFL,48,41,100.0,891.8,89180.0,2024-12-24
2024122403016294,JFL,36,41,40.0,891.8,35672.0,2024-12-24
2024122403016293,JFL,52,41,2000.0,891.8,1783600.0,2024-12-24
2024122403016292,JFL,46,41,40.0,891.8,35672.0,2024-12-24
2024122403016291,JFL,34,41,90.0,891.8,80262.0,2024-12-24
2024122403016290,JFL,25,41,500.0,891.8,445900.0,2024-12-24
2024122403016289,JFL,17,41,130.0,891.8,115934.0,2024-12-24
2024122403016288,JFL,48,41,225.0,891.8,200655.0,2024-12-24
2024122403016287,JFL,44,41,100.0,891.8,89180.0,2024-12-24
2024122403016286,JFL,32,41,100.0,891.8,89180.0,2024-12-24
2024122403016285,JFL,47,41,1100.0,891.8,980980.0,2024-12-24
2024122403016284,JFL,22,41,100.0,891.8,89180.0,2024-12-24
2024122403016283,JFL,6,41,500.0,891.8,445900.0,2024-12-24
2024122403016282,JFL,32,41,200.0,891.8,178360.0,2024-12-24
2024122403016281,JFL,22,41,20.0,891.8,17836.0,2024-12-24
2024122403016280,JFL,32,41,40.0,891.8,35672.0,2024-12-24
2024122403016279,JFL,62,41,200.0,891.8,178360.0,2024-12-24
2024122403016278,JFL,25,41,200.0,891.8,178360.0,2024-12-24
2024122403016277,JFL,33,41,10.0,891.8,8918.0,2024-12-24
2024122403016276,JFL,45,41,30.0,891.8,26754.0,2024-12-24
2024122403016275,JFL,49,41,22.0,891.8,19619.6,2024-12-24
2024122403016274,JFL,13,41,100.0,891.8,89180.0,2024-12-24
2024122403016273,JFL,81,41,500.0,891.8,445900.0,2024-12-24
2024122403016272,JFL,33,41,20.0,891.8,17836.0,2024-12-24
2024122403016271,JFL,32,41,50.0,891.8,44590.0,2024-12-24
2024122403016270,JFL,49,41,130.0,891.8,115934.0,2024-12-24
2024122403016269,JFL,5,41,90.0,891.8,80262.0,2024-12-24
2024122403016268,JFL,34,41,1000.0,891.8,891800.0,2024-12-24
2024122403016267,JFL,51,41,100.0,891.8,89180.0,2024-12-24
2024122403016266,JFL,42,41,200.0,891.9,178380.0,2024-12-24
2024122403016265,JFL,36,41,100.0,891.9,89190.0,2024-12-24
2024122403016264,JFL,16,41,60.0,892.0,53520.0,2024-12-24
2024122403016263,JFL,11,41,10.0,892.0,8920.0,2024-12-24
2024122403016262,JFL,51,41,50.0,892.0,44600.0,2024-12-24
2024122403016261,JFL,95,41,500.0,892.0,446000.0,2024-12-24
2024122403016260,JFL,41,41,100.0,892.0,89200.0,2024-12-24
2024122403016259,JFL,40,41,60.0,892.0,53520.0,2024-12-24
2024122403016258,JFL,74,41,200.0,892.0,178400.0,2024-12-24
2024122403016257,JFL,35,41,10.0,892.0,8920.0,2024-12-24
2024122403016256,JFL,19,41,30.0,892.0,26760.0,2024-12-24
2024122403016255,JFL,94,41,20.0,892.0,17840.0,2024-12-24
2024122403016254,JFL,5,41,10.0,892.0,8920.0,2024-12-24
2024122403016253,JFL,49,41,50.0,892.0,44600.0,2024-12-24
2024122403016252,JFL,52,41,1000.0,892.0,892000.0,2024-12-24
2024122403016251,JFL,38,41,155.0,892.0,138260.0,2024-12-24
2024122403016250,JFL,17,41,200.0,892.0,178400.0,2024-12-24
2024122403016249,JFL,33,41,100.0,892.0,89200.0,2024-12-24
2024122403016248,JFL,39,41,1000.0,892.0,892000.0,2024-12-24
2024122403016247,JFL,38,41,100.0,892.0,89200.0,2024-12-24
2024122403016246,JFL,41,41,10.0,892.0,8920.0,2024-12-24
2024122403016245,JFL,6,41,30.0,892.0,26760.0,2024-12-24
2024122403016244,JFL,51,41,20.0,892.0,17840.0,2024-12-24
2024122403016243,JFL,8,41,500.0,892.0,446000.0,2024-12-24
2024122403016242,JFL,8,41,500.0,892.0,446000.0,2024-12-24
2024122403016241,JFL,8,41,500.0,892.0,446000.0,2024-12-24
2024122403016240,JFL,39,41,200.0,892.0,178400.0,2024-12-24
2024122403016239,JFL,29,41,1000.0,892.0,892000.0,2024-12-24
2024122403016238,JFL,13,41,10.0,892.0,8920.0,2024-12-24
2024122403016237,JFL,59,41,100.0,892.0,89200.0,2024-12-24
2024122403016236,JFL,16,41,90.0,892.0,80280.0,2024-12-24
2024122403016235,JFL,58,41,10.0,892.0,8920.0,2024-12-24
2024122403016234,JFL,4,41,100.0,892.0,89200.0,2024-12-24
2024122403016233,JFL,17,41,125.0,892.0,111500.0,2024-12-24
2024122403016232,JFL,58,41,141.0,892.0,125772.0,2024-12-24
2024122403016231,JFL,58,41,10.0,892.0,8920.0,2024-12-24
2024122403016230,JFL,65,41,50.0,892.0,44600.0,2024-12-24
2024122403016229,JFL,47,41,30.0,892.0,26760.0,2024-12-24
2024122403016228,JFL,36,41,55.0,892.0,49060.0,2024-12-24
2024122403016227,JFL,35,41,392.0,892.0,349664.0,2024-12-24
2024122403016226,JFL,55,41,50.0,892.0,44600.0,2024-12-24
2024122403016225,JFL,54,41,200.0,892.0,178400.0,2024-12-24
2024122403016224,JFL,57,41,200.0,892.0,178400.0,2024-12-24
2024122403016223,JFL,33,41,200.0,892.0,178400.0,2024-12-24
2024122403016222,JFL,42,41,90.0,892.0,80280.0,2024-12-24
2024122403016221,JFL,58,41,100.0,892.0,89200.0,2024-12-24
2024122403016220,JFL,53,41,10.0,892.0,8920.0,2024-12-24
2024122403016219,JFL,11,41,20.0,892.0,17840.0,2024-12-24
2024122403016218,JFL,89,41,55.0,892.0,49060.0,2024-12-24
2024122403016217,JFL,22,41,50.0,893.0,44650.0,2024-12-24
2024122403016216,JFL,4,41,10.0,893.0,8930.0,2024-12-24
2024122403016215,JFL,1,41,2000.0,894.0,1788000.0,2024-12-24
2024122403016214,JFL,29,41,10.0,894.0,8940.0,2024-12-24
2024122403016213,JFL,8,41,400.0,894.8,357920.0,2024-12-24
2024122403016212,JFL,58,41,40.0,894.8,35792.0,2024-12-24
2024122403016211,JFL,17,41,100.0,894.9,89490.0,2024-12-24
2024122403016210,JFL,41,41,40.0,895.0,35800.0,2024-12-24
2024122403016209,JFL,38,41,50.0,895.0,44750.0,2024-12-24
2024122403016208,JFL,55,41,20.0,895.0,17900.0,2024-12-24
2024122403016207,JFL,14,41,300.0,895.0,268500.0,2024-12-24
2024122403016206,JFL,41,41,50.0,895.0,44750.0,2024-12-24
2024122403016205,JFL,35,41,25.0,895.0,22375.0,2024-12-24
2024122403016204,JFL,35,41,200.0,895.0,179000.0,2024-12-24
2024122403016203,JFL,13,41,20.0,895.0,17900.0,2024-12-24
2024122403016202,JFL,4,41,50.0,895.0,44750.0,2024-12-24
2024122403016201,JFL,54,41,45.0,895.0,40275.0,2024-12-24
2024122403016200,JFL,44,41,100.0,895.0,89500.0,2024-12-24
2024122403016199,JFL,29,41,100.0,895.0,89500.0,2024-12-24
2024122403016198,JFL,39,41,200.0,895.0,179000.0,2024-12-24
2024122403016197,JFL,32,41,350.0,895.0,313250.0,2024-12-24
2024122403016196,JFL,57,41,25.0,895.5,22387.5,2024-12-24
2024122403016195,JFL,57,41,25.0,895.8,22395.0,2024-12-24
2024122403016194,JFL,4,41,10.0,898.0,8980.0,2024-12-24
2024122403016193,JFL,13,41,20.0,898.0,17960.0,2024-12-24
2024122404014185,CHCL,66,41,100.0,569.0,56900.0,2024-12-24
2024122403016192,JFL,49,41,500.0,899.0,449500.0,2024-12-24
2024122403016191,JFL,49,41,500.0,899.0,449500.0,2024-12-24
2024122403016190,JFL,49,41,500.0,899.0,449500.0,2024-12-24
2024122403016189,JFL,49,41,550.0,899.0,494450.0,2024-12-24
2024122403016188,JFL,49,41,550.0,899.0,494450.0,2024-12-24
2024122403016187,JFL,47,41,500.0,900.0,450000.0,2024-12-24
2024122403016186,JFL,6,41,150.0,900.0,135000.0,2024-12-24
2024122403016185,JFL,33,41,500.0,900.0,450000.0,2024-12-24
2024122403016184,JFL,58,41,200.0,900.0,180000.0,2024-12-24
2024122403016183,JFL,48,41,100.0,900.0,90000.0,2024-12-24
2024122403016182,JFL,28,41,50.0,900.0,45000.0,2024-12-24
2024122401023099,BHL,95,14,10.0,389.0,3890.0,2024-12-24
2024122403016181,JFL,38,41,50.0,900.0,45000.0,2024-12-24
2024122401023098,BHL,95,74,40.0,388.0,15520.0,2024-12-24
2024122403016180,JFL,44,41,30.0,900.0,27000.0,2024-12-24
2024122401023097,BHL,95,4,10.0,386.0,3860.0,2024-12-24
2024122403016179,JFL,1,41,200.0,900.0,180000.0,2024-12-24
2024122401023096,BHL,95,34,190.0,385.0,73150.0,2024-12-24
2024122401023095,BHL,95,11,10.0,384.0,3840.0,2024-12-24
2024122403016178,JFL,14,41,200.0,900.0,180000.0,2024-12-24
2024122403016177,JFL,45,41,50.0,900.0,45000.0,2024-12-24
2024122403016176,JFL,53,41,50.0,900.0,45000.0,2024-12-24
2024122403016175,JFL,42,41,200.0,900.0,180000.0,2024-12-24
2024122403016174,JFL,38,41,100.0,900.0,90000.0,2024-12-24
2024122403016173,JFL,54,41,200.0,901.0,180200.0,2024-12-24
2024122403016172,JFL,13,41,500.0,905.0,452500.0,2024-12-24
2024122403016171,JFL,42,41,10.0,905.0,9050.0,2024-12-24
2024122403016170,JFL,45,41,225.0,905.0,203625.0,2024-12-24
2024122403016169,JFL,43,41,480.0,905.0,434400.0,2024-12-24
2024122403016168,JFL,26,41,20.0,908.0,18160.0,2024-12-24
2024122403016167,JFL,57,41,40.0,908.0,36320.0,2024-12-24
2024122404014184,UMRH,28,35,10.0,630.0,6300.0,2024-12-24
2024122401023094,KBSH,1,61,145.0,2709.0,392805.0,2024-12-24
2024122403016166,KRBL,71,75,348.0,807.0,280836.0,2024-12-24
2024122403016165,CORBL,71,42,140.0,1555.0,217700.0,2024-12-24
2024122403016164,CORBL,71,39,10.0,1550.0,15500.0,2024-12-24
2024122403016163,CORBL,71,48,50.0,1549.0,77450.0,2024-12-24
2024122401023093,CKHL,88,59,10.0,767.6,7676.0,2024-12-24
2024122401023092,CKHL,16,59,10.0,767.7,7677.0,2024-12-24
2024122401023091,CKHL,64,59,10.0,768.0,7680.0,2024-12-24
2024122401023090,CYCL,62,42,11.0,1620.0,17820.0,2024-12-24
2024122403016162,MSLB,50,42,10.0,1490.0,14900.0,2024-12-24
2024122401023089,RHGCL,90,17,10.0,535.0,5350.0,2024-12-24
2024122404014183,SHPC,5,58,10.0,490.0,4900.0,2024-12-24
2024122404014182,JOSHI,71,22,182.0,450.8,82045.6,2024-12-24
2024122404014181,JOSHI,10,22,100.0,450.8,45080.0,2024-12-24
2024122404014180,JOSHI,35,22,150.0,450.8,67620.0,2024-12-24
2024122404014179,JOSHI,17,22,1000.0,450.8,450800.0,2024-12-24
2024122404014178,JOSHI,28,22,480.0,450.8,216384.0,2024-12-24
2024122404014177,JOSHI,36,22,100.0,450.8,45080.0,2024-12-24
2024122404014176,JOSHI,51,22,88.0,450.8,39670.4,2024-12-24
2024122403016161,NFS,72,43,90.0,1074.9,96741.0,2024-12-24
2024122401023088,TVCL,43,50,15.0,566.0,8490.0,2024-12-24
2024122401023087,TVCL,43,37,25.0,564.0,14100.0,2024-12-24
2024122401023086,TVCL,43,48,10.0,563.9,5639.0,2024-12-24
2024122404014175,NIL,8,60,20.0,920.0,18400.0,2024-12-24
2024122403016160,KRBL,63,75,10.0,807.0,8070.0,2024-12-24
2024122401023085,USHEC,25,45,351.0,617.9,216882.9,2024-12-24
2024122404014174,JOSHI,51,44,12.0,450.8,5409.6,2024-12-24
2024122404014173,JOSHI,5,44,88.0,450.9,39679.2,2024-12-24
2024122405010571,NRM,34,29,20.0,440.0,8800.0,2024-12-24
2024122405010570,NRM,49,29,100.0,440.1,44010.0,2024-12-24
2024122405010569,NRM,25,29,10.0,441.0,4410.0,2024-12-24
2024122405010568,NRM,29,29,100.0,441.0,44100.0,2024-12-24
2024122405010567,NRM,57,29,500.0,441.0,220500.0,2024-12-24
2024122405010566,NRM,32,29,100.0,441.0,44100.0,2024-12-24
2024122405010565,NRM,22,29,170.0,441.0,74970.0,2024-12-24
2024122401023084,MKHL,58,81,637.0,620.0,394940.0,2024-12-24
2024122401023083,MKHL,11,81,50.0,620.1,31005.0,2024-12-24
2024122401023082,MKHL,91,81,200.0,620.3,124060.0,2024-12-24
2024122401023081,MKHL,33,81,100.0,621.0,62100.0,2024-12-24
2024122401023080,MKHL,60,81,42.0,621.0,26082.0,2024-12-24
2024122404014172,KPCL,62,10,184.0,520.0,95680.0,2024-12-24
2024122404014171,KPCL,44,10,100.0,522.0,52200.0,2024-12-24
2024122404014170,KPCL,17,10,108.0,524.5,56646.0,2024-12-24
2024122404014169,KPCL,42,10,10.0,525.0,5250.0,2024-12-24
2024122404014168,KPCL,57,10,92.0,525.0,48300.0,2024-12-24
2024122403016159,NMLBBL,84,57,145.0,680.0,98600.0,2024-12-24
2024122403016158,NMLBBL,84,58,255.0,680.0,173400.0,2024-12-24
2024122403016157,NMLBBL,84,43,100.0,679.9,67990.0,2024-12-24
2024122404014167,MEN,6,77,10.0,729.0,7290.0,2024-12-24
2024122403016156,HLI,57,48,80.0,451.0,36080.0,2024-12-24
2024122403016155,HLI,80,48,100.0,451.0,45100.0,2024-12-24
2024122403016154,HLI,44,48,320.0,451.0,144320.0,2024-12-24
2024122405010564,HRL,41,4,80.0,802.5,64200.0,2024-12-24
2024122405010563,HRL,55,4,10.0,802.5,8025.0,2024-12-24
2024122405010562,HRL,49,4,10.0,802.5,8025.0,2024-12-24
2024122403016153,GUFL,39,59,38.0,695.0,26410.0,2024-12-24
2024122403016152,GUFL,6,59,50.0,695.1,34755.0,2024-12-24
2024122403016151,GUFL,52,59,47.0,696.0,32712.0,2024-12-24
2024122401023079,AHL,42,13,10.0,732.0,7320.0,2024-12-24
2024122401023078,PPL,45,99,150.0,550.0,82500.0,2024-12-24
2024122401023077,PPL,57,99,150.0,550.0,82500.0,2024-12-24
2024122403016150,EDBL,43,55,145.0,635.0,92075.0,2024-12-24
2024122403016149,EDBL,43,45,155.0,635.0,98425.0,2024-12-24
2024122401023076,AHL,53,6,10.0,731.9,7319.0,2024-12-24
2024122404014166,HURJA,34,35,12.0,232.4,2788.8,2024-12-24
2024122403016148,NLIC,3,38,130.0,770.0,100100.0,2024-12-24
2024122401023075,BEDC,34,28,10.0,734.0,7340.0,2024-12-24
2024122401023074,SCB,36,44,255.0,666.0,169830.0,2024-12-24
2024122403016147,KMCDB,47,14,10.0,1103.5,11035.0,2024-12-24
2024122403016146,KMCDB,47,29,10.0,1102.4,11024.0,2024-12-24
2024122403016145,KMCDB,47,29,10.0,1101.6,11016.0,2024-12-24
2024122403016144,NICLBSL,47,35,10.0,667.0,6670.0,2024-12-24
2024122405010561,SONA,18,81,909.0,465.2,422866.8,2024-12-24
2024122405010560,SONA,4,81,30.0,466.0,13980.0,2024-12-24
2024122405010559,SONA,42,81,65.0,466.1,30296.5,2024-12-24
2024122405010558,SONA,47,81,100.0,466.1,46610.0,2024-12-24
2024122405010557,SONA,25,81,765.0,466.2,356643.0,2024-12-24
2024122405010556,SONA,90,81,50.0,467.0,23350.0,2024-12-24
2024122405010555,SONA,42,81,75.0,468.0,35100.0,2024-12-24
2024122401023073,NYADI,56,35,200.0,442.0,88400.0,2024-12-24
2024122405010554,NRN,58,6,10.0,959.0,9590.0,2024-12-24
2024122405010553,SHIVM,58,55,10.0,573.0,5730.0,2024-12-24
2024122405010552,SHIVM,58,14,30.0,573.0,17190.0,2024-12-24
2024122403016143,MLBSL,6,57,15.0,2212.0,33180.0,2024-12-24
2024122403016142,MLBSL,8,57,20.0,2212.2,44244.0,2024-12-24
2024122403016141,GFCL,50,45,30.0,840.0,25200.0,2024-12-24
2024122403016140,GFCL,49,45,30.0,841.9,25257.0,2024-12-24
2024122403016139,SHINE,35,16,201.0,441.6,88761.6,2024-12-24
2024122403016138,SHINE,17,16,259.0,441.6,114374.4,2024-12-24
2024122403016137,SHINE,54,16,10.0,441.7,4417.0,2024-12-24
2024122403016136,SHINE,17,16,150.0,441.7,66255.0,2024-12-24
2024122404014165,AKPL,14,49,151.0,236.3,35681.3,2024-12-24
2024122404014164,AKPL,38,49,89.0,237.0,21093.0,2024-12-24
2024122404014163,SHPC,66,58,50.0,490.0,24500.0,2024-12-24
2024122403016135,MFIL,41,43,100.0,685.0,68500.0,2024-12-24
2024122404014162,API,21,41,105.0,263.1,27625.5,2024-12-24
2024122401023072,SMHL,65,52,210.0,1200.9,252189.0,2024-12-24
2024122401023071,SMHL,25,52,290.0,1201.0,348290.0,2024-12-24
2024122401023070,SCB,36,76,15.0,666.0,9990.0,2024-12-24
2024122401023069,SCB,28,76,85.0,666.0,56610.0,2024-12-24
2024122401023068,RFPL,92,44,25.0,1040.0,26000.0,2024-12-24
2024122401023067,RFPL,92,34,10.0,1040.0,10400.0,2024-12-24
2024122401023066,RFPL,92,58,10.0,1040.0,10400.0,2024-12-24
2024122401023065,RFPL,92,45,50.0,1040.0,52000.0,2024-12-24
2024122401023064,RFPL,92,52,10.0,1040.0,10400.0,2024-12-24
2024122401023063,RFPL,92,53,20.0,1040.0,20800.0,2024-12-24
2024122401023062,RFPL,92,49,10.0,1040.0,10400.0,2024-12-24
2024122401023061,RFPL,92,58,10.0,1040.0,10400.0,2024-12-24
2024122401023060,RFPL,92,22,10.0,1040.0,10400.0,2024-12-24
2024122401023059,RFPL,92,34,10.0,1039.0,10390.0,2024-12-24
2024122401023058,RFPL,92,58,10.0,1035.0,10350.0,2024-12-24
2024122401023057,RFPL,92,11,10.0,1035.0,10350.0,2024-12-24
2024122401023056,RFPL,92,56,10.0,1035.0,10350.0,2024-12-24
2024122401023055,RFPL,92,34,10.0,1035.0,10350.0,2024-12-24
2024122401023054,RFPL,92,57,10.0,1035.0,10350.0,2024-12-24
2024122401023053,RFPL,92,35,10.0,1035.0,10350.0,2024-12-24
2024122401023052,RFPL,92,34,10.0,1035.0,10350.0,2024-12-24
2024122401023051,RFPL,92,49,10.0,1035.0,10350.0,2024-12-24
2024122401023050,RFPL,92,34,10.0,1035.0,10350.0,2024-12-24
2024122401023049,RFPL,92,58,10.0,1035.0,10350.0,2024-12-24
2024122401023048,RFPL,92,58,10.0,1035.0,10350.0,2024-12-24
2024122401023047,RFPL,92,57,10.0,1034.0,10340.0,2024-12-24
2024122401023046,RFPL,92,45,10.0,1034.0,10340.0,2024-12-24
2024122401023045,RFPL,92,49,10.0,1033.0,10330.0,2024-12-24
2024122401023044,RFPL,92,28,10.0,1032.0,10320.0,2024-12-24
2024122401023043,RFPL,92,34,10.0,1032.0,10320.0,2024-12-24
2024122401023042,RFPL,92,58,10.0,1031.0,10310.0,2024-12-24
2024122401023041,RFPL,92,38,10.0,1030.5,10305.0,2024-12-24
2024122401023040,RFPL,92,51,10.0,1030.1,10301.0,2024-12-24
2024122401023039,RFPL,92,62,10.0,1030.0,10300.0,2024-12-24
2024122401023038,RFPL,92,58,10.0,1030.0,10300.0,2024-12-24
2024122401023037,RFPL,92,34,10.0,1030.0,10300.0,2024-12-24
2024122401023036,RFPL,92,58,10.0,1030.0,10300.0,2024-12-24
2024122401023035,RFPL,92,38,10.0,1030.0,10300.0,2024-12-24
2024122401023034,RFPL,92,19,85.0,1030.0,87550.0,2024-12-24
2024122401023033,RFPL,92,45,10.0,1028.0,10280.0,2024-12-24
2024122405010551,CHDC,32,29,10.0,1583.0,15830.0,2024-12-24
2024122405010550,CHDC,32,64,100.0,1580.0,158000.0,2024-12-24
2024122401023032,ULHC,90,19,10.0,513.0,5130.0,2024-12-24
2024122404014161,SHEL,50,25,10.0,240.0,2400.0,2024-12-24
2024122405010549,GIBF1,17,46,400.0,9.99,3996.0,2024-12-24
2024122405010548,GIBF1,17,58,100.0,9.95,995.0,2024-12-24
2024122403016134,SKBBL,43,57,77.0,929.0,71533.0,2024-12-24
2024122404014160,HDHPC,8,57,10.0,204.0,2040.0,2024-12-24
2024122401023031,DOLTI,36,19,10.0,693.0,6930.0,2024-12-24
2024122403016133,JFL,57,63,10.0,908.0,9080.0,2024-12-24
2024122401023030,MKHL,14,56,20.0,628.0,12560.0,2024-12-24
2024122401023029,MKHL,14,48,28.0,625.0,17500.0,2024-12-24
2024122405010547,HATHY,62,38,35.0,1350.0,47250.0,2024-12-24
2024122403016132,KMCDB,35,56,41.0,1094.0,44854.0,2024-12-24
2024122401023028,SPL,44,21,10.0,1059.9,10599.0,2024-12-24
2024122401023027,SPL,44,19,200.0,1059.7,211940.0,2024-12-24
2024122401023026,SPL,44,38,40.0,1059.0,42360.0,2024-12-24
2024122401023025,SPL,44,70,10.0,1059.0,10590.0,2024-12-24
2024122401023024,SPL,44,6,100.0,1059.0,105900.0,2024-12-24
2024122401023023,SPL,44,44,10.0,1059.0,10590.0,2024-12-24
2024122401023022,SPL,44,48,10.0,1059.0,10590.0,2024-12-24
2024122401023021,SPL,44,4,10.0,1059.0,10590.0,2024-12-24
2024122401023020,SPL,44,49,68.0,1059.0,72012.0,2024-12-24
2024122401023019,SPL,44,58,15.0,1058.0,15870.0,2024-12-24
2024122401023018,SPL,44,42,10.0,1055.0,10550.0,2024-12-24
2024122401023017,SPL,44,33,100.0,1055.0,105500.0,2024-12-24
2024122401023016,SPL,44,59,50.0,1055.0,52750.0,2024-12-24
2024122401023015,SPL,44,52,10.0,1055.0,10550.0,2024-12-24
2024122401023014,SPL,44,17,90.0,1051.3,94617.0,2024-12-24
2024122401023013,SPL,44,35,10.0,1050.6,10506.0,2024-12-24
2024122401023012,SPL,44,35,10.0,1050.4,10504.0,2024-12-24
2024122401023011,SPL,44,55,260.0,1050.0,273000.0,2024-12-24
2024122401023010,SPL,44,40,100.0,1050.0,105000.0,2024-12-24
2024122401023009,SPL,44,49,10.0,1050.0,10500.0,2024-12-24
2024122401023008,SPL,44,35,10.0,1050.0,10500.0,2024-12-24
2024122401023007,SPL,44,45,20.0,1050.0,21000.0,2024-12-24
2024122401023006,SPL,44,59,50.0,1050.0,52500.0,2024-12-24
2024122401023005,SPL,44,42,20.0,1050.0,21000.0,2024-12-24
2024122401023004,SPL,44,38,50.0,1050.0,52500.0,2024-12-24
2024122401023003,SPL,44,36,100.0,1050.0,105000.0,2024-12-24
2024122401023002,SPL,44,87,100.0,1050.0,105000.0,2024-12-24
2024122401023001,SPL,44,41,100.0,1050.0,105000.0,2024-12-24
2024122404014159,SHEL,58,34,100.0,239.3,23930.0,2024-12-24
2024122405010546,GCIL,34,42,10.0,503.6,5036.0,2024-12-24
2024122403016131,GBBL,80,19,22.0,407.0,8954.0,2024-12-24
2024122403016130,GBBL,80,16,178.0,407.0,72446.0,2024-12-24
2024122404014158,JOSHI,5,39,412.0,450.9,185770.8,2024-12-24
2024122404014157,JOSHI,5,39,200.0,450.9,90180.0,2024-12-24
2024122404014156,JOSHI,1,39,300.0,450.9,135270.0,2024-12-24
2024122404014155,JOSHI,16,39,300.0,451.0,135300.0,2024-12-24
2024122404014154,JOSHI,38,39,100.0,451.0,45100.0,2024-12-24
2024122404014153,JOSHI,16,39,500.0,451.0,225500.0,2024-12-24
2024122404014152,JOSHI,59,39,10.0,451.0,4510.0,2024-12-24
2024122404014151,JOSHI,48,39,500.0,451.0,225500.0,2024-12-24
2024122404014150,JOSHI,45,39,100.0,451.0,45100.0,2024-12-24
2024122404014149,JOSHI,34,39,25.0,451.0,11275.0,2024-12-24
2024122404014148,JOSHI,45,39,500.0,451.0,225500.0,2024-12-24
2024122404014147,JOSHI,16,39,33.0,451.0,14883.0,2024-12-24
2024122404014146,JOSHI,48,39,200.0,451.0,90200.0,2024-12-24
2024122404014145,JOSHI,47,39,200.0,451.0,90200.0,2024-12-24
2024122404014144,JOSHI,48,39,150.0,451.0,67650.0,2024-12-24
2024122404014143,JOSHI,38,39,100.0,451.0,45100.0,2024-12-24
2024122404014142,JOSHI,36,39,500.0,451.0,225500.0,2024-12-24
2024122404014141,JOSHI,34,39,200.0,451.0,90200.0,2024-12-24
2024122404014140,JOSHI,48,39,200.0,451.0,90200.0,2024-12-24
2024122404014139,JOSHI,5,39,300.0,451.0,135300.0,2024-12-24
2024122404014138,JOSHI,50,39,500.0,451.0,225500.0,2024-12-24
2024122404014137,JOSHI,22,39,250.0,451.0,112750.0,2024-12-24
2024122404014136,JOSHI,58,39,10.0,451.0,4510.0,2024-12-24
2024122404014135,JOSHI,58,39,10.0,451.0,4510.0,2024-12-24
2024122404014134,JOSHI,55,39,20.0,451.0,9020.0,2024-12-24
2024122404014133,JOSHI,84,39,220.0,451.0,99220.0,2024-12-24
2024122404014132,JOSHI,42,39,665.0,451.0,299915.0,2024-12-24
2024122404014131,JOSHI,4,39,15.0,451.0,6765.0,2024-12-24
2024122404014130,JOSHI,41,39,700.0,451.0,315700.0,2024-12-24
2024122404014129,JOSHI,51,39,10.0,451.0,4510.0,2024-12-24
2024122404014128,JOSHI,68,39,300.0,451.0,135300.0,2024-12-24
2024122404014127,JOSHI,6,39,100.0,451.0,45100.0,2024-12-24
2024122404014126,JOSHI,41,39,50.0,451.0,22550.0,2024-12-24
2024122404014125,JOSHI,49,39,100.0,451.0,45100.0,2024-12-24
2024122404014124,JOSHI,13,39,500.0,451.0,225500.0,2024-12-24
2024122404014123,JOSHI,45,39,500.0,451.0,225500.0,2024-12-24
2024122404014122,JOSHI,45,39,1000.0,451.0,451000.0,2024-12-24
2024122404014121,JOSHI,48,39,100.0,451.0,45100.0,2024-12-24
2024122404014120,JOSHI,61,39,1500.0,451.0,676500.0,2024-12-24
2024122404014119,JOSHI,43,39,100.0,451.0,45100.0,2024-12-24
2024122404014118,JOSHI,17,39,500.0,451.1,225550.0,2024-12-24
2024122404014117,JOSHI,35,39,320.0,452.0,144640.0,2024-12-24
2024122404014116,JOSHI,67,39,100.0,452.0,45200.0,2024-12-24
2024122404014115,JOSHI,45,39,10.0,452.0,4520.0,2024-12-24
2024122404014114,JOSHI,48,39,20.0,452.0,9040.0,2024-12-24
2024122404014113,JOSHI,47,39,105.0,452.0,47460.0,2024-12-24
2024122404014112,JOSHI,48,39,100.0,452.0,45200.0,2024-12-24
2024122404014111,JOSHI,46,39,1100.0,454.0,499400.0,2024-12-24
2024122404014110,JOSHI,45,39,70.0,454.0,31780.0,2024-12-24
2024122404014109,JOSHI,54,39,30.0,455.0,13650.0,2024-12-24
2024122404014108,JOSHI,17,39,55.0,455.0,25025.0,2024-12-24
2024122404014107,JOSHI,88,39,1000.0,455.0,455000.0,2024-12-24
2024122404014106,JOSHI,6,39,10.0,455.0,4550.0,2024-12-24
2024122404014105,JOSHI,55,39,50.0,455.0,22750.0,2024-12-24
2024122404014104,JOSHI,32,39,10.0,455.0,4550.0,2024-12-24
2024122404014103,JOSHI,34,39,50.0,455.0,22750.0,2024-12-24
2024122404014102,JOSHI,62,39,500.0,455.0,227500.0,2024-12-24
2024122404014101,JOSHI,19,39,435.0,455.0,197925.0,2024-12-24
2024122404014100,JOSHI,49,39,1000.0,455.0,455000.0,2024-12-24
2024122404014099,JOSHI,58,39,100.0,455.0,45500.0,2024-12-24
2024122404014098,JOSHI,51,39,200.0,455.0,91000.0,2024-12-24
2024122404014097,JOSHI,17,39,20.0,455.0,9100.0,2024-12-24
2024122404014096,JOSHI,29,39,200.0,455.0,91000.0,2024-12-24
2024122404014095,JOSHI,45,39,20.0,455.0,9100.0,2024-12-24
2024122404014094,JOSHI,46,39,20.0,456.0,9120.0,2024-12-24
2024122404014093,JOSHI,45,39,25.0,456.0,11400.0,2024-12-24
2024122404014092,JOSHI,57,39,500.0,456.0,228000.0,2024-12-24
2024122404014091,JOSHI,11,39,100.0,457.0,45700.0,2024-12-24
2024122404014090,JOSHI,57,39,500.0,457.1,228550.0,2024-12-24
2024122404014089,JOSHI,42,39,50.0,458.0,22900.0,2024-12-24
2024122404014088,JOSHI,14,39,40.0,458.0,18320.0,2024-12-24
2024122404014087,JOSHI,14,39,10.0,458.0,4580.0,2024-12-24
2024122404014086,JOSHI,28,39,300.0,458.0,137400.0,2024-12-24
2024122404014085,JOSHI,57,39,50.0,459.0,22950.0,2024-12-24
2024122404014084,JOSHI,59,39,10.0,459.0,4590.0,2024-12-24
2024122404014083,JOSHI,32,39,200.0,459.0,91800.0,2024-12-24
2024122404014082,JOSHI,48,39,300.0,459.0,137700.0,2024-12-24
2024122404014081,JOSHI,45,39,300.0,459.0,137700.0,2024-12-24
2024122404014080,JOSHI,49,39,10.0,459.0,4590.0,2024-12-24
2024122404014079,JOSHI,54,39,300.0,459.0,137700.0,2024-12-24
2024122404014078,JOSHI,62,39,200.0,459.1,91820.0,2024-12-24
2024122404014077,JOSHI,45,39,100.0,459.2,45920.0,2024-12-24
2024122404014076,JOSHI,42,39,100.0,459.3,45930.0,2024-12-24
2024122404014075,JOSHI,47,39,100.0,459.3,45930.0,2024-12-24
2024122404014074,JOSHI,54,39,100.0,459.4,45940.0,2024-12-24
2024122404014073,JOSHI,5,39,300.0,459.4,137820.0,2024-12-24
2024122404014072,JOSHI,3,39,200.0,459.5,91900.0,2024-12-24
2024122404014071,JOSHI,55,39,100.0,459.5,45950.0,2024-12-24
2024122404014070,JOSHI,38,39,500.0,459.6,229800.0,2024-12-24
2024122404014069,JOSHI,51,39,100.0,459.7,45970.0,2024-12-24
2024122401023000,BHL,34,58,33.0,383.0,12639.0,2024-12-24
2024122401022999,CITY,58,13,30.0,876.9,26307.0,2024-12-24
2024122405010545,HDL,14,49,35.0,1349.0,47215.0,2024-12-24
2024122405010544,HDL,45,49,15.0,1349.0,20235.0,2024-12-24
2024122401022998,SHLB,17,41,90.0,2560.0,230400.0,2024-12-24
2024122401022997,SHLB,68,41,10.0,2560.0,25600.0,2024-12-24
2024122404014068,GHL,57,59,200.0,208.5,41700.0,2024-12-24
2024122404014067,RURU,58,50,24.0,692.0,16608.0,2024-12-24
2024122401022996,DLBS,5,52,10.0,1683.0,16830.0,2024-12-24
2024122403016129,MLBBL,58,99,25.0,1715.0,42875.0,2024-12-24
2024122403016128,MLBBL,7,99,22.0,1715.0,37730.0,2024-12-24
2024122403016127,MLBBL,49,99,20.0,1716.0,34320.0,2024-12-24
2024122403016126,MLBBL,44,99,31.0,1716.0,53196.0,2024-12-24
2024122403016125,MLBBL,1,99,100.0,1716.1,171610.0,2024-12-24
2024122403016124,MLBBL,32,99,10.0,1719.7,17197.0,2024-12-24
2024122404014066,SPDL,86,22,100.0,333.5,33350.0,2024-12-24
2024122403016123,MLBBL,44,34,47.0,1720.0,80840.0,2024-12-24
2024122403016122,MLBBL,44,82,23.0,1720.0,39560.0,2024-12-24
2024122405010543,NRM,22,44,20.0,441.0,8820.0,2024-12-24
2024122401022995,SMHL,65,65,10.0,1273.4,12734.0,2024-12-24
2024122401022994,SMHL,65,65,50.0,1251.5,62575.0,2024-12-24
2024122401022993,SMHL,65,33,1000.0,1251.0,1251000.0,2024-12-24
2024122401022992,SMHL,65,49,10.0,1229.1,12291.0,2024-12-24
2024122401022991,SMHL,65,4,10.0,1229.1,12291.0,2024-12-24
2024122401022990,SMHL,65,46,10.0,1229.1,12291.0,2024-12-24
2024122401022989,SMHL,65,63,10.0,1229.0,12290.0,2024-12-24
2024122401022988,SMHL,65,67,50.0,1229.0,61450.0,2024-12-24
2024122401022987,SMHL,65,45,10.0,1228.0,12280.0,2024-12-24
2024122401022986,SMHL,65,62,200.0,1228.0,245600.0,2024-12-24
2024122401022985,SMHL,65,11,20.0,1228.0,24560.0,2024-12-24
2024122401022984,SMHL,65,57,10.0,1226.0,12260.0,2024-12-24
2024122401022983,SMHL,65,45,20.0,1226.0,24520.0,2024-12-24
2024122401022982,SMHL,65,45,10.0,1226.0,12260.0,2024-12-24
2024122401022981,SMHL,65,51,10.0,1225.0,12250.0,2024-12-24
2024122401022980,SMHL,65,7,10.0,1225.0,12250.0,2024-12-24
2024122401022979,SMHL,65,65,10.0,1225.0,12250.0,2024-12-24
2024122401022978,SMHL,65,26,10.0,1225.0,12250.0,2024-12-24
2024122401022977,SMHL,65,34,100.0,1225.0,122500.0,2024-12-24
2024122401022976,SMHL,65,66,250.0,1225.0,306250.0,2024-12-24
2024122401022975,SMHL,65,72,250.0,1225.0,306250.0,2024-12-24
2024122401022974,SMHL,65,41,50.0,1225.0,61250.0,2024-12-24
2024122401022973,SMHL,65,40,10.0,1225.0,12250.0,2024-12-24
2024122401022972,SMHL,65,56,10.0,1225.0,12250.0,2024-12-24
2024122401022971,SMHL,65,57,200.0,1225.0,245000.0,2024-12-24
2024122401022970,SMHL,65,77,407.0,1225.0,498575.0,2024-12-24
2024122401022969,SMHL,65,26,50.0,1225.0,61250.0,2024-12-24
2024122401022968,SMHL,65,41,10.0,1225.0,12250.0,2024-12-24
2024122401022967,SMHL,65,45,10.0,1225.0,12250.0,2024-12-24
2024122401022966,SMHL,65,21,30.0,1225.0,36750.0,2024-12-24
2024122401022965,SMHL,65,58,10.0,1225.0,12250.0,2024-12-24
2024122401022964,SMHL,65,65,100.0,1225.0,122500.0,2024-12-24
2024122401022963,SMHL,65,26,500.0,1225.0,612500.0,2024-12-24
2024122401022962,SMHL,65,56,46.0,1225.0,56350.0,2024-12-24
2024122401022961,SMHL,65,16,10.0,1225.0,12250.0,2024-12-24
2024122401022960,SMHL,65,58,10.0,1224.9,12249.0,2024-12-24
2024122401022959,SMHL,65,65,20.0,1224.9,24498.0,2024-12-24
2024122401022958,SMHL,65,17,600.0,1224.9,734940.0,2024-12-24
2024122401022957,SMHL,65,61,520.0,1224.9,636948.0,2024-12-24
2024122401022956,SMHL,65,19,400.0,1224.9,489960.0,2024-12-24
2024122401022955,SMHL,65,62,100.0,1224.9,122490.0,2024-12-24
2024122401022954,SMHL,65,34,10.0,1224.5,12245.0,2024-12-24
2024122401022953,SMHL,65,56,25.0,1224.3,30607.5,2024-12-24
2024122401022952,SMHL,65,46,10.0,1224.3,12243.0,2024-12-24
2024122401022951,SMHL,65,49,10.0,1224.2,12242.0,2024-12-24
2024122401022950,SMHL,65,6,10.0,1224.2,12242.0,2024-12-24
2024122401022949,SMHL,65,70,10.0,1224.2,12242.0,2024-12-24
2024122401022948,SMHL,65,51,10.0,1224.2,12242.0,2024-12-24
2024122401022947,SMHL,65,41,10.0,1224.2,12242.0,2024-12-24
2024122401022946,SMHL,65,65,100.0,1224.0,122400.0,2024-12-24
2024122401022945,SMHL,65,45,10.0,1224.0,12240.0,2024-12-24
2024122401022944,SMHL,65,34,10.0,1224.0,12240.0,2024-12-24
2024122401022943,SMHL,65,68,50.0,1224.0,61200.0,2024-12-24
2024122401022942,SMHL,65,67,50.0,1224.0,61200.0,2024-12-24
2024122401022941,SMHL,65,58,10.0,1224.0,12240.0,2024-12-24
2024122401022940,SMHL,65,41,50.0,1224.0,61200.0,2024-12-24
2024122401022939,SMHL,65,58,10.0,1224.0,12240.0,2024-12-24
2024122401022938,SMHL,65,46,10.0,1224.0,12240.0,2024-12-24
2024122401022937,SMHL,65,56,10.0,1224.0,12240.0,2024-12-24
2024122401022936,SMHL,65,49,10.0,1224.0,12240.0,2024-12-24
2024122401022935,SMHL,65,44,10.0,1224.0,12240.0,2024-12-24
2024122401022934,SMHL,65,45,10.0,1224.0,12240.0,2024-12-24
2024122401022933,SMHL,65,45,1000.0,1224.0,1224000.0,2024-12-24
2024122401022932,SMHL,65,96,10.0,1224.0,12240.0,2024-12-24
2024122401022931,SMHL,65,70,10.0,1224.0,12240.0,2024-12-24
2024122401022930,SMHL,65,34,10.0,1224.0,12240.0,2024-12-24
2024122401022929,SMHL,65,58,10.0,1224.0,12240.0,2024-12-24
2024122401022928,SMHL,65,20,130.0,1224.0,159120.0,2024-12-24
2024122401022927,SMHL,65,71,100.0,1224.0,122400.0,2024-12-24
2024122401022926,SMHL,65,34,20.0,1224.0,24480.0,2024-12-24
2024122401022925,SMHL,65,94,10.0,1224.0,12240.0,2024-12-24
2024122401022924,SMHL,65,8,10.0,1224.0,12240.0,2024-12-24
2024122401022923,SMHL,65,48,10.0,1224.0,12240.0,2024-12-24
2024122401022922,SMHL,65,51,10.0,1224.0,12240.0,2024-12-24
2024122401022921,SMHL,65,48,100.0,1224.0,122400.0,2024-12-24
2024122401022920,SMHL,65,57,10.0,1224.0,12240.0,2024-12-24
2024122401022919,SMHL,65,49,10.0,1224.0,12240.0,2024-12-24
2024122401022918,SMHL,65,42,20.0,1224.0,24480.0,2024-12-24
2024122401022917,SMHL,65,96,100.0,1224.0,122400.0,2024-12-24
2024122401022916,SMHL,65,71,100.0,1223.0,122300.0,2024-12-24
2024122401022915,SMHL,65,65,200.0,1222.9,244580.0,2024-12-24
2024122401022914,SMHL,65,62,100.0,1222.9,122290.0,2024-12-24
2024122401022913,SMHL,65,58,10.0,1222.0,12220.0,2024-12-24
2024122401022912,SMHL,65,34,10.0,1222.0,12220.0,2024-12-24
2024122401022911,SMHL,65,56,25.0,1222.0,30550.0,2024-12-24
2024122401022910,SMHL,65,58,10.0,1222.0,12220.0,2024-12-24
2024122401022909,SMHL,65,16,10.0,1222.0,12220.0,2024-12-24
2024122401022908,SMHL,65,7,10.0,1220.3,12203.0,2024-12-24
2024122401022907,SMHL,65,66,100.0,1220.0,122000.0,2024-12-24
2024122401022906,SMHL,65,3,10.0,1220.0,12200.0,2024-12-24
2024122401022905,SMHL,65,14,10.0,1220.0,12200.0,2024-12-24
2024122401022904,SMHL,65,3,10.0,1220.0,12200.0,2024-12-24
2024122401022903,SMHL,65,39,80.0,1220.0,97600.0,2024-12-24
2024122401022902,SMHL,65,41,10.0,1220.0,12200.0,2024-12-24
2024122401022901,SMHL,65,10,10.0,1220.0,12200.0,2024-12-24
2024122401022900,SMHL,65,42,10.0,1220.0,12200.0,2024-12-24
2024122401022899,SMHL,65,57,10.0,1220.0,12200.0,2024-12-24
2024122401022898,SMHL,65,35,30.0,1220.0,36600.0,2024-12-24
2024122401022897,SMHL,65,41,10.0,1220.0,12200.0,2024-12-24
2024122401022896,SMHL,65,45,100.0,1220.0,122000.0,2024-12-24
2024122401022895,SMHL,65,65,200.0,1219.9,243980.0,2024-12-24
2024122401022894,SMHL,65,38,10.0,1219.2,12192.0,2024-12-24
2024122401022893,SMHL,65,34,10.0,1219.2,12192.0,2024-12-24
2024122401022892,SMHL,65,59,10.0,1219.2,12192.0,2024-12-24
2024122401022891,SMHL,65,39,100.0,1219.0,121900.0,2024-12-24
2024122401022890,SMHL,65,41,10.0,1219.0,12190.0,2024-12-24
2024122401022889,SMHL,65,25,10.0,1219.0,12190.0,2024-12-24
2024122401022888,SMHL,65,1,10.0,1219.0,12190.0,2024-12-24
2024122401022887,SMHL,65,20,100.0,1219.0,121900.0,2024-12-24
2024122401022886,SMHL,65,35,10.0,1218.0,12180.0,2024-12-24
2024122401022885,SMHL,65,71,100.0,1218.0,121800.0,2024-12-24
2024122401022884,SMHL,65,20,100.0,1218.0,121800.0,2024-12-24
2024122401022883,SMHL,65,21,10.0,1217.0,12170.0,2024-12-24
2024122401022882,SMHL,65,21,20.0,1215.0,24300.0,2024-12-24
2024122401022881,SMHL,65,34,30.0,1215.0,36450.0,2024-12-24
2024122401022880,SMHL,65,5,10.0,1215.0,12150.0,2024-12-24
2024122401022879,SMHL,65,48,10.0,1214.0,12140.0,2024-12-24
2024122401022878,SMHL,65,42,10.0,1212.0,12120.0,2024-12-24
2024122401022877,SMHL,65,35,10.0,1212.0,12120.0,2024-12-24
2024122401022876,SMHL,65,34,10.0,1211.5,12115.0,2024-12-24
2024122401022875,SMHL,65,96,100.0,1211.0,121100.0,2024-12-24
2024122401022874,SMHL,65,45,10.0,1210.0,12100.0,2024-12-24
2024122401022873,SMHL,65,34,10.0,1210.0,12100.0,2024-12-24
2024122401022872,SMHL,65,28,10.0,1210.0,12100.0,2024-12-24
2024122401022871,SMHL,65,11,10.0,1210.0,12100.0,2024-12-24
2024122401022870,SMHL,65,47,10.0,1210.0,12100.0,2024-12-24
2024122401022869,SMHL,65,17,10.0,1210.0,12100.0,2024-12-24
2024122401022868,SMHL,65,34,10.0,1210.0,12100.0,2024-12-24
2024122401022867,SMHL,65,32,10.0,1210.0,12100.0,2024-12-24
2024122401022866,SMHL,65,58,10.0,1210.0,12100.0,2024-12-24
2024122401022865,SMHL,65,96,100.0,1208.0,120800.0,2024-12-24
2024122401022864,SMHL,65,58,10.0,1207.0,12070.0,2024-12-24
2024122401022863,SMHL,65,39,10.0,1205.0,12050.0,2024-12-24
2024122401022862,SMHL,65,14,10.0,1205.0,12050.0,2024-12-24
2024122401022861,SMHL,65,14,10.0,1205.0,12050.0,2024-12-24
2024122401022860,SMHL,65,6,10.0,1205.0,12050.0,2024-12-24
2024122401022859,SMHL,65,8,20.0,1205.0,24100.0,2024-12-24
2024122401022858,SMHL,65,87,10.0,1205.0,12050.0,2024-12-24
2024122401022857,SMHL,65,46,10.0,1205.0,12050.0,2024-12-24
2024122401022856,SMHL,65,49,10.0,1205.0,12050.0,2024-12-24
2024122401022855,SMHL,65,39,10.0,1204.0,12040.0,2024-12-24
2024122401022854,SMHL,65,22,10.0,1203.4,12034.0,2024-12-24
2024122401022853,SMHL,65,14,10.0,1203.0,12030.0,2024-12-24
2024122401022852,SMHL,65,35,10.0,1202.5,12025.0,2024-12-24
2024122401022851,SMHL,65,42,10.0,1202.0,12020.0,2024-12-24
2024122401022850,SMHL,65,16,10.0,1202.0,12020.0,2024-12-24
2024122401022849,SMHL,65,49,10.0,1202.0,12020.0,2024-12-24
2024122401022848,SMHL,65,57,10.0,1202.0,12020.0,2024-12-24
2024122401022847,SMHL,65,58,10.0,1202.0,12020.0,2024-12-24
2024122403016121,WNLB,58,34,15.0,2612.0,39180.0,2024-12-24
2024122403016120,WNLB,62,34,20.0,2612.1,52242.0,2024-12-24
2024122403016119,WNLB,62,34,20.0,2612.2,52244.0,2024-12-24
2024122403016118,WNLB,62,34,10.0,2612.3,26123.0,2024-12-24
2024122403016117,WNLB,78,34,20.0,2612.3,52246.0,2024-12-24
2024122401022846,SMH,40,38,10.0,1010.0,10100.0,2024-12-24
2024122405010542,ILI,45,35,87.0,472.0,41064.0,2024-12-24
2024122405010541,ILI,33,35,23.0,473.0,10879.0,2024-12-24
2024122403016116,JFL,57,58,50.0,908.0,45400.0,2024-12-24
2024122404014065,SJCL,57,34,10.0,355.0,3550.0,2024-12-24
2024122404014064,SJCL,57,38,40.0,355.0,14200.0,2024-12-24
2024122404014063,SJCL,57,1,10.0,355.0,3550.0,2024-12-24
2024122404014062,SJCL,57,57,40.0,354.8,14192.0,2024-12-24
2024122401022845,RAWA,57,6,10.0,805.9,8059.0,2024-12-24
2024122401022844,NABIL,45,50,25.0,501.0,12525.0,2024-12-24
2024122401022843,KBL,38,60,198.0,215.0,42570.0,2024-12-24
2024122401022842,KBL,42,60,734.0,215.0,157810.0,2024-12-24
2024122403016115,PROFL,44,7,80.0,650.3,52024.0,2024-12-24
2024122404014061,RBCL,95,45,10.0,16220.0,162200.0,2024-12-24
2024122403016114,SLBSL,49,39,10.0,1820.0,18200.0,2024-12-24
2024122403016113,JFL,49,58,40.0,908.0,36320.0,2024-12-24
2024122403016112,EDBL,28,36,13.0,634.0,8242.0,2024-12-24
2024122403016111,JFL,32,58,200.0,908.0,181600.0,2024-12-24
2024122405010540,HRL,42,75,160.0,804.0,128640.0,2024-12-24
2024122405010539,HRL,42,32,20.0,803.0,16060.0,2024-12-24
2024122405010538,HRL,42,20,20.0,803.0,16060.0,2024-12-24
2024122405010537,SONA,42,22,10.0,468.0,4680.0,2024-12-24
2024122403016110,NICLBSL,63,35,10.0,667.0,6670.0,2024-12-24
2024122404014060,NGPL,26,44,100.0,267.0,26700.0,2024-12-24
2024122404014059,NGPL,36,44,3000.0,267.0,801000.0,2024-12-24
2024122404014058,NGPL,42,44,50.0,267.0,13350.0,2024-12-24
2024122404014057,NGPL,42,44,500.0,267.0,133500.0,2024-12-24
2024122404014056,NGPL,38,44,420.0,267.0,112140.0,2024-12-24
2024122404014055,NGPL,21,44,34.0,267.0,9078.0,2024-12-24
2024122405010536,NRM,65,49,300.0,441.1,132330.0,2024-12-24
2024122401022841,USHL,13,58,10.0,770.0,7700.0,2024-12-24
2024122401022840,DORDI,56,47,20.0,541.0,10820.0,2024-12-24
2024122401022839,DORDI,34,47,70.0,541.0,37870.0,2024-12-24
2024122401022838,EHPL,40,4,10.0,783.0,7830.0,2024-12-24
2024122403016109,ICFC,55,32,10.0,682.0,6820.0,2024-12-24
2024122403016108,NFS,72,57,300.0,1074.9,322470.0,2024-12-24
2024122401022837,HIDCLP,7,57,20.0,168.5,3370.0,2024-12-24
2024122401022836,HIDCLP,7,17,190.0,168.5,32015.0,2024-12-24
2024122401022835,SANIMA,7,62,200.0,301.0,60200.0,2024-12-24
2024122401022834,MCHL,35,58,50.0,620.0,31000.0,2024-12-24
2024122401022833,MCHL,32,58,10.0,620.0,6200.0,2024-12-24
2024122401022832,SMHL,25,49,10.0,1201.0,12010.0,2024-12-24
2024122401022831,SPL,49,43,10.0,1049.0,10490.0,2024-12-24
2024122401022830,TAMOR,49,50,10.0,514.0,5140.0,2024-12-24
2024122404014054,NLG,55,32,100.0,930.0,93000.0,2024-12-24
2024122401022829,BHPL,28,59,20.0,885.0,17700.0,2024-12-24
2024122403016107,GRDBL,43,59,90.0,1034.0,93060.0,2024-12-24
2024122404014053,UMRH,49,38,272.0,627.0,170544.0,2024-12-24
2024122404014052,UMRH,77,38,558.0,627.0,349866.0,2024-12-24
2024122401022828,AHL,38,6,10.0,731.9,7319.0,2024-12-24
2024122404014051,AKPL,38,55,100.0,237.0,23700.0,2024-12-24
2024122404014050,AKPL,38,58,201.0,236.9,47616.9,2024-12-24
2024122401022827,HIDCLP,29,17,10.0,168.5,1685.0,2024-12-24
2024122401022826,HIDCLP,29,44,4490.0,168.5,756565.0,2024-12-24
2024122404014049,GLH,52,33,335.0,242.2,81137.0,2024-12-24
2024122404014048,GLH,7,33,165.0,242.2,39963.0,2024-12-24
2024122401022825,ULHC,67,45,10.0,510.0,5100.0,2024-12-24
2024122401022824,MHCL,45,39,140.0,551.0,77140.0,2024-12-24
2024122404014047,UMRH,77,82,1442.0,627.0,904134.0,2024-12-24
2024122404014046,UMRH,96,82,200.0,627.5,125500.0,2024-12-24
2024122404014045,UMRH,57,82,90.0,627.6,56484.0,2024-12-24
2024122404014044,UMRH,17,82,500.0,627.7,313850.0,2024-12-24
2024122404014043,UMRH,69,82,100.0,627.7,62770.0,2024-12-24
2024122401022823,CYCL,77,6,24.0,1630.0,39120.0,2024-12-24
2024122401022822,CYCL,77,22,10.0,1627.0,16270.0,2024-12-24
2024122401022821,CYCL,77,43,13.0,1625.0,21125.0,2024-12-24
2024122401022820,CYCL,77,45,200.0,1625.0,325000.0,2024-12-24
2024122401022819,CYCL,77,4,13.0,1624.0,21112.0,2024-12-24
2024122401022818,CYCL,77,16,160.0,1621.9,259504.0,2024-12-24
2024122404014042,HEI,58,55,30.0,625.0,18750.0,2024-12-24
2024122404014041,LEC,58,36,30.0,204.0,6120.0,2024-12-24
2024122403016106,KRBL,58,75,100.0,807.0,80700.0,2024-12-24
2024122401022817,CZBIL,59,57,825.0,219.5,181087.5,2024-12-24
2024122401022816,CZBIL,59,13,175.0,218.0,38150.0,2024-12-24
2024122401022815,MHCL,60,42,700.0,549.0,384300.0,2024-12-24
2024122401022814,MAKAR,36,74,10.0,630.0,6300.0,2024-12-24
2024122401022813,GBIME,45,43,67.0,227.2,15222.4,2024-12-24
2024122401022812,GBIME,35,43,20.0,227.2,4544.0,2024-12-24
2024122401022811,GBIME,25,43,16.0,227.2,3635.2,2024-12-24
2024122401022810,GBIME,17,43,97.0,227.5,22067.5,2024-12-24
2024122401022809,GBIME,14,14,505.0,228.8,115544.0,2024-12-24
2024122401022808,GBIME,14,57,95.0,228.0,21660.0,2024-12-24
2024122403016105,JFL,43,91,20.0,905.0,18100.0,2024-12-24
2024122403016104,JFL,35,91,10.0,906.0,9060.0,2024-12-24
2024122404014040,AHPC,17,25,50.0,253.5,12675.0,2024-12-24
2024122401022807,USHEC,25,56,81.0,617.5,50017.5,2024-12-24
2024122401022806,USHEC,25,42,10.0,616.0,6160.0,2024-12-24
2024122404014039,API,21,38,390.0,263.1,102609.0,2024-12-24
2024122404014038,MEN,41,21,100.0,728.2,72820.0,2024-12-24
2024122401022805,NICA,35,34,240.0,396.0,95040.0,2024-12-24
2024122401022804,NICA,7,34,500.0,396.1,198050.0,2024-12-24
2024122401022803,NICA,85,34,60.0,396.5,23790.0,2024-12-24
2024122401022802,KDL,28,62,10.0,1167.1,11671.0,2024-12-24
2024122404014037,SGIC,57,32,300.0,668.0,200400.0,2024-12-24
2024122404014036,SGIC,57,44,400.0,668.0,267200.0,2024-12-24
2024122401022801,BHPL,1,42,20.0,889.8,17796.0,2024-12-24
2024122403016103,PMLI,22,7,40.0,526.0,21040.0,2024-12-24
2024122403016102,PMLI,34,7,10.0,526.0,5260.0,2024-12-24
2024122403016101,SFCL,58,82,100.0,684.8,68480.0,2024-12-24
2024122403016100,RLFL,52,43,10.0,610.9,6109.0,2024-12-24
2024122403016099,RLFL,21,52,20.0,608.2,12164.0,2024-12-24
2024122401022800,GVL,57,52,20.0,561.0,11220.0,2024-12-24
2024122401022799,ULHC,67,58,900.0,510.0,459000.0,2024-12-24
2024122401022798,ULHC,38,58,10.0,510.0,5100.0,2024-12-24
2024122401022797,ULHC,98,58,500.0,510.2,255100.0,2024-12-24
2024122401022796,ULHC,44,58,500.0,510.3,255150.0,2024-12-24
2024122401022795,ULHC,41,58,90.0,512.0,46080.0,2024-12-24
2024122404014035,NHPC,61,36,2000.0,218.2,436400.0,2024-12-24
2024122404014034,NHPC,72,36,10.0,218.2,2182.0,2024-12-24
2024122404014033,NHPC,56,36,200.0,218.2,43640.0,2024-12-24
2024122404014032,NHPC,16,36,1030.0,218.3,224849.0,2024-12-24
2024122404014031,NHPC,11,36,219.0,218.5,47851.5,2024-12-24
2024122401022794,LSL,4,19,350.0,233.0,81550.0,2024-12-24
2024122401022793,LSL,57,19,150.0,233.0,34950.0,2024-12-24
2024122403016098,MDB,53,18,139.0,738.0,102582.0,2024-12-24
2024122403016097,MDB,53,39,50.0,738.0,36900.0,2024-12-24
2024122403016096,MDB,53,48,90.0,738.0,66420.0,2024-12-24
2024122403016095,MDB,53,13,121.0,737.0,89177.0,2024-12-24
2024122403016094,SADBL,34,85,50.0,413.0,20650.0,2024-12-24
2024122404014030,UPPER,17,54,200.0,205.5,41100.0,2024-12-24
2024122405010535,PHCL,52,80,490.0,536.0,262640.0,2024-12-24
2024122405010534,PHCL,59,80,340.0,537.0,182580.0,2024-12-24
2024122405010533,PHCL,36,80,10.0,538.0,5380.0,2024-12-24
2024122404014029,SALICO,55,42,30.0,700.0,21000.0,2024-12-24
2024122401022792,NYADI,56,88,5900.0,442.0,2607800.0,2024-12-24
2024122404014028,CHL,35,33,100.0,411.0,41100.0,2024-12-24
2024122403016093,WNLB,35,8,14.0,2639.9,36958.6,2024-12-24
2024122404014027,UNHPL,41,39,36.0,285.6,10281.6,2024-12-24
2024122404014026,UNHPL,49,39,500.0,285.7,142850.0,2024-12-24
2024122404014025,UNHPL,50,39,30.0,285.7,8571.0,2024-12-24
2024122404014024,UNHPL,49,39,300.0,286.0,85800.0,2024-12-24
2024122404014023,UNHPL,34,39,1105.0,286.0,316030.0,2024-12-24
2024122404014022,UNHPL,22,39,29.0,286.5,8308.5,2024-12-24
2024122404014021,KPCL,45,42,10.0,531.9,5319.0,2024-12-24
2024122404014020,HPPL,57,45,20.0,405.0,8100.0,2024-12-24
2024122403016092,SIFC,101,26,120.0,606.1,72732.0,2024-12-24
2024122403016091,SIFC,58,26,80.0,607.0,48560.0,2024-12-24
2024122404014019,KKHC,96,29,390.0,388.9,151671.0,2024-12-24
2024122404014018,KKHC,96,11,10.0,388.5,3885.0,2024-12-24
2024122404014017,KKHC,96,29,500.0,388.4,194200.0,2024-12-24
2024122404014016,KKHC,96,57,100.0,388.0,38800.0,2024-12-24
2024122401022791,NICA,85,48,40.0,396.5,15860.0,2024-12-24
2024122401022790,TPC,32,49,300.0,543.0,162900.0,2024-12-24
2024122401022789,TPC,52,49,421.0,543.0,228603.0,2024-12-24
2024122403016090,NFS,72,52,100.0,1074.9,107490.0,2024-12-24
2024122401022788,KBL,42,42,100.0,215.0,21500.0,2024-12-24
2024122405010532,ENL,22,39,10.0,1290.0,12900.0,2024-12-24
2024122405010531,MEL,63,51,10.0,315.0,3150.0,2024-12-24
2024122403016089,HLI,44,44,658.0,451.0,296758.0,2024-12-24
2024122403016088,PROFL,44,54,150.0,650.3,97545.0,2024-12-24
2024122401022787,GVL,57,11,20.0,561.0,11220.0,2024-12-24
2024122405010530,GCIL,35,37,500.0,503.0,251500.0,2024-12-24
2024122404014015,CHL,47,33,100.0,411.0,41100.0,2024-12-24
2024122404014014,CHL,32,33,10.0,411.0,4110.0,2024-12-24
2024122404014013,CHL,42,33,170.0,411.2,69904.0,2024-12-24
2024122404014012,CHL,57,33,100.0,411.5,41150.0,2024-12-24
2024122401022786,MKHC,39,45,150.0,518.0,77700.0,2024-12-24
2024122401022785,MKHC,39,87,50.0,518.0,25900.0,2024-12-24
2024122403016087,JFL,45,58,40.0,908.0,36320.0,2024-12-24
2024122405010529,SAHAS,34,95,130.0,478.0,62140.0,2024-12-24
2024122403016086,KRBL,71,71,30.0,806.0,24180.0,2024-12-24
2024122404014011,UPPER,17,62,80.0,205.5,16440.0,2024-12-24
2024122403016085,MLBL,42,22,10.0,394.9,3949.0,2024-12-24
2024122404014010,SHEL,19,25,50.0,240.0,12000.0,2024-12-24
2024122403016084,FMDBL,21,34,10.0,762.0,7620.0,2024-12-24
2024122404014009,SHL,38,52,200.0,472.9,94580.0,2024-12-24
2024122403016083,MDB,55,13,279.0,737.1,205650.9,2024-12-24
2024122401022784,SANIMA,42,62,600.0,301.0,180600.0,2024-12-24
2024122403016082,JFL,17,62,250.0,907.0,226750.0,2024-12-24
2024122401022783,ANLB,39,10,30.0,5397.7,161931.0,2024-12-24
2024122403016081,SJLIC,35,25,225.0,452.0,101700.0,2024-12-24
2024122401022782,TSHL,1,3,96.0,877.0,84192.0,2024-12-24
2024122401022781,TSHL,1,38,34.0,875.0,29750.0,2024-12-24
2024122401022780,SMHL,65,57,200.0,1200.9,240180.0,2024-12-24
2024122403016080,RLFL,21,1,80.0,608.2,48656.0,2024-12-24
2024122403016079,RLFL,84,1,30.0,608.2,18246.0,2024-12-24
2024122403016078,CBBL,50,26,25.0,926.5,23162.5,2024-12-24
2024122404014008,MEN,26,77,20.0,729.0,14580.0,2024-12-24
2024122405010528,SAHAS,45,16,20.0,479.0,9580.0,2024-12-24
2024122401022779,MANDU,25,7,20.0,917.0,18340.0,2024-12-24
2024122401022778,BHPL,28,16,100.0,885.0,88500.0,2024-12-24
2024122404014007,JOSHI,16,47,10.0,459.9,4599.0,2024-12-24
2024122403016077,SADBL,58,85,50.0,413.0,20650.0,2024-12-24
2024122403016076,SADBL,42,85,50.0,413.0,20650.0,2024-12-24
2024122403016075,SADBL,52,85,98.0,413.0,40474.0,2024-12-24
2024122403016074,SADBL,57,85,100.0,413.1,41310.0,2024-12-24
2024122403016073,SADBL,19,85,20.0,413.2,8264.0,2024-12-24
2024122403016072,SADBL,34,85,50.0,413.3,20665.0,2024-12-24
2024122403016071,SADBL,84,85,67.0,413.4,27697.8,2024-12-24
2024122404014006,HEI,41,55,200.0,625.0,125000.0,2024-12-24
2024122404014005,CHCL,49,4,10.0,570.0,5700.0,2024-12-24
2024122404014004,AHPC,58,16,721.0,254.5,183494.5,2024-12-24
2024122404014003,AHPC,58,17,422.0,254.5,107399.0,2024-12-24
2024122404014002,AHPC,58,61,36.0,254.0,9144.0,2024-12-24
2024122401022777,MMKJL,77,59,162.0,691.0,111942.0,2024-12-24
2024122401022776,MMKJL,34,59,38.0,691.1,26261.8,2024-12-24
2024122401022775,MMKJL,68,59,100.0,691.5,69150.0,2024-12-24
2024122401022774,MKHC,45,59,80.0,515.1,41208.0,2024-12-24
2024122401022773,MKHC,19,59,20.0,515.2,10304.0,2024-12-24
2024122401022772,MKHC,22,59,10.0,516.0,5160.0,2024-12-24
2024122401022771,MKHC,8,59,90.0,517.2,46548.0,2024-12-24
2024122401022770,NICA,17,48,10.0,396.5,3965.0,2024-12-24
2024122401022769,HHL,54,19,50.0,550.0,27500.0,2024-12-24
2024122401022768,HHL,41,19,50.0,550.0,27500.0,2024-12-24
2024122401022767,HHL,65,19,200.0,550.0,110000.0,2024-12-24
2024122401022766,HHL,57,19,55.0,550.0,30250.0,2024-12-24
2024122401022765,ULHC,58,19,443.0,513.0,227259.0,2024-12-24
2024122401022764,ULHC,57,19,50.0,514.0,25700.0,2024-12-24
2024122404014001,CHCL,21,4,50.0,570.0,28500.0,2024-12-24
2024122404014000,SPDL,44,89,10.0,334.0,3340.0,2024-12-24
2024122403016070,MLBBL,51,82,15.0,1720.0,25800.0,2024-12-24
2024122404013999,AKJCL,29,39,245.0,202.1,49514.5,2024-12-24
2024122401022763,ULBSL,62,21,10.0,4050.0,40500.0,2024-12-24
2024122403016069,CORBL,34,48,40.0,1545.0,61800.0,2024-12-24
2024122403016068,CFCL,34,39,40.0,618.0,24720.0,2024-12-24
2024122401022762,KBL,42,45,200.0,215.0,43000.0,2024-12-24
2024122401022761,DLBS,16,52,10.0,1683.0,16830.0,2024-12-24
2024122404013998,API,21,52,200.0,263.0,52600.0,2024-12-24
2024122405010527,ILI,33,48,12.0,473.0,5676.0,2024-12-24
2024122404013997,BARUN,44,41,40.0,409.0,16360.0,2024-12-24
2024122404013996,UNHPL,49,42,10.0,287.0,2870.0,2024-12-24
2024122404013995,AKJCL,40,50,310.0,202.0,62620.0,2024-12-24
2024122404013994,AKJCL,36,50,230.0,202.0,46460.0,2024-12-24
2024122404013993,AKJCL,95,50,60.0,202.0,12120.0,2024-12-24
2024122401022760,PPL,32,49,10.0,552.0,5520.0,2024-12-24
2024122404013992,SSHL,26,32,273.0,231.2,63117.6,2024-12-24
2024122404013991,SSHL,37,32,100.0,231.2,23120.0,2024-12-24
2024122404013990,SSHL,58,32,15.0,231.5,3472.5,2024-12-24
2024122404013989,SSHL,49,32,200.0,232.0,46400.0,2024-12-24
2024122404013988,SSHL,54,32,100.0,232.1,23210.0,2024-12-24
2024122404013987,SSHL,58,32,10.0,232.1,2321.0,2024-12-24
2024122404013986,SSHL,48,32,152.0,232.3,35309.6,2024-12-24
2024122404013985,SSHL,57,32,10.0,232.4,2324.0,2024-12-24
2024122404013984,SSHL,57,32,10.0,232.5,2325.0,2024-12-24
2024122404013983,SSHL,57,32,10.0,232.6,2326.0,2024-12-24
2024122404013982,SSHL,57,32,10.0,232.7,2327.0,2024-12-24
2024122404013981,SSHL,57,32,10.0,232.8,2328.0,2024-12-24
2024122405010526,GCIL,10,42,250.0,502.0,125500.0,2024-12-24
2024122403016067,JFL,17,38,42.0,907.0,38094.0,2024-12-24
2024122403016066,SINDU,21,70,10.0,940.0,9400.0,2024-12-24
2024122405010525,SHIVM,34,14,70.0,573.0,40110.0,2024-12-24
2024122405010524,SHIVM,34,17,30.0,572.1,17163.0,2024-12-24
2024122401022759,TSHL,34,38,20.0,875.0,17500.0,2024-12-24
2024122401022758,MKJC,32,34,209.0,525.0,109725.0,2024-12-24
2024122403016065,NFS,72,33,100.0,1074.9,107490.0,2024-12-24
2024122404013980,AKJCL,17,39,15.0,202.1,3031.5,2024-12-24
2024122405010523,RNLI,3,39,10.0,501.0,5010.0,2024-12-24
2024122401022757,NABIL,14,45,210.0,500.0,105000.0,2024-12-24
2024122401022756,BEDC,74,45,200.0,730.0,146000.0,2024-12-24
2024122403016064,MLBL,28,22,10.0,394.9,3949.0,2024-12-24
2024122403016063,MLBL,28,48,70.0,394.0,27580.0,2024-12-24
2024122401022755,HIDCLP,57,52,800.0,168.0,134400.0,2024-12-24
2024122401022754,HIDCLP,55,52,40.0,168.0,6720.0,2024-12-24
2024122401022753,HIDCLP,70,52,20.0,168.0,3360.0,2024-12-24
2024122401022752,HIDCLP,58,52,10.0,168.1,1681.0,2024-12-24
2024122401022751,HIDCLP,25,52,130.0,168.2,21866.0,2024-12-24
2024122401022750,UNLB,48,28,100.0,2480.0,248000.0,2024-12-24
2024122404013979,KKHC,74,6,320.0,386.1,123552.0,2024-12-24
2024122401022749,TSHL,49,38,96.0,875.0,84000.0,2024-12-24
2024122401022748,SIKLES,49,42,10.0,865.0,8650.0,2024-12-24
2024122404013978,MHNL,70,50,1000.0,266.0,266000.0,2024-12-24
2024122404013977,SPDL,86,58,85.0,333.5,28347.5,2024-12-24
2024122404013976,SPDL,45,58,615.0,333.5,205102.5,2024-12-24
2024122403016062,EDBL,32,36,50.0,634.0,31700.0,2024-12-24
2024122403016061,SAPDBL,59,34,10.0,1091.0,10910.0,2024-12-24
2024122403016060,NFS,72,58,100.0,1074.9,107490.0,2024-12-24
2024122401022747,HHL,58,16,10.0,553.0,5530.0,2024-12-24
2024122401022746,HHL,58,45,185.0,553.0,102305.0,2024-12-24
2024122404013975,HPPL,57,43,130.0,405.0,52650.0,2024-12-24
2024122401022745,MFLD85,43,50,100.0,1102.0,110200.0,2024-12-24
2024122401022744,HHL,22,45,50.0,553.0,27650.0,2024-12-24
2024122404013974,OHL,34,19,110.0,889.0,97790.0,2024-12-24
2024122404013973,OHL,34,19,200.0,889.3,177860.0,2024-12-24
2024122404013972,GHL,58,14,1075.0,208.3,223922.5,2024-12-24
2024122404013971,GHL,54,14,480.0,208.4,100032.0,2024-12-24
2024122404013970,GHL,17,14,50.0,208.4,10420.0,2024-12-24
2024122404013969,GHL,60,14,321.0,208.4,66896.4,2024-12-24
2024122404013968,GHL,42,14,74.0,208.5,15429.0,2024-12-24
2024122404013967,NGPL,19,62,500.0,267.3,133650.0,2024-12-24
2024122403016059,ACLBSL,37,42,150.0,1006.1,150915.0,2024-12-24
2024122403016058,ACLBSL,10,42,60.0,1006.5,60390.0,2024-12-24
2024122403016057,MATRI,54,45,10.0,1250.0,12500.0,2024-12-24
2024122404013966,API,29,38,100.0,263.1,26310.0,2024-12-24
2024122401022743,SRLI,45,29,50.0,422.1,21105.0,2024-12-24
2024122401022742,SRLI,17,29,100.0,422.2,42220.0,2024-12-24
2024122401022741,NBL,13,78,28.0,266.6,7464.8,2024-12-24
2024122403016056,GUFL,37,35,45.0,696.0,31320.0,2024-12-24
2024122403016055,GUFL,37,29,255.0,696.0,177480.0,2024-12-24
2024122401022740,MHL,57,33,20.0,878.0,17560.0,2024-12-24
2024122401022739,MHL,4,33,65.0,878.0,57070.0,2024-12-24
2024122401022738,MHL,78,33,10.0,878.1,8781.0,2024-12-24
2024122401022737,MHL,4,33,55.0,878.2,48301.0,2024-12-24
2024122401022736,ULHC,57,11,50.0,514.0,25700.0,2024-12-24
2024122401022735,ULHC,57,16,70.0,514.0,35980.0,2024-12-24
2024122403016054,BFC,42,77,200.0,722.0,144400.0,2024-12-24
2024122405010522,HATHY,62,45,446.0,1350.0,602100.0,2024-12-24
2024122404013965,NHPC,11,45,31.0,218.5,6773.5,2024-12-24
2024122405010521,HRL,45,48,50.0,803.0,40150.0,2024-12-24
2024122405010520,HRL,4,48,180.0,803.0,144540.0,2024-12-24
2024122403016053,EDBL,48,36,500.0,634.0,317000.0,2024-12-24
2024122401022734,SNLI,48,16,10.0,629.0,6290.0,2024-12-24
2024122404013964,HURJA,41,35,300.0,232.4,69720.0,2024-12-24
2024122404013963,HURJA,41,11,200.0,232.4,46480.0,2024-12-24
2024122405010519,GCIL,10,50,19.0,502.0,9538.0,2024-12-24
2024122405010518,GCIL,1,50,56.0,502.0,28112.0,2024-12-24
2024122403016052,NFS,58,88,35.0,1075.0,37625.0,2024-12-24
2024122401022733,LSL,57,14,50.0,233.0,11650.0,2024-12-24
2024122404013962,RADHI,3,68,10.0,357.4,3574.0,2024-12-24
2024122401022732,MAKAR,35,74,105.0,630.0,66150.0,2024-12-24
2024122401022731,MAKAR,14,74,90.0,630.1,56709.0,2024-12-24
2024122403016051,JFL,32,38,158.0,907.0,143306.0,2024-12-24
2024122404013961,API,21,38,610.0,263.0,160430.0,2024-12-24
2024122405010517,MEL,55,38,10.0,314.0,3140.0,2024-12-24
2024122401022730,MKHC,8,62,410.0,517.2,212052.0,2024-12-24
2024122401022729,MKHC,58,62,40.0,517.5,20700.0,2024-12-24
2024122403016050,NFS,72,39,200.0,1074.9,214980.0,2024-12-24
2024122405010516,HATHY,62,39,22.0,1350.0,29700.0,2024-12-24
2024122404013960,PPCL,55,96,40.0,288.0,11520.0,2024-12-24
2024122401022728,MKHL,60,94,958.0,621.0,594918.0,2024-12-24
2024122401022727,MKHL,57,94,42.0,621.1,26086.2,2024-12-24
2024122401022726,RHGCL,77,17,272.0,535.0,145520.0,2024-12-24
2024122401022725,RHGCL,77,29,10.0,535.0,5350.0,2024-12-24
2024122401022724,RHGCL,77,45,10.0,535.0,5350.0,2024-12-24
2024122401022723,RHGCL,77,45,10.0,534.0,5340.0,2024-12-24
2024122401022722,RHGCL,77,47,50.0,532.0,26600.0,2024-12-24
2024122401022721,RHGCL,77,57,100.0,532.0,53200.0,2024-12-24
2024122401022720,RHGCL,77,45,48.0,532.0,25536.0,2024-12-24
2024122403016049,SMB,45,64,10.0,3623.6,36236.0,2024-12-24
2024122401022719,NYADI,56,85,1674.0,442.0,739908.0,2024-12-24
2024122404013959,UMRH,28,35,10.0,630.0,6300.0,2024-12-24
2024122404013958,UMRH,28,19,50.0,629.0,31450.0,2024-12-24
2024122401022718,DLBS,41,39,90.0,1685.0,151650.0,2024-12-24
2024122401022717,DLBS,41,29,30.0,1684.0,50520.0,2024-12-24
2024122401022716,DLBS,41,5,50.0,1683.0,84150.0,2024-12-24
2024122401022715,DLBS,41,82,30.0,1683.0,50490.0,2024-12-24
2024122403016048,NFS,72,70,100.0,1074.9,107490.0,2024-12-24
2024122403016047,BFC,49,42,26.0,724.0,18824.0,2024-12-24
2024122403016046,BFC,49,58,10.0,724.0,7240.0,2024-12-24
2024122403016045,BFC,49,57,24.0,724.0,17376.0,2024-12-24
2024122403016044,BFC,49,17,40.0,722.3,28892.0,2024-12-24
2024122403016043,LBBL,34,43,885.0,487.0,430995.0,2024-12-24
2024122403016042,LBBL,35,43,50.0,487.0,24350.0,2024-12-24
2024122403016041,LBBL,50,43,45.0,487.0,21915.0,2024-12-24
2024122403016040,LBBL,89,43,20.0,487.1,9742.0,2024-12-24
2024122404013957,TRH,36,50,10.0,1077.0,10770.0,2024-12-24
2024122404013956,CGH,86,42,10.0,918.0,9180.0,2024-12-24
2024122403016039,NFS,72,17,95.0,1074.9,102115.5,2024-12-24
2024122405010515,NMB50,17,59,200.0,10.01,2002.0,2024-12-24
2024122405010514,NRIC,58,34,10.0,737.9,7379.0,2024-12-24
2024122403016038,MATRI,58,45,10.0,1250.0,12500.0,2024-12-24
2024122404013955,UAIL,6,8,50.0,630.0,31500.0,2024-12-24
2024122404013954,PPCL,58,58,20.0,286.0,5720.0,2024-12-24
