transaction,symbol,buyer,seller,quantity,rate,amount,date
2024032704007718,GHL,49,57,115.0,153.0,17595.0,2024-03-27
2024032704007717,GHL,11,57,385.0,153.0,58905.0,2024-03-27
2024032701024235,MHCL,18,42,10.0,433.9,4339.0,2024-03-27
2024032705003983,KDBY,18,4,100.0,8.91,891.0,2024-03-27
2024032703008313,BFC,4,57,100.0,342.0,34200.0,2024-03-27
2024032701024234,CKHL,58,45,575.0,586.0,336950.0,2024-03-27
2024032703008312,DDBL,59,29,30.0,797.7,23931.0,2024-03-27
2024032703008311,DDBL,36,29,50.0,797.7,39885.0,2024-03-27
2024032703008310,DDBL,56,29,20.0,797.7,15954.0,2024-03-27
2024032701024233,GVL,49,56,10.0,425.0,4250.0,2024-03-27
2024032703008309,MLBBL,16,41,20.0,904.0,18080.0,2024-03-27
2024032703008308,MLBBL,16,59,30.0,903.9,27117.0,2024-03-27
2024032701024232,ILI,49,16,10.0,533.0,5330.0,2024-03-27
2024032701024231,ILI,49,42,10.0,533.0,5330.0,2024-03-27
2024032701024230,ILI,49,38,10.0,533.0,5330.0,2024-03-27
2024032701024229,ILI,49,51,69.0,532.9,36770.1,2024-03-27
2024032701024228,ILI,49,48,10.0,532.0,5320.0,2024-03-27
2024032701024227,ILI,49,7,90.0,532.0,47880.0,2024-03-27
2024032701024226,PHCL,53,56,50.0,330.9,16545.0,2024-03-27
2024032701024225,NIMB,17,59,10.0,160.0,1600.0,2024-03-27
2024032704007716,PMHPL,41,38,285.0,243.0,69255.0,2024-03-27
2024032704007715,HURJA,1,58,50.0,287.0,14350.0,2024-03-27
2024032703008307,GUFL,13,44,10.0,858.0,8580.0,2024-03-27
2024032701024224,MHL,25,1,10.0,402.0,4020.0,2024-03-27
2024032703008306,VLBS,70,19,70.0,670.1,46907.0,2024-03-27
2024032703008305,VLBS,14,19,50.0,671.0,33550.0,2024-03-27
2024032703008304,VLBS,13,19,80.0,671.0,53680.0,2024-03-27
2024032703008303,JBBL,56,57,10.0,292.9,2929.0,2024-03-27
2024032701024223,NBL,35,32,10.0,221.0,2210.0,2024-03-27
2024032701024222,MEL,45,52,230.0,214.2,49266.0,2024-03-27
2024032703008302,BFC,54,34,20.0,340.1,6802.0,2024-03-27
2024032703008301,BFC,71,34,20.0,340.5,6810.0,2024-03-27
2024032703008300,BFC,33,34,20.0,341.1,6822.0,2024-03-27
2024032701024221,PPL,71,56,100.0,484.0,48400.0,2024-03-27
2024032701024220,BHL,71,26,10.0,369.0,3690.0,2024-03-27
2024032701024219,DORDI,71,57,20.0,470.0,9400.0,2024-03-27
2024032703008299,GUFL,28,44,10.0,858.0,8580.0,2024-03-27
2024032703008298,GUFL,28,44,10.0,858.0,8580.0,2024-03-27
2024032701024218,PPL,28,56,177.0,484.0,85668.0,2024-03-27
2024032701024217,PPL,28,42,23.0,484.0,11132.0,2024-03-27
2024032701024216,TSHL,14,58,100.0,538.0,53800.0,2024-03-27
2024032703008297,GUFL,14,11,10.0,858.0,8580.0,2024-03-27
2024032701024215,RNLI,43,16,10.0,438.0,4380.0,2024-03-27
2024032701024214,MKCL,59,43,420.0,938.9,394338.0,2024-03-27
2024032701024213,MKCL,59,42,10.0,938.0,9380.0,2024-03-27
2024032701024212,MKCL,59,60,370.0,938.0,347060.0,2024-03-27
2024032701024211,BEDC,58,61,10.0,355.0,3550.0,2024-03-27
2024032701024210,CKHL,58,74,10.0,596.0,5960.0,2024-03-27
2024032701024209,CKHL,58,4,10.0,595.0,5950.0,2024-03-27
2024032701024208,CKHL,58,32,50.0,595.0,29750.0,2024-03-27
2024032701024207,CKHL,58,64,100.0,595.0,59500.0,2024-03-27
2024032701024206,CKHL,58,58,10.0,595.0,5950.0,2024-03-27
2024032701024205,CKHL,58,69,10.0,595.0,5950.0,2024-03-27
2024032701024204,CKHL,58,42,10.0,595.0,5950.0,2024-03-27
2024032701024203,CKHL,58,37,230.0,593.0,136390.0,2024-03-27
2024032701024202,CKHL,58,45,10.0,592.0,5920.0,2024-03-27
2024032701024201,CKHL,58,40,10.0,592.0,5920.0,2024-03-27
2024032701024200,CKHL,58,34,20.0,590.0,11800.0,2024-03-27
2024032701024199,CKHL,58,37,30.0,590.0,17700.0,2024-03-27
2024032701024198,CKHL,58,34,10.0,590.0,5900.0,2024-03-27
2024032701024197,CKHL,58,25,500.0,590.0,295000.0,2024-03-27
2024032701024196,CKHL,58,58,10.0,590.0,5900.0,2024-03-27
2024032701024195,CKHL,58,51,480.0,589.9,283152.0,2024-03-27
2024032704007714,SHL,58,81,100.0,438.0,43800.0,2024-03-27
2024032701024194,SPC,50,42,10.0,545.0,5450.0,2024-03-27
2024032701024193,SPC,50,58,10.0,540.0,5400.0,2024-03-27
2024032701024192,SPC,50,38,10.0,540.0,5400.0,2024-03-27
2024032703008296,NFS,50,58,10.0,380.7,3807.0,2024-03-27
2024032703008295,NMFBS,62,18,10.0,1140.0,11400.0,2024-03-27
2024032703008294,NMFBS,62,42,10.0,1140.0,11400.0,2024-03-27
2024032703008293,NMFBS,62,17,65.0,1140.0,74100.0,2024-03-27
2024032701024191,KBL,48,25,10.0,139.1,1391.0,2024-03-27
2024032701024190,RFPL,62,49,30.0,425.0,12750.0,2024-03-27
2024032701024189,RFPL,62,42,10.0,425.0,4250.0,2024-03-27
2024032701024188,RFPL,62,14,10.0,425.0,4250.0,2024-03-27
2024032701024187,RFPL,62,42,500.0,425.0,212500.0,2024-03-27
2024032701024186,RFPL,62,58,10.0,425.0,4250.0,2024-03-27
2024032701024185,RFPL,62,4,10.0,425.0,4250.0,2024-03-27
2024032701024184,RFPL,62,94,10.0,425.0,4250.0,2024-03-27
2024032701024183,RFPL,62,1,10.0,425.0,4250.0,2024-03-27
2024032701024182,RFPL,62,35,10.0,425.0,4250.0,2024-03-27
2024032701024181,RFPL,62,28,10.0,425.0,4250.0,2024-03-27
2024032701024180,RFPL,62,21,10.0,424.8,4248.0,2024-03-27
2024032701024179,RFPL,62,6,490.0,424.7,208103.0,2024-03-27
2024032701024178,RFPL,62,17,150.0,424.6,63690.0,2024-03-27
2024032701024177,RFPL,62,7,1000.0,424.0,424000.0,2024-03-27
2024032701024176,RFPL,62,48,100.0,424.0,42400.0,2024-03-27
2024032701024175,RFPL,62,7,1000.0,423.0,423000.0,2024-03-27
2024032701024174,RFPL,62,34,350.0,423.0,148050.0,2024-03-27
2024032701024173,RFPL,62,45,200.0,422.0,84400.0,2024-03-27
2024032701024172,RFPL,62,7,1000.0,422.0,422000.0,2024-03-27
2024032701024171,RFPL,62,22,10.0,422.0,4220.0,2024-03-27
2024032701024170,RFPL,62,45,80.0,420.0,33600.0,2024-03-27
2024032703008292,ILBS,70,7,10.0,908.0,9080.0,2024-03-27
2024032704007713,HURJA,4,58,50.0,287.0,14350.0,2024-03-27
2024032704007712,NHPC,4,38,302.0,153.0,46206.0,2024-03-27
2024032704007711,NHPC,4,32,198.0,153.0,30294.0,2024-03-27
2024032701024169,DOLTI,77,77,10.0,430.0,4300.0,2024-03-27
2024032703008291,MDB,45,34,72.0,424.8,30585.6,2024-03-27
2024032703008290,MDB,45,53,28.0,424.0,11872.0,2024-03-27
2024032701024168,AHL,56,45,50.0,455.1,22755.0,2024-03-27
2024032701024167,BEDC,45,61,10.0,355.0,3550.0,2024-03-27
2024032701024166,MHCL,44,42,10.0,433.9,4339.0,2024-03-27
2024032704007710,JOSHI,44,26,10.0,359.0,3590.0,2024-03-27
2024032703008289,ALICL,44,57,10.0,559.9,5599.0,2024-03-27
2024032703008288,GUFL,16,11,10.0,858.0,8580.0,2024-03-27
2024032701024165,BGWT,65,29,70.0,618.0,43260.0,2024-03-27
2024032701024164,BGWT,65,42,10.0,615.2,6152.0,2024-03-27
2024032701024163,BGWT,65,29,110.0,615.0,67650.0,2024-03-27
2024032701024162,BGWT,65,5,10.0,615.0,6150.0,2024-03-27
2024032701024161,BGWT,65,50,50.0,615.0,30750.0,2024-03-27
2024032701024160,BGWT,65,41,10.0,614.8,6148.0,2024-03-27
2024032701024159,BGWT,65,41,30.0,607.0,18210.0,2024-03-27
2024032701024158,BGWT,65,55,10.0,607.0,6070.0,2024-03-27
2024032701024157,NBL,84,32,10.0,221.0,2210.0,2024-03-27
2024032701024156,ILI,26,7,10.0,532.0,5320.0,2024-03-27
2024032701024155,SHIVM,26,84,300.0,525.0,157500.0,2024-03-27
2024032701024154,NRM,53,42,536.0,372.1,199445.6,2024-03-27
2024032701024153,NRM,53,49,100.0,372.0,37200.0,2024-03-27
2024032701024152,NRM,53,46,74.0,372.0,27528.0,2024-03-27
2024032701024151,NRM,53,45,50.0,372.0,18600.0,2024-03-27
2024032701024150,NRM,53,21,40.0,372.0,14880.0,2024-03-27
2024032704007709,JOSHI,8,21,200.0,357.0,71400.0,2024-03-27
2024032704007708,JOSHI,34,21,100.0,357.0,35700.0,2024-03-27
2024032701024149,MHCL,38,53,15.0,431.0,6465.0,2024-03-27
2024032701024148,EHPL,17,56,90.0,474.0,42660.0,2024-03-27
2024032701024147,EHPL,17,58,10.0,474.0,4740.0,2024-03-27
2024032703008287,DDBL,53,58,100.0,797.8,79780.0,2024-03-27
2024032701024146,EBL,13,54,215.0,505.0,108575.0,2024-03-27
2024032701024145,CZBIL,7,13,485.0,159.5,77357.5,2024-03-27
2024032701024144,CZBIL,74,13,15.0,159.6,2394.0,2024-03-27
2024032701024143,CZBIL,13,13,500.0,159.6,79800.0,2024-03-27
2024032701024142,DOLTI,8,77,90.0,430.0,38700.0,2024-03-27
2024032703008286,KSBBL,36,52,105.0,359.0,37695.0,2024-03-27
2024032703008285,KSBBL,36,52,500.0,358.0,179000.0,2024-03-27
2024032703008284,KSBBL,36,44,280.0,358.0,100240.0,2024-03-27
2024032703008283,KSBBL,36,41,710.0,357.9,254109.0,2024-03-27
2024032703008282,KSBBL,36,77,150.0,357.0,53550.0,2024-03-27
2024032703008281,KSBBL,36,21,55.0,357.0,19635.0,2024-03-27
2024032701024141,PPL,69,42,77.0,484.0,37268.0,2024-03-27
2024032701024140,PPL,69,52,10.0,484.0,4840.0,2024-03-27
2024032701024139,PPL,69,10,10.0,484.0,4840.0,2024-03-27
2024032701024138,PPL,69,53,153.0,484.0,74052.0,2024-03-27
2024032701024137,NRM,38,21,10.0,372.0,3720.0,2024-03-27
2024032701024136,CZBIL,52,34,20.0,161.0,3220.0,2024-03-27
2024032701024135,MHL,19,1,10.0,402.0,4020.0,2024-03-27
2024032703008280,PROFL,65,35,456.0,315.0,143640.0,2024-03-27
2024032703008279,PROFL,17,35,20.0,315.5,6310.0,2024-03-27
2024032703008278,PROFL,42,35,24.0,315.5,7572.0,2024-03-27
2024032703008277,GMFBS,4,34,10.0,1018.2,10182.0,2024-03-27
2024032703008276,GUFL,71,11,30.0,858.0,25740.0,2024-03-27
2024032703008275,GUFL,71,3,70.0,858.0,60060.0,2024-03-27
2024032701024134,PPL,71,53,157.0,484.0,75988.0,2024-03-27
2024032701024133,PPL,71,48,100.0,484.0,48400.0,2024-03-27
2024032701024132,PPL,71,38,10.0,484.0,4840.0,2024-03-27
2024032701024131,PPL,71,52,10.0,484.0,4840.0,2024-03-27
2024032701024130,PPL,71,49,10.0,483.0,4830.0,2024-03-27
2024032701024129,PPL,71,57,10.0,483.0,4830.0,2024-03-27
2024032701024128,PPL,71,33,300.0,483.0,144900.0,2024-03-27
2024032701024127,PPL,71,57,10.0,483.0,4830.0,2024-03-27
2024032701024126,PPL,71,49,10.0,483.0,4830.0,2024-03-27
2024032701024125,PPL,71,94,10.0,483.0,4830.0,2024-03-27
2024032701024124,PPL,71,58,10.0,483.0,4830.0,2024-03-27
2024032701024123,PPL,71,20,500.0,483.0,241500.0,2024-03-27
2024032701024122,PPL,71,33,200.0,482.0,96400.0,2024-03-27
2024032701024121,PPL,71,53,10.0,482.0,4820.0,2024-03-27
2024032701024120,PPL,71,45,10.0,480.0,4800.0,2024-03-27
2024032701024119,PPL,71,33,200.0,480.0,96000.0,2024-03-27
2024032701024118,PPL,71,51,100.0,480.0,48000.0,2024-03-27
2024032701024117,PPL,71,38,10.0,480.0,4800.0,2024-03-27
2024032701024116,PPL,71,34,10.0,480.0,4800.0,2024-03-27
2024032701024115,PPL,71,38,100.0,480.0,48000.0,2024-03-27
2024032701024114,PPL,71,44,20.0,480.0,9600.0,2024-03-27
2024032701024113,PPL,71,41,10.0,480.0,4800.0,2024-03-27
2024032701024112,PPL,71,22,10.0,479.3,4793.0,2024-03-27
2024032701024111,PPL,71,57,90.0,479.0,43110.0,2024-03-27
2024032701024110,PPL,71,26,10.0,479.0,4790.0,2024-03-27
2024032701024109,PPL,71,54,10.0,479.0,4790.0,2024-03-27
2024032701024108,PPL,71,17,10.0,476.0,4760.0,2024-03-27
2024032701024107,PPL,71,62,10.0,476.0,4760.0,2024-03-27
2024032701024106,PPL,71,29,43.0,476.0,20468.0,2024-03-27
2024032701024105,PPL,71,1,10.0,475.5,4755.0,2024-03-27
2024032703008274,PMLI,7,7,10.0,517.9,5179.0,2024-03-27
2024032701024104,MMKJL,40,43,10.0,416.7,4167.0,2024-03-27
2024032701024103,MMKJL,40,43,10.0,416.7,4167.0,2024-03-27
2024032701024102,MMKJL,40,43,10.0,417.0,4170.0,2024-03-27
2024032701024101,LSL,55,11,376.0,158.0,59408.0,2024-03-27
2024032701024100,LSL,49,11,76.0,158.0,12008.0,2024-03-27
2024032701024099,LSL,34,11,100.0,158.0,15800.0,2024-03-27
2024032701024098,LSL,55,11,500.0,158.1,79050.0,2024-03-27
2024032701024097,LSL,34,11,936.0,158.2,148075.2,2024-03-27
2024032701024096,LSL,58,11,12.0,158.3,1899.6,2024-03-27
2024032701024095,IHL,6,3,29.0,370.0,10730.0,2024-03-27
2024032701024094,IHL,6,7,100.0,369.0,36900.0,2024-03-27
2024032701024093,IHL,6,36,21.0,368.0,7728.0,2024-03-27
2024032701024092,IHL,6,21,10.0,368.0,3680.0,2024-03-27
2024032701024091,IHL,6,13,100.0,367.0,36700.0,2024-03-27
2024032701024090,IHL,6,61,490.0,366.0,179340.0,2024-03-27
2024032701024089,SPL,57,42,10.0,667.0,6670.0,2024-03-27
2024032701024088,BGWT,57,45,10.0,607.0,6070.0,2024-03-27
2024032705003982,HIDCL,57,34,38.0,169.4,6437.2,2024-03-27
2024032701024087,TAMOR,59,4,10.0,390.0,3900.0,2024-03-27
2024032701024086,TAMOR,59,4,10.0,390.0,3900.0,2024-03-27
2024032701024085,TAMOR,59,58,10.0,390.0,3900.0,2024-03-27
2024032701024084,TAMOR,59,43,10.0,390.0,3900.0,2024-03-27
2024032701024083,TAMOR,59,59,10.0,390.0,3900.0,2024-03-27
2024032701024082,TAMOR,59,49,10.0,390.0,3900.0,2024-03-27
2024032701024081,TAMOR,59,58,10.0,390.0,3900.0,2024-03-27
2024032701024080,TAMOR,59,34,10.0,390.0,3900.0,2024-03-27
2024032701024079,TAMOR,59,38,10.0,390.0,3900.0,2024-03-27
2024032701024078,TAMOR,59,41,10.0,390.0,3900.0,2024-03-27
2024032701024077,TAMOR,59,38,10.0,389.6,3896.0,2024-03-27
2024032701024076,TAMOR,59,36,10.0,389.0,3890.0,2024-03-27
2024032701024075,TAMOR,59,43,10.0,389.0,3890.0,2024-03-27
2024032701024074,TAMOR,59,86,10.0,388.0,3880.0,2024-03-27
2024032701024073,TAMOR,59,32,300.0,388.0,116400.0,2024-03-27
2024032701024072,TAMOR,59,21,10.0,388.0,3880.0,2024-03-27
2024032701024071,TAMOR,59,62,10.0,386.0,3860.0,2024-03-27
2024032701024070,TAMOR,59,47,10.0,386.0,3860.0,2024-03-27
2024032701024069,TAMOR,59,41,30.0,386.0,11580.0,2024-03-27
2024032701024068,MLBS,21,59,25.0,869.3,21732.5,2024-03-27
2024032701024067,MLBS,14,59,50.0,871.0,43550.0,2024-03-27
2024032701024066,MLBS,6,59,10.0,872.0,8720.0,2024-03-27
2024032701024065,ULHC,58,16,10.0,333.0,3330.0,2024-03-27
2024032701024064,ULHC,58,42,10.0,330.3,3303.0,2024-03-27
2024032705003981,HRL,58,29,30.0,602.0,18060.0,2024-03-27
2024032705003980,HRL,58,58,10.0,602.0,6020.0,2024-03-27
2024032705003979,HRL,58,55,20.0,602.0,12040.0,2024-03-27
2024032705003978,HRL,58,25,40.0,602.0,24080.0,2024-03-27
2024032703008273,DDBL,45,58,20.0,797.8,15956.0,2024-03-27
2024032705003977,SMATA,58,44,10.0,704.7,7047.0,2024-03-27
2024032703008272,GUFL,62,3,10.0,858.0,8580.0,2024-03-27
2024032701024063,CYCL,62,77,16.0,1397.0,22352.0,2024-03-27
2024032701024062,CYCL,62,25,50.0,1397.0,69850.0,2024-03-27
2024032701024061,CYCL,62,45,40.0,1396.0,55840.0,2024-03-27
2024032701024060,CYCL,62,48,10.0,1396.0,13960.0,2024-03-27
2024032701024059,CYCL,62,1,20.0,1395.0,27900.0,2024-03-27
2024032701024058,CYCL,62,13,14.0,1395.0,19530.0,2024-03-27
2024032704007707,GHL,11,29,115.0,153.0,17595.0,2024-03-27
2024032704007706,GHL,29,29,100.0,153.1,15310.0,2024-03-27
2024032704007705,GHL,42,29,85.0,153.2,13022.0,2024-03-27
2024032703008271,CBBL,45,49,40.0,839.0,33560.0,2024-03-27
2024032701024057,SMH,49,18,10.0,678.0,6780.0,2024-03-27
2024032703008270,KMCDB,52,49,10.0,753.7,7537.0,2024-03-27
2024032704007704,UAIL,65,34,250.0,532.0,133000.0,2024-03-27
2024032703008269,MNBBL,21,26,231.0,348.0,80388.0,2024-03-27
2024032703008268,MNBBL,47,26,30.0,348.0,10440.0,2024-03-27
2024032703008267,MNBBL,42,26,89.0,348.0,30972.0,2024-03-27
2024032703008266,GUFL,65,53,300.0,820.1,246030.0,2024-03-27
2024032704007703,AKPL,41,52,50.0,178.5,8925.0,2024-03-27
2024032704007702,AKPL,41,48,12.0,178.5,2142.0,2024-03-27
2024032704007701,OHL,1,57,10.0,778.0,7780.0,2024-03-27
2024032705003976,NIFRA,6,1,274.0,205.2,56224.8,2024-03-27
2024032705003975,NIFRA,1,1,26.0,205.3,5337.8,2024-03-27
2024032701024056,RFPL,25,45,100.0,420.0,42000.0,2024-03-27
2024032701024055,PCBL,56,22,48.0,191.4,9187.2,2024-03-27
2024032701024054,PCBL,56,32,200.0,191.0,38200.0,2024-03-27
2024032701024053,PCBL,56,58,100.0,191.0,19100.0,2024-03-27
2024032701024052,PCBL,56,37,552.0,191.0,105432.0,2024-03-27
2024032703008265,NUBL,38,7,10.0,654.0,6540.0,2024-03-27
2024032701024051,ULHC,43,38,100.0,330.2,33020.0,2024-03-27
2024032703008264,ICFC,49,10,200.0,507.0,101400.0,2024-03-27
2024032703008263,ICFC,22,10,300.0,507.0,152100.0,2024-03-27
2024032703008262,ICFC,21,10,100.0,507.0,50700.0,2024-03-27
2024032703008261,ICFC,17,10,100.0,507.0,50700.0,2024-03-27
2024032701024050,CYCL,66,56,10.0,1394.0,13940.0,2024-03-27
2024032703008260,GUFL,65,10,180.0,820.1,147618.0,2024-03-27
2024032703008259,GUFL,49,10,100.0,821.0,82100.0,2024-03-27
2024032703008258,GUFL,20,10,100.0,821.1,82110.0,2024-03-27
2024032703008257,GUFL,57,10,200.0,822.0,164400.0,2024-03-27
2024032703008256,GUFL,48,10,10.0,822.0,8220.0,2024-03-27
2024032703008255,GUFL,71,10,100.0,822.0,82200.0,2024-03-27
2024032703008254,GUFL,25,10,70.0,822.0,57540.0,2024-03-27
2024032701024049,EHPL,32,58,10.0,473.9,4739.0,2024-03-27
2024032703008253,GUFL,58,7,10.0,823.0,8230.0,2024-03-27
2024032701024048,NRM,35,7,176.0,371.4,65366.4,2024-03-27
2024032701024047,NRM,59,7,24.0,371.7,8920.8,2024-03-27
2024032704007700,LEC,11,86,10.0,185.0,1850.0,2024-03-27
2024032703008252,NADEP,19,49,219.0,655.0,143445.0,2024-03-27
2024032703008251,NADEP,19,85,10.0,655.0,6550.0,2024-03-27
2024032703008250,NADEP,19,17,90.0,654.9,58941.0,2024-03-27
2024032703008249,NADEP,19,34,122.0,654.0,79788.0,2024-03-27
2024032703008248,NADEP,19,5,39.0,653.9,25502.1,2024-03-27
2024032703008247,NADEP,19,49,20.0,651.9,13038.0,2024-03-27
2024032703008246,SAPDBL,57,19,10.0,296.0,2960.0,2024-03-27
2024032701024046,MKCL,57,60,80.0,938.0,75040.0,2024-03-27
2024032701024045,MKCL,57,43,30.0,937.8,28134.0,2024-03-27
2024032701024044,MKCL,57,35,10.0,935.0,9350.0,2024-03-27
2024032701024043,SBL,50,4,44.0,222.0,9768.0,2024-03-27
2024032701024042,SBL,50,76,60.0,221.0,13260.0,2024-03-27
2024032701024041,SBL,50,76,100.0,221.0,22100.0,2024-03-27
2024032701024040,SBL,50,7,296.0,221.0,65416.0,2024-03-27
2024032704007699,SJCL,58,5,20.0,286.1,5722.0,2024-03-27
2024032704007698,SJCL,58,35,40.0,286.0,11440.0,2024-03-27
2024032704007697,SJCL,58,54,30.0,286.0,8580.0,2024-03-27
2024032704007696,SJCL,58,58,40.0,285.0,11400.0,2024-03-27
2024032704007695,SJCL,58,58,100.0,285.0,28500.0,2024-03-27
2024032704007694,SJCL,58,45,40.0,285.0,11400.0,2024-03-27
2024032701024039,DORDI,77,57,472.0,470.0,221840.0,2024-03-27
2024032701024038,DORDI,77,34,10.0,470.0,4700.0,2024-03-27
2024032701024037,DORDI,77,57,196.0,470.0,92120.0,2024-03-27
2024032701024036,DORDI,77,47,10.0,470.0,4700.0,2024-03-27
2024032701024035,DORDI,77,57,25.0,470.0,11750.0,2024-03-27
2024032701024034,DORDI,77,21,10.0,470.0,4700.0,2024-03-27
2024032701024033,DORDI,77,42,177.0,470.0,83190.0,2024-03-27
2024032701024032,DORDI,77,57,10.0,469.0,4690.0,2024-03-27
2024032701024031,DORDI,77,68,1510.0,467.0,705170.0,2024-03-27
2024032701024030,DORDI,77,36,10.0,467.0,4670.0,2024-03-27
2024032701024029,DORDI,77,38,10.0,467.0,4670.0,2024-03-27
2024032701024028,DORDI,77,10,70.0,467.0,32690.0,2024-03-27
2024032701024027,DORDI,77,52,10.0,466.0,4660.0,2024-03-27
2024032701024026,DORDI,77,36,480.0,466.0,223680.0,2024-03-27
2024032704007693,SSHL,22,40,10.0,164.0,1640.0,2024-03-27
2024032701024025,DLBS,49,77,20.0,1454.0,29080.0,2024-03-27
2024032701024024,DLBS,49,45,10.0,1454.0,14540.0,2024-03-27
2024032701024023,DLBS,49,7,200.0,1454.0,290800.0,2024-03-27
2024032701024022,DLBS,49,21,100.0,1426.9,142690.0,2024-03-27
2024032701024021,DLBS,49,7,10.0,1426.0,14260.0,2024-03-27
2024032701024020,DLBS,49,34,40.0,1425.0,57000.0,2024-03-27
2024032701024019,DLBS,49,57,200.0,1420.0,284000.0,2024-03-27
2024032701024018,DLBS,49,14,10.0,1361.7,13617.0,2024-03-27
2024032701024017,DLBS,49,6,100.0,1360.0,136000.0,2024-03-27
2024032701024016,DLBS,49,17,50.0,1357.6,67880.0,2024-03-27
2024032701024015,DLBS,49,58,10.0,1356.6,13566.0,2024-03-27
2024032701024014,DLBS,49,58,10.0,1356.0,13560.0,2024-03-27
2024032701024013,DLBS,49,33,10.0,1351.0,13510.0,2024-03-27
2024032701024012,DLBS,49,44,10.0,1350.0,13500.0,2024-03-27
2024032701024011,DLBS,49,6,10.0,1350.0,13500.0,2024-03-27
2024032701024010,DLBS,49,47,10.0,1350.0,13500.0,2024-03-27
2024032701024009,DLBS,49,58,30.0,1343.4,40302.0,2024-03-27
2024032701024008,DLBS,49,58,10.0,1340.0,13400.0,2024-03-27
2024032701024007,DLBS,49,52,10.0,1333.0,13330.0,2024-03-27
2024032701024006,DLBS,49,70,100.0,1331.0,133100.0,2024-03-27
2024032701024005,DLBS,49,29,10.0,1330.0,13300.0,2024-03-27
2024032701024004,DLBS,49,25,10.0,1330.0,13300.0,2024-03-27
2024032701024003,DLBS,49,46,10.0,1330.0,13300.0,2024-03-27
2024032701024002,DLBS,49,7,50.0,1330.0,66500.0,2024-03-27
2024032701024001,DLBS,49,45,10.0,1330.0,13300.0,2024-03-27
2024032701024000,DLBS,49,53,50.0,1330.0,66500.0,2024-03-27
2024032701023999,DLBS,49,32,20.0,1328.0,26560.0,2024-03-27
2024032701023998,DLBS,49,26,371.0,1326.0,491946.0,2024-03-27
2024032701023997,DLBS,49,13,10.0,1300.0,13000.0,2024-03-27
2024032705003974,HIDCL,49,34,26.0,169.4,4404.4,2024-03-27
2024032705003973,HIDCL,49,55,50.0,169.4,8470.0,2024-03-27
2024032701023996,RHGCL,43,26,10.0,296.0,2960.0,2024-03-27
2024032701023995,MKHL,21,21,10.0,376.0,3760.0,2024-03-27
2024032701023994,ILI,41,40,10.0,531.9,5319.0,2024-03-27
2024032703008245,SFCL,52,47,10.0,315.0,3150.0,2024-03-27
2024032703008244,LLBS,16,58,10.0,852.6,8526.0,2024-03-27
2024032701023993,RFPL,21,62,46.0,415.0,19090.0,2024-03-27
2024032701023992,RFPL,41,62,500.0,415.0,207500.0,2024-03-27
2024032701023991,RFPL,21,62,200.0,416.5,83300.0,2024-03-27
2024032701023990,RFPL,21,62,200.0,416.5,83300.0,2024-03-27
2024032701023989,RFPL,26,62,100.0,416.5,41650.0,2024-03-27
2024032701023988,RFPL,49,62,10.0,417.0,4170.0,2024-03-27
2024032701023987,RFPL,25,62,14.0,417.1,5839.4,2024-03-27
2024032701023986,RFPL,25,62,13.0,417.2,5423.6,2024-03-27
2024032701023985,RFPL,25,62,12.0,417.3,5007.6,2024-03-27
2024032701023984,RFPL,49,62,700.0,417.4,292180.0,2024-03-27
2024032701023983,RFPL,56,62,50.0,417.5,20875.0,2024-03-27
2024032701023982,RFPL,20,62,1000.0,418.0,418000.0,2024-03-27
2024032701023981,RFPL,59,62,500.0,418.1,209050.0,2024-03-27
2024032701023980,RFPL,64,62,1155.0,418.1,482905.5,2024-03-27
2024032704007692,HURJA,14,42,20.0,286.6,5732.0,2024-03-27
2024032701023979,ULHC,43,86,400.0,330.2,132080.0,2024-03-27
2024032701023978,ULHC,13,86,100.0,330.2,33020.0,2024-03-27
2024032701023977,RNLI,55,45,140.0,434.1,60774.0,2024-03-27
2024032701023976,RNLI,22,45,50.0,434.2,21710.0,2024-03-27
2024032701023975,RNLI,17,45,10.0,435.0,4350.0,2024-03-27
2024032701023974,RNLI,41,45,90.0,435.3,39177.0,2024-03-27
2024032701023973,RNLI,57,45,200.0,436.0,87200.0,2024-03-27
2024032701023972,RNLI,65,45,60.0,436.0,26160.0,2024-03-27
2024032703008243,ILBS,44,7,55.0,908.0,49940.0,2024-03-27
2024032703008242,ILBS,44,19,35.0,908.0,31780.0,2024-03-27
2024032703008241,ILBS,44,6,10.0,907.0,9070.0,2024-03-27
2024032703008240,NABBC,49,17,10.0,419.2,4192.0,2024-03-27
2024032701023971,RFPL,64,26,845.0,418.1,353294.5,2024-03-27
2024032701023970,RFPL,25,26,12.0,418.1,5017.2,2024-03-27
2024032701023969,RFPL,29,26,500.0,418.2,209100.0,2024-03-27
2024032701023968,RFPL,70,26,100.0,418.2,41820.0,2024-03-27
2024032701023967,RFPL,25,26,13.0,418.2,5436.6,2024-03-27
2024032701023966,RFPL,20,26,1000.0,419.0,419000.0,2024-03-27
2024032701023965,RFPL,42,26,80.0,419.0,33520.0,2024-03-27
2024032705003972,HRL,39,21,10.0,601.5,6015.0,2024-03-27
2024032703008239,CBBL,34,25,100.0,839.0,83900.0,2024-03-27
2024032704007691,SICL,42,55,16.0,698.6,11177.6,2024-03-27
2024032704007690,SICL,42,55,25.0,698.6,17465.0,2024-03-27
2024032701023964,KDL,47,57,50.0,800.0,40000.0,2024-03-27
2024032701023963,SNLI,45,47,475.0,603.0,286425.0,2024-03-27
2024032701023962,SNLI,44,47,10.0,603.0,6030.0,2024-03-27
2024032701023961,SNLI,57,47,10.0,603.0,6030.0,2024-03-27
2024032701023960,SNLI,55,47,500.0,603.0,301500.0,2024-03-27
2024032701023959,SNLI,34,47,100.0,603.0,60300.0,2024-03-27
2024032701023958,SNLI,8,47,150.0,603.0,90450.0,2024-03-27
2024032701023957,SNLI,49,47,100.0,603.0,60300.0,2024-03-27
2024032701023956,SNLI,64,47,117.0,603.0,70551.0,2024-03-27
2024032701023955,SNLI,36,47,100.0,603.1,60310.0,2024-03-27
2024032701023954,SNLI,3,47,15.0,603.1,9046.5,2024-03-27
2024032701023953,SNLI,44,47,200.0,603.1,120620.0,2024-03-27
2024032701023952,SNLI,14,47,20.0,603.1,12062.0,2024-03-27
2024032701023951,SNLI,34,47,73.0,603.1,44026.3,2024-03-27
2024032701023950,SNLI,13,47,100.0,603.2,60320.0,2024-03-27
2024032701023949,SNLI,19,47,30.0,603.5,18105.0,2024-03-27
2024032701023948,MBJC,47,36,10.0,317.0,3170.0,2024-03-27
2024032701023947,MBJC,47,34,10.0,316.0,3160.0,2024-03-27
2024032701023946,MBJC,47,7,10.0,315.0,3150.0,2024-03-27
2024032701023945,SMH,52,18,10.0,678.0,6780.0,2024-03-27
2024032701023944,MSHL,35,43,10.0,627.0,6270.0,2024-03-27
2024032701023943,JBLB,34,57,10.0,1324.0,13240.0,2024-03-27
2024032703008238,EDBL,14,38,50.0,357.0,17850.0,2024-03-27
2024032704007689,HPPL,4,6,12.0,272.0,3264.0,2024-03-27
2024032704007688,HPPL,4,39,170.0,270.0,45900.0,2024-03-27
2024032704007687,HPPL,4,59,150.0,270.0,40500.0,2024-03-27
2024032704007686,HPPL,4,42,368.0,269.0,98992.0,2024-03-27
2024032703008237,KRBL,58,55,175.0,407.8,71365.0,2024-03-27
2024032703008236,KRBL,58,36,30.0,407.8,12234.0,2024-03-27
2024032703008235,KRBL,58,25,100.0,407.7,40770.0,2024-03-27
2024032703008234,KRBL,58,16,240.0,405.0,97200.0,2024-03-27
2024032703008233,KRBL,58,21,355.0,403.2,143136.0,2024-03-27
2024032703008232,KRBL,58,1,100.0,403.0,40300.0,2024-03-27
2024032704007685,TRH,19,42,50.0,798.0,39900.0,2024-03-27
2024032701023942,HHL,45,40,297.0,353.0,104841.0,2024-03-27
2024032701023941,SONA,91,40,200.0,480.0,96000.0,2024-03-27
2024032704007684,UPCL,49,44,73.0,210.0,15330.0,2024-03-27
2024032704007683,UPCL,6,44,100.0,210.0,21000.0,2024-03-27
2024032704007682,UPCL,21,44,50.0,210.0,10500.0,2024-03-27
2024032704007681,UPCL,28,44,200.0,210.0,42000.0,2024-03-27
2024032704007680,UPCL,5,44,47.0,210.0,9870.0,2024-03-27
2024032704007679,UPCL,5,44,701.0,210.0,147210.0,2024-03-27
2024032704007678,JOSHI,39,26,500.0,359.0,179500.0,2024-03-27
2024032704007677,NICL,46,14,10.0,843.0,8430.0,2024-03-27
2024032701023940,DORDI,77,36,20.0,466.0,9320.0,2024-03-27
2024032703008231,NICLBSL,47,56,57.0,601.0,34257.0,2024-03-27
2024032701023939,RFPL,47,35,300.0,419.2,125760.0,2024-03-27
2024032703008230,GUFL,28,3,10.0,858.0,8580.0,2024-03-27
2024032701023938,BGWT,34,45,10.0,607.0,6070.0,2024-03-27
2024032701023937,SHIVM,34,84,50.0,525.0,26250.0,2024-03-27
2024032701023936,PRVU,48,55,44.0,141.3,6217.2,2024-03-27
2024032701023935,CKHL,58,62,100.0,586.0,58600.0,2024-03-27
2024032703008229,CBBL,58,58,50.0,840.0,42000.0,2024-03-27
2024032701023934,MEL,42,55,100.0,215.0,21500.0,2024-03-27
2024032701023933,AHL,18,58,119.0,460.0,54740.0,2024-03-27
2024032701023932,AHL,18,19,10.0,460.0,4600.0,2024-03-27
2024032701023931,AHL,18,13,10.0,459.9,4599.0,2024-03-27
2024032701023930,AHL,18,13,10.0,459.8,4598.0,2024-03-27
2024032701023929,AHL,18,13,10.0,459.7,4597.0,2024-03-27
2024032701023928,AHL,18,13,10.0,459.6,4596.0,2024-03-27
2024032701023927,AHL,18,13,10.0,459.5,4595.0,2024-03-27
2024032701023926,AHL,18,13,10.0,459.4,4594.0,2024-03-27
2024032701023925,AHL,18,13,10.0,458.8,4588.0,2024-03-27
2024032701023924,AHL,18,13,10.0,458.6,4586.0,2024-03-27
2024032701023923,AHL,18,13,10.0,458.5,4585.0,2024-03-27
2024032701023922,AHL,18,13,10.0,458.4,4584.0,2024-03-27
2024032701023921,AHL,18,32,10.0,458.3,4583.0,2024-03-27
2024032701023920,AHL,18,13,10.0,458.3,4583.0,2024-03-27
2024032701023919,AHL,18,22,16.0,458.0,7328.0,2024-03-27
2024032701023918,AHL,18,45,10.0,458.0,4580.0,2024-03-27
2024032701023917,AHL,18,65,100.0,458.0,45800.0,2024-03-27
2024032701023916,AHL,18,1,300.0,458.0,137400.0,2024-03-27
2024032701023915,AHL,18,29,325.0,458.0,148850.0,2024-03-27
2024032704007676,API,16,22,152.0,179.5,27284.0,2024-03-27
2024032704007675,API,22,22,100.0,179.6,17960.0,2024-03-27
2024032704007674,AKJCL,22,16,10.0,215.0,2150.0,2024-03-27
2024032704007673,AKJCL,44,16,50.0,215.0,10750.0,2024-03-27
2024032704007672,AKJCL,10,16,500.0,215.0,107500.0,2024-03-27
2024032704007671,AKJCL,44,16,300.0,215.0,64500.0,2024-03-27
2024032704007670,AKJCL,35,16,1000.0,215.2,215200.0,2024-03-27
2024032704007669,AKJCL,18,16,40.0,215.2,8608.0,2024-03-27
2024032704007668,AKJCL,53,16,891.0,215.2,191743.2,2024-03-27
2024032704007667,UNHPL,49,57,10.0,239.8,2398.0,2024-03-27
2024032701023914,GCIL,25,38,41.0,513.0,21033.0,2024-03-27
2024032701023913,SHIVM,69,84,20.0,525.0,10500.0,2024-03-27
2024032701023912,SHIVM,69,84,10.0,525.0,5250.0,2024-03-27
2024032701023911,DLBS,38,26,79.0,1326.0,104754.0,2024-03-27
2024032701023910,DLBS,38,35,10.0,1326.0,13260.0,2024-03-27
2024032701023909,DLBS,38,21,20.0,1326.0,26520.0,2024-03-27
2024032701023908,DLBS,38,34,100.0,1326.0,132600.0,2024-03-27
2024032701023907,DLBS,38,40,10.0,1326.0,13260.0,2024-03-27
2024032701023906,DLBS,38,51,210.0,1326.0,278460.0,2024-03-27
2024032701023905,DLBS,38,41,10.0,1325.0,13250.0,2024-03-27
2024032701023904,DLBS,38,34,10.0,1325.0,13250.0,2024-03-27
2024032701023903,DLBS,38,77,100.0,1318.0,131800.0,2024-03-27
2024032701023902,DLBS,38,21,24.0,1315.6,31574.4,2024-03-27
2024032701023901,DLBS,38,35,10.0,1314.0,13140.0,2024-03-27
2024032701023900,DLBS,38,58,10.0,1310.0,13100.0,2024-03-27
2024032701023899,DLBS,38,58,10.0,1310.0,13100.0,2024-03-27
2024032701023898,DLBS,38,35,10.0,1310.0,13100.0,2024-03-27
2024032701023897,DLBS,38,7,51.0,1309.6,66789.6,2024-03-27
2024032701023896,DLBS,38,38,127.0,1290.0,163830.0,2024-03-27
2024032701023895,DLBS,38,46,10.0,1287.0,12870.0,2024-03-27
2024032701023894,DLBS,38,34,59.0,1287.0,75933.0,2024-03-27
2024032703008228,NFS,58,35,450.0,380.0,171000.0,2024-03-27
2024032701023893,GBIME,35,38,329.0,182.9,60174.1,2024-03-27
2024032701023892,GBIME,35,25,36.0,182.9,6584.4,2024-03-27
2024032701023891,GBIME,35,25,250.0,182.9,45725.0,2024-03-27
2024032701023890,GBIME,35,51,236.0,182.9,43164.4,2024-03-27
2024032703008227,MERO,35,1,25.0,616.8,15420.0,2024-03-27
2024032701023889,SONA,34,16,90.0,481.0,43290.0,2024-03-27
2024032701023888,SONA,34,86,100.0,481.0,48100.0,2024-03-27
2024032701023887,SONA,34,52,10.0,480.7,4807.0,2024-03-27
2024032701023886,SNLI,19,57,10.0,603.5,6035.0,2024-03-27
2024032701023885,HATHY,57,58,10.0,879.8,8798.0,2024-03-27
2024032701023884,SONA,57,52,200.0,480.7,96140.0,2024-03-27
2024032703008226,SAPDBL,58,19,10.0,296.0,2960.0,2024-03-27
2024032703008225,SAPDBL,47,19,50.0,296.0,14800.0,2024-03-27
2024032703008224,SAPDBL,25,19,50.0,296.2,14810.0,2024-03-27
2024032703008223,SAPDBL,21,19,50.0,296.2,14810.0,2024-03-27
2024032703008222,SAPDBL,7,19,50.0,296.5,14825.0,2024-03-27
2024032703008221,SAPDBL,74,19,500.0,296.6,148300.0,2024-03-27
2024032703008220,SAPDBL,56,19,500.0,296.7,148350.0,2024-03-27
2024032703008219,SAPDBL,58,19,10.0,296.8,2968.0,2024-03-27
2024032703008218,SAPDBL,14,19,300.0,296.8,89040.0,2024-03-27
2024032703008217,SAPDBL,40,19,65.0,297.0,19305.0,2024-03-27
2024032703008216,FMDBL,62,21,11.0,612.9,6741.9,2024-03-27
2024032703008215,FMDBL,62,39,30.0,610.0,18300.0,2024-03-27
2024032701023883,MAKAR,40,45,290.0,394.0,114260.0,2024-03-27
2024032701023882,MAKAR,40,62,520.0,393.9,204828.0,2024-03-27
2024032701023881,MAKAR,40,25,75.0,393.8,29535.0,2024-03-27
2024032701023880,MAKAR,40,42,10.0,393.7,3937.0,2024-03-27
2024032701023879,MAKAR,40,29,20.0,393.0,7860.0,2024-03-27
2024032704007666,MEN,16,45,80.0,523.0,41840.0,2024-03-27
2024032704007665,SPDL,17,50,12.0,243.9,2926.8,2024-03-27
2024032703008214,USLB,33,81,45.0,1650.0,74250.0,2024-03-27
2024032703008213,USLB,33,22,40.0,1650.0,66000.0,2024-03-27
2024032703008212,USLB,33,55,10.0,1649.0,16490.0,2024-03-27
2024032703008211,USLB,33,55,100.0,1636.0,163600.0,2024-03-27
2024032703008210,USLB,33,56,70.0,1635.0,114450.0,2024-03-27
2024032703008209,USLB,33,49,235.0,1635.0,384225.0,2024-03-27
2024032705003971,SMATA,88,44,10.0,704.7,7047.0,2024-03-27
2024032701023878,MKLB,32,53,10.0,837.9,8379.0,2024-03-27
2024032705003970,NRIC,59,19,32.0,732.0,23424.0,2024-03-27
2024032701023877,MEHL,62,49,10.0,295.0,2950.0,2024-03-27
2024032703008208,GMFBS,62,45,10.0,1030.0,10300.0,2024-03-27
2024032701023876,MHCL,38,58,10.0,431.0,4310.0,2024-03-27
2024032704007664,RADHI,42,22,20.0,239.0,4780.0,2024-03-27
2024032704007663,LEC,45,86,90.0,185.0,16650.0,2024-03-27
2024032701023875,NMB,25,22,31.0,180.3,5589.3,2024-03-27
2024032701023874,CKHL,58,49,500.0,586.0,293000.0,2024-03-27
2024032704007662,HURJA,41,17,10.0,290.0,2900.0,2024-03-27
2024032704007661,HURJA,41,57,20.0,289.1,5782.0,2024-03-27
2024032704007660,HURJA,41,42,20.0,287.0,5740.0,2024-03-27
2024032704007659,AKPL,48,35,28.0,178.0,4984.0,2024-03-27
2024032704007658,AKPL,58,35,20.0,178.0,3560.0,2024-03-27
2024032701023873,MMKJL,82,35,610.0,417.1,254431.0,2024-03-27
2024032701023872,MMKJL,82,28,190.0,417.1,79249.0,2024-03-27
2024032701023871,NMB,37,14,10.0,181.9,1819.0,2024-03-27
2024032703008207,NADEP,70,49,10.0,651.9,6519.0,2024-03-27
2024032703008206,NADEP,70,22,10.0,650.0,6500.0,2024-03-27
2024032703008205,NADEP,70,5,30.0,650.0,19500.0,2024-03-27
2024032701023870,CYCL,62,13,36.0,1395.0,50220.0,2024-03-27
2024032701023869,CYCL,62,45,64.0,1395.0,89280.0,2024-03-27
2024032701023868,GVL,42,58,10.0,425.0,4250.0,2024-03-27
2024032701023867,ULHC,58,58,10.0,333.0,3330.0,2024-03-27
2024032701023866,RHGCL,60,38,20.0,300.0,6000.0,2024-03-27
2024032703008204,GUFL,45,3,10.0,858.0,8580.0,2024-03-27
2024032704007657,KPCL,85,8,19.0,425.0,8075.0,2024-03-27
2024032704007656,KPCL,85,49,500.0,425.0,212500.0,2024-03-27
2024032704007655,KPCL,85,50,390.0,424.0,165360.0,2024-03-27
2024032704007654,KPCL,85,55,50.0,424.0,21200.0,2024-03-27
2024032704007653,KPCL,85,51,253.0,423.9,107246.7,2024-03-27
2024032704007652,KPCL,85,57,100.0,423.8,42380.0,2024-03-27
2024032704007651,KPCL,85,5,13.0,423.3,5502.9,2024-03-27
2024032704007650,KPCL,85,62,12.0,423.3,5079.6,2024-03-27
2024032704007649,KPCL,85,43,13.0,423.0,5499.0,2024-03-27
2024032704007648,KPCL,85,29,100.0,422.9,42290.0,2024-03-27
2024032704007647,KPCL,85,39,50.0,422.0,21100.0,2024-03-27
2024032701023865,SHIVM,26,84,10.0,525.0,5250.0,2024-03-27
2024032701023864,GVL,65,1,655.0,421.0,275755.0,2024-03-27
2024032701023863,GVL,58,1,10.0,421.0,4210.0,2024-03-27
2024032701023862,GVL,6,1,145.0,421.0,61045.0,2024-03-27
2024032701023861,GVL,57,1,180.0,421.2,75816.0,2024-03-27
2024032701023860,GVL,49,1,10.0,421.3,4213.0,2024-03-27
2024032703008203,NICLBSL,55,56,443.0,601.0,266243.0,2024-03-27
2024032704007646,CHL,33,41,20.0,293.0,5860.0,2024-03-27
2024032704007645,BARUN,58,41,20.0,237.9,4758.0,2024-03-27
2024032701023859,VLUCL,52,34,50.0,515.0,25750.0,2024-03-27
2024032704007644,KPCL,66,75,13.0,417.0,5421.0,2024-03-27
2024032704007643,KPCL,66,64,13.0,416.3,5411.9,2024-03-27
2024032704007642,KPCL,66,39,300.0,416.0,124800.0,2024-03-27
2024032704007641,KPCL,66,56,172.0,416.0,71552.0,2024-03-27
2024032704007640,RURU,34,34,50.0,680.0,34000.0,2024-03-27
2024032701023858,SRLI,38,49,10.0,442.7,4427.0,2024-03-27
2024032704007639,AHPC,88,42,500.0,176.3,88150.0,2024-03-27
2024032701023857,BHL,58,64,354.0,369.9,130944.6,2024-03-27
2024032701023856,BHL,58,38,26.0,369.8,9614.8,2024-03-27
2024032701023855,BHL,58,36,120.0,369.7,44364.0,2024-03-27
2024032704007638,RADHI,6,58,390.0,237.5,92625.0,2024-03-27
2024032704007637,RADHI,16,58,554.0,237.7,131685.8,2024-03-27
2024032701023854,SHIVM,42,84,25.0,525.0,13125.0,2024-03-27
2024032701023853,SHIVM,41,84,200.0,525.0,105000.0,2024-03-27
2024032701023852,SHIVM,22,84,100.0,525.0,52500.0,2024-03-27
2024032701023851,SHIVM,48,84,100.0,525.0,52500.0,2024-03-27
2024032701023850,SHIVM,52,84,700.0,525.0,367500.0,2024-03-27
2024032701023849,SHIVM,35,84,50.0,525.0,26250.0,2024-03-27
2024032701023848,SHIVM,6,84,50.0,525.1,26255.0,2024-03-27
2024032704007636,NICL,46,44,10.0,838.0,8380.0,2024-03-27
2024032701023847,ILI,84,55,530.0,530.0,280900.0,2024-03-27
2024032701023846,SONA,91,56,323.0,480.0,155040.0,2024-03-27
2024032701023845,SONA,16,56,177.0,480.0,84960.0,2024-03-27
2024032703008202,HLBSL,36,35,100.0,690.0,69000.0,2024-03-27
2024032704007635,JOSHI,28,41,42.0,359.9,15115.8,2024-03-27
2024032704007634,JOSHI,28,82,18.0,358.0,6444.0,2024-03-27
2024032701023844,BEDC,1,35,500.0,350.1,175050.0,2024-03-27
2024032701023843,SONA,14,52,20.0,480.7,9614.0,2024-03-27
2024032703008201,GRDBL,34,14,27.0,362.1,9776.7,2024-03-27
2024032703008200,GRDBL,4,14,50.0,362.1,18105.0,2024-03-27
2024032705003969,NIFRA,1,7,54.0,205.3,11086.2,2024-03-27
2024032704007633,UPPER,1,43,31.0,175.4,5437.4,2024-03-27
2024032704007632,UPPER,42,43,10.0,175.4,1754.0,2024-03-27
2024032704007631,UPPER,19,43,30.0,175.5,5265.0,2024-03-27
2024032704007630,UPPER,34,43,200.0,175.5,35100.0,2024-03-27
2024032704007629,UPPER,34,43,19.0,175.5,3334.5,2024-03-27
2024032704007628,UPPER,42,43,10.0,175.5,1755.0,2024-03-27
2024032704007627,PPCL,49,38,20.0,252.9,5058.0,2024-03-27
2024032704007626,RIDI,41,29,14.0,184.5,2583.0,2024-03-27
2024032701023842,DOLTI,58,77,10.0,430.0,4300.0,2024-03-27
2024032701023841,DLBS,38,58,10.0,1262.2,12622.0,2024-03-27
2024032704007625,API,22,45,36.0,179.6,6465.6,2024-03-27
2024032704007624,MHNL,4,21,100.0,239.4,23940.0,2024-03-27
2024032701023840,TSHL,28,56,79.0,537.0,42423.0,2024-03-27
2024032701023839,TSHL,42,56,200.0,537.1,107420.0,2024-03-27
2024032701023838,TSHL,48,56,10.0,537.5,5375.0,2024-03-27
2024032703008199,BFC,41,57,100.0,342.0,34200.0,2024-03-27
2024032701023837,BNHC,14,81,75.0,480.1,36007.5,2024-03-27
2024032701023836,BNHC,49,81,15.0,481.0,7215.0,2024-03-27
2024032701023835,BNHC,29,81,20.0,481.0,9620.0,2024-03-27
2024032701023834,GVL,10,14,10.0,425.0,4250.0,2024-03-27
2024032701023833,DOLTI,63,43,40.0,424.0,16960.0,2024-03-27
2024032701023832,DOLTI,25,43,50.0,425.0,21250.0,2024-03-27
2024032701023831,DOLTI,56,43,10.0,425.1,4251.0,2024-03-27
2024032701023830,DOLTI,5,43,270.0,425.1,114777.0,2024-03-27
2024032701023829,DOLTI,71,43,30.0,425.2,12756.0,2024-03-27
2024032701023828,DOLTI,56,43,100.0,426.0,42600.0,2024-03-27
2024032701023827,BEDC,43,61,20.0,355.0,7100.0,2024-03-27
2024032701023826,BEDC,43,47,10.0,354.0,3540.0,2024-03-27
2024032701023825,BEDC,43,51,20.0,354.0,7080.0,2024-03-27
2024032703008198,NFS,58,38,45.0,380.0,17100.0,2024-03-27
2024032703008197,NFS,57,38,45.0,380.0,17100.0,2024-03-27
2024032701023824,DORDI,72,10,500.0,467.0,233500.0,2024-03-27
2024032703008196,SJLIC,17,72,200.0,494.0,98800.0,2024-03-27
2024032701023823,SRLI,5,45,84.0,440.1,36968.4,2024-03-27
2024032701023822,SRLI,34,45,315.0,440.1,138631.5,2024-03-27
2024032701023821,SRLI,44,45,10.0,440.2,4402.0,2024-03-27
2024032701023820,SRLI,29,45,50.0,441.0,22050.0,2024-03-27
2024032701023819,SRLI,45,45,120.0,441.0,52920.0,2024-03-27
2024032701023818,SRLI,38,45,20.0,442.6,8852.0,2024-03-27
2024032701023817,CLI,17,22,456.0,445.0,202920.0,2024-03-27
2024032701023816,CLI,17,22,90.0,445.0,40050.0,2024-03-27
2024032701023815,CLI,26,22,53.0,445.0,23585.0,2024-03-27
2024032701023814,CLI,22,22,200.0,445.0,89000.0,2024-03-27
2024032701023813,CLI,34,22,1201.0,445.0,534445.0,2024-03-27
2024032704007623,NGPL,41,53,82.0,304.0,24928.0,2024-03-27
2024032704007622,NGPL,49,53,10.0,304.0,3040.0,2024-03-27
2024032704007621,NGPL,57,53,200.0,304.0,60800.0,2024-03-27
2024032704007620,NGPL,19,53,100.0,304.0,30400.0,2024-03-27
2024032704007619,NGPL,33,53,100.0,304.0,30400.0,2024-03-27
2024032704007618,NGPL,49,53,13.0,304.3,3955.9,2024-03-27
2024032704007617,AHPC,88,55,200.0,176.3,35260.0,2024-03-27
2024032701023812,EHPL,69,66,80.0,465.5,37240.0,2024-03-27
2024032701023811,EHPL,69,66,90.0,465.5,41895.0,2024-03-27
2024032701023810,EHPL,69,66,50.0,465.5,23275.0,2024-03-27
2024032701023809,EHPL,69,66,780.0,466.0,363480.0,2024-03-27
2024032701023808,SAHAS,34,52,10.0,520.0,5200.0,2024-03-27
2024032704007616,RADHI,16,7,446.0,237.7,106014.2,2024-03-27
2024032704007615,RADHI,43,7,500.0,237.8,118900.0,2024-03-27
2024032704007614,RADHI,25,7,54.0,238.0,12852.0,2024-03-27
2024032701023807,EHPL,32,58,30.0,473.9,14217.0,2024-03-27
2024032701023806,EHPL,32,42,10.0,473.5,4735.0,2024-03-27
2024032701023805,EHPL,32,57,70.0,473.4,33138.0,2024-03-27
2024032701023804,EHPL,32,14,10.0,473.0,4730.0,2024-03-27
2024032701023803,EHPL,32,33,10.0,472.0,4720.0,2024-03-27
2024032701023802,EHPL,32,58,40.0,468.1,18724.0,2024-03-27
2024032701023801,EHPL,32,18,30.0,468.1,14043.0,2024-03-27
2024032704007613,API,38,45,250.0,179.6,44900.0,2024-03-27
2024032701023800,ULHC,13,4,100.0,330.2,33020.0,2024-03-27
2024032701023799,ULHC,41,4,100.0,330.3,33030.0,2024-03-27
2024032701023798,DORDI,58,10,200.0,467.0,93400.0,2024-03-27
2024032701023797,PPL,62,25,1000.0,475.0,475000.0,2024-03-27
2024032703008195,SIFC,36,35,48.0,364.0,17472.0,2024-03-27
2024032701023796,MHCL,38,34,65.0,431.0,28015.0,2024-03-27
2024032701023795,MHCL,47,34,160.0,431.0,68960.0,2024-03-27
2024032705003968,NRN,14,35,220.0,530.0,116600.0,2024-03-27
2024032705003967,NRN,14,36,20.0,529.9,10598.0,2024-03-27
2024032705003966,NRN,14,54,10.0,529.0,5290.0,2024-03-27
2024032705003965,NRN,14,72,250.0,528.0,132000.0,2024-03-27
2024032701023794,SONA,43,52,20.0,480.7,9614.0,2024-03-27
2024032701023793,VLUCL,39,34,70.0,515.0,36050.0,2024-03-27
2024032701023792,RNLI,39,16,10.0,438.0,4380.0,2024-03-27
2024032703008194,MPFL,62,62,40.0,362.0,14480.0,2024-03-27
2024032703008193,MPFL,42,62,10.0,362.0,3620.0,2024-03-27
2024032703008192,FMDBL,51,62,20.0,608.0,12160.0,2024-03-27
2024032703008191,FMDBL,18,62,70.0,608.0,42560.0,2024-03-27
2024032703008190,FMDBL,42,62,10.0,608.1,6081.0,2024-03-27
2024032704007612,SGIC,13,45,100.0,522.5,52250.0,2024-03-27
2024032704007611,SGIC,29,45,200.0,522.6,104520.0,2024-03-27
2024032701023791,MBLD2085,10,45,22.0,1039.0,22858.0,2024-03-27
2024032703008189,GUFL,45,22,10.0,859.0,8590.0,2024-03-27
2024032703008188,CORBL,20,38,50.0,443.0,22150.0,2024-03-27
2024032703008187,CBBL,58,58,10.0,840.0,8400.0,2024-03-27
2024032703008186,MSLB,36,29,10.0,1023.0,10230.0,2024-03-27
2024032701023790,HHL,45,41,123.0,353.0,43419.0,2024-03-27
2024032703008185,WNLB,25,35,40.0,1150.0,46000.0,2024-03-27
2024032701023789,TPC,48,39,100.0,518.0,51800.0,2024-03-27
2024032703008184,CORBL,20,34,13.0,443.0,5759.0,2024-03-27
2024032703008183,CORBL,20,1,565.0,443.0,250295.0,2024-03-27
2024032703008182,CORBL,20,56,10.0,443.0,4430.0,2024-03-27
2024032701023788,UHEWA,57,10,10.0,355.0,3550.0,2024-03-27
2024032701023787,SCB,57,5,14.0,522.0,7308.0,2024-03-27
2024032701023786,BGWT,50,42,461.0,606.0,279366.0,2024-03-27
2024032701023785,BGWT,58,42,12.0,606.0,7272.0,2024-03-27
2024032701023784,BGWT,42,42,27.0,606.7,16380.9,2024-03-27
2024032701023783,SONA,16,58,23.0,480.0,11040.0,2024-03-27
2024032701023782,SONA,17,58,100.0,480.0,48000.0,2024-03-27
2024032701023781,SONA,65,58,377.0,480.0,180960.0,2024-03-27
2024032703008181,SJLIC,17,45,207.0,494.0,102258.0,2024-03-27
2024032701023780,SIKLES,1,34,130.0,475.0,61750.0,2024-03-27
2024032701023779,SIKLES,1,22,10.0,475.0,4750.0,2024-03-27
2024032701023778,SIKLES,1,51,10.0,471.0,4710.0,2024-03-27
2024032701023777,SIKLES,1,17,50.0,470.9,23545.0,2024-03-27
2024032704007610,HEI,57,36,100.0,582.0,58200.0,2024-03-27
2024032704007609,HEI,10,36,300.0,582.1,174630.0,2024-03-27
2024032704007608,HEI,4,36,10.0,582.5,5825.0,2024-03-27
2024032704007607,HEI,44,36,110.0,582.6,64086.0,2024-03-27
2024032704007606,HEI,83,36,200.0,583.0,116600.0,2024-03-27
2024032701023776,SHIVM,69,36,10.0,527.0,5270.0,2024-03-27
2024032701023775,SHIVM,69,36,10.0,527.0,5270.0,2024-03-27
2024032701023774,NRM,59,34,476.0,371.7,176929.2,2024-03-27
2024032701023773,NRM,50,34,300.0,371.8,111540.0,2024-03-27
2024032701023772,NRM,50,34,50.0,371.8,18590.0,2024-03-27
2024032701023771,NRM,70,34,100.0,371.9,37190.0,2024-03-27
2024032701023770,NRM,45,34,74.0,372.0,27528.0,2024-03-27
2024032704007605,GLH,8,20,10.0,218.0,2180.0,2024-03-27
2024032701023769,CYCL,62,45,200.0,1395.0,279000.0,2024-03-27
2024032701023768,PHCL,62,58,10.0,330.0,3300.0,2024-03-27
2024032701023767,CKHL,58,16,200.0,586.0,117200.0,2024-03-27
2024032701023766,CLI,34,38,500.0,445.0,222500.0,2024-03-27
2024032701023765,DLBS,45,38,720.0,1290.0,928800.0,2024-03-27
2024032701023764,DLBS,45,34,10.0,1290.0,12900.0,2024-03-27
2024032701023763,DLBS,45,25,20.0,1290.0,25800.0,2024-03-27
2024032701023762,DLBS,45,58,40.0,1265.8,50632.0,2024-03-27
2024032701023761,DLBS,45,34,10.0,1263.0,12630.0,2024-03-27
2024032701023760,MCHL,21,53,16.0,338.0,5408.0,2024-03-27
2024032704007604,AKJCL,53,49,1089.0,215.2,234352.8,2024-03-27
2024032701023759,IHL,5,61,10.0,366.0,3660.0,2024-03-27
2024032701023758,NABIL,52,14,100.0,440.5,44050.0,2024-03-27
2024032701023757,MEL,91,55,200.0,215.0,43000.0,2024-03-27
2024032701023756,MSHL,42,59,10.0,618.0,6180.0,2024-03-27
2024032701023755,EBL,57,54,15.0,505.0,7575.0,2024-03-27
2024032701023754,SNLI,19,66,60.0,603.5,36210.0,2024-03-27
2024032703008180,KSBBL,53,21,10.0,357.0,3570.0,2024-03-27
2024032701023753,VLUCL,43,58,10.0,513.0,5130.0,2024-03-27
2024032701023752,PRVU,38,8,100.0,141.0,14100.0,2024-03-27
2024032703008179,GMFIL,36,34,10.0,354.0,3540.0,2024-03-27
2024032703008178,MLBL,1,28,264.0,321.8,84955.2,2024-03-27
2024032703008177,MLBL,54,28,36.0,321.9,11588.4,2024-03-27
2024032703008176,ALBSL,45,35,225.0,725.0,163125.0,2024-03-27
2024032704007603,MEN,35,45,50.0,523.0,26150.0,2024-03-27
2024032704007602,UPPER,43,58,100.0,175.9,17590.0,2024-03-27
2024032704007601,SHL,22,39,200.0,438.0,87600.0,2024-03-27
2024032703008175,MLBSL,21,39,10.0,1670.0,16700.0,2024-03-27
2024032701023751,NMB,56,6,300.0,181.0,54300.0,2024-03-27
2024032701023750,NMB,51,6,200.0,181.0,36200.0,2024-03-27
2024032703008174,SADBL,85,45,50.0,297.1,14855.0,2024-03-27
2024032703008173,SADBL,25,45,50.0,297.3,14865.0,2024-03-27
2024032701023749,ULHC,58,4,20.0,332.9,6658.0,2024-03-27
2024032701023748,ULHC,58,58,10.0,331.0,3310.0,2024-03-27
2024032701023747,ULHC,58,66,19.0,331.0,6289.0,2024-03-27
2024032701023746,ULHC,41,58,10.0,330.3,3303.0,2024-03-27
2024032701023745,SHIVM,34,36,50.0,527.0,26350.0,2024-03-27
2024032703008172,MNBBL,33,1,14.0,348.6,4880.4,2024-03-27
2024032703008171,MNBBL,33,57,11.0,348.5,3833.5,2024-03-27
2024032701023744,KBL,47,58,225.0,139.0,31275.0,2024-03-27
2024032704007600,HDHPC,59,41,581.0,137.0,79597.0,2024-03-27
2024032704007599,HDHPC,56,41,300.0,137.0,41100.0,2024-03-27
2024032704007598,HDHPC,16,41,100.0,137.0,13700.0,2024-03-27
2024032704007597,HDHPC,25,41,419.0,137.0,57403.0,2024-03-27
2024032704007596,HDHPC,58,41,500.0,137.1,68550.0,2024-03-27
2024032704007595,HDHPC,47,41,100.0,137.2,13720.0,2024-03-27
2024032704007594,IGI,34,50,20.0,536.8,10736.0,2024-03-27
2024032701023743,SHIVM,62,16,300.0,527.9,158370.0,2024-03-27
2024032704007593,NHPC,41,29,347.0,151.9,52709.3,2024-03-27
2024032704007592,MEN,42,45,50.0,523.0,26150.0,2024-03-27
2024032703008170,GBLBS,4,54,30.0,610.2,18306.0,2024-03-27
2024032703008169,NABBC,52,38,72.0,413.2,29750.4,2024-03-27
2024032703008168,NABBC,35,38,30.0,414.0,12420.0,2024-03-27
2024032703008167,NABBC,14,38,200.0,414.1,82820.0,2024-03-27
2024032703008166,NABBC,44,38,28.0,414.2,11597.6,2024-03-27
2024032704007591,CHL,38,41,10.0,293.0,2930.0,2024-03-27
2024032701023742,SMHL,67,45,10.0,445.0,4450.0,2024-03-27
2024032703008165,GUFL,14,53,1000.0,823.0,823000.0,2024-03-27
2024032704007590,PPCL,13,65,10.0,253.0,2530.0,2024-03-27
2024032701023741,NESDO,45,21,10.0,1695.0,16950.0,2024-03-27
2024032703008164,LBBL,56,6,50.0,374.0,18700.0,2024-03-27
2024032703008163,GMFIL,19,34,100.0,354.1,35410.0,2024-03-27
2024032704007589,AKJCL,53,34,20.0,215.2,4304.0,2024-03-27
2024032704007588,AKJCL,16,34,300.0,215.3,64590.0,2024-03-27
2024032701023740,TPC,3,59,10.0,517.5,5175.0,2024-03-27
2024032704007587,NGPL,62,38,40.0,304.5,12180.0,2024-03-27
2024032704007586,SJCL,57,40,100.0,283.0,28300.0,2024-03-27
2024032703008162,GBBL,45,1,260.0,370.0,96200.0,2024-03-27
2024032703008161,GBBL,11,1,20.0,370.0,7400.0,2024-03-27
2024032703008160,GBBL,45,1,20.0,370.1,7402.0,2024-03-27
2024032701023739,CYCL,66,45,10.0,1395.0,13950.0,2024-03-27
2024032703008159,GBBL,34,59,200.0,371.1,74220.0,2024-03-27
2024032704007585,UPCL,5,57,980.0,210.0,205800.0,2024-03-27
2024032704007584,UPCL,13,57,20.0,210.1,4202.0,2024-03-27
2024032701023738,ADBL,42,49,11.0,230.1,2531.1,2024-03-27
2024032703008158,DDBL,13,22,10.0,798.0,7980.0,2024-03-27
2024032701023737,NYADI,1,52,10.0,298.0,2980.0,2024-03-27
2024032705003964,HRL,34,58,30.0,601.1,18033.0,2024-03-27
2024032704007583,UPCL,5,42,50.0,210.9,10545.0,2024-03-27
2024032704007582,UMRH,51,52,1737.0,353.1,613334.7,2024-03-27
2024032704007581,UMRH,14,52,100.0,353.2,35320.0,2024-03-27
2024032704007580,UMRH,57,52,50.0,353.5,17675.0,2024-03-27
2024032704007579,UMRH,52,52,30.0,353.6,10608.0,2024-03-27
2024032704007578,UMRH,52,52,20.0,353.6,7072.0,2024-03-27
2024032704007577,UMRH,45,52,49.0,354.0,17346.0,2024-03-27
2024032704007576,UMRH,58,52,64.0,354.0,22656.0,2024-03-27
2024032701023736,DOLTI,71,52,20.0,425.2,8504.0,2024-03-27
2024032701023735,NRM,45,35,26.0,372.0,9672.0,2024-03-27
2024032701023734,NRM,63,35,124.0,372.0,46128.0,2024-03-27
2024032705003963,HRL,34,39,22.0,601.1,13224.2,2024-03-27
2024032705003962,HRL,26,39,18.0,601.1,10819.8,2024-03-27
2024032704007575,JOSHI,34,82,20.0,358.0,7160.0,2024-03-27
2024032704007574,RADHI,25,4,16.0,238.0,3808.0,2024-03-27
2024032701023733,NRM,63,38,376.0,372.0,139872.0,2024-03-27
2024032701023732,NRM,77,38,80.0,372.0,29760.0,2024-03-27
2024032704007573,GLH,46,38,300.0,218.0,65400.0,2024-03-27
2024032701023731,RAWA,18,45,75.0,473.0,35475.0,2024-03-27
2024032703008157,ICFC,54,53,50.0,508.0,25400.0,2024-03-27
2024032703008156,ICFC,54,53,100.0,508.0,50800.0,2024-03-27
2024032703008155,ICFC,59,53,50.0,508.0,25400.0,2024-03-27
2024032703008154,ICFC,4,53,50.0,508.0,25400.0,2024-03-27
2024032703008153,ICFC,49,53,906.0,508.0,460248.0,2024-03-27
2024032701023730,PRVU,38,49,220.0,141.0,31020.0,2024-03-27
2024032701023729,PRVU,4,49,53.0,141.0,7473.0,2024-03-27
2024032701023728,PRVU,5,49,15.0,141.0,2115.0,2024-03-27
2024032703008152,KRBL,52,21,45.0,403.2,18144.0,2024-03-27
2024032703008151,KRBL,35,21,200.0,404.0,80800.0,2024-03-27
2024032703008150,SINDU,35,51,30.0,355.0,10650.0,2024-03-27
2024032701023727,RFPL,47,7,100.0,419.2,41920.0,2024-03-27
2024032701023726,HATHY,81,39,300.0,876.4,262920.0,2024-03-27
2024032701023725,USHEC,59,48,10.0,363.0,3630.0,2024-03-27
2024032701023724,HHL,45,16,70.0,353.0,24710.0,2024-03-27
2024032701023723,HHL,4,16,430.0,353.1,151833.0,2024-03-27
2024032701023722,BNHC,26,28,20.0,484.9,9698.0,2024-03-27
2024032703008149,NADEP,21,21,3.0,640.0,1920.0,2024-03-27
2024032704007572,SHPC,5,60,10.0,342.0,3420.0,2024-03-27
2024032703008148,EDBL,71,38,80.0,357.0,28560.0,2024-03-27
2024032701023721,SONA,34,52,50.0,480.7,24035.0,2024-03-27
2024032703008147,SJLIC,41,62,10.0,493.0,4930.0,2024-03-27
2024032703008146,ACLBSL,62,22,10.0,720.0,7200.0,2024-03-27
2024032703008145,ACLBSL,62,45,40.0,713.0,28520.0,2024-03-27
2024032703008144,ILBS,62,19,10.0,908.0,9080.0,2024-03-27
2024032703008143,ILBS,62,67,110.0,908.0,99880.0,2024-03-27
2024032701023720,AHL,18,29,75.0,458.0,34350.0,2024-03-27
2024032701023719,AHL,18,13,10.0,457.9,4579.0,2024-03-27
2024032701023718,AHL,18,13,10.0,457.7,4577.0,2024-03-27
2024032701023717,AHL,18,13,10.0,457.6,4576.0,2024-03-27
2024032701023716,AHL,18,13,10.0,457.5,4575.0,2024-03-27
2024032701023715,AHL,18,13,10.0,457.4,4574.0,2024-03-27
2024032701023714,AHL,18,13,10.0,457.3,4573.0,2024-03-27
2024032701023713,AHL,18,45,65.0,457.0,29705.0,2024-03-27
2024032701023712,SRLI,38,34,10.0,442.0,4420.0,2024-03-27
2024032703008142,GUFL,45,22,10.0,859.0,8590.0,2024-03-27
2024032704007571,UNHPL,58,46,4910.0,238.7,1172017.0,2024-03-27
2024032704007570,UNHPL,53,46,90.0,238.8,21492.0,2024-03-27
2024032701023711,PPL,62,33,200.0,475.0,95000.0,2024-03-27
2024032703008141,ICFC,49,56,65.0,508.0,33020.0,2024-03-27
2024032703008140,GUFL,28,22,10.0,859.0,8590.0,2024-03-27
2024032701023710,HHL,4,14,60.0,353.1,21186.0,2024-03-27
2024032701023709,HHL,3,14,50.0,353.2,17660.0,2024-03-27
2024032705003961,HRL,26,51,20.0,601.1,12022.0,2024-03-27
2024032701023708,MKCL,59,43,60.0,937.8,56268.0,2024-03-27
2024032701023707,MKCL,59,37,100.0,937.7,93770.0,2024-03-27
2024032703008139,SHINE,41,59,20.0,368.0,7360.0,2024-03-27
2024032703008138,MFIL,60,62,400.0,509.0,203600.0,2024-03-27
2024032703008137,MFIL,45,62,100.0,509.1,50910.0,2024-03-27
2024032703008136,RLFL,45,45,29.0,363.0,10527.0,2024-03-27
2024032703008135,RLFL,45,21,100.0,363.0,36300.0,2024-03-27
2024032703008134,RLFL,45,25,60.0,362.9,21774.0,2024-03-27
2024032703008133,RLFL,45,49,37.0,362.5,13412.5,2024-03-27
2024032703008132,RLFL,45,62,100.0,360.0,36000.0,2024-03-27
2024032703008131,RLFL,45,38,574.0,360.0,206640.0,2024-03-27
2024032703008130,RLFL,45,43,100.0,359.0,35900.0,2024-03-27
2024032701023706,BGWT,56,45,110.0,607.0,66770.0,2024-03-27
2024032704007569,SICL,42,13,25.0,698.6,17465.0,2024-03-27
2024032705003960,NMB50,46,49,530.0,9.4,4982.0,2024-03-27
2024032703008129,HLBSL,21,29,10.0,698.0,6980.0,2024-03-27
2024032701023705,MHCL,47,42,90.0,431.0,38790.0,2024-03-27
2024032703008128,NICLBSL,47,56,200.0,601.0,120200.0,2024-03-27
2024032703008127,MERO,70,80,230.0,611.0,140530.0,2024-03-27
2024032703008126,MERO,38,80,10.0,611.1,6111.0,2024-03-27
2024032703008125,MERO,1,80,10.0,611.1,6111.0,2024-03-27
2024032703008124,EDBL,57,43,70.0,352.9,24703.0,2024-03-27
2024032705003959,NRIC,6,22,644.0,730.0,470120.0,2024-03-27
2024032701023704,TAMOR,43,84,115.0,384.0,44160.0,2024-03-27
2024032701023703,TAMOR,35,84,15.0,384.0,5760.0,2024-03-27
2024032701023702,TAMOR,22,84,370.0,385.0,142450.0,2024-03-27
2024032703008123,MDB,42,53,10.0,424.0,4240.0,2024-03-27
2024032703008122,NADEP,34,45,85.0,644.0,54740.0,2024-03-27
2024032703008121,MNBBL,42,26,41.0,348.0,14268.0,2024-03-27
2024032703008120,MNBBL,59,26,50.0,348.0,17400.0,2024-03-27
2024032703008119,MNBBL,52,26,58.0,348.0,20184.0,2024-03-27
2024032703008118,MNBBL,42,26,10.0,348.0,3480.0,2024-03-27
2024032703008117,MNBBL,32,26,80.0,348.0,27840.0,2024-03-27
2024032703008116,MNBBL,34,26,20.0,348.0,6960.0,2024-03-27
2024032703008115,MNBBL,16,26,50.0,348.0,17400.0,2024-03-27
2024032703008114,MNBBL,53,26,25.0,348.0,8700.0,2024-03-27
2024032703008113,MNBBL,1,26,28.0,348.0,9744.0,2024-03-27
2024032703008112,MNBBL,7,26,36.0,348.0,12528.0,2024-03-27
2024032703008111,MNBBL,54,26,50.0,348.0,17400.0,2024-03-27
2024032703008110,MNBBL,45,26,32.0,348.0,11136.0,2024-03-27
2024032703008109,MNBBL,48,26,10.0,348.1,3481.0,2024-03-27
2024032703008108,MNBBL,17,26,20.0,348.2,6964.0,2024-03-27
2024032703008107,MNBBL,49,26,30.0,348.5,10455.0,2024-03-27
2024032703008106,MNBBL,13,26,10.0,348.5,3485.0,2024-03-27
2024032704007568,RBCL,34,17,10.0,13643.0,136430.0,2024-03-27
2024032703008105,PROFL,42,46,15.0,315.5,4732.5,2024-03-27
2024032704007567,LEC,58,8,100.0,185.8,18580.0,2024-03-27
2024032704007566,JOSHI,81,82,28.0,358.0,10024.0,2024-03-27
2024032704007565,JOSHI,45,82,274.0,358.6,98256.4,2024-03-27
2024032701023701,DLBS,38,32,40.0,1262.2,50488.0,2024-03-27
2024032704007564,JOSHI,25,82,1000.0,358.6,358600.0,2024-03-27
2024032704007563,JOSHI,28,82,660.0,358.9,236874.0,2024-03-27
2024032704007562,AHPC,88,91,110.0,176.3,19393.0,2024-03-27
2024032705003958,NRIC,6,6,100.0,730.0,73000.0,2024-03-27
2024032701023700,KBL,45,58,25.0,139.0,3475.0,2024-03-27
2024032701023699,KBL,45,22,691.0,139.0,96049.0,2024-03-27
2024032701023698,CKHL,58,49,200.0,586.0,117200.0,2024-03-27
2024032701023697,CKHL,90,49,165.0,587.0,96855.0,2024-03-27
2024032701023696,GCIL,25,88,591.0,513.9,303714.9,2024-03-27
2024032704007561,GHL,42,55,100.0,153.2,15320.0,2024-03-27
2024032701023695,BHL,58,36,800.0,369.7,295760.0,2024-03-27
2024032704007560,UPPER,57,58,60.0,175.9,10554.0,2024-03-27
2024032701023694,ULHC,58,66,10.0,331.0,3310.0,2024-03-27
2024032701023693,IHL,34,33,10.0,365.0,3650.0,2024-03-27
2024032701023692,MBL,22,36,10.0,177.9,1779.0,2024-03-27
2024032704007559,DHPL,45,38,100.0,195.6,19560.0,2024-03-27
2024032704007558,DHPL,47,38,100.0,195.7,19570.0,2024-03-27
2024032701023691,NIMB,32,16,121.0,159.5,19299.5,2024-03-27
2024032701023690,NIMB,10,16,75.0,159.5,11962.5,2024-03-27
2024032701023689,NIMB,11,16,475.0,159.5,75762.5,2024-03-27
2024032701023688,NIMB,19,16,500.0,159.5,79750.0,2024-03-27
2024032701023687,NIMB,44,16,20.0,159.6,3192.0,2024-03-27
2024032701023686,NIMB,19,16,500.0,159.6,79800.0,2024-03-27
2024032701023685,NIMB,19,16,500.0,159.7,79850.0,2024-03-27
2024032701023684,NIMB,25,16,150.0,159.8,23970.0,2024-03-27
2024032701023683,NIMB,40,16,1000.0,159.8,159800.0,2024-03-27
2024032701023682,NIMB,17,16,100.0,159.8,15980.0,2024-03-27
2024032701023681,NIMB,26,16,259.0,159.8,41388.2,2024-03-27
2024032701023680,HATHY,81,61,70.0,876.4,61348.0,2024-03-27
2024032701023679,HATHY,81,49,140.0,876.4,122696.0,2024-03-27
2024032704007557,SHEL,8,53,50.0,198.0,9900.0,2024-03-27
2024032701023678,SONA,36,52,100.0,480.7,48070.0,2024-03-27
2024032701023677,NRM,77,58,30.0,372.0,11160.0,2024-03-27
2024032701023676,KBL,11,22,50.0,139.0,6950.0,2024-03-27
2024032701023675,ULHC,34,66,100.0,331.0,33100.0,2024-03-27
2024032701023674,PHCL,6,49,188.0,329.0,61852.0,2024-03-27
2024032701023673,PHCL,19,49,100.0,329.0,32900.0,2024-03-27
2024032701023672,PHCL,19,49,10.0,329.0,3290.0,2024-03-27
2024032701023671,PHCL,19,49,452.0,329.0,148708.0,2024-03-27
2024032701023670,PHCL,13,49,50.0,329.1,16455.0,2024-03-27
2024032701023669,SHIVM,69,34,10.0,528.0,5280.0,2024-03-27
2024032701023668,AVYAN,3,58,740.0,642.2,475228.0,2024-03-27
2024032701023667,SGHC,56,57,10.0,311.0,3110.0,2024-03-27
2024032703008104,NFS,4,56,50.0,380.3,19015.0,2024-03-27
2024032703008103,NFS,48,56,152.0,380.5,57836.0,2024-03-27
2024032701023666,NMB,37,14,10.0,181.9,1819.0,2024-03-27
2024032703008102,NFS,32,51,10.0,381.0,3810.0,2024-03-27
2024032703008101,NFS,32,22,140.0,381.0,53340.0,2024-03-27
2024032703008100,NFS,32,42,100.0,380.9,38090.0,2024-03-27
2024032701023665,SAHAS,34,68,10.0,519.0,5190.0,2024-03-27
2024032704007556,SHL,66,39,100.0,438.1,43810.0,2024-03-27
2024032703008099,DDBL,66,22,175.0,798.0,139650.0,2024-03-27
2024032704007555,SGIC,52,4,25.0,523.0,13075.0,2024-03-27
2024032704007554,SGIC,45,4,100.0,523.0,52300.0,2024-03-27
2024032701023664,KBL,40,22,1000.0,139.0,139000.0,2024-03-27
2024032704007553,RIDI,38,38,75.0,185.0,13875.0,2024-03-27
2024032704007552,SPDL,17,50,12.0,243.9,2926.8,2024-03-27
2024032703008098,LICN,13,38,50.0,1337.0,66850.0,2024-03-27
2024032701023663,MMKJL,82,58,180.0,417.1,75078.0,2024-03-27
2024032701023662,MMKJL,64,58,40.0,417.2,16688.0,2024-03-27
2024032701023661,MMKJL,44,58,30.0,417.3,12519.0,2024-03-27
2024032701023660,VLUCL,52,47,10.0,514.0,5140.0,2024-03-27
2024032703008097,SKBBL,41,41,100.0,828.2,82820.0,2024-03-27
2024032703008096,MDB,14,48,90.0,421.7,37953.0,2024-03-27
2024032701023659,TPC,34,39,15.0,518.0,7770.0,2024-03-27
2024032703008095,ILBS,44,67,90.0,908.0,81720.0,2024-03-27
2024032703008094,ILBS,44,53,100.0,907.9,90790.0,2024-03-27
2024032703008093,ILBS,44,74,10.0,907.0,9070.0,2024-03-27
2024032704007551,RIDI,41,42,36.0,184.5,6642.0,2024-03-27
2024032704007550,MHNL,4,38,200.0,239.4,47880.0,2024-03-27
2024032703008092,ALBSL,1,51,42.0,727.9,30571.8,2024-03-27
2024032703008091,ALBSL,1,58,10.0,727.7,7277.0,2024-03-27
2024032703008090,ALBSL,1,58,10.0,727.6,7276.0,2024-03-27
2024032703008089,ALBSL,1,58,10.0,727.5,7275.0,2024-03-27
2024032703008088,ALBSL,1,58,28.0,726.0,20328.0,2024-03-27
2024032705003957,HIDCL,13,25,1143.0,169.3,193509.9,2024-03-27
2024032705003956,HIDCL,38,25,957.0,169.4,162115.8,2024-03-27
2024032704007549,UMHL,36,51,10.0,246.9,2469.0,2024-03-27
2024032703008087,GMFIL,36,72,11.0,355.0,3905.0,2024-03-27
2024032701023658,SMJC,58,39,10.0,367.9,3679.0,2024-03-27
2024032701023657,SONA,65,35,123.0,480.0,59040.0,2024-03-27
2024032701023656,SONA,8,35,300.0,480.0,144000.0,2024-03-27
2024032701023655,SONA,6,35,500.0,480.0,240000.0,2024-03-27
2024032701023654,SONA,39,35,20.0,480.0,9600.0,2024-03-27
2024032701023653,SONA,6,35,10.0,480.0,4800.0,2024-03-27
2024032701023652,SONA,67,35,47.0,480.0,22560.0,2024-03-27
2024032701023651,BNT,58,35,10.0,13186.0,131860.0,2024-03-27
2024032703008086,LBBL,32,6,30.0,374.0,11220.0,2024-03-27
2024032701023650,PRVU,5,43,40.0,141.0,5640.0,2024-03-27
2024032701023649,PRVU,43,43,450.0,141.0,63450.0,2024-03-27
2024032701023648,PRVU,17,43,10.0,141.1,1411.0,2024-03-27
2024032701023647,SMH,69,29,365.0,666.4,243236.0,2024-03-27
2024032701023646,SMH,21,29,50.0,666.5,33325.0,2024-03-27
2024032701023645,SMH,52,29,10.0,670.0,6700.0,2024-03-27
2024032701023644,CZBIL,38,34,10.0,161.0,1610.0,2024-03-27
2024032704007548,API,22,45,100.0,179.6,17960.0,2024-03-27
2024032704007547,NGPL,8,38,10.0,304.5,3045.0,2024-03-27
2024032701023643,KBL,58,22,870.0,139.0,120930.0,2024-03-27
2024032701023642,KBL,58,42,130.0,139.0,18070.0,2024-03-27
2024032704007546,CHCL,13,58,10.0,458.6,4586.0,2024-03-27
2024032701023641,SONA,67,56,453.0,480.0,217440.0,2024-03-27
2024032701023640,SONA,22,56,47.0,480.0,22560.0,2024-03-27
2024032704007545,JOSHI,28,43,340.0,358.9,122026.0,2024-03-27
2024032704007544,JOSHI,48,43,300.0,359.0,107700.0,2024-03-27
2024032704007543,JOSHI,19,43,50.0,359.1,17955.0,2024-03-27
2024032703008085,SLBBL,6,6,15.0,658.0,9870.0,2024-03-27
2024032703008084,GUFL,25,53,930.0,822.0,764460.0,2024-03-27
2024032703008083,GUFL,19,53,10.0,830.0,8300.0,2024-03-27
2024032703008082,GUFL,6,53,10.0,838.0,8380.0,2024-03-27
2024032703008081,GUFL,39,53,50.0,838.1,41905.0,2024-03-27
2024032705003955,RMF1,29,25,1800.0,7.8,14040.0,2024-03-27
2024032705003954,NIFRA,42,54,27.0,205.5,5548.5,2024-03-27
2024032705003953,NIFRA,42,54,100.0,205.5,20550.0,2024-03-27
2024032705003952,NIFRA,34,54,170.0,205.5,34935.0,2024-03-27
2024032705003951,NIFRA,14,54,46.0,205.6,9457.6,2024-03-27
2024032701023639,NICA,58,40,35.0,411.0,14385.0,2024-03-27
2024032701023638,NICA,58,59,25.0,411.0,10275.0,2024-03-27
2024032701023637,NICA,58,42,180.0,410.9,73962.0,2024-03-27
2024032701023636,ULHC,41,41,100.0,330.3,33030.0,2024-03-27
2024032704007542,BPCL,44,56,45.0,304.0,13680.0,2024-03-27
2024032704007541,BPCL,14,56,100.0,304.0,30400.0,2024-03-27
2024032704007540,BPCL,57,56,650.0,304.0,197600.0,2024-03-27
2024032704007539,BPCL,34,56,167.0,304.0,50768.0,2024-03-27
2024032704007538,BPCL,57,56,25.0,304.0,7600.0,2024-03-27
2024032704007537,BPCL,41,56,25.0,304.0,7600.0,2024-03-27
2024032704007536,BPCL,22,56,80.0,304.0,24320.0,2024-03-27
2024032704007535,BPCL,25,56,200.0,304.1,60820.0,2024-03-27
2024032704007534,BPCL,45,56,100.0,304.1,30410.0,2024-03-27
2024032704007533,BPCL,49,56,30.0,304.2,9126.0,2024-03-27
2024032704007532,BPCL,46,56,78.0,304.3,23735.4,2024-03-27
2024032701023635,SONA,22,56,103.0,480.0,49440.0,2024-03-27
2024032701023634,SONA,17,56,67.0,480.0,32160.0,2024-03-27
2024032701023633,SONA,52,56,60.0,480.1,28806.0,2024-03-27
2024032701023632,SONA,33,56,50.0,481.0,24050.0,2024-03-27
2024032701023631,SONA,29,56,220.0,481.0,105820.0,2024-03-27
2024032701023630,EHPL,69,70,220.0,466.0,102520.0,2024-03-27
2024032701023629,EHPL,38,70,100.0,467.0,46700.0,2024-03-27
2024032701023628,EHPL,63,70,100.0,467.2,46720.0,2024-03-27
2024032701023627,EHPL,45,70,80.0,468.0,37440.0,2024-03-27
2024032701023626,CYCL,77,45,727.0,1395.0,1014165.0,2024-03-27
2024032701023625,CYCL,77,55,13.0,1395.0,18135.0,2024-03-27
2024032701023624,CYCL,77,38,13.0,1395.0,18135.0,2024-03-27
2024032701023623,CYCL,77,77,50.0,1394.9,69745.0,2024-03-27
2024032701023622,CYCL,77,32,10.0,1394.0,13940.0,2024-03-27
2024032701023621,CYCL,77,77,60.0,1390.0,83400.0,2024-03-27
2024032701023620,CYCL,77,47,50.0,1389.0,69450.0,2024-03-27
2024032701023619,CYCL,77,65,200.0,1389.0,277800.0,2024-03-27
2024032701023618,CYCL,77,65,187.0,1375.0,257125.0,2024-03-27
2024032701023617,CYCL,77,45,400.0,1374.0,549600.0,2024-03-27
2024032701023616,CYCL,77,21,70.0,1373.0,96110.0,2024-03-27
2024032701023615,CYCL,77,47,20.0,1372.0,27440.0,2024-03-27
2024032701023614,CYCL,77,47,100.0,1370.0,137000.0,2024-03-27
2024032701023613,CYCL,77,52,10.0,1370.0,13700.0,2024-03-27
2024032701023612,CYCL,77,35,60.0,1370.0,82200.0,2024-03-27
2024032701023611,CYCL,77,25,30.0,1370.0,41100.0,2024-03-27
2024032705003950,HIDCL,59,55,25.0,169.5,4237.5,2024-03-27
2024032701023610,GBIME,34,51,432.0,182.9,79012.8,2024-03-27
2024032701023609,MBJC,29,29,10.0,315.0,3150.0,2024-03-27
2024032701023608,PCBL,26,37,10.0,191.0,1910.0,2024-03-27
2024032703008080,FMDBL,45,21,10.0,612.9,6129.0,2024-03-27
2024032701023607,BNHC,53,48,10.0,483.0,4830.0,2024-03-27
2024032701023606,NABIL,49,51,100.0,440.1,44010.0,2024-03-27
2024032704007531,RADHI,25,46,30.0,238.0,7140.0,2024-03-27
2024032704007530,RADHI,41,46,20.0,238.0,4760.0,2024-03-27
2024032701023605,TPC,25,39,50.0,518.0,25900.0,2024-03-27
2024032701023604,KDL,47,8,70.0,790.0,55300.0,2024-03-27
2024032701023603,EBL,21,54,20.0,505.0,10100.0,2024-03-27
2024032703008079,JBBL,52,57,100.0,292.9,29290.0,2024-03-27
2024032701023602,PCBL,38,56,30.0,190.0,5700.0,2024-03-27
2024032701023601,PCBL,41,56,25.0,190.0,4750.0,2024-03-27
2024032701023600,PCBL,4,56,15.0,190.0,2850.0,2024-03-27
2024032701023599,PCBL,45,56,500.0,190.0,95000.0,2024-03-27
2024032701023598,PCBL,32,56,150.0,190.0,28500.0,2024-03-27
2024032701023597,PCBL,45,56,110.0,190.0,20900.0,2024-03-27
2024032701023596,PCBL,17,56,500.0,190.0,95000.0,2024-03-27
2024032701023595,PCBL,22,56,170.0,190.1,32317.0,2024-03-27
2024032701023594,PCBL,54,56,300.0,190.2,57060.0,2024-03-27
2024032703008078,SHINE,10,59,10.0,369.0,3690.0,2024-03-27
2024032705003949,SMATA,7,14,120.0,691.0,82920.0,2024-03-27
2024032703008077,NADEP,50,19,1489.0,642.0,955938.0,2024-03-27
2024032703008076,NADEP,36,19,1000.0,642.0,642000.0,2024-03-27
2024032703008075,NADEP,42,19,100.0,642.1,64210.0,2024-03-27
2024032703008074,NLIC,71,42,86.0,597.0,51342.0,2024-03-27
2024032703008073,KSBBL,75,38,150.0,355.3,53295.0,2024-03-27
2024032703008072,KSBBL,70,38,50.0,355.4,17770.0,2024-03-27
2024032704007529,RBCL,5,17,10.0,13641.0,136410.0,2024-03-27
2024032704007528,RBCL,47,17,10.0,13642.0,136420.0,2024-03-27
2024032704007527,RBCL,57,17,10.0,13643.0,136430.0,2024-03-27
2024032701023593,GCIL,25,44,41.0,513.0,21033.0,2024-03-27
2024032701023592,PPL,62,69,413.0,475.0,196175.0,2024-03-27
2024032701023591,PPL,62,69,587.0,475.0,278825.0,2024-03-27
2024032701023590,UHEWA,33,10,10.0,355.0,3550.0,2024-03-27
2024032703008071,USLB,33,49,170.0,1635.0,277950.0,2024-03-27
2024032703008070,USLB,33,26,20.0,1635.0,32700.0,2024-03-27
2024032703008069,USLB,33,49,10.0,1635.0,16350.0,2024-03-27
2024032703008068,USLB,33,26,20.0,1630.0,32600.0,2024-03-27
2024032703008067,USLB,33,34,25.0,1630.0,40750.0,2024-03-27
2024032703008066,USLB,33,55,10.0,1630.0,16300.0,2024-03-27
2024032703008065,USLB,33,62,25.0,1614.0,40350.0,2024-03-27
2024032703008064,USLB,33,35,10.0,1610.0,16100.0,2024-03-27
2024032703008063,USLB,33,42,10.0,1610.0,16100.0,2024-03-27
2024032703008062,USLB,33,55,100.0,1610.0,161000.0,2024-03-27
2024032703008061,USLB,33,21,100.0,1605.0,160500.0,2024-03-27
2024032701023589,SNLI,5,66,40.0,603.5,24140.0,2024-03-27
2024032701023588,SNLI,5,10,10.0,603.5,6035.0,2024-03-27
2024032701023587,MKLB,4,56,11.0,820.0,9020.0,2024-03-27
2024032703008060,NFS,11,22,10.0,381.0,3810.0,2024-03-27
2024032703008059,SJLIC,41,48,50.0,493.0,24650.0,2024-03-27
2024032703008058,MFIL,45,57,500.0,509.1,254550.0,2024-03-27
2024032703008057,MFIL,25,57,100.0,509.1,50910.0,2024-03-27
2024032701023586,DOLTI,29,32,10.0,432.0,4320.0,2024-03-27
2024032705003948,NRIC,6,44,2031.0,730.0,1482630.0,2024-03-27
2024032705003947,NRIC,38,44,500.0,730.1,365050.0,2024-03-27
2024032703008056,SJLIC,34,45,10.0,494.0,4940.0,2024-03-27
2024032703008055,SINDU,32,85,90.0,352.1,31689.0,2024-03-27
2024032703008054,SINDU,54,85,10.0,352.8,3528.0,2024-03-27
2024032703008053,SINDU,20,85,100.0,352.8,35280.0,2024-03-27
2024032704007526,NHPC,17,38,399.0,151.6,60488.4,2024-03-27
2024032704007525,NHPC,32,38,101.0,152.0,15352.0,2024-03-27
2024032704007524,AKJCL,13,53,50.0,215.4,10770.0,2024-03-27
2024032701023585,AHL,18,45,435.0,457.0,198795.0,2024-03-27
2024032703008052,NLIC,71,84,42.0,597.0,25074.0,2024-03-27
2024032704007523,MEN,52,45,60.0,523.0,31380.0,2024-03-27
2024032704007522,BPCL,58,50,59.0,304.9,17989.1,2024-03-27
2024032701023584,MKCL,11,45,10.0,937.6,9376.0,2024-03-27
2024032703008051,FMDBL,18,62,30.0,608.0,18240.0,2024-03-27
2024032703008050,FMDBL,44,62,470.0,608.0,285760.0,2024-03-27
2024032701023583,CKHL,90,42,35.0,587.0,20545.0,2024-03-27
2024032703008049,KMCDB,26,21,14.0,764.0,10696.0,2024-03-27
2024032703008048,LBBL,42,6,100.0,374.0,37400.0,2024-03-27
2024032703008047,NFS,58,13,50.0,380.7,19035.0,2024-03-27
2024032704007521,MEN,58,45,50.0,523.0,26150.0,2024-03-27
2024032701023582,MKHC,5,22,10.0,292.0,2920.0,2024-03-27
2024032701023581,VLUCL,43,58,10.0,513.0,5130.0,2024-03-27
2024032705003946,HRL,58,25,100.0,602.0,60200.0,2024-03-27
2024032704007520,NHPC,32,34,99.0,151.9,15038.1,2024-03-27
2024032705003945,HRL,59,25,50.0,602.0,30100.0,2024-03-27
2024032701023580,RAWA,18,45,40.0,474.0,18960.0,2024-03-27
2024032703008046,NFS,36,22,50.0,381.0,19050.0,2024-03-27
2024032703008045,GBLBS,39,54,150.0,610.2,91530.0,2024-03-27
2024032703008044,DDBL,66,58,85.0,798.0,67830.0,2024-03-27
2024032705003944,HRL,26,52,20.0,601.1,12022.0,2024-03-27
2024032701023579,MBL,65,41,150.0,177.0,26550.0,2024-03-27
2024032701023578,MBL,45,41,30.0,177.0,5310.0,2024-03-27
2024032701023577,MBL,41,41,20.0,177.0,3540.0,2024-03-27
2024032703008043,PMLI,58,7,100.0,517.9,51790.0,2024-03-27
2024032705003943,NTC,11,44,10.0,845.0,8450.0,2024-03-27
2024032701023576,TAMOR,22,43,100.0,385.0,38500.0,2024-03-27
2024032701023575,NBL,13,43,30.0,220.0,6600.0,2024-03-27
2024032703008042,JBBL,57,50,182.0,292.2,53180.4,2024-03-27
2024032703008041,JBBL,63,50,29.0,292.2,8473.8,2024-03-27
2024032703008040,GBBL,39,59,65.0,371.1,24121.5,2024-03-27
2024032701023574,RNLI,65,57,10.0,436.0,4360.0,2024-03-27
2024032701023573,MKHL,34,21,10.0,376.0,3760.0,2024-03-27
2024032701023572,MHCL,14,42,10.0,432.0,4320.0,2024-03-27
2024032703008039,MNBBL,42,1,10.0,348.6,3486.0,2024-03-27
2024032704007519,NHPC,17,49,20.0,151.6,3032.0,2024-03-27
2024032701023571,TVCL,45,21,10.0,494.9,4949.0,2024-03-27
2024032701023570,MEHL,36,25,80.0,295.0,23600.0,2024-03-27
2024032701023569,SHIVM,69,34,10.0,528.0,5280.0,2024-03-27
2024032703008038,MNBBL,5,1,100.0,348.6,34860.0,2024-03-27
2024032705003942,HRL,66,25,10.0,602.0,6020.0,2024-03-27
2024032704007518,AHPC,88,74,240.0,176.3,42312.0,2024-03-27
2024032704007517,AHPC,16,74,100.0,176.3,17630.0,2024-03-27
2024032704007516,AHPC,16,74,46.0,176.3,8109.8,2024-03-27
2024032705003941,NRN,39,60,200.0,527.2,105440.0,2024-03-27
2024032701023568,LSL,22,42,10.0,158.9,1589.0,2024-03-27
2024032705003940,HRL,26,34,142.0,601.1,85356.2,2024-03-27
2024032705003939,HRL,55,34,160.0,601.1,96176.0,2024-03-27
2024032701023567,SNLI,34,13,27.0,603.1,16283.7,2024-03-27
2024032701023566,SNLI,40,13,50.0,603.1,30155.0,2024-03-27
2024032701023565,SNLI,34,13,100.0,603.2,60320.0,2024-03-27
2024032701023564,SNLI,19,13,35.0,603.2,21112.0,2024-03-27
2024032701023563,SNLI,43,13,88.0,603.3,53090.4,2024-03-27
2024032701023562,SPL,32,42,19.0,661.2,12562.8,2024-03-27
2024032703008037,SDLBSL,42,51,10.0,699.9,6999.0,2024-03-27
2024032701023561,RHGCL,6,46,190.0,298.0,56620.0,2024-03-27
2024032704007515,PPCL,45,65,50.0,253.0,12650.0,2024-03-27
2024032701023560,CKHL,45,42,10.0,587.0,5870.0,2024-03-27
2024032705003938,STC,50,21,10.0,4486.0,44860.0,2024-03-27
2024032703008036,SMB,59,80,30.0,1202.0,36060.0,2024-03-27
2024032703008035,SMB,1,80,50.0,1203.0,60150.0,2024-03-27
2024032703008034,SMB,45,80,20.0,1205.0,24100.0,2024-03-27
2024032705003937,CHDC,82,10,10.0,920.0,9200.0,2024-03-27
2024032705003936,CIT,1,7,30.0,2105.0,63150.0,2024-03-27
2024032705003935,CIT,11,7,32.0,2106.0,67392.0,2024-03-27
2024032705003934,CIT,45,7,10.0,2106.0,21060.0,2024-03-27
2024032705003933,CIT,18,7,50.0,2106.0,105300.0,2024-03-27
2024032703008033,ALICL,42,50,50.0,559.1,27955.0,2024-03-27
2024032703008032,ALICL,6,50,50.0,559.2,27960.0,2024-03-27
2024032701023559,NIMB,26,50,41.0,159.8,6551.8,2024-03-27
2024032701023558,NIMB,13,50,50.0,159.8,7990.0,2024-03-27
2024032701023557,NIMB,58,50,39.0,159.8,6232.2,2024-03-27
2024032701023556,NIMB,8,50,250.0,159.8,39950.0,2024-03-27
2024032701023555,NIMB,52,50,100.0,159.9,15990.0,2024-03-27
2024032701023554,NIMB,49,50,90.0,159.9,14391.0,2024-03-27
2024032701023553,NIMB,52,50,30.0,160.0,4800.0,2024-03-27
2024032701023552,RFPL,49,65,100.0,420.0,42000.0,2024-03-27
2024032704007514,UPPER,57,58,50.0,175.9,8795.0,2024-03-27
2024032704007513,UPPER,57,57,390.0,175.9,68601.0,2024-03-27
2024032701023551,UHEWA,57,10,10.0,355.0,3550.0,2024-03-27
2024032701023550,UHEWA,57,56,175.0,354.9,62107.5,2024-03-27
2024032701023549,SHIVM,34,34,32.0,528.0,16896.0,2024-03-27
2024032701023548,SONA,45,44,20.0,481.8,9636.0,2024-03-27
2024032704007512,KPCL,49,21,1500.0,414.0,621000.0,2024-03-27
2024032704007511,UPPER,58,57,10.0,175.9,1759.0,2024-03-27
2024032703008031,KSBBL,58,21,50.0,357.0,17850.0,2024-03-27
2024032701023547,SNLI,43,39,12.0,603.3,7239.6,2024-03-27
2024032701023546,SNLI,21,39,18.0,603.5,10863.0,2024-03-27
2024032701023545,SNLI,51,39,10.0,603.5,6035.0,2024-03-27
2024032701023544,SONA,29,58,10.0,481.0,4810.0,2024-03-27
2024032703008030,ALICL,34,43,200.0,559.9,111980.0,2024-03-27
2024032703008029,DDBL,56,58,200.0,798.0,159600.0,2024-03-27
2024032701023543,SGHC,56,58,10.0,310.0,3100.0,2024-03-27
2024032704007510,TRH,57,88,17.0,798.0,13566.0,2024-03-27
2024032701023542,PPL,62,58,98.0,475.0,46550.0,2024-03-27
2024032701023541,SRLI,45,59,10.0,441.0,4410.0,2024-03-27
2024032701023540,NMB,37,6,30.0,181.5,5445.0,2024-03-27
2024032704007509,NICL,34,44,10.0,838.0,8380.0,2024-03-27
2024032701023539,PHCL,19,45,48.0,329.0,15792.0,2024-03-27
2024032701023538,PHCL,32,45,152.0,329.0,50008.0,2024-03-27
2024032704007508,GHL,54,4,100.0,153.9,15390.0,2024-03-27
2024032701023537,DORDI,88,10,10.0,467.0,4670.0,2024-03-27
2024032703008028,NLIC,4,48,68.0,596.1,40534.8,2024-03-27
2024032703008027,NLIC,7,48,10.0,596.2,5962.0,2024-03-27
2024032703008026,NLIC,6,48,50.0,596.3,29815.0,2024-03-27
2024032703008025,GMFIL,35,72,100.0,355.0,35500.0,2024-03-27
2024032703008024,GMFIL,29,72,1000.0,355.0,355000.0,2024-03-27
2024032703008023,GMFIL,14,72,200.0,355.0,71000.0,2024-03-27
2024032703008022,GMFIL,59,72,200.0,355.1,71020.0,2024-03-27
2024032703008021,GMFIL,45,72,280.0,355.1,99428.0,2024-03-27
2024032703008020,GMFIL,25,72,100.0,355.2,35520.0,2024-03-27
2024032703008019,GMFIL,62,72,100.0,355.5,35550.0,2024-03-27
2024032701023536,PRVU,58,55,50.0,141.3,7065.0,2024-03-27
2024032701023535,PHCL,32,59,185.0,329.0,60865.0,2024-03-27
2024032701023534,PHCL,50,59,15.0,329.1,4936.5,2024-03-27
2024032703008018,KLBSL,57,39,10.0,899.9,8999.0,2024-03-27
2024032704007507,NLG,16,57,48.0,761.5,36552.0,2024-03-27
2024032701023533,HATHY,25,61,200.0,877.0,175400.0,2024-03-27
2024032701023532,HATHY,65,61,30.0,877.0,26310.0,2024-03-27
2024032703008017,DDBL,17,58,26.0,798.0,20748.0,2024-03-27
2024032704007506,UPPER,52,57,50.0,175.9,8795.0,2024-03-27
2024032701023531,NICA,39,42,20.0,410.9,8218.0,2024-03-27
2024032705003932,NIFRA,14,58,54.0,205.6,11102.4,2024-03-27
2024032701023530,MHCL,4,57,50.0,434.0,21700.0,2024-03-27
2024032703008016,GBLBS,45,40,60.0,610.3,36618.0,2024-03-27
2024032703008015,GBLBS,38,40,55.0,610.3,33566.5,2024-03-27
2024032701023529,SONA,17,22,23.0,480.0,11040.0,2024-03-27
2024032701023528,SONA,29,22,500.0,480.0,240000.0,2024-03-27
2024032701023527,SONA,45,22,182.0,480.0,87360.0,2024-03-27
2024032701023526,NICA,34,19,46.0,410.0,18860.0,2024-03-27
2024032701023525,NICA,69,19,54.0,410.0,22140.0,2024-03-27
2024032701023524,GBIME,34,6,106.0,182.8,19376.8,2024-03-27
2024032705003931,KDBY,34,35,100.0,8.77,877.0,2024-03-27
2024032705003930,KDBY,34,49,100.0,8.67,867.0,2024-03-27
2024032705003929,KDBY,34,42,300.0,8.66,2598.0,2024-03-27
2024032701023523,HIDCLP,28,26,300.0,102.3,30690.0,2024-03-27
2024032701023522,CKHL,58,26,50.0,586.0,29300.0,2024-03-27
2024032701023521,GCIL,56,25,500.0,511.0,255500.0,2024-03-27
2024032701023520,MKHC,5,21,10.0,291.0,2910.0,2024-03-27
2024032701023519,MKHC,5,25,10.0,291.0,2910.0,2024-03-27
2024032703008014,ICFC,54,29,50.0,509.0,25450.0,2024-03-27
2024032701023518,CYCL,8,77,10.0,1318.2,13182.0,2024-03-27
2024032701023517,CYCL,22,77,63.0,1319.0,83097.0,2024-03-27
2024032701023516,CYCL,34,77,300.0,1319.0,395700.0,2024-03-27
2024032701023515,CYCL,37,77,300.0,1333.8,400140.0,2024-03-27
2024032701023514,CYCL,77,77,50.0,1334.0,66700.0,2024-03-27
2024032701023513,CYCL,49,77,10.0,1334.0,13340.0,2024-03-27
2024032701023512,CYCL,48,77,100.0,1334.0,133400.0,2024-03-27
2024032701023511,CYCL,18,77,50.0,1334.8,66740.0,2024-03-27
2024032701023510,CYCL,22,77,100.0,1335.0,133500.0,2024-03-27
2024032701023509,CYCL,34,77,100.0,1335.0,133500.0,2024-03-27
2024032701023508,CYCL,55,77,30.0,1335.0,40050.0,2024-03-27
2024032701023507,CYCL,37,77,20.0,1339.0,26780.0,2024-03-27
2024032701023506,CYCL,22,77,10.0,1340.0,13400.0,2024-03-27
2024032701023505,CYCL,58,77,10.0,1340.0,13400.0,2024-03-27
2024032701023504,CYCL,42,77,10.0,1340.0,13400.0,2024-03-27
2024032701023503,CYCL,56,77,150.0,1340.0,201000.0,2024-03-27
2024032701023502,CYCL,42,77,200.0,1340.0,268000.0,2024-03-27
2024032701023501,CYCL,42,77,200.0,1340.0,268000.0,2024-03-27
2024032701023500,CYCL,28,77,50.0,1340.0,67000.0,2024-03-27
2024032701023499,CYCL,38,77,30.0,1340.0,40200.0,2024-03-27
2024032701023498,CYCL,58,77,100.0,1340.7,134070.0,2024-03-27
2024032701023497,CYCL,22,77,100.0,1341.0,134100.0,2024-03-27
2024032701023496,CYCL,58,77,87.0,1342.7,116814.9,2024-03-27
2024032701023495,CYCL,32,77,50.0,1343.0,67150.0,2024-03-27
2024032701023494,CYCL,58,77,10.0,1344.0,13440.0,2024-03-27
2024032701023493,CYCL,38,77,10.0,1344.1,13441.0,2024-03-27
2024032703008013,NLICL,59,6,50.0,556.5,27825.0,2024-03-27
2024032704007505,SSHL,45,29,350.0,163.0,57050.0,2024-03-27
2024032701023492,SANIMA,57,22,702.0,236.2,165812.4,2024-03-27
2024032701023491,SAHAS,14,17,15.0,518.0,7770.0,2024-03-27
2024032701023490,CLI,34,26,10.0,445.0,4450.0,2024-03-27
2024032701023489,MAKAR,40,55,1000.0,390.0,390000.0,2024-03-27
2024032704007504,GHL,42,41,1500.0,153.2,229800.0,2024-03-27
2024032704007503,GHL,34,41,50.0,153.8,7690.0,2024-03-27
2024032701023488,BGWT,72,81,110.0,607.0,66770.0,2024-03-27
2024032703008012,SJLIC,41,72,57.0,493.0,28101.0,2024-03-27
2024032703008011,SJLIC,59,72,111.0,493.0,54723.0,2024-03-27
2024032703008010,SJLIC,49,72,132.0,493.0,65076.0,2024-03-27
2024032703008009,FMDBL,44,62,430.0,608.0,261440.0,2024-03-27
2024032703008008,FMDBL,62,62,70.0,608.1,42567.0,2024-03-27
2024032703008007,DDBL,42,58,99.0,798.0,79002.0,2024-03-27
2024032704007502,UPPER,42,6,50.0,175.5,8775.0,2024-03-27
2024032701023487,MKHC,22,36,152.0,290.0,44080.0,2024-03-27
2024032704007501,BARUN,17,13,13.0,239.9,3118.7,2024-03-27
2024032701023486,SHLB,42,57,10.0,970.0,9700.0,2024-03-27
2024032701023485,RAWA,18,49,60.0,474.0,28440.0,2024-03-27
2024032701023484,RAWA,18,49,50.0,474.0,23700.0,2024-03-27
2024032704007500,UPCL,52,42,30.0,210.9,6327.0,2024-03-27
2024032701023483,NYADI,21,74,20.0,295.1,5902.0,2024-03-27
2024032701023482,NYADI,52,74,100.0,296.0,29600.0,2024-03-27
2024032701023481,NYADI,29,74,30.0,296.0,8880.0,2024-03-27
2024032701023480,NYADI,58,74,50.0,296.0,14800.0,2024-03-27
2024032701023479,SONA,45,84,18.0,480.0,8640.0,2024-03-27
2024032701023478,SONA,52,84,1000.0,480.1,480100.0,2024-03-27
2024032701023477,SONA,77,84,1000.0,480.1,480100.0,2024-03-27
2024032701023476,SONA,6,84,60.0,480.1,28806.0,2024-03-27
2024032701023475,SONA,6,84,60.0,480.1,28806.0,2024-03-27
2024032701023474,SONA,49,84,10.0,480.1,4801.0,2024-03-27
2024032701023473,SONA,57,84,30.0,480.1,14403.0,2024-03-27
2024032701023472,SONA,46,84,200.0,480.1,96020.0,2024-03-27
2024032701023471,SONA,22,84,50.0,480.1,24005.0,2024-03-27
2024032701023470,SONA,58,84,37.0,480.2,17767.4,2024-03-27
2024032701023469,SONA,68,84,50.0,480.2,24010.0,2024-03-27
2024032701023468,SONA,33,84,20.0,480.2,9604.0,2024-03-27
2024032701023467,SONA,71,84,50.0,480.2,24010.0,2024-03-27
2024032701023466,SONA,6,84,10.0,480.3,4803.0,2024-03-27
2024032701023465,SONA,38,84,140.0,480.4,67256.0,2024-03-27
2024032701023464,SONA,22,84,30.0,480.4,14412.0,2024-03-27
2024032701023463,SONA,57,84,200.0,480.4,96080.0,2024-03-27
2024032701023462,SONA,44,84,50.0,480.5,24025.0,2024-03-27
2024032701023461,SONA,77,84,240.0,480.5,115320.0,2024-03-27
2024032701023460,SONA,59,84,500.0,480.6,240300.0,2024-03-27
2024032701023459,SONA,65,84,255.0,480.7,122578.5,2024-03-27
2024032701023458,SONA,49,84,990.0,481.0,476190.0,2024-03-27
2024032703008006,NADEP,17,19,100.0,644.0,64400.0,2024-03-27
2024032703008005,NADEP,19,19,100.0,644.0,64400.0,2024-03-27
2024032703008004,NADEP,19,19,20.0,644.0,12880.0,2024-03-27
2024032703008003,NADEP,17,19,200.0,644.1,128820.0,2024-03-27
2024032703008002,NADEP,50,19,500.0,646.0,323000.0,2024-03-27
2024032703008001,NADEP,70,19,200.0,648.0,129600.0,2024-03-27
2024032701023457,EHPL,45,11,40.0,468.0,18720.0,2024-03-27
2024032704007499,UPPER,56,57,500.0,175.9,87950.0,2024-03-27
2024032704007498,NGPL,58,38,16.0,304.5,4872.0,2024-03-27
2024032703008000,BFC,57,57,480.0,342.0,164160.0,2024-03-27
2024032703007999,BFC,57,49,20.0,342.0,6840.0,2024-03-27
2024032703007998,SJLIC,38,45,50.0,494.0,24700.0,2024-03-27
2024032703007997,MNBBL,38,26,100.0,348.5,34850.0,2024-03-27
2024032704007497,JOSHI,19,34,450.0,359.1,161595.0,2024-03-27
2024032701023456,NRM,54,42,10.0,372.1,3721.0,2024-03-27
2024032701023455,NRM,21,42,300.0,373.0,111900.0,2024-03-27
2024032701023454,DLBS,38,37,748.0,1262.2,944125.6,2024-03-27
2024032701023453,DLBS,17,37,50.0,1262.3,63115.0,2024-03-27
2024032701023452,DLBS,38,37,10.0,1262.3,12623.0,2024-03-27
2024032701023451,DLBS,52,37,40.0,1263.0,50520.0,2024-03-27
2024032701023450,DLBS,74,37,12.0,1265.0,15180.0,2024-03-27
2024032701023449,DLBS,16,37,10.0,1265.1,12651.0,2024-03-27
2024032701023448,DLBS,45,37,10.0,1265.8,12658.0,2024-03-27
2024032701023447,DLBS,10,37,20.0,1269.1,25382.0,2024-03-27
2024032704007496,NHPC,43,34,164.0,151.9,24911.6,2024-03-27
2024032704007495,NHPC,43,38,130.0,151.8,19734.0,2024-03-27
2024032703007996,EDBL,41,43,20.0,353.0,7060.0,2024-03-27
2024032703007995,EDBL,20,43,30.0,353.0,10590.0,2024-03-27
2024032703007994,EDBL,56,43,500.0,353.2,176600.0,2024-03-27
2024032703007993,EDBL,20,43,30.0,354.0,10620.0,2024-03-27
2024032703007992,EDBL,10,43,500.0,354.0,177000.0,2024-03-27
2024032703007991,EDBL,4,43,100.0,354.0,35400.0,2024-03-27
2024032704007494,PPCL,52,65,500.0,253.0,126500.0,2024-03-27
2024032701023446,HHL,65,57,185.0,353.3,65360.5,2024-03-27
2024032703007990,DDBL,53,29,10.0,798.9,7989.0,2024-03-27
2024032703007989,VLBS,13,38,20.0,671.0,13420.0,2024-03-27
2024032701023445,RHGCL,49,46,25.0,299.0,7475.0,2024-03-27
2024032704007493,UPPER,42,80,90.0,175.5,15795.0,2024-03-27
2024032704007492,GHL,1,4,300.0,153.9,46170.0,2024-03-27
2024032704007491,GHL,1,56,300.0,153.9,46170.0,2024-03-27
2024032703007988,DDBL,42,36,31.0,798.0,24738.0,2024-03-27
2024032701023444,PPL,62,21,80.0,475.0,38000.0,2024-03-27
2024032701023443,PPL,83,21,20.0,475.5,9510.0,2024-03-27
2024032703007987,GBBL,39,45,35.0,371.1,12988.5,2024-03-27
2024032701023442,LSL,34,35,54.0,158.2,8542.8,2024-03-27
2024032701023441,LSL,41,35,10.0,158.2,1582.0,2024-03-27
2024032701023440,LSL,39,35,313.0,158.2,49516.6,2024-03-27
2024032701023439,LSL,42,35,50.0,158.3,7915.0,2024-03-27
2024032701023438,LSL,45,35,173.0,158.3,27385.9,2024-03-27
2024032703007986,GUFL,8,17,10.0,830.0,8300.0,2024-03-27
2024032703007985,GUFL,22,17,50.0,834.0,41700.0,2024-03-27
2024032703007984,GUFL,33,17,50.0,838.1,41905.0,2024-03-27
2024032703007983,GUFL,6,17,10.0,839.0,8390.0,2024-03-27
2024032701023437,MFLD85,42,53,60.0,955.5,57330.0,2024-03-27
2024032701023436,NIBD84,13,49,40.0,935.0,37400.0,2024-03-27
2024032701023435,NIBD84,13,49,40.0,935.0,37400.0,2024-03-27
2024032701023434,CYCL,66,25,10.0,1370.0,13700.0,2024-03-27
2024032703007982,GBBL,21,28,32.0,371.5,11888.0,2024-03-27
2024032701023433,PRVU,17,32,110.0,141.1,15521.0,2024-03-27
2024032701023432,DORDI,77,40,10.0,465.0,4650.0,2024-03-27
2024032701023431,NICA,69,16,10.0,410.0,4100.0,2024-03-27
2024032704007490,SHEL,25,53,50.0,198.0,9900.0,2024-03-27
2024032704007489,CHCL,49,16,10.0,461.5,4615.0,2024-03-27
2024032703007981,HLI,67,49,59.0,400.0,23600.0,2024-03-27
2024032703007980,NICLBSL,47,45,10.0,601.0,6010.0,2024-03-27
2024032703007979,ALBSL,45,49,25.0,725.0,18125.0,2024-03-27
2024032703007978,ALBSL,45,52,200.0,725.0,145000.0,2024-03-27
2024032703007977,ALBSL,45,34,10.0,725.0,7250.0,2024-03-27
2024032703007976,ALBSL,45,58,10.0,723.9,7239.0,2024-03-27
2024032703007975,ALBSL,45,58,10.0,723.8,7238.0,2024-03-27
2024032703007974,ALBSL,45,58,10.0,723.7,7237.0,2024-03-27
2024032703007973,ALBSL,45,58,10.0,723.6,7236.0,2024-03-27
2024032703007972,JBBL,63,35,100.0,292.2,29220.0,2024-03-27
2024032703007971,NADEP,21,21,3.0,640.0,1920.0,2024-03-27
2024032703007970,HLI,67,21,200.0,400.0,80000.0,2024-03-27
2024032703007969,HLI,67,35,200.0,400.0,80000.0,2024-03-27
2024032703007968,HLI,67,32,100.0,400.0,40000.0,2024-03-27
2024032703007967,HLI,67,51,50.0,400.0,20000.0,2024-03-27
2024032703007966,HLI,67,46,10.0,400.0,4000.0,2024-03-27
2024032703007965,HLI,67,14,500.0,400.0,200000.0,2024-03-27
2024032703007964,HLI,67,22,10.0,400.0,4000.0,2024-03-27
2024032703007963,HLI,67,41,180.0,400.0,72000.0,2024-03-27
2024032703007962,HLI,67,53,50.0,399.9,19995.0,2024-03-27
2024032703007961,HLI,67,56,500.0,399.5,199750.0,2024-03-27
2024032703007960,HLI,67,29,500.0,399.4,199700.0,2024-03-27
2024032703007959,HLBSL,36,57,272.0,690.0,187680.0,2024-03-27
2024032703007958,HLBSL,43,57,40.0,690.0,27600.0,2024-03-27
2024032701023430,HDL,38,66,50.0,1515.2,75760.0,2024-03-27
2024032701023429,SNLI,58,34,50.0,603.5,30175.0,2024-03-27
2024032701023428,SNLI,34,34,70.0,603.5,42245.0,2024-03-27
2024032701023427,SNLI,54,34,10.0,603.6,6036.0,2024-03-27
2024032701023426,SNLI,42,34,65.0,603.6,39234.0,2024-03-27
2024032703007957,MNBBL,50,1,50.0,348.6,17430.0,2024-03-27
2024032701023425,VLUCL,42,34,10.0,515.0,5150.0,2024-03-27
2024032701023424,SONA,49,11,10.0,481.0,4810.0,2024-03-27
2024032701023423,GBIME,14,6,100.0,182.8,18280.0,2024-03-27
2024032703007956,CORBL,39,35,95.0,443.0,42085.0,2024-03-27
2024032701023422,SBI,6,41,39.0,284.0,11076.0,2024-03-27
2024032701023421,ULHC,41,62,90.0,330.3,29727.0,2024-03-27
2024032701023420,ULHC,45,62,40.0,330.6,13224.0,2024-03-27
2024032704007488,RADHI,58,58,56.0,238.9,13378.4,2024-03-27
2024032701023419,GBIME,50,6,60.0,182.8,10968.0,2024-03-27
2024032701023418,SPHL,22,58,13.0,465.0,6045.0,2024-03-27
2024032703007955,KLBSL,57,17,21.0,888.0,18648.0,2024-03-27
2024032703007954,GBBL,58,28,50.0,371.5,18575.0,2024-03-27
2024032701023417,MKLB,4,17,90.0,820.0,73800.0,2024-03-27
2024032701023416,MKLB,32,17,10.0,820.1,8201.0,2024-03-27
2024032704007487,NHPC,34,38,10.0,151.8,1518.0,2024-03-27
2024032704007486,NHPC,14,38,10.0,151.8,1518.0,2024-03-27
2024032704007485,NGPL,36,38,10.0,304.5,3045.0,2024-03-27
2024032701023415,SNLI,42,45,85.0,603.6,51306.0,2024-03-27
2024032701023414,SNLI,45,45,15.0,603.7,9055.5,2024-03-27
2024032701023413,CITY,34,48,110.0,597.0,65670.0,2024-03-27
2024032701023412,CITY,43,48,10.0,597.0,5970.0,2024-03-27
2024032701023411,SONA,25,56,10.0,480.9,4809.0,2024-03-27
2024032701023410,SONA,42,56,50.0,481.0,24050.0,2024-03-27
2024032701023409,SONA,13,56,40.0,481.5,19260.0,2024-03-27
2024032705003928,HIDCL,38,16,43.0,169.4,7284.2,2024-03-27
2024032701023408,ILI,25,35,10.0,532.0,5320.0,2024-03-27
2024032701023407,TVCL,35,45,20.0,488.4,9768.0,2024-03-27
2024032701023406,GCIL,56,43,300.0,511.0,153300.0,2024-03-27
2024032703007953,KRBL,52,48,55.0,403.2,22176.0,2024-03-27
2024032703007952,KRBL,19,48,40.0,403.3,16132.0,2024-03-27
2024032703007951,KRBL,39,48,55.0,404.0,22220.0,2024-03-27
2024032703007950,SABSL,14,42,10.0,698.0,6980.0,2024-03-27
2024032701023405,ADBL,42,59,15.0,230.1,3451.5,2024-03-27
2024032701023404,CLI,34,32,10.0,445.0,4450.0,2024-03-27
2024032701023403,MBJC,29,26,10.0,312.0,3120.0,2024-03-27
2024032703007949,LBBL,41,6,200.0,374.0,74800.0,2024-03-27
2024032703007948,LBBL,42,6,200.0,374.0,74800.0,2024-03-27
2024032703007947,LBBL,56,6,20.0,374.0,7480.0,2024-03-27
2024032703007946,LBBL,7,6,130.0,374.0,48620.0,2024-03-27
2024032703007945,LBBL,36,6,30.0,374.0,11220.0,2024-03-27
2024032703007944,LBBL,35,6,200.0,374.0,74800.0,2024-03-27
2024032703007943,LBBL,19,6,100.0,374.0,37400.0,2024-03-27
2024032703007942,LBBL,58,6,47.0,374.0,17578.0,2024-03-27
2024032703007941,LBBL,65,6,390.0,374.1,145899.0,2024-03-27
2024032703007940,LBBL,45,6,200.0,374.2,74840.0,2024-03-27
2024032703007939,LBBL,45,6,50.0,374.2,18710.0,2024-03-27
2024032705003927,STC,3,42,20.0,4486.0,89720.0,2024-03-27
2024032705003926,STC,53,42,80.0,4486.2,358896.0,2024-03-27
2024032701023402,MEHL,36,54,500.0,295.0,147500.0,2024-03-27
2024032701023401,NICA,69,45,30.0,410.0,12300.0,2024-03-27
2024032704007484,NLG,34,26,40.0,758.0,30320.0,2024-03-27
2024032704007483,NLG,22,26,10.0,758.1,7581.0,2024-03-27
2024032701023400,SONA,13,1,10.0,481.5,4815.0,2024-03-27
2024032703007938,WNLB,25,52,50.0,1150.0,57500.0,2024-03-27
2024032703007937,WNLB,25,43,10.0,1150.0,11500.0,2024-03-27
2024032701023399,HDL,33,66,20.0,1515.2,30304.0,2024-03-27
2024032704007482,MEN,54,41,10.0,524.0,5240.0,2024-03-27
2024032703007936,SADBL,16,41,200.0,297.2,59440.0,2024-03-27
2024032701023398,PRVU,43,55,70.0,141.3,9891.0,2024-03-27
2024032703007935,DDBL,17,57,2.0,798.0,1596.0,2024-03-27
2024032703007934,DDBL,50,57,53.0,798.0,42294.0,2024-03-27
2024032701023397,SHIVM,69,34,10.0,528.0,5280.0,2024-03-27
2024032701023396,ULBSL,74,42,170.0,1205.0,204850.0,2024-03-27
2024032701023395,ULBSL,29,42,25.0,1205.0,30125.0,2024-03-27
2024032701023394,ULBSL,14,42,500.0,1205.1,602550.0,2024-03-27
2024032701023393,ULBSL,4,42,10.0,1207.0,12070.0,2024-03-27
2024032701023392,ULBSL,29,42,50.0,1207.0,60350.0,2024-03-27
2024032701023391,ULBSL,48,42,200.0,1208.0,241600.0,2024-03-27
2024032701023390,ULBSL,58,42,50.0,1209.0,60450.0,2024-03-27
2024032701023389,ULBSL,29,42,35.0,1210.0,42350.0,2024-03-27
2024032705003925,NIFRA,5,80,4.0,201.5,806.0,2024-03-27
2024032703007933,ACLBSL,45,45,10.0,713.0,7130.0,2024-03-27
2024032704007481,LEC,11,8,10.0,185.8,1858.0,2024-03-27
2024032703007932,KSBBL,48,21,10.0,357.0,3570.0,2024-03-27
2024032705003924,NIFRA,34,51,30.0,205.5,6165.0,2024-03-27
2024032705003923,NIFRA,13,51,30.0,205.6,6168.0,2024-03-27
2024032701023388,BHL,66,36,400.0,370.0,148000.0,2024-03-27
2024032701023387,BHL,66,35,100.0,369.9,36990.0,2024-03-27
2024032703007931,DDBL,50,7,15.0,798.0,11970.0,2024-03-27
2024032703007930,DDBL,53,7,85.0,798.0,67830.0,2024-03-27
2024032701023386,AHL,18,52,65.0,456.9,29698.5,2024-03-27
2024032701023385,SMJC,19,42,1000.0,366.0,366000.0,2024-03-27
2024032703007929,WNLB,50,35,10.0,1128.1,11281.0,2024-03-27
2024032705003922,HRL,55,32,10.0,601.1,6011.0,2024-03-27
2024032705003921,HRL,43,32,50.0,601.2,30060.0,2024-03-27
2024032705003920,HRL,36,32,100.0,601.2,60120.0,2024-03-27
2024032705003919,HRL,57,32,25.0,601.2,15030.0,2024-03-27
2024032705003918,HRL,39,32,25.0,601.3,15032.5,2024-03-27
2024032705003917,HRL,11,32,30.0,601.3,18039.0,2024-03-27
2024032705003916,HRL,51,32,60.0,601.4,36084.0,2024-03-27
2024032701023384,USHL,18,10,170.0,478.0,81260.0,2024-03-27
2024032703007928,ICFC,17,29,10.0,509.0,5090.0,2024-03-27
2024032705003915,NIFRA,13,6,70.0,205.6,14392.0,2024-03-27
2024032701023383,GCIL,56,35,11.0,511.0,5621.0,2024-03-27
2024032701023382,HATHY,65,89,268.0,877.0,235036.0,2024-03-27
2024032701023381,HATHY,88,89,92.0,877.2,80702.4,2024-03-27
2024032701023380,HATHY,57,89,200.0,877.3,175460.0,2024-03-27
2024032701023379,HATHY,65,89,140.0,878.0,122920.0,2024-03-27
2024032703007927,ILBS,38,67,532.0,885.0,470820.0,2024-03-27
2024032703007926,ILBS,40,67,50.0,885.0,44250.0,2024-03-27
2024032703007925,ILBS,44,67,100.0,885.0,88500.0,2024-03-27
2024032703007924,ILBS,29,67,370.0,886.0,327820.0,2024-03-27
2024032703007923,ILBS,1,67,100.0,887.0,88700.0,2024-03-27
2024032703007922,ILBS,22,67,227.0,890.0,202030.0,2024-03-27
2024032703007921,ILBS,44,67,100.0,890.0,89000.0,2024-03-27
2024032703007920,ILBS,3,67,200.0,891.0,178200.0,2024-03-27
2024032703007919,ILBS,5,67,72.0,891.0,64152.0,2024-03-27
2024032703007918,ILBS,67,67,50.0,892.0,44600.0,2024-03-27
2024032703007917,ILBS,77,67,50.0,892.5,44625.0,2024-03-27
2024032703007916,ILBS,3,67,200.0,893.0,178600.0,2024-03-27
2024032703007915,ILBS,72,67,49.0,893.1,43761.9,2024-03-27
2024032703007914,ILBS,74,67,200.0,894.1,178820.0,2024-03-27
2024032703007913,ILBS,74,67,100.0,894.2,89420.0,2024-03-27
2024032703007912,ILBS,72,67,100.0,895.0,89500.0,2024-03-27
2024032701023378,SPHL,58,59,10.0,464.1,4641.0,2024-03-27
2024032704007480,AKJCL,16,4,200.0,215.3,43060.0,2024-03-27
2024032701023377,RFPL,38,45,300.0,420.0,126000.0,2024-03-27
2024032703007911,JFL,25,6,125.0,385.0,48125.0,2024-03-27
2024032703007910,JFL,25,17,22.0,385.0,8470.0,2024-03-27
2024032703007909,JFL,25,44,10.0,384.5,3845.0,2024-03-27
2024032701023376,SHIVM,29,34,290.0,528.0,153120.0,2024-03-27
2024032701023375,TSHL,28,49,150.0,537.0,80550.0,2024-03-27
2024032704007479,UPPER,49,80,10.0,175.5,1755.0,2024-03-27
2024032701023374,BGWT,42,81,500.0,607.0,303500.0,2024-03-27
2024032701023373,BGWT,57,81,50.0,607.1,30355.0,2024-03-27
2024032701023372,DORDI,88,10,10.0,467.0,4670.0,2024-03-27
2024032701023371,DORDI,88,40,10.0,466.0,4660.0,2024-03-27
2024032705003914,HIDCL,42,55,16.0,169.5,2712.0,2024-03-27
2024032701023370,VLUCL,52,42,70.0,514.0,35980.0,2024-03-27
2024032701023369,PPL,83,58,10.0,475.5,4755.0,2024-03-27
2024032704007478,JOSHI,52,42,710.0,360.0,255600.0,2024-03-27
2024032701023368,MKLB,34,55,60.0,821.0,49260.0,2024-03-27
2024032701023367,MKLB,4,55,30.0,822.7,24681.0,2024-03-27
2024032703007908,NFS,48,5,848.0,380.5,322664.0,2024-03-27
2024032703007907,NFS,34,5,20.0,380.6,7612.0,2024-03-27
2024032703007906,NFS,7,5,50.0,381.0,19050.0,2024-03-27
2024032703007905,NFS,40,5,25.0,381.0,9525.0,2024-03-27
2024032703007904,NFS,11,5,10.0,381.0,3810.0,2024-03-27
2024032703007903,NFS,58,5,100.0,381.0,38100.0,2024-03-27
2024032703007902,NFS,58,5,47.0,381.0,17907.0,2024-03-27
2024032703007901,SHINE,49,46,22.0,366.1,8054.2,2024-03-27
2024032704007477,MEN,63,66,439.0,522.0,229158.0,2024-03-27
2024032704007476,MEN,91,66,150.0,522.0,78300.0,2024-03-27
2024032704007475,MEN,42,66,10.0,522.0,5220.0,2024-03-27
2024032704007474,MEN,57,66,189.0,522.0,98658.0,2024-03-27
2024032704007473,MEN,58,66,12.0,522.2,6266.4,2024-03-27
2024032701023366,SONA,29,48,10.0,481.3,4813.0,2024-03-27
2024032701023365,PPL,83,47,20.0,475.5,9510.0,2024-03-27
2024032701023364,ILI,84,57,10.0,530.0,5300.0,2024-03-27
2024032701023363,NICA,69,16,40.0,410.0,16400.0,2024-03-27
2024032704007472,NGPL,47,38,20.0,304.5,6090.0,2024-03-27
2024032705003913,NRN,90,72,50.0,528.0,26400.0,2024-03-27
2024032701023362,NESDO,7,21,10.0,1700.0,17000.0,2024-03-27
2024032701023361,NESDO,42,21,20.0,1700.0,34000.0,2024-03-27
2024032701023360,NESDO,44,21,99.0,1700.0,168300.0,2024-03-27
2024032701023359,NESDO,21,21,20.0,1702.0,34040.0,2024-03-27
2024032701023358,NESDO,25,21,30.0,1702.1,51063.0,2024-03-27
2024032701023357,NESDO,34,21,30.0,1702.1,51063.0,2024-03-27
2024032701023356,NESDO,47,21,10.0,1703.0,17030.0,2024-03-27
2024032701023355,NESDO,19,21,10.0,1705.0,17050.0,2024-03-27
2024032701023354,NESDO,21,21,20.0,1705.5,34110.0,2024-03-27
2024032701023353,NESDO,19,21,25.0,1706.0,42650.0,2024-03-27
2024032701023352,NESDO,21,21,10.0,1706.0,17060.0,2024-03-27
2024032703007900,NFS,57,34,200.0,382.0,76400.0,2024-03-27
2024032703007899,DDBL,53,13,15.0,798.0,11970.0,2024-03-27
2024032703007898,DDBL,50,13,24.0,798.0,19152.0,2024-03-27
2024032701023351,HHL,65,69,315.0,353.3,111289.5,2024-03-27
2024032701023350,HHL,25,69,25.0,355.0,8875.0,2024-03-27
2024032701023349,SHIVM,69,62,10.0,528.9,5289.0,2024-03-27
2024032701023348,RNLI,65,34,900.0,436.0,392400.0,2024-03-27
2024032703007897,MLBL,7,29,200.0,322.0,64400.0,2024-03-27
2024032701023347,SONA,29,51,10.0,481.3,4813.0,2024-03-27
2024032701023346,CLI,22,21,10.0,446.0,4460.0,2024-03-27
2024032701023345,CLI,22,10,10.0,445.2,4452.0,2024-03-27
2024032704007471,RURU,51,57,80.0,680.0,54400.0,2024-03-27
2024032704007470,RURU,58,57,50.0,680.1,34005.0,2024-03-27
2024032701023344,HDL,35,53,100.0,1515.2,151520.0,2024-03-27
2024032701023343,HHL,25,1,230.0,355.0,81650.0,2024-03-27
2024032701023342,GBIME,34,58,104.0,182.6,18990.4,2024-03-27
2024032701023341,MSHL,42,33,39.0,618.0,24102.0,2024-03-27
2024032701023340,MSHL,7,33,10.0,618.0,6180.0,2024-03-27
2024032701023339,MSHL,26,33,50.0,618.2,30910.0,2024-03-27
2024032701023338,MSHL,49,33,390.0,618.2,241098.0,2024-03-27
2024032701023337,MSHL,42,33,11.0,620.0,6820.0,2024-03-27
2024032701023336,MKCL,35,55,10.0,931.4,9314.0,2024-03-27
2024032701023335,SPL,32,45,60.0,661.2,39672.0,2024-03-27
2024032701023334,SPL,34,45,140.0,661.3,92582.0,2024-03-27
2024032701023333,SPL,66,45,150.0,661.4,99210.0,2024-03-27
2024032701023332,SGHC,74,56,10.0,307.8,3078.0,2024-03-27
2024032701023331,SGHC,38,56,50.0,307.9,15395.0,2024-03-27
2024032703007896,NLIC,58,84,10.0,597.0,5970.0,2024-03-27
2024032703007895,NLIC,42,84,423.0,597.0,252531.0,2024-03-27
2024032703007894,NLIC,58,84,25.0,597.2,14930.0,2024-03-27
2024032705003912,NIFRA,34,6,10.0,205.6,2056.0,2024-03-27
2024032701023330,SAMAJ,4,20,10.0,1985.9,19859.0,2024-03-27
2024032703007893,SHINE,45,14,205.0,366.0,75030.0,2024-03-27
2024032701023329,RHGCL,59,41,41.0,300.9,12336.9,2024-03-27
2024032704007469,GHL,51,56,100.0,153.9,15390.0,2024-03-27
2024032704007468,GHL,51,56,300.0,153.9,46170.0,2024-03-27
2024032701023328,PPL,62,17,200.0,475.0,95000.0,2024-03-27
2024032701023327,MMKJL,58,28,10.0,420.5,4205.0,2024-03-27
2024032704007467,SHPC,82,49,920.0,341.0,313720.0,2024-03-27
2024032704007466,SHPC,42,49,10.0,341.5,3415.0,2024-03-27
2024032701023326,SARBTM,41,19,20.0,984.6,19692.0,2024-03-27
2024032705003911,CIT,18,54,50.0,2106.0,105300.0,2024-03-27
2024032704007465,CHCL,47,43,100.0,461.0,46100.0,2024-03-27
2024032701023325,SHIVM,29,25,100.0,528.0,52800.0,2024-03-27
2024032701023324,SHIVM,29,1,100.0,528.0,52800.0,2024-03-27
2024032701023323,SHIVM,29,45,10.0,528.0,5280.0,2024-03-27
2024032701023322,NRM,29,38,544.0,373.9,203401.6,2024-03-27
2024032701023321,NRM,29,35,456.0,373.0,170088.0,2024-03-27
2024032701023320,AVYAN,3,87,63.0,642.0,40446.0,2024-03-27
2024032701023319,SONA,1,16,100.0,481.3,48130.0,2024-03-27
2024032701023318,TVCL,34,38,10.0,489.0,4890.0,2024-03-27
2024032703007892,ALICL,34,43,200.0,559.9,111980.0,2024-03-27
2024032701023317,AVYAN,38,87,40.0,642.1,25684.0,2024-03-27
2024032703007891,ACLBSL,56,45,200.0,713.0,142600.0,2024-03-27
2024032703007890,ACLBSL,32,45,50.0,713.0,35650.0,2024-03-27
2024032703007889,ACLBSL,34,45,100.0,714.0,71400.0,2024-03-27
2024032703007888,ACLBSL,58,45,100.0,717.0,71700.0,2024-03-27
2024032703007887,USLB,38,41,11.0,1604.0,17644.0,2024-03-27
2024032704007464,API,22,38,200.0,179.6,35920.0,2024-03-27
2024032701023316,RAWA,18,48,10.0,474.0,4740.0,2024-03-27
2024032703007886,SFCL,34,43,50.0,313.1,15655.0,2024-03-27
2024032701023315,SMJC,19,39,170.0,367.0,62390.0,2024-03-27
2024032703007885,JFL,72,58,30.0,383.6,11508.0,2024-03-27
2024032703007884,JFL,6,58,20.0,383.6,7672.0,2024-03-27
2024032703007883,JFL,6,58,20.0,383.6,7672.0,2024-03-27
2024032701023314,KBL,38,42,300.0,139.0,41700.0,2024-03-27
2024032701023313,SONA,34,56,100.0,481.9,48190.0,2024-03-27
2024032703007882,PFL,33,20,170.0,396.1,67337.0,2024-03-27
2024032701023312,AVYAN,38,11,60.0,642.1,38526.0,2024-03-27
2024032704007463,NGPL,14,17,89.0,304.9,27136.1,2024-03-27
2024032704007462,NGPL,14,58,241.0,304.9,73480.9,2024-03-27
2024032703007881,SHINE,45,59,97.0,366.0,35502.0,2024-03-27
2024032703007880,SHINE,29,59,124.0,366.0,45384.0,2024-03-27
2024032703007879,SHINE,42,59,79.0,366.1,28921.9,2024-03-27
2024032703007878,NFS,58,17,100.0,381.0,38100.0,2024-03-27
2024032701023311,CKHL,71,42,50.0,587.0,29350.0,2024-03-27
2024032704007461,RIDI,47,38,50.0,185.0,9250.0,2024-03-27
2024032701023310,AHL,18,52,40.0,457.0,18280.0,2024-03-27
2024032701023309,JBLB,11,35,11.0,1318.7,14505.7,2024-03-27
2024032701023308,AHL,18,32,460.0,457.0,210220.0,2024-03-27
2024032703007877,SFCL,34,52,384.0,313.1,120230.4,2024-03-27
2024032703007876,SFCL,25,52,20.0,313.2,6264.0,2024-03-27
2024032703007875,SFCL,35,52,50.0,313.2,15660.0,2024-03-27
2024032701023307,PPL,20,47,100.0,475.5,47550.0,2024-03-27
2024032704007460,JOSHI,52,7,290.0,360.0,104400.0,2024-03-27
2024032704007459,JOSHI,49,7,100.0,360.0,36000.0,2024-03-27
2024032704007458,JOSHI,25,7,110.0,360.0,39600.0,2024-03-27
2024032701023306,GVL,49,26,10.0,421.3,4213.0,2024-03-27
2024032701023305,CLI,34,38,200.0,445.0,89000.0,2024-03-27
2024032703007874,NLICL,58,6,25.0,556.5,13912.5,2024-03-27
2024032701023304,LSL,58,42,15.0,158.9,2383.5,2024-03-27
2024032701023303,CYCL,58,25,10.0,1370.0,13700.0,2024-03-27
2024032701023302,CYCL,58,34,10.0,1369.9,13699.0,2024-03-27
2024032703007873,NICLBSL,47,41,70.0,600.2,42014.0,2024-03-27
2024032703007872,NFS,74,34,10.0,382.0,3820.0,2024-03-27
2024032704007457,TRH,57,43,10.0,798.0,7980.0,2024-03-27
2024032701023301,SHIVM,69,45,20.0,528.0,10560.0,2024-03-27
2024032701023300,NRM,66,35,300.0,373.0,111900.0,2024-03-27
2024032704007456,RADHI,58,34,444.0,238.9,106071.6,2024-03-27
2024032701023299,DORDI,77,3,70.0,465.0,32550.0,2024-03-27
2024032701023298,DORDI,77,3,100.0,466.0,46600.0,2024-03-27
