transaction,symbol,buyer,seller,quantity,rate,amount,date
2025061705010245,NRN,41,71,50.0,1982.0,99100.0,2025-06-17
2025061703009741,SAPDBL,5,87,100.0,1024.0,102400.0,2025-06-17
2025061704032931,CHCL,17,65,10.0,574.9,5749.0,2025-06-17
2025061704032930,SHL,94,62,385.0,590.0,227150.0,2025-06-17
2025061704032929,SHL,34,62,500.0,590.0,295000.0,2025-06-17
2025061704032928,SHL,17,62,100.0,590.0,59000.0,2025-06-17
2025061704032927,SHL,17,62,500.0,590.0,295000.0,2025-06-17
2025061704032926,SHL,32,62,200.0,590.0,118000.0,2025-06-17
2025061704032925,SHL,57,62,330.0,590.0,194700.0,2025-06-17
2025061704032924,SHL,64,62,100.0,590.0,59000.0,2025-06-17
2025061704032923,SHL,40,62,200.0,590.0,118000.0,2025-06-17
2025061704032922,SHL,34,62,100.0,590.1,59010.0,2025-06-17
2025061704032921,SHL,13,62,100.0,590.3,59030.0,2025-06-17
2025061704032920,SHL,25,62,500.0,590.3,295150.0,2025-06-17
2025061704032919,SHL,39,62,100.0,590.4,59040.0,2025-06-17
2025061704032918,SHL,1,62,1000.0,592.0,592000.0,2025-06-17
2025061704032917,SHL,17,62,885.0,592.0,523920.0,2025-06-17
2025061701017160,NIMB,96,43,10.0,210.0,2100.0,2025-06-17
2025061704032916,NHPC,6,69,10.0,218.0,2180.0,2025-06-17
2025061704032915,RADHI,37,22,42.0,829.0,34818.0,2025-06-17
2025061703009740,SWMF,67,70,10.0,710.0,7100.0,2025-06-17
2025061704032914,SHEL,45,41,80.0,297.0,23760.0,2025-06-17
2025061704032913,SHEL,32,45,1000.0,296.1,296100.0,2025-06-17
2025061704032912,NHPC,6,45,484.0,218.0,105512.0,2025-06-17
2025061704032911,NHPC,38,45,100.0,218.0,21800.0,2025-06-17
2025061704032910,NHPC,49,45,11.0,218.0,2398.0,2025-06-17
2025061704032909,NHPC,57,45,245.0,218.3,53483.5,2025-06-17
2025061704032908,BARUN,48,42,40.0,367.9,14716.0,2025-06-17
2025061704032907,BARUN,48,55,460.0,366.5,168590.0,2025-06-17
2025061704032906,OHL,13,96,60.0,915.3,54918.0,2025-06-17
2025061704032905,UNHPL,41,7,500.0,411.0,205500.0,2025-06-17
2025061704032904,BPCL,57,58,100.0,833.0,83300.0,2025-06-17
2025061705010244,PHCL,8,50,127.0,518.6,65862.2,2025-06-17
2025061705010243,PHCL,66,50,15.0,519.0,7785.0,2025-06-17
2025061704032903,GHL,26,36,250.0,253.6,63400.0,2025-06-17
2025061704032902,GHL,58,36,100.0,254.0,25400.0,2025-06-17
2025061704032901,RIDI,13,58,490.0,282.0,138180.0,2025-06-17
2025061704032900,RIDI,56,58,10.0,282.0,2820.0,2025-06-17
2025061705010242,HIDCL,92,34,152.0,297.0,45144.0,2025-06-17
2025061705010241,HIDCL,52,34,48.0,297.0,14256.0,2025-06-17
2025061704032899,CHCL,35,43,50.0,573.0,28650.0,2025-06-17
2025061704032898,AKPL,6,4,194.0,275.2,53388.8,2025-06-17
2025061704032897,AKPL,44,4,306.0,275.5,84303.0,2025-06-17
2025061705010240,SONA,35,70,50.0,458.0,22900.0,2025-06-17
2025061701017159,SBL,82,40,985.0,308.0,303380.0,2025-06-17
2025061701017158,SBL,58,40,15.0,308.0,4620.0,2025-06-17
2025061705010239,HRL,42,14,20.0,904.0,18080.0,2025-06-17
2025061705010238,NIFRA,42,22,10.0,281.5,2815.0,2025-06-17
2025061705010237,NTC,28,51,90.0,847.0,76230.0,2025-06-17
2025061705010236,NTC,45,51,10.0,848.5,8485.0,2025-06-17
2025061701017157,TAMOR,56,22,10.0,532.0,5320.0,2025-06-17
2025061704032896,RIDI,16,33,10.0,282.5,2825.0,2025-06-17
2025061704032895,SHL,17,59,500.0,592.0,296000.0,2025-06-17
2025061704032894,SHL,33,59,500.0,593.0,296500.0,2025-06-17
2025061703009739,SMFBS,33,57,10.0,1720.0,17200.0,2025-06-17
2025061703009738,GFCL,11,39,50.0,625.0,31250.0,2025-06-17
2025061703009737,GFCL,54,39,100.0,625.0,62500.0,2025-06-17
2025061703009736,SADBL,8,48,400.0,402.8,161120.0,2025-06-17
2025061703009735,SADBL,49,48,90.0,402.9,36261.0,2025-06-17
2025061705010235,NSIF2,100,49,100.0,10.55,1055.0,2025-06-17
2025061704032893,API,41,90,50.0,298.5,14925.0,2025-06-17
2025061704032892,SHEL,32,11,531.0,296.1,157229.1,2025-06-17
2025061704032891,SHEL,32,11,539.0,296.1,159597.9,2025-06-17
2025061704032890,SHEL,49,11,230.0,296.5,68195.0,2025-06-17
2025061704032889,SHEL,26,11,200.0,296.9,59380.0,2025-06-17
2025061703009734,RSDC,42,74,100.0,666.0,66600.0,2025-06-17
2025061703009733,RSDC,38,74,10.0,666.0,6660.0,2025-06-17
2025061704032888,NICL,29,55,55.0,617.6,33968.0,2025-06-17
2025061704032887,API,26,35,30.0,299.0,8970.0,2025-06-17
2025061703009732,ACLBSL,42,81,133.0,1058.9,140833.7,2025-06-17
2025061703009731,MERO,64,53,10.0,737.5,7375.0,2025-06-17
2025061704032886,AHPC,81,17,2240.0,298.6,668864.0,2025-06-17
2025061703009730,GLBSL,18,56,50.0,2399.0,119950.0,2025-06-17
2025061703009729,SIFC,26,45,300.0,542.0,162600.0,2025-06-17
2025061705010234,ENL,55,43,10.0,1093.0,10930.0,2025-06-17
2025061705010233,ENL,55,7,10.0,1090.0,10900.0,2025-06-17
2025061705010232,ENL,55,13,10.0,1086.0,10860.0,2025-06-17
2025061705010231,ENL,55,34,10.0,1081.0,10810.0,2025-06-17
2025061704032885,PMHPL,45,52,20.0,311.0,6220.0,2025-06-17
2025061701017156,MLBS,48,33,10.0,1563.8,15638.0,2025-06-17
2025061704032884,BPCL,48,58,10.0,833.0,8330.0,2025-06-17
2025061704032883,JOSHI,40,48,50.0,410.2,20510.0,2025-06-17
2025061704032882,JOSHI,41,48,250.0,410.5,102625.0,2025-06-17
2025061701017155,BHDC,50,55,100.0,497.0,49700.0,2025-06-17
2025061705010230,NRN,58,17,60.0,1989.0,119340.0,2025-06-17
2025061703009728,GRDBL,32,49,10.0,1259.9,12599.0,2025-06-17
2025061704032881,RIDI,56,32,200.0,282.0,56400.0,2025-06-17
2025061704032880,SGIC,58,19,50.0,554.9,27745.0,2025-06-17
2025061704032879,SGIC,58,1,51.0,553.0,28203.0,2025-06-17
2025061701017154,CKHL,34,43,10.0,629.9,6299.0,2025-06-17
2025061705010229,NICBF,43,45,1075.0,9.3,9997.5,2025-06-17
2025061703009727,NFS,5,34,50.0,630.0,31500.0,2025-06-17
2025061703009726,NFS,5,58,10.0,629.8,6298.0,2025-06-17
2025061701017153,SBI,6,58,420.0,386.0,162120.0,2025-06-17
2025061701017152,SBI,43,58,40.0,386.1,15444.0,2025-06-17
2025061701017151,SBI,53,58,200.0,386.4,77280.0,2025-06-17
2025061701017150,SBI,55,58,50.0,386.5,19325.0,2025-06-17
2025061701017149,SBI,52,58,200.0,386.6,77320.0,2025-06-17
2025061701017148,SBI,21,58,70.0,386.6,27062.0,2025-06-17
2025061701017147,SBI,25,58,260.0,386.7,100542.0,2025-06-17
2025061701017146,SBI,52,58,200.0,386.7,77340.0,2025-06-17
2025061701017145,SBI,45,58,281.0,386.9,108718.9,2025-06-17
2025061701017144,SBI,49,58,105.0,387.0,40635.0,2025-06-17
2025061701017143,SBI,43,58,250.0,387.0,96750.0,2025-06-17
2025061704032878,BPCL,77,64,1000.0,832.0,832000.0,2025-06-17
2025061703009725,GRDBL,88,53,80.0,1245.5,99640.0,2025-06-17
2025061704032877,SHPC,21,77,1000.0,648.0,648000.0,2025-06-17
2025061704032876,SHPC,86,77,217.0,648.0,140616.0,2025-06-17
2025061704032875,SHPC,34,77,100.0,648.0,64800.0,2025-06-17
2025061704032874,SHPC,10,77,500.0,648.0,324000.0,2025-06-17
2025061704032873,SHPC,42,77,200.0,648.0,129600.0,2025-06-17
2025061704032872,SHPC,99,77,50.0,648.0,32400.0,2025-06-17
2025061704032871,SHPC,32,77,100.0,648.1,64810.0,2025-06-17
2025061704032870,SHPC,7,77,80.0,648.8,51904.0,2025-06-17
2025061704032869,HURJA,59,48,10.0,261.0,2610.0,2025-06-17
2025061705010228,PHCL,66,87,85.0,519.0,44115.0,2025-06-17
2025061701017142,MAKAR,13,14,50.0,613.0,30650.0,2025-06-17
2025061704032868,BARUN,48,55,360.0,366.5,131940.0,2025-06-17
2025061704032867,BARUN,48,57,200.0,366.3,73260.0,2025-06-17
2025061704032866,BARUN,48,99,500.0,366.2,183100.0,2025-06-17
2025061704032865,BARUN,48,35,100.0,366.0,36600.0,2025-06-17
2025061704032864,BARUN,48,7,140.0,365.0,51100.0,2025-06-17
2025061703009724,JFL,41,5,258.0,474.0,122292.0,2025-06-17
2025061703009723,JFL,41,47,10.0,473.9,4739.0,2025-06-17
2025061703009722,JFL,41,34,294.0,472.0,138768.0,2025-06-17
2025061703009721,JFL,41,34,790.0,472.0,372880.0,2025-06-17
2025061703009720,JFL,41,43,320.0,471.2,150784.0,2025-06-17
2025061703009719,JFL,41,34,828.0,471.2,390153.6,2025-06-17
2025061701017141,PPL,32,41,150.0,395.0,59250.0,2025-06-17
2025061704032863,CHCL,44,65,725.0,574.9,416802.5,2025-06-17
2025061704032862,CHCL,44,19,240.0,574.2,137808.0,2025-06-17
2025061704032861,CHCL,44,71,35.0,574.0,20090.0,2025-06-17
2025061704032860,CHCL,35,7,415.0,573.0,237795.0,2025-06-17
2025061704032859,CHCL,29,7,85.0,573.0,48705.0,2025-06-17
2025061704032858,HURJA,49,48,10.0,261.0,2610.0,2025-06-17
2025061705010227,GCIL,70,38,4759.0,513.0,2441367.0,2025-06-17
2025061705010226,GCIL,70,48,50.0,513.0,25650.0,2025-06-17
2025061705010225,GCIL,70,52,23.0,513.0,11799.0,2025-06-17
2025061705010224,GCIL,70,38,57.0,513.0,29241.0,2025-06-17
2025061705010223,GCIL,70,4,11.0,513.0,5643.0,2025-06-17
2025061705010222,GCIL,70,1,100.0,513.0,51300.0,2025-06-17
2025061705010221,MEL,8,49,198.0,314.5,62271.0,2025-06-17
2025061705010220,MEL,8,50,17.0,314.0,5338.0,2025-06-17
2025061705010219,MEL,8,21,800.0,314.0,251200.0,2025-06-17
2025061705010218,MEL,8,42,10.0,314.0,3140.0,2025-06-17
2025061705010217,MEL,8,55,1465.0,314.0,460010.0,2025-06-17
2025061705010216,MEL,8,49,10.0,313.2,3132.0,2025-06-17
2025061701017140,BHPL,36,50,10.0,770.0,7700.0,2025-06-17
2025061701017139,HIDCLP,6,92,363.0,217.0,78771.0,2025-06-17
2025061701017138,HIDCLP,49,92,137.0,217.0,29729.0,2025-06-17
2025061701017137,HIDCLP,42,92,500.0,217.1,108550.0,2025-06-17
2025061703009718,NFS,44,34,70.0,629.5,44065.0,2025-06-17
2025061703009717,NFS,44,34,100.0,629.0,62900.0,2025-06-17
2025061701017136,TAMOR,84,22,10.0,532.0,5320.0,2025-06-17
2025061704032857,NGPL,56,74,150.0,409.0,61350.0,2025-06-17
2025061704032856,NGPL,101,74,50.0,409.0,20450.0,2025-06-17
2025061701017135,GBIME,80,14,250.0,234.0,58500.0,2025-06-17
2025061704032855,UMRH,35,49,150.0,592.0,88800.0,2025-06-17
2025061701017134,MAKAR,13,26,40.0,613.0,24520.0,2025-06-17
2025061704032854,OHL,13,69,40.0,915.3,36612.0,2025-06-17
2025061704032853,OHL,59,69,60.0,915.4,54924.0,2025-06-17
2025061701017133,ULHC,28,3,10.0,468.6,4686.0,2025-06-17
2025061703009716,PFL,13,51,120.0,403.0,48360.0,2025-06-17
2025061701017132,GMLI,48,42,50.0,2128.2,106410.0,2025-06-17
2025061701017131,GMLI,40,42,75.0,2135.0,160125.0,2025-06-17
2025061701017130,GMLI,57,42,30.0,2150.0,64500.0,2025-06-17
2025061701017129,GMLI,55,42,10.0,2150.0,21500.0,2025-06-17
2025061704032852,RADHI,59,56,350.0,828.0,289800.0,2025-06-17
2025061701017128,BHPL,6,55,200.0,770.0,154000.0,2025-06-17
2025061705010215,NRIC,48,38,44.0,1240.0,54560.0,2025-06-17
2025061704032851,SPDL,85,36,10.0,427.0,4270.0,2025-06-17
2025061701017127,CREST,19,59,50.0,1443.0,72150.0,2025-06-17
2025061701017126,KBL,13,49,100.0,205.0,20500.0,2025-06-17
2025061704032850,BPCL,77,8,30.0,832.0,24960.0,2025-06-17
2025061704032849,BPCL,95,8,70.0,832.2,58254.0,2025-06-17
2025061705010214,HRL,67,14,100.0,904.0,90400.0,2025-06-17
2025061705010213,HRL,53,14,10.0,904.0,9040.0,2025-06-17
2025061705010212,HRL,55,14,10.0,904.0,9040.0,2025-06-17
2025061705010211,HRL,42,14,50.0,904.0,45200.0,2025-06-17
2025061705010210,HRL,58,14,20.0,904.5,18090.0,2025-06-17
2025061705010209,HRL,39,14,79.0,905.0,71495.0,2025-06-17
2025061703009715,LBBL,8,17,284.0,435.2,123596.8,2025-06-17
2025061703009714,LBBL,8,17,196.0,435.2,85299.2,2025-06-17
2025061703009713,LBBL,8,17,520.0,435.4,226408.0,2025-06-17
2025061704032848,UMHL,62,49,870.0,540.0,469800.0,2025-06-17
2025061704032847,UMHL,62,47,200.0,540.0,108000.0,2025-06-17
2025061704032846,UMHL,62,32,50.0,540.0,27000.0,2025-06-17
2025061704032845,UMHL,62,19,100.0,540.0,54000.0,2025-06-17
2025061704032844,UMHL,62,54,1000.0,540.0,540000.0,2025-06-17
2025061704032843,UMHL,62,35,22.0,540.0,11880.0,2025-06-17
2025061704032842,UMHL,62,58,200.0,540.0,108000.0,2025-06-17
2025061704032841,UMHL,62,45,24.0,540.0,12960.0,2025-06-17
2025061704032840,UMHL,62,48,50.0,540.0,27000.0,2025-06-17
2025061704032839,UMHL,62,47,100.0,540.0,54000.0,2025-06-17
2025061704032838,UMHL,62,1,214.0,540.0,115560.0,2025-06-17
2025061704032837,UMHL,62,14,108.0,540.0,58320.0,2025-06-17
2025061704032836,UMHL,62,33,500.0,540.0,270000.0,2025-06-17
2025061704032835,UMHL,62,5,65.0,540.0,35100.0,2025-06-17
2025061704032834,UMHL,62,49,500.0,540.0,270000.0,2025-06-17
2025061704032833,UMHL,62,57,400.0,540.0,216000.0,2025-06-17
2025061704032832,UMHL,62,45,10.0,540.0,5400.0,2025-06-17
2025061704032831,UMHL,62,44,107.0,540.0,57780.0,2025-06-17
2025061704032830,UMHL,62,86,750.0,540.0,405000.0,2025-06-17
2025061704032829,UMHL,62,42,20.0,540.0,10800.0,2025-06-17
2025061704032828,UMHL,62,29,50.0,540.0,27000.0,2025-06-17
2025061704032827,UMHL,62,41,114.0,540.0,61560.0,2025-06-17
2025061704032826,UMHL,62,62,100.0,540.0,54000.0,2025-06-17
2025061704032825,UMHL,62,54,21.0,540.0,11340.0,2025-06-17
2025061704032824,UMHL,62,49,10.0,540.0,5400.0,2025-06-17
2025061704032823,UMHL,62,25,100.0,540.0,54000.0,2025-06-17
2025061704032822,UMHL,62,45,10.0,540.0,5400.0,2025-06-17
2025061704032821,UMHL,62,53,100.0,540.0,54000.0,2025-06-17
2025061704032820,UMHL,62,38,1000.0,540.0,540000.0,2025-06-17
2025061704032819,UMHL,62,68,175.0,540.0,94500.0,2025-06-17
2025061704032818,UMHL,62,49,107.0,540.0,57780.0,2025-06-17
2025061704032817,UMHL,62,5,3000.0,540.0,1620000.0,2025-06-17
2025061704032816,UMHL,62,55,214.0,540.0,115560.0,2025-06-17
2025061704032815,UMHL,62,42,10.0,540.0,5400.0,2025-06-17
2025061704032814,UMHL,62,33,1000.0,540.0,540000.0,2025-06-17
2025061704032813,UMHL,62,58,200.0,540.0,108000.0,2025-06-17
2025061704032812,UMHL,62,17,100.0,540.0,54000.0,2025-06-17
2025061704032811,UMHL,62,38,150.0,540.0,81000.0,2025-06-17
2025061704032810,UMHL,62,8,100.0,540.0,54000.0,2025-06-17
2025061704032809,UMHL,62,3,100.0,540.0,54000.0,2025-06-17
2025061704032808,UMHL,62,54,19.0,540.0,10260.0,2025-06-17
2025061704032807,UMHL,62,59,450.0,540.0,243000.0,2025-06-17
2025061704032806,UMHL,62,50,32.0,540.0,17280.0,2025-06-17
2025061704032805,UMHL,62,56,1000.0,540.0,540000.0,2025-06-17
2025061704032804,UMHL,62,44,50.0,540.0,27000.0,2025-06-17
2025061704032803,UMHL,62,52,50.0,539.9,26995.0,2025-06-17
2025061704032802,UMHL,62,10,1000.0,539.9,539900.0,2025-06-17
2025061704032801,UMHL,62,91,1340.0,539.9,723466.0,2025-06-17
2025061704032800,UMHL,62,91,454.0,539.8,245069.2,2025-06-17
2025061704032799,UMHL,62,62,230.0,539.0,123970.0,2025-06-17
2025061705010208,HIDCL,52,1,152.0,297.0,45144.0,2025-06-17
2025061704032798,UNHPL,34,81,70.0,412.0,28840.0,2025-06-17
2025061703009712,SFCL,43,47,10.0,485.0,4850.0,2025-06-17
2025061703009711,SINDU,25,34,26.0,771.4,20056.4,2025-06-17
2025061703009710,USLB,40,35,50.0,1860.0,93000.0,2025-06-17
2025061704032797,UMHL,39,58,8060.0,538.0,4336280.0,2025-06-17
2025061704032796,UMHL,5,58,1940.0,538.1,1043914.0,2025-06-17
2025061704032795,BPCL,81,22,100.0,833.0,83300.0,2025-06-17
2025061703009709,CBBL,59,16,10.0,905.0,9050.0,2025-06-17
2025061703009708,CBBL,59,52,24.0,905.0,21720.0,2025-06-17
2025061703009707,CBBL,59,14,140.0,905.0,126700.0,2025-06-17
2025061704032794,GHL,48,42,10.0,254.5,2545.0,2025-06-17
2025061701017125,USHEC,6,57,330.0,439.0,144870.0,2025-06-17
2025061701017124,USHEC,32,57,20.0,439.0,8780.0,2025-06-17
2025061704032793,PPCL,70,57,120.0,328.3,39396.0,2025-06-17
2025061704032792,PPCL,57,57,80.0,328.4,26272.0,2025-06-17
2025061704032791,NIL,58,21,450.0,681.0,306450.0,2025-06-17
2025061704032790,NIL,63,21,50.0,681.1,34055.0,2025-06-17
2025061704032789,NIL,96,21,100.0,682.0,68200.0,2025-06-17
2025061704032788,NIL,63,21,25.0,682.1,17052.5,2025-06-17
2025061703009706,SINDU,45,34,18.0,771.4,13885.2,2025-06-17
2025061703009705,SINDU,38,34,10.0,772.0,7720.0,2025-06-17
2025061703009704,SINDU,22,34,20.0,774.0,15480.0,2025-06-17
2025061704032787,SGIC,34,1,20.0,553.0,11060.0,2025-06-17
2025061701017123,SMHL,65,45,10.0,1035.0,10350.0,2025-06-17
2025061704032786,GHL,58,42,10.0,254.5,2545.0,2025-06-17
2025061705010207,HIDCL,3,1,848.0,297.0,251856.0,2025-06-17
2025061705010206,HIDCL,3,51,132.0,297.0,39204.0,2025-06-17
2025061705010205,HIDCL,3,13,520.0,297.0,154440.0,2025-06-17
2025061705010204,HRL,39,42,40.0,905.0,36200.0,2025-06-17
2025061705010203,HDL,94,14,100.0,1192.0,119200.0,2025-06-17
2025061705010202,HDL,42,14,10.0,1192.0,11920.0,2025-06-17
2025061705010201,HDL,42,14,150.0,1192.0,178800.0,2025-06-17
2025061705010200,HDL,38,14,100.0,1192.0,119200.0,2025-06-17
2025061705010199,HDL,17,14,20.0,1192.0,23840.0,2025-06-17
2025061705010198,HDL,60,14,50.0,1192.0,59600.0,2025-06-17
2025061705010197,HDL,47,14,50.0,1192.0,59600.0,2025-06-17
2025061705010196,HDL,13,14,30.0,1192.0,35760.0,2025-06-17
2025061705010195,HDL,43,14,100.0,1192.5,119250.0,2025-06-17
2025061705010194,HDL,45,14,200.0,1192.5,238500.0,2025-06-17
2025061703009703,WNLB,81,45,10.0,2060.0,20600.0,2025-06-17
2025061701017122,CREST,13,97,65.0,1442.3,93749.5,2025-06-17
2025061701017121,CREST,49,97,10.0,1442.5,14425.0,2025-06-17
2025061701017120,CREST,45,97,10.0,1443.0,14430.0,2025-06-17
2025061701017119,CREST,58,97,75.0,1443.2,108240.0,2025-06-17
2025061701017118,CREST,57,97,40.0,1445.0,57800.0,2025-06-17
2025061704032785,RIDI,56,48,140.0,282.0,39480.0,2025-06-17
2025061704032784,RIDI,56,57,150.0,282.0,42300.0,2025-06-17
2025061701017117,CREST,57,58,10.0,1445.0,14450.0,2025-06-17
2025061701017116,TAMOR,57,22,30.0,532.0,15960.0,2025-06-17
2025061704032783,UMHL,49,62,85.0,539.0,45815.0,2025-06-17
2025061703009702,PFL,21,51,100.0,403.0,40300.0,2025-06-17
2025061701017115,BHL,50,29,400.0,211.6,84640.0,2025-06-17
2025061701017114,BHL,34,29,100.0,211.6,21160.0,2025-06-17
2025061704032782,RIDI,47,57,350.0,282.0,98700.0,2025-06-17
2025061704032781,RIDI,47,59,450.0,282.0,126900.0,2025-06-17
2025061705010193,SAHAS,41,47,10.0,552.0,5520.0,2025-06-17
2025061703009701,SINDU,22,41,80.0,775.0,62000.0,2025-06-17
2025061703009700,SINDU,22,38,10.0,775.0,7750.0,2025-06-17
2025061703009699,SINDU,22,38,10.0,774.9,7749.0,2025-06-17
2025061703009698,SINDU,22,4,15.0,774.0,11610.0,2025-06-17
2025061705010192,HRL,39,57,81.0,905.0,73305.0,2025-06-17
2025061704032780,SHL,17,54,100.0,592.0,59200.0,2025-06-17
2025061705010191,HIDCL,22,13,480.0,297.0,142560.0,2025-06-17
2025061705010190,HIDCL,22,19,200.0,297.0,59400.0,2025-06-17
2025061705010189,HIDCL,22,57,200.0,297.0,59400.0,2025-06-17
2025061705010188,HIDCL,22,75,520.0,297.0,154440.0,2025-06-17
2025061705010187,NRIC,100,38,90.0,1235.1,111159.0,2025-06-17
2025061703009697,MLBL,100,19,516.0,386.0,199176.0,2025-06-17
2025061703009696,MLBL,100,16,100.0,385.0,38500.0,2025-06-17
2025061703009695,MLBL,100,53,250.0,384.9,96225.0,2025-06-17
2025061704032779,AKPL,18,38,100.0,276.0,27600.0,2025-06-17
2025061704032778,AKPL,19,38,50.0,276.0,13800.0,2025-06-17
2025061704032777,AKPL,49,38,500.0,276.0,138000.0,2025-06-17
2025061704032776,AKPL,38,38,1000.0,277.0,277000.0,2025-06-17
2025061704032775,AKPL,65,38,1490.0,277.0,412730.0,2025-06-17
2025061704032774,AKPL,49,38,277.0,277.0,76729.0,2025-06-17
2025061704032773,AKPL,45,38,50.0,277.0,13850.0,2025-06-17
2025061704032772,AKPL,38,38,100.0,277.0,27700.0,2025-06-17
2025061704032771,AKPL,62,38,90.0,277.0,24930.0,2025-06-17
2025061704032770,AKPL,58,38,30.0,277.0,8310.0,2025-06-17
2025061704032769,AKPL,14,38,20.0,277.0,5540.0,2025-06-17
2025061704032768,AKPL,34,38,500.0,277.0,138500.0,2025-06-17
2025061704032767,AKPL,57,38,500.0,277.0,138500.0,2025-06-17
2025061704032766,AKPL,1,38,300.0,277.0,83100.0,2025-06-17
2025061704032765,AKPL,45,38,500.0,277.0,138500.0,2025-06-17
2025061704032764,AKPL,11,38,70.0,277.0,19390.0,2025-06-17
2025061704032763,AKPL,6,38,500.0,277.0,138500.0,2025-06-17
2025061704032762,AKPL,49,38,10.0,277.0,2770.0,2025-06-17
2025061704032761,AKPL,33,38,1168.0,277.0,323536.0,2025-06-17
2025061704032760,AKPL,96,38,71.0,277.1,19674.1,2025-06-17
2025061704032759,AKPL,7,38,5000.0,277.1,1385500.0,2025-06-17
2025061704032758,AKPL,25,38,100.0,277.2,27720.0,2025-06-17
2025061704032757,AKPL,58,38,100.0,277.5,27750.0,2025-06-17
2025061704032756,AKPL,11,38,300.0,277.5,83250.0,2025-06-17
2025061704032755,AKPL,58,38,50.0,277.5,13875.0,2025-06-17
2025061704032754,AKPL,19,38,100.0,277.5,27750.0,2025-06-17
2025061704032753,AKPL,7,38,553.0,277.5,153457.5,2025-06-17
2025061704032752,AKPL,58,38,22.0,277.5,6105.0,2025-06-17
2025061703009694,SLBSL,19,37,20.0,1379.0,27580.0,2025-06-17
2025061704032751,KPCL,62,50,1954.0,546.0,1066884.0,2025-06-17
2025061704032750,KPCL,59,50,100.0,546.1,54610.0,2025-06-17
2025061704032749,KPCL,32,50,200.0,547.0,109400.0,2025-06-17
2025061704032748,KPCL,54,50,50.0,547.0,27350.0,2025-06-17
2025061704032747,KPCL,47,50,250.0,548.0,137000.0,2025-06-17
2025061704032746,KPCL,51,50,50.0,548.1,27405.0,2025-06-17
2025061704032745,KPCL,55,50,16.0,549.0,8784.0,2025-06-17
2025061701017113,USHL,61,49,10.0,619.9,6199.0,2025-06-17
2025061704032744,NGPL,32,29,49.0,410.1,20094.9,2025-06-17
2025061704032743,NGPL,32,58,301.0,410.0,123410.0,2025-06-17
2025061701017112,SARBTM,34,42,20.0,845.0,16900.0,2025-06-17
2025061701017111,SARBTM,34,77,10.0,845.0,8450.0,2025-06-17
2025061701017110,SARBTM,34,42,15.0,845.0,12675.0,2025-06-17
2025061704032742,SPDL,47,36,500.0,427.0,213500.0,2025-06-17
2025061701017109,IHL,26,4,10.0,520.0,5200.0,2025-06-17
2025061701017108,RFPL,26,38,50.0,600.0,30000.0,2025-06-17
2025061704032741,UPCL,32,35,120.0,454.0,54480.0,2025-06-17
2025061704032740,UPCL,81,35,20.0,454.0,9080.0,2025-06-17
2025061704032739,UPCL,59,35,110.0,454.1,49951.0,2025-06-17
2025061704032738,AHPC,48,58,184.0,298.3,54887.2,2025-06-17
2025061704032737,AHPC,19,58,66.0,298.4,19694.4,2025-06-17
2025061704032736,AHPC,34,58,150.0,298.5,44775.0,2025-06-17
2025061704032735,HURJA,42,48,4000.0,261.0,1044000.0,2025-06-17
2025061701017107,GBIMEP,4,58,200.0,120.0,24000.0,2025-06-17
2025061705010186,MEL,55,55,10.0,314.0,3140.0,2025-06-17
2025061704032734,PMHPL,51,91,1000.0,309.1,309100.0,2025-06-17
2025061701017106,CZBIL,87,56,120.0,205.7,24684.0,2025-06-17
2025061701017105,EBL,51,18,200.0,639.0,127800.0,2025-06-17
2025061701017104,EBL,25,18,100.0,639.0,63900.0,2025-06-17
2025061701017103,EBL,41,18,115.0,639.0,73485.0,2025-06-17
2025061703009693,SINDU,45,32,82.0,771.4,63254.8,2025-06-17
2025061703009692,SINDU,1,32,170.0,771.4,131138.0,2025-06-17
2025061703009691,SINDU,53,32,48.0,773.0,37104.0,2025-06-17
2025061705010185,SAHAS,41,6,40.0,551.9,22076.0,2025-06-17
2025061704032733,NGPL,6,58,199.0,410.0,81590.0,2025-06-17
2025061704032732,NGPL,6,34,28.0,410.0,11480.0,2025-06-17
2025061704032731,NGPL,6,38,1470.0,410.0,602700.0,2025-06-17
2025061704032730,NGPL,6,38,200.0,410.0,82000.0,2025-06-17
2025061704032729,NGPL,6,91,1000.0,410.0,410000.0,2025-06-17
2025061704032728,NGPL,6,75,50.0,410.0,20500.0,2025-06-17
2025061704032727,NGPL,6,57,300.0,410.0,123000.0,2025-06-17
2025061704032726,NGPL,6,49,489.0,410.0,200490.0,2025-06-17
2025061704032725,NGPL,6,38,264.0,409.0,107976.0,2025-06-17
2025061704032724,AHPC,34,45,200.0,298.5,59700.0,2025-06-17
2025061703009690,ALICL,56,5,20.0,498.0,9960.0,2025-06-17
2025061703009689,ALICL,35,5,50.0,498.0,24900.0,2025-06-17
2025061703009688,LBBL,34,35,10.0,438.0,4380.0,2025-06-17
2025061705010184,HRL,34,57,19.0,905.0,17195.0,2025-06-17
2025061705010183,HRL,34,51,31.0,904.9,28051.9,2025-06-17
2025061703009687,PMLI,38,79,12.0,496.8,5961.6,2025-06-17
2025061704032723,BPCL,95,65,30.0,832.2,24966.0,2025-06-17
2025061704032722,CHCL,44,51,900.0,573.0,515700.0,2025-06-17
2025061704032721,CHCL,29,51,100.0,573.1,57310.0,2025-06-17
2025061704032720,RADHI,56,95,250.0,827.3,206825.0,2025-06-17
2025061704032719,JOSHI,72,49,100.0,411.5,41150.0,2025-06-17
2025061704032718,JOSHI,72,58,400.0,411.0,164400.0,2025-06-17
2025061704032717,JOSHI,72,36,50.0,411.0,20550.0,2025-06-17
2025061704032716,JOSHI,72,41,100.0,410.9,41090.0,2025-06-17
2025061704032715,JOSHI,72,47,200.0,410.5,82100.0,2025-06-17
2025061704032714,HURJA,49,48,100.0,260.2,26020.0,2025-06-17
2025061705010182,GCIL,38,57,226.0,509.2,115079.2,2025-06-17
2025061705010181,GCIL,21,57,750.0,509.3,381975.0,2025-06-17
2025061705010180,GCIL,52,57,40.0,509.3,20372.0,2025-06-17
2025061705010179,GCIL,38,57,90.0,510.0,45900.0,2025-06-17
2025061701017102,KBL,57,34,133.0,205.2,27291.6,2025-06-17
2025061704032713,BARUN,21,7,10.0,365.0,3650.0,2025-06-17
2025061704032712,UPCL,50,4,200.0,457.0,91400.0,2025-06-17
2025061704032711,UPCL,50,47,200.0,457.0,91400.0,2025-06-17
2025061704032710,UPCL,50,58,400.0,457.0,182800.0,2025-06-17
2025061704032709,UPCL,50,42,950.0,457.0,434150.0,2025-06-17
2025061704032708,UPCL,50,49,500.0,456.8,228400.0,2025-06-17
2025061704032707,AHPC,19,32,100.0,298.4,29840.0,2025-06-17
2025061705010178,CIT,4,17,13.0,1892.1,24597.3,2025-06-17
2025061704032706,AKPL,58,6,598.0,277.5,165945.0,2025-06-17
2025061704032705,AKPL,40,6,10.0,277.7,2777.0,2025-06-17
2025061704032704,AKPL,8,6,100.0,278.0,27800.0,2025-06-17
2025061704032703,AKPL,50,6,222.0,278.0,61716.0,2025-06-17
2025061704032702,AKPL,6,6,70.0,278.0,19460.0,2025-06-17
2025061704032701,SPDL,25,36,733.0,427.0,312991.0,2025-06-17
2025061704032700,SPDL,25,3,267.0,427.0,114009.0,2025-06-17
2025061701017101,HIDCLP,49,25,500.0,217.0,108500.0,2025-06-17
2025061701017100,MHL,65,58,10.0,600.0,6000.0,2025-06-17
2025061701017099,MKHL,39,4,50.0,750.0,37500.0,2025-06-17
2025061701017098,NYADI,4,71,200.0,439.0,87800.0,2025-06-17
2025061701017097,GBIMEP,4,58,3950.0,120.0,474000.0,2025-06-17
2025061704032699,SSHL,49,32,10.0,229.7,2297.0,2025-06-17
2025061704032698,NHPC,49,42,89.0,218.0,19402.0,2025-06-17
2025061704032697,NHPC,42,42,25.0,218.0,5450.0,2025-06-17
2025061704032696,NHPC,25,42,500.0,218.0,109000.0,2025-06-17
2025061704032695,NHPC,17,42,30.0,218.0,6540.0,2025-06-17
2025061704032694,NHPC,39,42,100.0,218.0,21800.0,2025-06-17
2025061704032693,NHPC,58,42,900.0,218.1,196290.0,2025-06-17
2025061704032692,JOSHI,58,47,100.0,410.5,41050.0,2025-06-17
2025061705010177,VLUCL,42,58,10.0,615.0,6150.0,2025-06-17
2025061705010176,SMATA,51,59,30.0,791.5,23745.0,2025-06-17
2025061705010175,SMATA,45,59,80.0,791.8,63344.0,2025-06-17
2025061701017096,CREST,58,55,25.0,1443.2,36080.0,2025-06-17
2025061701017095,CREST,22,55,30.0,1445.0,43350.0,2025-06-17
2025061701017094,NMIC,34,45,10.0,1648.0,16480.0,2025-06-17
2025061704032691,NGPL,45,38,636.0,409.0,260124.0,2025-06-17
2025061704032690,NGPL,45,56,864.0,409.0,353376.0,2025-06-17
2025061703009686,LLBS,84,57,48.0,1082.0,51936.0,2025-06-17
2025061703009685,LLBS,48,57,195.0,1082.0,210990.0,2025-06-17
2025061703009684,LLBS,56,57,20.0,1083.0,21660.0,2025-06-17
2025061704032689,PPCL,57,57,20.0,328.4,6568.0,2025-06-17
2025061704032688,PPCL,34,57,195.0,328.6,64077.0,2025-06-17
2025061704032687,PPCL,34,57,135.0,328.6,44361.0,2025-06-17
2025061703009683,RLFL,69,38,116.0,477.0,55332.0,2025-06-17
2025061701017093,HIDCLP,49,32,2000.0,217.0,434000.0,2025-06-17
2025061704032686,UNHPL,41,32,180.0,411.0,73980.0,2025-06-17
2025061704032685,UNHPL,40,32,100.0,411.1,41110.0,2025-06-17
2025061701017092,RHGCL,60,62,10.0,345.0,3450.0,2025-06-17
2025061704032684,AKPL,6,6,1480.0,278.0,411440.0,2025-06-17
2025061704032683,AKPL,32,6,500.0,278.0,139000.0,2025-06-17
2025061704032682,AKPL,38,6,20.0,278.0,5560.0,2025-06-17
2025061701017091,USHEC,89,6,50.0,440.0,22000.0,2025-06-17
2025061703009682,NMLBBL,52,25,100.0,655.0,65500.0,2025-06-17
2025061703009681,NMLBBL,34,25,10.0,655.0,6550.0,2025-06-17
2025061703009680,NMLBBL,22,25,10.0,655.3,6553.0,2025-06-17
2025061703009679,NMLBBL,47,25,27.0,655.3,17693.1,2025-06-17
2025061701017090,KBL,13,49,140.0,205.0,28700.0,2025-06-17
2025061704032681,SHPC,49,45,415.0,649.0,269335.0,2025-06-17
2025061704032680,SHPC,49,5,85.0,649.0,55165.0,2025-06-17
2025061701017089,TVCL,4,3,20.0,482.0,9640.0,2025-06-17
2025061704032679,SPIL,1,58,270.0,802.2,216594.0,2025-06-17
2025061704032678,SPIL,38,58,93.0,802.3,74613.9,2025-06-17
2025061704032677,SPIL,34,58,25.0,802.3,20057.5,2025-06-17
2025061704032676,SPIL,41,58,10.0,803.0,8030.0,2025-06-17
2025061704032675,SPIL,86,58,100.0,803.2,80320.0,2025-06-17
2025061704032674,UNHPL,42,81,50.0,412.0,20600.0,2025-06-17
2025061703009678,SINDU,53,43,22.0,773.0,17006.0,2025-06-17
2025061703009677,SINDU,53,22,30.0,772.0,23160.0,2025-06-17
2025061704032673,AKPL,32,45,785.0,278.5,218622.5,2025-06-17
2025061701017088,TVCL,86,52,125.0,489.6,61200.0,2025-06-17
2025061701017087,TVCL,86,48,20.0,489.6,9792.0,2025-06-17
2025061701017086,TVCL,86,18,42.0,489.6,20563.2,2025-06-17
2025061701017085,TVCL,86,58,20.0,489.0,9780.0,2025-06-17
2025061701017084,TVCL,86,14,10.0,488.5,4885.0,2025-06-17
2025061701017083,TVCL,86,42,20.0,488.5,9770.0,2025-06-17
2025061701017082,TVCL,86,56,50.0,487.6,24380.0,2025-06-17
2025061701017081,TVCL,86,63,109.0,487.6,53148.4,2025-06-17
2025061701017080,TVCL,86,3,104.0,487.5,50700.0,2025-06-17
2025061705010174,SAHAS,19,58,166.0,552.4,91698.4,2025-06-17
2025061705010173,SAHAS,19,48,26.0,552.0,14352.0,2025-06-17
2025061705010172,SAHAS,19,35,10.0,552.0,5520.0,2025-06-17
2025061703009676,GILB,42,56,10.0,1245.0,12450.0,2025-06-17
2025061703009675,SINDU,21,22,30.0,772.0,23160.0,2025-06-17
2025061703009674,SINDU,21,45,270.0,772.0,208440.0,2025-06-17
2025061704032672,CGH,11,46,50.0,1024.0,51200.0,2025-06-17
2025061701017079,PPL,32,11,50.0,395.0,19750.0,2025-06-17
2025061701017078,PPL,40,11,10.0,395.0,3950.0,2025-06-17
2025061703009673,ACLBSL,42,32,13.0,1057.5,13747.5,2025-06-17
2025061703009672,SMB,41,32,10.0,2121.0,21210.0,2025-06-17
2025061704032671,UMHL,16,62,185.0,539.0,99715.0,2025-06-17
2025061703009671,CFCL,58,38,30.0,511.0,15330.0,2025-06-17
2025061703009670,CFCL,58,29,255.0,511.0,130305.0,2025-06-17
2025061701017077,NABIL,26,35,39.0,489.0,19071.0,2025-06-17
2025061701017076,NABIL,52,35,111.0,489.0,54279.0,2025-06-17
2025061703009669,FOWAD,42,35,12.0,1112.0,13344.0,2025-06-17
2025061705010171,HRL,58,58,10.0,904.5,9045.0,2025-06-17
2025061704032670,PRIN,53,58,155.0,843.0,130665.0,2025-06-17
2025061704032669,SHEL,28,41,373.0,297.0,110781.0,2025-06-17
2025061704032668,SHEL,28,34,100.0,297.0,29700.0,2025-06-17
2025061704032667,SHEL,28,33,100.0,297.0,29700.0,2025-06-17
2025061704032666,SHEL,28,13,50.0,297.0,14850.0,2025-06-17
2025061704032665,SHEL,28,35,500.0,297.0,148500.0,2025-06-17
2025061704032664,SHEL,28,56,400.0,296.9,118760.0,2025-06-17
2025061704032663,SHEL,28,26,342.0,296.9,101539.8,2025-06-17
2025061704032662,SHEL,28,52,785.0,296.9,233066.5,2025-06-17
2025061704032661,SHEL,28,13,50.0,296.8,14840.0,2025-06-17
2025061704032660,SGIC,55,1,10.0,553.0,5530.0,2025-06-17
2025061701017075,NABIL,52,22,50.0,489.0,24450.0,2025-06-17
2025061701017074,EBL,41,38,50.0,639.0,31950.0,2025-06-17
2025061703009668,ICFC,5,85,50.0,621.9,31095.0,2025-06-17
2025061704032659,CGH,47,46,205.0,1024.0,209920.0,2025-06-17
2025061704032658,CGH,47,37,10.0,1023.9,10239.0,2025-06-17
2025061704032657,CGH,47,43,25.0,1023.6,25590.0,2025-06-17
2025061704032656,CGH,47,39,10.0,1020.0,10200.0,2025-06-17
2025061704032655,CGH,47,58,350.0,1020.0,357000.0,2025-06-17
2025061701017073,MEHL,25,45,10.0,424.0,4240.0,2025-06-17
2025061705010170,SAHAS,16,25,275.0,551.3,151607.5,2025-06-17
2025061705010169,SAHAS,38,25,70.0,551.9,38633.0,2025-06-17
2025061701017072,SRLI,42,41,50.0,400.8,20040.0,2025-06-17
2025061704032654,UMHL,42,91,49.0,539.8,26450.2,2025-06-17
2025061704032653,UMHL,42,61,100.0,539.8,53980.0,2025-06-17
2025061704032652,UMHL,42,35,50.0,539.7,26985.0,2025-06-17
2025061704032651,UMHL,42,3,301.0,539.7,162449.7,2025-06-17
2025061705010168,BBC,14,76,10.0,5560.0,55600.0,2025-06-17
2025061701017071,BHDC,39,42,90.0,498.0,44820.0,2025-06-17
2025061701017070,RHGCL,28,47,100.0,345.5,34550.0,2025-06-17
2025061704032650,BPCL,77,48,10.0,832.0,8320.0,2025-06-17
2025061703009667,SIFC,36,32,50.0,545.0,27250.0,2025-06-17
2025061704032649,CHCL,71,71,65.0,574.0,37310.0,2025-06-17
2025061704032648,SHEL,49,50,300.0,296.5,88950.0,2025-06-17
2025061704032647,JOSHI,40,57,20.0,410.2,8204.0,2025-06-17
2025061701017069,HIDCLP,49,57,28.0,217.0,6076.0,2025-06-17
2025061701017068,OMPL,56,17,10.0,1440.0,14400.0,2025-06-17
2025061704032646,NGPL,58,56,200.0,409.0,81800.0,2025-06-17
2025061704032645,NGPL,6,56,350.0,409.0,143150.0,2025-06-17
2025061704032644,NGPL,42,56,24.0,409.0,9816.0,2025-06-17
2025061704032643,NGPL,55,56,1000.0,409.0,409000.0,2025-06-17
2025061704032642,NGPL,56,56,1000.0,409.0,409000.0,2025-06-17
2025061704032641,NGPL,58,56,562.0,409.0,229858.0,2025-06-17
2025061701017067,UNLB,38,38,10.0,2057.9,20579.0,2025-06-17
2025061704032640,SICL,55,11,60.0,738.0,44280.0,2025-06-17
2025061703009666,NMBMF,41,11,20.0,701.5,14030.0,2025-06-17
2025061704032639,UMHL,5,14,60.0,538.1,32286.0,2025-06-17
2025061704032638,UMHL,39,14,40.0,539.0,21560.0,2025-06-17
2025061703009665,LICN,19,49,230.0,893.2,205436.0,2025-06-17
2025061703009664,LICN,16,49,500.0,893.3,446650.0,2025-06-17
2025061703009663,LICN,4,49,10.0,894.0,8940.0,2025-06-17
2025061703009662,LICN,69,49,1729.0,894.0,1545726.0,2025-06-17
2025061703009661,LICN,45,49,63.0,895.0,56385.0,2025-06-17
2025061704032637,SHEL,49,41,470.0,296.5,139355.0,2025-06-17
2025061704032636,SHPC,42,5,15.0,649.0,9735.0,2025-06-17
2025061704032635,SHPC,42,77,290.0,649.0,188210.0,2025-06-17
2025061701017066,SGHC,13,42,11.0,416.1,4577.1,2025-06-17
2025061704032634,BPCL,77,48,50.0,832.0,41600.0,2025-06-17
2025061703009660,ILBS,21,19,35.0,850.0,29750.0,2025-06-17
2025061703009659,NLIC,57,38,59.0,748.4,44155.6,2025-06-17
2025061703009658,NLIC,13,38,11.0,748.4,8232.4,2025-06-17
2025061703009657,NLIC,7,38,200.0,748.5,149700.0,2025-06-17
2025061703009656,NLIC,55,38,20.0,748.5,14970.0,2025-06-17
2025061703009655,NLIC,39,38,85.0,748.5,63622.5,2025-06-17
2025061704032633,BPCL,77,38,500.0,832.0,416000.0,2025-06-17
2025061704032632,NHPC,32,45,160.0,218.7,34992.0,2025-06-17
2025061703009654,GFCL,41,48,10.0,626.0,6260.0,2025-06-17
2025061704032631,BARUN,49,74,30.0,363.1,10893.0,2025-06-17
2025061704032630,BARUN,5,74,20.0,364.0,7280.0,2025-06-17
2025061704032629,BARUN,52,74,150.0,365.0,54750.0,2025-06-17
2025061701017065,OMPL,63,29,10.0,1438.1,14381.0,2025-06-17
2025061704032628,SGIC,34,1,20.0,553.0,11060.0,2025-06-17
2025061701017064,GMLI,55,35,10.0,2150.0,21500.0,2025-06-17
2025061701017063,HHL,58,49,10.0,409.0,4090.0,2025-06-17
2025061705010167,NRIC,100,95,100.0,1235.1,123510.0,2025-06-17
2025061705010166,NRIC,62,95,117.0,1235.1,144506.7,2025-06-17
2025061705010165,NRIC,58,95,100.0,1235.2,123520.0,2025-06-17
2025061705010164,NRIC,19,95,600.0,1235.5,741300.0,2025-06-17
2025061704032627,UNHPL,58,81,619.0,412.0,255028.0,2025-06-17
2025061704032626,UNHPL,58,34,90.0,412.0,37080.0,2025-06-17
2025061701017062,ULBSL,38,77,59.0,3265.0,192635.0,2025-06-17
2025061704032625,NGPL,58,33,338.0,409.0,138242.0,2025-06-17
2025061704032624,NGPL,40,33,362.0,409.9,148383.8,2025-06-17
2025061701017061,NYADI,26,71,90.0,439.0,39510.0,2025-06-17
2025061701017060,GVL,42,18,20.0,460.1,9202.0,2025-06-17
2025061701017059,GVL,39,18,300.0,460.1,138030.0,2025-06-17
2025061701017058,GVL,58,18,10.0,460.2,4602.0,2025-06-17
2025061704032623,AHPC,32,17,10.0,298.6,2986.0,2025-06-17
2025061701017057,PRVU,52,50,6.0,205.0,1230.0,2025-06-17
2025061705010163,HIDCL,65,54,480.0,296.9,142512.0,2025-06-17
2025061703009653,SKBBL,40,29,146.0,790.0,115340.0,2025-06-17
2025061705010162,CIT,52,49,20.0,1892.1,37842.0,2025-06-17
2025061701017056,BHL,49,37,77.0,211.1,16254.7,2025-06-17
2025061701017055,BHL,33,37,200.0,211.1,42220.0,2025-06-17
2025061701017054,BHL,16,37,1000.0,211.1,211100.0,2025-06-17
2025061701017053,BHL,34,37,200.0,211.2,42240.0,2025-06-17
2025061701017052,BHL,34,37,243.0,211.2,51321.6,2025-06-17
2025061704032622,HPPL,54,39,230.0,566.3,130249.0,2025-06-17
2025061704032621,HPPL,57,39,300.0,567.0,170100.0,2025-06-17
2025061704032620,UPPER,39,45,50.0,198.0,9900.0,2025-06-17
2025061704032619,MEN,91,48,390.0,617.0,240630.0,2025-06-17
2025061704032618,MEN,91,47,110.0,617.0,67870.0,2025-06-17
2025061701017051,HHL,58,45,20.0,409.0,8180.0,2025-06-17
2025061704032617,SPDL,26,36,500.0,426.3,213150.0,2025-06-17
2025061703009652,MLBSL,34,57,35.0,2160.1,75603.5,2025-06-17
2025061703009651,MLBSL,7,57,30.0,2160.1,64803.0,2025-06-17
2025061701017050,MKHL,39,32,500.0,750.0,375000.0,2025-06-17
2025061704032616,SPDL,62,3,150.0,427.0,64050.0,2025-06-17
2025061701017049,NABIL,52,52,105.0,489.0,51345.0,2025-06-17
2025061701017048,NABIL,52,34,234.0,489.0,114426.0,2025-06-17
2025061704032615,UMRH,50,17,100.0,591.2,59120.0,2025-06-17
2025061704032614,CHCL,52,19,60.0,574.2,34452.0,2025-06-17
2025061704032613,CHCL,52,1,40.0,574.0,22960.0,2025-06-17
2025061705010161,MBJC,38,43,10.0,327.0,3270.0,2025-06-17
2025061701017047,BHL,34,43,257.0,211.2,54278.4,2025-06-17
2025061701017046,BHL,52,43,1000.0,211.3,211300.0,2025-06-17
2025061701017045,BHL,49,43,20.0,211.3,4226.0,2025-06-17
2025061701017044,BHL,57,43,100.0,211.3,21130.0,2025-06-17
2025061701017043,BHL,34,43,200.0,211.4,42280.0,2025-06-17
2025061701017042,BHL,11,43,500.0,211.4,105700.0,2025-06-17
2025061701017041,BHL,65,43,370.0,211.4,78218.0,2025-06-17
2025061701017040,BHL,1,43,100.0,211.5,21150.0,2025-06-17
2025061701017039,BHL,55,43,500.0,211.5,105750.0,2025-06-17
2025061701017038,BHL,11,43,400.0,211.5,84600.0,2025-06-17
2025061701017037,BHL,40,43,553.0,211.5,116959.5,2025-06-17
2025061703009650,SINDU,1,34,40.0,771.4,30856.0,2025-06-17
2025061704032612,UMHL,34,3,200.0,539.7,107940.0,2025-06-17
2025061705010160,MEL,65,6,10.0,313.2,3132.0,2025-06-17
2025061704032611,NGPL,40,57,50.0,409.9,20495.0,2025-06-17
2025061704032610,NGPL,40,99,88.0,409.9,36071.2,2025-06-17
2025061704032609,GHL,55,68,195.0,253.6,49452.0,2025-06-17
2025061704032608,GHL,55,68,10.0,253.7,2537.0,2025-06-17
2025061704032607,GHL,51,68,200.0,253.8,50760.0,2025-06-17
2025061704032606,GHL,55,68,110.0,253.8,27918.0,2025-06-17
2025061704032605,GHL,64,68,50.0,253.9,12695.0,2025-06-17
2025061704032604,GHL,57,68,100.0,254.0,25400.0,2025-06-17
2025061704032603,GHL,43,68,455.0,254.0,115570.0,2025-06-17
2025061701017036,SPL,49,22,10.0,796.0,7960.0,2025-06-17
2025061703009649,ALBSL,47,42,10.0,806.2,8062.0,2025-06-17
2025061703009648,SKBBL,42,29,400.0,790.0,316000.0,2025-06-17
2025061701017035,CREST,42,45,10.0,1447.0,14470.0,2025-06-17
2025061704032602,CHCL,49,1,10.0,574.0,5740.0,2025-06-17
2025061705010159,HIDCL,32,28,315.0,296.3,93334.5,2025-06-17
2025061701017034,JBLB,55,57,90.0,1291.0,116190.0,2025-06-17
2025061704032601,HURJA,19,48,1000.0,260.5,260500.0,2025-06-17
2025061701017033,SRLI,49,84,70.0,400.0,28000.0,2025-06-17
2025061701017032,SRLI,35,84,500.0,400.0,200000.0,2025-06-17
2025061701017031,SRLI,34,84,196.0,400.0,78400.0,2025-06-17
2025061701017030,SRLI,49,84,11.0,400.0,4400.0,2025-06-17
2025061701017029,SRLI,10,84,50.0,400.0,20000.0,2025-06-17
2025061701017028,SRLI,34,84,17.0,400.0,6800.0,2025-06-17
2025061701017027,SRLI,21,84,100.0,400.0,40000.0,2025-06-17
2025061701017026,SRLI,58,84,15.0,400.0,6000.0,2025-06-17
2025061701017025,SRLI,57,84,10.0,400.0,4000.0,2025-06-17
2025061701017024,SRLI,41,84,10.0,400.0,4000.0,2025-06-17
2025061701017023,SRLI,50,84,500.0,400.0,200000.0,2025-06-17
2025061701017022,SRLI,69,84,100.0,400.0,40000.0,2025-06-17
2025061701017021,SRLI,56,84,39.0,400.0,15600.0,2025-06-17
2025061701017020,SRLI,53,84,1000.0,400.1,400100.0,2025-06-17
2025061701017019,SRLI,5,84,130.0,400.1,52013.0,2025-06-17
2025061701017018,SRLI,45,84,200.0,400.2,80040.0,2025-06-17
2025061701017017,SRLI,10,84,11.0,400.4,4404.4,2025-06-17
2025061701017016,SRLI,63,84,100.0,400.4,40040.0,2025-06-17
2025061701017015,SRLI,57,84,200.0,400.5,80100.0,2025-06-17
2025061701017014,SRLI,58,84,91.0,400.5,36445.5,2025-06-17
2025061701017013,SRLI,13,84,90.0,400.6,36054.0,2025-06-17
2025061701017012,SRLI,49,84,100.0,400.6,40060.0,2025-06-17
2025061701017011,SRLI,63,84,88.0,400.7,35261.6,2025-06-17
2025061701017010,EBL,57,11,10.0,639.7,6397.0,2025-06-17
2025061705010158,MEL,38,6,200.0,313.2,62640.0,2025-06-17
2025061703009647,MLBL,32,53,100.0,384.9,38490.0,2025-06-17
2025061704032600,SHEL,44,41,10.0,296.5,2965.0,2025-06-17
2025061705010157,NRIC,34,38,100.0,1240.0,124000.0,2025-06-17
2025061701017009,SARBTM,29,42,10.0,845.0,8450.0,2025-06-17
2025061705010156,CLI,40,41,100.0,470.0,47000.0,2025-06-17
2025061704032599,UPPER,49,45,180.0,198.0,35640.0,2025-06-17
2025061704032598,SPDL,49,3,173.0,427.0,73871.0,2025-06-17
2025061704032597,SPDL,49,54,250.0,427.0,106750.0,2025-06-17
2025061704032596,SPDL,49,32,77.0,427.0,32879.0,2025-06-17
2025061705010155,HRL,58,35,10.0,904.5,9045.0,2025-06-17
2025061703009646,CBBL,39,58,17.0,903.8,15364.6,2025-06-17
2025061704032595,RURU,39,66,50.0,718.0,35900.0,2025-06-17
2025061704032594,AHPC,48,17,120.0,298.6,35832.0,2025-06-17
2025061703009645,LBBL,8,70,480.0,435.4,208992.0,2025-06-17
2025061703009644,LBBL,57,70,1000.0,435.5,435500.0,2025-06-17
2025061703009643,MPFL,42,16,50.0,596.5,29825.0,2025-06-17
2025061705010154,MEL,45,57,48.0,313.0,15024.0,2025-06-17
2025061705010153,MEL,45,57,90.0,313.0,28170.0,2025-06-17
2025061705010152,MEL,55,57,50.0,313.1,15655.0,2025-06-17
2025061705010151,MEL,42,57,12.0,313.1,3757.2,2025-06-17
2025061705010150,NIFRA,19,41,55.0,280.6,15433.0,2025-06-17
2025061705010149,NIFRA,17,41,200.0,280.6,56120.0,2025-06-17
2025061705010148,NIFRA,52,41,85.0,280.6,23851.0,2025-06-17
2025061705010147,NIFRA,44,41,160.0,281.0,44960.0,2025-06-17
2025061705010146,HDL,17,14,50.0,1193.0,59650.0,2025-06-17
2025061704032593,GHL,43,20,45.0,254.0,11430.0,2025-06-17
2025061704032592,GHL,58,20,395.0,254.0,100330.0,2025-06-17
2025061704032591,GHL,53,20,50.0,254.0,12700.0,2025-06-17
2025061704032590,GHL,57,20,200.0,254.0,50800.0,2025-06-17
2025061704032589,GHL,39,20,148.0,254.0,37592.0,2025-06-17
2025061705010145,SAHAS,38,47,10.0,551.9,5519.0,2025-06-17
2025061704032588,HPPL,57,26,100.0,567.0,56700.0,2025-06-17
2025061704032587,DHPL,17,40,240.0,321.0,77040.0,2025-06-17
2025061701017008,SRLI,63,3,12.0,400.7,4808.4,2025-06-17
2025061701017007,NMIC,50,35,37.0,1646.7,60927.9,2025-06-17
2025061701017006,NMIC,34,35,20.0,1646.7,32934.0,2025-06-17
2025061701017005,NMIC,58,35,10.0,1647.0,16470.0,2025-06-17
2025061701017004,NMIC,35,35,52.0,1647.0,85644.0,2025-06-17
2025061701017003,NMIC,51,35,20.0,1647.1,32942.0,2025-06-17
2025061701017002,NMIC,55,35,40.0,1647.1,65884.0,2025-06-17
2025061701017001,NMIC,8,35,50.0,1649.5,82475.0,2025-06-17
2025061704032586,BPCL,77,76,10.0,832.0,8320.0,2025-06-17
2025061701017000,RFPL,58,45,25.0,600.0,15000.0,2025-06-17
2025061701016999,ADBLD83,57,46,10.0,1077.0,10770.0,2025-06-17
2025061705010144,HDL,45,14,10.0,1193.0,11930.0,2025-06-17
2025061701016998,HIDCLP,49,58,200.0,217.0,43400.0,2025-06-17
2025061705010143,PHCL,58,87,100.0,519.0,51900.0,2025-06-17
2025061701016997,MSHL,58,16,70.0,878.1,61467.0,2025-06-17
2025061701016996,MSHL,70,16,30.0,878.2,26346.0,2025-06-17
2025061704032585,SPDL,26,57,150.0,426.3,63945.0,2025-06-17
2025061704032584,HDHPC,49,38,100.0,201.0,20100.0,2025-06-17
2025061705010142,HDL,36,14,10.0,1193.0,11930.0,2025-06-17
2025061705010141,NIFRA,44,49,40.0,281.0,11240.0,2025-06-17
2025061704032583,AKJCL,63,22,534.0,209.2,111712.8,2025-06-17
2025061704032582,AKJCL,35,22,19.0,209.2,3974.8,2025-06-17
2025061704032581,AKJCL,80,22,20.0,209.3,4186.0,2025-06-17
2025061704032580,AKJCL,58,22,500.0,209.3,104650.0,2025-06-17
2025061704032579,AKJCL,42,22,367.0,209.3,76813.1,2025-06-17
2025061701016995,BNHC,34,43,20.0,519.9,10398.0,2025-06-17
2025061701016994,BNHC,34,52,10.0,519.0,5190.0,2025-06-17
2025061701016993,BNHC,34,4,10.0,519.0,5190.0,2025-06-17
2025061701016992,BNHC,34,58,147.0,519.0,76293.0,2025-06-17
2025061701016991,BNHC,34,49,100.0,518.5,51850.0,2025-06-17
2025061701016990,BNHC,34,58,10.0,518.1,5181.0,2025-06-17
2025061701016989,BNHC,34,45,90.0,518.1,46629.0,2025-06-17
2025061701016988,GBIME,35,14,351.0,233.0,81783.0,2025-06-17
2025061701016987,GBIME,92,14,500.0,233.0,116500.0,2025-06-17
2025061701016986,GBIME,51,14,20.0,233.0,4660.0,2025-06-17
2025061701016985,GBIME,57,14,500.0,233.0,116500.0,2025-06-17
2025061701016984,GBIME,57,14,200.0,233.0,46600.0,2025-06-17
2025061701016983,GBIME,32,14,75.0,233.0,17475.0,2025-06-17
2025061701016982,GBIME,33,14,1000.0,233.1,233100.0,2025-06-17
2025061701016981,GBIME,56,14,45.0,233.2,10494.0,2025-06-17
2025061701016980,GBIME,52,14,2000.0,233.3,466600.0,2025-06-17
2025061701016979,GBIME,41,14,10.0,233.5,2335.0,2025-06-17
2025061701016978,GBIME,42,14,200.0,233.5,46700.0,2025-06-17
2025061701016977,GBIME,58,14,99.0,233.5,23116.5,2025-06-17
2025061704032578,AHPC,48,72,2000.0,298.3,596600.0,2025-06-17
2025061704032577,SHPC,49,77,15.0,649.0,9735.0,2025-06-17
2025061704032576,GHL,39,91,187.0,254.0,47498.0,2025-06-17
2025061704032575,GHL,41,91,10.0,254.0,2540.0,2025-06-17
2025061704032574,GHL,8,91,200.0,254.0,50800.0,2025-06-17
2025061704032573,GHL,42,91,803.0,254.0,203962.0,2025-06-17
2025061701016976,SPC,8,58,10.0,507.0,5070.0,2025-06-17
2025061704032572,AKJCL,42,45,283.0,209.3,59231.9,2025-06-17
2025061704032571,AKJCL,45,45,717.0,209.3,150068.1,2025-06-17
2025061705010140,MEL,42,58,55.0,313.1,17220.5,2025-06-17
2025061705010139,MEL,39,58,335.0,313.2,104922.0,2025-06-17
2025061705010138,MEL,55,58,10.0,313.9,3139.0,2025-06-17
2025061701016975,NYADI,26,57,10.0,439.0,4390.0,2025-06-17
2025061701016974,GMLI,45,38,31.0,2150.1,66653.1,2025-06-17
2025061701016973,GMLI,21,38,10.0,2151.0,21510.0,2025-06-17
2025061701016972,GBIMEP,4,58,150.0,120.0,18000.0,2025-06-17
2025061701016971,GBIMEP,4,58,4000.0,120.0,480000.0,2025-06-17
2025061703009642,GFCL,58,48,74.0,626.0,46324.0,2025-06-17
2025061705010137,NRIC,34,38,10.0,1240.0,12400.0,2025-06-17
2025061703009641,SKBBL,17,29,100.0,790.0,79000.0,2025-06-17
2025061703009640,SKBBL,38,29,50.0,790.0,39500.0,2025-06-17
2025061703009639,SKBBL,48,29,42.0,790.2,33188.4,2025-06-17
2025061704032570,SHEL,58,41,13.0,296.5,3854.5,2025-06-17
2025061704032569,SHEL,13,41,50.0,296.5,14825.0,2025-06-17
2025061701016970,BHL,40,42,70.0,211.5,14805.0,2025-06-17
2025061701016969,BHL,49,42,30.0,211.6,6348.0,2025-06-17
2025061704032568,UPCL,50,42,300.0,456.0,136800.0,2025-06-17
2025061701016968,RHGCL,49,47,10.0,345.5,3455.0,2025-06-17
2025061703009638,SIFC,49,29,200.0,545.0,109000.0,2025-06-17
2025061704032567,BPCL,16,98,47.0,834.0,39198.0,2025-06-17
2025061704032566,BPCL,16,45,10.0,833.0,8330.0,2025-06-17
2025061704032565,CHCL,38,65,200.0,574.9,114980.0,2025-06-17
2025061701016967,DOLTI,22,48,30.0,560.0,16800.0,2025-06-17
2025061703009637,LBBL,34,35,10.0,438.0,4380.0,2025-06-17
2025061704032564,CHCL,44,65,139.0,574.9,79911.1,2025-06-17
2025061704032563,CHCL,44,8,250.0,574.9,143725.0,2025-06-17
2025061704032562,CHCL,44,88,3000.0,574.9,1724700.0,2025-06-17
2025061704032561,CHCL,44,36,40.0,574.7,22988.0,2025-06-17
2025061704032560,CHCL,44,16,100.0,574.7,57470.0,2025-06-17
2025061704032559,CHCL,44,65,1246.0,574.7,716076.2,2025-06-17
2025061704032558,CHCL,44,33,225.0,574.0,129150.0,2025-06-17
2025061701016966,NIMBPO,100,64,600.0,159.0,95400.0,2025-06-17
2025061701016965,OMPL,14,17,30.0,1440.0,43200.0,2025-06-17
2025061701016964,OMPL,14,41,20.0,1439.0,28780.0,2025-06-17
2025061704032557,RADHI,82,43,40.0,827.2,33088.0,2025-06-17
2025061703009636,SIFC,42,29,50.0,545.0,27250.0,2025-06-17
2025061705010136,MEL,55,58,90.0,313.3,28197.0,2025-06-17
2025061704032556,RHPL,7,58,60.0,416.8,25008.0,2025-06-17
2025061704032555,RHPL,7,58,271.0,416.0,112736.0,2025-06-17
2025061704032554,RHPL,7,34,80.0,416.0,33280.0,2025-06-17
2025061704032553,RHPL,7,49,400.0,416.0,166400.0,2025-06-17
2025061704032552,RHPL,7,51,70.0,415.9,29113.0,2025-06-17
2025061704032551,RHPL,7,58,70.0,415.9,29113.0,2025-06-17
2025061704032550,RHPL,7,34,15.0,415.0,6225.0,2025-06-17
2025061704032549,RHPL,7,58,34.0,414.0,14076.0,2025-06-17
2025061705010135,SHIVM,48,39,600.0,515.0,309000.0,2025-06-17
2025061704032548,BPCL,77,48,30.0,832.0,24960.0,2025-06-17
2025061704032547,UPCL,50,45,100.0,456.0,45600.0,2025-06-17
2025061704032546,UPCL,50,41,200.0,456.0,91200.0,2025-06-17
2025061704032545,UPCL,50,25,249.0,455.0,113295.0,2025-06-17
2025061705010134,NRN,81,45,10.0,1981.2,19812.0,2025-06-17
2025061705010133,NRN,38,45,190.0,1981.5,376485.0,2025-06-17
2025061703009635,RLFL,69,45,250.0,477.0,119250.0,2025-06-17
2025061704032544,SSHL,50,38,263.0,229.0,60227.0,2025-06-17
2025061704032543,SSHL,29,38,650.0,229.0,148850.0,2025-06-17
2025061704032542,SSHL,49,38,87.0,229.3,19949.1,2025-06-17
2025061701016963,SMHL,56,65,390.0,1020.0,397800.0,2025-06-17
2025061701016962,SMHL,58,65,10.0,1021.0,10210.0,2025-06-17
2025061701016961,BNHC,34,45,10.0,518.1,5181.0,2025-06-17
2025061704032541,UNHPL,59,52,352.0,412.6,145235.2,2025-06-17
2025061704032540,UNHPL,59,8,100.0,412.5,41250.0,2025-06-17
2025061704032539,UNHPL,59,25,100.0,412.5,41250.0,2025-06-17
2025061704032538,UNHPL,59,21,500.0,412.5,206250.0,2025-06-17
2025061704032537,UNHPL,59,13,367.0,412.5,151387.5,2025-06-17
2025061704032536,UNHPL,59,57,31.0,412.0,12772.0,2025-06-17
2025061704032535,UNHPL,59,38,500.0,412.0,206000.0,2025-06-17
2025061704032534,UNHPL,59,42,50.0,412.0,20600.0,2025-06-17
2025061701016960,TVCL,86,3,10.0,487.5,4875.0,2025-06-17
2025061701016959,TVCL,86,38,40.0,487.0,19480.0,2025-06-17
2025061704032533,NICL,41,55,50.0,617.6,30880.0,2025-06-17
2025061704032532,BPCL,77,100,1417.0,832.0,1178944.0,2025-06-17
2025061704032531,BPCL,65,100,10.0,832.1,8321.0,2025-06-17
2025061704032530,BPCL,58,100,130.0,833.0,108290.0,2025-06-17
2025061704032529,BPCL,38,100,17.0,833.0,14161.0,2025-06-17
2025061704032528,SALICO,34,18,50.0,672.0,33600.0,2025-06-17
2025061704032527,BPCL,38,16,108.0,833.0,89964.0,2025-06-17
2025061704032526,BPCL,1,16,10.0,833.0,8330.0,2025-06-17
2025061705010132,HRL,42,32,114.0,903.0,102942.0,2025-06-17
2025061705010131,HRL,91,32,50.0,903.1,45155.0,2025-06-17
2025061703009634,SMB,41,56,22.0,2121.0,46662.0,2025-06-17
2025061704032525,SHPC,44,77,10.0,649.0,6490.0,2025-06-17
2025061704032524,SHPC,38,77,400.0,649.0,259600.0,2025-06-17
2025061704032523,SHPC,38,7,100.0,648.8,64880.0,2025-06-17
2025061705010130,SAHAS,38,34,10.0,551.9,5519.0,2025-06-17
2025061704032522,AHPC,48,44,1300.0,298.3,387790.0,2025-06-17
2025061704032521,AHPC,42,44,200.0,298.4,59680.0,2025-06-17
2025061704032520,NGPL,58,42,100.0,409.0,40900.0,2025-06-17
2025061704032519,NGPL,38,42,400.0,409.0,163600.0,2025-06-17
2025061705010129,NRIC,42,42,50.0,1235.6,61780.0,2025-06-17
2025061704032518,MEN,91,47,90.0,617.0,55530.0,2025-06-17
2025061704032517,MEN,91,57,200.0,616.0,123200.0,2025-06-17
2025061704032516,MEN,91,34,218.0,615.1,134091.8,2025-06-17
2025061703009633,SINDU,59,22,11.0,772.0,8492.0,2025-06-17
2025061704032515,UPCL,85,25,251.0,455.0,114205.0,2025-06-17
2025061704032514,UPCL,85,45,100.0,455.0,45500.0,2025-06-17
2025061704032513,UPCL,85,32,49.0,455.0,22295.0,2025-06-17
2025061701016958,SBI,43,28,250.0,387.0,96750.0,2025-06-17
2025061704032512,SHEL,49,52,40.0,296.9,11876.0,2025-06-17
2025061704032511,SHEL,49,48,150.0,296.8,44520.0,2025-06-17
2025061704032510,SHEL,49,39,310.0,296.8,92008.0,2025-06-17
2025061701016957,OMPL,58,33,40.0,1438.0,57520.0,2025-06-17
2025061701016956,OMPL,11,33,10.0,1438.0,14380.0,2025-06-17
2025061705010128,PHCL,45,87,20.0,519.0,10380.0,2025-06-17
2025061704032509,LEC,45,8,500.0,219.5,109750.0,2025-06-17
2025061705010127,SAHAS,38,48,10.0,551.5,5515.0,2025-06-17
2025061705010126,CHDC,6,88,50.0,2570.0,128500.0,2025-06-17
2025061705010125,CHDC,6,44,12.0,2570.0,30840.0,2025-06-17
2025061705010124,CHDC,6,38,59.0,2570.0,151630.0,2025-06-17
2025061705010123,CHDC,6,1,500.0,2569.9,1284950.0,2025-06-17
2025061705010122,CHDC,6,36,184.0,2569.9,472861.6,2025-06-17
2025061705010121,CHDC,6,45,195.0,2562.0,499590.0,2025-06-17
2025061701016955,MHL,57,65,40.0,588.7,23548.0,2025-06-17
2025061701016954,MHL,38,65,20.0,590.0,11800.0,2025-06-17
2025061704032508,AKPL,32,26,285.0,278.5,79372.5,2025-06-17
2025061704032507,AKPL,36,26,448.0,278.5,124768.0,2025-06-17
2025061703009632,SINDU,29,22,30.0,772.0,23160.0,2025-06-17
2025061703009631,WNLB,45,34,13.0,2067.0,26871.0,2025-06-17
2025061703009630,GBBL,34,49,44.0,392.0,17248.0,2025-06-17
2025061705010120,SONA,45,3,10.0,455.0,4550.0,2025-06-17
2025061704032506,BPCL,38,35,10.0,833.0,8330.0,2025-06-17
2025061705010119,HDL,51,14,100.0,1193.0,119300.0,2025-06-17
2025061704032505,CHCL,5,33,150.0,574.0,86100.0,2025-06-17
2025061704032504,CHCL,34,33,25.0,574.0,14350.0,2025-06-17
2025061705010118,HIDCL,32,48,2171.0,296.3,643267.3,2025-06-17
2025061701016953,PCBL,16,50,197.0,238.0,46886.0,2025-06-17
2025061701016952,PCBL,44,50,100.0,238.0,23800.0,2025-06-17
2025061701016951,PCBL,48,50,100.0,238.0,23800.0,2025-06-17
2025061701016950,PCBL,87,50,100.0,238.0,23800.0,2025-06-17
2025061701016949,PCBL,42,50,140.0,238.0,33320.0,2025-06-17
2025061701016948,PCBL,33,50,1136.0,238.1,270481.6,2025-06-17
2025061701016947,PCBL,42,50,215.0,238.1,51191.5,2025-06-17
2025061701016946,PCBL,32,50,372.0,238.1,88573.2,2025-06-17
2025061701016945,PCBL,58,50,220.0,238.3,52426.0,2025-06-17
2025061701016944,PCBL,40,50,200.0,238.3,47660.0,2025-06-17
2025061701016943,PCBL,32,50,100.0,238.5,23850.0,2025-06-17
2025061701016942,PCBL,58,50,20.0,238.6,4772.0,2025-06-17
2025061701016941,PCBL,45,50,100.0,238.7,23870.0,2025-06-17
2025061704032503,SICL,55,21,20.0,738.0,14760.0,2025-06-17
2025061701016940,UHEWA,58,43,10.0,544.0,5440.0,2025-06-17
2025061704032502,SICL,55,57,20.0,738.0,14760.0,2025-06-17
2025061704032501,SICL,42,57,30.0,738.0,22140.0,2025-06-17
2025061704032500,SICL,16,57,20.0,738.0,14760.0,2025-06-17
2025061703009629,ACLBSL,42,57,10.0,1057.5,10575.0,2025-06-17
2025061704032499,SGIC,43,74,300.0,551.0,165300.0,2025-06-17
2025061705010117,SAHAS,32,48,10.0,551.5,5515.0,2025-06-17
2025061704032498,API,41,52,99.0,298.5,29551.5,2025-06-17
2025061704032497,API,32,52,61.0,298.5,18208.5,2025-06-17
2025061704032496,RIDI,17,59,50.0,282.0,14100.0,2025-06-17
2025061704032495,UPPER,56,45,500.0,198.0,99000.0,2025-06-17
2025061705010116,HDL,38,14,20.0,1193.0,23860.0,2025-06-17
2025061704032494,RHPL,38,22,410.0,410.0,168100.0,2025-06-17
2025061704032493,RHPL,41,22,50.0,410.1,20505.0,2025-06-17
2025061704032492,RHPL,41,22,50.0,413.0,20650.0,2025-06-17
2025061704032491,RHPL,50,22,490.0,413.1,202419.0,2025-06-17
2025061701016939,HIDCLP,22,65,1400.0,217.1,303940.0,2025-06-17
2025061701016938,HIDCLP,22,57,100.0,217.1,21710.0,2025-06-17
2025061703009628,MDB,26,26,10.0,584.0,5840.0,2025-06-17
2025061704032490,RADHI,82,69,50.0,827.2,41360.0,2025-06-17
2025061703009627,GRDBL,88,69,100.0,1245.5,124550.0,2025-06-17
2025061703009626,NFS,39,34,30.0,629.5,18885.0,2025-06-17
2025061705010115,MEL,1,58,60.0,313.9,18834.0,2025-06-17
2025061704032489,AHPC,42,17,510.0,298.6,152286.0,2025-06-17
2025061704032488,AHPC,42,72,490.0,298.5,146265.0,2025-06-17
2025061704032487,SPDL,7,41,40.0,427.5,17100.0,2025-06-17
2025061704032486,RIDI,70,33,180.0,282.5,50850.0,2025-06-17
2025061703009625,JFL,49,34,120.0,471.2,56544.0,2025-06-17
2025061705010114,SAHAS,19,33,57.0,551.4,31429.8,2025-06-17
2025061705010113,NRN,81,49,30.0,1981.2,59436.0,2025-06-17
2025061704032485,CHCL,34,58,25.0,574.0,14350.0,2025-06-17
2025061704032484,CHCL,35,58,33.0,574.5,18958.5,2025-06-17
2025061704032483,CGH,13,58,200.0,1020.0,204000.0,2025-06-17
2025061704032482,CGH,22,58,150.0,1020.0,153000.0,2025-06-17
2025061704032481,CGH,56,58,200.0,1021.0,204200.0,2025-06-17
2025061704032480,RIDI,82,41,911.0,281.8,256719.8,2025-06-17
2025061704032479,RIDI,19,41,1600.0,281.9,451040.0,2025-06-17
2025061704032478,RIDI,42,41,500.0,282.0,141000.0,2025-06-17
2025061704032477,RIDI,46,41,500.0,282.0,141000.0,2025-06-17
2025061701016937,SRLI,50,41,83.0,400.8,33266.4,2025-06-17
2025061705010112,MEL,1,20,250.0,313.9,78475.0,2025-06-17
2025061701016936,DORDI,6,1,200.0,379.0,75800.0,2025-06-17
2025061705010111,CLI,29,41,10.0,470.0,4700.0,2025-06-17
2025061703009624,PMLI,81,44,22.0,500.0,11000.0,2025-06-17
2025061705010110,HDL,66,14,40.0,1193.0,47720.0,2025-06-17
2025061701016935,MKCL,32,42,100.0,1479.1,147910.0,2025-06-17
2025061704032476,SHEL,85,39,240.0,296.8,71232.0,2025-06-17
2025061704032475,SHEL,85,7,260.0,296.8,77168.0,2025-06-17
2025061703009623,SINDU,44,22,10.0,772.0,7720.0,2025-06-17
2025061705010109,CHDC,7,36,10.0,2561.3,25613.0,2025-06-17
2025061701016934,TAMOR,84,22,10.0,532.0,5320.0,2025-06-17
2025061704032474,SPDL,49,41,201.0,427.5,85927.5,2025-06-17
2025061704032473,SPDL,49,32,99.0,427.0,42273.0,2025-06-17
2025061703009622,SAPDBL,22,94,10.0,1024.0,10240.0,2025-06-17
2025061704032472,SHEL,45,7,100.0,296.8,29680.0,2025-06-17
2025061705010108,HATHY,57,57,15.0,1235.0,18525.0,2025-06-17
2025061704032471,HDHPC,49,57,70.0,201.0,14070.0,2025-06-17
2025061704032470,HDHPC,49,57,600.0,201.0,120600.0,2025-06-17
2025061701016933,AVYAN,62,57,16.0,1018.5,16296.0,2025-06-17
2025061704032469,AHPC,32,17,10.0,298.6,2986.0,2025-06-17
2025061704032468,CGH,22,17,50.0,1020.0,51000.0,2025-06-17
2025061701016932,TAMOR,38,22,500.0,532.0,266000.0,2025-06-17
2025061703009621,SINDU,36,22,10.0,772.0,7720.0,2025-06-17
2025061703009620,SINDU,29,22,13.0,772.0,10036.0,2025-06-17
2025061703009619,SINDU,42,22,25.0,772.0,19300.0,2025-06-17
2025061701016931,SCB,1,45,140.0,614.0,85960.0,2025-06-17
2025061701016930,SCB,1,16,25.0,614.0,15350.0,2025-06-17
2025061701016929,SCB,1,39,140.0,614.0,85960.0,2025-06-17
2025061701016928,SCB,1,44,117.0,613.0,71721.0,2025-06-17
2025061705010107,MEL,1,45,100.0,313.9,31390.0,2025-06-17
2025061705010106,MEL,1,34,500.0,313.9,156950.0,2025-06-17
2025061705010105,MEL,1,34,90.0,313.9,28251.0,2025-06-17
2025061705010104,HIDCL,32,43,1736.0,296.3,514376.8,2025-06-17
2025061705010103,HIDCL,21,43,100.0,296.3,29630.0,2025-06-17
2025061705010102,HIDCL,44,43,500.0,296.3,148150.0,2025-06-17
2025061705010101,HIDCL,47,43,500.0,296.3,148150.0,2025-06-17
2025061705010100,HIDCL,4,43,300.0,296.5,88950.0,2025-06-17
2025061705010099,HIDCL,6,43,200.0,296.5,59300.0,2025-06-17
2025061705010098,HIDCL,52,43,100.0,296.5,29650.0,2025-06-17
2025061705010097,HIDCL,6,43,200.0,296.5,59300.0,2025-06-17
2025061705010096,HIDCL,99,43,364.0,296.5,107926.0,2025-06-17
2025061705010095,HIDCL,40,43,300.0,296.6,88980.0,2025-06-17
2025061705010094,HIDCL,47,43,100.0,296.6,29660.0,2025-06-17
2025061705010093,HIDCL,84,43,500.0,296.8,148400.0,2025-06-17
2025061705010092,HIDCL,34,43,100.0,296.9,29690.0,2025-06-17
2025061704032467,CHCL,35,42,67.0,574.5,38491.5,2025-06-17
2025061705010091,NRM,66,20,10.0,457.5,4575.0,2025-06-17
2025061703009618,ALICL,35,66,50.0,498.0,24900.0,2025-06-17
2025061701016927,AHL,11,42,10.0,606.0,6060.0,2025-06-17
2025061704032466,BARUN,55,45,35.0,363.6,12726.0,2025-06-17
2025061701016926,SPC,8,48,25.0,505.0,12625.0,2025-06-17
2025061704032465,SHPC,86,50,275.0,647.0,177925.0,2025-06-17
2025061704032464,SHPC,43,50,50.0,647.0,32350.0,2025-06-17
2025061704032463,SHPC,58,50,30.0,647.0,19410.0,2025-06-17
2025061704032462,SHPC,26,50,100.0,647.2,64720.0,2025-06-17
2025061704032461,SHPC,3,50,100.0,647.7,64770.0,2025-06-17
2025061704032460,SHPC,59,50,55.0,647.7,35623.5,2025-06-17
2025061704032459,SHPC,21,50,1000.0,648.0,648000.0,2025-06-17
2025061704032458,SHPC,33,50,300.0,648.0,194400.0,2025-06-17
2025061704032457,SHPC,64,50,90.0,648.0,58320.0,2025-06-17
2025061704032456,UPPER,38,45,25.0,198.0,4950.0,2025-06-17
2025061704032455,UPPER,52,45,50.0,198.0,9900.0,2025-06-17
2025061704032454,UPPER,49,45,590.0,198.0,116820.0,2025-06-17
2025061701016925,LSL,58,57,27.0,212.6,5740.2,2025-06-17
2025061701016924,LSL,58,59,12.0,212.0,2544.0,2025-06-17
2025061701016923,LSL,58,48,461.0,211.0,97271.0,2025-06-17
2025061704032453,BARUN,58,57,100.0,364.0,36400.0,2025-06-17
2025061705010090,MBJC,38,57,200.0,327.0,65400.0,2025-06-17
2025061701016922,HIDCLP,49,32,210.0,217.0,45570.0,2025-06-17
2025061701016921,CREST,5,55,15.0,1449.0,21735.0,2025-06-17
2025061701016920,CREST,5,55,35.0,1443.0,50505.0,2025-06-17
2025061704032452,MEN,19,40,3.0,615.0,1845.0,2025-06-17
2025061704032451,MEN,19,98,97.0,615.0,59655.0,2025-06-17
2025061704032450,MEN,58,98,58.0,615.0,35670.0,2025-06-17
2025061704032449,MEN,11,98,45.0,615.0,27675.0,2025-06-17
2025061701016919,OMPL,78,58,10.0,1438.1,14381.0,2025-06-17
2025061704032448,API,32,28,589.0,298.5,175816.5,2025-06-17
2025061704032447,API,59,28,20.0,298.5,5970.0,2025-06-17
2025061703009617,ALICL,8,16,15.0,499.5,7492.5,2025-06-17
2025061705010089,SONA,45,49,20.0,455.0,9100.0,2025-06-17
2025061701016918,TSHL,57,19,51.0,674.0,34374.0,2025-06-17
2025061701016917,HBL,57,8,190.0,218.0,41420.0,2025-06-17
2025061701016916,HBL,17,8,266.0,218.0,57988.0,2025-06-17
2025061701016915,HBL,17,58,234.0,218.0,51012.0,2025-06-17
2025061703009616,NMFBS,56,22,10.0,1240.0,12400.0,2025-06-17
2025061703009615,NMFBS,26,22,85.0,1240.0,105400.0,2025-06-17
2025061701016914,GBIMEP,4,58,100.0,120.0,12000.0,2025-06-17
2025061701016913,GBIMEP,4,58,4050.0,120.0,486000.0,2025-06-17
2025061704032446,SHPC,56,77,950.0,649.0,616550.0,2025-06-17
2025061704032445,SHPC,56,10,50.0,648.8,32440.0,2025-06-17
2025061703009614,SWBBL,48,58,66.0,816.0,53856.0,2025-06-17
2025061703009613,SWBBL,39,58,10.0,816.3,8163.0,2025-06-17
2025061703009612,SWBBL,39,58,10.0,816.4,8164.0,2025-06-17
2025061701016912,SIKLES,38,3,10.0,888.0,8880.0,2025-06-17
2025061703009611,DDBL,34,19,10.0,811.0,8110.0,2025-06-17
2025061703009610,MLBL,59,3,30.0,384.3,11529.0,2025-06-17
2025061704032444,UAIL,28,42,19.0,578.0,10982.0,2025-06-17
2025061704032443,UAIL,28,48,50.0,578.0,28900.0,2025-06-17
2025061705010088,SHIVM,1,42,1054.0,514.0,541756.0,2025-06-17
2025061705010087,SHIVM,49,42,50.0,514.0,25700.0,2025-06-17
2025061705010086,SHIVM,57,42,10.0,514.0,5140.0,2025-06-17
2025061705010085,SHIVM,52,42,15.0,514.0,7710.0,2025-06-17
2025061705010084,SHIVM,42,42,40.0,514.0,20560.0,2025-06-17
2025061705010083,SHIVM,25,42,100.0,514.0,51400.0,2025-06-17
2025061705010082,SHIVM,58,42,500.0,514.0,257000.0,2025-06-17
2025061705010081,SHIVM,1,42,200.0,514.0,102800.0,2025-06-17
2025061705010080,SHIVM,11,42,20.0,514.0,10280.0,2025-06-17
2025061705010079,SHIVM,49,42,20.0,514.0,10280.0,2025-06-17
2025061705010078,SHIVM,49,42,102.0,514.0,52428.0,2025-06-17
2025061705010077,SHIVM,58,42,200.0,514.1,102820.0,2025-06-17
2025061705010076,SHIVM,51,42,384.0,514.1,197414.4,2025-06-17
2025061705010075,SHIVM,91,42,100.0,514.1,51410.0,2025-06-17
2025061705010074,SHIVM,1,42,500.0,514.1,257050.0,2025-06-17
2025061705010073,SHIVM,53,42,200.0,514.1,102820.0,2025-06-17
2025061705010072,SHIVM,39,42,200.0,514.1,102820.0,2025-06-17
2025061705010071,SHIVM,39,42,20.0,514.1,10282.0,2025-06-17
2025061705010070,SHIVM,13,42,100.0,514.2,51420.0,2025-06-17
2025061705010069,SHIVM,55,42,10.0,514.3,5143.0,2025-06-17
2025061705010068,SHIVM,58,42,10.0,514.3,5143.0,2025-06-17
2025061705010067,SHIVM,43,42,50.0,514.3,25715.0,2025-06-17
2025061705010066,SHIVM,39,42,20.0,514.3,10286.0,2025-06-17
2025061703009609,MLBL,34,60,161.0,384.0,61824.0,2025-06-17
2025061703009608,MLBL,50,60,300.0,384.0,115200.0,2025-06-17
2025061703009607,MLBL,50,60,300.0,384.0,115200.0,2025-06-17
2025061703009606,MLBL,44,60,239.0,384.2,91823.8,2025-06-17
2025061703009605,GILB,42,47,18.0,1245.0,22410.0,2025-06-17
2025061701016911,HIDCLP,49,42,250.0,217.0,54250.0,2025-06-17
2025061704032442,NHPC,34,42,211.0,218.8,46166.8,2025-06-17
2025061701016910,BHL,7,43,100.0,211.9,21190.0,2025-06-17
2025061705010065,SHIVM,33,39,70.0,515.0,36050.0,2025-06-17
2025061703009604,PROFL,58,19,81.0,490.0,39690.0,2025-06-17
2025061704032441,AKJCL,45,25,1283.0,209.3,268531.9,2025-06-17
2025061705010064,MBJC,45,7,500.0,327.9,163950.0,2025-06-17
2025061701016909,HHL,58,13,100.0,410.0,41000.0,2025-06-17
2025061705010063,MBJC,38,32,19.0,327.0,6213.0,2025-06-17
2025061705010062,HDL,38,14,100.0,1193.0,119300.0,2025-06-17
2025061701016908,TVCL,4,38,50.0,487.0,24350.0,2025-06-17
2025061701016907,SARBTM,4,1,100.0,840.0,84000.0,2025-06-17
2025061701016906,BHL,40,1,377.0,211.5,79735.5,2025-06-17
2025061701016905,BHL,57,1,500.0,211.5,105750.0,2025-06-17
2025061701016904,BHL,59,1,85.0,211.5,17977.5,2025-06-17
2025061701016903,BHL,32,1,38.0,211.6,8040.8,2025-06-17
2025061703009603,CBBL,43,14,600.0,905.0,543000.0,2025-06-17
2025061704032440,NHPC,34,50,200.0,218.8,43760.0,2025-06-17
2025061705010061,MBJC,38,49,10.0,327.0,3270.0,2025-06-17
2025061704032439,SHPC,64,48,50.0,648.0,32400.0,2025-06-17
2025061703009602,JFL,45,34,30.0,471.2,14136.0,2025-06-17
2025061705010060,NRM,62,45,510.0,457.4,233274.0,2025-06-17
2025061704032438,API,59,45,462.0,298.5,137907.0,2025-06-17
2025061701016902,RHGCL,58,47,10.0,345.5,3455.0,2025-06-17
2025061704032437,HURJA,49,5,755.0,260.2,196451.0,2025-06-17
2025061704032436,HURJA,65,5,30.0,260.2,7806.0,2025-06-17
2025061704032435,HURJA,46,5,15.0,260.3,3904.5,2025-06-17
2025061704032434,HURJA,58,5,400.0,260.3,104120.0,2025-06-17
2025061704032433,UNHPL,5,42,50.0,412.0,20600.0,2025-06-17
2025061704032432,AKPL,36,22,230.0,278.5,64055.0,2025-06-17
2025061704032431,BPCL,63,98,124.0,834.0,103416.0,2025-06-17
2025061704032430,BPCL,63,42,50.0,833.9,41695.0,2025-06-17
2025061704032429,BPCL,63,36,260.0,833.0,216580.0,2025-06-17
2025061704032428,BPCL,63,58,500.0,833.0,416500.0,2025-06-17
2025061704032427,BPCL,63,33,116.0,833.0,96628.0,2025-06-17
2025061704032426,BPCL,63,38,500.0,833.0,416500.0,2025-06-17
2025061704032425,PPCL,34,38,50.0,328.6,16430.0,2025-06-17
2025061704032424,PPCL,33,38,420.0,328.7,138054.0,2025-06-17
2025061704032423,GHL,38,42,50.0,254.5,12725.0,2025-06-17
2025061701016901,BHDC,40,40,500.0,497.0,248500.0,2025-06-17
2025061703009601,RSDC,34,32,10.0,668.0,6680.0,2025-06-17
2025061704032422,AKPL,36,17,50.0,278.5,13925.0,2025-06-17
2025061704032421,AKPL,36,94,272.0,278.5,75752.0,2025-06-17
2025061703009600,HLI,35,6,127.0,387.0,49149.0,2025-06-17
2025061704032420,RADHI,50,66,290.0,827.0,239830.0,2025-06-17
2025061704032419,RADHI,56,66,190.0,827.1,157149.0,2025-06-17
2025061704032418,RADHI,55,43,10.0,829.0,8290.0,2025-06-17
2025061704032417,RADHI,55,43,100.0,828.9,82890.0,2025-06-17
2025061704032416,RADHI,55,71,90.0,828.0,74520.0,2025-06-17
2025061704032415,SHPC,55,10,100.0,648.8,64880.0,2025-06-17
2025061703009599,EDBL,44,18,144.0,571.1,82238.4,2025-06-17
2025061701016900,HIDCLP,49,48,444.0,217.0,96348.0,2025-06-17
2025061701016899,MKHC,57,48,10.0,418.0,4180.0,2025-06-17
2025061701016898,MKHC,57,58,10.0,415.0,4150.0,2025-06-17
2025061703009598,PFL,45,57,100.0,402.9,40290.0,2025-06-17
2025061701016897,NMIC,58,17,80.0,1649.5,131960.0,2025-06-17
2025061704032414,UMHL,53,52,50.0,538.1,26905.0,2025-06-17
2025061704032413,UMHL,5,52,450.0,538.1,242145.0,2025-06-17
2025061703009597,NMLBBL,26,16,305.0,659.9,201269.5,2025-06-17
2025061703009596,NMLBBL,26,13,50.0,659.9,32995.0,2025-06-17
2025061703009595,NMLBBL,26,49,109.0,657.0,71613.0,2025-06-17
2025061703009594,NMLBBL,26,11,36.0,656.0,23616.0,2025-06-17
2025061704032412,CHCL,40,42,100.0,574.5,57450.0,2025-06-17
2025061701016896,SIKLES,37,17,30.0,901.0,27030.0,2025-06-17
2025061704032411,SPDL,95,41,100.0,427.5,42750.0,2025-06-17
2025061705010059,HRL,88,45,51.0,903.5,46078.5,2025-06-17
2025061701016895,USHEC,32,22,80.0,439.0,35120.0,2025-06-17
2025061701016894,USHEC,34,22,20.0,439.0,8780.0,2025-06-17
2025061701016893,CREST,42,55,10.0,1443.0,14430.0,2025-06-17
2025061701016892,CREST,34,55,63.0,1443.1,90915.3,2025-06-17
2025061701016891,CREST,49,55,20.0,1443.2,28864.0,2025-06-17
2025061701016890,CREST,55,55,22.0,1443.2,31750.4,2025-06-17
2025061704032410,HDHPC,49,43,70.0,201.0,14070.0,2025-06-17
2025061705010058,SHIVM,60,39,200.0,515.0,103000.0,2025-06-17
2025061704032409,AHPC,48,42,1000.0,298.3,298300.0,2025-06-17
2025061704032408,SHEL,32,48,461.0,296.1,136502.1,2025-06-17
2025061704032407,SHEL,14,48,2990.0,296.1,885339.0,2025-06-17
2025061704032406,SHEL,11,48,500.0,296.2,148100.0,2025-06-17
2025061704032405,SHEL,56,48,300.0,296.2,88860.0,2025-06-17
2025061704032404,SHEL,41,48,150.0,296.2,44430.0,2025-06-17
2025061704032403,SHEL,6,48,700.0,296.3,207410.0,2025-06-17
2025061704032402,SHEL,45,48,335.0,296.5,99327.5,2025-06-17
2025061704032401,SHEL,7,48,160.0,296.5,47440.0,2025-06-17
2025061704032400,SHEL,57,48,200.0,296.5,59300.0,2025-06-17
2025061704032399,SHEL,57,48,250.0,296.5,74125.0,2025-06-17
2025061704032398,SHEL,19,48,20.0,296.5,5930.0,2025-06-17
2025061704032397,SHEL,57,48,1000.0,296.5,296500.0,2025-06-17
2025061704032396,SHEL,35,48,1000.0,296.5,296500.0,2025-06-17
2025061704032395,SHEL,49,48,500.0,296.6,148300.0,2025-06-17
2025061704032394,SHEL,38,48,55.0,296.6,16313.0,2025-06-17
2025061704032393,SHEL,57,48,40.0,296.6,11864.0,2025-06-17
2025061704032392,SHL,17,58,110.0,592.0,65120.0,2025-06-17
2025061705010057,CHDC,13,45,30.0,2561.1,76833.0,2025-06-17
2025061705010056,CHDC,96,45,30.0,2561.1,76833.0,2025-06-17
2025061705010055,CHDC,32,45,140.0,2561.2,358568.0,2025-06-17
2025061705010054,PHCL,58,50,100.0,519.0,51900.0,2025-06-17
2025061701016889,CREST,55,58,10.0,1443.2,14432.0,2025-06-17
2025061701016888,SANIMA,41,6,50.0,316.5,15825.0,2025-06-17
2025061704032391,NGPL,58,99,412.0,409.9,168878.8,2025-06-17
2025061704032390,NGPL,58,41,151.0,409.5,61834.5,2025-06-17
2025061704032389,NGPL,58,14,937.0,409.0,383233.0,2025-06-17
2025061701016887,GMLI,45,52,10.0,2150.1,21501.0,2025-06-17
2025061701016886,SRLI,50,52,17.0,400.8,6813.6,2025-06-17
2025061701016885,SRLI,38,52,50.0,400.8,20040.0,2025-06-17
2025061701016884,SRLI,17,52,16.0,400.8,6412.8,2025-06-17
2025061701016883,SRLI,45,52,317.0,400.8,127053.6,2025-06-17
2025061705010053,CIT,17,3,10.0,1894.0,18940.0,2025-06-17
2025061705010052,CIT,17,51,35.0,1893.0,66255.0,2025-06-17
2025061704032388,SHEL,58,7,260.0,296.8,77168.0,2025-06-17
2025061704032387,SHEL,58,42,10.0,296.8,2968.0,2025-06-17
2025061704032386,SHEL,44,42,140.0,296.8,41552.0,2025-06-17
2025061704032385,SHEL,44,17,50.0,296.8,14840.0,2025-06-17
2025061704032384,SHEL,44,34,60.0,296.8,17808.0,2025-06-17
2025061705010051,NRN,81,45,130.0,1981.2,257556.0,2025-06-17
2025061701016882,UHEWA,62,37,10.0,543.1,5431.0,2025-06-17
2025061705010050,SAHAS,19,37,506.0,551.4,279008.4,2025-06-17
2025061704032383,NGPL,59,14,100.0,409.0,40900.0,2025-06-17
2025061704032382,HPPL,57,39,500.0,567.0,283500.0,2025-06-17
2025061704032381,MEN,43,34,482.0,615.1,296478.2,2025-06-17
2025061703009593,PROFL,17,70,675.0,488.0,329400.0,2025-06-17
2025061703009592,PROFL,49,70,20.0,488.0,9760.0,2025-06-17
2025061703009591,PROFL,49,70,50.0,488.1,24405.0,2025-06-17
2025061703009590,PROFL,13,70,150.0,488.1,73215.0,2025-06-17
2025061703009589,PROFL,52,70,95.0,488.2,46379.0,2025-06-17
2025061703009588,PROFL,38,70,10.0,488.3,4883.0,2025-06-17
2025061701016881,NICA,42,41,50.0,344.0,17200.0,2025-06-17
2025061704032380,NGPL,33,7,80.0,408.1,32648.0,2025-06-17
2025061703009587,MLBBL,33,7,12.0,1443.0,17316.0,2025-06-17
2025061704032379,AKJCL,49,25,48.0,209.3,10046.4,2025-06-17
2025061701016880,UNLB,49,38,10.0,2057.9,20579.0,2025-06-17
2025061701016879,UNLB,49,21,10.0,2052.0,20520.0,2025-06-17
2025061701016878,RHGCL,60,47,1000.0,345.5,345500.0,2025-06-17
2025061701016877,RHGCL,40,47,490.0,345.6,169344.0,2025-06-17
2025061705010049,HIDCL,45,17,200.0,296.9,59380.0,2025-06-17
2025061705010048,NRN,58,6,700.0,1981.1,1386770.0,2025-06-17
2025061704032378,RIDI,6,33,165.0,282.5,46612.5,2025-06-17
2025061704032377,GLH,26,38,200.0,263.2,52640.0,2025-06-17
2025061704032376,GLH,36,38,1000.0,264.1,264100.0,2025-06-17
2025061704032375,GLH,42,38,300.0,264.1,79230.0,2025-06-17
2025061703009586,SAPDBL,22,38,201.0,1024.0,205824.0,2025-06-17
2025061704032374,AHPC,48,38,1600.0,298.3,477280.0,2025-06-17
2025061704032373,AHPC,57,38,1000.0,298.5,298500.0,2025-06-17
2025061704032372,AHPC,57,38,400.0,298.5,119400.0,2025-06-17
2025061704032371,AHPC,57,26,500.0,298.5,149250.0,2025-06-17
2025061704032370,GHL,29,42,500.0,254.5,127250.0,2025-06-17
2025061703009585,SWMF,13,51,70.0,709.0,49630.0,2025-06-17
2025061703009584,NUBL,57,68,230.0,678.0,155940.0,2025-06-17
2025061703009583,NUBL,49,68,50.0,678.3,33915.0,2025-06-17
2025061703009582,NUBL,22,68,100.0,678.4,67840.0,2025-06-17
2025061703009581,NUBL,11,68,50.0,679.0,33950.0,2025-06-17
2025061703009580,NUBL,54,68,100.0,679.0,67900.0,2025-06-17
2025061703009579,NUBL,91,68,100.0,679.0,67900.0,2025-06-17
2025061703009578,NUBL,56,68,80.0,679.1,54328.0,2025-06-17
2025061705010047,SONA,45,34,100.0,455.0,45500.0,2025-06-17
2025061704032369,GHL,58,42,100.0,254.5,25450.0,2025-06-17
2025061705010046,VLUCL,43,80,10.0,612.0,6120.0,2025-06-17
2025061701016876,RFPL,58,42,10.0,600.0,6000.0,2025-06-17
2025061701016875,RFPL,67,42,20.0,600.0,12000.0,2025-06-17
2025061701016874,RFPL,26,42,100.0,600.0,60000.0,2025-06-17
2025061701016873,RFPL,34,42,50.0,600.0,30000.0,2025-06-17
2025061701016872,RFPL,25,42,57.0,600.0,34200.0,2025-06-17
2025061701016871,KBL,69,42,2153.0,204.1,439427.3,2025-06-17
2025061701016870,KBL,13,42,500.0,204.1,102050.0,2025-06-17
2025061701016869,KBL,42,42,450.0,204.2,91890.0,2025-06-17
2025061701016868,KBL,16,42,800.0,204.2,163360.0,2025-06-17
2025061701016867,KBL,59,42,200.0,204.3,40860.0,2025-06-17
2025061701016866,KBL,5,42,660.0,204.3,134838.0,2025-06-17
2025061701016865,KBL,44,42,237.0,204.5,48466.5,2025-06-17
2025061704032368,LEC,36,8,18.0,219.5,3951.0,2025-06-17
2025061705010045,NRM,62,58,50.0,457.4,22870.0,2025-06-17
2025061705010044,HIDCL,45,54,300.0,296.9,89070.0,2025-06-17
2025061704032367,SHL,17,40,500.0,593.0,296500.0,2025-06-17
2025061705010043,NRN,4,45,50.0,1981.2,99060.0,2025-06-17
2025061704032366,SPDL,26,4,230.0,426.3,98049.0,2025-06-17
2025061704032365,SPDL,56,4,200.0,426.3,85260.0,2025-06-17
2025061704032364,SPDL,52,4,2000.0,427.0,854000.0,2025-06-17
2025061704032363,SPDL,43,4,500.0,427.0,213500.0,2025-06-17
2025061704032362,SPDL,52,4,70.0,427.0,29890.0,2025-06-17
2025061701016864,DOLTI,43,65,500.0,560.0,280000.0,2025-06-17
2025061705010042,RNLI,29,3,11.0,444.1,4885.1,2025-06-17
2025061705010041,MBJC,40,7,20.0,327.9,6558.0,2025-06-17
2025061704032361,API,59,41,100.0,298.5,29850.0,2025-06-17
2025061704032360,UPCL,50,29,895.0,454.0,406330.0,2025-06-17
2025061704032359,UPCL,21,29,55.0,454.0,24970.0,2025-06-17
2025061704032358,UPCL,19,29,50.0,454.1,22705.0,2025-06-17
2025061701016863,BEDC,34,26,100.0,704.9,70490.0,2025-06-17
2025061701016862,BEDC,34,13,40.0,704.9,28196.0,2025-06-17
2025061704032357,CHCL,34,37,50.0,574.0,28700.0,2025-06-17
2025061703009577,GFCL,35,48,95.0,626.0,59470.0,2025-06-17
2025061705010040,HDL,1,14,13.0,1193.0,15509.0,2025-06-17
2025061705010039,HDL,57,14,100.0,1193.0,119300.0,2025-06-17
2025061705010038,HDL,42,14,41.0,1193.0,48913.0,2025-06-17
2025061705010037,HDL,19,14,50.0,1193.0,59650.0,2025-06-17
2025061705010036,HDL,45,14,20.0,1193.0,23860.0,2025-06-17
2025061705010035,HDL,95,14,25.0,1193.0,29825.0,2025-06-17
2025061705010034,HDL,58,14,10.0,1193.0,11930.0,2025-06-17
2025061705010033,HDL,76,14,100.0,1193.0,119300.0,2025-06-17
2025061705010032,HDL,17,14,20.0,1193.0,23860.0,2025-06-17
2025061705010031,HDL,41,14,25.0,1193.0,29825.0,2025-06-17
2025061705010030,HDL,41,14,11.0,1193.0,13123.0,2025-06-17
2025061705010029,HDL,59,14,10.0,1193.0,11930.0,2025-06-17
2025061705010028,HDL,53,14,100.0,1193.0,119300.0,2025-06-17
2025061705010027,HDL,52,14,100.0,1193.4,119340.0,2025-06-17
2025061705010026,HDL,58,14,10.0,1193.5,11935.0,2025-06-17
2025061705010025,HDL,58,14,50.0,1193.5,59675.0,2025-06-17
2025061705010024,HDL,42,14,17.0,1193.5,20289.5,2025-06-17
2025061705010023,HDL,77,14,50.0,1193.5,59675.0,2025-06-17
2025061705010022,HDL,62,14,70.0,1193.7,83559.0,2025-06-17
2025061705010021,HDL,42,14,27.0,1193.7,32229.9,2025-06-17
2025061705010020,NRM,62,59,500.0,457.4,228700.0,2025-06-17
2025061701016861,RFPL,21,45,307.0,603.0,185121.0,2025-06-17
2025061701016860,RFPL,57,45,250.0,603.1,150775.0,2025-06-17
2025061701016859,OMPL,14,17,10.0,1440.0,14400.0,2025-06-17
2025061701016858,OMPL,14,11,10.0,1440.0,14400.0,2025-06-17
2025061701016857,OMPL,14,58,10.0,1440.0,14400.0,2025-06-17
2025061701016856,OMPL,14,38,10.0,1440.0,14400.0,2025-06-17
2025061701016855,OMPL,14,4,20.0,1440.0,28800.0,2025-06-17
2025061701016854,OMPL,14,42,10.0,1440.0,14400.0,2025-06-17
2025061701016853,OMPL,14,42,10.0,1440.0,14400.0,2025-06-17
2025061701016852,OMPL,14,26,20.0,1440.0,28800.0,2025-06-17
2025061701016851,USHEC,34,52,10.0,439.0,4390.0,2025-06-17
2025061704032356,API,13,35,300.0,299.0,89700.0,2025-06-17
2025061704032355,API,13,25,200.0,298.9,59780.0,2025-06-17
2025061705010019,NTC,17,51,10.0,848.0,8480.0,2025-06-17
2025061705010018,NTC,34,51,10.0,848.0,8480.0,2025-06-17
2025061705010017,NTC,36,51,40.0,848.0,33920.0,2025-06-17
2025061701016850,BHDC,32,35,10.0,498.5,4985.0,2025-06-17
2025061705010016,ENL,44,58,16.0,1080.9,17294.4,2025-06-17
2025061704032354,CGH,92,46,700.0,1024.0,716800.0,2025-06-17
2025061704032353,CGH,92,40,200.0,1024.0,204800.0,2025-06-17
2025061703009576,GLBSL,18,42,51.0,2399.0,122349.0,2025-06-17
2025061703009575,GLBSL,18,6,10.0,2398.0,23980.0,2025-06-17
2025061705010015,RNLI,29,42,11.0,444.1,4885.1,2025-06-17
2025061703009574,HLI,42,6,50.0,387.0,19350.0,2025-06-17
2025061705010014,NRN,58,16,150.0,1981.1,297165.0,2025-06-17
2025061705010013,HATHY,57,45,75.0,1235.0,92625.0,2025-06-17
2025061703009573,DDBL,42,45,20.0,807.5,16150.0,2025-06-17
2025061705010012,NRN,58,45,10.0,1981.2,19812.0,2025-06-17
2025061701016849,TAMOR,34,32,880.0,530.0,466400.0,2025-06-17
2025061701016848,TAMOR,75,32,120.0,530.0,63600.0,2025-06-17
2025061704032352,SPDL,52,47,430.0,427.0,183610.0,2025-06-17
2025061704032351,SPDL,32,47,50.0,427.0,21350.0,2025-06-17
2025061704032350,SPDL,96,47,20.0,427.0,8540.0,2025-06-17
2025061704032349,SICL,34,49,10.0,742.0,7420.0,2025-06-17
2025061704032348,RADHI,56,67,810.0,827.1,669951.0,2025-06-17
2025061704032347,RADHI,91,67,190.0,827.1,157149.0,2025-06-17
2025061704032346,UPCL,14,32,1598.0,455.0,727090.0,2025-06-17
2025061704032345,UPCL,14,38,172.0,455.0,78260.0,2025-06-17
2025061704032344,UPCL,14,38,230.0,454.9,104627.0,2025-06-17
2025061704032343,UPCL,14,42,1000.0,454.8,454800.0,2025-06-17
2025061701016847,BNHC,58,59,46.0,518.0,23828.0,2025-06-17
2025061701016846,BNHC,58,60,100.0,518.0,51800.0,2025-06-17
2025061701016845,BNHC,58,49,350.0,518.0,181300.0,2025-06-17
2025061701016844,BNHC,58,45,44.0,518.0,22792.0,2025-06-17
2025061704032342,SHL,17,71,200.0,592.0,118400.0,2025-06-17
2025061701016843,SPHL,72,92,92.0,667.1,61373.2,2025-06-17
2025061701016842,SPHL,17,92,12.0,670.0,8040.0,2025-06-17
2025061701016841,SPHL,25,92,100.0,670.0,67000.0,2025-06-17
2025061701016840,SPHL,39,92,100.0,671.0,67100.0,2025-06-17
2025061701016839,SPHL,6,92,70.0,675.1,47257.0,2025-06-17
2025061701016838,SPHL,57,92,40.0,680.2,27208.0,2025-06-17
2025061701016837,SPHL,43,92,65.0,680.3,44219.5,2025-06-17
2025061701016836,SPHL,32,92,21.0,680.4,14288.4,2025-06-17
2025061703009572,MFIL,49,42,72.0,588.0,42336.0,2025-06-17
2025061703009571,MFIL,38,42,28.0,588.0,16464.0,2025-06-17
2025061705010011,NRN,58,42,11.0,1981.1,21792.1,2025-06-17
2025061703009570,MLBL,21,3,10.0,384.3,3843.0,2025-06-17
2025061703009569,MDB,25,49,50.0,585.0,29250.0,2025-06-17
2025061703009568,MDB,100,49,25.0,585.0,14625.0,2025-06-17
2025061701016835,BHL,49,43,100.0,211.9,21190.0,2025-06-17
2025061703009567,SAPDBL,22,49,20.0,1024.0,20480.0,2025-06-17
2025061704032341,CHCL,34,16,100.0,574.0,57400.0,2025-06-17
2025061701016834,SGHC,13,45,100.0,416.1,41610.0,2025-06-17
2025061701016833,NBL,63,44,82.0,258.9,21229.8,2025-06-17
2025061701016832,NBL,63,17,500.0,258.6,129300.0,2025-06-17
2025061701016831,NBL,63,26,700.0,258.5,180950.0,2025-06-17
2025061701016830,NBL,63,57,316.0,258.1,81559.6,2025-06-17
2025061701016829,NBL,63,58,760.0,258.0,196080.0,2025-06-17
2025061701016828,NBL,63,26,800.0,258.0,206400.0,2025-06-17
2025061701016827,NBL,63,7,20.0,258.0,5160.0,2025-06-17
2025061701016826,NBL,63,32,10.0,258.0,2580.0,2025-06-17
2025061701016825,NBL,63,7,300.0,258.0,77400.0,2025-06-17
2025061701016824,NBL,63,58,200.0,258.0,51600.0,2025-06-17
2025061701016823,NBL,63,26,510.0,257.5,131325.0,2025-06-17
2025061701016822,NBL,63,19,200.0,257.5,51500.0,2025-06-17
2025061701016821,NBL,63,22,10.0,257.5,2575.0,2025-06-17
2025061701016820,NBL,63,58,258.0,257.5,66435.0,2025-06-17
2025061701016819,NBL,63,56,800.0,257.4,205920.0,2025-06-17
2025061701016818,NBL,63,44,500.0,257.0,128500.0,2025-06-17
2025061701016817,NBL,63,25,110.0,257.0,28270.0,2025-06-17
2025061701016816,NBL,63,57,100.0,257.0,25700.0,2025-06-17
2025061701016815,NBL,63,49,10.0,257.0,2570.0,2025-06-17
2025061701016814,NBL,63,28,664.0,257.0,170648.0,2025-06-17
2025061701016813,NBL,63,34,150.0,256.9,38535.0,2025-06-17
2025061701016812,NBL,63,34,1000.0,256.0,256000.0,2025-06-17
2025061705010010,SAHAS,26,6,30.0,551.5,16545.0,2025-06-17
2025061704032340,SSHL,56,32,20.0,229.7,4594.0,2025-06-17
2025061701016811,SNLI,64,41,39.0,475.6,18548.4,2025-06-17
2025061704032339,RIDI,77,42,10.0,282.9,2829.0,2025-06-17
2025061704032338,RIDI,77,4,50.0,282.5,14125.0,2025-06-17
2025061704032337,AHPC,48,91,1000.0,298.3,298300.0,2025-06-17
2025061704032336,NGPL,97,14,600.0,409.0,245400.0,2025-06-17
2025061705010009,NRN,58,94,150.0,1981.1,297165.0,2025-06-17
2025061703009566,GFCL,42,48,75.0,626.0,46950.0,2025-06-17
2025061703009565,SINDU,42,42,50.0,772.0,38600.0,2025-06-17
2025061701016810,NIMB,42,90,301.0,210.5,63360.5,2025-06-17
2025061701016809,NIMB,42,47,150.0,210.3,31545.0,2025-06-17
2025061701016808,NIMB,42,45,72.0,210.2,15134.4,2025-06-17
2025061701016807,NIMB,42,3,112.0,210.2,23542.4,2025-06-17
2025061701016806,NIMB,42,34,15.0,210.0,3150.0,2025-06-17
2025061701016805,NIMB,42,18,200.0,210.0,42000.0,2025-06-17
2025061701016804,NIMB,42,38,150.0,210.0,31500.0,2025-06-17
2025061701016803,HIDCLP,49,32,1231.0,217.0,267127.0,2025-06-17
2025061704032335,CHCL,49,42,10.0,574.5,5745.0,2025-06-17
2025061701016802,BHDC,58,29,10.0,498.8,4988.0,2025-06-17
2025061701016801,BHL,32,17,12.0,211.6,2539.2,2025-06-17
2025061704032334,UMHL,5,69,350.0,538.1,188335.0,2025-06-17
2025061704032333,UMHL,19,69,150.0,539.0,80850.0,2025-06-17
2025061704032332,AKPL,38,94,228.0,278.5,63498.0,2025-06-17
2025061704032331,AKPL,38,57,104.0,278.0,28912.0,2025-06-17
2025061704032330,AKPL,38,13,368.0,277.6,102156.8,2025-06-17
2025061703009564,PROFL,13,19,90.0,490.0,44100.0,2025-06-17
2025061703009563,PROFL,13,45,60.0,490.0,29400.0,2025-06-17
2025061704032329,BPCL,77,41,500.0,832.0,416000.0,2025-06-17
2025061703009562,JFL,36,34,500.0,471.2,235600.0,2025-06-17
2025061703009561,JFL,38,34,400.0,471.2,188480.0,2025-06-17
2025061703009560,JFL,49,34,10.0,471.3,4713.0,2025-06-17
2025061703009559,JFL,32,34,50.0,471.4,23570.0,2025-06-17
2025061704032328,NLG,52,43,170.0,765.0,130050.0,2025-06-17
2025061704032327,NLG,16,43,50.0,766.0,38300.0,2025-06-17
2025061704032326,NLG,34,43,50.0,766.0,38300.0,2025-06-17
2025061704032325,NLG,8,43,130.0,767.0,99710.0,2025-06-17
2025061704032324,BPCL,77,87,100.0,832.0,83200.0,2025-06-17
2025061703009558,SLBSL,1,33,10.0,1379.0,13790.0,2025-06-17
2025061701016800,SAMAJ,34,36,20.0,2290.0,45800.0,2025-06-17
2025061701016799,PPL,49,6,10.0,395.0,3950.0,2025-06-17
2025061701016798,PPL,49,42,10.0,395.0,3950.0,2025-06-17
2025061701016797,NICA,57,41,150.0,344.0,51600.0,2025-06-17
2025061704032323,GHL,42,20,189.0,254.0,48006.0,2025-06-17
2025061701016796,PRVU,32,52,656.0,204.2,133955.2,2025-06-17
2025061701016795,PRVU,32,52,135.0,204.2,27567.0,2025-06-17
2025061701016794,PRVU,29,52,500.0,204.3,102150.0,2025-06-17
2025061701016793,PRVU,59,52,40.0,204.3,8172.0,2025-06-17
2025061701016792,PRVU,49,52,50.0,204.5,10225.0,2025-06-17
2025061701016791,PRVU,25,52,500.0,204.5,102250.0,2025-06-17
2025061701016790,PRVU,34,52,500.0,204.5,102250.0,2025-06-17
2025061701016789,PRVU,47,52,119.0,204.6,24347.4,2025-06-17
2025061701016788,PRVU,3,52,200.0,205.0,41000.0,2025-06-17
2025061701016787,PRVU,58,52,1000.0,205.0,205000.0,2025-06-17
2025061701016786,PRVU,32,52,105.0,205.0,21525.0,2025-06-17
2025061701016785,PRVU,21,52,100.0,205.0,20500.0,2025-06-17
2025061701016784,PRVU,35,52,765.0,205.2,156978.0,2025-06-17
2025061701016783,HIDCLP,82,32,2000.0,217.0,434000.0,2025-06-17
2025061701016782,HIDCLP,82,34,3000.0,217.0,651000.0,2025-06-17
2025061703009557,MLBL,1,3,10.0,384.3,3843.0,2025-06-17
2025061705010008,HIDCL,68,54,200.0,296.9,59380.0,2025-06-17
2025061704032322,AKPL,63,13,102.0,277.6,28315.2,2025-06-17
2025061703009556,PMLI,29,43,10.0,498.0,4980.0,2025-06-17
2025061701016781,CREST,56,55,30.0,1449.0,43470.0,2025-06-17
2025061701016780,CREST,56,11,10.0,1448.9,14489.0,2025-06-17
2025061701016779,CREST,56,25,20.0,1448.9,28978.0,2025-06-17
2025061701016778,CREST,56,41,10.0,1448.6,14486.0,2025-06-17
2025061701016777,CREST,56,47,20.0,1448.0,28960.0,2025-06-17
2025061701016776,CREST,56,42,10.0,1448.0,14480.0,2025-06-17
2025061701016775,CREST,56,58,30.0,1447.0,43410.0,2025-06-17
2025061701016774,CREST,56,29,50.0,1447.0,72350.0,2025-06-17
2025061701016773,CREST,56,16,10.0,1447.0,14470.0,2025-06-17
2025061701016772,CREST,56,58,10.0,1445.0,14450.0,2025-06-17
2025061701016771,KBL,44,56,313.0,204.5,64008.5,2025-06-17
2025061701016770,KBL,19,56,100.0,204.5,20450.0,2025-06-17
2025061701016769,KBL,52,56,160.0,204.5,32720.0,2025-06-17
2025061701016768,KBL,49,56,10.0,204.5,2045.0,2025-06-17
2025061701016767,KBL,42,56,500.0,204.5,102250.0,2025-06-17
2025061701016766,KBL,26,56,1000.0,204.5,204500.0,2025-06-17
2025061701016765,KBL,57,56,254.0,204.5,51943.0,2025-06-17
2025061701016764,KBL,42,56,663.0,205.0,135915.0,2025-06-17
2025061701016763,OMPL,39,26,10.0,1440.0,14400.0,2025-06-17
2025061704032321,NGPL,33,94,375.0,408.1,153037.5,2025-06-17
2025061704032320,NGPL,6,94,50.0,408.1,20405.0,2025-06-17
2025061701016762,MAKAR,42,42,100.0,620.0,62000.0,2025-06-17
2025061701016761,MAKAR,42,50,70.0,619.9,43393.0,2025-06-17
2025061701016760,MAKAR,42,57,10.0,615.0,6150.0,2025-06-17
2025061704032319,AHPC,48,57,262.0,298.3,78154.6,2025-06-17
2025061704032318,AHPC,48,57,738.0,298.3,220145.4,2025-06-17
2025061703009555,MSLB,32,19,15.0,1197.0,17955.0,2025-06-17
2025061703009554,MSLB,32,42,10.0,1196.0,11960.0,2025-06-17
2025061704032317,SHPC,64,5,1360.0,648.0,881280.0,2025-06-17
2025061704032316,SHPC,49,5,140.0,648.0,90720.0,2025-06-17
2025061704032315,BPCL,77,52,70.0,832.0,58240.0,2025-06-17
2025061705010007,MEL,45,34,100.0,313.9,31390.0,2025-06-17
2025061704032314,NGPL,58,14,69.0,409.0,28221.0,2025-06-17
2025061704032313,NGPL,58,37,15.0,409.0,6135.0,2025-06-17
2025061704032312,NGPL,58,56,416.0,409.0,170144.0,2025-06-17
2025061704032311,RADHI,91,64,110.0,827.1,90981.0,2025-06-17
2025061704032310,RADHI,59,64,80.0,827.1,66168.0,2025-06-17
2025061704032309,RADHI,65,64,10.0,827.2,8272.0,2025-06-17
2025061704032308,RADHI,57,64,50.0,828.0,41400.0,2025-06-17
2025061703009553,SINDU,1,1,290.0,771.4,223706.0,2025-06-17
2025061703009552,SINDU,39,1,100.0,771.5,77150.0,2025-06-17
2025061703009551,SINDU,55,1,100.0,771.8,77180.0,2025-06-17
2025061703009550,SINDU,86,1,10.0,771.8,7718.0,2025-06-17
2025061704032307,AKPL,1,57,36.0,278.0,10008.0,2025-06-17
2025061704032306,AKPL,1,16,215.0,278.0,59770.0,2025-06-17
2025061704032305,AKPL,1,42,199.0,277.9,55302.1,2025-06-17
2025061704032304,BPCL,77,44,549.0,832.0,456768.0,2025-06-17
2025061704032303,BPCL,77,32,70.0,832.0,58240.0,2025-06-17
2025061704032302,BPCL,77,38,500.0,832.0,416000.0,2025-06-17
2025061704032301,BPCL,77,38,500.0,832.0,416000.0,2025-06-17
2025061704032300,BPCL,77,8,100.0,831.0,83100.0,2025-06-17
2025061704032299,BPCL,77,48,25.0,831.0,20775.0,2025-06-17
2025061704032298,BPCL,77,67,300.0,831.0,249300.0,2025-06-17
2025061704032297,BPCL,77,38,500.0,831.0,415500.0,2025-06-17
2025061704032296,BPCL,77,7,20.0,830.5,16610.0,2025-06-17
2025061704032295,BPCL,1,51,124.0,830.0,102920.0,2025-06-17
2025061704032294,SHPC,49,59,10.0,648.0,6480.0,2025-06-17
2025061704032293,SHPC,6,59,1000.0,648.0,648000.0,2025-06-17
2025061704032292,SHPC,11,59,20.0,648.0,12960.0,2025-06-17
2025061704032291,SHPC,22,59,20.0,648.0,12960.0,2025-06-17
2025061704032290,SHPC,35,59,500.0,648.0,324000.0,2025-06-17
2025061704032289,SHPC,10,59,500.0,648.0,324000.0,2025-06-17
2025061704032288,SHPC,14,59,200.0,648.0,129600.0,2025-06-17
2025061704032287,SHPC,99,59,50.0,648.1,32405.0,2025-06-17
2025061704032286,SHPC,7,59,500.0,648.1,324050.0,2025-06-17
2025061704032285,SHPC,36,59,30.0,648.1,19443.0,2025-06-17
2025061704032284,SHPC,99,59,50.0,648.8,32440.0,2025-06-17
2025061704032283,SHPC,45,59,20.0,648.8,12976.0,2025-06-17
2025061704032282,SHPC,48,59,100.0,648.8,64880.0,2025-06-17
2025061704032281,SHL,100,40,500.0,593.0,296500.0,2025-06-17
2025061704032280,SHL,17,44,800.0,592.0,473600.0,2025-06-17
2025061704032279,HURJA,48,48,15.0,261.0,3915.0,2025-06-17
2025061704032278,HURJA,22,48,1000.0,261.0,261000.0,2025-06-17
2025061704032277,HURJA,7,48,500.0,261.0,130500.0,2025-06-17
2025061704032276,HURJA,48,48,155.0,261.0,40455.0,2025-06-17
2025061704032275,HURJA,26,48,500.0,261.0,130500.0,2025-06-17
2025061704032274,HURJA,28,48,600.0,261.0,156600.0,2025-06-17
2025061704032273,HURJA,45,48,500.0,261.0,130500.0,2025-06-17
2025061704032272,HURJA,21,48,170.0,261.0,44370.0,2025-06-17
2025061704032271,HURJA,35,48,200.0,261.0,52200.0,2025-06-17
2025061704032270,HURJA,80,48,100.0,261.0,26100.0,2025-06-17
2025061704032269,HURJA,26,48,100.0,261.0,26100.0,2025-06-17
2025061704032268,HURJA,38,48,400.0,261.0,104400.0,2025-06-17
2025061704032267,HURJA,16,48,500.0,261.1,130550.0,2025-06-17
2025061704032266,HURJA,48,48,150.0,261.2,39180.0,2025-06-17
2025061704032265,HURJA,48,48,500.0,261.5,130750.0,2025-06-17
2025061704032264,HURJA,48,48,500.0,261.5,130750.0,2025-06-17
2025061704032263,HURJA,34,48,65.0,261.7,17010.5,2025-06-17
2025061704032262,HURJA,35,48,100.0,261.8,26180.0,2025-06-17
2025061704032261,HURJA,45,48,292.0,262.0,76504.0,2025-06-17
2025061703009549,BFC,21,48,50.0,480.0,24000.0,2025-06-17
2025061703009548,USLB,81,48,30.0,1847.0,55410.0,2025-06-17
2025061704032260,UNHPL,60,13,123.0,412.5,50737.5,2025-06-17
2025061704032259,UNHPL,60,52,100.0,412.0,41200.0,2025-06-17
2025061703009547,MERO,26,11,200.0,740.0,148000.0,2025-06-17
2025061703009546,SINDU,19,57,65.0,772.0,50180.0,2025-06-17
2025061703009545,SINDU,13,57,35.0,772.0,27020.0,2025-06-17
2025061701016759,CREST,55,32,10.0,1443.2,14432.0,2025-06-17
2025061704032258,UPCL,21,6,945.0,454.0,429030.0,2025-06-17
2025061704032257,UPCL,91,6,55.0,454.0,24970.0,2025-06-17
2025061701016758,GBIMEP,4,58,50.0,120.0,6000.0,2025-06-17
2025061701016757,GBIMEP,4,58,4100.0,120.0,492000.0,2025-06-17
2025061703009544,GFCL,26,26,45.0,628.0,28260.0,2025-06-17
2025061704032256,UPCL,91,26,145.0,454.0,65830.0,2025-06-17
2025061701016756,RAWA,42,3,10.0,786.5,7865.0,2025-06-17
2025061704032255,RHPL,91,58,466.0,414.0,192924.0,2025-06-17
2025061705010006,HRL,42,13,74.0,903.0,66822.0,2025-06-17
2025061705010005,HRL,51,13,37.0,903.1,33414.7,2025-06-17
2025061705010004,CIT,29,51,15.0,1893.0,28395.0,2025-06-17
2025061703009543,SKBBL,48,28,58.0,790.2,45831.6,2025-06-17
2025061703009542,SKBBL,58,28,10.0,790.3,7903.0,2025-06-17
2025061703009541,SKBBL,40,28,50.0,791.0,39550.0,2025-06-17
2025061703009540,SKBBL,49,28,45.0,791.0,35595.0,2025-06-17
2025061704032254,RIDI,6,28,50.0,282.0,14100.0,2025-06-17
2025061701016755,NIMB,3,39,413.0,209.6,86564.8,2025-06-17
2025061701016754,NIMB,44,39,65.0,209.7,13630.5,2025-06-17
2025061704032253,AHPC,48,8,925.0,298.3,275927.5,2025-06-17
2025061704032252,UPPER,49,49,30.0,198.0,5940.0,2025-06-17
2025061705010003,HRL,57,45,270.0,903.5,243945.0,2025-06-17
2025061704032251,SHL,17,57,400.0,592.0,236800.0,2025-06-17
2025061704032250,SHL,17,65,571.0,592.0,338032.0,2025-06-17
2025061704032249,SHL,17,49,1234.0,592.0,730528.0,2025-06-17
2025061704032248,SHL,17,16,200.0,591.0,118200.0,2025-06-17
2025061701016753,OMPL,11,38,10.0,1438.0,14380.0,2025-06-17
2025061703009539,GLBSL,59,19,65.0,2380.0,154700.0,2025-06-17
2025061701016752,SANIMA,17,43,950.0,315.5,299725.0,2025-06-17
2025061701016751,SANIMA,94,43,50.0,315.6,15780.0,2025-06-17
2025061701016750,SPC,8,48,20.0,505.0,10100.0,2025-06-17
2025061704032247,LEC,36,58,350.0,219.5,76825.0,2025-06-17
2025061701016749,HBL,48,58,10.0,218.0,2180.0,2025-06-17
2025061701016748,HBL,21,58,1000.0,218.0,218000.0,2025-06-17
2025061701016747,UHEWA,49,43,10.0,544.0,5440.0,2025-06-17
2025061704032246,BPCL,1,6,500.0,830.0,415000.0,2025-06-17
2025061703009538,HLI,6,6,300.0,387.0,116100.0,2025-06-17
2025061704032245,SPDL,6,41,260.0,427.5,111150.0,2025-06-17
2025061704032244,BPCL,1,29,578.0,830.0,479740.0,2025-06-17
2025061703009537,SKBBL,34,44,10.0,799.0,7990.0,2025-06-17
2025061705010002,MEL,39,52,65.0,313.2,20358.0,2025-06-17
2025061705010001,SHIVM,46,39,50.0,515.0,25750.0,2025-06-17
2025061705010000,SHIVM,62,39,80.0,515.0,41200.0,2025-06-17
2025061701016746,MKHC,48,53,200.0,414.0,82800.0,2025-06-17
2025061704032243,BPCL,1,92,2100.0,830.0,1743000.0,2025-06-17
2025061705009999,CHDC,71,7,10.0,2561.3,25613.0,2025-06-17
2025061701016745,ADBL,58,25,51.0,285.0,14535.0,2025-06-17
2025061701016744,OMPL,11,44,40.0,1438.0,57520.0,2025-06-17
2025061701016743,OMPL,14,44,50.0,1438.0,71900.0,2025-06-17
2025061701016742,NIMB,44,48,10.0,209.7,2097.0,2025-06-17
2025061704032242,UNHPL,41,42,450.0,411.0,184950.0,2025-06-17
2025061704032241,UNHPL,42,42,50.0,411.0,20550.0,2025-06-17
2025061704032240,AKPL,38,16,165.0,278.0,45870.0,2025-06-17
2025061704032239,CGH,22,80,200.0,1020.0,204000.0,2025-06-17
2025061703009536,SLBSL,1,57,10.0,1379.0,13790.0,2025-06-17
2025061704032238,SPDL,96,58,10.0,427.0,4270.0,2025-06-17
2025061704032237,SHPC,38,77,250.0,649.0,162250.0,2025-06-17
2025061704032236,NHPC,34,57,64.0,218.8,14003.2,2025-06-17
2025061703009535,SINDU,34,43,18.0,773.0,13914.0,2025-06-17
2025061703009534,SINDU,34,42,82.0,773.0,63386.0,2025-06-17
2025061701016741,OMPL,14,59,10.0,1438.0,14380.0,2025-06-17
2025061701016740,NWCL,39,22,10.0,881.0,8810.0,2025-06-17
2025061703009533,GILB,4,43,210.0,1243.0,261030.0,2025-06-17
2025061703009532,GILB,54,43,90.0,1245.0,112050.0,2025-06-17
2025061704032235,NGPL,36,56,500.0,409.0,204500.0,2025-06-17
2025061704032234,PPCL,33,22,50.0,328.7,16435.0,2025-06-17
2025061704032233,MEN,42,34,300.0,615.1,184530.0,2025-06-17
2025061704032232,BPCL,1,57,116.0,830.0,96280.0,2025-06-17
2025061704032231,API,59,52,500.0,298.5,149250.0,2025-06-17
2025061705009998,CHDC,32,45,100.0,2562.0,256200.0,2025-06-17
2025061704032230,HURJA,45,38,58.0,262.0,15196.0,2025-06-17
2025061704032229,SHPC,45,77,50.0,649.0,32450.0,2025-06-17
2025061704032228,API,6,35,200.0,299.0,59800.0,2025-06-17
2025061705009997,HRL,57,47,10.0,903.5,9035.0,2025-06-17
2025061703009531,CFCL,26,29,200.0,511.0,102200.0,2025-06-17
2025061704032227,SSHL,49,13,63.0,229.3,14445.9,2025-06-17
2025061704032226,SSHL,22,13,400.0,229.3,91720.0,2025-06-17
2025061704032225,SSHL,51,13,537.0,229.4,123187.8,2025-06-17
2025061704032224,HURJA,55,38,242.0,262.0,63404.0,2025-06-17
2025061703009530,SIFC,72,29,10.0,545.0,5450.0,2025-06-17
2025061703009529,SIFC,72,54,10.0,544.0,5440.0,2025-06-17
2025061704032223,SHL,40,66,300.0,590.0,177000.0,2025-06-17
2025061704032222,SHL,42,66,100.0,590.0,59000.0,2025-06-17
2025061704032221,SHL,58,66,1000.0,590.0,590000.0,2025-06-17
2025061704032220,SHL,5,66,500.0,590.0,295000.0,2025-06-17
2025061704032219,SHL,26,66,100.0,590.0,59000.0,2025-06-17
2025061704032218,SHL,34,66,1000.0,590.1,590100.0,2025-06-17
2025061704032217,SHL,42,66,2000.0,590.1,1180200.0,2025-06-17
2025061705009996,NRM,62,35,24.0,457.4,10977.6,2025-06-17
2025061705009995,NRM,45,35,64.0,457.5,29280.0,2025-06-17
2025061704032216,SHEL,57,35,150.0,296.6,44490.0,2025-06-17
2025061704032215,SHEL,57,35,650.0,296.8,192920.0,2025-06-17
2025061703009528,SINDU,13,91,15.0,772.0,11580.0,2025-06-17
2025061704032214,NGPL,38,8,25.0,408.0,10200.0,2025-06-17
2025061704032213,NGPL,58,8,30.0,408.0,12240.0,2025-06-17
2025061704032212,NGPL,41,8,30.0,408.0,12240.0,2025-06-17
2025061704032211,NGPL,58,8,115.0,408.0,46920.0,2025-06-17
2025061705009994,SAHAS,62,35,990.0,552.0,546480.0,2025-06-17
2025061705009993,SAHAS,62,47,10.0,552.0,5520.0,2025-06-17
2025061705009992,SAHAS,62,42,200.0,551.9,110380.0,2025-06-17
2025061703009527,ALBSL,47,48,10.0,806.2,8062.0,2025-06-17
2025061705009991,ILI,39,48,15.0,442.0,6630.0,2025-06-17
2025061705009990,ILI,42,48,10.0,442.0,4420.0,2025-06-17
2025061705009989,ILI,19,48,100.0,442.0,44200.0,2025-06-17
2025061705009988,ILI,49,48,10.0,442.0,4420.0,2025-06-17
2025061705009987,ILI,56,48,200.0,442.0,88400.0,2025-06-17
2025061705009986,ILI,35,48,200.0,442.0,88400.0,2025-06-17
2025061705009985,ILI,58,48,100.0,442.0,44200.0,2025-06-17
2025061705009984,ILI,35,48,11.0,442.0,4862.0,2025-06-17
2025061705009983,ILI,22,48,100.0,442.0,44200.0,2025-06-17
2025061705009982,ILI,16,48,100.0,442.0,44200.0,2025-06-17
2025061705009981,ILI,34,48,50.0,442.0,22100.0,2025-06-17
2025061705009980,ILI,14,48,150.0,442.0,66300.0,2025-06-17
2025061705009979,ILI,62,48,100.0,442.0,44200.0,2025-06-17
2025061705009978,ILI,42,48,100.0,442.0,44200.0,2025-06-17
2025061705009977,ILI,56,48,50.0,442.0,22100.0,2025-06-17
2025061705009976,ILI,21,48,118.0,442.0,52156.0,2025-06-17
2025061705009975,ILI,49,48,170.0,442.0,75140.0,2025-06-17
2025061705009974,ILI,45,48,101.0,442.0,44642.0,2025-06-17
2025061705009973,ILI,21,48,18.0,442.1,7957.8,2025-06-17
2025061703009526,MLBBL,48,19,82.0,1441.2,118178.4,2025-06-17
2025061704032210,SSHL,16,32,80.0,229.7,18376.0,2025-06-17
2025061704032209,SSHL,16,52,120.0,229.5,27540.0,2025-06-17
2025061704032208,UMRH,80,89,60.0,592.0,35520.0,2025-06-17
2025061704032207,BPCL,1,57,15.0,830.0,12450.0,2025-06-17
2025061704032206,HPPL,16,45,150.0,568.0,85200.0,2025-06-17
2025061704032205,HPPL,35,45,50.0,568.0,28400.0,2025-06-17
2025061704032204,HPPL,49,45,100.0,568.0,56800.0,2025-06-17
2025061704032203,HPPL,51,45,25.0,568.0,14200.0,2025-06-17
2025061704032202,SHL,63,26,100.0,590.2,59020.0,2025-06-17
2025061704032201,UNHPL,42,68,50.0,411.0,20550.0,2025-06-17
2025061701016739,CREST,34,58,1.0,1445.0,1445.0,2025-06-17
2025061704032200,JOSHI,38,28,2658.0,410.1,1090045.8,2025-06-17
2025061704032199,JOSHI,59,28,42.0,410.1,17224.2,2025-06-17
2025061705009972,GCIL,70,21,195.0,513.5,100132.5,2025-06-17
2025061705009971,MEL,42,8,10.0,313.1,3131.0,2025-06-17
2025061704032198,SHEL,33,52,200.0,296.9,59380.0,2025-06-17
2025061704032197,GHL,42,48,168.0,254.0,42672.0,2025-06-17
2025061704032196,GHL,40,48,100.0,254.0,25400.0,2025-06-17
2025061704032195,GHL,52,48,50.0,254.0,12700.0,2025-06-17
2025061704032194,GHL,36,48,200.0,254.0,50800.0,2025-06-17
2025061704032193,GHL,52,48,1185.0,254.0,300990.0,2025-06-17
2025061704032192,GHL,29,48,1000.0,254.0,254000.0,2025-06-17
2025061704032191,GHL,52,48,130.0,254.0,33020.0,2025-06-17
2025061704032190,GHL,58,48,150.0,254.0,38100.0,2025-06-17
2025061704032189,GHL,45,48,145.0,254.0,36830.0,2025-06-17
2025061704032188,GHL,17,48,108.0,254.0,27432.0,2025-06-17
2025061704032187,GHL,49,48,150.0,254.1,38115.0,2025-06-17
2025061704032186,GHL,49,48,120.0,254.1,30492.0,2025-06-17
2025061704032185,GHL,16,48,870.0,254.1,221067.0,2025-06-17
2025061705009970,NRN,58,45,100.0,1981.2,198120.0,2025-06-17
2025061704032184,JOSHI,59,57,20.0,410.1,8202.0,2025-06-17
2025061701016738,NYADI,45,21,40.0,439.7,17588.0,2025-06-17
2025061704032183,AKPL,63,26,398.0,277.6,110484.8,2025-06-17
2025061704032182,AKPL,85,26,220.0,277.6,61072.0,2025-06-17
2025061705009969,SHIVM,40,36,50.0,515.9,25795.0,2025-06-17
2025061701016737,SPL,58,1,50.0,786.1,39305.0,2025-06-17
2025061701016736,SPL,17,1,20.0,786.1,15722.0,2025-06-17
2025061701016735,SPL,10,1,21.0,786.1,16508.1,2025-06-17
2025061704032181,SGIC,43,37,197.0,551.0,108547.0,2025-06-17
2025061704032180,SGIC,42,37,75.0,551.0,41325.0,2025-06-17
2025061704032179,SGIC,42,37,118.0,551.1,65029.8,2025-06-17
2025061704032178,SGIC,57,37,10.0,551.1,5511.0,2025-06-17
2025061701016734,ULHC,28,56,180.0,468.6,84348.0,2025-06-17
2025061701016733,ULHC,42,56,50.0,468.7,23435.0,2025-06-17
2025061704032177,UMHL,5,36,200.0,538.1,107620.0,2025-06-17
2025061704032176,UMHL,80,36,100.0,538.3,53830.0,2025-06-17
2025061705009968,HATHY,57,14,10.0,1232.2,12322.0,2025-06-17
2025061701016732,MSHL,58,16,20.0,878.1,17562.0,2025-06-17
2025061701016731,MSHL,39,16,51.0,878.1,44783.1,2025-06-17
2025061701016730,MSHL,49,16,35.0,880.0,30800.0,2025-06-17
2025061701016729,MSHL,26,16,25.0,881.9,22047.5,2025-06-17
2025061701016728,MSHL,55,16,10.0,882.0,8820.0,2025-06-17
2025061701016727,MSHL,45,16,50.0,882.2,44110.0,2025-06-17
2025061701016726,MSHL,6,16,100.0,883.0,88300.0,2025-06-17
2025061701016725,MSHL,20,16,100.0,885.0,88500.0,2025-06-17
2025061701016724,MSHL,11,16,50.0,885.0,44250.0,2025-06-17
2025061701016723,MSHL,43,16,50.0,890.0,44500.0,2025-06-17
2025061701016722,MSHL,6,16,10.0,891.0,8910.0,2025-06-17
2025061705009967,HIDCL,41,54,200.0,296.9,59380.0,2025-06-17
2025061701016721,OMPL,57,26,120.0,1440.0,172800.0,2025-06-17
2025061705009966,HDL,52,8,35.0,1194.0,41790.0,2025-06-17
2025061705009965,NIFRA,52,49,200.0,280.6,56120.0,2025-06-17
2025061701016720,NMIC,44,17,50.0,1649.5,82475.0,2025-06-17
2025061703009525,GFCL,39,39,200.0,625.5,125100.0,2025-06-17
2025061703009524,NUBL,62,14,10.0,680.0,6800.0,2025-06-17
2025061701016719,KBL,42,48,150.0,205.0,30750.0,2025-06-17
2025061705009964,MBJC,38,57,30.0,327.0,9810.0,2025-06-17
2025061705009963,MBJC,58,57,190.0,327.1,62149.0,2025-06-17
2025061705009962,NSIF2,57,5,4000.0,10.74,42960.0,2025-06-17
2025061704032175,NHPC,32,6,10.0,218.5,2185.0,2025-06-17
2025061704032174,HDHPC,49,45,500.0,201.0,100500.0,2025-06-17
