transaction,symbol,buyer,seller,quantity,rate,amount,date
2024030701027562,SPC,49,88,10.0,586.0,5860.0,2024-03-07
2024030703006304,SHINE,46,38,10.0,374.9,3749.0,2024-03-07
2024030703006303,SLBBL,62,52,200.0,660.0,132000.0,2024-03-07
2024030705004573,STC,56,52,30.0,5150.0,154500.0,2024-03-07
2024030705004572,STC,56,52,30.0,5150.0,154500.0,2024-03-07
2024030705004571,STC,56,48,28.0,5149.0,144172.0,2024-03-07
2024030701027561,GCIL,19,14,20.0,540.0,10800.0,2024-03-07
2024030703006302,JBBL,34,47,10.0,295.0,2950.0,2024-03-07
2024030703006301,GBLBS,34,7,10.0,538.0,5380.0,2024-03-07
2024030703006300,GBLBS,34,26,10.0,537.0,5370.0,2024-03-07
2024030701027560,MHCL,34,40,10.0,490.0,4900.0,2024-03-07
2024030704009260,CGH,58,34,78.0,818.0,63804.0,2024-03-07
2024030704009259,CGH,58,34,20.0,818.0,16360.0,2024-03-07
2024030704009258,CGH,39,34,42.0,818.1,34360.2,2024-03-07
2024030704009257,CGH,25,34,100.0,819.0,81900.0,2024-03-07
2024030704009256,CGH,17,34,10.0,819.0,8190.0,2024-03-07
2024030705004570,NIFRA,53,8,10.0,210.4,2104.0,2024-03-07
2024030703006299,KRBL,43,61,20.0,374.0,7480.0,2024-03-07
2024030703006298,MFIL,57,32,11.0,512.5,5637.5,2024-03-07
2024030705004569,NTC,28,26,14.0,855.0,11970.0,2024-03-07
2024030701027559,SHIVM,81,28,560.0,522.0,292320.0,2024-03-07
2024030701027558,DOLTI,28,58,10.0,410.0,4100.0,2024-03-07
2024030704009255,SICL,58,58,100.0,704.0,70400.0,2024-03-07
2024030701027557,CKHL,58,58,10.0,680.0,6800.0,2024-03-07
2024030701027556,SPC,47,25,10.0,593.0,5930.0,2024-03-07
2024030704009254,HURJA,22,52,69.0,302.0,20838.0,2024-03-07
2024030704009253,HURJA,6,52,300.0,302.1,90630.0,2024-03-07
2024030704009252,HURJA,32,52,350.0,302.2,105770.0,2024-03-07
2024030704009251,API,16,58,30.0,187.0,5610.0,2024-03-07
2024030701027555,MLBS,16,29,19.0,723.0,13737.0,2024-03-07
2024030701027554,MLBS,16,21,10.0,715.7,7157.0,2024-03-07
2024030701027553,MLBS,16,16,20.0,715.5,14310.0,2024-03-07
2024030701027552,MLBS,16,58,70.0,715.0,50050.0,2024-03-07
2024030701027551,MLBS,16,38,10.0,710.0,7100.0,2024-03-07
2024030701027550,MLBS,16,16,10.0,710.0,7100.0,2024-03-07
2024030701027549,MLBS,16,56,11.0,708.9,7797.9,2024-03-07
2024030701027548,NRM,39,17,10.0,407.0,4070.0,2024-03-07
2024030701027547,HBL,50,13,100.0,190.0,19000.0,2024-03-07
2024030701027546,SHIVM,22,34,48.0,522.5,25080.0,2024-03-07
2024030701027545,SHIVM,22,3,10.0,522.3,5223.0,2024-03-07
2024030701027544,SHIVM,22,19,71.0,522.2,37076.2,2024-03-07
2024030701027543,BNHC,64,70,10.0,483.8,4838.0,2024-03-07
2024030703006297,CORBL,20,69,20.0,427.1,8542.0,2024-03-07
2024030701027542,TVCL,42,38,10.0,531.9,5319.0,2024-03-07
2024030701027541,MEL,35,57,10.0,221.0,2210.0,2024-03-07
2024030704009250,RHPL,42,39,300.0,290.0,87000.0,2024-03-07
2024030703006296,SAPDBL,7,35,10.0,255.6,2556.0,2024-03-07
2024030701027540,SANIMA,8,60,50.0,243.0,12150.0,2024-03-07
2024030701027539,SANIMA,29,60,240.0,243.0,58320.0,2024-03-07
2024030701027538,BNHC,71,70,10.0,483.8,4838.0,2024-03-07
2024030701027537,PPL,71,57,10.0,341.0,3410.0,2024-03-07
2024030704009249,GHL,42,33,150.0,153.5,23025.0,2024-03-07
2024030701027536,SPC,49,88,10.0,586.0,5860.0,2024-03-07
2024030704009248,HURJA,41,52,10.0,305.0,3050.0,2024-03-07
2024030701027535,VLUCL,34,46,30.0,536.0,16080.0,2024-03-07
2024030701027534,BNHC,32,70,90.0,483.8,43542.0,2024-03-07
2024030701027533,BNHC,32,34,10.0,483.4,4834.0,2024-03-07
2024030703006295,GUFL,72,34,10.0,654.0,6540.0,2024-03-07
2024030701027532,RFPL,49,32,58.0,353.0,20474.0,2024-03-07
2024030701027531,VLUCL,38,41,10.0,537.0,5370.0,2024-03-07
2024030701027530,SMJC,38,64,10.0,379.9,3799.0,2024-03-07
2024030703006294,FOWAD,38,36,10.0,1025.0,10250.0,2024-03-07
2024030704009247,JOSHI,62,22,99.0,363.0,35937.0,2024-03-07
2024030704009246,JOSHI,62,20,51.0,362.0,18462.0,2024-03-07
2024030701027529,NYADI,45,48,265.0,310.3,82229.5,2024-03-07
2024030701027528,NYADI,10,48,100.0,310.4,31040.0,2024-03-07
2024030701027527,NYADI,39,48,200.0,310.6,62120.0,2024-03-07
2024030701027526,NYADI,38,48,100.0,310.6,31060.0,2024-03-07
2024030701027525,NYADI,34,48,100.0,310.7,31070.0,2024-03-07
2024030701027524,NYADI,4,48,235.0,311.0,73085.0,2024-03-07
2024030704009245,BARUN,48,6,50.0,253.8,12690.0,2024-03-07
2024030704009244,JOSHI,22,20,165.0,362.9,59878.5,2024-03-07
2024030701027523,HEIP,14,21,13.0,337.1,4382.3,2024-03-07
2024030703006293,ICFC,14,51,10.0,482.9,4829.0,2024-03-07
2024030703006292,EDBL,14,42,119.0,356.5,42423.5,2024-03-07
2024030703006291,EDBL,14,42,100.0,356.0,35600.0,2024-03-07
2024030703006290,EDBL,14,49,125.0,355.0,44375.0,2024-03-07
2024030703006289,EDBL,14,58,46.0,354.0,16284.0,2024-03-07
2024030703006288,EDBL,14,6,110.0,354.0,38940.0,2024-03-07
2024030704009243,SALICO,34,44,10.0,663.9,6639.0,2024-03-07
2024030701027522,NRM,53,53,10.0,409.0,4090.0,2024-03-07
2024030701027521,SPC,44,43,10.0,587.0,5870.0,2024-03-07
2024030701027520,SPC,56,43,15.0,587.0,8805.0,2024-03-07
2024030701027519,SHIVM,81,58,50.0,522.0,26100.0,2024-03-07
2024030703006287,SLBBL,58,52,20.0,660.0,13200.0,2024-03-07
2024030701027518,JALPA,58,59,10.0,1044.0,10440.0,2024-03-07
2024030701027517,AHL,18,38,110.0,439.0,48290.0,2024-03-07
2024030704009242,UNHPL,58,63,6100.0,247.2,1507920.0,2024-03-07
2024030704009241,UNHPL,62,63,200.0,247.4,49480.0,2024-03-07
2024030704009240,UNHPL,35,63,100.0,247.5,24750.0,2024-03-07
2024030704009239,UNHPL,3,63,30.0,247.7,7431.0,2024-03-07
2024030704009238,UNHPL,52,63,100.0,248.0,24800.0,2024-03-07
2024030704009237,UNHPL,65,63,100.0,248.2,24820.0,2024-03-07
2024030704009236,UNHPL,62,63,1000.0,249.0,249000.0,2024-03-07
2024030704009235,UNHPL,43,63,400.0,249.0,99600.0,2024-03-07
2024030704009234,UNHPL,39,63,300.0,249.1,74730.0,2024-03-07
2024030704009233,UNHPL,64,63,905.0,249.1,225435.5,2024-03-07
2024030704009232,UNHPL,32,63,100.0,249.5,24950.0,2024-03-07
2024030704009231,UNHPL,16,63,500.0,250.0,125000.0,2024-03-07
2024030704009230,UNHPL,32,63,300.0,250.0,75000.0,2024-03-07
2024030704009229,UNHPL,58,63,400.0,250.0,100000.0,2024-03-07
2024030704009228,UNHPL,32,63,465.0,250.2,116343.0,2024-03-07
2024030701027516,UHEWA,49,29,500.0,352.0,176000.0,2024-03-07
2024030701027515,UHEWA,49,41,500.0,351.5,175750.0,2024-03-07
2024030704009227,NGPL,17,32,17.0,308.0,5236.0,2024-03-07
2024030703006286,GRDBL,88,49,10.0,361.0,3610.0,2024-03-07
2024030704009226,AKPL,50,45,100.0,184.8,18480.0,2024-03-07
2024030703006285,MPFL,45,13,10.0,362.9,3629.0,2024-03-07
2024030705004568,HIDCL,22,41,20.0,174.2,3484.0,2024-03-07
2024030703006284,MLBSL,29,13,2.0,1590.0,3180.0,2024-03-07
2024030703006283,ALICL,44,8,10.0,556.9,5569.0,2024-03-07
2024030701027514,PCBL,44,59,30.0,192.8,5784.0,2024-03-07
2024030704009225,HEI,39,44,205.0,575.0,117875.0,2024-03-07
2024030704009224,HEI,19,44,25.0,575.0,14375.0,2024-03-07
2024030704009223,HEI,41,44,10.0,577.0,5770.0,2024-03-07
2024030704009222,HEI,57,44,10.0,577.0,5770.0,2024-03-07
2024030701027513,BNHC,64,36,100.0,483.0,48300.0,2024-03-07
2024030701027512,BNHC,64,57,15.0,482.0,7230.0,2024-03-07
2024030701027511,BNHC,64,56,70.0,480.0,33600.0,2024-03-07
2024030701027510,BHL,64,58,140.0,364.0,50960.0,2024-03-07
2024030701027509,BHL,64,57,100.0,361.5,36150.0,2024-03-07
2024030701027508,BHL,64,49,10.0,361.0,3610.0,2024-03-07
2024030701027507,BHL,64,6,500.0,361.0,180500.0,2024-03-07
2024030701027506,BHL,64,19,20.0,361.0,7220.0,2024-03-07
2024030701027505,BHL,64,61,10.0,361.0,3610.0,2024-03-07
2024030701027504,BHL,64,34,10.0,361.0,3610.0,2024-03-07
2024030701027503,BHL,64,41,10.0,361.0,3610.0,2024-03-07
2024030701027502,BHL,64,25,230.0,360.9,83007.0,2024-03-07
2024030701027501,BHL,64,64,100.0,360.8,36080.0,2024-03-07
2024030701027500,BHL,64,49,50.0,360.8,18040.0,2024-03-07
2024030701027499,BHL,64,56,100.0,360.7,36070.0,2024-03-07
2024030701027498,BHL,64,11,10.0,360.0,3600.0,2024-03-07
2024030701027497,BHL,64,53,10.0,360.0,3600.0,2024-03-07
2024030704009221,RIDI,71,25,20.0,191.6,3832.0,2024-03-07
2024030701027496,RNLI,49,45,10.0,437.1,4371.0,2024-03-07
2024030701027495,RNLI,28,45,100.0,437.1,43710.0,2024-03-07
2024030701027494,RNLI,1,45,20.0,437.2,8744.0,2024-03-07
2024030701027493,RNLI,40,45,20.0,437.5,8750.0,2024-03-07
2024030701027492,RNLI,39,45,140.0,437.5,61250.0,2024-03-07
2024030701027491,RNLI,45,45,200.0,438.0,87600.0,2024-03-07
2024030703006282,RSDC,25,39,10.0,534.9,5349.0,2024-03-07
2024030703006281,SFCL,45,16,10.0,307.0,3070.0,2024-03-07
2024030703006280,GILB,25,58,20.0,804.0,16080.0,2024-03-07
2024030703006279,GILB,25,35,50.0,796.0,39800.0,2024-03-07
2024030701027490,SONA,25,26,21.0,506.0,10626.0,2024-03-07
2024030703006278,SFCL,59,16,10.0,307.0,3070.0,2024-03-07
2024030701027489,HATHY,69,44,10.0,918.0,9180.0,2024-03-07
2024030701027488,SMH,84,45,10.0,682.0,6820.0,2024-03-07
2024030701027487,SMH,84,3,10.0,682.0,6820.0,2024-03-07
2024030704009220,RBCL,29,35,10.0,14010.0,140100.0,2024-03-07
2024030701027486,BHL,71,53,10.0,360.0,3600.0,2024-03-07
2024030701027485,SPHL,19,52,10.0,479.0,4790.0,2024-03-07
2024030701027484,SPHL,19,84,490.0,479.0,234710.0,2024-03-07
2024030701027483,SONA,41,26,10.0,506.0,5060.0,2024-03-07
2024030701027482,TSHL,62,62,10.0,487.0,4870.0,2024-03-07
2024030701027481,TAMOR,81,38,10.0,393.2,3932.0,2024-03-07
2024030703006277,ILBS,38,17,50.0,704.0,35200.0,2024-03-07
2024030701027480,KBL,48,3,410.0,144.0,59040.0,2024-03-07
2024030701027479,TPC,48,11,10.0,554.0,5540.0,2024-03-07
2024030705004567,NRIC,6,17,457.0,757.0,345949.0,2024-03-07
2024030705004566,NRIC,6,25,43.0,757.0,32551.0,2024-03-07
2024030704009219,JOSHI,21,22,10.0,363.0,3630.0,2024-03-07
2024030704009218,UMRH,11,34,100.0,363.1,36310.0,2024-03-07
2024030704009217,UMRH,45,34,200.0,364.0,72800.0,2024-03-07
2024030704009216,UMRH,34,34,40.0,364.0,14560.0,2024-03-07
2024030704009215,HPPL,43,70,10.0,277.0,2770.0,2024-03-07
2024030701027478,SPL,57,11,10.0,664.0,6640.0,2024-03-07
2024030701027477,HATHY,34,26,25.0,915.0,22875.0,2024-03-07
2024030701027476,MKHL,37,75,10.0,374.0,3740.0,2024-03-07
2024030701027475,EBL,6,58,10.0,508.0,5080.0,2024-03-07
2024030704009214,HDHPC,40,1,110.0,142.4,15664.0,2024-03-07
2024030704009213,HDHPC,16,1,30.0,142.5,4275.0,2024-03-07
2024030704009212,HDHPC,41,1,90.0,142.5,12825.0,2024-03-07
2024030704009211,HDHPC,17,1,100.0,142.5,14250.0,2024-03-07
2024030704009210,HDHPC,51,1,100.0,142.5,14250.0,2024-03-07
2024030704009209,HDHPC,28,1,500.0,142.5,71250.0,2024-03-07
2024030704009208,HDHPC,58,1,70.0,142.5,9975.0,2024-03-07
2024030701027474,RNLI,16,21,50.0,439.0,21950.0,2024-03-07
2024030701027473,RNLI,16,40,150.0,439.0,65850.0,2024-03-07
2024030701027472,BEDC,49,56,10.0,360.0,3600.0,2024-03-07
2024030701027471,MCHL,42,94,20.0,339.0,6780.0,2024-03-07
2024030701027470,MAKAR,50,45,50.0,400.0,20000.0,2024-03-07
2024030701027469,PCBL,44,59,20.0,192.8,3856.0,2024-03-07
2024030701027468,TVCL,64,38,10.0,531.9,5319.0,2024-03-07
2024030701027467,ILI,32,45,10.0,523.0,5230.0,2024-03-07
2024030703006276,SIFC,45,38,10.0,358.3,3583.0,2024-03-07
2024030704009207,BARUN,45,6,10.0,253.8,2538.0,2024-03-07
2024030703006275,MSLB,45,42,23.0,862.8,19844.4,2024-03-07
2024030703006274,MSLB,45,4,58.0,862.5,50025.0,2024-03-07
2024030703006273,MSLB,45,14,20.0,860.0,17200.0,2024-03-07
2024030703006272,MSLB,45,19,35.0,845.0,29575.0,2024-03-07
2024030703006271,MSLB,45,52,34.0,844.0,28696.0,2024-03-07
2024030703006270,MSLB,45,42,20.0,844.0,16880.0,2024-03-07
2024030703006269,MSLB,45,52,90.0,844.0,75960.0,2024-03-07
2024030701027466,EHPL,84,58,20.0,455.9,9118.0,2024-03-07
2024030704009206,RIDI,42,57,10.0,192.0,1920.0,2024-03-07
2024030701027465,TAMOR,77,19,10.0,394.4,3944.0,2024-03-07
2024030701027464,SMHL,77,25,20.0,449.0,8980.0,2024-03-07
2024030703006268,SHINE,62,41,200.0,372.5,74500.0,2024-03-07
2024030701027463,AVYAN,95,6,129.0,587.1,75735.9,2024-03-07
2024030701027462,AVYAN,95,6,71.0,587.3,41698.3,2024-03-07
2024030701027461,KBL,25,3,100.0,144.0,14400.0,2024-03-07
2024030701027460,KBL,25,49,300.0,143.9,43170.0,2024-03-07
2024030701027459,GCIL,25,45,371.0,545.0,202195.0,2024-03-07
2024030701027458,GCIL,25,57,50.0,545.0,27250.0,2024-03-07
2024030701027457,GCIL,25,36,10.0,545.0,5450.0,2024-03-07
2024030701027456,GCIL,25,32,100.0,545.0,54500.0,2024-03-07
2024030701027455,GCIL,25,22,150.0,545.0,81750.0,2024-03-07
2024030701027454,GCIL,25,62,10.0,545.0,5450.0,2024-03-07
2024030701027453,GCIL,25,41,10.0,545.0,5450.0,2024-03-07
2024030701027452,GCIL,25,44,10.0,545.0,5450.0,2024-03-07
2024030701027451,GCIL,25,69,100.0,544.9,54490.0,2024-03-07
2024030701027450,GCIL,25,57,500.0,544.9,272450.0,2024-03-07
2024030701027449,GCIL,25,22,20.0,544.0,10880.0,2024-03-07
2024030701027448,GCIL,25,42,300.0,544.0,163200.0,2024-03-07
2024030701027447,GCIL,25,52,800.0,544.0,435200.0,2024-03-07
2024030701027446,GCIL,25,41,10.0,544.0,5440.0,2024-03-07
2024030701027445,GCIL,25,49,10.0,544.0,5440.0,2024-03-07
2024030701027444,GCIL,25,51,100.0,544.0,54400.0,2024-03-07
2024030701027443,GCIL,25,45,10.0,544.0,5440.0,2024-03-07
2024030701027442,GCIL,25,58,10.0,544.0,5440.0,2024-03-07
2024030701027441,GCIL,25,48,89.0,544.0,48416.0,2024-03-07
2024030701027440,GCIL,25,22,10.0,543.0,5430.0,2024-03-07
2024030701027439,GCIL,25,42,1500.0,543.0,814500.0,2024-03-07
2024030701027438,GCIL,25,7,110.0,543.0,59730.0,2024-03-07
2024030701027437,GCIL,25,58,500.0,542.9,271450.0,2024-03-07
2024030701027436,GCIL,25,45,50.0,542.0,27100.0,2024-03-07
2024030701027435,GCIL,25,38,50.0,542.0,27100.0,2024-03-07
2024030701027434,GCIL,25,85,120.0,542.0,65040.0,2024-03-07
2024030705004565,HRL,66,25,80.0,624.0,49920.0,2024-03-07
2024030701027433,RFPL,49,56,10.0,353.0,3530.0,2024-03-07
2024030704009205,UMRH,67,32,79.0,368.4,29103.6,2024-03-07
2024030704009204,UMRH,67,14,21.0,367.0,7707.0,2024-03-07
2024030701027432,TSHL,34,62,10.0,487.0,4870.0,2024-03-07
2024030703006267,NLIC,45,43,10.0,596.0,5960.0,2024-03-07
2024030701027431,CLI,26,22,10.0,447.9,4479.0,2024-03-07
2024030701027430,CLI,26,22,10.0,447.7,4477.0,2024-03-07
2024030701027429,CLI,26,39,10.0,447.5,4475.0,2024-03-07
2024030704009203,MEN,13,37,20.0,623.0,12460.0,2024-03-07
2024030701027428,TSHL,58,62,10.0,487.0,4870.0,2024-03-07
2024030705004564,ENL,77,52,60.0,763.1,45786.0,2024-03-07
2024030705004563,ENL,21,52,20.0,764.0,15280.0,2024-03-07
2024030705004562,ENL,42,52,10.0,765.0,7650.0,2024-03-07
2024030705004561,HRL,1,25,10.0,624.0,6240.0,2024-03-07
2024030701027427,CITY,17,56,20.0,597.0,11940.0,2024-03-07
2024030704009202,SSHL,65,52,10.0,171.0,1710.0,2024-03-07
2024030701027426,SAHAS,65,34,90.0,537.0,48330.0,2024-03-07
2024030701027425,SAHAS,65,48,10.0,536.0,5360.0,2024-03-07
2024030703006266,DDBL,7,17,10.0,749.0,7490.0,2024-03-07
2024030701027424,SBL,50,52,10.0,223.0,2230.0,2024-03-07
2024030701027423,PRVU,22,17,110.0,145.0,15950.0,2024-03-07
2024030703006265,FMDBL,50,44,21.0,590.0,12390.0,2024-03-07
2024030703006264,FMDBL,6,44,19.0,590.1,11211.9,2024-03-07
2024030703006263,LICN,32,45,280.0,1325.1,371028.0,2024-03-07
2024030703006262,LICN,39,45,10.0,1325.2,13252.0,2024-03-07
2024030701027422,SONA,42,26,50.0,506.0,25300.0,2024-03-07
2024030701027421,DOLTI,71,56,10.0,409.0,4090.0,2024-03-07
2024030701027420,DOLTI,71,41,10.0,409.0,4090.0,2024-03-07
2024030701027419,DOLTI,71,10,50.0,408.0,20400.0,2024-03-07
2024030701027418,DOLTI,71,42,10.0,408.0,4080.0,2024-03-07
2024030701027417,DOLTI,71,29,10.0,408.0,4080.0,2024-03-07
2024030701027416,DOLTI,71,38,200.0,408.0,81600.0,2024-03-07
2024030701027415,DOLTI,71,35,10.0,408.0,4080.0,2024-03-07
2024030701027414,DOLTI,71,61,590.0,408.0,240720.0,2024-03-07
2024030703006261,NFS,34,35,100.0,357.0,35700.0,2024-03-07
2024030704009201,NHDL,32,35,10.0,438.0,4380.0,2024-03-07
2024030704009200,NHDL,32,36,150.0,431.0,64650.0,2024-03-07
2024030703006260,KRBL,32,61,50.0,374.0,18700.0,2024-03-07
2024030701027413,DLBS,38,3,10.0,856.0,8560.0,2024-03-07
2024030701027412,DLBS,38,44,10.0,855.0,8550.0,2024-03-07
2024030701027411,DLBS,38,41,10.0,855.0,8550.0,2024-03-07
2024030701027410,DLBS,38,59,10.0,855.0,8550.0,2024-03-07
2024030701027409,DLBS,38,47,10.0,855.0,8550.0,2024-03-07
2024030701027408,SHIVM,81,66,571.0,522.0,298062.0,2024-03-07
2024030701027407,MBL,50,57,68.0,180.1,12246.8,2024-03-07
2024030704009199,JOSHI,22,58,330.0,362.9,119757.0,2024-03-07
2024030701027406,PPL,58,57,10.0,341.0,3410.0,2024-03-07
2024030703006259,SLBBL,58,52,110.0,660.0,72600.0,2024-03-07
2024030703006258,SLBBL,58,10,200.0,621.1,124220.0,2024-03-07
2024030703006257,SLBBL,58,45,25.0,621.1,15527.5,2024-03-07
2024030703006256,SLBBL,58,43,100.0,621.0,62100.0,2024-03-07
2024030703006255,SLBBL,58,17,200.0,621.0,124200.0,2024-03-07
2024030703006254,SLBBL,58,38,50.0,621.0,31050.0,2024-03-07
2024030703006253,SLBBL,58,45,50.0,621.0,31050.0,2024-03-07
2024030703006252,SLBBL,58,16,119.0,620.0,73780.0,2024-03-07
2024030703006251,SLBBL,58,13,500.0,609.0,304500.0,2024-03-07
2024030701027405,NABIL,58,13,13.0,445.5,5791.5,2024-03-07
2024030701027404,MEHL,38,39,10.0,299.0,2990.0,2024-03-07
2024030703006250,SJLIC,38,29,173.0,466.1,80635.3,2024-03-07
2024030703006249,SJLIC,49,29,10.0,466.2,4662.0,2024-03-07
2024030703006248,SJLIC,25,29,17.0,468.0,7956.0,2024-03-07
2024030701027403,ULHC,58,29,650.0,328.7,213655.0,2024-03-07
2024030704009198,JOSHI,22,7,425.0,362.0,153850.0,2024-03-07
2024030704009197,JOSHI,22,13,80.0,362.0,28960.0,2024-03-07
2024030704009196,HURJA,64,52,100.0,305.0,30500.0,2024-03-07
2024030703006247,RLFL,22,16,125.0,361.9,45237.5,2024-03-07
2024030701027402,MHCL,44,40,500.0,490.0,245000.0,2024-03-07
2024030703006246,MNBBL,58,45,75.0,351.0,26325.0,2024-03-07
2024030701027401,CYCL,25,45,10.0,1341.0,13410.0,2024-03-07
2024030701027400,PRVU,26,45,15.0,144.0,2160.0,2024-03-07
2024030701027399,BNHC,60,56,20.0,480.0,9600.0,2024-03-07
2024030701027398,SHIVM,81,46,20.0,522.0,10440.0,2024-03-07
2024030701027397,CYCL,62,21,44.0,1425.0,62700.0,2024-03-07
2024030701027396,CYCL,62,43,20.0,1417.8,28356.0,2024-03-07
2024030701027395,CYCL,62,41,55.0,1417.0,77935.0,2024-03-07
2024030701027394,CYCL,62,21,221.0,1417.0,313157.0,2024-03-07
2024030701027393,CYCL,62,41,100.0,1417.0,141700.0,2024-03-07
2024030701027392,CYCL,62,41,10.0,1408.0,14080.0,2024-03-07
2024030701027391,CYCL,62,39,10.0,1408.0,14080.0,2024-03-07
2024030701027390,CYCL,62,33,10.0,1408.0,14080.0,2024-03-07
2024030701027389,CYCL,62,34,100.0,1408.0,140800.0,2024-03-07
2024030701027388,CYCL,62,7,60.0,1408.0,84480.0,2024-03-07
2024030701027387,CYCL,62,48,50.0,1390.0,69500.0,2024-03-07
2024030701027386,CYCL,62,5,10.0,1390.0,13900.0,2024-03-07
2024030701027385,CYCL,62,85,300.0,1389.0,416700.0,2024-03-07
2024030701027384,CYCL,62,67,10.0,1380.0,13800.0,2024-03-07
2024030701027383,SMHL,77,47,10.0,446.0,4460.0,2024-03-07
2024030703006245,GBBL,4,57,57.0,367.0,20919.0,2024-03-07
2024030703006244,GBBL,4,45,478.0,367.0,175426.0,2024-03-07
2024030703006243,GBBL,4,47,500.0,366.5,183250.0,2024-03-07
2024030701027382,MEL,38,62,250.0,220.0,55000.0,2024-03-07
2024030703006242,GMFBS,48,34,10.0,846.0,8460.0,2024-03-07
2024030701027381,SHIVM,81,51,100.0,522.0,52200.0,2024-03-07
2024030704009195,UMRH,25,14,10.0,367.0,3670.0,2024-03-07
2024030703006241,GBLBS,34,25,10.0,535.0,5350.0,2024-03-07
2024030705004560,HRL,26,59,10.0,623.5,6235.0,2024-03-07
2024030701027380,DOLTI,28,61,110.0,408.0,44880.0,2024-03-07
2024030701027379,DOLTI,28,80,100.0,407.0,40700.0,2024-03-07
2024030704009194,PRIN,18,18,160.0,763.8,122208.0,2024-03-07
2024030704009193,PRIN,18,44,100.0,763.5,76350.0,2024-03-07
2024030704009192,PRIN,18,33,40.0,763.0,30520.0,2024-03-07
2024030704009191,SHEL,58,58,10.0,217.0,2170.0,2024-03-07
2024030703006240,NFS,49,51,10.0,358.9,3589.0,2024-03-07
2024030704009190,AHPC,50,57,500.0,186.8,93400.0,2024-03-07
2024030701027378,SONA,90,26,100.0,506.0,50600.0,2024-03-07
2024030704009189,KPCL,85,42,13.0,415.0,5395.0,2024-03-07
2024030701027377,GCIL,91,85,10.0,542.0,5420.0,2024-03-07
2024030701027376,MKCL,42,34,10.0,945.0,9450.0,2024-03-07
2024030701027375,GVL,42,58,90.0,435.0,39150.0,2024-03-07
2024030701027374,HATHY,11,32,100.0,915.1,91510.0,2024-03-07
2024030703006239,LBBL,41,58,20.0,385.0,7700.0,2024-03-07
2024030704009188,NHPC,26,41,432.0,161.0,69552.0,2024-03-07
2024030704009187,NHPC,62,41,60.0,161.0,9660.0,2024-03-07
2024030704009186,NHPC,26,41,2500.0,161.0,402500.0,2024-03-07
2024030704009185,NHPC,42,41,60.0,161.0,9660.0,2024-03-07
2024030704009184,NHPC,6,41,1000.0,161.0,161000.0,2024-03-07
2024030704009183,NHPC,35,41,100.0,161.0,16100.0,2024-03-07
2024030704009182,NHPC,44,41,30.0,161.0,4830.0,2024-03-07
2024030704009181,NHPC,54,41,500.0,161.0,80500.0,2024-03-07
2024030704009180,NHPC,58,41,100.0,161.1,16110.0,2024-03-07
2024030704009179,NHPC,35,41,1050.0,161.1,169155.0,2024-03-07
2024030704009178,NHPC,58,41,500.0,161.1,80550.0,2024-03-07
2024030704009177,NHPC,57,41,118.0,161.1,19009.8,2024-03-07
2024030704009176,NHPC,38,41,50.0,161.6,8080.0,2024-03-07
2024030703006238,SJLIC,25,5,50.0,468.0,23400.0,2024-03-07
2024030703006237,MPFL,34,11,10.0,363.0,3630.0,2024-03-07
2024030701027373,DORDI,77,57,30.0,440.1,13203.0,2024-03-07
2024030701027372,DORDI,45,57,145.0,440.2,63829.0,2024-03-07
2024030701027371,DORDI,49,57,140.0,440.8,61712.0,2024-03-07
2024030701027370,DORDI,46,57,100.0,440.8,44080.0,2024-03-07
2024030701027369,DORDI,42,57,29.0,441.0,12789.0,2024-03-07
2024030701027368,DORDI,38,57,125.0,441.0,55125.0,2024-03-07
2024030701027367,DORDI,19,57,10.0,441.0,4410.0,2024-03-07
2024030701027366,DORDI,77,57,30.0,441.1,13233.0,2024-03-07
2024030701027365,DORDI,57,57,50.0,443.0,22150.0,2024-03-07
2024030701027364,DORDI,77,57,20.0,443.1,8862.0,2024-03-07
2024030701027363,DORDI,17,57,50.0,443.2,22160.0,2024-03-07
2024030701027362,DORDI,90,57,70.0,444.0,31080.0,2024-03-07
2024030703006236,GUFL,74,28,100.0,653.9,65390.0,2024-03-07
2024030703006235,GUFL,74,42,100.0,653.5,65350.0,2024-03-07
2024030703006234,GUFL,74,38,50.0,653.0,32650.0,2024-03-07
2024030703006233,GUFL,74,44,300.0,653.0,195900.0,2024-03-07
2024030703006232,GUFL,74,42,100.0,653.0,65300.0,2024-03-07
2024030703006231,GUFL,74,58,20.0,653.0,13060.0,2024-03-07
2024030703006230,GUFL,74,6,90.0,652.0,58680.0,2024-03-07
2024030703006229,GUFL,74,49,200.0,652.0,130400.0,2024-03-07
2024030701027361,CKHL,58,49,1000.0,680.0,680000.0,2024-03-07
2024030703006228,GBBL,45,49,50.0,366.0,18300.0,2024-03-07
2024030701027360,MKHC,56,49,10.0,295.6,2956.0,2024-03-07
2024030705004559,STC,56,13,40.0,5110.0,204400.0,2024-03-07
2024030705004558,STC,49,13,10.0,5111.0,51110.0,2024-03-07
2024030701027359,HHL,59,22,10.0,332.0,3320.0,2024-03-07
2024030701027358,PPL,44,55,10.0,336.0,3360.0,2024-03-07
2024030703006227,KSBBL,35,19,69.0,344.9,23798.1,2024-03-07
2024030703006226,SINDU,32,20,97.0,338.1,32795.7,2024-03-07
2024030703006225,SINDU,25,20,53.0,338.2,17924.6,2024-03-07
2024030701027357,GCIL,38,85,10.0,542.0,5420.0,2024-03-07
2024030701027356,CKHL,58,38,10.0,680.0,6800.0,2024-03-07
2024030701027355,SONA,14,26,281.0,506.0,142186.0,2024-03-07
2024030701027354,SONA,14,57,10.0,506.0,5060.0,2024-03-07
2024030701027353,SONA,14,8,10.0,506.0,5060.0,2024-03-07
2024030701027352,SONA,14,7,10.0,506.0,5060.0,2024-03-07
2024030701027351,SONA,14,61,129.0,506.0,65274.0,2024-03-07
2024030701027350,SONA,14,42,60.0,505.3,30318.0,2024-03-07
2024030704009175,NLG,43,45,100.0,780.0,78000.0,2024-03-07
2024030701027349,GVL,57,58,10.0,435.0,4350.0,2024-03-07
2024030704009174,NHPC,57,21,90.0,161.8,14562.0,2024-03-07
2024030701027348,BNHC,28,57,10.0,476.0,4760.0,2024-03-07
2024030701027347,NICA,28,33,10.0,421.9,4219.0,2024-03-07
2024030701027346,UNLB,62,57,10.0,1315.0,13150.0,2024-03-07
2024030701027345,PRVU,28,17,15.0,145.0,2175.0,2024-03-07
2024030703006224,FOWAD,25,47,32.0,1021.0,32672.0,2024-03-07
2024030703006223,DDBL,25,47,13.0,746.0,9698.0,2024-03-07
2024030701027344,GVL,7,58,10.0,435.0,4350.0,2024-03-07
2024030701027343,PHCL,58,45,10.0,349.8,3498.0,2024-03-07
2024030701027342,PHCL,58,7,200.0,344.0,68800.0,2024-03-07
2024030701027341,PHCL,58,6,10.0,334.9,3349.0,2024-03-07
2024030701027340,PHCL,58,45,200.0,334.9,66980.0,2024-03-07
2024030701027339,PHCL,58,17,250.0,334.9,83725.0,2024-03-07
2024030701027338,PHCL,58,49,1100.0,334.9,368390.0,2024-03-07
2024030701027337,PHCL,58,47,497.0,334.9,166445.3,2024-03-07
2024030701027336,PHCL,58,34,10.0,334.9,3349.0,2024-03-07
2024030701027335,PHCL,58,7,100.0,334.5,33450.0,2024-03-07
2024030701027334,PHCL,58,58,500.0,334.5,167250.0,2024-03-07
2024030701027333,PHCL,58,67,1000.0,334.5,334500.0,2024-03-07
2024030701027332,PHCL,58,49,10.0,334.5,3345.0,2024-03-07
2024030701027331,PHCL,58,47,1500.0,334.5,501750.0,2024-03-07
2024030701027330,PHCL,58,7,30.0,334.5,10035.0,2024-03-07
2024030701027329,PHCL,58,32,10.0,334.5,3345.0,2024-03-07
2024030701027328,PHCL,58,38,100.0,334.5,33450.0,2024-03-07
2024030701027327,PHCL,58,68,500.0,334.0,167000.0,2024-03-07
2024030701027326,PHCL,58,7,30.0,334.0,10020.0,2024-03-07
2024030701027325,PHCL,58,43,200.0,334.0,66800.0,2024-03-07
2024030701027324,PHCL,58,36,10.0,334.0,3340.0,2024-03-07
2024030701027323,PHCL,58,14,350.0,333.5,116725.0,2024-03-07
2024030701027322,PHCL,58,16,200.0,333.5,66700.0,2024-03-07
2024030701027321,PHCL,58,42,500.0,333.5,166750.0,2024-03-07
2024030701027320,PHCL,58,36,300.0,333.5,100050.0,2024-03-07
2024030701027319,PHCL,58,42,100.0,333.5,33350.0,2024-03-07
2024030701027318,PHCL,58,58,10.0,333.0,3330.0,2024-03-07
2024030701027317,PHCL,58,32,10.0,333.0,3330.0,2024-03-07
2024030701027316,PHCL,58,11,10.0,332.5,3325.0,2024-03-07
2024030701027315,PHCL,58,17,10.0,332.0,3320.0,2024-03-07
2024030701027314,PHCL,58,42,500.0,331.6,165800.0,2024-03-07
2024030701027313,PHCL,58,69,1000.0,331.5,331500.0,2024-03-07
2024030701027312,PHCL,58,58,200.0,331.5,66300.0,2024-03-07
2024030701027311,PHCL,58,45,212.0,331.5,70278.0,2024-03-07
2024030701027310,PHCL,58,45,10.0,331.5,3315.0,2024-03-07
2024030701027309,PHCL,58,62,574.0,331.5,190281.0,2024-03-07
2024030701027308,PHCL,58,1,30.0,331.5,9945.0,2024-03-07
2024030701027307,PHCL,58,7,20.0,331.5,6630.0,2024-03-07
2024030701027306,PHCL,58,58,510.0,331.0,168810.0,2024-03-07
2024030701027305,PHCL,58,58,10.0,331.0,3310.0,2024-03-07
2024030701027304,PHCL,58,41,10.0,331.0,3310.0,2024-03-07
2024030701027303,PHCL,58,69,1225.0,331.0,405475.0,2024-03-07
2024030701027302,PHCL,58,57,10.0,331.0,3310.0,2024-03-07
2024030701027301,PHCL,58,38,1000.0,331.0,331000.0,2024-03-07
2024030701027300,PHCL,58,45,1500.0,331.0,496500.0,2024-03-07
2024030701027299,PHCL,58,58,10.0,331.0,3310.0,2024-03-07
2024030701027298,PHCL,58,35,10.0,331.0,3310.0,2024-03-07
2024030701027297,PHCL,58,52,1000.0,330.4,330400.0,2024-03-07
2024030701027296,PHCL,58,48,10.0,330.4,3304.0,2024-03-07
2024030701027295,PHCL,58,38,10.0,330.3,3303.0,2024-03-07
2024030701027294,PHCL,58,39,500.0,330.3,165150.0,2024-03-07
2024030701027293,PHCL,58,59,10.0,330.1,3301.0,2024-03-07
2024030701027292,PHCL,58,51,10.0,330.1,3301.0,2024-03-07
2024030701027291,PHCL,58,42,10.0,330.0,3300.0,2024-03-07
2024030701027290,PHCL,58,55,1000.0,330.0,330000.0,2024-03-07
2024030701027289,PHCL,58,38,680.0,330.0,224400.0,2024-03-07
2024030701027288,PHCL,58,34,150.0,330.0,49500.0,2024-03-07
2024030701027287,PHCL,58,38,10.0,330.0,3300.0,2024-03-07
2024030701027286,PHCL,58,7,10.0,330.0,3300.0,2024-03-07
2024030701027285,PHCL,58,49,10.0,330.0,3300.0,2024-03-07
2024030701027284,PHCL,58,56,10.0,330.0,3300.0,2024-03-07
2024030701027283,PHCL,58,58,10.0,330.0,3300.0,2024-03-07
2024030701027282,PHCL,58,57,10.0,330.0,3300.0,2024-03-07
2024030701027281,PHCL,58,58,500.0,330.0,165000.0,2024-03-07
2024030701027280,PHCL,58,1,10.0,330.0,3300.0,2024-03-07
2024030701027279,PHCL,58,55,10.0,330.0,3300.0,2024-03-07
2024030701027278,PHCL,58,32,10.0,330.0,3300.0,2024-03-07
2024030701027277,PHCL,58,22,10.0,330.0,3300.0,2024-03-07
2024030701027276,PHCL,58,28,10.0,330.0,3300.0,2024-03-07
2024030701027275,PHCL,58,7,10.0,330.0,3300.0,2024-03-07
2024030701027274,PHCL,58,49,200.0,329.9,65980.0,2024-03-07
2024030701027273,PHCL,58,7,10.0,329.8,3298.0,2024-03-07
2024030701027272,PHCL,58,35,10.0,329.4,3294.0,2024-03-07
2024030701027271,PHCL,58,19,10.0,329.4,3294.0,2024-03-07
2024030701027270,PHCL,58,35,10.0,329.4,3294.0,2024-03-07
2024030701027269,PHCL,58,51,10.0,329.0,3290.0,2024-03-07
2024030701027268,PHCL,58,46,10.0,329.0,3290.0,2024-03-07
2024030701027267,PHCL,58,43,500.0,329.0,164500.0,2024-03-07
2024030701027266,PHCL,58,55,10.0,329.0,3290.0,2024-03-07
2024030701027265,PHCL,58,38,100.0,328.7,32870.0,2024-03-07
2024030701027264,PHCL,58,49,10.0,328.5,3285.0,2024-03-07
2024030701027263,PHCL,58,32,10.0,328.4,3284.0,2024-03-07
2024030701027262,PHCL,58,7,10.0,328.4,3284.0,2024-03-07
2024030701027261,PHCL,58,7,20.0,328.3,6566.0,2024-03-07
2024030701027260,PHCL,58,7,10.0,328.2,3282.0,2024-03-07
2024030701027259,PHCL,58,7,10.0,328.1,3281.0,2024-03-07
2024030701027258,PHCL,58,55,60.0,328.0,19680.0,2024-03-07
2024030701027257,PHCL,58,64,50.0,328.0,16400.0,2024-03-07
2024030701027256,PHCL,58,59,30.0,328.0,9840.0,2024-03-07
2024030701027255,PHCL,58,34,10.0,328.0,3280.0,2024-03-07
2024030701027254,PHCL,58,48,10.0,328.0,3280.0,2024-03-07
2024030701027253,PHCL,58,47,10.0,328.0,3280.0,2024-03-07
2024030701027252,PHCL,58,22,10.0,328.0,3280.0,2024-03-07
2024030701027251,PHCL,58,58,10.0,328.0,3280.0,2024-03-07
2024030701027250,PHCL,58,39,300.0,328.0,98400.0,2024-03-07
2024030701027249,PHCL,58,41,10.0,328.0,3280.0,2024-03-07
2024030701027248,PHCL,58,55,10.0,328.0,3280.0,2024-03-07
2024030701027247,PHCL,58,14,10.0,328.0,3280.0,2024-03-07
2024030701027246,PHCL,58,48,10.0,328.0,3280.0,2024-03-07
2024030701027245,PHCL,58,42,10.0,328.0,3280.0,2024-03-07
2024030701027244,PHCL,58,41,10.0,328.0,3280.0,2024-03-07
2024030701027243,PHCL,58,54,10.0,328.0,3280.0,2024-03-07
2024030701027242,PHCL,58,54,10.0,328.0,3280.0,2024-03-07
2024030701027241,PHCL,58,21,10.0,327.9,3279.0,2024-03-07
2024030701027240,PHCL,58,7,10.0,327.9,3279.0,2024-03-07
2024030701027239,PHCL,58,53,10.0,327.0,3270.0,2024-03-07
2024030701027238,PHCL,58,52,10.0,327.0,3270.0,2024-03-07
2024030701027237,PHCL,58,7,10.0,327.0,3270.0,2024-03-07
2024030701027236,PHCL,58,56,10.0,327.0,3270.0,2024-03-07
2024030701027235,PHCL,58,58,300.0,327.0,98100.0,2024-03-07
2024030701027234,PHCL,58,55,740.0,327.0,241980.0,2024-03-07
2024030701027233,PHCL,58,34,100.0,326.9,32690.0,2024-03-07
2024030701027232,PHCL,58,35,10.0,326.8,3268.0,2024-03-07
2024030701027231,PHCL,58,49,10.0,326.5,3265.0,2024-03-07
2024030701027230,PHCL,58,22,10.0,326.5,3265.0,2024-03-07
2024030701027229,PHCL,58,32,10.0,326.0,3260.0,2024-03-07
2024030701027228,PHCL,58,53,10.0,326.0,3260.0,2024-03-07
2024030701027227,PHCL,58,49,10.0,326.0,3260.0,2024-03-07
2024030701027226,PHCL,58,58,10.0,326.0,3260.0,2024-03-07
2024030701027225,PHCL,58,19,10.0,326.0,3260.0,2024-03-07
2024030701027224,PHCL,58,58,10.0,326.0,3260.0,2024-03-07
2024030701027223,PHCL,58,37,50.0,325.0,16250.0,2024-03-07
2024030701027222,PHCL,58,1,300.0,325.0,97500.0,2024-03-07
2024030701027221,PHCL,58,58,10.0,325.0,3250.0,2024-03-07
2024030701027220,PHCL,58,42,50.0,325.0,16250.0,2024-03-07
2024030701027219,PHCL,58,58,10.0,325.0,3250.0,2024-03-07
2024030701027218,PHCL,58,42,330.0,325.0,107250.0,2024-03-07
2024030701027217,MBJC,58,89,1014.0,335.2,339892.8,2024-03-07
2024030701027216,MBJC,58,29,30.0,335.2,10056.0,2024-03-07
2024030701027215,MBJC,58,58,10.0,335.2,3352.0,2024-03-07
2024030701027214,MBJC,58,38,980.0,335.0,328300.0,2024-03-07
2024030701027213,MBJC,58,11,100.0,334.9,33490.0,2024-03-07
2024030701027212,MBJC,58,42,700.0,334.9,234430.0,2024-03-07
2024030701027211,MBJC,58,34,100.0,334.0,33400.0,2024-03-07
2024030701027210,MBJC,58,29,1000.0,333.5,333500.0,2024-03-07
2024030701027209,MBJC,58,6,50.0,333.5,16675.0,2024-03-07
2024030701027208,MBJC,58,26,100.0,333.3,33330.0,2024-03-07
2024030701027207,MBJC,58,38,20.0,333.1,6662.0,2024-03-07
2024030701027206,MBJC,58,16,83.0,333.0,27639.0,2024-03-07
2024030701027205,MBJC,58,42,100.0,333.0,33300.0,2024-03-07
2024030701027204,MBJC,58,42,10.0,333.0,3330.0,2024-03-07
2024030701027203,MBJC,58,52,10.0,332.5,3325.0,2024-03-07
2024030701027202,MBJC,58,29,50.0,332.5,16625.0,2024-03-07
2024030701027201,MBJC,58,32,100.0,332.5,33250.0,2024-03-07
2024030701027200,MBJC,58,3,990.0,332.5,329175.0,2024-03-07
2024030701027199,MBJC,58,16,468.0,332.0,155376.0,2024-03-07
2024030701027198,MBJC,58,4,10.0,332.0,3320.0,2024-03-07
2024030701027197,MBJC,58,16,10.0,332.0,3320.0,2024-03-07
2024030701027196,MBJC,58,16,10.0,332.0,3320.0,2024-03-07
2024030701027195,MBJC,58,29,10.0,332.0,3320.0,2024-03-07
2024030701027194,MBJC,58,21,200.0,331.5,66300.0,2024-03-07
2024030701027193,MBJC,58,38,10.0,331.5,3315.0,2024-03-07
2024030701027192,MBJC,58,6,1000.0,331.0,331000.0,2024-03-07
2024030701027191,MBJC,58,35,10.0,330.4,3304.0,2024-03-07
2024030701027190,MBJC,58,44,100.0,330.4,33040.0,2024-03-07
2024030701027189,MBJC,58,33,200.0,330.4,66080.0,2024-03-07
2024030701027188,MBJC,58,8,50.0,330.4,16520.0,2024-03-07
2024030701027187,MBJC,58,65,865.0,330.4,285796.0,2024-03-07
2024030701027186,MBJC,58,6,300.0,330.2,99060.0,2024-03-07
2024030701027185,MBJC,58,26,300.0,330.1,99030.0,2024-03-07
2024030701027184,MBJC,58,38,10.0,330.0,3300.0,2024-03-07
2024030701027183,MBJC,58,1,10.0,330.0,3300.0,2024-03-07
2024030701027182,MBJC,58,49,10.0,330.0,3300.0,2024-03-07
2024030701027181,MBJC,58,1,200.0,330.0,66000.0,2024-03-07
2024030701027180,MBJC,58,26,100.0,330.0,33000.0,2024-03-07
2024030701027179,MBJC,58,49,100.0,330.0,33000.0,2024-03-07
2024030701027178,MBJC,58,10,300.0,330.0,99000.0,2024-03-07
2024030701027177,MBJC,58,28,500.0,330.0,165000.0,2024-03-07
2024030701027176,MBJC,58,45,10.0,330.0,3300.0,2024-03-07
2024030701027175,MBJC,58,42,100.0,330.0,33000.0,2024-03-07
2024030701027174,MBJC,58,58,10.0,330.0,3300.0,2024-03-07
2024030701027173,MBJC,58,25,100.0,330.0,33000.0,2024-03-07
2024030701027172,MBJC,58,57,20.0,330.0,6600.0,2024-03-07
2024030701027171,MBJC,58,35,1710.0,329.6,563616.0,2024-03-07
2024030701027170,MBJC,58,41,210.0,329.4,69174.0,2024-03-07
2024030701027169,MBJC,58,6,500.0,329.0,164500.0,2024-03-07
2024030701027168,MBJC,58,45,10.0,329.0,3290.0,2024-03-07
2024030701027167,MBJC,58,41,10.0,329.0,3290.0,2024-03-07
2024030701027166,MBJC,58,41,10.0,329.0,3290.0,2024-03-07
2024030701027165,MBJC,58,42,80.0,329.0,26320.0,2024-03-07
2024030701027164,MBJC,58,6,300.0,329.0,98700.0,2024-03-07
2024030701027163,MBJC,58,66,10.0,328.6,3286.0,2024-03-07
2024030701027162,MBJC,58,56,10.0,328.5,3285.0,2024-03-07
2024030701027161,MBJC,58,57,10.0,328.5,3285.0,2024-03-07
2024030701027160,MBJC,58,49,10.0,328.4,3284.0,2024-03-07
2024030701027159,MBJC,58,35,550.0,328.4,180620.0,2024-03-07
2024030701027158,MBJC,58,39,10.0,328.4,3284.0,2024-03-07
2024030701027157,MBJC,58,41,600.0,328.0,196800.0,2024-03-07
2024030701027156,MBJC,58,41,10.0,328.0,3280.0,2024-03-07
2024030701027155,MBJC,58,39,10.0,328.0,3280.0,2024-03-07
2024030701027154,MBJC,58,52,30.0,328.0,9840.0,2024-03-07
2024030701027153,MBJC,58,1,200.0,328.0,65600.0,2024-03-07
2024030701027152,MBJC,58,34,10.0,328.0,3280.0,2024-03-07
2024030701027151,MBJC,58,57,10.0,328.0,3280.0,2024-03-07
2024030701027150,MBJC,58,52,10.0,328.0,3280.0,2024-03-07
2024030701027149,MBJC,58,6,200.0,328.0,65600.0,2024-03-07
2024030701027148,MBJC,58,3,990.0,327.9,324621.0,2024-03-07
2024030701027147,MBJC,58,26,1000.0,327.8,327800.0,2024-03-07
2024030701027146,MBJC,58,3,30.0,327.7,9831.0,2024-03-07
2024030701027145,MBJC,58,26,1000.0,327.0,327000.0,2024-03-07
2024030701027144,MBJC,58,11,10.0,327.0,3270.0,2024-03-07
2024030701027143,NWCL,39,57,50.0,769.0,38450.0,2024-03-07
2024030701027142,NWCL,39,11,10.0,769.0,7690.0,2024-03-07
2024030701027141,NWCL,39,28,10.0,769.0,7690.0,2024-03-07
2024030701027140,NWCL,39,22,10.0,768.0,7680.0,2024-03-07
2024030701027139,NWCL,39,35,10.0,768.0,7680.0,2024-03-07
2024030701027138,NWCL,39,49,10.0,768.0,7680.0,2024-03-07
2024030701027137,NWCL,39,59,10.0,768.0,7680.0,2024-03-07
2024030701027136,NWCL,39,57,10.0,767.9,7679.0,2024-03-07
2024030701027135,NWCL,39,50,50.0,767.0,38350.0,2024-03-07
2024030701027134,NWCL,39,71,490.0,767.0,375830.0,2024-03-07
2024030701027133,NWCL,39,45,10.0,766.0,7660.0,2024-03-07
2024030701027132,NWCL,39,17,250.0,766.0,191500.0,2024-03-07
2024030701027131,NWCL,39,43,20.0,765.9,15318.0,2024-03-07
2024030701027130,NWCL,39,42,60.0,765.8,45948.0,2024-03-07
2024030701027129,NICA,42,35,10.0,421.8,4218.0,2024-03-07
2024030701027128,MEL,21,62,1000.0,220.0,220000.0,2024-03-07
2024030701027127,USHEC,48,48,400.0,366.7,146680.0,2024-03-07
2024030704009173,UNHPL,32,14,35.0,250.2,8757.0,2024-03-07
2024030704009172,UNHPL,62,14,50.0,250.3,12515.0,2024-03-07
2024030704009171,UNHPL,26,14,15.0,250.4,3756.0,2024-03-07
2024030704009170,HPPL,26,43,10.0,275.0,2750.0,2024-03-07
2024030701027126,SMHL,72,25,270.0,444.6,120042.0,2024-03-07
2024030701027125,MBJC,58,3,10.0,326.0,3260.0,2024-03-07
2024030701027124,MBJC,58,1,1000.0,326.0,326000.0,2024-03-07
2024030703006222,VLBS,10,42,10.0,614.9,6149.0,2024-03-07
2024030703006221,GFCL,10,32,10.0,442.0,4420.0,2024-03-07
2024030703006220,GMFBS,65,7,60.0,813.5,48810.0,2024-03-07
2024030703006219,GMFBS,34,7,30.0,813.5,24405.0,2024-03-07
2024030703006218,GMFBS,29,7,60.0,813.6,48816.0,2024-03-07
2024030703006217,GMFBS,48,7,40.0,815.0,32600.0,2024-03-07
2024030703006216,GMFBS,58,7,50.0,815.1,40755.0,2024-03-07
2024030703006215,GMFBS,34,7,10.0,815.1,8151.0,2024-03-07
2024030701027123,NICA,39,42,200.0,421.0,84200.0,2024-03-07
2024030701027122,NICA,39,47,50.0,421.0,21050.0,2024-03-07
2024030701027121,NICA,39,40,900.0,421.0,378900.0,2024-03-07
2024030701027120,NICA,39,39,700.0,421.0,294700.0,2024-03-07
2024030703006214,PROFL,52,22,200.0,309.5,61900.0,2024-03-07
2024030701027119,SONA,71,61,10.0,506.0,5060.0,2024-03-07
2024030704009169,AKJCL,42,29,50.0,226.0,11300.0,2024-03-07
2024030704009168,NGPL,42,50,100.0,307.0,30700.0,2024-03-07
2024030701027118,JALPA,42,92,20.0,1030.0,20600.0,2024-03-07
2024030703006213,GUFL,28,55,20.0,650.0,13000.0,2024-03-07
2024030703006212,GUFL,28,55,30.0,650.0,19500.0,2024-03-07
2024030705004557,NTC,33,32,30.0,850.0,25500.0,2024-03-07
2024030701027117,NWCL,45,34,10.0,765.0,7650.0,2024-03-07
2024030703006211,PFL,58,6,100.0,364.0,36400.0,2024-03-07
2024030701027116,RHGCL,6,58,26.0,303.0,7878.0,2024-03-07
2024030701027115,SMHL,72,21,10.0,444.6,4446.0,2024-03-07
2024030704009167,UPCL,11,48,160.0,214.0,34240.0,2024-03-07
2024030704009166,UPCL,41,48,40.0,214.0,8560.0,2024-03-07
2024030704009165,UPCL,28,48,100.0,214.0,21400.0,2024-03-07
2024030704009164,UPCL,41,48,50.0,214.0,10700.0,2024-03-07
2024030704009163,UPCL,41,48,18.0,214.0,3852.0,2024-03-07
2024030704009162,UPCL,25,48,132.0,214.1,28261.2,2024-03-07
2024030701027114,MMKJL,56,57,170.0,416.6,70822.0,2024-03-07
2024030701027113,MMKJL,56,57,30.0,416.6,12498.0,2024-03-07
2024030701027112,MBL,53,11,13.0,181.0,2353.0,2024-03-07
2024030701027111,MBL,53,5,87.0,181.0,15747.0,2024-03-07
2024030701027110,DOLTI,20,61,140.0,408.0,57120.0,2024-03-07
2024030701027109,DOLTI,20,45,10.0,405.0,4050.0,2024-03-07
2024030701027108,DOLTI,20,56,50.0,405.0,20250.0,2024-03-07
2024030704009161,IGI,34,49,151.0,543.8,82113.8,2024-03-07
2024030704009160,IGI,34,59,50.0,543.0,27150.0,2024-03-07
2024030704009159,IGI,34,6,40.0,543.0,21720.0,2024-03-07
2024030704009158,IGI,34,45,100.0,542.9,54290.0,2024-03-07
2024030704009157,IGI,34,21,100.0,542.5,54250.0,2024-03-07
2024030704009156,IGI,34,50,500.0,542.5,271250.0,2024-03-07
2024030704009155,IGI,34,32,50.0,542.4,27120.0,2024-03-07
2024030704009154,IGI,34,45,100.0,542.0,54200.0,2024-03-07
2024030704009153,IGI,34,18,27.0,542.0,14634.0,2024-03-07
2024030704009152,IGI,34,16,82.0,541.0,44362.0,2024-03-07
2024030703006210,KMCDB,55,37,10.0,673.0,6730.0,2024-03-07
2024030704009151,AKJCL,57,29,10.0,226.0,2260.0,2024-03-07
2024030701027107,SHIVM,81,55,10.0,522.0,5220.0,2024-03-07
2024030701027106,SHIVM,81,1,45.0,522.0,23490.0,2024-03-07
2024030701027105,SHIVM,81,11,1000.0,522.0,522000.0,2024-03-07
2024030701027104,SHIVM,81,49,21.0,522.0,10962.0,2024-03-07
2024030701027103,SHIVM,81,35,149.0,522.0,77778.0,2024-03-07
2024030701027102,SHIVM,81,50,385.0,522.0,200970.0,2024-03-07
2024030701027101,SHIVM,81,46,50.0,522.0,26100.0,2024-03-07
2024030701027100,SHIVM,81,36,100.0,522.0,52200.0,2024-03-07
2024030701027099,SHIVM,81,45,10.0,522.0,5220.0,2024-03-07
2024030701027098,SHIVM,81,38,100.0,522.0,52200.0,2024-03-07
2024030701027097,SHIVM,81,32,3000.0,522.0,1566000.0,2024-03-07
2024030701027096,SHIVM,81,50,529.0,522.0,276138.0,2024-03-07
2024030701027095,SHIVM,81,13,300.0,521.9,156570.0,2024-03-07
2024030704009150,UPPER,14,25,10.0,206.8,2068.0,2024-03-07
2024030703006209,SJLIC,25,32,60.0,468.0,28080.0,2024-03-07
2024030703006208,SJLIC,25,13,200.0,468.0,93600.0,2024-03-07
2024030703006207,SJLIC,25,38,100.0,468.0,46800.0,2024-03-07
2024030703006206,SJLIC,25,57,45.0,468.0,21060.0,2024-03-07
2024030703006205,SJLIC,25,52,18.0,468.0,8424.0,2024-03-07
2024030703006204,SJLIC,25,38,10.0,467.0,4670.0,2024-03-07
2024030701027094,SONA,63,74,250.0,505.1,126275.0,2024-03-07
2024030701027093,SMJC,16,44,10.0,379.0,3790.0,2024-03-07
2024030703006203,BFC,1,56,10.0,334.0,3340.0,2024-03-07
2024030703006202,BFC,1,86,290.0,333.9,96831.0,2024-03-07
2024030704009149,NGPL,46,16,425.0,305.0,129625.0,2024-03-07
2024030704009148,GHL,85,1,800.0,153.2,122560.0,2024-03-07
2024030701027092,CKHL,58,43,10.0,667.0,6670.0,2024-03-07
2024030701027091,CKHL,58,8,430.0,667.0,286810.0,2024-03-07
2024030701027090,CKHL,58,58,10.0,667.0,6670.0,2024-03-07
2024030701027089,CKHL,58,52,560.0,655.0,366800.0,2024-03-07
2024030701027088,CKHL,58,48,50.0,654.7,32735.0,2024-03-07
2024030701027087,CKHL,58,58,10.0,654.7,6547.0,2024-03-07
2024030701027086,CKHL,58,58,100.0,641.0,64100.0,2024-03-07
2024030701027085,CKHL,58,36,250.0,637.5,159375.0,2024-03-07
2024030701027084,CKHL,58,6,140.0,637.0,89180.0,2024-03-07
2024030701027083,CKHL,58,57,10.0,632.5,6325.0,2024-03-07
2024030701027082,CKHL,58,36,10.0,632.5,6325.0,2024-03-07
2024030701027081,CKHL,58,34,500.0,632.4,316200.0,2024-03-07
2024030701027080,CKHL,58,72,300.0,632.2,189660.0,2024-03-07
2024030701027079,CKHL,58,38,110.0,632.1,69531.0,2024-03-07
2024030701027078,CKHL,58,42,50.0,632.1,31605.0,2024-03-07
2024030701027077,CKHL,58,55,10.0,630.0,6300.0,2024-03-07
2024030701027076,CKHL,58,34,70.0,629.3,44051.0,2024-03-07
2024030701027075,CKHL,58,39,100.0,629.3,62930.0,2024-03-07
2024030701027074,CKHL,58,25,32.0,629.2,20134.4,2024-03-07
2024030701027073,RNLI,29,40,50.0,439.0,21950.0,2024-03-07
2024030701027072,SONA,63,42,28.0,505.1,14142.8,2024-03-07
2024030701027071,SONA,3,42,347.0,505.2,175304.4,2024-03-07
2024030701027070,SONA,19,42,25.0,505.4,12635.0,2024-03-07
2024030701027069,SONA,57,42,100.0,505.5,50550.0,2024-03-07
2024030703006201,SLBBL,62,16,81.0,620.0,50220.0,2024-03-07
2024030703006200,SLBBL,62,25,96.0,619.8,59500.8,2024-03-07
2024030703006199,SLBBL,62,44,100.0,614.0,61400.0,2024-03-07
2024030703006198,SLBBL,62,25,10.0,612.0,6120.0,2024-03-07
2024030703006197,SLBBL,62,25,20.0,610.0,12200.0,2024-03-07
2024030703006196,SLBBL,62,44,451.0,610.0,275110.0,2024-03-07
2024030703006195,SLBBL,62,48,42.0,609.0,25578.0,2024-03-07
2024030701027068,SNLI,42,66,10.0,590.0,5900.0,2024-03-07
2024030701027067,HDL,14,45,42.0,1516.1,63676.2,2024-03-07
2024030701027066,HDL,34,45,30.0,1517.0,45510.0,2024-03-07
2024030701027065,NIMB,52,19,20.0,163.8,3276.0,2024-03-07
2024030703006194,MNBBL,19,95,100.0,351.2,35120.0,2024-03-07
2024030704009147,UNHPL,26,28,485.0,250.4,121444.0,2024-03-07
2024030704009146,UNHPL,51,28,400.0,250.5,100200.0,2024-03-07
2024030704009145,UNHPL,32,28,115.0,250.9,28853.5,2024-03-07
2024030704009144,UNHPL,5,28,2000.0,251.0,502000.0,2024-03-07
2024030701027064,PHCL,25,58,10.0,323.0,3230.0,2024-03-07
2024030701027063,PHCL,25,34,10.0,322.9,3229.0,2024-03-07
2024030701027062,NICA,17,7,459.0,420.1,192825.9,2024-03-07
2024030704009143,UNHPL,58,58,1000.0,268.0,268000.0,2024-03-07
2024030704009142,UNHPL,58,26,593.0,268.0,158924.0,2024-03-07
2024030704009141,UNHPL,58,58,10.0,268.0,2680.0,2024-03-07
2024030704009140,UNHPL,58,17,10.0,263.1,2631.0,2024-03-07
2024030704009139,UNHPL,58,45,500.0,263.1,131550.0,2024-03-07
2024030704009138,UNHPL,58,38,4973.0,263.1,1308396.3,2024-03-07
2024030701027061,MEL,42,61,69.0,219.0,15111.0,2024-03-07
2024030701027060,MEL,22,61,30.0,219.1,6573.0,2024-03-07
2024030704009137,AKPL,89,49,15.0,184.9,2773.5,2024-03-07
2024030705004556,LEMF,42,19,100.0,9.4,940.0,2024-03-07
2024030705004555,STC,72,6,10.0,5149.0,51490.0,2024-03-07
2024030703006193,KMCDB,62,7,100.0,673.1,67310.0,2024-03-07
2024030701027059,NYADI,4,57,150.0,311.0,46650.0,2024-03-07
2024030701027058,NYADI,4,37,115.0,311.0,35765.0,2024-03-07
2024030703006192,JBBL,45,47,10.0,295.0,2950.0,2024-03-07
2024030701027057,CLI,48,53,35.0,445.1,15578.5,2024-03-07
2024030701027056,CLI,58,53,25.0,446.0,11150.0,2024-03-07
2024030701027055,CLI,36,53,80.0,446.0,35680.0,2024-03-07
2024030701027054,CLI,62,53,60.0,447.0,26820.0,2024-03-07
2024030703006191,SHINE,26,38,100.0,374.9,37490.0,2024-03-07
2024030703006190,SHINE,26,35,100.0,374.0,37400.0,2024-03-07
2024030703006189,CFCL,49,26,164.0,337.0,55268.0,2024-03-07
2024030703006188,CFCL,21,26,200.0,337.1,67420.0,2024-03-07
2024030703006187,CFCL,21,26,136.0,339.9,46226.4,2024-03-07
2024030701027053,SHIVM,34,28,274.0,521.0,142754.0,2024-03-07
2024030701027052,SHIVM,57,28,10.0,521.0,5210.0,2024-03-07
2024030701027051,SHIVM,56,28,828.0,521.0,431388.0,2024-03-07
2024030701027050,SHIVM,28,28,3460.0,521.1,1803006.0,2024-03-07
2024030701027049,SHIVM,58,28,428.0,521.2,223073.6,2024-03-07
2024030705004554,NIFRA,35,17,17.0,210.0,3570.0,2024-03-07
2024030701027048,SONA,8,61,30.0,506.0,15180.0,2024-03-07
2024030704009136,UPCL,25,49,68.0,214.1,14558.8,2024-03-07
2024030703006186,SDLBSL,47,39,37.0,610.0,22570.0,2024-03-07
2024030703006185,SDLBSL,47,39,43.0,610.0,26230.0,2024-03-07
2024030701027047,RNLI,39,58,10.0,437.5,4375.0,2024-03-07
2024030704009135,UMHL,36,3,200.0,263.9,52780.0,2024-03-07
2024030704009134,NGPL,46,70,46.0,305.0,14030.0,2024-03-07
2024030704009133,NGPL,13,70,354.0,305.2,108040.8,2024-03-07
2024030704009132,NGPL,55,70,100.0,306.0,30600.0,2024-03-07
2024030703006184,HLBSL,62,1,10.0,579.0,5790.0,2024-03-07
2024030703006183,EDBL,41,6,90.0,354.0,31860.0,2024-03-07
2024030703006182,EDBL,41,56,60.0,353.9,21234.0,2024-03-07
2024030703006181,EDBL,41,53,50.0,352.9,17645.0,2024-03-07
2024030704009131,CHL,45,41,37.0,300.0,11100.0,2024-03-07
2024030704009130,CHL,35,41,20.0,300.0,6000.0,2024-03-07
2024030705004553,HRL,45,25,10.0,624.0,6240.0,2024-03-07
2024030704009129,PPCL,45,56,10.0,263.2,2632.0,2024-03-07
2024030701027046,SONA,53,61,500.0,506.0,253000.0,2024-03-07
2024030701027045,USHEC,45,34,890.0,371.7,330813.0,2024-03-07
2024030701027044,USHEC,45,19,100.0,371.6,37160.0,2024-03-07
2024030701027043,USHEC,45,59,10.0,370.0,3700.0,2024-03-07
2024030703006180,GBBL,45,26,21.0,366.0,7686.0,2024-03-07
2024030703006179,HLI,42,34,17.0,391.0,6647.0,2024-03-07
2024030705004552,HIDCL,34,41,30.0,174.2,5226.0,2024-03-07
2024030703006178,MLBL,74,3,25.0,320.2,8005.0,2024-03-07
2024030703006177,JBBL,52,45,400.0,294.8,117920.0,2024-03-07
2024030701027042,SONA,3,7,153.0,505.2,77295.6,2024-03-07
2024030701027041,SONA,63,7,47.0,505.3,23749.1,2024-03-07
2024030704009128,HDHPC,58,13,30.0,142.5,4275.0,2024-03-07
2024030704009127,HDHPC,28,13,500.0,142.5,71250.0,2024-03-07
2024030704009126,HDHPC,51,13,100.0,142.5,14250.0,2024-03-07
2024030704009125,HDHPC,26,13,1144.0,142.5,163020.0,2024-03-07
2024030704009124,HDHPC,28,13,2000.0,142.6,285200.0,2024-03-07
2024030704009123,HDHPC,25,13,500.0,142.6,71300.0,2024-03-07
2024030704009122,HDHPC,41,13,200.0,142.6,28520.0,2024-03-07
2024030704009121,HDHPC,48,13,449.0,142.6,64027.4,2024-03-07
2024030704009120,HDHPC,41,13,77.0,142.7,10987.9,2024-03-07
2024030701027040,PPL,44,20,90.0,336.0,30240.0,2024-03-07
2024030701027039,CKHL,58,45,30.0,629.0,18870.0,2024-03-07
2024030701027038,CKHL,58,58,10.0,629.0,6290.0,2024-03-07
2024030701027037,CKHL,58,16,150.0,628.3,94245.0,2024-03-07
2024030701027036,CKHL,58,58,10.0,628.0,6280.0,2024-03-07
2024030701027035,CKHL,58,41,10.0,627.8,6278.0,2024-03-07
2024030701027034,CKHL,58,42,500.0,627.8,313900.0,2024-03-07
2024030701027033,CKHL,58,10,200.0,627.8,125560.0,2024-03-07
2024030701027032,CKHL,58,42,90.0,627.3,56457.0,2024-03-07
2024030701027031,CKHL,58,58,60.0,627.3,37638.0,2024-03-07
2024030701027030,CKHL,58,58,10.0,627.0,6270.0,2024-03-07
2024030701027029,CKHL,58,48,35.0,626.8,21938.0,2024-03-07
2024030701027028,CKHL,58,14,600.0,625.0,375000.0,2024-03-07
2024030701027027,CKHL,58,49,10.0,625.0,6250.0,2024-03-07
2024030701027026,CKHL,58,72,10.0,624.9,6249.0,2024-03-07
2024030701027025,CKHL,58,34,50.0,624.6,31230.0,2024-03-07
2024030701027024,CKHL,58,22,20.0,624.2,12484.0,2024-03-07
2024030701027023,CKHL,58,38,10.0,624.2,6242.0,2024-03-07
2024030701027022,CKHL,58,39,278.0,624.0,173472.0,2024-03-07
2024030701027021,CKHL,58,38,10.0,624.0,6240.0,2024-03-07
2024030701027020,CKHL,58,40,10.0,623.3,6233.0,2024-03-07
2024030701027019,CKHL,58,42,10.0,623.0,6230.0,2024-03-07
2024030701027018,CKHL,58,60,550.0,623.0,342650.0,2024-03-07
2024030701027017,CKHL,58,52,100.0,622.0,62200.0,2024-03-07
2024030701027016,CKHL,58,58,10.0,620.1,6201.0,2024-03-07
2024030701027015,CKHL,58,32,10.0,620.0,6200.0,2024-03-07
2024030701027014,CKHL,58,62,10.0,620.0,6200.0,2024-03-07
2024030701027013,CKHL,58,39,50.0,619.9,30995.0,2024-03-07
2024030701027012,CKHL,58,21,10.0,619.8,6198.0,2024-03-07
2024030701027011,CKHL,58,37,20.0,618.0,12360.0,2024-03-07
2024030701027010,CKHL,58,41,10.0,618.0,6180.0,2024-03-07
2024030701027009,CKHL,58,39,10.0,615.0,6150.0,2024-03-07
2024030701027008,CKHL,58,52,100.0,613.0,61300.0,2024-03-07
2024030704009119,NGPL,36,34,100.0,307.0,30700.0,2024-03-07
2024030704009118,NGPL,36,77,1800.0,307.0,552600.0,2024-03-07
2024030704009117,NGPL,36,29,100.0,306.0,30600.0,2024-03-07
2024030703006176,PMLI,36,34,40.0,506.0,20240.0,2024-03-07
2024030703006175,PMLI,36,52,10.0,505.0,5050.0,2024-03-07
2024030705004551,HRL,42,41,737.0,623.0,459151.0,2024-03-07
2024030705004550,HRL,57,41,100.0,623.0,62300.0,2024-03-07
2024030705004549,HRL,49,41,20.0,623.0,12460.0,2024-03-07
2024030705004548,HRL,38,41,100.0,623.0,62300.0,2024-03-07
2024030705004547,HRL,39,41,100.0,623.0,62300.0,2024-03-07
2024030705004546,HRL,39,41,100.0,623.0,62300.0,2024-03-07
2024030705004545,HRL,48,41,46.0,623.0,28658.0,2024-03-07
2024030705004544,HRL,41,41,10.0,623.0,6230.0,2024-03-07
2024030705004543,HRL,38,41,30.0,623.0,18690.0,2024-03-07
2024030705004542,HRL,10,41,10.0,623.0,6230.0,2024-03-07
2024030705004541,HRL,51,41,107.0,623.0,66661.0,2024-03-07
2024030705004540,HRL,35,41,120.0,623.1,74772.0,2024-03-07
2024030705004539,HRL,44,41,30.0,623.2,18696.0,2024-03-07
2024030705004538,HRL,35,41,40.0,623.2,24928.0,2024-03-07
2024030705004537,HRL,35,41,200.0,623.3,124660.0,2024-03-07
2024030705004536,HRL,44,41,100.0,623.5,62350.0,2024-03-07
2024030705004535,HRL,35,41,100.0,623.5,62350.0,2024-03-07
2024030705004534,HRL,58,41,50.0,623.5,31175.0,2024-03-07
2024030703006174,MLBL,38,34,150.0,321.0,48150.0,2024-03-07
2024030704009116,SHL,38,48,200.0,437.0,87400.0,2024-03-07
2024030704009115,CHL,35,14,180.0,300.0,54000.0,2024-03-07
2024030704009114,PPCL,6,14,10.0,262.0,2620.0,2024-03-07
2024030703006173,NLIC,45,46,10.0,596.0,5960.0,2024-03-07
2024030703006172,NLIC,45,43,20.0,592.0,11840.0,2024-03-07
2024030701027007,SONA,26,61,10.0,506.0,5060.0,2024-03-07
2024030701027006,SHIVM,58,57,72.0,521.2,37526.4,2024-03-07
2024030703006171,WNLB,34,47,10.0,790.0,7900.0,2024-03-07
2024030705004533,NIFRA,95,17,444.0,210.0,93240.0,2024-03-07
2024030704009113,PRIN,35,38,33.0,758.8,25040.4,2024-03-07
2024030705004532,NTC,74,26,10.0,855.0,8550.0,2024-03-07
2024030701027005,USHEC,74,6,10.0,370.0,3700.0,2024-03-07
2024030701027004,USHEC,74,44,10.0,369.0,3690.0,2024-03-07
2024030701027003,USHEC,74,19,10.0,366.7,3667.0,2024-03-07
2024030704009112,SSHL,34,52,431.0,169.0,72839.0,2024-03-07
2024030704009111,SSHL,35,52,500.0,169.1,84550.0,2024-03-07
2024030704009110,SSHL,59,52,1000.0,169.5,169500.0,2024-03-07
2024030704009109,SSHL,57,52,300.0,169.5,50850.0,2024-03-07
2024030704009108,SSHL,7,52,500.0,170.0,85000.0,2024-03-07
2024030704009107,SSHL,36,52,100.0,170.0,17000.0,2024-03-07
2024030704009106,SSHL,32,52,100.0,170.0,17000.0,2024-03-07
2024030704009105,SSHL,57,52,39.0,170.0,6630.0,2024-03-07
2024030704009104,SSHL,62,52,30.0,170.0,5100.0,2024-03-07
2024030705004531,MMF1,6,16,1500.0,7.16,10740.0,2024-03-07
2024030703006170,MNBBL,1,95,150.0,351.2,52680.0,2024-03-07
2024030704009103,CHL,35,8,100.0,300.0,30000.0,2024-03-07
2024030705004530,CHDC,16,29,100.0,950.2,95020.0,2024-03-07
2024030701027002,ILI,22,17,30.0,523.1,15693.0,2024-03-07
2024030701027001,SNLI,42,58,10.0,590.0,5900.0,2024-03-07
2024030701027000,TPC,88,43,10.0,555.0,5550.0,2024-03-07
2024030701026999,TPC,88,35,50.0,554.0,27700.0,2024-03-07
2024030701026998,TPC,88,3,50.0,550.0,27500.0,2024-03-07
2024030701026997,TPC,88,35,100.0,550.0,55000.0,2024-03-07
2024030701026996,TPC,88,34,10.0,550.0,5500.0,2024-03-07
2024030701026995,TPC,88,49,10.0,550.0,5500.0,2024-03-07
2024030701026994,TPC,88,46,10.0,550.0,5500.0,2024-03-07
2024030703006169,MMFDB,7,62,110.0,523.0,57530.0,2024-03-07
2024030703006168,MMFDB,46,62,90.0,523.2,47088.0,2024-03-07
2024030701026993,CYCL,62,38,27.0,1408.0,38016.0,2024-03-07
2024030701026992,CYCL,62,34,10.0,1404.0,14040.0,2024-03-07
2024030701026991,CYCL,62,1,20.0,1404.0,28080.0,2024-03-07
2024030701026990,CYCL,62,26,20.0,1404.0,28080.0,2024-03-07
2024030701026989,CYCL,62,32,15.0,1402.5,21037.5,2024-03-07
2024030701026988,CYCL,62,50,100.0,1402.5,140250.0,2024-03-07
2024030701026987,CYCL,62,34,20.0,1402.5,28050.0,2024-03-07
2024030701026986,CYCL,62,45,100.0,1400.0,140000.0,2024-03-07
2024030701026985,CYCL,62,57,10.0,1400.0,14000.0,2024-03-07
2024030701026984,CYCL,62,6,10.0,1400.0,14000.0,2024-03-07
2024030701026983,CYCL,62,34,40.0,1400.0,56000.0,2024-03-07
2024030701026982,CYCL,62,21,200.0,1400.0,280000.0,2024-03-07
2024030701026981,CYCL,62,59,50.0,1400.0,70000.0,2024-03-07
2024030701026980,CYCL,62,44,938.0,1399.0,1312262.0,2024-03-07
2024030701026979,CYCL,62,58,30.0,1393.3,41799.0,2024-03-07
2024030701026978,CYCL,62,52,30.0,1393.0,41790.0,2024-03-07
2024030701026977,CYCL,62,77,50.0,1393.0,69650.0,2024-03-07
2024030701026976,CYCL,62,49,10.0,1390.0,13900.0,2024-03-07
2024030701026975,CYCL,62,41,20.0,1390.0,27800.0,2024-03-07
2024030701026974,CYCL,62,41,209.0,1390.0,290510.0,2024-03-07
2024030701026973,SONA,63,56,10.0,505.3,5053.0,2024-03-07
2024030703006167,MLBSL,5,3,10.0,1618.0,16180.0,2024-03-07
2024030705004529,CHDC,16,5,50.0,951.0,47550.0,2024-03-07
2024030704009102,API,57,58,500.0,187.0,93500.0,2024-03-07
2024030703006166,KSBBL,34,19,200.0,344.9,68980.0,2024-03-07
2024030701026972,NRM,42,74,50.0,406.3,20315.0,2024-03-07
2024030701026971,NRM,43,74,100.0,406.3,40630.0,2024-03-07
2024030704009101,SICL,34,58,10.0,704.0,7040.0,2024-03-07
2024030701026970,SANIMA,1,29,10.0,243.5,2435.0,2024-03-07
2024030701026969,MBJC,58,1,200.0,326.0,65200.0,2024-03-07
2024030701026968,SONA,63,59,10.0,505.3,5053.0,2024-03-07
2024030701026967,SPL,40,6,95.0,663.0,62985.0,2024-03-07
2024030701026966,SPL,51,6,55.0,664.0,36520.0,2024-03-07
2024030704009100,AHPC,71,38,60.0,186.7,11202.0,2024-03-07
2024030704009099,AHPC,49,38,540.0,186.7,100818.0,2024-03-07
2024030704009098,SHPC,5,45,10.0,348.9,3489.0,2024-03-07
2024030703006165,NLIC,45,43,300.0,592.0,177600.0,2024-03-07
2024030703006164,NLIC,49,43,40.0,592.0,23680.0,2024-03-07
2024030703006163,NLIC,48,43,150.0,592.0,88800.0,2024-03-07
2024030703006162,NLIC,17,43,200.0,592.0,118400.0,2024-03-07
2024030703006161,NLIC,33,43,30.0,592.0,17760.0,2024-03-07
2024030703006160,NLIC,45,43,104.0,592.0,61568.0,2024-03-07
2024030703006159,NLIC,58,43,15.0,592.1,8881.5,2024-03-07
2024030703006158,NLIC,49,43,100.0,592.1,59210.0,2024-03-07
2024030703006157,NLIC,17,43,20.0,593.0,11860.0,2024-03-07
2024030703006156,NLIC,1,43,30.0,593.0,17790.0,2024-03-07
2024030703006155,NLIC,25,43,100.0,593.1,59310.0,2024-03-07
2024030703006154,NLIC,42,43,100.0,593.2,59320.0,2024-03-07
2024030703006153,NLIC,44,43,90.0,595.8,53622.0,2024-03-07
2024030703006152,NLIC,42,43,80.0,595.8,47664.0,2024-03-07
2024030701026965,GCIL,19,45,40.0,540.0,21600.0,2024-03-07
2024030703006151,LBBL,58,57,253.0,384.1,97177.3,2024-03-07
2024030703006150,LBBL,46,57,10.0,384.2,3842.0,2024-03-07
2024030704009097,RHPL,58,57,500.0,288.7,144350.0,2024-03-07
2024030704009096,SGIC,35,4,320.0,523.0,167360.0,2024-03-07
2024030704009095,CGH,34,35,100.0,820.0,82000.0,2024-03-07
2024030701026964,UNLB,34,41,50.0,1322.0,66100.0,2024-03-07
2024030703006149,SINDU,34,36,200.0,338.5,67700.0,2024-03-07
2024030704009094,GLH,55,29,387.0,211.0,81657.0,2024-03-07
2024030704009093,GLH,58,29,151.0,211.5,31936.5,2024-03-07
2024030704009092,GLH,6,29,200.0,211.6,42320.0,2024-03-07
2024030704009091,GLH,22,29,200.0,211.9,42380.0,2024-03-07
2024030704009090,GLH,58,29,20.0,211.9,4238.0,2024-03-07
2024030704009089,GLH,21,29,39.0,211.9,8264.1,2024-03-07
2024030701026963,NRM,54,53,190.0,409.0,77710.0,2024-03-07
2024030701026962,NRM,54,14,10.0,408.0,4080.0,2024-03-07
2024030701026961,SHIVM,58,13,200.0,521.9,104380.0,2024-03-07
2024030701026960,SHIVM,58,43,300.0,521.5,156450.0,2024-03-07
2024030703006148,CFCL,21,38,300.0,338.0,101400.0,2024-03-07
2024030703006147,CFCL,21,44,64.0,338.0,21632.0,2024-03-07
2024030703006146,NABBC,14,45,10.0,407.0,4070.0,2024-03-07
2024030701026959,SRLI,45,43,10.0,436.0,4360.0,2024-03-07
2024030701026958,HDL,26,58,30.0,1517.0,45510.0,2024-03-07
2024030704009088,SPIL,45,43,75.0,744.0,55800.0,2024-03-07
2024030704009087,SPIL,45,77,185.0,742.2,137307.0,2024-03-07
2024030704009086,SPIL,45,34,300.0,742.1,222630.0,2024-03-07
2024030704009085,SPIL,45,45,100.0,742.0,74200.0,2024-03-07
2024030704009084,SPIL,45,54,200.0,742.0,148400.0,2024-03-07
2024030704009083,SPIL,45,16,50.0,742.0,37100.0,2024-03-07
2024030704009082,SPIL,45,6,30.0,742.0,22260.0,2024-03-07
2024030704009081,SPIL,45,8,60.0,742.0,44520.0,2024-03-07
2024030704009080,RIDI,34,57,10.0,192.5,1925.0,2024-03-07
2024030704009079,GHL,35,6,50.0,153.9,7695.0,2024-03-07
2024030704009078,GHL,35,29,50.0,153.3,7665.0,2024-03-07
2024030701026957,SMJC,52,34,10.0,379.0,3790.0,2024-03-07
2024030701026956,SONA,34,61,50.0,506.0,25300.0,2024-03-07
2024030703006145,ILBS,34,17,10.0,704.0,7040.0,2024-03-07
2024030703006144,ILBS,34,16,26.0,700.0,18200.0,2024-03-07
2024030703006143,ILBS,34,6,19.0,700.0,13300.0,2024-03-07
2024030704009077,SSHL,34,52,10.0,171.0,1710.0,2024-03-07
2024030703006142,GUFL,49,49,500.0,652.0,326000.0,2024-03-07
2024030703006141,GUFL,49,7,100.0,652.0,65200.0,2024-03-07
2024030701026955,NYADI,44,37,100.0,311.0,31100.0,2024-03-07
2024030703006140,PROFL,45,4,100.0,309.7,30970.0,2024-03-07
2024030703006139,PROFL,50,4,50.0,309.7,15485.0,2024-03-07
2024030704009076,KKHC,4,19,50.0,248.0,12400.0,2024-03-07
2024030703006138,CBBL,35,38,982.0,821.0,806222.0,2024-03-07
2024030703006137,CBBL,17,38,100.0,821.1,82110.0,2024-03-07
2024030703006136,CBBL,6,38,50.0,822.0,41100.0,2024-03-07
2024030703006135,CBBL,13,38,20.0,822.2,16444.0,2024-03-07
2024030703006134,CBBL,25,38,20.0,823.0,16460.0,2024-03-07
2024030703006133,CBBL,41,38,10.0,823.0,8230.0,2024-03-07
2024030703006132,CBBL,44,38,100.0,823.2,82320.0,2024-03-07
2024030703006131,CBBL,1,38,20.0,823.5,16470.0,2024-03-07
2024030703006130,CBBL,54,38,15.0,824.0,12360.0,2024-03-07
2024030703006129,CBBL,21,38,179.0,824.0,147496.0,2024-03-07
2024030703006128,CBBL,36,38,400.0,824.5,329800.0,2024-03-07
2024030703006127,CBBL,41,38,55.0,828.0,45540.0,2024-03-07
2024030704009075,NIL,57,38,20.0,806.1,16122.0,2024-03-07
2024030701026954,IHL,68,41,10.0,365.0,3650.0,2024-03-07
2024030701026953,SHIVM,28,19,40.0,521.1,20844.0,2024-03-07
2024030704009074,API,44,19,90.0,186.3,16767.0,2024-03-07
2024030701026952,MEL,22,45,10.0,219.1,2191.0,2024-03-07
2024030701026951,MEL,22,63,60.0,219.1,13146.0,2024-03-07
2024030704009073,SGIC,1,4,300.0,523.0,156900.0,2024-03-07
2024030704009072,SICL,54,49,20.0,703.0,14060.0,2024-03-07
2024030704009071,SICL,7,49,24.0,703.0,16872.0,2024-03-07
2024030701026950,RNLI,43,40,100.0,439.0,43900.0,2024-03-07
2024030701026949,ILI,32,42,60.0,523.0,31380.0,2024-03-07
2024030701026948,TVCL,42,38,10.0,531.9,5319.0,2024-03-07
2024030701026947,MEL,26,62,50.0,220.0,11000.0,2024-03-07
2024030704009070,PMHPL,64,41,1000.0,250.0,250000.0,2024-03-07
2024030704009069,DHPL,14,19,10.0,202.4,2024.0,2024-03-07
2024030704009068,CHL,35,19,200.0,300.0,60000.0,2024-03-07
2024030701026946,MAKAR,4,45,20.0,400.0,8000.0,2024-03-07
2024030701026945,SHIVM,57,43,200.0,521.5,104300.0,2024-03-07
2024030701026944,MBJC,58,3,5000.0,326.0,1630000.0,2024-03-07
2024030703006126,MNBBL,52,95,29.0,351.2,10184.8,2024-03-07
2024030701026943,SRLI,45,17,10.0,436.0,4360.0,2024-03-07
2024030705004528,NICFC,16,51,100.0,8.69,869.0,2024-03-07
2024030705004527,NICFC,16,6,100.0,8.68,868.0,2024-03-07
2024030705004526,NICFC,16,49,1000.0,8.68,8680.0,2024-03-07
2024030705004525,NICFC,16,8,100.0,8.64,864.0,2024-03-07
2024030705004524,NICFC,16,49,120.0,8.6,1032.0,2024-03-07
2024030705004523,NICFC,16,47,100.0,8.6,860.0,2024-03-07
2024030704009067,RADHI,53,49,32.0,251.0,8032.0,2024-03-07
2024030701026942,AHL,29,38,20.0,439.0,8780.0,2024-03-07
2024030701026941,SONA,84,61,400.0,506.0,202400.0,2024-03-07
2024030704009066,NHDL,42,36,50.0,431.0,21550.0,2024-03-07
2024030704009065,NHDL,32,36,100.0,431.1,43110.0,2024-03-07
2024030703006125,GUFL,28,59,70.0,650.0,45500.0,2024-03-07
2024030703006124,GUFL,34,59,370.0,650.0,240500.0,2024-03-07
2024030704009064,SHPC,62,45,50.0,348.9,17445.0,2024-03-07
2024030704009063,HPPL,42,70,10.0,277.0,2770.0,2024-03-07
2024030703006123,NMFBS,4,48,40.0,1072.0,42880.0,2024-03-07
2024030701026940,GCIL,19,58,10.0,540.0,5400.0,2024-03-07
2024030704009062,UPCL,41,57,182.0,214.0,38948.0,2024-03-07
2024030704009061,UPCL,49,57,23.0,214.0,4922.0,2024-03-07
2024030704009060,UPCL,62,57,50.0,214.1,10705.0,2024-03-07
2024030704009059,CGH,47,35,235.0,820.0,192700.0,2024-03-07
2024030704009058,CGH,49,35,80.0,820.1,65608.0,2024-03-07
2024030701026939,CKHL,45,52,100.0,613.0,61300.0,2024-03-07
2024030704009057,SPDL,17,8,18.0,255.0,4590.0,2024-03-07
2024030701026938,DORDI,42,49,100.0,448.0,44800.0,2024-03-07
2024030701026937,ULHC,58,49,10.0,328.7,3287.0,2024-03-07
2024030701026936,PPL,13,20,10.0,336.0,3360.0,2024-03-07
2024030704009056,KPCL,85,18,200.0,414.0,82800.0,2024-03-07
2024030704009055,KPCL,85,59,129.0,410.0,52890.0,2024-03-07
2024030701026935,ANLB,14,36,40.0,1867.2,74688.0,2024-03-07
2024030701026934,ANLB,34,36,30.0,1867.3,56019.0,2024-03-07
2024030704009054,SICL,36,58,100.0,704.0,70400.0,2024-03-07
2024030703006122,NFS,35,58,744.0,356.0,264864.0,2024-03-07
2024030703006121,NFS,49,58,856.0,356.1,304821.6,2024-03-07
2024030703006120,NFS,34,58,900.0,357.0,321300.0,2024-03-07
2024030704009053,HDHPC,48,33,890.0,143.0,127270.0,2024-03-07
2024030704009052,HDHPC,48,41,10.0,143.0,1430.0,2024-03-07
2024030704009051,HDHPC,48,8,100.0,143.0,14300.0,2024-03-07
2024030704009050,UNHPL,58,38,27.0,263.1,7103.7,2024-03-07
2024030704009049,UNHPL,58,57,500.0,263.0,131500.0,2024-03-07
2024030704009048,UNHPL,58,55,100.0,263.0,26300.0,2024-03-07
2024030704009047,UNHPL,58,54,4373.0,263.0,1150099.0,2024-03-07
2024030704009046,UPPER,14,48,40.0,206.5,8260.0,2024-03-07
2024030701026933,SHIVM,56,19,25.0,521.0,13025.0,2024-03-07
2024030701026932,SCB,37,32,100.0,521.0,52100.0,2024-03-07
2024030701026931,CLI,62,43,10.0,447.0,4470.0,2024-03-07
2024030703006119,HLI,42,52,10.0,391.0,3910.0,2024-03-07
2024030704009045,RADHI,53,17,20.0,251.0,5020.0,2024-03-07
2024030701026930,ILI,47,17,20.0,523.1,10462.0,2024-03-07
2024030701026929,VLUCL,34,41,30.0,537.0,16110.0,2024-03-07
2024030704009044,UAIL,85,34,837.0,533.1,446204.7,2024-03-07
2024030704009043,UAIL,57,34,100.0,533.2,53320.0,2024-03-07
2024030704009042,UAIL,34,34,50.0,536.0,26800.0,2024-03-07
2024030704009041,UAIL,43,34,13.0,536.8,6978.4,2024-03-07
2024030701026928,MBJC,58,13,100.0,326.0,32600.0,2024-03-07
2024030705004522,NRIC,6,25,10.0,757.0,7570.0,2024-03-07
2024030704009040,UNHPL,58,54,2497.0,263.0,656711.0,2024-03-07
2024030704009039,UNHPL,58,4,500.0,263.0,131500.0,2024-03-07
2024030704009038,UNHPL,58,26,1250.0,262.0,327500.0,2024-03-07
2024030704009037,UNHPL,58,58,290.0,260.1,75429.0,2024-03-07
2024030704009036,UNHPL,58,58,100.0,260.1,26010.0,2024-03-07
2024030704009035,UNHPL,58,81,1500.0,260.1,390150.0,2024-03-07
2024030704009034,UNHPL,58,21,50.0,260.1,13005.0,2024-03-07
2024030704009033,UNHPL,58,88,200.0,260.1,52020.0,2024-03-07
2024030704009032,UNHPL,58,16,300.0,260.1,78030.0,2024-03-07
2024030704009031,UNHPL,58,38,200.0,260.1,52020.0,2024-03-07
2024030704009030,UNHPL,58,25,1400.0,260.1,364140.0,2024-03-07
2024030704009029,UNHPL,58,29,4000.0,260.0,1040000.0,2024-03-07
2024030704009028,UNHPL,58,46,400.0,260.0,104000.0,2024-03-07
2024030704009027,UNHPL,58,34,500.0,260.0,130000.0,2024-03-07
2024030704009026,UNHPL,58,42,135.0,260.0,35100.0,2024-03-07
2024030704009025,UNHPL,58,43,100.0,260.0,26000.0,2024-03-07
2024030704009024,UNHPL,58,36,300.0,260.0,78000.0,2024-03-07
2024030704009023,UNHPL,58,47,410.0,260.0,106600.0,2024-03-07
2024030704009022,UNHPL,58,88,300.0,260.0,78000.0,2024-03-07
2024030704009021,UNHPL,58,43,700.0,260.0,182000.0,2024-03-07
2024030704009020,UNHPL,58,32,400.0,260.0,104000.0,2024-03-07
2024030704009019,UNHPL,58,34,25.0,260.0,6500.0,2024-03-07
2024030704009018,UNHPL,58,58,77.0,260.0,20020.0,2024-03-07
2024030704009017,UNHPL,58,42,400.0,260.0,104000.0,2024-03-07
2024030704009016,UNHPL,58,52,100.0,260.0,26000.0,2024-03-07
2024030704009015,UNHPL,58,32,100.0,260.0,26000.0,2024-03-07
2024030704009014,UNHPL,58,85,1000.0,260.0,260000.0,2024-03-07
2024030704009013,UNHPL,58,49,750.0,260.0,195000.0,2024-03-07
2024030704009012,UNHPL,58,34,925.0,260.0,240500.0,2024-03-07
2024030704009011,UNHPL,58,4,500.0,260.0,130000.0,2024-03-07
2024030704009010,UNHPL,58,35,400.0,259.0,103600.0,2024-03-07
2024030704009009,UNHPL,58,80,350.0,259.0,90650.0,2024-03-07
2024030704009008,UNHPL,58,42,129.0,259.0,33411.0,2024-03-07
2024030704009007,UNHPL,58,51,600.0,259.0,155400.0,2024-03-07
2024030704009006,UNHPL,58,41,400.0,259.0,103600.0,2024-03-07
2024030704009005,UNHPL,58,44,538.0,258.0,138804.0,2024-03-07
2024030704009004,UNHPL,58,29,1000.0,258.0,258000.0,2024-03-07
2024030704009003,UNHPL,58,57,500.0,258.0,129000.0,2024-03-07
2024030704009002,UNHPL,58,81,500.0,257.9,128950.0,2024-03-07
2024030704009001,UNHPL,58,34,50.0,257.9,12895.0,2024-03-07
2024030704009000,UNHPL,58,32,500.0,257.5,128750.0,2024-03-07
2024030704008999,UNHPL,58,36,200.0,256.9,51380.0,2024-03-07
2024030704008998,UNHPL,58,43,300.0,256.9,77070.0,2024-03-07
2024030704008997,UNHPL,58,29,500.0,256.8,128400.0,2024-03-07
2024030704008996,UNHPL,58,29,20.0,256.0,5120.0,2024-03-07
2024030704008995,UNHPL,58,75,2430.0,256.0,622080.0,2024-03-07
2024030704008994,UNHPL,58,39,20.0,256.0,5120.0,2024-03-07
2024030704008993,UNHPL,58,42,200.0,255.9,51180.0,2024-03-07
2024030704008992,UNHPL,58,58,50.0,255.8,12790.0,2024-03-07
2024030704008991,UNHPL,58,47,500.0,255.0,127500.0,2024-03-07
2024030704008990,UNHPL,58,17,200.0,255.0,51000.0,2024-03-07
2024030704008989,UNHPL,58,71,50.0,255.0,12750.0,2024-03-07
2024030704008988,UNHPL,58,67,704.0,255.0,179520.0,2024-03-07
2024030704008987,UNHPL,58,1,200.0,254.0,50800.0,2024-03-07
2024030704008986,UNHPL,58,80,200.0,254.0,50800.0,2024-03-07
2024030704008985,UNHPL,58,35,50.0,253.0,12650.0,2024-03-07
2024030703006118,GUFL,34,45,300.0,650.0,195000.0,2024-03-07
2024030705004521,HRL,21,25,20.0,624.0,12480.0,2024-03-07
2024030705004520,HRL,32,25,30.0,624.0,18720.0,2024-03-07
2024030705004519,HRL,48,25,29.0,624.2,18101.8,2024-03-07
2024030701026927,HIDCLP,17,17,10.0,102.0,1020.0,2024-03-07
2024030704008984,SSHL,62,39,200.0,170.0,34000.0,2024-03-07
2024030704008983,UPCL,62,13,150.0,214.1,32115.0,2024-03-07
2024030704008982,UPCL,62,13,100.0,214.1,21410.0,2024-03-07
2024030704008981,UPCL,62,13,80.0,214.1,17128.0,2024-03-07
2024030701026926,SONA,63,46,810.0,505.3,409293.0,2024-03-07
2024030701026925,SONA,16,46,490.0,505.3,247597.0,2024-03-07
2024030701026924,SONA,63,46,900.0,505.4,454860.0,2024-03-07
2024030701026923,SONA,45,46,100.0,505.4,50540.0,2024-03-07
2024030701026922,SONA,58,46,150.0,505.5,75825.0,2024-03-07
2024030701026921,SONA,44,46,50.0,505.6,25280.0,2024-03-07
2024030701026920,SONA,50,46,500.0,505.6,252800.0,2024-03-07
2024030703006117,JBBL,47,4,200.0,294.1,58820.0,2024-03-07
2024030701026919,MAKAR,4,38,10.0,400.0,4000.0,2024-03-07
2024030701026918,MAKAR,4,36,10.0,400.0,4000.0,2024-03-07
2024030701026917,MAKAR,4,58,160.0,400.0,64000.0,2024-03-07
2024030701026916,MAKAR,4,34,100.0,400.0,40000.0,2024-03-07
2024030701026915,MAKAR,4,77,100.0,399.2,39920.0,2024-03-07
2024030701026914,MAKAR,4,26,100.0,399.0,39900.0,2024-03-07
2024030701026913,MAKAR,4,58,10.0,398.0,3980.0,2024-03-07
2024030701026912,MAKAR,4,50,10.0,398.0,3980.0,2024-03-07
2024030701026911,MAKAR,4,72,80.0,398.0,31840.0,2024-03-07
2024030705004518,NRN,36,33,200.0,560.0,112000.0,2024-03-07
2024030705004517,NRN,36,19,300.0,560.0,168000.0,2024-03-07
2024030705004516,NRN,36,64,160.0,559.9,89584.0,2024-03-07
2024030705004515,NRN,36,33,40.0,559.0,22360.0,2024-03-07
2024030701026910,SHIVM,56,57,250.0,521.0,130250.0,2024-03-07
2024030701026909,MHCL,25,40,30.0,490.0,14700.0,2024-03-07
2024030705004514,HRL,48,29,10.0,624.2,6242.0,2024-03-07
2024030701026908,PHCL,64,7,20.0,321.1,6422.0,2024-03-07
2024030703006116,LBBL,49,22,20.0,384.9,7698.0,2024-03-07
2024030703006115,GUFL,34,42,100.0,650.0,65000.0,2024-03-07
2024030701026907,SHIVM,42,57,28.0,522.0,14616.0,2024-03-07
2024030701026906,SHIVM,42,35,10.0,522.0,5220.0,2024-03-07
2024030704008980,UPCL,62,42,20.0,214.1,4282.0,2024-03-07
2024030705004513,HRL,48,32,10.0,624.2,6242.0,2024-03-07
2024030701026905,MBJC,51,51,10.0,327.0,3270.0,2024-03-07
2024030701026904,MBJC,51,25,84.0,327.0,27468.0,2024-03-07
2024030701026903,SHIVM,51,35,100.0,522.0,52200.0,2024-03-07
2024030705004512,HRL,48,38,10.0,624.2,6242.0,2024-03-07
2024030705004511,HRL,48,58,10.0,624.2,6242.0,2024-03-07
2024030703006114,SIFC,41,38,20.0,358.3,7166.0,2024-03-07
2024030701026902,BNHC,41,56,410.0,480.0,196800.0,2024-03-07
2024030701026901,BNHC,41,70,90.0,480.0,43200.0,2024-03-07
2024030703006113,SIFC,45,38,10.0,358.3,3583.0,2024-03-07
2024030703006112,SINDU,35,36,10.0,338.5,3385.0,2024-03-07
2024030701026900,GBIME,34,1,40.0,188.0,7520.0,2024-03-07
2024030701026899,NRM,44,53,150.0,409.0,61350.0,2024-03-07
2024030701026898,NRM,44,41,50.0,408.0,20400.0,2024-03-07
2024030704008979,AHPC,7,57,50.0,186.8,9340.0,2024-03-07
2024030704008978,CGH,49,71,10.0,820.1,8201.0,2024-03-07
2024030704008977,AKPL,55,58,500.0,184.5,92250.0,2024-03-07
2024030701026897,CYCL,62,41,41.0,1390.0,56990.0,2024-03-07
2024030701026896,CYCL,62,58,30.0,1387.2,41616.0,2024-03-07
2024030701026895,CYCL,62,58,30.0,1387.0,41610.0,2024-03-07
2024030701026894,CYCL,62,16,42.0,1387.0,58254.0,2024-03-07
2024030701026893,CYCL,62,16,10.0,1386.1,13861.0,2024-03-07
2024030701026892,CYCL,62,6,20.0,1386.1,27722.0,2024-03-07
2024030701026891,CYCL,62,77,50.0,1386.0,69300.0,2024-03-07
2024030701026890,CYCL,62,57,100.0,1385.0,138500.0,2024-03-07
2024030701026889,CYCL,62,58,100.0,1382.0,138200.0,2024-03-07
2024030701026888,CYCL,62,58,10.0,1382.0,13820.0,2024-03-07
2024030701026887,CYCL,62,26,13.0,1382.0,17966.0,2024-03-07
2024030701026886,CYCL,62,43,14.0,1382.0,19348.0,2024-03-07
2024030701026885,CYCL,62,39,20.0,1382.0,27640.0,2024-03-07
2024030701026884,CYCL,62,34,10.0,1382.0,13820.0,2024-03-07
2024030701026883,CYCL,62,11,10.0,1370.0,13700.0,2024-03-07
2024030701026882,KDL,58,62,10.0,785.0,7850.0,2024-03-07
2024030703006111,GMFIL,7,42,42.0,350.5,14721.0,2024-03-07
2024030703006110,NLIC,42,3,60.0,595.8,35748.0,2024-03-07
2024030703006109,MMFDB,42,33,20.0,523.5,10470.0,2024-03-07
2024030703006108,MMFDB,42,41,10.0,523.5,5235.0,2024-03-07
2024030705004510,SIGS2,4,48,69500.0,7.95,552525.0,2024-03-07
2024030705004509,SIGS2,13,48,500.0,7.96,3980.0,2024-03-07
2024030701026881,SHIVM,56,35,85.0,522.0,44370.0,2024-03-07
2024030701026880,SHIVM,56,50,128.0,522.0,66816.0,2024-03-07
2024030701026879,SHIVM,56,44,114.0,522.0,59508.0,2024-03-07
2024030701026878,SHIVM,56,50,1506.0,522.0,786132.0,2024-03-07
2024030701026877,SHIVM,56,28,167.0,522.0,87174.0,2024-03-07
2024030705004508,HRL,32,58,10.0,624.0,6240.0,2024-03-07
2024030701026876,SHIVM,56,28,397.0,521.0,206837.0,2024-03-07
2024030701026875,SHIVM,44,28,603.0,521.0,314163.0,2024-03-07
2024030701026874,HHL,47,41,10.0,331.0,3310.0,2024-03-07
2024030701026873,HHL,47,58,10.0,331.0,3310.0,2024-03-07
2024030701026872,HHL,47,80,668.0,331.0,221108.0,2024-03-07
2024030701026871,SAMAJ,38,57,90.0,1662.0,149580.0,2024-03-07
2024030705004507,HRL,32,58,20.0,624.0,12480.0,2024-03-07
2024030701026870,MANDU,65,42,30.0,675.0,20250.0,2024-03-07
2024030701026869,MANDU,65,38,10.0,675.0,6750.0,2024-03-07
2024030701026868,MANDU,65,38,10.0,675.0,6750.0,2024-03-07
2024030701026867,MANDU,65,35,10.0,674.0,6740.0,2024-03-07
2024030701026866,MANDU,65,56,10.0,673.0,6730.0,2024-03-07
2024030701026865,MANDU,65,58,20.0,673.0,13460.0,2024-03-07
2024030701026864,MANDU,65,22,10.0,672.0,6720.0,2024-03-07
2024030705004506,HRL,8,39,10.0,624.2,6242.0,2024-03-07
2024030701026863,RFPL,49,34,370.0,353.0,130610.0,2024-03-07
2024030701026862,SNLI,49,41,50.0,590.8,29540.0,2024-03-07
2024030705004505,NRN,38,33,10.0,559.0,5590.0,2024-03-07
2024030704008976,KPCL,48,59,71.0,410.0,29110.0,2024-03-07
2024030704008975,KPCL,48,38,70.0,410.0,28700.0,2024-03-07
2024030701026861,SONA,14,61,120.0,506.0,60720.0,2024-03-07
2024030701026860,HATHY,34,81,390.0,915.0,356850.0,2024-03-07
2024030701026859,HATHY,17,81,10.0,915.0,9150.0,2024-03-07
2024030701026858,HATHY,43,81,100.0,915.1,91510.0,2024-03-07
2024030701026857,MEHL,58,37,20.0,301.5,6030.0,2024-03-07
2024030703006107,KSBBL,44,47,315.0,344.8,108612.0,2024-03-07
2024030703006106,KSBBL,29,47,269.0,344.9,92778.1,2024-03-07
2024030703006105,MPFL,57,11,460.0,363.0,166980.0,2024-03-07
2024030701026856,SBI,34,58,10.0,293.2,2932.0,2024-03-07
2024030701026855,NRM,1,41,300.0,408.0,122400.0,2024-03-07
2024030703006104,ILBS,34,35,15.0,700.0,10500.0,2024-03-07
2024030703006103,ILBS,34,37,20.0,698.0,13960.0,2024-03-07
2024030703006102,ILBS,34,58,95.0,690.0,65550.0,2024-03-07
2024030703006101,ILBS,34,53,20.0,688.0,13760.0,2024-03-07
2024030701026854,VLUCL,21,34,130.0,532.0,69160.0,2024-03-07
2024030701026853,NRM,49,41,60.0,408.0,24480.0,2024-03-07
2024030701026852,SNLI,42,49,10.0,590.0,5900.0,2024-03-07
2024030701026851,GCIL,91,85,10.0,542.0,5420.0,2024-03-07
2024030701026850,JBLB,17,33,13.0,1260.0,16380.0,2024-03-07
2024030701026849,JBLB,33,33,10.0,1260.1,12601.0,2024-03-07
2024030701026848,PHCL,64,6,1100.0,321.1,353210.0,2024-03-07
2024030703006100,MFIL,53,35,623.0,513.0,319599.0,2024-03-07
2024030703006099,MFIL,53,58,100.0,513.0,51300.0,2024-03-07
2024030703006098,MFIL,53,32,50.0,513.0,25650.0,2024-03-07
2024030703006097,MFIL,53,38,227.0,513.0,116451.0,2024-03-07
2024030703006096,MFIL,53,62,500.0,512.9,256450.0,2024-03-07
2024030703006095,MFIL,53,32,500.0,512.8,256400.0,2024-03-07
2024030703006094,GBLBS,3,57,25.0,533.5,13337.5,2024-03-07
2024030703006093,GBLBS,7,57,30.0,533.6,16008.0,2024-03-07
2024030703006092,GBLBS,4,57,50.0,533.7,26685.0,2024-03-07
2024030701026847,MKHL,32,57,410.0,370.9,152069.0,2024-03-07
2024030701026846,MKHL,41,57,190.0,371.0,70490.0,2024-03-07
2024030701026845,MKHL,55,57,100.0,371.2,37120.0,2024-03-07
2024030701026844,SNLI,6,58,30.0,590.0,17700.0,2024-03-07
2024030701026843,SNLI,6,58,10.0,590.0,5900.0,2024-03-07
2024030704008974,GHL,85,45,60.0,153.2,9192.0,2024-03-07
2024030701026842,HDL,8,58,20.0,1517.0,30340.0,2024-03-07
2024030701026841,GBIME,58,1,50.0,188.0,9400.0,2024-03-07
2024030704008973,HDHPC,41,16,23.0,142.7,3282.1,2024-03-07
2024030704008972,PMHPL,64,49,10.0,250.0,2500.0,2024-03-07
2024030704008971,PMHPL,64,22,80.0,250.0,20000.0,2024-03-07
2024030704008970,PMHPL,64,41,890.0,249.7,222233.0,2024-03-07
2024030701026840,SONA,51,61,200.0,506.0,101200.0,2024-03-07
2024030701026839,SONA,34,61,40.0,506.0,20240.0,2024-03-07
2024030701026838,SONA,57,61,10.0,506.0,5060.0,2024-03-07
2024030701026837,SONA,25,61,10.0,506.0,5060.0,2024-03-07
2024030701026836,SONA,16,61,1291.0,506.0,653246.0,2024-03-07
2024030701026835,HDL,8,44,40.0,1517.0,60680.0,2024-03-07
2024030704008969,AKPL,32,32,200.0,184.2,36840.0,2024-03-07
2024030705004504,CIT,65,66,25.0,2101.0,52525.0,2024-03-07
2024030705004503,CIT,58,66,10.0,2101.1,21011.0,2024-03-07
2024030705004502,CIT,17,66,25.0,2106.0,52650.0,2024-03-07
2024030705004501,CIT,41,66,30.0,2109.0,63270.0,2024-03-07
2024030705004500,CIT,49,66,15.0,2110.0,31650.0,2024-03-07
2024030705004499,CIT,57,66,20.0,2110.0,42200.0,2024-03-07
2024030705004498,CIT,48,66,25.0,2110.0,52750.0,2024-03-07
2024030705004497,CIT,11,66,50.0,2110.0,105500.0,2024-03-07
2024030703006091,GUFL,4,36,15.0,652.0,9780.0,2024-03-07
2024030701026834,SHIVM,44,38,147.0,521.0,76587.0,2024-03-07
2024030701026833,SHIVM,35,38,253.0,521.0,131813.0,2024-03-07
2024030701026832,SPC,50,43,10.0,585.0,5850.0,2024-03-07
2024030701026831,SPC,54,43,40.0,589.0,23560.0,2024-03-07
2024030705004496,NRN,38,57,90.0,559.0,50310.0,2024-03-07
2024030703006090,HLI,58,57,150.0,390.0,58500.0,2024-03-07
2024030703006089,HLI,41,57,64.0,390.1,24966.4,2024-03-07
2024030701026830,MEHL,58,62,10.0,302.0,3020.0,2024-03-07
2024030701026829,MHL,45,62,90.0,394.9,35541.0,2024-03-07
2024030701026828,MHL,45,22,50.0,394.8,19740.0,2024-03-07
2024030701026827,MHL,45,58,10.0,394.8,3948.0,2024-03-07
2024030701026826,MHL,45,58,10.0,394.0,3940.0,2024-03-07
2024030701026825,MHL,45,58,10.0,393.0,3930.0,2024-03-07
2024030701026824,MANDU,10,22,10.0,671.9,6719.0,2024-03-07
2024030704008968,IGI,34,16,18.0,541.0,9738.0,2024-03-07
2024030703006088,MSLB,44,52,10.0,844.0,8440.0,2024-03-07
2024030701026823,SNLI,6,29,10.0,590.0,5900.0,2024-03-07
2024030704008967,SJCL,34,29,90.0,288.0,25920.0,2024-03-07
2024030701026822,TPC,88,38,10.0,550.0,5500.0,2024-03-07
2024030701026821,TPC,88,57,25.0,550.0,13750.0,2024-03-07
2024030701026820,TPC,88,36,100.0,549.2,54920.0,2024-03-07
2024030701026819,TPC,88,17,50.0,546.0,27300.0,2024-03-07
2024030701026818,TPC,88,58,10.0,545.0,5450.0,2024-03-07
2024030701026817,TPC,88,41,10.0,545.0,5450.0,2024-03-07
2024030701026816,TPC,88,25,45.0,545.0,24525.0,2024-03-07
2024030701026815,TPC,88,58,10.0,545.0,5450.0,2024-03-07
2024030701026814,TPC,88,3,100.0,542.0,54200.0,2024-03-07
2024030701026813,TPC,88,4,10.0,540.9,5409.0,2024-03-07
2024030701026812,TPC,88,25,100.0,540.0,54000.0,2024-03-07
2024030701026811,TPC,88,6,10.0,540.0,5400.0,2024-03-07
2024030701026810,TPC,88,58,10.0,540.0,5400.0,2024-03-07
2024030701026809,TPC,88,22,10.0,540.0,5400.0,2024-03-07
2024030701026808,TPC,88,43,10.0,540.0,5400.0,2024-03-07
2024030701026807,TPC,88,45,290.0,539.5,156455.0,2024-03-07
2024030701026806,TPC,88,50,100.0,539.0,53900.0,2024-03-07
2024030701026805,TPC,88,32,100.0,538.0,53800.0,2024-03-07
2024030704008966,LEC,11,42,10.0,197.0,1970.0,2024-03-07
2024030704008965,JOSHI,21,13,10.0,362.0,3620.0,2024-03-07
2024030701026804,BHPL,6,13,20.0,498.9,9978.0,2024-03-07
2024030701026803,BHPL,6,26,130.0,498.8,64844.0,2024-03-07
2024030701026802,BHPL,6,35,10.0,495.0,4950.0,2024-03-07
2024030701026801,BHPL,6,35,10.0,495.0,4950.0,2024-03-07
2024030701026800,BHPL,6,57,10.0,493.5,4935.0,2024-03-07
2024030701026799,BHPL,6,43,100.0,491.0,49100.0,2024-03-07
2024030701026798,BHPL,6,38,10.0,490.0,4900.0,2024-03-07
2024030701026797,BHPL,6,35,10.0,489.9,4899.0,2024-03-07
2024030705004495,NIFRA,45,43,41.0,209.6,8593.6,2024-03-07
2024030704008964,SHL,57,48,100.0,437.0,43700.0,2024-03-07
2024030701026796,NRM,58,41,90.0,408.0,36720.0,2024-03-07
2024030701026795,RNLI,1,41,10.0,437.2,4372.0,2024-03-07
2024030701026794,PPL,65,57,259.0,341.0,88319.0,2024-03-07
2024030701026793,PPL,65,45,95.0,340.5,32347.5,2024-03-07
2024030701026792,PPL,65,49,39.0,339.0,13221.0,2024-03-07
2024030701026791,PPL,65,36,500.0,337.0,168500.0,2024-03-07
2024030701026790,PPL,65,57,75.0,336.0,25200.0,2024-03-07
2024030701026789,PPL,65,57,32.0,334.0,10688.0,2024-03-07
2024030704008963,API,17,58,50.0,187.0,9350.0,2024-03-07
2024030701026788,SONA,58,45,20.0,507.0,10140.0,2024-03-07
2024030701026787,SONA,58,7,20.0,507.0,10140.0,2024-03-07
2024030701026786,SONA,58,22,110.0,507.0,55770.0,2024-03-07
2024030701026785,SONA,58,74,350.0,506.6,177310.0,2024-03-07
2024030703006087,SINDU,25,58,100.0,338.2,33820.0,2024-03-07
2024030701026784,CLI,62,58,10.0,447.0,4470.0,2024-03-07
2024030705004494,HRL,32,45,30.0,624.0,18720.0,2024-03-07
2024030701026783,CLI,62,13,10.0,447.0,4470.0,2024-03-07
2024030701026782,MBJC,58,50,50.0,326.0,16300.0,2024-03-07
2024030701026781,SHIVM,22,28,400.0,522.0,208800.0,2024-03-07
2024030705004493,NRIC,42,34,200.0,755.0,151000.0,2024-03-07
2024030705004492,NRIC,34,34,50.0,755.0,37750.0,2024-03-07
2024030705004491,NRIC,34,34,10.0,755.0,7550.0,2024-03-07
2024030705004490,NRIC,6,34,20.0,755.0,15100.0,2024-03-07
2024030705004489,NRIC,34,34,10.0,755.1,7551.0,2024-03-07
2024030705004488,NRIC,6,34,10.0,757.0,7570.0,2024-03-07
2024030701026780,HBL,50,34,121.0,190.0,22990.0,2024-03-07
2024030701026779,HBL,50,34,500.0,190.3,95150.0,2024-03-07
2024030701026778,HBL,50,34,500.0,190.3,95150.0,2024-03-07
2024030701026777,HBL,49,34,500.0,190.4,95200.0,2024-03-07
2024030701026776,HBL,49,34,500.0,190.4,95200.0,2024-03-07
2024030701026775,HBL,37,34,10.0,191.0,1910.0,2024-03-07
2024030701026774,HBL,37,34,10.0,191.5,1915.0,2024-03-07
2024030704008962,IGI,34,21,482.0,541.0,260762.0,2024-03-07
2024030701026773,VLUCL,21,13,10.0,532.0,5320.0,2024-03-07
2024030701026772,VLUCL,21,58,10.0,532.0,5320.0,2024-03-07
2024030704008961,GLH,21,16,261.0,211.9,55305.9,2024-03-07
2024030703006086,LLBS,14,38,10.0,768.9,7689.0,2024-03-07
2024030703006085,LLBS,14,17,18.0,755.0,13590.0,2024-03-07
2024030701026771,CLI,62,28,10.0,447.0,4470.0,2024-03-07
2024030704008960,GLH,58,16,20.0,211.9,4238.0,2024-03-07
2024030704008959,HDHPC,39,21,200.0,142.9,28580.0,2024-03-07
2024030704008958,HDHPC,39,7,14.0,142.9,2000.6,2024-03-07
2024030701026770,NRM,58,58,10.0,408.0,4080.0,2024-03-07
2024030704008957,HDHPC,48,49,151.0,142.6,21532.6,2024-03-07
2024030704008956,HDHPC,47,49,40.0,142.7,5708.0,2024-03-07
2024030701026769,RFPL,62,29,710.0,352.3,250133.0,2024-03-07
2024030701026768,RFPL,48,29,100.0,352.4,35240.0,2024-03-07
2024030701026767,SGHC,70,21,10.0,317.0,3170.0,2024-03-07
2024030701026766,SGHC,70,22,10.0,313.0,3130.0,2024-03-07
2024030701026765,SMJC,6,62,61.0,377.0,22997.0,2024-03-07
2024030701026764,TVCL,42,38,10.0,531.9,5319.0,2024-03-07
2024030703006084,SHINE,26,38,78.0,374.9,29242.2,2024-03-07
2024030703006083,MLBSL,51,38,15.0,1605.0,24075.0,2024-03-07
2024030701026763,RHGCL,26,58,10.0,303.0,3030.0,2024-03-07
2024030704008955,SPDL,57,81,1000.0,254.0,254000.0,2024-03-07
2024030701026762,VLUCL,41,95,550.0,532.0,292600.0,2024-03-07
2024030701026761,ULHC,52,50,10.0,330.0,3300.0,2024-03-07
2024030701026760,NIMB,52,59,30.0,163.8,4914.0,2024-03-07
2024030704008954,SPIL,45,8,10.0,742.0,7420.0,2024-03-07
2024030704008953,SPIL,45,6,10.0,741.5,7415.0,2024-03-07
2024030704008952,SPIL,45,6,20.0,741.5,14830.0,2024-03-07
2024030704008951,NGPL,13,58,546.0,305.2,166639.2,2024-03-07
2024030704008950,NGPL,58,58,500.0,306.0,153000.0,2024-03-07
2024030704008949,NGPL,14,58,74.0,306.0,22644.0,2024-03-07
2024030704008948,NGPL,48,58,880.0,306.1,269368.0,2024-03-07
2024030701026759,ULHC,29,50,200.0,330.0,66000.0,2024-03-07
2024030704008947,JOSHI,42,86,689.0,341.0,234949.0,2024-03-07
2024030704008946,JOSHI,29,86,211.0,341.1,71972.1,2024-03-07
2024030704008945,JOSHI,58,86,100.0,342.0,34200.0,2024-03-07
2024030703006082,MMFDB,7,6,360.0,523.0,188280.0,2024-03-07
2024030703006081,MMFDB,38,6,30.0,523.0,15690.0,2024-03-07
2024030704008944,SPIL,45,48,48.0,738.0,35424.0,2024-03-07
2024030703006080,PMLI,38,34,10.0,506.0,5060.0,2024-03-07
2024030701026758,SHLB,57,52,10.0,859.0,8590.0,2024-03-07
2024030701026757,SHLB,57,58,10.0,850.0,8500.0,2024-03-07
2024030701026756,AHL,52,63,74.0,438.0,32412.0,2024-03-07
2024030701026755,NICA,17,18,50.0,420.0,21000.0,2024-03-07
2024030704008943,SGIC,35,4,1380.0,523.0,721740.0,2024-03-07
2024030704008942,AKJCL,32,35,50.0,225.0,11250.0,2024-03-07
2024030704008941,AHPC,49,35,50.0,186.7,9335.0,2024-03-07
2024030705004487,CHDC,16,17,50.0,951.0,47550.0,2024-03-07
2024030705004486,HRL,32,45,260.0,624.0,162240.0,2024-03-07
2024030705004485,HRL,32,45,240.0,624.1,149784.0,2024-03-07
2024030703006079,LBBL,49,49,60.0,384.9,23094.0,2024-03-07
2024030701026754,SIKLES,84,55,260.0,485.7,126282.0,2024-03-07
2024030701026753,SIKLES,84,38,10.0,485.0,4850.0,2024-03-07
2024030701026752,SIKLES,84,57,10.0,484.0,4840.0,2024-03-07
2024030701026751,SIKLES,84,57,10.0,483.0,4830.0,2024-03-07
2024030701026750,SIKLES,84,52,10.0,483.0,4830.0,2024-03-07
2024030701026749,SONA,7,74,500.0,506.6,253300.0,2024-03-07
2024030703006078,HLBSL,7,5,20.0,570.0,11400.0,2024-03-07
2024030701026748,NIMB,21,59,100.0,163.8,16380.0,2024-03-07
2024030701026747,SHIVM,56,28,40.0,522.0,20880.0,2024-03-07
2024030701026746,SHIVM,56,17,20.0,521.9,10438.0,2024-03-07
2024030703006077,MLBSL,5,3,10.0,1618.0,16180.0,2024-03-07
2024030703006076,SHINE,26,37,500.0,374.9,187450.0,2024-03-07
2024030701026745,MKHC,56,63,800.0,295.6,236480.0,2024-03-07
2024030701026744,MKHC,1,63,200.0,295.6,59120.0,2024-03-07
2024030705004484,HIDCL,58,41,30.0,174.2,5226.0,2024-03-07
2024030705004483,HIDCL,53,41,891.0,174.2,155212.2,2024-03-07
2024030704008940,JOSHI,45,13,10.0,362.0,3620.0,2024-03-07
2024030704008939,SHL,16,39,320.0,436.6,139712.0,2024-03-07
2024030704008938,SHL,58,39,105.0,436.6,45843.0,2024-03-07
2024030704008937,SHL,41,39,100.0,436.6,43660.0,2024-03-07
2024030704008936,GHL,85,4,60.0,153.2,9192.0,2024-03-07
2024030704008935,GHL,85,17,100.0,153.2,15320.0,2024-03-07
2024030704008934,GHL,85,13,31.0,153.2,4749.2,2024-03-07
2024030703006075,MDB,45,49,12.0,394.1,4729.2,2024-03-07
2024030703006074,MDB,8,49,87.0,395.0,34365.0,2024-03-07
2024030703006073,MDB,50,49,31.0,395.0,12245.0,2024-03-07
2024030704008933,NHPC,57,49,10.0,161.1,1611.0,2024-03-07
2024030701026743,SPC,58,33,10.0,587.0,5870.0,2024-03-07
2024030701026742,MMKJL,44,57,70.0,416.6,29162.0,2024-03-07
2024030703006072,HLI,41,34,136.0,390.1,53053.6,2024-03-07
2024030703006071,HLI,28,34,200.0,390.1,78020.0,2024-03-07
2024030703006070,HLI,57,34,13.0,390.1,5071.3,2024-03-07
2024030703006069,HLI,45,34,104.0,390.5,40612.0,2024-03-07
2024030703006068,HLI,42,34,47.0,391.0,18377.0,2024-03-07
2024030701026741,SMJC,6,62,130.0,377.0,49010.0,2024-03-07
2024030701026740,SMJC,34,62,300.0,377.2,113160.0,2024-03-07
2024030701026739,SMJC,14,62,50.0,378.0,18900.0,2024-03-07
2024030701026738,SMJC,95,62,100.0,378.1,37810.0,2024-03-07
2024030701026737,SMJC,43,62,240.0,378.1,90744.0,2024-03-07
2024030701026736,SMJC,49,62,30.0,378.2,11346.0,2024-03-07
2024030701026735,SMJC,57,62,89.0,378.2,33659.8,2024-03-07
2024030704008932,DHPL,11,62,80.0,201.0,16080.0,2024-03-07
2024030703006067,SADBL,32,77,225.0,298.0,67050.0,2024-03-07
2024030704008931,SSHL,36,52,50.0,171.0,8550.0,2024-03-07
2024030701026734,NRM,42,45,68.0,409.9,27873.2,2024-03-07
2024030701026733,NRM,42,34,200.0,409.9,81980.0,2024-03-07
2024030701026732,NRM,42,49,10.0,409.9,4099.0,2024-03-07
2024030701026731,NRM,42,50,20.0,409.8,8196.0,2024-03-07
2024030701026730,NRM,42,72,83.0,409.8,34013.4,2024-03-07
2024030701026729,NRM,42,58,10.0,409.7,4097.0,2024-03-07
2024030701026728,NRM,42,57,10.0,409.7,4097.0,2024-03-07
2024030701026727,NRM,42,59,500.0,409.5,204750.0,2024-03-07
2024030701026726,NRM,42,36,10.0,409.0,4090.0,2024-03-07
2024030701026725,NRM,42,49,30.0,409.0,12270.0,2024-03-07
2024030701026724,NRM,42,21,10.0,409.0,4090.0,2024-03-07
2024030701026723,NRM,42,41,49.0,409.0,20041.0,2024-03-07
2024030701026722,SHIVM,35,81,390.0,521.0,203190.0,2024-03-07
2024030701026721,SHIVM,48,81,233.0,521.1,121416.3,2024-03-07
2024030701026720,SHIVM,48,28,667.0,521.1,347573.7,2024-03-07
2024030701026719,SHIVM,26,28,1000.0,521.1,521100.0,2024-03-07
2024030701026718,SHIVM,13,28,100.0,521.1,52110.0,2024-03-07
2024030701026717,SHIVM,41,28,10.0,521.1,5211.0,2024-03-07
2024030701026716,SHIVM,38,28,143.0,521.1,74517.3,2024-03-07
2024030701026715,SHIVM,42,28,370.0,521.2,192844.0,2024-03-07
2024030701026714,PPL,19,57,100.0,334.0,33400.0,2024-03-07
2024030701026713,PPL,29,57,368.0,334.0,122912.0,2024-03-07
2024030705004482,NTC,55,25,100.0,850.0,85000.0,2024-03-07
2024030705004481,NTC,58,25,20.0,850.3,17006.0,2024-03-07
2024030705004480,NTC,42,25,30.0,850.5,25515.0,2024-03-07
2024030705004479,NTC,42,25,56.0,851.0,47656.0,2024-03-07
2024030705004478,NTC,53,25,130.0,851.0,110630.0,2024-03-07
2024030705004477,NTC,42,25,30.0,851.1,25533.0,2024-03-07
2024030705004476,NTC,57,25,10.0,851.5,8515.0,2024-03-07
2024030705004475,NTC,42,25,50.0,851.5,42575.0,2024-03-07
2024030705004474,NTC,32,25,500.0,852.0,426000.0,2024-03-07
2024030705004473,NTC,42,25,60.0,852.0,51120.0,2024-03-07
2024030705004472,NTC,32,25,500.0,852.0,426000.0,2024-03-07
2024030705004471,NTC,51,25,10.0,852.0,8520.0,2024-03-07
2024030705004470,NTC,57,25,100.0,852.5,85250.0,2024-03-07
2024030705004469,NTC,21,25,350.0,853.0,298550.0,2024-03-07
2024030705004468,NTC,57,25,37.0,853.0,31561.0,2024-03-07
2024030705004467,NTC,58,25,10.0,854.0,8540.0,2024-03-07
2024030704008930,KKHC,54,19,980.0,247.7,242746.0,2024-03-07
2024030704008929,KKHC,21,19,20.0,247.8,4956.0,2024-03-07
2024030701026712,SBL,1,52,15.0,223.0,3345.0,2024-03-07
2024030703006066,ALBSL,41,58,10.0,642.0,6420.0,2024-03-07
2024030701026711,DLBS,41,58,10.0,842.0,8420.0,2024-03-07
2024030701026710,SPHL,58,84,10.0,479.0,4790.0,2024-03-07
2024030701026709,SONA,16,32,26.0,506.0,13156.0,2024-03-07
2024030701026708,SONA,58,32,10.0,506.1,5061.0,2024-03-07
2024030701026707,SONA,34,32,500.0,506.1,253050.0,2024-03-07
2024030701026706,SONA,14,32,464.0,506.1,234830.4,2024-03-07
2024030703006065,GFCL,59,32,100.0,442.1,44210.0,2024-03-07
2024030701026705,HHL,6,51,60.0,329.1,19746.0,2024-03-07
2024030705004466,HRL,32,38,10.0,624.1,6241.0,2024-03-07
2024030704008928,NGPL,48,43,130.0,306.1,39793.0,2024-03-07
2024030704008927,NGPL,25,43,170.0,306.1,52037.0,2024-03-07
2024030704008926,NGPL,39,43,200.0,306.2,61240.0,2024-03-07
2024030705004465,HRL,32,42,20.0,624.1,12482.0,2024-03-07
2024030703006064,PMLI,66,25,100.0,505.0,50500.0,2024-03-07
2024030703006063,GFCL,52,46,10.0,446.0,4460.0,2024-03-07
2024030704008925,IGI,17,21,18.0,541.0,9738.0,2024-03-07
2024030701026704,NABIL,20,17,20.0,445.1,8902.0,2024-03-07
2024030701026703,SHIVM,35,28,100.0,522.0,52200.0,2024-03-07
2024030701026702,RNLI,16,42,600.0,439.0,263400.0,2024-03-07
2024030701026701,GCIL,45,85,20.0,542.0,10840.0,2024-03-07
2024030701026700,NICA,17,45,22.0,420.0,9240.0,2024-03-07
2024030704008924,AKPL,58,49,50.0,184.9,9245.0,2024-03-07
2024030704008923,UPCL,57,49,32.0,214.2,6854.4,2024-03-07
2024030701026699,MBJC,58,49,180.0,326.0,58680.0,2024-03-07
2024030705004464,HRL,32,29,100.0,624.1,62410.0,2024-03-07
2024030701026698,PPL,45,58,125.0,334.1,41762.5,2024-03-07
2024030701026697,PPL,67,58,50.0,334.1,16705.0,2024-03-07
2024030701026696,ILI,47,62,10.0,523.1,5231.0,2024-03-07
2024030703006062,PROFL,42,4,20.0,310.0,6200.0,2024-03-07
2024030703006061,PROFL,32,4,100.0,310.0,31000.0,2024-03-07
2024030703006060,PROFL,58,4,50.0,310.0,15500.0,2024-03-07
2024030703006059,PROFL,26,4,200.0,310.0,62000.0,2024-03-07
2024030703006058,PROFL,33,4,50.0,310.0,15500.0,2024-03-07
2024030703006057,PROFL,21,4,50.0,310.0,15500.0,2024-03-07
2024030703006056,PROFL,47,4,100.0,310.0,31000.0,2024-03-07
2024030705004463,HRL,32,48,30.0,624.1,18723.0,2024-03-07
2024030701026695,TAMOR,81,38,10.0,393.2,3932.0,2024-03-07
2024030701026694,TAMOR,81,38,10.0,393.2,3932.0,2024-03-07
2024030704008922,BARUN,55,17,300.0,251.0,75300.0,2024-03-07
2024030701026693,SONA,14,13,36.0,506.1,18219.6,2024-03-07
2024030701026692,SONA,14,13,35.0,506.1,17713.5,2024-03-07
2024030701026691,SONA,33,13,1000.0,506.2,506200.0,2024-03-07
2024030701026690,SONA,49,13,60.0,506.2,30372.0,2024-03-07
2024030701026689,SONA,58,13,300.0,506.3,151890.0,2024-03-07
2024030701026688,SONA,41,13,100.0,506.6,50660.0,2024-03-07
2024030701026687,SONA,58,13,29.0,506.6,14691.4,2024-03-07
2024030701026686,SONA,58,13,400.0,506.7,202680.0,2024-03-07
2024030701026685,SONA,84,13,40.0,506.7,20268.0,2024-03-07
2024030701026684,MCHL,54,34,50.0,339.1,16955.0,2024-03-07
2024030701026683,MEL,21,61,401.0,220.9,88580.9,2024-03-07
2024030701026682,MEL,21,35,10.0,220.8,2208.0,2024-03-07
2024030701026681,MEL,21,25,10.0,220.8,2208.0,2024-03-07
2024030701026680,MEL,21,38,10.0,220.1,2201.0,2024-03-07
2024030701026679,MEL,21,58,400.0,220.0,88000.0,2024-03-07
2024030701026678,MEL,21,58,250.0,220.0,55000.0,2024-03-07
2024030701026677,MEL,21,61,589.0,220.0,129580.0,2024-03-07
2024030705004462,NRIC,6,34,82.0,758.0,62156.0,2024-03-07
2024030705004461,NRIC,6,18,500.0,758.0,379000.0,2024-03-07
2024030705004460,NRIC,6,43,18.0,757.9,13642.2,2024-03-07
2024030701026676,GCIL,19,6,100.0,540.0,54000.0,2024-03-07
2024030704008921,HPPL,26,48,90.0,275.0,24750.0,2024-03-07
2024030704008920,HPPL,71,48,60.0,275.1,16506.0,2024-03-07
2024030701026675,EBL,51,38,25.0,512.0,12800.0,2024-03-07
2024030704008919,NGPL,25,28,330.0,306.1,101013.0,2024-03-07
2024030704008918,NGPL,8,28,100.0,306.2,30620.0,2024-03-07
2024030704008917,NGPL,45,28,20.0,306.2,6124.0,2024-03-07
2024030704008916,NGPL,54,28,50.0,306.2,15310.0,2024-03-07
2024030701026674,MKCL,14,19,10.0,940.0,9400.0,2024-03-07
2024030704008915,AHPC,49,41,1000.0,186.7,186700.0,2024-03-07
2024030704008914,CHL,45,41,163.0,300.1,48916.3,2024-03-07
2024030703006055,NFS,34,17,100.0,357.0,35700.0,2024-03-07
2024030705004459,NTC,58,13,13.0,854.0,11102.0,2024-03-07
2024030701026673,NRM,39,41,70.0,409.0,28630.0,2024-03-07
2024030701026672,NRM,39,45,10.0,408.1,4081.0,2024-03-07
2024030701026671,NRM,39,38,20.0,408.0,8160.0,2024-03-07
2024030701026670,SHIVM,42,45,30.0,521.2,15636.0,2024-03-07
2024030701026669,SBL,50,52,10.0,223.0,2230.0,2024-03-07
2024030704008913,DHPL,11,49,30.0,201.0,6030.0,2024-03-07
2024030701026668,CITY,7,7,10.0,597.9,5979.0,2024-03-07
2024030701026667,NABIL,34,40,37.0,446.0,16502.0,2024-03-07
2024030701026666,HIDCLP,25,58,70.0,101.7,7119.0,2024-03-07
2024030701026665,SONA,58,22,90.0,507.0,45630.0,2024-03-07
2024030701026664,SONA,58,56,910.0,507.0,461370.0,2024-03-07
2024030701026663,MBJC,58,26,200.0,326.0,65200.0,2024-03-07
2024030701026662,NABIL,20,38,200.0,445.1,89020.0,2024-03-07
2024030704008912,PPCL,6,47,47.0,262.0,12314.0,2024-03-07
2024030704008911,PPCL,22,47,10.0,262.0,2620.0,2024-03-07
2024030704008910,PPCL,22,47,50.0,262.0,13100.0,2024-03-07
2024030704008909,PPCL,38,47,60.0,262.1,15726.0,2024-03-07
2024030704008908,PPCL,14,47,200.0,262.2,52440.0,2024-03-07
2024030704008907,PPCL,51,47,150.0,263.0,39450.0,2024-03-07
2024030704008906,PPCL,38,47,10.0,263.2,2632.0,2024-03-07
2024030701026661,SPL,57,91,10.0,668.0,6680.0,2024-03-07
2024030701026660,GCIL,19,42,10.0,540.0,5400.0,2024-03-07
2024030701026659,MSHL,14,34,10.0,601.0,6010.0,2024-03-07
2024030701026658,PHCL,64,66,540.0,321.1,173394.0,2024-03-07
2024030701026657,PHCL,39,66,390.0,321.4,125346.0,2024-03-07
2024030701026656,PHCL,16,66,50.0,321.9,16095.0,2024-03-07
2024030701026655,PHCL,41,66,20.0,322.0,6440.0,2024-03-07
2024030701026654,SHIVM,6,28,50.0,522.0,26100.0,2024-03-07
2024030701026653,SNLI,6,45,50.0,590.0,29500.0,2024-03-07
2024030703006054,PFL,65,6,200.0,364.1,72820.0,2024-03-07
2024030703006053,MNBBL,58,48,25.0,351.0,8775.0,2024-03-07
2024030703006052,MNBBL,43,48,100.0,351.0,35100.0,2024-03-07
2024030704008905,SPDL,51,6,591.0,254.0,150114.0,2024-03-07
2024030701026652,NYADI,49,37,150.0,311.0,46650.0,2024-03-07
2024030701026651,NYADI,80,37,120.0,311.0,37320.0,2024-03-07
2024030701026650,NYADI,61,37,15.0,311.0,4665.0,2024-03-07
2024030703006051,JBBL,47,38,947.0,294.1,278512.7,2024-03-07
2024030703006050,JBBL,41,38,155.0,294.1,45585.5,2024-03-07
2024030703006049,SKBBL,94,57,19.0,827.3,15718.7,2024-03-07
2024030701026649,SONA,84,57,30.0,506.7,15201.0,2024-03-07
2024030701026648,SONA,14,57,490.0,506.7,248283.0,2024-03-07
2024030701026647,SONA,51,57,480.0,506.8,243264.0,2024-03-07
2024030703006048,SHINE,26,25,15.0,374.9,5623.5,2024-03-07
2024030701026646,MEHL,52,58,10.0,302.0,3020.0,2024-03-07
2024030705004458,HRL,32,42,20.0,624.0,12480.0,2024-03-07
2024030701026645,CITY,17,16,10.0,590.4,5904.0,2024-03-07
2024030705004457,NIFRA,59,17,235.0,210.0,49350.0,2024-03-07
2024030705004456,NIFRA,74,17,304.0,210.0,63840.0,2024-03-07
2024030704008904,PRIN,64,57,550.0,758.8,417340.0,2024-03-07
2024030705004455,NRN,45,64,300.0,559.9,167970.0,2024-03-07
2024030704008903,CGH,49,71,10.0,820.1,8201.0,2024-03-07
2024030704008902,AHPC,22,57,20.0,186.8,3736.0,2024-03-07
2024030701026644,NABIL,52,40,35.0,446.0,15610.0,2024-03-07
2024030701026643,SONA,34,56,90.0,507.0,45630.0,2024-03-07
2024030701026642,SONA,34,58,10.0,507.0,5070.0,2024-03-07
2024030703006047,GBBL,54,34,61.0,365.6,22301.6,2024-03-07
2024030703006046,MERO,67,34,20.0,535.1,10702.0,2024-03-07
2024030701026641,MEL,55,61,100.0,220.0,22000.0,2024-03-07
2024030701026640,MEL,42,32,420.0,219.0,91980.0,2024-03-07
2024030701026639,MEL,42,32,80.0,219.1,17528.0,2024-03-07
2024030703006045,ICFC,49,47,14.0,480.5,6727.0,2024-03-07
2024030703006044,ICFC,58,47,90.0,480.7,43263.0,2024-03-07
2024030703006043,ICFC,49,47,200.0,481.1,96220.0,2024-03-07
2024030703006042,ICFC,29,47,170.0,481.2,81804.0,2024-03-07
2024030703006041,ICFC,35,47,200.0,482.0,96400.0,2024-03-07
2024030703006040,ICFC,28,47,76.0,482.3,36654.8,2024-03-07
2024030703006039,ICFC,41,47,100.0,482.4,48240.0,2024-03-07
2024030703006038,ICFC,50,47,100.0,482.5,48250.0,2024-03-07
2024030703006037,ICFC,20,47,50.0,482.9,24145.0,2024-03-07
2024030705004454,NIFRA,74,3,30.0,210.0,6300.0,2024-03-07
2024030701026638,HATHY,43,57,100.0,915.3,91530.0,2024-03-07
2024030704008901,HEI,16,49,85.0,577.0,49045.0,2024-03-07
2024030703006036,NLIC,49,3,30.0,595.8,17874.0,2024-03-07
2024030701026637,SHIVM,42,84,100.0,521.2,52120.0,2024-03-07
2024030701026636,BNHC,41,70,10.0,480.0,4800.0,2024-03-07
2024030701026635,MHCL,29,40,155.0,490.0,75950.0,2024-03-07
2024030701026634,MHCL,29,22,100.0,490.0,49000.0,2024-03-07
2024030701026633,MHCL,29,69,100.0,489.0,48900.0,2024-03-07
2024030701026632,MHCL,29,45,100.0,488.0,48800.0,2024-03-07
2024030701026631,MHCL,29,58,10.0,488.0,4880.0,2024-03-07
2024030701026630,MHCL,29,25,10.0,487.0,4870.0,2024-03-07
2024030701026629,MHCL,29,22,25.0,486.0,12150.0,2024-03-07
2024030703006035,USLB,55,25,10.0,1222.0,12220.0,2024-03-07
2024030703006034,GMFIL,4,42,58.0,352.9,20468.2,2024-03-07
2024030703006033,GMFIL,4,42,42.0,352.9,14821.8,2024-03-07
2024030701026628,HHL,47,84,130.0,330.0,42900.0,2024-03-07
2024030701026627,AVYAN,95,42,40.0,587.3,23492.0,2024-03-07
2024030701026626,AVYAN,29,42,10.0,587.4,5874.0,2024-03-07
2024030704008900,LEC,34,41,400.0,196.0,78400.0,2024-03-07
2024030701026625,MMKJL,64,43,10.0,416.0,4160.0,2024-03-07
2024030701026624,NICA,17,49,50.0,420.0,21000.0,2024-03-07
2024030701026623,HDL,84,32,20.0,1519.0,30380.0,2024-03-07
2024030705004453,HIDCL,53,4,714.0,174.2,124378.8,2024-03-07
2024030705004452,HIDCL,45,4,20.0,174.3,3486.0,2024-03-07
2024030701026622,ADBL,51,32,64.0,228.1,14598.4,2024-03-07
2024030701026621,ADBL,51,32,10.0,228.5,2285.0,2024-03-07
2024030701026620,CZBIL,58,85,20.0,164.0,3280.0,2024-03-07
2024030701026619,TSHL,58,62,10.0,487.0,4870.0,2024-03-07
2024030701026618,CLI,36,33,10.0,446.0,4460.0,2024-03-07
2024030705004451,HRL,32,43,10.0,624.0,6240.0,2024-03-07
2024030701026617,RNLI,1,38,10.0,437.2,4372.0,2024-03-07
2024030703006032,CFCL,38,66,10.0,337.5,3375.0,2024-03-07
2024030701026616,MMKJL,82,38,10.0,414.1,4141.0,2024-03-07
2024030703006031,MSLB,52,45,11.0,828.0,9108.0,2024-03-07
2024030701026615,MKHC,7,49,434.0,298.7,129635.8,2024-03-07
2024030701026614,MKHC,7,57,330.0,298.0,98340.0,2024-03-07
2024030701026613,MKHC,7,58,10.0,298.0,2980.0,2024-03-07
2024030701026612,MKHC,7,35,10.0,298.0,2980.0,2024-03-07
2024030701026611,MKHC,7,35,10.0,298.0,2980.0,2024-03-07
2024030701026610,MKHC,7,21,10.0,298.0,2980.0,2024-03-07
2024030701026609,MKHC,7,28,10.0,298.0,2980.0,2024-03-07
2024030701026608,MKHC,7,1,100.0,297.8,29780.0,2024-03-07
2024030701026607,MKHC,7,49,10.0,297.0,2970.0,2024-03-07
2024030701026606,MKHC,7,1,76.0,297.0,22572.0,2024-03-07
2024030701026605,SNLI,34,41,42.0,590.8,24813.6,2024-03-07
2024030701026604,SNLI,34,29,18.0,590.0,10620.0,2024-03-07
