transaction,symbol,buyer,seller,quantity,rate,amount,date
2024022704007575,SHL,40,34,130.0,437.1,56823.0,2024-02-27
2024022703004967,JBBL,34,58,40.0,293.0,11720.0,2024-02-27
2024022703004966,JBBL,34,35,10.0,293.0,2930.0,2024-02-27
2024022703004965,FMDBL,62,62,10.0,588.9,5889.0,2024-02-27
2024022701024020,SHIVM,81,16,100.0,485.1,48510.0,2024-02-27
2024022701024019,SPC,34,64,10.0,661.0,6610.0,2024-02-27
2024022703004964,SKBBL,25,83,65.0,817.0,53105.0,2024-02-27
2024022703004963,SKBBL,42,83,20.0,818.0,16360.0,2024-02-27
2024022703004962,RSDC,45,64,28.0,521.0,14588.0,2024-02-27
2024022703004961,RSDC,4,64,69.0,521.0,35949.0,2024-02-27
2024022701024018,MMKJL,65,62,10.0,433.0,4330.0,2024-02-27
2024022701024017,NIMB,17,14,10.0,164.0,1640.0,2024-02-27
2024022701024016,NIMB,17,26,280.0,163.9,45892.0,2024-02-27
2024022704007574,CHCL,50,50,10.0,463.0,4630.0,2024-02-27
2024022704007573,RADHI,67,14,100.0,251.8,25180.0,2024-02-27
2024022705004387,NRIC,94,56,12.0,746.0,8952.0,2024-02-27
2024022701024015,NRM,53,21,30.0,357.4,10722.0,2024-02-27
2024022701024014,RAWA,70,58,10.0,469.0,4690.0,2024-02-27
2024022703004960,MPFL,45,55,10.0,358.5,3585.0,2024-02-27
2024022704007572,JOSHI,45,4,10.0,389.9,3899.0,2024-02-27
2024022703004959,SJLIC,55,45,50.0,470.0,23500.0,2024-02-27
2024022703004958,SJLIC,34,45,100.0,470.0,47000.0,2024-02-27
2024022703004957,SJLIC,48,45,10.0,470.0,4700.0,2024-02-27
2024022703004956,SJLIC,41,45,37.0,470.0,17390.0,2024-02-27
2024022701024013,MHCL,35,56,11.0,552.8,6080.8,2024-02-27
2024022701024012,MHCL,35,56,12.0,552.8,6633.6,2024-02-27
2024022701024011,HHL,5,39,10.0,355.4,3554.0,2024-02-27
2024022701024010,BGWT,34,7,25.0,579.0,14475.0,2024-02-27
2024022704007571,AKJCL,7,29,10.0,224.0,2240.0,2024-02-27
2024022704007570,JOSHI,45,40,20.0,385.0,7700.0,2024-02-27
2024022704007569,JOSHI,21,40,300.0,385.0,115500.0,2024-02-27
2024022704007568,JOSHI,8,40,180.0,385.1,69318.0,2024-02-27
2024022704007567,AHPC,7,37,200.0,185.0,37000.0,2024-02-27
2024022703004955,ICFC,32,17,30.0,493.5,14805.0,2024-02-27
2024022705004386,CHDC,71,22,99.0,979.0,96921.0,2024-02-27
2024022705004385,CHDC,71,21,10.0,978.7,9787.0,2024-02-27
2024022705004384,CHDC,71,21,10.0,978.5,9785.0,2024-02-27
2024022701024009,HHL,71,39,50.0,355.4,17770.0,2024-02-27
2024022705004383,CHDC,71,77,10.0,978.0,9780.0,2024-02-27
2024022705004382,CHDC,71,17,10.0,978.0,9780.0,2024-02-27
2024022705004381,CHDC,71,58,10.0,978.0,9780.0,2024-02-27
2024022705004380,CHDC,71,47,20.0,977.5,19550.0,2024-02-27
2024022705004379,CHDC,71,21,150.0,977.0,146550.0,2024-02-27
2024022705004378,CHDC,71,58,10.0,977.0,9770.0,2024-02-27
2024022701024008,MHCL,71,57,10.0,552.0,5520.0,2024-02-27
2024022705004377,CHDC,71,35,41.0,977.0,40057.0,2024-02-27
2024022705004376,CHDC,71,19,10.0,976.5,9765.0,2024-02-27
2024022705004375,CHDC,71,13,200.0,975.0,195000.0,2024-02-27
2024022705004374,CHDC,71,38,10.0,975.0,9750.0,2024-02-27
2024022705004373,CHDC,71,41,10.0,975.0,9750.0,2024-02-27
2024022701024007,PPL,71,34,10.0,334.6,3346.0,2024-02-27
2024022701024006,SMJC,71,37,10.0,386.0,3860.0,2024-02-27
2024022701024005,SMJC,71,35,10.0,385.0,3850.0,2024-02-27
2024022701024004,SMJC,71,36,10.0,385.0,3850.0,2024-02-27
2024022704007566,GLH,38,58,200.0,212.0,42400.0,2024-02-27
2024022701024003,ULBSL,49,3,10.0,1076.0,10760.0,2024-02-27
2024022701024002,CLI,42,52,10.0,434.1,4341.0,2024-02-27
2024022704007565,CGH,42,32,150.0,824.0,123600.0,2024-02-27
2024022704007564,CGH,42,33,50.0,823.9,41195.0,2024-02-27
2024022704007563,NICL,85,42,10.0,825.0,8250.0,2024-02-27
2024022701024001,HIDCLP,42,55,10.0,101.0,1010.0,2024-02-27
2024022705004372,NIFRA,55,51,105.0,208.1,21850.5,2024-02-27
2024022701024000,SPC,62,88,100.0,603.5,60350.0,2024-02-27
2024022701023999,MMKJL,4,62,10.0,433.0,4330.0,2024-02-27
2024022703004954,NFS,69,42,10.0,357.9,3579.0,2024-02-27
2024022703004953,GUFL,69,34,10.0,628.0,6280.0,2024-02-27
2024022703004952,NICLBSL,53,57,400.0,536.1,214440.0,2024-02-27
2024022701023998,SPC,28,64,330.0,661.0,218130.0,2024-02-27
2024022701023997,SPC,28,65,10.0,618.1,6181.0,2024-02-27
2024022701023996,SPC,28,33,300.0,618.0,185400.0,2024-02-27
2024022701023995,SPC,28,44,50.0,618.0,30900.0,2024-02-27
2024022701023994,SPC,28,58,20.0,618.0,12360.0,2024-02-27
2024022701023993,SPC,28,42,100.0,615.5,61550.0,2024-02-27
2024022701023992,SPC,28,39,30.0,615.0,18450.0,2024-02-27
2024022701023991,SPC,28,11,50.0,615.0,30750.0,2024-02-27
2024022701023990,SPC,28,64,10.0,612.0,6120.0,2024-02-27
2024022701023989,SPC,28,64,20.0,611.4,12228.0,2024-02-27
2024022701023988,SPC,28,64,10.0,611.3,6113.0,2024-02-27
2024022701023987,SPC,28,35,10.0,611.2,6112.0,2024-02-27
2024022701023986,SPC,28,64,10.0,611.2,6112.0,2024-02-27
2024022701023985,SPC,28,64,10.0,611.1,6111.0,2024-02-27
2024022701023984,SPC,28,64,100.0,611.0,61100.0,2024-02-27
2024022701023983,SPC,28,11,10.0,610.0,6100.0,2024-02-27
2024022701023982,SPC,28,33,110.0,610.0,67100.0,2024-02-27
2024022701023981,SPC,28,64,20.0,608.0,12160.0,2024-02-27
2024022705004371,NTC,28,51,374.0,843.9,315618.6,2024-02-27
2024022705004370,NTC,28,55,60.0,843.0,50580.0,2024-02-27
2024022705004369,NTC,28,51,566.0,840.0,475440.0,2024-02-27
2024022701023980,NBL,54,35,93.0,219.0,20367.0,2024-02-27
2024022704007562,JOSHI,62,4,10.0,389.9,3899.0,2024-02-27
2024022701023979,KBL,48,54,57.0,143.0,8151.0,2024-02-27
2024022701023978,KBL,48,59,93.0,143.0,13299.0,2024-02-27
2024022703004951,FOWAD,34,29,20.0,1015.0,20300.0,2024-02-27
2024022704007561,AKJCL,34,29,54.0,224.0,12096.0,2024-02-27
2024022704007560,AKJCL,34,3,330.0,224.0,73920.0,2024-02-27
2024022704007559,AKJCL,34,54,116.0,223.0,25868.0,2024-02-27
2024022701023977,VLUCL,34,43,10.0,519.0,5190.0,2024-02-27
2024022705004368,CIT,34,42,10.0,2055.0,20550.0,2024-02-27
2024022703004950,SLBBL,29,44,10.0,578.5,5785.0,2024-02-27
2024022704007558,RURU,34,35,10.0,719.0,7190.0,2024-02-27
2024022701023976,SHIVM,81,65,70.0,485.1,33957.0,2024-02-27
2024022703004949,NFS,50,42,10.0,357.9,3579.0,2024-02-27
2024022703004948,SINDU,84,45,20.0,320.0,6400.0,2024-02-27
2024022704007557,SGIC,84,34,160.0,512.9,82064.0,2024-02-27
2024022704007556,SGIC,84,45,100.0,512.9,51290.0,2024-02-27
2024022704007555,SGIC,84,50,40.0,512.9,20516.0,2024-02-27
2024022704007554,SGIC,84,14,100.0,512.0,51200.0,2024-02-27
2024022704007553,SGIC,84,14,50.0,512.0,25600.0,2024-02-27
2024022704007552,SGIC,84,59,10.0,512.0,5120.0,2024-02-27
2024022704007551,SGIC,84,22,40.0,511.9,20476.0,2024-02-27
2024022704007550,SGIC,84,14,100.0,510.0,51000.0,2024-02-27
2024022701023975,ULHC,45,25,50.0,325.0,16250.0,2024-02-27
2024022704007549,AKPL,1,45,150.0,179.0,26850.0,2024-02-27
2024022704007548,AKPL,17,45,500.0,179.0,89500.0,2024-02-27
2024022704007547,AKPL,26,45,164.0,179.0,29356.0,2024-02-27
2024022701023974,DOLTI,45,57,10.0,386.0,3860.0,2024-02-27
2024022703004947,GLBSL,38,45,12.0,972.0,11664.0,2024-02-27
2024022703004946,GLBSL,38,58,50.0,955.0,47750.0,2024-02-27
2024022703004945,GLBSL,38,7,10.0,955.0,9550.0,2024-02-27
2024022703004944,GLBSL,38,6,45.0,955.0,42975.0,2024-02-27
2024022703004943,GLBSL,38,38,23.0,954.0,21942.0,2024-02-27
2024022703004942,GLBSL,38,17,10.0,950.0,9500.0,2024-02-27
2024022703004941,GLBSL,38,39,30.0,949.9,28497.0,2024-02-27
2024022704007546,IGI,38,35,200.0,532.8,106560.0,2024-02-27
2024022703004940,CBBL,35,43,22.0,830.0,18260.0,2024-02-27
2024022703004939,CBBL,35,55,55.0,827.0,45485.0,2024-02-27
2024022703004938,CBBL,35,56,283.0,826.0,233758.0,2024-02-27
2024022705004367,HRL,65,35,450.0,610.0,274500.0,2024-02-27
2024022705004366,HRL,4,35,50.0,610.1,30505.0,2024-02-27
2024022704007545,MHNL,35,11,10.0,253.9,2539.0,2024-02-27
2024022704007544,GHL,59,34,472.0,153.0,72216.0,2024-02-27
2024022704007543,GHL,59,41,30.0,153.0,4590.0,2024-02-27
2024022704007542,GHL,59,57,500.0,153.0,76500.0,2024-02-27
2024022704007541,GHL,59,21,618.0,153.0,94554.0,2024-02-27
2024022704007540,GHL,59,57,380.0,152.5,57950.0,2024-02-27
2024022701023973,BNHC,32,19,40.0,439.2,17568.0,2024-02-27
2024022701023972,BNHC,32,29,80.0,436.0,34880.0,2024-02-27
2024022701023971,NICA,57,32,200.0,418.5,83700.0,2024-02-27
2024022703004937,SABSL,32,37,69.0,595.0,41055.0,2024-02-27
2024022704007539,UPPER,32,21,10.0,202.0,2020.0,2024-02-27
2024022701023970,EBL,46,4,13.0,510.0,6630.0,2024-02-27
2024022701023969,HHL,71,39,10.0,355.4,3554.0,2024-02-27
2024022701023968,RFPL,71,86,10.0,325.9,3259.0,2024-02-27
2024022703004936,SMFBS,49,19,10.0,884.0,8840.0,2024-02-27
2024022701023967,SAMAJ,58,52,10.0,1715.0,17150.0,2024-02-27
2024022704007538,GHL,25,57,120.0,152.5,18300.0,2024-02-27
2024022704007537,GHL,25,54,80.0,152.5,12200.0,2024-02-27
2024022701023966,BNT,25,19,10.0,14677.0,146770.0,2024-02-27
2024022704007536,PMHPL,66,35,10.0,258.0,2580.0,2024-02-27
2024022703004935,ALBSL,36,41,10.0,643.0,6430.0,2024-02-27
2024022703004934,ALBSL,36,7,20.0,642.0,12840.0,2024-02-27
2024022703004933,ALBSL,36,45,10.0,640.0,6400.0,2024-02-27
2024022703004932,ALBSL,36,62,10.0,640.0,6400.0,2024-02-27
2024022701023965,UHEWA,42,58,20.0,359.9,7198.0,2024-02-27
2024022703004931,SHINE,42,57,276.0,375.0,103500.0,2024-02-27
2024022703004930,SHINE,42,45,723.0,375.0,271125.0,2024-02-27
2024022705004365,NTC,42,51,50.0,840.0,42000.0,2024-02-27
2024022701023964,LBLD88,35,42,48.0,900.0,43200.0,2024-02-27
2024022701023963,SPC,62,88,180.0,603.5,108630.0,2024-02-27
2024022701023962,SPC,74,88,20.0,603.5,12070.0,2024-02-27
2024022704007535,SSHL,22,6,10.0,167.9,1679.0,2024-02-27
2024022704007534,JOSHI,72,71,10.0,390.0,3900.0,2024-02-27
2024022701023961,SHLB,57,41,10.0,863.0,8630.0,2024-02-27
2024022701023960,CKHL,57,72,166.0,602.9,100081.4,2024-02-27
2024022701023959,CKHL,59,72,30.0,602.9,18087.0,2024-02-27
2024022701023958,CKHL,45,72,500.0,603.0,301500.0,2024-02-27
2024022701023957,CKHL,13,72,100.0,604.0,60400.0,2024-02-27
2024022701023956,CKHL,42,72,100.0,605.9,60590.0,2024-02-27
2024022701023955,CKHL,58,72,10.0,606.7,6067.0,2024-02-27
2024022701023954,CKHL,58,72,200.0,608.0,121600.0,2024-02-27
2024022701023953,CKHL,21,72,50.0,610.0,30500.0,2024-02-27
2024022701023952,CKHL,70,72,10.0,610.0,6100.0,2024-02-27
2024022701023951,CKHL,29,72,70.0,610.0,42700.0,2024-02-27
2024022701023950,CKHL,49,72,402.0,611.0,245622.0,2024-02-27
2024022701023949,NABIL,57,48,20.0,437.8,8756.0,2024-02-27
2024022701023948,SONA,58,43,70.0,451.5,31605.0,2024-02-27
2024022703004929,ICFC,50,43,10.0,489.0,4890.0,2024-02-27
2024022701023947,RFPL,62,86,400.0,325.9,130360.0,2024-02-27
2024022701023946,RFPL,62,86,373.0,325.9,121560.7,2024-02-27
2024022701023945,RFPL,62,57,10.0,325.0,3250.0,2024-02-27
2024022701023944,RFPL,62,45,17.0,325.0,5525.0,2024-02-27
2024022701023943,SRLI,41,3,10.0,426.0,4260.0,2024-02-27
2024022703004928,NFS,44,42,10.0,357.9,3579.0,2024-02-27
2024022701023942,CZBIL,29,14,50.0,163.9,8195.0,2024-02-27
2024022701023941,MMKJL,29,62,10.0,433.0,4330.0,2024-02-27
2024022701023940,BHL,64,72,370.0,355.0,131350.0,2024-02-27
2024022701023939,BHL,64,17,30.0,354.9,10647.0,2024-02-27
2024022701023938,BHL,64,56,500.0,354.0,177000.0,2024-02-27
2024022704007533,UAIL,50,38,10.0,533.0,5330.0,2024-02-27
2024022701023937,IHL,34,38,10.0,364.0,3640.0,2024-02-27
2024022701023936,LSL,34,37,29.0,160.0,4640.0,2024-02-27
2024022701023935,SBL,50,53,20.0,222.0,4440.0,2024-02-27
2024022704007532,UNHPL,38,34,90.0,256.0,23040.0,2024-02-27
2024022704007531,UNHPL,22,34,500.0,256.0,128000.0,2024-02-27
2024022704007530,UNHPL,58,34,410.0,256.0,104960.0,2024-02-27
2024022701023934,BNHC,84,29,20.0,436.0,8720.0,2024-02-27
2024022701023933,TVCL,45,64,10.0,543.0,5430.0,2024-02-27
2024022701023932,MEL,35,58,10.0,220.6,2206.0,2024-02-27
2024022703004927,ICFC,14,17,25.0,493.5,12337.5,2024-02-27
2024022703004926,ICFC,14,49,15.0,490.0,7350.0,2024-02-27
2024022703004925,GRDBL,32,33,10.0,358.0,3580.0,2024-02-27
2024022703004924,GRDBL,32,16,90.0,357.9,32211.0,2024-02-27
2024022701023931,PHCL,37,32,100.0,320.1,32010.0,2024-02-27
2024022703004923,GUFL,46,34,10.0,628.0,6280.0,2024-02-27
2024022701023930,ANLB,71,42,10.0,1956.0,19560.0,2024-02-27
2024022705004364,NIFRA,55,58,54.0,208.1,11237.4,2024-02-27
2024022704007529,CGH,42,58,10.0,820.0,8200.0,2024-02-27
2024022701023929,NWCL,39,61,160.0,800.0,128000.0,2024-02-27
2024022701023928,NWCL,39,14,10.0,800.0,8000.0,2024-02-27
2024022701023927,NWCL,39,58,10.0,800.0,8000.0,2024-02-27
2024022701023926,NWCL,39,52,10.0,800.0,8000.0,2024-02-27
2024022701023925,NWCL,39,7,80.0,800.0,64000.0,2024-02-27
2024022701023924,NWCL,39,38,10.0,799.9,7999.0,2024-02-27
2024022701023923,NWCL,39,58,10.0,799.9,7999.0,2024-02-27
2024022701023922,NWCL,39,14,120.0,799.0,95880.0,2024-02-27
2024022701023921,NWCL,39,34,90.0,798.9,71901.0,2024-02-27
2024022704007528,NHPC,49,34,30.0,156.0,4680.0,2024-02-27
2024022701023920,NRM,26,21,190.0,357.4,67906.0,2024-02-27
2024022703004922,FMDBL,62,62,10.0,588.9,5889.0,2024-02-27
2024022704007527,UMHL,75,47,75.0,266.0,19950.0,2024-02-27
2024022704007526,UMHL,75,54,525.0,264.0,138600.0,2024-02-27
2024022703004921,ALICL,62,44,90.0,575.0,51750.0,2024-02-27
2024022703004920,ALICL,62,58,70.0,574.0,40180.0,2024-02-27
2024022703004919,ALICL,62,50,50.0,573.9,28695.0,2024-02-27
2024022703004918,ALICL,62,42,290.0,572.0,165880.0,2024-02-27
2024022704007525,UPCL,62,38,50.0,213.6,10680.0,2024-02-27
2024022704007524,HURJA,41,34,10.0,298.8,2988.0,2024-02-27
2024022703004917,JBBL,42,16,43.0,292.0,12556.0,2024-02-27
2024022704007523,AKPL,26,44,36.0,179.0,6444.0,2024-02-27
2024022704007522,AKPL,21,44,30.0,179.0,5370.0,2024-02-27
2024022704007521,AKPL,42,44,34.0,179.0,6086.0,2024-02-27
2024022704007520,HDHPC,28,17,333.0,139.2,46353.6,2024-02-27
2024022704007519,HDHPC,8,17,167.0,139.2,23246.4,2024-02-27
2024022704007518,HDHPC,28,17,182.0,139.4,25370.8,2024-02-27
2024022704007517,HDHPC,5,17,20.0,139.5,2790.0,2024-02-27
2024022704007516,HDHPC,36,17,100.0,139.5,13950.0,2024-02-27
2024022704007515,HDHPC,58,17,79.0,139.5,11020.5,2024-02-27
2024022704007514,HDHPC,64,17,119.0,139.9,16648.1,2024-02-27
2024022701023919,RFPL,29,34,150.0,324.0,48600.0,2024-02-27
2024022701023918,TAMOR,77,56,10.0,398.0,3980.0,2024-02-27
2024022701023917,DORDI,77,45,339.0,476.0,161364.0,2024-02-27
2024022701023916,DORDI,77,77,1200.0,476.0,571200.0,2024-02-27
2024022701023915,DORDI,77,45,145.0,476.0,69020.0,2024-02-27
2024022701023914,DORDI,77,38,10.0,475.0,4750.0,2024-02-27
2024022701023913,DORDI,77,65,10.0,474.3,4743.0,2024-02-27
2024022701023912,DORDI,77,32,10.0,474.3,4743.0,2024-02-27
2024022701023911,DORDI,77,4,50.0,474.3,23715.0,2024-02-27
2024022701023910,DORDI,77,21,150.0,474.0,71100.0,2024-02-27
2024022701023909,DORDI,77,45,1000.0,474.0,474000.0,2024-02-27
2024022701023908,DORDI,77,49,100.0,474.0,47400.0,2024-02-27
2024022701023907,DORDI,77,45,90.0,474.0,42660.0,2024-02-27
2024022701023906,DORDI,77,5,1000.0,473.0,473000.0,2024-02-27
2024022701023905,DORDI,77,56,200.0,472.0,94400.0,2024-02-27
2024022701023904,DORDI,77,17,760.0,472.0,358720.0,2024-02-27
2024022701023903,DORDI,77,38,50.0,470.0,23500.0,2024-02-27
2024022701023902,DORDI,77,38,100.0,470.0,47000.0,2024-02-27
2024022701023901,DORDI,77,26,10.0,470.0,4700.0,2024-02-27
2024022701023900,DORDI,77,56,220.0,470.0,103400.0,2024-02-27
2024022701023899,DORDI,77,81,100.0,467.0,46700.0,2024-02-27
2024022701023898,DORDI,77,56,100.0,467.0,46700.0,2024-02-27
2024022701023897,DORDI,77,71,100.0,467.0,46700.0,2024-02-27
2024022701023896,DORDI,77,38,10.0,467.0,4670.0,2024-02-27
2024022701023895,DORDI,77,8,30.0,467.0,14010.0,2024-02-27
2024022701023894,DORDI,77,35,260.0,465.0,120900.0,2024-02-27
2024022701023893,DORDI,77,58,10.0,465.0,4650.0,2024-02-27
2024022701023892,DORDI,77,39,200.0,464.0,92800.0,2024-02-27
2024022701023891,DORDI,77,41,30.0,464.0,13920.0,2024-02-27
2024022701023890,DORDI,77,7,10.0,460.0,4600.0,2024-02-27
2024022701023889,DORDI,77,39,400.0,460.0,184000.0,2024-02-27
2024022701023888,DORDI,77,45,50.0,459.9,22995.0,2024-02-27
2024022701023887,DORDI,77,34,75.0,458.0,34350.0,2024-02-27
2024022701023886,DORDI,77,43,10.0,456.1,4561.0,2024-02-27
2024022701023885,DORDI,77,14,171.0,456.0,77976.0,2024-02-27
2024022704007513,SHL,33,35,100.0,439.0,43900.0,2024-02-27
2024022704007512,SHL,33,25,100.0,438.0,43800.0,2024-02-27
2024022701023884,KBL,32,53,75.0,141.2,10590.0,2024-02-27
2024022701023883,KBL,32,53,10.0,141.3,1413.0,2024-02-27
2024022701023882,KBL,7,53,200.0,142.0,28400.0,2024-02-27
2024022701023881,KBL,48,53,1115.0,142.9,159333.5,2024-02-27
2024022705004363,NRN,72,38,90.0,547.0,49230.0,2024-02-27
2024022705004362,NIFRA,55,56,54.0,208.1,11237.4,2024-02-27
2024022701023880,SHIVM,37,26,10.0,486.0,4860.0,2024-02-27
2024022704007511,AHPC,4,37,100.0,185.0,18500.0,2024-02-27
2024022704007510,UNHPL,58,19,120.0,256.9,30828.0,2024-02-27
2024022704007509,UNHPL,58,38,30.0,256.9,7707.0,2024-02-27
2024022704007508,UNHPL,58,57,250.0,256.5,64125.0,2024-02-27
2024022701023879,CKHL,58,38,10.0,686.8,6868.0,2024-02-27
2024022701023878,CKHL,58,58,10.0,673.4,6734.0,2024-02-27
2024022701023877,CKHL,58,26,900.0,673.0,605700.0,2024-02-27
2024022701023876,CKHL,58,51,10.0,673.0,6730.0,2024-02-27
2024022701023875,CKHL,58,49,10.0,670.0,6700.0,2024-02-27
2024022701023874,CKHL,58,7,10.0,642.0,6420.0,2024-02-27
2024022701023873,CKHL,58,48,10.0,640.5,6405.0,2024-02-27
2024022701023872,CKHL,58,43,10.0,640.5,6405.0,2024-02-27
2024022701023871,CKHL,58,41,10.0,640.5,6405.0,2024-02-27
2024022701023870,CKHL,58,49,10.0,640.5,6405.0,2024-02-27
2024022701023869,CKHL,58,42,10.0,640.5,6405.0,2024-02-27
2024022701023868,CKHL,58,26,50.0,640.5,32025.0,2024-02-27
2024022701023867,CKHL,58,56,10.0,640.0,6400.0,2024-02-27
2024022701023866,CKHL,58,41,10.0,640.0,6400.0,2024-02-27
2024022701023865,CKHL,58,45,10.0,640.0,6400.0,2024-02-27
2024022701023864,CKHL,58,7,10.0,640.0,6400.0,2024-02-27
2024022701023863,CKHL,58,7,10.0,640.0,6400.0,2024-02-27
2024022701023862,CKHL,58,58,10.0,639.6,6396.0,2024-02-27
2024022701023861,CKHL,58,21,10.0,639.6,6396.0,2024-02-27
2024022701023860,CKHL,58,58,10.0,639.5,6395.0,2024-02-27
2024022701023859,CKHL,58,14,10.0,638.0,6380.0,2024-02-27
2024022701023858,CKHL,58,32,10.0,638.0,6380.0,2024-02-27
2024022701023857,CKHL,58,42,10.0,636.0,6360.0,2024-02-27
2024022701023856,CKHL,58,58,10.0,636.0,6360.0,2024-02-27
2024022701023855,CKHL,58,70,200.0,635.0,127000.0,2024-02-27
2024022701023854,CKHL,58,11,10.0,635.0,6350.0,2024-02-27
2024022701023853,CKHL,58,44,10.0,635.0,6350.0,2024-02-27
2024022701023852,CKHL,58,29,10.0,635.0,6350.0,2024-02-27
2024022701023851,CKHL,58,59,10.0,635.0,6350.0,2024-02-27
2024022701023850,CKHL,58,4,10.0,635.0,6350.0,2024-02-27
2024022701023849,CKHL,58,49,10.0,634.7,6347.0,2024-02-27
2024022701023848,CKHL,58,42,10.0,634.0,6340.0,2024-02-27
2024022701023847,CKHL,58,42,10.0,634.0,6340.0,2024-02-27
2024022701023846,CKHL,58,58,10.0,634.0,6340.0,2024-02-27
2024022701023845,CKHL,58,44,500.0,633.4,316700.0,2024-02-27
2024022701023844,CKHL,58,14,10.0,633.3,6333.0,2024-02-27
2024022701023843,CKHL,58,34,20.0,633.0,12660.0,2024-02-27
2024022701023842,CKHL,58,28,100.0,633.0,63300.0,2024-02-27
2024022701023841,CKHL,58,45,10.0,632.0,6320.0,2024-02-27
2024022701023840,CKHL,58,4,10.0,632.0,6320.0,2024-02-27
2024022701023839,CKHL,58,45,10.0,632.0,6320.0,2024-02-27
2024022701023838,CKHL,58,6,10.0,632.0,6320.0,2024-02-27
2024022701023837,CKHL,58,43,10.0,631.3,6313.0,2024-02-27
2024022701023836,CKHL,58,55,10.0,631.3,6313.0,2024-02-27
2024022701023835,CKHL,58,55,500.0,631.0,315500.0,2024-02-27
2024022701023834,CKHL,58,32,50.0,631.0,31550.0,2024-02-27
2024022701023833,CKHL,58,49,10.0,631.0,6310.0,2024-02-27
2024022701023832,CKHL,58,41,10.0,631.0,6310.0,2024-02-27
2024022701023831,CKHL,58,17,20.0,630.8,12616.0,2024-02-27
2024022701023830,CKHL,58,52,10.0,630.6,6306.0,2024-02-27
2024022701023829,CKHL,58,88,500.0,630.5,315250.0,2024-02-27
2024022701023828,CKHL,58,21,10.0,630.4,6304.0,2024-02-27
2024022701023827,CKHL,58,21,10.0,630.3,6303.0,2024-02-27
2024022701023826,CKHL,58,39,20.0,630.3,12606.0,2024-02-27
2024022701023825,CKHL,58,45,180.0,630.0,113400.0,2024-02-27
2024022701023824,CKHL,58,54,50.0,630.0,31500.0,2024-02-27
2024022701023823,CKHL,58,34,10.0,630.0,6300.0,2024-02-27
2024022701023822,CKHL,58,19,10.0,630.0,6300.0,2024-02-27
2024022701023821,CKHL,58,22,10.0,630.0,6300.0,2024-02-27
2024022701023820,CKHL,58,49,10.0,630.0,6300.0,2024-02-27
2024022701023819,CKHL,58,40,10.0,630.0,6300.0,2024-02-27
2024022701023818,CKHL,58,56,10.0,630.0,6300.0,2024-02-27
2024022701023817,CKHL,58,49,10.0,630.0,6300.0,2024-02-27
2024022701023816,CKHL,58,38,10.0,630.0,6300.0,2024-02-27
2024022701023815,CKHL,58,35,100.0,630.0,63000.0,2024-02-27
2024022701023814,CKHL,58,57,10.0,630.0,6300.0,2024-02-27
2024022701023813,CKHL,58,55,500.0,630.0,315000.0,2024-02-27
2024022701023812,CKHL,58,32,10.0,630.0,6300.0,2024-02-27
2024022701023811,CKHL,58,58,50.0,630.0,31500.0,2024-02-27
2024022701023810,CKHL,58,58,10.0,630.0,6300.0,2024-02-27
2024022701023809,CKHL,58,45,10.0,630.0,6300.0,2024-02-27
2024022701023808,CKHL,58,42,10.0,630.0,6300.0,2024-02-27
2024022701023807,CKHL,58,47,10.0,628.0,6280.0,2024-02-27
2024022701023806,CKHL,58,56,10.0,628.0,6280.0,2024-02-27
2024022701023805,CKHL,58,38,10.0,627.0,6270.0,2024-02-27
2024022701023804,CKHL,58,49,10.0,626.0,6260.0,2024-02-27
2024022701023803,CKHL,58,25,10.0,626.0,6260.0,2024-02-27
2024022701023802,CKHL,58,35,10.0,625.0,6250.0,2024-02-27
2024022701023801,CKHL,58,42,30.0,625.0,18750.0,2024-02-27
2024022701023800,CKHL,58,58,10.0,625.0,6250.0,2024-02-27
2024022701023799,CKHL,58,34,10.0,625.0,6250.0,2024-02-27
2024022701023798,CKHL,58,49,10.0,624.0,6240.0,2024-02-27
2024022701023797,CKHL,58,22,30.0,623.2,18696.0,2024-02-27
2024022701023796,CKHL,58,38,10.0,623.0,6230.0,2024-02-27
2024022701023795,CKHL,58,5,10.0,622.5,6225.0,2024-02-27
2024022701023794,CKHL,58,4,10.0,622.5,6225.0,2024-02-27
2024022701023793,CKHL,58,26,94.0,622.0,58468.0,2024-02-27
2024022701023792,CKHL,58,34,10.0,620.0,6200.0,2024-02-27
2024022701023791,CKHL,58,58,10.0,619.0,6190.0,2024-02-27
2024022701023790,CKHL,58,16,150.0,618.0,92700.0,2024-02-27
2024022701023789,PHCL,38,25,489.0,320.0,156480.0,2024-02-27
2024022701023788,PHCL,35,25,111.0,320.1,35531.1,2024-02-27
2024022703004916,NFS,49,36,50.0,354.1,17705.0,2024-02-27
2024022704007507,NHPC,4,29,220.0,155.8,34276.0,2024-02-27
2024022703004915,JSLBB,6,74,60.0,860.2,51612.0,2024-02-27
2024022701023787,SMHL,69,88,10.0,470.0,4700.0,2024-02-27
2024022701023786,KBL,93,59,10.0,143.0,1430.0,2024-02-27
2024022704007506,GHL,28,54,10.0,152.5,1525.0,2024-02-27
2024022701023785,NICA,41,4,34.0,420.0,14280.0,2024-02-27
2024022701023784,NICA,41,6,66.0,419.9,27713.4,2024-02-27
2024022701023783,MKHL,34,41,50.0,376.0,18800.0,2024-02-27
2024022704007505,CHL,17,4,791.0,303.0,239673.0,2024-02-27
2024022704007504,CHL,17,14,61.0,302.9,18476.9,2024-02-27
2024022704007503,CHL,17,4,548.0,302.0,165496.0,2024-02-27
2024022704007502,CHL,17,34,500.0,301.9,150950.0,2024-02-27
2024022704007501,CHL,17,19,100.0,301.8,30180.0,2024-02-27
2024022701023782,GCIL,56,34,75.0,490.0,36750.0,2024-02-27
2024022701023781,MMKJL,29,62,10.0,433.0,4330.0,2024-02-27
2024022701023780,SMJC,67,45,490.0,383.5,187915.0,2024-02-27
2024022701023779,SMJC,29,45,200.0,383.5,76700.0,2024-02-27
2024022701023778,SMJC,44,45,50.0,383.6,19180.0,2024-02-27
2024022701023777,SMJC,49,45,10.0,383.6,3836.0,2024-02-27
2024022701023776,SMJC,41,45,100.0,383.7,38370.0,2024-02-27
2024022701023775,SMJC,42,45,100.0,384.0,38400.0,2024-02-27
2024022701023774,SMJC,62,45,50.0,384.1,19205.0,2024-02-27
2024022704007500,API,14,45,100.0,181.0,18100.0,2024-02-27
2024022701023773,PPL,33,34,10.0,334.6,3346.0,2024-02-27
2024022701023772,NRM,38,36,10.0,359.8,3598.0,2024-02-27
2024022703004914,KSBBL,7,35,10.0,343.0,3430.0,2024-02-27
2024022703004913,MPFL,58,55,10.0,358.5,3585.0,2024-02-27
2024022701023771,MKHL,39,25,85.0,382.0,32470.0,2024-02-27
2024022701023770,MKHL,39,42,10.0,382.0,3820.0,2024-02-27
2024022701023769,MKHL,39,38,30.0,381.7,11451.0,2024-02-27
2024022701023768,MKHL,39,17,165.0,380.0,62700.0,2024-02-27
2024022701023767,MKHL,39,49,20.0,380.0,7600.0,2024-02-27
2024022701023766,MKHL,39,22,60.0,379.6,22776.0,2024-02-27
2024022701023765,MKHL,39,52,10.0,378.4,3784.0,2024-02-27
2024022701023764,MKHL,39,49,10.0,378.4,3784.0,2024-02-27
2024022701023763,MKHL,39,45,110.0,377.5,41525.0,2024-02-27
2024022701023762,JALPA,49,51,10.0,1060.0,10600.0,2024-02-27
2024022704007499,IGI,49,25,10.0,535.0,5350.0,2024-02-27
2024022704007498,NLG,49,21,10.0,748.0,7480.0,2024-02-27
2024022701023761,MEHL,47,21,10.0,299.5,2995.0,2024-02-27
2024022701023760,MEHL,47,45,10.0,299.4,2994.0,2024-02-27
2024022701023759,MEHL,47,45,10.0,299.3,2993.0,2024-02-27
2024022701023758,MEHL,47,29,10.0,298.0,2980.0,2024-02-27
2024022701023757,MEHL,47,58,10.0,298.0,2980.0,2024-02-27
2024022701023756,MEHL,47,21,100.0,297.5,29750.0,2024-02-27
2024022701023755,GCIL,56,17,92.0,490.0,45080.0,2024-02-27
2024022701023754,GCIL,57,17,158.0,490.0,77420.0,2024-02-27
2024022701023753,GCIL,58,17,250.0,490.1,122525.0,2024-02-27
2024022703004912,MLBL,34,42,20.0,322.9,6458.0,2024-02-27
2024022701023752,NYADI,29,43,10.0,292.0,2920.0,2024-02-27
2024022701023751,EBL,33,4,23.0,510.0,11730.0,2024-02-27
2024022701023750,EBL,33,48,50.0,509.0,25450.0,2024-02-27
2024022701023749,EBL,33,13,14.0,509.0,7126.0,2024-02-27
2024022701023748,EBL,33,25,13.0,509.0,6617.0,2024-02-27
2024022703004911,GFCL,56,59,488.0,437.3,213402.4,2024-02-27
2024022704007497,KKHC,41,49,20.0,244.0,4880.0,2024-02-27
2024022704007496,SHEL,58,58,10.0,216.0,2160.0,2024-02-27
2024022705004361,HRL,65,58,135.0,610.0,82350.0,2024-02-27
2024022705004360,HRL,22,58,65.0,610.0,39650.0,2024-02-27
2024022705004359,HRL,17,58,200.0,610.1,122020.0,2024-02-27
2024022705004358,HRL,44,58,190.0,610.1,115919.0,2024-02-27
2024022705004357,HRL,49,58,20.0,610.2,12204.0,2024-02-27
2024022701023747,MKHL,21,45,90.0,377.5,33975.0,2024-02-27
2024022701023746,MKHL,21,7,10.0,377.5,3775.0,2024-02-27
2024022701023745,MMKJL,43,62,10.0,433.0,4330.0,2024-02-27
2024022701023744,NICA,57,34,15.0,419.0,6285.0,2024-02-27
2024022704007495,SPDL,17,51,11.0,255.0,2805.0,2024-02-27
2024022704007494,NICL,34,56,10.0,825.0,8250.0,2024-02-27
2024022704007493,RURU,51,5,13.0,706.0,9178.0,2024-02-27
2024022703004910,NUBL,33,44,100.0,608.9,60890.0,2024-02-27
2024022703004909,NUBL,33,44,100.0,608.9,60890.0,2024-02-27
2024022703004908,NLIC,1,25,500.0,600.0,300000.0,2024-02-27
2024022701023743,TSHL,58,77,10.0,509.0,5090.0,2024-02-27
2024022705004356,HRL,58,18,10.0,611.0,6110.0,2024-02-27
2024022705004355,HRL,58,35,30.0,611.0,18330.0,2024-02-27
2024022705004354,HRL,58,35,760.0,611.0,464360.0,2024-02-27
2024022705004353,HRL,49,58,20.0,610.2,12204.0,2024-02-27
2024022701023742,RNLI,58,40,190.0,428.0,81320.0,2024-02-27
2024022701023741,RNLI,58,48,10.0,428.0,4280.0,2024-02-27
2024022701023740,GVL,74,43,10.0,434.9,4349.0,2024-02-27
2024022701023739,GVL,74,35,10.0,430.0,4300.0,2024-02-27
2024022701023738,HIDCLP,32,6,109.0,100.6,10965.4,2024-02-27
2024022704007492,JOSHI,8,3,20.0,385.1,7702.0,2024-02-27
2024022704007491,JOSHI,43,3,80.0,385.1,30808.0,2024-02-27
2024022701023737,MSHL,34,60,50.0,650.0,32500.0,2024-02-27
2024022701023736,MMKJL,29,62,90.0,433.0,38970.0,2024-02-27
2024022701023735,MMKJL,29,32,400.0,432.9,173160.0,2024-02-27
2024022701023734,MMKJL,29,43,20.0,432.9,8658.0,2024-02-27
2024022701023733,MMKJL,29,95,490.0,425.7,208593.0,2024-02-27
2024022701023732,HATHY,45,58,20.0,830.0,16600.0,2024-02-27
2024022703004907,MPFL,35,55,50.0,358.5,17925.0,2024-02-27
2024022701023731,BNT,35,44,10.0,14602.0,146020.0,2024-02-27
2024022701023730,MKLB,38,59,1700.0,682.0,1159400.0,2024-02-27
2024022704007490,NGPL,17,49,25.0,307.0,7675.0,2024-02-27
2024022703004906,MMFDB,63,36,100.0,526.5,52650.0,2024-02-27
2024022701023729,KDL,57,47,40.0,756.0,30240.0,2024-02-27
2024022701023728,MSHL,64,60,20.0,650.0,13000.0,2024-02-27
2024022701023727,MSHL,64,35,10.0,649.0,6490.0,2024-02-27
2024022701023726,MSHL,64,37,50.0,648.0,32400.0,2024-02-27
2024022701023725,MSHL,64,6,70.0,640.0,44800.0,2024-02-27
2024022701023724,MSHL,64,6,10.0,640.0,6400.0,2024-02-27
2024022701023723,MSHL,64,6,10.0,628.0,6280.0,2024-02-27
2024022701023722,MSHL,64,42,10.0,628.0,6280.0,2024-02-27
2024022701023721,MSHL,64,22,10.0,625.0,6250.0,2024-02-27
2024022701023720,MSHL,64,58,10.0,625.0,6250.0,2024-02-27
2024022701023719,SONA,58,34,200.0,451.5,90300.0,2024-02-27
2024022701023718,SONA,5,34,500.0,452.0,226000.0,2024-02-27
2024022701023717,SONA,4,34,100.0,452.0,45200.0,2024-02-27
2024022701023716,SONA,41,34,100.0,452.0,45200.0,2024-02-27
2024022703004905,GUFL,71,34,78.0,628.0,48984.0,2024-02-27
2024022701023715,MHCL,45,29,115.0,541.8,62307.0,2024-02-27
2024022704007489,UMHL,40,85,170.0,263.0,44710.0,2024-02-27
2024022704007488,UMHL,7,85,830.0,263.0,218290.0,2024-02-27
2024022704007487,NIL,56,48,100.0,799.0,79900.0,2024-02-27
2024022703004904,GILB,22,25,20.0,790.0,15800.0,2024-02-27
2024022703004903,GILB,25,25,50.0,790.0,39500.0,2024-02-27
2024022703004902,GILB,52,25,10.0,790.0,7900.0,2024-02-27
2024022703004901,GILB,39,25,58.0,790.0,45820.0,2024-02-27
2024022703004900,GILB,62,25,20.0,790.1,15802.0,2024-02-27
2024022703004899,GILB,22,25,50.0,790.2,39510.0,2024-02-27
2024022701023714,RNLI,42,4,30.0,427.2,12816.0,2024-02-27
2024022701023713,DORDI,77,26,510.0,455.7,232407.0,2024-02-27
2024022703004898,SJLIC,41,47,85.0,470.0,39950.0,2024-02-27
2024022703004897,SJLIC,13,47,15.0,470.0,7050.0,2024-02-27
2024022705004352,NIFRA,55,22,54.0,208.1,11237.4,2024-02-27
2024022704007486,JOSHI,72,71,10.0,390.0,3900.0,2024-02-27
2024022701023712,GCIL,58,57,250.0,490.1,122525.0,2024-02-27
2024022704007485,RADHI,67,57,500.0,248.3,124150.0,2024-02-27
2024022704007484,RADHI,42,57,500.0,250.1,125050.0,2024-02-27
2024022704007483,JOSHI,62,71,10.0,390.0,3900.0,2024-02-27
2024022704007482,GHL,58,54,100.0,152.5,15250.0,2024-02-27
2024022703004896,GBBL,16,42,200.0,364.0,72800.0,2024-02-27
2024022701023711,SRLI,59,16,10.0,425.0,4250.0,2024-02-27
2024022701023710,GCIL,58,74,186.0,492.0,91512.0,2024-02-27
2024022701023709,GCIL,58,57,200.0,492.0,98400.0,2024-02-27
2024022701023708,GCIL,58,6,140.0,491.0,68740.0,2024-02-27
2024022701023707,GCIL,58,25,50.0,491.0,24550.0,2024-02-27
2024022701023706,GCIL,58,70,450.0,491.0,220950.0,2024-02-27
2024022701023705,GCIL,58,42,204.0,490.3,100021.2,2024-02-27
2024022704007481,RADHI,67,14,100.0,251.8,25180.0,2024-02-27
2024022705004351,PSF,86,45,100.0,8.5,850.0,2024-02-27
2024022701023704,VLUCL,42,33,30.0,516.1,15483.0,2024-02-27
2024022705004350,NRN,72,25,10.0,547.0,5470.0,2024-02-27
2024022703004895,NABBC,51,77,10.0,419.0,4190.0,2024-02-27
2024022703004894,RLFL,42,53,20.0,356.0,7120.0,2024-02-27
2024022701023703,GBIME,22,29,174.0,184.0,32016.0,2024-02-27
2024022701023702,GBIME,22,33,26.0,183.9,4781.4,2024-02-27
2024022701023701,MKCL,72,58,10.0,956.0,9560.0,2024-02-27
2024022704007480,RIDI,19,35,100.0,193.0,19300.0,2024-02-27
2024022703004893,GBBL,57,41,200.0,363.0,72600.0,2024-02-27
2024022701023700,HHL,38,58,50.0,355.0,17750.0,2024-02-27
2024022701023699,MBJC,84,4,20.0,319.0,6380.0,2024-02-27
2024022701023698,NICA,32,34,15.0,419.0,6285.0,2024-02-27
2024022701023697,NICA,45,34,20.0,419.0,8380.0,2024-02-27
2024022701023696,SAMAJ,58,55,20.0,1715.0,34300.0,2024-02-27
2024022701023695,CLI,42,35,10.0,434.1,4341.0,2024-02-27
2024022704007479,RADHI,89,14,10.0,251.8,2518.0,2024-02-27
2024022703004892,EDBL,52,36,20.0,349.9,6998.0,2024-02-27
2024022701023694,NWCL,42,34,10.0,798.9,7989.0,2024-02-27
2024022705004349,HRL,26,35,100.0,611.0,61100.0,2024-02-27
2024022704007478,AKPL,6,44,70.0,180.0,12600.0,2024-02-27
2024022704007477,AKPL,6,51,100.0,180.0,18000.0,2024-02-27
2024022704007476,HEI,75,57,200.0,556.0,111200.0,2024-02-27
2024022701023693,MANDU,65,19,76.0,689.7,52417.2,2024-02-27
2024022701023692,MANDU,65,52,44.0,689.5,30338.0,2024-02-27
2024022701023691,MANDU,65,25,50.0,689.0,34450.0,2024-02-27
2024022701023690,CKHL,58,26,106.0,622.0,65932.0,2024-02-27
2024022701023689,CKHL,58,34,70.0,622.0,43540.0,2024-02-27
2024022701023688,CKHL,58,19,10.0,622.0,6220.0,2024-02-27
2024022701023687,CKHL,58,22,10.0,622.0,6220.0,2024-02-27
2024022701023686,CKHL,58,22,10.0,622.0,6220.0,2024-02-27
2024022701023685,CKHL,58,8,10.0,622.0,6220.0,2024-02-27
2024022701023684,CKHL,58,52,10.0,622.0,6220.0,2024-02-27
2024022701023683,CKHL,58,6,10.0,622.0,6220.0,2024-02-27
2024022701023682,CKHL,58,58,14.0,622.0,8708.0,2024-02-27
2024022701023681,CKHL,58,25,265.0,622.0,164830.0,2024-02-27
2024022701023680,CKHL,58,19,50.0,621.9,31095.0,2024-02-27
2024022701023679,CKHL,58,58,10.0,621.0,6210.0,2024-02-27
2024022701023678,CKHL,58,42,100.0,621.0,62100.0,2024-02-27
2024022701023677,CKHL,58,35,10.0,620.0,6200.0,2024-02-27
2024022701023676,CKHL,58,34,10.0,620.0,6200.0,2024-02-27
2024022701023675,CKHL,58,58,10.0,620.0,6200.0,2024-02-27
2024022701023674,CKHL,58,14,25.0,620.0,15500.0,2024-02-27
2024022701023673,CKHL,58,58,10.0,620.0,6200.0,2024-02-27
2024022701023672,CKHL,58,34,10.0,620.0,6200.0,2024-02-27
2024022701023671,CKHL,58,41,250.0,620.0,155000.0,2024-02-27
2024022701023670,JALPA,42,58,130.0,1051.0,136630.0,2024-02-27
2024022701023669,MKHL,34,25,10.0,376.0,3760.0,2024-02-27
2024022703004891,GFCL,56,29,20.0,437.3,8746.0,2024-02-27
2024022701023668,BNT,34,14,10.0,14309.4,143094.0,2024-02-27
2024022705004348,HIDCL,48,14,270.0,171.0,46170.0,2024-02-27
2024022701023667,BHL,7,17,10.0,354.9,3549.0,2024-02-27
2024022701023666,SMJC,60,36,10.0,385.0,3850.0,2024-02-27
2024022701023665,HHL,38,49,90.0,355.0,31950.0,2024-02-27
2024022703004890,ICFC,44,49,20.0,491.0,9820.0,2024-02-27
2024022701023664,HHL,38,80,120.0,355.0,42600.0,2024-02-27
2024022703004889,MPFL,21,26,10.0,353.5,3535.0,2024-02-27
2024022701023663,NIMB,6,26,350.0,163.4,57190.0,2024-02-27
2024022704007475,NGPL,6,71,100.0,308.0,30800.0,2024-02-27
2024022701023662,SMJC,42,6,100.0,384.0,38400.0,2024-02-27
2024022701023661,PPL,57,34,120.0,334.6,40152.0,2024-02-27
2024022701023660,PPL,57,13,40.0,334.5,13380.0,2024-02-27
2024022701023659,PPL,57,11,40.0,334.5,13380.0,2024-02-27
2024022701023658,KBL,48,48,550.0,142.9,78595.0,2024-02-27
2024022701023657,KBL,48,47,335.0,142.9,47871.5,2024-02-27
2024022703004888,JBBL,34,35,10.0,293.0,2930.0,2024-02-27
2024022703004887,JBBL,34,29,90.0,292.9,26361.0,2024-02-27
2024022701023656,RAWA,34,45,10.0,463.1,4631.0,2024-02-27
2024022701023655,DORDI,77,45,450.0,455.7,205065.0,2024-02-27
2024022701023654,MMKJL,38,95,10.0,425.7,4257.0,2024-02-27
2024022701023653,KBL,32,45,90.0,141.3,12717.0,2024-02-27
2024022703004886,MERO,32,57,10.0,532.2,5322.0,2024-02-27
2024022704007474,RIDI,42,35,200.0,193.0,38600.0,2024-02-27
2024022704007473,RIDI,50,35,100.0,193.0,19300.0,2024-02-27
2024022704007472,RIDI,38,35,520.0,193.0,100360.0,2024-02-27
2024022704007471,RIDI,51,35,80.0,193.0,15440.0,2024-02-27
2024022701023652,SGHC,42,49,220.0,321.0,70620.0,2024-02-27
2024022701023651,SGHC,42,11,10.0,321.0,3210.0,2024-02-27
2024022701023650,SGHC,42,17,10.0,321.0,3210.0,2024-02-27
2024022701023649,SGHC,42,22,10.0,320.2,3202.0,2024-02-27
2024022701023648,SGHC,42,41,200.0,320.0,64000.0,2024-02-27
2024022701023647,SGHC,42,49,10.0,320.0,3200.0,2024-02-27
2024022701023646,SGHC,42,56,10.0,320.0,3200.0,2024-02-27
2024022701023645,SGHC,42,38,10.0,320.0,3200.0,2024-02-27
2024022701023644,SGHC,42,10,10.0,320.0,3200.0,2024-02-27
2024022701023643,SGHC,42,38,10.0,320.0,3200.0,2024-02-27
2024022701023642,SGHC,42,57,200.0,320.0,64000.0,2024-02-27
2024022701023641,SGHC,42,7,10.0,320.0,3200.0,2024-02-27
2024022701023640,SGHC,42,53,10.0,320.0,3200.0,2024-02-27
2024022701023639,SGHC,42,19,10.0,320.0,3200.0,2024-02-27
2024022701023638,SGHC,42,21,100.0,320.0,32000.0,2024-02-27
2024022701023637,SGHC,42,72,370.0,319.9,118363.0,2024-02-27
2024022704007470,HURJA,38,22,855.0,296.0,253080.0,2024-02-27
2024022704007469,HURJA,21,22,100.0,296.0,29600.0,2024-02-27
2024022704007468,HURJA,52,22,45.0,296.0,13320.0,2024-02-27
2024022701023636,CYCL,25,6,13.0,1177.6,15308.8,2024-02-27
2024022703004885,SLBBL,21,62,10.0,578.0,5780.0,2024-02-27
2024022701023635,PPL,57,11,10.0,334.5,3345.0,2024-02-27
2024022701023634,USHL,16,36,50.0,484.9,24245.0,2024-02-27
2024022701023633,SONA,58,45,100.0,451.5,45150.0,2024-02-27
2024022704007467,NHPC,4,29,108.0,155.9,16837.2,2024-02-27
2024022701023632,USHEC,38,44,10.0,375.0,3750.0,2024-02-27
2024022701023631,USHEC,38,44,10.0,375.0,3750.0,2024-02-27
2024022701023630,PRVU,14,32,119.0,147.0,17493.0,2024-02-27
2024022701023629,PRVU,90,37,352.0,146.6,51603.2,2024-02-27
2024022701023628,PRVU,57,37,200.0,146.6,29320.0,2024-02-27
2024022701023627,PRVU,49,37,10.0,146.6,1466.0,2024-02-27
2024022701023626,PRVU,58,37,2347.0,146.6,344070.2,2024-02-27
2024022701023625,PRVU,33,37,100.0,146.7,14670.0,2024-02-27
2024022701023624,PRVU,4,37,500.0,146.7,73350.0,2024-02-27
2024022701023623,PRVU,5,37,65.0,146.7,9535.5,2024-02-27
2024022703004884,EDBL,42,1,100.0,347.1,34710.0,2024-02-27
2024022701023622,MAKAR,81,59,352.0,388.0,136576.0,2024-02-27
2024022701023621,MAKAR,32,59,20.0,388.0,7760.0,2024-02-27
2024022701023620,MAKAR,80,59,1000.0,388.1,388100.0,2024-02-27
2024022701023619,MAKAR,38,59,100.0,390.0,39000.0,2024-02-27
2024022701023618,MAKAR,4,59,200.0,390.0,78000.0,2024-02-27
2024022701023617,MAKAR,34,59,20.0,390.0,7800.0,2024-02-27
2024022701023616,MAKAR,59,59,200.0,390.1,78020.0,2024-02-27
2024022701023615,MAKAR,7,59,500.0,390.5,195250.0,2024-02-27
2024022701023614,MAKAR,81,59,300.0,391.0,117300.0,2024-02-27
2024022701023613,MAKAR,40,59,30.0,391.0,11730.0,2024-02-27
2024022701023612,MAKAR,58,59,60.0,391.0,23460.0,2024-02-27
2024022701023611,MAKAR,58,59,58.0,392.2,22747.6,2024-02-27
2024022701023610,MAKAR,38,59,100.0,393.0,39300.0,2024-02-27
2024022701023609,MAKAR,57,59,200.0,393.0,78600.0,2024-02-27
2024022701023608,MAKAR,45,59,490.0,393.1,192619.0,2024-02-27
2024022701023607,MAKAR,13,59,20.0,393.2,7864.0,2024-02-27
2024022701023606,MAKAR,50,59,450.0,394.1,177345.0,2024-02-27
2024022701023605,MAKAR,33,59,480.0,394.5,189360.0,2024-02-27
2024022701023604,MAKAR,57,59,250.0,394.7,98675.0,2024-02-27
2024022701023603,CITY,39,5,10.0,590.0,5900.0,2024-02-27
2024022701023602,CITY,39,34,40.0,589.7,23588.0,2024-02-27
2024022704007466,NHDL,49,34,15.0,429.0,6435.0,2024-02-27
2024022701023601,GCIL,18,42,196.0,490.3,96098.8,2024-02-27
2024022701023600,GCIL,18,33,10.0,490.3,4903.0,2024-02-27
2024022701023599,GCIL,18,45,294.0,490.3,144148.2,2024-02-27
2024022703004883,CBBL,34,51,30.0,825.0,24750.0,2024-02-27
2024022701023598,SONA,43,35,10.0,452.0,4520.0,2024-02-27
2024022701023597,HATHY,35,58,150.0,830.0,124500.0,2024-02-27
2024022701023596,SMHL,69,57,10.0,469.7,4697.0,2024-02-27
2024022703004882,CBBL,42,56,25.0,826.0,20650.0,2024-02-27
2024022701023595,SONA,6,21,10.0,453.0,4530.0,2024-02-27
2024022701023594,VLUCL,34,43,10.0,519.0,5190.0,2024-02-27
2024022703004881,HLBSL,34,49,10.0,568.9,5689.0,2024-02-27
2024022701023593,EBL,17,34,29.0,505.0,14645.0,2024-02-27
2024022701023592,MKHL,34,34,40.0,375.0,15000.0,2024-02-27
2024022701023591,MKHL,34,34,10.0,374.5,3745.0,2024-02-27
2024022701023590,MKHL,34,38,10.0,372.0,3720.0,2024-02-27
2024022703004880,VLBS,7,42,20.0,598.0,11960.0,2024-02-27
2024022701023589,USHEC,17,46,250.0,374.0,93500.0,2024-02-27
2024022701023588,SONA,6,49,10.0,453.0,4530.0,2024-02-27
2024022701023587,AVYAN,35,66,100.0,590.0,59000.0,2024-02-27
2024022703004879,MDB,42,34,10.0,395.0,3950.0,2024-02-27
2024022703004878,MDB,42,8,80.0,390.5,31240.0,2024-02-27
2024022701023586,VLUCL,42,43,10.0,519.0,5190.0,2024-02-27
2024022704007465,UNHPL,58,22,10.0,256.0,2560.0,2024-02-27
2024022701023585,CYCL,25,48,18.0,1177.6,21196.8,2024-02-27
2024022701023584,NRM,26,50,110.0,357.4,39314.0,2024-02-27
2024022701023583,TAMOR,53,56,20.0,398.0,7960.0,2024-02-27
2024022703004877,SJLIC,34,41,10.0,474.8,4748.0,2024-02-27
2024022701023582,USHEC,38,44,10.0,375.0,3750.0,2024-02-27
2024022705004347,HRL,49,56,10.0,610.2,6102.0,2024-02-27
2024022701023581,GCIL,46,45,10.0,490.3,4903.0,2024-02-27
2024022701023580,CKHL,58,41,750.0,620.0,465000.0,2024-02-27
2024022701023579,CKHL,58,45,10.0,620.0,6200.0,2024-02-27
2024022701023578,CKHL,58,57,200.0,619.5,123900.0,2024-02-27
2024022701023577,CKHL,58,58,20.0,619.0,12380.0,2024-02-27
2024022701023576,CKHL,58,58,10.0,619.0,6190.0,2024-02-27
2024022701023575,CKHL,58,54,10.0,612.0,6120.0,2024-02-27
2024022701023574,UHEWA,14,59,10.0,353.0,3530.0,2024-02-27
2024022701023573,EBL,74,25,10.0,509.0,5090.0,2024-02-27
2024022704007464,HPPL,42,74,248.0,287.0,71176.0,2024-02-27
2024022704007463,HPPL,42,33,700.0,286.3,200410.0,2024-02-27
2024022704007462,HPPL,42,43,10.0,285.6,2856.0,2024-02-27
2024022704007461,HPPL,42,56,42.0,285.0,11970.0,2024-02-27
2024022704007460,JOSHI,43,8,20.0,385.1,7702.0,2024-02-27
2024022701023572,GCIL,57,6,342.0,490.0,167580.0,2024-02-27
2024022701023571,GCIL,29,6,150.0,490.0,73500.0,2024-02-27
2024022701023570,GCIL,11,6,1000.0,490.0,490000.0,2024-02-27
2024022701023569,GCIL,45,6,500.0,490.1,245050.0,2024-02-27
2024022701023568,SONA,6,11,150.0,453.0,67950.0,2024-02-27
2024022701023567,SONA,6,58,10.0,453.0,4530.0,2024-02-27
2024022701023566,SONA,6,34,10.0,453.0,4530.0,2024-02-27
2024022701023565,SONA,6,14,400.0,453.0,181200.0,2024-02-27
2024022701023564,SONA,6,52,10.0,453.0,4530.0,2024-02-27
2024022701023563,SONA,6,18,10.0,453.0,4530.0,2024-02-27
2024022701023562,SONA,6,40,248.0,453.0,112344.0,2024-02-27
2024022701023561,SONA,6,67,92.0,453.0,41676.0,2024-02-27
2024022701023560,SONA,6,19,50.0,452.9,22645.0,2024-02-27
2024022701023559,SONA,6,57,300.0,452.0,135600.0,2024-02-27
2024022701023558,NYADI,65,43,35.0,292.0,10220.0,2024-02-27
2024022701023557,NYADI,65,55,50.0,292.0,14600.0,2024-02-27
2024022701023556,NYADI,65,38,200.0,291.0,58200.0,2024-02-27
2024022701023555,NYADI,65,38,10.0,290.0,2900.0,2024-02-27
2024022701023554,NYADI,65,36,100.0,290.0,29000.0,2024-02-27
2024022701023553,NYADI,65,55,75.0,290.0,21750.0,2024-02-27
2024022701023552,NYADI,65,42,20.0,290.0,5800.0,2024-02-27
2024022701023551,NYADI,65,58,10.0,290.0,2900.0,2024-02-27
2024022701023550,NYADI,65,55,200.0,290.0,58000.0,2024-02-27
2024022701023549,SHIVM,81,65,100.0,485.1,48510.0,2024-02-27
2024022701023548,SHLB,57,21,40.0,848.0,33920.0,2024-02-27
2024022701023547,SHLB,57,29,10.0,840.0,8400.0,2024-02-27
2024022701023546,SHLB,57,42,10.0,830.0,8300.0,2024-02-27
2024022701023545,KBL,32,45,500.0,141.2,70600.0,2024-02-27
2024022703004876,ICFC,32,17,10.0,493.5,4935.0,2024-02-27
2024022701023544,NICA,58,4,10.0,420.0,4200.0,2024-02-27
2024022701023543,SONA,57,57,200.0,452.0,90400.0,2024-02-27
2024022701023542,UHEWA,14,56,350.0,353.0,123550.0,2024-02-27
2024022701023541,MBL,22,56,10.0,180.3,1803.0,2024-02-27
2024022701023540,MKHC,94,6,50.0,294.0,14700.0,2024-02-27
2024022703004875,JBBL,42,16,200.0,292.0,58400.0,2024-02-27
2024022701023539,TSHL,34,77,10.0,509.0,5090.0,2024-02-27
2024022701023538,GCIL,29,45,20.0,490.3,9806.0,2024-02-27
2024022701023537,ILI,32,35,10.0,526.0,5260.0,2024-02-27
2024022701023536,ILI,32,49,10.0,526.0,5260.0,2024-02-27
2024022701023535,PCBL,44,32,10.0,192.6,1926.0,2024-02-27
2024022701023534,PCBL,54,32,35.0,192.6,6741.0,2024-02-27
2024022701023533,SRLI,59,54,1430.0,424.0,606320.0,2024-02-27
2024022701023532,SONA,58,58,400.0,451.5,180600.0,2024-02-27
2024022705004346,HRL,58,35,640.0,611.0,391040.0,2024-02-27
2024022705004345,HRL,58,25,160.0,611.0,97760.0,2024-02-27
2024022701023531,MCHL,35,14,10.0,336.0,3360.0,2024-02-27
2024022701023530,NWCL,42,14,20.0,799.0,15980.0,2024-02-27
2024022701023529,HDL,43,46,50.0,1455.0,72750.0,2024-02-27
2024022704007459,SHPC,44,43,230.0,342.7,78821.0,2024-02-27
2024022701023528,MCHL,35,3,10.0,331.5,3315.0,2024-02-27
2024022704007458,AKJCL,6,50,300.0,222.0,66600.0,2024-02-27
2024022703004874,MLBBL,5,58,10.0,795.0,7950.0,2024-02-27
2024022703004873,MLBBL,5,16,10.0,784.9,7849.0,2024-02-27
2024022703004872,BFC,42,37,170.0,329.0,55930.0,2024-02-27
2024022701023527,ANLB,82,64,40.0,1950.0,78000.0,2024-02-27
2024022701023526,ANLB,82,38,50.0,1949.9,97495.0,2024-02-27
2024022701023525,ANLB,82,33,10.0,1944.9,19449.0,2024-02-27
2024022704007457,NGPL,35,71,60.0,308.0,18480.0,2024-02-27
2024022703004871,SHINE,42,45,277.0,375.0,103875.0,2024-02-27
2024022703004870,SHINE,42,8,138.0,375.0,51750.0,2024-02-27
2024022703004869,SHINE,42,50,231.0,375.0,86625.0,2024-02-27
2024022703004868,SHINE,42,53,100.0,375.0,37500.0,2024-02-27
2024022703004867,SHINE,42,34,30.0,375.0,11250.0,2024-02-27
2024022703004866,SHINE,42,59,136.0,375.0,51000.0,2024-02-27
2024022703004865,SHINE,42,43,73.0,374.9,27367.7,2024-02-27
2024022703004864,SHINE,42,42,15.0,374.9,5623.5,2024-02-27
2024022705004344,HRL,42,25,30.0,611.0,18330.0,2024-02-27
2024022704007456,UPPER,6,54,35.0,201.1,7038.5,2024-02-27
2024022701023524,SHIVM,51,45,52.0,485.0,25220.0,2024-02-27
2024022701023523,SHIVM,42,45,50.0,485.1,24255.0,2024-02-27
2024022701023522,SHIVM,19,45,100.0,485.2,48520.0,2024-02-27
2024022701023521,MEHL,42,45,20.0,297.0,5940.0,2024-02-27
2024022704007455,BARUN,38,40,50.0,254.0,12700.0,2024-02-27
2024022704007454,BARUN,14,40,19.0,254.0,4826.0,2024-02-27
2024022703004863,USLB,55,5,10.0,1080.0,10800.0,2024-02-27
2024022703004862,USLB,55,18,10.0,1079.0,10790.0,2024-02-27
2024022703004861,USLB,55,10,10.0,1071.0,10710.0,2024-02-27
2024022701023520,SMHL,69,57,10.0,469.7,4697.0,2024-02-27
2024022704007453,IGI,38,4,236.0,532.8,125740.8,2024-02-27
2024022704007452,IGI,45,4,10.0,533.0,5330.0,2024-02-27
2024022704007451,IGI,32,4,54.0,533.0,28782.0,2024-02-27
2024022704007450,NLG,21,58,10.0,744.9,7449.0,2024-02-27
2024022704007449,NLG,21,34,10.0,740.2,7402.0,2024-02-27
2024022704007448,NLG,21,57,50.0,739.0,36950.0,2024-02-27
2024022703004860,NLIC,1,21,200.0,600.0,120000.0,2024-02-27
2024022703004859,PROFL,57,42,82.0,312.9,25657.8,2024-02-27
2024022703004858,PROFL,26,42,50.0,313.0,15650.0,2024-02-27
2024022703004857,PROFL,6,42,28.0,313.0,8764.0,2024-02-27
2024022701023519,NBL,57,35,100.0,219.0,21900.0,2024-02-27
2024022701023518,NBL,7,35,807.0,219.0,176733.0,2024-02-27
2024022705004343,NTC,34,45,10.0,839.7,8397.0,2024-02-27
2024022703004856,NLIC,1,29,150.0,600.0,90000.0,2024-02-27
2024022703004855,NLIC,1,56,50.0,600.0,30000.0,2024-02-27
2024022703004854,NLIC,1,5,100.0,600.0,60000.0,2024-02-27
2024022703004853,NLIC,1,50,80.0,600.0,48000.0,2024-02-27
2024022701023517,ANLB,71,32,10.0,1917.0,19170.0,2024-02-27
2024022701023516,GVL,74,32,10.0,428.0,4280.0,2024-02-27
2024022701023515,TVCL,39,64,10.0,543.0,5430.0,2024-02-27
2024022701023514,CYCL,25,36,10.0,1179.0,11790.0,2024-02-27
2024022701023513,SAMAJ,58,49,10.0,1715.0,17150.0,2024-02-27
2024022701023512,MEHL,42,26,10.0,297.0,2970.0,2024-02-27
2024022703004852,HLI,26,41,10.0,386.0,3860.0,2024-02-27
2024022703004851,HLI,26,21,150.0,385.9,57885.0,2024-02-27
2024022701023511,SHIVM,21,63,10.0,486.0,4860.0,2024-02-27
2024022705004342,HRL,49,42,30.0,610.2,18306.0,2024-02-27
2024022704007447,SGIC,74,6,10.0,505.1,5051.0,2024-02-27
2024022701023510,EHPL,65,34,20.0,444.9,8898.0,2024-02-27
2024022703004850,LICN,22,57,70.0,1335.0,93450.0,2024-02-27
2024022705004341,NRN,34,13,10.0,549.0,5490.0,2024-02-27
2024022701023509,MBL,32,34,87.0,179.0,15573.0,2024-02-27
2024022701023508,MBL,59,34,31.0,179.0,5549.0,2024-02-27
2024022701023507,MBL,53,34,10.0,180.2,1802.0,2024-02-27
2024022704007446,RIDI,38,38,250.0,193.5,48375.0,2024-02-27
2024022704007445,RIDI,35,38,80.0,193.6,15488.0,2024-02-27
2024022704007444,RIDI,90,38,100.0,193.6,19360.0,2024-02-27
2024022704007443,RIDI,33,38,11.0,193.6,2129.6,2024-02-27
2024022703004849,NFS,44,13,362.0,354.0,128148.0,2024-02-27
2024022703004848,NFS,17,13,100.0,354.0,35400.0,2024-02-27
2024022703004847,NFS,65,13,538.0,355.1,191043.8,2024-02-27
2024022704007442,AKPL,42,59,16.0,179.0,2864.0,2024-02-27
2024022704007441,AKPL,36,59,100.0,179.0,17900.0,2024-02-27
2024022701023506,NWCL,34,46,10.0,790.0,7900.0,2024-02-27
2024022703004846,NFS,65,39,200.0,355.1,71020.0,2024-02-27
2024022704007440,GLH,38,49,515.0,212.0,109180.0,2024-02-27
2024022704007439,GLH,50,49,50.0,212.1,10605.0,2024-02-27
2024022704007438,GLH,50,49,50.0,213.0,10650.0,2024-02-27
2024022704007437,GLH,14,49,385.0,213.0,82005.0,2024-02-27
2024022704007436,NGPL,17,58,590.0,307.0,181130.0,2024-02-27
2024022704007435,NGPL,32,58,10.0,307.9,3079.0,2024-02-27
2024022701023505,KDL,57,42,10.0,756.0,7560.0,2024-02-27
2024022703004845,ICFC,50,64,300.0,489.0,146700.0,2024-02-27
2024022704007434,NHPC,4,48,281.0,155.9,43807.9,2024-02-27
2024022701023504,TVCL,44,64,10.0,543.0,5430.0,2024-02-27
2024022703004844,MERO,78,57,300.0,532.2,159660.0,2024-02-27
2024022703004843,MERO,44,57,100.0,532.3,53230.0,2024-02-27
2024022704007433,API,14,57,16.0,181.0,2896.0,2024-02-27
2024022704007432,API,44,57,300.0,181.0,54300.0,2024-02-27
2024022704007431,API,11,57,425.0,181.0,76925.0,2024-02-27
2024022704007430,API,11,57,100.0,181.0,18100.0,2024-02-27
2024022704007429,API,51,57,35.0,181.1,6338.5,2024-02-27
2024022704007428,API,75,57,114.0,181.2,20656.8,2024-02-27
2024022703004842,SLBBL,21,29,10.0,578.0,5780.0,2024-02-27
2024022703004841,SINDU,34,45,20.0,320.0,6400.0,2024-02-27
2024022703004840,ICFC,49,33,20.0,489.8,9796.0,2024-02-27
2024022701023503,SONA,32,67,28.0,453.0,12684.0,2024-02-27
2024022701023502,SONA,32,45,10.0,452.9,4529.0,2024-02-27
2024022701023501,SONA,32,52,10.0,452.0,4520.0,2024-02-27
2024022701023500,SONA,32,58,152.0,452.0,68704.0,2024-02-27
2024022701023499,EBL,17,11,50.0,505.0,25250.0,2024-02-27
2024022703004839,KLBSL,22,18,10.0,811.0,8110.0,2024-02-27
2024022703004838,KLBSL,22,18,10.0,811.0,8110.0,2024-02-27
2024022701023498,CKHL,58,29,10.0,619.0,6190.0,2024-02-27
2024022701023497,CKHL,58,58,10.0,618.5,6185.0,2024-02-27
2024022701023496,CKHL,58,51,100.0,618.0,61800.0,2024-02-27
2024022701023495,CKHL,58,17,10.0,617.0,6170.0,2024-02-27
2024022701023494,CKHL,58,35,10.0,616.0,6160.0,2024-02-27
2024022701023493,CKHL,58,56,100.0,615.0,61500.0,2024-02-27
2024022701023492,CKHL,58,57,10.0,615.0,6150.0,2024-02-27
2024022701023491,CKHL,58,51,10.0,615.0,6150.0,2024-02-27
2024022701023490,CKHL,58,42,350.0,615.0,215250.0,2024-02-27
2024022701023489,CKHL,58,21,10.0,615.0,6150.0,2024-02-27
2024022701023488,CKHL,58,58,55.0,614.5,33797.5,2024-02-27
2024022701023487,CKHL,58,50,60.0,614.0,36840.0,2024-02-27
2024022701023486,CKHL,58,49,10.0,614.0,6140.0,2024-02-27
2024022701023485,CKHL,58,42,154.0,613.0,94402.0,2024-02-27
2024022701023484,CKHL,58,35,90.0,613.0,55170.0,2024-02-27
2024022701023483,CKHL,58,85,10.0,612.0,6120.0,2024-02-27
2024022704007427,AHPC,19,4,166.0,185.1,30726.6,2024-02-27
2024022704007426,CGH,42,33,450.0,823.9,370755.0,2024-02-27
2024022704007425,CGH,42,37,50.0,823.9,41195.0,2024-02-27
2024022703004837,LBBL,45,54,35.0,383.0,13405.0,2024-02-27
2024022701023482,SHIVM,42,6,50.0,485.1,24255.0,2024-02-27
2024022704007424,SSHL,48,19,10.0,168.0,1680.0,2024-02-27
2024022705004340,NIFRA,55,17,64.0,208.1,13318.4,2024-02-27
2024022704007423,HPPL,63,56,58.0,285.0,16530.0,2024-02-27
2024022704007422,HPPL,63,13,150.0,285.0,42750.0,2024-02-27
2024022704007421,HPPL,63,51,20.0,285.0,5700.0,2024-02-27
2024022704007420,HPPL,63,22,500.0,285.0,142500.0,2024-02-27
2024022704007419,HPPL,63,28,100.0,285.0,28500.0,2024-02-27
2024022704007418,HPPL,63,19,100.0,284.9,28490.0,2024-02-27
2024022704007417,HPPL,63,14,100.0,284.0,28400.0,2024-02-27
2024022704007416,HPPL,63,14,30.0,284.0,8520.0,2024-02-27
2024022704007415,HPPL,63,53,100.0,283.8,28380.0,2024-02-27
2024022704007414,HPPL,63,14,100.0,283.0,28300.0,2024-02-27
2024022704007413,HPPL,63,57,100.0,282.0,28200.0,2024-02-27
2024022704007412,HPPL,63,32,300.0,282.0,84600.0,2024-02-27
2024022704007411,HPPL,63,45,100.0,282.0,28200.0,2024-02-27
2024022704007410,HPPL,63,59,152.0,282.0,42864.0,2024-02-27
2024022704007409,HPPL,63,59,90.0,282.0,25380.0,2024-02-27
2024022701023481,SNLI,44,34,24.0,593.0,14232.0,2024-02-27
2024022704007408,RADHI,67,34,693.0,248.3,172071.9,2024-02-27
2024022704007407,RADHI,57,34,200.0,249.0,49800.0,2024-02-27
2024022701023480,CLI,42,38,10.0,434.1,4341.0,2024-02-27
2024022701023479,SMJC,60,36,10.0,385.0,3850.0,2024-02-27
2024022704007406,NHPC,4,39,1550.0,155.9,241645.0,2024-02-27
2024022704007405,NHPC,4,57,561.0,155.8,87403.8,2024-02-27
2024022705004339,STC,54,17,44.0,5050.0,222200.0,2024-02-27
2024022705004338,STC,54,54,20.0,5050.0,101000.0,2024-02-27
2024022705004337,STC,54,22,20.0,5048.0,100960.0,2024-02-27
2024022705004336,STC,54,57,15.0,5028.0,75420.0,2024-02-27
2024022705004335,STC,54,25,14.0,5024.0,70336.0,2024-02-27
2024022705004334,STC,54,13,100.0,5018.0,501800.0,2024-02-27
2024022705004333,STC,54,52,10.0,5018.0,50180.0,2024-02-27
2024022705004332,STC,54,13,100.0,5015.0,501500.0,2024-02-27
2024022705004331,STC,54,13,100.0,5012.0,501200.0,2024-02-27
2024022705004330,STC,54,52,67.0,5010.0,335670.0,2024-02-27
2024022705004329,STC,54,17,10.0,5010.0,50100.0,2024-02-27
2024022701023478,SMJC,6,36,10.0,385.0,3850.0,2024-02-27
2024022703004836,NFS,65,34,262.0,354.1,92774.2,2024-02-27
2024022703004835,MPFL,35,55,100.0,358.5,35850.0,2024-02-27
2024022704007404,UAIL,49,48,60.0,530.0,31800.0,2024-02-27
2024022704007403,RHPL,17,42,10.0,281.0,2810.0,2024-02-27
2024022704007402,SICL,45,1,26.0,699.9,18197.4,2024-02-27
2024022704007401,NHPC,45,57,100.0,155.8,15580.0,2024-02-27
2024022704007400,API,57,29,10.0,181.4,1814.0,2024-02-27
2024022704007399,UMHL,38,54,10.0,264.0,2640.0,2024-02-27
2024022703004834,CFCL,37,49,10.0,337.0,3370.0,2024-02-27
2024022701023477,SNLI,44,13,130.0,593.0,77090.0,2024-02-27
2024022701023476,SNLI,45,13,70.0,593.0,41510.0,2024-02-27
2024022701023475,RHGCL,57,26,100.0,304.1,30410.0,2024-02-27
2024022701023474,RHGCL,6,26,10.0,304.2,3042.0,2024-02-27
2024022704007398,HDHPC,58,38,20.0,139.5,2790.0,2024-02-27
2024022701023473,MKHL,26,34,10.0,375.0,3750.0,2024-02-27
2024022704007397,HPPL,42,59,10.0,282.0,2820.0,2024-02-27
2024022704007396,HPPL,42,33,10.0,282.0,2820.0,2024-02-27
2024022701023472,NWCL,42,42,20.0,799.0,15980.0,2024-02-27
2024022701023471,PRVU,5,83,135.0,146.7,19804.5,2024-02-27
2024022701023470,PRVU,58,83,10.0,146.8,1468.0,2024-02-27
2024022701023469,CYCL,25,17,50.0,1177.6,58880.0,2024-02-27
2024022703004833,MLBBL,5,41,10.0,775.0,7750.0,2024-02-27
2024022703004832,MLBSL,5,54,10.0,1579.0,15790.0,2024-02-27
2024022701023468,VLUCL,62,29,100.0,516.0,51600.0,2024-02-27
2024022704007395,HDHPC,28,34,200.0,139.4,27880.0,2024-02-27
2024022701023467,RNLI,65,57,139.0,427.1,59366.9,2024-02-27
2024022701023466,RNLI,92,57,90.0,427.2,38448.0,2024-02-27
2024022701023465,HHL,38,5,100.0,355.0,35500.0,2024-02-27
2024022701023464,HHL,38,58,50.0,355.0,17750.0,2024-02-27
2024022701023463,HHL,38,45,100.0,355.0,35500.0,2024-02-27
2024022701023462,HHL,38,84,50.0,354.9,17745.0,2024-02-27
2024022701023461,HHL,38,4,50.0,354.9,17745.0,2024-02-27
2024022701023460,HHL,38,52,200.0,354.0,70800.0,2024-02-27
2024022701023459,HHL,38,34,50.0,354.0,17700.0,2024-02-27
2024022704007394,RADHI,11,37,100.0,250.0,25000.0,2024-02-27
2024022703004831,GUFL,71,46,70.0,626.0,43820.0,2024-02-27
2024022703004830,GUFL,71,41,125.0,625.0,78125.0,2024-02-27
2024022703004829,GUFL,71,22,60.0,625.0,37500.0,2024-02-27
2024022703004828,GUFL,71,58,200.0,625.0,125000.0,2024-02-27
2024022703004827,GUFL,71,21,60.0,625.0,37500.0,2024-02-27
2024022703004826,GUFL,71,46,90.0,625.0,56250.0,2024-02-27
2024022703004825,GUFL,71,50,17.0,624.9,10623.3,2024-02-27
2024022705004328,ENL,46,59,10.0,761.0,7610.0,2024-02-27
2024022701023458,NWCL,39,58,10.0,799.0,7990.0,2024-02-27
2024022704007393,LEC,74,5,10.0,193.5,1935.0,2024-02-27
2024022703004824,NICLBSL,56,34,80.0,540.0,43200.0,2024-02-27
2024022703004823,NICLBSL,56,46,10.0,540.0,5400.0,2024-02-27
2024022701023457,SONA,58,58,10.0,452.0,4520.0,2024-02-27
2024022703004822,LICN,22,57,20.0,1340.0,26800.0,2024-02-27
2024022701023456,SONA,62,58,38.0,452.0,17176.0,2024-02-27
2024022703004821,ICFC,49,64,100.0,489.8,48980.0,2024-02-27
2024022703004820,SJLIC,13,34,200.0,470.0,94000.0,2024-02-27
2024022701023455,NWCL,34,38,70.0,790.0,55300.0,2024-02-27
2024022704007392,NLG,49,41,60.0,738.0,44280.0,2024-02-27
2024022705004327,NRIC,32,35,10.0,754.0,7540.0,2024-02-27
2024022705004326,NRIC,32,42,178.0,750.0,133500.0,2024-02-27
2024022705004325,NRIC,32,38,42.0,750.0,31500.0,2024-02-27
2024022701023454,MEL,32,58,260.0,220.6,57356.0,2024-02-27
2024022701023453,MEL,32,38,10.0,220.0,2200.0,2024-02-27
2024022701023452,MEL,32,22,10.0,220.0,2200.0,2024-02-27
2024022701023451,MEL,32,49,10.0,220.0,2200.0,2024-02-27
2024022701023450,MEL,32,45,30.0,219.9,6597.0,2024-02-27
2024022701023449,MEL,32,58,10.0,219.1,2191.0,2024-02-27
2024022704007391,CHL,51,4,500.0,302.0,151000.0,2024-02-27
2024022705004324,HIDCL,48,4,270.0,171.0,46170.0,2024-02-27
2024022701023448,BNT,38,58,10.0,14310.0,143100.0,2024-02-27
2024022701023447,BNT,81,58,10.0,14310.0,143100.0,2024-02-27
2024022701023446,BNT,38,58,10.0,14311.0,143110.0,2024-02-27
2024022703004819,GRDBL,75,16,10.0,357.9,3579.0,2024-02-27
2024022705004323,NTC,36,51,110.0,840.0,92400.0,2024-02-27
2024022703004818,MPFL,21,35,570.0,353.5,201495.0,2024-02-27
2024022701023445,NICA,45,4,10.0,420.0,4200.0,2024-02-27
2024022701023444,RFPL,62,45,83.0,325.0,26975.0,2024-02-27
2024022704007390,NGPL,34,71,20.0,308.0,6160.0,2024-02-27
2024022704007389,UPCL,55,33,361.0,213.5,77073.5,2024-02-27
2024022703004817,NFS,50,34,50.0,354.1,17705.0,2024-02-27
2024022703004816,NFS,34,34,500.0,354.1,177050.0,2024-02-27
2024022703004815,NFS,50,34,20.0,354.2,7084.0,2024-02-27
2024022701023443,DORDI,77,57,80.0,455.7,36456.0,2024-02-27
2024022703004814,WNLB,10,34,10.0,820.0,8200.0,2024-02-27
2024022701023442,KBL,11,45,100.0,141.3,14130.0,2024-02-27
2024022701023441,TPC,42,25,200.0,537.2,107440.0,2024-02-27
2024022701023440,SMHL,69,57,10.0,469.7,4697.0,2024-02-27
2024022701023439,CKHL,49,58,10.0,612.0,6120.0,2024-02-27
2024022701023438,ILI,38,49,20.0,525.1,10502.0,2024-02-27
2024022701023437,MKCL,72,25,10.0,958.0,9580.0,2024-02-27
2024022703004813,NMBMF,42,36,84.0,520.0,43680.0,2024-02-27
2024022703004812,NMBMF,42,39,100.0,520.0,52000.0,2024-02-27
2024022703004811,NMBMF,42,25,53.0,519.9,27554.7,2024-02-27
2024022703004810,NMBMF,42,14,63.0,517.1,32577.3,2024-02-27
2024022704007388,UMRH,58,5,82.0,366.0,30012.0,2024-02-27
2024022704007387,NHPC,21,55,1176.0,155.6,182985.6,2024-02-27
2024022704007386,NHPC,58,55,10.0,155.6,1556.0,2024-02-27
2024022701023436,SBL,34,53,150.0,222.0,33300.0,2024-02-27
2024022704007385,AKPL,36,34,400.0,179.0,71600.0,2024-02-27
2024022701023435,NBL,7,34,193.0,219.0,42267.0,2024-02-27
2024022701023434,NBL,50,34,100.0,219.0,21900.0,2024-02-27
2024022701023433,NBL,58,34,10.0,219.0,2190.0,2024-02-27
2024022701023432,NBL,14,34,100.0,219.0,21900.0,2024-02-27
2024022701023431,NBL,35,34,10.0,219.0,2190.0,2024-02-27
2024022701023430,NBL,49,34,10.0,219.1,2191.0,2024-02-27
2024022701023429,CLI,42,34,10.0,434.1,4341.0,2024-02-27
2024022703004809,ALBSL,33,13,25.0,634.0,15850.0,2024-02-27
2024022703004808,ALBSL,49,13,100.0,634.1,63410.0,2024-02-27
2024022701023428,KBL,32,32,200.0,141.2,28240.0,2024-02-27
2024022705004322,MMF1,48,32,700.0,7.21,5047.0,2024-02-27
2024022701023427,CKHL,49,52,28.0,611.0,17108.0,2024-02-27
2024022701023426,CKHL,4,52,20.0,611.1,12222.0,2024-02-27
2024022701023425,CYCL,25,45,200.0,1177.5,235500.0,2024-02-27
2024022701023424,CYCL,25,6,100.0,1177.0,117700.0,2024-02-27
2024022701023423,CYCL,25,38,60.0,1177.0,70620.0,2024-02-27
2024022701023422,CYCL,25,4,11.0,1176.5,12941.5,2024-02-27
2024022701023421,SONA,11,46,200.0,451.3,90260.0,2024-02-27
2024022701023420,MBJC,47,4,10.0,319.0,3190.0,2024-02-27
2024022701023419,MBJC,47,8,100.0,318.2,31820.0,2024-02-27
2024022701023418,MBJC,47,35,10.0,318.0,3180.0,2024-02-27
2024022701023417,MBJC,47,4,100.0,318.0,31800.0,2024-02-27
2024022703004807,JBBL,42,49,57.0,292.0,16644.0,2024-02-27
2024022701023416,EHPL,65,11,10.0,440.0,4400.0,2024-02-27
2024022701023415,RNLI,92,3,10.0,427.2,4272.0,2024-02-27
2024022704007384,SPDL,17,51,12.0,255.0,3060.0,2024-02-27
2024022701023414,CZBIL,49,45,265.0,163.5,43327.5,2024-02-27
2024022703004806,SJLIC,34,41,13.0,474.8,6172.4,2024-02-27
2024022703004805,SJLIC,34,52,87.0,472.0,41064.0,2024-02-27
2024022701023413,PHCL,35,34,70.0,320.1,22407.0,2024-02-27
2024022701023412,PHCL,42,34,300.0,320.1,96030.0,2024-02-27
2024022701023411,PHCL,42,34,120.0,320.2,38424.0,2024-02-27
2024022701023410,PHCL,41,34,10.0,321.1,3211.0,2024-02-27
2024022704007383,HURJA,72,41,100.0,296.2,29620.0,2024-02-27
2024022701023409,SCB,26,34,20.0,509.0,10180.0,2024-02-27
2024022701023408,SHIVM,22,63,35.0,486.0,17010.0,2024-02-27
2024022701023407,SHIVM,22,57,11.0,486.0,5346.0,2024-02-27
2024022701023406,SHIVM,22,34,94.0,486.0,45684.0,2024-02-27
2024022701023405,SHIVM,22,36,100.0,485.9,48590.0,2024-02-27
2024022703004804,NABBC,58,43,100.0,415.7,41570.0,2024-02-27
2024022701023404,LSL,53,37,434.0,160.0,69440.0,2024-02-27
2024022701023403,LSL,53,13,66.0,160.0,10560.0,2024-02-27
2024022704007382,LEC,29,63,10.0,193.8,1938.0,2024-02-27
2024022703004803,SFCL,7,81,10.0,312.9,3129.0,2024-02-27
2024022701023402,MEL,57,49,10.0,219.0,2190.0,2024-02-27
2024022703004802,SHINE,38,42,10.0,374.9,3749.0,2024-02-27
2024022705004321,NIFRA,55,1,54.0,208.1,11237.4,2024-02-27
2024022704007381,GHL,52,21,80.0,153.0,12240.0,2024-02-27
2024022704007380,KKHC,47,56,82.0,244.1,20016.2,2024-02-27
2024022704007379,MEN,51,7,10.0,599.0,5990.0,2024-02-27
2024022701023401,SHIVM,49,34,120.0,486.0,58320.0,2024-02-27
2024022704007378,MEN,82,28,30.0,596.0,17880.0,2024-02-27
2024022704007377,SALICO,42,67,300.0,649.0,194700.0,2024-02-27
2024022703004801,LLBS,38,19,10.0,747.0,7470.0,2024-02-27
2024022701023400,SONA,11,54,190.0,451.3,85747.0,2024-02-27
2024022701023399,SONA,21,54,100.0,451.5,45150.0,2024-02-27
2024022701023398,SONA,56,54,10.0,452.0,4520.0,2024-02-27
2024022705004320,HIDCL,48,62,30.0,171.0,5130.0,2024-02-27
2024022705004319,HIDCL,48,21,100.0,171.0,17100.0,2024-02-27
2024022705004318,HIDCL,48,1,330.0,171.0,56430.0,2024-02-27
2024022701023397,ILI,38,48,10.0,525.1,5251.0,2024-02-27
2024022701023396,RAWA,34,57,100.0,463.1,46310.0,2024-02-27
2024022704007376,GHL,57,57,55.0,152.0,8360.0,2024-02-27
2024022704007375,GHL,4,57,45.0,152.0,6840.0,2024-02-27
2024022704007374,GHL,26,57,145.0,152.1,22054.5,2024-02-27
2024022703004800,MERO,34,55,10.0,539.9,5399.0,2024-02-27
2024022703004799,ALICL,34,42,10.0,572.0,5720.0,2024-02-27
2024022705004317,NTC,38,51,50.0,840.0,42000.0,2024-02-27
2024022704007373,TRH,49,1,10.0,769.5,7695.0,2024-02-27
2024022701023395,SRLI,38,22,10.0,423.1,4231.0,2024-02-27
2024022701023394,HIDCLP,52,6,100.0,100.5,10050.0,2024-02-27
2024022704007372,UMRH,44,6,10.0,365.0,3650.0,2024-02-27
2024022703004798,FOWAD,53,29,257.0,1015.0,260855.0,2024-02-27
2024022703004797,FOWAD,53,58,43.0,1015.0,43645.0,2024-02-27
2024022703004796,CBBL,34,56,50.0,826.0,41300.0,2024-02-27
2024022701023393,VLUCL,34,43,10.0,519.0,5190.0,2024-02-27
2024022703004795,SLBSL,34,42,10.0,790.4,7904.0,2024-02-27
2024022705004316,HRL,32,25,10.0,611.0,6110.0,2024-02-27
2024022701023392,EBL,45,11,22.0,505.1,11112.2,2024-02-27
2024022701023391,EBL,77,11,78.0,505.1,39397.8,2024-02-27
2024022701023390,DORDI,77,47,470.0,455.7,214179.0,2024-02-27
2024022701023389,DORDI,44,47,30.0,455.7,13671.0,2024-02-27
2024022704007371,MHNL,42,11,10.0,253.9,2539.0,2024-02-27
2024022703004794,SADBL,33,64,240.0,296.2,71088.0,2024-02-27
2024022701023388,BNT,6,67,10.0,14600.0,146000.0,2024-02-27
2024022703004793,MFIL,6,59,21.0,512.0,10752.0,2024-02-27
2024022703004792,MFIL,6,6,20.0,511.9,10238.0,2024-02-27
2024022705004315,NIFRA,41,44,130.0,208.0,27040.0,2024-02-27
2024022703004791,RSDC,4,35,31.0,521.0,16151.0,2024-02-27
2024022705004314,CMF1,26,58,3500.0,8.5,29750.0,2024-02-27
2024022701023387,DORDI,55,14,100.0,456.0,45600.0,2024-02-27
2024022701023386,ILI,38,34,100.0,525.1,52510.0,2024-02-27
2024022701023385,CKHL,49,59,10.0,611.0,6110.0,2024-02-27
2024022701023384,NICA,4,4,53.0,420.0,22260.0,2024-02-27
2024022701023383,CYCL,25,8,13.0,1176.0,15288.0,2024-02-27
2024022704007370,HURJA,52,22,500.0,296.0,148000.0,2024-02-27
2024022704007369,HURJA,53,22,500.0,296.1,148050.0,2024-02-27
2024022701023382,KBL,13,45,10.0,141.3,1413.0,2024-02-27
2024022701023381,MKHL,48,41,100.0,367.3,36730.0,2024-02-27
2024022701023380,MKHL,51,41,200.0,367.5,73500.0,2024-02-27
2024022701023379,MKHL,47,41,250.0,367.5,91875.0,2024-02-27
2024022701023378,MKHL,35,41,500.0,367.7,183850.0,2024-02-27
2024022701023377,MKHL,32,41,50.0,367.8,18390.0,2024-02-27
2024022701023376,MKHL,45,41,50.0,367.9,18395.0,2024-02-27
2024022701023375,MKHL,34,41,10.0,370.0,3700.0,2024-02-27
2024022701023374,MKHL,35,41,40.0,370.1,14804.0,2024-02-27
2024022701023373,SMHL,25,59,35.0,465.0,16275.0,2024-02-27
2024022701023372,SMHL,34,59,990.0,465.5,460845.0,2024-02-27
2024022701023371,SMHL,36,59,20.0,465.6,9312.0,2024-02-27
2024022701023370,SMHL,58,59,300.0,465.7,139710.0,2024-02-27
2024022705004313,HRL,44,49,10.0,610.1,6101.0,2024-02-27
2024022705004312,HRL,26,49,20.0,610.9,12218.0,2024-02-27
2024022704007368,SJCL,42,49,50.0,280.5,14025.0,2024-02-27
2024022705004311,NICSF,16,45,250.0,8.8,2200.0,2024-02-27
2024022705004310,NICSF,16,7,100.0,8.8,880.0,2024-02-27
2024022701023369,BGWT,65,47,30.0,587.0,17610.0,2024-02-27
2024022701023368,BGWT,65,37,70.0,579.1,40537.0,2024-02-27
2024022701023367,PHCL,41,58,10.0,321.1,3211.0,2024-02-27
2024022704007367,CHL,29,4,472.0,302.0,142544.0,2024-02-27
2024022704007366,CHL,29,14,15.0,302.0,4530.0,2024-02-27
2024022704007365,CHL,29,52,13.0,302.0,3926.0,2024-02-27
2024022701023366,SNLI,45,45,10.0,593.0,5930.0,2024-02-27
2024022701023365,SNLI,41,45,10.0,594.0,5940.0,2024-02-27
2024022701023364,IHL,34,4,10.0,364.0,3640.0,2024-02-27
2024022701023363,IHL,34,41,10.0,360.0,3600.0,2024-02-27
2024022703004790,MDB,53,36,170.0,390.3,66351.0,2024-02-27
2024022701023362,NRM,38,65,120.0,359.9,43188.0,2024-02-27
2024022701023361,NRM,38,1,30.0,358.0,10740.0,2024-02-27
2024022704007364,MEN,82,38,120.0,596.0,71520.0,2024-02-27
2024022704007363,NIL,49,59,56.0,797.0,44632.0,2024-02-27
2024022704007362,NIL,45,59,24.0,798.0,19152.0,2024-02-27
2024022701023360,SONA,56,58,10.0,452.0,4520.0,2024-02-27
2024022701023359,SONA,56,74,180.0,452.0,81360.0,2024-02-27
2024022703004789,LICN,42,57,10.0,1340.0,13400.0,2024-02-27
2024022704007361,SICL,42,1,113.0,699.9,79088.7,2024-02-27
2024022704007360,SICL,42,58,40.0,699.9,27996.0,2024-02-27
2024022701023358,HATHY,86,58,120.0,830.0,99600.0,2024-02-27
2024022701023357,HATHY,86,14,380.0,829.0,315020.0,2024-02-27
2024022701023356,PRVU,13,6,511.0,147.9,75576.9,2024-02-27
2024022701023355,PRVU,13,50,146.0,147.8,21578.8,2024-02-27
2024022701023354,PRVU,13,45,343.0,147.0,50421.0,2024-02-27
2024022701023353,MHL,26,38,10.0,391.9,3919.0,2024-02-27
2024022701023352,SONA,43,74,20.0,452.0,9040.0,2024-02-27
2024022701023351,SONA,43,57,30.0,452.0,13560.0,2024-02-27
2024022705004309,HRL,58,58,680.0,612.0,416160.0,2024-02-27
2024022705004308,HRL,58,35,20.0,612.0,12240.0,2024-02-27
2024022705004307,HRL,58,58,10.0,612.0,6120.0,2024-02-27
2024022705004306,HRL,58,49,10.0,612.0,6120.0,2024-02-27
2024022705004305,HRL,58,56,10.0,612.0,6120.0,2024-02-27
2024022705004304,HRL,58,13,10.0,611.0,6110.0,2024-02-27
2024022705004303,HRL,58,40,60.0,611.0,36660.0,2024-02-27
2024022701023350,USHEC,17,40,510.0,374.0,190740.0,2024-02-27
2024022704007359,IGI,32,53,396.0,533.0,211068.0,2024-02-27
2024022701023349,GCIL,14,45,176.0,490.3,86292.8,2024-02-27
2024022703004788,MLBBL,32,41,41.0,775.0,31775.0,2024-02-27
2024022701023348,EHPL,65,38,160.0,433.0,69280.0,2024-02-27
2024022701023347,EHPL,65,38,190.0,433.1,82289.0,2024-02-27
2024022701023346,EHPL,22,38,50.0,433.2,21660.0,2024-02-27
2024022701023345,AVYAN,38,66,100.0,590.0,59000.0,2024-02-27
2024022701023344,AVYAN,6,66,10.0,590.0,5900.0,2024-02-27
2024022701023343,AVYAN,61,66,200.0,590.0,118000.0,2024-02-27
2024022701023342,AVYAN,48,66,100.0,590.0,59000.0,2024-02-27
2024022701023341,AVYAN,7,66,300.0,590.0,177000.0,2024-02-27
2024022701023340,AVYAN,4,66,50.0,590.0,29500.0,2024-02-27
2024022701023339,AVYAN,52,66,140.0,590.0,82600.0,2024-02-27
2024022703004787,DDBL,11,46,65.0,743.0,48295.0,2024-02-27
2024022703004786,DDBL,11,59,13.0,743.0,9659.0,2024-02-27
2024022701023338,AVYAN,52,92,100.0,590.0,59000.0,2024-02-27
2024022701023337,MKHC,58,6,10.0,294.5,2945.0,2024-02-27
2024022703004785,HLI,95,50,80.0,385.0,30800.0,2024-02-27
2024022703004784,HLI,21,50,20.0,385.1,7702.0,2024-02-27
2024022703004783,HLI,4,50,200.0,385.2,77040.0,2024-02-27
2024022701023336,SAMAJ,58,50,10.0,1715.0,17150.0,2024-02-27
2024022701023335,KBL,35,47,10.0,142.9,1429.0,2024-02-27
2024022703004782,CFCL,45,4,10.0,338.0,3380.0,2024-02-27
2024022701023334,SONA,11,57,500.0,451.3,225650.0,2024-02-27
2024022703004781,SHINE,44,34,190.0,373.0,70870.0,2024-02-27
2024022701023333,NMB,52,50,10.0,177.5,1775.0,2024-02-27
2024022704007358,GLH,74,3,10.0,214.0,2140.0,2024-02-27
2024022701023332,NRM,26,56,100.0,357.4,35740.0,2024-02-27
2024022701023331,NRM,17,56,100.0,357.7,35770.0,2024-02-27
2024022701023330,CKHL,49,62,10.0,611.0,6110.0,2024-02-27
2024022701023329,MANDU,44,52,10.0,689.5,6895.0,2024-02-27
2024022703004780,CORBL,26,45,50.0,427.0,21350.0,2024-02-27
2024022704007357,MEN,82,45,280.0,596.0,166880.0,2024-02-27
2024022701023328,TAMOR,41,37,140.0,397.5,55650.0,2024-02-27
2024022701023327,TAMOR,48,37,120.0,397.7,47724.0,2024-02-27
2024022701023326,TAMOR,8,37,40.0,397.7,15908.0,2024-02-27
2024022704007356,NHPC,42,57,39.0,155.8,6076.2,2024-02-27
2024022701023325,SNLI,41,52,10.0,594.0,5940.0,2024-02-27
2024022705004302,NRIC,32,38,10.0,750.0,7500.0,2024-02-27
2024022705004301,NRIC,32,28,10.0,749.0,7490.0,2024-02-27
2024022701023324,ADBL,49,53,180.0,227.0,40860.0,2024-02-27
2024022701023323,ULHC,34,25,150.0,325.0,48750.0,2024-02-27
2024022705004300,CIT,25,34,10.0,2052.0,20520.0,2024-02-27
2024022704007355,HDHPC,41,38,80.0,139.5,11160.0,2024-02-27
2024022701023322,ILI,38,56,200.0,525.1,105020.0,2024-02-27
2024022701023321,VLUCL,62,49,10.0,516.0,5160.0,2024-02-27
2024022701023320,RNLI,49,57,70.0,428.0,29960.0,2024-02-27
2024022704007354,NGPL,17,59,168.0,307.0,51576.0,2024-02-27
2024022703004779,KRBL,35,35,10.0,371.9,3719.0,2024-02-27
2024022701023319,BHL,7,72,65.0,355.0,23075.0,2024-02-27
2024022701023318,BHL,7,35,10.0,350.0,3500.0,2024-02-27
2024022701023317,BHL,7,36,25.0,350.0,8750.0,2024-02-27
2024022705004299,HRL,32,40,20.0,611.0,12220.0,2024-02-27
2024022705004298,HRL,29,40,80.0,611.0,48880.0,2024-02-27
2024022705004297,HRL,42,40,10.0,611.0,6110.0,2024-02-27
2024022705004296,HRL,35,40,160.0,611.0,97760.0,2024-02-27
2024022704007353,AHPC,19,45,20.0,185.1,3702.0,2024-02-27
2024022704007352,AHPC,39,45,50.0,185.2,9260.0,2024-02-27
2024022704007351,AHPC,33,45,10.0,185.5,1855.0,2024-02-27
2024022704007350,AHPC,1,45,20.0,185.5,3710.0,2024-02-27
2024022701023316,NBL,41,10,20.0,220.0,4400.0,2024-02-27
2024022703004778,SHINE,44,34,40.0,373.0,14920.0,2024-02-27
2024022705004295,HRL,35,35,340.0,611.0,207740.0,2024-02-27
2024022705004294,HRL,48,35,120.0,611.0,73320.0,2024-02-27
2024022705004293,HRL,45,35,140.0,611.0,85540.0,2024-02-27
2024022701023315,RAWA,34,35,10.0,463.1,4631.0,2024-02-27
2024022701023314,NWCL,34,58,20.0,790.0,15800.0,2024-02-27
2024022701023313,NWCL,36,58,160.0,790.0,126400.0,2024-02-27
2024022701023312,NWCL,37,58,50.0,790.3,39515.0,2024-02-27
2024022701023311,NWCL,34,58,10.0,799.0,7990.0,2024-02-27
2024022701023310,NWCL,55,58,60.0,799.0,47940.0,2024-02-27
2024022703004777,NABBC,33,57,30.0,415.6,12468.0,2024-02-27
2024022704007349,API,75,57,211.0,181.2,38233.2,2024-02-27
2024022704007348,API,53,57,50.0,181.3,9065.0,2024-02-27
2024022704007347,API,42,57,135.0,181.3,24475.5,2024-02-27
2024022704007346,API,38,57,104.0,181.4,18865.6,2024-02-27
2024022704007345,AHPC,34,53,10.0,185.9,1859.0,2024-02-27
2024022701023309,MKCL,49,32,40.0,951.5,38060.0,2024-02-27
2024022701023308,MKCL,33,32,40.0,951.5,38060.0,2024-02-27
2024022701023307,MKCL,14,32,40.0,951.5,38060.0,2024-02-27
2024022701023306,MKCL,39,32,100.0,952.1,95210.0,2024-02-27
2024022701023305,HHL,49,34,50.0,354.0,17700.0,2024-02-27
2024022703004776,NFS,34,70,500.0,354.1,177050.0,2024-02-27
2024022703004775,NFS,60,70,500.0,354.4,177200.0,2024-02-27
2024022704007344,GHL,42,21,100.0,153.0,15300.0,2024-02-27
2024022701023304,SGHC,42,72,390.0,319.9,124761.0,2024-02-27
2024022701023303,SGHC,42,56,500.0,319.8,159900.0,2024-02-27
2024022701023302,SGHC,42,50,10.0,319.0,3190.0,2024-02-27
2024022701023301,SGHC,42,57,100.0,319.0,31900.0,2024-02-27
2024022704007343,KKHC,47,6,118.0,244.1,28803.8,2024-02-27
2024022704007342,KKHC,13,6,10.0,244.2,2442.0,2024-02-27
2024022704007341,KKHC,38,6,184.0,244.3,44951.2,2024-02-27
2024022704007340,KKHC,13,6,10.0,244.4,2444.0,2024-02-27
2024022704007339,KKHC,49,6,638.0,244.5,155991.0,2024-02-27
2024022704007338,KKHC,62,6,40.0,245.0,9800.0,2024-02-27
2024022704007337,NHPC,42,35,11.0,155.8,1713.8,2024-02-27
2024022704007336,NHPC,40,35,44.0,155.8,6855.2,2024-02-27
2024022703004774,NLICL,5,53,10.0,565.0,5650.0,2024-02-27
2024022705004292,HRL,57,56,30.0,612.0,18360.0,2024-02-27
2024022704007335,CHCL,41,50,30.0,463.0,13890.0,2024-02-27
2024022703004773,PROFL,6,4,72.0,313.0,22536.0,2024-02-27
2024022703004772,PROFL,52,4,100.0,313.0,31300.0,2024-02-27
2024022703004771,PROFL,58,4,28.0,313.1,8766.8,2024-02-27
2024022703004770,MDB,34,8,50.0,390.5,19525.0,2024-02-27
2024022701023300,HDL,43,53,46.0,1451.0,66746.0,2024-02-27
2024022701023299,SONA,11,71,34.0,451.3,15344.2,2024-02-27
2024022704007334,AKJCL,6,41,195.0,222.0,43290.0,2024-02-27
2024022704007333,AKJCL,45,41,114.0,222.0,25308.0,2024-02-27
2024022704007332,AKJCL,16,41,91.0,222.1,20211.1,2024-02-27
2024022704007331,AKJCL,14,41,100.0,222.3,22230.0,2024-02-27
2024022704007330,NGPL,45,59,100.0,307.0,30700.0,2024-02-27
2024022701023298,SAHAS,32,34,30.0,529.0,15870.0,2024-02-27
2024022701023297,CITY,39,5,375.0,590.0,221250.0,2024-02-27
2024022701023296,CITY,39,58,10.0,590.0,5900.0,2024-02-27
2024022701023295,CITY,39,47,35.0,589.0,20615.0,2024-02-27
2024022701023294,CITY,39,11,50.0,588.8,29440.0,2024-02-27
2024022701023293,CITY,39,5,10.0,588.5,5885.0,2024-02-27
2024022701023292,CITY,39,58,10.0,587.9,5879.0,2024-02-27
2024022701023291,CITY,39,57,10.0,586.5,5865.0,2024-02-27
2024022701023290,SAMAJ,58,52,10.0,1715.0,17150.0,2024-02-27
2024022705004291,NBF3,25,72,300.0,7.35,2205.0,2024-02-27
2024022701023289,MBJC,84,42,10.0,317.0,3170.0,2024-02-27
2024022701023288,MBJC,84,50,10.0,316.0,3160.0,2024-02-27
2024022701023287,MBJC,84,41,10.0,315.0,3150.0,2024-02-27
2024022701023286,MBJC,84,58,80.0,315.0,25200.0,2024-02-27
2024022701023285,MBJC,84,11,10.0,315.0,3150.0,2024-02-27
2024022701023284,MBJC,84,7,10.0,313.0,3130.0,2024-02-27
2024022701023283,MBJC,84,58,10.0,313.0,3130.0,2024-02-27
2024022701023282,MKCL,57,45,20.0,953.0,19060.0,2024-02-27
2024022701023281,MKCL,14,45,20.0,953.1,19062.0,2024-02-27
2024022701023280,CYCL,25,58,40.0,1173.0,46920.0,2024-02-27
2024022701023279,CYCL,25,42,100.0,1170.9,117090.0,2024-02-27
2024022701023278,CYCL,25,41,50.0,1170.0,58500.0,2024-02-27
2024022701023277,CYCL,25,3,252.0,1169.0,294588.0,2024-02-27
2024022704007329,NHPC,4,39,50.0,155.9,7795.0,2024-02-27
2024022704007328,HURJA,52,22,304.0,296.0,89984.0,2024-02-27
2024022704007327,HURJA,53,22,696.0,296.1,206085.6,2024-02-27
2024022701023276,BGWT,65,37,100.0,579.1,57910.0,2024-02-27
2024022701023275,GCIL,14,17,300.0,490.3,147090.0,2024-02-27
2024022704007326,MEN,82,35,470.0,596.0,280120.0,2024-02-27
2024022701023274,PRVU,14,45,10.0,147.0,1470.0,2024-02-27
2024022704007325,UMRH,44,29,877.0,365.0,320105.0,2024-02-27
2024022704007324,UMRH,57,29,123.0,365.0,44895.0,2024-02-27
2024022705004290,NIFRA,41,1,494.0,208.0,102752.0,2024-02-27
2024022705004289,NIFRA,41,1,62.0,208.0,12896.0,2024-02-27
2024022704007323,GHL,26,57,355.0,152.1,53995.5,2024-02-27
2024022704007322,GHL,16,57,45.0,152.1,6844.5,2024-02-27
2024022704007321,GHL,19,57,600.0,152.2,91320.0,2024-02-27
2024022704007320,AKPL,38,59,484.0,180.0,87120.0,2024-02-27
2024022704007319,SHL,50,34,235.0,437.0,102695.0,2024-02-27
2024022703004769,NICLBSL,56,56,10.0,537.0,5370.0,2024-02-27
2024022701023273,USHEC,17,64,152.0,374.0,56848.0,2024-02-27
2024022701023272,USHEC,4,64,70.0,374.1,26187.0,2024-02-27
2024022701023271,USHEC,52,64,50.0,375.0,18750.0,2024-02-27
2024022701023270,USHEC,7,64,28.0,375.0,10500.0,2024-02-27
2024022703004768,BFC,53,37,10.0,329.9,3299.0,2024-02-27
2024022704007318,SICL,57,34,50.0,698.0,34900.0,2024-02-27
2024022701023269,NABIL,22,34,57.0,437.0,24909.0,2024-02-27
2024022704007317,UMHL,7,52,1170.0,263.0,307710.0,2024-02-27
2024022704007316,UMHL,11,52,204.0,263.1,53672.4,2024-02-27
2024022704007315,RIDI,33,51,14.0,193.6,2710.4,2024-02-27
2024022704007314,RIDI,57,51,20.0,193.7,3874.0,2024-02-27
2024022704007313,RIDI,62,51,36.0,193.7,6973.2,2024-02-27
2024022701023268,SPHL,49,34,10.0,475.0,4750.0,2024-02-27
2024022701023267,MHCL,62,56,10.0,552.8,5528.0,2024-02-27
2024022701023266,MHCL,62,25,10.0,552.0,5520.0,2024-02-27
2024022701023265,NIMB,6,83,125.0,163.2,20400.0,2024-02-27
2024022704007312,UPCL,55,3,629.0,213.5,134291.5,2024-02-27
2024022704007311,UPCL,45,3,371.0,213.6,79245.6,2024-02-27
2024022704007310,AKPL,38,54,100.0,180.0,18000.0,2024-02-27
2024022705004288,NTC,35,51,52.0,840.0,43680.0,2024-02-27
2024022705004287,NTC,35,38,40.0,839.7,33588.0,2024-02-27
2024022701023264,BGWT,58,37,70.0,579.1,40537.0,2024-02-27
2024022701023263,RNLI,58,57,20.0,428.0,8560.0,2024-02-27
2024022704007309,GLH,74,3,10.0,214.0,2140.0,2024-02-27
2024022701023262,SMHL,69,57,10.0,469.7,4697.0,2024-02-27
2024022701023261,SMHL,69,57,10.0,469.7,4697.0,2024-02-27
2024022701023260,SONA,45,57,50.0,452.0,22600.0,2024-02-27
2024022704007308,SHPC,41,49,10.0,342.5,3425.0,2024-02-27
2024022704007307,SHPC,42,49,20.0,342.5,6850.0,2024-02-27
2024022704007306,SHPC,43,49,130.0,342.5,44525.0,2024-02-27
2024022703004767,MDB,42,44,10.0,394.0,3940.0,2024-02-27
2024022703004766,MDB,42,8,138.0,390.8,53930.4,2024-02-27
2024022704007305,NHPC,42,39,500.0,155.9,77950.0,2024-02-27
2024022701023259,MEL,50,33,827.0,218.0,180286.0,2024-02-27
2024022701023258,MEL,59,33,100.0,218.1,21810.0,2024-02-27
2024022701023257,MEL,90,33,10.0,218.1,2181.0,2024-02-27
2024022701023256,MEL,36,33,40.0,218.1,8724.0,2024-02-27
2024022701023255,MEL,49,33,500.0,218.2,109100.0,2024-02-27
2024022701023254,MEL,19,33,50.0,218.5,10925.0,2024-02-27
2024022701023253,MEL,47,33,450.0,218.5,98325.0,2024-02-27
2024022701023252,MEL,38,33,50.0,218.6,10930.0,2024-02-27
2024022701023251,SIKLES,29,58,10.0,495.0,4950.0,2024-02-27
2024022704007304,SSHL,41,19,200.0,168.0,33600.0,2024-02-27
2024022701023250,RNLI,28,57,150.0,428.0,64200.0,2024-02-27
2024022701023249,RNLI,49,57,10.0,428.0,4280.0,2024-02-27
2024022701023248,RNLI,35,57,221.0,428.0,94588.0,2024-02-27
2024022704007303,NGPL,6,57,10.0,306.9,3069.0,2024-02-27
2024022701023247,MKCL,57,39,60.0,953.0,57180.0,2024-02-27
2024022701023246,HHL,36,38,20.0,350.1,7002.0,2024-02-27
2024022704007302,DHPL,59,37,45.0,198.9,8950.5,2024-02-27
2024022701023245,TVCL,14,64,880.0,537.0,472560.0,2024-02-27
2024022701023244,TVCL,64,64,800.0,538.0,430400.0,2024-02-27
2024022701023243,TVCL,38,64,20.0,538.1,10762.0,2024-02-27
2024022701023242,TVCL,64,64,290.0,538.1,156049.0,2024-02-27
2024022701023241,TVCL,38,64,10.0,538.2,5382.0,2024-02-27
2024022704007301,SHPC,43,7,20.0,342.5,6850.0,2024-02-27
2024022704007300,SHPC,89,7,30.0,342.6,10278.0,2024-02-27
2024022701023240,CZBIL,37,14,10.0,163.9,1639.0,2024-02-27
2024022701023239,CZBIL,37,5,90.0,163.9,14751.0,2024-02-27
2024022701023238,BNHC,57,57,10.0,436.5,4365.0,2024-02-27
2024022701023237,SPHL,39,34,10.0,475.0,4750.0,2024-02-27
2024022703004765,SHINE,44,34,150.0,373.0,55950.0,2024-02-27
2024022703004764,SJLIC,13,18,100.0,470.0,47000.0,2024-02-27
2024022701023236,SMH,77,6,200.0,697.0,139400.0,2024-02-27
2024022704007299,UAIL,62,41,100.0,530.0,53000.0,2024-02-27
2024022705004286,MMF1,48,88,100.0,7.21,721.0,2024-02-27
2024022704007298,UNHPL,58,72,100.0,256.0,25600.0,2024-02-27
2024022701023235,PRVU,42,45,50.0,147.0,7350.0,2024-02-27
2024022701023234,PRVU,34,45,97.0,147.0,14259.0,2024-02-27
2024022701023233,RNLI,35,22,10.0,428.0,4280.0,2024-02-27
2024022704007297,KPCL,6,37,10.0,409.0,4090.0,2024-02-27
2024022704007296,KPCL,6,41,80.0,409.0,32720.0,2024-02-27
2024022704007295,HEI,38,50,1000.0,557.5,557500.0,2024-02-27
2024022704007294,HEI,41,50,170.0,558.6,94962.0,2024-02-27
2024022703004763,GUFL,7,50,20.0,624.9,12498.0,2024-02-27
2024022703004762,GUFL,7,38,270.0,623.0,168210.0,2024-02-27
2024022703004761,EDBL,42,57,454.0,347.1,157583.4,2024-02-27
2024022703004760,EDBL,26,57,100.0,348.0,34800.0,2024-02-27
2024022703004759,EDBL,14,57,26.0,348.0,9048.0,2024-02-27
2024022704007293,RADHI,16,34,97.0,250.1,24259.7,2024-02-27
2024022701023232,MEL,47,62,10.0,218.5,2185.0,2024-02-27
2024022701023231,USHL,16,64,10.0,485.0,4850.0,2024-02-27
2024022705004285,NRIC,94,42,120.0,746.0,89520.0,2024-02-27
2024022705004284,NRIC,44,42,20.0,746.1,14922.0,2024-02-27
2024022703004758,SAPDBL,22,35,500.0,255.1,127550.0,2024-02-27
2024022701023230,BGWT,58,7,10.0,579.1,5791.0,2024-02-27
2024022704007292,API,58,70,320.0,182.0,58240.0,2024-02-27
2024022704007291,API,58,41,80.0,181.9,14552.0,2024-02-27
2024022701023229,SMHL,64,67,220.0,466.0,102520.0,2024-02-27
2024022701023228,SMHL,60,67,500.0,466.1,233050.0,2024-02-27
2024022701023227,SMHL,48,67,100.0,466.2,46620.0,2024-02-27
2024022701023226,SMHL,58,67,100.0,466.3,46630.0,2024-02-27
2024022701023225,SMHL,47,67,80.0,467.0,37360.0,2024-02-27
2024022701023224,SHIVM,29,34,50.0,486.0,24300.0,2024-02-27
2024022703004757,WNLB,13,37,10.0,804.0,8040.0,2024-02-27
2024022701023223,SONA,36,57,120.0,452.0,54240.0,2024-02-27
2024022705004283,HRL,45,57,10.0,611.0,6110.0,2024-02-27
2024022701023222,CKHL,49,39,10.0,611.0,6110.0,2024-02-27
2024022703004756,SADBL,33,45,700.0,296.2,207340.0,2024-02-27
2024022703004755,SFCL,51,22,850.0,309.0,262650.0,2024-02-27
2024022703004754,SFCL,26,22,200.0,309.0,61800.0,2024-02-27
2024022703004753,SFCL,45,22,100.0,309.0,30900.0,2024-02-27
2024022703004752,SFCL,39,22,80.0,309.0,24720.0,2024-02-27
2024022703004751,SFCL,74,22,270.0,309.0,83430.0,2024-02-27
2024022701023221,LSL,44,6,500.0,159.0,79500.0,2024-02-27
2024022701023220,SGHC,42,32,1000.0,318.0,318000.0,2024-02-27
2024022701023219,SGHC,42,86,500.0,317.9,158950.0,2024-02-27
2024022701023218,SGHC,42,56,200.0,317.9,63580.0,2024-02-27
2024022701023217,SGHC,42,58,100.0,317.8,31780.0,2024-02-27
2024022701023216,SGHC,42,52,95.0,317.0,30115.0,2024-02-27
2024022701023215,SGHC,42,38,10.0,317.0,3170.0,2024-02-27
2024022701023214,SGHC,42,45,50.0,317.0,15850.0,2024-02-27
2024022701023213,SGHC,42,41,10.0,315.0,3150.0,2024-02-27
2024022701023212,SGHC,42,41,10.0,315.0,3150.0,2024-02-27
2024022705004282,HRL,7,56,290.0,612.0,177480.0,2024-02-27
2024022705004281,HRL,7,41,10.0,612.0,6120.0,2024-02-27
2024022701023211,NWCL,55,28,10.0,799.0,7990.0,2024-02-27
2024022701023210,NWCL,55,46,10.0,799.0,7990.0,2024-02-27
2024022701023209,NWCL,55,29,10.0,799.0,7990.0,2024-02-27
2024022701023208,NWCL,55,41,10.0,799.0,7990.0,2024-02-27
2024022703004750,SAPDBL,22,57,100.0,255.1,25510.0,2024-02-27
2024022703004749,GFCL,32,59,12.0,438.0,5256.0,2024-02-27
2024022705004280,HRL,45,25,10.0,611.0,6110.0,2024-02-27
2024022705004279,HRL,17,25,90.0,611.8,55062.0,2024-02-27
2024022701023207,CITY,25,80,360.0,585.0,210600.0,2024-02-27
2024022703004748,RSDC,4,57,95.0,524.0,49780.0,2024-02-27
2024022701023206,SRLI,14,18,10.0,423.0,4230.0,2024-02-27
2024022703004747,NMBMF,42,14,125.0,517.1,64637.5,2024-02-27
2024022703004746,NMBMF,42,56,100.0,517.0,51700.0,2024-02-27
2024022703004745,NMBMF,42,33,170.0,515.9,87703.0,2024-02-27
2024022703004744,NMBMF,42,57,65.0,515.0,33475.0,2024-02-27
2024022703004743,NMBMF,42,39,40.0,514.0,20560.0,2024-02-27
2024022701023205,MEL,47,29,150.0,218.5,32775.0,2024-02-27
2024022701023204,NRM,58,1,90.0,358.0,32220.0,2024-02-27
2024022703004742,CBBL,57,55,15.0,827.0,12405.0,2024-02-27
2024022704007290,IGI,39,25,20.0,535.0,10700.0,2024-02-27
2024022703004741,CBBL,52,34,10.0,825.1,8251.0,2024-02-27
2024022703004740,KSBBL,7,48,10.0,343.5,3435.0,2024-02-27
2024022701023203,SNLI,45,50,10.0,593.0,5930.0,2024-02-27
2024022701023202,ILI,33,52,50.0,526.5,26325.0,2024-02-27
2024022701023201,AVYAN,57,58,10.0,599.0,5990.0,2024-02-27
2024022701023200,DORDI,44,11,10.0,455.7,4557.0,2024-02-27
2024022701023199,ULBSL,19,58,19.0,1061.0,20159.0,2024-02-27
2024022704007289,HDHPC,58,34,100.0,139.9,13990.0,2024-02-27
2024022701023198,CYCL,25,3,148.0,1169.0,173012.0,2024-02-27
2024022701023197,CYCL,25,43,83.0,1167.9,96935.7,2024-02-27
2024022701023196,CYCL,25,39,40.0,1167.9,46716.0,2024-02-27
2024022701023195,CYCL,25,38,13.0,1165.0,15145.0,2024-02-27
2024022701023194,CYCL,25,36,10.0,1165.0,11650.0,2024-02-27
2024022701023193,CYCL,25,34,10.0,1164.0,11640.0,2024-02-27
2024022701023192,CYCL,25,34,10.0,1163.0,11630.0,2024-02-27
2024022701023191,CYCL,25,54,20.0,1160.7,23214.0,2024-02-27
2024022701023190,CYCL,25,35,10.0,1160.0,11600.0,2024-02-27
2024022701023189,CYCL,25,51,10.0,1160.0,11600.0,2024-02-27
2024022701023188,CYCL,25,22,13.0,1160.0,15080.0,2024-02-27
2024022701023187,CYCL,25,34,20.0,1160.0,23200.0,2024-02-27
2024022701023186,CYCL,25,19,13.0,1160.0,15080.0,2024-02-27
2024022701023185,CYCL,25,14,100.0,1149.0,114900.0,2024-02-27
2024022703004739,ICFC,42,33,25.0,490.0,12250.0,2024-02-27
2024022704007288,RIDI,58,38,200.0,193.8,38760.0,2024-02-27
2024022704007287,RIDI,74,38,500.0,193.8,96900.0,2024-02-27
2024022704007286,RIDI,38,38,100.0,193.9,19390.0,2024-02-27
2024022704007285,UNHPL,58,46,200.0,256.0,51200.0,2024-02-27
2024022701023184,KBSH,57,81,10.0,998.0,9980.0,2024-02-27
2024022701023183,KDL,14,47,10.0,755.0,7550.0,2024-02-27
2024022701023182,KDL,32,47,30.0,760.0,22800.0,2024-02-27
2024022701023181,KDL,29,47,20.0,760.0,15200.0,2024-02-27
2024022701023180,HDL,58,53,14.0,1452.0,20328.0,2024-02-27
2024022701023179,HDL,21,53,50.0,1452.0,72600.0,2024-02-27
2024022701023178,HDL,36,53,20.0,1452.2,29044.0,2024-02-27
2024022701023177,HDL,6,53,10.0,1454.0,14540.0,2024-02-27
2024022701023176,NICA,34,38,360.0,420.8,151488.0,2024-02-27
2024022704007284,AKPL,38,43,352.0,180.0,63360.0,2024-02-27
2024022704007283,AKPL,38,40,700.0,180.0,126000.0,2024-02-27
2024022704007282,AKPL,38,58,10.0,180.0,1800.0,2024-02-27
2024022704007281,AKPL,38,43,50.0,180.0,9000.0,2024-02-27
2024022704007280,AKPL,38,45,304.0,179.5,54568.0,2024-02-27
2024022701023175,BHDC,57,58,10.0,480.4,4804.0,2024-02-27
2024022701023174,BHDC,57,58,10.0,480.0,4800.0,2024-02-27
2024022701023173,BHDC,57,42,10.0,479.4,4794.0,2024-02-27
2024022701023172,BHDC,57,13,90.0,479.4,43146.0,2024-02-27
2024022701023171,BHDC,57,56,10.0,478.0,4780.0,2024-02-27
2024022701023170,BHDC,57,50,50.0,477.9,23895.0,2024-02-27
2024022703004738,NLIC,42,50,20.0,600.0,12000.0,2024-02-27
2024022704007279,PPCL,6,14,82.0,266.6,21861.2,2024-02-27
2024022701023169,SONA,71,67,880.0,453.0,398640.0,2024-02-27
2024022701023168,SONA,71,52,10.0,453.0,4530.0,2024-02-27
2024022701023167,SONA,71,49,100.0,452.0,45200.0,2024-02-27
2024022701023166,SONA,71,49,10.0,452.0,4520.0,2024-02-27
2024022704007278,NGPL,6,38,150.0,306.9,46035.0,2024-02-27
2024022703004737,NFS,48,34,20.0,355.0,7100.0,2024-02-27
2024022703004736,NFS,49,34,148.0,355.0,52540.0,2024-02-27
2024022701023165,MEL,47,38,10.0,218.5,2185.0,2024-02-27
2024022701023164,ULHC,88,72,10.0,323.4,3234.0,2024-02-27
2024022705004278,NRN,18,80,80.0,547.0,43760.0,2024-02-27
2024022701023163,SHIVM,4,34,16.0,486.0,7776.0,2024-02-27
2024022701023162,NABIL,22,45,59.0,437.0,25783.0,2024-02-27
2024022703004735,NICLBSL,53,51,61.0,536.1,32702.1,2024-02-27
2024022703004734,NICLBSL,58,51,10.0,536.1,5361.0,2024-02-27
2024022703004733,NICLBSL,42,51,500.0,536.2,268100.0,2024-02-27
2024022703004732,NICLBSL,36,51,50.0,536.4,26820.0,2024-02-27
2024022701023161,NRM,58,19,210.0,358.0,75180.0,2024-02-27
2024022701023160,NRM,33,19,60.0,358.0,21480.0,2024-02-27
2024022701023159,HHL,36,77,130.0,350.1,45513.0,2024-02-27
2024022704007277,API,38,35,20.0,181.4,3628.0,2024-02-27
2024022701023158,SBL,14,57,50.0,220.9,11045.0,2024-02-27
2024022703004731,BFC,42,58,25.0,329.0,8225.0,2024-02-27
2024022703004730,BFC,40,58,20.0,329.0,6580.0,2024-02-27
2024022701023157,CLI,42,45,10.0,434.5,4345.0,2024-02-27
2024022704007276,NGPL,19,59,145.0,307.0,44515.0,2024-02-27
2024022704007275,AKJCL,51,54,50.0,223.0,11150.0,2024-02-27
2024022704007274,AKJCL,44,54,500.0,223.0,111500.0,2024-02-27
2024022704007273,AKJCL,26,54,834.0,223.0,185982.0,2024-02-27
2024022701023156,GBIME,48,33,74.0,183.9,13608.6,2024-02-27
2024022701023155,GBIME,48,76,26.0,183.9,4781.4,2024-02-27
2024022704007272,SSHL,50,19,65.0,168.0,10920.0,2024-02-27
2024022703004729,WNLB,10,34,10.0,820.0,8200.0,2024-02-27
2024022703004728,GUFL,7,38,180.0,623.0,112140.0,2024-02-27
2024022701023154,SONA,34,53,100.0,452.0,45200.0,2024-02-27
2024022704007271,AKPL,45,45,110.0,179.5,19745.0,2024-02-27
2024022704007270,AKPL,11,45,100.0,179.5,17950.0,2024-02-27
2024022704007269,AKPL,53,45,100.0,179.6,17960.0,2024-02-27
2024022704007268,AKPL,51,45,200.0,179.6,35920.0,2024-02-27
2024022704007267,AKPL,51,45,110.0,179.8,19778.0,2024-02-27
2024022704007266,AKPL,38,45,16.0,179.9,2878.4,2024-02-27
2024022704007265,HURJA,53,56,304.0,296.1,90014.4,2024-02-27
2024022704007264,HURJA,41,56,96.0,296.1,28425.6,2024-02-27
2024022701023153,RHGCL,42,43,165.0,307.0,50655.0,2024-02-27
2024022701023152,RHGCL,42,32,25.0,306.0,7650.0,2024-02-27
2024022704007263,MEN,82,59,45.0,596.0,26820.0,2024-02-27
2024022705004277,NIBSF2,48,52,12895.0,7.23,93230.85,2024-02-27
2024022705004276,NIBSF2,25,52,2400.0,7.23,17352.0,2024-02-27
2024022701023151,HDL,34,46,20.0,1455.0,29100.0,2024-02-27
2024022704007262,UPPER,57,21,50.0,202.0,10100.0,2024-02-27
2024022703004727,GUFL,49,50,263.0,624.9,164348.7,2024-02-27
2024022703004726,GUFL,49,38,20.0,624.9,12498.0,2024-02-27
2024022703004725,GUFL,49,53,100.0,624.0,62400.0,2024-02-27
2024022703004724,GUFL,49,33,117.0,623.9,72996.3,2024-02-27
2024022701023150,VLUCL,62,17,90.0,515.1,46359.0,2024-02-27
2024022701023149,VLUCL,21,17,200.0,515.1,103020.0,2024-02-27
2024022701023148,VLUCL,58,17,10.0,515.2,5152.0,2024-02-27
2024022701023147,VLUCL,26,17,100.0,515.2,51520.0,2024-02-27
2024022701023146,VLUCL,29,17,100.0,516.0,51600.0,2024-02-27
2024022701023145,MKCL,39,58,35.0,956.0,33460.0,2024-02-27
2024022701023144,SHIVM,51,52,14.0,485.0,6790.0,2024-02-27
2024022701023143,AHL,21,58,90.0,427.0,38430.0,2024-02-27
2024022701023142,AHL,13,58,10.0,427.1,4271.0,2024-02-27
2024022701023141,AHL,13,58,10.0,427.2,4272.0,2024-02-27
2024022701023140,AHL,13,58,10.0,427.3,4273.0,2024-02-27
2024022701023139,AHL,13,58,10.0,427.4,4274.0,2024-02-27
2024022701023138,AHL,13,58,10.0,427.5,4275.0,2024-02-27
2024022701023137,AHL,58,58,10.0,427.8,4278.0,2024-02-27
2024022701023136,AHL,39,58,50.0,427.8,21390.0,2024-02-27
2024022701023135,AHL,42,58,20.0,428.0,8560.0,2024-02-27
2024022701023134,GBIME,19,28,100.0,183.5,18350.0,2024-02-27
2024022703004723,NLICL,52,54,98.0,563.0,55174.0,2024-02-27
2024022703004722,NLICL,47,54,60.0,563.0,33780.0,2024-02-27
2024022703004721,NLICL,34,54,42.0,563.0,23646.0,2024-02-27
2024022703004720,MLBSL,5,18,10.0,1565.0,15650.0,2024-02-27
2024022705004275,HRL,7,41,100.0,612.0,61200.0,2024-02-27
2024022703004719,BFC,57,37,20.0,329.9,6598.0,2024-02-27
2024022703004718,MLBSL,13,18,10.0,1565.0,15650.0,2024-02-27
2024022701023133,MBJC,22,58,10.0,312.0,3120.0,2024-02-27
2024022704007261,BARUN,14,38,131.0,254.0,33274.0,2024-02-27
2024022704007260,BARUN,58,38,10.0,254.2,2542.0,2024-02-27
2024022704007259,BARUN,22,38,339.0,254.2,86173.8,2024-02-27
2024022704007258,BARUN,52,38,20.0,254.3,5086.0,2024-02-27
2024022705004274,HRL,22,41,40.0,612.0,24480.0,2024-02-27
2024022705004273,HRL,22,35,10.0,612.0,6120.0,2024-02-27
2024022701023132,SAHAS,32,62,10.0,529.0,5290.0,2024-02-27
2024022704007257,GHL,19,28,400.0,152.2,60880.0,2024-02-27
2024022704007256,UNHPL,42,49,30.0,255.0,7650.0,2024-02-27
2024022704007255,UMRH,57,29,77.0,365.0,28105.0,2024-02-27
2024022704007254,UMRH,33,29,723.0,365.4,264184.2,2024-02-27
2024022704007253,UMRH,74,29,200.0,365.5,73100.0,2024-02-27
2024022701023131,SRLI,42,54,10.0,424.0,4240.0,2024-02-27
2024022701023130,SRLI,58,54,100.0,424.0,42400.0,2024-02-27
2024022701023129,SRLI,59,54,40.0,424.0,16960.0,2024-02-27
2024022701023128,SRLI,14,54,100.0,424.1,42410.0,2024-02-27
2024022701023127,SRLI,34,54,49.0,425.0,20825.0,2024-02-27
2024022701023126,SRLI,51,54,10.0,425.0,4250.0,2024-02-27
2024022701023125,SRLI,4,54,14.0,425.0,5950.0,2024-02-27
2024022704007252,NHPC,1,39,500.0,155.9,77950.0,2024-02-27
2024022701023124,SRLI,4,34,36.0,425.0,15300.0,2024-02-27
2024022701023123,SRLI,50,34,145.0,425.0,61625.0,2024-02-27
2024022704007251,SALICO,22,54,20.0,650.0,13000.0,2024-02-27
2024022703004717,SJLIC,13,22,85.0,470.0,39950.0,2024-02-27
2024022703004716,SJLIC,7,22,10.0,470.0,4700.0,2024-02-27
2024022703004715,SJLIC,49,22,105.0,470.0,49350.0,2024-02-27
2024022704007250,HPPL,42,49,30.0,280.0,8400.0,2024-02-27
2024022703004714,GUFL,7,54,110.0,623.0,68530.0,2024-02-27
2024022704007249,NHPC,50,34,30.0,156.0,4680.0,2024-02-27
2024022701023122,SBID83,19,14,120.0,1010.0,121200.0,2024-02-27
2024022703004713,USLB,55,58,10.0,1071.0,10710.0,2024-02-27
2024022703004712,USLB,55,58,10.0,1071.0,10710.0,2024-02-27
2024022703004711,USLB,55,42,20.0,1070.0,21400.0,2024-02-27
2024022704007248,IGI,32,51,50.0,533.0,26650.0,2024-02-27
2024022705004272,NIFRA,41,22,64.0,208.0,13312.0,2024-02-27
2024022704007247,SHL,50,43,265.0,437.0,115805.0,2024-02-27
2024022704007246,SHL,6,43,235.0,437.0,102695.0,2024-02-27
2024022701023121,SONA,11,17,300.0,451.3,135390.0,2024-02-27
2024022701023120,LSL,44,34,116.0,159.0,18444.0,2024-02-27
2024022701023119,SONA,49,53,10.0,452.0,4520.0,2024-02-27
2024022703004710,MNBBL,42,28,500.0,355.0,177500.0,2024-02-27
2024022703004709,MNBBL,42,36,208.0,355.0,73840.0,2024-02-27
2024022703004708,MNBBL,42,57,90.0,354.5,31905.0,2024-02-27
2024022701023118,AVYAN,52,1,190.0,590.0,112100.0,2024-02-27
2024022704007245,NICL,34,10,32.0,822.1,26307.2,2024-02-27
2024022704007244,NICL,17,10,35.0,823.0,28805.0,2024-02-27
2024022704007243,NGPL,32,59,10.0,307.9,3079.0,2024-02-27
2024022701023117,GCIL,14,46,24.0,490.3,11767.2,2024-02-27
2024022701023116,GCIL,49,46,476.0,490.4,233430.4,2024-02-27
2024022701023115,GCIL,49,25,24.0,490.4,11769.6,2024-02-27
2024022701023114,GCIL,49,25,300.0,490.4,147120.0,2024-02-27
2024022701023113,MHCL,6,25,30.0,540.0,16200.0,2024-02-27
2024022701023112,MHCL,54,25,20.0,541.5,10830.0,2024-02-27
2024022701023111,HHL,36,11,120.0,350.1,42012.0,2024-02-27
2024022701023110,HHL,49,11,90.0,350.2,31518.0,2024-02-27
2024022701023109,NMB,34,50,110.0,177.5,19525.0,2024-02-27
2024022703004707,MDB,21,8,200.0,390.7,78140.0,2024-02-27
2024022704007242,JOSHI,62,71,10.0,390.0,3900.0,2024-02-27
2024022704007241,GLH,14,49,73.0,213.0,15549.0,2024-02-27
2024022703004706,LBBL,57,54,50.0,383.5,19175.0,2024-02-27
2024022703004705,SHINE,44,57,110.0,373.0,41030.0,2024-02-27
2024022703004704,SHINE,62,57,209.0,373.0,77957.0,2024-02-27
2024022703004703,KSBBL,58,57,55.0,344.0,18920.0,2024-02-27
2024022701023108,AVYAN,45,21,20.0,590.1,11802.0,2024-02-27
2024022701023107,RMF2,4,14,200.0,8.18,1636.0,2024-02-27
2024022704007240,HEI,39,51,20.0,564.8,11296.0,2024-02-27
2024022701023106,TAMOR,8,72,10.0,397.7,3977.0,2024-02-27
2024022704007239,API,38,34,25.0,181.4,4535.0,2024-02-27
2024022704007238,JOSHI,62,71,20.0,390.0,7800.0,2024-02-27
2024022704007237,JOSHI,62,41,20.0,390.0,7800.0,2024-02-27
2024022701023105,RNLI,35,49,79.0,428.0,33812.0,2024-02-27
2024022701023104,NRM,33,5,240.0,358.0,85920.0,2024-02-27
2024022701023103,NRM,53,5,50.0,358.0,17900.0,2024-02-27
2024022701023102,NRM,45,5,90.0,358.0,32220.0,2024-02-27
2024022701023101,NRM,45,5,100.0,358.0,35800.0,2024-02-27
2024022701023100,NRM,42,5,240.0,358.0,85920.0,2024-02-27
2024022705004271,HRL,45,35,10.0,612.0,6120.0,2024-02-27
2024022705004270,HRL,58,35,150.0,612.0,91800.0,2024-02-27
2024022705004269,HRL,72,35,200.0,612.0,122400.0,2024-02-27
2024022705004268,HRL,19,35,10.0,612.0,6120.0,2024-02-27
2024022705004267,HRL,17,35,94.0,612.0,57528.0,2024-02-27
2024022703004702,SAPDBL,51,35,679.0,256.8,174367.2,2024-02-27
2024022701023099,MHL,11,35,190.0,387.1,73549.0,2024-02-27
2024022701023098,MHL,25,35,10.0,389.1,3891.0,2024-02-27
2024022705004266,NIFRA,41,42,50.0,208.0,10400.0,2024-02-27
2024022703004701,SLBSL,11,14,100.0,774.0,77400.0,2024-02-27
2024022703004700,SLBSL,51,14,70.0,774.1,54187.0,2024-02-27
2024022701023097,NABIL,22,59,89.0,437.0,38893.0,2024-02-27
2024022701023096,NABIL,6,59,23.0,437.0,10051.0,2024-02-27
2024022701023095,NABIL,43,59,100.0,437.0,43700.0,2024-02-27
2024022701023094,NABIL,41,59,88.0,437.0,38456.0,2024-02-27
2024022704007236,UNHPL,42,46,200.0,255.0,51000.0,2024-02-27
2024022704007235,AKJCL,26,72,166.0,223.0,37018.0,2024-02-27
2024022704007234,AKJCL,69,72,814.0,223.4,181847.6,2024-02-27
2024022704007233,AKJCL,45,72,20.0,223.5,4470.0,2024-02-27
2024022701023093,USHL,62,38,50.0,476.7,23835.0,2024-02-27
2024022701023092,NICA,4,38,100.0,420.0,42000.0,2024-02-27
2024022701023091,NICA,38,38,250.0,420.5,105125.0,2024-02-27
2024022704007232,NLG,33,34,40.0,740.2,29608.0,2024-02-27
2024022701023090,HDL,34,46,10.0,1455.0,14550.0,2024-02-27
2024022703004699,KMCDB,78,22,15.0,634.1,9511.5,2024-02-27
2024022701023089,MKCL,57,58,10.0,953.0,9530.0,2024-02-27
2024022704007231,SHPC,25,43,100.0,342.7,34270.0,2024-02-27
2024022701023088,MBJC,22,6,10.0,312.0,3120.0,2024-02-27
2024022704007230,RIDI,13,38,99.0,194.0,19206.0,2024-02-27
2024022704007229,RIDI,13,36,401.0,194.0,77794.0,2024-02-27
2024022701023087,PRVU,41,50,10.0,147.8,1478.0,2024-02-27
2024022701023086,GCIL,49,34,200.0,490.4,98080.0,2024-02-27
2024022701023085,GCIL,41,34,100.0,490.5,49050.0,2024-02-27
2024022701023084,PRVU,43,50,199.0,147.8,29412.2,2024-02-27
2024022704007228,CHL,45,48,95.0,301.0,28595.0,2024-02-27
2024022704007227,CHL,45,19,39.0,301.0,11739.0,2024-02-27
2024022704007226,CHL,45,7,50.0,300.0,15000.0,2024-02-27
2024022704007225,CHL,45,57,150.0,299.0,44850.0,2024-02-27
2024022704007224,CHL,45,42,150.0,299.0,44850.0,2024-02-27
2024022701023083,CYCL,25,42,93.0,1158.0,107694.0,2024-02-27
2024022701023082,CYCL,25,47,20.0,1157.7,23154.0,2024-02-27
2024022701023081,CYCL,25,46,100.0,1157.0,115700.0,2024-02-27
2024022701023080,CYCL,25,40,100.0,1157.0,115700.0,2024-02-27
2024022701023079,CYCL,25,6,50.0,1157.0,57850.0,2024-02-27
2024022701023078,CYCL,25,32,14.0,1156.0,16184.0,2024-02-27
2024022701023077,CYCL,25,57,85.0,1156.0,98260.0,2024-02-27
2024022701023076,CYCL,25,41,15.0,1150.0,17250.0,2024-02-27
2024022701023075,CYCL,25,35,10.0,1150.0,11500.0,2024-02-27
2024022701023074,CYCL,25,54,11.0,1145.0,12595.0,2024-02-27
2024022701023073,CKHL,49,52,40.0,611.0,24440.0,2024-02-27
2024022701023072,CKHL,4,52,10.0,611.1,6111.0,2024-02-27
2024022701023071,MANDU,65,26,10.0,683.0,6830.0,2024-02-27
2024022701023070,NIMB,6,45,128.0,163.2,20889.6,2024-02-27
2024022703004698,ALBSL,33,33,60.0,634.0,38040.0,2024-02-27
2024022701023069,USHEC,7,59,10.0,375.0,3750.0,2024-02-27
2024022701023068,MKCL,57,38,10.0,953.0,9530.0,2024-02-27
2024022704007223,RIDI,51,36,31.0,194.0,6014.0,2024-02-27
2024022701023067,RFPL,62,34,300.0,325.0,97500.0,2024-02-27
2024022703004697,GILB,22,25,100.0,795.0,79500.0,2024-02-27
2024022704007222,RADHI,16,37,903.0,250.1,225840.3,2024-02-27
2024022704007221,RADHI,48,37,97.0,250.1,24259.7,2024-02-27
2024022703004696,SHINE,38,42,10.0,374.9,3749.0,2024-02-27
2024022701023066,ULHC,58,25,31.0,325.0,10075.0,2024-02-27
2024022701023065,ULHC,58,36,269.0,324.0,87156.0,2024-02-27
2024022703004695,NFS,49,19,52.0,355.0,18460.0,2024-02-27
2024022703004694,NFS,22,19,10.0,355.0,3550.0,2024-02-27
2024022703004693,NFS,42,19,1000.0,355.0,355000.0,2024-02-27
2024022703004692,NFS,13,19,100.0,355.0,35500.0,2024-02-27
2024022703004691,NFS,57,19,230.0,355.0,81650.0,2024-02-27
2024022703004690,NFS,53,19,100.0,355.0,35500.0,2024-02-27
2024022703004689,NFS,13,19,100.0,355.0,35500.0,2024-02-27
2024022703004688,NFS,57,19,100.0,355.0,35500.0,2024-02-27
2024022703004687,NFS,48,19,487.0,355.0,172885.0,2024-02-27
2024022703004686,NFS,42,19,10.0,355.1,3551.0,2024-02-27
2024022701023064,NABIL,49,58,30.0,437.5,13125.0,2024-02-27
2024022701023063,HHL,49,7,10.0,350.2,3502.0,2024-02-27
2024022701023062,SONA,41,53,90.0,452.0,40680.0,2024-02-27
2024022701023061,SONA,41,16,10.0,452.0,4520.0,2024-02-27
2024022703004685,MNBBL,26,57,50.0,354.5,17725.0,2024-02-27
2024022701023060,MEHL,42,38,10.0,297.0,2970.0,2024-02-27
2024022704007220,CGH,21,37,50.0,823.9,41195.0,2024-02-27
