transaction,symbol,buyer,seller,quantity,rate,amount,date
2024060604007856,CHL,86,22,10.0,315.0,3150.0,2024-06-06
2024060601028277,AHL,41,8,240.0,468.0,112320.0,2024-06-06
2024060601028276,AHL,5,8,200.0,468.2,93640.0,2024-06-06
2024060601028275,AHL,39,8,90.0,468.4,42156.0,2024-06-06
2024060604007855,CGH,62,10,10.0,860.0,8600.0,2024-06-06
2024060601028274,BHPL,35,7,100.0,620.0,62000.0,2024-06-06
2024060605005462,ENL,32,71,10.0,1021.9,10219.0,2024-06-06
2024060603018055,HLBSL,70,49,129.0,1360.0,175440.0,2024-06-06
2024060603018054,HLBSL,70,74,250.0,1360.0,340000.0,2024-06-06
2024060603018053,HLBSL,70,58,150.0,1360.0,204000.0,2024-06-06
2024060603018052,HLBSL,70,34,17.0,1360.0,23120.0,2024-06-06
2024060603018051,HLBSL,70,38,300.0,1357.0,407100.0,2024-06-06
2024060603018050,HLBSL,70,6,154.0,1357.0,208978.0,2024-06-06
2024060603018049,HLBSL,70,6,50.0,1357.0,67850.0,2024-06-06
2024060601028273,BNHC,70,29,100.0,715.0,71500.0,2024-06-06
2024060603018048,PFL,22,46,17.0,613.7,10432.9,2024-06-06
2024060601028272,MKHL,70,29,182.0,468.0,85176.0,2024-06-06
2024060601028271,MKHL,57,29,200.0,468.3,93660.0,2024-06-06
2024060601028270,MKHL,50,29,78.0,468.4,36535.2,2024-06-06
2024060601028269,MKHL,42,29,540.0,469.1,253314.0,2024-06-06
2024060601028268,MMKJL,38,56,442.0,488.0,215696.0,2024-06-06
2024060601028267,MMKJL,38,57,58.0,488.0,28304.0,2024-06-06
2024060603018047,NADEP,38,83,10.0,875.0,8750.0,2024-06-06
2024060604007854,NGPL,62,57,500.0,300.1,150050.0,2024-06-06
2024060601028266,MMKJL,58,38,560.0,487.0,272720.0,2024-06-06
2024060603018046,CBBL,16,36,10.0,847.0,8470.0,2024-06-06
2024060604007853,CHCL,49,65,196.0,432.5,84770.0,2024-06-06
2024060604007852,CHCL,16,65,50.0,432.6,21630.0,2024-06-06
2024060604007851,SPDL,65,35,500.0,230.0,115000.0,2024-06-06
2024060604007850,SPDL,65,4,17.0,230.0,3910.0,2024-06-06
2024060604007849,SPDL,65,48,156.0,230.0,35880.0,2024-06-06
2024060604007848,RURU,60,1,21.0,620.0,13020.0,2024-06-06
2024060603018045,VLBS,45,46,100.0,1070.0,107000.0,2024-06-06
2024060603018044,VLBS,45,42,63.0,1070.0,67410.0,2024-06-06
2024060603018043,VLBS,45,40,40.0,1070.0,42800.0,2024-06-06
2024060603018042,VLBS,45,42,500.0,1070.0,535000.0,2024-06-06
2024060603018041,VLBS,45,42,20.0,1070.0,21400.0,2024-06-06
2024060603018040,VLBS,45,58,20.0,1069.0,21380.0,2024-06-06
2024060603018039,VLBS,45,42,310.0,1068.0,331080.0,2024-06-06
2024060603018038,VLBS,45,42,669.0,1065.0,712485.0,2024-06-06
2024060603018037,VLBS,45,6,44.0,1064.5,46838.0,2024-06-06
2024060603018036,VLBS,45,45,100.0,1064.0,106400.0,2024-06-06
2024060603018035,VLBS,45,21,17.0,1054.0,17918.0,2024-06-06
2024060605005461,ENL,88,71,120.0,1021.9,122628.0,2024-06-06
2024060605005460,ENL,88,42,80.0,1021.9,81752.0,2024-06-06
2024060603018034,NLICL,34,57,13.0,545.0,7085.0,2024-06-06
2024060603018033,NLICL,34,33,57.0,544.9,31059.3,2024-06-06
2024060603018032,JFL,41,50,500.0,569.9,284950.0,2024-06-06
2024060601028265,SBL,50,59,45.0,249.0,11205.0,2024-06-06
2024060603018031,JFL,71,58,10.0,570.0,5700.0,2024-06-06
2024060604007847,SPDL,42,48,10.0,230.0,2300.0,2024-06-06
2024060601028264,ILI,71,67,10.0,433.0,4330.0,2024-06-06
2024060601028263,ILI,71,21,10.0,432.2,4322.0,2024-06-06
2024060601028262,ILI,71,13,10.0,432.1,4321.0,2024-06-06
2024060601028261,ILI,71,71,10.0,432.0,4320.0,2024-06-06
2024060601028260,ILI,71,49,10.0,432.0,4320.0,2024-06-06
2024060601028259,TAMOR,42,32,165.0,390.0,64350.0,2024-06-06
2024060601028258,TAMOR,42,58,10.0,390.0,3900.0,2024-06-06
2024060601028257,TAMOR,42,44,10.0,390.0,3900.0,2024-06-06
2024060601028256,TAMOR,42,38,10.0,390.0,3900.0,2024-06-06
2024060601028255,TAMOR,42,38,10.0,390.0,3900.0,2024-06-06
2024060601028254,TAMOR,42,28,10.0,390.0,3900.0,2024-06-06
2024060601028253,TAMOR,42,45,10.0,390.0,3900.0,2024-06-06
2024060601028252,TAMOR,42,29,400.0,389.9,155960.0,2024-06-06
2024060601028251,TAMOR,42,29,150.0,389.9,58485.0,2024-06-06
2024060601028250,TAMOR,42,58,10.0,389.0,3890.0,2024-06-06
2024060601028249,TAMOR,42,88,1708.0,389.0,664412.0,2024-06-06
2024060601028248,TAMOR,42,45,10.0,389.0,3890.0,2024-06-06
2024060601028247,TAMOR,42,66,150.0,388.5,58275.0,2024-06-06
2024060601028246,TAMOR,42,7,10.0,388.5,3885.0,2024-06-06
2024060601028245,TAMOR,42,14,327.0,388.0,126876.0,2024-06-06
2024060601028244,TAMOR,42,33,10.0,387.0,3870.0,2024-06-06
2024060603018030,PFL,22,43,1500.0,613.7,920550.0,2024-06-06
2024060604007846,PRIN,34,51,20.0,765.0,15300.0,2024-06-06
2024060603018029,LLBS,25,50,390.0,1270.0,495300.0,2024-06-06
2024060603018028,LLBS,25,78,40.0,1270.0,50800.0,2024-06-06
2024060603018027,LLBS,25,40,70.0,1267.9,88753.0,2024-06-06
2024060601028243,DLBS,75,51,57.0,1260.0,71820.0,2024-06-06
2024060603018026,NADEP,19,83,10.0,875.0,8750.0,2024-06-06
2024060603018025,NADEP,19,83,10.0,875.0,8750.0,2024-06-06
2024060603018024,LBBL,22,49,10.0,380.0,3800.0,2024-06-06
2024060601028242,KDL,10,11,20.0,1215.0,24300.0,2024-06-06
2024060604007845,JOSHI,37,22,322.0,293.0,94346.0,2024-06-06
2024060604007844,JOSHI,38,22,300.0,295.0,88500.0,2024-06-06
2024060601028241,MKLB,35,25,10.0,1252.0,12520.0,2024-06-06
2024060603018023,CFCL,48,35,85.0,411.8,35003.0,2024-06-06
2024060601028240,NIMB,35,49,18.0,158.0,2844.0,2024-06-06
2024060601028239,NIMB,35,11,82.0,158.0,12956.0,2024-06-06
2024060604007843,HURJA,35,16,30.0,276.0,8280.0,2024-06-06
2024060603018022,LLBS,69,40,24.0,1267.7,30424.8,2024-06-06
2024060603018021,LLBS,69,47,168.0,1266.0,212688.0,2024-06-06
2024060603018020,JBBL,52,5,10.0,286.0,2860.0,2024-06-06
2024060601028238,MEL,32,70,35.0,224.0,7840.0,2024-06-06
2024060601028237,MEL,32,95,465.0,223.9,104113.5,2024-06-06
2024060601028236,UHEWA,32,52,60.0,413.0,24780.0,2024-06-06
2024060601028235,UHEWA,32,49,10.0,413.0,4130.0,2024-06-06
2024060601028234,UHEWA,32,33,100.0,413.0,41300.0,2024-06-06
2024060601028233,UHEWA,32,49,10.0,410.0,4100.0,2024-06-06
2024060601028232,UHEWA,32,37,120.0,408.0,48960.0,2024-06-06
2024060601028231,BNHC,64,29,10.0,715.0,7150.0,2024-06-06
2024060601028230,BNHC,64,29,11.0,715.0,7865.0,2024-06-06
2024060601028229,ADBL,28,7,50.0,261.9,13095.0,2024-06-06
2024060601028228,NESDO,83,34,20.0,2170.0,43400.0,2024-06-06
2024060601028227,NESDO,83,1,20.0,2150.0,43000.0,2024-06-06
2024060601028226,NESDO,83,22,10.0,2148.0,21480.0,2024-06-06
2024060601028225,BNHC,28,29,3990.0,715.0,2852850.0,2024-06-06
2024060601028224,BNHC,28,51,10.0,644.6,6446.0,2024-06-06
2024060601028223,DORDI,14,70,10.0,424.0,4240.0,2024-06-06
2024060601028222,DORDI,14,32,10.0,421.2,4212.0,2024-06-06
2024060601028221,TVCL,63,38,27.0,447.0,12069.0,2024-06-06
2024060601028220,TVCL,17,38,200.0,448.0,89600.0,2024-06-06
2024060601028219,TVCL,52,38,200.0,448.0,89600.0,2024-06-06
2024060601028218,TVCL,74,38,318.0,448.4,142591.2,2024-06-06
2024060601028217,NRM,38,1,70.0,379.0,26530.0,2024-06-06
2024060601028216,NRM,38,36,230.0,379.0,87170.0,2024-06-06
2024060601028215,MKCL,34,49,10.0,1075.1,10751.0,2024-06-06
2024060601028214,DOLTI,49,22,10.0,430.0,4300.0,2024-06-06
2024060604007842,RURU,18,1,10.0,620.0,6200.0,2024-06-06
2024060604007841,SHEL,94,18,215.0,155.6,33454.0,2024-06-06
2024060603018019,SWMF,18,96,10.0,900.0,9000.0,2024-06-06
2024060603018018,SWMF,58,96,76.0,900.0,68400.0,2024-06-06
2024060603018017,SWMF,58,7,300.0,899.9,269970.0,2024-06-06
2024060603018016,SWMF,58,56,194.0,899.0,174406.0,2024-06-06
2024060603018015,SWMF,58,47,20.0,898.9,17978.0,2024-06-06
2024060603018014,SWMF,58,43,10.0,898.0,8980.0,2024-06-06
2024060605005459,CIT,39,78,10.0,2115.0,21150.0,2024-06-06
2024060603018013,NMBMF,35,16,100.0,720.0,72000.0,2024-06-06
2024060603018012,NMBMF,22,16,100.0,720.0,72000.0,2024-06-06
2024060603018011,NMBMF,34,16,20.0,720.0,14400.0,2024-06-06
2024060603018010,NMBMF,49,16,200.0,720.0,144000.0,2024-06-06
2024060603018009,NMBMF,32,16,150.0,720.0,108000.0,2024-06-06
2024060603018008,NMBMF,14,16,100.0,720.0,72000.0,2024-06-06
2024060603018007,NMBMF,16,16,20.0,720.0,14400.0,2024-06-06
2024060603018006,NMBMF,38,16,20.0,720.0,14400.0,2024-06-06
2024060603018005,NMBMF,6,16,233.0,721.0,167993.0,2024-06-06
2024060601028213,AHL,58,13,50.0,469.0,23450.0,2024-06-06
2024060603018004,SLBSL,16,4,40.0,1185.0,47400.0,2024-06-06
2024060603018003,SLBSL,16,94,10.0,1184.0,11840.0,2024-06-06
2024060603018002,SLBSL,16,94,10.0,1184.0,11840.0,2024-06-06
2024060603018001,SLBSL,16,71,20.0,1180.0,23600.0,2024-06-06
2024060603018000,SLBSL,16,94,20.0,1179.0,23580.0,2024-06-06
2024060605005458,NRN,58,75,10.0,615.0,6150.0,2024-06-06
2024060601028212,AVYAN,17,77,300.0,950.0,285000.0,2024-06-06
2024060603017999,SDLBSL,62,33,100.0,990.2,99020.0,2024-06-06
2024060603017998,SDLBSL,33,33,100.0,993.0,99300.0,2024-06-06
2024060603017997,SDLBSL,38,33,15.0,995.0,14925.0,2024-06-06
2024060603017996,SDLBSL,32,33,30.0,995.0,29850.0,2024-06-06
2024060603017995,SDLBSL,26,33,150.0,995.0,149250.0,2024-06-06
2024060605005457,NIFRA,16,37,64.0,195.2,12492.8,2024-06-06
2024060603017994,MLBSL,5,58,10.0,1900.0,19000.0,2024-06-06
2024060603017993,MLBSL,5,45,50.0,1900.0,95000.0,2024-06-06
2024060603017992,NMLBBL,60,22,218.0,723.7,157766.6,2024-06-06
2024060603017991,NMLBBL,60,48,10.0,722.9,7229.0,2024-06-06
2024060603017990,NMLBBL,60,13,72.0,721.3,51933.6,2024-06-06
2024060603017989,NMBMF,6,45,67.0,721.0,48307.0,2024-06-06
2024060603017988,NMBMF,45,45,20.0,721.0,14420.0,2024-06-06
2024060603017987,NMBMF,44,45,230.0,721.0,165830.0,2024-06-06
2024060603017986,GUFL,91,45,100.0,655.4,65540.0,2024-06-06
2024060603017985,GUFL,4,45,157.0,655.5,102913.5,2024-06-06
2024060603017984,GUFL,54,45,50.0,656.0,32800.0,2024-06-06
2024060603017983,GUFL,65,45,30.0,656.0,19680.0,2024-06-06
2024060603017982,GUFL,51,45,25.0,657.0,16425.0,2024-06-06
2024060601028211,SNLI,45,34,10.0,464.0,4640.0,2024-06-06
2024060601028210,SGHC,13,45,100.0,325.0,32500.0,2024-06-06
2024060604007840,AKPL,45,56,10.0,161.7,1617.0,2024-06-06
2024060603017981,KMCDB,77,39,100.0,1107.0,110700.0,2024-06-06
2024060601028209,PCBL,44,33,30.0,200.0,6000.0,2024-06-06
2024060601028208,PCBL,44,48,50.0,199.9,9995.0,2024-06-06
2024060603017980,MLBBL,41,7,10.0,1400.0,14000.0,2024-06-06
2024060601028207,JALPA,13,32,10.0,1518.0,15180.0,2024-06-06
2024060604007839,AKJCL,43,32,80.0,202.0,16160.0,2024-06-06
2024060601028206,NESDO,46,84,32.0,2145.0,68640.0,2024-06-06
2024060601028205,NESDO,26,84,30.0,2145.0,64350.0,2024-06-06
2024060601028204,NESDO,14,84,50.0,2146.1,107305.0,2024-06-06
2024060601028203,NESDO,77,84,88.0,2146.2,188865.6,2024-06-06
2024060601028202,MHCL,45,84,180.0,381.1,68598.0,2024-06-06
2024060601028201,MHCL,57,84,20.0,382.0,7640.0,2024-06-06
2024060603017979,MPFL,84,25,30.0,485.0,14550.0,2024-06-06
2024060603017978,MPFL,84,64,60.0,485.0,29100.0,2024-06-06
2024060603017977,MPFL,84,40,10.0,482.2,4822.0,2024-06-06
2024060601028200,MKCL,34,55,10.0,1075.1,10751.0,2024-06-06
2024060601028199,NBL,45,55,100.0,206.0,20600.0,2024-06-06
2024060603017976,GBBL,28,8,52.0,362.5,18850.0,2024-06-06
2024060601028198,SIKLES,35,57,10.0,564.0,5640.0,2024-06-06
2024060604007838,AKJCL,52,32,80.0,202.0,16160.0,2024-06-06
2024060601028197,MCHL,70,71,10.0,400.0,4000.0,2024-06-06
2024060601028196,MBJC,1,32,13.0,302.0,3926.0,2024-06-06
2024060604007837,HURJA,32,16,10.0,276.0,2760.0,2024-06-06
2024060601028195,RFPL,17,32,10.0,363.0,3630.0,2024-06-06
2024060601028194,BNHC,28,49,800.0,644.6,515680.0,2024-06-06
2024060601028193,BNHC,28,53,625.0,644.6,402875.0,2024-06-06
2024060601028192,BNHC,28,43,200.0,644.5,128900.0,2024-06-06
2024060601028191,BNHC,28,6,10.0,644.5,6445.0,2024-06-06
2024060601028190,BNHC,28,40,90.0,644.5,58005.0,2024-06-06
2024060601028189,BNHC,28,4,10.0,644.0,6440.0,2024-06-06
2024060601028188,BNHC,28,52,10.0,644.0,6440.0,2024-06-06
2024060601028187,BNHC,28,43,50.0,644.0,32200.0,2024-06-06
2024060601028186,BNHC,28,3,30.0,644.0,19320.0,2024-06-06
2024060601028185,BNHC,28,65,175.0,642.0,112350.0,2024-06-06
2024060603017975,GBBL,28,22,40.0,362.5,14500.0,2024-06-06
2024060603017974,GBBL,28,40,224.0,362.5,81200.0,2024-06-06
2024060601028184,USHEC,38,5,400.0,408.0,163200.0,2024-06-06
2024060601028183,RHGCL,49,38,310.0,355.0,110050.0,2024-06-06
2024060601028182,RHGCL,65,38,10.0,357.9,3579.0,2024-06-06
2024060604007836,AHPC,36,38,85.0,153.7,13064.5,2024-06-06
2024060604007835,AHPC,58,38,115.0,153.8,17687.0,2024-06-06
2024060605005456,STC,54,45,10.0,4919.0,49190.0,2024-06-06
2024060605005455,STC,54,58,10.0,4900.0,49000.0,2024-06-06
2024060603017973,FOWAD,50,49,10.0,1290.0,12900.0,2024-06-06
2024060603017972,GLBSL,49,37,10.0,1880.0,18800.0,2024-06-06
2024060603017971,KSBBL,57,49,303.0,370.0,112110.0,2024-06-06
2024060603017970,KSBBL,75,49,176.0,370.0,65120.0,2024-06-06
2024060603017969,KSBBL,58,49,21.0,370.1,7772.1,2024-06-06
2024060603017968,MFIL,26,52,50.0,500.0,25000.0,2024-06-06
2024060603017967,ICFC,26,42,38.0,510.0,19380.0,2024-06-06
2024060603017966,ICFC,26,57,62.0,509.8,31607.6,2024-06-06
2024060604007834,AHPC,26,42,100.0,154.0,15400.0,2024-06-06
2024060601028181,GCIL,61,16,46.0,479.0,22034.0,2024-06-06
2024060604007833,AKPL,58,56,10.0,161.7,1617.0,2024-06-06
2024060603017965,GBLBS,33,7,252.0,795.0,200340.0,2024-06-06
2024060603017964,GBLBS,33,33,238.0,794.9,189186.2,2024-06-06
2024060603017963,GBLBS,33,16,50.0,794.5,39725.0,2024-06-06
2024060603017962,GBLBS,33,17,100.0,794.4,79440.0,2024-06-06
2024060603017961,GBLBS,33,53,10.0,794.0,7940.0,2024-06-06
2024060603017960,GBLBS,33,58,50.0,793.8,39690.0,2024-06-06
2024060603017959,GBLBS,33,36,500.0,793.7,396850.0,2024-06-06
2024060603017958,CFCL,5,57,10.0,412.0,4120.0,2024-06-06
2024060601028180,SONA,88,47,10.0,441.0,4410.0,2024-06-06
2024060603017957,EDBL,45,42,10.0,379.4,3794.0,2024-06-06
2024060601028179,DOLTI,45,81,10.0,430.0,4300.0,2024-06-06
2024060603017956,NFS,71,45,670.0,583.2,390744.0,2024-06-06
2024060603017955,NFS,46,45,50.0,584.0,29200.0,2024-06-06
2024060603017954,NFS,39,45,100.0,584.0,58400.0,2024-06-06
2024060603017953,NFS,62,45,20.0,584.0,11680.0,2024-06-06
2024060603017952,NFS,71,45,160.0,584.0,93440.0,2024-06-06
2024060601028178,RBCLPO,45,14,30.0,11199.0,335970.0,2024-06-06
2024060601028177,RBCLPO,45,22,10.0,11190.0,111900.0,2024-06-06
2024060604007832,GLH,50,49,10.0,202.9,2029.0,2024-06-06
2024060603017951,ILBS,44,62,10.0,1327.0,13270.0,2024-06-06
2024060601028176,SARBTM,34,29,10.0,807.0,8070.0,2024-06-06
2024060603017950,EDBL,34,42,10.0,379.4,3794.0,2024-06-06
2024060603017949,MPFL,35,13,200.0,481.0,96200.0,2024-06-06
2024060603017948,HLBSL,62,6,796.0,1357.0,1080172.0,2024-06-06
2024060603017947,HLBSL,62,62,100.0,1357.0,135700.0,2024-06-06
2024060603017946,HLBSL,62,18,104.0,1355.0,140920.0,2024-06-06
2024060604007831,NGPL,62,32,50.0,300.1,15005.0,2024-06-06
2024060603017945,HLBSL,62,18,296.0,1355.0,401080.0,2024-06-06
2024060603017944,HLBSL,62,29,200.0,1353.0,270600.0,2024-06-06
2024060604007830,DHPL,21,51,10.0,189.4,1894.0,2024-06-06
2024060603017943,HLBSL,62,45,22.0,1350.0,29700.0,2024-06-06
2024060603017942,HLBSL,62,50,40.0,1350.0,54000.0,2024-06-06
2024060603017941,HLBSL,62,48,111.0,1350.0,149850.0,2024-06-06
2024060603017940,HLBSL,62,38,100.0,1350.0,135000.0,2024-06-06
2024060603017939,HLBSL,62,6,231.0,1350.0,311850.0,2024-06-06
2024060601028175,MKHL,42,21,460.0,469.1,215786.0,2024-06-06
2024060601028174,MKHL,7,21,40.0,469.2,18768.0,2024-06-06
2024060601028173,HATHY,42,32,10.0,934.9,9349.0,2024-06-06
2024060603017938,SHINE,26,43,873.0,384.0,335232.0,2024-06-06
2024060603017937,SHINE,8,43,10.0,384.0,3840.0,2024-06-06
2024060603017936,SHINE,19,43,17.0,384.1,6529.7,2024-06-06
2024060603017935,NABBC,58,48,300.0,565.0,169500.0,2024-06-06
2024060603017934,NABBC,39,48,50.0,565.0,28250.0,2024-06-06
2024060603017933,NABBC,32,48,30.0,565.0,16950.0,2024-06-06
2024060603017932,NABBC,39,48,25.0,565.0,14125.0,2024-06-06
2024060603017931,NABBC,39,48,50.0,566.2,28310.0,2024-06-06
2024060603017930,NABBC,85,48,20.0,567.0,11340.0,2024-06-06
2024060603017929,NABBC,10,48,19.0,567.0,10773.0,2024-06-06
2024060603017928,RLFL,59,48,332.0,400.3,132899.6,2024-06-06
2024060603017927,RLFL,57,48,100.0,400.3,40030.0,2024-06-06
2024060603017926,RLFL,32,48,500.0,400.4,200200.0,2024-06-06
2024060603017925,RLFL,58,48,735.0,400.5,294367.5,2024-06-06
2024060603017924,RLFL,6,48,48.0,400.6,19228.8,2024-06-06
2024060601028172,CZBIL,42,26,20.0,167.0,3340.0,2024-06-06
2024060604007829,RHPL,51,57,10.0,267.8,2678.0,2024-06-06
2024060604007828,HPPL,19,38,10.0,253.9,2539.0,2024-06-06
2024060601028171,CLI,29,86,500.0,478.1,239050.0,2024-06-06
2024060603017923,PFL,22,45,50.0,613.0,30650.0,2024-06-06
2024060603017922,PFL,22,69,900.0,613.0,551700.0,2024-06-06
2024060603017921,PFL,22,41,92.0,612.0,56304.0,2024-06-06
2024060603017920,PFL,22,52,100.0,610.0,61000.0,2024-06-06
2024060603017919,PFL,22,42,24.0,610.0,14640.0,2024-06-06
2024060603017918,KMCDB,77,35,200.0,1100.1,220020.0,2024-06-06
2024060603017917,RLFL,6,52,52.0,400.6,20831.2,2024-06-06
2024060603017916,PROFL,59,42,200.0,354.8,70960.0,2024-06-06
2024060601028170,MAKAR,29,95,35.0,398.0,13930.0,2024-06-06
2024060601028169,MAKAR,29,33,365.0,395.1,144211.5,2024-06-06
2024060601028168,BNHC,29,65,1205.0,642.0,773610.0,2024-06-06
2024060601028167,BNHC,29,22,10.0,640.7,6407.0,2024-06-06
2024060601028166,BNHC,29,61,50.0,640.0,32000.0,2024-06-06
2024060601028165,BNHC,29,39,30.0,640.0,19200.0,2024-06-06
2024060601028164,BNHC,29,38,40.0,640.0,25600.0,2024-06-06
2024060601028163,BNHC,29,51,10.0,640.0,6400.0,2024-06-06
2024060601028162,BNHC,29,32,10.0,640.0,6400.0,2024-06-06
2024060601028161,BNHC,29,38,10.0,637.0,6370.0,2024-06-06
2024060601028160,BNHC,29,38,200.0,637.0,127400.0,2024-06-06
2024060601028159,BNHC,29,71,55.0,635.0,34925.0,2024-06-06
2024060601028158,BNHC,29,25,10.0,630.0,6300.0,2024-06-06
2024060601028157,BNHC,29,70,370.0,630.0,233100.0,2024-06-06
2024060605005454,CHDC,28,33,10.0,980.0,9800.0,2024-06-06
2024060605005453,CHDC,28,33,10.0,980.0,9800.0,2024-06-06
2024060603017915,SMB,49,6,10.0,1572.8,15728.0,2024-06-06
2024060603017914,SMB,35,6,40.0,1574.0,62960.0,2024-06-06
2024060601028156,SONA,29,14,247.0,440.0,108680.0,2024-06-06
2024060601028155,SONA,62,14,25.0,440.0,11000.0,2024-06-06
2024060601028154,SONA,29,14,178.0,440.0,78320.0,2024-06-06
2024060601028153,MKCL,48,14,356.0,1075.0,382700.0,2024-06-06
2024060601028152,MKCL,33,14,144.0,1076.0,154944.0,2024-06-06
2024060601028151,RFPL,17,38,65.0,363.0,23595.0,2024-06-06
2024060601028150,RFPL,34,38,20.0,363.0,7260.0,2024-06-06
2024060603017913,SHINE,19,49,33.0,384.1,12675.3,2024-06-06
2024060603017912,SHINE,14,49,20.0,384.1,7682.0,2024-06-06
2024060603017911,SHINE,41,49,176.0,384.1,67601.6,2024-06-06
2024060601028149,NWCL,41,26,60.0,836.1,50166.0,2024-06-06
2024060601028148,NWCL,17,26,420.0,840.0,352800.0,2024-06-06
2024060604007827,SHL,56,16,105.0,433.7,45538.5,2024-06-06
2024060604007826,HPPL,56,38,10.0,253.9,2539.0,2024-06-06
2024060603017910,PFL,41,11,100.0,608.0,60800.0,2024-06-06
2024060604007825,LEC,34,18,50.0,176.5,8825.0,2024-06-06
2024060601028147,MKCL,1,25,50.0,1077.0,53850.0,2024-06-06
2024060603017909,CBBL,33,39,30.0,846.0,25380.0,2024-06-06
2024060601028146,BHDC,65,22,104.0,603.0,62712.0,2024-06-06
2024060601028145,BHDC,65,45,31.0,603.0,18693.0,2024-06-06
2024060601028144,BHDC,65,19,10.0,603.0,6030.0,2024-06-06
2024060601028143,BHDC,65,41,10.0,602.9,6029.0,2024-06-06
2024060601028142,BHDC,65,6,585.0,602.0,352170.0,2024-06-06
2024060601028141,BHDC,65,7,10.0,602.0,6020.0,2024-06-06
2024060601028140,BHDC,65,4,10.0,602.0,6020.0,2024-06-06
2024060601028139,BHDC,65,28,200.0,601.0,120200.0,2024-06-06
2024060601028138,BHDC,65,53,10.0,601.0,6010.0,2024-06-06
2024060601028137,BHDC,65,55,10.0,600.0,6000.0,2024-06-06
2024060601028136,BHDC,65,7,10.0,600.0,6000.0,2024-06-06
2024060601028135,BHDC,65,53,10.0,600.0,6000.0,2024-06-06
2024060603017908,PFL,41,39,400.0,608.0,243200.0,2024-06-06
2024060601028134,EBL,33,59,10.0,528.0,5280.0,2024-06-06
2024060601028133,PHCL,58,5,10.0,300.9,3009.0,2024-06-06
2024060603017907,VLBS,38,91,50.0,1050.0,52500.0,2024-06-06
2024060604007824,GHL,89,38,90.0,143.0,12870.0,2024-06-06
2024060604007823,GHL,89,50,910.0,143.0,130130.0,2024-06-06
2024060603017906,ICFC,32,39,200.0,508.0,101600.0,2024-06-06
2024060603017905,SIFC,45,16,250.0,422.0,105500.0,2024-06-06
2024060603017904,SIFC,45,45,200.0,422.0,84400.0,2024-06-06
2024060603017903,SIFC,45,95,250.0,422.0,105500.0,2024-06-06
2024060603017902,SLBBL,45,32,68.0,826.0,56168.0,2024-06-06
2024060603017901,SLBBL,45,22,32.0,826.0,26432.0,2024-06-06
2024060601028132,SGHC,13,50,200.0,325.0,65000.0,2024-06-06
2024060601028131,SGHC,52,50,300.0,325.0,97500.0,2024-06-06
2024060603017900,KSBBL,44,4,10.0,370.9,3709.0,2024-06-06
2024060603017899,KSBBL,44,88,70.0,370.8,25956.0,2024-06-06
2024060603017898,KSBBL,44,10,50.0,370.4,18520.0,2024-06-06
2024060604007822,API,81,41,100.0,167.0,16700.0,2024-06-06
2024060604007821,API,19,41,45.0,167.0,7515.0,2024-06-06
2024060604007820,PRIN,34,62,200.0,765.0,153000.0,2024-06-06
2024060604007819,HEI,45,34,100.0,594.0,59400.0,2024-06-06
2024060605005452,KEF,4,34,4700.0,8.52,40044.0,2024-06-06
2024060603017897,PFL,62,42,60.0,610.0,36600.0,2024-06-06
2024060603017896,PFL,62,49,40.0,609.0,24360.0,2024-06-06
2024060603017895,ALICL,62,45,20.0,568.0,11360.0,2024-06-06
2024060603017894,ALICL,62,57,100.0,567.0,56700.0,2024-06-06
2024060603017893,ALICL,62,39,25.0,566.5,14162.5,2024-06-06
2024060603017892,ALICL,62,42,30.0,564.0,16920.0,2024-06-06
2024060604007818,AHPC,48,42,500.0,154.0,77000.0,2024-06-06
2024060601028130,MKLB,58,25,39.0,1252.1,48831.9,2024-06-06
2024060601028129,LSL,22,16,10.0,160.4,1604.0,2024-06-06
2024060604007817,AKJCL,32,32,225.0,202.0,45450.0,2024-06-06
2024060604007816,AKJCL,32,14,205.0,202.0,41410.0,2024-06-06
2024060604007815,AKJCL,32,38,70.0,200.7,14049.0,2024-06-06
2024060603017891,NUBL,44,32,100.0,681.0,68100.0,2024-06-06
2024060603017890,SAPDBL,57,34,10.0,323.9,3239.0,2024-06-06
2024060603017889,SAPDBL,57,29,50.0,323.8,16190.0,2024-06-06
2024060603017888,HLBSL,62,49,500.0,1346.0,673000.0,2024-06-06
2024060604007814,UAIL,58,38,317.0,561.0,177837.0,2024-06-06
2024060603017887,NMFBS,81,58,25.0,1370.0,34250.0,2024-06-06
2024060603017886,NMFBS,81,5,25.0,1369.9,34247.5,2024-06-06
2024060601028128,BGWT,65,65,101.0,1093.8,110473.8,2024-06-06
2024060601028127,BGWT,65,45,10.0,1093.0,10930.0,2024-06-06
2024060601028126,BGWT,65,34,10.0,1060.0,10600.0,2024-06-06
2024060601028125,BGWT,65,34,50.0,1059.7,52985.0,2024-06-06
2024060601028124,BGWT,65,53,10.0,1059.7,10597.0,2024-06-06
2024060601028123,BGWT,65,58,10.0,1059.7,10597.0,2024-06-06
2024060601028122,BGWT,65,58,10.0,1059.7,10597.0,2024-06-06
2024060601028121,BGWT,65,38,10.0,1059.7,10597.0,2024-06-06
2024060601028120,BGWT,65,49,10.0,1059.0,10590.0,2024-06-06
2024060601028119,BGWT,65,21,10.0,1058.0,10580.0,2024-06-06
2024060601028118,BGWT,65,55,10.0,1055.7,10557.0,2024-06-06
2024060601028117,BGWT,65,57,20.0,1055.7,21114.0,2024-06-06
2024060601028116,BGWT,65,41,10.0,1055.7,10557.0,2024-06-06
2024060601028115,BGWT,65,25,10.0,1055.7,10557.0,2024-06-06
2024060601028114,BGWT,65,58,10.0,1055.0,10550.0,2024-06-06
2024060601028113,BGWT,65,57,10.0,1055.0,10550.0,2024-06-06
2024060601028112,BGWT,65,51,10.0,1054.6,10546.0,2024-06-06
2024060601028111,BGWT,65,58,10.0,1054.6,10546.0,2024-06-06
2024060601028110,BGWT,65,51,10.0,1054.0,10540.0,2024-06-06
2024060601028109,BGWT,65,17,10.0,1054.0,10540.0,2024-06-06
2024060601028108,BGWT,65,4,100.0,1050.6,105060.0,2024-06-06
2024060601028107,BGWT,65,16,40.0,1050.6,42024.0,2024-06-06
2024060601028106,BGWT,65,52,10.0,1050.6,10506.0,2024-06-06
2024060601028105,BGWT,65,22,10.0,1050.6,10506.0,2024-06-06
2024060601028104,BGWT,65,48,10.0,1050.1,10501.0,2024-06-06
2024060601028103,BGWT,65,32,10.0,1050.0,10500.0,2024-06-06
2024060601028102,BGWT,65,43,10.0,1050.0,10500.0,2024-06-06
2024060601028101,BGWT,65,48,10.0,1050.0,10500.0,2024-06-06
2024060601028100,BGWT,65,47,10.0,1050.0,10500.0,2024-06-06
2024060601028099,BGWT,65,45,10.0,1050.0,10500.0,2024-06-06
2024060601028098,BGWT,65,8,10.0,1050.0,10500.0,2024-06-06
2024060601028097,BGWT,65,7,10.0,1050.0,10500.0,2024-06-06
2024060601028096,BGWT,65,67,10.0,1049.5,10495.0,2024-06-06
2024060603017885,LLBS,65,47,60.0,1266.0,75960.0,2024-06-06
2024060601028095,BGWT,65,57,10.0,1049.0,10490.0,2024-06-06
2024060601028094,BGWT,65,48,10.0,1046.6,10466.0,2024-06-06
2024060601028093,BGWT,65,36,10.0,1046.5,10465.0,2024-06-06
2024060601028092,BGWT,65,54,10.0,1046.5,10465.0,2024-06-06
2024060601028091,BGWT,65,36,10.0,1046.5,10465.0,2024-06-06
2024060601028090,BGWT,65,41,10.0,1046.0,10460.0,2024-06-06
2024060601028089,BGWT,65,4,10.0,1046.0,10460.0,2024-06-06
2024060601028088,BGWT,65,42,100.0,1045.5,104550.0,2024-06-06
2024060601028087,BGWT,65,38,10.0,1045.0,10450.0,2024-06-06
2024060601028086,BGWT,65,57,10.0,1045.0,10450.0,2024-06-06
2024060601028085,BGWT,65,53,10.0,1045.0,10450.0,2024-06-06
2024060601028084,BGWT,65,5,10.0,1045.0,10450.0,2024-06-06
2024060601028083,BGWT,65,51,10.0,1045.0,10450.0,2024-06-06
2024060601028082,BGWT,65,29,500.0,1045.0,522500.0,2024-06-06
2024060601028081,BGWT,65,32,10.0,1045.0,10450.0,2024-06-06
2024060601028080,BGWT,65,58,20.0,1042.5,20850.0,2024-06-06
2024060601028079,BGWT,65,83,10.0,1042.3,10423.0,2024-06-06
2024060601028078,BGWT,65,49,10.0,1041.9,10419.0,2024-06-06
2024060601028077,BGWT,65,25,10.0,1040.9,10409.0,2024-06-06
2024060601028076,BGWT,65,7,10.0,1040.4,10404.0,2024-06-06
2024060601028075,BGWT,65,22,10.0,1040.4,10404.0,2024-06-06
2024060601028074,BGWT,65,58,10.0,1040.4,10404.0,2024-06-06
2024060601028073,BGWT,65,58,10.0,1040.4,10404.0,2024-06-06
2024060601028072,BGWT,65,47,10.0,1040.0,10400.0,2024-06-06
2024060601028071,BGWT,65,17,10.0,1040.0,10400.0,2024-06-06
2024060601028070,BGWT,65,45,10.0,1040.0,10400.0,2024-06-06
2024060601028069,BGWT,65,8,10.0,1040.0,10400.0,2024-06-06
2024060601028068,BGWT,65,39,10.0,1040.0,10400.0,2024-06-06
2024060601028067,BGWT,65,58,10.0,1040.0,10400.0,2024-06-06
2024060601028066,BGWT,65,28,10.0,1040.0,10400.0,2024-06-06
2024060601028065,BGWT,65,34,10.0,1040.0,10400.0,2024-06-06
2024060601028064,BGWT,65,6,10.0,1040.0,10400.0,2024-06-06
2024060601028063,BGWT,65,7,10.0,1040.0,10400.0,2024-06-06
2024060601028062,BGWT,65,34,10.0,1040.0,10400.0,2024-06-06
2024060601028061,BGWT,65,41,10.0,1040.0,10400.0,2024-06-06
2024060601028060,BGWT,65,45,70.0,1040.0,72800.0,2024-06-06
2024060601028059,BGWT,65,56,10.0,1039.9,10399.0,2024-06-06
2024060601028058,BGWT,65,47,10.0,1039.3,10393.0,2024-06-06
2024060601028057,BGWT,65,42,10.0,1039.0,10390.0,2024-06-06
2024060601028056,BGWT,65,4,10.0,1038.3,10383.0,2024-06-06
2024060601028055,BGWT,65,75,10.0,1038.0,10380.0,2024-06-06
2024060601028054,BGWT,65,19,10.0,1035.0,10350.0,2024-06-06
2024060601028053,BGWT,65,45,10.0,1035.0,10350.0,2024-06-06
2024060601028052,BGWT,65,41,10.0,1035.0,10350.0,2024-06-06
2024060601028051,BGWT,65,7,10.0,1035.0,10350.0,2024-06-06
2024060601028050,BGWT,65,38,10.0,1035.0,10350.0,2024-06-06
2024060601028049,BGWT,65,62,10.0,1033.0,10330.0,2024-06-06
2024060601028048,BGWT,65,33,10.0,1033.0,10330.0,2024-06-06
2024060601028047,BGWT,65,57,10.0,1030.0,10300.0,2024-06-06
2024060601028046,BGWT,65,22,10.0,1030.0,10300.0,2024-06-06
2024060601028045,BGWT,65,42,10.0,1030.0,10300.0,2024-06-06
2024060601028044,BGWT,65,3,10.0,1030.0,10300.0,2024-06-06
2024060601028043,BGWT,65,45,10.0,1030.0,10300.0,2024-06-06
2024060601028042,BGWT,65,16,10.0,1030.0,10300.0,2024-06-06
2024060601028041,BGWT,65,50,10.0,1030.0,10300.0,2024-06-06
2024060601028040,BGWT,65,25,10.0,1028.8,10288.0,2024-06-06
2024060601028039,BGWT,65,58,10.0,1025.0,10250.0,2024-06-06
2024060601028038,BGWT,65,50,20.0,1025.0,20500.0,2024-06-06
2024060601028037,BGWT,65,57,10.0,1025.0,10250.0,2024-06-06
2024060601028036,BGWT,65,36,25.0,1025.0,25625.0,2024-06-06
2024060601028035,BGWT,65,52,10.0,1025.0,10250.0,2024-06-06
2024060601028034,BGWT,65,21,10.0,1025.0,10250.0,2024-06-06
2024060601028033,BGWT,65,42,10.0,1025.0,10250.0,2024-06-06
2024060601028032,BGWT,65,58,10.0,1025.0,10250.0,2024-06-06
2024060601028031,BGWT,65,45,10.0,1020.0,10200.0,2024-06-06
2024060601028030,BGWT,65,4,10.0,1020.0,10200.0,2024-06-06
2024060601028029,BGWT,65,58,10.0,1020.0,10200.0,2024-06-06
2024060601028028,BGWT,65,38,10.0,1020.0,10200.0,2024-06-06
2024060601028027,BGWT,65,22,10.0,1020.0,10200.0,2024-06-06
2024060603017884,GILB,39,33,500.0,1643.0,821500.0,2024-06-06
2024060603017883,GILB,39,56,71.0,1606.0,114026.0,2024-06-06
2024060604007813,KPCL,45,67,100.0,443.5,44350.0,2024-06-06
2024060604007812,PMHPL,50,69,10.0,223.9,2239.0,2024-06-06
2024060605005451,HRL,21,58,20.0,561.8,11236.0,2024-06-06
2024060601028026,IHL,77,43,500.0,399.0,199500.0,2024-06-06
2024060605005450,HRL,21,48,70.0,561.8,39326.0,2024-06-06
2024060605005449,HRL,34,48,50.0,561.9,28095.0,2024-06-06
2024060605005448,HIDCL,47,53,930.0,164.5,152985.0,2024-06-06
2024060605005447,HIDCL,47,54,50.0,164.4,8220.0,2024-06-06
2024060605005446,HIDCL,47,58,20.0,164.2,3284.0,2024-06-06
2024060604007811,NGPL,33,47,160.0,300.0,48000.0,2024-06-06
2024060604007810,RIDI,34,82,200.0,164.2,32840.0,2024-06-06
2024060604007809,RIDI,48,82,997.0,164.2,163707.4,2024-06-06
2024060604007808,RIDI,22,82,500.0,164.3,82150.0,2024-06-06
2024060604007807,RIDI,18,82,480.0,164.3,78864.0,2024-06-06
2024060604007806,RIDI,57,82,100.0,164.9,16490.0,2024-06-06
2024060604007805,RIDI,50,82,1522.0,165.0,251130.0,2024-06-06
2024060603017882,LBBL,42,49,10.0,380.0,3800.0,2024-06-06
2024060605005445,NRIC,42,10,10.0,656.0,6560.0,2024-06-06
2024060603017881,NABBC,10,10,181.0,567.0,102627.0,2024-06-06
2024060603017880,NABBC,41,10,129.0,567.2,73168.8,2024-06-06
2024060603017879,NABBC,71,10,100.0,567.3,56730.0,2024-06-06
2024060603017878,NABBC,71,10,100.0,567.4,56740.0,2024-06-06
2024060601028025,MKCL,33,35,10.0,1076.0,10760.0,2024-06-06
2024060601028024,BHL,64,16,80.0,330.0,26400.0,2024-06-06
2024060601028023,BHL,64,85,20.0,327.5,6550.0,2024-06-06
2024060601028022,SPL,43,32,10.0,720.0,7200.0,2024-06-06
2024060601028021,SMJC,29,6,30.0,374.0,11220.0,2024-06-06
2024060601028020,SMJC,4,6,500.0,374.0,187000.0,2024-06-06
2024060603017877,JFL,41,68,100.0,569.9,56990.0,2024-06-06
2024060601028019,TSHL,4,57,100.0,500.0,50000.0,2024-06-06
2024060601028018,RNLI,49,71,189.0,425.0,80325.0,2024-06-06
2024060601028017,RNLI,49,49,11.0,425.0,4675.0,2024-06-06
2024060601028016,JBLB,49,37,73.0,1375.0,100375.0,2024-06-06
2024060601028015,JBLB,49,42,10.0,1374.9,13749.0,2024-06-06
2024060601028014,JBLB,49,19,50.0,1374.0,68700.0,2024-06-06
2024060601028013,JBLB,49,22,200.0,1373.0,274600.0,2024-06-06
2024060601028012,JBLB,49,19,15.0,1372.0,20580.0,2024-06-06
2024060601028011,JBLB,49,14,12.0,1372.0,16464.0,2024-06-06
2024060603017876,HLBSL,38,6,269.0,1350.0,363150.0,2024-06-06
2024060603017875,HLBSL,38,34,100.0,1350.0,135000.0,2024-06-06
2024060603017874,HLBSL,38,21,11.0,1350.0,14850.0,2024-06-06
2024060603017873,HLBSL,38,57,50.0,1348.0,67400.0,2024-06-06
2024060603017872,HLBSL,38,38,50.0,1347.0,67350.0,2024-06-06
2024060603017871,HLBSL,38,50,300.0,1347.0,404100.0,2024-06-06
2024060603017870,HLBSL,38,57,220.0,1347.0,296340.0,2024-06-06
2024060603017869,SIFC,6,38,50.0,421.0,21050.0,2024-06-06
2024060604007804,SHPC,49,49,367.0,327.0,120009.0,2024-06-06
2024060604007803,SHPC,49,6,1000.0,326.7,326700.0,2024-06-06
2024060604007802,SHPC,49,6,860.0,326.7,280962.0,2024-06-06
2024060604007801,SHPC,49,45,300.0,326.6,97980.0,2024-06-06
2024060604007800,SHPC,49,45,976.0,326.5,318664.0,2024-06-06
2024060604007799,SHPC,49,26,100.0,326.0,32600.0,2024-06-06
2024060604007798,SHPC,49,4,1397.0,326.0,455422.0,2024-06-06
2024060603017868,MFIL,38,52,500.0,500.0,250000.0,2024-06-06
2024060601028010,MMKJL,41,56,10.0,485.0,4850.0,2024-06-06
2024060603017867,MFIL,11,52,25.0,500.0,12500.0,2024-06-06
2024060603017866,NMBMF,20,1,14.0,721.5,10101.0,2024-06-06
2024060605005444,NBF3,4,17,100.0,7.5,750.0,2024-06-06
2024060604007797,SSHL,17,4,35.0,162.0,5670.0,2024-06-06
2024060604007796,SSHL,17,41,65.0,161.9,10523.5,2024-06-06
2024060604007795,SSHL,17,14,100.0,161.0,16100.0,2024-06-06
2024060604007794,SSHL,17,58,100.0,161.0,16100.0,2024-06-06
2024060604007793,NGPL,33,33,600.0,300.0,180000.0,2024-06-06
2024060605005443,NIFRA,34,7,250.0,195.5,48875.0,2024-06-06
2024060603017865,GILB,58,56,79.0,1606.0,126874.0,2024-06-06
2024060603017864,GILB,58,19,10.0,1605.0,16050.0,2024-06-06
2024060603017863,GILB,58,33,300.0,1600.0,480000.0,2024-06-06
2024060603017862,GILB,58,41,50.0,1595.0,79750.0,2024-06-06
2024060603017861,GILB,58,55,120.0,1587.3,190476.0,2024-06-06
2024060603017860,GILB,58,77,100.0,1587.1,158710.0,2024-06-06
2024060603017859,GILB,58,52,50.0,1587.0,79350.0,2024-06-06
2024060603017858,GILB,58,45,41.0,1587.0,65067.0,2024-06-06
2024060601028009,BHPL,71,44,10.0,625.0,6250.0,2024-06-06
2024060603017857,GUFL,51,46,25.0,657.0,16425.0,2024-06-06
2024060601028008,MKCL,33,19,10.0,1076.0,10760.0,2024-06-06
2024060604007792,SPDL,5,25,27.0,229.0,6183.0,2024-06-06
2024060604007791,SPDL,50,25,283.0,229.0,64807.0,2024-06-06
2024060603017856,NLICL,54,74,100.0,544.0,54400.0,2024-06-06
2024060605005442,CIT,29,78,10.0,2115.0,21150.0,2024-06-06
2024060601028007,MEHL,62,28,20.0,340.0,6800.0,2024-06-06
2024060601028006,MEHL,43,28,10.0,340.0,3400.0,2024-06-06
2024060601028005,MEHL,22,28,50.0,340.0,17000.0,2024-06-06
2024060601028004,MEHL,58,28,10.0,340.2,3402.0,2024-06-06
2024060601028003,MEHL,51,28,10.0,341.0,3410.0,2024-06-06
2024060605005441,CHDC,40,38,80.0,979.4,78352.0,2024-06-06
2024060601028002,GVL,34,38,10.0,505.0,5050.0,2024-06-06
2024060603017855,CFCL,48,56,250.0,411.8,102950.0,2024-06-06
2024060603017854,RLFL,32,42,39.0,402.0,15678.0,2024-06-06
2024060603017853,NICLBSL,34,42,30.0,666.0,19980.0,2024-06-06
2024060603017852,NICLBSL,85,42,170.0,666.2,113254.0,2024-06-06
2024060601028001,PHCL,42,5,10.0,300.9,3009.0,2024-06-06
2024060601028000,BHL,57,85,30.0,327.5,9825.0,2024-06-06
2024060601027999,BHL,64,85,200.0,327.5,65500.0,2024-06-06
2024060604007790,HEI,45,67,17.0,594.0,10098.0,2024-06-06
2024060604007789,HEI,38,67,63.0,594.0,37422.0,2024-06-06
2024060604007788,HEI,58,67,20.0,594.5,11890.0,2024-06-06
2024060603017851,NMFBS,81,17,29.0,1352.0,39208.0,2024-06-06
2024060601027998,MKCL,33,39,10.0,1076.0,10760.0,2024-06-06
2024060601027997,MKCL,33,34,17.0,1076.0,18292.0,2024-06-06
2024060601027996,EHPL,91,41,10.0,500.0,5000.0,2024-06-06
2024060601027995,USHEC,77,5,460.0,408.0,187680.0,2024-06-06
2024060601027994,USHEC,77,34,40.0,407.0,16280.0,2024-06-06
2024060601027993,PPL,57,45,100.0,433.0,43300.0,2024-06-06
2024060601027992,PPL,14,45,400.0,433.0,173200.0,2024-06-06
2024060601027991,CLI,29,45,220.0,478.1,105182.0,2024-06-06
2024060601027990,CLI,58,45,80.0,478.2,38256.0,2024-06-06
2024060603017850,MNBBL,44,41,124.0,342.1,42420.4,2024-06-06
2024060601027989,EHPL,57,41,25.0,500.0,12500.0,2024-06-06
2024060601027988,EHPL,72,41,290.0,500.0,145000.0,2024-06-06
2024060603017849,GLBSL,58,37,10.0,1880.0,18800.0,2024-06-06
2024060604007787,PRIN,67,58,100.0,764.0,76400.0,2024-06-06
2024060601027987,NWCL,17,34,10.0,840.0,8400.0,2024-06-06
2024060605005440,NRN,58,75,774.0,615.0,476010.0,2024-06-06
2024060605005439,NRN,58,45,500.0,615.0,307500.0,2024-06-06
2024060605005438,NRN,58,64,1000.0,615.0,615000.0,2024-06-06
2024060605005437,NRN,58,33,700.0,615.0,430500.0,2024-06-06
2024060605005436,NRN,58,21,10.0,615.0,6150.0,2024-06-06
2024060605005435,NRN,58,33,350.0,615.0,215250.0,2024-06-06
2024060605005434,NRN,58,45,200.0,615.0,123000.0,2024-06-06
2024060605005433,NRN,58,1,10.0,615.0,6150.0,2024-06-06
2024060605005432,NRN,58,20,100.0,614.9,61490.0,2024-06-06
2024060605005431,NRN,58,60,100.0,614.9,61490.0,2024-06-06
2024060605005430,NRN,58,29,300.0,614.8,184440.0,2024-06-06
2024060605005429,NRN,58,10,200.0,614.8,122960.0,2024-06-06
2024060605005428,NRN,58,17,150.0,614.0,92100.0,2024-06-06
2024060605005427,NRN,58,45,15.0,614.0,9210.0,2024-06-06
2024060605005426,NRN,58,4,1500.0,614.0,921000.0,2024-06-06
2024060605005425,NRN,58,53,1000.0,613.2,613200.0,2024-06-06
2024060605005424,NRN,58,33,500.0,613.0,306500.0,2024-06-06
2024060605005423,NRN,58,42,131.0,613.0,80303.0,2024-06-06
2024060605005422,NRN,58,41,50.0,613.0,30650.0,2024-06-06
2024060605005421,NRN,58,34,200.0,612.9,122580.0,2024-06-06
2024060605005420,NRN,58,34,100.0,612.0,61200.0,2024-06-06
2024060605005419,NRN,58,95,500.0,612.0,306000.0,2024-06-06
2024060605005418,NRN,58,32,500.0,612.0,306000.0,2024-06-06
2024060605005417,NRN,58,32,500.0,612.0,306000.0,2024-06-06
2024060605005416,NRN,58,32,250.0,612.0,153000.0,2024-06-06
2024060605005415,NRN,58,6,10.0,611.0,6110.0,2024-06-06
2024060605005414,NRN,58,69,100.0,611.0,61100.0,2024-06-06
2024060605005413,NRN,58,69,100.0,611.0,61100.0,2024-06-06
2024060605005412,NRN,58,45,150.0,611.0,91650.0,2024-06-06
2024060603017848,GILB,58,45,573.0,1587.0,909351.0,2024-06-06
2024060603017847,GILB,58,26,20.0,1586.5,31730.0,2024-06-06
2024060603017846,GILB,58,42,25.0,1586.1,39652.5,2024-06-06
2024060603017845,GILB,58,55,132.0,1586.1,209365.2,2024-06-06
2024060603017844,MPFL,35,58,490.0,481.0,235690.0,2024-06-06
2024060603017843,MPFL,71,58,10.0,482.0,4820.0,2024-06-06
2024060601027986,KBL,48,50,20.0,140.0,2800.0,2024-06-06
2024060601027985,GVL,34,39,110.0,505.0,55550.0,2024-06-06
2024060601027984,GVL,34,19,115.0,505.0,58075.0,2024-06-06
2024060601027983,GVL,34,11,200.0,505.0,101000.0,2024-06-06
2024060601027982,GVL,34,72,375.0,505.0,189375.0,2024-06-06
2024060601027981,GVL,34,45,61.0,500.4,30524.4,2024-06-06
2024060604007786,NHDL,86,41,100.0,514.1,51410.0,2024-06-06
2024060604007785,NHDL,86,57,1000.0,502.7,502700.0,2024-06-06
2024060604007784,NHDL,86,58,32.0,499.8,15993.6,2024-06-06
2024060604007783,NHDL,86,32,74.0,499.8,36985.2,2024-06-06
2024060604007782,NHDL,86,8,100.0,499.0,49900.0,2024-06-06
2024060604007781,NHDL,86,25,75.0,495.0,37125.0,2024-06-06
2024060604007780,NHDL,86,57,22.0,495.0,10890.0,2024-06-06
2024060604007779,NHDL,86,57,40.0,495.0,19800.0,2024-06-06
2024060604007778,NHDL,86,44,250.0,494.8,123700.0,2024-06-06
2024060604007777,NHDL,86,4,32.0,494.8,15833.6,2024-06-06
2024060604007776,NHDL,86,51,246.0,492.9,121253.4,2024-06-06
2024060604007775,NHDL,86,14,214.0,492.6,105416.4,2024-06-06
2024060604007774,NHDL,86,4,140.0,492.5,68950.0,2024-06-06
2024060604007773,NHDL,86,29,100.0,492.4,49240.0,2024-06-06
2024060604007772,NHDL,86,6,400.0,492.0,196800.0,2024-06-06
2024060604007771,NHDL,86,46,150.0,492.0,73800.0,2024-06-06
2024060604007770,NHDL,86,32,500.0,490.0,245000.0,2024-06-06
2024060604007769,NHDL,86,40,100.0,489.0,48900.0,2024-06-06
2024060601027980,BGWT,65,19,10.0,1018.0,10180.0,2024-06-06
2024060603017842,HLBSL,60,34,50.0,1346.1,67305.0,2024-06-06
2024060603017841,PMLI,34,42,10.0,499.0,4990.0,2024-06-06
2024060603017840,LLBS,69,47,10.0,1266.0,12660.0,2024-06-06
2024060603017839,LLBS,69,49,80.0,1260.0,100800.0,2024-06-06
2024060603017838,LLBS,69,1,50.0,1259.0,62950.0,2024-06-06
2024060603017837,MERO,34,46,133.0,697.0,92701.0,2024-06-06
2024060601027979,MANDU,32,4,200.0,900.0,180000.0,2024-06-06
2024060601027978,MANDU,32,33,20.0,900.0,18000.0,2024-06-06
2024060601027977,MANDU,32,21,80.0,899.0,71920.0,2024-06-06
2024060604007768,HDHPC,57,29,850.0,127.8,108630.0,2024-06-06
2024060601027976,MANDU,38,28,396.0,895.1,354459.6,2024-06-06
2024060601027975,MANDU,6,28,50.0,896.0,44800.0,2024-06-06
2024060601027974,MANDU,6,28,50.0,897.0,44850.0,2024-06-06
2024060601027973,MANDU,54,28,40.0,897.0,35880.0,2024-06-06
2024060601027972,MANDU,52,28,54.0,897.1,48443.4,2024-06-06
2024060604007767,RIDI,50,14,423.0,165.0,69795.0,2024-06-06
2024060604007766,SGIC,14,57,210.0,529.0,111090.0,2024-06-06
2024060604007765,NHPC,57,38,10.0,144.0,1440.0,2024-06-06
2024060604007764,UPPER,38,21,100.0,160.9,16090.0,2024-06-06
2024060603017836,SLBBL,25,42,20.0,825.0,16500.0,2024-06-06
2024060603017835,SWBBL,33,36,71.0,880.0,62480.0,2024-06-06
2024060603017834,SWBBL,33,6,200.0,879.9,175980.0,2024-06-06
2024060603017833,SWBBL,33,48,300.0,879.6,263880.0,2024-06-06
2024060603017832,SWBBL,33,22,80.0,879.5,70360.0,2024-06-06
2024060603017831,SWBBL,33,53,50.0,879.0,43950.0,2024-06-06
2024060603017830,SWBBL,33,14,112.0,879.0,98448.0,2024-06-06
2024060603017829,SWBBL,33,48,100.0,878.6,87860.0,2024-06-06
2024060603017828,SWBBL,33,47,20.0,878.5,17570.0,2024-06-06
2024060603017827,SWBBL,33,26,10.0,877.8,8778.0,2024-06-06
2024060603017826,SWBBL,33,44,57.0,875.5,49903.5,2024-06-06
2024060603017825,KMCDB,77,39,116.0,1107.0,128412.0,2024-06-06
2024060603017824,KMCDB,77,52,14.0,1107.0,15498.0,2024-06-06
2024060603017823,KMCDB,77,26,20.0,1104.9,22098.0,2024-06-06
2024060603017822,KMCDB,77,51,50.0,1102.0,55100.0,2024-06-06
2024060601027971,SPL,77,6,26.0,722.1,18774.6,2024-06-06
2024060601027970,SPL,77,42,74.0,722.1,53435.4,2024-06-06
2024060603017821,GILB,62,62,16.0,1586.1,25377.6,2024-06-06
2024060603017820,GILB,62,34,10.0,1586.1,15861.0,2024-06-06
2024060603017819,GILB,62,1,50.0,1586.0,79300.0,2024-06-06
2024060603017818,GILB,62,62,480.0,1586.0,761280.0,2024-06-06
2024060603017817,GILB,62,57,30.0,1586.0,47580.0,2024-06-06
2024060603017816,GILB,62,13,96.0,1586.0,152256.0,2024-06-06
2024060603017815,GILB,62,34,100.0,1585.0,158500.0,2024-06-06
2024060603017814,GILB,62,5,17.0,1585.0,26945.0,2024-06-06
2024060603017813,GILB,62,7,50.0,1584.0,79200.0,2024-06-06
2024060603017812,GILB,62,35,17.0,1584.0,26928.0,2024-06-06
2024060603017811,GILB,62,41,20.0,1584.0,31680.0,2024-06-06
2024060603017810,GILB,62,28,92.0,1583.0,145636.0,2024-06-06
2024060603017809,GILB,62,62,150.0,1583.0,237450.0,2024-06-06
2024060603017808,GILB,62,62,16.0,1583.0,25328.0,2024-06-06
2024060603017807,GILB,62,33,349.0,1581.4,551908.6,2024-06-06
2024060601027969,TPC,74,43,200.0,488.1,97620.0,2024-06-06
2024060603017806,ALBSL,25,25,70.0,1001.0,70070.0,2024-06-06
2024060601027968,RBCLPO,58,22,10.0,11190.0,111900.0,2024-06-06
2024060601027967,NABIL,94,58,15.0,477.0,7155.0,2024-06-06
2024060601027966,NABIL,32,58,105.0,477.0,50085.0,2024-06-06
2024060601027965,NABIL,57,58,25.0,477.0,11925.0,2024-06-06
2024060601027964,NABIL,18,58,49.0,477.0,23373.0,2024-06-06
2024060601027963,NABIL,56,58,36.0,477.1,17175.6,2024-06-06
2024060601027962,NABIL,35,58,30.0,477.2,14316.0,2024-06-06
2024060605005411,CHDC,28,54,10.0,980.0,9800.0,2024-06-06
2024060603017805,SLBSL,52,57,20.0,1170.1,23402.0,2024-06-06
2024060603017804,SLBSL,21,57,20.0,1171.0,23420.0,2024-06-06
2024060603017803,SLBSL,5,57,10.0,1176.0,11760.0,2024-06-06
2024060604007763,KKHC,32,38,10.0,214.0,2140.0,2024-06-06
2024060603017802,VLBS,42,21,10.0,1054.0,10540.0,2024-06-06
2024060601027961,RAWA,18,6,10.0,513.5,5135.0,2024-06-06
2024060601027960,RHGCL,65,36,50.0,357.9,17895.0,2024-06-06
2024060601027959,RHGCL,65,38,440.0,357.9,157476.0,2024-06-06
2024060603017801,CBBL,33,16,980.0,846.0,829080.0,2024-06-06
2024060603017800,CBBL,54,16,20.0,846.1,16922.0,2024-06-06
2024060603017799,ALICL,62,1,42.0,563.0,23646.0,2024-06-06
2024060603017798,ALICL,44,1,52.0,563.1,29281.2,2024-06-06
2024060603017797,ALICL,57,1,406.0,563.1,228618.6,2024-06-06
2024060603017796,GFCL,16,60,100.0,462.0,46200.0,2024-06-06
2024060603017795,GFCL,3,60,250.0,462.1,115525.0,2024-06-06
2024060603017794,EDBL,34,5,50.0,376.0,18800.0,2024-06-06
2024060603017793,EDBL,96,5,50.0,376.1,18805.0,2024-06-06
2024060603017792,NUBL,44,41,170.0,681.0,115770.0,2024-06-06
2024060601027958,MKCL,48,41,80.0,1075.0,86000.0,2024-06-06
2024060601027957,MKCL,3,41,20.0,1075.0,21500.0,2024-06-06
2024060603017791,GILB,62,33,151.0,1581.4,238791.4,2024-06-06
2024060603017790,GILB,62,62,10.0,1581.4,15814.0,2024-06-06
2024060603017789,GILB,62,52,10.0,1581.4,15814.0,2024-06-06
2024060603017788,GILB,62,36,29.0,1581.2,45854.8,2024-06-06
2024060601027956,JBLB,36,14,1.0,1370.0,1370.0,2024-06-06
2024060601027955,JBLB,36,62,70.0,1370.0,95900.0,2024-06-06
2024060603017787,ILBS,95,62,100.0,1327.0,132700.0,2024-06-06
2024060603017786,ILBS,81,62,100.0,1327.0,132700.0,2024-06-06
2024060603017785,ILBS,66,62,14.0,1327.1,18579.4,2024-06-06
2024060603017784,ILBS,37,62,20.0,1333.0,26660.0,2024-06-06
2024060601027954,TPC,74,43,20.0,488.1,9762.0,2024-06-06
2024060601027953,TPC,53,43,20.0,488.2,9764.0,2024-06-06
2024060604007762,SHEL,94,19,1420.0,155.6,220952.0,2024-06-06
2024060604007761,SHEL,66,19,70.0,156.0,10920.0,2024-06-06
2024060604007760,SHEL,57,19,510.0,156.5,79815.0,2024-06-06
2024060605005410,HRL,58,22,10.0,562.0,5620.0,2024-06-06
2024060603017783,NMLBBL,36,13,48.0,721.3,34622.4,2024-06-06
2024060603017782,NMLBBL,36,42,10.0,721.2,7212.0,2024-06-06
2024060603017781,NMLBBL,36,25,12.0,721.1,8653.2,2024-06-06
2024060603017780,GILB,58,36,171.0,1581.2,270385.2,2024-06-06
2024060603017779,GILB,58,58,43.0,1581.0,67983.0,2024-06-06
2024060603017778,GILB,58,58,17.0,1581.0,26877.0,2024-06-06
2024060603017777,GILB,58,71,400.0,1581.0,632400.0,2024-06-06
2024060603017776,GILB,58,21,17.0,1581.0,26877.0,2024-06-06
2024060603017775,GILB,58,6,21.0,1581.0,33201.0,2024-06-06
2024060603017774,GILB,58,45,14.0,1581.0,22134.0,2024-06-06
2024060603017773,GILB,58,71,300.0,1580.0,474000.0,2024-06-06
2024060603017772,GILB,58,16,17.0,1580.0,26860.0,2024-06-06
2024060601027952,CLI,58,44,10.0,478.2,4782.0,2024-06-06
2024060604007759,UPPER,58,58,20.0,160.6,3212.0,2024-06-06
2024060604007758,HDHPC,57,64,372.0,127.8,47541.6,2024-06-06
2024060604007757,HDHPC,7,64,38.0,127.9,4860.2,2024-06-06
2024060601027951,MSHL,64,71,227.0,704.0,159808.0,2024-06-06
2024060601027950,MSHL,64,49,50.0,704.0,35200.0,2024-06-06
2024060601027949,MSHL,64,29,100.0,697.0,69700.0,2024-06-06
2024060601027948,MSHL,64,58,30.0,673.2,20196.0,2024-06-06
2024060601027947,MSHL,64,34,50.0,673.0,33650.0,2024-06-06
2024060601027946,MSHL,64,29,40.0,667.0,26680.0,2024-06-06
2024060601027945,MSHL,64,42,50.0,665.8,33290.0,2024-06-06
2024060601027944,MSHL,64,55,50.0,665.8,33290.0,2024-06-06
2024060601027943,MSHL,64,70,10.0,665.8,6658.0,2024-06-06
2024060601027942,MSHL,64,14,10.0,665.0,6650.0,2024-06-06
2024060601027941,MSHL,64,4,1563.0,665.0,1039395.0,2024-06-06
2024060601027940,MSHL,64,70,200.0,665.0,133000.0,2024-06-06
2024060601027939,MSHL,64,35,10.0,664.0,6640.0,2024-06-06
2024060601027938,MSHL,64,44,200.0,664.0,132800.0,2024-06-06
2024060601027937,MSHL,64,41,40.0,663.5,26540.0,2024-06-06
2024060601027936,MSHL,64,17,100.0,663.0,66300.0,2024-06-06
2024060601027935,MSHL,64,42,10.0,663.0,6630.0,2024-06-06
2024060601027934,MSHL,64,3,30.0,663.0,19890.0,2024-06-06
2024060601027933,MSHL,64,34,10.0,663.0,6630.0,2024-06-06
2024060601027932,MSHL,64,57,10.0,661.0,6610.0,2024-06-06
2024060601027931,MSHL,64,71,90.0,661.0,59490.0,2024-06-06
2024060601027930,MSHL,64,58,10.0,660.9,6609.0,2024-06-06
2024060601027929,MSHL,64,52,50.0,660.0,33000.0,2024-06-06
2024060601027928,MSHL,64,34,10.0,660.0,6600.0,2024-06-06
2024060601027927,MSHL,64,45,50.0,660.0,33000.0,2024-06-06
2024060605005409,CHDC,42,34,130.0,979.0,127270.0,2024-06-06
2024060601027926,SHIVM,41,34,10.0,491.0,4910.0,2024-06-06
2024060605005408,CHDC,28,54,10.0,980.0,9800.0,2024-06-06
2024060603017771,GBLBS,33,6,150.0,792.1,118815.0,2024-06-06
2024060603017770,MNBBL,26,43,300.0,343.0,102900.0,2024-06-06
2024060601027925,TVCL,74,57,10.0,448.4,4484.0,2024-06-06
2024060601027924,KBL,57,50,100.0,140.0,14000.0,2024-06-06
2024060601027923,HBL,38,58,10.0,187.5,1875.0,2024-06-06
2024060603017769,NMLBBL,59,42,30.0,721.0,21630.0,2024-06-06
2024060601027922,RNLI,42,57,10.0,425.0,4250.0,2024-06-06
2024060601027921,RNLI,42,38,11.0,425.0,4675.0,2024-06-06
2024060601027920,RNLI,42,21,10.0,425.0,4250.0,2024-06-06
2024060601027919,RNLI,42,57,17.0,425.0,7225.0,2024-06-06
2024060603017768,NABBC,1,70,300.0,569.0,170700.0,2024-06-06
2024060601027918,BHPL,35,44,180.0,625.0,112500.0,2024-06-06
2024060601027917,BHPL,35,60,10.0,597.0,5970.0,2024-06-06
2024060601027916,BHPL,35,7,10.0,593.0,5930.0,2024-06-06
2024060601027915,BHPL,35,58,25.0,591.6,14790.0,2024-06-06
2024060601027914,BHPL,35,34,10.0,590.0,5900.0,2024-06-06
2024060601027913,BHPL,35,29,10.0,590.0,5900.0,2024-06-06
2024060601027912,BHPL,35,45,35.0,590.0,20650.0,2024-06-06
2024060601027911,BHPL,35,41,10.0,588.5,5885.0,2024-06-06
2024060601027910,BHPL,35,3,10.0,588.5,5885.0,2024-06-06
2024060601027909,BHPL,35,35,50.0,588.0,29400.0,2024-06-06
2024060601027908,BHPL,35,34,50.0,588.0,29400.0,2024-06-06
2024060601027907,BHPL,35,17,100.0,587.9,58790.0,2024-06-06
2024060603017767,NFS,58,33,500.0,584.1,292050.0,2024-06-06
2024060603017766,NMFBS,81,45,15.0,1352.0,20280.0,2024-06-06
2024060605005407,NIFRA,16,45,32.0,195.2,6246.4,2024-06-06
2024060601027906,CYCL,65,62,262.0,1578.0,413436.0,2024-06-06
2024060603017765,GILB,62,4,29.0,1575.0,45675.0,2024-06-06
2024060603017764,GILB,62,8,21.0,1575.0,33075.0,2024-06-06
2024060601027905,DOLTI,38,43,500.0,426.4,213200.0,2024-06-06
2024060603017763,PFL,41,84,1380.0,608.0,839040.0,2024-06-06
2024060603017762,NABBC,22,70,50.0,569.0,28450.0,2024-06-06
2024060605005406,LEMF,36,59,5000.0,9.79,48950.0,2024-06-06
2024060604007756,MHNL,36,43,10.0,229.0,2290.0,2024-06-06
2024060603017761,HLBSL,62,64,400.0,1346.0,538400.0,2024-06-06
2024060603017760,SINDU,14,88,11.0,376.4,4140.4,2024-06-06
2024060603017759,SJLIC,6,45,100.0,411.0,41100.0,2024-06-06
2024060603017758,SJLIC,6,17,10.0,411.0,4110.0,2024-06-06
2024060604007755,PPCL,14,68,10.0,228.0,2280.0,2024-06-06
2024060604007754,PPCL,14,57,10.0,227.8,2278.0,2024-06-06
2024060601027904,MKHL,26,52,40.0,470.0,18800.0,2024-06-06
2024060605005405,HRL,57,22,50.0,562.0,28100.0,2024-06-06
2024060603017757,KSBBL,58,38,19.0,370.1,7031.9,2024-06-06
2024060601027903,HATHY,38,32,10.0,934.9,9349.0,2024-06-06
2024060604007753,UPPER,38,21,100.0,160.9,16090.0,2024-06-06
2024060601027902,KDL,28,11,10.0,1215.0,12150.0,2024-06-06
2024060601027901,NWCL,17,58,10.0,840.0,8400.0,2024-06-06
2024060601027900,NWCL,17,58,10.0,840.0,8400.0,2024-06-06
2024060601027899,NWCL,17,32,10.0,840.0,8400.0,2024-06-06
2024060601027898,NWCL,17,38,10.0,840.0,8400.0,2024-06-06
2024060601027897,NWCL,17,58,10.0,840.0,8400.0,2024-06-06
2024060601027896,NWCL,17,29,20.0,840.0,16800.0,2024-06-06
2024060603017756,GBLBS,7,14,50.0,793.6,39680.0,2024-06-06
2024060603017755,GBLBS,7,42,400.0,793.0,317200.0,2024-06-06
2024060603017754,GBLBS,7,16,80.0,793.0,63440.0,2024-06-06
2024060603017753,SLBSL,45,71,30.0,1180.0,35400.0,2024-06-06
2024060603017752,SLBSL,45,71,20.0,1180.0,23600.0,2024-06-06
2024060604007752,SGIC,14,45,50.0,529.0,26450.0,2024-06-06
2024060603017751,SWBBL,58,44,200.0,875.5,175100.0,2024-06-06
2024060603017750,SWBBL,28,44,100.0,875.6,87560.0,2024-06-06
2024060603017749,SWBBL,42,44,20.0,876.0,17520.0,2024-06-06
2024060603017748,SWBBL,58,44,123.0,876.0,107748.0,2024-06-06
2024060603017747,MPFL,71,13,35.0,482.0,16870.0,2024-06-06
2024060603017746,GBLBS,45,16,20.0,793.0,15860.0,2024-06-06
2024060603017745,GBLBS,45,50,80.0,793.0,63440.0,2024-06-06
2024060603017744,KRBL,88,56,68.0,432.0,29376.0,2024-06-06
2024060603017743,KRBL,88,25,40.0,430.0,17200.0,2024-06-06
2024060604007751,SHEL,66,1,80.0,156.0,12480.0,2024-06-06
2024060603017742,JSLBB,62,55,154.0,1458.0,224532.0,2024-06-06
2024060601027895,NMB,53,94,10.0,197.9,1979.0,2024-06-06
2024060604007750,CGH,62,36,490.0,860.0,421400.0,2024-06-06
2024060605005404,STC,28,58,10.0,4900.0,49000.0,2024-06-06
2024060601027894,MKHC,56,58,10.0,314.1,3141.0,2024-06-06
2024060601027893,MCHL,45,58,199.0,394.5,78505.5,2024-06-06
2024060601027892,MCHL,58,58,500.0,394.9,197450.0,2024-06-06
2024060601027891,MCHL,42,58,20.0,395.0,7900.0,2024-06-06
2024060601027890,MCHL,58,58,100.0,395.0,39500.0,2024-06-06
2024060601027889,MCHL,39,58,100.0,395.0,39500.0,2024-06-06
2024060601027888,MCHL,49,58,76.0,395.0,30020.0,2024-06-06
2024060601027887,MCHL,65,58,285.0,395.2,112632.0,2024-06-06
2024060604007749,SHL,34,16,100.0,433.7,43370.0,2024-06-06
2024060603017741,BFC,32,29,260.0,434.0,112840.0,2024-06-06
2024060603017740,BFC,32,36,50.0,434.0,21700.0,2024-06-06
2024060603017739,BFC,32,48,80.0,434.0,34720.0,2024-06-06
2024060603017738,BFC,32,57,10.0,433.0,4330.0,2024-06-06
2024060603017737,SAPDBL,40,29,175.0,321.1,56192.5,2024-06-06
2024060603017736,SAPDBL,16,29,180.0,321.2,57816.0,2024-06-06
2024060603017735,JSLBB,4,22,250.0,1459.0,364750.0,2024-06-06
2024060604007748,LEC,49,57,490.0,176.2,86338.0,2024-06-06
2024060604007747,LEC,35,57,1000.0,176.4,176400.0,2024-06-06
2024060601027886,MKHL,57,52,40.0,470.0,18800.0,2024-06-06
2024060601027885,MKHL,57,19,10.0,470.0,4700.0,2024-06-06
2024060601027884,HDL,57,53,10.0,1282.0,12820.0,2024-06-06
2024060601027883,RHGCL,49,6,518.0,355.0,183890.0,2024-06-06
2024060601027882,PHCL,49,5,10.0,300.9,3009.0,2024-06-06
2024060604007746,JOSHI,38,36,300.0,295.0,88500.0,2024-06-06
2024060604007745,JOSHI,38,40,500.0,294.9,147450.0,2024-06-06
2024060604007744,JOSHI,38,49,100.0,293.7,29370.0,2024-06-06
2024060603017734,WNLB,57,42,50.0,1400.0,70000.0,2024-06-06
2024060603017733,WNLB,10,42,50.0,1400.1,70005.0,2024-06-06
2024060604007743,UMRH,91,63,100.0,363.1,36310.0,2024-06-06
2024060604007742,UMRH,91,63,900.0,363.1,326790.0,2024-06-06
2024060601027881,SIKLES,16,54,10.0,565.0,5650.0,2024-06-06
2024060601027880,SIKLES,16,57,10.0,565.0,5650.0,2024-06-06
2024060605005403,HRL,18,22,100.0,562.0,56200.0,2024-06-06
2024060603017732,GLBSL,11,35,10.0,1870.0,18700.0,2024-06-06
2024060603017731,GLBSL,64,35,190.0,1870.0,355300.0,2024-06-06
2024060601027879,SONA,29,33,200.0,440.0,88000.0,2024-06-06
2024060605005402,NRN,33,6,37.0,610.0,22570.0,2024-06-06
2024060601027878,MBJC,1,56,220.0,302.0,66440.0,2024-06-06
2024060603017730,HLBSL,62,7,1200.0,1346.0,1615200.0,2024-06-06
2024060604007741,SALICO,81,44,470.0,685.2,322044.0,2024-06-06
2024060604007740,SALICO,17,44,50.0,686.0,34300.0,2024-06-06
2024060603017729,SJLIC,45,17,10.0,411.0,4110.0,2024-06-06
2024060601027877,MKJC,94,45,1180.0,471.0,555780.0,2024-06-06
2024060604007739,HPPL,42,45,120.0,251.6,30192.0,2024-06-06
2024060604007738,HPPL,52,45,50.0,251.7,12585.0,2024-06-06
2024060601027876,AVYAN,51,77,10.0,950.0,9500.0,2024-06-06
2024060601027875,MKCL,3,19,10.0,1075.0,10750.0,2024-06-06
2024060601027874,NWCL,41,36,20.0,836.1,16722.0,2024-06-06
2024060601027873,NWCL,37,36,80.0,836.1,66888.0,2024-06-06
2024060605005401,ENL,17,64,2372.0,985.0,2336420.0,2024-06-06
2024060605005400,ENL,43,64,500.0,988.0,494000.0,2024-06-06
2024060605005399,ENL,74,64,500.0,988.1,494050.0,2024-06-06
2024060605005398,ENL,45,64,500.0,991.0,495500.0,2024-06-06
2024060605005397,ENL,21,64,22.0,991.0,21802.0,2024-06-06
2024060605005396,ENL,7,64,450.0,1000.0,450000.0,2024-06-06
2024060605005395,ENL,32,64,100.0,1001.0,100100.0,2024-06-06
2024060605005394,ENL,70,64,500.0,1002.0,501000.0,2024-06-06
2024060605005393,ENL,4,64,46.0,1020.0,46920.0,2024-06-06
2024060605005392,ENL,43,64,100.0,1021.0,102100.0,2024-06-06
2024060603017728,NMFBS,81,46,18.0,1352.0,24336.0,2024-06-06
2024060601027872,MMKJL,58,57,60.0,488.0,29280.0,2024-06-06
2024060603017727,JFL,32,58,34.0,570.0,19380.0,2024-06-06
2024060603017726,JFL,32,48,16.0,570.0,9120.0,2024-06-06
2024060604007737,DHPL,35,32,360.0,188.0,67680.0,2024-06-06
2024060604007736,DHPL,52,32,640.0,188.0,120320.0,2024-06-06
2024060603017725,ALBSL,34,34,10.0,1000.0,10000.0,2024-06-06
2024060601027871,SARBTM,42,29,18.0,807.0,14526.0,2024-06-06
2024060601027870,SARBTM,42,4,26.0,807.0,20982.0,2024-06-06
2024060604007735,BPCL,44,6,100.0,290.3,29030.0,2024-06-06
2024060604007734,BPCL,50,6,300.0,290.3,87090.0,2024-06-06
2024060601027869,VLUCL,14,6,10.0,508.0,5080.0,2024-06-06
2024060601027868,VLUCL,14,19,400.0,508.0,203200.0,2024-06-06
2024060601027867,SPL,43,57,10.0,720.0,7200.0,2024-06-06
2024060601027866,TVCL,49,48,175.0,449.0,78575.0,2024-06-06
2024060604007733,JOSHI,37,42,100.0,293.0,29300.0,2024-06-06
2024060604007732,MEN,16,47,10.0,575.0,5750.0,2024-06-06
2024060605005391,CHDC,42,17,10.0,979.0,9790.0,2024-06-06
2024060601027865,MKCL,13,34,128.0,1076.0,137728.0,2024-06-06
2024060603017724,PFL,41,13,220.0,608.0,133760.0,2024-06-06
2024060604007731,NHDL,62,40,100.0,485.0,48500.0,2024-06-06
2024060604007730,RURU,39,94,50.0,620.0,31000.0,2024-06-06
2024060603017723,NFS,21,41,570.0,587.0,334590.0,2024-06-06
2024060603017722,NFS,21,34,70.0,587.0,41090.0,2024-06-06
2024060603017721,NFS,21,46,100.0,586.9,58690.0,2024-06-06
2024060603017720,NFS,21,48,50.0,586.0,29300.0,2024-06-06
2024060603017719,NFS,21,57,110.0,586.0,64460.0,2024-06-06
2024060603017718,NFS,21,51,50.0,586.0,29300.0,2024-06-06
2024060603017717,NFS,21,44,50.0,585.0,29250.0,2024-06-06
2024060601027864,SPC,48,55,50.0,539.9,26995.0,2024-06-06
2024060603017716,ACLBSL,19,4,10.0,1010.0,10100.0,2024-06-06
2024060604007729,CHL,25,19,72.0,310.4,22348.8,2024-06-06
2024060604007728,CHL,1,19,100.0,310.7,31070.0,2024-06-06
2024060604007727,CHL,25,19,90.0,310.7,27963.0,2024-06-06
2024060604007726,CHL,26,19,48.0,310.7,14913.6,2024-06-06
2024060605005390,NIFRA,19,33,50.0,195.4,9770.0,2024-06-06
2024060605005389,CHDC,36,54,10.0,980.0,9800.0,2024-06-06
2024060603017715,HLBSL,62,20,100.0,1346.0,134600.0,2024-06-06
2024060604007725,HDHPC,32,57,500.0,128.0,64000.0,2024-06-06
2024060601027863,MMKJL,41,34,10.0,485.0,4850.0,2024-06-06
2024060603017714,MPFL,34,13,10.0,482.0,4820.0,2024-06-06
2024060603017713,CFCL,6,57,100.0,412.0,41200.0,2024-06-06
2024060603017712,NMLBBL,59,34,27.0,721.0,19467.0,2024-06-06
2024060603017711,NMLBBL,57,34,23.0,721.0,16583.0,2024-06-06
2024060603017710,NLIC,6,16,160.0,607.9,97264.0,2024-06-06
2024060603017709,NLIC,6,56,50.0,607.5,30375.0,2024-06-06
2024060603017708,NLIC,6,42,75.0,607.5,45562.5,2024-06-06
2024060601027862,SPL,43,14,100.0,720.0,72000.0,2024-06-06
2024060603017707,CFCL,34,57,300.0,412.1,123630.0,2024-06-06
2024060603017706,CFCL,42,57,50.0,412.1,20605.0,2024-06-06
2024060603017705,PFL,57,42,100.0,610.0,61000.0,2024-06-06
2024060604007724,SSHL,11,38,20.0,161.0,3220.0,2024-06-06
2024060603017704,GILB,46,38,31.0,1555.0,48205.0,2024-06-06
2024060601027861,NICA,41,17,80.0,408.0,32640.0,2024-06-06
2024060601027860,SPHL,94,41,10.0,494.7,4947.0,2024-06-06
2024060601027859,SPHL,94,49,10.0,490.0,4900.0,2024-06-06
2024060604007723,UMRH,91,43,400.0,364.0,145600.0,2024-06-06
2024060604007722,UMRH,91,39,16.0,364.0,5824.0,2024-06-06
2024060604007721,UMRH,91,63,923.0,364.0,335972.0,2024-06-06
2024060604007720,UMRH,91,37,95.0,364.0,34580.0,2024-06-06
2024060604007719,UPPER,13,21,404.0,160.9,65003.6,2024-06-06
2024060604007718,UPPER,13,38,96.0,160.8,15436.8,2024-06-06
2024060605005388,HRL,41,22,370.0,562.0,207940.0,2024-06-06
2024060605005387,HRL,41,22,10.0,562.0,5620.0,2024-06-06
2024060605005386,HRL,41,49,20.0,562.0,11240.0,2024-06-06
2024060603017703,GILB,62,8,50.0,1575.0,78750.0,2024-06-06
2024060601027858,PPL,45,55,10.0,433.1,4331.0,2024-06-06
2024060604007717,UMHL,21,4,10.0,231.0,2310.0,2024-06-06
2024060604007716,UAIL,58,55,300.0,561.0,168300.0,2024-06-06
2024060601027857,USHL,25,70,30.0,505.9,15177.0,2024-06-06
2024060601027856,USHL,25,44,10.0,505.1,5051.0,2024-06-06
2024060601027855,USHL,25,51,50.0,505.0,25250.0,2024-06-06
2024060601027854,USHL,25,21,10.0,505.0,5050.0,2024-06-06
2024060601027853,JALPA,45,19,100.0,1515.0,151500.0,2024-06-06
2024060601027852,KBL,22,50,10.0,140.0,1400.0,2024-06-06
2024060604007715,RADHI,74,22,300.0,229.0,68700.0,2024-06-06
2024060604007714,RADHI,58,22,42.0,229.0,9618.0,2024-06-06
2024060604007713,RADHI,22,22,158.0,229.0,36182.0,2024-06-06
2024060603017702,PFL,41,46,131.0,608.0,79648.0,2024-06-06
2024060603017701,PFL,45,46,119.0,608.1,72363.9,2024-06-06
2024060605005385,NRN,75,6,63.0,610.0,38430.0,2024-06-06
2024060601027851,MMKJL,58,57,32.0,488.0,15616.0,2024-06-06
2024060601027850,MMKJL,58,21,85.0,487.5,41437.5,2024-06-06
2024060601027849,MMKJL,58,65,1000.0,487.5,487500.0,2024-06-06
2024060601027848,MMKJL,58,59,350.0,487.3,170555.0,2024-06-06
2024060601027847,MMKJL,58,22,10.0,487.0,4870.0,2024-06-06
2024060601027846,MMKJL,58,22,10.0,487.0,4870.0,2024-06-06
2024060601027845,MMKJL,58,58,10.0,487.0,4870.0,2024-06-06
2024060601027844,MMKJL,58,28,10.0,487.0,4870.0,2024-06-06
2024060601027843,MMKJL,58,13,10.0,487.0,4870.0,2024-06-06
2024060601027842,MMKJL,58,35,10.0,486.0,4860.0,2024-06-06
2024060601027841,MMKJL,58,19,10.0,486.0,4860.0,2024-06-06
2024060601027840,MMKJL,58,60,10.0,486.0,4860.0,2024-06-06
2024060601027839,MMKJL,58,43,173.0,485.5,83991.5,2024-06-06
2024060601027838,MMKJL,58,45,10.0,485.0,4850.0,2024-06-06
2024060601027837,MMKJL,58,11,10.0,485.0,4850.0,2024-06-06
2024060601027836,MMKJL,58,58,10.0,485.0,4850.0,2024-06-06
2024060601027835,MMKJL,58,29,150.0,485.0,72750.0,2024-06-06
2024060601027834,MMKJL,58,58,10.0,485.0,4850.0,2024-06-06
2024060601027833,MMKJL,58,14,10.0,485.0,4850.0,2024-06-06
2024060601027832,MMKJL,58,35,10.0,485.0,4850.0,2024-06-06
2024060601027831,MMKJL,58,22,10.0,485.0,4850.0,2024-06-06
2024060601027830,MMKJL,58,58,10.0,485.0,4850.0,2024-06-06
2024060601027829,MMKJL,58,51,10.0,485.0,4850.0,2024-06-06
2024060601027828,MMKJL,58,42,10.0,485.0,4850.0,2024-06-06
2024060601027827,MMKJL,58,33,10.0,485.0,4850.0,2024-06-06
2024060601027826,MMKJL,58,64,482.0,485.0,233770.0,2024-06-06
2024060601027825,MMKJL,58,64,500.0,485.0,242500.0,2024-06-06
2024060601027824,MMKJL,58,64,478.0,485.0,231830.0,2024-06-06
2024060601027823,MMKJL,58,17,10.0,485.0,4850.0,2024-06-06
2024060601027822,MMKJL,58,42,50.0,484.9,24245.0,2024-06-06
2024060601027821,ULBSL,58,52,10.0,1994.0,19940.0,2024-06-06
2024060601027820,MANDU,14,21,20.0,899.0,17980.0,2024-06-06
2024060603017700,MPFL,35,14,50.0,481.0,24050.0,2024-06-06
2024060601027819,NIMB,58,14,29.0,157.5,4567.5,2024-06-06
2024060604007712,JOSHI,37,57,20.0,293.0,5860.0,2024-06-06
2024060601027818,HATHY,32,49,85.0,931.0,79135.0,2024-06-06
2024060601027817,TSHL,4,42,29.0,500.0,14500.0,2024-06-06
2024060601027816,TSHL,50,42,21.0,500.0,10500.0,2024-06-06
2024060601027815,MHCL,42,47,30.0,383.0,11490.0,2024-06-06
2024060603017699,SWBBL,58,38,100.0,876.0,87600.0,2024-06-06
2024060601027814,HATHY,32,38,62.0,931.0,57722.0,2024-06-06
2024060601027813,HATHY,7,38,38.0,932.0,35416.0,2024-06-06
2024060603017698,SWMF,67,17,55.0,894.0,49170.0,2024-06-06
2024060603017697,SWMF,42,17,35.0,895.0,31325.0,2024-06-06
2024060603017696,SWMF,26,17,30.0,895.1,26853.0,2024-06-06
2024060601027812,MKJC,94,38,735.0,471.0,346185.0,2024-06-06
2024060603017695,SMB,49,35,40.0,1572.8,62912.0,2024-06-06
2024060603017694,SMB,29,35,20.0,1572.9,31458.0,2024-06-06
2024060601027811,BGWT,41,32,10.0,1020.0,10200.0,2024-06-06
2024060601027810,NESDO,77,43,100.0,2146.2,214620.0,2024-06-06
2024060603017693,MNBBL,45,43,100.0,343.0,34300.0,2024-06-06
2024060601027809,DOLTI,45,81,100.0,430.0,43000.0,2024-06-06
2024060604007711,RIDI,50,55,25.0,165.0,4125.0,2024-06-06
2024060604007710,UPPER,58,52,50.0,160.6,8030.0,2024-06-06
2024060603017692,USLB,26,52,10.0,1927.0,19270.0,2024-06-06
2024060601027808,JBLB,36,59,22.0,1370.0,30140.0,2024-06-06
2024060601027807,SMHL,20,65,100.0,585.0,58500.0,2024-06-06
2024060601027806,SONA,29,47,100.0,441.0,44100.0,2024-06-06
2024060601027805,BNT,6,58,10.0,12906.0,129060.0,2024-06-06
2024060603017691,PROFL,49,42,156.0,354.8,55348.8,2024-06-06
2024060603017690,PROFL,49,54,20.0,354.0,7080.0,2024-06-06
2024060603017689,PROFL,49,38,90.0,354.0,31860.0,2024-06-06
2024060603017688,PROFL,49,52,234.0,354.0,82836.0,2024-06-06
2024060603017687,USLB,35,65,10.0,1930.0,19300.0,2024-06-06
2024060603017686,PFL,5,42,50.0,610.0,30500.0,2024-06-06
2024060604007709,UMRH,91,5,100.0,363.1,36310.0,2024-06-06
2024060604007708,UMRH,49,5,100.0,363.2,36320.0,2024-06-06
2024060601027804,USHEC,38,58,40.0,405.0,16200.0,2024-06-06
2024060601027803,USHEC,38,6,10.0,405.0,4050.0,2024-06-06
2024060601027802,USHEC,38,57,200.0,405.0,81000.0,2024-06-06
2024060604007707,RIDI,50,14,30.0,165.0,4950.0,2024-06-06
2024060601027801,ULHC,41,52,43.0,400.7,17230.1,2024-06-06
2024060601027800,ULHC,41,49,57.0,400.0,22800.0,2024-06-06
2024060601027799,SHIVM,41,49,184.0,491.0,90344.0,2024-06-06
2024060603017685,GILB,62,8,50.0,1575.0,78750.0,2024-06-06
2024060603017684,SABSL,43,34,10.0,1058.0,10580.0,2024-06-06
2024060603017683,SFCL,1,48,10.0,358.0,3580.0,2024-06-06
2024060604007706,DHPL,52,45,180.0,188.0,33840.0,2024-06-06
2024060603017682,MFIL,45,52,10.0,500.0,5000.0,2024-06-06
2024060601027798,SONA,48,47,50.0,441.5,22075.0,2024-06-06
2024060604007705,BPCL,85,51,100.0,290.3,29030.0,2024-06-06
2024060604007704,TRH,53,46,10.0,739.0,7390.0,2024-06-06
2024060601027797,BNHC,5,70,10.0,628.1,6281.0,2024-06-06
2024060601027796,EBL,34,4,500.0,526.0,263000.0,2024-06-06
2024060601027795,RFPL,34,59,10.0,364.0,3640.0,2024-06-06
2024060604007703,AKPL,34,56,100.0,161.7,16170.0,2024-06-06
2024060604007702,NGPL,33,57,451.0,300.0,135300.0,2024-06-06
2024060604007701,NGPL,42,57,49.0,300.0,14700.0,2024-06-06
2024060605005384,CHDC,81,54,67.0,980.0,65660.0,2024-06-06
2024060605005383,CHDC,81,52,933.0,980.0,914340.0,2024-06-06
2024060603017681,SHINE,42,38,10.0,385.0,3850.0,2024-06-06
2024060601027794,GCIL,61,42,40.0,479.0,19160.0,2024-06-06
2024060601027793,GCIL,45,42,10.0,479.0,4790.0,2024-06-06
2024060604007700,SPIL,44,49,200.0,768.0,153600.0,2024-06-06
2024060605005382,NRIC,1,37,171.0,652.0,111492.0,2024-06-06
2024060605005381,NRIC,34,37,10.0,653.0,6530.0,2024-06-06
2024060603017680,HLBSL,62,17,50.0,1346.0,67300.0,2024-06-06
2024060603017679,SLBBL,25,35,150.0,825.0,123750.0,2024-06-06
2024060601027792,MKCL,38,34,40.0,1076.0,43040.0,2024-06-06
2024060601027791,MKCL,38,7,100.0,1075.9,107590.0,2024-06-06
2024060601027790,MKCL,38,35,60.0,1075.1,64506.0,2024-06-06
2024060601027789,AVYAN,60,77,30.0,950.0,28500.0,2024-06-06
2024060603017678,NMBMF,20,39,78.0,721.5,56277.0,2024-06-06
2024060603017677,NMBMF,18,39,72.0,721.5,51948.0,2024-06-06
2024060601027788,HDL,65,25,208.0,1281.1,266468.8,2024-06-06
2024060601027787,HDL,58,25,100.0,1281.2,128120.0,2024-06-06
2024060601027786,HDL,57,25,50.0,1281.3,64065.0,2024-06-06
2024060601027785,HDL,38,25,30.0,1281.4,38442.0,2024-06-06
2024060604007699,MEN,94,72,194.0,572.5,111065.0,2024-06-06
2024060601027784,HDL,42,25,40.0,1281.5,51260.0,2024-06-06
2024060601027783,HDL,21,25,10.0,1281.5,12815.0,2024-06-06
2024060601027782,HDL,58,25,10.0,1281.5,12815.0,2024-06-06
2024060601027781,HDL,47,25,52.0,1281.6,66643.2,2024-06-06
2024060601027780,NYADI,64,59,70.0,285.0,19950.0,2024-06-06
2024060601027779,KDL,28,91,50.0,1215.0,60750.0,2024-06-06
2024060601027778,KDL,28,34,20.0,1215.0,24300.0,2024-06-06
2024060601027777,KDL,28,45,10.0,1212.0,12120.0,2024-06-06
2024060601027776,KDL,28,77,10.0,1210.0,12100.0,2024-06-06
2024060604007698,NICL,6,1,50.0,830.0,41500.0,2024-06-06
2024060601027775,UHEWA,58,37,1000.0,408.0,408000.0,2024-06-06
2024060603017676,SHINE,34,38,10.0,385.0,3850.0,2024-06-06
2024060603017675,SHINE,34,46,90.0,384.9,34641.0,2024-06-06
2024060604007697,CHCL,45,11,500.0,432.7,216350.0,2024-06-06
2024060601027774,NESDO,77,17,12.0,2146.2,25754.4,2024-06-06
2024060604007696,GHL,89,50,2000.0,143.0,286000.0,2024-06-06
2024060603017674,JFL,41,5,4003.0,568.0,2273704.0,2024-06-06
2024060601027773,ADBL,45,33,243.0,260.0,63180.0,2024-06-06
2024060601027772,ADBL,36,33,213.0,260.0,55380.0,2024-06-06
2024060601027771,ADBL,29,33,200.0,260.1,52020.0,2024-06-06
2024060601027770,ADBL,45,33,204.0,261.0,53244.0,2024-06-06
2024060603017673,NMBMF,18,1,50.0,721.5,36075.0,2024-06-06
2024060603017672,PFL,45,33,181.0,608.1,110066.1,2024-06-06
2024060603017671,PFL,57,33,40.0,608.9,24356.0,2024-06-06
2024060603017670,PFL,5,33,70.0,609.0,42630.0,2024-06-06
2024060603017669,PFL,74,33,11.0,609.0,6699.0,2024-06-06
2024060603017668,PFL,57,33,98.0,609.0,59682.0,2024-06-06
2024060604007695,SSHL,45,7,190.0,160.2,30438.0,2024-06-06
2024060604007694,SSHL,49,7,100.0,160.3,16030.0,2024-06-06
2024060604007693,SSHL,32,7,10.0,160.4,1604.0,2024-06-06
2024060604007692,SSHL,32,7,10.0,160.4,1604.0,2024-06-06
2024060604007691,SSHL,32,7,10.0,160.4,1604.0,2024-06-06
2024060604007690,SSHL,32,7,10.0,160.5,1605.0,2024-06-06
2024060604007689,SSHL,32,7,10.0,160.5,1605.0,2024-06-06
2024060604007688,SSHL,32,7,10.0,160.5,1605.0,2024-06-06
2024060604007687,SSHL,14,7,50.0,160.5,8025.0,2024-06-06
2024060604007686,SSHL,38,7,350.0,160.6,56210.0,2024-06-06
2024060601027769,SHIVM,50,49,200.0,491.0,98200.0,2024-06-06
2024060604007685,SPIL,44,50,30.0,768.0,23040.0,2024-06-06
2024060601027768,MANDU,52,13,30.0,897.1,26913.0,2024-06-06
2024060601027767,TVCL,74,40,50.0,448.4,22420.0,2024-06-06
2024060603017667,GILB,62,8,79.0,1575.0,124425.0,2024-06-06
2024060603017666,GILB,62,35,100.0,1575.0,157500.0,2024-06-06
2024060603017665,GILB,62,56,121.0,1574.0,190454.0,2024-06-06
2024060601027766,USHEC,38,57,300.0,405.0,121500.0,2024-06-06
2024060601027765,USHEC,38,48,190.0,405.0,76950.0,2024-06-06
2024060601027764,USHEC,38,38,10.0,404.0,4040.0,2024-06-06
2024060603017664,LBBL,21,50,10.0,380.9,3809.0,2024-06-06
2024060601027763,MSHL,51,42,10.0,653.0,6530.0,2024-06-06
2024060603017663,SLBBL,25,49,100.0,825.0,82500.0,2024-06-06
2024060603017662,SLBBL,25,32,30.0,825.0,24750.0,2024-06-06
2024060603017661,SLBBL,25,17,72.0,825.0,59400.0,2024-06-06
2024060603017660,SLBBL,25,53,200.0,825.0,165000.0,2024-06-06
2024060603017659,SLBBL,25,42,100.0,825.0,82500.0,2024-06-06
2024060603017658,SLBBL,25,49,272.0,825.0,224400.0,2024-06-06
2024060603017657,SLBBL,25,47,100.0,825.0,82500.0,2024-06-06
2024060603017656,SLBBL,25,10,600.0,825.0,495000.0,2024-06-06
2024060603017655,SLBBL,25,10,600.0,825.0,495000.0,2024-06-06
2024060603017654,SLBBL,25,6,193.0,825.0,159225.0,2024-06-06
2024060603017653,SLBBL,25,18,12.0,825.0,9900.0,2024-06-06
2024060603017652,SLBBL,25,22,100.0,825.0,82500.0,2024-06-06
2024060603017651,SLBBL,25,54,250.0,824.0,206000.0,2024-06-06
2024060603017650,SLBBL,25,38,131.0,824.0,107944.0,2024-06-06
2024060601027762,NWCL,10,32,10.0,838.0,8380.0,2024-06-06
2024060601027761,RFPL,62,59,15.0,364.0,5460.0,2024-06-06
2024060601027760,RFPL,52,59,200.0,364.0,72800.0,2024-06-06
2024060601027759,RFPL,52,59,505.0,364.0,183820.0,2024-06-06
2024060603017649,ALBSL,34,59,40.0,1000.0,40000.0,2024-06-06
2024060603017648,RSDC,29,58,10.0,688.0,6880.0,2024-06-06
2024060603017647,SWBBL,58,11,77.0,876.0,67452.0,2024-06-06
2024060601027758,ILI,42,58,10.0,431.5,4315.0,2024-06-06
2024060601027757,GBIME,16,42,394.0,180.5,71117.0,2024-06-06
2024060603017646,GILB,62,56,79.0,1574.0,124346.0,2024-06-06
2024060603017645,GILB,62,21,92.0,1573.0,144716.0,2024-06-06
2024060603017644,GILB,62,7,29.0,1572.0,45588.0,2024-06-06
2024060603017643,GILB,62,35,50.0,1570.0,78500.0,2024-06-06
2024060603017642,GILB,62,42,50.0,1560.0,78000.0,2024-06-06
2024060601027756,RNLI,44,57,89.0,425.0,37825.0,2024-06-06
2024060601027755,MHL,43,22,70.0,455.9,31913.0,2024-06-06
2024060601027754,MHL,43,22,200.0,455.9,91180.0,2024-06-06
2024060601027753,MHL,43,39,20.0,455.0,9100.0,2024-06-06
2024060601027752,MHL,43,17,10.0,455.0,4550.0,2024-06-06
2024060603017641,JFL,41,48,800.0,568.0,454400.0,2024-06-06
2024060604007684,UNHPL,21,19,25.0,219.0,5475.0,2024-06-06
2024060601027751,DLBS,75,25,40.0,1260.0,50400.0,2024-06-06
2024060601027750,MCHL,70,71,10.0,400.0,4000.0,2024-06-06
2024060601027749,CYCL,65,32,38.0,1578.0,59964.0,2024-06-06
2024060601027748,CYCL,77,32,12.0,1579.9,18958.8,2024-06-06
2024060601027747,PPL,4,55,10.0,433.1,4331.0,2024-06-06
2024060603017640,HLBSL,62,6,808.0,1346.0,1087568.0,2024-06-06
2024060603017639,HLBSL,49,6,10.0,1346.0,13460.0,2024-06-06
2024060603017638,SDLBSL,58,32,10.0,1001.0,10010.0,2024-06-06
2024060601027746,BNHC,5,57,50.0,628.1,31405.0,2024-06-06
2024060603017637,NABBC,85,22,100.0,569.9,56990.0,2024-06-06
2024060601027745,SIKLES,53,67,493.0,559.0,275587.0,2024-06-06
2024060601027744,SIKLES,81,67,290.0,559.1,162139.0,2024-06-06
2024060601027743,SIKLES,80,67,50.0,559.4,27970.0,2024-06-06
2024060601027742,MKLB,44,49,50.0,1252.2,62610.0,2024-06-06
2024060601027741,MKLB,38,49,100.0,1252.5,125250.0,2024-06-06
2024060601027740,MKLB,66,49,50.0,1254.0,62700.0,2024-06-06
2024060601027739,MKLB,44,49,200.0,1255.0,251000.0,2024-06-06
2024060601027738,MKLB,59,49,50.0,1260.0,63000.0,2024-06-06
2024060601027737,MKLB,13,49,20.0,1260.0,25200.0,2024-06-06
2024060601027736,MKLB,49,49,10.0,1260.0,12600.0,2024-06-06
2024060601027735,MKLB,32,49,100.0,1261.0,126100.0,2024-06-06
2024060601027734,MKLB,42,49,415.0,1261.0,523315.0,2024-06-06
2024060601027733,SMH,16,28,500.0,754.0,377000.0,2024-06-06
2024060604007683,SHEL,94,1,360.0,156.0,56160.0,2024-06-06
2024060604007682,SHEL,94,41,240.0,156.0,37440.0,2024-06-06
2024060605005380,STC,54,17,10.0,4926.0,49260.0,2024-06-06
2024060603017636,KMCDB,77,35,200.0,1100.1,220020.0,2024-06-06
2024060601027732,MKCL,35,35,40.0,1075.1,43004.0,2024-06-06
2024060603017635,NMLBBL,57,62,17.0,721.0,12257.0,2024-06-06
2024060603017634,NMLBBL,58,62,13.0,721.1,9374.3,2024-06-06
2024060603017633,NMLBBL,48,62,470.0,721.1,338917.0,2024-06-06
2024060603017632,GMFBS,10,66,40.0,1266.1,50644.0,2024-06-06
2024060605005379,NRN,75,47,100.0,610.0,61000.0,2024-06-06
2024060601027731,GCIL,45,38,190.0,479.0,91010.0,2024-06-06
2024060601027730,GCIL,41,38,30.0,479.0,14370.0,2024-06-06
2024060601027729,GCIL,47,38,20.0,479.0,9580.0,2024-06-06
2024060601027728,GCIL,69,38,55.0,479.0,26345.0,2024-06-06
2024060601027727,GCIL,1,38,85.0,479.9,40791.5,2024-06-06
2024060604007681,GHL,58,45,70.0,142.9,10003.0,2024-06-06
2024060603017631,NICLBSL,45,48,200.0,666.3,133260.0,2024-06-06
2024060603017630,MNBBL,53,43,248.0,343.0,85064.0,2024-06-06
2024060603017629,MNBBL,53,53,95.0,343.0,32585.0,2024-06-06
2024060601027726,RNLI,74,57,50.0,425.0,21250.0,2024-06-06
2024060601027725,NWCL,37,36,20.0,836.1,16722.0,2024-06-06
2024060601027724,NWCL,43,36,40.0,837.5,33500.0,2024-06-06
2024060603017628,NMLBBL,48,22,30.0,721.1,21633.0,2024-06-06
2024060601027723,NABIL,28,58,10.0,478.0,4780.0,2024-06-06
2024060604007680,SHL,14,16,110.0,433.7,47707.0,2024-06-06
2024060604007679,RIDI,14,14,10.0,165.0,1650.0,2024-06-06
2024060604007678,RIDI,14,59,290.0,165.0,47850.0,2024-06-06
2024060604007677,RHPL,42,26,40.0,266.0,10640.0,2024-06-06
2024060601027722,AVYAN,60,34,70.0,950.0,66500.0,2024-06-06
2024060601027721,AVYAN,38,34,100.0,950.0,95000.0,2024-06-06
2024060601027720,AVYAN,57,34,50.0,951.0,47550.0,2024-06-06
2024060603017627,ALBSL,34,36,10.0,1000.0,10000.0,2024-06-06
2024060603017626,ALBSL,34,35,40.0,1000.0,40000.0,2024-06-06
2024060601027719,HATHY,32,58,22.0,931.0,20482.0,2024-06-06
2024060601027718,PHCL,14,58,663.0,297.0,196911.0,2024-06-06
2024060601027717,PHCL,32,58,500.0,297.0,148500.0,2024-06-06
2024060601027716,PHCL,72,58,837.0,297.0,248589.0,2024-06-06
2024060603017625,KLBSL,17,57,14.0,978.1,13693.4,2024-06-06
2024060603017624,PMLI,47,57,380.0,495.1,188138.0,2024-06-06
2024060603017623,PMLI,48,57,40.0,495.2,19808.0,2024-06-06
2024060603017622,PMLI,7,57,90.0,495.3,44577.0,2024-06-06
2024060603017621,PMLI,6,57,90.0,495.4,44586.0,2024-06-06
2024060601027715,MCHL,65,57,215.0,395.2,84968.0,2024-06-06
2024060603017620,MLBBL,57,29,50.0,1397.8,69890.0,2024-06-06
2024060601027714,SMHL,56,65,25.0,585.0,14625.0,2024-06-06
2024060601027713,SMHL,56,65,75.0,585.0,43875.0,2024-06-06
2024060601027712,SMHL,29,65,15.0,585.0,8775.0,2024-06-06
2024060603017619,KLBSL,17,18,40.0,978.1,39124.0,2024-06-06
2024060601027711,RHGCL,42,6,71.0,355.0,25205.0,2024-06-06
2024060601027710,RHGCL,42,14,30.0,354.5,10635.0,2024-06-06
2024060603017618,KLBSL,17,5,34.0,978.1,33255.4,2024-06-06
2024060603017617,KRBL,88,35,40.0,424.0,16960.0,2024-06-06
2024060603017616,NMBMF,43,91,22.0,722.0,15884.0,2024-06-06
2024060603017615,NABBC,3,22,50.0,569.9,28495.0,2024-06-06
2024060603017614,NABBC,3,35,50.0,569.0,28450.0,2024-06-06
2024060604007676,NHPC,53,38,10.0,144.0,1440.0,2024-06-06
2024060605005378,NRN,38,45,170.0,611.0,103870.0,2024-06-06
2024060605005377,NRN,38,43,330.0,610.8,201564.0,2024-06-06
2024060603017613,MPFL,57,25,25.0,481.0,12025.0,2024-06-06
2024060603017612,MPFL,42,25,45.0,481.0,21645.0,2024-06-06
2024060603017611,MPFL,37,25,160.0,481.3,77008.0,2024-06-06
2024060601027709,MKHL,7,36,10.0,469.2,4692.0,2024-06-06
2024060604007675,HPPL,42,36,410.0,251.6,103156.0,2024-06-06
2024060604007674,SHL,38,46,150.0,433.3,64995.0,2024-06-06
2024060604007673,SHL,34,46,100.0,433.5,43350.0,2024-06-06
2024060604007672,SHL,34,46,145.0,433.5,62857.5,2024-06-06
2024060604007671,SHL,16,46,100.0,433.5,43350.0,2024-06-06
2024060604007670,SHL,81,46,200.0,433.6,86720.0,2024-06-06
2024060601027708,HDL,6,53,50.0,1282.0,64100.0,2024-06-06
2024060603017610,NFS,71,26,40.0,584.0,23360.0,2024-06-06
2024060603017609,NFS,71,26,60.0,584.0,35040.0,2024-06-06
2024060603017608,NFS,74,26,100.0,584.2,58420.0,2024-06-06
2024060605005376,STC,54,34,28.0,4926.0,137928.0,2024-06-06
2024060605005375,STC,54,28,10.0,4926.0,49260.0,2024-06-06
2024060605005374,STC,54,25,10.0,4922.0,49220.0,2024-06-06
2024060605005373,STC,54,25,100.0,4920.0,492000.0,2024-06-06
2024060605005372,STC,54,14,20.0,4920.0,98400.0,2024-06-06
2024060605005371,STC,54,51,10.0,4919.0,49190.0,2024-06-06
2024060605005370,STC,54,8,20.0,4919.0,98380.0,2024-06-06
2024060605005369,STC,54,45,90.0,4900.0,441000.0,2024-06-06
2024060604007669,AKJCL,37,11,69.0,200.0,13800.0,2024-06-06
2024060603017607,PMLI,34,42,10.0,499.0,4990.0,2024-06-06
2024060603017606,PMLI,34,41,10.0,498.0,4980.0,2024-06-06
2024060603017605,PMLI,34,32,10.0,496.0,4960.0,2024-06-06
2024060603017604,NMBMF,34,91,15.0,722.0,10830.0,2024-06-06
2024060603017603,NMBMF,34,60,35.0,722.0,25270.0,2024-06-06
2024060601027707,NWCL,43,34,460.0,837.5,385250.0,2024-06-06
2024060601027706,NWCL,64,34,40.0,838.0,33520.0,2024-06-06
2024060604007668,UAIL,58,52,30.0,560.0,16800.0,2024-06-06
2024060604007667,JOSHI,37,36,490.0,293.0,143570.0,2024-06-06
2024060604007666,JOSHI,37,60,525.0,293.0,153825.0,2024-06-06
2024060604007665,JOSHI,37,7,100.0,292.8,29280.0,2024-06-06
2024060604007664,JOSHI,37,42,80.0,292.8,23424.0,2024-06-06
2024060603017602,SMFBS,36,42,13.0,1401.0,18213.0,2024-06-06
2024060603017601,SMFBS,57,42,50.0,1411.2,70560.0,2024-06-06
2024060603017600,SMFBS,58,42,37.0,1412.0,52244.0,2024-06-06
2024060603017599,SWBBL,58,17,800.0,875.5,700400.0,2024-06-06
2024060603017598,SWBBL,33,17,100.0,875.5,87550.0,2024-06-06
2024060603017597,SWBBL,58,17,100.0,875.8,87580.0,2024-06-06
2024060601027705,MEHL,35,35,10.0,341.1,3411.0,2024-06-06
2024060601027704,NABIL,35,5,50.0,477.2,23860.0,2024-06-06
2024060601027703,BGWT,65,13,200.0,1018.0,203600.0,2024-06-06
2024060601027702,ULHC,39,52,50.0,400.7,20035.0,2024-06-06
2024060601027701,MKLB,26,41,50.0,1262.0,63100.0,2024-06-06
2024060603017596,MLBL,44,48,64.0,322.2,20620.8,2024-06-06
2024060601027700,NIBLSTF,13,48,200.0,8.53,1706.0,2024-06-06
2024060604007663,NIL,57,55,60.0,794.0,47640.0,2024-06-06
2024060601027699,MHCL,57,47,20.0,383.0,7660.0,2024-06-06
2024060601027698,JALPA,45,53,30.0,1515.0,45450.0,2024-06-06
2024060601027697,JALPA,48,53,20.0,1515.5,30310.0,2024-06-06
2024060603017595,JBBL,8,38,82.0,285.5,23411.0,2024-06-06
2024060603017594,JBBL,42,38,105.0,285.5,29977.5,2024-06-06
2024060603017593,JBBL,14,38,133.0,285.5,37971.5,2024-06-06
2024060603017592,JBBL,1,38,80.0,285.6,22848.0,2024-06-06
2024060601027696,UNLB,46,32,24.0,1994.0,47856.0,2024-06-06
2024060603017591,NUBL,44,59,20.0,681.0,13620.0,2024-06-06
2024060604007662,NGPL,13,32,300.0,300.3,90090.0,2024-06-06
2024060604007661,BARUN,32,48,20.0,235.0,4700.0,2024-06-06
2024060604007660,BARUN,32,38,80.0,234.9,18792.0,2024-06-06
2024060601027695,KBL,48,18,2600.0,139.9,363740.0,2024-06-06
2024060604007659,GLH,34,49,11.0,202.0,2222.0,2024-06-06
2024060605005368,HRL,21,17,10.0,561.8,5618.0,2024-06-06
2024060603017590,KMCDB,77,33,470.0,1100.0,517000.0,2024-06-06
2024060605005367,NRN,75,25,50.0,610.0,30500.0,2024-06-06
2024060605005366,NRN,75,38,287.0,610.0,175070.0,2024-06-06
2024060603017589,FOWAD,82,21,200.0,1294.0,258800.0,2024-06-06
2024060603017588,GLBSL,64,35,10.0,1870.0,18700.0,2024-06-06
2024060603017587,GLBSL,51,35,50.0,1870.0,93500.0,2024-06-06
2024060603017586,GLBSL,35,35,50.0,1871.0,93550.0,2024-06-06
2024060603017585,GLBSL,49,35,20.0,1872.0,37440.0,2024-06-06
2024060603017584,GLBSL,22,35,50.0,1873.0,93650.0,2024-06-06
2024060603017583,GLBSL,66,35,20.0,1873.0,37460.0,2024-06-06
2024060603017582,JSLBB,39,40,47.0,1457.0,68479.0,2024-06-06
2024060604007658,CGH,62,71,450.0,860.0,387000.0,2024-06-06
2024060604007657,CGH,37,71,10.0,861.0,8610.0,2024-06-06
2024060601027694,GVL,39,72,125.0,505.0,63125.0,2024-06-06
2024060601027693,GVL,39,38,500.0,505.0,252500.0,2024-06-06
2024060601027692,GVL,39,45,10.0,505.0,5050.0,2024-06-06
2024060601027691,GVL,39,41,10.0,505.0,5050.0,2024-06-06
2024060601027690,GVL,39,29,10.0,505.0,5050.0,2024-06-06
2024060601027689,GVL,39,28,10.0,505.0,5050.0,2024-06-06
2024060601027688,GVL,39,5,10.0,505.0,5050.0,2024-06-06
2024060601027687,GVL,39,58,10.0,505.0,5050.0,2024-06-06
2024060601027686,GVL,39,34,10.0,505.0,5050.0,2024-06-06
2024060601027685,GVL,39,57,10.0,505.0,5050.0,2024-06-06
2024060601027684,GVL,39,10,100.0,505.0,50500.0,2024-06-06
2024060601027683,GVL,39,58,10.0,505.0,5050.0,2024-06-06
2024060601027682,GVL,39,74,200.0,504.9,100980.0,2024-06-06
2024060601027681,GVL,39,17,100.0,504.9,50490.0,2024-06-06
2024060601027680,GVL,39,6,100.0,504.7,50470.0,2024-06-06
2024060601027679,GVL,39,53,100.0,504.0,50400.0,2024-06-06
2024060601027678,GVL,39,3,100.0,504.0,50400.0,2024-06-06
2024060601027677,GVL,39,7,100.0,503.9,50390.0,2024-06-06
2024060601027676,GVL,39,57,10.0,503.8,5038.0,2024-06-06
2024060601027675,GVL,39,22,10.0,503.0,5030.0,2024-06-06
2024060601027674,GVL,39,51,10.0,503.0,5030.0,2024-06-06
2024060601027673,GVL,39,3,10.0,503.0,5030.0,2024-06-06
2024060601027672,GVL,39,42,10.0,503.0,5030.0,2024-06-06
2024060601027671,GVL,39,34,10.0,503.0,5030.0,2024-06-06
2024060601027670,GVL,39,47,200.0,502.0,100400.0,2024-06-06
2024060601027669,GVL,39,17,10.0,502.0,5020.0,2024-06-06
2024060601027668,GVL,39,45,100.0,502.0,50200.0,2024-06-06
2024060601027667,GVL,39,58,10.0,501.0,5010.0,2024-06-06
2024060601027666,GVL,39,47,150.0,501.0,75150.0,2024-06-06
2024060601027665,GVL,39,47,200.0,501.0,100200.0,2024-06-06
2024060601027664,GVL,39,34,10.0,501.0,5010.0,2024-06-06
2024060601027663,GVL,39,51,10.0,501.0,5010.0,2024-06-06
2024060601027662,GVL,39,58,10.0,501.0,5010.0,2024-06-06
2024060601027661,GVL,39,38,10.0,501.0,5010.0,2024-06-06
2024060601027660,GVL,39,47,100.0,500.9,50090.0,2024-06-06
2024060601027659,GVL,39,46,400.0,500.0,200000.0,2024-06-06
2024060601027658,GVL,39,48,200.0,500.0,100000.0,2024-06-06
2024060601027657,GVL,39,32,500.0,500.0,250000.0,2024-06-06
2024060601027656,GVL,39,48,50.0,500.0,25000.0,2024-06-06
2024060601027655,GVL,39,55,10.0,500.0,5000.0,2024-06-06
2024060601027654,GVL,39,38,10.0,500.0,5000.0,2024-06-06
2024060601027653,GVL,39,47,10.0,500.0,5000.0,2024-06-06
2024060601027652,GVL,39,29,10.0,500.0,5000.0,2024-06-06
2024060601027651,GVL,39,34,10.0,500.0,5000.0,2024-06-06
2024060601027650,GVL,39,57,350.0,500.0,175000.0,2024-06-06
2024060601027649,GVL,39,4,10.0,500.0,5000.0,2024-06-06
2024060601027648,GVL,39,58,10.0,500.0,5000.0,2024-06-06
2024060601027647,GVL,39,58,300.0,500.0,150000.0,2024-06-06
2024060601027646,GVL,39,57,10.0,500.0,5000.0,2024-06-06
2024060601027645,GVL,39,26,10.0,500.0,5000.0,2024-06-06
2024060601027644,GVL,39,28,10.0,500.0,5000.0,2024-06-06
2024060601027643,GVL,39,58,10.0,500.0,5000.0,2024-06-06
2024060601027642,GVL,39,32,10.0,500.0,5000.0,2024-06-06
2024060601027641,GVL,39,76,320.0,499.9,159968.0,2024-06-06
2024060601027640,GVL,39,46,10.0,499.9,4999.0,2024-06-06
2024060601027639,GVL,39,39,345.0,499.6,172362.0,2024-06-06
2024060601027638,GVL,39,58,10.0,499.0,4990.0,2024-06-06
2024060601027637,GVL,39,34,10.0,499.0,4990.0,2024-06-06
2024060603017581,SFCL,41,36,10.0,359.9,3599.0,2024-06-06
2024060604007656,SHL,81,44,200.0,433.6,86720.0,2024-06-06
2024060603017580,JFL,41,45,445.0,568.0,252760.0,2024-06-06
2024060601027636,SRLI,44,53,50.0,440.0,22000.0,2024-06-06
2024060601027635,SRLI,38,53,50.0,440.0,22000.0,2024-06-06
2024060601027634,SRLI,45,53,304.0,440.0,133760.0,2024-06-06
2024060601027633,SRLI,58,53,20.0,440.1,8802.0,2024-06-06
2024060603017579,SINDU,91,52,570.0,374.0,213180.0,2024-06-06
2024060603017578,SINDU,14,52,300.0,374.1,112230.0,2024-06-06
2024060603017577,SINDU,35,52,130.0,374.2,48646.0,2024-06-06
2024060604007655,SHL,81,38,200.0,433.6,86720.0,2024-06-06
2024060601027632,NRM,32,36,10.0,379.0,3790.0,2024-06-06
2024060603017576,MFIL,47,28,250.0,499.9,124975.0,2024-06-06
2024060603017575,SINDU,14,88,10.0,376.4,3764.0,2024-06-06
2024060601027631,SHLB,60,81,320.0,1740.0,556800.0,2024-06-06
2024060601027630,SHLB,6,81,100.0,1741.1,174110.0,2024-06-06
2024060601027629,SHLB,32,81,20.0,1742.0,34840.0,2024-06-06
2024060601027628,SHLB,45,81,10.0,1742.2,17422.0,2024-06-06
2024060601027627,SHLB,6,81,40.0,1742.2,69688.0,2024-06-06
2024060601027626,SHLB,58,81,10.0,1742.2,17422.0,2024-06-06
2024060601027625,JALPA,34,58,10.0,1518.0,15180.0,2024-06-06
2024060601027624,JALPA,34,19,90.0,1518.0,136620.0,2024-06-06
2024060601027623,GCIL,1,57,50.0,479.9,23995.0,2024-06-06
2024060601027622,GCIL,1,26,15.0,479.9,7198.5,2024-06-06
2024060605005365,HRL,50,38,92.0,561.9,51694.8,2024-06-06
2024060604007654,NHPC,47,13,20.0,143.2,2864.0,2024-06-06
2024060601027621,BNHC,62,70,100.0,630.0,63000.0,2024-06-06
2024060601027620,BEDC,21,22,10.0,397.0,3970.0,2024-06-06
2024060603017574,SHINE,41,21,24.0,384.1,9218.4,2024-06-06
2024060603017573,SHINE,74,21,76.0,384.1,29191.6,2024-06-06
2024060601027619,JBLB,46,51,20.0,1371.0,27420.0,2024-06-06
2024060605005364,NTC,65,53,10.0,833.1,8331.0,2024-06-06
2024060604007653,AHPC,52,42,482.0,154.0,74228.0,2024-06-06
2024060604007652,AHPC,52,21,40.0,154.0,6160.0,2024-06-06
2024060604007651,AHPC,52,26,78.0,153.9,12004.2,2024-06-06
2024060603017572,JBBL,1,20,50.0,285.6,14280.0,2024-06-06
2024060603017571,JBBL,10,20,50.0,286.0,14300.0,2024-06-06
2024060604007650,CHCL,4,34,17.0,434.0,7378.0,2024-06-06
2024060601027618,HATHY,32,6,184.0,931.0,171304.0,2024-06-06
2024060601027617,PPL,50,57,109.0,433.0,47197.0,2024-06-06
2024060603017570,SLBSL,5,94,10.0,1176.0,11760.0,2024-06-06
2024060604007649,AHPC,49,26,80.0,153.9,12312.0,2024-06-06
2024060604007648,GLH,34,39,150.0,202.0,30300.0,2024-06-06
2024060601027616,MKCL,35,35,10.0,1075.1,10751.0,2024-06-06
2024060601027615,PHCL,72,35,285.0,297.0,84645.0,2024-06-06
2024060601027614,PHCL,57,35,200.0,297.1,59420.0,2024-06-06
2024060601027613,PHCL,6,35,300.0,297.1,89130.0,2024-06-06
2024060601027612,PHCL,70,35,70.0,297.2,20804.0,2024-06-06
2024060601027611,PHCL,39,35,125.0,297.3,37162.5,2024-06-06
2024060601027610,PHCL,36,35,20.0,298.1,5962.0,2024-06-06
2024060601027609,MEHL,51,58,10.0,341.0,3410.0,2024-06-06
2024060601027608,PRVU,33,26,19.0,142.8,2713.2,2024-06-06
2024060601027607,PRVU,33,41,11.0,142.2,1564.2,2024-06-06
2024060603017569,MPFL,37,1,100.0,481.3,48130.0,2024-06-06
2024060601027606,SMHL,91,7,100.0,586.0,58600.0,2024-06-06
2024060603017568,SJLIC,53,32,20.0,410.5,8210.0,2024-06-06
2024060603017567,JFL,41,36,850.0,568.0,482800.0,2024-06-06
2024060601027605,HATHY,38,32,10.0,934.9,9349.0,2024-06-06
2024060605005363,CHDC,28,52,10.0,980.0,9800.0,2024-06-06
2024060603017566,HLBSL,82,57,30.0,1347.0,40410.0,2024-06-06
2024060604007647,NGPL,42,16,151.0,300.0,45300.0,2024-06-06
2024060604007646,NGPL,34,16,249.0,300.0,74700.0,2024-06-06
2024060604007645,LEC,49,42,56.0,177.0,9912.0,2024-06-06
2024060601027604,MKHL,58,45,10.0,473.9,4739.0,2024-06-06
2024060601027603,MKHL,58,38,10.0,472.2,4722.0,2024-06-06
2024060601027602,MKHL,58,32,40.0,472.0,18880.0,2024-06-06
2024060603017565,HLI,42,35,50.0,385.0,19250.0,2024-06-06
2024060601027601,CLI,29,42,10.0,478.1,4781.0,2024-06-06
2024060603017564,HLI,42,25,90.0,385.0,34650.0,2024-06-06
2024060603017563,JFL,41,13,50.0,568.0,28400.0,2024-06-06
2024060601027600,NMB,36,84,1000.0,197.0,197000.0,2024-06-06
2024060601027599,MANDU,52,43,16.0,897.1,14353.6,2024-06-06
2024060601027598,MANDU,42,43,200.0,897.1,179420.0,2024-06-06
2024060601027597,MANDU,89,43,284.0,897.1,254776.4,2024-06-06
2024060603017562,MERO,43,46,30.0,698.0,20940.0,2024-06-06
2024060604007644,API,19,42,285.0,167.0,47595.0,2024-06-06
2024060603017561,JBBL,10,33,50.0,286.0,14300.0,2024-06-06
2024060603017560,RSDC,38,22,50.0,686.8,34340.0,2024-06-06
2024060601027596,TSHL,50,4,62.0,500.0,31000.0,2024-06-06
2024060603017559,MPFL,37,14,250.0,481.3,120325.0,2024-06-06
2024060603017558,MPFL,43,14,250.0,481.4,120350.0,2024-06-06
2024060603017557,WNLB,42,26,20.0,1413.0,28260.0,2024-06-06
2024060603017556,WNLB,58,26,39.0,1413.0,55107.0,2024-06-06
2024060603017555,SWBBL,74,11,10.0,876.0,8760.0,2024-06-06
2024060603017554,SWBBL,58,11,13.0,876.1,11389.3,2024-06-06
2024060603017553,USLB,45,67,145.0,1930.0,279850.0,2024-06-06
2024060601027595,MKCL,35,57,50.0,1075.1,53755.0,2024-06-06
2024060603017552,HLBSL,82,49,170.0,1347.0,228990.0,2024-06-06
2024060603017551,HLBSL,26,49,30.0,1347.0,40410.0,2024-06-06
2024060601027594,NBL,16,33,174.0,205.8,35809.2,2024-06-06
2024060601027593,NBL,46,33,200.0,205.8,41160.0,2024-06-06
2024060601027592,NBL,56,33,30.0,205.9,6177.0,2024-06-06
2024060601027591,NBL,43,33,200.0,205.9,41180.0,2024-06-06
2024060601027590,NBL,1,33,50.0,206.0,10300.0,2024-06-06
2024060601027589,NBL,63,33,50.0,206.0,10300.0,2024-06-06
2024060601027588,NBL,57,33,480.0,207.0,99360.0,2024-06-06
2024060601027587,NBL,57,33,100.0,207.0,20700.0,2024-06-06
2024060601027586,CLI,29,77,10.0,478.1,4781.0,2024-06-06
2024060601027585,BGWT,65,58,10.0,1018.0,10180.0,2024-06-06
2024060601027584,MMKJL,58,42,25.0,484.9,12122.5,2024-06-06
2024060601027583,MMKJL,58,58,10.0,484.9,4849.0,2024-06-06
2024060601027582,MMKJL,58,44,10.0,484.9,4849.0,2024-06-06
2024060601027581,MMKJL,58,64,65.0,484.6,31499.0,2024-06-06
2024060601027580,MKCL,35,58,40.0,1075.1,43004.0,2024-06-06
2024060603017550,BFC,48,58,200.0,430.5,86100.0,2024-06-06
2024060601027579,MKHC,56,58,10.0,314.1,3141.0,2024-06-06
2024060601027578,SPC,48,51,50.0,539.0,26950.0,2024-06-06
2024060603017549,JFL,41,48,800.0,568.0,454400.0,2024-06-06
2024060601027577,MEHL,51,21,10.0,341.0,3410.0,2024-06-06
2024060604007643,NHPC,47,58,340.0,143.2,48688.0,2024-06-06
2024060604007642,NHPC,47,45,120.0,143.2,17184.0,2024-06-06
2024060604007641,NHPC,47,45,345.0,143.2,49404.0,2024-06-06
2024060604007640,SHL,81,45,400.0,433.6,173440.0,2024-06-06
2024060604007639,SHL,34,45,100.0,433.7,43370.0,2024-06-06
2024060603017548,NICLBSL,85,45,200.0,666.2,133240.0,2024-06-06
2024060601027576,SPHL,49,19,40.0,489.2,19568.0,2024-06-06
2024060605005362,LEMF,36,57,2500.0,9.72,24300.0,2024-06-06
2024060603017547,DDBL,83,41,132.0,758.0,100056.0,2024-06-06
2024060603017546,DDBL,83,55,10.0,758.0,7580.0,2024-06-06
2024060603017545,NLIC,19,42,25.0,607.5,15187.5,2024-06-06
2024060604007638,API,58,38,90.0,166.9,15021.0,2024-06-06
2024060601027575,MKHC,56,38,160.0,314.1,50256.0,2024-06-06
2024060601027574,JALPA,54,35,20.0,1517.0,30340.0,2024-06-06
2024060603017544,PFL,57,11,200.0,609.0,121800.0,2024-06-06
2024060604007637,SICL,50,28,81.0,696.0,56376.0,2024-06-06
2024060604007636,JOSHI,58,57,500.0,292.7,146350.0,2024-06-06
2024060601027573,NICA,41,56,200.0,408.0,81600.0,2024-06-06
2024060601027572,NWCL,64,35,10.0,838.0,8380.0,2024-06-06
2024060601027571,SONA,29,35,177.0,440.0,77880.0,2024-06-06
2024060601027570,SONA,58,35,55.0,440.0,24200.0,2024-06-06
2024060601027569,SONA,17,35,10.0,440.0,4400.0,2024-06-06
2024060601027568,SONA,49,35,50.0,440.0,22000.0,2024-06-06
2024060601027567,SONA,68,35,145.0,440.0,63800.0,2024-06-06
2024060601027566,SONA,45,35,50.0,440.1,22005.0,2024-06-06
2024060601027565,SONA,57,35,200.0,441.0,88200.0,2024-06-06
2024060601027564,SONA,49,35,61.0,441.0,26901.0,2024-06-06
2024060601027563,SONA,29,35,555.0,441.0,244755.0,2024-06-06
2024060601027562,SONA,17,35,30.0,441.0,13230.0,2024-06-06
2024060601027561,SONA,29,35,555.0,441.1,244810.5,2024-06-06
2024060601027560,SONA,72,35,40.0,441.1,17644.0,2024-06-06
2024060601027559,SONA,29,35,130.0,441.1,57343.0,2024-06-06
2024060601027558,SONA,75,35,1197.0,441.2,528116.4,2024-06-06
2024060601027557,SONA,11,35,190.0,441.3,83847.0,2024-06-06
2024060601027556,SONA,29,35,555.0,441.5,245032.5,2024-06-06
2024060601027555,PPL,50,35,291.0,433.0,126003.0,2024-06-06
2024060601027554,PPL,35,35,26.0,433.1,11260.6,2024-06-06
2024060601027553,PPL,58,35,100.0,433.1,43310.0,2024-06-06
2024060601027552,PPL,10,35,83.0,433.1,35947.3,2024-06-06
2024060603017543,NABBC,40,22,85.0,569.9,48441.5,2024-06-06
2024060603017542,NABBC,40,34,15.0,568.0,8520.0,2024-06-06
2024060601027551,GCIL,6,42,1.0,479.4,479.4,2024-06-06
2024060601027550,MKHC,56,58,200.0,314.1,62820.0,2024-06-06
2024060601027549,RNLI,6,22,285.0,424.5,120982.5,2024-06-06
2024060601027548,RNLI,35,22,15.0,424.6,6369.0,2024-06-06
2024060603017541,GILB,46,42,17.0,1555.0,26435.0,2024-06-06
2024060603017540,MERO,56,46,20.0,698.0,13960.0,2024-06-06
2024060603017539,MERO,44,46,117.0,698.0,81666.0,2024-06-06
2024060603017538,NUBL,44,19,100.0,681.0,68100.0,2024-06-06
2024060603017537,GMFIL,58,59,218.0,392.8,85630.4,2024-06-06
2024060601027547,RAWA,43,59,150.0,510.2,76530.0,2024-06-06
2024060601027546,SMJC,17,6,200.0,374.0,74800.0,2024-06-06
2024060601027545,KDL,60,26,10.0,1208.0,12080.0,2024-06-06
2024060604007635,NGPL,34,54,1151.0,300.0,345300.0,2024-06-06
2024060604007634,NGPL,1,54,275.0,300.0,82500.0,2024-06-06
2024060604007633,NGPL,42,54,1000.0,300.1,300100.0,2024-06-06
2024060604007632,NGPL,67,54,100.0,300.1,30010.0,2024-06-06
2024060603017536,GBBL,26,40,100.0,362.5,36250.0,2024-06-06
2024060603017535,NADEP,81,50,50.0,873.0,43650.0,2024-06-06
2024060603017534,FOWAD,57,21,35.0,1294.0,45290.0,2024-06-06
2024060604007631,MEN,94,16,206.0,572.5,117935.0,2024-06-06
2024060604007630,MEN,13,16,140.0,572.5,80150.0,2024-06-06
2024060604007629,MEN,42,16,54.0,573.0,30942.0,2024-06-06
2024060604007628,MEN,62,16,200.0,573.2,114640.0,2024-06-06
2024060601027544,NMB,36,49,100.0,197.0,19700.0,2024-06-06
2024060601027543,ULHC,16,52,10.0,400.7,4007.0,2024-06-06
2024060603017533,JFL,34,48,84.0,570.0,47880.0,2024-06-06
2024060603017532,JFL,34,26,496.0,570.0,282720.0,2024-06-06
2024060603017531,JFL,34,26,100.0,570.0,57000.0,2024-06-06
2024060603017530,JFL,34,33,200.0,570.0,114000.0,2024-06-06
2024060603017529,JFL,34,36,50.0,570.0,28500.0,2024-06-06
2024060603017528,JFL,34,22,500.0,570.0,285000.0,2024-06-06
2024060603017527,JFL,34,45,20.0,570.0,11400.0,2024-06-06
2024060603017526,JFL,34,48,50.0,570.0,28500.0,2024-06-06
2024060601027542,IHL,77,56,312.0,399.0,124488.0,2024-06-06
2024060601027541,IHL,77,6,3000.0,399.0,1197000.0,2024-06-06
2024060601027540,IHL,77,48,10.0,398.9,3989.0,2024-06-06
2024060601027539,SGHC,42,45,200.0,325.7,65140.0,2024-06-06
2024060603017525,GMFIL,58,39,200.0,392.8,78560.0,2024-06-06
2024060603017524,CBBL,33,44,21.0,846.0,17766.0,2024-06-06
2024060601027538,KBL,48,28,2165.0,139.9,302883.5,2024-06-06
2024060601027537,KBL,48,49,145.0,139.9,20285.5,2024-06-06
2024060601027536,KBL,48,75,500.0,139.7,69850.0,2024-06-06
2024060601027535,KBL,48,26,774.0,139.2,107740.8,2024-06-06
2024060601027534,KBL,48,26,990.0,139.2,137808.0,2024-06-06
2024060601027533,KBL,48,59,928.0,138.6,128620.8,2024-06-06
2024060601027532,KBL,48,56,96.0,138.5,13296.0,2024-06-06
2024060603017523,ALBSL,58,35,50.0,1000.0,50000.0,2024-06-06
2024060604007627,UPPER,58,58,644.0,160.6,103426.4,2024-06-06
2024060604007626,UPPER,43,58,54.0,160.6,8672.4,2024-06-06
2024060604007625,UPPER,38,58,100.0,160.7,16070.0,2024-06-06
2024060604007624,UPPER,11,58,800.0,160.7,128560.0,2024-06-06
2024060601027531,VLUCL,55,29,30.0,507.0,15210.0,2024-06-06
2024060605005361,HRL,41,56,100.0,561.8,56180.0,2024-06-06
2024060603017522,CBBL,41,36,20.0,847.0,16940.0,2024-06-06
2024060603017521,GLBSL,51,45,30.0,1875.0,56250.0,2024-06-06
2024060601027530,KBSH,45,19,225.0,1134.0,255150.0,2024-06-06
2024060601027529,KBSH,45,57,75.0,1133.9,85042.5,2024-06-06
2024060603017520,SKBBL,59,21,17.0,824.0,14008.0,2024-06-06
2024060603017519,SKBBL,59,26,33.0,824.0,27192.0,2024-06-06
2024060603017518,SKBBL,59,38,50.0,823.1,41155.0,2024-06-06
2024060601027528,NABIL,32,58,50.0,478.0,23900.0,2024-06-06
2024060601027527,CZBIL,26,26,260.0,167.0,43420.0,2024-06-06
2024060601027526,CZBIL,26,59,240.0,167.0,40080.0,2024-06-06
2024060601027525,VLUCL,65,29,70.0,507.0,35490.0,2024-06-06
2024060601027524,VLUCL,65,64,10.0,507.0,5070.0,2024-06-06
2024060603017517,SJLIC,71,57,220.0,410.4,90288.0,2024-06-06
2024060603017516,SJLIC,43,57,45.0,410.5,18472.5,2024-06-06
2024060603017515,SJLIC,21,57,35.0,410.5,14367.5,2024-06-06
2024060601027523,SAHAS,29,57,30.0,517.0,15510.0,2024-06-06
2024060601027522,UHEWA,3,94,10.0,406.1,4061.0,2024-06-06
2024060601027521,UHEWA,49,94,390.0,406.2,158418.0,2024-06-06
2024060601027520,MBJC,62,56,450.0,302.0,135900.0,2024-06-06
2024060604007623,SPIL,44,49,500.0,768.0,384000.0,2024-06-06
2024060601027519,SHIVM,5,49,1357.0,491.0,666287.0,2024-06-06
2024060601027518,AVYAN,57,17,150.0,951.0,142650.0,2024-06-06
2024060601027517,AVYAN,88,17,100.0,951.0,95100.0,2024-06-06
2024060601027516,AVYAN,51,17,50.0,951.1,47555.0,2024-06-06
2024060601027515,AVYAN,88,17,200.0,951.2,190240.0,2024-06-06
2024060601027514,AVYAN,17,17,300.0,952.0,285600.0,2024-06-06
2024060601027513,AVYAN,62,17,200.0,952.0,190400.0,2024-06-06
2024060604007622,NHPC,75,45,50.0,143.2,7160.0,2024-06-06
2024060603017514,NABBC,40,34,50.0,568.3,28415.0,2024-06-06
2024060603017513,NABBC,39,34,50.0,568.9,28445.0,2024-06-06
2024060603017512,NABBC,51,34,85.0,569.0,48365.0,2024-06-06
2024060601027512,MKCL,3,7,10.0,1075.0,10750.0,2024-06-06
2024060601027511,GCIL,35,26,97.0,479.9,46550.3,2024-06-06
2024060605005360,RMF1,43,33,100.0,8.11,811.0,2024-06-06
2024060601027510,SARBTM,42,16,111.0,807.0,89577.0,2024-06-06
2024060601027509,SARBTM,42,22,45.0,806.0,36270.0,2024-06-06
2024060601027508,PRVU,56,21,48.0,141.2,6777.6,2024-06-06
2024060601027507,PRVU,42,21,22.0,141.2,3106.4,2024-06-06
2024060601027506,PRVU,34,21,30.0,141.2,4236.0,2024-06-06
2024060603017511,SLBBL,59,55,50.0,815.6,40780.0,2024-06-06
2024060601027505,PCBL,41,36,17.0,199.5,3391.5,2024-06-06
2024060605005359,CIT,8,51,18.0,2112.0,38016.0,2024-06-06
2024060601027504,BNHC,45,70,30.0,630.0,18900.0,2024-06-06
2024060601027503,BNHC,45,70,70.0,630.0,44100.0,2024-06-06
2024060603017510,MPFL,45,13,37.0,482.0,17834.0,2024-06-06
2024060603017509,ALBSL,43,52,670.0,995.1,666717.0,2024-06-06
2024060603017508,ALBSL,53,52,20.0,996.0,19920.0,2024-06-06
2024060603017507,ALBSL,58,52,20.0,996.0,19920.0,2024-06-06
2024060605005358,CHDC,36,52,57.0,980.0,55860.0,2024-06-06
2024060603017506,ILBS,17,19,20.0,1335.0,26700.0,2024-06-06
2024060603017505,ILBS,3,19,90.0,1335.0,120150.0,2024-06-06
2024060603017504,ILBS,45,19,28.0,1335.0,37380.0,2024-06-06
2024060603017503,ILBS,67,19,20.0,1336.0,26720.0,2024-06-06
2024060603017502,JFL,41,29,500.0,568.0,284000.0,2024-06-06
2024060605005357,NRN,7,38,25.0,610.0,15250.0,2024-06-06
2024060603017501,NADEP,82,60,500.0,870.0,435000.0,2024-06-06
2024060603017500,MERO,44,57,200.0,698.0,139600.0,2024-06-06
2024060604007621,RBCL,51,57,10.0,13380.0,133800.0,2024-06-06
2024060601027502,AHL,37,13,10.0,469.0,4690.0,2024-06-06
2024060601027501,SCB,34,35,260.0,560.4,145704.0,2024-06-06
2024060603017499,GUFL,65,1,70.0,656.0,45920.0,2024-06-06
2024060603017498,GUFL,33,1,20.0,656.0,13120.0,2024-06-06
2024060603017497,GUFL,39,1,30.0,656.0,19680.0,2024-06-06
2024060603017496,SLBBL,59,64,65.0,815.6,53014.0,2024-06-06
2024060603017495,PFL,45,41,160.0,612.0,97920.0,2024-06-06
2024060603017494,PFL,45,13,140.0,610.0,85400.0,2024-06-06
2024060605005356,NBF3,4,45,1000.0,7.5,7500.0,2024-06-06
2024060603017493,PROFL,55,52,166.0,354.0,58764.0,2024-06-06
2024060601027500,BEDC,85,22,20.0,397.0,7940.0,2024-06-06
2024060603017492,PROFL,55,14,500.0,354.0,177000.0,2024-06-06
2024060604007620,RIDI,18,29,20.0,164.3,3286.0,2024-06-06
2024060601027499,RNLI,35,25,75.0,424.6,31845.0,2024-06-06
2024060603017491,JFL,41,38,1667.0,568.0,946856.0,2024-06-06
2024060601027498,NRM,41,18,50.0,377.0,18850.0,2024-06-06
2024060603017490,HLBSL,26,57,20.0,1347.0,26940.0,2024-06-06
2024060601027497,DLBS,75,51,50.0,1260.0,63000.0,2024-06-06
2024060601027496,DLBS,75,32,10.0,1260.0,12600.0,2024-06-06
2024060601027495,DLBS,75,17,10.0,1260.0,12600.0,2024-06-06
2024060601027494,DLBS,75,10,10.0,1260.0,12600.0,2024-06-06
2024060601027493,DLBS,75,35,10.0,1260.0,12600.0,2024-06-06
2024060601027492,DLBS,75,6,80.0,1254.9,100392.0,2024-06-06
2024060601027491,DLBS,75,35,20.0,1252.0,25040.0,2024-06-06
2024060601027490,DLBS,75,49,10.0,1250.0,12500.0,2024-06-06
2024060601027489,DLBS,75,64,70.0,1247.0,87290.0,2024-06-06
2024060601027488,DLBS,75,25,33.0,1247.0,41151.0,2024-06-06
2024060601027487,DLBS,75,51,100.0,1246.0,124600.0,2024-06-06
2024060604007619,CHCL,45,5,150.0,432.7,64905.0,2024-06-06
2024060601027486,CZBIL,37,34,336.0,166.2,55843.2,2024-06-06
2024060601027485,CZBIL,59,34,10.0,166.2,1662.0,2024-06-06
