transaction,symbol,buyer,seller,quantity,rate,amount,date
2024050503021277,PFL,62,8,10.0,736.0,7360.0,2024-05-05
2024050501025539,NICA,40,28,50.0,349.0,17450.0,2024-05-05
2024050501025538,NICA,42,28,150.0,349.0,52350.0,2024-05-05
2024050503021276,NLIC,58,22,20.0,587.0,11740.0,2024-05-05
2024050501025537,MEHL,58,58,10.0,305.2,3052.0,2024-05-05
2024050501025536,DOLTI,28,25,300.0,493.0,147900.0,2024-05-05
2024050504008880,NGPL,68,80,500.0,304.8,152400.0,2024-05-05
2024050504008879,SGIC,48,35,40.0,525.0,21000.0,2024-05-05
2024050501025535,CITY,68,11,10.0,578.0,5780.0,2024-05-05
2024050503021275,PFL,43,35,650.0,665.1,432315.0,2024-05-05
2024050501025534,BHPL,35,58,10.0,519.0,5190.0,2024-05-05
2024050501025533,UHEWA,35,33,30.0,397.0,11910.0,2024-05-05
2024050501025532,RNLI,1,26,11.0,426.0,4686.0,2024-05-05
2024050501025531,RNLI,1,58,11.0,426.0,4686.0,2024-05-05
2024050501025530,RNLI,1,49,16.0,426.0,6816.0,2024-05-05
2024050501025529,PPL,69,1,10.0,554.0,5540.0,2024-05-05
2024050503021274,SJLIC,53,53,71.0,411.0,29181.0,2024-05-05
2024050503021273,SJLIC,38,53,24.0,411.0,9864.0,2024-05-05
2024050503021272,SJLIC,26,53,150.0,411.0,61650.0,2024-05-05
2024050503021271,SJLIC,51,53,20.0,411.0,8220.0,2024-05-05
2024050503021270,SJLIC,57,53,30.0,411.0,12330.0,2024-05-05
2024050503021269,SJLIC,43,53,50.0,411.1,20555.0,2024-05-05
2024050503021268,SJLIC,45,53,100.0,411.2,41120.0,2024-05-05
2024050503021267,SJLIC,14,53,50.0,411.2,20560.0,2024-05-05
2024050503021266,SJLIC,56,53,100.0,411.2,41120.0,2024-05-05
2024050505004819,NIFRA,47,4,54.0,196.1,10589.4,2024-05-05
2024050503021265,CFCL,50,28,10.0,386.0,3860.0,2024-05-05
2024050501025528,MKHC,44,34,10.0,320.0,3200.0,2024-05-05
2024050503021264,SWBBL,44,44,10.0,764.0,7640.0,2024-05-05
2024050505004818,STC,44,13,10.0,4360.0,43600.0,2024-05-05
2024050503021263,NABBC,33,51,103.0,427.1,43991.3,2024-05-05
2024050503021262,NABBC,48,51,140.0,427.2,59808.0,2024-05-05
2024050503021261,NABBC,26,51,257.0,427.5,109867.5,2024-05-05
2024050504008878,UMHL,41,40,23.0,235.0,5405.0,2024-05-05
2024050501025527,MHCL,8,45,10.0,382.0,3820.0,2024-05-05
2024050501025526,SCB,4,39,10.0,516.3,5163.0,2024-05-05
2024050503021260,KSBBL,72,42,100.0,364.0,36400.0,2024-05-05
2024050503021259,EDBL,43,84,50.0,368.0,18400.0,2024-05-05
2024050501025525,NICA,14,36,10.0,350.0,3500.0,2024-05-05
2024050503021258,ALBSL,28,19,150.0,790.0,118500.0,2024-05-05
2024050503021257,ALBSL,26,19,100.0,790.0,79000.0,2024-05-05
2024050503021256,ALBSL,57,19,10.0,790.0,7900.0,2024-05-05
2024050503021255,ALBSL,19,19,10.0,790.1,7901.0,2024-05-05
2024050503021254,ALBSL,57,19,10.0,793.8,7938.0,2024-05-05
2024050501025524,MEHL,43,48,11.0,305.8,3363.8,2024-05-05
2024050503021253,NADEP,64,34,10.0,764.9,7649.0,2024-05-05
2024050503021252,CFCL,43,28,10.0,386.0,3860.0,2024-05-05
2024050503021251,SIFC,36,42,10.0,419.0,4190.0,2024-05-05
2024050501025523,SMJC,41,71,10.0,349.2,3492.0,2024-05-05
2024050504008877,UMRH,56,57,60.0,330.0,19800.0,2024-05-05
2024050501025522,RFPL,56,86,50.0,345.0,17250.0,2024-05-05
2024050503021250,SIFC,17,42,10.0,419.0,4190.0,2024-05-05
2024050503021249,MDB,62,17,2539.0,440.0,1117160.0,2024-05-05
2024050503021248,MDB,62,17,361.0,440.0,158840.0,2024-05-05
2024050501025521,RAWA,6,18,60.0,473.8,28428.0,2024-05-05
2024050501025520,RAWA,6,58,40.0,473.7,18948.0,2024-05-05
2024050505004817,NBF2,51,6,1125.0,8.25,9281.25,2024-05-05
2024050503021247,NMBMF,88,32,17.0,643.0,10931.0,2024-05-05
2024050503021246,NMBMF,88,48,93.0,640.0,59520.0,2024-05-05
2024050503021245,JFL,26,11,150.0,514.0,77100.0,2024-05-05
2024050501025519,AVYAN,38,34,10.0,778.9,7789.0,2024-05-05
2024050503021244,NUBL,38,21,20.0,668.0,13360.0,2024-05-05
2024050503021243,NUBL,38,45,25.0,668.0,16700.0,2024-05-05
2024050503021242,NUBL,38,50,230.0,665.0,152950.0,2024-05-05
2024050503021241,PFL,52,85,10.0,740.0,7400.0,2024-05-05
2024050503021240,HLI,47,52,10.0,386.8,3868.0,2024-05-05
2024050503021239,PFL,43,49,170.0,665.1,113067.0,2024-05-05
2024050503021238,PFL,62,85,100.0,740.0,74000.0,2024-05-05
2024050501025518,GBIME,28,59,13.0,177.9,2312.7,2024-05-05
2024050501025517,GBIME,28,42,100.0,177.0,17700.0,2024-05-05
2024050501025516,GBIME,28,1,100.0,177.0,17700.0,2024-05-05
2024050501025515,GBIME,28,42,100.0,177.0,17700.0,2024-05-05
2024050501025514,GBIME,28,58,687.0,177.0,121599.0,2024-05-05
2024050505004816,NRIC,58,58,44.0,689.9,30355.6,2024-05-05
2024050505004815,NRIC,58,7,90.0,689.2,62028.0,2024-05-05
2024050505004814,NRIC,58,53,16.0,688.0,11008.0,2024-05-05
2024050501025513,SBI,5,25,20.0,279.4,5588.0,2024-05-05
2024050501025512,SBI,5,34,80.0,278.0,22240.0,2024-05-05
2024050503021237,ICFC,32,40,200.0,514.0,102800.0,2024-05-05
2024050503021236,BFC,22,41,200.0,380.0,76000.0,2024-05-05
2024050501025511,HHL,32,14,370.0,352.5,130425.0,2024-05-05
2024050501025510,HHL,32,21,10.0,352.0,3520.0,2024-05-05
2024050501025509,HHL,32,25,100.0,352.0,35200.0,2024-05-05
2024050501025508,HHL,32,32,10.0,352.0,3520.0,2024-05-05
2024050501025507,HHL,32,58,10.0,350.0,3500.0,2024-05-05
2024050501025506,HHL,32,25,55.0,350.0,19250.0,2024-05-05
2024050501025505,HHL,32,64,200.0,348.0,69600.0,2024-05-05
2024050501025504,HHL,32,42,45.0,348.0,15660.0,2024-05-05
2024050501025503,SAMAJ,34,41,10.0,2008.0,20080.0,2024-05-05
2024050501025502,SAMAJ,34,58,10.0,1984.0,19840.0,2024-05-05
2024050501025501,SAMAJ,34,51,10.0,1984.0,19840.0,2024-05-05
2024050501025500,SAMAJ,34,49,10.0,1980.0,19800.0,2024-05-05
2024050501025499,SAMAJ,34,42,10.0,1980.0,19800.0,2024-05-05
2024050501025498,SAMAJ,34,42,10.0,1970.0,19700.0,2024-05-05
2024050501025497,SAMAJ,34,41,10.0,1969.0,19690.0,2024-05-05
2024050503021235,KMCDB,39,34,20.0,847.4,16948.0,2024-05-05
2024050503021234,MDB,69,48,20.0,442.6,8852.0,2024-05-05
2024050503021233,SFCL,55,34,113.0,340.0,38420.0,2024-05-05
2024050503021232,SFCL,13,34,36.0,340.0,12240.0,2024-05-05
2024050503021231,SFCL,13,34,100.0,340.0,34000.0,2024-05-05
2024050503021230,SFCL,49,34,100.0,340.0,34000.0,2024-05-05
2024050503021229,SFCL,35,34,20.0,340.0,6800.0,2024-05-05
2024050503021228,SFCL,49,34,500.0,340.1,170050.0,2024-05-05
2024050503021227,SFCL,34,34,131.0,340.1,44553.1,2024-05-05
2024050503021226,JFL,42,4,10.0,510.4,5104.0,2024-05-05
2024050501025496,TVCL,44,48,10.0,460.0,4600.0,2024-05-05
2024050503021225,GBLBS,39,57,436.0,685.2,298747.2,2024-05-05
2024050503021224,GBLBS,33,57,133.0,685.3,91144.9,2024-05-05
2024050503021223,GBLBS,34,57,181.0,685.5,124075.5,2024-05-05
2024050504008876,GLH,34,57,300.0,201.0,60300.0,2024-05-05
2024050504008875,GLH,43,57,500.0,201.1,100550.0,2024-05-05
2024050504008874,GLH,21,57,200.0,201.2,40240.0,2024-05-05
2024050504008873,GLH,17,57,1000.0,202.0,202000.0,2024-05-05
2024050505004813,HRL,55,8,20.0,592.5,11850.0,2024-05-05
2024050501025495,CYCL,45,4,10.0,1520.0,15200.0,2024-05-05
2024050501025494,BHL,45,44,10.0,322.9,3229.0,2024-05-05
2024050501025493,PCBL,39,19,28.0,192.8,5398.4,2024-05-05
2024050501025492,PCBL,39,1,100.0,192.8,19280.0,2024-05-05
2024050501025491,PCBL,39,55,100.0,190.5,19050.0,2024-05-05
2024050501025490,PCBL,39,25,12.0,190.0,2280.0,2024-05-05
2024050501025489,PCBL,39,40,360.0,190.0,68400.0,2024-05-05
2024050503021222,PFL,43,42,100.0,665.1,66510.0,2024-05-05
2024050501025488,KBL,48,88,490.0,132.0,64680.0,2024-05-05
2024050501025487,KBL,48,48,1120.0,131.5,147280.0,2024-05-05
2024050503021221,PFL,43,41,634.0,665.1,421673.4,2024-05-05
2024050503021220,PFL,25,41,16.0,665.5,10648.0,2024-05-05
2024050503021219,PFL,58,41,20.0,665.7,13314.0,2024-05-05
2024050503021218,PFL,43,41,330.0,666.5,219945.0,2024-05-05
2024050503021217,MFIL,14,41,300.0,509.3,152790.0,2024-05-05
2024050503021216,MFIL,57,41,25.0,509.4,12735.0,2024-05-05
2024050503021215,MFIL,26,41,52.0,510.0,26520.0,2024-05-05
2024050503021214,MFIL,41,41,300.0,510.1,153030.0,2024-05-05
2024050501025486,MKHL,21,49,10.0,410.0,4100.0,2024-05-05
2024050501025485,DOLTI,28,21,423.0,493.0,208539.0,2024-05-05
2024050503021213,GMFIL,65,84,1000.0,371.0,371000.0,2024-05-05
2024050503021212,GMFIL,51,84,1000.0,371.1,371100.0,2024-05-05
2024050503021211,ICFC,32,40,55.0,514.0,28270.0,2024-05-05
2024050501025484,ILI,40,72,1070.0,552.0,590640.0,2024-05-05
2024050503021210,SIFC,6,36,500.0,418.3,209150.0,2024-05-05
2024050503021209,MSLB,44,11,11.0,1186.0,13046.0,2024-05-05
2024050501025483,UNLB,71,33,10.0,1625.0,16250.0,2024-05-05
2024050501025482,DOLTI,28,16,50.0,493.0,24650.0,2024-05-05
2024050505004812,NIFRA,47,6,200.0,196.1,39220.0,2024-05-05
2024050501025481,ADBL,65,6,476.0,239.0,113764.0,2024-05-05
2024050503021208,JFL,88,11,30.0,514.0,15420.0,2024-05-05
2024050503021207,JFL,13,11,10.0,514.0,5140.0,2024-05-05
2024050504008872,NGPL,7,80,100.0,304.8,30480.0,2024-05-05
2024050501025480,AVYAN,18,34,40.0,778.9,31156.0,2024-05-05
2024050501025479,AVYAN,18,22,10.0,775.0,7750.0,2024-05-05
2024050501025478,AVYAN,18,38,10.0,775.0,7750.0,2024-05-05
2024050501025477,AVYAN,18,58,10.0,775.0,7750.0,2024-05-05
2024050501025476,NRM,38,35,10.0,356.0,3560.0,2024-05-05
2024050501025475,MAKAR,38,56,10.0,364.9,3649.0,2024-05-05
2024050504008871,NIL,38,11,100.0,798.0,79800.0,2024-05-05
2024050505004811,NRIC,62,53,10.0,688.0,6880.0,2024-05-05
2024050501025474,CYCL,62,4,20.0,1520.0,30400.0,2024-05-05
2024050503021206,KSBBL,72,14,60.0,364.0,21840.0,2024-05-05
2024050501025473,MHL,36,68,200.0,404.0,80800.0,2024-05-05
2024050501025472,KDL,4,47,95.0,760.1,72209.5,2024-05-05
2024050501025471,KDL,39,47,45.0,760.2,34209.0,2024-05-05
2024050501025470,KDL,42,47,20.0,761.0,15220.0,2024-05-05
2024050501025469,KDL,57,47,20.0,761.0,15220.0,2024-05-05
2024050501025468,KDL,57,47,50.0,762.1,38105.0,2024-05-05
2024050501025467,KDL,22,47,30.0,765.0,22950.0,2024-05-05
2024050501025466,KDL,45,47,100.0,765.0,76500.0,2024-05-05
2024050501025465,KDL,45,47,100.0,765.0,76500.0,2024-05-05
2024050501025464,KDL,45,47,20.0,765.0,15300.0,2024-05-05
2024050501025463,KDL,48,47,20.0,766.0,15320.0,2024-05-05
2024050503021205,RSDC,58,45,376.0,726.0,272976.0,2024-05-05
2024050503021204,RSDC,58,36,18.0,726.0,13068.0,2024-05-05
2024050503021203,RSDC,58,44,200.0,725.9,145180.0,2024-05-05
2024050503021202,RSDC,58,60,406.0,725.0,294350.0,2024-05-05
2024050503021201,HLBSL,25,58,10.0,809.9,8099.0,2024-05-05
2024050504008870,SGIC,32,34,10.0,529.9,5299.0,2024-05-05
2024050503021200,RSDC,58,60,2094.0,725.0,1518150.0,2024-05-05
2024050504008869,HURJA,1,8,13.0,284.0,3692.0,2024-05-05
2024050503021199,PFL,29,28,10.0,746.0,7460.0,2024-05-05
2024050501025462,BNHC,45,29,32.0,444.0,14208.0,2024-05-05
2024050501025461,BNHC,25,29,43.0,444.0,19092.0,2024-05-05
2024050501025460,BNHC,38,29,125.0,445.0,55625.0,2024-05-05
2024050501025459,MLBS,29,49,10.0,1220.0,12200.0,2024-05-05
2024050501025458,RHGCL,69,25,1905.0,350.0,666750.0,2024-05-05
2024050501025457,RHGCL,69,7,25.0,350.0,8750.0,2024-05-05
2024050501025456,RHGCL,69,53,40.0,350.0,14000.0,2024-05-05
2024050501025455,RHGCL,69,68,200.0,350.0,70000.0,2024-05-05
2024050501025454,RHGCL,69,87,10.0,350.0,3500.0,2024-05-05
2024050501025453,RHGCL,69,65,30.0,350.0,10500.0,2024-05-05
2024050501025452,RHGCL,69,26,500.0,349.9,174950.0,2024-05-05
2024050501025451,RHGCL,69,16,200.0,349.9,69980.0,2024-05-05
2024050501025450,RHGCL,69,26,201.0,349.8,70309.8,2024-05-05
2024050501025449,RHGCL,69,45,200.0,349.7,69940.0,2024-05-05
2024050501025448,RHGCL,69,16,180.0,349.7,62946.0,2024-05-05
2024050501025447,RHGCL,69,32,630.0,348.2,219366.0,2024-05-05
2024050501025446,RHGCL,69,48,30.0,348.0,10440.0,2024-05-05
2024050501025445,RHGCL,69,50,140.0,348.0,48720.0,2024-05-05
2024050501025444,RHGCL,69,45,209.0,348.0,72732.0,2024-05-05
2024050501025443,RHGCL,69,16,500.0,347.8,173900.0,2024-05-05
2024050501025442,ILI,36,34,350.0,551.0,192850.0,2024-05-05
2024050504008868,SHEL,75,35,10.0,147.0,1470.0,2024-05-05
2024050503021198,SWBBL,50,44,40.0,764.0,30560.0,2024-05-05
2024050501025441,CLI,60,34,500.0,451.3,225650.0,2024-05-05
2024050503021197,HLBSL,50,58,10.0,809.9,8099.0,2024-05-05
2024050503021196,FMDBL,55,6,50.0,638.0,31900.0,2024-05-05
2024050504008867,SHEL,34,35,500.0,147.0,73500.0,2024-05-05
2024050505004810,SMATA,66,25,10.0,873.0,8730.0,2024-05-05
2024050503021195,GFCL,86,34,10.0,463.9,4639.0,2024-05-05
2024050503021194,KRBL,86,49,12.0,420.0,5040.0,2024-05-05
2024050504008866,TRH,45,8,10.0,711.0,7110.0,2024-05-05
2024050501025440,SRLI,45,33,10.0,440.0,4400.0,2024-05-05
2024050504008865,SGIC,48,41,10.0,525.0,5250.0,2024-05-05
2024050504008864,SGIC,95,41,90.0,525.1,47259.0,2024-05-05
2024050504008863,SGIC,20,41,100.0,525.1,52510.0,2024-05-05
2024050505004809,HIDCL,58,21,10.0,162.5,1625.0,2024-05-05
2024050503021193,NFS,40,21,20.0,552.0,11040.0,2024-05-05
2024050501025439,MMKJL,64,34,10.0,416.9,4169.0,2024-05-05
2024050501025438,MMKJL,64,6,10.0,416.0,4160.0,2024-05-05
2024050501025437,MMKJL,64,58,10.0,415.0,4150.0,2024-05-05
2024050501025436,MMKJL,64,35,10.0,415.0,4150.0,2024-05-05
2024050504008862,AHPC,26,1,10.0,162.0,1620.0,2024-05-05
2024050504008861,AHPC,26,32,10.0,161.9,1619.0,2024-05-05
2024050501025435,MANDU,65,62,30.0,804.0,24120.0,2024-05-05
2024050501025434,MANDU,65,5,10.0,804.0,8040.0,2024-05-05
2024050501025433,MANDU,65,4,10.0,804.0,8040.0,2024-05-05
2024050501025432,MANDU,65,45,300.0,803.8,241140.0,2024-05-05
2024050501025431,MANDU,65,38,50.0,803.8,40190.0,2024-05-05
2024050501025430,MANDU,65,45,500.0,801.0,400500.0,2024-05-05
2024050501025429,MANDU,65,21,10.0,800.0,8000.0,2024-05-05
2024050501025428,MANDU,65,3,100.0,800.0,80000.0,2024-05-05
2024050501025427,MANDU,65,4,250.0,800.0,200000.0,2024-05-05
2024050501025426,MANDU,65,21,10.0,800.0,8000.0,2024-05-05
2024050501025425,MANDU,65,57,10.0,800.0,8000.0,2024-05-05
2024050501025424,MANDU,65,21,10.0,800.0,8000.0,2024-05-05
2024050501025423,MANDU,65,58,10.0,799.0,7990.0,2024-05-05
2024050501025422,MANDU,65,94,100.0,799.0,79900.0,2024-05-05
2024050501025421,MANDU,65,40,10.0,798.0,7980.0,2024-05-05
2024050501025420,MANDU,65,67,990.0,798.0,790020.0,2024-05-05
2024050501025419,MANDU,65,65,100.0,797.0,79700.0,2024-05-05
2024050503021192,JBBL,39,72,100.0,289.0,28900.0,2024-05-05
2024050503021191,JBBL,6,72,49.0,289.0,14161.0,2024-05-05
2024050504008860,MHNL,47,56,10.0,229.0,2290.0,2024-05-05
2024050501025418,MSHL,58,38,10.0,618.5,6185.0,2024-05-05
2024050501025417,MSHL,58,77,10.0,617.0,6170.0,2024-05-05
2024050505004808,HRL,25,50,100.0,592.6,59260.0,2024-05-05
2024050504008859,UPCL,22,22,10.0,193.0,1930.0,2024-05-05
2024050503021190,SWMF,22,19,10.0,784.0,7840.0,2024-05-05
2024050504008858,SGIC,32,34,10.0,529.9,5299.0,2024-05-05
2024050501025416,TVCL,32,45,10.0,462.0,4620.0,2024-05-05
2024050503021189,SFCL,34,55,369.0,340.1,125496.9,2024-05-05
2024050503021188,SFCL,38,55,25.0,340.1,8502.5,2024-05-05
2024050503021187,SFCL,33,55,100.0,340.1,34010.0,2024-05-05
2024050503021186,SFCL,57,55,456.0,340.2,155131.2,2024-05-05
2024050503021185,SFCL,41,55,50.0,341.0,17050.0,2024-05-05
2024050501025415,PCBL,44,40,100.0,190.0,19000.0,2024-05-05
2024050501025414,NESDO,34,38,10.0,1775.0,17750.0,2024-05-05
2024050503021184,SWBBL,38,8,10.0,756.0,7560.0,2024-05-05
2024050503021183,GMFBS,57,51,50.0,1220.0,61000.0,2024-05-05
2024050503021182,GMFBS,57,59,14.0,1219.0,17066.0,2024-05-05
2024050503021181,GMFBS,57,29,188.0,1215.0,228420.0,2024-05-05
2024050503021180,GMFBS,57,22,12.0,1200.0,14400.0,2024-05-05
2024050504008857,SHPC,16,57,44.0,325.5,14322.0,2024-05-05
2024050505004807,SMATA,42,25,100.0,873.0,87300.0,2024-05-05
2024050503021179,SFCL,41,14,50.0,341.0,17050.0,2024-05-05
2024050501025413,MCHL,43,38,85.0,358.0,30430.0,2024-05-05
2024050503021178,VLBS,28,38,53.0,816.9,43295.7,2024-05-05
2024050503021177,VLBS,28,41,100.0,815.5,81550.0,2024-05-05
2024050503021176,VLBS,28,41,10.0,812.0,8120.0,2024-05-05
2024050503021175,VLBS,28,49,437.0,812.0,354844.0,2024-05-05
2024050503021174,GUFL,47,13,50.0,720.0,36000.0,2024-05-05
2024050503021173,GUFL,47,47,750.0,720.0,540000.0,2024-05-05
2024050504008856,NICL,58,57,10.0,828.1,8281.0,2024-05-05
2024050503021172,NABBC,22,57,10.0,430.0,4300.0,2024-05-05
2024050501025412,UHEWA,32,58,10.0,394.7,3947.0,2024-05-05
2024050503021171,MERO,55,48,10.0,680.0,6800.0,2024-05-05
2024050501025411,JBLB,51,8,22.0,1330.0,29260.0,2024-05-05
2024050501025410,JBLB,51,51,22.0,1330.0,29260.0,2024-05-05
2024050503021170,GFCL,34,34,10.0,463.9,4639.0,2024-05-05
2024050503021169,JFL,19,45,30.0,510.0,15300.0,2024-05-05
2024050503021168,JFL,21,45,100.0,510.0,51000.0,2024-05-05
2024050503021167,JFL,22,45,50.0,510.0,25500.0,2024-05-05
2024050503021166,JFL,32,45,100.0,510.0,51000.0,2024-05-05
2024050503021165,JFL,45,45,120.0,510.3,61236.0,2024-05-05
2024050503021164,JFL,34,45,100.0,510.4,51040.0,2024-05-05
2024050504008855,SHL,57,48,100.0,432.0,43200.0,2024-05-05
2024050503021163,NFS,18,57,300.0,551.0,165300.0,2024-05-05
2024050503021162,NFS,16,57,50.0,551.0,27550.0,2024-05-05
2024050501025409,MEHL,58,48,50.0,305.2,15260.0,2024-05-05
2024050503021161,PFL,41,16,2880.0,747.0,2151360.0,2024-05-05
2024050503021160,PFL,41,42,115.0,703.8,80937.0,2024-05-05
2024050503021159,PFL,41,72,50.0,703.8,35190.0,2024-05-05
2024050503021158,PFL,41,29,100.0,703.8,70380.0,2024-05-05
2024050503021157,PFL,41,16,12.0,703.7,8444.4,2024-05-05
2024050503021156,PFL,41,94,100.0,703.0,70300.0,2024-05-05
2024050503021155,PFL,41,51,150.0,703.0,105450.0,2024-05-05
2024050503021154,PFL,41,64,90.0,703.0,63270.0,2024-05-05
2024050503021153,PFL,41,38,10.0,702.7,7027.0,2024-05-05
2024050503021152,PFL,41,69,2300.0,702.7,1616210.0,2024-05-05
2024050503021151,PFL,41,77,3000.0,702.7,2108100.0,2024-05-05
2024050503021150,PFL,41,8,561.0,702.7,394214.7,2024-05-05
2024050503021149,PFL,41,34,710.0,702.7,498917.0,2024-05-05
2024050503021148,PFL,41,70,100.0,702.7,70270.0,2024-05-05
2024050503021147,PFL,41,42,100.0,702.7,70270.0,2024-05-05
2024050503021146,PFL,41,45,500.0,702.5,351250.0,2024-05-05
2024050503021145,PFL,41,10,25.0,702.0,17550.0,2024-05-05
2024050503021144,PFL,41,49,50.0,702.0,35100.0,2024-05-05
2024050503021143,PFL,41,57,113.0,702.0,79326.0,2024-05-05
2024050503021142,PFL,41,49,50.0,702.0,35100.0,2024-05-05
2024050503021141,PFL,41,74,200.0,701.7,140340.0,2024-05-05
2024050503021140,PFL,41,49,50.0,701.7,35085.0,2024-05-05
2024050503021139,PFL,41,56,45.0,701.7,31576.5,2024-05-05
2024050503021138,PFL,41,57,33.0,701.7,23156.1,2024-05-05
2024050503021137,PFL,41,42,17.0,701.7,11928.9,2024-05-05
2024050503021136,PFL,41,5,410.0,701.7,287697.0,2024-05-05
2024050503021135,PFL,41,52,14.0,700.0,9800.0,2024-05-05
2024050503021134,PFL,41,58,250.0,700.0,175000.0,2024-05-05
2024050503021133,PFL,41,34,100.0,700.0,70000.0,2024-05-05
2024050503021132,PFL,41,56,17.0,700.0,11900.0,2024-05-05
2024050503021131,PFL,41,58,29.0,700.0,20300.0,2024-05-05
2024050503021130,PFL,41,62,50.0,700.0,35000.0,2024-05-05
2024050503021129,PFL,41,49,500.0,700.0,350000.0,2024-05-05
2024050503021128,PFL,41,56,17.0,700.0,11900.0,2024-05-05
2024050503021127,PFL,41,41,500.0,700.0,350000.0,2024-05-05
2024050503021126,PFL,41,32,390.0,700.0,273000.0,2024-05-05
2024050503021125,PFL,41,32,400.0,700.0,280000.0,2024-05-05
2024050503021124,PFL,41,32,1000.0,700.0,700000.0,2024-05-05
2024050503021123,PFL,41,49,43.0,700.0,30100.0,2024-05-05
2024050503021122,PFL,41,49,43.0,700.0,30100.0,2024-05-05
2024050503021121,PFL,41,39,150.0,700.0,105000.0,2024-05-05
2024050503021120,PFL,41,17,50.0,700.0,35000.0,2024-05-05
2024050503021119,PFL,41,42,17.0,700.0,11900.0,2024-05-05
2024050503021118,PFL,41,56,500.0,700.0,350000.0,2024-05-05
2024050503021117,PFL,41,28,10.0,700.0,7000.0,2024-05-05
2024050503021116,PFL,41,57,50.0,700.0,35000.0,2024-05-05
2024050503021115,PFL,41,10,74.0,700.0,51800.0,2024-05-05
2024050503021114,PFL,41,29,56.0,700.0,39200.0,2024-05-05
2024050503021113,PFL,41,26,200.0,700.0,140000.0,2024-05-05
2024050503021112,PFL,41,42,112.0,700.0,78400.0,2024-05-05
2024050503021111,PFL,41,16,10.0,699.8,6998.0,2024-05-05
2024050503021110,PFL,41,32,75.0,699.0,52425.0,2024-05-05
2024050503021109,PFL,41,58,20.0,699.0,13980.0,2024-05-05
2024050503021108,PFL,41,57,100.0,699.0,69900.0,2024-05-05
2024050503021107,PFL,41,51,10.0,697.0,6970.0,2024-05-05
2024050503021106,PFL,41,51,10.0,695.0,6950.0,2024-05-05
2024050503021105,PFL,41,33,20.0,695.0,13900.0,2024-05-05
2024050503021104,PFL,41,20,100.0,692.0,69200.0,2024-05-05
2024050503021103,PFL,41,38,100.0,690.0,69000.0,2024-05-05
2024050503021102,PFL,41,33,20.0,690.0,13800.0,2024-05-05
2024050503021101,PFL,41,51,10.0,690.0,6900.0,2024-05-05
2024050503021100,PFL,41,56,570.0,690.0,393300.0,2024-05-05
2024050503021099,PFL,41,32,88.0,689.0,60632.0,2024-05-05
2024050503021098,PFL,41,14,700.0,689.0,482300.0,2024-05-05
2024050503021097,PFL,41,14,700.0,689.0,482300.0,2024-05-05
2024050503021096,PFL,41,14,700.0,689.0,482300.0,2024-05-05
2024050503021095,PFL,41,14,444.0,689.0,305916.0,2024-05-05
2024050503021094,PFL,41,41,500.0,688.9,344450.0,2024-05-05
2024050503021093,PFL,41,58,112.0,688.5,77112.0,2024-05-05
2024050503021092,PFL,41,56,500.0,688.0,344000.0,2024-05-05
2024050503021091,PFL,41,58,200.0,687.0,137400.0,2024-05-05
2024050503021090,PFL,41,56,500.0,687.0,343500.0,2024-05-05
2024050503021089,PFL,41,13,500.0,686.0,343000.0,2024-05-05
2024050503021088,PFL,41,44,272.0,685.0,186320.0,2024-05-05
2024050503021087,PFL,41,26,11.0,685.0,7535.0,2024-05-05
2024050503021086,PFL,41,32,100.0,683.4,68340.0,2024-05-05
2024050503021085,PFL,41,28,200.0,683.4,136680.0,2024-05-05
2024050503021084,PFL,41,41,25.0,683.4,17085.0,2024-05-05
2024050503021083,PFL,41,38,10.0,683.4,6834.0,2024-05-05
2024050503021082,PFL,41,38,20.0,683.4,13668.0,2024-05-05
2024050503021081,PFL,41,21,25.0,683.4,17085.0,2024-05-05
2024050503021080,PFL,41,55,1000.0,683.4,683400.0,2024-05-05
2024050503021079,PFL,41,45,300.0,683.2,204960.0,2024-05-05
2024050503021078,PFL,41,42,247.0,683.0,168701.0,2024-05-05
2024050503021077,PFL,41,51,50.0,682.3,34115.0,2024-05-05
2024050503021076,PFL,41,21,100.0,682.0,68200.0,2024-05-05
2024050503021075,PFL,41,55,300.0,682.0,204600.0,2024-05-05
2024050503021074,PFL,41,45,1116.0,681.0,759996.0,2024-05-05
2024050503021073,PFL,41,32,200.0,681.0,136200.0,2024-05-05
2024050503021072,PFL,41,45,200.0,680.4,136080.0,2024-05-05
2024050503021071,PFL,41,45,197.0,680.0,133960.0,2024-05-05
2024050503021070,PFL,41,38,33.0,680.0,22440.0,2024-05-05
2024050503021069,PFL,41,58,43.0,680.0,29240.0,2024-05-05
2024050503021068,PFL,41,21,50.0,680.0,34000.0,2024-05-05
2024050503021067,PFL,41,48,22.0,680.0,14960.0,2024-05-05
2024050503021066,PFL,41,38,20.0,680.0,13600.0,2024-05-05
2024050503021065,PFL,41,58,224.0,680.0,152320.0,2024-05-05
2024050503021064,PFL,41,71,1000.0,680.0,680000.0,2024-05-05
2024050503021063,PFL,41,34,80.0,679.8,54384.0,2024-05-05
2024050503021062,PFL,41,55,50.0,678.0,33900.0,2024-05-05
2024050503021061,PFL,41,49,10.0,675.0,6750.0,2024-05-05
2024050503021060,PFL,41,58,10.0,675.0,6750.0,2024-05-05
2024050503021059,PFL,41,56,100.0,675.0,67500.0,2024-05-05
2024050503021058,PFL,41,58,1000.0,674.8,674800.0,2024-05-05
2024050503021057,PFL,41,32,100.0,674.7,67470.0,2024-05-05
2024050503021056,PFL,41,25,1000.0,674.0,674000.0,2024-05-05
2024050503021055,PFL,41,10,96.0,674.0,64704.0,2024-05-05
2024050503021054,PFL,41,5,17.0,674.0,11458.0,2024-05-05
2024050503021053,PFL,41,57,590.0,670.0,395300.0,2024-05-05
2024050503021052,PFL,41,52,190.0,670.0,127300.0,2024-05-05
2024050503021051,PFL,41,51,10.0,670.0,6700.0,2024-05-05
2024050503021050,PFL,41,17,28.0,670.0,18760.0,2024-05-05
2024050503021049,PFL,41,10,1000.0,670.0,670000.0,2024-05-05
2024050503021048,PFL,41,44,10.0,670.0,6700.0,2024-05-05
2024050503021047,PFL,41,47,10.0,670.0,6700.0,2024-05-05
2024050503021046,PFL,41,32,40.0,669.0,26760.0,2024-05-05
2024050503021045,PFL,41,41,600.0,669.0,401400.0,2024-05-05
2024050503021044,PFL,41,17,100.0,668.1,66810.0,2024-05-05
2024050503021043,PFL,41,42,300.0,668.0,200400.0,2024-05-05
2024050503021042,PFL,41,44,10.0,668.0,6680.0,2024-05-05
2024050503021041,PFL,41,56,10.0,668.0,6680.0,2024-05-05
2024050503021040,PFL,41,35,95.0,667.0,63365.0,2024-05-05
2024050503021039,LICN,49,43,30.0,1257.0,37710.0,2024-05-05
2024050503021038,LICN,85,43,10.0,1257.0,12570.0,2024-05-05
2024050501025408,DOLTI,70,28,100.0,493.0,49300.0,2024-05-05
2024050501025407,DOLTI,70,6,40.0,456.0,18240.0,2024-05-05
2024050501025406,DOLTI,70,42,125.0,455.0,56875.0,2024-05-05
2024050501025405,NIMB,45,56,600.0,151.0,90600.0,2024-05-05
2024050505004806,HRL,55,56,502.0,592.5,297435.0,2024-05-05
2024050503021037,SDLBSL,74,33,10.0,873.0,8730.0,2024-05-05
2024050501025404,JALPA,47,38,10.0,1272.0,12720.0,2024-05-05
2024050503021036,PFL,62,35,120.0,667.0,80040.0,2024-05-05
2024050501025403,UHEWA,38,49,10.0,394.1,3941.0,2024-05-05
2024050501025402,UHEWA,38,58,10.0,394.0,3940.0,2024-05-05
2024050501025401,UHEWA,38,58,10.0,394.0,3940.0,2024-05-05
2024050501025400,UHEWA,38,38,10.0,394.0,3940.0,2024-05-05
2024050501025399,UHEWA,38,35,490.0,392.0,192080.0,2024-05-05
2024050501025398,UHEWA,38,55,10.0,392.0,3920.0,2024-05-05
2024050501025397,UHEWA,38,49,20.0,391.6,7832.0,2024-05-05
2024050501025396,UHEWA,38,57,10.0,391.0,3910.0,2024-05-05
2024050501025395,UHEWA,38,81,1422.0,391.0,556002.0,2024-05-05
2024050503021035,USLB,33,5,10.0,2000.1,20001.0,2024-05-05
2024050501025394,UHEWA,35,81,178.0,391.0,69598.0,2024-05-05
2024050501025393,UHEWA,35,42,10.0,390.0,3900.0,2024-05-05
2024050501025392,UHEWA,35,49,10.0,390.0,3900.0,2024-05-05
2024050501025391,UHEWA,35,32,10.0,390.0,3900.0,2024-05-05
2024050501025390,UHEWA,35,58,10.0,389.0,3890.0,2024-05-05
2024050501025389,UHEWA,35,75,10.0,388.6,3886.0,2024-05-05
2024050501025388,UHEWA,35,53,180.0,388.0,69840.0,2024-05-05
2024050501025387,UHEWA,35,44,10.0,387.0,3870.0,2024-05-05
2024050501025386,UHEWA,35,32,132.0,387.0,51084.0,2024-05-05
2024050501025385,UHEWA,35,7,10.0,385.0,3850.0,2024-05-05
2024050501025384,UHEWA,35,19,130.0,385.0,50050.0,2024-05-05
2024050501025383,UHEWA,35,35,170.0,384.8,65416.0,2024-05-05
2024050501025382,UHEWA,35,4,140.0,383.0,53620.0,2024-05-05
2024050503021034,RSDC,58,4,50.0,725.0,36250.0,2024-05-05
2024050501025381,VLUCL,55,53,40.0,458.0,18320.0,2024-05-05
2024050501025380,VLUCL,41,53,200.0,458.0,91600.0,2024-05-05
2024050501025379,VLUCL,49,53,20.0,458.0,9160.0,2024-05-05
2024050501025378,VLUCL,26,53,150.0,458.1,68715.0,2024-05-05
2024050501025377,VLUCL,22,53,10.0,458.1,4581.0,2024-05-05
2024050501025376,VLUCL,32,53,25.0,458.7,11467.5,2024-05-05
2024050501025375,VLUCL,81,53,50.0,458.7,22935.0,2024-05-05
2024050501025374,VLUCL,45,53,50.0,458.7,22935.0,2024-05-05
2024050501025373,VLUCL,56,53,205.0,458.7,94033.5,2024-05-05
2024050501025372,VLUCL,35,53,30.0,458.8,13764.0,2024-05-05
2024050501025371,VLUCL,38,53,20.0,458.8,9176.0,2024-05-05
2024050501025370,VLUCL,32,53,10.0,458.8,4588.0,2024-05-05
2024050501025369,MKHC,29,34,96.0,314.0,30144.0,2024-05-05
2024050501025368,MKHC,13,34,100.0,314.6,31460.0,2024-05-05
2024050501025367,MKHC,25,34,100.0,314.7,31470.0,2024-05-05
2024050501025366,MKHC,6,34,10.0,314.7,3147.0,2024-05-05
2024050501025365,MKHC,51,34,334.0,314.7,105109.8,2024-05-05
2024050501025364,MKHC,5,34,60.0,319.9,19194.0,2024-05-05
2024050503021033,CBBL,58,45,30.0,830.0,24900.0,2024-05-05
2024050501025363,UHEWA,48,4,10.0,383.0,3830.0,2024-05-05
2024050501025362,KBL,82,57,1204.0,131.1,157844.4,2024-05-05
2024050501025361,KBL,7,57,16.0,131.1,2097.6,2024-05-05
2024050501025360,KBL,57,57,10.0,131.2,1312.0,2024-05-05
2024050501025359,KBL,44,57,200.0,131.3,26260.0,2024-05-05
2024050501025358,KBL,34,57,300.0,131.3,39390.0,2024-05-05
2024050501025357,KBL,58,57,270.0,131.3,35451.0,2024-05-05
2024050501025356,NWCL,42,56,10.0,710.0,7100.0,2024-05-05
2024050501025355,NWCL,42,49,10.0,709.3,7093.0,2024-05-05
2024050501025354,CYCL,60,57,11.0,1510.1,16611.1,2024-05-05
2024050501025353,CYCL,60,57,19.0,1511.1,28710.9,2024-05-05
2024050503021032,GUFL,42,26,10.0,715.0,7150.0,2024-05-05
2024050503021031,GUFL,57,26,70.0,715.0,50050.0,2024-05-05
2024050503021030,GUFL,52,26,80.0,715.0,57200.0,2024-05-05
2024050503021029,GUFL,57,26,10.0,715.1,7151.0,2024-05-05
2024050503021028,GUFL,16,26,30.0,715.1,21453.0,2024-05-05
2024050503021027,GUFL,36,26,200.0,715.3,143060.0,2024-05-05
2024050503021026,GUFL,65,26,200.0,716.0,143200.0,2024-05-05
2024050503021025,GUFL,13,26,111.0,716.0,79476.0,2024-05-05
2024050503021024,GUFL,45,26,20.0,716.0,14320.0,2024-05-05
2024050503021023,GUFL,58,26,100.0,716.1,71610.0,2024-05-05
2024050503021022,GUFL,45,26,10.0,719.0,7190.0,2024-05-05
2024050503021021,GUFL,58,26,50.0,719.0,35950.0,2024-05-05
2024050503021020,GUFL,54,26,25.0,719.1,17977.5,2024-05-05
2024050503021019,USLB,33,49,10.0,2000.1,20001.0,2024-05-05
2024050503021018,MDB,62,72,230.0,440.0,101200.0,2024-05-05
2024050503021017,MDB,57,72,25.0,440.1,11002.5,2024-05-05
2024050503021016,MDB,44,72,336.0,441.0,148176.0,2024-05-05
2024050503021015,MDB,25,72,100.0,442.0,44200.0,2024-05-05
2024050503021014,MDB,58,72,146.0,442.0,64532.0,2024-05-05
2024050501025352,DOLTI,28,42,175.0,455.0,79625.0,2024-05-05
2024050501025351,DOLTI,28,29,15.0,453.9,6808.5,2024-05-05
2024050501025350,DOLTI,28,8,150.0,451.1,67665.0,2024-05-05
2024050501025349,DOLTI,28,45,100.0,451.0,45100.0,2024-05-05
2024050501025348,DOLTI,28,57,510.0,450.9,229959.0,2024-05-05
2024050501025347,DOLTI,28,40,500.0,450.5,225250.0,2024-05-05
2024050501025346,DOLTI,28,25,100.0,450.0,45000.0,2024-05-05
2024050501025345,DOLTI,28,49,10.0,450.0,4500.0,2024-05-05
2024050501025344,DOLTI,28,11,10.0,450.0,4500.0,2024-05-05
2024050501025343,DOLTI,28,34,10.0,450.0,4500.0,2024-05-05
2024050501025342,DOLTI,28,84,10.0,450.0,4500.0,2024-05-05
2024050501025341,DOLTI,28,52,10.0,450.0,4500.0,2024-05-05
2024050501025340,DOLTI,28,13,10.0,450.0,4500.0,2024-05-05
2024050501025339,DOLTI,28,22,8630.0,449.8,3881774.0,2024-05-05
2024050501025338,DOLTI,28,66,500.0,449.8,224900.0,2024-05-05
2024050501025337,DOLTI,28,52,1000.0,448.8,448800.0,2024-05-05
2024050501025336,DOLTI,28,47,150.0,448.5,67275.0,2024-05-05
2024050501025335,DOLTI,28,45,1000.0,448.0,448000.0,2024-05-05
2024050501025334,DOLTI,28,67,500.0,447.0,223500.0,2024-05-05
2024050501025333,DOLTI,28,35,20.0,447.0,8940.0,2024-05-05
2024050501025332,DOLTI,28,48,400.0,447.0,178800.0,2024-05-05
2024050501025331,DOLTI,28,49,50.0,447.0,22350.0,2024-05-05
2024050501025330,DOLTI,28,47,140.0,446.9,62566.0,2024-05-05
2024050503021013,HLI,47,28,10.0,386.8,3868.0,2024-05-05
2024050505004805,HRL,55,67,30.0,592.5,17775.0,2024-05-05
2024050503021012,PFL,43,35,200.0,666.5,133300.0,2024-05-05
2024050501025329,USHL,32,42,430.0,457.0,196510.0,2024-05-05
2024050501025328,USHL,32,26,50.0,456.5,22825.0,2024-05-05
2024050501025327,USHL,32,26,10.0,456.0,4560.0,2024-05-05
2024050501025326,USHL,32,49,10.0,456.0,4560.0,2024-05-05
2024050504008854,RIDI,54,35,116.0,163.0,18908.0,2024-05-05
2024050501025325,SGHC,77,4,195.0,318.0,62010.0,2024-05-05
2024050501025324,SGHC,77,58,10.0,318.0,3180.0,2024-05-05
2024050501025323,SGHC,77,21,50.0,318.0,15900.0,2024-05-05
2024050501025322,SGHC,77,56,90.0,317.9,28611.0,2024-05-05
2024050501025321,SGHC,77,14,10.0,317.8,3178.0,2024-05-05
2024050501025320,SGHC,77,57,10.0,317.0,3170.0,2024-05-05
2024050501025319,SGHC,77,42,10.0,316.0,3160.0,2024-05-05
2024050501025318,SGHC,77,46,10.0,315.0,3150.0,2024-05-05
2024050501025317,SGHC,77,22,10.0,315.0,3150.0,2024-05-05
2024050501025316,SGHC,77,52,10.0,315.0,3150.0,2024-05-05
2024050501025315,SGHC,77,56,10.0,315.0,3150.0,2024-05-05
2024050501025314,SGHC,77,45,50.0,314.0,15700.0,2024-05-05
2024050501025313,SGHC,77,35,10.0,314.0,3140.0,2024-05-05
2024050501025312,SGHC,77,6,10.0,314.0,3140.0,2024-05-05
2024050501025311,SGHC,77,13,15.0,314.0,4710.0,2024-05-05
2024050504008853,KKHC,34,42,10.0,225.0,2250.0,2024-05-05
2024050503021011,SMFBS,34,38,10.0,1314.0,13140.0,2024-05-05
2024050501025310,PPL,58,1,200.0,554.0,110800.0,2024-05-05
2024050501025309,SHIVM,39,6,200.0,499.0,99800.0,2024-05-05
2024050501025308,SARBTM,39,46,50.0,766.0,38300.0,2024-05-05
2024050501025307,SARBTM,39,26,50.0,766.0,38300.0,2024-05-05
2024050501025306,SARBTM,39,54,50.0,766.0,38300.0,2024-05-05
2024050501025305,SARBTM,39,58,20.0,766.0,15320.0,2024-05-05
2024050501025304,SARBTM,39,63,37.0,766.0,28342.0,2024-05-05
2024050501025303,SARBTM,39,41,25.0,765.0,19125.0,2024-05-05
2024050501025302,SARBTM,39,58,50.0,765.0,38250.0,2024-05-05
2024050501025301,SARBTM,39,63,420.0,765.0,321300.0,2024-05-05
2024050501025300,SARBTM,39,32,25.0,765.0,19125.0,2024-05-05
2024050501025299,SARBTM,39,88,200.0,765.0,153000.0,2024-05-05
2024050501025298,SARBTM,39,58,15.0,765.0,11475.0,2024-05-05
2024050504008852,NGPL,39,80,35.0,304.8,10668.0,2024-05-05
2024050503021010,MERO,21,48,100.0,680.0,68000.0,2024-05-05
2024050501025297,UHEWA,21,4,50.0,383.0,19150.0,2024-05-05
2024050501025296,UHEWA,21,58,950.0,383.0,363850.0,2024-05-05
2024050501025295,ICFCD83,38,43,60.0,1220.0,73200.0,2024-05-05
2024050501025294,BNHC,38,80,50.0,446.0,22300.0,2024-05-05
2024050501025293,RHGCL,65,19,134.0,346.8,46471.2,2024-05-05
2024050501025292,RHGCL,65,48,100.0,346.0,34600.0,2024-05-05
2024050501025291,RHGCL,65,57,10.0,346.0,3460.0,2024-05-05
2024050501025290,RHGCL,65,49,10.0,346.0,3460.0,2024-05-05
2024050501025289,RHGCL,65,51,100.0,345.7,34570.0,2024-05-05
2024050501025288,RHGCL,65,45,190.0,345.7,65683.0,2024-05-05
2024050501025287,RHGCL,65,38,200.0,345.0,69000.0,2024-05-05
2024050501025286,RHGCL,65,38,100.0,345.0,34500.0,2024-05-05
2024050501025285,RHGCL,65,57,10.0,342.0,3420.0,2024-05-05
2024050501025284,RHGCL,65,51,100.0,341.9,34190.0,2024-05-05
2024050501025283,RHGCL,65,44,20.0,341.0,6820.0,2024-05-05
2024050501025282,MEHL,17,49,399.0,305.0,121695.0,2024-05-05
2024050501025281,MEHL,38,49,10.0,305.0,3050.0,2024-05-05
2024050501025280,MEHL,51,49,170.0,305.0,51850.0,2024-05-05
2024050501025279,MEHL,13,49,31.0,305.1,9458.1,2024-05-05
2024050503021009,SHINE,28,35,39.0,391.0,15249.0,2024-05-05
2024050503021008,SHINE,28,46,61.0,390.8,23838.8,2024-05-05
2024050501025278,IHL,57,49,200.0,365.0,73000.0,2024-05-05
2024050501025277,IHL,90,49,400.0,365.8,146320.0,2024-05-05
2024050501025276,IHL,88,49,84.0,365.9,30735.6,2024-05-05
2024050503021007,MDB,69,58,10.0,442.5,4425.0,2024-05-05
2024050503021006,MDB,69,58,10.0,442.5,4425.0,2024-05-05
2024050501025275,NESDO,82,55,50.0,1765.0,88250.0,2024-05-05
2024050504008851,SPDL,60,6,83.0,228.9,18998.7,2024-05-05
2024050504008850,SPDL,60,46,89.0,228.8,20363.2,2024-05-05
2024050504008849,SPDL,60,36,128.0,228.7,29273.6,2024-05-05
2024050504008848,PRIN,34,41,100.0,785.0,78500.0,2024-05-05
2024050503021005,ILBS,57,58,99.0,1197.6,118562.4,2024-05-05
2024050501025274,BEDC,44,48,60.0,361.0,21660.0,2024-05-05
2024050504008847,LEC,64,44,172.0,180.0,30960.0,2024-05-05
2024050505004804,HRL,17,50,10.0,592.6,5926.0,2024-05-05
2024050503021004,RSDC,58,13,70.0,725.0,50750.0,2024-05-05
2024050501025273,HBL,6,49,90.0,171.2,15408.0,2024-05-05
2024050501025272,HBL,42,49,10.0,171.3,1713.0,2024-05-05
2024050503021003,VLBS,34,85,86.0,810.6,69711.6,2024-05-05
2024050503021002,VLBS,45,85,50.0,811.0,40550.0,2024-05-05
2024050501025271,MKHC,5,49,40.0,319.9,12796.0,2024-05-05
2024050503021001,CBBL,34,5,10.0,830.0,8300.0,2024-05-05
2024050503021000,CBBL,45,5,50.0,830.0,41500.0,2024-05-05
2024050503020999,CBBL,42,5,10.0,830.0,8300.0,2024-05-05
2024050503020998,CBBL,45,5,88.0,830.0,73040.0,2024-05-05
2024050503020997,CBBL,45,22,75.0,830.0,62250.0,2024-05-05
2024050505004803,HRL,55,32,400.0,592.5,237000.0,2024-05-05
2024050501025270,TVCL,44,45,10.0,462.0,4620.0,2024-05-05
2024050504008846,UMHL,58,66,50.0,233.8,11690.0,2024-05-05
2024050501025269,HHL,34,42,100.0,348.0,34800.0,2024-05-05
2024050501025268,SMJC,34,32,10.0,352.0,3520.0,2024-05-05
2024050501025267,SMJC,34,36,40.0,351.0,14040.0,2024-05-05
2024050501025266,MANDU,65,58,100.0,789.0,78900.0,2024-05-05
2024050504008845,NGPL,67,45,403.0,304.2,122592.6,2024-05-05
2024050503020996,RSDC,58,58,72.0,725.0,52200.0,2024-05-05
2024050503020995,FMDBL,46,58,21.0,637.9,13395.9,2024-05-05
2024050501025265,SGHC,51,41,10.0,312.9,3129.0,2024-05-05
2024050501025264,SMJC,63,36,10.0,351.0,3510.0,2024-05-05
2024050501025263,SMJC,63,42,10.0,350.0,3500.0,2024-05-05
2024050503020994,CORBL,36,13,10.0,444.2,4442.0,2024-05-05
2024050504008844,NIL,44,26,24.0,787.5,18900.0,2024-05-05
2024050504008843,NIL,35,26,201.0,789.0,158589.0,2024-05-05
2024050504008842,NIL,53,26,200.0,790.0,158000.0,2024-05-05
2024050504008841,NIL,45,26,10.0,790.0,7900.0,2024-05-05
2024050504008840,NIL,58,26,10.0,790.0,7900.0,2024-05-05
2024050504008839,NIL,21,26,20.0,790.0,15800.0,2024-05-05
2024050504008838,NIL,46,26,60.0,790.0,47400.0,2024-05-05
2024050504008837,NIL,44,26,200.0,790.2,158040.0,2024-05-05
2024050504008836,NIL,10,26,100.0,790.3,79030.0,2024-05-05
2024050504008835,NIL,46,26,100.0,790.3,79030.0,2024-05-05
2024050504008834,NIL,44,26,155.0,790.5,122527.5,2024-05-05
2024050504008833,NIL,1,26,20.0,791.0,15820.0,2024-05-05
2024050501025262,MKHL,34,49,40.0,406.9,16276.0,2024-05-05
2024050501025261,HDL,38,62,9.0,1365.0,12285.0,2024-05-05
2024050504008832,HDHPC,67,45,10.0,130.1,1301.0,2024-05-05
2024050503020993,GBBL,35,22,100.0,364.0,36400.0,2024-05-05
2024050501025260,GCIL,48,36,300.0,480.1,144030.0,2024-05-05
2024050501025259,MHCL,13,34,10.0,380.0,3800.0,2024-05-05
2024050503020992,MPFL,45,47,10.0,455.0,4550.0,2024-05-05
2024050503020991,GUFL,48,47,50.0,720.0,36000.0,2024-05-05
2024050501025258,SONA,58,25,20.0,440.0,8800.0,2024-05-05
2024050503020990,PFL,14,35,10.0,667.0,6670.0,2024-05-05
2024050503020989,NFS,10,64,200.0,553.0,110600.0,2024-05-05
2024050503020988,NFS,10,35,300.0,552.0,165600.0,2024-05-05
2024050504008831,SPDL,17,36,11.0,228.7,2515.7,2024-05-05
2024050505004802,LEMF,13,17,1100.0,9.41,10351.0,2024-05-05
2024050505004801,LEMF,41,17,10000.0,9.42,94200.0,2024-05-05
2024050503020987,JBBL,6,16,45.0,289.0,13005.0,2024-05-05
2024050503020986,JBBL,11,16,100.0,289.0,28900.0,2024-05-05
2024050503020985,JBBL,49,16,200.0,289.0,57800.0,2024-05-05
2024050503020984,JBBL,38,16,500.0,289.0,144500.0,2024-05-05
2024050503020983,JBBL,45,16,60.0,289.0,17340.0,2024-05-05
2024050503020982,JBBL,39,16,10.0,289.0,2890.0,2024-05-05
2024050503020981,JBBL,1,16,485.0,289.0,140165.0,2024-05-05
2024050503020980,JBBL,47,16,100.0,289.1,28910.0,2024-05-05
2024050504008830,PRIN,56,41,10.0,785.0,7850.0,2024-05-05
2024050501025257,SARBTM,38,56,10.0,763.7,7637.0,2024-05-05
2024050501025256,SARBTM,49,56,10.0,764.0,7640.0,2024-05-05
2024050503020979,CFCL,25,6,25.0,385.1,9627.5,2024-05-05
2024050503020978,NADEP,10,6,19.0,763.0,14497.0,2024-05-05
2024050503020977,NADEP,77,6,121.0,763.0,92323.0,2024-05-05
2024050503020976,NADEP,71,6,60.0,763.1,45786.0,2024-05-05
2024050501025255,CYCL,62,4,33.0,1520.0,50160.0,2024-05-05
2024050501025254,CYCL,62,54,100.0,1519.0,151900.0,2024-05-05
2024050501025253,CYCL,62,33,17.0,1519.0,25823.0,2024-05-05
2024050501025252,NYADI,59,52,10.0,282.9,2829.0,2024-05-05
2024050503020975,ILBS,62,52,100.0,1200.0,120000.0,2024-05-05
2024050503020974,PMLI,40,62,173.0,500.0,86500.0,2024-05-05
2024050503020973,PMLI,3,62,127.0,500.0,63500.0,2024-05-05
2024050501025251,GBIME,34,49,373.0,175.0,65275.0,2024-05-05
2024050501025250,GBIME,39,49,175.0,175.0,30625.0,2024-05-05
2024050501025249,GBIME,54,49,24.0,175.1,4202.4,2024-05-05
2024050501025248,GBIME,34,49,299.0,175.1,52354.9,2024-05-05
2024050501025247,GBIME,38,49,50.0,175.5,8775.0,2024-05-05
2024050501025246,GBIME,42,49,50.0,176.0,8800.0,2024-05-05
2024050501025245,GBIME,58,49,10.0,176.5,1765.0,2024-05-05
2024050501025244,GBIME,49,49,19.0,176.5,3353.5,2024-05-05
2024050504008829,NHPC,5,58,100.0,144.9,14490.0,2024-05-05
2024050504008828,HURJA,4,32,477.0,280.0,133560.0,2024-05-05
2024050504008827,HURJA,26,32,100.0,280.0,28000.0,2024-05-05
2024050504008826,HURJA,19,32,20.0,280.0,5600.0,2024-05-05
2024050504008825,HURJA,52,32,70.0,280.0,19600.0,2024-05-05
2024050504008824,HURJA,58,32,30.0,280.0,8400.0,2024-05-05
2024050504008823,HURJA,42,32,1000.0,280.0,280000.0,2024-05-05
2024050504008822,HURJA,64,32,300.0,280.0,84000.0,2024-05-05
2024050504008821,HURJA,35,32,70.0,280.0,19600.0,2024-05-05
2024050504008820,HURJA,14,32,500.0,280.0,140000.0,2024-05-05
2024050504008819,HURJA,22,32,50.0,280.0,14000.0,2024-05-05
2024050504008818,HURJA,47,32,50.0,280.0,14000.0,2024-05-05
2024050504008817,HURJA,25,32,100.0,280.1,28010.0,2024-05-05
2024050504008816,HURJA,54,32,200.0,280.1,56020.0,2024-05-05
2024050504008815,HURJA,41,32,485.0,280.2,135897.0,2024-05-05
2024050504008814,HURJA,57,32,250.0,280.3,70075.0,2024-05-05
2024050504008813,HURJA,37,32,150.0,281.1,42165.0,2024-05-05
2024050504008812,HURJA,28,32,100.0,281.1,28110.0,2024-05-05
2024050504008811,HURJA,33,32,2138.0,282.0,602916.0,2024-05-05
2024050504008810,HURJA,66,32,200.0,282.1,56420.0,2024-05-05
2024050504008809,HURJA,18,32,100.0,282.1,28210.0,2024-05-05
2024050504008808,HURJA,41,32,610.0,282.1,172081.0,2024-05-05
2024050503020972,ICFC,32,59,75.0,514.0,38550.0,2024-05-05
2024050505004800,NTC,25,6,50.0,814.8,40740.0,2024-05-05
2024050504008807,SHL,50,39,100.0,430.2,43020.0,2024-05-05
2024050503020971,FMDBL,46,36,20.0,637.9,12758.0,2024-05-05
2024050503020970,FMDBL,46,8,20.0,637.9,12758.0,2024-05-05
2024050505004799,NRN,37,33,10.0,500.0,5000.0,2024-05-05
2024050505004798,NRN,37,26,10.0,498.0,4980.0,2024-05-05
2024050503020969,MDB,58,41,84.0,442.0,37128.0,2024-05-05
2024050503020968,SHINE,33,57,100.0,390.2,39020.0,2024-05-05
2024050504008806,CHL,19,45,200.0,318.0,63600.0,2024-05-05
2024050503020967,SWBBL,56,44,280.0,764.0,213920.0,2024-05-05
2024050501025243,PPL,52,33,20.0,553.5,11070.0,2024-05-05
2024050501025242,CLI,60,35,1000.0,451.3,451300.0,2024-05-05
2024050501025241,SHIVM,22,60,15.0,499.0,7485.0,2024-05-05
2024050504008805,API,93,58,10.0,167.7,1677.0,2024-05-05
2024050504008804,HDHPC,54,38,73.0,130.0,9490.0,2024-05-05
2024050503020966,LBBL,29,26,50.0,374.8,18740.0,2024-05-05
2024050501025240,NRM,14,36,10.0,353.3,3533.0,2024-05-05
2024050501025239,ILI,36,39,10.0,551.0,5510.0,2024-05-05
2024050503020965,SFCL,34,32,10.0,342.0,3420.0,2024-05-05
2024050501025238,MANDU,65,45,20.0,789.0,15780.0,2024-05-05
2024050501025237,JBLB,45,34,20.0,1327.0,26540.0,2024-05-05
2024050503020964,GUFL,38,34,100.0,719.2,71920.0,2024-05-05
2024050503020963,GUFL,13,34,16.0,719.2,11507.2,2024-05-05
2024050503020962,GUFL,57,34,50.0,719.5,35975.0,2024-05-05
2024050503020961,GUFL,28,34,10.0,719.9,7199.0,2024-05-05
2024050504008803,HEI,51,48,20.0,584.0,11680.0,2024-05-05
2024050501025236,PPL,42,1,35.0,554.0,19390.0,2024-05-05
2024050504008802,SHEL,50,43,116.0,146.8,17028.8,2024-05-05
2024050504008801,SHEL,1,43,100.0,146.8,14680.0,2024-05-05
2024050504008800,SHEL,58,43,150.0,146.8,22020.0,2024-05-05
2024050504008799,SHEL,35,43,10.0,146.8,1468.0,2024-05-05
2024050504008798,SHEL,43,43,50.0,146.8,7340.0,2024-05-05
2024050504008797,SHEL,14,43,944.0,146.8,138579.2,2024-05-05
2024050504008796,SHEL,1,43,100.0,146.9,14690.0,2024-05-05
2024050504008795,SHEL,32,43,30.0,146.9,4407.0,2024-05-05
2024050503020960,SAPDBL,94,57,30.0,309.0,9270.0,2024-05-05
2024050501025235,SARBTM,57,58,10.0,765.0,7650.0,2024-05-05
2024050503020959,ILBS,74,52,200.0,1200.0,240000.0,2024-05-05
2024050503020958,ILBS,74,42,100.0,1200.0,120000.0,2024-05-05
2024050503020957,ALICL,10,45,12.0,548.0,6576.0,2024-05-05
2024050503020956,ILBS,57,10,15.0,1197.6,17964.0,2024-05-05
2024050503020955,ILBS,5,10,10.0,1197.8,11978.0,2024-05-05
2024050503020954,ILBS,66,10,281.0,1197.8,336581.8,2024-05-05
2024050503020953,KRBL,43,10,90.0,418.0,37620.0,2024-05-05
2024050504008794,UPPER,59,55,10.0,162.5,1625.0,2024-05-05
2024050504008793,UPPER,59,55,290.0,162.3,47067.0,2024-05-05
2024050503020952,SLBBL,21,6,120.0,701.2,84144.0,2024-05-05
2024050503020951,SLBBL,39,6,100.0,701.3,70130.0,2024-05-05
2024050503020950,SLBBL,88,6,10.0,709.0,7090.0,2024-05-05
2024050501025234,NESDO,19,49,40.0,1765.0,70600.0,2024-05-05
2024050503020949,SWBBL,49,44,71.0,764.0,54244.0,2024-05-05
2024050501025233,SONA,58,32,200.0,439.0,87800.0,2024-05-05
2024050504008792,SGIC,32,34,83.0,529.9,43981.7,2024-05-05
2024050504008791,SGIC,32,35,217.0,529.8,114966.6,2024-05-05
2024050501025232,HDL,4,26,10.0,1367.9,13679.0,2024-05-05
2024050504008790,UPPER,40,55,10.0,162.3,1623.0,2024-05-05
2024050504008789,UPPER,58,55,200.0,162.3,32460.0,2024-05-05
2024050503020948,SADBL,50,44,682.0,303.0,206646.0,2024-05-05
2024050503020947,SADBL,34,44,10.0,303.0,3030.0,2024-05-05
2024050503020946,SADBL,88,44,500.0,303.0,151500.0,2024-05-05
2024050503020945,SADBL,48,44,200.0,303.0,60600.0,2024-05-05
2024050503020944,SADBL,55,44,100.0,303.0,30300.0,2024-05-05
2024050503020943,SADBL,26,44,247.0,303.0,74841.0,2024-05-05
2024050501025231,PHCL,5,44,90.0,288.1,25929.0,2024-05-05
2024050501025230,PHCL,43,44,300.0,288.2,86460.0,2024-05-05
2024050501025229,PHCL,45,44,50.0,288.2,14410.0,2024-05-05
2024050501025228,PHCL,62,44,100.0,290.0,29000.0,2024-05-05
2024050501025227,PHCL,20,44,460.0,290.0,133400.0,2024-05-05
2024050501025226,PPL,39,1,30.0,554.0,16620.0,2024-05-05
2024050504008788,NGPL,58,80,190.0,304.8,57912.0,2024-05-05
2024050504008787,CHL,77,71,13.0,316.0,4108.0,2024-05-05
2024050503020942,VLBS,52,49,104.0,812.0,84448.0,2024-05-05
2024050501025225,SARBTM,38,58,10.0,765.0,7650.0,2024-05-05
2024050503020941,ACLBSL,58,35,10.0,820.0,8200.0,2024-05-05
2024050503020940,PROFL,49,60,700.0,330.1,231070.0,2024-05-05
2024050503020939,PROFL,46,60,300.0,330.2,99060.0,2024-05-05
2024050505004797,CHDC,41,45,10.0,720.0,7200.0,2024-05-05
2024050503020938,KRBL,34,49,211.0,420.0,88620.0,2024-05-05
2024050503020937,KRBL,34,39,239.0,419.8,100332.2,2024-05-05
2024050503020936,KRBL,34,61,50.0,419.5,20975.0,2024-05-05
2024050503020935,NABBC,34,57,10.0,430.0,4300.0,2024-05-05
2024050504008786,RADHI,20,48,492.0,226.0,111192.0,2024-05-05
2024050504008785,RADHI,17,48,250.0,227.0,56750.0,2024-05-05
2024050504008784,RADHI,35,48,410.0,227.0,93070.0,2024-05-05
2024050504008783,RADHI,44,48,500.0,227.5,113750.0,2024-05-05
2024050504008782,RADHI,44,48,348.0,228.0,79344.0,2024-05-05
2024050504008781,MEN,39,21,10.0,511.0,5110.0,2024-05-05
2024050501025224,HHL,57,42,105.0,348.0,36540.0,2024-05-05
2024050501025223,HHL,57,58,10.0,348.0,3480.0,2024-05-05
2024050503020934,FOWAD,56,57,14.0,1162.0,16268.0,2024-05-05
2024050503020933,FOWAD,56,13,20.0,1160.0,23200.0,2024-05-05
2024050503020932,FOWAD,56,72,30.0,1160.0,34800.0,2024-05-05
2024050503020931,FOWAD,56,62,16.0,1159.0,18544.0,2024-05-05
2024050501025222,AVYAN,18,42,10.0,774.0,7740.0,2024-05-05
2024050501025221,AVYAN,18,35,10.0,770.0,7700.0,2024-05-05
2024050501025220,PPL,80,33,30.0,553.5,16605.0,2024-05-05
2024050501025219,PPL,48,33,120.0,553.5,66420.0,2024-05-05
2024050503020930,SDLBSL,7,33,77.0,870.1,66997.7,2024-05-05
2024050504008780,JOSHI,35,22,100.0,326.0,32600.0,2024-05-05
2024050504008779,PPCL,35,59,23.0,228.9,5264.7,2024-05-05
2024050504008778,PPCL,35,59,20.0,228.7,4574.0,2024-05-05
2024050503020929,MLBSL,5,55,20.0,1734.0,34680.0,2024-05-05
2024050501025218,SNLI,51,37,53.0,593.0,31429.0,2024-05-05
2024050501025217,SONA,58,25,130.0,439.0,57070.0,2024-05-05
2024050501025216,SONA,63,25,100.0,439.0,43900.0,2024-05-05
2024050501025215,SONA,58,25,100.0,439.0,43900.0,2024-05-05
2024050501025214,SONA,19,25,10.0,439.0,4390.0,2024-05-05
2024050501025213,SONA,36,25,50.0,439.0,21950.0,2024-05-05
2024050501025212,SONA,45,25,15.0,439.0,6585.0,2024-05-05
2024050501025211,SONA,57,25,30.0,439.0,13170.0,2024-05-05
2024050501025210,SONA,91,25,65.0,439.0,28535.0,2024-05-05
2024050501025209,USHL,41,45,50.0,455.0,22750.0,2024-05-05
2024050501025208,BGWT,65,45,225.0,588.0,132300.0,2024-05-05
2024050501025207,BGWT,59,45,275.0,588.1,161727.5,2024-05-05
2024050501025206,MKHC,51,42,10.0,314.7,3147.0,2024-05-05
2024050504008777,SHEL,58,35,30.0,147.0,4410.0,2024-05-05
2024050504008776,KKHC,42,6,10.0,222.0,2220.0,2024-05-05
2024050503020928,ICFC,55,38,170.0,512.0,87040.0,2024-05-05
2024050503020927,ICFC,78,38,100.0,512.0,51200.0,2024-05-05
2024050503020926,ICFC,3,38,100.0,513.0,51300.0,2024-05-05
2024050503020925,ICFC,21,38,100.0,513.0,51300.0,2024-05-05
2024050503020924,ICFC,40,38,30.0,513.0,15390.0,2024-05-05
2024050503020923,ACLBSL,81,49,37.0,825.0,30525.0,2024-05-05
2024050501025205,UHEWA,35,58,20.0,383.0,7660.0,2024-05-05
2024050504008775,KPCL,51,50,62.0,389.1,24124.2,2024-05-05
2024050503020922,KSBBL,8,14,1000.0,364.0,364000.0,2024-05-05
2024050501025204,SHLB,25,38,10.0,1230.0,12300.0,2024-05-05
2024050501025203,MBJC,45,25,10.0,294.0,2940.0,2024-05-05
2024050501025202,MBJC,1,25,140.0,294.1,41174.0,2024-05-05
2024050501025201,IHL,88,45,110.0,365.9,40249.0,2024-05-05
2024050501025200,IHL,42,45,390.0,367.0,143130.0,2024-05-05
2024050501025199,UHEWA,48,58,10.0,383.0,3830.0,2024-05-05
2024050504008774,CGH,35,45,29.0,768.0,22272.0,2024-05-05
2024050504008773,CGH,1,45,40.0,768.0,30720.0,2024-05-05
2024050504008772,CGH,22,45,21.0,768.0,16128.0,2024-05-05
2024050501025198,IHL,21,22,10.0,368.7,3687.0,2024-05-05
2024050503020921,GBLBS,33,14,100.0,685.6,68560.0,2024-05-05
2024050504008771,API,58,58,10.0,167.7,1677.0,2024-05-05
2024050501025197,HDL,57,26,50.0,1367.9,68395.0,2024-05-05
2024050503020920,SLBBL,17,56,200.0,711.0,142200.0,2024-05-05
2024050505004796,CIT,19,16,19.0,2086.0,39634.0,2024-05-05
2024050505004795,CIT,42,16,128.0,2086.0,267008.0,2024-05-05
2024050501025196,ILI,36,38,10.0,551.0,5510.0,2024-05-05
2024050503020919,BFC,22,41,77.0,380.0,29260.0,2024-05-05
2024050503020918,BFC,22,57,23.0,380.0,8740.0,2024-05-05
2024050504008770,TRH,45,4,89.0,707.5,62967.5,2024-05-05
2024050504008769,TRH,38,4,58.0,710.0,41180.0,2024-05-05
2024050504008768,UAIL,34,45,10.0,540.0,5400.0,2024-05-05
2024050501025195,MKHL,42,34,10.0,407.0,4070.0,2024-05-05
2024050501025194,TVCL,34,45,10.0,462.0,4620.0,2024-05-05
2024050503020917,SHINE,63,46,100.0,390.8,39080.0,2024-05-05
2024050501025193,NBL,18,43,51.0,198.5,10123.5,2024-05-05
2024050501025192,NBL,22,43,64.0,198.5,12704.0,2024-05-05
2024050501025191,NBL,48,43,10.0,198.5,1985.0,2024-05-05
2024050501025190,NBL,35,43,50.0,198.5,9925.0,2024-05-05
2024050505004794,CIT,17,22,50.0,2087.8,104390.0,2024-05-05
2024050503020916,SMB,10,38,50.0,1432.0,71600.0,2024-05-05
2024050503020915,NFS,16,52,150.0,551.0,82650.0,2024-05-05
2024050503020914,NFS,22,52,100.0,551.8,55180.0,2024-05-05
2024050503020913,NFS,5,52,250.0,552.0,138000.0,2024-05-05
2024050503020912,GLBSL,52,42,10.0,1877.0,18770.0,2024-05-05
2024050504008767,CHCL,47,45,65.0,430.1,27956.5,2024-05-05
2024050501025189,MKJC,26,85,100.0,429.0,42900.0,2024-05-05
2024050501025188,PPL,48,33,180.0,553.5,99630.0,2024-05-05
2024050501025187,PPL,64,33,140.0,553.5,77490.0,2024-05-05
2024050501025186,PPL,47,33,50.0,553.6,27680.0,2024-05-05
2024050501025185,PPL,21,33,20.0,554.0,11080.0,2024-05-05
2024050501025184,PPL,47,33,50.0,554.0,27700.0,2024-05-05
2024050501025183,NRM,49,35,50.0,356.0,17800.0,2024-05-05
2024050501025182,MANDU,65,35,10.0,789.0,7890.0,2024-05-05
2024050503020911,NICLBSL,38,35,460.0,657.0,302220.0,2024-05-05
2024050503020910,NICLBSL,6,35,30.0,658.0,19740.0,2024-05-05
2024050503020909,NICLBSL,36,35,10.0,658.7,6587.0,2024-05-05
2024050503020908,JFL,45,32,80.0,510.3,40824.0,2024-05-05
2024050503020907,JFL,74,32,250.0,510.6,127650.0,2024-05-05
2024050503020906,JFL,40,32,170.0,511.0,86870.0,2024-05-05
2024050503020905,SJLIC,45,50,300.0,411.3,123390.0,2024-05-05
2024050503020904,SJLIC,67,50,10.0,411.5,4115.0,2024-05-05
2024050503020903,USLB,33,46,50.0,2000.1,100005.0,2024-05-05
2024050503020902,LICN,85,48,10.0,1257.0,12570.0,2024-05-05
2024050503020901,LICN,85,48,30.0,1260.0,37800.0,2024-05-05
2024050503020900,LICN,58,48,30.0,1262.0,37860.0,2024-05-05
2024050503020899,LICN,25,48,100.0,1262.0,126200.0,2024-05-05
2024050503020898,LICN,48,48,30.0,1262.0,37860.0,2024-05-05
2024050503020897,LICN,85,48,40.0,1262.0,50480.0,2024-05-05
2024050503020896,LICN,54,48,10.0,1263.0,12630.0,2024-05-05
2024050504008766,IGI,34,22,20.0,534.0,10680.0,2024-05-05
2024050503020895,MLBL,34,38,10.0,323.0,3230.0,2024-05-05
2024050504008765,JOSHI,40,50,500.0,328.0,164000.0,2024-05-05
2024050503020894,SFCL,57,57,44.0,340.2,14968.8,2024-05-05
2024050503020893,SFCL,65,57,100.0,340.4,34040.0,2024-05-05
2024050503020892,SFCL,34,57,776.0,340.6,264305.6,2024-05-05
2024050501025181,RNLI,28,17,76.0,425.1,32307.6,2024-05-05
2024050503020891,LICN,71,43,10.0,1280.0,12800.0,2024-05-05
2024050501025180,RHGCL,6,44,180.0,341.0,61380.0,2024-05-05
2024050503020890,NABBC,26,47,550.0,427.5,235125.0,2024-05-05
2024050501025179,HHL,49,58,10.0,348.0,3480.0,2024-05-05
2024050501025178,PHCL,58,49,100.0,291.0,29100.0,2024-05-05
2024050501025177,PHCL,25,49,93.0,291.0,27063.0,2024-05-05
2024050503020889,ICFC,40,54,20.0,513.0,10260.0,2024-05-05
2024050503020888,ICFC,29,54,100.0,513.1,51310.0,2024-05-05
2024050503020887,ICFC,5,54,20.0,513.1,10262.0,2024-05-05
2024050503020886,ICFC,8,54,20.0,513.1,10262.0,2024-05-05
2024050501025176,DORDI,87,34,15.0,406.0,6090.0,2024-05-05
2024050501025175,CLI,60,48,180.0,451.3,81234.0,2024-05-05
2024050501025174,CLI,67,48,20.0,451.4,9028.0,2024-05-05
2024050503020885,NFS,46,45,500.0,552.0,276000.0,2024-05-05
2024050503020884,PFL,43,19,1470.0,666.5,979755.0,2024-05-05
2024050503020883,PFL,38,19,10.0,666.5,6665.0,2024-05-05
2024050503020882,PFL,42,19,100.0,667.0,66700.0,2024-05-05
2024050503020881,PFL,40,19,40.0,667.0,26680.0,2024-05-05
2024050503020880,PFL,1,19,100.0,667.0,66700.0,2024-05-05
2024050503020879,PFL,35,19,200.0,667.0,133400.0,2024-05-05
2024050503020878,PFL,62,19,20.0,668.0,13360.0,2024-05-05
2024050503020877,PFL,80,19,10.0,668.0,6680.0,2024-05-05
2024050503020876,PFL,40,19,50.0,668.0,33400.0,2024-05-05
2024050503020875,CORBL,58,34,55.0,448.0,24640.0,2024-05-05
2024050503020874,CORBL,58,16,90.0,447.0,40230.0,2024-05-05
2024050503020873,CORBL,58,42,55.0,445.0,24475.0,2024-05-05
2024050505004793,CIT,42,26,16.0,2086.0,33376.0,2024-05-05
2024050503020872,SIFC,91,35,279.0,418.1,116649.9,2024-05-05
2024050503020871,SIFC,45,35,150.0,418.1,62715.0,2024-05-05
2024050503020870,SIFC,45,35,21.0,418.2,8782.2,2024-05-05
2024050503020869,VLBS,7,49,30.0,812.0,24360.0,2024-05-05
2024050503020868,VLBS,42,49,40.0,812.0,32480.0,2024-05-05
2024050503020867,VLBS,45,49,1077.0,812.0,874524.0,2024-05-05
2024050503020866,PFL,36,17,100.0,668.1,66810.0,2024-05-05
2024050504008764,HPPL,38,45,150.0,252.0,37800.0,2024-05-05
2024050504008763,HPPL,52,45,50.0,252.5,12625.0,2024-05-05
2024050501025173,LSL,45,45,240.0,146.7,35208.0,2024-05-05
2024050501025172,GBIME,42,58,843.0,177.0,149211.0,2024-05-05
2024050501025171,GBIME,42,1,200.0,177.0,35400.0,2024-05-05
2024050501025170,GBIME,42,6,52.0,177.0,9204.0,2024-05-05
2024050501025169,GBIME,42,52,290.0,176.8,51272.0,2024-05-05
2024050504008762,AKJCL,34,54,10.0,208.0,2080.0,2024-05-05
2024050501025168,NIMB,45,57,569.0,151.0,85919.0,2024-05-05
2024050501025167,NIMB,14,57,401.0,151.1,60591.1,2024-05-05
2024050501025166,NIMB,51,57,30.0,151.2,4536.0,2024-05-05
2024050504008761,NICL,19,41,310.0,829.0,256990.0,2024-05-05
2024050504008760,NICL,19,39,190.0,829.0,157510.0,2024-05-05
2024050501025165,HDL,58,26,10.0,1367.9,13679.0,2024-05-05
2024050503020865,SJLIC,58,58,42.0,411.5,17283.0,2024-05-05
2024050503020864,NICLBSL,42,26,19.0,659.0,12521.0,2024-05-05
2024050503020863,SAPDBL,94,52,480.0,309.0,148320.0,2024-05-05
2024050501025164,BHPL,35,58,66.0,519.0,34254.0,2024-05-05
2024050501025163,BHPL,35,41,50.0,519.0,25950.0,2024-05-05
2024050501025162,BHPL,35,53,90.0,518.9,46701.0,2024-05-05
2024050501025161,BHPL,35,28,75.0,518.1,38857.5,2024-05-05
2024050501025160,BHPL,35,22,100.0,516.0,51600.0,2024-05-05
2024050501025159,BHPL,35,59,50.0,516.0,25800.0,2024-05-05
2024050501025158,BHPL,35,28,30.0,515.0,15450.0,2024-05-05
2024050501025157,BHPL,35,29,10.0,515.0,5150.0,2024-05-05
2024050501025156,BHPL,35,21,29.0,515.0,14935.0,2024-05-05
2024050505004792,STC,54,33,50.0,4360.0,218000.0,2024-05-05
2024050503020862,SADBL,85,50,500.0,303.1,151550.0,2024-05-05
2024050505004791,HRL,55,44,465.0,592.5,275512.5,2024-05-05
2024050505004790,HRL,26,44,100.0,592.6,59260.0,2024-05-05
2024050505004789,HRL,55,44,435.0,592.6,257781.0,2024-05-05
2024050501025155,SHIVM,29,60,135.0,499.0,67365.0,2024-05-05
2024050501025154,SGHC,77,13,110.0,314.0,34540.0,2024-05-05
2024050501025153,SGHC,77,26,10.0,313.6,3136.0,2024-05-05
2024050501025152,SGHC,77,39,250.0,313.0,78250.0,2024-05-05
2024050503020861,RSDC,58,36,30.0,725.0,21750.0,2024-05-05
2024050501025151,NABIL,6,45,11.0,426.0,4686.0,2024-05-05
2024050504008759,GLH,49,42,45.0,202.1,9094.5,2024-05-05
2024050504008758,OHL,42,54,10.0,723.0,7230.0,2024-05-05
2024050503020860,RSDC,58,42,195.0,725.0,141375.0,2024-05-05
2024050504008757,GLH,49,57,455.0,202.1,91955.5,2024-05-05
2024050504008756,GLH,49,57,10.0,202.5,2025.0,2024-05-05
2024050504008755,GLH,45,57,35.0,202.5,7087.5,2024-05-05
2024050501025150,KDL,45,19,50.0,765.0,38250.0,2024-05-05
2024050501025149,KDL,35,19,50.0,765.1,38255.0,2024-05-05
2024050503020859,JFL,13,83,10.0,515.0,5150.0,2024-05-05
2024050503020858,SADBL,45,52,100.0,303.1,30310.0,2024-05-05
2024050503020857,MERO,83,22,10.0,683.0,6830.0,2024-05-05
2024050504008754,API,41,38,132.0,166.0,21912.0,2024-05-05
2024050504008753,API,45,38,500.0,166.0,83000.0,2024-05-05
2024050504008752,API,58,38,18.0,166.0,2988.0,2024-05-05
2024050504008751,API,19,38,100.0,166.1,16610.0,2024-05-05
2024050504008750,API,63,38,100.0,167.0,16700.0,2024-05-05
2024050504008749,API,5,38,150.0,167.0,25050.0,2024-05-05
2024050504008748,HDHPC,4,38,200.0,130.0,26000.0,2024-05-05
2024050504008747,HDHPC,59,38,100.0,130.0,13000.0,2024-05-05
2024050504008746,HDHPC,21,38,927.0,130.0,120510.0,2024-05-05
2024050504008745,HDHPC,26,38,200.0,130.1,26020.0,2024-05-05
2024050504008744,HDHPC,17,38,500.0,130.1,65050.0,2024-05-05
2024050504008743,SHEL,41,35,380.0,147.0,55860.0,2024-05-05
2024050505004788,HRL,55,35,10.0,592.6,5926.0,2024-05-05
2024050501025148,ILI,36,4,1035.0,551.0,570285.0,2024-05-05
2024050503020856,SAPDBL,94,41,300.0,309.0,92700.0,2024-05-05
2024050504008742,SHEL,41,35,120.0,147.0,17640.0,2024-05-05
2024050503020855,JFL,40,57,130.0,511.0,66430.0,2024-05-05
2024050503020854,JFL,21,57,150.0,513.5,77025.0,2024-05-05
2024050503020853,JFL,45,57,20.0,514.0,10280.0,2024-05-05
2024050504008741,BARUN,94,91,300.0,225.8,67740.0,2024-05-05
2024050501025147,KBL,58,48,10.0,131.5,1315.0,2024-05-05
2024050504008740,SHEL,56,35,566.0,147.0,83202.0,2024-05-05
2024050504008739,SHEL,56,49,900.0,147.0,132300.0,2024-05-05
2024050504008738,SHEL,56,51,10.0,147.0,1470.0,2024-05-05
2024050504008737,SHEL,56,56,1024.0,147.0,150528.0,2024-05-05
2024050504008736,NGPL,18,80,1600.0,304.8,487680.0,2024-05-05
2024050501025146,CYCL,62,33,20.0,1519.0,30380.0,2024-05-05
2024050505004787,NIFRA,35,35,8.0,192.7,1541.6,2024-05-05
2024050501025145,BHPL,35,21,56.0,515.0,28840.0,2024-05-05
2024050501025144,BHPL,35,53,60.0,514.6,30876.0,2024-05-05
2024050501025143,BHPL,35,16,300.0,514.0,154200.0,2024-05-05
2024050501025142,BHPL,35,38,100.0,514.0,51400.0,2024-05-05
2024050501025141,BHPL,35,72,84.0,513.8,43159.2,2024-05-05
2024050505004786,HRL,55,1,450.0,592.6,266670.0,2024-05-05
2024050501025140,IHL,28,39,90.0,367.5,33075.0,2024-05-05
2024050505004785,HRL,55,39,435.0,592.6,257781.0,2024-05-05
2024050501025139,ILI,48,57,10.0,550.8,5508.0,2024-05-05
2024050505004784,NBF3,45,34,100.0,7.48,748.0,2024-05-05
2024050504008735,NIL,1,34,10.0,791.0,7910.0,2024-05-05
2024050504008734,NIL,22,34,10.0,792.0,7920.0,2024-05-05
2024050504008733,NIL,34,34,20.0,794.0,15880.0,2024-05-05
2024050504008732,MEN,16,45,10.0,512.0,5120.0,2024-05-05
2024050504008731,MEN,16,1,15.0,511.9,7678.5,2024-05-05
2024050503020852,GMFIL,16,57,10.0,377.0,3770.0,2024-05-05
2024050501025138,MHCL,13,51,500.0,380.0,190000.0,2024-05-05
2024050501025137,MHCL,13,5,200.0,380.0,76000.0,2024-05-05
2024050501025136,MHCL,13,42,10.0,380.0,3800.0,2024-05-05
2024050501025135,MHCL,13,77,20.0,380.0,7600.0,2024-05-05
2024050501025134,MHCL,13,45,580.0,380.0,220400.0,2024-05-05
2024050501025133,MHCL,13,32,500.0,378.0,189000.0,2024-05-05
2024050501025132,MHCL,13,32,500.0,378.0,189000.0,2024-05-05
2024050501025131,MHCL,13,39,100.0,377.9,37790.0,2024-05-05
2024050501025130,MHCL,13,59,30.0,377.7,11331.0,2024-05-05
2024050501025129,MHCL,13,5,90.0,377.7,33993.0,2024-05-05
2024050501025128,ADBL,65,16,300.0,239.0,71700.0,2024-05-05
2024050501025127,ADBL,65,45,200.0,239.0,47800.0,2024-05-05
2024050501025126,ADBL,65,58,190.0,239.0,45410.0,2024-05-05
2024050501025125,ADBL,65,46,25.0,238.9,5972.5,2024-05-05
2024050501025124,ADBL,65,38,50.0,238.0,11900.0,2024-05-05
2024050501025123,ADBL,65,26,10.0,238.0,2380.0,2024-05-05
2024050501025122,ADBL,65,1,12.0,238.0,2856.0,2024-05-05
2024050501025121,ADBL,65,32,500.0,238.0,119000.0,2024-05-05
2024050501025120,ADBL,65,42,50.0,237.9,11895.0,2024-05-05
2024050501025119,ADBL,65,52,36.0,237.0,8532.0,2024-05-05
2024050501025118,ADBL,65,42,109.0,237.0,25833.0,2024-05-05
2024050501025117,ADBL,65,56,42.0,236.5,9933.0,2024-05-05
2024050503020851,RSDC,58,47,100.0,725.0,72500.0,2024-05-05
2024050501025116,HDL,38,26,20.0,1367.9,27358.0,2024-05-05
2024050505004783,CHDC,32,48,30.0,725.0,21750.0,2024-05-05
2024050501025115,SANIMA,40,50,39.0,232.1,9051.9,2024-05-05
2024050501025114,SANIMA,51,50,50.0,232.1,11605.0,2024-05-05
2024050501025113,SANIMA,42,50,30.0,232.1,6963.0,2024-05-05
2024050501025112,SANIMA,28,50,88.0,232.1,20424.8,2024-05-05
2024050501025111,SHIVM,4,38,35.0,499.9,17496.5,2024-05-05
2024050501025110,SHIVM,4,34,70.0,499.8,34986.0,2024-05-05
2024050503020850,ALICL,42,49,23.0,545.1,12537.3,2024-05-05
2024050503020849,ALICL,46,49,30.0,545.1,16353.0,2024-05-05
2024050501025109,NRM,38,49,48.0,353.4,16963.2,2024-05-05
2024050504008730,CHL,21,58,20.0,317.0,6340.0,2024-05-05
2024050504008729,CHL,21,13,190.0,317.0,60230.0,2024-05-05
2024050505004782,HRL,55,42,50.0,592.6,29630.0,2024-05-05
2024050504008728,AKJCL,42,54,100.0,208.0,20800.0,2024-05-05
2024050503020848,SADBL,41,44,32.0,304.0,9728.0,2024-05-05
2024050501025108,UHEWA,57,58,20.0,383.0,7660.0,2024-05-05
2024050501025107,BNHC,57,16,20.0,446.0,8920.0,2024-05-05
2024050501025106,BNHC,38,16,25.0,446.1,11152.5,2024-05-05
2024050501025105,MHCL,7,5,10.0,377.7,3777.0,2024-05-05
2024050503020847,SHINE,33,22,54.0,390.2,21070.8,2024-05-05
2024050503020846,PFL,40,55,50.0,668.0,33400.0,2024-05-05
2024050503020845,PFL,36,55,50.0,668.0,33400.0,2024-05-05
2024050501025104,HDL,46,1,30.0,1367.0,41010.0,2024-05-05
2024050501025103,HDL,45,1,10.0,1367.0,13670.0,2024-05-05
2024050501025102,HDL,41,1,10.0,1367.0,13670.0,2024-05-05
2024050504008727,NICL,56,4,118.0,828.0,97704.0,2024-05-05
2024050504008726,NICL,49,4,10.0,828.1,8281.0,2024-05-05
2024050504008725,NICL,51,4,272.0,828.1,225243.2,2024-05-05
2024050504008724,NICL,51,46,30.0,828.1,24843.0,2024-05-05
2024050503020844,KRBL,43,39,167.0,418.0,69806.0,2024-05-05
2024050503020843,KRBL,35,39,100.0,418.0,41800.0,2024-05-05
2024050503020842,KRBL,14,39,100.0,418.0,41800.0,2024-05-05
2024050503020841,KRBL,42,39,10.0,418.0,4180.0,2024-05-05
2024050503020840,KRBL,34,39,53.0,418.0,22154.0,2024-05-05
2024050503020839,KRBL,4,39,50.0,418.1,20905.0,2024-05-05
2024050503020838,KRBL,54,39,20.0,418.1,8362.0,2024-05-05
2024050504008723,CGH,22,45,15.0,768.0,11520.0,2024-05-05
2024050504008722,CGH,25,45,10.0,768.1,7681.0,2024-05-05
2024050504008721,CGH,34,45,25.0,769.0,19225.0,2024-05-05
2024050504008720,CGH,13,45,50.0,769.1,38455.0,2024-05-05
2024050501025101,NICA,47,43,20.0,349.0,6980.0,2024-05-05
2024050501025100,NICA,6,43,24.0,349.0,8376.0,2024-05-05
2024050501025099,NICA,14,43,100.0,349.2,34920.0,2024-05-05
2024050501025098,SAHAS,8,41,10.0,492.0,4920.0,2024-05-05
2024050503020837,HLBSL,57,34,200.0,800.0,160000.0,2024-05-05
2024050503020836,HLBSL,19,34,100.0,800.1,80010.0,2024-05-05
2024050503020835,MPFL,19,19,170.0,454.1,77197.0,2024-05-05
2024050503020834,MPFL,60,19,90.0,454.2,40878.0,2024-05-05
2024050503020833,MPFL,29,19,110.0,454.3,49973.0,2024-05-05
2024050503020832,MPFL,64,19,100.0,454.3,45430.0,2024-05-05
2024050503020831,MPFL,4,19,30.0,454.3,13629.0,2024-05-05
2024050504008719,SPDL,17,36,11.0,228.7,2515.7,2024-05-05
2024050501025097,ILI,35,58,20.0,550.5,11010.0,2024-05-05
2024050501025096,ILI,49,58,50.0,550.5,27525.0,2024-05-05
2024050501025095,ILI,38,58,10.0,550.7,5507.0,2024-05-05
2024050501025094,ILI,62,58,170.0,550.8,93636.0,2024-05-05
2024050501025093,PPL,64,33,360.0,553.5,199260.0,2024-05-05
2024050501025092,PPL,14,33,40.0,553.5,22140.0,2024-05-05
2024050501025091,PPL,4,33,10.0,553.5,5535.0,2024-05-05
2024050501025090,PPL,64,33,370.0,553.5,204795.0,2024-05-05
2024050501025089,PPL,45,33,100.0,554.0,55400.0,2024-05-05
2024050501025088,PPL,39,33,40.0,554.0,22160.0,2024-05-05
2024050501025087,PCBL,32,40,458.0,190.0,87020.0,2024-05-05
2024050501025086,PCBL,32,1,142.0,189.8,26951.6,2024-05-05
2024050505004781,HRL,55,1,100.0,592.6,59260.0,2024-05-05
2024050503020830,RLFL,4,59,10.0,366.0,3660.0,2024-05-05
2024050503020829,RLFL,4,35,490.0,366.0,179340.0,2024-05-05
2024050503020828,NFS,36,64,90.0,553.0,49770.0,2024-05-05
2024050503020827,NFS,36,22,10.0,552.9,5529.0,2024-05-05
2024050501025085,PPL,39,22,10.0,558.0,5580.0,2024-05-05
2024050505004780,CIT,45,22,90.0,2087.8,187902.0,2024-05-05
2024050505004779,CIT,45,41,40.0,2087.5,83500.0,2024-05-05
2024050503020826,SFCL,34,45,224.0,340.6,76294.4,2024-05-05
2024050503020825,SFCL,11,45,36.0,340.6,12261.6,2024-05-05
2024050503020824,SFCL,58,45,20.0,341.0,6820.0,2024-05-05
2024050501025084,MEL,58,14,460.0,235.8,108468.0,2024-05-05
2024050501025083,SHIVM,47,45,28.0,499.0,13972.0,2024-05-05
2024050501025082,SHIVM,91,45,172.0,499.0,85828.0,2024-05-05
2024050503020823,GILB,14,52,30.0,1038.0,31140.0,2024-05-05
2024050503020822,GBBL,35,42,50.0,364.0,18200.0,2024-05-05
2024050504008718,NICL,34,39,10.0,829.0,8290.0,2024-05-05
2024050504008717,SHL,49,14,200.0,432.0,86400.0,2024-05-05
2024050504008716,SHL,49,81,200.0,432.0,86400.0,2024-05-05
2024050504008715,SHL,49,59,900.0,432.0,388800.0,2024-05-05
2024050504008714,SHL,49,56,287.0,431.9,123955.3,2024-05-05
2024050504008713,SHL,49,57,100.0,431.9,43190.0,2024-05-05
2024050503020821,ACLBSL,81,38,300.0,825.0,247500.0,2024-05-05
2024050503020820,ACLBSL,81,54,30.0,825.0,24750.0,2024-05-05
2024050503020819,ACLBSL,81,25,33.0,824.9,27221.7,2024-05-05
2024050503020818,RSDC,58,21,100.0,725.0,72500.0,2024-05-05
2024050501025081,PPL,39,45,60.0,554.0,33240.0,2024-05-05
2024050501025080,SHIVM,45,34,20.0,499.8,9996.0,2024-05-05
2024050505004778,HRL,55,42,300.0,592.6,177780.0,2024-05-05
2024050503020817,SWBBL,38,42,30.0,756.0,22680.0,2024-05-05
2024050503020816,BFC,63,57,65.0,379.0,24635.0,2024-05-05
2024050503020815,ALBSL,45,19,100.0,794.0,79400.0,2024-05-05
2024050503020814,ALBSL,19,19,10.0,794.1,7941.0,2024-05-05
2024050503020813,ALBSL,14,19,10.0,795.0,7950.0,2024-05-05
2024050503020812,ICFC,67,59,100.0,514.0,51400.0,2024-05-05
2024050503020811,ICFC,41,59,25.0,514.5,12862.5,2024-05-05
2024050503020810,RSDC,58,39,18.0,725.0,13050.0,2024-05-05
2024050503020809,RSDC,58,58,10.0,725.0,7250.0,2024-05-05
2024050503020808,RSDC,58,17,50.0,725.0,36250.0,2024-05-05
2024050503020807,RSDC,58,35,10.0,725.0,7250.0,2024-05-05
2024050503020806,RSDC,58,34,13.0,725.0,9425.0,2024-05-05
2024050503020805,RSDC,58,35,33.0,725.0,23925.0,2024-05-05
2024050503020804,RSDC,58,22,250.0,725.0,181250.0,2024-05-05
2024050503020803,RSDC,58,14,300.0,725.0,217500.0,2024-05-05
2024050503020802,RSDC,58,46,42.0,725.0,30450.0,2024-05-05
2024050503020801,RSDC,58,17,100.0,725.0,72500.0,2024-05-05
2024050503020800,RSDC,58,45,95.0,725.0,68875.0,2024-05-05
2024050503020799,RSDC,58,26,10.0,725.0,7250.0,2024-05-05
2024050503020798,RSDC,58,38,100.0,725.0,72500.0,2024-05-05
2024050503020797,RSDC,58,58,88.0,725.0,63800.0,2024-05-05
2024050503020796,RSDC,58,21,76.0,725.0,55100.0,2024-05-05
2024050503020795,RSDC,58,56,150.0,725.0,108750.0,2024-05-05
2024050503020794,RSDC,58,57,555.0,725.0,402375.0,2024-05-05
2024050503020793,RSDC,58,16,10.0,724.9,7249.0,2024-05-05
2024050503020792,RSDC,58,37,310.0,724.7,224657.0,2024-05-05
2024050503020791,RSDC,58,43,20.0,724.7,14494.0,2024-05-05
2024050503020790,RSDC,58,33,49.0,724.3,35490.7,2024-05-05
2024050505004777,NRIC,58,53,25.0,688.0,17200.0,2024-05-05
2024050505004776,NRIC,58,34,25.0,685.0,17125.0,2024-05-05
2024050505004775,HRL,55,67,350.0,592.6,207410.0,2024-05-05
2024050504008712,UPCL,5,22,10.0,193.0,1930.0,2024-05-05
2024050503020789,RLFL,59,22,460.0,362.7,166842.0,2024-05-05
2024050503020788,RLFL,44,22,40.0,362.7,14508.0,2024-05-05
2024050503020787,MPFL,4,32,200.0,454.3,90860.0,2024-05-05
2024050503020786,MPFL,64,32,100.0,454.4,45440.0,2024-05-05
2024050504008711,SHPC,50,1,50.0,326.0,16300.0,2024-05-05
2024050501025079,HDL,41,51,90.0,1367.0,123030.0,2024-05-05
2024050501025078,HDL,16,51,10.0,1367.0,13670.0,2024-05-05
2024050504008710,DHPL,34,44,400.0,199.3,79720.0,2024-05-05
2024050503020785,RSDC,58,49,100.0,724.0,72400.0,2024-05-05
2024050504008709,UNHPL,48,26,10.0,221.9,2219.0,2024-05-05
2024050503020784,GBBL,35,21,30.0,364.0,10920.0,2024-05-05
2024050505004774,HRL,55,45,500.0,592.6,296300.0,2024-05-05
2024050501025077,SCB,45,34,97.0,517.0,50149.0,2024-05-05
2024050501025076,SCB,45,11,103.0,517.0,53251.0,2024-05-05
2024050503020783,CBBL,45,45,81.0,830.0,67230.0,2024-05-05
2024050501025075,AHL,34,57,10.0,441.0,4410.0,2024-05-05
2024050501025074,AHL,34,32,60.0,440.9,26454.0,2024-05-05
2024050501025073,AHL,34,32,10.0,440.0,4400.0,2024-05-05
2024050501025072,AHL,34,77,10.0,440.0,4400.0,2024-05-05
2024050501025071,AHL,34,44,300.0,440.0,132000.0,2024-05-05
2024050501025070,AHL,34,58,100.0,437.5,43750.0,2024-05-05
2024050501025069,AHL,34,58,60.0,436.6,26196.0,2024-05-05
2024050504008708,UNHPL,62,34,50.0,220.0,11000.0,2024-05-05
2024050503020782,KSBBL,16,34,47.0,363.2,17070.4,2024-05-05
2024050503020781,KSBBL,36,34,200.0,363.2,72640.0,2024-05-05
2024050501025068,AVYAN,50,58,10.0,768.3,7683.0,2024-05-05
2024050501025067,SARBTM,70,58,39.0,763.6,29780.4,2024-05-05
2024050503020780,MLBL,17,58,680.0,320.0,217600.0,2024-05-05
2024050503020779,MLBL,56,58,1500.0,320.1,480150.0,2024-05-05
2024050503020778,MLBL,58,58,30.0,320.1,9603.0,2024-05-05
2024050503020777,MLBL,1,58,50.0,320.2,16010.0,2024-05-05
2024050503020776,MLBL,42,58,500.0,320.2,160100.0,2024-05-05
2024050503020775,MLBL,45,58,500.0,320.5,160250.0,2024-05-05
2024050503020774,MLBL,66,58,140.0,320.6,44884.0,2024-05-05
2024050503020773,MLBL,64,58,100.0,320.7,32070.0,2024-05-05
2024050503020772,ACLBSL,58,26,100.0,820.0,82000.0,2024-05-05
2024050501025066,SHIVM,91,5,120.0,499.0,59880.0,2024-05-05
2024050503020771,GUFL,22,11,100.0,720.0,72000.0,2024-05-05
2024050501025065,PRVU,54,35,54.0,136.0,7344.0,2024-05-05
2024050501025064,PRVU,54,25,246.0,136.0,33456.0,2024-05-05
2024050501025063,ILI,50,4,500.0,551.0,275500.0,2024-05-05
2024050504008707,UPPER,37,25,22.0,162.2,3568.4,2024-05-05
2024050501025062,NBL,49,40,500.0,199.0,99500.0,2024-05-05
2024050503020770,RSDC,58,49,150.0,724.0,108600.0,2024-05-05
2024050501025061,MHCL,25,14,172.0,377.0,64844.0,2024-05-05
2024050501025060,MHCL,34,14,328.0,377.0,123656.0,2024-05-05
2024050503020769,ICFC,42,39,20.0,514.9,10298.0,2024-05-05
2024050503020768,PROFL,32,40,650.0,330.0,214500.0,2024-05-05
2024050501025059,SHIVM,56,34,10.0,499.8,4998.0,2024-05-05
2024050501025058,KBL,58,48,570.0,131.5,74955.0,2024-05-05
2024050501025057,GBIME,49,28,264.0,176.5,46596.0,2024-05-05
2024050501025056,GBIME,57,28,46.0,176.5,8119.0,2024-05-05
2024050503020767,SHINE,58,86,30.0,390.1,11703.0,2024-05-05
2024050503020766,GFCL,59,43,160.0,461.0,73760.0,2024-05-05
2024050503020765,JFL,42,83,12.0,515.0,6180.0,2024-05-05
2024050501025055,NWCL,46,42,10.0,708.0,7080.0,2024-05-05
2024050504008706,SHPC,41,11,21.0,325.5,6835.5,2024-05-05
2024050503020764,SAPDBL,94,52,190.0,309.0,58710.0,2024-05-05
2024050501025054,SNLI,6,37,26.0,593.0,15418.0,2024-05-05
2024050501025053,SARBTM,38,58,10.0,765.0,7650.0,2024-05-05
2024050503020763,SHINE,58,38,300.0,390.1,117030.0,2024-05-05
2024050501025052,TVCL,42,32,35.0,453.1,15858.5,2024-05-05
2024050501025051,TVCL,45,32,100.0,456.0,45600.0,2024-05-05
2024050501025050,TVCL,19,32,50.0,456.0,22800.0,2024-05-05
2024050501025049,TVCL,16,32,50.0,458.0,22900.0,2024-05-05
2024050501025048,TVCL,45,32,100.0,458.0,45800.0,2024-05-05
2024050501025047,TVCL,41,32,20.0,459.0,9180.0,2024-05-05
2024050501025046,TVCL,57,32,30.0,459.0,13770.0,2024-05-05
2024050501025045,TVCL,39,32,100.0,460.0,46000.0,2024-05-05
2024050501025044,TVCL,19,32,65.0,460.0,29900.0,2024-05-05
2024050501025043,TVCL,6,32,80.0,460.4,36832.0,2024-05-05
2024050501025042,TVCL,35,32,50.0,460.5,23025.0,2024-05-05
2024050501025041,TVCL,35,32,10.0,460.5,4605.0,2024-05-05
2024050501025040,TVCL,48,32,110.0,460.5,50655.0,2024-05-05
2024050504008705,NHPC,45,50,1400.0,144.0,201600.0,2024-05-05
2024050504008704,NHPC,45,4,50.0,144.0,7200.0,2024-05-05
2024050504008703,RURU,18,44,364.0,500.2,182072.8,2024-05-05
2024050504008702,RURU,45,44,200.0,500.2,100040.0,2024-05-05
2024050504008701,RURU,56,44,336.0,500.2,168067.2,2024-05-05
2024050503020762,LBBL,41,53,83.0,374.7,31100.1,2024-05-05
2024050503020761,ICFC,53,39,100.0,514.9,51490.0,2024-05-05
2024050501025039,BHPL,45,66,50.0,510.0,25500.0,2024-05-05
2024050503020760,RSDC,58,48,45.0,724.0,32580.0,2024-05-05
2024050503020759,MFIL,26,21,48.0,510.0,24480.0,2024-05-05
2024050503020758,MFIL,50,21,50.0,510.0,25500.0,2024-05-05
2024050503020757,MFIL,25,21,200.0,510.0,102000.0,2024-05-05
2024050504008700,RIDI,21,35,200.0,163.0,32600.0,2024-05-05
2024050504008699,NHPC,45,21,301.0,144.0,43344.0,2024-05-05
2024050504008698,NHPC,47,21,10.0,144.0,1440.0,2024-05-05
2024050504008697,NHPC,43,21,100.0,144.0,14400.0,2024-05-05
2024050504008696,NHPC,52,21,345.0,144.0,49680.0,2024-05-05
2024050504008695,NHPC,40,21,1874.0,144.0,269856.0,2024-05-05
2024050505004773,CIT,42,45,46.0,2086.0,95956.0,2024-05-05
2024050505004772,CIT,49,45,104.0,2086.1,216954.4,2024-05-05
2024050503020756,GMFIL,65,41,175.0,371.0,64925.0,2024-05-05
2024050503020755,GMFIL,41,41,35.0,371.1,12988.5,2024-05-05
2024050503020754,GMFIL,41,41,50.0,372.0,18600.0,2024-05-05
2024050503020753,GMFIL,41,41,40.0,372.0,14880.0,2024-05-05
2024050501025038,ILI,58,4,100.0,551.0,55100.0,2024-05-05
2024050501025037,KBL,34,48,300.0,131.5,39450.0,2024-05-05
2024050504008694,SGIC,38,34,500.0,525.1,262550.0,2024-05-05
2024050501025036,KDL,34,45,10.0,775.0,7750.0,2024-05-05
2024050501025035,KDL,34,58,10.0,765.1,7651.0,2024-05-05
2024050503020752,JFL,34,83,100.0,515.0,51500.0,2024-05-05
2024050501025034,NICA,6,28,61.0,349.0,21289.0,2024-05-05
2024050501025033,NICA,4,28,20.0,349.0,6980.0,2024-05-05
2024050501025032,NICA,42,28,35.0,349.0,12215.0,2024-05-05
2024050501025031,NICA,49,28,56.0,349.0,19544.0,2024-05-05
2024050501025030,NICA,13,28,20.0,349.0,6980.0,2024-05-05
2024050501025029,NICA,37,28,30.0,349.0,10470.0,2024-05-05
2024050501025028,NICA,4,28,110.0,349.0,38390.0,2024-05-05
2024050501025027,NICA,7,28,168.0,349.0,58632.0,2024-05-05
2024050501025026,CYCL,62,4,20.0,1520.0,30400.0,2024-05-05
2024050503020751,MNBBL,16,6,67.0,345.6,23155.2,2024-05-05
2024050503020750,MNBBL,40,6,23.0,345.7,7951.1,2024-05-05
2024050501025025,NICA,7,26,25.0,349.0,8725.0,2024-05-05
2024050501025024,NICA,54,26,25.0,349.2,8730.0,2024-05-05
2024050501025023,NICA,45,26,50.0,349.2,17460.0,2024-05-05
2024050501025022,MLBS,34,38,10.0,1190.1,11901.0,2024-05-05
2024050504008693,SGIC,32,35,10.0,529.8,5298.0,2024-05-05
2024050504008692,SPIL,6,44,20.0,746.9,14938.0,2024-05-05
2024050504008691,PRIN,25,46,50.0,780.2,39010.0,2024-05-05
2024050503020749,PFL,41,41,200.0,669.0,133800.0,2024-05-05
2024050503020748,LBBL,41,45,200.0,374.7,74940.0,2024-05-05
2024050503020747,MLBL,34,11,10.0,324.0,3240.0,2024-05-05
2024050503020746,MLBL,34,22,55.0,321.0,17655.0,2024-05-05
2024050503020745,PFL,36,55,50.0,668.0,33400.0,2024-05-05
2024050503020744,PFL,34,55,50.0,668.0,33400.0,2024-05-05
2024050503020743,PFL,21,55,100.0,668.1,66810.0,2024-05-05
2024050504008690,JOSHI,35,21,100.0,326.0,32600.0,2024-05-05
2024050503020742,PROFL,32,32,20.0,330.0,6600.0,2024-05-05
2024050503020741,PROFL,32,32,100.0,330.0,33000.0,2024-05-05
2024050503020740,PROFL,17,32,500.0,330.0,165000.0,2024-05-05
2024050503020739,PROFL,59,32,380.0,330.0,125400.0,2024-05-05
2024050504008689,SGIC,32,35,473.0,529.8,250595.4,2024-05-05
2024050504008688,SGIC,32,55,87.0,529.0,46023.0,2024-05-05
2024050504008687,SGIC,32,54,10.0,527.5,5275.0,2024-05-05
2024050504008686,SGIC,32,34,10.0,527.0,5270.0,2024-05-05
2024050504008685,SGIC,32,8,300.0,527.0,158100.0,2024-05-05
2024050504008684,SGIC,32,4,10.0,527.0,5270.0,2024-05-05
2024050504008683,SGIC,32,35,10.0,527.0,5270.0,2024-05-05
2024050504008682,SGIC,32,44,100.0,526.0,52600.0,2024-05-05
2024050501025021,SRLI,4,58,10.0,439.0,4390.0,2024-05-05
2024050501025020,SRLI,4,38,10.0,439.0,4390.0,2024-05-05
2024050501025019,SRLI,4,38,10.0,438.0,4380.0,2024-05-05
2024050501025018,SRLI,4,28,10.0,438.0,4380.0,2024-05-05
2024050501025017,SRLI,4,58,10.0,438.0,4380.0,2024-05-05
2024050501025016,SRLI,4,35,10.0,438.0,4380.0,2024-05-05
2024050501025015,SRLI,4,46,30.0,435.0,13050.0,2024-05-05
2024050503020738,GBLBS,34,14,100.0,685.5,68550.0,2024-05-05
2024050501025014,MEL,58,42,20.0,235.8,4716.0,2024-05-05
2024050503020737,PFL,45,41,100.0,669.0,66900.0,2024-05-05
2024050505004771,NIFRA,47,45,200.0,196.1,39220.0,2024-05-05
2024050501025013,USHL,10,49,35.0,456.0,15960.0,2024-05-05
2024050503020736,NABBC,48,56,200.0,427.2,85440.0,2024-05-05
2024050501025012,GBIME,93,52,10.0,176.8,1768.0,2024-05-05
2024050504008681,NICL,51,52,114.0,828.1,94403.4,2024-05-05
2024050504008680,SICL,34,56,10.0,687.0,6870.0,2024-05-05
2024050504008679,UMRH,26,57,10.0,330.0,3300.0,2024-05-05
2024050501025011,JALPA,47,38,10.0,1275.0,12750.0,2024-05-05
2024050501025010,PRVU,22,25,10.0,136.0,1360.0,2024-05-05
2024050501025009,PRVU,22,58,50.0,135.9,6795.0,2024-05-05
2024050503020735,PROFL,59,60,520.0,330.0,171600.0,2024-05-05
2024050503020734,PROFL,17,60,10.0,330.0,3300.0,2024-05-05
2024050503020733,PROFL,1,60,50.0,330.0,16500.0,2024-05-05
2024050503020732,PROFL,32,60,100.0,330.0,33000.0,2024-05-05
2024050503020731,PROFL,52,60,190.0,330.0,62700.0,2024-05-05
2024050503020730,PROFL,22,60,630.0,330.1,207963.0,2024-05-05
2024050505004770,CIT,49,25,130.0,2086.1,271193.0,2024-05-05
2024050504008678,GHL,49,58,100.0,146.3,14630.0,2024-05-05
2024050503020729,LLBS,14,7,10.0,969.7,9697.0,2024-05-05
2024050503020728,RSDC,58,45,13.0,724.0,9412.0,2024-05-05
2024050504008677,RURU,56,57,14.0,500.2,7002.8,2024-05-05
2024050504008676,RURU,34,57,80.0,500.3,40024.0,2024-05-05
2024050504008675,RURU,43,57,86.0,500.3,43025.8,2024-05-05
2024050504008674,RURU,22,57,10.0,501.0,5010.0,2024-05-05
2024050504008673,RURU,21,57,10.0,501.5,5015.0,2024-05-05
2024050501025008,JBLB,45,38,33.0,1327.0,43791.0,2024-05-05
2024050501025007,JBLB,14,38,39.0,1327.0,51753.0,2024-05-05
2024050505004769,NBF3,45,4,100.0,7.34,734.0,2024-05-05
2024050503020727,PFL,45,41,50.0,669.0,33450.0,2024-05-05
2024050501025006,ILI,59,4,15.0,551.0,8265.0,2024-05-05
2024050503020726,MPFL,84,59,94.0,454.4,42713.6,2024-05-05
2024050503020725,MPFL,64,59,56.0,454.4,25446.4,2024-05-05
2024050503020724,MPFL,32,59,50.0,454.5,22725.0,2024-05-05
2024050503020723,ILBS,62,10,25.0,1200.0,30000.0,2024-05-05
2024050503020722,SLBBL,34,7,22.0,710.0,15620.0,2024-05-05
2024050503020721,FOWAD,7,5,19.0,1154.0,21926.0,2024-05-05
2024050503020720,SFCL,5,32,10.0,342.0,3420.0,2024-05-05
2024050503020719,PFL,21,35,400.0,668.1,267240.0,2024-05-05
2024050503020718,PFL,3,35,75.0,668.1,50107.5,2024-05-05
2024050503020717,PFL,54,35,100.0,668.2,66820.0,2024-05-05
2024050504008672,JOSHI,29,19,20.0,327.0,6540.0,2024-05-05
2024050501025005,BGWT,44,39,100.0,589.0,58900.0,2024-05-05
2024050501025004,MEHL,58,37,100.0,305.2,30520.0,2024-05-05
2024050503020716,MNBBL,40,21,16.0,345.7,5531.2,2024-05-05
2024050503020715,SAPDBL,41,34,100.0,310.0,31000.0,2024-05-05
2024050501025003,ILI,17,4,500.0,551.0,275500.0,2024-05-05
2024050501025002,SARBTM,70,45,50.0,763.6,38180.0,2024-05-05
2024050504008671,MEN,16,1,10.0,511.9,5119.0,2024-05-05
2024050501025001,CLI,67,45,80.0,451.4,36112.0,2024-05-05
2024050504008670,KKHC,42,6,40.0,222.0,8880.0,2024-05-05
2024050504008669,KKHC,38,6,50.0,222.1,11105.0,2024-05-05
2024050503020714,SHINE,58,33,21.0,390.1,8192.1,2024-05-05
2024050501025000,MHCL,34,5,100.0,377.0,37700.0,2024-05-05
2024050503020713,SKBBL,47,34,26.0,805.0,20930.0,2024-05-05
2024050503020712,SKBBL,49,34,10.0,805.0,8050.0,2024-05-05
2024050503020711,SKBBL,55,34,79.0,805.0,63595.0,2024-05-05
2024050503020710,SKBBL,44,34,300.0,805.5,241650.0,2024-05-05
2024050503020709,SKBBL,53,34,12.0,805.6,9667.2,2024-05-05
2024050503020708,SKBBL,51,34,20.0,805.9,16118.0,2024-05-05
2024050503020707,SKBBL,26,34,10.0,806.0,8060.0,2024-05-05
2024050503020706,SKBBL,45,34,43.0,806.0,34658.0,2024-05-05
2024050504008668,RIDI,4,35,20.0,163.0,3260.0,2024-05-05
2024050503020705,VLBS,45,32,141.0,812.0,114492.0,2024-05-05
2024050503020704,SDLBSL,7,44,110.0,870.1,95711.0,2024-05-05
2024050503020703,SDLBSL,59,44,20.0,870.1,17402.0,2024-05-05
2024050503020702,SDLBSL,45,44,100.0,870.2,87020.0,2024-05-05
2024050503020701,SDLBSL,13,44,100.0,870.3,87030.0,2024-05-05
2024050503020700,SDLBSL,45,44,30.0,870.3,26109.0,2024-05-05
2024050505004768,NIFRA,47,38,100.0,196.1,19610.0,2024-05-05
2024050503020699,VLBS,45,38,400.0,812.0,324800.0,2024-05-05
2024050501024999,SCB,49,11,45.0,517.0,23265.0,2024-05-05
2024050501024998,SCB,49,18,50.0,516.9,25845.0,2024-05-05
2024050501024997,ILI,49,4,10.0,551.0,5510.0,2024-05-05
2024050501024996,NICA,14,52,50.0,350.0,17500.0,2024-05-05
2024050501024995,RNLI,74,49,19.0,426.0,8094.0,2024-05-05
2024050501024994,RNLI,74,42,11.0,425.5,4680.5,2024-05-05
2024050501024993,ILI,62,16,30.0,550.8,16524.0,2024-05-05
2024050501024992,ILI,22,16,20.0,550.8,11016.0,2024-05-05
2024050501024991,ILI,45,4,100.0,551.0,55100.0,2024-05-05
2024050504008667,JOSHI,19,56,45.0,325.1,14629.5,2024-05-05
2024050504008666,JOSHI,13,56,250.0,325.1,81275.0,2024-05-05
2024050504008665,JOSHI,43,56,300.0,325.1,97530.0,2024-05-05
2024050504008664,JOSHI,57,56,300.0,325.2,97560.0,2024-05-05
2024050504008663,JOSHI,55,56,50.0,325.3,16265.0,2024-05-05
2024050504008662,JOSHI,45,56,200.0,325.4,65080.0,2024-05-05
2024050504008661,JOSHI,17,56,50.0,325.8,16290.0,2024-05-05
2024050504008660,JOSHI,44,56,200.0,326.0,65200.0,2024-05-05
2024050504008659,JOSHI,54,56,45.0,326.0,14670.0,2024-05-05
2024050504008658,JOSHI,38,56,50.0,326.0,16300.0,2024-05-05
2024050504008657,JOSHI,14,56,40.0,326.0,13040.0,2024-05-05
2024050504008656,JOSHI,43,56,100.0,326.1,32610.0,2024-05-05
2024050505004767,NTC,7,14,52.0,814.7,42364.4,2024-05-05
2024050501024990,KBL,58,52,80.0,131.3,10504.0,2024-05-05
2024050501024989,KBL,42,52,50.0,131.3,6565.0,2024-05-05
2024050501024988,KBL,49,52,465.0,131.3,61054.5,2024-05-05
2024050501024987,KBL,49,52,235.0,131.4,30879.0,2024-05-05
2024050501024986,KBL,88,52,20.0,131.4,2628.0,2024-05-05
2024050501024985,KBL,56,52,150.0,131.4,19710.0,2024-05-05
2024050504008655,SICL,58,26,100.0,681.1,68110.0,2024-05-05
2024050504008654,SICL,58,26,50.0,681.2,34060.0,2024-05-05
2024050504008653,IGI,34,22,11.0,534.0,5874.0,2024-05-05
2024050504008652,IGI,34,41,119.0,530.0,63070.0,2024-05-05
2024050504008651,SHL,34,16,100.0,431.5,43150.0,2024-05-05
2024050503020698,NMBMF,59,48,20.0,640.0,12800.0,2024-05-05
2024050503020697,NMBMF,13,48,37.0,640.0,23680.0,2024-05-05
2024050501024984,PPL,40,1,147.0,554.0,81438.0,2024-05-05
2024050501024983,EBL,1,42,126.0,500.0,63000.0,2024-05-05
2024050501024982,EBL,55,42,25.0,500.0,12500.0,2024-05-05
2024050501024981,EBL,49,42,249.0,500.0,124500.0,2024-05-05
2024050501024980,EBL,49,42,100.0,500.1,50010.0,2024-05-05
2024050505004766,CHDC,49,42,10.0,720.0,7200.0,2024-05-05
2024050505004765,CHDC,5,42,20.0,720.1,14402.0,2024-05-05
2024050505004764,CHDC,5,42,20.0,720.5,14410.0,2024-05-05
2024050505004763,CHDC,34,42,15.0,721.0,10815.0,2024-05-05
2024050501024979,EHPL,42,74,10.0,456.9,4569.0,2024-05-05
2024050501024978,RNLI,38,41,11.0,425.0,4675.0,2024-05-05
2024050504008650,HDHPC,21,45,1000.0,130.0,130000.0,2024-05-05
2024050501024977,MANDU,65,62,160.0,789.0,126240.0,2024-05-05
2024050504008649,API,5,57,100.0,167.7,16770.0,2024-05-05
2024050504008648,API,5,13,100.0,167.0,16700.0,2024-05-05
2024050503020696,HLBSL,57,22,35.0,800.0,28000.0,2024-05-05
2024050503020695,GUFL,34,34,18.0,724.0,13032.0,2024-05-05
2024050503020694,GUFL,34,14,482.0,720.0,347040.0,2024-05-05
2024050503020693,SIFC,45,38,158.0,418.2,66075.6,2024-05-05
2024050503020692,SIFC,14,38,10.0,418.2,4182.0,2024-05-05
2024050503020691,SIFC,57,38,90.0,419.0,37710.0,2024-05-05
2024050503020690,SIFC,45,38,72.0,419.0,30168.0,2024-05-05
2024050501024976,SHIVM,48,38,200.0,499.9,99980.0,2024-05-05
2024050503020689,GUFL,26,14,200.0,720.0,144000.0,2024-05-05
2024050503020688,GUFL,21,14,50.0,720.0,36000.0,2024-05-05
2024050503020687,GUFL,7,14,100.0,720.0,72000.0,2024-05-05
2024050503020686,GUFL,57,14,10.0,720.0,7200.0,2024-05-05
2024050503020685,GUFL,14,14,158.0,720.0,113760.0,2024-05-05
2024050503020684,SJLIC,58,42,60.0,411.5,24690.0,2024-05-05
2024050503020683,SJLIC,43,42,100.0,411.5,41150.0,2024-05-05
2024050505004762,HRL,80,45,201.0,592.7,119132.7,2024-05-05
2024050505004761,HRL,80,52,20.0,592.7,11854.0,2024-05-05
2024050501024975,ILI,17,4,20.0,551.0,11020.0,2024-05-05
2024050503020682,PFL,11,41,20.0,669.0,13380.0,2024-05-05
2024050503020681,PFL,5,41,30.0,669.0,20070.0,2024-05-05
2024050501024974,NABIL,6,19,124.0,426.0,52824.0,2024-05-05
2024050501024973,CKHL,49,13,115.0,490.0,56350.0,2024-05-05
2024050501024972,MEL,58,45,10.0,235.1,2351.0,2024-05-05
2024050501024971,MEL,58,45,19.0,235.1,4466.9,2024-05-05
2024050501024970,TPC,38,26,10.0,475.0,4750.0,2024-05-05
2024050501024969,TPC,46,26,60.0,475.0,28500.0,2024-05-05
2024050501024968,TPC,88,26,160.0,475.0,76000.0,2024-05-05
2024050503020680,PROFL,22,66,370.0,330.1,122137.0,2024-05-05
2024050501024967,SHIVM,91,35,208.0,499.0,103792.0,2024-05-05
2024050501024966,MKCL,36,6,10.0,840.0,8400.0,2024-05-05
2024050504008647,MHNL,38,36,150.0,227.0,34050.0,2024-05-05
2024050501024965,SNLI,58,29,10.0,592.1,5921.0,2024-05-05
2024050503020679,RLFL,49,35,10.0,366.0,3660.0,2024-05-05
2024050503020678,GUFL,14,38,100.0,720.0,72000.0,2024-05-05
2024050501024964,PRVU,58,74,55.0,135.5,7452.5,2024-05-05
2024050503020677,CBBL,74,45,100.0,831.9,83190.0,2024-05-05
2024050503020676,CBBL,74,38,52.0,830.3,43175.6,2024-05-05
2024050503020675,CBBL,74,42,10.0,830.1,8301.0,2024-05-05
2024050501024963,SONA,91,42,10.0,439.0,4390.0,2024-05-05
2024050505004760,HRL,55,42,20.0,592.6,11852.0,2024-05-05
2024050504008646,NHPC,40,45,220.0,144.0,31680.0,2024-05-05
2024050504008645,UPPER,37,45,250.0,162.2,40550.0,2024-05-05
2024050503020674,SHINE,58,28,400.0,390.1,156040.0,2024-05-05
2024050501024962,TAMOR,58,81,100.0,364.0,36400.0,2024-05-05
2024050504008644,UMHL,54,40,10.0,235.0,2350.0,2024-05-05
2024050503020673,GBBL,35,62,286.0,363.0,103818.0,2024-05-05
2024050503020672,NFS,74,64,50.0,553.0,27650.0,2024-05-05
2024050503020671,NFS,45,64,800.0,553.2,442560.0,2024-05-05
2024050503020670,NFS,56,64,200.0,553.3,110660.0,2024-05-05
2024050503020669,NFS,17,64,100.0,553.8,55380.0,2024-05-05
2024050503020668,NFS,1,64,100.0,554.0,55400.0,2024-05-05
2024050504008643,SPDL,17,46,11.0,228.8,2516.8,2024-05-05
2024050504008642,RHPL,45,19,230.0,265.0,60950.0,2024-05-05
2024050503020667,ACLBSL,58,16,190.0,820.0,155800.0,2024-05-05
2024050501024961,EBL,49,16,84.0,500.0,42000.0,2024-05-05
2024050501024960,PCBL,8,45,694.0,189.5,131513.0,2024-05-05
2024050501024959,PCBL,87,45,1000.0,189.5,189500.0,2024-05-05
2024050501024958,PCBL,56,45,295.0,189.7,55961.5,2024-05-05
2024050501024957,PCBL,44,45,50.0,189.8,9490.0,2024-05-05
2024050501024956,PCBL,44,45,220.0,189.8,41756.0,2024-05-05
2024050501024955,PCBL,46,45,231.0,189.8,43843.8,2024-05-05
2024050503020666,WNLB,35,56,52.0,1364.2,70938.4,2024-05-05
2024050503020665,WNLB,57,56,14.0,1364.4,19101.6,2024-05-05
2024050503020664,WNLB,21,56,10.0,1365.0,13650.0,2024-05-05
2024050501024954,GVL,47,7,100.0,420.0,42000.0,2024-05-05
2024050501024953,HATHY,83,6,10.0,838.0,8380.0,2024-05-05
2024050505004759,HRL,55,6,10.0,592.6,5926.0,2024-05-05
2024050504008641,LEC,58,44,196.0,180.0,35280.0,2024-05-05
2024050504008640,LEC,58,43,304.0,180.0,54720.0,2024-05-05
2024050504008639,RIDI,32,35,30.0,163.0,4890.0,2024-05-05
2024050503020663,PROFL,52,66,210.0,330.0,69300.0,2024-05-05
2024050501024952,SONA,34,25,160.0,440.0,70400.0,2024-05-05
2024050501024951,SONA,34,49,10.0,440.0,4400.0,2024-05-05
2024050501024950,SONA,34,22,100.0,440.0,44000.0,2024-05-05
2024050501024949,SONA,34,58,10.0,440.0,4400.0,2024-05-05
2024050501024948,SONA,34,39,10.0,440.0,4400.0,2024-05-05
2024050501024947,SONA,34,41,10.0,440.0,4400.0,2024-05-05
2024050503020662,LLBS,11,34,19.0,951.0,18069.0,2024-05-05
2024050503020661,LLBS,40,34,10.0,955.0,9550.0,2024-05-05
2024050503020660,SFCL,11,34,64.0,340.6,21798.4,2024-05-05
2024050503020659,SFCL,64,34,50.0,340.6,17030.0,2024-05-05
2024050503020658,SFCL,16,34,100.0,340.7,34070.0,2024-05-05
2024050503020657,SFCL,34,34,16.0,340.8,5452.8,2024-05-05
2024050503020656,SFCL,65,34,20.0,340.8,6816.0,2024-05-05
2024050503020655,SFCL,45,34,100.0,341.0,34100.0,2024-05-05
2024050503020654,NABBC,48,49,90.0,427.2,38448.0,2024-05-05
2024050503020653,SINDU,52,39,30.0,368.9,11067.0,2024-05-05
2024050503020652,SINDU,34,39,50.0,368.9,18445.0,2024-05-05
2024050501024946,MEL,48,21,350.0,235.0,82250.0,2024-05-05
2024050501024945,MEL,48,35,10.0,235.0,2350.0,2024-05-05
2024050501024944,MEL,48,46,10.0,235.0,2350.0,2024-05-05
2024050501024943,MEL,48,41,130.0,235.0,30550.0,2024-05-05
2024050501024942,NMB,38,22,100.0,170.4,17040.0,2024-05-05
2024050501024941,CLI,42,48,10.0,452.0,4520.0,2024-05-05
2024050501024940,CLI,42,34,10.0,452.0,4520.0,2024-05-05
2024050503020651,NMFBS,34,41,10.0,1220.0,12200.0,2024-05-05
2024050501024939,DLBS,26,45,10.0,1200.0,12000.0,2024-05-05
2024050501024938,HDL,47,26,10.0,1367.9,13679.0,2024-05-05
2024050503020650,RSDC,58,34,300.0,724.0,217200.0,2024-05-05
2024050503020649,RSDC,58,48,335.0,724.0,242540.0,2024-05-05
2024050503020648,RSDC,58,13,200.0,724.0,144800.0,2024-05-05
2024050503020647,RSDC,58,19,100.0,724.0,72400.0,2024-05-05
2024050503020646,RSDC,58,50,50.0,724.0,36200.0,2024-05-05
2024050503020645,RSDC,58,29,76.0,724.0,55024.0,2024-05-05
2024050503020644,RSDC,58,13,178.0,724.0,128872.0,2024-05-05
2024050503020643,RSDC,58,49,10.0,724.0,7240.0,2024-05-05
2024050503020642,RSDC,58,48,34.0,724.0,24616.0,2024-05-05
2024050503020641,RSDC,58,45,58.0,724.0,41992.0,2024-05-05
2024050503020640,RSDC,58,42,114.0,724.0,82536.0,2024-05-05
2024050503020639,RSDC,58,35,1000.0,724.0,724000.0,2024-05-05
2024050503020638,RSDC,58,35,234.0,724.0,169416.0,2024-05-05
2024050503020637,RSDC,58,13,12.0,722.0,8664.0,2024-05-05
2024050503020636,RSDC,58,81,318.0,722.0,229596.0,2024-05-05
2024050503020635,RSDC,58,59,15.0,722.0,10830.0,2024-05-05
2024050504008638,TRH,38,58,42.0,710.0,29820.0,2024-05-05
2024050504008637,TRH,34,58,20.0,710.0,14200.0,2024-05-05
2024050504008636,TRH,47,58,20.0,710.0,14200.0,2024-05-05
2024050504008635,TRH,52,58,78.0,710.0,55380.0,2024-05-05
2024050504008634,TRH,51,58,500.0,710.1,355050.0,2024-05-05
2024050504008633,TRH,34,58,30.0,711.5,21345.0,2024-05-05
2024050504008632,TRH,35,58,60.0,711.6,42696.0,2024-05-05
2024050504008631,TRH,54,58,20.0,712.0,14240.0,2024-05-05
2024050504008630,TRH,33,58,50.0,712.1,35605.0,2024-05-05
2024050504008629,TRH,41,58,40.0,712.2,28488.0,2024-05-05
2024050504008628,TRH,48,58,10.0,712.3,7123.0,2024-05-05
2024050504008627,TRH,32,58,130.0,712.3,92599.0,2024-05-05
2024050501024937,ULHC,5,56,10.0,320.0,3200.0,2024-05-05
2024050501024936,MKLB,32,16,20.0,973.0,19460.0,2024-05-05
2024050505004758,NBF2,51,7,3875.0,8.25,31968.75,2024-05-05
2024050504008626,SPDL,65,37,1000.0,225.1,225100.0,2024-05-05
2024050503020634,GFCL,21,43,40.0,462.1,18484.0,2024-05-05
2024050504008625,UMHL,58,42,1165.0,233.8,272377.0,2024-05-05
2024050504008624,UMHL,52,42,125.0,234.0,29250.0,2024-05-05
2024050504008623,UMHL,45,42,910.0,234.0,212940.0,2024-05-05
2024050501024935,SHIVM,80,41,30.0,499.0,14970.0,2024-05-05
2024050501024934,SHIVM,80,41,70.0,499.0,34930.0,2024-05-05
2024050501024933,SHIVM,80,41,62.0,499.0,30938.0,2024-05-05
2024050501024932,SONA,91,19,10.0,439.0,4390.0,2024-05-05
2024050504008622,UPPER,10,55,23.0,162.5,3737.5,2024-05-05
2024050504008621,CHL,77,71,400.0,316.0,126400.0,2024-05-05
2024050503020633,SIFC,45,51,400.0,420.0,168000.0,2024-05-05
2024050501024931,RAWA,18,18,10.0,473.8,4738.0,2024-05-05
2024050501024930,RAWA,18,34,10.0,470.0,4700.0,2024-05-05
2024050501024929,RAWA,18,52,10.0,470.0,4700.0,2024-05-05
2024050504008620,AHPC,29,47,295.0,161.7,47701.5,2024-05-05
2024050503020632,RSDC,55,60,1000.0,721.9,721900.0,2024-05-05
2024050503020631,SADBL,32,44,17.0,304.0,5168.0,2024-05-05
2024050504008619,BPCL,41,46,857.0,293.5,251529.5,2024-05-05
2024050504008618,BPCL,57,46,65.0,293.6,19084.0,2024-05-05
2024050504008617,BPCL,32,46,78.0,293.7,22908.6,2024-05-05
2024050504008616,RHPL,45,44,50.0,265.0,13250.0,2024-05-05
2024050501024928,MBJC,1,58,10.0,294.1,2941.0,2024-05-05
2024050503020630,GMFIL,41,60,460.0,372.0,171120.0,2024-05-05
2024050503020629,GMFIL,52,60,100.0,372.4,37240.0,2024-05-05
2024050503020628,GMFIL,10,60,350.0,372.5,130375.0,2024-05-05
2024050503020627,GMFIL,65,60,90.0,373.0,33570.0,2024-05-05
2024050503020626,RSDC,39,49,92.0,721.0,66332.0,2024-05-05
2024050505004757,SMATA,49,57,10.0,876.0,8760.0,2024-05-05
2024050504008615,RURU,21,57,10.0,501.5,5015.0,2024-05-05
2024050503020625,MFIL,14,41,115.0,511.0,58765.0,2024-05-05
2024050503020624,GBLBS,34,57,10.0,685.5,6855.0,2024-05-05
2024050501024927,MBL,22,58,10.0,163.9,1639.0,2024-05-05
2024050505004756,HIDCL,58,49,133.0,162.5,21612.5,2024-05-05
2024050501024926,CYCL,66,4,10.0,1520.0,15200.0,2024-05-05
2024050501024925,VLUCL,81,53,150.0,459.0,68850.0,2024-05-05
2024050504008614,CGH,49,41,60.0,770.0,46200.0,2024-05-05
2024050504008613,RIDI,14,35,150.0,163.0,24450.0,2024-05-05
2024050503020623,ALICL,7,45,50.0,548.0,27400.0,2024-05-05
2024050501024924,CYCL,62,7,43.0,1519.8,65351.4,2024-05-05
2024050501024923,CYCL,62,85,10.0,1519.0,15190.0,2024-05-05
2024050501024922,CYCL,62,45,47.0,1514.9,71200.3,2024-05-05
2024050504008612,SJCL,20,37,20.0,265.7,5314.0,2024-05-05
2024050501024921,PPL,64,32,130.0,553.5,71955.0,2024-05-05
2024050501024920,SNLI,38,37,10.0,593.0,5930.0,2024-05-05
2024050501024919,HHL,57,21,35.0,347.9,12176.5,2024-05-05
2024050501024918,UHEWA,57,13,145.0,371.0,53795.0,2024-05-05
2024050501024917,UHEWA,19,13,85.0,371.0,31535.0,2024-05-05
2024050501024916,SONA,91,6,10.0,439.0,4390.0,2024-05-05
2024050501024915,HDL,38,55,1.0,1367.0,1367.0,2024-05-05
2024050501024914,HDL,39,55,30.0,1367.0,41010.0,2024-05-05
2024050501024913,ILI,44,4,20.0,551.0,11020.0,2024-05-05
2024050501024912,ILI,6,4,50.0,551.0,27550.0,2024-05-05
2024050501024911,ILI,38,4,50.0,551.0,27550.0,2024-05-05
2024050501024910,ILI,14,4,20.0,551.0,11020.0,2024-05-05
2024050501024909,ILI,53,4,50.0,551.0,27550.0,2024-05-05
2024050501024908,ILI,44,4,500.0,551.0,275500.0,2024-05-05
2024050501024907,ILI,48,4,20.0,551.0,11020.0,2024-05-05
2024050501024906,ILI,57,4,100.0,551.0,55100.0,2024-05-05
2024050501024905,ILI,71,4,160.0,551.0,88160.0,2024-05-05
2024050501024904,ILI,69,4,20.0,551.0,11020.0,2024-05-05
2024050501024903,ILI,19,4,20.0,551.0,11020.0,2024-05-05
2024050501024902,ILI,41,4,100.0,551.0,55100.0,2024-05-05
2024050501024901,ILI,57,4,100.0,551.0,55100.0,2024-05-05
2024050501024900,ILI,52,4,20.0,551.0,11020.0,2024-05-05
2024050501024899,ILI,74,4,20.0,551.1,11022.0,2024-05-05
2024050501024898,ILI,50,4,50.0,551.1,27555.0,2024-05-05
2024050501024897,ILI,46,4,100.0,551.1,55110.0,2024-05-05
2024050501024896,ILI,51,4,50.0,551.1,27555.0,2024-05-05
2024050501024895,ILI,54,4,50.0,551.4,27570.0,2024-05-05
2024050501024894,ILI,49,4,140.0,551.5,77210.0,2024-05-05
2024050501024893,ILI,33,4,50.0,551.6,27580.0,2024-05-05
2024050501024892,ILI,58,4,10.0,551.6,5516.0,2024-05-05
2024050501024891,ILI,6,4,20.0,551.8,11036.0,2024-05-05
2024050501024890,MHL,36,22,10.0,404.9,4049.0,2024-05-05
2024050501024889,PPL,13,32,20.0,553.5,11070.0,2024-05-05
2024050501024888,ILI,44,72,100.0,552.0,55200.0,2024-05-05
2024050504008611,MEN,39,57,470.0,511.0,240170.0,2024-05-05
2024050501024887,PRVU,58,43,412.0,135.5,55826.0,2024-05-05
2024050501024886,PRVU,56,43,50.0,135.5,6775.0,2024-05-05
2024050501024885,PRVU,13,43,238.0,135.5,32249.0,2024-05-05
2024050501024884,PRVU,34,43,300.0,135.6,40680.0,2024-05-05
2024050503020622,HLBSL,57,18,200.0,800.0,160000.0,2024-05-05
2024050501024883,JALPA,47,21,50.0,1280.0,64000.0,2024-05-05
2024050501024882,HATHY,1,47,10.0,834.0,8340.0,2024-05-05
2024050501024881,HATHY,25,47,40.0,835.0,33400.0,2024-05-05
2024050501024880,HATHY,87,47,24.0,835.0,20040.0,2024-05-05
2024050501024879,HATHY,5,47,26.0,836.4,21746.4,2024-05-05
2024050501024878,SONA,35,36,10.0,439.1,4391.0,2024-05-05
2024050501024877,SARBTM,5,40,50.0,763.5,38175.0,2024-05-05
2024050503020621,GUFL,14,40,242.0,720.0,174240.0,2024-05-05
2024050503020620,GUFL,94,40,500.0,720.0,360000.0,2024-05-05
2024050503020619,GUFL,57,40,10.0,721.0,7210.0,2024-05-05
2024050503020618,GUFL,44,40,48.0,724.0,34752.0,2024-05-05
2024050503020617,CBBL,45,42,56.0,830.0,46480.0,2024-05-05
2024050503020616,CBBL,34,42,444.0,830.0,368520.0,2024-05-05
2024050501024876,ILI,41,72,50.0,552.0,27600.0,2024-05-05
2024050503020615,PFL,57,32,100.0,670.0,67000.0,2024-05-05
2024050503020614,ALBSL,14,52,40.0,795.0,31800.0,2024-05-05
2024050501024875,SONA,35,35,10.0,439.1,4391.0,2024-05-05
2024050501024874,SONA,35,4,10.0,439.1,4391.0,2024-05-05
2024050501024873,SONA,35,59,50.0,439.1,21955.0,2024-05-05
2024050504008610,NGPL,35,80,500.0,304.8,152400.0,2024-05-05
2024050503020613,BFC,63,29,100.0,379.0,37900.0,2024-05-05
2024050503020612,SKBBL,45,34,57.0,806.0,45942.0,2024-05-05
2024050503020611,NFS,7,64,100.0,555.0,55500.0,2024-05-05
2024050503020610,NFS,85,64,523.0,555.0,290265.0,2024-05-05
2024050503020609,HLI,41,38,10.0,386.0,3860.0,2024-05-05
2024050503020608,BFC,42,57,277.0,380.0,105260.0,2024-05-05
2024050503020607,BFC,42,48,23.0,380.0,8740.0,2024-05-05
2024050501024872,MHCL,34,72,72.0,377.0,27144.0,2024-05-05
2024050501024871,MHCL,37,72,10.0,377.0,3770.0,2024-05-05
2024050504008609,HDHPC,21,57,1499.0,130.0,194870.0,2024-05-05
2024050503020606,SWMF,65,38,489.0,785.0,383865.0,2024-05-05
2024050503020605,SWMF,65,6,181.0,784.8,142048.8,2024-05-05
2024050503020604,SWMF,65,25,230.0,781.0,179630.0,2024-05-05
2024050503020603,SWMF,65,1,800.0,780.0,624000.0,2024-05-05
2024050503020602,SWMF,65,4,300.0,779.9,233970.0,2024-05-05
2024050501024870,MHCL,37,22,40.0,377.0,15080.0,2024-05-05
2024050501024869,SNLI,58,56,10.0,592.8,5928.0,2024-05-05
2024050501024868,GBIME,21,36,50.0,176.6,8830.0,2024-05-05
2024050504008608,PRIN,25,29,180.0,780.2,140436.0,2024-05-05
2024050504008607,PRIN,45,29,50.0,780.3,39015.0,2024-05-05
2024050504008606,PRIN,1,29,100.0,780.3,78030.0,2024-05-05
2024050504008605,PRIN,34,29,50.0,780.4,39020.0,2024-05-05
2024050504008604,PRIN,42,29,200.0,782.0,156400.0,2024-05-05
2024050504008603,PRIN,45,29,10.0,782.1,7821.0,2024-05-05
2024050503020601,NFS,34,46,150.0,558.0,83700.0,2024-05-05
2024050503020600,NFS,34,49,50.0,557.0,27850.0,2024-05-05
2024050503020599,SAPDBL,45,34,20.0,310.0,6200.0,2024-05-05
2024050503020598,SAPDBL,21,34,50.0,310.0,15500.0,2024-05-05
2024050503020597,SAPDBL,32,34,100.0,310.0,31000.0,2024-05-05
2024050503020596,SAPDBL,7,34,50.0,310.0,15500.0,2024-05-05
2024050503020595,SAPDBL,57,34,95.0,310.0,29450.0,2024-05-05
2024050503020594,SAPDBL,36,34,10.0,310.1,3101.0,2024-05-05
2024050503020593,SAPDBL,32,34,50.0,310.1,15505.0,2024-05-05
2024050503020592,SAPDBL,45,34,20.0,310.1,6202.0,2024-05-05
2024050503020591,SAPDBL,25,34,10.0,310.1,3101.0,2024-05-05
2024050503020590,RLFL,44,49,10.0,362.7,3627.0,2024-05-05
2024050504008602,HURJA,41,38,100.0,282.1,28210.0,2024-05-05
2024050503020589,PFL,25,57,30.0,669.9,20097.0,2024-05-05
2024050503020588,MPFL,45,38,10.0,455.0,4550.0,2024-05-05
2024050503020587,CFCL,13,6,67.0,385.0,25795.0,2024-05-05
2024050503020586,CFCL,25,6,133.0,385.0,51205.0,2024-05-05
2024050503020585,CFCL,44,6,100.0,385.1,38510.0,2024-05-05
2024050501024867,UHEWA,19,33,210.0,371.0,77910.0,2024-05-05
2024050504008601,SHEL,47,56,100.0,147.0,14700.0,2024-05-05
2024050503020584,NFS,58,49,50.0,557.0,27850.0,2024-05-05
2024050504008600,UMHL,45,66,90.0,234.0,21060.0,2024-05-05
2024050504008599,RADHI,44,16,1000.0,228.3,228300.0,2024-05-05
2024050504008598,API,35,25,19.0,167.0,3173.0,2024-05-05
2024050503020583,ILBS,66,37,700.0,1197.8,838460.0,2024-05-05
