transaction,symbol,buyer,seller,quantity,rate,amount,date
2025070101020861,USHEC,89,17,30.0,430.0,12900.0,2025-07-01
2025070104024620,AHPC,55,17,30.0,288.0,8640.0,2025-07-01
2025070101020860,BNT,14,34,10.0,12260.0,122600.0,2025-07-01
2025070101020859,SGHC,32,64,165.0,395.1,65191.5,2025-07-01
2025070105012236,NTC,14,44,50.0,842.0,42100.0,2025-07-01
2025070104024619,NGPL,56,28,10.0,403.9,4039.0,2025-07-01
2025070101020858,HIDCLP,48,88,100.0,211.6,21160.0,2025-07-01
2025070101020857,LSL,94,48,440.0,217.0,95480.0,2025-07-01
2025070101020856,LSL,62,48,50.0,217.4,10870.0,2025-07-01
2025070101020855,LSL,32,48,100.0,217.5,21750.0,2025-07-01
2025070101020854,LSL,41,48,797.0,217.5,173347.5,2025-07-01
2025070101020853,LSL,34,48,213.0,217.7,46370.1,2025-07-01
2025070101020852,NABIL,48,42,101.0,492.0,49692.0,2025-07-01
2025070104024618,CGH,7,91,30.0,954.0,28620.0,2025-07-01
2025070103012497,SWMF,41,32,27.0,722.9,19518.3,2025-07-01
2025070103012496,SWMF,41,14,100.0,721.0,72100.0,2025-07-01
2025070103012495,SWMF,41,57,33.0,720.0,23760.0,2025-07-01
2025070101020851,MCHL,42,21,85.0,541.3,46010.5,2025-07-01
2025070101020850,SBL,50,4,10.0,330.0,3300.0,2025-07-01
2025070101020849,CZBIL,32,18,2000.0,209.0,418000.0,2025-07-01
2025070105012235,HDL,42,96,32.0,1193.0,38176.0,2025-07-01
2025070105012234,HDL,35,96,100.0,1193.0,119300.0,2025-07-01
2025070105012233,HDL,42,96,162.0,1193.0,193266.0,2025-07-01
2025070105012232,HDL,61,96,85.0,1193.1,101413.5,2025-07-01
2025070104024617,HURJA,77,49,200.0,256.0,51200.0,2025-07-01
2025070104024616,HURJA,57,49,285.0,256.0,72960.0,2025-07-01
2025070104024615,HURJA,19,49,130.0,256.0,33280.0,2025-07-01
2025070101020848,OMPL,91,17,80.0,1370.0,109600.0,2025-07-01
2025070101020847,OMPL,59,17,20.0,1373.0,27460.0,2025-07-01
2025070104024614,UNHPL,39,13,10.0,478.0,4780.0,2025-07-01
2025070104024613,BPCL,63,58,603.0,828.0,499284.0,2025-07-01
2025070103012494,SKBBL,10,63,100.0,806.8,80680.0,2025-07-01
2025070105012231,NIFRA,49,38,50.0,276.8,13840.0,2025-07-01
2025070101020846,DORDI,32,52,100.0,330.0,33000.0,2025-07-01
2025070101020845,DORDI,60,52,481.0,330.0,158730.0,2025-07-01
2025070105012230,HIDCL,52,63,88.0,298.0,26224.0,2025-07-01
2025070105012229,HIDCL,52,22,107.0,298.0,31886.0,2025-07-01
2025070104024612,UNHPL,19,16,563.0,472.0,265736.0,2025-07-01
2025070104024611,UNHPL,39,16,15.0,472.0,7080.0,2025-07-01
2025070104024610,UNHPL,44,16,903.0,472.1,426306.3,2025-07-01
2025070104024609,UNHPL,38,16,200.0,472.2,94440.0,2025-07-01
2025070104024608,UNHPL,62,16,10.0,473.0,4730.0,2025-07-01
2025070104024607,UNHPL,34,16,100.0,475.0,47500.0,2025-07-01
2025070104024606,UNHPL,45,16,209.0,476.0,99484.0,2025-07-01
2025070101020844,NICA,38,58,198.0,344.0,68112.0,2025-07-01
2025070101020843,NICA,74,58,20.0,344.1,6882.0,2025-07-01
2025070101020842,NICA,48,58,100.0,345.0,34500.0,2025-07-01
2025070101020841,NICA,41,58,10.0,345.0,3450.0,2025-07-01
2025070105012228,GCIL,57,55,171.0,498.1,85175.1,2025-07-01
2025070105012227,GCIL,42,55,30.0,499.0,14970.0,2025-07-01
2025070105012226,GCIL,13,55,100.0,499.0,49900.0,2025-07-01
2025070105012225,GCIL,14,55,489.0,500.0,244500.0,2025-07-01
2025070105012224,GCIL,6,55,10.0,500.2,5002.0,2025-07-01
2025070105012223,GCIL,22,55,200.0,500.2,100040.0,2025-07-01
2025070104024605,NGPL,19,43,237.0,402.0,95274.0,2025-07-01
2025070104024604,NGPL,64,43,524.0,402.5,210910.0,2025-07-01
2025070104024603,NGPL,28,43,100.0,402.9,40290.0,2025-07-01
2025070104024602,NGPL,13,43,129.0,403.0,51987.0,2025-07-01
2025070104024601,NGPL,4,43,10.0,403.0,4030.0,2025-07-01
2025070103012493,GRDBL,55,5,10.0,1383.0,13830.0,2025-07-01
2025070104024600,RIDI,51,58,10.0,265.8,2658.0,2025-07-01
2025070104024599,SSHL,25,39,118.0,243.9,28780.2,2025-07-01
2025070104024598,SSHL,25,77,145.0,243.9,35365.5,2025-07-01
2025070101020840,TSHL,58,42,10.0,638.1,6381.0,2025-07-01
2025070101020839,MKHC,42,42,20.0,436.0,8720.0,2025-07-01
2025070101020838,MKHC,38,42,50.0,436.1,21805.0,2025-07-01
2025070101020837,SBI,16,13,50.0,400.3,20015.0,2025-07-01
2025070101020836,SBI,42,13,50.0,400.4,20020.0,2025-07-01
2025070104024597,SPDL,21,62,100.0,427.0,42700.0,2025-07-01
2025070103012492,SAPDBL,45,35,10.0,1115.0,11150.0,2025-07-01
2025070101020835,MBL,35,85,40.0,223.0,8920.0,2025-07-01
2025070101020834,MBL,35,55,10.0,223.0,2230.0,2025-07-01
2025070101020833,MBL,35,49,1000.0,222.9,222900.0,2025-07-01
2025070101020832,MBL,35,35,950.0,222.9,211755.0,2025-07-01
2025070104024596,MHNL,32,48,100.0,295.0,29500.0,2025-07-01
2025070104024595,API,42,37,400.0,293.5,117400.0,2025-07-01
2025070105012222,NRN,58,7,100.0,2173.0,217300.0,2025-07-01
2025070104024594,BPCL,81,58,500.0,828.0,414000.0,2025-07-01
2025070103012491,NLIC,53,19,10.0,741.3,7413.0,2025-07-01
2025070101020831,TPC,63,46,100.0,438.0,43800.0,2025-07-01
2025070101020830,TPC,63,58,200.0,437.0,87400.0,2025-07-01
2025070101020829,MEHL,63,35,500.0,427.9,213950.0,2025-07-01
2025070104024593,AHPC,22,17,270.0,288.0,77760.0,2025-07-01
2025070104024592,BARUN,99,1,300.0,450.0,135000.0,2025-07-01
2025070104024591,BARUN,99,59,220.0,450.0,99000.0,2025-07-01
2025070104024590,BARUN,99,56,1000.0,450.0,450000.0,2025-07-01
2025070104024589,BARUN,99,49,300.0,450.0,135000.0,2025-07-01
2025070104024588,BARUN,99,50,176.0,450.0,79200.0,2025-07-01
2025070104024587,HURJA,19,99,370.0,256.0,94720.0,2025-07-01
2025070104024586,HURJA,101,99,1000.0,256.0,256000.0,2025-07-01
2025070104024585,HURJA,36,99,2000.0,256.1,512200.0,2025-07-01
2025070104024584,HURJA,40,99,380.0,256.1,97318.0,2025-07-01
2025070104024583,UMHL,71,40,100.0,564.0,56400.0,2025-07-01
2025070104024582,MHNL,60,57,680.0,294.1,199988.0,2025-07-01
2025070104024581,MHNL,70,57,830.0,294.2,244186.0,2025-07-01
2025070104024580,AHPC,71,17,120.0,288.0,34560.0,2025-07-01
2025070104024579,AHPC,71,33,880.0,288.0,253440.0,2025-07-01
2025070101020828,PRVU,55,58,10.0,207.9,2079.0,2025-07-01
2025070101020827,PRVU,55,50,1990.0,207.9,413721.0,2025-07-01
2025070105012221,SMJC,6,19,290.0,528.6,153294.0,2025-07-01
2025070101020826,MSHL,80,70,10.0,808.5,8085.0,2025-07-01
2025070105012220,HRL,41,25,40.0,895.2,35808.0,2025-07-01
2025070103012490,ICFC,57,45,80.0,606.0,48480.0,2025-07-01
2025070101020825,NMIC,38,45,160.0,1585.0,253600.0,2025-07-01
2025070101020824,BHL,25,49,500.0,219.9,109950.0,2025-07-01
2025070104024578,UNHPL,45,45,50.0,476.0,23800.0,2025-07-01
2025070101020823,NMIC,40,56,15.0,1586.2,23793.0,2025-07-01
2025070101020822,NMIC,43,56,20.0,1586.3,31726.0,2025-07-01
2025070101020821,GBIME,28,1,413.0,245.0,101185.0,2025-07-01
2025070101020820,GBIME,28,14,25.0,245.0,6125.0,2025-07-01
2025070101020819,GBIME,28,55,200.0,245.0,49000.0,2025-07-01
2025070101020818,GBIME,28,53,50.0,245.0,12250.0,2025-07-01
2025070101020817,GBIME,28,32,640.0,245.0,156800.0,2025-07-01
2025070101020816,GBIME,28,48,500.0,245.0,122500.0,2025-07-01
2025070101020815,GBIME,28,49,106.0,245.0,25970.0,2025-07-01
2025070101020814,GBIME,28,14,25.0,245.0,6125.0,2025-07-01
2025070101020813,GBIME,28,46,44.0,245.0,10780.0,2025-07-01
2025070101020812,GBIME,28,45,1000.0,245.0,245000.0,2025-07-01
2025070101020811,GBIME,28,44,1320.0,245.0,323400.0,2025-07-01
2025070101020810,GBIME,28,32,500.0,245.0,122500.0,2025-07-01
2025070101020809,GBIME,28,58,869.0,245.0,212905.0,2025-07-01
2025070101020808,GBIME,28,54,100.0,245.0,24500.0,2025-07-01
2025070101020807,GBIME,28,58,20.0,245.0,4900.0,2025-07-01
2025070101020806,GBIME,28,25,300.0,245.0,73500.0,2025-07-01
2025070101020805,GBIME,28,80,500.0,245.0,122500.0,2025-07-01
2025070101020804,GBIME,28,1,100.0,245.0,24500.0,2025-07-01
2025070101020803,GBIME,28,55,500.0,245.0,122500.0,2025-07-01
2025070101020802,GBIME,28,45,500.0,245.0,122500.0,2025-07-01
2025070101020801,GBIME,28,43,500.0,245.0,122500.0,2025-07-01
2025070101020800,GBIME,28,29,231.0,245.0,56595.0,2025-07-01
2025070101020799,GBIME,28,39,80.0,245.0,19600.0,2025-07-01
2025070101020798,GBIME,28,11,100.0,245.0,24500.0,2025-07-01
2025070101020797,GBIME,28,58,222.0,245.0,54390.0,2025-07-01
2025070101020796,GBIME,28,57,1330.0,245.0,325850.0,2025-07-01
2025070101020795,GBIME,28,49,150.0,245.0,36750.0,2025-07-01
2025070101020794,GBIME,28,42,100.0,245.0,24500.0,2025-07-01
2025070101020793,GBIME,28,42,200.0,245.0,49000.0,2025-07-01
2025070101020792,GBIME,28,1,100.0,245.0,24500.0,2025-07-01
2025070101020791,GBIME,28,21,50.0,245.0,12250.0,2025-07-01
2025070101020790,GBIME,28,41,1000.0,245.0,245000.0,2025-07-01
2025070101020789,GBIME,28,82,4500.0,245.0,1102500.0,2025-07-01
2025070101020788,GBIME,28,43,200.0,245.0,49000.0,2025-07-01
2025070101020787,GBIME,28,34,200.0,244.9,48980.0,2025-07-01
2025070101020786,GBIME,28,58,213.0,244.9,52163.7,2025-07-01
2025070101020785,GBIME,28,42,50.0,244.9,12245.0,2025-07-01
2025070101020784,GBIME,28,22,1100.0,244.9,269390.0,2025-07-01
2025070101020783,GBIME,28,34,38.0,244.9,9306.2,2025-07-01
2025070101020782,GBIME,28,38,900.0,244.9,220410.0,2025-07-01
2025070101020781,GBIME,28,34,500.0,244.9,122450.0,2025-07-01
2025070101020780,GBIME,28,39,70.0,244.9,17143.0,2025-07-01
2025070101020779,GBIME,28,43,50.0,244.9,12245.0,2025-07-01
2025070101020778,GBIME,28,1,100.0,244.9,24490.0,2025-07-01
2025070101020777,GBIME,28,17,500.0,244.9,122450.0,2025-07-01
2025070101020776,GBIME,28,35,500.0,244.9,122450.0,2025-07-01
2025070101020775,GBIME,28,82,20.0,244.8,4896.0,2025-07-01
2025070101020774,GBIME,28,62,100.0,244.8,24480.0,2025-07-01
2025070101020773,GBIME,28,34,222.0,244.8,54345.6,2025-07-01
2025070101020772,GBIME,28,58,21.0,244.8,5140.8,2025-07-01
2025070101020771,GBIME,28,57,11.0,244.8,2692.8,2025-07-01
2025070101020770,GBIME,28,41,1203.0,244.8,294494.4,2025-07-01
2025070101020769,GBIME,28,80,500.0,244.8,122400.0,2025-07-01
2025070101020768,GBIME,28,36,200.0,244.8,48960.0,2025-07-01
2025070101020767,GBIME,28,58,81.0,244.8,19828.8,2025-07-01
2025070101020766,GBIME,28,17,250.0,244.8,61200.0,2025-07-01
2025070101020765,GBIME,28,62,100.0,244.8,24480.0,2025-07-01
2025070101020764,GBIME,28,52,50.0,244.8,12240.0,2025-07-01
2025070101020763,GBIME,28,39,70.0,244.8,17136.0,2025-07-01
2025070101020762,GBIME,28,19,50.0,244.7,12235.0,2025-07-01
2025070101020761,GBIME,28,22,121.0,244.7,29608.7,2025-07-01
2025070101020760,GBIME,28,7,2000.0,244.6,489200.0,2025-07-01
2025070101020759,GBIME,28,81,120.0,244.0,29280.0,2025-07-01
2025070101020758,GBIME,28,58,110.0,244.0,26840.0,2025-07-01
2025070101020757,GBIME,28,64,100.0,244.0,24400.0,2025-07-01
2025070101020756,GBIME,28,49,97.0,244.0,23668.0,2025-07-01
2025070101020755,GBIME,28,45,1000.0,244.0,244000.0,2025-07-01
2025070101020754,GBIME,28,22,200.0,244.0,48800.0,2025-07-01
2025070101020753,GBIME,28,36,500.0,244.0,122000.0,2025-07-01
2025070101020752,GBIME,28,41,500.0,244.0,122000.0,2025-07-01
2025070101020751,GBIME,28,34,50.0,244.0,12200.0,2025-07-01
2025070101020750,GBIME,28,42,10.0,244.0,2440.0,2025-07-01
2025070101020749,GBIME,28,52,110.0,244.0,26840.0,2025-07-01
2025070101020748,GBIME,28,53,200.0,244.0,48800.0,2025-07-01
2025070101020747,GBIME,28,38,100.0,244.0,24400.0,2025-07-01
2025070101020746,GBIME,28,41,439.0,244.0,107116.0,2025-07-01
2025070101020745,GBIME,28,22,25.0,244.0,6100.0,2025-07-01
2025070101020744,GBIME,28,41,13.0,244.0,3172.0,2025-07-01
2025070101020743,GBIME,28,57,31.0,244.0,7564.0,2025-07-01
2025070101020742,GBIME,28,65,100.0,244.0,24400.0,2025-07-01
2025070101020741,GBIME,28,6,400.0,244.0,97600.0,2025-07-01
2025070101020740,GBIME,28,32,200.0,244.0,48800.0,2025-07-01
2025070101020739,GBIME,28,39,525.0,244.0,128100.0,2025-07-01
2025070101020738,GBIME,28,50,500.0,244.0,122000.0,2025-07-01
2025070101020737,GBIME,28,8,100.0,244.0,24400.0,2025-07-01
2025070101020736,GBIME,28,80,500.0,244.0,122000.0,2025-07-01
2025070101020735,GBIME,28,16,1000.0,244.0,244000.0,2025-07-01
2025070101020734,GBIME,28,6,50.0,243.9,12195.0,2025-07-01
2025070101020733,GBIME,28,33,500.0,243.6,121800.0,2025-07-01
2025070101020732,GBIME,28,4,1001.0,243.0,243243.0,2025-07-01
2025070101020731,GBIME,28,58,441.0,243.0,107163.0,2025-07-01
2025070101020730,GBIME,28,38,50.0,243.0,12150.0,2025-07-01
2025070101020729,GBIME,28,33,300.0,242.0,72600.0,2025-07-01
2025070101020728,GBIME,28,34,33.0,242.0,7986.0,2025-07-01
2025070103012489,GRDBL,72,29,300.0,1371.0,411300.0,2025-07-01
2025070101020727,SBL,64,69,10.0,328.1,3281.0,2025-07-01
2025070103012488,MNBBL,45,21,50.0,360.0,18000.0,2025-07-01
2025070101020726,ADBL,33,58,202.0,294.0,59388.0,2025-07-01
2025070101020725,RHGCL,45,50,50.0,386.0,19300.0,2025-07-01
2025070101020724,TPC,48,35,390.0,435.0,169650.0,2025-07-01
2025070101020723,RHGCL,32,17,188.0,391.0,73508.0,2025-07-01
2025070101020722,RHGCL,32,10,100.0,391.0,39100.0,2025-07-01
2025070101020721,RHGCL,32,25,50.0,390.7,19535.0,2025-07-01
2025070101020720,RHGCL,32,94,100.0,390.0,39000.0,2025-07-01
2025070101020719,RHGCL,32,45,200.0,390.0,78000.0,2025-07-01
2025070101020718,RHGCL,32,20,121.0,390.0,47190.0,2025-07-01
2025070101020717,RHGCL,32,45,25.0,390.0,9750.0,2025-07-01
2025070101020716,RHGCL,32,44,181.0,390.0,70590.0,2025-07-01
2025070101020715,RHGCL,32,7,35.0,387.7,13569.5,2025-07-01
2025070101020714,OMPL,49,55,10.0,1374.0,13740.0,2025-07-01
2025070101020713,GVL,78,48,1000.0,483.0,483000.0,2025-07-01
2025070101020712,GVL,78,58,11.0,483.0,5313.0,2025-07-01
2025070101020711,GVL,78,33,20.0,482.9,9658.0,2025-07-01
2025070101020710,GVL,78,25,100.0,482.0,48200.0,2025-07-01
2025070101020709,GVL,78,59,200.0,482.0,96400.0,2025-07-01
2025070101020708,GVL,78,54,100.0,482.0,48200.0,2025-07-01
2025070101020707,GVL,78,42,110.0,482.0,53020.0,2025-07-01
2025070101020706,GVL,78,38,10.0,481.9,4819.0,2025-07-01
2025070101020705,GVL,78,49,219.0,481.3,105404.7,2025-07-01
2025070103012487,SMFBS,42,17,36.0,1742.5,62730.0,2025-07-01
2025070103012486,SMFBS,57,17,14.0,1743.0,24402.0,2025-07-01
2025070104024577,BPCL,26,58,50.0,828.0,41400.0,2025-07-01
2025070104024576,BPCL,45,58,200.0,828.0,165600.0,2025-07-01
2025070104024575,BPCL,28,58,500.0,828.0,414000.0,2025-07-01
2025070104024574,BPCL,74,58,50.0,828.0,41400.0,2025-07-01
2025070104024573,BPCL,21,58,116.0,828.0,96048.0,2025-07-01
2025070104024572,BPCL,33,58,453.0,828.1,375129.3,2025-07-01
2025070104024571,BPCL,28,58,500.0,828.2,414100.0,2025-07-01
2025070101020704,TPC,39,58,50.0,437.0,21850.0,2025-07-01
2025070103012485,KSBBL,53,45,10.0,461.0,4610.0,2025-07-01
2025070103012484,WNLB,49,4,10.0,2215.0,22150.0,2025-07-01
2025070103012483,WNLB,43,4,10.0,2215.0,22150.0,2025-07-01
2025070105012219,HRL,58,6,10.0,896.0,8960.0,2025-07-01
2025070105012218,HRL,58,36,40.0,896.0,35840.0,2025-07-01
2025070105012217,HRL,58,39,50.0,895.9,44795.0,2025-07-01
2025070104024570,LEC,51,57,240.0,214.5,51480.0,2025-07-01
2025070101020703,BHL,57,49,100.0,219.9,21990.0,2025-07-01
2025070101020702,CREST,22,57,12.0,1356.1,16273.2,2025-07-01
2025070101020701,CREST,14,57,28.0,1360.0,38080.0,2025-07-01
2025070101020700,NYADI,87,57,20.0,470.9,9418.0,2025-07-01
2025070101020699,DORDI,60,26,19.0,330.0,6270.0,2025-07-01
2025070101020698,DORDI,42,26,200.0,330.0,66000.0,2025-07-01
2025070101020697,DORDI,58,26,19.0,330.0,6270.0,2025-07-01
2025070101020696,DORDI,55,26,100.0,330.0,33000.0,2025-07-01
2025070101020695,DORDI,45,26,12.0,330.0,3960.0,2025-07-01
2025070101020694,DORDI,98,26,50.0,331.0,16550.0,2025-07-01
2025070101020693,IHL,32,34,10.0,568.0,5680.0,2025-07-01
2025070104024569,UPCL,19,1,100.0,418.5,41850.0,2025-07-01
2025070104024568,IGI,13,1,39.0,527.1,20556.9,2025-07-01
2025070103012482,BFC,1,14,10.0,474.0,4740.0,2025-07-01
2025070101020692,OMPL,68,55,10.0,1374.0,13740.0,2025-07-01
2025070104024567,RIDI,46,48,600.0,263.0,157800.0,2025-07-01
2025070104024566,RIDI,42,48,722.0,263.0,189886.0,2025-07-01
2025070104024565,RIDI,42,48,1450.0,263.0,381350.0,2025-07-01
2025070104024564,RIDI,63,48,21.0,263.0,5523.0,2025-07-01
2025070104024563,RIDI,21,48,100.0,263.0,26300.0,2025-07-01
2025070104024562,RIDI,58,48,1500.0,263.0,394500.0,2025-07-01
2025070104024561,RIDI,58,48,1500.0,263.0,394500.0,2025-07-01
2025070104024560,RIDI,58,48,588.0,263.0,154644.0,2025-07-01
2025070104024559,RIDI,95,48,372.0,263.1,97873.2,2025-07-01
2025070104024558,RIDI,22,48,1000.0,263.2,263200.0,2025-07-01
2025070104024557,RIDI,7,48,1647.0,265.0,436455.0,2025-07-01
2025070104024556,RIDI,56,48,500.0,265.5,132750.0,2025-07-01
2025070101020691,RFPL,48,60,10.0,582.0,5820.0,2025-07-01
2025070104024555,SICL,45,39,20.0,726.0,14520.0,2025-07-01
2025070101020690,CREST,14,42,10.0,1360.0,13600.0,2025-07-01
2025070101020689,OMPL,59,45,10.0,1373.0,13730.0,2025-07-01
2025070105012216,NRIC,42,70,66.0,1240.0,81840.0,2025-07-01
2025070105012215,NRIC,42,53,67.0,1240.0,83080.0,2025-07-01
2025070105012214,NRIC,42,45,100.0,1239.9,123990.0,2025-07-01
2025070105012213,NRIC,42,45,80.0,1239.9,99192.0,2025-07-01
2025070105012212,NRIC,42,26,187.0,1239.0,231693.0,2025-07-01
2025070104024554,UPCL,19,42,100.0,418.5,41850.0,2025-07-01
2025070103012481,MDB,75,33,30.0,592.9,17787.0,2025-07-01
2025070101020688,BHL,59,90,50.0,219.8,10990.0,2025-07-01
2025070104024553,NHDL,21,36,65.0,680.0,44200.0,2025-07-01
2025070104024552,SHPC,32,52,54.0,612.0,33048.0,2025-07-01
2025070104024551,SHPC,32,6,20.0,612.0,12240.0,2025-07-01
2025070104024550,SHPC,32,35,426.0,612.0,260712.0,2025-07-01
2025070101020687,NESDO,14,84,10.0,1616.7,16167.0,2025-07-01
2025070101020686,NESDO,14,38,10.0,1616.0,16160.0,2025-07-01
2025070105012211,SHIVM,14,28,20.0,507.0,10140.0,2025-07-01
2025070105012210,SONA,57,74,193.0,450.3,86907.9,2025-07-01
2025070105012209,SONA,33,74,307.0,451.0,138457.0,2025-07-01
2025070104024549,UNHPL,39,13,407.0,478.0,194546.0,2025-07-01
2025070104024548,UNHPL,39,6,100.0,478.0,47800.0,2025-07-01
2025070104024547,UNHPL,39,45,280.0,477.0,133560.0,2025-07-01
2025070104024546,UNHPL,39,4,213.0,477.0,101601.0,2025-07-01
2025070101020685,DORDI,5,45,20.0,332.0,6640.0,2025-07-01
2025070104024545,NGPL,4,34,20.0,403.0,8060.0,2025-07-01
2025070101020684,DORDI,98,57,50.0,331.0,16550.0,2025-07-01
2025070103012480,SAPDBL,45,57,70.0,1115.0,78050.0,2025-07-01
2025070103012479,SAPDBL,48,57,30.0,1115.0,33450.0,2025-07-01
2025070101020683,TSHL,58,57,10.0,638.1,6381.0,2025-07-01
2025070101020682,TSHL,46,57,90.0,639.0,57510.0,2025-07-01
2025070101020681,NBL,7,26,10.0,258.0,2580.0,2025-07-01
2025070101020680,NBL,42,26,756.0,258.4,195350.4,2025-07-01
2025070101020679,NBL,81,26,652.0,258.5,168542.0,2025-07-01
2025070101020678,NBL,22,26,300.0,258.5,77550.0,2025-07-01
2025070101020677,NBL,11,26,500.0,258.5,129250.0,2025-07-01
2025070101020676,NBL,36,26,40.0,258.7,10348.0,2025-07-01
2025070101020675,NBL,25,26,1000.0,258.9,258900.0,2025-07-01
2025070101020674,NBL,58,26,210.0,259.0,54390.0,2025-07-01
2025070101020673,NBL,25,26,109.0,259.0,28231.0,2025-07-01
2025070105012208,HATHY,35,55,106.0,1230.0,130380.0,2025-07-01
2025070101020672,PURE,41,58,10.0,917.0,9170.0,2025-07-01
2025070104024544,BARUN,34,50,674.0,450.0,303300.0,2025-07-01
2025070104024543,BARUN,34,19,10.0,449.9,4499.0,2025-07-01
2025070104024542,BARUN,34,59,300.0,449.8,134940.0,2025-07-01
2025070104024541,BARUN,34,8,16.0,449.7,7195.2,2025-07-01
2025070101020671,BHL,59,64,187.0,219.8,41102.6,2025-07-01
2025070101020670,BHL,36,64,567.0,219.8,124626.6,2025-07-01
2025070105012207,HIDCL,57,25,1580.0,297.0,469260.0,2025-07-01
2025070105012206,HIDCL,41,25,130.0,297.0,38610.0,2025-07-01
2025070105012205,HIDCL,19,25,290.0,297.0,86130.0,2025-07-01
2025070105012204,SONA,33,4,43.0,450.9,19388.7,2025-07-01
2025070104024540,RHPL,45,28,100.0,375.7,37570.0,2025-07-01
2025070104024539,UNHPL,45,58,41.0,476.0,19516.0,2025-07-01
2025070101020669,GBIME,42,34,100.0,242.0,24200.0,2025-07-01
2025070104024538,SHEL,41,56,470.0,293.0,137710.0,2025-07-01
2025070104024537,SHEL,28,56,190.0,293.0,55670.0,2025-07-01
2025070104024536,SHEL,38,56,1000.0,293.0,293000.0,2025-07-01
2025070104024535,SHEL,62,56,1000.0,293.0,293000.0,2025-07-01
2025070104024534,SHEL,52,56,90.0,293.0,26370.0,2025-07-01
2025070104024533,SHEL,47,56,250.0,293.0,73250.0,2025-07-01
2025070101020668,DLBS,49,42,10.0,1565.0,15650.0,2025-07-01
2025070101020667,MEHL,56,35,10.0,427.9,4279.0,2025-07-01
2025070103012478,HLI,41,20,1.0,390.0,390.0,2025-07-01
2025070103012477,SWMF,32,57,17.0,720.0,12240.0,2025-07-01
2025070105012203,HDL,49,49,15.0,1196.0,17940.0,2025-07-01
2025070105012202,HRL,41,74,200.0,895.2,179040.0,2025-07-01
2025070104024532,DHPL,58,58,10.0,326.9,3269.0,2025-07-01
2025070104024531,DHPL,58,22,10.0,326.5,3265.0,2025-07-01
2025070101020666,HHL,68,38,15.0,393.0,5895.0,2025-07-01
2025070101020665,HHL,13,38,50.0,393.0,19650.0,2025-07-01
2025070105012201,GCIL,26,42,100.0,501.9,50190.0,2025-07-01
2025070101020664,OMPL,59,44,20.0,1373.0,27460.0,2025-07-01
2025070103012476,SWBBL,55,56,100.0,832.0,83200.0,2025-07-01
2025070104024530,BPCL,34,89,500.0,830.0,415000.0,2025-07-01
2025070104024529,AHPC,34,33,150.0,288.0,43200.0,2025-07-01
2025070101020663,KDL,47,52,180.0,1106.9,199242.0,2025-07-01
2025070101020662,KDL,47,55,10.0,1105.0,11050.0,2025-07-01
2025070101020661,KDL,47,52,10.0,1102.9,11029.0,2025-07-01
2025070103012475,MFIL,48,45,100.0,586.0,58600.0,2025-07-01
2025070103012474,NICLBSL,62,45,40.0,632.0,25280.0,2025-07-01
2025070103012473,NICLBSL,62,42,41.0,630.0,25830.0,2025-07-01
2025070103012472,EDBL,33,48,10.0,580.0,5800.0,2025-07-01
2025070105012200,SAHAS,13,19,150.0,589.9,88485.0,2025-07-01
2025070105012199,HRL,41,45,50.0,895.2,44760.0,2025-07-01
2025070103012471,SFCL,52,41,56.0,470.0,26320.0,2025-07-01
2025070104024528,MEN,17,41,45.0,611.0,27495.0,2025-07-01
2025070104024527,AKPL,39,46,48.0,267.0,12816.0,2025-07-01
2025070104024526,AKPL,49,46,22.0,267.0,5874.0,2025-07-01
2025070101020660,GBIME,8,34,20.0,242.0,4840.0,2025-07-01
2025070101020659,GBIME,8,22,100.0,242.0,24200.0,2025-07-01
2025070101020658,GBIME,8,29,380.0,242.0,91960.0,2025-07-01
2025070101020657,SBI,36,49,120.0,403.9,48468.0,2025-07-01
2025070101020656,SBI,36,19,200.0,403.0,80600.0,2025-07-01
2025070104024525,CHL,52,50,50.0,356.1,17805.0,2025-07-01
2025070104024524,BARUN,40,8,34.0,449.7,15289.8,2025-07-01
2025070104024523,BARUN,40,51,394.0,448.7,176787.8,2025-07-01
2025070104024522,BARUN,40,48,72.0,448.7,32306.4,2025-07-01
2025070104024521,UPCL,19,57,30.0,418.5,12555.0,2025-07-01
2025070103012470,SLBBL,42,57,50.0,900.0,45000.0,2025-07-01
2025070103012469,SLBBL,60,57,20.0,900.0,18000.0,2025-07-01
2025070105012198,MBJC,58,89,10.0,320.0,3200.0,2025-07-01
2025070105012197,MBJC,58,52,10.0,319.5,3195.0,2025-07-01
2025070105012196,MBJC,58,4,10.0,319.4,3194.0,2025-07-01
2025070101020655,NMIC,40,51,35.0,1586.2,55517.0,2025-07-01
2025070101020654,SMHL,65,51,1040.0,970.0,1008800.0,2025-07-01
2025070101020653,BHPL,58,53,13.0,728.0,9464.0,2025-07-01
2025070101020652,RAWA,34,57,40.0,809.5,32380.0,2025-07-01
2025070101020651,RAWA,34,19,10.0,809.0,8090.0,2025-07-01
2025070101020650,RAWA,34,36,10.0,808.0,8080.0,2025-07-01
2025070101020649,RAWA,34,48,120.0,808.0,96960.0,2025-07-01
2025070101020648,RAWA,34,44,10.0,805.0,8050.0,2025-07-01
2025070101020647,RAWA,34,89,10.0,805.0,8050.0,2025-07-01
2025070101020646,RAWA,34,1,100.0,800.7,80070.0,2025-07-01
2025070104024520,NGPL,48,34,580.0,403.0,233740.0,2025-07-01
2025070101020645,OMPL,68,58,10.0,1373.0,13730.0,2025-07-01
2025070101020644,OMPL,91,43,265.0,1370.0,363050.0,2025-07-01
2025070101020643,OMPL,58,43,115.0,1370.0,157550.0,2025-07-01
2025070101020642,OMPL,58,43,20.0,1370.1,27402.0,2025-07-01
2025070104024519,SSHL,36,77,55.0,243.9,13414.5,2025-07-01
2025070103012468,ACLBSL,42,25,30.0,1062.1,31863.0,2025-07-01
2025070105012195,NRIC,59,33,20.0,1237.4,24748.0,2025-07-01
2025070105012194,NRIC,44,33,50.0,1237.5,61875.0,2025-07-01
2025070103012467,PROFL,32,6,150.0,477.0,71550.0,2025-07-01
2025070103012466,ALBSL,65,45,22.0,842.0,18524.0,2025-07-01
2025070103012465,ALBSL,65,39,192.0,842.0,161664.0,2025-07-01
2025070103012464,ALBSL,65,35,55.0,841.5,46282.5,2025-07-01
2025070103012463,ALBSL,65,62,100.0,841.0,84100.0,2025-07-01
2025070103012462,ALBSL,65,41,11.0,841.0,9251.0,2025-07-01
2025070103012461,ALBSL,65,36,11.0,841.0,9251.0,2025-07-01
2025070103012460,ALBSL,65,4,21.0,841.0,17661.0,2025-07-01
2025070103012459,ALBSL,65,58,20.0,841.0,16820.0,2025-07-01
2025070103012458,ALBSL,65,13,20.0,841.0,16820.0,2025-07-01
2025070103012457,ALBSL,65,7,10.0,840.0,8400.0,2025-07-01
2025070103012456,ALBSL,65,84,38.0,840.0,31920.0,2025-07-01
2025070103012455,NUBL,65,33,10.0,704.0,7040.0,2025-07-01
2025070103012454,NUBL,65,64,100.0,704.0,70400.0,2025-07-01
2025070103012453,NUBL,65,63,90.0,703.9,63351.0,2025-07-01
2025070101020641,NMIC,40,45,50.0,1586.2,79310.0,2025-07-01
2025070101020640,KSY,29,55,900.0,9.14,8226.0,2025-07-01
2025070101020639,KSY,29,58,100.0,9.12,912.0,2025-07-01
2025070101020638,KSY,29,58,100.0,9.1,910.0,2025-07-01
2025070101020637,KSY,29,91,100.0,9.1,910.0,2025-07-01
2025070104024518,PMHPL,49,45,260.0,432.0,112320.0,2025-07-01
2025070104024517,PMHPL,50,45,40.0,432.5,17300.0,2025-07-01
2025070101020636,PURE,41,58,10.0,917.0,9170.0,2025-07-01
2025070104024516,PMHPL,50,58,10.0,432.5,4325.0,2025-07-01
2025070105012193,HATHY,35,72,20.0,1229.1,24582.0,2025-07-01
2025070105012192,HATHY,35,56,174.0,1229.0,213846.0,2025-07-01
2025070104024515,GLH,25,41,180.0,272.5,49050.0,2025-07-01
2025070104024514,GLH,35,41,20.0,272.5,5450.0,2025-07-01
2025070103012452,ALICL,10,7,30.0,501.3,15039.0,2025-07-01
2025070104024513,NHPC,56,32,10.0,215.4,2154.0,2025-07-01
2025070103012451,SHINE,60,32,30.0,402.0,12060.0,2025-07-01
2025070101020635,HIDCLP,39,88,2000.0,211.6,423200.0,2025-07-01
2025070101020634,OMPL,70,38,10.0,1370.1,13701.0,2025-07-01
2025070103012450,SINDU,16,44,10.0,804.1,8041.0,2025-07-01
2025070104024512,SHL,16,32,923.0,558.9,515864.7,2025-07-01
2025070104024511,HURJA,17,74,50.0,256.2,12810.0,2025-07-01
2025070103012449,PROFL,17,6,45.0,478.5,21532.5,2025-07-01
2025070103012448,SAPDBL,91,54,96.0,1117.2,107251.2,2025-07-01
2025070101020633,SANIMA,25,1,40.0,333.0,13320.0,2025-07-01
2025070105012191,NRN,25,25,20.0,2172.0,43440.0,2025-07-01
2025070104024510,SPDL,77,62,270.0,427.0,115290.0,2025-07-01
2025070104024509,SPDL,38,62,300.0,427.0,128100.0,2025-07-01
2025070104024508,SPDL,22,62,100.0,427.0,42700.0,2025-07-01
2025070104024507,SPDL,17,62,100.0,427.0,42700.0,2025-07-01
2025070104024506,SPDL,39,62,110.0,427.0,46970.0,2025-07-01
2025070104024505,SPDL,14,62,80.0,427.0,34160.0,2025-07-01
2025070104024504,SPDL,62,62,50.0,427.0,21350.0,2025-07-01
2025070104024503,SPDL,65,62,420.0,427.0,179340.0,2025-07-01
2025070104024502,SPDL,25,62,10.0,427.1,4271.0,2025-07-01
2025070104024501,SPDL,34,62,50.0,427.1,21355.0,2025-07-01
2025070104024500,SPDL,8,62,20.0,427.1,8542.0,2025-07-01
2025070101020632,SBL,64,69,10.0,328.1,3281.0,2025-07-01
2025070105012190,NIFRA,49,45,500.0,276.8,138400.0,2025-07-01
2025070104024499,NHPC,56,25,100.0,215.3,21530.0,2025-07-01
2025070104024498,BPCL,56,89,450.0,830.0,373500.0,2025-07-01
2025070104024497,BPCL,56,58,50.0,830.0,41500.0,2025-07-01
2025070104024496,BPCL,56,42,500.0,829.9,414950.0,2025-07-01
2025070104024495,RADHI,26,56,20.0,805.1,16102.0,2025-07-01
2025070105012189,SHIVM,51,32,260.0,506.6,131716.0,2025-07-01
2025070104024494,HPPL,40,58,181.0,523.0,94663.0,2025-07-01
2025070104024493,HPPL,42,58,100.0,523.0,52300.0,2025-07-01
2025070104024492,HPPL,6,58,100.0,524.0,52400.0,2025-07-01
2025070104024491,HPPL,42,58,100.0,524.0,52400.0,2025-07-01
2025070104024490,HPPL,70,58,319.0,524.0,167156.0,2025-07-01
2025070104024489,HPPL,52,58,200.0,524.8,104960.0,2025-07-01
2025070104024488,SSHL,56,49,30.0,243.7,7311.0,2025-07-01
2025070105012188,SAHAS,36,19,150.0,589.9,88485.0,2025-07-01
2025070103012447,BFC,51,58,18.0,472.0,8496.0,2025-07-01
2025070103012446,BFC,34,58,12.0,473.9,5686.8,2025-07-01
2025070105012187,SAHAS,38,19,297.0,589.9,175200.3,2025-07-01
2025070105012186,SAHAS,38,29,693.0,589.9,408800.7,2025-07-01
2025070103012445,SAPDBL,48,38,100.0,1115.0,111500.0,2025-07-01
2025070101020631,BHL,16,49,30.0,219.9,6597.0,2025-07-01
2025070105012185,NIFRA,49,57,10.0,276.8,2768.0,2025-07-01
2025070101020630,BHL,58,49,1411.0,219.9,310278.9,2025-07-01
2025070104024487,JOSHI,47,55,100.0,342.0,34200.0,2025-07-01
2025070103012444,DDBL,51,32,36.0,818.0,29448.0,2025-07-01
2025070103012443,DDBL,51,11,20.0,818.0,16360.0,2025-07-01
2025070103012442,DDBL,51,57,100.0,817.9,81790.0,2025-07-01
2025070103012441,SAPDBL,48,64,10.0,1115.0,11150.0,2025-07-01
2025070103012440,LICN,34,58,55.0,879.0,48345.0,2025-07-01
2025070103012439,LICN,34,4,30.0,879.0,26370.0,2025-07-01
2025070103012438,LICN,34,42,190.0,878.9,166991.0,2025-07-01
2025070103012437,LICN,34,11,40.0,878.9,35156.0,2025-07-01
2025070103012436,LICN,34,37,100.0,878.8,87880.0,2025-07-01
2025070103012435,LICN,34,5,65.0,878.8,57122.0,2025-07-01
2025070103012434,LICN,34,38,34.0,877.6,29838.4,2025-07-01
2025070104024486,PPCL,50,48,40.0,385.0,15400.0,2025-07-01
2025070104024485,PPCL,38,48,30.0,385.0,11550.0,2025-07-01
2025070104024484,HPPL,48,48,50.0,525.0,26250.0,2025-07-01
2025070103012433,SAPDBL,48,54,17.0,1117.2,18992.4,2025-07-01
2025070103012432,SAPDBL,48,45,33.0,1117.0,36861.0,2025-07-01
2025070104024483,HPPL,45,48,165.0,525.0,86625.0,2025-07-01
2025070101020629,PRVU,14,41,66.0,207.5,13695.0,2025-07-01
2025070104024482,CHCL,39,33,200.0,549.0,109800.0,2025-07-01
2025070104024481,NGPL,89,25,193.0,403.0,77779.0,2025-07-01
2025070104024480,NGPL,89,68,902.0,403.0,363506.0,2025-07-01
2025070101020628,BHL,36,38,933.0,219.8,205073.4,2025-07-01
2025070101020627,BHL,26,38,304.0,219.8,66819.2,2025-07-01
2025070105012184,SAHAS,47,79,71.0,589.5,41854.5,2025-07-01
2025070105012183,SAHAS,8,79,29.0,589.8,17104.2,2025-07-01
2025070103012431,SADBL,77,47,292.0,407.0,118844.0,2025-07-01
2025070101020626,NYADI,87,13,200.0,470.9,94180.0,2025-07-01
2025070104024479,MHNL,70,33,70.0,294.2,20594.0,2025-07-01
2025070101020625,JBLB,45,60,49.0,1337.0,65513.0,2025-07-01
2025070101020624,JBLB,45,49,20.0,1337.0,26740.0,2025-07-01
2025070101020623,JBLB,45,44,90.0,1337.0,120330.0,2025-07-01
2025070101020622,JBLB,45,45,41.0,1337.0,54817.0,2025-07-01
2025070105012182,SAHAS,8,29,21.0,589.8,12385.8,2025-07-01
2025070101020621,LSL,34,42,17.0,217.7,3700.9,2025-07-01
2025070101020620,LSL,41,42,10.0,217.7,2177.0,2025-07-01
2025070101020619,PURE,41,42,10.0,917.0,9170.0,2025-07-01
2025070105012181,SMJC,42,19,10.0,529.9,5299.0,2025-07-01
2025070101020618,PURE,41,42,20.0,917.0,18340.0,2025-07-01
2025070105012180,ILI,41,11,18.0,441.9,7954.2,2025-07-01
2025070105012179,PHCL,42,37,150.0,499.5,74925.0,2025-07-01
2025070101020617,DORDI,39,28,168.0,334.0,56112.0,2025-07-01
2025070101020616,DORDI,39,32,100.0,334.0,33400.0,2025-07-01
2025070101020615,DORDI,39,70,10.0,333.5,3335.0,2025-07-01
2025070101020614,DORDI,39,4,10.0,333.5,3335.0,2025-07-01
2025070101020613,DORDI,39,39,50.0,333.0,16650.0,2025-07-01
2025070101020612,DORDI,39,62,500.0,333.0,166500.0,2025-07-01
2025070101020611,DORDI,39,28,1490.0,333.0,496170.0,2025-07-01
2025070101020610,DORDI,39,49,100.0,333.0,33300.0,2025-07-01
2025070101020609,DORDI,39,89,50.0,333.0,16650.0,2025-07-01
2025070101020608,DORDI,39,61,1000.0,333.0,333000.0,2025-07-01
2025070101020607,DORDI,39,60,200.0,332.5,66500.0,2025-07-01
2025070101020606,DORDI,39,60,712.0,332.5,236740.0,2025-07-01
2025070101020605,DORDI,39,40,250.0,332.4,83100.0,2025-07-01
2025070101020604,DORDI,39,22,300.0,331.0,99300.0,2025-07-01
2025070101020603,DORDI,39,34,60.0,331.0,19860.0,2025-07-01
2025070105012178,ENL,58,39,10.0,1064.9,10649.0,2025-07-01
2025070105012177,CIT,41,39,39.0,1897.0,73983.0,2025-07-01
2025070101020602,OMPL,70,38,10.0,1370.1,13701.0,2025-07-01
2025070104024478,HURJA,40,50,480.0,256.3,123024.0,2025-07-01
2025070101020601,BHDC,38,58,10.0,503.0,5030.0,2025-07-01
2025070101020600,SRLI,40,49,443.0,398.0,176314.0,2025-07-01
2025070104024477,NHPC,44,57,157.0,214.0,33598.0,2025-07-01
2025070104024476,NHPC,44,57,39.0,215.0,8385.0,2025-07-01
2025070101020599,HIDCLP,52,88,300.0,211.6,63480.0,2025-07-01
2025070105012176,SAHAS,17,29,50.0,589.9,29495.0,2025-07-01
2025070104024475,PMHPL,49,51,200.0,432.0,86400.0,2025-07-01
2025070103012430,MLBL,34,85,746.0,387.9,289373.4,2025-07-01
2025070103012429,MLBL,34,60,254.0,387.9,98526.6,2025-07-01
2025070103012428,GBBL,48,33,200.0,396.0,79200.0,2025-07-01
2025070104024474,SALICO,41,25,24.0,675.0,16200.0,2025-07-01
2025070104024473,UPCL,21,16,300.0,418.8,125640.0,2025-07-01
2025070104024472,BPCL,33,6,1547.0,828.1,1281070.7,2025-07-01
2025070104024471,BPCL,34,6,233.0,828.2,192970.6,2025-07-01
2025070104024470,BPCL,63,6,603.0,828.3,499464.9,2025-07-01
2025070104024469,BPCL,64,6,617.0,829.0,511493.0,2025-07-01
2025070104024468,PPCL,38,45,470.0,385.0,180950.0,2025-07-01
2025070104024467,PPCL,6,45,830.0,385.0,319550.0,2025-07-01
2025070101020598,NYADI,87,50,25.0,470.9,11772.5,2025-07-01
2025070101020597,DORDI,45,7,335.0,330.0,110550.0,2025-07-01
2025070101020596,DORDI,11,7,1000.0,330.0,330000.0,2025-07-01
2025070101020595,DORDI,8,7,115.0,330.0,37950.0,2025-07-01
2025070101020594,DORDI,32,7,50.0,330.0,16500.0,2025-07-01
2025070103012427,JFL,7,4,95.0,461.0,43795.0,2025-07-01
2025070103012426,JFL,7,29,20.0,460.0,9200.0,2025-07-01
2025070103012425,RLFL,14,41,10.0,462.0,4620.0,2025-07-01
2025070101020593,JBLB,41,45,30.0,1337.0,40110.0,2025-07-01
2025070103012424,CFCL,14,6,10.0,498.9,4989.0,2025-07-01
2025070101020592,NABIL,22,42,200.0,492.0,98400.0,2025-07-01
2025070103012423,GRDBL,14,49,10.0,1375.0,13750.0,2025-07-01
2025070104024466,RADHI,101,29,159.0,809.0,128631.0,2025-07-01
2025070104024465,RADHI,101,48,341.0,808.0,275528.0,2025-07-01
2025070101020591,KBL,49,16,100.0,210.0,21000.0,2025-07-01
2025070104024464,KKHC,49,26,465.0,392.8,182652.0,2025-07-01
2025070104024463,KKHC,57,26,35.0,393.0,13755.0,2025-07-01
2025070104024462,KKHC,57,38,65.0,393.0,25545.0,2025-07-01
2025070101020590,SANIMA,25,34,476.0,333.0,158508.0,2025-07-01
2025070101020589,SANIMA,7,34,10.0,333.0,3330.0,2025-07-01
2025070101020588,SANIMA,19,34,14.0,333.0,4662.0,2025-07-01
2025070103012422,KSBBL,44,38,250.0,459.3,114825.0,2025-07-01
2025070101020587,NMB,74,19,50.0,246.2,12310.0,2025-07-01
2025070101020586,SNLI,32,43,25.0,466.3,11657.5,2025-07-01
2025070101020585,SNLI,11,43,100.0,466.4,46640.0,2025-07-01
2025070105012175,HRL,48,52,1.0,885.0,885.0,2025-07-01
2025070101020584,TSHL,46,21,110.0,638.9,70279.0,2025-07-01
2025070104024461,AHPC,42,33,470.0,288.0,135360.0,2025-07-01
2025070104024460,BARUN,35,48,1000.0,448.7,448700.0,2025-07-01
2025070104024459,BARUN,35,29,500.0,448.0,224000.0,2025-07-01
2025070104024458,HURJA,40,32,620.0,256.1,158782.0,2025-07-01
2025070104024457,HURJA,40,32,580.0,256.2,148596.0,2025-07-01
2025070101020583,BNHC,41,74,50.0,503.5,25175.0,2025-07-01
2025070104024456,HURJA,35,32,500.0,256.2,128100.0,2025-07-01
2025070103012421,PROFL,32,48,38.0,477.0,18126.0,2025-07-01
2025070101020582,BHL,58,49,116.0,219.9,25508.4,2025-07-01
2025070104024455,SSHL,56,5,300.0,243.7,73110.0,2025-07-01
2025070105012174,PSF,5,49,16000.0,10.92,174720.0,2025-07-01
2025070105012173,PSF,5,34,220.0,10.9,2398.0,2025-07-01
2025070101020581,HIDCLP,34,58,203.0,211.1,42853.3,2025-07-01
2025070101020580,HIDCLP,35,58,100.0,211.2,21120.0,2025-07-01
2025070104024454,GHL,26,17,400.0,250.9,100360.0,2025-07-01
2025070104024453,UPCL,19,58,10.0,418.5,4185.0,2025-07-01
2025070101020579,SIKLES,6,59,10.0,868.0,8680.0,2025-07-01
2025070103012420,SINDU,58,26,110.0,804.0,88440.0,2025-07-01
2025070103012419,SINDU,38,26,240.0,804.0,192960.0,2025-07-01
2025070103012418,SINDU,53,26,150.0,804.1,120615.0,2025-07-01
2025070105012172,SAHAS,34,29,100.0,589.9,58990.0,2025-07-01
2025070104024452,RHPL,60,8,45.0,374.0,16830.0,2025-07-01
2025070103012417,MNBBL,45,6,53.0,360.0,19080.0,2025-07-01
2025070103012416,MNBBL,25,6,447.0,360.0,160920.0,2025-07-01
2025070104024451,SPIL,80,6,247.0,798.0,197106.0,2025-07-01
2025070104024450,SPIL,62,6,100.0,798.0,79800.0,2025-07-01
2025070104024449,SPIL,4,6,990.0,798.0,790020.0,2025-07-01
2025070104024448,SPIL,55,6,44.0,798.1,35116.4,2025-07-01
2025070104024447,SPIL,55,6,100.0,798.5,79850.0,2025-07-01
2025070104024446,SPIL,34,6,1000.0,800.0,800000.0,2025-07-01
2025070104024445,SPIL,42,6,1000.0,800.1,800100.0,2025-07-01
2025070104024444,SPIL,43,6,300.0,800.1,240030.0,2025-07-01
2025070104024443,SPIL,41,6,60.0,801.0,48060.0,2025-07-01
2025070104024442,SPIL,55,6,100.0,801.0,80100.0,2025-07-01
2025070103012415,HLBSL,45,42,19.0,978.0,18582.0,2025-07-01
2025070104024441,BARUN,35,29,1000.0,448.0,448000.0,2025-07-01
2025070101020578,BHDC,45,56,50.0,505.2,25260.0,2025-07-01
2025070101020577,BHDC,45,57,500.0,505.0,252500.0,2025-07-01
2025070103012414,SJLIC,44,45,10.0,428.0,4280.0,2025-07-01
2025070103012413,MLBBL,25,45,50.0,1505.0,75250.0,2025-07-01
2025070101020576,NABIL,42,42,20.0,492.0,9840.0,2025-07-01
2025070104024440,API,42,51,400.0,293.5,117400.0,2025-07-01
2025070104024439,API,42,38,250.0,293.5,73375.0,2025-07-01
2025070103012412,SAPDBL,48,66,110.0,1115.0,122650.0,2025-07-01
2025070103012411,SAPDBL,92,66,90.0,1115.0,100350.0,2025-07-01
2025070104024438,PPCL,6,22,170.0,385.0,65450.0,2025-07-01
2025070104024437,PPCL,69,22,10.0,385.0,3850.0,2025-07-01
2025070104024436,PPCL,41,22,30.0,385.0,11550.0,2025-07-01
2025070104024435,PPCL,49,22,50.0,385.0,19250.0,2025-07-01
2025070104024434,PPCL,36,22,240.0,385.0,92400.0,2025-07-01
2025070103012410,SMB,8,6,10.0,2220.0,22200.0,2025-07-01
2025070104024433,UMHL,71,63,130.0,564.0,73320.0,2025-07-01
2025070104024432,UMHL,71,22,200.0,564.0,112800.0,2025-07-01
2025070104024431,UMHL,71,58,300.0,564.0,169200.0,2025-07-01
2025070104024430,UMHL,71,44,30.0,563.9,16917.0,2025-07-01
2025070105012171,HATHY,38,56,26.0,1229.0,31954.0,2025-07-01
2025070105012170,HATHY,38,82,14.0,1229.0,17206.0,2025-07-01
2025070105012169,HATHY,38,46,40.0,1224.0,48960.0,2025-07-01
2025070103012409,KSBBL,19,38,50.0,459.3,22965.0,2025-07-01
2025070101020575,PURE,41,58,10.0,917.0,9170.0,2025-07-01
2025070101020574,NESDO,58,48,10.0,1610.0,16100.0,2025-07-01
2025070104024429,UNHPL,58,58,10.0,476.0,4760.0,2025-07-01
2025070105012168,ILI,44,58,49.0,441.1,21613.9,2025-07-01
2025070101020573,BHL,57,49,150.0,219.9,32985.0,2025-07-01
2025070103012408,SHINE,60,58,200.0,402.0,80400.0,2025-07-01
2025070103012407,SHINE,60,17,500.0,402.0,201000.0,2025-07-01
2025070103012406,SHINE,60,7,61.0,402.0,24522.0,2025-07-01
2025070101020572,USHEC,50,1,50.0,428.0,21400.0,2025-07-01
2025070104024428,UPCL,19,33,800.0,418.5,334800.0,2025-07-01
2025070104024427,UPCL,19,46,595.0,418.5,249007.5,2025-07-01
2025070104024426,UPCL,19,71,100.0,418.4,41840.0,2025-07-01
2025070104024425,UPCL,19,48,200.0,418.4,83680.0,2025-07-01
2025070104024424,UPCL,19,33,300.0,418.3,125490.0,2025-07-01
2025070103012405,MSLB,74,44,411.0,1260.0,517860.0,2025-07-01
2025070103012404,MSLB,74,55,79.0,1259.7,99516.3,2025-07-01
2025070103012403,MSLB,74,57,10.0,1255.0,12550.0,2025-07-01
2025070103012402,MERO,7,48,100.0,771.0,77100.0,2025-07-01
2025070104024423,BPCL,64,43,383.0,829.0,317507.0,2025-07-01
2025070101020571,DORDI,6,34,140.0,331.0,46340.0,2025-07-01
2025070101020570,DORDI,6,32,10.0,330.9,3309.0,2025-07-01
2025070105012167,CHDC,96,39,365.0,2651.0,967615.0,2025-07-01
2025070105012166,CHDC,96,28,200.0,2651.0,530200.0,2025-07-01
2025070105012165,CHDC,96,33,300.0,2650.9,795270.0,2025-07-01
2025070105012164,CHDC,96,41,210.0,2650.9,556689.0,2025-07-01
2025070105012163,CHDC,96,34,300.0,2650.0,795000.0,2025-07-01
2025070105012162,CHDC,96,41,625.0,2650.0,1656250.0,2025-07-01
2025070101020569,NBL,54,29,475.0,259.1,123072.5,2025-07-01
2025070105012161,CHDC,59,42,24.0,2636.0,63264.0,2025-07-01
2025070104024422,UPPER,42,57,72.0,196.5,14148.0,2025-07-01
2025070101020568,NMIC,38,42,90.0,1585.0,142650.0,2025-07-01
2025070101020567,NMIC,58,42,10.0,1585.1,15851.0,2025-07-01
2025070101020566,NMIC,48,42,50.0,1585.3,79265.0,2025-07-01
2025070101020565,BEDC,7,7,10.0,655.0,6550.0,2025-07-01
2025070103012401,SLBSL,7,49,10.0,1522.0,15220.0,2025-07-01
2025070105012160,CLI,49,63,10.0,467.0,4670.0,2025-07-01
2025070104024421,RHPL,26,8,1000.0,374.0,374000.0,2025-07-01
2025070104024420,RHPL,26,8,955.0,374.0,357170.0,2025-07-01
2025070103012400,LLBS,60,55,20.0,1085.0,21700.0,2025-07-01
2025070101020564,GVL,47,41,342.0,480.0,164160.0,2025-07-01
2025070104024419,JOSHI,62,57,50.0,342.8,17140.0,2025-07-01
2025070104024418,SHEL,58,43,414.0,294.0,121716.0,2025-07-01
2025070104024417,SHEL,58,45,10.0,294.0,2940.0,2025-07-01
2025070104024416,SHEL,58,14,76.0,294.0,22344.0,2025-07-01
2025070101020563,RFPL,101,48,2098.0,580.0,1216840.0,2025-07-01
2025070101020562,RFPL,58,48,100.0,580.5,58050.0,2025-07-01
2025070101020561,RFPL,34,48,50.0,580.5,29025.0,2025-07-01
2025070101020560,RFPL,56,48,300.0,580.6,174180.0,2025-07-01
2025070101020559,RFPL,63,48,200.0,581.0,116200.0,2025-07-01
2025070101020558,RFPL,32,48,100.0,581.0,58100.0,2025-07-01
2025070101020557,RFPL,50,48,116.0,581.0,67396.0,2025-07-01
2025070104024415,MHNL,54,48,100.0,295.0,29500.0,2025-07-01
2025070104024414,MHNL,32,48,40.0,295.0,11800.0,2025-07-01
2025070103012399,GFCL,34,50,200.0,613.0,122600.0,2025-07-01
2025070105012159,SMATA,45,45,11.0,842.0,9262.0,2025-07-01
2025070101020556,KBL,49,42,1382.0,210.0,290220.0,2025-07-01
2025070101020555,KBL,49,42,118.0,210.0,24780.0,2025-07-01
2025070101020554,BEDC,51,7,10.0,655.0,6550.0,2025-07-01
2025070101020553,NMIC,55,56,20.0,1585.4,31708.0,2025-07-01
2025070101020552,NMIC,25,56,20.0,1585.5,31710.0,2025-07-01
2025070101020551,NMIC,34,56,50.0,1586.0,79300.0,2025-07-01
2025070101020550,NMIC,58,56,10.0,1587.0,15870.0,2025-07-01
2025070105012158,NRN,14,7,50.0,2173.0,108650.0,2025-07-01
2025070101020549,HBL,63,13,200.0,227.4,45480.0,2025-07-01
2025070101020548,HBL,63,41,500.0,227.4,113700.0,2025-07-01
2025070101020547,HBL,63,35,200.0,227.3,45460.0,2025-07-01
2025070101020546,HBL,63,25,1504.0,227.0,341408.0,2025-07-01
2025070101020545,HBL,63,49,25.0,227.0,5675.0,2025-07-01
2025070101020544,HBL,63,56,300.0,227.0,68100.0,2025-07-01
2025070101020543,HBL,63,50,500.0,227.0,113500.0,2025-07-01
2025070101020542,HBL,63,35,40.0,227.0,9080.0,2025-07-01
2025070101020541,HBL,63,3,1000.0,226.9,226900.0,2025-07-01
2025070101020540,HBL,63,42,1000.0,226.9,226900.0,2025-07-01
2025070101020539,HBL,63,59,200.0,226.7,45340.0,2025-07-01
2025070101020538,HBL,63,34,500.0,226.0,113000.0,2025-07-01
2025070101020537,HBL,63,7,225.0,225.0,50625.0,2025-07-01
2025070101020536,HBL,63,56,50.0,225.0,11250.0,2025-07-01
2025070101020535,HBL,63,58,110.0,225.0,24750.0,2025-07-01
2025070101020534,HBL,63,22,500.0,224.4,112200.0,2025-07-01
2025070101020533,HBL,63,6,20.0,224.4,4488.0,2025-07-01
2025070101020532,HBL,63,16,200.0,224.4,44880.0,2025-07-01
2025070101020531,HBL,63,55,1000.0,224.4,224400.0,2025-07-01
2025070101020530,HBL,63,55,500.0,224.0,112000.0,2025-07-01
2025070101020529,HBL,63,41,500.0,224.0,112000.0,2025-07-01
2025070101020528,HBL,63,59,164.0,224.0,36736.0,2025-07-01
2025070101020527,HBL,63,45,30.0,224.0,6720.0,2025-07-01
2025070101020526,HBL,63,19,162.0,224.0,36288.0,2025-07-01
2025070101020525,HBL,63,13,500.0,223.9,111950.0,2025-07-01
2025070101020524,HBL,63,34,500.0,223.9,111950.0,2025-07-01
2025070101020523,HBL,63,38,100.0,223.3,22330.0,2025-07-01
2025070101020522,HBL,63,38,200.0,223.3,44660.0,2025-07-01
2025070101020521,HBL,63,26,10.0,223.3,2233.0,2025-07-01
2025070101020520,HBL,63,48,821.0,223.2,183247.2,2025-07-01
2025070101020519,HBL,63,49,200.0,223.1,44620.0,2025-07-01
2025070101020518,HBL,63,38,100.0,223.1,22310.0,2025-07-01
2025070101020517,HBL,63,13,100.0,223.1,22310.0,2025-07-01
2025070101020516,HBL,63,7,10.0,223.1,2231.0,2025-07-01
2025070101020515,HBL,63,41,200.0,223.0,44600.0,2025-07-01
2025070101020514,HBL,63,25,100.0,223.0,22300.0,2025-07-01
2025070104024413,PMHPL,49,57,50.0,432.0,21600.0,2025-07-01
2025070104024412,PMHPL,49,16,4391.0,432.0,1896912.0,2025-07-01
2025070101020513,SBL,4,4,32.0,330.0,10560.0,2025-07-01
2025070103012398,BFC,53,14,10.0,474.0,4740.0,2025-07-01
2025070103012397,GLBSL,26,56,50.0,2300.0,115000.0,2025-07-01
2025070105012157,NTC,57,49,20.0,840.0,16800.0,2025-07-01
2025070101020512,RAWA,34,1,96.0,800.7,76867.2,2025-07-01
2025070101020511,RAWA,34,1,100.0,800.7,80070.0,2025-07-01
2025070101020510,RAWA,34,1,200.0,800.0,160000.0,2025-07-01
2025070101020509,RAWA,34,49,50.0,800.0,40000.0,2025-07-01
2025070101020508,RAWA,34,29,107.0,800.0,85600.0,2025-07-01
2025070101020507,RAWA,34,58,10.0,799.6,7996.0,2025-07-01
2025070101020506,RAWA,34,6,100.0,799.0,79900.0,2025-07-01
2025070101020505,RAWA,34,37,87.0,798.9,69504.3,2025-07-01
2025070101020504,RAWA,34,16,250.0,798.0,199500.0,2025-07-01
2025070104024411,PPCL,36,19,50.0,385.0,19250.0,2025-07-01
2025070104024410,PPCL,4,19,50.0,385.0,19250.0,2025-07-01
2025070101020503,PURE,41,48,50.0,917.0,45850.0,2025-07-01
2025070105012156,SAHAS,67,6,38.0,589.2,22389.6,2025-07-01
2025070105012155,SAHAS,34,6,12.0,589.8,7077.6,2025-07-01
2025070104024409,AHPC,35,39,10.0,288.4,2884.0,2025-07-01
2025070104024408,AHPC,42,85,30.0,288.0,8640.0,2025-07-01
2025070103012396,GFCL,34,29,10.0,613.0,6130.0,2025-07-01
2025070104024407,NGPL,14,68,1000.0,403.0,403000.0,2025-07-01
2025070101020502,RFPL,50,42,200.0,581.0,116200.0,2025-07-01
2025070101020501,RFPL,34,42,100.0,581.1,58110.0,2025-07-01
2025070104024406,KKHC,49,32,140.0,392.8,54992.0,2025-07-01
2025070104024405,CHCL,49,33,50.0,549.0,27450.0,2025-07-01
2025070101020500,KBL,49,49,250.0,210.0,52500.0,2025-07-01
2025070101020499,MKJC,49,55,30.0,527.9,15837.0,2025-07-01
2025070101020498,MKJC,49,58,10.0,527.5,5275.0,2025-07-01
2025070101020497,MKJC,49,13,10.0,527.0,5270.0,2025-07-01
2025070101020496,MKJC,49,58,100.0,527.0,52700.0,2025-07-01
2025070101020495,MKJC,49,45,350.0,526.9,184415.0,2025-07-01
2025070105012154,SMJC,6,64,90.0,528.6,47574.0,2025-07-01
2025070105012153,HIDCL,60,22,193.0,298.0,57514.0,2025-07-01
2025070105012152,HIDCL,60,13,55.0,298.0,16390.0,2025-07-01
2025070105012151,HIDCL,60,25,300.0,298.0,89400.0,2025-07-01
2025070105012150,HIDCL,60,33,86.0,298.0,25628.0,2025-07-01
2025070105012149,HIDCL,60,8,122.0,298.0,36356.0,2025-07-01
2025070104024404,SHL,16,47,233.0,557.5,129897.5,2025-07-01
2025070104024403,SHL,44,47,347.0,557.5,193452.5,2025-07-01
2025070104024402,SHL,17,47,1000.0,558.0,558000.0,2025-07-01
2025070104024401,SHL,40,47,320.0,558.1,178592.0,2025-07-01
2025070104024400,SHL,55,47,100.0,558.2,55820.0,2025-07-01
2025070103012395,MLBSL,99,13,40.0,2210.0,88400.0,2025-07-01
2025070104024399,API,11,13,36.0,293.2,10555.2,2025-07-01
2025070104024398,AHPC,58,85,20.0,288.0,5760.0,2025-07-01
2025070103012394,DDBL,10,57,150.0,817.9,122685.0,2025-07-01
2025070103012393,DDBL,10,43,50.0,817.8,40890.0,2025-07-01
2025070101020494,MKJC,21,50,188.0,520.0,97760.0,2025-07-01
2025070101020493,MKJC,29,50,95.0,520.1,49409.5,2025-07-01
2025070103012392,RLFL,14,45,68.0,461.0,31348.0,2025-07-01
2025070103012391,MNBBL,25,29,25.0,360.0,9000.0,2025-07-01
2025070101020492,TPC,48,14,3450.0,435.0,1500750.0,2025-07-01
2025070104024397,SHPC,82,42,100.0,610.3,61030.0,2025-07-01
2025070104024396,UNHPL,81,58,100.0,476.0,47600.0,2025-07-01
2025070104024395,CHCL,93,33,10.0,549.0,5490.0,2025-07-01
2025070105012148,HRL,41,58,20.0,895.2,17904.0,2025-07-01
2025070104024394,UNHPL,6,58,349.0,476.0,166124.0,2025-07-01
2025070101020491,CITY,58,36,35.0,826.9,28941.5,2025-07-01
2025070104024393,PMHPL,88,16,200.0,432.0,86400.0,2025-07-01
2025070101020490,MKHL,84,58,10.0,750.0,7500.0,2025-07-01
2025070104024392,HPPL,52,14,100.0,524.8,52480.0,2025-07-01
2025070101020489,SANIMA,38,14,300.0,333.5,100050.0,2025-07-01
2025070101020488,PURE,41,1,214.0,917.0,196238.0,2025-07-01
2025070103012390,SLBBL,60,11,20.0,900.0,18000.0,2025-07-01
2025070104024391,UMHL,77,47,100.0,563.0,56300.0,2025-07-01
2025070105012147,NRN,19,7,200.0,2173.0,434600.0,2025-07-01
2025070101020487,BHL,62,49,50.0,219.9,10995.0,2025-07-01
2025070104024390,CHL,48,41,100.0,356.0,35600.0,2025-07-01
2025070101020486,MKHL,84,14,10.0,748.7,7487.0,2025-07-01
2025070101020485,MKHL,84,58,10.0,748.6,7486.0,2025-07-01
2025070101020484,MKHL,84,7,15.0,748.6,11229.0,2025-07-01
2025070101020483,MKHL,84,56,10.0,748.5,7485.0,2025-07-01
2025070101020482,MKHL,84,33,200.0,747.7,149540.0,2025-07-01
2025070101020481,MKHL,84,33,150.0,747.0,112050.0,2025-07-01
2025070104024389,CGH,43,91,20.0,954.0,19080.0,2025-07-01
2025070104024388,API,11,58,300.0,293.2,87960.0,2025-07-01
2025070101020480,SPC,35,14,1200.0,520.0,624000.0,2025-07-01
2025070105012146,NRIC,44,45,100.0,1237.5,123750.0,2025-07-01
2025070105012145,NRN,49,41,30.0,2170.0,65100.0,2025-07-01
2025070101020479,SANIMA,45,14,40.0,333.5,13340.0,2025-07-01
2025070103012389,MPFL,77,6,50.0,580.0,29000.0,2025-07-01
2025070101020478,SPL,7,43,30.0,800.0,24000.0,2025-07-01
2025070103012388,MLBBL,7,1,50.0,1506.0,75300.0,2025-07-01
2025070104024387,SICL,45,39,10.0,726.0,7260.0,2025-07-01
2025070104024386,SICL,6,39,10.0,726.0,7260.0,2025-07-01
2025070104024385,SICL,39,39,50.0,726.0,36300.0,2025-07-01
2025070104024384,SICL,45,39,10.0,726.0,7260.0,2025-07-01
2025070105012144,PHCL,16,36,260.0,500.0,130000.0,2025-07-01
2025070105012143,PHCL,16,58,40.0,499.9,19996.0,2025-07-01
2025070101020477,NBL,54,46,25.0,259.1,6477.5,2025-07-01
2025070101020476,TPC,48,38,30.0,435.0,13050.0,2025-07-01
2025070104024383,UNHPL,17,4,27.0,477.0,12879.0,2025-07-01
2025070104024382,TRH,34,36,40.0,918.0,36720.0,2025-07-01
2025070101020475,KDL,47,52,40.0,1102.9,44116.0,2025-07-01
2025070101020474,KDL,47,58,10.0,1101.0,11010.0,2025-07-01
2025070101020473,KDL,47,57,10.0,1100.0,11000.0,2025-07-01
2025070101020472,KDL,47,58,10.0,1100.0,11000.0,2025-07-01
2025070101020471,KDL,47,48,10.0,1100.0,11000.0,2025-07-01
2025070101020470,KDL,47,36,10.0,1100.0,11000.0,2025-07-01
2025070101020469,KDL,47,36,10.0,1100.0,11000.0,2025-07-01
2025070101020468,KDL,47,38,10.0,1100.0,11000.0,2025-07-01
2025070101020467,KDL,47,21,30.0,1100.0,33000.0,2025-07-01
2025070101020466,KDL,47,11,100.0,1100.0,110000.0,2025-07-01
2025070101020465,KDL,47,38,10.0,1100.0,11000.0,2025-07-01
2025070101020464,KDL,47,45,40.0,1099.8,43992.0,2025-07-01
2025070101020463,KDL,47,29,100.0,1095.0,109500.0,2025-07-01
2025070101020462,KDL,47,16,10.0,1094.9,10949.0,2025-07-01
2025070103012387,SINDU,53,58,30.0,804.1,24123.0,2025-07-01
2025070104024381,SPDL,60,62,270.0,427.3,115371.0,2025-07-01
2025070101020461,SBL,96,69,10.0,328.0,3280.0,2025-07-01
2025070105012142,NRIC,87,26,313.0,1239.0,387807.0,2025-07-01
2025070105012141,NRIC,87,45,40.0,1239.0,49560.0,2025-07-01
2025070105012140,NRIC,87,42,13.0,1238.0,16094.0,2025-07-01
2025070105012139,NRIC,87,52,34.0,1237.9,42088.6,2025-07-01
2025070101020460,NYADI,87,6,100.0,470.9,47090.0,2025-07-01
2025070104024380,HURJA,50,50,10.0,256.3,2563.0,2025-07-01
2025070103012386,JFL,17,29,400.0,460.0,184000.0,2025-07-01
2025070103012385,WNLB,17,42,30.0,2215.0,66450.0,2025-07-01
2025070103012384,KSBBL,63,45,176.0,461.0,81136.0,2025-07-01
2025070103012383,KSBBL,63,35,24.0,460.0,11040.0,2025-07-01
2025070103012382,KSBBL,63,28,100.0,460.0,46000.0,2025-07-01
2025070103012381,KSBBL,63,58,100.0,460.0,46000.0,2025-07-01
2025070103012380,KSBBL,63,42,100.0,460.0,46000.0,2025-07-01
2025070104024379,AKJCL,55,38,50.0,212.0,10600.0,2025-07-01
2025070105012138,SONA,55,4,582.0,450.9,262423.8,2025-07-01
2025070105012137,SONA,55,25,40.0,450.1,18004.0,2025-07-01
2025070105012136,SAHAS,67,19,10.0,589.2,5892.0,2025-07-01
2025070101020459,DORDI,32,19,50.0,330.0,16500.0,2025-07-01
2025070101020458,DORDI,4,19,50.0,330.1,16505.0,2025-07-01
2025070103012379,LBBL,19,57,200.0,438.0,87600.0,2025-07-01
2025070104024378,SJCL,94,29,110.0,324.0,35640.0,2025-07-01
2025070105012135,SONA,48,25,100.0,450.1,45010.0,2025-07-01
2025070105012134,SONA,25,25,10.0,450.2,4502.0,2025-07-01
2025070101020457,NYADI,87,43,2000.0,470.9,941800.0,2025-07-01
2025070101020456,BHL,26,58,196.0,219.8,43080.8,2025-07-01
2025070105012133,CLI,57,7,10.0,466.6,4666.0,2025-07-01
2025070105012132,NIFRA,49,58,379.0,276.0,104604.0,2025-07-01
2025070105012131,NIFRA,49,50,12.0,275.5,3306.0,2025-07-01
2025070104024377,KPCL,29,22,100.0,550.2,55020.0,2025-07-01
2025070104024376,NHPC,44,49,111.0,215.0,23865.0,2025-07-01
2025070103012378,PROFL,57,48,300.0,477.0,143100.0,2025-07-01
2025070103012377,MATRI,60,42,10.0,1179.0,11790.0,2025-07-01
2025070103012376,MATRI,60,58,87.0,1175.0,102225.0,2025-07-01
2025070103012375,MATRI,60,13,98.0,1174.0,115052.0,2025-07-01
2025070104024375,BPCL,63,91,400.0,828.3,331320.0,2025-07-01
2025070104024374,BPCL,71,91,100.0,828.4,82840.0,2025-07-01
2025070103012374,SLBSL,34,49,10.0,1522.0,15220.0,2025-07-01
2025070104024373,API,11,49,500.0,293.2,146600.0,2025-07-01
2025070101020455,NMIC,48,58,10.0,1588.0,15880.0,2025-07-01
2025070104024372,SPDL,60,21,80.0,427.3,34184.0,2025-07-01
2025070101020454,GBIME,28,29,10000.0,242.0,2420000.0,2025-07-01
2025070104024371,PPCL,66,48,30.0,385.1,11553.0,2025-07-01
2025070103012373,MLBL,53,1,45.0,383.4,17253.0,2025-07-01
2025070103012372,MLBL,53,1,210.0,384.1,80661.0,2025-07-01
2025070103012371,MLBL,38,1,80.0,385.0,30800.0,2025-07-01
2025070103012370,MLBL,43,1,50.0,385.1,19255.0,2025-07-01
2025070103012369,MLBL,6,1,100.0,385.5,38550.0,2025-07-01
2025070103012368,MLBL,35,1,150.0,386.1,57915.0,2025-07-01
2025070103012367,MLBL,25,1,75.0,386.4,28980.0,2025-07-01
2025070103012366,MLBL,16,1,1000.0,386.5,386500.0,2025-07-01
2025070103012365,MLBL,22,1,155.0,386.5,59907.5,2025-07-01
2025070103012364,MLBL,22,1,135.0,386.6,52191.0,2025-07-01
2025070101020453,EBLD91,10,54,25.0,1030.0,25750.0,2025-07-01
2025070103012363,SMFBS,1,4,100.0,1743.0,174300.0,2025-07-01
2025070103012362,SMFBS,1,62,120.0,1743.0,209160.0,2025-07-01
2025070103012361,WNLB,17,35,41.0,2215.0,90815.0,2025-07-01
2025070104024370,JOSHI,41,29,75.0,341.0,25575.0,2025-07-01
2025070101020452,ADBL,33,45,100.0,294.0,29400.0,2025-07-01
2025070103012360,KSBBL,44,45,92.0,459.3,42255.6,2025-07-01
2025070103012359,HLI,41,41,1.0,390.0,390.0,2025-07-01
2025070104024369,UPCL,99,33,700.0,418.3,292810.0,2025-07-01
2025070103012358,MNBBL,14,53,10.0,361.0,3610.0,2025-07-01
2025070101020451,DLBS,49,16,17.0,1565.0,26605.0,2025-07-01
2025070103012357,PFL,58,42,48.0,402.5,19320.0,2025-07-01
2025070101020450,GVL,78,41,58.0,481.0,27898.0,2025-07-01
2025070103012356,SJLIC,44,26,25.0,428.0,10700.0,2025-07-01
2025070104024368,KKHC,17,41,400.0,392.6,157040.0,2025-07-01
2025070104024367,KKHC,35,41,100.0,392.7,39270.0,2025-07-01
2025070104024366,API,16,52,1030.0,293.1,301893.0,2025-07-01
2025070104024365,NGPL,13,57,71.0,402.0,28542.0,2025-07-01
2025070104024364,NGPL,52,57,100.0,402.0,40200.0,2025-07-01
2025070104024363,NGPL,49,57,100.0,402.0,40200.0,2025-07-01
2025070104024362,NGPL,46,57,50.0,402.0,20100.0,2025-07-01
2025070104024361,NGPL,38,57,179.0,402.0,71958.0,2025-07-01
2025070103012355,DDBL,48,34,69.0,817.0,56373.0,2025-07-01
2025070101020449,SMHL,65,74,50.0,970.0,48500.0,2025-07-01
2025070104024360,SHEL,47,44,50.0,293.0,14650.0,2025-07-01
2025070103012354,PROFL,41,48,260.0,477.0,124020.0,2025-07-01
2025070103012353,PROFL,32,48,100.0,478.0,47800.0,2025-07-01
2025070103012352,PROFL,57,48,292.0,478.0,139576.0,2025-07-01
2025070103012351,PROFL,25,48,100.0,478.0,47800.0,2025-07-01
2025070101020448,BHL,51,48,125.0,219.7,27462.5,2025-07-01
2025070101020447,BHL,19,48,40.0,219.7,8788.0,2025-07-01
2025070101020446,BHL,4,48,15.0,219.7,3295.5,2025-07-01
2025070101020445,BHL,34,48,20.0,219.8,4396.0,2025-07-01
2025070105012130,SAHAS,84,29,857.0,589.9,505544.3,2025-07-01
2025070105012129,SAHAS,84,35,100.0,589.9,58990.0,2025-07-01
2025070105012128,SAHAS,84,1,100.0,589.9,58990.0,2025-07-01
2025070105012127,SAHAS,84,59,300.0,589.9,176970.0,2025-07-01
2025070105012126,SAHAS,84,42,483.0,589.9,284921.7,2025-07-01
2025070101020444,GBIME,6,29,20.0,242.0,4840.0,2025-07-01
2025070105012125,HRL,35,36,360.0,896.0,322560.0,2025-07-01
2025070105012124,HRL,35,25,40.0,896.0,35840.0,2025-07-01
2025070104024359,BPCL,71,35,300.0,828.4,248520.0,2025-07-01
2025070101020443,PURE,41,35,10.0,917.0,9170.0,2025-07-01
2025070101020442,RHGCL,45,59,500.0,386.0,193000.0,2025-07-01
2025070101020441,RHGCL,45,58,630.0,386.0,243180.0,2025-07-01
2025070101020440,PURE,41,7,50.0,917.0,45850.0,2025-07-01
2025070101020439,MBL,4,35,50.0,222.9,11145.0,2025-07-01
2025070103012350,SKBBL,49,49,88.0,806.0,70928.0,2025-07-01
2025070103012349,SKBBL,45,49,84.0,806.1,67712.4,2025-07-01
2025070103012348,SAPDBL,58,45,17.0,1117.0,18989.0,2025-07-01
2025070104024358,SPDL,60,40,150.0,427.3,64095.0,2025-07-01
2025070101020438,HIDCLP,40,58,200.0,211.6,42320.0,2025-07-01
2025070103012347,GBBL,41,67,50.0,395.8,19790.0,2025-07-01
2025070103012346,GBBL,41,66,80.0,395.8,31664.0,2025-07-01
2025070105012123,ILI,52,11,200.0,441.9,88380.0,2025-07-01
2025070104024357,NGPL,34,68,98.0,403.0,39494.0,2025-07-01
2025070104024356,NGPL,34,41,902.0,403.0,363506.0,2025-07-01
2025070101020437,GBIME,22,14,130.0,241.1,31343.0,2025-07-01
2025070105012122,SMATA,45,13,12.0,842.0,10104.0,2025-07-01
2025070101020436,GMLI,55,33,20.0,2187.0,43740.0,2025-07-01
2025070101020435,GMLI,42,33,20.0,2187.1,43742.0,2025-07-01
2025070101020434,NIMB,33,21,100.0,213.5,21350.0,2025-07-01
2025070104024355,UMRH,48,25,10.0,587.3,5873.0,2025-07-01
2025070103012345,SLBBL,60,54,10.0,900.0,9000.0,2025-07-01
2025070104024354,DHPL,6,45,185.0,325.4,60199.0,2025-07-01
2025070101020433,GVL,78,77,50.0,481.0,24050.0,2025-07-01
2025070101020432,GVL,78,59,50.0,481.0,24050.0,2025-07-01
2025070101020431,GVL,78,74,11.0,481.0,5291.0,2025-07-01
2025070101020430,GVL,78,17,4000.0,481.0,1924000.0,2025-07-01
2025070101020429,GVL,78,55,50.0,481.0,24050.0,2025-07-01
2025070101020428,GVL,78,26,200.0,481.0,96200.0,2025-07-01
2025070101020427,GVL,78,32,500.0,481.0,240500.0,2025-07-01
2025070101020426,GVL,78,32,30.0,481.0,14430.0,2025-07-01
2025070101020425,GVL,78,67,100.0,480.9,48090.0,2025-07-01
2025070101020424,GVL,78,21,36.0,480.5,17298.0,2025-07-01
2025070101020423,GVL,78,42,500.0,480.0,240000.0,2025-07-01
2025070101020422,GVL,78,32,150.0,480.0,72000.0,2025-07-01
2025070101020421,GVL,78,49,100.0,480.0,48000.0,2025-07-01
2025070101020420,GVL,78,40,11.0,480.0,5280.0,2025-07-01
2025070101020419,GVL,78,49,11.0,480.0,5280.0,2025-07-01
2025070101020418,GVL,78,71,50.0,480.0,24000.0,2025-07-01
2025070101020417,GVL,78,40,11.0,480.0,5280.0,2025-07-01
2025070101020416,GVL,78,58,11.0,480.0,5280.0,2025-07-01
2025070101020415,GVL,78,39,110.0,480.0,52800.0,2025-07-01
2025070101020414,GVL,78,94,200.0,480.0,96000.0,2025-07-01
2025070101020413,GVL,78,72,500.0,480.0,240000.0,2025-07-01
2025070101020412,GVL,78,55,50.0,480.0,24000.0,2025-07-01
2025070101020411,GVL,78,49,11.0,480.0,5280.0,2025-07-01
2025070101020410,GVL,78,54,100.0,480.0,48000.0,2025-07-01
2025070101020409,GVL,78,32,100.0,480.0,48000.0,2025-07-01
2025070101020408,GVL,78,42,1000.0,479.9,479900.0,2025-07-01
2025070101020407,MCHL,34,42,10.0,541.0,5410.0,2025-07-01
2025070104024353,CHL,71,45,300.0,356.0,106800.0,2025-07-01
2025070104024352,NIL,53,54,10.0,685.0,6850.0,2025-07-01
2025070104024351,NGPL,16,41,98.0,403.0,39494.0,2025-07-01
2025070104024350,NGPL,16,34,100.0,403.0,40300.0,2025-07-01
2025070104024349,NGPL,16,68,132.0,403.0,53196.0,2025-07-01
2025070104024348,NGPL,11,98,100.0,402.1,40210.0,2025-07-01
2025070104024347,NGPL,59,68,666.0,403.0,268398.0,2025-07-01
2025070104024346,NGPL,59,45,334.0,402.9,134568.6,2025-07-01
2025070104024345,NHDL,29,52,100.0,679.0,67900.0,2025-07-01
2025070104024344,API,57,49,450.0,293.2,131940.0,2025-07-01
2025070103012344,CBBL,58,51,20.0,914.2,18284.0,2025-07-01
2025070101020406,CYCL,48,38,10.0,1665.9,16659.0,2025-07-01
2025070103012343,HLI,70,17,12.0,395.0,4740.0,2025-07-01
2025070103012342,GMFIL,22,57,10.0,474.0,4740.0,2025-07-01
2025070105012121,MEL,34,57,50.0,322.0,16100.0,2025-07-01
2025070103012341,BFC,34,88,40.0,473.9,18956.0,2025-07-01
2025070101020405,PPL,49,33,65.0,405.0,26325.0,2025-07-01
2025070105012120,PHCL,42,48,10.0,499.5,4995.0,2025-07-01
2025070104024343,RADHI,6,29,409.0,809.0,330881.0,2025-07-01
2025070104024342,RADHI,6,52,10.0,809.0,8090.0,2025-07-01
2025070104024341,RADHI,6,6,81.0,808.0,65448.0,2025-07-01
2025070105012119,NRN,45,7,156.0,2173.0,338988.0,2025-07-01
2025070105012118,NRN,45,18,11.0,2173.0,23903.0,2025-07-01
2025070105012117,NRN,45,41,33.0,2173.0,71709.0,2025-07-01
2025070105012116,SHIVM,5,28,150.0,507.0,76050.0,2025-07-01
2025070103012340,EDBL,4,48,20.0,580.0,11600.0,2025-07-01
2025070103012339,SWBBL,57,49,67.0,831.0,55677.0,2025-07-01
2025070104024340,HPPL,70,58,181.0,524.0,94844.0,2025-07-01
2025070104024339,HPPL,42,58,150.0,524.0,78600.0,2025-07-01
2025070104024338,HPPL,35,58,10000.0,524.2,5242000.0,2025-07-01
2025070104024337,HPPL,32,58,99.0,524.2,51895.8,2025-07-01
2025070104024336,HPPL,32,58,1000.0,524.3,524300.0,2025-07-01
2025070104024335,HPPL,52,58,570.0,524.8,299136.0,2025-07-01
2025070103012338,SINDU,51,21,100.0,806.0,80600.0,2025-07-01
2025070104024334,NGPL,38,38,580.0,402.0,233160.0,2025-07-01
2025070104024333,RHPL,26,58,45.0,374.0,16830.0,2025-07-01
2025070104024332,RHPL,51,58,955.0,374.1,357265.5,2025-07-01
2025070104024331,LEC,51,28,234.0,214.5,50193.0,2025-07-01
2025070104024330,LEC,49,28,206.0,214.5,44187.0,2025-07-01
2025070104024329,LEC,6,28,500.0,214.6,107300.0,2025-07-01
2025070104024328,LEC,34,28,50.0,214.7,10735.0,2025-07-01
2025070101020404,NMIC,48,34,10.0,1588.0,15880.0,2025-07-01
2025070101020403,NMIC,48,57,190.0,1588.0,301720.0,2025-07-01
2025070101020402,NABIL,58,42,100.0,492.0,49200.0,2025-07-01
2025070104024327,UMHL,77,58,95.0,563.0,53485.0,2025-07-01
2025070104024326,UMHL,77,13,1000.0,563.0,563000.0,2025-07-01
2025070104024325,UMHL,77,41,10.0,563.0,5630.0,2025-07-01
2025070104024324,UMHL,77,35,10.0,563.0,5630.0,2025-07-01
2025070104024323,UMHL,77,35,389.0,563.0,219007.0,2025-07-01
2025070103012337,HLI,70,45,12.0,395.0,4740.0,2025-07-01
2025070101020401,BEDC,7,62,10.0,656.0,6560.0,2025-07-01
2025070101020400,CREST,42,38,10.0,1360.0,13600.0,2025-07-01
2025070101020399,CREST,42,55,10.0,1360.0,13600.0,2025-07-01
2025070101020398,SANIMA,8,14,1000.0,333.5,333500.0,2025-07-01
2025070105012115,RNLI,38,22,10.0,446.0,4460.0,2025-07-01
2025070105012114,RNLI,17,22,478.0,446.0,213188.0,2025-07-01
2025070105012113,RNLI,49,22,89.0,446.0,39694.0,2025-07-01
2025070105012112,CIT,41,16,10.0,1897.0,18970.0,2025-07-01
2025070105012111,CIT,41,47,51.0,1897.0,96747.0,2025-07-01
2025070104024322,SHPC,41,35,50.0,612.0,30600.0,2025-07-01
2025070104024321,AHPC,52,71,750.0,288.5,216375.0,2025-07-01
2025070104024320,AHPC,52,69,250.0,288.0,72000.0,2025-07-01
2025070105012110,NRN,49,91,350.0,2170.0,759500.0,2025-07-01
2025070105012109,NRN,14,91,50.0,2172.0,108600.0,2025-07-01
2025070103012336,GBBL,44,38,300.0,394.0,118200.0,2025-07-01
2025070101020397,GBIME,22,57,300.0,241.1,72330.0,2025-07-01
2025070103012335,DDBL,48,32,128.0,817.0,104576.0,2025-07-01
2025070104024319,HURJA,58,50,508.0,256.3,130200.4,2025-07-01
2025070104024318,SHEL,99,14,24.0,294.0,7056.0,2025-07-01
2025070104024317,SHEL,99,35,300.0,294.0,88200.0,2025-07-01
2025070101020396,NABIL,42,42,142.0,492.0,69864.0,2025-07-01
2025070103012334,PROFL,42,6,300.0,478.5,143550.0,2025-07-01
2025070105012108,SMJC,6,43,20.0,528.6,10572.0,2025-07-01
2025070105012107,SMJC,94,43,80.0,528.6,42288.0,2025-07-01
2025070103012333,SADBL,41,14,10.0,407.9,4079.0,2025-07-01
2025070101020395,BHL,59,49,971.0,219.9,213522.9,2025-07-01
2025070101020394,BHL,59,57,29.0,219.8,6374.2,2025-07-01
2025070101020393,OMPL,70,58,10.0,1370.1,13701.0,2025-07-01
2025070101020392,SBL,64,4,185.0,330.0,61050.0,2025-07-01
2025070101020391,SBL,64,36,175.0,330.0,57750.0,2025-07-01
2025070101020390,SBL,64,92,200.0,330.0,66000.0,2025-07-01
2025070101020389,SBL,64,6,10.0,330.0,3300.0,2025-07-01
2025070101020388,SBL,64,51,30.0,330.0,9900.0,2025-07-01
2025070101020387,SBL,64,52,50.0,329.3,16465.0,2025-07-01
2025070101020386,SBL,64,32,50.0,329.2,16460.0,2025-07-01
2025070103012332,MLBBL,25,53,50.0,1505.0,75250.0,2025-07-01
2025070104024316,HEI,35,11,50.0,567.3,28365.0,2025-07-01
2025070103012331,SINDU,53,34,20.0,804.1,16082.0,2025-07-01
2025070103012330,SINDU,25,34,50.0,805.0,40250.0,2025-07-01
2025070104024315,BARUN,34,48,140.0,448.7,62818.0,2025-07-01
2025070104024314,BARUN,34,53,280.0,448.5,125580.0,2025-07-01
2025070104024313,BARUN,34,17,20.0,448.5,8970.0,2025-07-01
2025070104024312,BARUN,34,7,40.0,448.0,17920.0,2025-07-01
2025070104024311,BARUN,34,58,102.0,447.0,45594.0,2025-07-01
2025070104024310,BARUN,34,58,102.0,447.0,45594.0,2025-07-01
2025070104024309,BARUN,34,58,10.0,446.0,4460.0,2025-07-01
2025070104024308,BARUN,34,42,200.0,446.0,89200.0,2025-07-01
2025070104024307,BARUN,34,36,106.0,446.0,47276.0,2025-07-01
2025070104024306,RADHI,11,6,100.0,808.0,80800.0,2025-07-01
2025070103012329,SINDU,1,58,10.0,805.0,8050.0,2025-07-01
2025070103012328,ILBS,62,1,10.0,862.0,8620.0,2025-07-01
2025070105012106,SAHAS,67,21,165.0,589.2,97218.0,2025-07-01
2025070105012105,SAHAS,58,21,335.0,589.8,197583.0,2025-07-01
2025070104024305,BPCL,63,33,200.0,828.3,165660.0,2025-07-01
2025070104024304,BPCL,33,74,1994.0,829.0,1653026.0,2025-07-01
2025070103012327,KSBBL,44,58,100.0,459.3,45930.0,2025-07-01
2025070104024303,RIDI,7,45,127.0,265.0,33655.0,2025-07-01
2025070104024302,RIDI,7,53,50.0,265.0,13250.0,2025-07-01
2025070104024301,RIDI,7,26,10.0,265.0,2650.0,2025-07-01
2025070104024300,RIDI,7,32,30.0,265.0,7950.0,2025-07-01
2025070104024299,RIDI,7,39,130.0,265.0,34450.0,2025-07-01
2025070104024298,RIDI,7,90,1474.0,265.0,390610.0,2025-07-01
2025070104024297,RIDI,7,54,50.0,265.0,13250.0,2025-07-01
2025070104024296,RIDI,7,57,1252.0,264.8,331529.6,2025-07-01
2025070104024295,RIDI,7,58,680.0,264.7,179996.0,2025-07-01
2025070104024294,RIDI,7,42,550.0,263.9,145145.0,2025-07-01
2025070104024293,UNHPL,44,32,97.0,472.1,45793.7,2025-07-01
2025070104024292,UNHPL,4,32,500.0,472.5,236250.0,2025-07-01
2025070104024291,UNHPL,42,32,200.0,472.5,94500.0,2025-07-01
2025070104024290,UNHPL,45,32,20.0,473.0,9460.0,2025-07-01
2025070104024289,UNHPL,8,32,20.0,473.0,9460.0,2025-07-01
2025070104024288,UNHPL,34,32,100.0,474.0,47400.0,2025-07-01
2025070104024287,UNHPL,34,32,200.0,474.0,94800.0,2025-07-01
2025070104024286,UNHPL,63,32,1350.0,474.0,639900.0,2025-07-01
2025070104024285,UNHPL,45,32,100.0,475.0,47500.0,2025-07-01
2025070104024284,UNHPL,42,32,20.0,475.0,9500.0,2025-07-01
2025070104024283,UNHPL,62,32,1000.0,475.0,475000.0,2025-07-01
2025070104024282,UNHPL,6,32,50.0,475.0,23750.0,2025-07-01
2025070104024281,UNHPL,49,32,500.0,475.0,237500.0,2025-07-01
2025070104024280,UNHPL,58,32,86.0,475.0,40850.0,2025-07-01
2025070104024279,UNHPL,6,32,20.0,475.0,9500.0,2025-07-01
2025070104024278,UNHPL,64,32,397.0,475.0,188575.0,2025-07-01
2025070104024277,UNHPL,57,32,340.0,475.0,161500.0,2025-07-01
2025070105012104,NRN,39,81,20.0,2173.0,43460.0,2025-07-01
2025070105012103,NRN,39,37,21.0,2173.0,45633.0,2025-07-01
2025070101020385,TPC,39,46,10.0,438.0,4380.0,2025-07-01
2025070101020384,TPC,39,26,50.0,437.9,21895.0,2025-07-01
2025070101020383,TPC,39,52,20.0,437.8,8756.0,2025-07-01
2025070101020382,NMIC,43,57,10.0,1588.0,15880.0,2025-07-01
2025070105012102,SONA,16,42,889.0,450.1,400138.9,2025-07-01
2025070105012101,SONA,7,42,111.0,450.2,49972.2,2025-07-01
2025070101020381,NIMB,56,55,174.0,213.8,37201.2,2025-07-01
2025070104024276,HURJA,58,56,300.0,256.3,76890.0,2025-07-01
2025070104024275,HURJA,4,56,200.0,256.4,51280.0,2025-07-01
2025070105012100,HATHY,38,46,10.0,1224.0,12240.0,2025-07-01
2025070105012099,GCIL,13,42,50.0,501.9,25095.0,2025-07-01
2025070104024274,NIL,38,33,27.0,684.3,18476.1,2025-07-01
2025070104024273,NIL,45,33,33.0,684.4,22585.2,2025-07-01
2025070105012098,NIFRA,45,50,10.0,275.5,2755.0,2025-07-01
2025070105012097,NIFRA,17,50,297.0,275.5,81823.5,2025-07-01
2025070105012096,NIFRA,44,50,181.0,275.6,49883.6,2025-07-01
2025070105012095,MEL,39,35,508.0,320.6,162864.8,2025-07-01
2025070105012094,MEL,57,35,200.0,320.7,64140.0,2025-07-01
2025070105012093,MEL,13,35,200.0,320.7,64140.0,2025-07-01
2025070105012092,MEL,77,35,200.0,320.7,64140.0,2025-07-01
2025070105012091,MEL,91,35,100.0,320.7,32070.0,2025-07-01
2025070105012090,MEL,28,35,830.0,320.8,266264.0,2025-07-01
2025070105012089,MEL,17,35,50.0,321.0,16050.0,2025-07-01
2025070105012088,MEL,41,35,321.0,321.2,103105.2,2025-07-01
2025070103012326,SINDU,58,21,64.0,806.0,51584.0,2025-07-01
2025070103012325,MERO,63,1,100.0,772.8,77280.0,2025-07-01
2025070101020380,BHL,45,57,15.0,219.8,3297.0,2025-07-01
2025070105012087,CHDC,39,41,30.0,2650.0,79500.0,2025-07-01
2025070104024272,JOSHI,41,43,100.0,341.0,34100.0,2025-07-01
2025070105012086,SMATA,45,42,61.0,842.0,51362.0,2025-07-01
2025070105012085,SMATA,55,42,89.0,842.0,74938.0,2025-07-01
2025070104024271,PMHPL,88,16,200.0,432.0,86400.0,2025-07-01
2025070104024270,NGPL,38,56,141.0,402.0,56682.0,2025-07-01
2025070104024269,NGPL,50,56,10.0,402.0,4020.0,2025-07-01
2025070104024268,NGPL,49,56,49.0,402.0,19698.0,2025-07-01
2025070103012324,CORBL,35,17,10.0,2283.2,22832.0,2025-07-01
2025070101020379,KBL,4,38,10.0,210.1,2101.0,2025-07-01
2025070101020378,KBL,48,38,320.0,210.1,67232.0,2025-07-01
2025070104024267,UNHPL,59,4,260.0,477.0,124020.0,2025-07-01
2025070104024266,UNHPL,59,11,200.0,477.0,95400.0,2025-07-01
2025070103012323,ILBS,34,1,100.0,862.0,86200.0,2025-07-01
2025070101020377,MMKJL,36,58,10.0,562.8,5628.0,2025-07-01
2025070105012084,NRM,32,34,100.0,435.9,43590.0,2025-07-01
2025070101020376,BHL,4,65,20.0,219.7,4394.0,2025-07-01
2025070104024265,AHPC,50,48,271.0,287.7,77966.7,2025-07-01
2025070104024264,AHPC,51,48,29.0,288.0,8352.0,2025-07-01
2025070101020375,OMPL,70,28,10.0,1370.1,13701.0,2025-07-01
2025070104024263,UNHPL,57,13,260.0,475.0,123500.0,2025-07-01
2025070104024262,UNHPL,57,13,140.0,475.0,66500.0,2025-07-01
2025070104024261,UNHPL,13,13,100.0,476.0,47600.0,2025-07-01
2025070104024260,RIDI,95,48,128.0,263.1,33676.8,2025-07-01
2025070104024259,RIDI,13,48,500.0,263.1,131550.0,2025-07-01
2025070104024258,RIDI,13,48,172.0,263.1,45253.2,2025-07-01
2025070104024257,RIDI,17,48,50.0,263.1,13155.0,2025-07-01
2025070104024256,RIDI,21,48,1000.0,263.2,263200.0,2025-07-01
2025070103012322,GMFIL,1,49,11.0,479.0,5269.0,2025-07-01
2025070103012321,NUBL,54,63,10.0,703.9,7039.0,2025-07-01
2025070103012320,NUBL,54,59,40.0,703.9,28156.0,2025-07-01
2025070105012083,PHCL,42,77,10.0,499.4,4994.0,2025-07-01
2025070105012082,CHDC,77,41,345.0,2650.0,914250.0,2025-07-01
2025070105012081,CHDC,77,56,93.0,2650.0,246450.0,2025-07-01
2025070105012080,CHDC,77,87,112.0,2650.0,296800.0,2025-07-01
2025070105012079,CHDC,77,58,50.0,2650.0,132500.0,2025-07-01
2025070105012078,CHDC,77,57,15.0,2650.0,39750.0,2025-07-01
2025070105012077,CHDC,77,48,12.0,2650.0,31800.0,2025-07-01
2025070105012076,CHDC,77,11,12.0,2650.0,31800.0,2025-07-01
2025070105012075,CHDC,77,57,100.0,2650.0,265000.0,2025-07-01
2025070105012074,CHDC,77,39,143.0,2650.0,378950.0,2025-07-01
2025070105012073,CHDC,77,50,90.0,2648.8,238392.0,2025-07-01
2025070105012072,CHDC,77,44,110.0,2648.0,291280.0,2025-07-01
2025070105012071,CHDC,77,44,150.0,2648.0,397200.0,2025-07-01
2025070105012070,CHDC,77,44,150.0,2648.0,397200.0,2025-07-01
2025070105012069,CHDC,77,49,12.0,2648.0,31776.0,2025-07-01
2025070105012068,CHDC,77,48,180.0,2646.9,476442.0,2025-07-01
2025070105012067,CHDC,77,60,100.0,2646.9,264690.0,2025-07-01
2025070105012066,CHDC,77,44,100.0,2646.0,264600.0,2025-07-01
2025070105012065,CHDC,77,54,30.0,2645.0,79350.0,2025-07-01
2025070105012064,CHDC,77,19,100.0,2641.0,264100.0,2025-07-01
2025070105012063,CHDC,77,4,50.0,2640.0,132000.0,2025-07-01
2025070105012062,CHDC,77,43,251.0,2640.0,662640.0,2025-07-01
2025070105012061,CHDC,77,34,278.0,2640.0,733920.0,2025-07-01
2025070105012060,CHDC,77,45,17.0,2638.9,44861.3,2025-07-01
2025070104024255,RADHI,63,6,50.0,808.0,40400.0,2025-07-01
2025070105012059,NRIC,44,45,100.0,1237.5,123750.0,2025-07-01
2025070105012058,NRN,43,37,79.0,2173.0,171667.0,2025-07-01
2025070105012057,NRN,43,29,11.0,2173.0,23903.0,2025-07-01
2025070104024254,PPCL,4,49,50.0,385.0,19250.0,2025-07-01
2025070104024253,PPCL,34,49,1230.0,385.0,473550.0,2025-07-01
2025070104024252,MHNL,32,41,310.0,295.0,91450.0,2025-07-01
2025070104024251,MHNL,10,41,200.0,295.4,59080.0,2025-07-01
2025070104024250,MHNL,17,41,40.0,295.7,11828.0,2025-07-01
2025070103012319,MLBBL,55,1,41.0,1506.0,61746.0,2025-07-01
2025070103012318,CFCL,53,57,500.0,497.0,248500.0,2025-07-01
2025070103012317,ALICL,19,7,20.0,501.9,10038.0,2025-07-01
2025070101020374,MMKJL,33,1,60.0,553.0,33180.0,2025-07-01
2025070101020373,MMKJL,3,1,20.0,553.0,11060.0,2025-07-01
2025070101020372,PURE,41,3,15.0,917.0,13755.0,2025-07-01
2025070101020371,PURE,14,3,85.0,917.0,77945.0,2025-07-01
2025070101020370,PURE,14,29,15.0,917.0,13755.0,2025-07-01
2025070101020369,PURE,45,29,50.0,917.0,45850.0,2025-07-01
2025070101020368,PURE,14,29,220.0,917.2,201784.0,2025-07-01
2025070101020367,PURE,14,29,100.0,917.2,91720.0,2025-07-01
2025070101020366,PURE,14,29,100.0,917.2,91720.0,2025-07-01
2025070101020365,PURE,14,29,95.0,917.2,87134.0,2025-07-01
2025070101020364,PURE,14,29,70.0,917.3,64211.0,2025-07-01
2025070101020363,PURE,14,29,130.0,917.3,119249.0,2025-07-01
2025070101020362,PURE,14,29,10.0,917.3,9173.0,2025-07-01
2025070101020361,BHDC,29,56,27.0,505.2,13640.4,2025-07-01
2025070101020360,BHDC,29,29,200.0,505.0,101000.0,2025-07-01
2025070101020359,BHDC,29,50,300.0,505.0,151500.0,2025-07-01
2025070101020358,BHDC,29,14,10.0,505.0,5050.0,2025-07-01
2025070101020357,BHDC,29,48,200.0,505.0,101000.0,2025-07-01
2025070101020356,BHDC,29,4,113.0,505.0,57065.0,2025-07-01
2025070101020355,BHDC,29,33,150.0,505.0,75750.0,2025-07-01
2025070101020354,BHL,39,57,456.0,219.8,100228.8,2025-07-01
2025070101020353,BHL,39,72,500.0,219.8,109900.0,2025-07-01
2025070101020352,BHL,39,25,44.0,219.8,9671.2,2025-07-01
2025070101020351,NMIC,55,56,25.0,1585.4,39635.0,2025-07-01
2025070101020350,NMIC,70,56,10.0,1586.0,15860.0,2025-07-01
2025070101020349,NMIC,6,56,200.0,1586.0,317200.0,2025-07-01
2025070101020348,NMIC,78,56,15.0,1586.1,23791.5,2025-07-01
2025070104024249,SPDL,22,62,57.0,427.9,24390.3,2025-07-01
2025070103012316,NUBL,22,57,200.0,703.8,140760.0,2025-07-01
2025070104024248,BPCL,34,91,500.0,828.2,414100.0,2025-07-01
2025070104024247,CHCL,55,57,775.0,548.1,424777.5,2025-07-01
2025070104024246,CHCL,57,57,100.0,548.2,54820.0,2025-07-01
2025070101020347,RHGCL,14,58,30.0,386.0,11580.0,2025-07-01
2025070103012315,CFCL,36,57,100.0,497.0,49700.0,2025-07-01
2025070104024245,JOSHI,21,57,108.0,342.8,37022.4,2025-07-01
2025070104024244,JOSHI,21,26,50.0,342.5,17125.0,2025-07-01
2025070104024243,JOSHI,21,54,170.0,342.5,58225.0,2025-07-01
2025070104024242,JOSHI,21,41,50.0,342.0,17100.0,2025-07-01
2025070104024241,JOSHI,21,38,122.0,342.0,41724.0,2025-07-01
2025070101020346,SRLI,33,49,50.0,398.0,19900.0,2025-07-01
2025070104024240,RHPL,58,7,2667.0,375.8,1002258.6,2025-07-01
2025070104024239,RHPL,58,45,190.0,375.8,71402.0,2025-07-01
2025070103012314,CBBL,58,58,10.0,915.0,9150.0,2025-07-01
2025070104024238,NGPL,49,6,331.0,402.0,133062.0,2025-07-01
2025070104024237,NGPL,65,6,500.0,402.1,201050.0,2025-07-01
2025070104024236,NGPL,38,6,169.0,402.1,67954.9,2025-07-01
2025070103012313,ALBSL,58,84,62.0,840.0,52080.0,2025-07-01
2025070103012312,ALBSL,58,35,50.0,840.0,42000.0,2025-07-01
2025070103012311,ALBSL,58,45,15.0,839.0,12585.0,2025-07-01
2025070103012310,ALBSL,58,17,73.0,836.0,61028.0,2025-07-01
2025070104024235,OHL,66,45,260.0,868.4,225784.0,2025-07-01
2025070104024234,SSHL,56,32,10.0,243.7,2437.0,2025-07-01
2025070101020345,KBL,48,49,150.0,210.1,31515.0,2025-07-01
2025070104024233,GLH,56,45,500.0,273.0,136500.0,2025-07-01
2025070101020344,SANIMA,56,1,10.0,333.8,3338.0,2025-07-01
2025070101020343,RFPL,34,56,150.0,581.1,87165.0,2025-07-01
2025070104024232,MEN,17,40,5000.0,611.0,3055000.0,2025-07-01
2025070103012309,ILBS,52,1,32.0,862.0,27584.0,2025-07-01
2025070103012308,WNLB,17,45,25.0,2215.0,55375.0,2025-07-01
2025070103012307,MSLB,7,55,10.0,1259.7,12597.0,2025-07-01
2025070103012306,LICN,5,38,10.0,877.6,8776.0,2025-07-01
2025070104024231,UPPER,45,57,40.0,196.5,7860.0,2025-07-01
2025070104024230,HDHPC,29,39,65.0,200.0,13000.0,2025-07-01
2025070105012056,SMJC,42,21,30.0,531.0,15930.0,2025-07-01
2025070104024229,KKHC,17,42,240.0,392.6,94224.0,2025-07-01
2025070104024228,KKHC,57,42,10.0,392.7,3927.0,2025-07-01
2025070103012305,SAPDBL,92,66,150.0,1115.0,167250.0,2025-07-01
2025070103012304,SAPDBL,92,25,10.0,1113.0,11130.0,2025-07-01
2025070104024227,NGPL,38,14,31.0,402.1,12465.1,2025-07-01
2025070104024226,NGPL,71,14,119.0,402.1,47849.9,2025-07-01
2025070104024225,NGPL,58,14,500.0,402.2,201100.0,2025-07-01
2025070104024224,NGPL,29,14,100.0,402.2,40220.0,2025-07-01
2025070104024223,NGPL,58,14,350.0,402.2,140770.0,2025-07-01
2025070101020342,SBL,96,52,2000.0,328.0,656000.0,2025-07-01
2025070104024222,CHL,32,68,150.0,355.2,53280.0,2025-07-01
2025070104024221,PMHPL,55,95,200.0,431.0,86200.0,2025-07-01
2025070104024220,PMHPL,55,71,25.0,431.0,10775.0,2025-07-01
2025070104024219,PMHPL,55,32,450.0,431.0,193950.0,2025-07-01
2025070104024218,JOSHI,62,38,50.0,342.0,17100.0,2025-07-01
2025070104024217,AKJCL,34,42,40.0,212.6,8504.0,2025-07-01
2025070104024216,AKJCL,34,53,250.0,212.4,53100.0,2025-07-01
2025070101020341,KBSH,34,19,10.0,1904.0,19040.0,2025-07-01
2025070101020340,RFPL,34,60,100.0,582.0,58200.0,2025-07-01
2025070103012303,SAPDBL,21,25,90.0,1114.0,100260.0,2025-07-01
2025070104024215,PMHPL,14,32,150.0,431.0,64650.0,2025-07-01
2025070104024214,NGPL,58,45,150.0,402.9,60435.0,2025-07-01
2025070104024213,NGPL,58,52,50.0,402.5,20125.0,2025-07-01
2025070103012302,SAPDBL,21,6,10.0,1114.0,11140.0,2025-07-01
2025070101020339,PURE,14,37,50.0,917.3,45865.0,2025-07-01
2025070101020338,EBL,19,66,43.0,643.7,27679.1,2025-07-01
2025070101020337,TVCL,32,60,250.0,517.9,129475.0,2025-07-01
2025070101020336,RFPL,50,45,184.0,581.0,106904.0,2025-07-01
2025070101020335,RFPL,21,45,66.0,581.0,38346.0,2025-07-01
2025070105012055,SAHAS,58,39,200.0,589.8,117960.0,2025-07-01
2025070101020334,RFPL,45,60,50.0,582.0,29100.0,2025-07-01
2025070101020333,RFPL,45,57,10.0,581.5,5815.0,2025-07-01
2025070101020332,BHL,45,25,100.0,219.8,21980.0,2025-07-01
2025070105012054,PHCL,16,36,200.0,500.0,100000.0,2025-07-01
2025070104024212,BARUN,92,36,200.0,446.0,89200.0,2025-07-01
2025070104024211,HPPL,61,48,500.0,525.0,262500.0,2025-07-01
2025070101020331,NYADI,87,41,949.0,470.9,446884.1,2025-07-01
2025070101020330,NYADI,63,41,51.0,470.9,24015.9,2025-07-01
2025070101020329,HIDCLP,51,58,400.0,211.6,84640.0,2025-07-01
2025070101020328,HIDCLP,51,17,100.0,211.5,21150.0,2025-07-01
2025070103012301,FMDBL,68,45,50.0,758.0,37900.0,2025-07-01
2025070103012300,FMDBL,68,26,50.0,756.9,37845.0,2025-07-01
2025070101020327,PURE,14,38,10.0,917.3,9173.0,2025-07-01
2025070104024210,AKJCL,54,53,250.0,212.4,53100.0,2025-07-01
2025070105012053,SAHAS,58,10,20.0,589.8,11796.0,2025-07-01
2025070104024209,RURU,58,21,100.0,725.0,72500.0,2025-07-01
2025070104024208,PPCL,34,13,1306.0,385.0,502810.0,2025-07-01
2025070101020326,SMHL,65,48,500.0,970.0,485000.0,2025-07-01
2025070103012299,GMFIL,48,6,500.0,479.4,239700.0,2025-07-01
2025070104024207,HURJA,50,74,10.0,257.0,2570.0,2025-07-01
2025070105012052,NRIC,44,91,50.0,1237.5,61875.0,2025-07-01
2025070104024206,NHPC,44,32,181.0,214.0,38734.0,2025-07-01
2025070104024205,NHPC,22,32,10.0,215.0,2150.0,2025-07-01
2025070104024204,NHPC,32,32,250.0,215.0,53750.0,2025-07-01
2025070104024203,NHPC,46,32,37.0,215.0,7955.0,2025-07-01
2025070104024202,NHPC,29,32,707.0,215.0,152005.0,2025-07-01
2025070104024201,NHPC,34,32,115.0,215.3,24759.5,2025-07-01
2025070103012298,BFC,51,88,50.0,472.0,23600.0,2025-07-01
2025070103012297,CFCL,7,1,50.0,495.1,24755.0,2025-07-01
2025070103012296,CFCL,25,1,10.0,496.0,4960.0,2025-07-01
2025070104024200,CHCL,55,42,100.0,548.1,54810.0,2025-07-01
2025070105012051,MBJC,44,64,564.0,318.8,179803.2,2025-07-01
2025070105012050,MBJC,38,64,100.0,319.4,31940.0,2025-07-01
2025070105012049,MBJC,52,64,136.0,319.4,43438.4,2025-07-01
2025070105012048,MBJC,4,64,200.0,319.5,63900.0,2025-07-01
2025070105012047,NRN,49,68,48.0,2170.0,104160.0,2025-07-01
2025070105012046,NRN,58,68,20.0,2170.0,43400.0,2025-07-01
2025070105012045,NRN,29,68,20.0,2170.0,43400.0,2025-07-01
2025070105012044,NRN,49,68,112.0,2170.0,243040.0,2025-07-01
2025070101020325,EBL,53,34,250.0,644.0,161000.0,2025-07-01
2025070105012043,SAHAS,58,38,65.0,589.8,38337.0,2025-07-01
2025070101020324,NBL,25,11,102.0,259.0,26418.0,2025-07-01
2025070105012042,SAHAS,58,19,10.0,589.8,5898.0,2025-07-01
2025070104024199,LEC,34,91,10.0,215.0,2150.0,2025-07-01
2025070103012295,BFC,34,88,10.0,473.9,4739.0,2025-07-01
2025070105012041,NRN,49,21,200.0,2170.0,434000.0,2025-07-01
2025070105012040,NRN,7,21,200.0,2170.1,434020.0,2025-07-01
2025070103012294,MDB,48,87,30.0,591.0,17730.0,2025-07-01
2025070105012039,SHIVM,47,28,205.0,507.0,103935.0,2025-07-01
2025070105012038,SHIVM,49,28,50.0,507.0,25350.0,2025-07-01
2025070105012037,SHIVM,36,28,104.0,507.0,52728.0,2025-07-01
2025070105012036,SHIVM,45,28,75.0,507.0,38025.0,2025-07-01
2025070105012035,SHIVM,21,28,20.0,507.0,10140.0,2025-07-01
2025070105012034,SHIVM,58,28,10.0,507.0,5070.0,2025-07-01
2025070105012033,SHIVM,25,28,20.0,507.0,10140.0,2025-07-01
2025070105012032,SHIVM,45,28,1650.0,507.0,836550.0,2025-07-01
2025070105012031,SHIVM,58,28,25.0,507.0,12675.0,2025-07-01
2025070105012030,SHIVM,40,28,100.0,507.0,50700.0,2025-07-01
2025070105012029,SHIVM,34,28,10.0,507.0,5070.0,2025-07-01
2025070105012028,SHIVM,39,28,300.0,507.2,152160.0,2025-07-01
2025070105012027,SHIVM,26,28,100.0,507.3,50730.0,2025-07-01
2025070105012026,SHIVM,37,28,65.0,507.4,32981.0,2025-07-01
2025070105012025,SHIVM,48,28,61.0,507.5,30957.5,2025-07-01
2025070105012024,SHIVM,58,28,115.0,507.5,58362.5,2025-07-01
2025070105012023,SHIVM,34,28,100.0,507.6,50760.0,2025-07-01
2025070105012022,SHIVM,43,28,50.0,507.7,25385.0,2025-07-01
2025070105012021,SHIVM,58,28,50.0,507.8,25390.0,2025-07-01
2025070105012020,SHIVM,4,28,66.0,508.0,33528.0,2025-07-01
2025070105012019,SHIVM,14,28,175.0,508.0,88900.0,2025-07-01
2025070105012018,SHIVM,49,28,56.0,508.0,28448.0,2025-07-01
2025070105012017,SHIVM,28,28,230.0,508.0,116840.0,2025-07-01
2025070105012016,SHIVM,4,28,39.0,508.0,19812.0,2025-07-01
2025070105012015,SHIVM,45,28,50.0,508.0,25400.0,2025-07-01
2025070105012014,SHIVM,55,28,30.0,508.0,15240.0,2025-07-01
2025070105012013,SHIVM,34,28,500.0,508.0,254000.0,2025-07-01
2025070105012012,SHIVM,59,28,649.0,508.0,329692.0,2025-07-01
2025070103012293,MDB,48,49,48.0,591.0,28368.0,2025-07-01
2025070105012011,HRL,3,58,10.0,896.0,8960.0,2025-07-01
2025070105012010,SAHAS,58,37,190.0,589.8,112062.0,2025-07-01
2025070103012292,SAPDBL,21,37,50.0,1114.0,55700.0,2025-07-01
2025070104024198,PRIN,58,94,95.0,872.9,82925.5,2025-07-01
2025070104024197,MEN,5,53,10.0,612.0,6120.0,2025-07-01
2025070105012009,HRL,16,58,10.0,896.0,8960.0,2025-07-01
2025070104024196,SHEL,44,57,600.0,293.7,176220.0,2025-07-01
2025070104024195,UNHPL,57,56,360.0,475.0,171000.0,2025-07-01
2025070104024194,UNHPL,52,56,50.0,475.0,23750.0,2025-07-01
2025070104024193,UNHPL,62,56,2885.0,475.0,1370375.0,2025-07-01
2025070104024192,UNHPL,17,56,200.0,475.5,95100.0,2025-07-01
2025070104024191,UNHPL,39,56,349.0,475.5,165949.5,2025-07-01
2025070104024190,UNHPL,21,56,20.0,476.0,9520.0,2025-07-01
2025070104024189,UNHPL,38,56,36.0,476.0,17136.0,2025-07-01
2025070104024188,UNHPL,62,56,100.0,476.2,47620.0,2025-07-01
2025070101020323,PCBL,64,5,270.0,249.0,67230.0,2025-07-01
2025070101020322,PCBL,64,32,50.0,249.0,12450.0,2025-07-01
2025070101020321,PCBL,64,1,200.0,249.0,49800.0,2025-07-01
2025070101020320,PCBL,64,59,330.0,248.9,82137.0,2025-07-01
2025070105012008,SHIVM,26,38,200.0,509.0,101800.0,2025-07-01
2025070105012007,SHIVM,26,41,600.0,509.0,305400.0,2025-07-01
2025070105012006,SHIVM,26,49,200.0,508.5,101700.0,2025-07-01
2025070103012291,HLI,41,41,1.0,390.0,390.0,2025-07-01
2025070103012290,LICN,43,38,56.0,877.6,49145.6,2025-07-01
2025070104024187,MEN,1,53,25.0,612.0,15300.0,2025-07-01
2025070103012289,RLFL,53,34,30.0,460.0,13800.0,2025-07-01
2025070101020319,MKJC,17,34,10.0,520.7,5207.0,2025-07-01
2025070101020318,MKJC,17,34,10.0,520.8,5208.0,2025-07-01
2025070101020317,MKJC,17,34,10.0,520.9,5209.0,2025-07-01
2025070101020316,MKJC,38,34,50.0,521.0,26050.0,2025-07-01
2025070101020315,MKJC,17,34,10.0,521.0,5210.0,2025-07-01
2025070101020314,MKJC,17,34,10.0,521.1,5211.0,2025-07-01
2025070104024186,NGPL,58,21,400.0,402.2,160880.0,2025-07-01
2025070104024185,HDHPC,13,57,135.0,200.2,27027.0,2025-07-01
2025070104024184,HDHPC,13,59,735.0,200.1,147073.5,2025-07-01
2025070104024183,HDHPC,13,43,80.0,200.1,16008.0,2025-07-01
2025070103012288,GRDBL,29,33,107.0,1352.0,144664.0,2025-07-01
2025070103012287,GRDBL,58,33,20.0,1355.0,27100.0,2025-07-01
2025070103012286,GRDBL,17,33,10.0,1355.2,13552.0,2025-07-01
2025070103012285,GRDBL,60,33,100.0,1356.0,135600.0,2025-07-01
2025070103012284,GRDBL,60,33,50.0,1357.0,67850.0,2025-07-01
2025070103012283,GRDBL,41,33,13.0,1358.0,17654.0,2025-07-01
2025070103012282,SAPDBL,3,62,100.0,1115.0,111500.0,2025-07-01
2025070101020313,MBL,49,55,100.0,223.0,22300.0,2025-07-01
2025070105012005,HIDCL,7,8,200.0,298.0,59600.0,2025-07-01
2025070104024182,BPCL,34,58,1000.0,828.2,828200.0,2025-07-01
2025070104024181,JOSHI,41,45,522.0,341.0,178002.0,2025-07-01
2025070104024180,JOSHI,58,45,10.0,341.0,3410.0,2025-07-01
2025070104024179,JOSHI,58,45,17.0,341.1,5798.7,2025-07-01
2025070104024178,JOSHI,45,45,200.0,341.2,68240.0,2025-07-01
2025070104024177,JOSHI,58,45,30.0,341.3,10239.0,2025-07-01
2025070104024176,UPPER,45,45,100.0,196.4,19640.0,2025-07-01
2025070105012004,HRL,16,55,10.0,896.0,8960.0,2025-07-01
2025070103012281,MATRI,60,13,102.0,1174.0,119748.0,2025-07-01
2025070103012280,MATRI,60,34,40.0,1173.0,46920.0,2025-07-01
2025070103012279,MATRI,60,39,43.0,1172.0,50396.0,2025-07-01
2025070103012278,MATRI,60,85,100.0,1170.2,117020.0,2025-07-01
2025070103012277,MATRI,60,39,15.0,1161.2,17418.0,2025-07-01
2025070105012003,NIFRA,52,58,20.0,276.0,5520.0,2025-07-01
2025070103012276,GFCL,41,1,250.0,614.0,153500.0,2025-07-01
2025070101020312,NBL,25,55,195.0,259.0,50505.0,2025-07-01
2025070104024175,CHL,32,19,100.0,355.2,35520.0,2025-07-01
2025070101020311,NESDO,14,48,10.0,1610.0,16100.0,2025-07-01
2025070104024174,MHNL,28,25,60.0,296.0,17760.0,2025-07-01
2025070101020310,DOLTI,44,34,100.0,559.0,55900.0,2025-07-01
2025070101020309,PURE,14,25,10.0,917.3,9173.0,2025-07-01
2025070103012275,WNLB,26,50,10.0,2213.0,22130.0,2025-07-01
2025070105012002,HATHY,35,82,193.0,1229.0,237197.0,2025-07-01
2025070105012001,HATHY,35,35,12.0,1229.0,14748.0,2025-07-01
2025070105012000,HATHY,35,50,20.0,1228.0,24560.0,2025-07-01
2025070105011999,HATHY,35,82,75.0,1224.9,91867.5,2025-07-01
2025070101020308,LSL,6,3,303.0,218.0,66054.0,2025-07-01
2025070104024173,RURU,58,21,320.0,725.0,232000.0,2025-07-01
2025070104024172,RURU,58,45,180.0,725.0,130500.0,2025-07-01
2025070101020307,DORDI,39,60,850.0,332.5,282625.0,2025-07-01
2025070101020306,DORDI,39,71,500.0,332.4,166200.0,2025-07-01
2025070101020305,DORDI,39,55,600.0,332.0,199200.0,2025-07-01
2025070101020304,DORDI,39,11,50.0,332.0,16600.0,2025-07-01
2025070101020303,DORDI,39,22,40.0,331.7,13268.0,2025-07-01
2025070101020302,DORDI,39,56,50.0,331.5,16575.0,2025-07-01
2025070101020301,DORDI,39,52,150.0,331.1,49665.0,2025-07-01
2025070101020300,DORDI,39,28,150.0,331.0,49650.0,2025-07-01
2025070101020299,DORDI,39,36,300.0,331.0,99300.0,2025-07-01
2025070101020298,DORDI,39,28,50.0,331.0,16550.0,2025-07-01
2025070101020297,DORDI,39,61,740.0,331.0,244940.0,2025-07-01
2025070101020296,DORDI,39,36,100.0,330.0,33000.0,2025-07-01
2025070101020295,DORDI,39,32,100.0,330.0,33000.0,2025-07-01
2025070101020294,DORDI,39,59,1000.0,330.0,330000.0,2025-07-01
2025070101020293,DORDI,39,41,290.0,330.0,95700.0,2025-07-01
2025070104024171,AKPL,13,58,500.0,267.5,133750.0,2025-07-01
2025070101020292,DORDI,39,5,30.0,329.8,9894.0,2025-07-01
2025070105011998,CHDC,39,43,11.0,2637.0,29007.0,2025-07-01
2025070101020291,UNLB,32,49,10.0,2200.0,22000.0,2025-07-01
2025070101020290,UNLB,32,57,10.0,2199.0,21990.0,2025-07-01
2025070101020289,UNLB,32,52,10.0,2199.0,21990.0,2025-07-01
2025070101020288,NABIL,4,42,44.0,492.0,21648.0,2025-07-01
2025070105011997,NIFRA,45,58,16.0,276.0,4416.0,2025-07-01
2025070101020287,SGHC,58,64,20.0,396.0,7920.0,2025-07-01
2025070101020286,CREST,55,42,10.0,1355.1,13551.0,2025-07-01
2025070103012274,MERO,39,42,45.0,770.0,34650.0,2025-07-01
2025070104024170,RADHI,26,6,10.0,808.0,8080.0,2025-07-01
2025070103012273,HLI,70,34,12.0,395.0,4740.0,2025-07-01
2025070105011996,NRIC,59,38,100.0,1237.4,123740.0,2025-07-01
2025070105011995,SMATA,55,57,11.0,842.0,9262.0,2025-07-01
2025070105011994,SMATA,48,57,229.0,842.1,192840.9,2025-07-01
2025070101020285,HIDCLP,44,58,20.0,211.6,4232.0,2025-07-01
2025070105011993,SAHAS,67,19,30.0,589.2,17676.0,2025-07-01
2025070105011992,SAHAS,52,19,70.0,589.2,41244.0,2025-07-01
2025070103012272,MDB,57,19,400.0,590.1,236040.0,2025-07-01
2025070103012271,MDB,41,19,100.0,590.2,59020.0,2025-07-01
2025070101020284,MKJC,17,50,50.0,521.6,26080.0,2025-07-01
2025070101020283,GVL,78,54,250.0,479.6,119900.0,2025-07-01
2025070101020282,GVL,78,52,100.0,479.5,47950.0,2025-07-01
2025070101020281,GVL,78,58,100.0,479.0,47900.0,2025-07-01
2025070101020280,GVL,78,38,11.0,478.5,5263.5,2025-07-01
2025070101020279,BHL,4,54,20.0,219.7,4394.0,2025-07-01
2025070101020278,NMIC,55,95,50.0,1586.2,79310.0,2025-07-01
2025070101020277,NMIC,25,95,10.0,1587.0,15870.0,2025-07-01
2025070103012270,SADBL,77,32,3000.0,407.0,1221000.0,2025-07-01
2025070104024169,IGI,64,1,236.0,532.0,125552.0,2025-07-01
2025070103012269,ALBSL,4,17,500.0,836.0,418000.0,2025-07-01
2025070101020276,TPC,48,42,1500.0,435.0,652500.0,2025-07-01
2025070104024168,RIDI,60,42,450.0,263.9,118755.0,2025-07-01
2025070104024167,GLH,17,45,20.0,273.0,5460.0,2025-07-01
2025070105011991,VLUCL,44,38,10.0,590.0,5900.0,2025-07-01
2025070103012268,RLFL,38,57,50.0,460.5,23025.0,2025-07-01
2025070104024166,KKHC,57,42,10.0,392.7,3927.0,2025-07-01
2025070104024165,DHPL,13,45,15.0,325.4,4881.0,2025-07-01
2025070103012267,FMDBL,39,34,10.0,756.4,7564.0,2025-07-01
2025070101020275,DLBS,48,16,10.0,1565.0,15650.0,2025-07-01
2025070105011990,SAHAS,63,42,217.0,589.9,128008.3,2025-07-01
2025070105011989,SAHAS,63,58,190.0,589.9,112081.0,2025-07-01
2025070105011988,SAHAS,63,10,20.0,589.8,11796.0,2025-07-01
2025070105011987,SAHAS,63,69,341.0,589.8,201121.8,2025-07-01
2025070105011986,SAHAS,63,10,232.0,589.4,136740.8,2025-07-01
2025070101020274,MNMF1,43,7,100.0,9.36,936.0,2025-07-01
2025070101020273,MNMF1,43,41,100.0,9.22,922.0,2025-07-01
2025070101020272,NWCL,36,43,30.0,875.0,26250.0,2025-07-01
2025070103012266,GUFL,40,69,80.0,533.0,42640.0,2025-07-01
2025070101020271,SNLI,52,43,10.0,467.0,4670.0,2025-07-01
2025070105011985,HIDCL,19,42,100.0,297.0,29700.0,2025-07-01
2025070105011984,HDL,55,55,20.0,1195.0,23900.0,2025-07-01
2025070105011983,HDL,55,39,25.0,1195.0,29875.0,2025-07-01
2025070105011982,HDL,55,57,17.0,1195.0,20315.0,2025-07-01
2025070104024164,BPCL,34,62,1267.0,828.2,1049329.4,2025-07-01
2025070104024163,BPCL,64,62,233.0,828.2,192970.6,2025-07-01
2025070103012265,SWBBL,55,13,50.0,831.0,41550.0,2025-07-01
2025070103012264,SWBBL,57,13,50.0,831.0,41550.0,2025-07-01
2025070105011981,HRL,14,42,1.0,896.0,896.0,2025-07-01
2025070105011980,HRL,14,34,149.0,896.0,133504.0,2025-07-01
2025070105011979,HRL,49,34,30.0,896.0,26880.0,2025-07-01
2025070105011978,HRL,45,34,80.0,896.0,71680.0,2025-07-01
2025070105011977,HRL,48,34,241.0,896.0,215936.0,2025-07-01
2025070104024162,HPPL,49,48,500.0,525.0,262500.0,2025-07-01
2025070104024161,HPPL,17,48,190.0,525.5,99845.0,2025-07-01
2025070104024160,HPPL,45,48,141.0,526.0,74166.0,2025-07-01
2025070104024159,HPPL,29,48,500.0,527.0,263500.0,2025-07-01
2025070101020270,MKHC,58,48,30.0,440.0,13200.0,2025-07-01
2025070103012263,MATRI,57,39,30.0,1161.2,34836.0,2025-07-01
2025070105011976,VLUCL,58,33,50.0,592.0,29600.0,2025-07-01
2025070103012262,MSLB,45,55,111.0,1259.7,139826.7,2025-07-01
2025070103012261,MSLB,45,55,142.0,1259.7,178877.4,2025-07-01
2025070103012260,MSLB,45,91,10.0,1259.7,12597.0,2025-07-01
2025070103012259,MSLB,45,34,50.0,1259.1,62955.0,2025-07-01
2025070103012258,MSLB,45,4,37.0,1259.0,46583.0,2025-07-01
2025070103012257,MSLB,45,59,10.0,1259.0,12590.0,2025-07-01
2025070103012256,MSLB,45,11,10.0,1256.0,12560.0,2025-07-01
2025070103012255,MSLB,45,4,10.0,1249.0,12490.0,2025-07-01
2025070103012254,MSLB,45,45,100.0,1248.0,124800.0,2025-07-01
2025070103012253,MSLB,45,6,20.0,1245.0,24900.0,2025-07-01
2025070104024158,IGI,64,4,474.0,532.0,252168.0,2025-07-01
2025070101020269,NABIL,56,42,340.0,492.0,167280.0,2025-07-01
2025070101020268,SPC,68,14,11.0,520.0,5720.0,2025-07-01
2025070103012252,PFL,42,34,50.0,403.5,20175.0,2025-07-01
2025070103012251,PFL,42,34,150.0,403.0,60450.0,2025-07-01
2025070105011975,SAHAS,42,10,10.0,589.4,5894.0,2025-07-01
2025070101020267,HHL,13,17,50.0,393.0,19650.0,2025-07-01
2025070101020266,HHL,72,17,50.0,393.0,19650.0,2025-07-01
2025070101020265,MLBS,38,45,60.0,1680.0,100800.0,2025-07-01
2025070101020264,MLBS,38,47,30.0,1680.0,50400.0,2025-07-01
2025070105011974,NRN,49,53,50.0,2170.0,108500.0,2025-07-01
2025070103012250,NADEP,38,39,50.0,864.9,43245.0,2025-07-01
2025070103012249,NADEP,38,6,40.0,864.9,34596.0,2025-07-01
2025070103012248,NADEP,38,39,100.0,864.5,86450.0,2025-07-01
2025070103012247,NADEP,38,48,10.0,864.0,8640.0,2025-07-01
2025070105011973,SHIVM,34,41,200.0,509.0,101800.0,2025-07-01
2025070105011972,SHIVM,34,42,300.0,508.8,152640.0,2025-07-01
2025070101020263,BHDC,56,33,350.0,505.0,176750.0,2025-07-01
2025070104024157,UPCL,71,54,50.0,418.0,20900.0,2025-07-01
2025070104024156,UPCL,71,43,483.0,418.0,201894.0,2025-07-01
2025070101020262,TPC,1,52,10.0,437.8,4378.0,2025-07-01
2025070103012246,BFC,51,1,50.0,472.0,23600.0,2025-07-01
2025070105011971,NRIC,59,45,100.0,1237.4,123740.0,2025-07-01
2025070103012245,SHINE,45,1,100.0,401.9,40190.0,2025-07-01
2025070103012244,FOWAD,40,38,11.0,1132.0,12452.0,2025-07-01
2025070103012243,FOWAD,40,58,10.0,1132.0,11320.0,2025-07-01
2025070103012242,FOWAD,40,42,141.0,1132.0,159612.0,2025-07-01
2025070103012241,FOWAD,40,34,56.0,1132.0,63392.0,2025-07-01
2025070103012240,FOWAD,40,35,50.0,1131.9,56595.0,2025-07-01
2025070103012239,FOWAD,40,55,215.0,1131.0,243165.0,2025-07-01
2025070103012238,FOWAD,40,26,10.0,1130.9,11309.0,2025-07-01
2025070105011970,NRN,56,29,89.0,2173.0,193397.0,2025-07-01
2025070105011969,NRN,56,55,11.0,2172.0,23892.0,2025-07-01
2025070105011968,NRN,56,97,50.0,2172.0,108600.0,2025-07-01
2025070104024155,SPDL,91,62,100.0,427.9,42790.0,2025-07-01
2025070105011967,LUK,41,26,800.0,10.15,8120.0,2025-07-01
2025070105011966,LUK,41,37,9200.0,10.14,93288.0,2025-07-01
2025070104024154,GHL,11,11,97.0,250.0,24250.0,2025-07-01
2025070104024153,GHL,42,11,300.0,250.1,75030.0,2025-07-01
2025070104024152,GHL,49,11,20.0,250.1,5002.0,2025-07-01
2025070104024151,GHL,49,11,500.0,250.1,125050.0,2025-07-01
2025070104024150,GHL,55,11,150.0,250.2,37530.0,2025-07-01
2025070104024149,GHL,6,11,1000.0,250.5,250500.0,2025-07-01
2025070104024148,GHL,34,11,200.0,250.5,50100.0,2025-07-01
2025070104024147,GHL,44,11,223.0,250.6,55883.8,2025-07-01
2025070104024146,GHL,49,11,10.0,250.7,2507.0,2025-07-01
2025070103012237,RSDC,34,34,10.0,674.0,6740.0,2025-07-01
2025070101020261,MCHL,34,25,50.0,541.0,27050.0,2025-07-01
2025070103012236,PROFL,35,6,33.0,478.5,15790.5,2025-07-01
2025070103012235,MERO,39,35,70.0,770.0,53900.0,2025-07-01
2025070104024145,GHL,49,7,10.0,250.7,2507.0,2025-07-01
2025070104024144,SPDL,65,58,500.0,427.0,213500.0,2025-07-01
2025070104024143,SPDL,18,58,500.0,427.2,213600.0,2025-07-01
2025070103012234,CORBL,71,22,20.0,2283.2,45664.0,2025-07-01
2025070103012233,CBBL,43,65,300.0,915.5,274650.0,2025-07-01
2025070101020260,IHL,4,42,30.0,569.7,17091.0,2025-07-01
2025070103012232,SADBL,77,45,52.0,407.0,21164.0,2025-07-01
2025070101020259,PURE,14,26,50.0,917.3,45865.0,2025-07-01
2025070101020258,PURE,57,26,10.0,917.4,9174.0,2025-07-01
2025070101020257,HHL,41,38,10.0,393.3,3933.0,2025-07-01
2025070101020256,GMLI,55,82,100.0,2187.0,218700.0,2025-07-01
2025070101020255,KBL,48,17,30.0,210.1,6303.0,2025-07-01
2025070105011965,SLCF,47,49,500.0,10.05,5025.0,2025-07-01
2025070103012231,SFCL,52,58,22.0,470.0,10340.0,2025-07-01
2025070104024142,NHPC,34,57,80.0,215.3,17224.0,2025-07-01
2025070105011964,SAHAS,52,13,100.0,589.2,58920.0,2025-07-01
2025070103012230,SAPDBL,21,66,150.0,1114.0,167100.0,2025-07-01
2025070103012229,SAPDBL,21,57,100.0,1114.0,111400.0,2025-07-01
2025070101020254,NBL,49,33,15.0,259.3,3889.5,2025-07-01
2025070101020253,NBL,49,35,100.0,259.2,25920.0,2025-07-01
2025070101020252,PRVU,22,50,10.0,207.9,2079.0,2025-07-01
2025070101020251,PRVU,22,58,30.0,207.7,6231.0,2025-07-01
2025070101020250,GVL,22,49,100.0,477.5,47750.0,2025-07-01
2025070101020249,RHGCL,39,58,100.0,386.0,38600.0,2025-07-01
2025070104024141,SHPC,82,80,150.0,610.3,91545.0,2025-07-01
2025070104024140,SHPC,53,80,30.0,610.5,18315.0,2025-07-01
2025070104024139,SHPC,42,80,80.0,611.0,48880.0,2025-07-01
2025070104024138,SHPC,53,80,30.0,611.0,18330.0,2025-07-01
2025070104024137,SHPC,53,80,10.0,611.0,6110.0,2025-07-01
2025070101020248,PURE,16,42,10.0,917.5,9175.0,2025-07-01
2025070103012228,JBBL,46,45,100.0,327.0,32700.0,2025-07-01
2025070101020247,MKHC,91,4,20.0,441.0,8820.0,2025-07-01
2025070104024136,AKJCL,28,42,10.0,212.6,2126.0,2025-07-01
2025070104024135,TRH,41,36,50.0,918.0,45900.0,2025-07-01
2025070105011963,NMB50,47,55,1850.0,10.54,19499.0,2025-07-01
2025070101020246,NBL,25,38,450.0,259.0,116550.0,2025-07-01
2025070104024134,AKJCL,65,57,50.0,212.7,10635.0,2025-07-01
2025070103012227,KSBBL,44,58,200.0,459.3,91860.0,2025-07-01
2025070103012226,SAPDBL,37,57,100.0,1114.0,111400.0,2025-07-01
2025070104024133,PMHPL,88,32,100.0,431.0,43100.0,2025-07-01
2025070104024132,PMHPL,88,38,100.0,431.0,43100.0,2025-07-01
2025070101020245,SMHL,65,54,400.0,970.0,388000.0,2025-07-01
2025070104024131,SHEL,99,43,100.0,293.0,29300.0,2025-07-01
2025070101020244,BHL,4,54,20.0,219.7,4394.0,2025-07-01
2025070101020243,BHL,4,58,225.0,219.7,49432.5,2025-07-01
2025070101020242,NICA,46,62,20.0,346.0,6920.0,2025-07-01
2025070101020241,MMKJL,3,45,180.0,553.0,99540.0,2025-07-01
2025070101020240,MMKJL,21,45,10.0,553.1,5531.0,2025-07-01
2025070101020239,MMKJL,21,45,10.0,553.3,5533.0,2025-07-01
2025070101020238,PURE,42,70,45.0,917.4,41283.0,2025-07-01
2025070105011962,SHIVM,59,26,308.0,508.0,156464.0,2025-07-01
2025070105011961,SHIVM,34,26,59.0,508.1,29977.9,2025-07-01
2025070105011960,SHIVM,11,26,40.0,508.1,20324.0,2025-07-01
2025070105011959,SHIVM,40,26,190.0,508.2,96558.0,2025-07-01
2025070104024130,AHPC,51,21,710.0,288.0,204480.0,2025-07-01
2025070104024129,AHPC,51,45,261.0,287.7,75089.7,2025-07-01
2025070104024128,DHPL,58,45,10.0,325.4,3254.0,2025-07-01
2025070101020237,TAMOR,25,42,40.0,520.0,20800.0,2025-07-01
2025070104024127,NGPL,71,57,287.0,402.1,115402.7,2025-07-01
2025070101020236,NMIC,57,57,10.0,1588.0,15880.0,2025-07-01
2025070101020235,NMIC,19,57,20.0,1588.0,31760.0,2025-07-01
2025070101020234,NMIC,47,57,40.0,1588.0,63520.0,2025-07-01
2025070101020233,NMIC,17,57,30.0,1588.1,47643.0,2025-07-01
2025070101020232,NIMB,33,1,270.0,213.5,57645.0,2025-07-01
2025070101020231,SPC,34,14,21.0,520.0,10920.0,2025-07-01
2025070103012225,MNBBL,25,17,200.0,360.0,72000.0,2025-07-01
2025070103012224,MNBBL,25,28,20.0,360.0,7200.0,2025-07-01
2025070103012223,MNBBL,25,53,1000.0,360.0,360000.0,2025-07-01
2025070103012222,MNBBL,25,13,27.0,360.0,9720.0,2025-07-01
2025070103012221,MNBBL,25,5,150.0,360.0,54000.0,2025-07-01
2025070103012220,MNBBL,25,1,139.0,360.0,50040.0,2025-07-01
2025070103012219,MNBBL,25,26,325.0,360.0,117000.0,2025-07-01
2025070103012218,MNBBL,25,25,55.0,360.0,19800.0,2025-07-01
2025070103012217,MNBBL,25,41,110.0,360.0,39600.0,2025-07-01
2025070103012216,MNBBL,25,4,373.0,360.0,134280.0,2025-07-01
2025070103012215,MNBBL,25,55,300.0,360.0,108000.0,2025-07-01
2025070103012214,MNBBL,25,50,100.0,359.9,35990.0,2025-07-01
2025070103012213,MNBBL,25,45,100.0,359.7,35970.0,2025-07-01
2025070103012212,MNBBL,25,29,25.0,359.5,8987.5,2025-07-01
2025070103012211,MNBBL,25,44,500.0,359.5,179750.0,2025-07-01
2025070103012210,MNBBL,25,45,24.0,359.5,8628.0,2025-07-01
2025070103012209,MNBBL,25,17,80.0,359.4,28752.0,2025-07-01
2025070103012208,PROFL,48,6,345.0,478.5,165082.5,2025-07-01
2025070104024126,SHEL,99,35,500.0,293.0,146500.0,2025-07-01
2025070101020230,OMPL,19,14,20.0,1370.1,27402.0,2025-07-01
2025070105011958,SAHAS,58,58,10.0,589.3,5893.0,2025-07-01
2025070104024125,RURU,58,44,184.0,720.0,132480.0,2025-07-01
