transaction,symbol,buyer,seller,quantity,rate,amount,date
2024051201021440,SMHL,60,75,10.0,429.0,4290.0,2024-05-12
2024051201021439,SMHL,60,7,16.0,429.0,6864.0,2024-05-12
2024051203014822,GUFL,22,34,100.0,713.0,71300.0,2024-05-12
2024051203014821,NICLBSL,14,42,10.0,639.8,6398.0,2024-05-12
2024051203014820,NICLBSL,14,26,170.0,639.7,108749.0,2024-05-12
2024051203014819,NABBC,25,33,52.0,455.0,23660.0,2024-05-12
2024051203014818,NABBC,45,33,10.0,455.1,4551.0,2024-05-12
2024051203014817,NABBC,56,33,10.0,463.1,4631.0,2024-05-12
2024051203014816,NABBC,56,33,28.0,470.0,13160.0,2024-05-12
2024051203014815,SADBL,42,33,180.0,318.1,57258.0,2024-05-12
2024051203014814,SADBL,22,33,200.0,318.1,63620.0,2024-05-12
2024051203014813,SADBL,38,33,500.0,318.1,159050.0,2024-05-12
2024051203014812,SADBL,58,33,20.0,318.1,6362.0,2024-05-12
2024051203014811,SADBL,34,33,100.0,318.5,31850.0,2024-05-12
2024051203014810,RLFL,41,42,10.0,388.0,3880.0,2024-05-12
2024051204009356,CHCL,33,48,50.0,432.0,21600.0,2024-05-12
2024051204009355,UPPER,20,42,10.0,162.5,1625.0,2024-05-12
2024051203014809,NFS,47,34,500.0,532.0,266000.0,2024-05-12
2024051204009354,BARUN,44,50,10.0,219.0,2190.0,2024-05-12
2024051203014808,RSDC,67,25,70.0,724.9,50743.0,2024-05-12
2024051203014807,RSDC,67,42,40.0,724.9,28996.0,2024-05-12
2024051203014806,RSDC,67,81,490.0,724.9,355201.0,2024-05-12
2024051203014805,RSDC,67,1,200.0,724.0,144800.0,2024-05-12
2024051203014804,RSDC,67,37,150.0,723.0,108450.0,2024-05-12
2024051203014803,RSDC,67,48,50.0,720.4,36020.0,2024-05-12
2024051203014802,USLB,7,14,10.0,2163.4,21634.0,2024-05-12
2024051203014801,PMLI,7,46,47.0,507.0,23829.0,2024-05-12
2024051203014800,PMLI,7,39,100.0,506.9,50690.0,2024-05-12
2024051203014799,PMLI,7,38,10.0,506.9,5069.0,2024-05-12
2024051203014798,PMLI,7,90,30.0,506.5,15195.0,2024-05-12
2024051203014797,PMLI,7,58,313.0,506.4,158503.2,2024-05-12
2024051203014796,PMLI,7,21,10.0,506.0,5060.0,2024-05-12
2024051203014795,PMLI,7,10,20.0,506.0,10120.0,2024-05-12
2024051203014794,PMLI,7,58,10.0,506.0,5060.0,2024-05-12
2024051203014793,PMLI,7,29,100.0,505.0,50500.0,2024-05-12
2024051203014792,PMLI,7,35,250.0,505.0,126250.0,2024-05-12
2024051203014791,PMLI,7,39,100.0,504.5,50450.0,2024-05-12
2024051203014790,PMLI,7,48,10.0,503.9,5039.0,2024-05-12
2024051201021438,SBI,26,45,10.0,271.4,2714.0,2024-05-12
2024051203014789,NABBC,56,58,72.0,470.0,33840.0,2024-05-12
2024051201021437,HBL,58,63,328.0,173.0,56744.0,2024-05-12
2024051201021436,KBSH,28,34,10.0,1019.0,10190.0,2024-05-12
2024051201021435,KBSH,28,42,10.0,1015.0,10150.0,2024-05-12
2024051203014788,FMDBL,43,57,40.0,654.9,26196.0,2024-05-12
2024051203014787,JFL,49,28,10.0,511.0,5110.0,2024-05-12
2024051201021434,HATHY,32,29,43.0,816.1,35092.3,2024-05-12
2024051201021433,HATHY,54,29,100.0,816.2,81620.0,2024-05-12
2024051201021432,HATHY,45,29,37.0,816.2,30199.4,2024-05-12
2024051203014786,PFL,48,52,450.0,656.0,295200.0,2024-05-12
2024051204009353,SGIC,52,58,10.0,541.0,5410.0,2024-05-12
2024051204009352,SGIC,52,4,159.0,541.0,86019.0,2024-05-12
2024051204009351,UPPER,14,85,78.0,162.2,12651.6,2024-05-12
2024051203014785,RLFL,42,52,98.0,390.0,38220.0,2024-05-12
2024051203014784,RLFL,42,4,100.0,390.0,39000.0,2024-05-12
2024051203014783,RLFL,42,57,450.0,390.0,175500.0,2024-05-12
2024051203014782,RLFL,42,58,113.0,390.0,44070.0,2024-05-12
2024051203014781,RLFL,42,58,255.0,389.0,99195.0,2024-05-12
2024051203014780,RLFL,42,11,280.0,388.8,108864.0,2024-05-12
2024051203014779,RLFL,42,45,1000.0,388.0,388000.0,2024-05-12
2024051203014778,RLFL,42,25,100.0,387.9,38790.0,2024-05-12
2024051203014777,RLFL,42,45,364.0,387.0,140868.0,2024-05-12
2024051203014776,RLFL,42,49,40.0,386.5,15460.0,2024-05-12
2024051203014775,RLFL,42,45,100.0,385.4,38540.0,2024-05-12
2024051203014774,RLFL,42,65,100.0,385.3,38530.0,2024-05-12
2024051201021431,PPL,50,18,10.0,514.0,5140.0,2024-05-12
2024051203014773,NFS,50,34,10.0,532.0,5320.0,2024-05-12
2024051201021430,KBL,48,38,10.0,132.2,1322.0,2024-05-12
2024051205004146,SMATA,41,80,100.0,920.0,92000.0,2024-05-12
2024051203014772,PFL,71,58,10.0,659.0,6590.0,2024-05-12
2024051203014771,GILB,59,62,10.0,1123.0,11230.0,2024-05-12
2024051201021429,VLUCL,22,34,20.0,454.0,9080.0,2024-05-12
2024051204009350,CGH,34,33,10.0,794.5,7945.0,2024-05-12
2024051201021428,MKHL,21,59,10.0,417.8,4178.0,2024-05-12
2024051203014770,SHINE,16,63,10.0,392.5,3925.0,2024-05-12
2024051201021427,RHGCL,69,16,100.0,347.0,34700.0,2024-05-12
2024051203014769,SFCL,13,53,20.0,344.0,6880.0,2024-05-12
2024051201021426,SPL,22,54,80.0,640.1,51208.0,2024-05-12
2024051203014768,PROFL,88,6,170.0,341.0,57970.0,2024-05-12
2024051203014767,PROFL,88,17,130.0,340.0,44200.0,2024-05-12
2024051201021425,IHL,88,5,10.0,379.9,3799.0,2024-05-12
2024051204009349,NHPC,4,49,95.0,144.0,13680.0,2024-05-12
2024051204009348,NHPC,4,44,155.0,143.1,22180.5,2024-05-12
2024051203014766,KSBBL,4,57,222.0,378.0,83916.0,2024-05-12
2024051203014765,KSBBL,4,43,500.0,377.8,188900.0,2024-05-12
2024051203014764,KSBBL,4,14,220.0,377.6,83072.0,2024-05-12
2024051203014763,KSBBL,4,59,58.0,377.5,21895.0,2024-05-12
2024051203014762,GUFL,22,36,40.0,713.0,28520.0,2024-05-12
2024051203014761,PFL,48,33,50.0,656.0,32800.0,2024-05-12
2024051205004145,HRL,41,57,31.0,567.0,17577.0,2024-05-12
2024051205004144,HRL,41,55,156.0,567.0,88452.0,2024-05-12
2024051205004143,HRL,41,55,305.0,567.0,172935.0,2024-05-12
2024051203014760,MLBL,42,33,511.0,330.3,168783.3,2024-05-12
2024051203014759,MLBL,45,33,100.0,330.4,33040.0,2024-05-12
2024051203014758,MLBL,3,33,154.0,330.4,50881.6,2024-05-12
2024051201021424,GCIL,35,33,10.0,484.0,4840.0,2024-05-12
2024051203014757,GBLBS,35,52,50.0,773.0,38650.0,2024-05-12
2024051201021423,BHPL,35,16,10.0,548.0,5480.0,2024-05-12
2024051203014756,ALICL,44,44,99.0,563.0,55737.0,2024-05-12
2024051203014755,ALICL,44,33,50.0,560.0,28000.0,2024-05-12
2024051203014754,ALICL,44,25,50.0,560.0,28000.0,2024-05-12
2024051203014753,ALICL,44,35,1000.0,560.0,560000.0,2024-05-12
2024051203014752,ALICL,44,34,13.0,560.0,7280.0,2024-05-12
2024051203014751,ALICL,44,28,376.0,559.9,210522.4,2024-05-12
2024051203014750,ALICL,44,65,12.0,559.0,6708.0,2024-05-12
2024051203014749,SWBBL,44,36,10.0,763.0,7630.0,2024-05-12
2024051203014748,SHINE,7,63,10.0,392.5,3925.0,2024-05-12
2024051203014747,DDBL,8,45,193.0,695.0,134135.0,2024-05-12
2024051203014746,SIFC,45,53,20.0,426.0,8520.0,2024-05-12
2024051203014745,SIFC,45,22,80.0,425.0,34000.0,2024-05-12
2024051203014744,ILBS,45,62,200.0,1365.0,273000.0,2024-05-12
2024051204009347,CGH,49,19,30.0,790.2,23706.0,2024-05-12
2024051204009346,CGH,62,19,10.0,790.3,7903.0,2024-05-12
2024051201021422,MEHL,43,42,21.0,305.0,6405.0,2024-05-12
2024051201021421,MAKAR,38,19,10.0,357.0,3570.0,2024-05-12
2024051204009345,RURU,38,42,100.0,503.5,50350.0,2024-05-12
2024051204009344,NICL,38,26,50.0,842.0,42100.0,2024-05-12
2024051201021420,VLUCL,42,6,10.0,456.6,4566.0,2024-05-12
2024051203014743,MDB,68,25,51.0,464.0,23664.0,2024-05-12
2024051203014742,RLFL,4,59,300.0,385.2,115560.0,2024-05-12
2024051201021419,SARBTM,38,32,25.0,772.1,19302.5,2024-05-12
2024051201021418,MKHL,53,59,90.0,417.8,37602.0,2024-05-12
2024051201021417,MKHL,53,57,10.0,414.0,4140.0,2024-05-12
2024051201021416,MKHL,53,62,50.0,414.0,20700.0,2024-05-12
2024051201021415,MKHL,53,58,50.0,413.9,20695.0,2024-05-12
2024051204009343,HEI,57,41,14.0,606.9,8496.6,2024-05-12
2024051201021414,SBL,50,36,40.0,223.0,8920.0,2024-05-12
2024051201021413,SBL,50,6,60.0,223.0,13380.0,2024-05-12
2024051201021412,MKLB,37,13,10.0,999.9,9999.0,2024-05-12
2024051201021411,SHIVM,56,44,10.0,499.4,4994.0,2024-05-12
2024051203014741,SWMF,22,33,10.0,795.9,7959.0,2024-05-12
2024051201021410,MKHC,42,22,90.0,306.9,27621.0,2024-05-12
2024051201021409,MKHC,5,22,10.0,306.9,3069.0,2024-05-12
2024051201021408,RFPL,84,82,140.0,338.0,47320.0,2024-05-12
2024051201021407,RFPL,84,39,200.0,337.0,67400.0,2024-05-12
2024051201021406,RFPL,84,82,300.0,337.0,101100.0,2024-05-12
2024051201021405,RFPL,84,57,100.0,336.0,33600.0,2024-05-12
2024051201021404,RFPL,84,84,250.0,336.0,84000.0,2024-05-12
2024051201021403,RFPL,84,7,10.0,335.0,3350.0,2024-05-12
2024051201021402,PCBL,39,1,240.0,193.0,46320.0,2024-05-12
2024051201021401,PCBL,39,35,178.0,193.0,34354.0,2024-05-12
2024051201021400,PCBL,39,21,82.0,192.0,15744.0,2024-05-12
2024051204009342,SHL,6,39,150.0,444.0,66600.0,2024-05-12
2024051201021399,SANIMA,57,60,285.0,235.1,67003.5,2024-05-12
2024051201021398,SANIMA,56,60,150.0,235.2,35280.0,2024-05-12
2024051203014740,NFS,60,34,10.0,532.0,5320.0,2024-05-12
2024051204009341,SPDL,60,71,821.0,232.7,191046.7,2024-05-12
2024051204009340,SPDL,60,57,1000.0,232.5,232500.0,2024-05-12
2024051204009339,SPDL,60,54,450.0,232.0,104400.0,2024-05-12
2024051204009338,SPDL,60,74,160.0,231.9,37104.0,2024-05-12
2024051204009337,SPDL,60,53,500.0,231.0,115500.0,2024-05-12
2024051204009336,SPDL,60,5,1000.0,230.0,230000.0,2024-05-12
2024051204009335,SPDL,60,49,69.0,230.0,15870.0,2024-05-12
2024051203014739,RLFL,4,62,1491.0,385.2,574333.2,2024-05-12
2024051203014738,RLFL,50,62,1809.0,385.3,697007.7,2024-05-12
2024051204009334,SHL,6,21,132.0,444.0,58608.0,2024-05-12
2024051204009333,SHL,47,21,108.0,444.1,47962.8,2024-05-12
2024051205004142,CIT,21,38,50.0,2074.0,103700.0,2024-05-12
2024051205004141,CIT,21,16,25.0,2074.0,51850.0,2024-05-12
2024051203014737,GILB,34,6,83.0,1149.0,95367.0,2024-05-12
2024051203014736,GILB,34,42,100.0,1148.0,114800.0,2024-05-12
2024051203014735,GILB,34,25,62.0,1148.0,71176.0,2024-05-12
2024051203014734,GILB,34,36,100.0,1147.5,114750.0,2024-05-12
2024051203014733,GILB,34,17,100.0,1147.0,114700.0,2024-05-12
2024051203014732,GILB,34,58,50.0,1146.0,57300.0,2024-05-12
2024051203014731,GILB,34,46,32.0,1146.0,36672.0,2024-05-12
2024051203014730,GILB,34,33,17.0,1145.0,19465.0,2024-05-12
2024051203014729,GILB,34,64,500.0,1145.0,572500.0,2024-05-12
2024051203014728,GILB,34,35,17.0,1145.0,19465.0,2024-05-12
2024051203014727,GILB,34,41,50.0,1145.0,57250.0,2024-05-12
2024051203014726,GILB,34,13,30.0,1140.0,34200.0,2024-05-12
2024051203014725,GILB,34,58,20.0,1140.0,22800.0,2024-05-12
2024051203014724,GILB,34,44,100.0,1139.0,113900.0,2024-05-12
2024051203014723,GILB,34,18,30.0,1138.9,34167.0,2024-05-12
2024051203014722,GILB,34,42,200.0,1135.0,227000.0,2024-05-12
2024051203014721,GILB,34,28,100.0,1131.9,113190.0,2024-05-12
2024051203014720,GILB,34,58,148.0,1131.7,167491.6,2024-05-12
2024051203014719,GILB,34,19,261.0,1131.0,295191.0,2024-05-12
2024051204009332,SHL,34,58,950.0,445.0,422750.0,2024-05-12
2024051203014718,GMFIL,34,65,243.0,406.8,98852.4,2024-05-12
2024051201021397,MHCL,6,14,144.0,358.0,51552.0,2024-05-12
2024051204009331,JOSHI,14,45,10.0,312.0,3120.0,2024-05-12
2024051203014717,GMFBS,16,57,20.0,1159.0,23180.0,2024-05-12
2024051203014716,GLBSL,74,55,23.0,2004.0,46092.0,2024-05-12
2024051203014715,GLBSL,74,6,77.0,2004.0,154308.0,2024-05-12
2024051205004140,CHDC,51,5,200.0,693.0,138600.0,2024-05-12
2024051205004139,CHDC,16,5,100.0,693.2,69320.0,2024-05-12
2024051205004138,CHDC,62,5,10.0,693.2,6932.0,2024-05-12
2024051201021396,RHGCL,69,18,500.0,347.0,173500.0,2024-05-12
2024051201021395,RHGCL,69,21,500.0,347.0,173500.0,2024-05-12
2024051201021394,RHGCL,69,69,100.0,346.9,34690.0,2024-05-12
2024051201021393,RHGCL,69,42,500.0,346.9,173450.0,2024-05-12
2024051201021392,RHGCL,69,26,100.0,346.0,34600.0,2024-05-12
2024051201021391,RHGCL,69,21,350.0,346.0,121100.0,2024-05-12
2024051201021390,RHGCL,69,53,40.0,346.0,13840.0,2024-05-12
2024051201021389,RHGCL,69,35,10.0,346.0,3460.0,2024-05-12
2024051201021388,RHGCL,69,69,100.0,345.9,34590.0,2024-05-12
2024051201021387,RHGCL,69,51,90.0,345.9,31131.0,2024-05-12
2024051201021386,SMJC,63,45,40.0,349.0,13960.0,2024-05-12
2024051203014714,NMFBS,81,5,46.0,1250.0,57500.0,2024-05-12
2024051203014713,NMFBS,81,6,380.0,1250.0,475000.0,2024-05-12
2024051203014712,NMFBS,81,20,300.0,1250.0,375000.0,2024-05-12
2024051203014711,NMFBS,81,20,10.0,1250.0,12500.0,2024-05-12
2024051203014710,NMFBS,81,41,100.0,1249.0,124900.0,2024-05-12
2024051203014709,NMFBS,81,43,105.0,1249.0,131145.0,2024-05-12
2024051203014708,NMFBS,81,43,19.0,1248.9,23729.1,2024-05-12
2024051203014707,NMFBS,81,81,40.0,1244.0,49760.0,2024-05-12
2024051203014706,NFS,88,34,50.0,532.0,26600.0,2024-05-12
2024051201021385,RAWA,36,49,10.0,474.0,4740.0,2024-05-12
2024051201021384,RAWA,36,58,10.0,470.0,4700.0,2024-05-12
2024051203014705,NADEP,64,44,30.0,763.8,22914.0,2024-05-12
2024051203014704,NADEP,64,11,30.0,763.0,22890.0,2024-05-12
2024051203014703,NADEP,64,57,30.0,760.0,22800.0,2024-05-12
2024051203014702,NADEP,64,34,50.0,759.4,37970.0,2024-05-12
2024051203014701,NADEP,64,35,20.0,758.0,15160.0,2024-05-12
2024051203014700,NADEP,64,42,140.0,757.0,105980.0,2024-05-12
2024051203014699,NADEP,64,26,50.0,755.0,37750.0,2024-05-12
2024051203014698,NADEP,64,6,50.0,755.0,37750.0,2024-05-12
2024051201021383,BHPL,41,16,10.0,548.0,5480.0,2024-05-12
2024051201021382,MEL,35,52,10.0,230.7,2307.0,2024-05-12
2024051201021381,KDL,55,47,10.0,806.0,8060.0,2024-05-12
2024051203014697,VLBS,28,58,38.0,824.5,31331.0,2024-05-12
2024051203014696,VLBS,28,57,25.0,824.4,20610.0,2024-05-12
2024051203014695,VLBS,28,25,185.0,824.0,152440.0,2024-05-12
2024051203014694,VLBS,28,58,10.0,822.9,8229.0,2024-05-12
2024051203014693,VLBS,28,58,10.0,821.0,8210.0,2024-05-12
2024051203014692,VLBS,28,10,32.0,821.0,26272.0,2024-05-12
2024051201021380,PCBL,45,21,175.0,192.0,33600.0,2024-05-12
2024051201021379,PCBL,45,19,166.0,192.0,31872.0,2024-05-12
2024051201021378,PCBL,45,6,59.0,191.8,11316.2,2024-05-12
2024051201021377,RNLI,35,25,55.0,427.1,23490.5,2024-05-12
2024051201021376,RNLI,25,25,10.0,427.2,4272.0,2024-05-12
2024051201021375,DOLTI,29,25,200.0,426.0,85200.0,2024-05-12
2024051201021374,HHL,52,58,10.0,337.0,3370.0,2024-05-12
2024051201021373,SRLI,95,52,100.0,439.0,43900.0,2024-05-12
2024051201021372,MCHL,52,58,10.0,361.0,3610.0,2024-05-12
2024051201021371,MCHL,52,35,10.0,360.0,3600.0,2024-05-12
2024051201021370,CLI,38,58,46.0,450.5,20723.0,2024-05-12
2024051201021369,CLI,86,58,500.0,450.5,225250.0,2024-05-12
2024051201021368,CLI,19,58,50.0,450.6,22530.0,2024-05-12
2024051201021367,CLI,16,58,200.0,451.0,90200.0,2024-05-12
2024051201021366,CLI,38,58,1105.0,451.0,498355.0,2024-05-12
2024051201021365,CLI,52,58,990.0,451.0,446490.0,2024-05-12
2024051201021364,CLI,34,58,200.0,451.1,90220.0,2024-05-12
2024051201021363,CLI,14,58,290.0,451.1,130819.0,2024-05-12
2024051201021362,CLI,19,58,20.0,451.2,9024.0,2024-05-12
2024051201021361,CLI,4,58,300.0,451.3,135390.0,2024-05-12
2024051201021360,CLI,38,58,10.0,451.4,4514.0,2024-05-12
2024051201021359,CLI,1,58,40.0,451.4,18056.0,2024-05-12
2024051201021358,CLI,32,58,100.0,451.5,45150.0,2024-05-12
2024051201021357,CLI,44,58,49.0,451.6,22128.4,2024-05-12
2024051201021356,CLI,34,58,149.0,451.6,67288.4,2024-05-12
2024051201021355,CLI,57,58,90.0,451.7,40653.0,2024-05-12
2024051203014691,KSBBL,59,59,50.0,377.5,18875.0,2024-05-12
2024051203014690,KSBBL,59,13,50.0,377.4,18870.0,2024-05-12
2024051203014689,PFL,72,58,10.0,660.0,6600.0,2024-05-12
2024051203014688,PFL,48,8,25.0,656.0,16400.0,2024-05-12
2024051201021354,PPL,65,18,10.0,514.0,5140.0,2024-05-12
2024051201021353,AVYAN,62,34,10.0,817.9,8179.0,2024-05-12
2024051204009330,NGPL,42,39,70.0,300.5,21035.0,2024-05-12
2024051204009329,NGPL,42,45,30.0,300.2,9006.0,2024-05-12
2024051204009328,HURJA,1,49,11.0,276.5,3041.5,2024-05-12
2024051203014687,RSDC,58,34,67.0,720.1,48246.7,2024-05-12
2024051203014686,RSDC,33,34,183.0,720.1,131778.3,2024-05-12
2024051201021352,SPC,14,50,10.0,485.0,4850.0,2024-05-12
2024051203014685,SDLBSL,34,14,10.0,891.0,8910.0,2024-05-12
2024051203014684,SHINE,34,63,10.0,392.5,3925.0,2024-05-12
2024051204009327,JOSHI,74,45,10.0,312.0,3120.0,2024-05-12
2024051204009326,TRH,4,48,10.0,737.0,7370.0,2024-05-12
2024051204009325,NGPL,5,89,91.0,300.0,27300.0,2024-05-12
2024051204009324,NGPL,49,89,309.0,300.0,92700.0,2024-05-12
2024051203014683,LICN,41,7,10.0,1265.0,12650.0,2024-05-12
2024051201021351,EBL,33,4,10.0,500.0,5000.0,2024-05-12
2024051204009323,UPCL,35,58,10.0,190.9,1909.0,2024-05-12
2024051201021350,USHEC,45,11,105.0,372.0,39060.0,2024-05-12
2024051201021349,USHEC,45,58,75.0,371.1,27832.5,2024-05-12
2024051201021348,USHEC,45,4,10.0,371.0,3710.0,2024-05-12
2024051201021347,USHEC,45,14,10.0,371.0,3710.0,2024-05-12
2024051201021346,USHEC,45,58,10.0,371.0,3710.0,2024-05-12
2024051201021345,USHEC,45,49,10.0,371.0,3710.0,2024-05-12
2024051201021344,USHEC,45,38,80.0,370.0,29600.0,2024-05-12
2024051201021343,MAKAR,81,19,100.0,357.0,35700.0,2024-05-12
2024051201021342,MAKAR,39,19,50.0,357.0,17850.0,2024-05-12
2024051201021341,MAKAR,36,19,30.0,357.0,10710.0,2024-05-12
2024051204009322,AKPL,72,19,483.0,162.6,78535.8,2024-05-12
2024051204009321,AKPL,49,19,400.0,162.7,65080.0,2024-05-12
2024051204009320,AKPL,42,19,50.0,162.8,8140.0,2024-05-12
2024051204009319,AKPL,32,19,67.0,163.1,10927.7,2024-05-12
2024051204009318,NICL,1,38,140.0,841.1,117754.0,2024-05-12
2024051204009317,NICL,7,38,260.0,841.2,218712.0,2024-05-12
2024051204009316,NICL,32,38,10.0,841.2,8412.0,2024-05-12
2024051204009315,NICL,44,38,40.0,841.2,33648.0,2024-05-12
2024051203014682,HLBSL,25,22,10.0,855.0,8550.0,2024-05-12
2024051203014681,JBBL,4,49,11.0,295.0,3245.0,2024-05-12
2024051203014680,JBBL,4,49,50.0,295.0,14750.0,2024-05-12
2024051203014679,JBBL,22,49,552.0,295.0,162840.0,2024-05-12
2024051203014678,JBBL,57,49,500.0,296.0,148000.0,2024-05-12
2024051203014677,JBBL,39,49,15.0,296.0,4440.0,2024-05-12
2024051201021340,ILI,49,7,10.0,538.0,5380.0,2024-05-12
2024051203014676,PMLI,43,61,136.0,502.0,68272.0,2024-05-12
2024051205004137,NIFRA,57,32,435.0,193.0,83955.0,2024-05-12
2024051205004136,NIFRA,36,32,20.0,193.0,3860.0,2024-05-12
2024051205004135,NIFRA,21,32,90.0,193.0,17370.0,2024-05-12
2024051205004134,NIFRA,21,32,113.0,193.0,21809.0,2024-05-12
2024051203014675,BFC,58,6,10.0,392.0,3920.0,2024-05-12
2024051203014674,FOWAD,71,56,12.0,1145.0,13740.0,2024-05-12
2024051203014673,GLBSL,62,6,23.0,2004.0,46092.0,2024-05-12
2024051203014672,GLBSL,62,35,50.0,2004.0,100200.0,2024-05-12
2024051203014671,GLBSL,62,6,145.0,2001.0,290145.0,2024-05-12
2024051203014670,GLBSL,62,54,200.0,2000.0,400000.0,2024-05-12
2024051203014669,GLBSL,62,53,300.0,2000.0,600000.0,2024-05-12
2024051203014668,GLBSL,62,34,282.0,1999.0,563718.0,2024-05-12
2024051204009314,SGIC,42,4,91.0,541.0,49231.0,2024-05-12
2024051201021339,DLBS,5,21,10.0,1158.0,11580.0,2024-05-12
2024051204009313,LEC,94,94,50.0,179.0,8950.0,2024-05-12
2024051203014667,EDBL,4,14,200.0,387.4,77480.0,2024-05-12
2024051201021338,GVL,34,57,10.0,438.0,4380.0,2024-05-12
2024051201021337,GVL,34,45,100.0,435.0,43500.0,2024-05-12
2024051203014666,SAPDBL,56,54,300.0,331.1,99330.0,2024-05-12
2024051203014665,SAPDBL,48,54,250.0,331.2,82800.0,2024-05-12
2024051203014664,SAPDBL,34,54,50.0,331.2,16560.0,2024-05-12
2024051201021336,MANDU,28,4,200.0,799.0,159800.0,2024-05-12
2024051201021335,NWCL,49,35,1503.0,749.0,1125747.0,2024-05-12
2024051201021334,NWCL,37,35,45.0,750.0,33750.0,2024-05-12
2024051201021333,SANIMA,35,51,60.0,236.0,14160.0,2024-05-12
2024051201021332,SANIMA,50,51,88.0,236.0,20768.0,2024-05-12
2024051201021331,SRLI,38,65,10.0,439.9,4399.0,2024-05-12
2024051204009312,NICL,44,19,160.0,841.2,134592.0,2024-05-12
2024051204009311,NICL,18,19,10.0,841.2,8412.0,2024-05-12
2024051204009310,HPPL,58,32,10.0,248.0,2480.0,2024-05-12
2024051203014663,KRBL,58,58,20.0,436.1,8722.0,2024-05-12
2024051203014662,SWBBL,50,36,10.0,763.0,7630.0,2024-05-12
2024051204009309,NIL,8,29,50.0,801.5,40075.0,2024-05-12
2024051203014661,GUFL,22,45,50.0,713.0,35650.0,2024-05-12
2024051203014660,GUFL,22,35,200.0,713.0,142600.0,2024-05-12
2024051203014659,GUFL,22,57,30.0,713.0,21390.0,2024-05-12
2024051203014658,GUFL,22,57,30.0,713.0,21390.0,2024-05-12
2024051204009308,UMHL,17,13,20.0,227.0,4540.0,2024-05-12
2024051201021330,KDL,42,50,30.0,812.0,24360.0,2024-05-12
2024051201021329,DORDI,14,14,10.0,398.0,3980.0,2024-05-12
2024051201021328,RHGCL,69,74,1000.0,345.0,345000.0,2024-05-12
2024051201021327,ULHC,5,42,10.0,324.0,3240.0,2024-05-12
2024051201021326,MHCL,6,5,100.0,358.0,35800.0,2024-05-12
2024051203014657,SINDU,91,69,12.0,387.1,4645.2,2024-05-12
2024051203014656,SINDU,81,69,265.0,387.3,102634.5,2024-05-12
2024051203014655,SINDU,10,69,100.0,387.4,38740.0,2024-05-12
2024051203014654,SINDU,63,69,100.0,387.5,38750.0,2024-05-12
2024051203014653,SINDU,1,69,40.0,387.6,15504.0,2024-05-12
2024051203014652,SINDU,53,69,100.0,387.7,38770.0,2024-05-12
2024051203014651,SINDU,34,69,1000.0,387.8,387800.0,2024-05-12
2024051203014650,SINDU,38,69,90.0,388.0,34920.0,2024-05-12
2024051201021325,SNLI,38,36,200.0,458.0,91600.0,2024-05-12
2024051201021324,SNLI,25,36,100.0,458.0,45800.0,2024-05-12
2024051201021323,SNLI,42,36,50.0,458.0,22900.0,2024-05-12
2024051201021322,SNLI,52,36,200.0,458.0,91600.0,2024-05-12
2024051201021321,SNLI,7,36,70.0,458.1,32067.0,2024-05-12
2024051201021320,SNLI,7,36,18.0,458.2,8247.6,2024-05-12
2024051201021319,NMB,26,25,550.0,171.0,94050.0,2024-05-12
2024051201021318,NMB,26,19,225.0,171.0,38475.0,2024-05-12
2024051201021317,NMB,26,49,125.0,170.9,21362.5,2024-05-12
2024051201021316,JBLB,41,42,15.0,1308.0,19620.0,2024-05-12
2024051201021315,JBLB,41,41,10.0,1308.0,13080.0,2024-05-12
2024051201021314,JBLB,41,58,10.0,1308.0,13080.0,2024-05-12
2024051203014649,ILBS,44,62,77.0,1365.0,105105.0,2024-05-12
2024051203014648,ILBS,44,22,93.0,1365.0,126945.0,2024-05-12
2024051203014647,ILBS,44,25,10.0,1364.0,13640.0,2024-05-12
2024051203014646,ILBS,44,33,20.0,1360.0,27200.0,2024-05-12
2024051203014645,BFC,19,6,10.0,392.0,3920.0,2024-05-12
2024051203014644,CFCL,66,49,86.0,394.1,33892.6,2024-05-12
2024051201021313,SPL,22,49,10.0,640.1,6401.0,2024-05-12
2024051203014643,ILBS,45,46,40.0,1355.0,54200.0,2024-05-12
2024051203014642,ILBS,45,46,19.0,1356.0,25764.0,2024-05-12
2024051204009307,IGI,59,6,100.0,536.0,53600.0,2024-05-12
2024051203014641,FMDBL,44,57,192.0,653.0,125376.0,2024-05-12
2024051203014640,GLBSL,62,57,200.0,1962.0,392400.0,2024-05-12
2024051204009306,GHL,37,34,61.0,142.4,8686.4,2024-05-12
2024051201021312,NWCL,37,44,25.0,750.0,18750.0,2024-05-12
2024051201021311,NWCL,37,34,10.0,750.0,7500.0,2024-05-12
2024051201021310,NWCL,37,42,10.0,750.0,7500.0,2024-05-12
2024051201021309,NWCL,37,35,10.0,750.0,7500.0,2024-05-12
2024051201021308,SONA,36,58,10.0,443.6,4436.0,2024-05-12
2024051204009305,API,58,14,10.0,168.0,1680.0,2024-05-12
2024051203014639,MLBBL,36,17,44.0,1167.5,51370.0,2024-05-12
2024051203014638,MLBBL,36,17,56.0,1167.5,65380.0,2024-05-12
2024051203014637,RLFL,50,17,20.0,385.3,7706.0,2024-05-12
2024051204009304,SGIC,1,4,50.0,541.0,27050.0,2024-05-12
2024051201021307,TVCL,19,14,500.0,461.0,230500.0,2024-05-12
2024051203014636,RSDC,33,41,100.0,720.1,72010.0,2024-05-12
2024051201021306,UHEWA,57,28,49.0,378.0,18522.0,2024-05-12
2024051201021305,MLBS,43,45,10.0,1200.0,12000.0,2024-05-12
2024051203014635,GUFL,22,45,395.0,712.9,281595.5,2024-05-12
2024051204009303,AKJCL,43,57,10.0,204.4,2044.0,2024-05-12
2024051201021304,USHEC,38,38,10.0,370.0,3700.0,2024-05-12
2024051203014634,VLBS,14,85,40.0,813.2,32528.0,2024-05-12
2024051203014633,VLBS,3,85,50.0,813.3,40665.0,2024-05-12
2024051203014632,VLBS,39,85,10.0,813.4,8134.0,2024-05-12
2024051203014631,VLBS,14,85,100.0,814.0,81400.0,2024-05-12
2024051203014630,NADEP,14,32,150.0,753.0,112950.0,2024-05-12
2024051203014629,SHINE,48,32,40.0,390.8,15632.0,2024-05-12
2024051203014628,SHINE,8,32,60.0,390.9,23454.0,2024-05-12
2024051201021303,ULHC,22,42,20.0,324.0,6480.0,2024-05-12
2024051201021302,MSHL,58,64,30.0,623.4,18702.0,2024-05-12
2024051201021301,MSHL,58,33,10.0,623.0,6230.0,2024-05-12
2024051201021300,MSHL,58,3,20.0,621.0,12420.0,2024-05-12
2024051201021299,MSHL,58,58,10.0,620.0,6200.0,2024-05-12
2024051201021298,MSHL,58,35,10.0,619.0,6190.0,2024-05-12
2024051201021297,MSHL,58,58,10.0,617.0,6170.0,2024-05-12
2024051201021296,MSHL,58,58,10.0,612.0,6120.0,2024-05-12
2024051203014627,ACLBSL,62,62,100.0,896.0,89600.0,2024-05-12
2024051203014626,ACLBSL,62,62,41.0,896.0,36736.0,2024-05-12
2024051203014625,ACLBSL,62,48,79.0,895.0,70705.0,2024-05-12
2024051203014624,ACLBSL,62,44,80.0,895.0,71600.0,2024-05-12
2024051201021295,DOLTI,29,34,50.0,426.0,21300.0,2024-05-12
2024051201021294,SIKLES,35,45,10.0,497.8,4978.0,2024-05-12
2024051201021293,SIKLES,35,45,10.0,497.7,4977.0,2024-05-12
2024051201021292,SIKLES,35,45,10.0,497.6,4976.0,2024-05-12
2024051201021291,SPC,35,50,10.0,485.0,4850.0,2024-05-12
2024051204009302,SHPC,66,4,454.0,326.1,148049.4,2024-05-12
2024051204009301,SHPC,66,29,121.0,326.0,39446.0,2024-05-12
2024051204009300,SHPC,66,19,15.0,326.0,4890.0,2024-05-12
2024051204009299,SHPC,66,4,216.0,326.0,70416.0,2024-05-12
2024051204009298,SHPC,66,47,40.0,325.0,13000.0,2024-05-12
2024051204009297,SHPC,66,4,14.0,325.0,4550.0,2024-05-12
2024051204009296,SHPC,66,42,100.0,325.0,32500.0,2024-05-12
2024051204009295,SHPC,66,45,300.0,325.0,97500.0,2024-05-12
2024051204009294,SHPC,66,42,240.0,324.0,77760.0,2024-05-12
2024051203014623,MDB,45,84,100.0,465.0,46500.0,2024-05-12
2024051204009293,NGPL,13,70,700.0,300.1,210070.0,2024-05-12
2024051203014622,GLBSL,38,34,199.0,1999.0,397801.0,2024-05-12
2024051203014621,GLBSL,38,17,50.0,1998.0,99900.0,2024-05-12
2024051203014620,GLBSL,38,13,20.0,1997.9,39958.0,2024-05-12
2024051203014619,GLBSL,38,17,20.0,1990.0,39800.0,2024-05-12
2024051203014618,GLBSL,38,25,200.0,1980.0,396000.0,2024-05-12
2024051203014617,GLBSL,38,17,161.0,1973.7,317765.7,2024-05-12
2024051203014616,GLBSL,38,64,150.0,1963.0,294450.0,2024-05-12
2024051204009292,DHPL,52,72,10.0,198.0,1980.0,2024-05-12
2024051201021290,MLBS,32,37,169.0,1200.0,202800.0,2024-05-12
2024051201021289,MLBS,44,37,20.0,1200.1,24002.0,2024-05-12
2024051201021288,AVYAN,42,22,70.0,815.0,57050.0,2024-05-12
2024051204009291,SHEL,75,6,100.0,149.0,14900.0,2024-05-12
2024051204009290,NICL,18,42,10.0,841.2,8412.0,2024-05-12
2024051203014615,SINDU,38,34,110.0,388.0,42680.0,2024-05-12
2024051203014614,SINDU,53,34,100.0,388.0,38800.0,2024-05-12
2024051203014613,SINDU,53,34,100.0,388.1,38810.0,2024-05-12
2024051201021287,CLI,57,55,10.0,451.7,4517.0,2024-05-12
2024051201021286,UNLB,55,33,10.0,1654.9,16549.0,2024-05-12
2024051205004133,NRIC,28,26,23.0,678.0,15594.0,2024-05-12
2024051205004132,NRIC,7,26,63.0,678.0,42714.0,2024-05-12
2024051205004131,NRIC,11,26,14.0,678.1,9493.4,2024-05-12
2024051203014612,KRBL,86,54,20.0,437.0,8740.0,2024-05-12
2024051201021285,MKJC,32,47,100.0,422.4,42240.0,2024-05-12
2024051201021284,RNLI,35,42,11.0,428.0,4708.0,2024-05-12
2024051201021283,UHEWA,35,17,30.0,384.0,11520.0,2024-05-12
2024051201021282,AVYAN,42,25,40.0,815.0,32600.0,2024-05-12
2024051203014611,MLBBL,49,17,10.0,1187.0,11870.0,2024-05-12
2024051204009289,UNHPL,49,5,10.0,215.0,2150.0,2024-05-12
2024051203014610,GRDBL,46,29,12.0,438.9,5266.8,2024-05-12
2024051204009288,UNHPL,58,5,10.0,215.0,2150.0,2024-05-12
2024051201021281,SONA,36,94,400.0,443.6,177440.0,2024-05-12
2024051204009287,CHCL,1,54,200.0,431.5,86300.0,2024-05-12
2024051203014609,SLBBL,16,6,300.0,711.0,213300.0,2024-05-12
2024051204009286,JOSHI,16,45,10.0,312.0,3120.0,2024-05-12
2024051203014608,SADBL,34,57,35.0,318.7,11154.5,2024-05-12
2024051203014607,SADBL,34,58,10.0,318.5,3185.0,2024-05-12
2024051203014606,SADBL,34,38,155.0,318.5,49367.5,2024-05-12
2024051204009285,NICL,52,70,100.0,841.3,84130.0,2024-05-12
2024051201021280,SMH,45,47,10.0,653.8,6538.0,2024-05-12
2024051204009284,NGPL,13,36,300.0,300.1,90030.0,2024-05-12
2024051204009283,NGPL,34,36,500.0,300.1,150050.0,2024-05-12
2024051201021279,BHDC,49,58,10.0,479.0,4790.0,2024-05-12
2024051204009282,UAIL,49,48,10.0,564.4,5644.0,2024-05-12
2024051203014605,NLICL,19,46,20.0,539.1,10782.0,2024-05-12
2024051203014604,MDB,41,84,161.0,465.0,74865.0,2024-05-12
2024051204009281,NLG,83,28,10.0,754.2,7542.0,2024-05-12
2024051201021278,SBI,3,16,250.0,271.6,67900.0,2024-05-12
2024051203014603,FOWAD,13,7,10.0,1149.0,11490.0,2024-05-12
2024051201021277,KBL,41,38,45.0,132.2,5949.0,2024-05-12
2024051204009280,UAIL,32,51,94.0,564.0,53016.0,2024-05-12
2024051204009279,SHL,51,58,100.0,445.0,44500.0,2024-05-12
2024051203014602,SFCL,13,45,200.0,343.0,68600.0,2024-05-12
2024051201021276,CZBIL,38,45,10.0,156.0,1560.0,2024-05-12
2024051201021275,ILI,21,38,10.0,537.5,5375.0,2024-05-12
2024051201021274,ILI,21,52,10.0,537.5,5375.0,2024-05-12
2024051201021273,TSHL,60,58,10.0,508.0,5080.0,2024-05-12
2024051201021272,TSHL,60,42,631.0,507.9,320484.9,2024-05-12
2024051201021271,TSHL,60,7,10.0,507.8,5078.0,2024-05-12
2024051201021270,TSHL,60,74,200.0,507.0,101400.0,2024-05-12
2024051201021269,TSHL,60,32,10.0,507.0,5070.0,2024-05-12
2024051201021268,TSHL,60,45,10.0,507.0,5070.0,2024-05-12
2024051201021267,TSHL,60,17,10.0,506.0,5060.0,2024-05-12
2024051201021266,TSHL,60,49,10.0,506.0,5060.0,2024-05-12
2024051201021265,TSHL,60,37,109.0,503.0,54827.0,2024-05-12
2024051201021264,MEL,58,52,10.0,230.7,2307.0,2024-05-12
2024051203014601,ACLBSL,62,44,213.0,895.0,190635.0,2024-05-12
2024051203014600,ACLBSL,62,45,37.0,890.7,32955.9,2024-05-12
2024051203014599,ACLBSL,62,5,50.0,874.0,43700.0,2024-05-12
2024051203014598,HLI,85,14,300.0,384.0,115200.0,2024-05-12
2024051204009278,AKJCL,34,57,10.0,204.4,2044.0,2024-05-12
2024051201021263,ILI,81,58,10.0,537.9,5379.0,2024-05-12
2024051201021262,EBL,66,35,384.0,498.0,191232.0,2024-05-12
2024051201021261,EBL,62,35,90.0,498.0,44820.0,2024-05-12
2024051201021260,EBL,42,35,10.0,498.5,4985.0,2024-05-12
2024051201021259,EBL,44,35,16.0,499.9,7998.4,2024-05-12
2024051204009277,NGPL,62,45,70.0,300.2,21014.0,2024-05-12
2024051201021258,NIMB,26,38,102.0,150.5,15351.0,2024-05-12
2024051201021257,SHIVM,42,25,500.0,499.1,249550.0,2024-05-12
2024051204009276,HDHPC,49,49,750.0,131.0,98250.0,2024-05-12
2024051201021256,RNLI,58,42,1.0,420.0,420.0,2024-05-12
2024051201021255,ILI,21,18,10.0,537.5,5375.0,2024-05-12
2024051201021254,ILI,21,40,10.0,537.5,5375.0,2024-05-12
2024051201021253,ILI,21,48,20.0,537.4,10748.0,2024-05-12
2024051201021252,MEHL,42,42,10.0,305.0,3050.0,2024-05-12
2024051201021251,MEHL,42,56,10.0,304.9,3049.0,2024-05-12
2024051201021250,SGHC,42,43,18.0,314.0,5652.0,2024-05-12
2024051204009275,SGIC,11,4,600.0,541.0,324600.0,2024-05-12
2024051204009274,KKHC,58,54,16.0,219.0,3504.0,2024-05-12
2024051201021249,TAMOR,38,34,10.0,353.8,3538.0,2024-05-12
2024051203014597,MDB,41,6,139.0,465.0,64635.0,2024-05-12
2024051203014596,CFCL,66,34,70.0,395.0,27650.0,2024-05-12
2024051201021248,BNHC,70,51,10.0,454.0,4540.0,2024-05-12
2024051204009273,RIDI,49,16,253.0,162.9,41213.7,2024-05-12
2024051204009272,RIDI,49,16,47.0,162.8,7651.6,2024-05-12
2024051204009271,KPCL,32,38,10.0,394.0,3940.0,2024-05-12
2024051201021247,CZBIL,22,45,29.0,156.0,4524.0,2024-05-12
2024051201021246,CZBIL,22,49,111.0,156.0,17316.0,2024-05-12
2024051204009270,SHEL,75,6,621.0,149.0,92529.0,2024-05-12
2024051204009269,SHEL,75,35,10.0,148.8,1488.0,2024-05-12
2024051204009268,SHEL,75,17,20.0,148.2,2964.0,2024-05-12
2024051204009267,SHEL,75,3,1900.0,148.0,281200.0,2024-05-12
2024051204009266,SHEL,75,52,10.0,148.0,1480.0,2024-05-12
2024051204009265,SHEL,75,34,10.0,148.0,1480.0,2024-05-12
2024051204009264,SHEL,75,35,600.0,148.0,88800.0,2024-05-12
2024051204009263,SHEL,75,52,20.0,148.0,2960.0,2024-05-12
2024051204009262,SHEL,75,56,20.0,148.0,2960.0,2024-05-12
2024051204009261,SHEL,75,58,20.0,148.0,2960.0,2024-05-12
2024051204009260,SHEL,75,22,100.0,148.0,14800.0,2024-05-12
2024051204009259,SHEL,75,48,1000.0,148.0,148000.0,2024-05-12
2024051204009258,SHEL,75,26,1000.0,147.9,147900.0,2024-05-12
2024051204009257,SHEL,75,34,500.0,147.9,73950.0,2024-05-12
2024051204009256,SHEL,75,19,30.0,147.9,4437.0,2024-05-12
2024051204009255,SHEL,75,13,139.0,147.7,20530.3,2024-05-12
2024051201021245,SARBTM,58,39,31.0,775.0,24025.0,2024-05-12
2024051201021244,MKCL,42,35,20.0,840.0,16800.0,2024-05-12
2024051201021243,MKCL,42,35,10.0,840.0,8400.0,2024-05-12
2024051205004130,BBC,5,43,20.0,3700.0,74000.0,2024-05-12
2024051204009254,TRH,13,54,600.0,736.1,441660.0,2024-05-12
2024051203014595,GMFIL,34,65,255.0,406.8,103734.0,2024-05-12
2024051203014594,GMFIL,34,38,245.0,405.5,99347.5,2024-05-12
2024051203014593,NADEP,89,6,200.0,755.0,151000.0,2024-05-12
2024051203014592,BFC,44,8,180.0,393.0,70740.0,2024-05-12
2024051203014591,USLB,33,14,33.0,2163.4,71392.2,2024-05-12
2024051203014590,USLB,33,62,10.0,2163.4,21634.0,2024-05-12
2024051203014589,USLB,33,7,10.0,2163.0,21630.0,2024-05-12
2024051203014588,USLB,33,44,10.0,2163.0,21630.0,2024-05-12
2024051203014587,USLB,33,75,35.0,2162.0,75670.0,2024-05-12
2024051203014586,USLB,33,95,10.0,2124.0,21240.0,2024-05-12
2024051201021242,RFPL,51,82,10.0,335.0,3350.0,2024-05-12
2024051204009253,CHL,6,20,10.0,312.0,3120.0,2024-05-12
2024051201021241,ILI,14,38,50.0,537.0,26850.0,2024-05-12
2024051201021240,ILI,42,38,100.0,537.0,53700.0,2024-05-12
2024051201021239,ILI,45,38,50.0,537.0,26850.0,2024-05-12
2024051201021238,ILI,14,38,100.0,537.0,53700.0,2024-05-12
2024051201021237,ILI,45,38,16.0,537.0,8592.0,2024-05-12
2024051201021236,TPC,88,52,65.0,460.1,29906.5,2024-05-12
2024051201021235,JALPA,32,60,31.0,1300.0,40300.0,2024-05-12
2024051201021234,JALPA,32,58,10.0,1300.0,13000.0,2024-05-12
2024051203014585,NABBC,56,25,10.0,473.0,4730.0,2024-05-12
2024051203014584,ACLBSL,62,45,33.0,890.7,29393.1,2024-05-12
2024051203014583,ACLBSL,62,38,40.0,888.0,35520.0,2024-05-12
2024051203014582,ACLBSL,62,40,77.0,888.0,68376.0,2024-05-12
2024051201021233,ULHC,36,42,100.0,318.0,31800.0,2024-05-12
2024051201021232,ULHC,7,42,500.0,318.6,159300.0,2024-05-12
2024051201021231,ULHC,72,42,170.0,318.6,54162.0,2024-05-12
2024051201021230,ULHC,34,42,230.0,318.7,73301.0,2024-05-12
2024051201021229,MMKJL,64,65,45.0,449.0,20205.0,2024-05-12
2024051201021228,MMKJL,64,47,300.0,449.0,134700.0,2024-05-12
2024051201021227,MMKJL,64,58,50.0,449.0,22450.0,2024-05-12
2024051201021226,MMKJL,64,49,10.0,449.0,4490.0,2024-05-12
2024051201021225,MMKJL,64,95,205.0,448.9,92024.5,2024-05-12
2024051201021224,MMKJL,64,41,80.0,448.8,35904.0,2024-05-12
2024051201021223,MMKJL,64,52,10.0,447.0,4470.0,2024-05-12
2024051201021222,MMKJL,64,45,300.0,445.0,133500.0,2024-05-12
2024051203014581,NUBL,44,41,32.0,650.3,20809.6,2024-05-12
2024051203014580,NUBL,47,41,18.0,651.0,11718.0,2024-05-12
2024051204009252,MHNL,7,38,10.0,228.0,2280.0,2024-05-12
2024051201021221,SNLI,7,68,10.0,458.2,4582.0,2024-05-12
2024051204009251,JOSHI,38,45,100.0,312.0,31200.0,2024-05-12
2024051204009250,JOSHI,49,45,30.0,312.0,9360.0,2024-05-12
2024051204009249,JOSHI,46,45,445.0,312.0,138840.0,2024-05-12
2024051203014579,GMFIL,65,38,460.0,405.5,186530.0,2024-05-12
2024051201021220,SARBTM,44,39,20.0,775.0,15500.0,2024-05-12
2024051201021219,SARBTM,62,39,60.0,775.0,46500.0,2024-05-12
2024051201021218,SARBTM,62,91,190.0,775.0,147250.0,2024-05-12
2024051201021217,SARBTM,55,91,100.0,775.0,77500.0,2024-05-12
2024051201021216,SARBTM,57,91,10.0,775.0,7750.0,2024-05-12
2024051201021215,SARBTM,54,91,30.0,775.0,23250.0,2024-05-12
2024051201021214,SARBTM,35,91,10.0,775.0,7750.0,2024-05-12
2024051201021213,SARBTM,58,91,160.0,775.0,124000.0,2024-05-12
2024051201021212,RHGCL,69,49,20.0,345.0,6900.0,2024-05-12
2024051201021211,RHGCL,69,22,10.0,345.0,3450.0,2024-05-12
2024051201021210,RHGCL,69,57,100.0,345.0,34500.0,2024-05-12
2024051201021209,RHGCL,69,58,10.0,345.0,3450.0,2024-05-12
2024051201021208,RHGCL,69,58,10.0,345.0,3450.0,2024-05-12
2024051201021207,RHGCL,69,45,10.0,345.0,3450.0,2024-05-12
2024051201021206,RHGCL,69,38,10.0,345.0,3450.0,2024-05-12
2024051201021205,RHGCL,69,16,50.0,344.9,17245.0,2024-05-12
2024051201021204,RHGCL,69,17,10.0,344.0,3440.0,2024-05-12
2024051201021203,RHGCL,69,21,100.0,344.0,34400.0,2024-05-12
2024051201021202,RHGCL,69,39,350.0,343.0,120050.0,2024-05-12
2024051201021201,RHGCL,69,41,290.0,343.0,99470.0,2024-05-12
2024051201021200,RHGCL,69,16,200.0,342.9,68580.0,2024-05-12
2024051201021199,RHGCL,69,58,10.0,342.0,3420.0,2024-05-12
2024051201021198,RHGCL,69,75,10.0,342.0,3420.0,2024-05-12
2024051201021197,RHGCL,69,25,300.0,342.0,102600.0,2024-05-12
2024051201021196,RHGCL,69,58,10.0,342.0,3420.0,2024-05-12
2024051203014578,NFS,58,81,80.0,531.0,42480.0,2024-05-12
2024051203014577,NFS,50,81,10.0,531.2,5312.0,2024-05-12
2024051203014576,NFS,5,81,40.0,531.3,21252.0,2024-05-12
2024051203014575,NFS,74,81,500.0,532.0,266000.0,2024-05-12
2024051203014574,NFS,72,81,100.0,532.0,53200.0,2024-05-12
2024051203014573,NFS,14,81,100.0,532.0,53200.0,2024-05-12
2024051203014572,NFS,32,81,20.0,532.0,10640.0,2024-05-12
2024051203014571,NFS,74,81,150.0,532.5,79875.0,2024-05-12
2024051203014570,GLBSL,32,64,50.0,1963.0,98150.0,2024-05-12
2024051203014569,NFS,6,51,10.0,533.0,5330.0,2024-05-12
2024051201021195,KBL,19,38,100.0,132.2,13220.0,2024-05-12
2024051201021194,RNLI,35,19,11.0,427.1,4698.1,2024-05-12
2024051201021193,HDL,34,49,60.0,1288.3,77298.0,2024-05-12
2024051201021192,SNLI,7,17,10.0,458.2,4582.0,2024-05-12
2024051201021191,SARBTM,58,58,40.0,775.0,31000.0,2024-05-12
2024051201021190,SARBTM,66,58,60.0,775.0,46500.0,2024-05-12
2024051201021189,JALPA,60,58,50.0,1293.0,64650.0,2024-05-12
2024051204009248,UPCL,5,58,10.0,190.9,1909.0,2024-05-12
2024051204009247,JOSHI,77,42,10.0,314.0,3140.0,2024-05-12
2024051204009246,UAIL,32,34,150.0,564.0,84600.0,2024-05-12
2024051204009245,IGI,47,6,100.0,536.0,53600.0,2024-05-12
2024051201021188,UNLB,6,33,10.0,1654.9,16549.0,2024-05-12
2024051204009244,CHCL,36,54,50.0,431.5,21575.0,2024-05-12
2024051201021187,SGHC,49,32,10.0,312.0,3120.0,2024-05-12
2024051201021186,NICGF2,10,11,100.0,8.0,800.0,2024-05-12
2024051201021185,NICGF2,10,74,500.0,7.9,3950.0,2024-05-12
2024051203014568,SWBBL,76,57,200.0,758.1,151620.0,2024-05-12
2024051203014567,MSLB,39,21,40.0,1187.0,47480.0,2024-05-12
2024051201021184,MAKAR,39,19,10.0,359.5,3595.0,2024-05-12
2024051203014566,JBBL,17,26,91.0,297.4,27063.4,2024-05-12
2024051203014565,ACLBSL,62,32,200.0,885.0,177000.0,2024-05-12
2024051203014564,SINDU,1,69,150.0,390.0,58500.0,2024-05-12
2024051201021183,SRLI,34,14,50.0,438.3,21915.0,2024-05-12
2024051201021182,NESDO,4,55,25.0,1748.0,43700.0,2024-05-12
2024051203014563,SFCL,88,57,10.0,345.0,3450.0,2024-05-12
2024051201021181,NRM,7,35,150.0,350.0,52500.0,2024-05-12
2024051201021180,NRM,7,35,100.0,350.0,35000.0,2024-05-12
2024051201021179,NRM,7,13,240.0,350.0,84000.0,2024-05-12
2024051201021178,NRM,7,42,10.0,349.9,3499.0,2024-05-12
2024051205004129,HRL,21,45,10.0,566.2,5662.0,2024-05-12
2024051203014562,SADBL,19,38,45.0,318.5,14332.5,2024-05-12
2024051204009243,HDHPC,48,48,102.0,130.9,13351.8,2024-05-12
2024051204009242,SICL,8,60,50.0,686.9,34345.0,2024-05-12
2024051203014561,NFS,74,17,50.0,532.5,26625.0,2024-05-12
2024051203014560,NFS,45,17,200.0,532.6,106520.0,2024-05-12
2024051203014559,NFS,33,17,100.0,532.7,53270.0,2024-05-12
2024051203014558,NFS,45,17,500.0,532.7,266350.0,2024-05-12
2024051204009241,SPDL,17,49,11.0,230.0,2530.0,2024-05-12
2024051203014557,SABSL,91,62,10.0,823.6,8236.0,2024-05-12
2024051205004128,NIFRA,58,32,40.0,193.1,7724.0,2024-05-12
2024051201021177,MHL,44,75,200.0,390.0,78000.0,2024-05-12
2024051203014556,CBBL,66,36,20.0,820.0,16400.0,2024-05-12
2024051203014555,CBBL,66,72,180.0,819.0,147420.0,2024-05-12
2024051201021176,GCIL,41,42,11.0,482.0,5302.0,2024-05-12
2024051201021175,GCIL,41,39,100.0,482.0,48200.0,2024-05-12
2024051201021174,MANDU,28,6,120.0,800.0,96000.0,2024-05-12
2024051201021173,MANDU,28,32,400.0,800.0,320000.0,2024-05-12
2024051201021172,MANDU,28,58,180.0,800.0,144000.0,2024-05-12
2024051201021171,MBJC,1,38,286.0,284.1,81252.6,2024-05-12
2024051201021170,MBJC,1,38,930.0,284.1,264213.0,2024-05-12
2024051201021169,MBJC,10,38,30.0,284.2,8526.0,2024-05-12
2024051201021168,MBJC,91,38,14.0,285.0,3990.0,2024-05-12
2024051203014554,NABBC,25,25,10.0,473.0,4730.0,2024-05-12
2024051203014553,NICLBSL,52,38,17.0,636.0,10812.0,2024-05-12
2024051201021167,HATHY,28,32,20.0,817.0,16340.0,2024-05-12
2024051201021166,HATHY,51,32,10.0,818.0,8180.0,2024-05-12
2024051201021165,BEDC,57,13,50.0,363.0,18150.0,2024-05-12
2024051204009240,PPCL,16,17,30.0,225.1,6753.0,2024-05-12
2024051204009239,NIL,62,50,100.0,798.0,79800.0,2024-05-12
2024051201021164,CYCL,62,83,13.0,1646.0,21398.0,2024-05-12
2024051201021163,CYCL,62,11,20.0,1640.0,32800.0,2024-05-12
2024051201021162,CYCL,62,29,10.0,1579.9,15799.0,2024-05-12
2024051201021161,CYCL,62,62,18.0,1579.0,28422.0,2024-05-12
2024051201021160,CYCL,62,32,18.0,1561.0,28098.0,2024-05-12
2024051201021159,CYCL,62,22,10.0,1560.0,15600.0,2024-05-12
2024051201021158,CYCL,62,41,53.0,1560.0,82680.0,2024-05-12
2024051201021157,CYCL,62,59,30.0,1559.5,46785.0,2024-05-12
2024051201021156,CYCL,62,17,10.0,1557.6,15576.0,2024-05-12
2024051201021155,CYCL,62,58,10.0,1555.0,15550.0,2024-05-12
2024051201021154,CYCL,62,44,100.0,1555.0,155500.0,2024-05-12
2024051201021153,CYCL,62,13,100.0,1555.0,155500.0,2024-05-12
2024051201021152,CYCL,62,29,10.0,1555.0,15550.0,2024-05-12
2024051201021151,CYCL,62,25,50.0,1555.0,77750.0,2024-05-12
2024051201021150,CYCL,62,58,20.0,1555.0,31100.0,2024-05-12
2024051201021149,CYCL,62,42,40.0,1554.0,62160.0,2024-05-12
2024051201021148,CYCL,62,52,500.0,1553.4,776700.0,2024-05-12
2024051201021147,CYCL,62,57,20.0,1553.0,31060.0,2024-05-12
2024051201021146,CYCL,62,16,100.0,1553.0,155300.0,2024-05-12
2024051201021145,CYCL,62,44,100.0,1552.4,155240.0,2024-05-12
2024051201021144,CYCL,62,49,13.0,1552.4,20181.2,2024-05-12
2024051201021143,CYCL,62,49,200.0,1552.0,310400.0,2024-05-12
2024051201021142,CYCL,62,34,300.0,1552.0,465600.0,2024-05-12
2024051201021141,CYCL,62,45,13.0,1552.0,20176.0,2024-05-12
2024051201021140,CYCL,62,22,10.0,1550.4,15504.0,2024-05-12
2024051201021139,CYCL,62,6,100.0,1550.4,155040.0,2024-05-12
2024051201021138,CYCL,62,37,100.0,1550.4,155040.0,2024-05-12
2024051201021137,CYCL,62,57,100.0,1550.4,155040.0,2024-05-12
2024051201021136,CYCL,62,49,57.0,1550.0,88350.0,2024-05-12
2024051201021135,CYCL,62,28,13.0,1550.0,20150.0,2024-05-12
2024051201021134,CYCL,62,42,10.0,1550.0,15500.0,2024-05-12
2024051201021133,CYCL,62,51,20.0,1550.0,31000.0,2024-05-12
2024051201021132,CYCL,62,16,100.0,1550.0,155000.0,2024-05-12
2024051201021131,CYCL,62,46,140.0,1550.0,217000.0,2024-05-12
2024051201021130,CYCL,62,29,10.0,1550.0,15500.0,2024-05-12
2024051201021129,CYCL,62,14,50.0,1550.0,77500.0,2024-05-12
2024051201021128,CYCL,62,32,10.0,1550.0,15500.0,2024-05-12
2024051201021127,CYCL,62,20,60.0,1549.0,92940.0,2024-05-12
2024051201021126,CYCL,62,5,300.0,1547.0,464100.0,2024-05-12
2024051201021125,CYCL,62,45,50.0,1545.0,77250.0,2024-05-12
2024051201021124,CYCL,62,36,200.0,1545.0,309000.0,2024-05-12
2024051201021123,CYCL,62,14,50.0,1545.0,77250.0,2024-05-12
2024051201021122,CYCL,62,16,100.0,1540.0,154000.0,2024-05-12
2024051201021121,CYCL,62,62,19.0,1540.0,29260.0,2024-05-12
2024051201021120,CYCL,62,14,50.0,1540.0,77000.0,2024-05-12
2024051201021119,CYCL,62,59,30.0,1539.5,46185.0,2024-05-12
2024051201021118,CYCL,62,21,200.0,1537.0,307400.0,2024-05-12
2024051201021117,CYCL,62,14,50.0,1535.0,76750.0,2024-05-12
2024051201021116,CYCL,62,59,60.0,1533.9,92034.0,2024-05-12
2024051201021115,CYCL,62,29,10.0,1533.8,15338.0,2024-05-12
2024051201021114,CYCL,62,59,30.0,1533.8,46014.0,2024-05-12
2024051201021113,CYCL,62,59,50.0,1533.7,76685.0,2024-05-12
2024051201021112,CYCL,62,59,30.0,1532.9,45987.0,2024-05-12
2024051201021111,CYCL,62,59,20.0,1531.9,30638.0,2024-05-12
2024051201021110,CYCL,62,59,20.0,1531.7,30634.0,2024-05-12
2024051201021109,CYCL,62,48,10.0,1531.0,15310.0,2024-05-12
2024051201021108,CYCL,62,14,100.0,1529.0,152900.0,2024-05-12
2024051201021107,CYCL,62,6,17.0,1525.0,25925.0,2024-05-12
2024051201021106,CYCL,62,25,20.0,1520.0,30400.0,2024-05-12
2024051201021105,CYCL,62,48,46.0,1520.0,69920.0,2024-05-12
2024051203014552,NFS,14,51,10.0,533.0,5330.0,2024-05-12
2024051201021104,MMKJL,64,74,10.0,440.0,4400.0,2024-05-12
2024051204009238,RURU,58,42,449.0,503.5,226071.5,2024-05-12
2024051203014551,NICLBSL,56,38,20.0,636.0,12720.0,2024-05-12
2024051201021103,MSHL,21,64,10.0,610.1,6101.0,2024-05-12
2024051201021102,MSHL,45,64,80.0,611.4,48912.0,2024-05-12
2024051203014550,NICLBSL,68,38,200.0,636.0,127200.0,2024-05-12
2024051201021101,SRLI,32,65,10.0,439.9,4399.0,2024-05-12
2024051201021100,SMJC,88,48,10.0,346.5,3465.0,2024-05-12
2024051205004127,SMATA,22,34,30.0,925.0,27750.0,2024-05-12
2024051203014549,RLFL,21,65,100.0,386.5,38650.0,2024-05-12
2024051203014548,ACLBSL,62,14,200.0,880.0,176000.0,2024-05-12
2024051203014547,SIFC,58,22,10.0,425.0,4250.0,2024-05-12
2024051201021099,DOLTI,29,58,110.0,426.0,46860.0,2024-05-12
2024051201021098,ULHC,34,34,270.0,318.7,86049.0,2024-05-12
2024051201021097,ULHC,38,34,10.0,319.5,3195.0,2024-05-12
2024051201021096,ULHC,55,34,50.0,320.0,16000.0,2024-05-12
2024051204009237,SHL,47,58,100.0,445.0,44500.0,2024-05-12
2024051203014546,NLIC,57,33,61.0,575.0,35075.0,2024-05-12
2024051203014545,NLIC,58,33,39.0,575.0,22425.0,2024-05-12
2024051205004126,HRL,1,29,172.0,566.1,97369.2,2024-05-12
2024051205004125,HRL,47,29,59.0,566.1,33399.9,2024-05-12
2024051204009236,GHL,21,34,10.0,142.4,1424.0,2024-05-12
2024051201021095,ILI,45,14,84.0,537.0,45108.0,2024-05-12
2024051201021094,ILI,18,14,56.0,537.0,30072.0,2024-05-12
2024051201021093,ILI,37,14,160.0,537.1,85936.0,2024-05-12
2024051204009235,JOSHI,74,42,10.0,314.0,3140.0,2024-05-12
2024051201021092,BGWT,58,58,10.0,587.1,5871.0,2024-05-12
2024051201021091,UHEWA,35,17,20.0,384.0,7680.0,2024-05-12
2024051203014544,MFIL,45,26,10.0,507.9,5079.0,2024-05-12
2024051201021090,USHEC,38,38,55.0,369.9,20344.5,2024-05-12
2024051203014543,PFL,48,29,150.0,656.0,98400.0,2024-05-12
2024051201021089,HBL,25,63,478.0,173.0,82694.0,2024-05-12
2024051201021088,HBL,25,13,22.0,173.0,3806.0,2024-05-12
2024051201021087,SONA,36,49,10.0,443.6,4436.0,2024-05-12
2024051201021086,NICA,32,45,179.0,352.0,63008.0,2024-05-12
2024051201021085,NICA,32,11,41.0,352.0,14432.0,2024-05-12
2024051203014542,SIFC,19,22,100.0,424.0,42400.0,2024-05-12
2024051204009234,JOSHI,17,42,40.0,314.0,12560.0,2024-05-12
2024051203014541,JFL,43,74,40.0,509.0,20360.0,2024-05-12
2024051203014540,JFL,89,74,10.0,509.0,5090.0,2024-05-12
2024051203014539,JFL,45,74,450.0,509.1,229095.0,2024-05-12
2024051203014538,HLI,49,58,10.0,384.0,3840.0,2024-05-12
2024051203014537,KSBBL,58,91,100.0,377.0,37700.0,2024-05-12
2024051205004124,STC,54,5,20.0,4340.0,86800.0,2024-05-12
2024051205004123,STC,54,55,20.0,4339.8,86796.0,2024-05-12
2024051205004122,STC,54,55,20.0,4339.7,86794.0,2024-05-12
2024051205004121,STC,54,55,20.0,4339.0,86780.0,2024-05-12
2024051201021084,UNLB,52,54,20.0,1654.1,33082.0,2024-05-12
2024051203014536,RLFL,50,82,171.0,385.3,65886.3,2024-05-12
2024051203014535,RLFL,41,82,10.0,385.4,3854.0,2024-05-12
2024051203014534,RLFL,41,82,919.0,385.4,354182.6,2024-05-12
2024051203014533,RLFL,33,82,200.0,385.5,77100.0,2024-05-12
2024051203014532,RLFL,49,82,700.0,385.5,269850.0,2024-05-12
2024051203014531,USLB,33,37,50.0,2160.0,108000.0,2024-05-12
2024051203014530,USLB,33,59,90.0,2150.0,193500.0,2024-05-12
2024051203014529,USLB,33,40,50.0,2150.0,107500.0,2024-05-12
2024051203014528,USLB,33,22,10.0,2125.0,21250.0,2024-05-12
2024051201021083,HDL,51,42,10.0,1289.0,12890.0,2024-05-12
2024051201021082,RNLI,35,40,11.0,427.1,4698.1,2024-05-12
2024051201021081,CZBIL,6,55,126.0,155.0,19530.0,2024-05-12
2024051203014527,GUFL,22,38,300.0,712.9,213870.0,2024-05-12
2024051201021080,CLI,46,57,15.0,454.0,6810.0,2024-05-12
2024051203014526,NICLBSL,48,38,200.0,636.0,127200.0,2024-05-12
2024051204009233,HEI,48,52,59.0,607.0,35813.0,2024-05-12
2024051204009232,HEI,48,50,241.0,607.0,146287.0,2024-05-12
2024051203014525,KSBBL,6,91,101.0,377.0,38077.0,2024-05-12
2024051201021079,SPC,14,50,10.0,485.0,4850.0,2024-05-12
2024051204009231,UPPER,14,58,100.0,162.2,16220.0,2024-05-12
2024051201021078,SHIVM,42,82,100.0,499.0,49900.0,2024-05-12
2024051201021077,SHIVM,42,34,379.0,499.0,189121.0,2024-05-12
2024051201021076,VLUCL,42,6,10.0,456.7,4567.0,2024-05-12
2024051201021075,HDL,34,4,22.0,1288.3,28342.6,2024-05-12
2024051201021074,HDL,7,33,27.0,1289.0,34803.0,2024-05-12
2024051201021073,HDL,7,50,100.0,1289.0,128900.0,2024-05-12
2024051201021072,HDL,7,45,89.0,1289.0,114721.0,2024-05-12
2024051203014524,MLBL,49,33,100.0,331.0,33100.0,2024-05-12
2024051204009230,KKHC,34,57,10.0,219.1,2191.0,2024-05-12
2024051201021071,MEL,33,41,430.0,228.0,98040.0,2024-05-12
2024051203014523,SLBBL,74,6,100.0,711.0,71100.0,2024-05-12
2024051203014522,SLBBL,45,6,200.0,711.0,142200.0,2024-05-12
2024051203014521,SLBBL,33,6,130.0,711.6,92508.0,2024-05-12
2024051203014520,SLBBL,34,6,230.0,711.7,163691.0,2024-05-12
2024051203014519,SLBBL,32,6,100.0,711.9,71190.0,2024-05-12
2024051201021070,MBL,13,38,860.0,161.7,139062.0,2024-05-12
2024051201021069,HBL,38,13,10.0,173.0,1730.0,2024-05-12
2024051203014518,GUFL,22,52,40.0,712.9,28516.0,2024-05-12
2024051203014517,GMFIL,65,49,200.0,405.5,81100.0,2024-05-12
2024051204009229,AKPL,32,49,33.0,163.0,5379.0,2024-05-12
2024051203014516,NLIC,58,32,11.0,575.0,6325.0,2024-05-12
2024051203014515,MNBBL,42,42,90.0,348.5,31365.0,2024-05-12
2024051203014514,MNBBL,25,42,210.0,348.5,73185.0,2024-05-12
2024051201021068,MKHL,58,58,10.0,411.0,4110.0,2024-05-12
2024051201021067,MEL,58,52,100.0,230.7,23070.0,2024-05-12
2024051201021066,GVL,7,45,10.0,435.0,4350.0,2024-05-12
2024051201021065,GVL,7,58,10.0,434.0,4340.0,2024-05-12
2024051201021064,BHPL,35,53,151.0,548.6,82838.6,2024-05-12
2024051201021063,BHPL,35,16,100.0,548.0,54800.0,2024-05-12
2024051201021062,BHPL,35,66,10.0,547.0,5470.0,2024-05-12
2024051201021061,BHPL,35,6,509.0,545.0,277405.0,2024-05-12
2024051201021060,BHPL,35,71,30.0,545.0,16350.0,2024-05-12
2024051203014513,SADBL,33,57,100.0,318.7,31870.0,2024-05-12
2024051201021059,MKLB,45,36,30.0,988.0,29640.0,2024-05-12
2024051201021058,BNHC,70,19,10.0,454.0,4540.0,2024-05-12
2024051203014512,FMDBL,44,22,110.0,653.0,71830.0,2024-05-12
2024051203014511,FMDBL,10,22,20.0,653.5,13070.0,2024-05-12
2024051201021057,CYCL,26,62,20.0,1471.0,29420.0,2024-05-12
2024051201021056,CYCL,33,62,100.0,1471.0,147100.0,2024-05-12
2024051201021055,CYCL,54,62,120.0,1471.0,176520.0,2024-05-12
2024051201021054,CYCL,48,62,290.0,1471.0,426590.0,2024-05-12
2024051201021053,CYCL,55,62,60.0,1471.0,88260.0,2024-05-12
2024051201021052,CYCL,37,62,20.0,1471.0,29420.0,2024-05-12
2024051201021051,CYCL,62,62,100.0,1471.3,147130.0,2024-05-12
2024051201021050,CYCL,39,62,30.0,1472.0,44160.0,2024-05-12
2024051201021049,CYCL,33,62,100.0,1476.1,147610.0,2024-05-12
2024051201021048,CYCL,48,62,200.0,1476.9,295380.0,2024-05-12
2024051201021047,CYCL,22,62,200.0,1476.9,295380.0,2024-05-12
2024051201021046,CYCL,54,62,50.0,1477.0,73850.0,2024-05-12
2024051201021045,CYCL,48,62,20.0,1477.1,29542.0,2024-05-12
2024051201021044,CYCL,62,62,50.0,1477.1,73855.0,2024-05-12
2024051201021043,CYCL,22,62,10.0,1477.1,14771.0,2024-05-12
2024051201021042,CYCL,29,62,100.0,1477.1,147710.0,2024-05-12
2024051201021041,CYCL,45,62,50.0,1478.0,73900.0,2024-05-12
2024051201021040,CYCL,22,62,100.0,1478.0,147800.0,2024-05-12
2024051201021039,CYCL,62,62,20.0,1478.9,29578.0,2024-05-12
2024051201021038,CYCL,7,62,50.0,1480.0,74000.0,2024-05-12
2024051201021037,CYCL,26,62,10.0,1481.8,14818.0,2024-05-12
2024051201021036,CYCL,17,62,20.0,1482.0,29640.0,2024-05-12
2024051201021035,CYCL,34,62,100.0,1482.0,148200.0,2024-05-12
2024051201021034,CYCL,62,62,100.0,1482.0,148200.0,2024-05-12
2024051201021033,CYCL,10,62,20.0,1482.0,29640.0,2024-05-12
2024051201021032,CYCL,81,62,40.0,1482.2,59288.0,2024-05-12
2024051201021031,CYCL,38,62,20.0,1484.7,29694.0,2024-05-12
2024051201021030,CYCL,16,62,100.0,1484.7,148470.0,2024-05-12
2024051201021029,CYCL,81,62,30.0,1484.8,44544.0,2024-05-12
2024051201021028,CYCL,45,62,10.0,1489.0,14890.0,2024-05-12
2024051201021027,CYCL,1,62,20.0,1489.0,29780.0,2024-05-12
2024051201021026,CYCL,32,62,100.0,1490.0,149000.0,2024-05-12
2024051201021025,CYCL,32,62,50.0,1490.0,74500.0,2024-05-12
2024051201021024,CYCL,14,62,50.0,1490.0,74500.0,2024-05-12
2024051201021023,CYCL,34,62,40.0,1490.0,59600.0,2024-05-12
2024051201021022,CYCL,45,62,50.0,1490.0,74500.0,2024-05-12
2024051201021021,CYCL,44,62,250.0,1490.0,372500.0,2024-05-12
2024051201021020,CYCL,43,62,10.0,1490.6,14906.0,2024-05-12
2024051201021019,CYCL,45,62,100.0,1491.0,149100.0,2024-05-12
2024051201021018,CYCL,62,62,10.0,1494.5,14945.0,2024-05-12
2024051201021017,CYCL,32,62,160.0,1495.0,239200.0,2024-05-12
2024051201021016,CYCL,57,62,10.0,1495.0,14950.0,2024-05-12
2024051201021015,CYCL,62,62,10.0,1495.0,14950.0,2024-05-12
2024051201021014,CYCL,57,62,12.0,1495.0,17940.0,2024-05-12
2024051201021013,CYCL,38,62,20.0,1495.0,29900.0,2024-05-12
2024051201021012,CYCL,59,62,50.0,1495.6,74780.0,2024-05-12
2024051201021011,CYCL,14,62,100.0,1496.0,149600.0,2024-05-12
2024051201021010,CYCL,51,62,10.0,1498.0,14980.0,2024-05-12
2024051201021009,CYCL,29,62,10.0,1500.0,15000.0,2024-05-12
2024051201021008,CYCL,49,62,800.0,1500.0,1200000.0,2024-05-12
2024051201021007,CYCL,63,62,50.0,1500.0,75000.0,2024-05-12
2024051201021006,CYCL,35,62,30.0,1500.0,45000.0,2024-05-12
2024051201021005,CYCL,45,62,10.0,1500.1,15001.0,2024-05-12
2024051201021004,CYCL,39,62,20.0,1500.1,30002.0,2024-05-12
2024051201021003,CYCL,1,62,20.0,1501.0,30020.0,2024-05-12
2024051201021002,CYCL,35,62,20.0,1501.1,30022.0,2024-05-12
2024051201021001,CYCL,56,62,100.0,1502.0,150200.0,2024-05-12
2024051201021000,CYCL,57,62,15.0,1505.0,22575.0,2024-05-12
2024051201020999,CYCL,51,62,20.0,1506.2,30124.0,2024-05-12
2024051204009228,JOSHI,46,21,115.0,312.0,35880.0,2024-05-12
2024051204009227,JOSHI,26,21,200.0,312.1,62420.0,2024-05-12
2024051204009226,JOSHI,78,21,100.0,312.1,31210.0,2024-05-12
2024051204009225,JOSHI,34,21,125.0,312.2,39025.0,2024-05-12
2024051204009224,LEC,11,94,10.0,179.0,1790.0,2024-05-12
2024051204009223,LEC,11,54,40.0,178.0,7120.0,2024-05-12
2024051201020998,USHEC,5,38,10.0,369.9,3699.0,2024-05-12
2024051204009222,HURJA,39,54,160.0,275.1,44016.0,2024-05-12
2024051203014510,GILB,42,19,14.0,1131.0,15834.0,2024-05-12
2024051203014509,GILB,42,1,70.0,1127.0,78890.0,2024-05-12
2024051203014508,GILB,42,14,116.0,1125.0,130500.0,2024-05-12
2024051201020997,CLI,34,42,31.0,451.6,13999.6,2024-05-12
2024051201020996,CLI,6,42,40.0,451.7,18068.0,2024-05-12
2024051201020995,NYADI,58,58,50.0,281.0,14050.0,2024-05-12
2024051201020994,MKHL,58,58,455.0,411.0,187005.0,2024-05-12
2024051201020993,MKHL,56,58,45.0,411.1,18499.5,2024-05-12
2024051201020992,RNLI,44,56,10.0,428.0,4280.0,2024-05-12
2024051203014507,PROFL,22,33,1401.0,339.0,474939.0,2024-05-12
2024051203014506,PROFL,48,33,50.0,339.0,16950.0,2024-05-12
2024051203014505,PROFL,88,33,500.0,339.0,169500.0,2024-05-12
2024051203014504,PROFL,58,33,10.0,339.0,3390.0,2024-05-12
2024051203014503,PROFL,42,33,39.0,339.1,13224.9,2024-05-12
2024051201020991,MSHL,45,41,10.0,611.4,6114.0,2024-05-12
2024051201020990,NRM,35,41,690.0,349.7,241293.0,2024-05-12
2024051201020989,SONA,36,43,20.0,443.6,8872.0,2024-05-12
2024051203014502,GRDBL,86,45,100.0,436.8,43680.0,2024-05-12
2024051204009221,RURU,58,29,114.0,503.5,57399.0,2024-05-12
2024051204009220,IGI,59,6,300.0,536.0,160800.0,2024-05-12
2024051204009219,NHPC,19,71,637.0,143.0,91091.0,2024-05-12
2024051204009218,NHPC,19,32,350.0,143.0,50050.0,2024-05-12
2024051204009217,NHPC,19,42,20.0,142.8,2856.0,2024-05-12
2024051201020988,ULBSL,58,49,17.0,1499.0,25483.0,2024-05-12
2024051203014501,MNBBL,25,25,30.0,348.5,10455.0,2024-05-12
2024051203014500,BFC,58,8,100.0,393.0,39300.0,2024-05-12
2024051203014499,BFC,34,8,100.0,393.0,39300.0,2024-05-12
2024051203014498,BFC,17,8,50.0,393.1,19655.0,2024-05-12
2024051203014497,BFC,34,8,10.0,393.6,3936.0,2024-05-12
2024051203014496,BFC,34,8,10.0,393.9,3939.0,2024-05-12
2024051203014495,BFC,58,8,320.0,393.9,126048.0,2024-05-12
2024051203014494,BFC,47,8,30.0,394.0,11820.0,2024-05-12
2024051203014493,BFC,14,8,200.0,394.0,78800.0,2024-05-12
2024051203014492,NFS,94,51,15.0,533.0,7995.0,2024-05-12
2024051203014491,NFS,94,17,35.0,533.0,18655.0,2024-05-12
2024051201020987,CITY,1,22,50.0,614.0,30700.0,2024-05-12
2024051204009216,SJCL,49,16,325.0,264.1,85832.5,2024-05-12
2024051204009215,SJCL,4,16,165.0,265.0,43725.0,2024-05-12
2024051204009214,SJCL,57,16,10.0,265.0,2650.0,2024-05-12
2024051205004120,NRIC,11,21,15.0,678.1,10171.5,2024-05-12
2024051201020986,CKHL,26,7,50.0,505.0,25250.0,2024-05-12
2024051201020985,HDL,44,45,30.0,1289.0,38670.0,2024-05-12
2024051204009213,KKHC,34,57,10.0,219.1,2191.0,2024-05-12
2024051203014490,GMFIL,34,65,624.0,406.8,253843.2,2024-05-12
2024051203014489,GMFIL,34,29,376.0,406.7,152919.2,2024-05-12
2024051203014488,SJLIC,51,45,100.0,410.8,41080.0,2024-05-12
2024051201020984,SONA,36,45,300.0,443.6,133080.0,2024-05-12
2024051201020983,SGHC,62,52,10.0,311.2,3112.0,2024-05-12
2024051204009212,UAIL,32,34,256.0,564.0,144384.0,2024-05-12
2024051205004119,NIFRA,13,32,1000.0,193.1,193100.0,2024-05-12
2024051205004118,NIFRA,19,32,184.0,193.1,35530.4,2024-05-12
2024051203014487,RSDC,33,57,50.0,720.1,36005.0,2024-05-12
2024051203014486,GUFL,22,57,30.0,712.9,21387.0,2024-05-12
2024051203014485,GUFL,22,17,25.0,712.9,17822.5,2024-05-12
2024051203014484,GUFL,22,34,10.0,712.4,7124.0,2024-05-12
2024051203014483,GUFL,22,17,50.0,712.2,35610.0,2024-05-12
2024051203014482,GUFL,22,35,20.0,712.0,14240.0,2024-05-12
2024051203014481,GUFL,22,10,70.0,712.0,49840.0,2024-05-12
2024051203014480,GUFL,22,45,250.0,712.0,178000.0,2024-05-12
2024051203014479,GUFL,22,58,100.0,712.0,71200.0,2024-05-12
2024051203014478,GUFL,22,58,100.0,712.0,71200.0,2024-05-12
2024051203014477,GUFL,22,70,16.0,711.9,11390.4,2024-05-12
2024051203014476,GUFL,22,41,373.0,711.9,265538.7,2024-05-12
2024051203014475,GUFL,22,94,200.0,711.0,142200.0,2024-05-12
2024051203014474,GUFL,22,55,200.0,711.0,142200.0,2024-05-12
2024051203014473,GUFL,22,14,500.0,710.0,355000.0,2024-05-12
2024051203014472,GUFL,22,57,100.0,710.0,71000.0,2024-05-12
2024051203014471,PROFL,47,17,50.0,340.0,17000.0,2024-05-12
2024051203014470,PROFL,33,17,110.0,340.0,37400.0,2024-05-12
2024051203014469,ACLBSL,45,62,11.0,872.0,9592.0,2024-05-12
2024051203014468,ACLBSL,19,62,10.0,873.0,8730.0,2024-05-12
2024051203014467,ACLBSL,41,62,840.0,873.5,733740.0,2024-05-12
2024051203014466,ACLBSL,26,62,50.0,873.5,43675.0,2024-05-12
2024051203014465,ACLBSL,19,62,89.0,874.0,77786.0,2024-05-12
2024051201020982,SNLI,7,55,10.0,458.2,4582.0,2024-05-12
2024051201020981,PHCL,52,21,10.0,284.2,2842.0,2024-05-12
2024051203014464,GFCL,7,56,50.0,462.9,23145.0,2024-05-12
2024051203014463,LLBS,44,49,20.0,1055.0,21100.0,2024-05-12
2024051203014462,LLBS,44,67,100.0,1054.0,105400.0,2024-05-12
2024051203014461,LLBS,44,67,110.0,1052.0,115720.0,2024-05-12
2024051203014460,LLBS,44,57,10.0,1050.0,10500.0,2024-05-12
2024051203014459,LLBS,44,26,232.0,1050.0,243600.0,2024-05-12
2024051203014458,LLBS,44,57,10.0,1044.5,10445.0,2024-05-12
2024051203014457,LLBS,44,6,10.0,1044.5,10445.0,2024-05-12
2024051201020980,ILI,37,38,340.0,537.1,182614.0,2024-05-12
2024051201020979,ILI,58,38,10.0,537.1,5371.0,2024-05-12
2024051201020978,ILI,90,38,50.0,537.3,26865.0,2024-05-12
2024051203014456,SHINE,48,38,254.0,390.8,99263.2,2024-05-12
2024051203014455,SHINE,48,38,16.0,390.9,6254.4,2024-05-12
2024051203014454,SHINE,8,38,30.0,390.9,11727.0,2024-05-12
2024051201020977,RAWA,34,57,30.0,466.5,13995.0,2024-05-12
2024051201020976,RAWA,34,57,120.0,467.2,56064.0,2024-05-12
2024051201020975,TSHL,90,37,141.0,503.0,70923.0,2024-05-12
2024051201020974,TSHL,90,22,10.0,503.0,5030.0,2024-05-12
2024051201020973,TSHL,90,37,349.0,501.0,174849.0,2024-05-12
2024051203014453,PFL,48,42,210.0,656.0,137760.0,2024-05-12
2024051203014452,PFL,61,42,290.0,656.0,190240.0,2024-05-12
2024051205004117,NTC,42,49,10.0,812.0,8120.0,2024-05-12
2024051201020972,SAMAJ,55,47,50.0,1900.0,95000.0,2024-05-12
2024051201020971,SAMAJ,91,47,100.0,1901.2,190120.0,2024-05-12
2024051201020970,SIKLES,35,58,10.0,492.0,4920.0,2024-05-12
2024051201020969,SIKLES,35,46,10.0,490.0,4900.0,2024-05-12
2024051204009211,UAIL,44,34,150.0,563.8,84570.0,2024-05-12
2024051205004116,CIT,38,13,10.0,2073.0,20730.0,2024-05-12
2024051205004115,CIT,38,56,50.0,2073.0,103650.0,2024-05-12
2024051201020968,TAMOR,38,59,10.0,357.0,3570.0,2024-05-12
2024051201020967,TAMOR,38,55,10.0,357.0,3570.0,2024-05-12
2024051203014451,GILB,59,45,10.0,1123.0,11230.0,2024-05-12
2024051204009210,AKPL,50,49,67.0,163.0,10921.0,2024-05-12
2024051201020966,ULHC,22,42,10.0,324.0,3240.0,2024-05-12
2024051201020965,ULHC,22,45,10.0,323.0,3230.0,2024-05-12
2024051201020964,BEDC,17,42,100.0,361.6,36160.0,2024-05-12
2024051205004114,HRL,47,42,10.0,566.1,5661.0,2024-05-12
2024051201020963,DORDI,42,56,10.0,397.5,3975.0,2024-05-12
2024051204009209,NICL,41,26,100.0,842.0,84200.0,2024-05-12
2024051204009208,UNHPL,58,5,10.0,215.0,2150.0,2024-05-12
2024051201020962,MEHL,53,58,10.0,304.8,3048.0,2024-05-12
2024051204009207,HEI,66,50,130.0,607.0,78910.0,2024-05-12
2024051204009206,HEI,66,6,13.0,606.9,7889.7,2024-05-12
2024051204009205,HEI,66,44,157.0,605.0,94985.0,2024-05-12
2024051201020961,CKHL,49,7,100.0,505.0,50500.0,2024-05-12
2024051201020960,CKHL,45,7,100.0,505.0,50500.0,2024-05-12
2024051201020959,CKHL,57,7,35.0,505.1,17678.5,2024-05-12
2024051201020958,CKHL,58,7,20.0,505.2,10104.0,2024-05-12
2024051201020957,CKHL,45,7,40.0,505.3,20212.0,2024-05-12
2024051201020956,MANDU,28,38,100.0,798.6,79860.0,2024-05-12
2024051201020955,MANDU,28,52,100.0,798.5,79850.0,2024-05-12
2024051201020954,MANDU,28,38,10.0,798.0,7980.0,2024-05-12
2024051201020953,MANDU,28,52,100.0,798.0,79800.0,2024-05-12
2024051201020952,MANDU,28,52,10.0,798.0,7980.0,2024-05-12
2024051201020951,MANDU,28,34,10.0,798.0,7980.0,2024-05-12
2024051201020950,MANDU,28,54,10.0,797.8,7978.0,2024-05-12
2024051201020949,MANDU,28,4,10.0,796.0,7960.0,2024-05-12
2024051201020948,MANDU,28,55,10.0,796.0,7960.0,2024-05-12
2024051203014450,CFCL,6,34,50.0,395.0,19750.0,2024-05-12
2024051203014449,GUFL,32,34,20.0,708.0,14160.0,2024-05-12
2024051204009204,CGH,49,52,70.0,790.2,55314.0,2024-05-12
2024051201020947,TPC,88,45,35.0,460.1,16103.5,2024-05-12
2024051203014448,JFL,45,34,50.0,509.1,25455.0,2024-05-12
2024051201020946,NESDO,4,49,10.0,1748.0,17480.0,2024-05-12
2024051204009203,HDHPC,49,48,250.0,130.9,32725.0,2024-05-12
2024051204009202,RHPL,25,62,10.0,269.0,2690.0,2024-05-12
2024051205004113,NIFRA,19,48,166.0,193.1,32054.6,2024-05-12
2024051205004112,NIFRA,48,48,446.0,193.2,86167.2,2024-05-12
2024051205004111,NIFRA,16,48,29.0,193.3,5605.7,2024-05-12
2024051205004110,NIFRA,57,48,339.0,193.4,65562.6,2024-05-12
2024051203014447,CBBL,11,48,25.0,817.1,20427.5,2024-05-12
2024051204009201,NIL,45,13,438.0,795.0,348210.0,2024-05-12
2024051204009200,NIL,64,13,35.0,795.1,27828.5,2024-05-12
2024051204009199,NIL,42,13,27.0,797.0,21519.0,2024-05-12
2024051204009198,NIL,39,13,500.0,798.0,399000.0,2024-05-12
2024051205004109,HRL,42,55,220.0,567.0,124740.0,2024-05-12
2024051205004108,HRL,42,38,10.0,567.0,5670.0,2024-05-12
2024051205004107,HRL,42,34,30.0,566.4,16992.0,2024-05-12
2024051201020945,NWCL,49,77,10.0,749.0,7490.0,2024-05-12
2024051201020944,HHL,58,58,40.0,336.9,13476.0,2024-05-12
2024051203014446,NFS,38,17,185.0,533.0,98605.0,2024-05-12
2024051204009197,IGI,42,19,90.0,535.0,48150.0,2024-05-12
2024051201020943,ILI,49,38,20.0,537.4,10748.0,2024-05-12
2024051201020942,BEDC,57,13,41.0,363.0,14883.0,2024-05-12
2024051204009196,UMHL,22,57,500.0,226.5,113250.0,2024-05-12
2024051203014445,KSBBL,6,11,279.0,377.0,105183.0,2024-05-12
2024051203014444,NLIC,14,26,64.0,575.0,36800.0,2024-05-12
2024051201020941,BNHC,70,51,35.0,454.0,15890.0,2024-05-12
2024051205004106,NMB50,38,78,1000.0,9.6,9600.0,2024-05-12
2024051201020940,CITY,22,38,10.0,612.0,6120.0,2024-05-12
2024051203014443,BFC,14,49,25.0,395.0,9875.0,2024-05-12
2024051203014442,BFC,14,49,50.0,395.0,19750.0,2024-05-12
2024051203014441,BFC,42,49,62.0,395.0,24490.0,2024-05-12
2024051203014440,DDBL,8,55,12.0,695.0,8340.0,2024-05-12
2024051201020939,BHPL,35,71,70.0,545.0,38150.0,2024-05-12
2024051201020938,BHPL,35,53,90.0,544.9,49041.0,2024-05-12
2024051201020937,BHPL,35,20,100.0,544.7,54470.0,2024-05-12
2024051201020936,BHPL,35,71,50.0,543.0,27150.0,2024-05-12
2024051201020935,BHPL,35,66,20.0,542.1,10842.0,2024-05-12
2024051201020934,BHPL,35,71,50.0,542.0,27100.0,2024-05-12
2024051201020933,BHPL,35,25,100.0,541.6,54160.0,2024-05-12
2024051201020932,BHPL,35,66,20.0,541.6,10832.0,2024-05-12
2024051205004105,HRL,47,58,20.0,566.1,11322.0,2024-05-12
2024051203014439,PFL,61,43,210.0,656.0,137760.0,2024-05-12
2024051203014438,PFL,61,43,500.0,656.0,328000.0,2024-05-12
2024051203014437,PFL,75,43,90.0,656.0,59040.0,2024-05-12
2024051203014436,PFL,17,43,200.0,656.1,131220.0,2024-05-12
2024051204009195,SHEL,29,58,110.0,147.4,16214.0,2024-05-12
2024051203014435,SADBL,36,57,100.0,318.7,31870.0,2024-05-12
2024051204009194,AKPL,50,45,1000.0,163.0,163000.0,2024-05-12
2024051204009193,PRIN,38,32,38.0,787.0,29906.0,2024-05-12
2024051204009192,PRIN,47,32,250.0,787.0,196750.0,2024-05-12
2024051204009191,PRIN,14,32,100.0,787.0,78700.0,2024-05-12
2024051204009190,PRIN,21,32,400.0,788.0,315200.0,2024-05-12
2024051204009189,PRIN,35,32,100.0,788.0,78800.0,2024-05-12
2024051204009188,PRIN,56,32,500.0,788.1,394050.0,2024-05-12
2024051204009187,PRIN,36,32,187.0,788.1,147374.7,2024-05-12
2024051204009186,PRIN,57,32,169.0,789.0,133341.0,2024-05-12
2024051201020931,CYCL,57,37,20.0,1506.2,30124.0,2024-05-12
2024051201020930,SARBTM,66,32,10.0,775.0,7750.0,2024-05-12
2024051201020929,SARBTM,38,32,100.0,775.1,77510.0,2024-05-12
2024051201020928,SARBTM,42,32,90.0,775.1,69759.0,2024-05-12
2024051201020927,MKHL,56,49,10.0,411.1,4111.0,2024-05-12
2024051201020926,SMHL,65,17,500.0,424.0,212000.0,2024-05-12
2024051201020925,SMHL,36,17,500.0,424.1,212050.0,2024-05-12
2024051204009185,SSHL,17,54,10.0,160.0,1600.0,2024-05-12
2024051204009184,SSHL,17,45,60.0,159.0,9540.0,2024-05-12
2024051204009183,NGPL,14,39,200.0,300.5,60100.0,2024-05-12
2024051203014434,SINDU,13,69,100.0,390.0,39000.0,2024-05-12
2024051201020924,CITY,42,22,10.0,614.0,6140.0,2024-05-12
2024051201020923,CITY,42,38,10.0,614.0,6140.0,2024-05-12
2024051201020922,CITY,42,67,30.0,614.0,18420.0,2024-05-12
2024051203014433,SIFC,81,56,139.0,424.0,58936.0,2024-05-12
2024051203014432,SAPDBL,51,42,100.0,331.5,33150.0,2024-05-12
2024051203014431,MERO,54,46,50.0,666.0,33300.0,2024-05-12
2024051201020921,ILI,11,38,20.0,537.1,10742.0,2024-05-12
2024051201020920,ILI,58,38,30.0,537.3,16119.0,2024-05-12
2024051201020919,ILI,56,38,10.0,537.3,5373.0,2024-05-12
2024051201020918,ILI,37,38,90.0,537.3,48357.0,2024-05-12
2024051203014430,SIFC,45,22,10.0,425.0,4250.0,2024-05-12
2024051204009182,JOSHI,34,8,75.0,312.2,23415.0,2024-05-12
2024051201020917,NABIL,57,32,55.0,422.0,23210.0,2024-05-12
2024051201020916,NABIL,57,49,28.0,422.0,11816.0,2024-05-12
2024051201020915,NABIL,50,49,10.0,422.0,4220.0,2024-05-12
2024051201020914,NABIL,35,49,42.0,422.0,17724.0,2024-05-12
2024051203014429,USLB,75,95,10.0,2120.0,21200.0,2024-05-12
2024051201020913,SPC,38,47,90.0,480.4,43236.0,2024-05-12
2024051201020912,SPC,59,47,10.0,482.0,4820.0,2024-05-12
2024051201020911,CZBIL,28,55,39.0,155.0,6045.0,2024-05-12
2024051203014428,CBBL,58,72,20.0,819.0,16380.0,2024-05-12
2024051204009181,UMHL,22,45,900.0,226.5,203850.0,2024-05-12
2024051204009180,UMHL,3,45,100.0,226.6,22660.0,2024-05-12
2024051201020910,BNHC,45,54,10.0,458.0,4580.0,2024-05-12
2024051203014427,WNLB,32,21,10.0,1300.0,13000.0,2024-05-12
2024051205004104,HRL,47,34,11.0,566.1,6227.1,2024-05-12
2024051205004103,HRL,13,34,30.0,566.4,16992.0,2024-05-12
2024051203014426,FMDBL,44,4,91.0,653.0,59423.0,2024-05-12
2024051204009179,OHL,7,62,45.0,755.6,34002.0,2024-05-12
2024051204009178,OHL,7,58,40.0,755.5,30220.0,2024-05-12
2024051201020909,BHPL,35,32,92.0,540.6,49735.2,2024-05-12
2024051201020908,BHPL,35,56,10.0,540.6,5406.0,2024-05-12
2024051201020907,BHPL,35,6,250.0,540.6,135150.0,2024-05-12
2024051201020906,BHPL,35,45,448.0,540.0,241920.0,2024-05-12
2024051201020905,DLBS,33,58,10.0,1183.0,11830.0,2024-05-12
2024051203014425,USLB,33,11,93.0,2150.0,199950.0,2024-05-12
2024051203014424,USLB,33,49,97.0,2142.0,207774.0,2024-05-12
2024051203014423,USLB,33,55,10.0,2142.0,21420.0,2024-05-12
2024051201020904,GCIL,50,25,470.0,481.0,226070.0,2024-05-12
2024051201020903,GCIL,48,25,20.0,481.1,9622.0,2024-05-12
2024051201020902,GCIL,48,25,10.0,481.2,4812.0,2024-05-12
2024051203014422,GBBL,42,32,74.0,366.1,27091.4,2024-05-12
2024051204009177,AKPL,57,35,200.0,163.5,32700.0,2024-05-12
2024051204009176,NGPL,62,57,500.0,300.2,150100.0,2024-05-12
2024051201020901,SCB,17,41,10.0,523.5,5235.0,2024-05-12
2024051201020900,ANLB,14,43,10.0,2019.8,20198.0,2024-05-12
2024051201020899,RFPL,84,42,760.0,332.1,252396.0,2024-05-12
2024051201020898,SONA,95,68,10.0,442.2,4422.0,2024-05-12
2024051203014421,ALICL,41,28,124.0,559.9,69427.6,2024-05-12
2024051203014420,ALICL,41,28,16.0,558.9,8942.4,2024-05-12
2024051203014419,ALICL,41,11,200.0,558.0,111600.0,2024-05-12
2024051203014418,ALICL,41,33,50.0,558.0,27900.0,2024-05-12
2024051203014417,ALICL,41,29,10.0,558.0,5580.0,2024-05-12
2024051203014416,SADBL,19,59,455.0,318.5,144917.5,2024-05-12
2024051203014415,SADBL,6,59,50.0,318.5,15925.0,2024-05-12
2024051204009175,UPCL,49,49,26.0,189.0,4914.0,2024-05-12
2024051204009174,UPCL,34,49,200.0,189.0,37800.0,2024-05-12
2024051204009173,UPCL,44,49,46.0,189.0,8694.0,2024-05-12
2024051204009172,UPCL,38,49,270.0,189.0,51030.0,2024-05-12
2024051204009171,UPCL,68,49,958.0,189.1,181157.8,2024-05-12
2024051201020897,HDL,34,19,10.0,1288.3,12883.0,2024-05-12
2024051203014414,GUFL,32,11,15.0,708.0,10620.0,2024-05-12
2024051203014413,PMLI,7,48,20.0,503.9,10078.0,2024-05-12
2024051201020896,BHPL,35,45,52.0,540.0,28080.0,2024-05-12
2024051201020895,BHPL,35,45,10.0,540.0,5400.0,2024-05-12
2024051201020894,BHPL,35,53,90.0,539.8,48582.0,2024-05-12
2024051201020893,BHPL,35,34,10.0,539.5,5395.0,2024-05-12
2024051201020892,BHPL,35,38,500.0,539.0,269500.0,2024-05-12
2024051201020891,BHPL,35,21,60.0,539.0,32340.0,2024-05-12
2024051201020890,BHPL,35,56,78.0,538.8,42026.4,2024-05-12
2024051203014412,KSBBL,57,43,163.0,376.0,61288.0,2024-05-12
2024051203014411,KSBBL,42,43,240.0,376.0,90240.0,2024-05-12
2024051203014410,KSBBL,58,43,27.0,376.1,10154.7,2024-05-12
2024051203014409,KSBBL,22,43,70.0,376.2,26334.0,2024-05-12
2024051203014408,SKBBL,52,41,67.0,802.0,53734.0,2024-05-12
2024051203014407,GBLBS,89,36,100.0,770.1,77010.0,2024-05-12
2024051203014406,NFS,59,17,30.0,533.0,15990.0,2024-05-12
2024051201020889,RNLI,35,38,50.0,427.1,21355.0,2024-05-12
2024051201020888,SPC,71,50,40.0,485.0,19400.0,2024-05-12
2024051203014405,NABBC,62,58,1000.0,464.0,464000.0,2024-05-12
2024051201020887,SBL,14,6,10.0,223.0,2230.0,2024-05-12
2024051203014404,GILB,62,14,10.0,1125.0,11250.0,2024-05-12
2024051203014403,GILB,45,14,74.0,1125.0,83250.0,2024-05-12
2024051203014402,PFL,17,42,1000.0,656.1,656100.0,2024-05-12
2024051203014401,PFL,46,42,50.0,657.0,32850.0,2024-05-12
2024051203014400,PFL,19,42,56.0,657.0,36792.0,2024-05-12
2024051203014399,PFL,42,42,100.0,657.4,65740.0,2024-05-12
2024051203014398,PFL,48,42,25.0,658.0,16450.0,2024-05-12
2024051201020886,CLI,6,26,10.0,451.7,4517.0,2024-05-12
2024051203014397,RLFL,41,7,314.0,385.4,121015.6,2024-05-12
2024051203014396,RLFL,42,7,150.0,385.4,57810.0,2024-05-12
2024051203014395,RLFL,42,7,66.0,385.5,25443.0,2024-05-12
2024051204009170,SICL,7,41,71.0,686.8,48762.8,2024-05-12
2024051204009169,SICL,7,65,75.0,686.0,51450.0,2024-05-12
2024051203014394,SADBL,33,57,20.0,318.7,6374.0,2024-05-12
2024051203014393,MPFL,51,45,200.0,450.0,90000.0,2024-05-12
2024051201020885,MANDU,28,58,10.0,788.0,7880.0,2024-05-12
2024051201020884,NICGF2,10,22,100.0,7.86,786.0,2024-05-12
2024051201020883,NICGF2,10,11,100.0,7.84,784.0,2024-05-12
2024051203014392,SHINE,8,52,20.0,390.9,7818.0,2024-05-12
2024051204009168,API,45,25,10.0,167.0,1670.0,2024-05-12
2024051204009167,API,38,25,10.0,167.0,1670.0,2024-05-12
2024051201020882,CZBIL,49,55,17.0,155.0,2635.0,2024-05-12
2024051205004102,CHDC,13,17,20.0,694.0,13880.0,2024-05-12
2024051201020881,PPL,32,74,90.0,508.1,45729.0,2024-05-12
2024051201020880,PPL,17,74,110.0,508.2,55902.0,2024-05-12
2024051201020879,DOLTI,38,5,113.0,425.0,48025.0,2024-05-12
2024051201020878,DOLTI,42,5,60.0,425.1,25506.0,2024-05-12
2024051201020877,DOLTI,58,5,15.0,425.6,6384.0,2024-05-12
2024051201020876,DOLTI,22,5,30.0,425.6,12768.0,2024-05-12
2024051201020875,DOLTI,52,5,82.0,428.0,35096.0,2024-05-12
2024051201020874,USHEC,38,5,540.0,365.9,197586.0,2024-05-12
2024051201020873,USHEC,58,5,200.0,366.0,73200.0,2024-05-12
2024051201020872,USHEC,49,5,50.0,367.0,18350.0,2024-05-12
2024051203014391,ACLBSL,19,19,11.0,874.0,9614.0,2024-05-12
2024051201020871,SMJC,63,45,20.0,349.0,6980.0,2024-05-12
2024051201020870,MAKAR,36,26,20.0,357.0,7140.0,2024-05-12
2024051201020869,MAKAR,18,26,330.0,357.0,117810.0,2024-05-12
2024051201020868,SONA,4,35,327.0,443.9,145155.3,2024-05-12
2024051201020867,SONA,4,22,18.0,443.8,7988.4,2024-05-12
2024051203014390,GUFL,41,35,397.0,708.0,281076.0,2024-05-12
2024051205004101,NIFRA,57,35,50.0,193.4,9670.0,2024-05-12
2024051203014389,WNLB,11,21,32.0,1300.0,41600.0,2024-05-12
2024051204009166,MHNL,58,72,128.0,225.0,28800.0,2024-05-12
2024051205004100,NRN,57,17,10.0,486.0,4860.0,2024-05-12
2024051204009165,JOSHI,74,42,100.0,314.0,31400.0,2024-05-12
2024051201020866,AVYAN,42,53,20.0,815.0,16300.0,2024-05-12
2024051203014388,SHINE,8,58,50.0,390.9,19545.0,2024-05-12
2024051203014387,SHINE,48,58,250.0,390.9,97725.0,2024-05-12
2024051201020865,MKHL,56,58,45.0,411.1,18499.5,2024-05-12
2024051201020864,MKHL,19,58,40.0,411.1,16444.0,2024-05-12
2024051203014386,SLBBL,74,45,50.0,712.0,35600.0,2024-05-12
2024051203014385,SLBBL,42,45,50.0,712.0,35600.0,2024-05-12
2024051201020863,SARBTM,34,41,189.0,777.0,146853.0,2024-05-12
2024051201020862,SARBTM,34,18,40.0,777.0,31080.0,2024-05-12
2024051201020861,SARBTM,34,46,66.0,777.0,51282.0,2024-05-12
2024051203014384,SDLBSL,57,51,50.0,899.0,44950.0,2024-05-12
2024051201020860,SNLI,7,49,32.0,458.2,14662.4,2024-05-12
2024051201020859,PCBL,1,6,21.0,191.8,4027.8,2024-05-12
2024051204009164,LEC,11,54,10.0,178.0,1780.0,2024-05-12
2024051204009163,NGPL,62,88,430.0,300.2,129086.0,2024-05-12
2024051204009162,NGPL,25,88,70.0,300.2,21014.0,2024-05-12
2024051204009161,AKJCL,55,56,100.0,203.0,20300.0,2024-05-12
2024051204009160,AKJCL,41,56,100.0,203.1,20310.0,2024-05-12
2024051204009159,AKJCL,42,56,100.0,203.1,20310.0,2024-05-12
2024051204009158,AKJCL,5,56,90.0,203.2,18288.0,2024-05-12
2024051201020858,MHCL,42,34,10.0,360.0,3600.0,2024-05-12
2024051201020857,BHPL,35,13,91.0,538.5,49003.5,2024-05-12
2024051201020856,BHPL,35,50,620.0,538.5,333870.0,2024-05-12
2024051201020855,BHPL,35,66,89.0,538.5,47926.5,2024-05-12
2024051204009157,AHPC,38,6,653.0,155.9,101802.7,2024-05-12
2024051204009156,AHPC,38,55,247.0,155.9,38507.3,2024-05-12
2024051204009155,AHPC,38,57,100.0,155.8,15580.0,2024-05-12
2024051201020854,MEL,58,52,140.0,230.7,32298.0,2024-05-12
2024051201020853,MEL,58,52,300.0,230.5,69150.0,2024-05-12
2024051201020852,MEL,58,43,560.0,230.4,129024.0,2024-05-12
2024051203014383,PROFL,58,6,20.0,341.0,6820.0,2024-05-12
2024051203014382,RSDC,10,48,50.0,720.5,36025.0,2024-05-12
2024051204009154,PRIN,43,57,95.0,788.5,74907.5,2024-05-12
2024051201020851,NWCL,49,44,25.0,749.0,18725.0,2024-05-12
2024051201020850,NWCL,49,56,30.0,749.0,22470.0,2024-05-12
2024051201020849,TAMOR,62,22,10.0,356.0,3560.0,2024-05-12
2024051201020848,TAMOR,62,43,200.0,356.0,71200.0,2024-05-12
2024051201020847,TAMOR,62,39,10.0,355.0,3550.0,2024-05-12
2024051201020846,TAMOR,62,45,10.0,355.0,3550.0,2024-05-12
2024051201020845,TAMOR,62,42,10.0,355.0,3550.0,2024-05-12
2024051201020844,TAMOR,62,35,10.0,353.8,3538.0,2024-05-12
2024051201020843,SRLI,51,14,50.0,439.0,21950.0,2024-05-12
2024051201020842,SMH,36,69,17.0,645.0,10965.0,2024-05-12
2024051203014381,NLIC,14,38,61.0,575.0,35075.0,2024-05-12
2024051203014380,NLIC,1,38,44.0,575.0,25300.0,2024-05-12
2024051203014379,NLIC,58,38,25.0,575.0,14375.0,2024-05-12
2024051203014378,NADEP,14,45,86.0,753.0,64758.0,2024-05-12
2024051204009153,SHEL,29,48,10.0,147.4,1474.0,2024-05-12
2024051201020841,SNLI,7,57,10.0,458.2,4582.0,2024-05-12
2024051201020840,EBL,77,4,15.0,500.0,7500.0,2024-05-12
2024051201020839,EBL,77,11,30.0,500.0,15000.0,2024-05-12
2024051201020838,USHEC,49,21,30.0,367.0,11010.0,2024-05-12
2024051201020837,BHDC,17,46,10.0,473.0,4730.0,2024-05-12
2024051204009152,JOSHI,38,42,110.0,314.0,34540.0,2024-05-12
2024051204009151,JOSHI,38,48,90.0,313.0,28170.0,2024-05-12
2024051204009150,NICL,52,22,28.0,843.8,23626.4,2024-05-12
2024051204009149,NICL,52,48,12.0,842.0,10104.0,2024-05-12
2024051204009148,NICL,52,49,10.0,842.0,8420.0,2024-05-12
2024051203014377,GMFIL,34,29,124.0,406.7,50430.8,2024-05-12
2024051203014376,SKBBL,32,44,30.0,803.0,24090.0,2024-05-12
2024051201020836,RFPL,84,22,10.0,332.1,3321.0,2024-05-12
2024051201020835,RFPL,58,22,10.0,332.2,3322.0,2024-05-12
2024051204009147,BARUN,35,57,151.0,217.3,32812.3,2024-05-12
2024051204009146,BARUN,46,57,99.0,217.4,21522.6,2024-05-12
2024051204009145,BARUN,35,57,150.0,217.5,32625.0,2024-05-12
2024051204009144,TRH,49,58,10.0,738.0,7380.0,2024-05-12
2024051201020834,NWCL,62,56,470.0,749.0,352030.0,2024-05-12
2024051201020833,NWCL,62,56,1000.0,749.0,749000.0,2024-05-12
2024051201020832,NWCL,62,22,10.0,749.0,7490.0,2024-05-12
2024051201020831,NWCL,62,46,10.0,749.0,7490.0,2024-05-12
2024051201020830,NWCL,62,4,10.0,748.8,7488.0,2024-05-12
2024051201020829,NESDO,4,17,15.0,1748.0,26220.0,2024-05-12
2024051204009143,GLH,17,16,10.0,204.0,2040.0,2024-05-12
2024051201020828,CLI,34,54,10.0,451.6,4516.0,2024-05-12
2024051201020827,MKCL,56,58,10.0,840.0,8400.0,2024-05-12
2024051201020826,MKCL,56,58,10.0,840.0,8400.0,2024-05-12
2024051201020825,MKCL,56,49,10.0,840.0,8400.0,2024-05-12
2024051201020824,MKCL,56,56,10.0,840.0,8400.0,2024-05-12
2024051201020823,MKCL,56,35,10.0,840.0,8400.0,2024-05-12
2024051201020822,MKCL,56,42,10.0,840.0,8400.0,2024-05-12
2024051201020821,MKCL,56,34,80.0,839.0,67120.0,2024-05-12
2024051201020820,MKCL,56,48,10.0,839.0,8390.0,2024-05-12
2024051201020819,AHL,42,55,12.0,439.8,5277.6,2024-05-12
2024051201020818,AHL,42,58,28.0,439.7,12311.6,2024-05-12
2024051201020817,AHL,42,39,10.0,437.0,4370.0,2024-05-12
2024051201020816,BHPL,35,66,211.0,538.5,113623.5,2024-05-12
2024051201020815,BHPL,35,14,50.0,538.0,26900.0,2024-05-12
2024051201020814,BHPL,35,34,40.0,538.0,21520.0,2024-05-12
2024051201020813,BHPL,35,35,100.0,538.0,53800.0,2024-05-12
2024051201020812,BHPL,35,33,40.0,538.0,21520.0,2024-05-12
2024051201020811,BHPL,35,35,129.0,538.0,69402.0,2024-05-12
2024051201020810,BHPL,35,53,70.0,537.8,37646.0,2024-05-12
2024051201020809,BHPL,35,20,100.0,537.7,53770.0,2024-05-12
2024051201020808,BHPL,35,20,50.0,534.9,26745.0,2024-05-12
2024051201020807,BHPL,35,16,10.0,534.0,5340.0,2024-05-12
2024051201020806,USHEC,49,61,10.0,367.0,3670.0,2024-05-12
2024051203014375,SFCL,57,35,100.0,343.0,34300.0,2024-05-12
2024051203014374,SFCL,4,35,50.0,343.0,17150.0,2024-05-12
2024051201020805,ILI,36,38,26.0,537.4,13972.4,2024-05-12
2024051201020804,ILI,36,84,74.0,537.4,39767.6,2024-05-12
2024051205004099,HIDCL,58,50,461.0,160.6,74036.6,2024-05-12
2024051205004098,HIDCL,34,50,300.0,160.6,48180.0,2024-05-12
2024051205004097,HIDCL,44,50,139.0,160.6,22323.4,2024-05-12
2024051204009142,NIL,6,29,45.0,801.5,36067.5,2024-05-12
2024051201020803,SGHC,62,48,18.0,311.2,5601.6,2024-05-12
2024051201020802,SGHC,35,48,100.0,311.5,31150.0,2024-05-12
2024051201020801,SGHC,47,48,292.0,312.0,91104.0,2024-05-12
2024051201020800,SGHC,21,48,90.0,312.0,28080.0,2024-05-12
2024051204009141,RURU,58,48,330.0,503.5,166155.0,2024-05-12
2024051204009140,HDHPC,58,48,348.0,130.9,45553.2,2024-05-12
2024051203014373,GBLBS,57,10,10.0,774.0,7740.0,2024-05-12
2024051201020799,GBIME,49,7,36.0,174.0,6264.0,2024-05-12
2024051203014372,GMFIL,34,16,222.0,406.7,90287.4,2024-05-12
2024051204009139,MEN,16,34,10.0,524.0,5240.0,2024-05-12
2024051203014371,MNBBL,74,47,100.0,349.0,34900.0,2024-05-12
2024051201020798,GCIL,14,39,111.0,481.5,53446.5,2024-05-12
2024051204009138,UPPER,14,63,300.0,162.2,48660.0,2024-05-12
2024051203014370,SJLIC,38,54,20.0,410.4,8208.0,2024-05-12
2024051203014369,USLB,33,45,100.0,2140.0,214000.0,2024-05-12
2024051203014368,USLB,33,55,100.0,2132.0,213200.0,2024-05-12
2024051203014367,USLB,33,48,40.0,2130.0,85200.0,2024-05-12
2024051203014366,USLB,33,45,100.0,2130.0,213000.0,2024-05-12
2024051203014365,USLB,33,55,10.0,2129.0,21290.0,2024-05-12
2024051203014364,USLB,33,45,100.0,2124.0,212400.0,2024-05-12
2024051203014363,USLB,33,62,10.0,2121.6,21216.0,2024-05-12
2024051203014362,USLB,33,55,100.0,2121.0,212100.0,2024-05-12
2024051203014361,USLB,33,55,231.0,2121.0,489951.0,2024-05-12
2024051201020797,SONA,36,56,10.0,442.5,4425.0,2024-05-12
2024051203014360,KSBBL,45,14,80.0,377.6,30208.0,2024-05-12
2024051203014359,KSBBL,45,38,20.0,377.5,7550.0,2024-05-12
2024051201020796,RNLI,57,45,10.0,427.0,4270.0,2024-05-12
2024051203014358,GUFL,41,58,240.0,708.0,169920.0,2024-05-12
2024051204009137,HEI,66,50,129.0,607.0,78303.0,2024-05-12
2024051204009136,HEI,66,14,100.0,606.5,60650.0,2024-05-12
2024051204009135,HEI,66,53,100.0,605.0,60500.0,2024-05-12
2024051204009134,HEI,66,4,258.0,605.0,156090.0,2024-05-12
2024051204009133,HEI,66,49,25.0,605.0,15125.0,2024-05-12
2024051204009132,HEI,66,33,50.0,605.0,30250.0,2024-05-12
2024051204009131,HEI,66,35,138.0,605.0,83490.0,2024-05-12
2024051204009130,HEI,66,33,200.0,604.9,120980.0,2024-05-12
2024051201020795,ILI,37,49,60.0,537.3,32238.0,2024-05-12
2024051201020794,SANIMA,50,1,12.0,236.0,2832.0,2024-05-12
2024051201020793,SANIMA,42,1,88.0,236.0,20768.0,2024-05-12
2024051203014357,HLI,58,74,10.0,383.5,3835.0,2024-05-12
2024051201020792,RNLI,57,7,11.0,427.0,4697.0,2024-05-12
2024051203014356,FMDBL,44,42,28.0,652.8,18278.4,2024-05-12
2024051204009129,SHL,55,35,100.0,443.6,44360.0,2024-05-12
2024051201020791,PCBL,13,21,335.0,191.2,64052.0,2024-05-12
2024051201020790,TPC,47,52,90.0,460.2,41418.0,2024-05-12
2024051201020789,PHCL,52,48,10.0,284.2,2842.0,2024-05-12
2024051203014355,FMDBL,38,42,24.0,652.8,15667.2,2024-05-12
2024051203014354,FMDBL,54,42,20.0,652.8,13056.0,2024-05-12
2024051201020788,JBLB,55,3,15.0,1308.0,19620.0,2024-05-12
2024051205004096,HRL,13,56,10.0,566.4,5664.0,2024-05-12
2024051204009128,CHL,25,56,15.0,309.1,4636.5,2024-05-12
2024051203014353,PMLI,7,48,10.0,503.0,5030.0,2024-05-12
2024051203014352,PMLI,7,58,10.0,503.0,5030.0,2024-05-12
2024051204009127,NLG,29,28,500.0,754.2,377100.0,2024-05-12
2024051204009126,NLG,44,28,200.0,754.3,150860.0,2024-05-12
2024051204009125,NLG,44,28,200.0,754.3,150860.0,2024-05-12
2024051204009124,NLG,14,28,37.0,755.0,27935.0,2024-05-12
2024051204009123,NLG,62,28,10.0,755.0,7550.0,2024-05-12
2024051204009122,NLG,4,28,10.0,755.0,7550.0,2024-05-12
2024051204009121,NLG,45,28,19.0,755.1,14346.9,2024-05-12
2024051204009120,NLG,45,28,14.0,755.1,10571.4,2024-05-12
2024051204009119,NLG,25,28,40.0,755.5,30220.0,2024-05-12
2024051201020787,SAHAS,52,47,10.0,486.8,4868.0,2024-05-12
2024051204009118,NHPC,35,41,299.0,142.5,42607.5,2024-05-12
2024051201020786,MHCL,6,35,60.0,358.0,21480.0,2024-05-12
2024051201020785,MHCL,17,35,135.0,358.1,48343.5,2024-05-12
2024051201020784,ILI,38,84,200.0,537.4,107480.0,2024-05-12
2024051201020783,SNLI,58,36,90.0,459.0,41310.0,2024-05-12
2024051201020782,SNLI,58,35,10.0,458.5,4585.0,2024-05-12
2024051203014351,LBBL,34,33,10.0,377.0,3770.0,2024-05-12
2024051205004095,BBC,49,43,10.0,3700.0,37000.0,2024-05-12
2024051203014350,EDBL,14,71,10.0,389.5,3895.0,2024-05-12
2024051204009117,RHPL,56,40,10.0,265.2,2652.0,2024-05-12
2024051205004094,CIT,21,37,20.0,2072.0,41440.0,2024-05-12
2024051203014349,CFCL,45,34,10.0,395.0,3950.0,2024-05-12
2024051204009116,NICL,45,49,50.0,842.0,42100.0,2024-05-12
2024051201020781,SNLI,7,58,10.0,458.2,4582.0,2024-05-12
2024051201020780,TAMOR,45,58,10.0,353.7,3537.0,2024-05-12
2024051201020779,SARBTM,66,94,310.0,775.0,240250.0,2024-05-12
2024051204009115,UPCL,68,17,42.0,189.1,7942.2,2024-05-12
2024051203014348,SAPDBL,34,55,150.0,331.2,49680.0,2024-05-12
2024051203014347,GMFBS,57,7,50.0,1147.0,57350.0,2024-05-12
2024051204009114,PPCL,16,51,50.0,225.1,11255.0,2024-05-12
2024051203014346,GUFL,41,10,299.0,708.0,211692.0,2024-05-12
2024051201020778,IHL,34,58,10.0,376.3,3763.0,2024-05-12
2024051201020777,HBL,58,22,56.0,172.5,9660.0,2024-05-12
2024051201020776,SAHAS,52,49,10.0,486.8,4868.0,2024-05-12
2024051203014345,CFCL,66,17,100.0,394.1,39410.0,2024-05-12
2024051201020775,USHL,53,46,10.0,460.0,4600.0,2024-05-12
2024051201020774,USHL,53,58,10.0,457.0,4570.0,2024-05-12
2024051203014344,ILBS,45,54,60.0,1355.0,81300.0,2024-05-12
2024051203014343,ILBS,45,54,10.0,1359.0,13590.0,2024-05-12
2024051201020773,LSL,25,25,20.0,146.5,2930.0,2024-05-12
2024051201020772,BHDC,17,52,10.0,473.0,4730.0,2024-05-12
2024051201020771,HATHY,45,38,12.0,816.2,9794.4,2024-05-12
2024051201020770,SARBTM,66,45,10.0,775.0,7750.0,2024-05-12
2024051201020769,AVYAN,62,34,390.0,817.9,318981.0,2024-05-12
2024051201020768,SRLI,49,65,110.0,439.9,48389.0,2024-05-12
2024051201020767,ULHC,55,42,200.0,320.0,64000.0,2024-05-12
2024051204009113,HDHPC,48,45,205.0,130.6,26773.0,2024-05-12
2024051204009112,HDHPC,49,45,255.0,130.6,33303.0,2024-05-12
2024051201020766,NMB,26,58,75.0,170.2,12765.0,2024-05-12
2024051203014342,GMFIL,34,65,1000.0,406.8,406800.0,2024-05-12
2024051203014341,GUFL,41,81,100.0,708.0,70800.0,2024-05-12
2024051203014340,ALBSL,95,36,25.0,816.0,20400.0,2024-05-12
2024051203014339,ALBSL,41,36,50.0,816.0,40800.0,2024-05-12
2024051201020765,SMJC,63,48,200.0,346.6,69320.0,2024-05-12
2024051201020764,MKCL,42,32,10.0,833.0,8330.0,2024-05-12
2024051201020763,BNT,62,45,10.0,12690.0,126900.0,2024-05-12
2024051204009111,HEI,22,58,100.0,604.0,60400.0,2024-05-12
2024051203014338,SIFC,81,26,161.0,424.0,68264.0,2024-05-12
2024051203014337,SIFC,45,26,100.0,424.0,42400.0,2024-05-12
2024051203014336,SIFC,49,26,19.0,424.0,8056.0,2024-05-12
2024051203014335,SIFC,45,26,200.0,425.0,85000.0,2024-05-12
2024051203014334,SIFC,45,26,20.0,425.0,8500.0,2024-05-12
2024051201020762,CITY,16,44,50.0,610.6,30530.0,2024-05-12
2024051201020761,CITY,35,44,50.0,611.0,30550.0,2024-05-12
2024051205004093,HIDCL,43,72,818.0,161.0,131698.0,2024-05-12
2024051203014333,DDBL,33,45,25.0,699.0,17475.0,2024-05-12
2024051203014332,DDBL,33,6,87.0,699.0,60813.0,2024-05-12
2024051203014331,PFL,19,41,52.0,657.0,34164.0,2024-05-12
2024051203014330,PFL,73,41,20.0,657.0,13140.0,2024-05-12
2024051203014329,PFL,44,41,200.0,657.3,131460.0,2024-05-12
2024051203014328,PFL,63,41,500.0,660.0,330000.0,2024-05-12
2024051201020760,CYCL,57,29,30.0,1506.2,45186.0,2024-05-12
2024051201020759,CYCL,35,29,30.0,1506.2,45186.0,2024-05-12
2024051201020758,CYCL,58,29,20.0,1507.0,30140.0,2024-05-12
2024051201020757,CYCL,48,29,90.0,1507.2,135648.0,2024-05-12
2024051203014327,SLBBL,3,45,100.0,712.1,71210.0,2024-05-12
2024051203014326,SLBBL,57,45,100.0,712.1,71210.0,2024-05-12
2024051201020756,HDL,58,45,31.0,1289.0,39959.0,2024-05-12
2024051204009110,GLH,49,52,138.0,201.0,27738.0,2024-05-12
2024051203014325,NFS,41,17,20.0,533.0,10660.0,2024-05-12
2024051203014324,NFS,81,17,500.0,533.0,266500.0,2024-05-12
2024051203014323,NFS,34,17,70.0,533.0,37310.0,2024-05-12
2024051203014322,NFS,50,17,10.0,533.0,5330.0,2024-05-12
2024051203014321,NFS,42,17,50.0,533.0,26650.0,2024-05-12
2024051203014320,NFS,45,17,100.0,533.1,53310.0,2024-05-12
2024051203014319,NFS,58,17,100.0,533.3,53330.0,2024-05-12
2024051201020755,SMJC,63,45,10.0,349.0,3490.0,2024-05-12
2024051201020754,SMJC,63,58,10.0,347.0,3470.0,2024-05-12
2024051204009109,UPPER,4,63,50.0,162.2,8110.0,2024-05-12
2024051205004092,HRL,47,56,10.0,567.0,5670.0,2024-05-12
2024051203014318,GBLBS,89,33,287.0,770.1,221018.7,2024-05-12
2024051203014317,GBLBS,89,33,500.0,770.1,385050.0,2024-05-12
2024051203014316,GBLBS,28,33,100.0,771.0,77100.0,2024-05-12
2024051203014315,GBLBS,57,33,110.0,771.0,84810.0,2024-05-12
2024051203014314,GBLBS,34,33,10.0,772.0,7720.0,2024-05-12
2024051204009108,SALICO,57,41,100.0,660.0,66000.0,2024-05-12
2024051201020753,NRM,35,36,30.0,349.7,10491.0,2024-05-12
2024051201020752,NRM,17,36,60.0,349.8,20988.0,2024-05-12
2024051201020751,NRM,35,36,10.0,349.8,3498.0,2024-05-12
2024051201020750,ILI,37,46,10.0,537.3,5373.0,2024-05-12
2024051201020749,AHL,66,52,130.0,436.0,56680.0,2024-05-12
2024051203014313,CBBL,55,48,10.0,818.0,8180.0,2024-05-12
2024051203014312,CBBL,26,48,10.0,818.0,8180.0,2024-05-12
2024051204009107,GHL,39,32,50.0,142.1,7105.0,2024-05-12
2024051204009106,MEN,66,34,145.0,524.0,75980.0,2024-05-12
2024051204009105,MEN,66,17,10.0,523.0,5230.0,2024-05-12
2024051204009104,MEN,66,84,500.0,522.9,261450.0,2024-05-12
2024051204009103,MEN,66,32,45.0,522.0,23490.0,2024-05-12
2024051204009102,MEN,66,84,500.0,522.0,261000.0,2024-05-12
2024051203014311,GUFL,41,34,350.0,708.0,247800.0,2024-05-12
2024051204009101,SGIC,13,4,100.0,541.0,54100.0,2024-05-12
2024051204009100,AKPL,50,11,33.0,163.0,5379.0,2024-05-12
2024051204009099,AKPL,94,11,10.0,163.0,1630.0,2024-05-12
2024051204009098,AKPL,17,11,100.0,163.0,16300.0,2024-05-12
2024051204009097,AKPL,8,11,857.0,163.0,139691.0,2024-05-12
2024051201020748,MEL,33,19,10.0,228.0,2280.0,2024-05-12
2024051201020747,MKHL,19,40,10.0,411.1,4111.0,2024-05-12
2024051201020746,ILI,37,72,340.0,537.3,182682.0,2024-05-12
2024051201020745,ILI,54,72,30.0,537.3,16119.0,2024-05-12
2024051203014310,BFC,21,50,50.0,395.1,19755.0,2024-05-12
2024051205004091,NIFRA,57,52,54.0,193.4,10443.6,2024-05-12
2024051204009096,RIDI,48,57,40.0,162.0,6480.0,2024-05-12
2024051201020744,SONA,3,49,50.0,442.1,22105.0,2024-05-12
2024051201020743,KDL,34,21,20.0,813.0,16260.0,2024-05-12
2024051203014309,SHINE,34,63,10.0,392.5,3925.0,2024-05-12
2024051201020742,NWCL,82,21,100.0,748.0,74800.0,2024-05-12
2024051201020741,MKHL,19,25,150.0,411.1,61665.0,2024-05-12
2024051201020740,MKHL,32,25,50.0,413.0,20650.0,2024-05-12
2024051201020739,PCBL,26,21,1000.0,191.8,191800.0,2024-05-12
2024051204009095,NICL,33,49,20.0,842.0,16840.0,2024-05-12
2024051201020738,SONA,3,39,131.0,442.1,57915.1,2024-05-12
2024051201020737,SONA,44,39,19.0,442.3,8403.7,2024-05-12
2024051203014308,WNLB,11,94,200.0,1300.0,260000.0,2024-05-12
2024051201020736,TAMOR,45,58,10.0,353.7,3537.0,2024-05-12
2024051203014307,MPFL,49,45,201.0,450.0,90450.0,2024-05-12
2024051203014306,MPFL,49,57,50.0,450.0,22500.0,2024-05-12
2024051203014305,MPFL,49,8,80.0,450.0,36000.0,2024-05-12
2024051203014304,MPFL,49,42,160.0,450.0,72000.0,2024-05-12
2024051203014303,MPFL,49,45,500.0,449.9,224950.0,2024-05-12
2024051203014302,MLBSL,5,26,10.0,1720.0,17200.0,2024-05-12
2024051201020735,NWCL,58,19,50.0,745.0,37250.0,2024-05-12
2024051201020734,NWCL,88,21,100.0,748.0,74800.0,2024-05-12
2024051203014301,KRBL,45,54,15.0,437.0,6555.0,2024-05-12
2024051203014300,KRBL,21,54,14.0,437.1,6119.4,2024-05-12
2024051201020733,NESDO,76,81,59.0,1747.1,103078.9,2024-05-12
2024051201020732,NESDO,14,81,41.0,1747.2,71635.2,2024-05-12
2024051203014299,GUFL,41,83,500.0,708.0,354000.0,2024-05-12
2024051201020731,MHL,14,75,32.0,390.0,12480.0,2024-05-12
2024051201020730,MHL,14,49,100.0,390.0,39000.0,2024-05-12
2024051201020729,MHL,14,41,90.0,390.0,35100.0,2024-05-12
2024051203014298,MLBL,4,33,135.0,333.0,44955.0,2024-05-12
2024051201020728,KBL,42,38,10.0,132.2,1322.0,2024-05-12
2024051201020727,KDL,36,72,20.0,805.0,16100.0,2024-05-12
2024051201020726,KDL,48,72,10.0,806.1,8061.0,2024-05-12
2024051203014297,BFC,57,50,100.0,395.1,39510.0,2024-05-12
2024051203014296,BFC,28,50,10.0,395.1,3951.0,2024-05-12
2024051203014295,SADBL,6,39,50.0,318.5,15925.0,2024-05-12
2024051203014294,SADBL,47,39,50.0,318.6,15930.0,2024-05-12
2024051201020725,CZBIL,58,55,20.0,155.0,3100.0,2024-05-12
2024051203014293,JFL,89,14,100.0,509.0,50900.0,2024-05-12
2024051201020724,CLI,34,34,10.0,451.6,4516.0,2024-05-12
2024051201020723,BEDC,58,8,10.0,361.3,3613.0,2024-05-12
2024051201020722,HATHY,45,19,51.0,816.2,41626.2,2024-05-12
2024051201020721,HATHY,50,19,19.0,816.3,15509.7,2024-05-12
2024051201020720,NMB,26,49,375.0,170.9,64087.5,2024-05-12
2024051201020719,RFPL,84,82,490.0,335.0,164150.0,2024-05-12
2024051201020718,RFPL,84,90,10.0,334.0,3340.0,2024-05-12
2024051201020717,RFPL,84,82,300.0,332.1,99630.0,2024-05-12
2024051201020716,RFPL,34,82,200.0,332.2,66440.0,2024-05-12
2024051203014292,GLBSL,62,64,140.0,1962.0,274680.0,2024-05-12
2024051203014291,NFS,61,4,90.0,533.4,48006.0,2024-05-12
2024051203014290,NFS,54,4,205.0,533.5,109367.5,2024-05-12
2024051203014289,NFS,37,4,100.0,534.0,53400.0,2024-05-12
2024051201020715,CITY,17,44,47.0,610.3,28684.1,2024-05-12
2024051201020714,CITY,4,44,53.0,610.5,32356.5,2024-05-12
2024051203014288,ACLBSL,26,44,50.0,873.5,43675.0,2024-05-12
2024051203014287,ACLBSL,45,44,50.0,873.5,43675.0,2024-05-12
2024051204009094,RADHI,40,59,6.0,223.5,1341.0,2024-05-12
2024051201020713,MKCL,45,53,50.0,838.0,41900.0,2024-05-12
2024051205004090,NRIC,11,17,21.0,678.1,14240.1,2024-05-12
2024051205004089,NRIC,47,17,30.0,678.1,20343.0,2024-05-12
2024051201020712,LSL,25,41,159.0,146.5,23293.5,2024-05-12
2024051204009093,RURU,58,56,100.0,503.5,50350.0,2024-05-12
2024051204009092,RURU,35,56,50.0,504.0,25200.0,2024-05-12
2024051204009091,RURU,35,56,50.0,504.1,25205.0,2024-05-12
2024051204009090,NHPC,58,33,151.0,142.1,21457.1,2024-05-12
2024051204009089,SHEL,29,29,50.0,147.4,7370.0,2024-05-12
2024051203014286,BFC,42,41,200.0,395.2,79040.0,2024-05-12
2024051201020711,SRLI,32,88,15.0,440.0,6600.0,2024-05-12
2024051201020710,SANIMA,32,51,500.0,236.5,118250.0,2024-05-12
2024051201020709,SONA,3,58,10.0,442.1,4421.0,2024-05-12
2024051203014285,LBBL,45,58,447.0,375.3,167759.1,2024-05-12
2024051201020708,CLI,57,58,10.0,451.5,4515.0,2024-05-12
2024051204009088,JOSHI,63,48,10.0,313.0,3130.0,2024-05-12
2024051203014284,KRBL,21,13,358.0,437.1,156481.8,2024-05-12
2024051203014283,KRBL,21,13,32.0,437.7,14006.4,2024-05-12
2024051203014282,KRBL,41,13,260.0,438.0,113880.0,2024-05-12
2024051201020707,BNHC,43,49,50.0,457.7,22885.0,2024-05-12
2024051204009087,CGH,42,51,10.0,791.0,7910.0,2024-05-12
2024051203014281,GRDBL,3,45,100.0,437.0,43700.0,2024-05-12
2024051204009086,HEI,22,33,200.0,604.9,120980.0,2024-05-12
2024051201020706,NBL,49,32,1475.0,202.0,297950.0,2024-05-12
2024051201020705,NBL,49,39,100.0,201.9,20190.0,2024-05-12
2024051201020704,NBL,49,57,200.0,201.9,40380.0,2024-05-12
2024051201020703,NBL,49,54,100.0,201.9,20190.0,2024-05-12
2024051201020702,NBL,49,39,90.0,201.5,18135.0,2024-05-12
2024051204009085,NGPL,25,53,130.0,300.2,39026.0,2024-05-12
2024051205004088,SMATA,72,34,80.0,925.0,74000.0,2024-05-12
2024051205004087,SMATA,72,72,100.0,925.0,92500.0,2024-05-12
2024051205004086,SMATA,72,34,20.0,925.0,18500.0,2024-05-12
2024051201020701,SNLI,57,36,100.0,459.0,45900.0,2024-05-12
2024051201020700,SNLI,58,36,35.0,459.0,16065.0,2024-05-12
2024051201020699,SNLI,58,36,190.0,459.0,87210.0,2024-05-12
2024051201020698,SAMAJ,44,29,10.0,1916.0,19160.0,2024-05-12
2024051201020697,SAMAJ,49,29,10.0,1917.0,19170.0,2024-05-12
2024051201020696,SAMAJ,21,29,40.0,1917.1,76684.0,2024-05-12
2024051201020695,SAMAJ,33,29,30.0,1920.0,57600.0,2024-05-12
2024051201020694,SAMAJ,4,29,50.0,1922.0,96100.0,2024-05-12
2024051201020693,SAMAJ,91,29,30.0,1922.2,57666.0,2024-05-12
2024051203014280,SKBBL,66,25,53.0,804.0,42612.0,2024-05-12
2024051203014279,SKBBL,66,21,47.0,803.9,37783.3,2024-05-12
2024051201020692,AVYAN,62,88,100.0,817.9,81790.0,2024-05-12
2024051201020691,AVYAN,62,17,10.0,815.0,8150.0,2024-05-12
2024051203014278,GBLBS,17,10,200.0,774.0,154800.0,2024-05-12
2024051203014277,GMFIL,34,65,290.0,406.8,117972.0,2024-05-12
2024051205004085,HRL,47,34,10.0,567.0,5670.0,2024-05-12
2024051203014276,SKBBL,10,29,5.0,788.0,3940.0,2024-05-12
2024051203014275,JFL,89,14,4000.0,509.0,2036000.0,2024-05-12
2024051205004084,HRL,13,54,10.0,566.1,5661.0,2024-05-12
2024051201020690,NABIL,35,7,458.0,422.0,193276.0,2024-05-12
2024051201020689,NABIL,49,7,10.0,422.0,4220.0,2024-05-12
2024051201020688,NABIL,11,7,10.0,422.0,4220.0,2024-05-12
2024051201020687,NABIL,65,7,1000.0,422.0,422000.0,2024-05-12
2024051201020686,NABIL,62,7,10.0,422.0,4220.0,2024-05-12
2024051201020685,NABIL,41,7,10.0,422.0,4220.0,2024-05-12
2024051201020684,NABIL,6,7,10.0,422.0,4220.0,2024-05-12
2024051201020683,NABIL,4,7,324.0,422.0,136728.0,2024-05-12
2024051203014274,DDBL,8,43,80.0,695.0,55600.0,2024-05-12
2024051203014273,DDBL,22,43,50.0,695.0,34750.0,2024-05-12
2024051203014272,NICLBSL,10,38,45.0,636.0,28620.0,2024-05-12
2024051204009084,RADHI,22,66,15.0,228.0,3420.0,2024-05-12
2024051203014271,GUFL,41,54,10.0,708.0,7080.0,2024-05-12
2024051203014270,RSDC,91,58,200.0,720.0,144000.0,2024-05-12
2024051203014269,RSDC,44,58,100.0,720.4,72040.0,2024-05-12
2024051203014268,RSDC,32,58,200.0,720.5,144100.0,2024-05-12
2024051205004083,STC,54,13,30.0,4315.0,129450.0,2024-05-12
2024051205004082,STC,54,25,10.0,4309.0,43090.0,2024-05-12
2024051205004081,STC,54,58,20.0,4309.0,86180.0,2024-05-12
2024051205004080,STC,54,56,30.0,4299.9,128997.0,2024-05-12
2024051203014267,GMFIL,34,42,100.0,406.7,40670.0,2024-05-12
2024051201020682,CITY,4,44,50.0,610.5,30525.0,2024-05-12
2024051201020681,CITY,45,44,50.0,611.1,30555.0,2024-05-12
2024051201020680,ILI,35,84,200.0,537.4,107480.0,2024-05-12
2024051201020679,ILI,42,84,410.0,537.4,220334.0,2024-05-12
2024051201020678,SNLI,58,38,50.0,459.0,22950.0,2024-05-12
2024051205004079,NIFRA,57,38,16.0,193.4,3094.4,2024-05-12
2024051201020677,SPHL,53,49,10.0,468.0,4680.0,2024-05-12
2024051201020676,SPHL,53,58,10.0,463.0,4630.0,2024-05-12
2024051203014266,GUFL,41,58,80.0,708.0,56640.0,2024-05-12
2024051201020675,NRM,35,34,10.0,349.8,3498.0,2024-05-12
2024051201020674,BHL,53,7,10.0,319.7,3197.0,2024-05-12
2024051201020673,GCIL,45,39,467.0,481.5,224860.5,2024-05-12
2024051203014265,PFL,46,45,50.0,658.0,32900.0,2024-05-12
2024051203014264,PFL,35,45,200.0,658.0,131600.0,2024-05-12
2024051203014263,PFL,25,45,100.0,659.0,65900.0,2024-05-12
2024051203014262,KSBBL,17,38,80.0,377.5,30200.0,2024-05-12
2024051205004078,HRL,57,57,20.0,566.1,11322.0,2024-05-12
2024051204009083,UPPER,35,63,150.0,162.2,24330.0,2024-05-12
2024051203014261,SFCL,13,34,10.0,345.9,3459.0,2024-05-12
2024051201020672,ULBSL,58,57,20.0,1499.0,29980.0,2024-05-12
2024051203014260,KRBL,41,55,40.0,438.0,17520.0,2024-05-12
2024051203014259,KRBL,58,55,60.0,438.0,26280.0,2024-05-12
2024051201020671,GCIL,45,47,100.0,481.5,48150.0,2024-05-12
2024051201020670,RNLI,57,49,11.0,427.0,4697.0,2024-05-12
2024051203014258,SMFBS,75,38,10.0,1240.0,12400.0,2024-05-12
2024051201020669,SHIVM,42,34,110.0,499.0,54890.0,2024-05-12
2024051201020668,MAKAR,72,34,40.0,359.5,14380.0,2024-05-12
2024051201020667,MEL,52,43,40.0,230.6,9224.0,2024-05-12
2024051201020666,MEL,52,58,10.0,228.0,2280.0,2024-05-12
2024051201020665,HDL,34,45,20.0,1288.2,25764.0,2024-05-12
2024051203014257,WNLB,11,49,10.0,1300.0,13000.0,2024-05-12
2024051203014256,JBBL,53,26,120.0,297.4,35688.0,2024-05-12
2024051203014255,JBBL,53,44,490.0,297.2,145628.0,2024-05-12
2024051203014254,JBBL,53,36,370.0,297.0,109890.0,2024-05-12
2024051203014253,JBBL,53,21,285.0,297.0,84645.0,2024-05-12
2024051203014252,JBBL,53,42,725.0,296.9,215252.5,2024-05-12
2024051203014251,JBBL,53,56,10.0,296.5,2965.0,2024-05-12
2024051204009082,GHL,39,13,743.0,142.1,105580.3,2024-05-12
2024051204009081,GHL,14,13,50.0,142.2,7110.0,2024-05-12
2024051204009080,GHL,22,13,113.0,142.2,16068.6,2024-05-12
2024051204009079,GHL,57,13,94.0,142.3,13376.2,2024-05-12
2024051205004077,NIFRA,57,58,43.0,193.4,8316.2,2024-05-12
2024051204009078,SHEL,29,11,20.0,147.4,2948.0,2024-05-12
2024051201020664,UNLB,42,54,10.0,1655.0,16550.0,2024-05-12
2024051205004076,CIT,26,37,10.0,2072.0,20720.0,2024-05-12
2024051201020663,VLUCL,42,6,10.0,456.7,4567.0,2024-05-12
2024051204009077,PRIN,36,34,90.0,790.0,71100.0,2024-05-12
2024051201020662,SARBTM,5,46,50.0,777.0,38850.0,2024-05-12
2024051201020661,SARBTM,58,46,69.0,777.0,53613.0,2024-05-12
2024051201020660,SARBTM,42,46,15.0,777.1,11656.5,2024-05-12
2024051201020659,DOLTI,52,19,58.0,428.0,24824.0,2024-05-12
2024051204009076,GLH,45,52,22.0,201.0,4422.0,2024-05-12
2024051201020658,SBI,43,1,500.0,276.7,138350.0,2024-05-12
2024051205004075,MMF1,46,7,2000.0,7.0,14000.0,2024-05-12
2024051201020657,PPL,17,35,390.0,508.2,198198.0,2024-05-12
2024051201020656,PPL,17,35,100.0,508.2,50820.0,2024-05-12
