transaction,symbol,buyer,seller,quantity,rate,amount,date
2024103004016022,MEN,22,14,100.0,709.0,70900.0,2024-10-30
2024103001018243,PPL,86,90,10.0,490.0,4900.0,2024-10-30
2024103005010925,PHCL,65,44,1900.0,548.1,1041390.0,2024-10-30
2024103004016021,SPDL,44,26,10.0,319.0,3190.0,2024-10-30
2024103005010924,NIFRA,41,13,50.0,277.0,13850.0,2024-10-30
2024103004016020,SGIC,41,49,300.0,779.9,233970.0,2024-10-30
2024103003014508,SINDU,88,11,50.0,713.9,35695.0,2024-10-30
2024103001018242,RAWA,92,88,10.0,763.9,7639.0,2024-10-30
2024103004016019,IGI,69,60,31.0,628.0,19468.0,2024-10-30
2024103004016018,IGI,42,60,250.0,628.0,157000.0,2024-10-30
2024103004016017,IGI,64,60,20.0,628.0,12560.0,2024-10-30
2024103003014507,SFCL,42,48,20.0,779.9,15598.0,2024-10-30
2024103005010923,BBC,42,35,15.0,4220.0,63300.0,2024-10-30
2024103004016016,RIDI,16,29,343.0,243.9,83657.7,2024-10-30
2024103004016015,RIDI,16,61,125.0,243.5,30437.5,2024-10-30
2024103004016014,RIDI,16,61,150.0,243.0,36450.0,2024-10-30
2024103004016013,RIDI,16,50,382.0,243.0,92826.0,2024-10-30
2024103001018241,SPC,4,50,250.0,524.0,131000.0,2024-10-30
2024103001018240,SPC,4,72,100.0,523.0,52300.0,2024-10-30
2024103001018239,SPC,4,41,150.0,520.0,78000.0,2024-10-30
2024103001018238,MHCL,4,49,10.0,424.9,4249.0,2024-10-30
2024103003014506,GRDBL,20,20,10.0,780.0,7800.0,2024-10-30
2024103001018237,MKCL,19,57,10.0,1542.0,15420.0,2024-10-30
2024103003014505,SIFC,32,16,10.0,644.9,6449.0,2024-10-30
2024103001018236,SMHL,65,14,10.0,701.3,7013.0,2024-10-30
2024103001018235,SBI,93,34,10.0,483.0,4830.0,2024-10-30
2024103004016012,LEC,51,49,60.0,277.0,16620.0,2024-10-30
2024103003014504,SADBL,33,39,50.0,427.0,21350.0,2024-10-30
2024103001018234,GBIME,42,38,516.0,254.0,131064.0,2024-10-30
2024103001018233,GBIME,59,38,278.0,254.0,70612.0,2024-10-30
2024103001018232,GBIME,51,38,10.0,254.0,2540.0,2024-10-30
2024103001018231,GBIME,52,38,50.0,254.0,12700.0,2024-10-30
2024103001018230,GBIME,28,38,36.0,254.0,9144.0,2024-10-30
2024103001018229,GBIME,57,38,100.0,254.0,25400.0,2024-10-30
2024103001018228,GBIME,13,38,10.0,254.0,2540.0,2024-10-30
2024103003014503,NMFBS,45,38,10.0,1436.5,14365.0,2024-10-30
2024103004016011,NHPC,4,59,100.0,227.8,22780.0,2024-10-30
2024103001018227,MBL,39,34,10.0,253.3,2533.0,2024-10-30
2024103005010922,NRIC,41,56,10.0,799.0,7990.0,2024-10-30
2024103005010921,PHCL,65,41,60.0,548.1,32886.0,2024-10-30
2024103005010920,PHCL,32,41,50.0,548.5,27425.0,2024-10-30
2024103005010919,PHCL,32,41,190.0,549.0,104310.0,2024-10-30
2024103001018226,TVCL,41,58,10.0,465.9,4659.0,2024-10-30
2024103004016010,AKPL,28,22,197.0,259.0,51023.0,2024-10-30
2024103004016009,AKPL,28,40,1000.0,259.0,259000.0,2024-10-30
2024103004016008,AKPL,28,22,10.0,259.0,2590.0,2024-10-30
2024103004016007,AKPL,28,36,100.0,258.5,25850.0,2024-10-30
2024103004016006,AKPL,28,45,145.0,258.0,37410.0,2024-10-30
2024103004016005,AKPL,28,34,58.0,258.0,14964.0,2024-10-30
2024103004016004,AKPL,28,17,309.0,258.0,79722.0,2024-10-30
2024103004016003,AKPL,28,57,350.0,257.9,90265.0,2024-10-30
2024103004016002,AKPL,28,99,1037.0,257.5,267027.5,2024-10-30
2024103004016001,AKPL,28,53,500.0,257.5,128750.0,2024-10-30
2024103004016000,AKPL,28,40,30.0,256.0,7680.0,2024-10-30
2024103004015999,AKPL,28,57,1000.0,256.0,256000.0,2024-10-30
2024103004015998,AKPL,28,34,500.0,256.0,128000.0,2024-10-30
2024103004015997,AKPL,28,32,85.0,256.0,21760.0,2024-10-30
2024103004015996,AKPL,28,39,1000.0,256.0,256000.0,2024-10-30
2024103004015995,AKPL,28,25,549.0,256.0,140544.0,2024-10-30
2024103004015994,AKPL,28,63,300.0,255.9,76770.0,2024-10-30
2024103004015993,AKPL,28,1,500.0,255.5,127750.0,2024-10-30
2024103004015992,AKPL,28,59,2330.0,255.0,594150.0,2024-10-30
2024103001018225,CZBIL,29,52,10.0,236.5,2365.0,2024-10-30
2024103004015991,NGPL,50,58,10.0,465.0,4650.0,2024-10-30
2024103001018224,SBL,50,26,190.0,338.0,64220.0,2024-10-30
2024103001018223,GVL,77,53,10.0,540.0,5400.0,2024-10-30
2024103005010918,SAHAS,18,49,225.0,529.0,119025.0,2024-10-30
2024103003014502,JSLBB,69,51,10.0,1515.0,15150.0,2024-10-30
2024103001018222,TAMOR,90,18,10.0,508.0,5080.0,2024-10-30
2024103001018221,KBL,69,16,50.0,230.6,11530.0,2024-10-30
2024103001018220,KBSH,8,28,11.0,2849.0,31339.0,2024-10-30
2024103004015990,RIDI,95,34,500.0,242.6,121300.0,2024-10-30
2024103001018219,MKJC,34,49,10.0,488.0,4880.0,2024-10-30
2024103001018218,MKJC,34,49,10.0,488.0,4880.0,2024-10-30
2024103001018217,HHL,4,62,22.0,450.0,9900.0,2024-10-30
2024103001018216,HHL,49,62,80.0,450.0,36000.0,2024-10-30
2024103001018215,HHL,62,62,98.0,450.0,44100.0,2024-10-30
2024103001018214,SBL,49,11,20.0,337.6,6752.0,2024-10-30
2024103001018213,SMHL,65,49,200.0,705.0,141000.0,2024-10-30
2024103001018212,MKJC,34,49,10.0,488.0,4880.0,2024-10-30
2024103001018211,RFPL,62,51,40.0,649.9,25996.0,2024-10-30
2024103001018210,RFPL,62,34,20.0,648.0,12960.0,2024-10-30
2024103001018209,RFPL,62,58,30.0,645.0,19350.0,2024-10-30
2024103001018208,RFPL,62,26,10.0,645.0,6450.0,2024-10-30
2024103001018207,MSHL,64,64,20.0,1061.5,21230.0,2024-10-30
2024103001018206,MSHL,64,33,330.0,1061.5,350295.0,2024-10-30
2024103001018205,MSHL,64,56,10.0,1061.5,10615.0,2024-10-30
2024103001018204,MSHL,64,57,53.0,1061.0,56233.0,2024-10-30
2024103001018203,MSHL,64,57,500.0,1060.0,530000.0,2024-10-30
2024103001018202,MSHL,64,38,300.0,977.9,293370.0,2024-10-30
2024103001018201,MSHL,64,32,2500.0,977.9,2444750.0,2024-10-30
2024103001018200,MSHL,64,94,107.0,977.9,104635.3,2024-10-30
2024103005010917,HIDCL,3,34,50.0,274.6,13730.0,2024-10-30
2024103001018199,MSHL,64,58,1980.0,977.9,1936242.0,2024-10-30
2024103001018198,MSHL,64,38,10.0,977.9,9779.0,2024-10-30
2024103001018197,MSHL,64,96,500.0,977.9,488950.0,2024-10-30
2024103001018196,MSHL,64,35,100.0,977.0,97700.0,2024-10-30
2024103001018195,MSHL,64,55,100.0,977.0,97700.0,2024-10-30
2024103001018194,MSHL,64,56,350.0,977.0,341950.0,2024-10-30
2024103001018193,MSHL,64,38,50.0,977.0,48850.0,2024-10-30
2024103001018192,MSHL,64,55,10.0,977.0,9770.0,2024-10-30
2024103001018191,MSHL,64,58,14.0,975.0,13650.0,2024-10-30
2024103001018190,MSHL,64,33,100.0,975.0,97500.0,2024-10-30
2024103001018189,MSHL,64,58,50.0,970.0,48500.0,2024-10-30
2024103003014501,SFCL,41,45,200.0,779.1,155820.0,2024-10-30
2024103003014500,GFCL,41,45,50.0,1015.2,50760.0,2024-10-30
2024103003014499,KRBL,45,42,10.0,649.5,6495.0,2024-10-30
2024103001018188,TVCL,45,58,19.0,465.9,8852.1,2024-10-30
2024103003014498,SLBSL,50,72,18.0,1362.5,24525.0,2024-10-30
2024103003014497,SLBSL,42,72,12.0,1363.0,16356.0,2024-10-30
2024103003014496,GUFL,57,17,95.0,762.1,72399.5,2024-10-30
2024103003014495,GUFL,22,17,100.0,762.3,76230.0,2024-10-30
2024103003014494,GUFL,57,17,100.0,763.0,76300.0,2024-10-30
2024103003014493,GUFL,41,17,100.0,763.0,76300.0,2024-10-30
2024103003014492,GUFL,58,17,50.0,763.1,38155.0,2024-10-30
2024103003014491,GUFL,13,17,55.0,764.0,42020.0,2024-10-30
2024103003014490,GBBL,34,22,50.0,449.0,22450.0,2024-10-30
2024103004015989,NICL,44,62,10.0,1024.0,10240.0,2024-10-30
2024103003014489,CBBL,44,1,30.0,965.0,28950.0,2024-10-30
2024103001018187,MEHL,55,18,100.0,398.0,39800.0,2024-10-30
2024103001018186,MEHL,55,4,60.0,398.0,23880.0,2024-10-30
2024103004015988,AHPC,44,38,500.0,275.0,137500.0,2024-10-30
2024103001018185,MEHL,55,6,90.0,397.0,35730.0,2024-10-30
2024103004015987,AHPC,44,26,335.0,275.0,92125.0,2024-10-30
2024103001018184,TPC,44,47,500.0,474.0,237000.0,2024-10-30
2024103001018183,TPC,44,36,90.0,474.0,42660.0,2024-10-30
2024103001018182,TPC,44,7,100.0,474.0,47400.0,2024-10-30
2024103001018181,TPC,44,43,178.0,473.1,84211.8,2024-10-30
2024103001018180,TPC,44,6,150.0,473.0,70950.0,2024-10-30
2024103001018179,TPC,44,34,132.0,473.0,62436.0,2024-10-30
2024103001018178,TPC,44,34,16.0,472.0,7552.0,2024-10-30
2024103001018177,TPC,44,16,200.0,472.0,94400.0,2024-10-30
2024103001018176,TPC,44,68,300.0,472.0,141600.0,2024-10-30
2024103001018175,TPC,44,21,10.0,472.0,4720.0,2024-10-30
2024103001018174,TPC,44,36,30.0,471.9,14157.0,2024-10-30
2024103001018173,TPC,44,36,20.0,471.9,9438.0,2024-10-30
2024103001018172,TPC,44,13,100.0,470.0,47000.0,2024-10-30
2024103005010916,SMJC,35,26,205.0,595.1,121995.5,2024-10-30
2024103005010915,SMJC,66,26,30.0,595.1,17853.0,2024-10-30
2024103005010914,SMJC,60,26,50.0,595.2,29760.0,2024-10-30
2024103005010913,SMJC,21,26,35.0,595.2,20832.0,2024-10-30
2024103005010912,SMJC,55,26,200.0,596.0,119200.0,2024-10-30
2024103005010911,SMJC,47,26,250.0,596.5,149125.0,2024-10-30
2024103005010910,SMJC,38,26,90.0,597.0,53730.0,2024-10-30
2024103003014488,BFC,60,13,100.0,645.6,64560.0,2024-10-30
2024103003014487,NMFBS,45,13,71.0,1436.5,101991.5,2024-10-30
2024103003014486,MPFL,99,48,214.0,745.0,159430.0,2024-10-30
2024103004015986,GLH,49,42,40.0,252.0,10080.0,2024-10-30
2024103003014485,NLIC,16,25,10.0,831.0,8310.0,2024-10-30
2024103001018171,TPC,44,32,100.0,468.0,46800.0,2024-10-30
2024103003014484,GFCL,41,61,190.0,1015.2,192888.0,2024-10-30
2024103003014483,GFCL,49,61,50.0,1015.5,50775.0,2024-10-30
2024103001018170,UHEWA,32,51,10.0,497.0,4970.0,2024-10-30
2024103004015985,SGIC,41,21,600.0,779.9,467940.0,2024-10-30
2024103001018169,SBI,48,32,100.0,481.2,48120.0,2024-10-30
2024103005010909,HIDCL,1,29,150.0,275.0,41250.0,2024-10-30
2024103001018168,MAKAR,33,59,20.0,590.0,11800.0,2024-10-30
2024103004015984,AHPC,56,38,130.0,274.0,35620.0,2024-10-30
2024103004015983,AHPC,58,38,100.0,274.0,27400.0,2024-10-30
2024103004015982,AHPC,26,38,50.0,274.1,13705.0,2024-10-30
2024103004015981,AHPC,45,38,200.0,274.5,54900.0,2024-10-30
2024103004015980,AHPC,59,38,200.0,274.5,54900.0,2024-10-30
2024103004015979,AHPC,26,38,70.0,274.6,19222.0,2024-10-30
2024103004015978,AHPC,38,38,200.0,274.7,54940.0,2024-10-30
2024103004015977,AHPC,45,38,50.0,274.7,13735.0,2024-10-30
2024103003014482,MLBBL,38,57,10.0,1835.0,18350.0,2024-10-30
2024103001018167,ADBL,45,57,207.0,371.5,76900.5,2024-10-30
2024103001018166,ADBL,59,57,93.0,372.0,34596.0,2024-10-30
2024103001018165,SAMAJ,38,42,10.0,3690.0,36900.0,2024-10-30
2024103001018164,HHL,62,38,262.0,450.0,117900.0,2024-10-30
2024103001018163,HHL,50,38,90.0,450.1,40509.0,2024-10-30
2024103001018162,HHL,46,38,508.0,451.0,229108.0,2024-10-30
2024103005010908,STC,53,35,10.0,5903.0,59030.0,2024-10-30
2024103001018161,SPL,96,42,10.0,846.5,8465.0,2024-10-30
2024103001018160,MEHL,57,58,100.0,396.9,39690.0,2024-10-30
2024103003014481,RLFL,58,57,420.0,645.0,270900.0,2024-10-30
2024103003014480,RLFL,58,57,500.0,645.0,322500.0,2024-10-30
2024103003014479,RLFL,58,57,460.0,645.0,296700.0,2024-10-30
2024103004015976,SGIC,41,38,2000.0,779.9,1559800.0,2024-10-30
2024103003014478,SLBBL,39,62,10.0,968.0,9680.0,2024-10-30
2024103001018159,ADBL,57,34,100.0,373.0,37300.0,2024-10-30
2024103001018158,HBL,56,22,10.0,253.0,2530.0,2024-10-30
2024103001018157,HBL,56,57,10.0,252.5,2525.0,2024-10-30
2024103001018156,MHCL,56,49,30.0,424.9,12747.0,2024-10-30
2024103001018155,MHCL,56,57,10.0,424.0,4240.0,2024-10-30
2024103001018154,MHCL,56,22,190.0,424.0,80560.0,2024-10-30
2024103001018153,MHCL,56,56,80.0,422.0,33760.0,2024-10-30
2024103001018152,DOLTI,28,49,80.0,615.0,49200.0,2024-10-30
2024103003014477,ACLBSL,47,22,10.0,1048.0,10480.0,2024-10-30
2024103001018151,MLBS,41,29,10.0,1615.3,16153.0,2024-10-30
2024103001018150,SMHL,69,49,20.0,705.0,14100.0,2024-10-30
2024103003014476,SAPDBL,74,18,90.0,618.1,55629.0,2024-10-30
2024103003014475,SAPDBL,28,18,30.0,618.1,18543.0,2024-10-30
2024103003014474,SAPDBL,16,18,350.0,620.0,217000.0,2024-10-30
2024103001018149,NBL,50,36,200.0,286.5,57300.0,2024-10-30
2024103001018148,NMB,4,25,38.0,260.0,9880.0,2024-10-30
2024103001018147,NMB,37,25,10.0,260.9,2609.0,2024-10-30
2024103003014473,NLIC,88,8,30.0,830.6,24918.0,2024-10-30
2024103001018146,CZBIL,38,52,30.0,236.5,7095.0,2024-10-30
2024103001018145,CZBIL,35,52,10.0,236.5,2365.0,2024-10-30
2024103003014472,SLBSL,42,62,10.0,1365.0,13650.0,2024-10-30
2024103003014471,EDBL,65,43,100.0,720.0,72000.0,2024-10-30
2024103003014470,EDBL,65,19,400.0,720.0,288000.0,2024-10-30
2024103003014469,EDBL,65,35,10.0,720.0,7200.0,2024-10-30
2024103003014468,EDBL,65,20,3000.0,700.0,2100000.0,2024-10-30
2024103003014467,EDBL,65,35,231.0,683.4,157865.4,2024-10-30
2024103003014466,EDBL,65,8,3000.0,683.4,2050200.0,2024-10-30
2024103003014465,EDBL,65,41,100.0,683.4,68340.0,2024-10-30
2024103003014464,EDBL,65,68,200.0,683.4,136680.0,2024-10-30
2024103003014463,EDBL,65,55,200.0,683.4,136680.0,2024-10-30
2024103003014462,EDBL,65,32,100.0,683.4,68340.0,2024-10-30
2024103003014461,EDBL,65,7,110.0,683.4,75174.0,2024-10-30
2024103003014460,EDBL,65,44,500.0,683.4,341700.0,2024-10-30
2024103003014459,EDBL,65,44,1000.0,683.4,683400.0,2024-10-30
2024103003014458,EDBL,65,29,50.0,683.0,34150.0,2024-10-30
2024103003014457,EDBL,65,64,1000.0,683.0,683000.0,2024-10-30
2024103003014456,EDBL,65,8,100.0,683.0,68300.0,2024-10-30
2024103003014455,EDBL,65,33,50.0,683.0,34150.0,2024-10-30
2024103003014454,EDBL,65,55,500.0,683.0,341500.0,2024-10-30
2024103003014453,EDBL,65,43,980.0,683.0,669340.0,2024-10-30
2024103003014452,EDBL,65,28,100.0,681.3,68130.0,2024-10-30
2024103003014451,EDBL,65,22,100.0,681.0,68100.0,2024-10-30
2024103003014450,EDBL,65,53,20.0,680.3,13606.0,2024-10-30
2024103003014449,EDBL,65,22,123.0,680.0,83640.0,2024-10-30
2024103003014448,EDBL,65,16,130.0,680.0,88400.0,2024-10-30
2024103003014447,EDBL,65,48,5000.0,680.0,3400000.0,2024-10-30
2024103003014446,EDBL,65,43,30.0,680.0,20400.0,2024-10-30
2024103003014445,EDBL,65,11,20.0,679.3,13586.0,2024-10-30
2024103003014444,EDBL,65,43,1000.0,679.3,679300.0,2024-10-30
2024103003014443,EDBL,65,49,61.0,679.3,41437.3,2024-10-30
2024103003014442,EDBL,65,8,1000.0,679.0,679000.0,2024-10-30
2024103003014441,EDBL,65,71,50.0,679.0,33950.0,2024-10-30
2024103003014440,EDBL,65,80,250.0,679.0,169750.0,2024-10-30
2024103003014439,EDBL,65,28,200.0,678.1,135620.0,2024-10-30
2024103003014438,EDBL,65,8,100.0,678.1,67810.0,2024-10-30
2024103003014437,EDBL,65,51,50.0,678.0,33900.0,2024-10-30
2024103003014436,EDBL,65,43,500.0,678.0,339000.0,2024-10-30
2024103003014435,EDBL,65,18,200.0,678.0,135600.0,2024-10-30
2024103003014434,EDBL,65,39,100.0,678.0,67800.0,2024-10-30
2024103003014433,EDBL,65,22,70.0,677.3,47411.0,2024-10-30
2024103003014432,EDBL,65,42,300.0,677.2,203160.0,2024-10-30
2024103003014431,EDBL,65,6,10.0,677.0,6770.0,2024-10-30
2024103003014430,EDBL,65,45,87.0,677.0,58899.0,2024-10-30
2024103003014429,EDBL,65,56,136.0,677.0,92072.0,2024-10-30
2024103003014428,EDBL,65,71,137.0,677.0,92749.0,2024-10-30
2024103003014427,EDBL,65,84,3000.0,677.0,2031000.0,2024-10-30
2024103003014426,EDBL,65,62,30.0,676.5,20295.0,2024-10-30
2024103003014425,EDBL,65,34,50.0,676.5,33825.0,2024-10-30
2024103003014424,EDBL,65,50,100.0,676.0,67600.0,2024-10-30
2024103003014423,EDBL,65,58,139.0,676.0,93964.0,2024-10-30
2024103003014422,EDBL,65,84,200.0,675.2,135040.0,2024-10-30
2024103003014421,EDBL,65,62,500.0,675.0,337500.0,2024-10-30
2024103003014420,EDBL,65,46,100.0,675.0,67500.0,2024-10-30
2024103003014419,EDBL,65,26,500.0,674.1,337050.0,2024-10-30
2024103003014418,EDBL,65,63,500.0,674.0,337000.0,2024-10-30
2024103003014417,EDBL,65,62,150.0,674.0,101100.0,2024-10-30
2024103003014416,EDBL,65,81,200.0,673.2,134640.0,2024-10-30
2024103003014415,EDBL,65,38,10.0,673.2,6732.0,2024-10-30
2024103003014414,EDBL,65,49,500.0,673.1,336550.0,2024-10-30
2024103003014413,EDBL,65,49,236.0,673.1,158851.6,2024-10-30
2024103003014412,EDBL,65,55,1000.0,673.0,673000.0,2024-10-30
2024103003014411,EDBL,65,8,500.0,673.0,336500.0,2024-10-30
2024103003014410,EDBL,65,33,1000.0,673.0,673000.0,2024-10-30
2024103003014409,EDBL,65,43,2000.0,673.0,1346000.0,2024-10-30
2024103003014408,EDBL,65,1,110.0,672.9,74019.0,2024-10-30
2024103003014407,EDBL,65,43,40.0,672.9,26916.0,2024-10-30
2024103003014406,EDBL,65,58,110.0,672.0,73920.0,2024-10-30
2024103003014405,EDBL,65,53,25.0,672.0,16800.0,2024-10-30
2024103003014404,EDBL,65,8,500.0,671.0,335500.0,2024-10-30
2024103003014403,EDBL,65,81,1500.0,670.0,1005000.0,2024-10-30
2024103003014402,EDBL,65,45,50.0,670.0,33500.0,2024-10-30
2024103003014401,EDBL,65,22,50.0,670.0,33500.0,2024-10-30
2024103003014400,EDBL,65,33,37.0,670.0,24790.0,2024-10-30
2024103003014399,EDBL,65,48,2000.0,670.0,1340000.0,2024-10-30
2024103003014398,EDBL,65,35,155.0,670.0,103850.0,2024-10-30
2024103003014397,EDBL,65,6,10.0,668.9,6689.0,2024-10-30
2024103003014396,EDBL,65,42,1000.0,668.0,668000.0,2024-10-30
2024103003014395,EDBL,65,71,500.0,665.0,332500.0,2024-10-30
2024103003014394,EDBL,65,20,500.0,665.0,332500.0,2024-10-30
2024103003014393,EDBL,65,58,400.0,663.0,265200.0,2024-10-30
2024103003014392,EDBL,65,47,50.0,661.0,33050.0,2024-10-30
2024103003014391,EDBL,65,54,136.0,661.0,89896.0,2024-10-30
2024103003014390,EDBL,65,20,1241.0,660.0,819060.0,2024-10-30
2024103003014389,EDBL,65,34,400.0,659.0,263600.0,2024-10-30
2024103003014388,EDBL,65,60,557.0,658.0,366506.0,2024-10-30
2024103003014387,EDBL,65,51,54.0,657.0,35478.0,2024-10-30
2024103001018144,DOLTI,42,62,10.0,612.0,6120.0,2024-10-30
2024103001018143,RFPL,62,26,50.0,645.0,32250.0,2024-10-30
2024103003014386,MDB,62,62,10.0,643.0,6430.0,2024-10-30
2024103001018142,RFPL,62,26,10.0,645.0,6450.0,2024-10-30
2024103003014385,ALICL,62,44,200.0,744.9,148980.0,2024-10-30
2024103003014384,ALICL,62,38,196.0,743.4,145706.4,2024-10-30
2024103003014383,ALICL,62,57,100.0,742.0,74200.0,2024-10-30
2024103003014382,JSLBB,48,51,10.0,1515.0,15150.0,2024-10-30
2024103001018141,CITY,77,48,140.0,877.0,122780.0,2024-10-30
2024103004015975,HDHPC,94,45,100.0,214.1,21410.0,2024-10-30
2024103004015974,SHPC,45,11,82.0,554.0,45428.0,2024-10-30
2024103004015973,SHPC,45,5,500.0,554.0,277000.0,2024-10-30
2024103004015972,SHPC,45,36,250.0,554.0,138500.0,2024-10-30
2024103004015971,SHPC,45,48,495.0,554.0,274230.0,2024-10-30
2024103004015970,SHPC,45,39,300.0,553.0,165900.0,2024-10-30
2024103004015969,SHPC,45,34,300.0,553.0,165900.0,2024-10-30
2024103004015968,SHPC,45,26,1000.0,552.0,552000.0,2024-10-30
2024103004015967,SHPC,45,26,1000.0,552.0,552000.0,2024-10-30
2024103004015966,SHPC,45,29,210.0,552.0,115920.0,2024-10-30
2024103004015965,SHPC,45,84,70.0,551.0,38570.0,2024-10-30
2024103004015964,SHPC,45,41,300.0,550.0,165000.0,2024-10-30
2024103004015963,SHPC,45,17,55.0,550.0,30250.0,2024-10-30
2024103004015962,SHPC,45,40,181.0,550.0,99550.0,2024-10-30
2024103004015961,SHPC,45,7,122.0,550.0,67100.0,2024-10-30
2024103004015960,SHPC,45,50,200.0,550.0,110000.0,2024-10-30
2024103004015959,SHPC,45,45,3000.0,550.0,1650000.0,2024-10-30
2024103004015958,SHPC,45,34,80.0,550.0,44000.0,2024-10-30
2024103004015957,SHPC,45,52,160.0,550.0,88000.0,2024-10-30
2024103004015956,SHPC,45,38,300.0,550.0,165000.0,2024-10-30
2024103004015955,SHPC,45,7,40.0,550.0,22000.0,2024-10-30
2024103004015954,SHPC,45,11,100.0,550.0,55000.0,2024-10-30
2024103004015953,SHPC,45,16,117.0,549.9,64338.3,2024-10-30
2024103004015952,SHPC,45,82,90.0,548.4,49356.0,2024-10-30
2024103004015951,SHPC,45,4,197.0,548.3,108015.1,2024-10-30
2024103004015950,SHPC,45,83,851.0,548.1,466433.1,2024-10-30
2024103004015949,API,45,94,200.0,293.0,58600.0,2024-10-30
2024103004015948,HDHPC,17,16,10.0,215.0,2150.0,2024-10-30
2024103004015947,TRH,55,38,10.0,1145.0,11450.0,2024-10-30
2024103004015946,SPIL,44,39,60.0,885.3,53118.0,2024-10-30
2024103004015945,SPIL,44,49,100.0,885.0,88500.0,2024-10-30
2024103004015944,SPIL,44,25,100.0,884.9,88490.0,2024-10-30
2024103004015943,SPIL,44,55,20.0,884.9,17698.0,2024-10-30
2024103004015942,SPIL,44,29,20.0,884.0,17680.0,2024-10-30
2024103005010907,HRL,44,16,100.0,874.0,87400.0,2024-10-30
2024103004015941,RURU,88,5,25.0,768.0,19200.0,2024-10-30
2024103004015940,RURU,88,89,10.0,766.0,7660.0,2024-10-30
2024103004015939,RURU,88,35,10.0,766.0,7660.0,2024-10-30
2024103004015938,RURU,88,49,25.0,765.0,19125.0,2024-10-30
2024103001018140,KBL,44,16,200.0,230.6,46120.0,2024-10-30
2024103001018139,SANIMA,43,52,500.0,326.5,163250.0,2024-10-30
2024103001018138,ULBSL,49,91,10.0,3145.0,31450.0,2024-10-30
2024103004015937,HEI,26,44,10.0,684.0,6840.0,2024-10-30
2024103004015936,HEI,26,56,10.0,680.0,6800.0,2024-10-30
2024103004015935,PRIN,26,54,10.0,998.0,9980.0,2024-10-30
2024103003014381,ICFC,16,13,450.0,794.5,357525.0,2024-10-30
2024103003014380,ICFC,4,13,500.0,795.0,397500.0,2024-10-30
2024103003014379,ICFC,49,13,200.0,795.0,159000.0,2024-10-30
2024103003014378,ICFC,39,13,100.0,795.0,79500.0,2024-10-30
2024103003014377,ICFC,26,13,25.0,795.0,19875.0,2024-10-30
2024103003014376,ICFC,34,13,520.0,799.0,415480.0,2024-10-30
2024103004015934,NHPC,26,70,44.0,228.0,10032.0,2024-10-30
2024103004015933,NHPC,26,35,100.0,228.0,22800.0,2024-10-30
2024103004015932,NHPC,26,62,55.0,228.0,12540.0,2024-10-30
2024103001018137,MMKJL,13,25,10.0,546.0,5460.0,2024-10-30
2024103003014375,KRBL,74,42,10.0,649.5,6495.0,2024-10-30
2024103003014374,NFS,74,28,1838.0,1500.0,2757000.0,2024-10-30
2024103003014373,NFS,74,21,210.0,1499.0,314790.0,2024-10-30
2024103003014372,NFS,74,28,1990.0,1473.0,2931270.0,2024-10-30
2024103003014371,NFS,74,42,10.0,1417.8,14178.0,2024-10-30
2024103003014370,NFS,74,35,50.0,1417.8,70890.0,2024-10-30
2024103003014369,NFS,74,49,17.0,1417.8,24102.6,2024-10-30
2024103003014368,NFS,74,45,60.0,1417.8,85068.0,2024-10-30
2024103003014367,NFS,74,43,10.0,1417.8,14178.0,2024-10-30
2024103003014366,NFS,74,49,170.0,1417.8,241026.0,2024-10-30
2024103003014365,NFS,74,19,100.0,1417.8,141780.0,2024-10-30
2024103003014364,NFS,74,57,100.0,1417.8,141780.0,2024-10-30
2024103003014363,NFS,74,32,100.0,1417.8,141780.0,2024-10-30
2024103003014362,NFS,74,32,100.0,1417.8,141780.0,2024-10-30
2024103003014361,NFS,74,74,50.0,1417.8,70890.0,2024-10-30
2024103003014360,NFS,74,41,10.0,1417.8,14178.0,2024-10-30
2024103003014359,NFS,74,8,10.0,1417.8,14178.0,2024-10-30
2024103003014358,NFS,74,69,220.0,1417.8,311916.0,2024-10-30
2024103003014357,NFS,74,32,90.0,1417.8,127602.0,2024-10-30
2024103003014356,NFS,74,41,200.0,1417.8,283560.0,2024-10-30
2024103003014355,NFS,74,71,50.0,1417.8,70890.0,2024-10-30
2024103003014354,NFS,74,60,30.0,1417.8,42534.0,2024-10-30
2024103003014353,NFS,74,45,100.0,1417.8,141780.0,2024-10-30
2024103003014352,NFS,74,21,25.0,1417.8,35445.0,2024-10-30
2024103003014351,NFS,74,74,50.0,1417.8,70890.0,2024-10-30
2024103003014350,NFS,74,39,20.0,1417.8,28356.0,2024-10-30
2024103003014349,NFS,74,54,50.0,1417.8,70890.0,2024-10-30
2024103003014348,NFS,74,28,250.0,1417.8,354450.0,2024-10-30
2024103003014347,NFS,74,49,19.0,1417.8,26938.2,2024-10-30
2024103003014346,NFS,74,7,696.0,1417.8,986788.8,2024-10-30
2024103003014345,NFS,74,45,100.0,1417.8,141780.0,2024-10-30
2024103003014344,NFS,74,59,10.0,1417.8,14178.0,2024-10-30
2024103003014343,NFS,74,14,20.0,1417.8,28356.0,2024-10-30
2024103003014342,NFS,74,28,40.0,1417.8,56712.0,2024-10-30
2024103003014341,NFS,74,37,50.0,1417.8,70890.0,2024-10-30
2024103003014340,NFS,74,17,10.0,1417.8,14178.0,2024-10-30
2024103003014339,NFS,74,22,10.0,1417.8,14178.0,2024-10-30
2024103003014338,NFS,74,68,200.0,1417.8,283560.0,2024-10-30
2024103003014337,NFS,74,81,100.0,1417.8,141780.0,2024-10-30
2024103003014336,NFS,74,19,17.0,1417.8,24102.6,2024-10-30
2024103003014335,NFS,74,48,368.0,1417.8,521750.4,2024-10-30
2024103003014334,NFS,74,39,20.0,1417.8,28356.0,2024-10-30
2024103003014333,NFS,74,38,100.0,1417.7,141770.0,2024-10-30
2024103003014332,NFS,74,6,10.0,1417.7,14177.0,2024-10-30
2024103003014331,NFS,74,36,10.0,1417.7,14177.0,2024-10-30
2024103003014330,NFS,74,57,24.0,1417.6,34022.4,2024-10-30
2024103003014329,NFS,74,61,300.0,1417.6,425280.0,2024-10-30
2024103003014328,NFS,74,41,110.0,1417.6,155936.0,2024-10-30
2024103003014327,NFS,74,58,20.0,1417.6,28352.0,2024-10-30
2024103003014326,NFS,74,6,400.0,1417.5,567000.0,2024-10-30
2024103003014325,NFS,74,26,510.0,1417.5,722925.0,2024-10-30
2024103003014324,NFS,74,53,280.0,1417.5,396900.0,2024-10-30
2024103003014323,NFS,74,17,40.0,1417.0,56680.0,2024-10-30
2024103003014322,NFS,74,26,100.0,1417.0,141700.0,2024-10-30
2024103003014321,NFS,74,41,50.0,1417.0,70850.0,2024-10-30
2024103003014320,NFS,74,38,350.0,1417.0,495950.0,2024-10-30
2024103003014319,NFS,74,57,100.0,1417.0,141700.0,2024-10-30
2024103003014318,NFS,74,60,440.0,1417.0,623480.0,2024-10-30
2024103003014317,NFS,74,13,20.0,1417.0,28340.0,2024-10-30
2024103003014316,NFS,74,28,800.0,1417.0,1133600.0,2024-10-30
2024103003014315,NFS,74,36,60.0,1417.0,85020.0,2024-10-30
2024103003014314,NFS,74,21,200.0,1417.0,283400.0,2024-10-30
2024103003014313,NFS,74,61,150.0,1417.0,212550.0,2024-10-30
2024103003014312,NFS,74,57,100.0,1417.0,141700.0,2024-10-30
2024103003014311,NFS,74,7,34.0,1417.0,48178.0,2024-10-30
2024103003014310,NFS,74,49,300.0,1417.0,425100.0,2024-10-30
2024103003014309,NFS,74,6,60.0,1417.0,85020.0,2024-10-30
2024103003014308,NFS,74,42,10.0,1417.0,14170.0,2024-10-30
2024103003014307,NFS,74,52,100.0,1417.0,141700.0,2024-10-30
2024103003014306,NFS,74,17,100.0,1417.0,141700.0,2024-10-30
2024103003014305,NFS,74,1,50.0,1417.0,70850.0,2024-10-30
2024103003014304,NFS,74,45,45.0,1417.0,63765.0,2024-10-30
2024103003014303,NFS,74,48,10.0,1417.0,14170.0,2024-10-30
2024103003014302,NFS,74,58,130.0,1417.0,184210.0,2024-10-30
2024103003014301,NFS,74,32,100.0,1417.0,141700.0,2024-10-30
2024103003014300,NFS,74,7,50.0,1416.7,70835.0,2024-10-30
2024103003014299,NFS,74,21,100.0,1416.7,141670.0,2024-10-30
2024103003014298,NFS,74,28,100.0,1416.7,141670.0,2024-10-30
2024103003014297,NFS,74,63,70.0,1416.6,99162.0,2024-10-30
2024103003014296,NFS,74,91,449.0,1416.6,636053.4,2024-10-30
2024103003014295,NFS,74,57,20.0,1416.0,28320.0,2024-10-30
2024103003014294,NFS,74,28,100.0,1416.0,141600.0,2024-10-30
2024103003014293,NFS,74,53,10.0,1416.0,14160.0,2024-10-30
2024103003014292,NFS,74,7,100.0,1416.0,141600.0,2024-10-30
2024103003014291,NFS,74,34,10.0,1416.0,14160.0,2024-10-30
2024103003014290,NFS,74,98,100.0,1416.0,141600.0,2024-10-30
2024103003014289,NFS,74,51,10.0,1416.0,14160.0,2024-10-30
2024103003014288,NFS,74,58,65.0,1416.0,92040.0,2024-10-30
2024103003014287,NFS,74,33,200.0,1415.8,283160.0,2024-10-30
2024103003014286,NFS,74,1,81.0,1415.8,114679.8,2024-10-30
2024103003014285,NFS,74,58,50.0,1415.7,70785.0,2024-10-30
2024103003014284,NFS,74,41,100.0,1415.7,141570.0,2024-10-30
2024103003014283,NFS,74,7,50.0,1415.7,70785.0,2024-10-30
2024103003014282,NFS,74,32,200.0,1415.7,283140.0,2024-10-30
2024103003014281,NFS,74,59,10.0,1415.0,14150.0,2024-10-30
2024103003014280,NFS,74,49,100.0,1415.0,141500.0,2024-10-30
2024103003014279,NFS,74,37,200.0,1415.0,283000.0,2024-10-30
2024103003014278,NFS,74,39,50.0,1415.0,70750.0,2024-10-30
2024103003014277,NFS,74,29,27.0,1415.0,38205.0,2024-10-30
2024103003014276,NFS,74,17,50.0,1415.0,70750.0,2024-10-30
2024103003014275,NFS,74,6,370.0,1415.0,523550.0,2024-10-30
2024103003014274,NFS,74,36,20.0,1415.0,28300.0,2024-10-30
2024103003014273,NFS,74,72,50.0,1415.0,70750.0,2024-10-30
2024103003014272,NFS,74,21,10.0,1414.8,14148.0,2024-10-30
2024103003014271,NFS,74,45,200.0,1414.7,282940.0,2024-10-30
2024103003014270,NFS,74,42,325.0,1414.0,459550.0,2024-10-30
2024103003014269,NFS,74,62,250.0,1414.0,353500.0,2024-10-30
2024103003014268,NFS,74,63,800.0,1414.0,1131200.0,2024-10-30
2024103003014267,NFS,74,17,100.0,1413.9,141390.0,2024-10-30
2024103003014266,NFS,74,38,330.0,1413.7,466521.0,2024-10-30
2024103003014265,NFS,74,13,50.0,1413.0,70650.0,2024-10-30
2024103003014264,NFS,74,45,80.0,1413.0,113040.0,2024-10-30
2024103003014263,NFS,74,48,1035.0,1413.0,1462455.0,2024-10-30
2024103003014262,NFS,74,40,20.0,1413.0,28260.0,2024-10-30
2024103003014261,NFS,74,11,10.0,1413.0,14130.0,2024-10-30
2024103003014260,NFS,74,57,200.0,1413.0,282600.0,2024-10-30
2024103003014259,NFS,74,29,30.0,1413.0,42390.0,2024-10-30
2024103003014258,NFS,74,49,300.0,1412.9,423870.0,2024-10-30
2024103003014257,NFS,74,34,10.0,1412.7,14127.0,2024-10-30
2024103003014256,NFS,74,13,350.0,1412.7,494445.0,2024-10-30
2024103003014255,NFS,74,57,180.0,1412.0,254160.0,2024-10-30
2024103003014254,NFS,74,42,20.0,1412.0,28240.0,2024-10-30
2024103003014253,NFS,74,57,100.0,1411.6,141160.0,2024-10-30
2024103003014252,NFS,74,45,25.0,1411.0,35275.0,2024-10-30
2024103003014251,NFS,74,13,10.0,1411.0,14110.0,2024-10-30
2024103003014250,NFS,74,61,1000.0,1410.0,1410000.0,2024-10-30
2024103003014249,NFS,74,6,20.0,1410.0,28200.0,2024-10-30
2024103003014248,NFS,74,57,100.0,1410.0,141000.0,2024-10-30
2024103003014247,NFS,74,38,100.0,1410.0,141000.0,2024-10-30
2024103003014246,NFS,74,49,10.0,1410.0,14100.0,2024-10-30
2024103003014245,NFS,74,45,10.0,1410.0,14100.0,2024-10-30
2024103003014244,NFS,74,32,20.0,1410.0,28200.0,2024-10-30
2024103003014243,NFS,74,45,85.0,1410.0,119850.0,2024-10-30
2024103003014242,NFS,74,32,10.0,1410.0,14100.0,2024-10-30
2024103003014241,NFS,74,57,100.0,1400.0,140000.0,2024-10-30
2024103003014240,NFS,74,33,1447.0,1400.0,2025800.0,2024-10-30
2024103003014239,NFS,74,25,100.0,1400.0,140000.0,2024-10-30
2024103003014238,NFS,74,6,50.0,1400.0,70000.0,2024-10-30
2024103003014237,NFS,74,44,1000.0,1400.0,1400000.0,2024-10-30
2024103003014236,NFS,74,57,10.0,1400.0,14000.0,2024-10-30
2024103003014235,NFS,74,11,20.0,1400.0,28000.0,2024-10-30
2024103003014234,NFS,74,38,20.0,1400.0,28000.0,2024-10-30
2024103003014233,NFS,74,58,28.0,1399.9,39197.2,2024-10-30
2024103003014232,NFS,74,48,10.0,1395.0,13950.0,2024-10-30
2024103003014231,MLBBL,99,57,20.0,1835.0,36700.0,2024-10-30
2024103003014230,EDBL,60,51,20.0,657.0,13140.0,2024-10-30
2024103004015931,NLG,55,60,1000.0,1350.0,1350000.0,2024-10-30
2024103003014229,KRBL,60,42,50.0,649.5,32475.0,2024-10-30
2024103003014228,SAPDBL,16,42,150.0,620.0,93000.0,2024-10-30
2024103004015930,RIDI,57,4,500.0,242.7,121350.0,2024-10-30
2024103004015929,NHPC,4,61,59.0,227.8,13440.2,2024-10-30
2024103001018136,AHL,42,5,10.0,698.7,6987.0,2024-10-30
2024103004015928,SHEL,42,14,10.0,248.9,2489.0,2024-10-30
2024103004015927,SHEL,42,50,990.0,248.5,246015.0,2024-10-30
2024103001018135,BNHC,45,32,125.0,474.0,59250.0,2024-10-30
2024103001018134,BNHC,44,32,10.0,475.0,4750.0,2024-10-30
2024103001018133,BNHC,20,32,100.0,475.0,47500.0,2024-10-30
2024103001018132,BNHC,62,32,50.0,475.0,23750.0,2024-10-30
2024103001018131,BNHC,28,32,25.0,475.1,11877.5,2024-10-30
2024103001018130,HIDCLP,32,21,1954.0,181.5,354651.0,2024-10-30
2024103001018129,HIDCLP,52,21,46.0,181.9,8367.4,2024-10-30
2024103001018128,RAWA,92,21,145.0,763.9,110765.5,2024-10-30
2024103001018127,RAWA,51,21,20.0,764.0,15280.0,2024-10-30
2024103003014227,RSDC,6,1,65.0,730.2,47463.0,2024-10-30
2024103003014226,RSDC,54,1,10.0,730.2,7302.0,2024-10-30
2024103003014225,RSDC,42,1,25.0,730.2,18255.0,2024-10-30
2024103003014224,RSDC,38,1,200.0,732.2,146440.0,2024-10-30
2024103001018126,BHDC,39,42,10.0,630.0,6300.0,2024-10-30
2024103001018125,BHDC,39,71,200.0,630.0,126000.0,2024-10-30
2024103001018124,BHDC,39,22,100.0,630.0,63000.0,2024-10-30
2024103004015926,UMHL,39,45,47.0,339.7,15965.9,2024-10-30
2024103004015925,UMHL,39,5,280.0,339.0,94920.0,2024-10-30
2024103004015924,UMHL,39,21,450.0,339.0,152550.0,2024-10-30
2024103004015923,UMHL,39,34,55.0,338.0,18590.0,2024-10-30
2024103004015922,UMHL,39,34,1000.0,338.0,338000.0,2024-10-30
2024103004015921,UMHL,39,14,500.0,338.0,169000.0,2024-10-30
2024103004015920,UMHL,39,51,30.0,338.0,10140.0,2024-10-30
2024103004015919,UMHL,39,48,318.0,338.0,107484.0,2024-10-30
2024103004015918,UMHL,39,4,320.0,337.9,108128.0,2024-10-30
2024103003014223,NICLBSL,38,57,10.0,725.0,7250.0,2024-10-30
2024103001018123,MCHL,58,47,121.0,536.8,64952.8,2024-10-30
2024103001018122,MCHL,58,58,30.0,535.1,16053.0,2024-10-30
2024103001018121,MCHL,58,56,20.0,535.0,10700.0,2024-10-30
2024103001018120,MCHL,58,58,10.0,534.0,5340.0,2024-10-30
2024103001018119,MCHL,58,42,19.0,534.0,10146.0,2024-10-30
2024103001018118,SMHL,58,49,140.0,705.0,98700.0,2024-10-30
2024103001018117,SMHL,58,14,10.0,704.0,7040.0,2024-10-30
2024103004015917,SGIC,41,29,100.0,765.0,76500.0,2024-10-30
2024103005010906,HRL,28,16,20.0,874.0,17480.0,2024-10-30
2024103001018116,KBSH,28,28,10.0,2849.0,28490.0,2024-10-30
2024103001018115,AHL,35,32,10.0,698.0,6980.0,2024-10-30
2024103003014222,JFL,84,35,95.0,750.8,71326.0,2024-10-30
2024103003014221,JFL,41,35,200.0,751.0,150200.0,2024-10-30
2024103003014220,JFL,42,35,300.0,751.0,225300.0,2024-10-30
2024103003014219,JFL,1,35,20.0,751.0,15020.0,2024-10-30
2024103003014218,JFL,3,35,450.0,751.0,337950.0,2024-10-30
2024103003014217,JFL,17,35,50.0,751.0,37550.0,2024-10-30
2024103003014216,JFL,49,35,200.0,752.0,150400.0,2024-10-30
2024103003014215,JFL,58,35,40.0,753.0,30120.0,2024-10-30
2024103003014214,JFL,51,35,50.0,753.0,37650.0,2024-10-30
2024103003014213,JFL,14,35,118.0,753.1,88865.8,2024-10-30
2024103003014212,JFL,41,35,300.0,754.0,226200.0,2024-10-30
2024103003014211,JFL,54,35,50.0,755.0,37750.0,2024-10-30
2024103003014210,JFL,22,35,200.0,755.0,151000.0,2024-10-30
2024103003014209,JFL,62,35,50.0,755.0,37750.0,2024-10-30
2024103003014208,JFL,14,35,60.0,755.0,45300.0,2024-10-30
2024103003014207,JFL,14,35,40.0,755.0,30200.0,2024-10-30
2024103003014206,JFL,22,35,20.0,755.0,15100.0,2024-10-30
2024103003014205,JFL,17,35,40.0,755.0,30200.0,2024-10-30
2024103003014204,JFL,58,35,400.0,755.0,302000.0,2024-10-30
2024103003014203,JFL,66,35,300.0,755.0,226500.0,2024-10-30
2024103003014202,JFL,84,35,100.0,755.0,75500.0,2024-10-30
2024103003014201,JFL,13,35,100.0,755.0,75500.0,2024-10-30
2024103003014200,JFL,84,35,100.0,755.0,75500.0,2024-10-30
2024103003014199,JFL,58,35,300.0,755.2,226560.0,2024-10-30
2024103003014198,JFL,41,35,12.0,756.1,9073.2,2024-10-30
2024103003014197,JFL,17,35,500.0,758.0,379000.0,2024-10-30
2024103003014196,JFL,59,35,10.0,758.0,7580.0,2024-10-30
2024103003014195,JFL,59,35,1000.0,758.1,758100.0,2024-10-30
2024103003014194,JFL,45,35,50.0,758.1,37905.0,2024-10-30
2024103003014193,JFL,14,35,100.0,758.1,75810.0,2024-10-30
2024103003014192,JFL,42,35,30.0,758.2,22746.0,2024-10-30
2024103003014191,JFL,6,35,10.0,758.2,7582.0,2024-10-30
2024103003014190,JFL,56,35,50.0,758.3,37915.0,2024-10-30
2024103003014189,JFL,38,35,10.0,758.3,7583.0,2024-10-30
2024103003014188,JFL,21,35,25.0,758.9,18972.5,2024-10-30
2024103003014187,JFL,13,35,70.0,759.0,53130.0,2024-10-30
2024103005010905,PHCL,32,34,100.0,549.0,54900.0,2024-10-30
2024103003014186,PROFL,34,14,10.0,690.0,6900.0,2024-10-30
2024103004015916,SHL,82,1,105.0,563.5,59167.5,2024-10-30
2024103004015915,SHL,82,17,200.0,563.5,112700.0,2024-10-30
2024103003014185,ACLBSL,52,25,10.0,1045.0,10450.0,2024-10-30
2024103003014184,ACLBSL,52,35,20.0,1040.0,20800.0,2024-10-30
2024103003014183,ACLBSL,52,14,10.0,1039.9,10399.0,2024-10-30
2024103001018114,AVYAN,64,58,10.0,927.0,9270.0,2024-10-30
2024103001018113,KBSH,64,28,312.0,2849.0,888888.0,2024-10-30
2024103001018112,KBSH,64,29,50.0,2652.0,132600.0,2024-10-30
2024103001018111,KBSH,64,6,50.0,2652.0,132600.0,2024-10-30
2024103001018110,KBSH,64,60,10.0,2633.0,26330.0,2024-10-30
2024103001018109,KBSH,64,60,10.0,2632.0,26320.0,2024-10-30
2024103001018108,KBSH,64,49,200.0,2631.6,526320.0,2024-10-30
2024103001018107,KBSH,64,44,100.0,2630.0,263000.0,2024-10-30
2024103001018106,KBSH,64,33,10.0,2625.0,26250.0,2024-10-30
2024103001018105,KBSH,64,35,39.0,2609.0,101751.0,2024-10-30
2024103001018104,KBSH,64,32,19.0,2600.0,49400.0,2024-10-30
2024103005010904,PHCL,65,50,650.0,559.0,363350.0,2024-10-30
2024103005010903,PHCL,65,43,200.0,559.0,111800.0,2024-10-30
2024103005010902,PHCL,65,3,50.0,559.0,27950.0,2024-10-30
2024103005010901,PHCL,65,58,50.0,559.0,27950.0,2024-10-30
2024103005010900,PHCL,65,6,10.0,559.0,5590.0,2024-10-30
2024103005010899,PHCL,65,43,10.0,559.0,5590.0,2024-10-30
2024103005010898,PHCL,65,58,100.0,559.0,55900.0,2024-10-30
2024103005010897,PHCL,65,51,10.0,559.0,5590.0,2024-10-30
2024103005010896,PHCL,65,5,1000.0,559.0,559000.0,2024-10-30
2024103005010895,PHCL,65,58,10.0,559.0,5590.0,2024-10-30
2024103005010894,PHCL,65,45,500.0,559.0,279500.0,2024-10-30
2024103005010893,PHCL,65,52,85.0,559.0,47515.0,2024-10-30
2024103005010892,PHCL,65,42,200.0,559.0,111800.0,2024-10-30
2024103005010891,PHCL,65,22,10.0,559.0,5590.0,2024-10-30
2024103005010890,PHCL,65,34,50.0,559.0,27950.0,2024-10-30
2024103005010889,PHCL,65,4,70.0,558.0,39060.0,2024-10-30
2024103005010888,PHCL,65,22,10.0,558.0,5580.0,2024-10-30
2024103005010887,PHCL,65,55,10.0,558.0,5580.0,2024-10-30
2024103005010886,PHCL,65,58,10.0,558.0,5580.0,2024-10-30
2024103005010885,PHCL,65,44,10.0,558.0,5580.0,2024-10-30
2024103005010884,PHCL,65,3,10.0,558.0,5580.0,2024-10-30
2024103005010883,PHCL,65,45,10.0,558.0,5580.0,2024-10-30
2024103005010882,PHCL,65,40,100.0,557.0,55700.0,2024-10-30
2024103005010881,PHCL,65,6,10.0,557.0,5570.0,2024-10-30
2024103005010880,PHCL,65,34,100.0,556.9,55690.0,2024-10-30
2024103005010879,PHCL,65,58,150.0,556.0,83400.0,2024-10-30
2024103005010878,PHCL,65,53,100.0,556.0,55600.0,2024-10-30
2024103005010877,PHCL,65,21,100.0,555.9,55590.0,2024-10-30
2024103005010876,PHCL,65,58,500.0,555.0,277500.0,2024-10-30
2024103005010875,PHCL,65,46,50.0,555.0,27750.0,2024-10-30
2024103005010874,PHCL,65,55,50.0,555.0,27750.0,2024-10-30
2024103005010873,PHCL,65,49,10.0,555.0,5550.0,2024-10-30
2024103005010872,PHCL,65,58,10.0,555.0,5550.0,2024-10-30
2024103005010871,PHCL,65,35,300.0,555.0,166500.0,2024-10-30
2024103005010870,PHCL,65,42,1000.0,555.0,555000.0,2024-10-30
2024103005010869,PHCL,65,42,10.0,555.0,5550.0,2024-10-30
2024103005010868,PHCL,65,28,50.0,555.0,27750.0,2024-10-30
2024103005010867,PHCL,65,94,100.0,555.0,55500.0,2024-10-30
2024103005010866,PHCL,65,42,200.0,555.0,111000.0,2024-10-30
2024103005010865,PHCL,65,22,10.0,555.0,5550.0,2024-10-30
2024103005010864,PHCL,65,49,10.0,555.0,5550.0,2024-10-30
2024103005010863,PHCL,65,29,25.0,555.0,13875.0,2024-10-30
2024103005010862,PHCL,65,22,10.0,555.0,5550.0,2024-10-30
2024103005010861,PHCL,65,21,10.0,555.0,5550.0,2024-10-30
2024103005010860,PHCL,65,21,10.0,555.0,5550.0,2024-10-30
2024103005010859,PHCL,65,51,500.0,555.0,277500.0,2024-10-30
2024103005010858,PHCL,65,38,50.0,555.0,27750.0,2024-10-30
2024103005010857,PHCL,65,34,50.0,555.0,27750.0,2024-10-30
2024103005010856,PHCL,65,43,1000.0,555.0,555000.0,2024-10-30
2024103005010855,PHCL,65,66,150.0,555.0,83250.0,2024-10-30
2024103005010854,PHCL,65,51,10.0,552.9,5529.0,2024-10-30
2024103005010853,PHCL,65,11,241.0,552.0,133032.0,2024-10-30
2024103005010852,PHCL,65,13,10.0,552.0,5520.0,2024-10-30
2024103005010851,PHCL,65,59,10.0,552.0,5520.0,2024-10-30
2024103005010850,PHCL,65,65,500.0,551.9,275950.0,2024-10-30
2024103005010849,PHCL,65,58,10.0,551.0,5510.0,2024-10-30
2024103005010848,PHCL,65,57,10.0,551.0,5510.0,2024-10-30
2024103005010847,PHCL,65,8,10.0,551.0,5510.0,2024-10-30
2024103005010846,PHCL,65,59,10.0,551.0,5510.0,2024-10-30
2024103005010845,PHCL,65,22,10.0,551.0,5510.0,2024-10-30
2024103005010844,PHCL,65,35,10.0,551.0,5510.0,2024-10-30
2024103005010843,PHCL,65,64,1165.0,551.0,641915.0,2024-10-30
2024103005010842,PHCL,65,19,10.0,551.0,5510.0,2024-10-30
2024103005010841,PHCL,65,46,50.0,551.0,27550.0,2024-10-30
2024103005010840,PHCL,65,72,1000.0,550.0,550000.0,2024-10-30
2024103005010839,PHCL,65,45,10.0,550.0,5500.0,2024-10-30
2024103005010838,PHCL,65,47,200.0,550.0,110000.0,2024-10-30
2024103005010837,PHCL,65,47,10.0,550.0,5500.0,2024-10-30
2024103005010836,PHCL,65,6,200.0,550.0,110000.0,2024-10-30
2024103005010835,PHCL,65,11,1400.0,550.0,770000.0,2024-10-30
2024103005010834,PHCL,65,35,10.0,550.0,5500.0,2024-10-30
2024103005010833,PHCL,65,59,10.0,550.0,5500.0,2024-10-30
2024103005010832,PHCL,65,58,500.0,550.0,275000.0,2024-10-30
2024103005010831,PHCL,65,39,10.0,550.0,5500.0,2024-10-30
2024103005010830,PHCL,65,58,10.0,550.0,5500.0,2024-10-30
2024103005010829,PHCL,65,33,500.0,550.0,275000.0,2024-10-30
2024103005010828,PHCL,65,51,100.0,550.0,55000.0,2024-10-30
2024103005010827,PHCL,65,54,800.0,550.0,440000.0,2024-10-30
2024103005010826,PHCL,65,70,300.0,550.0,165000.0,2024-10-30
2024103005010825,PHCL,65,48,10.0,550.0,5500.0,2024-10-30
2024103005010824,PHCL,65,33,10.0,550.0,5500.0,2024-10-30
2024103005010823,PHCL,65,11,124.0,550.0,68200.0,2024-10-30
2024103005010822,PHCL,65,58,10.0,549.9,5499.0,2024-10-30
2024103003014182,JSLBB,34,18,10.0,1515.0,15150.0,2024-10-30
2024103005010821,CLI,34,33,10.0,654.9,6549.0,2024-10-30
2024103005010820,CLI,29,45,350.0,651.2,227920.0,2024-10-30
2024103005010819,NIFRA,41,45,64.0,277.0,17728.0,2024-10-30
2024103001018103,MKJC,45,49,10.0,488.0,4880.0,2024-10-30
2024103003014181,GBLBS,56,5,50.0,782.0,39100.0,2024-10-30
2024103001018102,HIDCLP,7,34,100.0,182.0,18200.0,2024-10-30
2024103004015914,UMHL,57,22,500.0,337.3,168650.0,2024-10-30
2024103004015913,NLG,55,58,72.0,1350.0,97200.0,2024-10-30
2024103004015912,NLG,55,34,300.0,1350.0,405000.0,2024-10-30
2024103004015911,NLG,55,43,200.0,1350.0,270000.0,2024-10-30
2024103003014180,GUFL,13,55,45.0,764.0,34380.0,2024-10-30
2024103003014179,GUFL,49,55,50.0,764.0,38200.0,2024-10-30
2024103003014178,GUFL,44,55,25.0,764.0,19100.0,2024-10-30
2024103004015910,SHL,14,49,100.0,563.0,56300.0,2024-10-30
2024103003014177,CORBL,60,51,663.0,985.0,653055.0,2024-10-30
2024103003014176,CORBL,60,25,87.0,984.9,85686.3,2024-10-30
2024103003014175,CORBL,60,41,50.0,982.9,49145.0,2024-10-30
2024103003014174,CORBL,60,28,50.0,979.2,48960.0,2024-10-30
2024103003014173,CORBL,60,58,100.0,960.0,96000.0,2024-10-30
2024103003014172,CORBL,60,7,50.0,960.0,48000.0,2024-10-30
2024103001018101,GVL,49,53,10.0,540.0,5400.0,2024-10-30
2024103004015909,SHPC,60,83,10.0,548.1,5481.0,2024-10-30
2024103003014171,MLBL,60,26,400.0,397.0,158800.0,2024-10-30
2024103001018100,MHL,16,35,90.0,735.0,66150.0,2024-10-30
2024103001018099,EHPL,42,86,10.0,827.6,8276.0,2024-10-30
2024103001018098,EHPL,42,68,50.0,825.0,41250.0,2024-10-30
2024103003014170,SAPDBL,28,20,270.0,618.1,166887.0,2024-10-30
2024103003014169,SAPDBL,72,20,10.0,618.1,6181.0,2024-10-30
2024103003014168,SAPDBL,54,20,20.0,618.5,12370.0,2024-10-30
2024103003014167,SAPDBL,58,20,30.0,618.5,18555.0,2024-10-30
2024103004015908,SPDL,49,19,100.0,318.0,31800.0,2024-10-30
2024103003014166,CFCL,21,63,10.0,670.0,6700.0,2024-10-30
2024103003014165,NADEP,57,85,10.0,1019.8,10198.0,2024-10-30
2024103001018097,H8020,39,34,100.0,10.08,1008.0,2024-10-30
2024103001018096,H8020,39,21,100.0,10.0,1000.0,2024-10-30
2024103001018095,H8020,39,75,100.0,10.0,1000.0,2024-10-30
2024103005010818,GCIL,21,39,160.0,500.0,80000.0,2024-10-30
2024103005010817,GCIL,32,39,150.0,500.1,75015.0,2024-10-30
2024103005010816,GCIL,53,39,40.0,500.1,20004.0,2024-10-30
2024103003014164,SFCL,41,57,50.0,779.1,38955.0,2024-10-30
2024103004015907,SGIC,41,64,183.0,780.0,142740.0,2024-10-30
2024103004015906,SGIC,41,62,1000.0,765.0,765000.0,2024-10-30
2024103004015905,SGIC,41,62,300.0,765.0,229500.0,2024-10-30
2024103004015904,SGIC,41,16,600.0,758.0,454800.0,2024-10-30
2024103004015903,SGIC,41,38,895.0,756.0,676620.0,2024-10-30
2024103004015902,SGIC,41,77,280.0,755.8,211624.0,2024-10-30
2024103004015901,SGIC,41,49,220.0,754.9,166078.0,2024-10-30
2024103004015900,SGIC,41,41,100.0,754.8,75480.0,2024-10-30
2024103004015899,SGIC,41,91,500.0,754.8,377400.0,2024-10-30
2024103004015898,SGIC,41,28,40.0,754.8,30192.0,2024-10-30
2024103004015897,SGIC,41,6,1000.0,754.5,754500.0,2024-10-30
2024103004015896,SGIC,41,45,50.0,754.0,37700.0,2024-10-30
2024103004015895,SGIC,41,14,100.0,754.0,75400.0,2024-10-30
2024103004015894,SGIC,41,42,10.0,754.0,7540.0,2024-10-30
2024103004015893,SGIC,41,62,1000.0,754.0,754000.0,2024-10-30
2024103004015892,SGIC,41,62,500.0,754.0,377000.0,2024-10-30
2024103004015891,SGIC,41,52,500.0,754.0,377000.0,2024-10-30
2024103004015890,SGIC,41,4,500.0,754.0,377000.0,2024-10-30
2024103004015889,SGIC,41,57,200.0,754.0,150800.0,2024-10-30
2024103004015888,SGIC,41,62,500.0,754.0,377000.0,2024-10-30
2024103004015887,SGIC,41,42,50.0,754.0,37700.0,2024-10-30
2024103004015886,SGIC,41,28,240.0,752.8,180672.0,2024-10-30
2024103004015885,SGIC,41,55,10.0,752.8,7528.0,2024-10-30
2024103004015884,SGIC,41,55,170.0,752.8,127976.0,2024-10-30
2024103004015883,SGIC,41,45,60.0,752.8,45168.0,2024-10-30
2024103004015882,SGIC,41,37,1000.0,752.8,752800.0,2024-10-30
2024103004015881,SGIC,41,42,200.0,752.7,150540.0,2024-10-30
2024103004015880,SGIC,41,39,50.0,752.7,37635.0,2024-10-30
2024103004015879,SGIC,41,39,500.0,752.7,376350.0,2024-10-30
2024103004015878,SGIC,41,50,35.0,752.7,26344.5,2024-10-30
2024103004015877,SGIC,41,45,50.0,752.7,37635.0,2024-10-30
2024103004015876,SGIC,41,3,150.0,752.5,112875.0,2024-10-30
2024103004015875,SGIC,41,29,100.0,752.5,75250.0,2024-10-30
2024103004015874,SGIC,41,50,55.0,752.0,41360.0,2024-10-30
2024103004015873,SGIC,41,41,10.0,752.0,7520.0,2024-10-30
2024103004015872,SGIC,41,39,100.0,752.0,75200.0,2024-10-30
2024103004015871,SGIC,41,34,20.0,752.0,15040.0,2024-10-30
2024103004015870,SGIC,41,1,10.0,752.0,7520.0,2024-10-30
2024103004015869,SGIC,41,26,10.0,752.0,7520.0,2024-10-30
2024103004015868,SGIC,41,60,200.0,751.7,150340.0,2024-10-30
2024103004015867,SGIC,41,41,10.0,751.0,7510.0,2024-10-30
2024103004015866,SGIC,41,16,50.0,751.0,37550.0,2024-10-30
2024103004015865,SGIC,41,41,50.0,751.0,37550.0,2024-10-30
2024103004015864,SGIC,41,22,200.0,751.0,150200.0,2024-10-30
2024103004015863,SGIC,41,7,100.0,751.0,75100.0,2024-10-30
2024103004015862,SGIC,41,81,1000.0,750.8,750800.0,2024-10-30
2024103004015861,SGIC,41,14,10.0,750.7,7507.0,2024-10-30
2024103004015860,SGIC,41,44,100.0,750.7,75070.0,2024-10-30
2024103004015859,SGIC,41,34,154.0,750.7,115607.8,2024-10-30
2024103004015858,SGIC,41,7,300.0,750.5,225150.0,2024-10-30
2024103004015857,SGIC,41,45,150.0,750.0,112500.0,2024-10-30
2024103004015856,SGIC,41,67,100.0,750.0,75000.0,2024-10-30
2024103004015855,SGIC,41,5,40.0,750.0,30000.0,2024-10-30
2024103004015854,SGIC,41,49,1000.0,750.0,750000.0,2024-10-30
2024103004015853,SGIC,41,59,300.0,750.0,225000.0,2024-10-30
2024103004015852,SGIC,41,41,353.0,750.0,264750.0,2024-10-30
2024103004015851,SGIC,41,42,100.0,750.0,75000.0,2024-10-30
2024103004015850,SGIC,41,38,300.0,750.0,225000.0,2024-10-30
2024103004015849,SGIC,41,32,200.0,750.0,150000.0,2024-10-30
2024103004015848,SGIC,41,4,200.0,750.0,150000.0,2024-10-30
2024103004015847,SGIC,41,42,20.0,750.0,15000.0,2024-10-30
2024103004015846,SGIC,41,57,10.0,750.0,7500.0,2024-10-30
2024103004015845,SGIC,41,32,50.0,749.7,37485.0,2024-10-30
2024103004015844,SGIC,41,47,250.0,749.7,187425.0,2024-10-30
2024103004015843,SGIC,41,88,200.0,749.7,149940.0,2024-10-30
2024103004015842,SGIC,41,88,100.0,749.7,74970.0,2024-10-30
2024103004015841,SGIC,41,34,100.0,749.7,74970.0,2024-10-30
2024103004015840,SGIC,41,32,10.0,749.7,7497.0,2024-10-30
2024103004015839,SGIC,41,6,200.0,749.7,149940.0,2024-10-30
2024103004015838,SGIC,41,43,5000.0,749.5,3747500.0,2024-10-30
2024103004015837,SGIC,41,26,50.0,749.5,37475.0,2024-10-30
2024103004015836,SGIC,41,56,100.0,749.5,74950.0,2024-10-30
2024103004015835,SGIC,41,58,500.0,749.0,374500.0,2024-10-30
2024103004015834,SGIC,41,56,4118.0,749.0,3084382.0,2024-10-30
2024103004015833,SGIC,41,26,70.0,749.0,52430.0,2024-10-30
2024103004015832,SGIC,41,43,1000.0,749.0,749000.0,2024-10-30
2024103004015831,SGIC,41,7,20.0,749.0,14980.0,2024-10-30
2024103004015830,SGIC,41,38,10.0,748.7,7487.0,2024-10-30
2024103004015829,SGIC,41,88,200.0,748.7,149740.0,2024-10-30
2024103004015828,SGIC,41,44,500.0,748.6,374300.0,2024-10-30
2024103004015827,SGIC,41,7,1000.0,748.6,748600.0,2024-10-30
2024103004015826,SGIC,41,14,10.0,748.5,7485.0,2024-10-30
2024103004015825,SGIC,41,42,100.0,748.0,74800.0,2024-10-30
2024103004015824,SGIC,41,56,501.0,748.0,374748.0,2024-10-30
2024103004015823,SGIC,41,38,1000.0,748.0,748000.0,2024-10-30
2024103004015822,SGIC,41,54,200.0,748.0,149600.0,2024-10-30
2024103004015821,SGIC,41,48,10.0,748.0,7480.0,2024-10-30
2024103004015820,SGIC,41,41,210.0,748.0,157080.0,2024-10-30
2024103004015819,SGIC,41,44,100.0,748.0,74800.0,2024-10-30
2024103004015818,SGIC,41,43,10.0,748.0,7480.0,2024-10-30
2024103004015817,SGIC,41,49,200.0,748.0,149600.0,2024-10-30
2024103004015816,SGIC,41,92,57.0,747.0,42579.0,2024-10-30
2024103004015815,SGIC,41,68,2000.0,746.6,1493200.0,2024-10-30
2024103004015814,SGIC,41,38,700.0,746.4,522480.0,2024-10-30
2024103004015813,SGIC,41,45,100.0,746.0,74600.0,2024-10-30
2024103004015812,SGIC,41,53,100.0,745.8,74580.0,2024-10-30
2024103004015811,SGIC,41,35,100.0,745.7,74570.0,2024-10-30
2024103004015810,SGIC,41,14,25.0,745.0,18625.0,2024-10-30
2024103004015809,SGIC,41,42,100.0,745.0,74500.0,2024-10-30
2024103004015808,SGIC,41,62,500.0,745.0,372500.0,2024-10-30
2024103004015807,SGIC,41,58,10.0,745.0,7450.0,2024-10-30
2024103004015806,SGIC,41,48,200.0,745.0,149000.0,2024-10-30
2024103004015805,SGIC,41,38,62.0,745.0,46190.0,2024-10-30
2024103004015804,SGIC,41,45,10.0,745.0,7450.0,2024-10-30
2024103004015803,SGIC,41,36,150.0,745.0,111750.0,2024-10-30
2024103004015802,SGIC,41,45,10.0,745.0,7450.0,2024-10-30
2024103004015801,SGIC,41,6,25.0,745.0,18625.0,2024-10-30
2024103004015800,SGIC,41,58,200.0,745.0,149000.0,2024-10-30
2024103004015799,SGIC,41,26,10.0,745.0,7450.0,2024-10-30
2024103004015798,SGIC,41,50,10.0,745.0,7450.0,2024-10-30
2024103004015797,SGIC,41,38,100.0,745.0,74500.0,2024-10-30
2024103004015796,SGIC,41,21,50.0,745.0,37250.0,2024-10-30
2024103004015795,SGIC,41,14,1500.0,745.0,1117500.0,2024-10-30
2024103004015794,SGIC,41,34,10.0,745.0,7450.0,2024-10-30
2024103004015793,SGIC,41,59,100.0,745.0,74500.0,2024-10-30
2024103004015792,SGIC,41,45,10.0,745.0,7450.0,2024-10-30
2024103004015791,SGIC,41,85,20.0,745.0,14900.0,2024-10-30
2024103004015790,SGIC,41,34,500.0,745.0,372500.0,2024-10-30
2024103004015789,SGIC,41,34,40.0,745.0,29800.0,2024-10-30
2024103004015788,SGIC,41,4,200.0,745.0,149000.0,2024-10-30
2024103004015787,SGIC,41,4,100.0,745.0,74500.0,2024-10-30
2024103004015786,SGIC,41,4,100.0,745.0,74500.0,2024-10-30
2024103004015785,SGIC,41,43,500.0,744.9,372450.0,2024-10-30
2024103004015784,SGIC,41,52,10.0,744.8,7448.0,2024-10-30
2024103004015783,SGIC,41,49,200.0,744.8,148960.0,2024-10-30
2024103004015782,SGIC,41,6,250.0,744.6,186150.0,2024-10-30
2024103004015781,SGIC,41,29,500.0,744.5,372250.0,2024-10-30
2024103004015780,SGIC,41,45,140.0,744.0,104160.0,2024-10-30
2024103004015779,SGIC,41,45,20.0,744.0,14880.0,2024-10-30
2024103004015778,SGIC,41,14,10.0,744.0,7440.0,2024-10-30
2024103004015777,SGIC,41,22,10.0,744.0,7440.0,2024-10-30
2024103004015776,SGIC,41,58,25.0,744.0,18600.0,2024-10-30
2024103004015775,SGIC,41,34,10.0,744.0,7440.0,2024-10-30
2024103004015774,SGIC,41,42,600.0,744.0,446400.0,2024-10-30
2024103004015773,SGIC,41,43,470.0,744.0,349680.0,2024-10-30
2024103004015772,SGIC,41,1,100.0,743.9,74390.0,2024-10-30
2024103004015771,SGIC,41,16,100.0,743.0,74300.0,2024-10-30
2024103004015770,SGIC,41,45,300.0,743.0,222900.0,2024-10-30
2024103004015769,SGIC,41,4,200.0,743.0,148600.0,2024-10-30
2024103004015768,SGIC,41,42,70.0,743.0,52010.0,2024-10-30
2024103004015767,SGIC,41,42,490.0,742.0,363580.0,2024-10-30
2024103004015766,SGIC,41,43,330.0,741.7,244761.0,2024-10-30
2024103004015765,SGIC,41,57,150.0,741.0,111150.0,2024-10-30
2024103004015764,SGIC,41,21,50.0,740.7,37035.0,2024-10-30
2024103004015763,SGIC,41,14,3000.0,740.0,2220000.0,2024-10-30
2024103004015762,SGIC,41,45,700.0,740.0,518000.0,2024-10-30
2024103004015761,SGIC,41,48,200.0,740.0,148000.0,2024-10-30
2024103004015760,SGIC,41,58,400.0,740.0,296000.0,2024-10-30
2024103004015759,SGIC,41,42,500.0,740.0,370000.0,2024-10-30
2024103004015758,SGIC,41,49,30.0,740.0,22200.0,2024-10-30
2024103004015757,SGIC,41,29,200.0,740.0,148000.0,2024-10-30
2024103004015756,SGIC,41,10,210.0,740.0,155400.0,2024-10-30
2024103004015755,SGIC,41,21,100.0,740.0,74000.0,2024-10-30
2024103004015754,SGIC,41,43,100.0,740.0,74000.0,2024-10-30
2024103004015753,SGIC,41,48,10.0,740.0,7400.0,2024-10-30
2024103004015752,SGIC,41,28,200.0,740.0,148000.0,2024-10-30
2024103004015751,SGIC,41,59,100.0,740.0,74000.0,2024-10-30
2024103004015750,SGIC,41,41,60.0,740.0,44400.0,2024-10-30
2024103004015749,SGIC,41,48,500.0,740.0,370000.0,2024-10-30
2024103004015748,SGIC,41,86,50.0,740.0,37000.0,2024-10-30
2024103004015747,SGIC,41,49,1000.0,740.0,740000.0,2024-10-30
2024103004015746,SGIC,41,56,10.0,740.0,7400.0,2024-10-30
2024103004015745,SGIC,41,6,10.0,740.0,7400.0,2024-10-30
2024103004015744,SGIC,41,60,300.0,740.0,222000.0,2024-10-30
2024103004015743,SGIC,41,21,50.0,740.0,37000.0,2024-10-30
2024103004015742,SGIC,41,17,10.0,740.0,7400.0,2024-10-30
2024103004015741,SGIC,41,62,500.0,740.0,370000.0,2024-10-30
2024103004015740,SGIC,41,58,400.0,740.0,296000.0,2024-10-30
2024103004015739,SGIC,41,34,30.0,740.0,22200.0,2024-10-30
2024103004015738,SGIC,41,8,20.0,739.9,14798.0,2024-10-30
2024103004015737,SGIC,41,42,2055.0,739.1,1518850.5,2024-10-30
2024103004015736,SGIC,41,54,100.0,739.0,73900.0,2024-10-30
2024103004015735,SGIC,41,34,60.0,739.0,44340.0,2024-10-30
2024103004015734,SGIC,41,19,100.0,738.0,73800.0,2024-10-30
2024103004015733,SGIC,41,45,100.0,735.0,73500.0,2024-10-30
2024103004015732,SGIC,41,1,100.0,735.0,73500.0,2024-10-30
2024103004015731,SGIC,41,38,45.0,735.0,33075.0,2024-10-30
2024103004015730,SGIC,41,56,10.0,735.0,7350.0,2024-10-30
2024103004015729,SGIC,41,6,25.0,735.0,18375.0,2024-10-30
2024103004015728,SGIC,41,26,50.0,735.0,36750.0,2024-10-30
2024103004015727,SGIC,41,26,100.0,735.0,73500.0,2024-10-30
2024103004015726,SGIC,41,45,70.0,735.0,51450.0,2024-10-30
2024103004015725,SGIC,41,47,100.0,734.4,73440.0,2024-10-30
2024103004015724,SGIC,41,58,200.0,734.0,146800.0,2024-10-30
2024103004015723,SGIC,41,28,45.0,734.0,33030.0,2024-10-30
2024103004015722,SGIC,41,39,50.0,733.5,36675.0,2024-10-30
2024103004015721,SGIC,41,51,384.0,733.0,281472.0,2024-10-30
2024103005010815,NIFRA,41,52,59.0,277.0,16343.0,2024-10-30
2024103004015720,SGIC,41,32,100.0,733.0,73300.0,2024-10-30
2024103004015719,SGIC,41,49,100.0,732.9,73290.0,2024-10-30
2024103004015718,SGIC,41,8,500.0,732.8,366400.0,2024-10-30
2024103004015717,SGIC,41,35,100.0,732.0,73200.0,2024-10-30
2024103004015716,SGIC,41,32,50.0,732.0,36600.0,2024-10-30
2024103004015715,SGIC,41,42,900.0,732.0,658800.0,2024-10-30
2024103004015714,SGIC,41,32,200.0,732.0,146400.0,2024-10-30
2024103004015713,SGIC,41,39,40.0,732.0,29280.0,2024-10-30
2024103004015712,SGIC,41,41,500.0,732.0,366000.0,2024-10-30
2024103004015711,SGIC,41,7,50.0,732.0,36600.0,2024-10-30
2024103004015710,SGIC,41,84,1100.0,731.9,805090.0,2024-10-30
2024103004015709,SGIC,41,57,300.0,731.0,219300.0,2024-10-30
2024103004015708,SGIC,41,57,220.0,731.0,160820.0,2024-10-30
2024103004015707,SGIC,41,6,100.0,731.0,73100.0,2024-10-30
2024103004015706,SGIC,41,4,600.0,731.0,438600.0,2024-10-30
2024103004015705,SGIC,41,39,20.0,731.0,14620.0,2024-10-30
2024103004015704,SGIC,41,58,78.0,730.0,56940.0,2024-10-30
2024103004015703,SGIC,41,6,10.0,730.0,7300.0,2024-10-30
2024103004015702,SGIC,41,3,50.0,730.0,36500.0,2024-10-30
2024103001018094,BGWT,47,48,20.0,960.0,19200.0,2024-10-30
2024103001018093,BGWT,47,56,100.0,959.0,95900.0,2024-10-30
2024103001018092,BGWT,47,58,10.0,959.0,9590.0,2024-10-30
2024103005010814,MBJC,35,58,10.0,332.2,3322.0,2024-10-30
2024103001018091,MKHL,49,46,10.0,535.1,5351.0,2024-10-30
2024103004015701,CHCL,50,17,10.0,585.0,5850.0,2024-10-30
2024103004015700,UPCL,28,35,194.0,272.4,52845.6,2024-10-30
2024103004015699,UPCL,57,35,30.0,272.5,8175.0,2024-10-30
2024103004015698,UPCL,45,35,43.0,272.5,11717.5,2024-10-30
2024103004015697,UPCL,33,35,33.0,272.7,8999.1,2024-10-30
2024103004015696,UPCL,14,35,200.0,272.8,54560.0,2024-10-30
2024103001018090,USHEC,65,7,10.0,566.3,5663.0,2024-10-30
2024103001018089,USHEC,65,46,10.0,566.3,5663.0,2024-10-30
2024103003014163,ICFC,34,4,60.0,797.9,47874.0,2024-10-30
2024103003014162,ICFC,34,46,20.0,797.6,15952.0,2024-10-30
2024103003014161,MPFL,62,48,50.0,745.0,37250.0,2024-10-30
2024103003014160,MPFL,19,48,50.0,745.0,37250.0,2024-10-30
2024103003014159,MPFL,45,48,25.0,745.0,18625.0,2024-10-30
2024103003014158,MPFL,11,48,200.0,745.0,149000.0,2024-10-30
2024103003014157,MPFL,13,48,100.0,745.0,74500.0,2024-10-30
2024103003014156,MPFL,38,48,200.0,745.0,149000.0,2024-10-30
2024103003014155,MPFL,29,48,55.0,745.0,40975.0,2024-10-30
2024103003014154,MPFL,19,48,30.0,745.1,22353.0,2024-10-30
2024103003014153,MPFL,14,48,100.0,745.1,74510.0,2024-10-30
2024103003014152,MPFL,36,48,100.0,745.1,74510.0,2024-10-30
2024103003014151,MPFL,43,48,50.0,745.1,37255.0,2024-10-30
2024103003014150,MPFL,45,48,15.0,745.1,11176.5,2024-10-30
2024103003014149,MPFL,48,48,200.0,745.2,149040.0,2024-10-30
2024103003014148,MPFL,71,48,100.0,745.3,74530.0,2024-10-30
2024103003014147,MPFL,49,48,20.0,745.5,14910.0,2024-10-30
2024103003014146,MPFL,7,48,284.0,745.5,211722.0,2024-10-30
2024103003014145,MPFL,58,48,15.0,746.0,11190.0,2024-10-30
2024103003014144,MPFL,35,48,100.0,746.0,74600.0,2024-10-30
2024103003014143,MPFL,99,48,200.0,746.0,149200.0,2024-10-30
2024103003014142,MPFL,58,48,12.0,746.0,8952.0,2024-10-30
2024103003014141,MPFL,57,48,20.0,746.0,14920.0,2024-10-30
2024103003014140,MPFL,48,48,100.0,746.0,74600.0,2024-10-30
2024103003014139,MPFL,34,48,300.0,747.0,224100.0,2024-10-30
2024103003014138,MPFL,14,48,160.0,747.0,119520.0,2024-10-30
2024103003014137,MPFL,22,48,100.0,747.2,74720.0,2024-10-30
2024103003014136,MPFL,58,48,150.0,748.0,112200.0,2024-10-30
2024103003014135,MPFL,29,48,50.0,748.0,37400.0,2024-10-30
2024103001018088,KBL,45,16,61.0,230.6,14066.6,2024-10-30
2024103004015695,UPPER,5,50,10.0,218.5,2185.0,2024-10-30
2024103003014134,NFS,59,88,50.0,1352.4,67620.0,2024-10-30
2024103003014133,NFS,37,88,100.0,1352.4,135240.0,2024-10-30
2024103003014132,NFS,14,88,100.0,1352.4,135240.0,2024-10-30
2024103003014131,NFS,32,88,200.0,1352.4,270480.0,2024-10-30
2024103003014130,NFS,74,88,50.0,1352.4,67620.0,2024-10-30
2024103003014129,NFS,38,88,200.0,1352.4,270480.0,2024-10-30
2024103003014128,NFS,32,88,100.0,1352.4,135240.0,2024-10-30
2024103003014127,NFS,34,88,10.0,1352.4,13524.0,2024-10-30
2024103003014126,NFS,38,88,350.0,1352.4,473340.0,2024-10-30
2024103003014125,NFS,45,88,100.0,1352.4,135240.0,2024-10-30
2024103003014124,NFS,36,88,89.0,1352.4,120363.6,2024-10-30
2024103003014123,NFS,38,88,350.0,1352.4,473340.0,2024-10-30
2024103003014122,NFS,42,88,100.0,1352.4,135240.0,2024-10-30
2024103003014121,NFS,91,88,200.0,1352.4,270480.0,2024-10-30
2024103003014120,NFS,51,88,20.0,1352.4,27048.0,2024-10-30
2024103003014119,NFS,38,88,350.0,1352.4,473340.0,2024-10-30
2024103003014118,NFS,35,88,100.0,1352.4,135240.0,2024-10-30
2024103003014117,NFS,51,88,30.0,1352.4,40572.0,2024-10-30
2024103003014116,NFS,74,88,50.0,1352.4,67620.0,2024-10-30
2024103003014115,NFS,38,88,350.0,1352.4,473340.0,2024-10-30
2024103003014114,NFS,35,88,20.0,1352.4,27048.0,2024-10-30
2024103003014113,NFS,45,88,300.0,1352.4,405720.0,2024-10-30
2024103003014112,NFS,35,88,280.0,1352.4,378672.0,2024-10-30
2024103003014111,NFS,42,88,10.0,1352.4,13524.0,2024-10-30
2024103003014110,NFS,14,88,100.0,1352.4,135240.0,2024-10-30
2024103003014109,NFS,32,88,100.0,1352.4,135240.0,2024-10-30
2024103003014108,NFS,13,88,20.0,1352.4,27048.0,2024-10-30
2024103003014107,NFS,44,88,50.0,1352.4,67620.0,2024-10-30
2024103003014106,NFS,19,88,10.0,1352.4,13524.0,2024-10-30
2024103003014105,NFS,44,88,300.0,1352.4,405720.0,2024-10-30
2024103003014104,NFS,34,88,200.0,1352.4,270480.0,2024-10-30
2024103003014103,NFS,45,88,700.0,1352.4,946680.0,2024-10-30
2024103003014102,NFS,38,88,350.0,1352.4,473340.0,2024-10-30
2024103003014101,NFS,44,88,300.0,1352.4,405720.0,2024-10-30
2024103003014100,NFS,38,88,350.0,1352.4,473340.0,2024-10-30
2024103003014099,NFS,16,88,1000.0,1352.4,1352400.0,2024-10-30
2024103003014098,NFS,3,88,500.0,1352.4,676200.0,2024-10-30
2024103003014097,NFS,51,88,100.0,1352.4,135240.0,2024-10-30
2024103003014096,NFS,44,88,300.0,1352.4,405720.0,2024-10-30
2024103003014095,NFS,42,88,190.0,1352.4,256956.0,2024-10-30
2024103003014094,NFS,71,88,100.0,1352.9,135290.0,2024-10-30
2024103003014093,NFS,52,88,100.0,1353.0,135300.0,2024-10-30
2024103003014092,NFS,6,88,100.0,1353.0,135300.0,2024-10-30
2024103003014091,NFS,53,88,1000.0,1353.0,1353000.0,2024-10-30
2024103003014090,NFS,7,88,10.0,1353.0,13530.0,2024-10-30
2024103003014089,NFS,42,88,325.0,1353.0,439725.0,2024-10-30
2024103003014088,NFS,34,88,20.0,1353.0,27060.0,2024-10-30
2024103003014087,NFS,57,88,50.0,1354.5,67725.0,2024-10-30
2024103003014086,NFS,34,88,250.0,1354.5,338625.0,2024-10-30
2024103003014085,NFS,8,88,200.0,1354.5,270900.0,2024-10-30
2024103003014084,NFS,11,88,20.0,1354.5,27090.0,2024-10-30
2024103003014083,NFS,8,88,50.0,1354.5,67725.0,2024-10-30
2024103003014082,NFS,40,88,10.0,1354.5,13545.0,2024-10-30
2024103003014081,NFS,51,88,10.0,1354.5,13545.0,2024-10-30
2024103003014080,NFS,44,88,50.0,1354.5,67725.0,2024-10-30
2024103003014079,NFS,35,88,20.0,1354.5,27090.0,2024-10-30
2024103003014078,NFS,17,88,25.0,1354.5,33862.5,2024-10-30
2024103003014077,NFS,72,88,282.0,1354.5,381969.0,2024-10-30
2024103003014076,NFS,34,88,100.0,1354.5,135450.0,2024-10-30
2024103003014075,NFS,57,88,40.0,1354.5,54180.0,2024-10-30
2024103003014074,NFS,11,88,500.0,1355.0,677500.0,2024-10-30
2024103003014073,NFS,57,88,100.0,1355.0,135500.0,2024-10-30
2024103003014072,NFS,34,88,500.0,1355.0,677500.0,2024-10-30
2024103003014071,NFS,14,88,100.0,1355.0,135500.0,2024-10-30
2024103003014070,NFS,45,88,300.0,1355.0,406500.0,2024-10-30
2024103003014069,NFS,26,88,20.0,1355.0,27100.0,2024-10-30
2024103003014068,NFS,45,88,100.0,1355.0,135500.0,2024-10-30
2024103003014067,NFS,37,88,100.0,1355.0,135500.0,2024-10-30
2024103003014066,NFS,58,88,2000.0,1355.4,2710800.0,2024-10-30
2024103003014065,NFS,32,88,100.0,1355.4,135540.0,2024-10-30
2024103003014064,NFS,20,88,1000.0,1355.4,1355400.0,2024-10-30
2024103003014063,NFS,11,88,100.0,1355.4,135540.0,2024-10-30
2024103003014062,NFS,34,88,100.0,1355.4,135540.0,2024-10-30
2024103003014061,NFS,28,88,100.0,1355.4,135540.0,2024-10-30
2024103003014060,NFS,25,88,100.0,1355.4,135540.0,2024-10-30
2024103003014059,NFS,33,88,50.0,1355.4,67770.0,2024-10-30
2024103003014058,NFS,54,88,20.0,1355.4,27108.0,2024-10-30
2024103003014057,NFS,43,88,10.0,1355.4,13554.0,2024-10-30
2024103003014056,NFS,45,88,150.0,1355.4,203310.0,2024-10-30
2024103003014055,NFS,32,88,111.0,1355.4,150449.4,2024-10-30
2024103003014054,NFS,34,88,350.0,1355.5,474425.0,2024-10-30
2024103003014053,NFS,8,88,100.0,1355.5,135550.0,2024-10-30
2024103003014052,NFS,57,88,30.0,1355.9,40677.0,2024-10-30
2024103003014051,NFS,1,88,100.0,1356.0,135600.0,2024-10-30
2024103003014050,NFS,74,88,100.0,1356.0,135600.0,2024-10-30
2024103003014049,NFS,68,88,200.0,1356.0,271200.0,2024-10-30
2024103003014048,NFS,41,88,10.0,1356.4,13564.0,2024-10-30
2024103003014047,NFS,32,88,100.0,1356.4,135640.0,2024-10-30
2024103003014046,NFS,58,88,250.0,1356.4,339100.0,2024-10-30
2024103003014045,NFS,34,88,10.0,1356.4,13564.0,2024-10-30
2024103003014044,NFS,51,88,2200.0,1356.4,2984080.0,2024-10-30
2024103003014043,NFS,25,88,100.0,1356.4,135640.0,2024-10-30
2024103003014042,NFS,45,88,100.0,1356.4,135640.0,2024-10-30
2024103003014041,NFS,56,88,80.0,1356.4,108512.0,2024-10-30
2024103003014040,NFS,48,88,99.0,1356.4,134283.6,2024-10-30
2024103003014039,NFS,72,88,40.0,1356.4,54256.0,2024-10-30
2024103003014038,NFS,41,88,115.0,1356.4,155986.0,2024-10-30
2024103003014037,NFS,50,88,20.0,1356.4,27128.0,2024-10-30
2024103003014036,NFS,17,88,200.0,1356.4,271280.0,2024-10-30
2024103003014035,NFS,5,88,50.0,1356.4,67820.0,2024-10-30
2024103003014034,NFS,58,88,15.0,1356.4,20346.0,2024-10-30
2024103003014033,NFS,22,88,10.0,1357.0,13570.0,2024-10-30
2024103003014032,NFS,32,88,20.0,1357.3,27146.0,2024-10-30
2024103003014031,NFS,5,88,50.0,1357.3,67865.0,2024-10-30
2024103003014030,NFS,45,88,50.0,1357.3,67865.0,2024-10-30
2024103003014029,NFS,52,88,50.0,1357.3,67865.0,2024-10-30
2024103003014028,NFS,82,88,1000.0,1357.3,1357300.0,2024-10-30
2024103003014027,NFS,21,88,50.0,1357.4,67870.0,2024-10-30
2024103003014026,NFS,34,88,200.0,1357.5,271500.0,2024-10-30
2024103003014025,NFS,34,88,300.0,1357.5,407250.0,2024-10-30
2024103003014024,NFS,45,88,253.0,1357.5,343447.5,2024-10-30
2024103003014023,NFS,25,88,45.0,1357.5,61087.5,2024-10-30
2024103003014022,NFS,34,88,15.0,1357.6,20364.0,2024-10-30
2024103003014021,NFS,34,88,100.0,1357.6,135760.0,2024-10-30
2024103003014020,NFS,45,88,500.0,1357.8,678900.0,2024-10-30
2024103003014019,NFS,70,88,1400.0,1357.8,1900920.0,2024-10-30
2024103003014018,NFS,28,88,20.0,1357.8,27156.0,2024-10-30
2024103003014017,NFS,80,88,300.0,1357.8,407340.0,2024-10-30
2024103003014016,NFS,6,88,20.0,1357.8,27156.0,2024-10-30
2024103003014015,NFS,58,88,250.0,1357.9,339475.0,2024-10-30
2024103003014014,NFS,32,88,90.0,1358.0,122220.0,2024-10-30
2024103003014013,NFS,3,88,1000.0,1358.0,1358000.0,2024-10-30
2024103003014012,NFS,35,88,295.0,1358.0,400610.0,2024-10-30
2024103003014011,NFS,57,88,10.0,1358.0,13580.0,2024-10-30
2024103003014010,NFS,39,88,10.0,1358.0,13580.0,2024-10-30
2024103003014009,NFS,34,88,10.0,1358.0,13580.0,2024-10-30
2024103003014008,NFS,62,88,10.0,1358.0,13580.0,2024-10-30
2024103003014007,NFS,38,88,10.0,1358.0,13580.0,2024-10-30
2024103003014006,NFS,57,88,10.0,1358.0,13580.0,2024-10-30
2024103003014005,NFS,57,88,10.0,1358.0,13580.0,2024-10-30
2024103003014004,NFS,88,88,100.0,1358.0,135800.0,2024-10-30
2024103003014003,NFS,20,88,20.0,1358.3,27166.0,2024-10-30
2024103003014002,NFS,5,88,50.0,1358.3,67915.0,2024-10-30
2024103003014001,NFS,1,88,100.0,1358.3,135830.0,2024-10-30
2024103003014000,NFS,22,88,1000.0,1358.3,1358300.0,2024-10-30
2024103003013999,NFS,22,88,1000.0,1358.3,1358300.0,2024-10-30
2024103003013998,NFS,36,88,10.0,1358.3,13583.0,2024-10-30
2024103003013997,NFS,53,88,100.0,1358.3,135830.0,2024-10-30
2024103003013996,NFS,48,88,150.0,1358.3,203745.0,2024-10-30
2024103003013995,NFS,6,88,40.0,1358.3,54332.0,2024-10-30
2024103003013994,NFS,49,88,100.0,1358.3,135830.0,2024-10-30
2024103003013993,NFS,74,88,50.0,1358.4,67920.0,2024-10-30
2024103003013992,NFS,5,88,60.0,1358.4,81504.0,2024-10-30
2024103003013991,NFS,20,88,10.0,1359.0,13590.0,2024-10-30
2024103003013990,NFS,34,88,350.0,1359.0,475650.0,2024-10-30
2024103003013989,NFS,38,88,40.0,1359.0,54360.0,2024-10-30
2024103003013988,NFS,34,88,10.0,1359.0,13590.0,2024-10-30
2024103003013987,NFS,45,88,11.0,1359.0,14949.0,2024-10-30
2024103003013986,NFS,58,88,10.0,1359.3,13593.0,2024-10-30
2024103003013985,NFS,14,88,30.0,1359.3,40779.0,2024-10-30
2024103003013984,NFS,43,88,350.0,1360.0,476000.0,2024-10-30
2024103003013983,NFS,43,88,70.0,1360.0,95200.0,2024-10-30
2024103003013982,NFS,49,88,10.0,1360.0,13600.0,2024-10-30
2024103003013981,NFS,57,88,100.0,1360.0,136000.0,2024-10-30
2024103003013980,NFS,64,88,100.0,1360.0,136000.0,2024-10-30
2024103003013979,NFS,34,88,75.0,1360.0,102000.0,2024-10-30
2024103003013978,NFS,58,88,20.0,1360.0,27200.0,2024-10-30
2024103003013977,NFS,8,88,100.0,1360.0,136000.0,2024-10-30
2024103003013976,NFS,51,88,300.0,1360.0,408000.0,2024-10-30
2024103003013975,NFS,51,88,300.0,1360.0,408000.0,2024-10-30
2024103003013974,NFS,14,88,10.0,1360.0,13600.0,2024-10-30
2024103003013973,NFS,57,88,100.0,1360.0,136000.0,2024-10-30
2024103003013972,NFS,34,88,50.0,1360.0,68000.0,2024-10-30
2024103003013971,NFS,37,88,200.0,1360.0,272000.0,2024-10-30
2024103003013970,NFS,19,88,50.0,1360.0,68000.0,2024-10-30
2024103003013969,NFS,26,88,60.0,1360.0,81600.0,2024-10-30
2024103003013968,NFS,74,88,50.0,1360.0,68000.0,2024-10-30
2024103003013967,NFS,82,88,500.0,1360.0,680000.0,2024-10-30
2024103003013966,NFS,36,88,20.0,1360.0,27200.0,2024-10-30
2024103003013965,NFS,42,88,58.0,1360.3,78897.4,2024-10-30
2024103003013964,NFS,26,88,95.0,1360.3,129228.5,2024-10-30
2024103003013963,NFS,35,88,40.0,1360.9,54436.0,2024-10-30
2024103003013962,NFS,58,88,10.0,1361.0,13610.0,2024-10-30
2024103003013961,NFS,44,88,100.0,1361.0,136100.0,2024-10-30
2024103003013960,NFS,57,88,20.0,1361.0,27220.0,2024-10-30
2024103003013959,NFS,58,88,100.0,1361.3,136130.0,2024-10-30
2024103003013958,NFS,41,88,100.0,1361.3,136130.0,2024-10-30
2024103003013957,NFS,32,88,100.0,1362.0,136200.0,2024-10-30
2024103003013956,NFS,58,88,170.0,1362.2,231574.0,2024-10-30
2024103003013955,NFS,74,88,100.0,1362.2,136220.0,2024-10-30
2024103003013954,NFS,42,88,115.0,1362.2,156653.0,2024-10-30
2024103003013953,NFS,44,88,20.0,1362.2,27244.0,2024-10-30
2024103003013952,NFS,47,88,100.0,1362.2,136220.0,2024-10-30
2024103003013951,NFS,74,88,185.0,1362.2,252007.0,2024-10-30
2024103003013950,NFS,8,88,500.0,1363.0,681500.0,2024-10-30
2024103003013949,NFS,64,88,200.0,1363.0,272600.0,2024-10-30
2024103003013948,NFS,54,88,50.0,1363.0,68150.0,2024-10-30
2024103003013947,NFS,53,88,100.0,1363.0,136300.0,2024-10-30
2024103003013946,NFS,59,88,10.0,1363.0,13630.0,2024-10-30
2024103003013945,NFS,21,88,30.0,1363.0,40890.0,2024-10-30
2024103003013944,NFS,39,88,50.0,1365.0,68250.0,2024-10-30
2024103003013943,NFS,40,88,10.0,1365.0,13650.0,2024-10-30
2024103003013942,NFS,34,88,100.0,1365.0,136500.0,2024-10-30
2024103003013941,NFS,57,88,100.0,1365.0,136500.0,2024-10-30
2024103003013940,NFS,39,88,150.0,1365.0,204750.0,2024-10-30
2024103003013939,NFS,57,88,10.0,1365.0,13650.0,2024-10-30
2024103003013938,NFS,58,88,14.0,1370.0,19180.0,2024-10-30
2024103003013937,NFS,58,88,50.0,1370.0,68500.0,2024-10-30
2024103003013936,NFS,57,88,100.0,1370.0,137000.0,2024-10-30
2024103003013935,NFS,35,88,20.0,1370.0,27400.0,2024-10-30
2024103003013934,NFS,49,88,300.0,1374.0,412200.0,2024-10-30
2024103003013933,NFS,57,88,200.0,1375.0,275000.0,2024-10-30
2024103003013932,NFS,42,88,10.0,1380.0,13800.0,2024-10-30
2024103003013931,NFS,41,88,200.0,1380.0,276000.0,2024-10-30
2024103003013930,NFS,75,88,100.0,1380.0,138000.0,2024-10-30
2024103003013929,NFS,1,88,40.0,1380.0,55200.0,2024-10-30
2024103003013928,NFS,42,88,100.0,1380.0,138000.0,2024-10-30
2024103003013927,NFS,40,88,10.0,1380.0,13800.0,2024-10-30
2024103003013926,NFS,47,88,10.0,1380.0,13800.0,2024-10-30
2024103003013925,NFS,58,88,20.0,1380.0,27600.0,2024-10-30
2024103003013924,NFS,82,88,703.0,1380.0,970140.0,2024-10-30
2024103003013923,NFS,13,88,100.0,1380.0,138000.0,2024-10-30
2024103003013922,NFS,50,88,85.0,1380.0,117300.0,2024-10-30
2024103003013921,NFS,70,88,100.0,1380.0,138000.0,2024-10-30
2024103003013920,NFS,48,88,10.0,1380.0,13800.0,2024-10-30
2024103003013919,NFS,58,88,100.0,1380.0,138000.0,2024-10-30
2024103004015694,NHPC,88,61,100.0,227.8,22780.0,2024-10-30
2024103003013918,NFS,6,88,250.0,1380.0,345000.0,2024-10-30
2024103003013917,NFS,19,88,10.0,1380.0,13800.0,2024-10-30
2024103003013916,NFS,79,88,10.0,1380.0,13800.0,2024-10-30
2024103003013915,NFS,28,88,107.0,1380.0,147660.0,2024-10-30
2024103003013914,NFS,91,88,100.0,1380.1,138010.0,2024-10-30
2024103003013913,NFS,40,88,10.0,1382.0,13820.0,2024-10-30
2024103003013912,NFS,42,88,70.0,1382.0,96740.0,2024-10-30
2024103003013911,NFS,57,88,10.0,1382.2,13822.0,2024-10-30
2024103003013910,NFS,44,88,14.0,1383.0,19362.0,2024-10-30
2024103003013909,NFS,54,88,45.0,1383.1,62239.5,2024-10-30
2024103003013908,NFS,41,88,10.0,1384.0,13840.0,2024-10-30
2024103003013907,NFS,32,88,50.0,1384.0,69200.0,2024-10-30
2024103003013906,NFS,38,88,20.0,1384.0,27680.0,2024-10-30
2024103003013905,NFS,22,88,47.0,1384.0,65048.0,2024-10-30
2024103003013904,NFS,22,88,140.0,1385.0,193900.0,2024-10-30
2024103003013903,NFS,56,88,100.0,1385.0,138500.0,2024-10-30
2024103003013902,NFS,45,88,50.0,1385.0,69250.0,2024-10-30
2024103003013901,NFS,35,88,20.0,1385.0,27700.0,2024-10-30
2024103003013900,NFS,17,88,90.0,1385.0,124650.0,2024-10-30
2024103003013899,NFS,11,88,10.0,1386.0,13860.0,2024-10-30
2024103003013898,NFS,82,88,250.0,1386.0,346500.0,2024-10-30
2024103003013897,NFS,11,88,10.0,1387.0,13870.0,2024-10-30
2024103003013896,NFS,82,88,270.0,1390.0,375300.0,2024-10-30
2024103001018087,PRVU,44,36,50.0,247.3,12365.0,2024-10-30
2024103005010813,NIFRA,44,52,60.0,277.0,16620.0,2024-10-30
2024103004015693,KPCL,44,88,10.0,500.0,5000.0,2024-10-30
2024103003013895,RLFL,58,13,40.0,645.0,25800.0,2024-10-30
2024103003013894,RLFL,58,13,60.0,645.0,38700.0,2024-10-30
2024103004015692,SSHL,26,34,10.0,222.6,2226.0,2024-10-30
2024103004015691,SSHL,26,55,100.0,222.0,22200.0,2024-10-30
2024103001018086,SBI,48,49,391.0,481.2,188149.2,2024-10-30
2024103005010812,SAHAS,18,49,175.0,529.0,92575.0,2024-10-30
2024103003013893,CBBL,42,1,50.0,965.0,48250.0,2024-10-30
2024103004015690,SHEL,42,50,10.0,248.5,2485.0,2024-10-30
2024103004015689,CHL,38,19,100.0,352.0,35200.0,2024-10-30
2024103001018085,SAMAJ,62,51,50.0,3686.5,184325.0,2024-10-30
2024103001018084,NIMB,58,57,200.0,236.0,47200.0,2024-10-30
2024103003013892,JFL,57,21,100.0,760.0,76000.0,2024-10-30
2024103001018083,UNLB,38,11,50.0,2648.0,132400.0,2024-10-30
2024103001018082,HHL,46,38,50.0,451.0,22550.0,2024-10-30
2024103003013891,NUBL,22,41,130.0,718.1,93353.0,2024-10-30
2024103003013890,NUBL,45,41,10.0,718.2,7182.0,2024-10-30
2024103001018081,MKJC,42,29,10.0,480.2,4802.0,2024-10-30
2024103005010811,NIFRA,58,52,200.0,277.0,55400.0,2024-10-30
2024103004015688,NLG,55,62,523.0,1349.0,705527.0,2024-10-30
2024103003013889,MDB,58,62,20.0,643.0,12860.0,2024-10-30
2024103004015687,NLG,25,62,27.0,1349.4,36433.8,2024-10-30
2024103003013888,MDB,26,62,1000.0,643.0,643000.0,2024-10-30
2024103003013887,MDB,45,62,500.0,643.1,321550.0,2024-10-30
2024103003013886,MDB,49,62,200.0,644.0,128800.0,2024-10-30
2024103003013885,MDB,58,62,30.0,644.0,19320.0,2024-10-30
2024103003013884,MDB,49,62,500.0,645.0,322500.0,2024-10-30
2024103003013883,MDB,49,62,500.0,645.0,322500.0,2024-10-30
2024103003013882,MDB,74,62,80.0,645.1,51608.0,2024-10-30
2024103003013881,MDB,44,62,11.0,646.0,7106.0,2024-10-30
2024103003013880,MDB,22,62,500.0,646.0,323000.0,2024-10-30
2024103003013879,MDB,56,62,40.0,646.0,25840.0,2024-10-30
2024103003013878,MDB,50,62,100.0,648.0,64800.0,2024-10-30
2024103003013877,MDB,62,62,90.0,648.0,58320.0,2024-10-30
2024103001018080,MMKJL,28,65,117.0,543.0,63531.0,2024-10-30
2024103001018079,MMKJL,13,65,40.0,543.9,21756.0,2024-10-30
2024103001018078,MMKJL,37,65,100.0,543.9,54390.0,2024-10-30
2024103001018077,MMKJL,42,65,13.0,543.9,7070.7,2024-10-30
2024103001018076,MMKJL,63,65,30.0,544.0,16320.0,2024-10-30
2024103001018075,MBL,34,34,10.0,253.3,2533.0,2024-10-30
2024103001018074,UHEWA,34,51,10.0,497.0,4970.0,2024-10-30
2024103003013876,GBBL,34,51,209.0,449.0,93841.0,2024-10-30
2024103004015686,PPCL,34,56,10.0,267.0,2670.0,2024-10-30
2024103004015685,NHPC,58,45,200.0,227.7,45540.0,2024-10-30
2024103001018073,HIDCLP,52,17,2000.0,181.9,363800.0,2024-10-30
2024103004015684,UPCL,22,45,10.0,273.9,2739.0,2024-10-30
2024103004015683,SHL,14,55,200.0,563.0,112600.0,2024-10-30
2024103005010810,CHDC,44,84,10.0,1692.0,16920.0,2024-10-30
2024103003013875,LLBS,13,44,20.0,1070.0,21400.0,2024-10-30
2024103001018072,NBL,49,16,22.0,286.0,6292.0,2024-10-30
2024103003013874,BFC,60,13,124.0,645.6,80054.4,2024-10-30
2024103004015682,NGPL,4,58,100.0,465.0,46500.0,2024-10-30
2024103001018071,NICA,42,54,16.0,445.8,7132.8,2024-10-30
2024103001018070,NICA,42,8,114.0,445.8,50821.2,2024-10-30
2024103001018069,CITY,77,51,40.0,877.0,35080.0,2024-10-30
2024103003013873,GFCL,51,51,50.0,1015.5,50775.0,2024-10-30
2024103004015681,NIL,6,59,200.0,930.1,186020.0,2024-10-30
2024103004015680,RADHI,96,16,16.0,407.5,6520.0,2024-10-30
2024103004015679,RADHI,96,45,50.0,407.0,20350.0,2024-10-30
2024103004015678,RADHI,96,14,112.0,406.9,45572.8,2024-10-30
2024103004015677,RADHI,96,29,100.0,406.5,40650.0,2024-10-30
2024103004015676,RADHI,96,94,200.0,405.9,81180.0,2024-10-30
2024103004015675,RADHI,96,29,100.0,405.6,40560.0,2024-10-30
2024103004015674,RADHI,96,6,100.0,405.0,40500.0,2024-10-30
2024103004015673,RADHI,96,28,100.0,405.0,40500.0,2024-10-30
2024103004015672,RADHI,96,58,75.0,405.0,30375.0,2024-10-30
2024103004015671,RADHI,96,72,500.0,405.0,202500.0,2024-10-30
2024103004015670,RADHI,96,37,50.0,403.9,20195.0,2024-10-30
2024103004015669,RADHI,96,29,100.0,403.8,40380.0,2024-10-30
2024103004015668,RADHI,96,36,200.0,403.0,80600.0,2024-10-30
2024103004015667,RADHI,96,42,500.0,402.0,201000.0,2024-10-30
2024103004015666,RADHI,96,37,50.0,401.9,20095.0,2024-10-30
2024103004015665,RADHI,96,52,100.0,400.0,40000.0,2024-10-30
2024103004015664,RADHI,96,39,147.0,400.0,58800.0,2024-10-30
2024103001018068,LSL,14,39,207.0,247.0,51129.0,2024-10-30
2024103001018067,DOLTI,42,57,20.0,612.0,12240.0,2024-10-30
2024103001018066,DOLTI,36,57,10.0,612.0,6120.0,2024-10-30
2024103001018065,SARBTM,45,1,50.0,778.0,38900.0,2024-10-30
2024103001018064,NIMB,38,57,10.0,237.0,2370.0,2024-10-30
2024103005010809,HIDCL,56,41,1658.0,274.3,454789.4,2024-10-30
2024103005010808,HIDCL,56,41,164.0,274.3,44985.2,2024-10-30
2024103005010807,HIDCL,41,41,78.0,274.4,21403.2,2024-10-30
2024103005010806,HIDCL,49,41,100.0,274.6,27460.0,2024-10-30
2024103005010805,NIFRA,39,52,251.0,277.0,69527.0,2024-10-30
2024103005010804,HRL,50,25,20.0,873.1,17462.0,2024-10-30
2024103005010803,SONA,34,25,10.0,482.0,4820.0,2024-10-30
2024103001018063,PPL,49,28,10.0,485.0,4850.0,2024-10-30
2024103001018062,GBIME,45,58,73.0,256.0,18688.0,2024-10-30
2024103001018061,GBIME,45,94,3000.0,256.0,768000.0,2024-10-30
2024103001018060,GBIME,45,19,300.0,256.0,76800.0,2024-10-30
2024103001018059,GBIME,45,1,219.0,256.0,56064.0,2024-10-30
2024103001018058,GBIME,45,14,340.0,255.8,86972.0,2024-10-30
2024103001018057,GBIME,45,91,500.0,255.7,127850.0,2024-10-30
2024103001018056,GBIME,45,80,200.0,255.6,51120.0,2024-10-30
2024103001018055,GBIME,45,35,1000.0,255.5,255500.0,2024-10-30
2024103001018054,GBIME,45,25,100.0,255.0,25500.0,2024-10-30
2024103001018053,GBIME,45,42,200.0,255.0,51000.0,2024-10-30
2024103001018052,GBIME,45,6,931.0,255.0,237405.0,2024-10-30
2024103001018051,GBIME,45,48,1177.0,255.0,300135.0,2024-10-30
2024103001018050,GBIME,45,40,1680.0,254.9,428232.0,2024-10-30
2024103001018049,GBIME,45,54,100.0,254.9,25490.0,2024-10-30
2024103001018048,GBIME,45,58,180.0,254.8,45864.0,2024-10-30
2024103004015663,GHL,48,22,440.0,223.0,98120.0,2024-10-30
2024103003013872,SJLIC,60,55,86.0,492.0,42312.0,2024-10-30
2024103003013871,SJLIC,52,55,114.0,492.0,56088.0,2024-10-30
2024103001018047,BHL,13,49,240.0,483.0,115920.0,2024-10-30
2024103003013870,KSBBL,4,25,357.0,459.0,163863.0,2024-10-30
2024103004015662,IGI,42,42,200.0,630.0,126000.0,2024-10-30
2024103005010802,HATHY,56,61,30.0,1325.0,39750.0,2024-10-30
2024103001018046,PPL,32,90,20.0,490.0,9800.0,2024-10-30
2024103005010801,PHCL,32,38,10.0,549.0,5490.0,2024-10-30
2024103003013869,SFCL,41,59,210.0,779.1,163611.0,2024-10-30
2024103004015661,NHPC,53,61,300.0,227.8,68340.0,2024-10-30
2024103005010800,RNLI,62,57,180.0,510.4,91872.0,2024-10-30
2024103005010799,RNLI,85,57,20.0,512.9,10258.0,2024-10-30
2024103001018045,EBL,56,22,25.0,603.9,15097.5,2024-10-30
2024103001018044,EBL,56,19,30.0,603.5,18105.0,2024-10-30
2024103001018043,EBL,56,55,45.0,602.0,27090.0,2024-10-30
2024103003013868,ICFC,41,46,15.0,797.6,11964.0,2024-10-30
2024103003013867,ICFC,41,22,30.0,797.0,23910.0,2024-10-30
2024103004015660,CHL,38,42,250.0,352.0,88000.0,2024-10-30
2024103003013866,NFS,82,49,50.0,1390.0,69500.0,2024-10-30
2024103003013865,NFS,82,41,180.0,1390.0,250200.0,2024-10-30
2024103005010798,CHDC,28,84,100.0,1692.0,169200.0,2024-10-30
2024103004015659,PMHPL,26,58,35.0,272.3,9530.5,2024-10-30
2024103003013864,JFL,13,45,30.0,759.0,22770.0,2024-10-30
2024103003013863,JFL,41,45,100.0,759.0,75900.0,2024-10-30
2024103003013862,JFL,13,45,170.0,759.0,129030.0,2024-10-30
2024103001018042,BEDC,32,29,10.0,483.9,4839.0,2024-10-30
2024103004015658,HURJA,6,58,1000.0,217.0,217000.0,2024-10-30
2024103004015657,SHL,58,6,100.0,563.0,56300.0,2024-10-30
2024103003013861,CFCL,53,63,100.0,670.0,67000.0,2024-10-30
2024103005010797,NIFRA,39,38,149.0,277.0,41273.0,2024-10-30
2024103005010796,NIFRA,50,1,87.0,276.1,24020.7,2024-10-30
2024103005010795,NIFRA,53,1,175.0,276.1,48317.5,2024-10-30
2024103005010794,NIFRA,59,1,200.0,276.2,55240.0,2024-10-30
2024103005010793,NIFRA,3,1,200.0,276.2,55240.0,2024-10-30
2024103005010792,NIFRA,58,1,50.0,276.3,13815.0,2024-10-30
2024103005010791,NIFRA,58,1,38.0,276.3,10499.4,2024-10-30
2024103004015656,BARUN,55,41,140.0,388.5,54390.0,2024-10-30
2024103001018041,MEHL,42,38,50.0,395.2,19760.0,2024-10-30
2024103001018040,MKCL,48,38,45.0,1535.0,69075.0,2024-10-30
2024103001018039,MKCL,95,38,100.0,1537.0,153700.0,2024-10-30
2024103003013860,KMCDB,77,68,40.0,1090.0,43600.0,2024-10-30
2024103003013859,KMCDB,77,26,210.0,1088.0,228480.0,2024-10-30
2024103003013858,KMCDB,77,13,50.0,1087.0,54350.0,2024-10-30
2024103001018038,CITY,77,8,30.0,879.0,26370.0,2024-10-30
2024103001018037,CITY,77,37,90.0,878.2,79038.0,2024-10-30
2024103004015655,NHDL,50,13,13.0,599.9,7798.7,2024-10-30
2024103003013857,SFCL,41,66,500.0,779.1,389550.0,2024-10-30
2024103001018036,NABIL,59,35,101.0,576.0,58176.0,2024-10-30
2024103001018035,NABIL,44,35,20.0,576.0,11520.0,2024-10-30
2024103001018034,NABIL,59,35,129.0,576.1,74316.9,2024-10-30
2024103001018033,CITY,58,37,10.0,878.2,8782.0,2024-10-30
2024103001018032,CITY,58,80,10.0,877.3,8773.0,2024-10-30
2024103003013856,MATRI,28,6,50.0,1395.0,69750.0,2024-10-30
2024103003013855,NADEP,45,22,10.0,1015.0,10150.0,2024-10-30
2024103004015654,PRIN,86,34,37.0,999.0,36963.0,2024-10-30
2024103004015653,PRIN,86,19,38.0,996.0,37848.0,2024-10-30
2024103001018031,MHCL,55,56,20.0,422.0,8440.0,2024-10-30
2024103005010790,KDBY,29,26,1300.0,9.33,12129.0,2024-10-30
2024103004015652,AKPL,42,59,670.0,255.0,170850.0,2024-10-30
2024103004015651,AKPL,42,3,30.0,255.0,7650.0,2024-10-30
2024103001018030,HIDCLP,52,21,2000.0,181.9,363800.0,2024-10-30
2024103001018029,KBL,22,56,300.0,230.5,69150.0,2024-10-30
2024103005010789,ENL,57,49,70.0,1139.0,79730.0,2024-10-30
2024103003013854,NUBL,22,38,14.0,718.1,10053.4,2024-10-30
2024103001018028,NABIL,59,52,21.0,576.1,12098.1,2024-10-30
2024103001018027,NABIL,52,52,389.0,576.1,224102.9,2024-10-30
2024103005010788,NMB50,22,52,100.0,10.36,1036.0,2024-10-30
2024103001018026,MHL,57,25,120.0,731.0,87720.0,2024-10-30
2024103005010787,PSF,5,57,500.0,9.94,4970.0,2024-10-30
2024103003013853,NUBL,34,36,10.0,722.0,7220.0,2024-10-30
2024103003013852,CFCL,40,34,102.0,668.0,68136.0,2024-10-30
2024103003013851,CFCL,43,34,18.0,668.1,12025.8,2024-10-30
2024103003013850,CFCL,6,34,40.0,668.1,26724.0,2024-10-30
2024103003013849,CFCL,7,34,50.0,668.5,33425.0,2024-10-30
2024103003013848,CFCL,34,34,340.0,668.5,227290.0,2024-10-30
2024103004015650,OHL,58,58,319.0,950.0,303050.0,2024-10-30
2024103004015649,OHL,34,58,32.0,950.1,30403.2,2024-10-30
2024103004015648,OHL,59,58,40.0,951.0,38040.0,2024-10-30
2024103001018025,HHL,46,22,50.0,451.0,22550.0,2024-10-30
2024103001018024,SIKLES,63,66,10.0,701.0,7010.0,2024-10-30
2024103001018023,RFPL,62,26,30.0,645.0,19350.0,2024-10-30
2024103005010786,SMJC,38,49,10.0,597.0,5970.0,2024-10-30
2024103003013847,GFCL,49,51,30.0,1015.5,30465.0,2024-10-30
2024103005010785,HRL,44,4,20.0,873.0,17460.0,2024-10-30
2024103003013846,SINDU,44,61,55.0,711.0,39105.0,2024-10-30
2024103001018022,LSL,21,6,120.0,247.5,29700.0,2024-10-30
2024103004015647,SALICO,6,44,87.0,762.0,66294.0,2024-10-30
2024103003013845,JFL,13,6,30.0,759.0,22770.0,2024-10-30
2024103003013844,JFL,34,6,70.0,759.0,53130.0,2024-10-30
2024103003013843,CFCL,1,63,80.0,670.0,53600.0,2024-10-30
2024103003013842,CFCL,1,57,100.0,670.0,67000.0,2024-10-30
2024103003013841,CFCL,1,45,200.0,670.0,134000.0,2024-10-30
2024103003013840,CFCL,1,53,120.0,670.0,80400.0,2024-10-30
2024103005010784,SAHAS,18,41,60.0,529.0,31740.0,2024-10-30
2024103001018021,PRVU,58,41,25.0,247.1,6177.5,2024-10-30
2024103001018020,PRVU,58,57,490.0,247.1,121079.0,2024-10-30
2024103001018019,PRVU,35,57,10.0,247.2,2472.0,2024-10-30
2024103001018018,PRVU,58,57,500.0,247.2,123600.0,2024-10-30
2024103003013839,ALICL,57,62,100.0,740.0,74000.0,2024-10-30
2024103003013838,ALICL,57,26,30.0,740.0,22200.0,2024-10-30
2024103003013837,ALICL,57,51,50.0,740.0,37000.0,2024-10-30
2024103005010783,CHDC,77,94,10.0,1698.6,16986.0,2024-10-30
2024103001018017,NIMB,58,18,100.0,236.0,23600.0,2024-10-30
2024103003013836,RLFL,58,90,440.0,645.0,283800.0,2024-10-30
2024103003013835,RLFL,58,90,100.0,645.0,64500.0,2024-10-30
2024103003013834,RLFL,87,90,200.0,645.2,129040.0,2024-10-30
2024103001018016,BNT,32,11,10.0,14404.0,144040.0,2024-10-30
2024103001018015,BNT,32,11,20.0,14406.1,288122.0,2024-10-30
2024103001018014,BNT,48,11,10.0,14410.0,144100.0,2024-10-30
2024103001018013,BNT,56,11,10.0,14415.0,144150.0,2024-10-30
2024103005010782,SMJC,47,35,10.0,596.5,5965.0,2024-10-30
2024103003013833,SHINE,34,65,100.0,484.0,48400.0,2024-10-30
2024103003013832,MLBBL,85,17,50.0,1826.5,91325.0,2024-10-30
2024103003013831,MPFL,51,45,10.0,748.5,7485.0,2024-10-30
2024103001018012,HHL,46,13,489.0,451.0,220539.0,2024-10-30
2024103003013830,NMFBS,45,13,47.0,1436.6,67520.2,2024-10-30
2024103003013829,GFCL,49,51,10.0,1015.5,10155.0,2024-10-30
2024103003013828,GRDBL,20,1,21.0,775.0,16275.0,2024-10-30
2024103004015646,AKJCL,58,42,10.0,213.0,2130.0,2024-10-30
2024103004015645,API,51,94,50.0,293.0,14650.0,2024-10-30
2024103004015644,API,6,94,200.0,293.0,58600.0,2024-10-30
2024103004015643,MEN,57,14,200.0,709.0,141800.0,2024-10-30
2024103003013827,SFCL,41,41,100.0,779.1,77910.0,2024-10-30
2024103001018011,KBL,70,16,300.0,230.6,69180.0,2024-10-30
2024103001018010,MKJC,8,49,10.0,488.0,4880.0,2024-10-30
2024103003013826,ALICL,45,62,100.0,739.0,73900.0,2024-10-30
2024103001018009,SCB,52,52,100.0,738.5,73850.0,2024-10-30
2024103001018008,NABIL,52,36,50.0,576.1,28805.0,2024-10-30
2024103001018007,NABIL,52,1,116.0,576.1,66827.6,2024-10-30
2024103001018006,NIMB,66,57,30.0,237.0,7110.0,2024-10-30
2024103001018005,NIMB,66,95,170.0,235.4,40018.0,2024-10-30
2024103005010781,NIFRA,35,38,10.0,277.0,2770.0,2024-10-30
2024103003013825,NFS,48,41,10.0,1390.0,13900.0,2024-10-30
2024103001018004,USHL,58,58,20.0,872.0,17440.0,2024-10-30
2024103001018003,USHL,58,41,200.0,872.0,174400.0,2024-10-30
2024103001018002,USHL,58,42,60.0,840.0,50400.0,2024-10-30
2024103001018001,USHL,58,50,2500.0,810.0,2025000.0,2024-10-30
2024103001018000,USHL,58,38,100.0,795.6,79560.0,2024-10-30
2024103001017999,USHL,58,33,634.0,795.6,504410.4,2024-10-30
2024103001017998,USHL,58,41,37.0,795.6,29437.2,2024-10-30
2024103001017997,USHL,58,70,33.0,795.6,26254.8,2024-10-30
2024103001017996,USHL,58,11,200.0,795.6,159120.0,2024-10-30
2024103001017995,USHL,58,34,10.0,795.6,7956.0,2024-10-30
2024103001017994,USHL,58,21,10.0,795.6,7956.0,2024-10-30
2024103001017993,USHL,58,44,15.0,795.6,11934.0,2024-10-30
2024103001017992,USHL,58,45,297.0,795.6,236293.2,2024-10-30
2024103001017991,USHL,58,45,400.0,795.6,318240.0,2024-10-30
2024103001017990,USHL,58,45,100.0,795.6,79560.0,2024-10-30
2024103001017989,USHL,58,16,50.0,795.6,39780.0,2024-10-30
2024103001017988,USHL,58,35,200.0,795.6,159120.0,2024-10-30
2024103001017987,USHL,58,42,10.0,795.5,7955.0,2024-10-30
2024103001017986,USHL,58,3,205.0,795.0,162975.0,2024-10-30
2024103001017985,USHL,58,17,80.0,795.0,63600.0,2024-10-30
2024103001017984,USHL,58,58,45.0,795.0,35775.0,2024-10-30
2024103001017983,USHL,58,57,10.0,795.0,7950.0,2024-10-30
2024103003013824,JFL,34,44,100.0,759.0,75900.0,2024-10-30
2024103001017982,PPL,49,91,37.0,485.0,17945.0,2024-10-30
2024103001017981,PPL,58,91,10.0,486.0,4860.0,2024-10-30
2024103001017980,PPL,42,91,263.0,486.0,127818.0,2024-10-30
2024103003013823,GFCL,36,51,10.0,1015.5,10155.0,2024-10-30
2024103001017979,NYADI,34,42,170.0,307.0,52190.0,2024-10-30
2024103001017978,NYADI,36,42,10.0,307.0,3070.0,2024-10-30
2024103001017977,MMKJL,63,51,70.0,544.0,38080.0,2024-10-30
2024103003013822,BFC,53,13,10.0,645.6,6456.0,2024-10-30
2024103004015642,UMHL,56,4,100.0,337.9,33790.0,2024-10-30
2024103001017976,RAWA,41,56,10.0,779.0,7790.0,2024-10-30
2024103001017975,MMKJL,63,38,100.0,544.0,54400.0,2024-10-30
2024103003013821,JSLBB,62,38,200.0,1498.3,299660.0,2024-10-30
2024103005010780,SMJC,47,38,10.0,596.5,5965.0,2024-10-30
2024103003013820,HLI,41,83,1000.0,483.0,483000.0,2024-10-30
2024103003013819,ICFC,26,62,975.0,795.0,775125.0,2024-10-30
2024103003013818,ICFC,43,62,25.0,795.0,19875.0,2024-10-30
2024103004015641,PRIN,39,48,32.0,986.5,31568.0,2024-10-30
2024103003013817,JFL,42,34,75.0,759.0,56925.0,2024-10-30
2024103001017974,SBI,58,34,46.0,483.0,22218.0,2024-10-30
2024103001017973,SCB,1,17,23.0,738.0,16974.0,2024-10-30
2024103005010779,PHCL,65,58,10.0,548.1,5481.0,2024-10-30
2024103003013816,MPFL,51,58,40.0,748.5,29940.0,2024-10-30
2024103005010778,PHCL,65,43,1409.0,548.1,772272.9,2024-10-30
2024103005010777,PHCL,11,43,91.0,548.5,49913.5,2024-10-30
2024103003013815,NICLBSL,44,57,10.0,725.0,7250.0,2024-10-30
2024103003013814,NFS,20,41,10.0,1390.0,13900.0,2024-10-30
2024103001017972,NABIL,49,1,60.0,576.1,34566.0,2024-10-30
2024103004015640,HDHPC,49,16,3000.0,215.0,645000.0,2024-10-30
2024103003013813,SFCL,41,42,255.0,779.1,198670.5,2024-10-30
2024103005010776,NIFRA,42,38,10.0,277.0,2770.0,2024-10-30
2024103004015639,NHPC,32,61,170.0,227.8,38726.0,2024-10-30
2024103004015638,HURJA,58,6,100.0,216.9,21690.0,2024-10-30
2024103001017971,GBIME,6,58,20.0,254.8,5096.0,2024-10-30
2024103005010775,HDL,1,56,20.0,1365.0,27300.0,2024-10-30
2024103001017970,ADBL,59,14,300.0,372.0,111600.0,2024-10-30
2024103005010774,NRIC,41,6,38.0,799.0,30362.0,2024-10-30
2024103004015637,RHPL,45,52,1180.0,377.0,444860.0,2024-10-30
2024103004015636,RHPL,41,52,90.0,378.0,34020.0,2024-10-30
2024103004015635,RHPL,42,52,100.0,378.0,37800.0,2024-10-30
2024103004015634,RHPL,29,52,50.0,378.0,18900.0,2024-10-30
2024103004015633,RHPL,39,52,580.0,378.0,219240.0,2024-10-30
2024103001017969,SNLI,35,29,27.0,614.0,16578.0,2024-10-30
2024103001017968,SNLI,35,45,61.0,614.0,37454.0,2024-10-30
2024103001017967,SNLI,35,21,12.0,610.0,7320.0,2024-10-30
2024103004015632,HURJA,25,58,870.0,217.0,188790.0,2024-10-30
2024103004015631,NLG,25,32,23.0,1349.4,31036.2,2024-10-30
2024103001017966,NMB,4,5,62.0,260.0,16120.0,2024-10-30
2024103001017965,NMB,49,5,50.0,260.0,13000.0,2024-10-30
2024103001017964,NABIL,7,1,50.0,576.1,28805.0,2024-10-30
2024103003013812,NABBC,8,45,30.0,662.0,19860.0,2024-10-30
2024103001017963,SARBTM,45,41,291.0,777.6,226281.6,2024-10-30
2024103005010773,HRL,45,16,100.0,874.0,87400.0,2024-10-30
2024103001017962,USHL,45,58,100.0,761.5,76150.0,2024-10-30
2024103001017961,USHL,58,58,10.0,761.5,7615.0,2024-10-30
2024103001017960,USHL,37,58,200.0,762.6,152520.0,2024-10-30
2024103001017959,USHL,62,58,50.0,762.6,38130.0,2024-10-30
2024103001017958,USHL,91,58,100.0,762.6,76260.0,2024-10-30
2024103001017957,USHL,32,58,1000.0,762.6,762600.0,2024-10-30
2024103001017956,USHL,21,58,100.0,762.6,76260.0,2024-10-30
2024103001017955,USHL,55,58,100.0,762.9,76290.0,2024-10-30
2024103001017954,USHL,49,58,50.0,763.0,38150.0,2024-10-30
2024103001017953,USHL,43,58,350.0,763.1,267085.0,2024-10-30
2024103001017952,USHL,43,58,500.0,763.1,381550.0,2024-10-30
2024103001017951,USHL,58,58,50.0,763.6,38180.0,2024-10-30
2024103001017950,USHL,58,58,40.0,763.6,30544.0,2024-10-30
2024103001017949,USHL,62,58,100.0,764.4,76440.0,2024-10-30
2024103001017948,USHL,59,58,100.0,764.4,76440.0,2024-10-30
2024103001017947,USHL,16,58,500.0,764.4,382200.0,2024-10-30
2024103001017946,USHL,26,58,50.0,765.0,38250.0,2024-10-30
2024103001017945,USHL,20,58,10.0,765.0,7650.0,2024-10-30
2024103001017944,USHL,59,58,200.0,765.0,153000.0,2024-10-30
2024103001017943,USHL,25,58,100.0,765.0,76500.0,2024-10-30
2024103001017942,USHL,36,58,50.0,765.0,38250.0,2024-10-30
2024103001017941,USHL,14,58,50.0,765.0,38250.0,2024-10-30
2024103001017940,USHL,34,58,40.0,765.0,30600.0,2024-10-30
2024103001017939,USHL,58,58,200.0,765.0,153000.0,2024-10-30
2024103001017938,USHL,74,58,200.0,765.0,153000.0,2024-10-30
2024103001017937,USHL,22,58,100.0,770.0,77000.0,2024-10-30
2024103001017936,USHL,36,58,50.0,770.1,38505.0,2024-10-30
2024103001017935,USHL,40,58,100.0,775.0,77500.0,2024-10-30
2024103001017934,USHL,58,58,100.0,777.0,77700.0,2024-10-30
2024103001017933,USHL,16,58,500.0,777.0,388500.0,2024-10-30
2024103001017932,USHL,51,58,155.0,777.1,120450.5,2024-10-30
2024103001017931,USHL,42,58,244.0,778.0,189832.0,2024-10-30
2024103001017930,USHL,42,58,400.0,778.2,311280.0,2024-10-30
2024103001017929,USHL,91,58,50.0,778.3,38915.0,2024-10-30
2024103004015630,PPCL,58,72,660.0,266.9,176154.0,2024-10-30
2024103001017928,BHL,13,58,200.0,483.0,96600.0,2024-10-30
2024103004015629,SHL,58,55,300.0,563.0,168900.0,2024-10-30
2024103004015628,NLG,55,60,500.0,1349.0,674500.0,2024-10-30
2024103001017927,MKHC,13,16,424.0,376.2,159508.8,2024-10-30
2024103001017926,MKHC,59,16,55.0,377.0,20735.0,2024-10-30
2024103001017925,MKHC,40,16,21.0,377.0,7917.0,2024-10-30
2024103004015627,SPIL,94,29,10.0,884.0,8840.0,2024-10-30
2024103005010772,STC,44,32,10.0,5860.0,58600.0,2024-10-30
2024103001017924,SGHC,21,60,10.0,405.0,4050.0,2024-10-30
2024103003013811,GBLBS,51,34,46.0,783.0,36018.0,2024-10-30
2024103001017923,NIMB,49,95,100.0,235.4,23540.0,2024-10-30
2024103001017922,NIMB,42,95,100.0,236.0,23600.0,2024-10-30
2024103001017921,NIMB,48,95,630.0,236.0,148680.0,2024-10-30
2024103003013810,SWBBL,50,33,14.0,934.0,13076.0,2024-10-30
2024103003013809,SWBBL,50,45,16.0,933.9,14942.4,2024-10-30
2024103003013808,SWBBL,50,22,100.0,931.0,93100.0,2024-10-30
2024103001017920,SHLB,49,50,10.0,1900.0,19000.0,2024-10-30
2024103005010771,PHCL,11,63,229.0,548.5,125606.5,2024-10-30
2024103001017919,HIDCLP,52,42,10.0,181.5,1815.0,2024-10-30
2024103004015626,API,48,94,1561.0,293.0,457373.0,2024-10-30
2024103004015625,API,48,67,439.0,293.0,128627.0,2024-10-30
2024103003013807,ALBSL,17,42,102.0,1077.0,109854.0,2024-10-30
2024103003013806,ALBSL,17,53,18.0,1070.0,19260.0,2024-10-30
2024103001017918,HIDCLP,14,17,200.0,181.3,36260.0,2024-10-30
2024103004015624,SHL,45,17,500.0,563.5,281750.0,2024-10-30
2024103005010770,ILI,52,45,20.0,496.0,9920.0,2024-10-30
2024103005010769,NRN,45,55,10.0,909.0,9090.0,2024-10-30
2024103004015623,HURJA,58,6,395.0,216.9,85675.5,2024-10-30
2024103005010768,SAHAS,18,58,265.0,529.0,140185.0,2024-10-30
2024103005010767,SAHAS,16,58,50.0,529.0,26450.0,2024-10-30
2024103005010766,SAHAS,18,58,185.0,529.0,97865.0,2024-10-30
2024103004015622,BARUN,55,43,150.0,388.5,58275.0,2024-10-30
2024103004015621,BARUN,51,43,100.0,388.7,38870.0,2024-10-30
2024103001017917,SHLB,26,42,10.0,1910.0,19100.0,2024-10-30
2024103001017916,SHLB,26,17,189.0,1910.0,360990.0,2024-10-30
2024103003013805,KSBBL,4,25,426.0,459.0,195534.0,2024-10-30
2024103003013804,KSBBL,4,20,574.0,459.0,263466.0,2024-10-30
2024103005010765,HATHY,32,94,52.0,1321.0,68692.0,2024-10-30
2024103005010764,HATHY,58,94,25.0,1325.0,33125.0,2024-10-30
2024103003013803,SAPDBL,58,20,30.0,619.0,18570.0,2024-10-30
2024103003013802,SAPDBL,50,20,30.0,619.1,18573.0,2024-10-30
2024103001017915,SPL,4,42,62.0,846.5,52483.0,2024-10-30
2024103001017914,NBL,35,42,10.0,285.5,2855.0,2024-10-30
2024103005010763,HRL,44,42,10.0,873.0,8730.0,2024-10-30
2024103005010762,SAHAS,33,49,150.0,529.5,79425.0,2024-10-30
2024103003013801,CFCL,34,51,50.0,668.5,33425.0,2024-10-30
2024103001017913,SRLI,33,42,360.0,455.5,163980.0,2024-10-30
2024103001017912,MHCL,60,51,90.0,421.0,37890.0,2024-10-30
2024103001017911,MHCL,58,51,10.0,421.4,4214.0,2024-10-30
2024103001017910,HHL,46,37,150.0,451.0,67650.0,2024-10-30
2024103001017909,AHL,38,47,490.0,691.1,338639.0,2024-10-30
2024103001017908,AHL,35,47,10.0,697.9,6979.0,2024-10-30
2024103001017907,SNLI,38,77,72.0,600.0,43200.0,2024-10-30
2024103001017906,SNLI,6,77,200.0,600.1,120020.0,2024-10-30
2024103001017905,SNLI,22,77,200.0,600.8,120160.0,2024-10-30
2024103001017904,SNLI,58,77,200.0,600.9,120180.0,2024-10-30
2024103001017903,SNLI,34,77,50.0,600.9,30045.0,2024-10-30
2024103001017902,SNLI,25,77,35.0,601.0,21035.0,2024-10-30
2024103001017901,SNLI,11,77,100.0,601.0,60100.0,2024-10-30
2024103001017900,SNLI,14,77,200.0,601.1,120220.0,2024-10-30
2024103001017899,SNLI,98,77,450.0,601.7,270765.0,2024-10-30
2024103001017898,SNLI,28,77,10.0,601.8,6018.0,2024-10-30
2024103001017897,SNLI,1,77,100.0,601.9,60190.0,2024-10-30
2024103001017896,SNLI,51,77,20.0,601.9,12038.0,2024-10-30
2024103001017895,SNLI,34,77,15.0,602.0,9030.0,2024-10-30
2024103001017894,SNLI,33,77,100.0,602.0,60200.0,2024-10-30
2024103001017893,SNLI,47,77,500.0,602.0,301000.0,2024-10-30
2024103001017892,SNLI,58,77,50.0,602.0,30100.0,2024-10-30
2024103001017891,SNLI,38,77,98.0,602.0,58996.0,2024-10-30
2024103001017890,SNLI,49,77,404.0,602.0,243208.0,2024-10-30
2024103001017889,SNLI,45,77,300.0,602.7,180810.0,2024-10-30
2024103001017888,SNLI,28,77,10.0,602.7,6027.0,2024-10-30
2024103001017887,SNLI,57,77,100.0,602.7,60270.0,2024-10-30
2024103001017886,SNLI,28,77,10.0,602.8,6028.0,2024-10-30
2024103001017885,SNLI,58,77,500.0,603.0,301500.0,2024-10-30
2024103001017884,SNLI,41,77,500.0,603.0,301500.0,2024-10-30
2024103001017883,SNLI,35,77,58.0,603.0,34974.0,2024-10-30
2024103001017882,SNLI,28,77,10.0,603.7,6037.0,2024-10-30
2024103001017881,SNLI,8,77,250.0,605.0,151250.0,2024-10-30
2024103001017880,SNLI,17,77,10.0,605.0,6050.0,2024-10-30
2024103001017879,SNLI,55,77,300.0,605.0,181500.0,2024-10-30
2024103001017878,SNLI,59,77,10.0,605.0,6050.0,2024-10-30
2024103001017877,SNLI,4,77,100.0,605.0,60500.0,2024-10-30
2024103001017876,SNLI,57,77,169.0,605.0,102245.0,2024-10-30
2024103001017875,SNLI,42,77,10.0,605.0,6050.0,2024-10-30
2024103001017874,SNLI,36,77,100.0,605.0,60500.0,2024-10-30
2024103001017873,SNLI,57,77,533.0,605.0,322465.0,2024-10-30
2024103001017872,SNLI,41,77,400.0,605.6,242240.0,2024-10-30
2024103001017871,SNLI,34,77,50.0,606.0,30300.0,2024-10-30
2024103001017870,SNLI,34,77,50.0,606.0,30300.0,2024-10-30
2024103001017869,SNLI,54,77,468.0,608.9,284965.2,2024-10-30
2024103001017868,MKJC,42,29,10.0,480.2,4802.0,2024-10-30
2024103004015620,HDHPC,94,57,525.0,214.1,112402.5,2024-10-30
2024103005010761,NIFRA,57,38,10.0,277.0,2770.0,2024-10-30
2024103001017867,MKJC,8,49,10.0,488.0,4880.0,2024-10-30
2024103005010760,PHCL,65,52,500.0,548.1,274050.0,2024-10-30
2024103003013800,CFCL,25,53,270.0,670.0,180900.0,2024-10-30
2024103004015619,GLH,70,35,552.0,250.3,138165.6,2024-10-30
2024103004015618,GLH,35,35,10.0,250.3,2503.0,2024-10-30
2024103004015617,GLH,29,35,50.0,250.9,12545.0,2024-10-30
2024103004015616,GLH,26,35,20.0,250.9,5018.0,2024-10-30
2024103004015615,GLH,59,35,50.0,251.0,12550.0,2024-10-30
2024103004015614,GLH,42,35,100.0,251.0,25100.0,2024-10-30
2024103004015613,GLH,42,35,400.0,251.0,100400.0,2024-10-30
2024103004015612,GLH,52,35,313.0,251.0,78563.0,2024-10-30
2024103004015611,GLH,42,35,15.0,252.0,3780.0,2024-10-30
2024103004015610,GLH,49,35,40.0,252.0,10080.0,2024-10-30
2024103004015609,GLH,34,35,220.0,252.0,55440.0,2024-10-30
2024103004015608,GLH,29,35,20.0,254.0,5080.0,2024-10-30
2024103001017866,SCB,1,35,94.0,738.0,69372.0,2024-10-30
2024103001017865,SCB,48,35,87.0,738.0,64206.0,2024-10-30
2024103003013799,PROFL,5,14,11.0,690.0,7590.0,2024-10-30
2024103003013798,PROFL,5,41,489.0,690.0,337410.0,2024-10-30
2024103003013797,SAPDBL,72,49,195.0,620.0,120900.0,2024-10-30
2024103005010759,HDL,34,28,20.0,1365.0,27300.0,2024-10-30
2024103005010758,HDL,34,42,20.0,1365.0,27300.0,2024-10-30
2024103005010757,HDL,34,40,47.0,1365.0,64155.0,2024-10-30
2024103005010756,HIDCL,86,29,385.0,275.0,105875.0,2024-10-30
2024103005010755,HIDCL,86,42,115.0,274.6,31579.0,2024-10-30
2024103004015607,KKHC,42,58,315.0,281.0,88515.0,2024-10-30
2024103004015606,KKHC,34,58,200.0,281.0,56200.0,2024-10-30
2024103004015605,KKHC,45,58,54.0,281.1,15179.4,2024-10-30
2024103004015604,KKHC,33,58,700.0,281.3,196910.0,2024-10-30
2024103004015603,KKHC,42,58,1071.0,281.3,301272.3,2024-10-30
2024103004015602,RIDI,36,50,20.0,243.0,4860.0,2024-10-30
2024103004015601,RIDI,16,50,598.0,243.0,145314.0,2024-10-30
2024103004015600,RIDI,16,25,200.0,243.0,48600.0,2024-10-30
2024103004015599,RIDI,16,6,402.0,242.8,97605.6,2024-10-30
2024103003013796,SKBBL,49,44,10.0,943.8,9438.0,2024-10-30
2024103001017864,NWCL,41,32,77.0,1011.0,77847.0,2024-10-30
2024103001017863,NWCL,39,32,16.0,1011.1,16177.6,2024-10-30
2024103001017862,NWCL,58,32,17.0,1011.5,17195.5,2024-10-30
2024103001017861,NWCL,58,32,30.0,1012.0,30360.0,2024-10-30
2024103004015598,SGIC,42,39,10.0,731.0,7310.0,2024-10-30
2024103004015597,SGIC,42,49,11.0,731.0,8041.0,2024-10-30
2024103001017860,BHDC,1,22,50.0,630.0,31500.0,2024-10-30
2024103003013795,RLFL,58,36,400.0,645.0,258000.0,2024-10-30
2024103003013794,RLFL,41,36,18.0,645.0,11610.0,2024-10-30
2024103003013793,RLFL,58,36,500.0,645.0,322500.0,2024-10-30
2024103003013792,RLFL,42,36,40.0,645.0,25800.0,2024-10-30
2024103003013791,RLFL,58,36,500.0,645.0,322500.0,2024-10-30
2024103003013790,RLFL,58,36,40.0,645.0,25800.0,2024-10-30
2024103003013789,RLFL,45,36,100.0,645.1,64510.0,2024-10-30
