transaction,symbol,buyer,seller,quantity,rate,amount,date
2025052603012436,RLFL,36,59,30.0,483.0,14490.0,2025-05-26
2025052604023746,DHPL,42,7,10.0,339.0,3390.0,2025-05-26
2025052605010699,SMJC,42,6,10.0,503.8,5038.0,2025-05-26
2025052605010698,NRN,58,58,300.0,2010.0,603000.0,2025-05-26
2025052603012435,SHINE,7,83,10.0,411.0,4110.0,2025-05-26
2025052603012434,SLBSL,56,62,20.0,1550.0,31000.0,2025-05-26
2025052605010697,PHCL,5,57,180.0,559.0,100620.0,2025-05-26
2025052604023745,BPCL,32,7,20.0,492.9,9858.0,2025-05-26
2025052605010696,SHIVM,57,50,50.0,523.4,26170.0,2025-05-26
2025052604023744,AKPL,57,58,75.0,240.7,18052.5,2025-05-26
2025052605010695,HDL,35,16,300.0,1213.0,363900.0,2025-05-26
2025052603012433,GMFBS,51,56,58.0,1582.8,91802.4,2025-05-26
2025052603012432,GMFBS,28,56,50.0,1583.0,79150.0,2025-05-26
2025052604023743,OHL,64,45,30.0,905.0,27150.0,2025-05-26
2025052605010694,HRL,22,26,80.0,933.1,74648.0,2025-05-26
2025052605010693,HRL,54,26,100.0,933.1,93310.0,2025-05-26
2025052604023742,UPCL,7,42,786.0,429.0,337194.0,2025-05-26
2025052604023741,UPCL,7,39,10.0,428.9,4289.0,2025-05-26
2025052604023740,UPCL,7,32,1000.0,428.9,428900.0,2025-05-26
2025052604023739,UPCL,7,68,600.0,428.0,256800.0,2025-05-26
2025052604023738,UPCL,7,45,500.0,428.0,214000.0,2025-05-26
2025052604023737,UPCL,7,22,104.0,428.0,44512.0,2025-05-26
2025052604023736,JOSHI,6,51,31.0,387.8,12021.8,2025-05-26
2025052604023735,JOSHI,6,41,124.0,387.7,48074.8,2025-05-26
2025052604023734,JOSHI,6,29,155.0,387.0,59985.0,2025-05-26
2025052604023733,JOSHI,6,38,90.0,386.8,34812.0,2025-05-26
2025052604023732,JOSHI,6,50,100.0,386.0,38600.0,2025-05-26
2025052604023731,NICL,16,47,55.0,797.0,43835.0,2025-05-26
2025052604023730,SHPC,56,34,290.0,559.0,162110.0,2025-05-26
2025052604023729,SHPC,56,35,40.0,559.0,22360.0,2025-05-26
2025052604023728,SHPC,56,11,110.0,558.9,61479.0,2025-05-26
2025052604023727,SHPC,56,59,500.0,558.0,279000.0,2025-05-26
2025052604023726,SHPC,56,22,200.0,558.0,111600.0,2025-05-26
2025052604023725,SHPC,56,47,740.0,558.0,412920.0,2025-05-26
2025052604023724,SHPC,56,69,60.0,557.9,33474.0,2025-05-26
2025052604023723,SHPC,56,19,60.0,557.8,33468.0,2025-05-26
2025052604023722,KPCL,32,57,10.0,525.0,5250.0,2025-05-26
2025052601022770,NIMB,35,45,65.0,217.0,14105.0,2025-05-26
2025052603012431,NMBMF,41,7,10.0,729.0,7290.0,2025-05-26
2025052604023721,RIDI,44,62,500.0,257.0,128500.0,2025-05-26
2025052605010692,NIFRA,45,42,134.0,278.5,37319.0,2025-05-26
2025052605010691,NIFRA,57,42,500.0,278.6,139300.0,2025-05-26
2025052605010690,NIFRA,41,42,50.0,278.6,13930.0,2025-05-26
2025052605010689,NIFRA,6,42,316.0,278.7,88069.2,2025-05-26
2025052604023720,CHL,29,55,10.0,291.8,2918.0,2025-05-26
2025052604023719,HPPL,42,35,100.0,491.0,49100.0,2025-05-26
2025052604023718,HPPL,55,35,100.0,491.0,49100.0,2025-05-26
2025052604023717,HPPL,19,35,100.0,491.0,49100.0,2025-05-26
2025052604023716,HPPL,60,35,692.0,491.0,339772.0,2025-05-26
2025052604023715,HPPL,25,35,40.0,491.5,19660.0,2025-05-26
2025052604023714,HPPL,48,35,80.0,491.5,39320.0,2025-05-26
2025052604023713,HURJA,18,91,15.0,248.9,3733.5,2025-05-26
2025052604023712,SSHL,45,58,200.0,231.5,46300.0,2025-05-26
2025052603012430,SAPDBL,72,39,31.0,836.0,25916.0,2025-05-26
2025052603012429,SAPDBL,51,39,36.0,837.0,30132.0,2025-05-26
2025052603012428,SAPDBL,8,39,10.0,837.8,8378.0,2025-05-26
2025052603012427,SAPDBL,63,39,10.0,837.9,8379.0,2025-05-26
2025052603012426,MNBBL,49,54,10.0,368.0,3680.0,2025-05-26
2025052603012425,SKBBL,65,75,293.0,807.1,236480.3,2025-05-26
2025052603012424,SKBBL,84,75,30.0,807.2,24216.0,2025-05-26
2025052603012423,SKBBL,58,75,100.0,808.0,80800.0,2025-05-26
2025052603012422,SKBBL,6,75,120.0,808.0,96960.0,2025-05-26
2025052603012421,SKBBL,34,75,400.0,808.0,323200.0,2025-05-26
2025052603012420,SKBBL,57,75,20.0,808.1,16162.0,2025-05-26
2025052603012419,SKBBL,42,75,36.0,808.1,29091.6,2025-05-26
2025052604023711,AKPL,48,57,400.0,241.0,96400.0,2025-05-26
2025052601022769,CZBIL,42,85,23.0,213.0,4899.0,2025-05-26
2025052601022768,CZBIL,62,85,150.0,213.0,31950.0,2025-05-26
2025052601022767,CZBIL,4,85,200.0,213.0,42600.0,2025-05-26
2025052601022766,CZBIL,13,85,30.0,213.0,6390.0,2025-05-26
2025052601022765,CZBIL,41,85,397.0,213.0,84561.0,2025-05-26
2025052604023710,RADHI,97,58,79.0,804.0,63516.0,2025-05-26
2025052604023709,RADHI,97,22,20.0,804.0,16080.0,2025-05-26
2025052604023708,RADHI,97,58,10.0,804.0,8040.0,2025-05-26
2025052604023707,RADHI,97,58,43.0,804.0,34572.0,2025-05-26
2025052604023706,RADHI,97,54,1000.0,804.0,804000.0,2025-05-26
2025052604023705,RADHI,97,45,200.0,804.0,160800.0,2025-05-26
2025052604023704,RADHI,97,58,500.0,804.0,402000.0,2025-05-26
2025052604023703,RADHI,97,22,14.0,804.0,11256.0,2025-05-26
2025052601022764,SHLB,7,26,10.0,2070.0,20700.0,2025-05-26
2025052601022763,SHLB,58,26,10.0,2071.0,20710.0,2025-05-26
2025052604023702,RADHI,97,60,500.0,803.9,401950.0,2025-05-26
2025052601022762,EHPL,6,56,20.0,568.0,11360.0,2025-05-26
2025052601022761,PRVU,59,35,10.0,214.0,2140.0,2025-05-26
2025052603012418,CORBL,72,38,10.0,2195.9,21959.0,2025-05-26
2025052601022760,SBL,50,53,10.0,300.5,3005.0,2025-05-26
2025052604023701,UPCL,17,22,10.0,428.0,4280.0,2025-05-26
2025052604023700,SPDL,3,6,300.0,356.1,106830.0,2025-05-26
2025052603012417,MDB,80,34,49.0,602.0,29498.0,2025-05-26
2025052603012416,MDB,62,34,115.0,602.0,69230.0,2025-05-26
2025052603012415,MDB,91,34,288.0,602.1,173404.8,2025-05-26
2025052603012414,MDB,34,34,100.0,602.2,60220.0,2025-05-26
2025052603012413,MDB,52,34,100.0,602.3,60230.0,2025-05-26
2025052603012412,MDB,58,34,88.0,602.3,53002.4,2025-05-26
2025052603012411,MDB,39,34,260.0,602.3,156598.0,2025-05-26
2025052604023699,UPPER,58,7,90.0,201.6,18144.0,2025-05-26
2025052601022759,PCBL,51,36,10.0,251.0,2510.0,2025-05-26
2025052601022758,HBL,56,16,10.0,230.0,2300.0,2025-05-26
2025052604023698,SHEL,48,57,100.0,265.0,26500.0,2025-05-26
2025052601022757,CITY,48,57,38.0,837.8,31836.4,2025-05-26
2025052601022756,NWCL,64,65,20.0,938.9,18778.0,2025-05-26
2025052601022755,NWCL,64,35,10.0,938.0,9380.0,2025-05-26
2025052601022754,NWCL,64,41,50.0,938.0,46900.0,2025-05-26
2025052601022753,NWCL,64,58,10.0,937.9,9379.0,2025-05-26
2025052601022752,NWCL,64,22,10.0,937.0,9370.0,2025-05-26
2025052604023697,NGPL,87,57,10.0,380.1,3801.0,2025-05-26
2025052604023696,RADHI,57,4,60.0,803.0,48180.0,2025-05-26
2025052601022751,TVCL,74,57,90.0,476.3,42867.0,2025-05-26
2025052601022750,TVCL,74,57,350.0,476.3,166705.0,2025-05-26
2025052601022749,TVCL,86,57,70.0,476.4,33348.0,2025-05-26
2025052604023695,RHPL,49,88,40.0,377.5,15100.0,2025-05-26
2025052605010688,SAHAS,51,67,100.0,521.0,52100.0,2025-05-26
2025052601022748,RFPL,14,45,60.0,482.0,28920.0,2025-05-26
2025052601022747,RFPL,48,45,40.0,482.0,19280.0,2025-05-26
2025052601022746,GBIME,35,56,471.0,236.0,111156.0,2025-05-26
2025052601022745,GBIME,35,67,500.0,236.0,118000.0,2025-05-26
2025052601022744,GBIME,35,89,10.0,235.9,2359.0,2025-05-26
2025052601022743,GBIME,35,3,500.0,235.9,117950.0,2025-05-26
2025052601022742,GBIME,35,58,500.0,235.0,117500.0,2025-05-26
2025052601022741,GBIME,35,6,62.0,234.5,14539.0,2025-05-26
2025052601022740,GBIME,35,81,370.0,234.0,86580.0,2025-05-26
2025052601022739,GBIME,35,45,87.0,232.6,20236.2,2025-05-26
2025052605010687,SONA,53,63,69.0,461.0,31809.0,2025-05-26
2025052605010686,SONA,42,63,100.0,461.1,46110.0,2025-05-26
2025052605010685,SONA,42,63,108.0,462.0,49896.0,2025-05-26
2025052605010684,SONA,7,63,50.0,462.0,23100.0,2025-05-26
2025052605010683,SONA,29,63,173.0,462.2,79960.6,2025-05-26
2025052604023694,PPCL,49,22,30.0,330.0,9900.0,2025-05-26
2025052603012410,MSLB,58,4,90.0,1285.0,115650.0,2025-05-26
2025052604023693,UPCL,60,22,10.0,428.0,4280.0,2025-05-26
2025052603012409,SWMF,47,45,99.0,752.7,74517.3,2025-05-26
2025052601022738,MBL,22,59,100.0,228.0,22800.0,2025-05-26
2025052605010682,ENL,60,39,10.0,1111.0,11110.0,2025-05-26
2025052604023692,UNHPL,41,35,196.0,319.0,62524.0,2025-05-26
2025052603012408,LBBL,34,51,482.0,446.1,215020.2,2025-05-26
2025052601022737,NYADI,58,45,50.0,419.0,20950.0,2025-05-26
2025052604023691,NLG,21,45,285.0,831.3,236920.5,2025-05-26
2025052604023690,NLG,36,45,40.0,832.0,33280.0,2025-05-26
2025052604023689,NLG,51,45,25.0,833.0,20825.0,2025-05-26
2025052604023688,SHL,4,84,609.0,556.0,338604.0,2025-05-26
2025052604023687,SHL,4,22,191.0,556.0,106196.0,2025-05-26
2025052601022736,RAWA,34,26,10.0,808.2,8082.0,2025-05-26
2025052604023686,AKJCL,6,42,200.0,207.0,41400.0,2025-05-26
2025052601022735,LSL,8,21,304.0,224.7,68308.8,2025-05-26
2025052601022734,LSL,8,34,50.0,224.7,11235.0,2025-05-26
2025052601022733,LSL,8,49,179.0,224.4,40167.6,2025-05-26
2025052601022732,LSL,8,34,40.0,224.4,8976.0,2025-05-26
2025052601022731,LSL,8,1,200.0,224.3,44860.0,2025-05-26
2025052601022730,LSL,8,44,2000.0,224.0,448000.0,2025-05-26
2025052601022729,LSL,8,58,21.0,224.0,4704.0,2025-05-26
2025052601022728,LSL,8,48,200.0,223.8,44760.0,2025-05-26
2025052601022727,LSL,8,58,1706.0,223.0,380438.0,2025-05-26
2025052601022726,LSL,8,41,29.0,223.0,6467.0,2025-05-26
2025052601022725,LSL,8,38,100.0,222.9,22290.0,2025-05-26
2025052601022724,LSL,8,22,171.0,222.9,38115.9,2025-05-26
2025052601022723,LSL,42,62,146.0,221.0,32266.0,2025-05-26
2025052601022722,LSL,39,62,202.0,221.0,44642.0,2025-05-26
2025052601022721,LSL,17,62,200.0,221.1,44220.0,2025-05-26
2025052601022720,LSL,62,62,428.0,221.3,94716.4,2025-05-26
2025052601022719,LSL,53,62,24.0,221.4,5313.6,2025-05-26
2025052604023685,GHL,26,39,10.0,249.8,2498.0,2025-05-26
2025052605010681,SHIVM,6,50,500.0,523.4,261700.0,2025-05-26
2025052605010680,NRN,34,39,10.0,2015.0,20150.0,2025-05-26
2025052605010679,HRL,44,34,466.0,933.1,434824.6,2025-05-26
2025052605010678,HRL,38,34,40.0,933.2,37328.0,2025-05-26
2025052604023684,KPCL,14,29,14.0,518.0,7252.0,2025-05-26
2025052604023683,SPIL,36,49,43.0,834.8,35896.4,2025-05-26
2025052604023682,SPIL,36,11,100.0,830.0,83000.0,2025-05-26
2025052604023681,SPIL,36,11,100.0,830.0,83000.0,2025-05-26
2025052604023680,SPIL,36,49,49.0,830.0,40670.0,2025-05-26
2025052604023679,SPIL,36,57,171.0,830.0,141930.0,2025-05-26
2025052604023678,SPIL,36,71,100.0,829.7,82970.0,2025-05-26
2025052604023677,SPIL,36,57,500.0,829.5,414750.0,2025-05-26
2025052604023676,SPIL,36,48,30.0,828.0,24840.0,2025-05-26
2025052604023675,SPIL,36,54,27.0,828.0,22356.0,2025-05-26
2025052604023674,SPIL,36,64,480.0,828.0,397440.0,2025-05-26
2025052604023673,SHPC,82,57,200.0,556.0,111200.0,2025-05-26
2025052603012407,CBBL,42,44,296.0,901.0,266696.0,2025-05-26
2025052603012406,NUBL,77,53,60.0,705.0,42300.0,2025-05-26
2025052603012405,NUBL,77,54,200.0,704.9,140980.0,2025-05-26
2025052603012404,NUBL,77,14,50.0,704.9,35245.0,2025-05-26
2025052603012403,NUBL,77,54,200.0,704.0,140800.0,2025-05-26
2025052603012402,NUBL,77,58,480.0,704.0,337920.0,2025-05-26
2025052603012401,NUBL,77,45,10.0,701.0,7010.0,2025-05-26
2025052604023672,SSHL,26,58,300.0,231.5,69450.0,2025-05-26
2025052604023671,BPCL,64,53,900.0,491.8,442620.0,2025-05-26
2025052604023670,BPCL,87,53,100.0,492.0,49200.0,2025-05-26
2025052601022718,CREST,6,51,20.0,1830.0,36600.0,2025-05-26
2025052604023669,SHL,84,56,200.0,555.1,111020.0,2025-05-26
2025052604023668,SHL,5,56,100.0,555.2,55520.0,2025-05-26
2025052604023667,SHL,16,56,200.0,555.2,111040.0,2025-05-26
2025052601022717,SBI,63,6,886.0,404.9,358741.4,2025-05-26
2025052604023666,TRH,64,82,20.0,947.9,18958.0,2025-05-26
2025052603012400,SINDU,1,45,54.0,830.0,44820.0,2025-05-26
2025052603012399,NFS,43,56,10.0,624.0,6240.0,2025-05-26
2025052604023665,IGI,56,38,65.0,548.0,35620.0,2025-05-26
2025052604023664,CGH,46,58,10.0,869.0,8690.0,2025-05-26
2025052601022716,RAWA,34,47,200.0,808.2,161640.0,2025-05-26
2025052601022715,LSL,34,22,29.0,222.9,6464.1,2025-05-26
2025052603012398,JBBL,57,60,50.0,333.5,16675.0,2025-05-26
2025052603012397,JBBL,58,60,50.0,333.5,16675.0,2025-05-26
2025052603012396,LBBL,34,29,100.0,448.0,44800.0,2025-05-26
2025052604023663,NGPL,86,63,500.0,380.2,190100.0,2025-05-26
2025052604023662,RADHI,29,4,20.0,803.8,16076.0,2025-05-26
2025052604023661,SALICO,17,35,95.0,674.0,64030.0,2025-05-26
2025052604023660,SALICO,94,35,55.0,675.0,37125.0,2025-05-26
2025052604023659,API,45,34,150.0,292.0,43800.0,2025-05-26
2025052601022714,GBIME,16,28,200.0,232.6,46520.0,2025-05-26
2025052601022713,HIDCLP,84,13,10.0,202.8,2028.0,2025-05-26
2025052605010677,RNLI,35,22,50.0,512.0,25600.0,2025-05-26
2025052601022712,BHL,8,42,450.0,216.3,97335.0,2025-05-26
2025052601022711,BHL,32,42,50.0,216.4,10820.0,2025-05-26
2025052604023658,SPDL,42,1,10.0,356.9,3569.0,2025-05-26
2025052603012395,SINDU,49,49,10.0,832.0,8320.0,2025-05-26
2025052605010676,ENL,58,51,20.0,1114.0,22280.0,2025-05-26
2025052603012394,SADBL,52,54,51.0,415.0,21165.0,2025-05-26
2025052603012393,SINDU,1,40,40.0,830.0,33200.0,2025-05-26
2025052603012392,SINDU,25,40,10.0,831.0,8310.0,2025-05-26
2025052604023657,RIDI,78,62,100.0,257.0,25700.0,2025-05-26
2025052601022710,KBL,32,19,496.0,214.1,106193.6,2025-05-26
2025052601022709,KBL,58,19,27.0,214.2,5783.4,2025-05-26
2025052601022708,KBL,40,19,1000.0,214.2,214200.0,2025-05-26
2025052601022707,KBL,4,19,10.0,214.4,2144.0,2025-05-26
2025052601022706,KBL,81,19,100.0,214.4,21440.0,2025-05-26
2025052601022705,KBL,20,19,280.0,214.4,60032.0,2025-05-26
2025052601022704,KBL,45,19,200.0,214.5,42900.0,2025-05-26
2025052601022703,KBL,41,19,310.0,214.6,66526.0,2025-05-26
2025052601022702,KBL,8,19,207.0,214.7,44442.9,2025-05-26
2025052601022701,KBL,48,19,340.0,214.8,73032.0,2025-05-26
2025052603012391,MPFL,17,55,70.0,596.4,41748.0,2025-05-26
2025052603012390,MPFL,1,55,50.0,597.0,29850.0,2025-05-26
2025052604023656,RIDI,86,62,1000.0,257.0,257000.0,2025-05-26
2025052601022700,NBL,5,49,150.0,258.9,38835.0,2025-05-26
2025052605010675,HRL,44,52,10.0,933.1,9331.0,2025-05-26
2025052604023655,BPCL,64,11,800.0,491.8,393440.0,2025-05-26
2025052605010674,NRM,25,58,10.0,460.0,4600.0,2025-05-26
2025052605010673,HRL,87,58,10.0,933.5,9335.0,2025-05-26
2025052603012389,RLFL,55,16,100.0,482.5,48250.0,2025-05-26
2025052603012388,GILB,58,25,20.0,1331.0,26620.0,2025-05-26
2025052601022699,TVCL,86,48,30.0,476.4,14292.0,2025-05-26
2025052605010672,RNLI,47,22,100.0,512.0,51200.0,2025-05-26
2025052605010671,HRL,44,47,100.0,933.1,93310.0,2025-05-26
2025052601022698,TPC,41,38,44.0,348.0,15312.0,2025-05-26
2025052601022697,TPC,41,52,56.0,348.0,19488.0,2025-05-26
2025052601022696,PCBL,41,84,146.0,247.2,36091.2,2025-05-26
2025052601022695,PCBL,21,84,216.0,247.2,53395.2,2025-05-26
2025052601022694,PCBL,52,84,40.0,247.3,9892.0,2025-05-26
2025052601022693,PCBL,35,84,98.0,250.0,24500.0,2025-05-26
2025052604023654,DHPL,14,47,57.0,338.0,19266.0,2025-05-26
2025052604023653,NHPC,57,74,20.0,218.0,4360.0,2025-05-26
2025052605010670,SAHAS,28,21,255.0,520.1,132625.5,2025-05-26
2025052605010669,SAHAS,57,21,100.0,520.1,52010.0,2025-05-26
2025052605010668,SAHAS,28,21,145.0,520.1,75414.5,2025-05-26
2025052605010667,SAHAS,28,36,60.0,520.1,31206.0,2025-05-26
2025052603012387,RLFL,55,32,350.0,482.5,168875.0,2025-05-26
2025052603012386,RLFL,25,32,100.0,482.7,48270.0,2025-05-26
2025052604023652,NGPL,34,60,38.0,381.9,14512.2,2025-05-26
2025052604023651,NGPL,34,36,500.0,381.3,190650.0,2025-05-26
2025052604023650,NGPL,34,16,20.0,381.0,7620.0,2025-05-26
2025052604023649,NGPL,34,65,199.0,381.0,75819.0,2025-05-26
2025052604023648,NGPL,34,33,100.0,380.9,38090.0,2025-05-26
2025052604023647,NGPL,34,72,143.0,380.5,54411.5,2025-05-26
2025052601022692,SCB,28,22,20.0,629.5,12590.0,2025-05-26
2025052603012385,MLBSL,48,8,25.0,2276.0,56900.0,2025-05-26
2025052604023646,AKPL,57,16,125.0,240.7,30087.5,2025-05-26
2025052604023645,PPCL,60,22,50.0,330.0,16500.0,2025-05-26
2025052605010666,HRL,56,58,10.0,933.5,9335.0,2025-05-26
2025052601022691,SPC,19,62,62.0,509.0,31558.0,2025-05-26
2025052605010665,NRN,58,77,1350.0,2010.0,2713500.0,2025-05-26
2025052603012384,LBBL,34,50,470.0,446.1,209667.0,2025-05-26
2025052603012383,SHINE,29,39,111.0,409.9,45498.9,2025-05-26
2025052603012382,SHINE,41,39,500.0,410.0,205000.0,2025-05-26
2025052604023644,RIDI,48,62,14000.0,257.0,3598000.0,2025-05-26
2025052604023643,RIDI,45,62,100.0,257.0,25700.0,2025-05-26
2025052604023642,RIDI,16,62,200.0,257.0,51400.0,2025-05-26
2025052604023641,RIDI,55,62,73.0,257.0,18761.0,2025-05-26
2025052605010664,NRN,58,38,190.0,2010.0,381900.0,2025-05-26
2025052603012381,LBBL,34,56,33.0,446.1,14721.3,2025-05-26
2025052605010663,GCIL,25,34,30.0,502.0,15060.0,2025-05-26
2025052604023640,PMHPL,45,1,10.0,289.0,2890.0,2025-05-26
2025052601022690,MANDU,56,32,80.0,869.9,69592.0,2025-05-26
2025052601022689,SARBTM,4,18,123.0,850.6,104623.8,2025-05-26
2025052601022688,MEHL,34,37,10.0,450.0,4500.0,2025-05-26
2025052604023639,RADHI,29,60,200.0,803.9,160780.0,2025-05-26
2025052605010662,HRL,44,61,70.0,933.1,65317.0,2025-05-26
2025052605010661,NRIC,53,6,180.0,1269.0,228420.0,2025-05-26
2025052605010660,NRIC,53,47,170.0,1268.0,215560.0,2025-05-26
2025052603012380,SLBSL,62,62,480.0,1550.0,744000.0,2025-05-26
2025052603012379,SLBSL,62,1,10.0,1550.0,15500.0,2025-05-26
2025052603012378,SLBSL,62,1,10.0,1549.5,15495.0,2025-05-26
2025052605010659,HIDCL,92,1,76.0,296.9,22564.4,2025-05-26
2025052605010658,HIDCL,92,49,100.0,296.7,29670.0,2025-05-26
2025052605010657,HIDCL,92,21,100.0,296.5,29650.0,2025-05-26
2025052605010656,HIDCL,92,50,100.0,296.4,29640.0,2025-05-26
2025052605010655,HIDCL,92,57,1000.0,296.0,296000.0,2025-05-26
2025052605010654,HIDCL,92,57,65.0,296.0,19240.0,2025-05-26
2025052605010653,HIDCL,92,57,200.0,296.0,59200.0,2025-05-26
2025052605010652,HIDCL,92,16,214.0,296.0,63344.0,2025-05-26
2025052605010651,HIDCL,92,96,2350.0,295.8,695130.0,2025-05-26
2025052605010650,HIDCL,92,6,245.0,295.6,72422.0,2025-05-26
2025052605010649,HIDCL,92,57,250.0,295.0,73750.0,2025-05-26
2025052605010648,HIDCL,92,34,300.0,294.0,88200.0,2025-05-26
2025052605010647,ILI,6,42,10.0,458.0,4580.0,2025-05-26
2025052601022687,MKHC,52,1,10.0,413.0,4130.0,2025-05-26
2025052603012377,EDBL,6,26,120.0,590.0,70800.0,2025-05-26
2025052605010646,SAHAS,28,65,100.0,520.1,52010.0,2025-05-26
2025052601022686,BEDC,51,57,10.0,679.0,6790.0,2025-05-26
2025052603012376,NMBMF,42,94,40.0,729.8,29192.0,2025-05-26
2025052603012375,NMBMF,42,39,10.0,729.7,7297.0,2025-05-26
2025052604023638,HPPL,18,49,100.0,492.0,49200.0,2025-05-26
2025052604023637,NGPL,87,42,1000.0,380.1,380100.0,2025-05-26
2025052601022685,CYCL,43,49,50.0,1691.0,84550.0,2025-05-26
2025052604023636,AHPC,63,7,150.0,278.9,41835.0,2025-05-26
2025052603012374,RSDC,44,48,10.0,685.0,6850.0,2025-05-26
2025052605010645,NRN,58,58,90.0,2001.2,180108.0,2025-05-26
2025052605010644,NRN,50,58,100.0,2001.3,200130.0,2025-05-26
2025052603012373,KSBBL,14,88,16.0,455.0,7280.0,2025-05-26
2025052603012372,KSBBL,14,34,40.0,454.9,18196.0,2025-05-26
2025052603012371,KSBBL,14,35,44.0,454.0,19976.0,2025-05-26
2025052604023635,BPCL,91,38,10.0,493.0,4930.0,2025-05-26
2025052604023634,OHL,64,69,40.0,905.0,36200.0,2025-05-26
2025052604023633,OHL,64,19,130.0,904.0,117520.0,2025-05-26
2025052605010643,NRIC,55,52,200.0,1266.0,253200.0,2025-05-26
2025052601022684,AVYAN,69,77,110.0,1035.0,113850.0,2025-05-26
2025052605010642,NRM,16,41,20.0,459.0,9180.0,2025-05-26
2025052601022683,CREST,13,51,20.0,1830.0,36600.0,2025-05-26
2025052604023632,SHPC,82,38,90.0,556.0,50040.0,2025-05-26
2025052605010641,PHCL,5,35,10.0,559.0,5590.0,2025-05-26
2025052601022682,PCBL,35,60,50.0,250.0,12500.0,2025-05-26
2025052601022681,PCBL,35,35,4852.0,250.0,1213000.0,2025-05-26
2025052603012370,MERO,36,44,40.0,769.0,30760.0,2025-05-26
2025052603012369,MERO,36,4,140.0,768.0,107520.0,2025-05-26
2025052604023631,UAIL,38,11,10.0,595.6,5956.0,2025-05-26
2025052601022680,GMLI,55,58,10.0,2562.0,25620.0,2025-05-26
2025052603012368,NMFBS,43,6,50.0,1238.0,61900.0,2025-05-26
2025052603012367,NMFBS,19,6,44.0,1238.0,54472.0,2025-05-26
2025052605010640,SAHAS,28,58,100.0,520.1,52010.0,2025-05-26
2025052605010639,VLUCL,63,42,10.0,615.0,6150.0,2025-05-26
2025052601022679,KBL,48,38,500.0,214.8,107400.0,2025-05-26
2025052604023630,BPCL,66,38,464.0,493.0,228752.0,2025-05-26
2025052604023629,BPCL,66,54,36.0,493.0,17748.0,2025-05-26
2025052605010638,CHDC,18,50,40.0,2525.0,101000.0,2025-05-26
2025052605010637,CHDC,59,50,50.0,2525.0,126250.0,2025-05-26
2025052601022678,UHEWA,45,85,11.0,560.0,6160.0,2025-05-26
2025052601022677,DOLTI,54,64,20.0,559.0,11180.0,2025-05-26
2025052604023628,RADHI,97,42,50.0,802.1,40105.0,2025-05-26
2025052605010636,HRL,44,91,139.0,933.1,129700.9,2025-05-26
2025052603012366,NMLBBL,16,28,10.0,672.0,6720.0,2025-05-26
2025052603012365,NMLBBL,80,28,490.0,672.0,329280.0,2025-05-26
2025052603012364,MLBL,21,43,206.0,390.0,80340.0,2025-05-26
2025052603012363,MLBL,13,43,500.0,390.0,195000.0,2025-05-26
2025052603012362,MLBL,55,43,100.0,390.0,39000.0,2025-05-26
2025052603012361,MLBL,38,43,100.0,390.1,39010.0,2025-05-26
2025052603012360,MLBL,26,43,50.0,390.1,19505.0,2025-05-26
2025052603012359,MLBL,58,43,44.0,390.3,17173.2,2025-05-26
2025052603012358,DDBL,42,43,20.0,821.9,16438.0,2025-05-26
2025052604023627,BPCL,64,55,20.0,491.8,9836.0,2025-05-26
2025052604023626,BPCL,50,55,100.0,491.9,49190.0,2025-05-26
2025052604023625,SICL,50,58,200.0,740.0,148000.0,2025-05-26
2025052603012357,SFCL,91,52,175.0,490.0,85750.0,2025-05-26
2025052603012356,SFCL,91,21,25.0,489.9,12247.5,2025-05-26
2025052603012355,SFCL,91,6,200.0,489.0,97800.0,2025-05-26
2025052603012354,GMFIL,26,68,10.0,488.0,4880.0,2025-05-26
2025052605010635,NRIC,55,48,1643.0,1264.0,2076752.0,2025-05-26
2025052605010634,NRIC,99,48,50.0,1264.1,63205.0,2025-05-26
2025052605010633,NRIC,43,48,100.0,1264.3,126430.0,2025-05-26
2025052605010632,NRIC,58,48,25.0,1265.0,31625.0,2025-05-26
2025052605010631,NRIC,42,48,30.0,1265.0,37950.0,2025-05-26
2025052605010630,NRIC,35,48,52.0,1265.0,65780.0,2025-05-26
2025052605010629,NRIC,18,48,20.0,1265.0,25300.0,2025-05-26
2025052605010628,NRIC,8,48,200.0,1265.0,253000.0,2025-05-26
2025052605010627,NRIC,25,48,580.0,1265.0,733700.0,2025-05-26
2025052605010626,NRIC,58,48,300.0,1266.0,379800.0,2025-05-26
2025052601022676,BNL,57,45,10.0,17150.0,171500.0,2025-05-26
2025052605010625,HRL,36,58,20.0,933.5,18670.0,2025-05-26
2025052601022675,EBL,44,43,2500.0,650.9,1627250.0,2025-05-26
2025052603012353,PMLI,49,1,10.0,554.0,5540.0,2025-05-26
2025052604023624,HDHPC,1,21,10.0,202.5,2025.0,2025-05-26
2025052604023623,NGPL,85,72,100.0,380.5,38050.0,2025-05-26
2025052605010624,CHDC,59,46,100.0,2525.0,252500.0,2025-05-26
2025052604023622,AHPC,21,7,300.0,278.9,83670.0,2025-05-26
2025052601022674,SBL,33,14,3000.0,300.0,900000.0,2025-05-26
2025052605010623,HDL,48,16,20.0,1213.0,24260.0,2025-05-26
2025052605010622,HDL,48,16,10.0,1213.0,12130.0,2025-05-26
2025052605010621,HDL,49,16,120.0,1213.0,145560.0,2025-05-26
2025052605010620,HDL,7,16,10.0,1213.0,12130.0,2025-05-26
2025052605010619,HDL,46,16,300.0,1213.0,363900.0,2025-05-26
2025052605010618,HDL,53,16,27.0,1213.0,32751.0,2025-05-26
2025052605010617,HDL,41,16,70.0,1213.0,84910.0,2025-05-26
2025052605010616,HDL,19,16,12.0,1213.1,14557.2,2025-05-26
2025052601022673,SBL,43,66,500.0,299.9,149950.0,2025-05-26
2025052601022672,TPC,34,34,128.0,347.2,44441.6,2025-05-26
2025052601022671,TPC,7,34,130.0,347.2,45136.0,2025-05-26
2025052605010615,HIDCL,47,95,200.0,293.3,58660.0,2025-05-26
2025052605010614,HDL,45,16,10.0,1214.0,12140.0,2025-05-26
2025052603012352,KMCDB,62,52,10.0,1077.9,10779.0,2025-05-26
2025052604023621,SICL,19,58,20.0,740.0,14800.0,2025-05-26
2025052604023620,UNHPL,49,35,1000.0,319.0,319000.0,2025-05-26
2025052604023619,MEN,4,32,10.0,585.0,5850.0,2025-05-26
2025052604023618,SICL,14,58,50.0,740.0,37000.0,2025-05-26
2025052605010613,RNLI,43,22,13.0,512.0,6656.0,2025-05-26
2025052605010612,RNLI,41,22,50.0,512.0,25600.0,2025-05-26
2025052605010611,RNLI,38,22,20.0,512.0,10240.0,2025-05-26
2025052605010610,RNLI,22,22,22.0,512.0,11264.0,2025-05-26
2025052605010609,RNLI,34,22,100.0,512.1,51210.0,2025-05-26
2025052605010608,RNLI,41,22,100.0,512.5,51250.0,2025-05-26
2025052605010607,RNLI,41,22,35.0,512.5,17937.5,2025-05-26
2025052605010606,RNLI,13,22,39.0,512.5,19987.5,2025-05-26
2025052605010605,RNLI,57,22,243.0,512.5,124537.5,2025-05-26
2025052605010604,RNLI,32,22,90.0,512.6,46134.0,2025-05-26
2025052605010603,RNLI,25,22,19.0,512.6,9739.4,2025-05-26
2025052605010602,RNLI,54,22,20.0,513.0,10260.0,2025-05-26
2025052605010601,NIFRA,34,40,100.0,279.0,27900.0,2025-05-26
2025052604023617,RIDI,55,43,927.0,257.0,238239.0,2025-05-26
2025052604023616,RIDI,55,43,1000.0,257.0,257000.0,2025-05-26
2025052604023615,RIDI,4,43,1100.0,257.0,282700.0,2025-05-26
2025052604023614,RIDI,57,43,1000.0,257.0,257000.0,2025-05-26
2025052604023613,RIDI,35,43,185.0,257.0,47545.0,2025-05-26
2025052604023612,RIDI,32,43,50.0,257.1,12855.0,2025-05-26
2025052604023611,RIDI,41,43,500.0,257.1,128550.0,2025-05-26
2025052604023610,RIDI,74,43,200.0,257.1,51420.0,2025-05-26
2025052604023609,RIDI,78,43,25.0,257.5,6437.5,2025-05-26
2025052604023608,RIDI,16,43,13.0,257.5,3347.5,2025-05-26
2025052603012351,NLIC,36,34,200.0,758.0,151600.0,2025-05-26
2025052601022670,TAMOR,33,87,10.0,508.0,5080.0,2025-05-26
2025052604023607,RADHI,34,60,300.0,803.9,241170.0,2025-05-26
2025052604023606,RADHI,34,8,700.0,803.8,562660.0,2025-05-26
2025052601022669,CREST,13,36,10.0,1830.0,18300.0,2025-05-26
2025052601022668,NMIC,87,6,80.0,1936.5,154920.0,2025-05-26
2025052601022667,NMIC,38,6,50.0,1939.0,96950.0,2025-05-26
2025052601022666,NMIC,43,6,10.0,1939.0,19390.0,2025-05-26
2025052601022665,NMIC,51,6,10.0,1939.6,19396.0,2025-05-26
2025052601022664,PPL,32,70,10.0,490.0,4900.0,2025-05-26
2025052605010600,HDL,41,48,70.0,1213.0,84910.0,2025-05-26
2025052605010599,NIFRA,6,6,184.0,278.6,51262.4,2025-05-26
2025052601022663,NYADI,58,57,78.0,419.0,32682.0,2025-05-26
2025052601022662,NYADI,42,57,100.0,419.0,41900.0,2025-05-26
2025052601022661,NYADI,58,57,10.0,419.0,4190.0,2025-05-26
2025052601022660,NYADI,52,57,52.0,419.0,21788.0,2025-05-26
2025052601022659,NYADI,14,57,100.0,419.3,41930.0,2025-05-26
2025052601022658,NYADI,57,57,100.0,419.5,41950.0,2025-05-26
2025052604023605,NGPL,57,72,57.0,380.8,21705.6,2025-05-26
2025052604023604,RADHI,97,56,1475.0,802.1,1183097.5,2025-05-26
2025052604023603,RADHI,40,56,25.0,803.0,20075.0,2025-05-26
2025052604023602,AHPC,21,77,176.0,278.5,49016.0,2025-05-26
2025052604023601,AHPC,57,77,180.0,278.5,50130.0,2025-05-26
2025052604023600,AHPC,45,77,244.0,278.5,67954.0,2025-05-26
2025052604023599,LEC,8,35,96.0,213.1,20457.6,2025-05-26
2025052605010598,NIFRA,35,6,11.0,278.6,3064.6,2025-05-26
2025052605010597,NIFRA,34,6,530.0,278.6,147658.0,2025-05-26
2025052605010596,NIFRA,6,6,10.0,278.7,2787.0,2025-05-26
2025052603012350,MERO,35,4,60.0,768.0,46080.0,2025-05-26
2025052604023598,SHPC,34,21,500.0,555.1,277550.0,2025-05-26
2025052601022657,NIMB,48,45,20.0,217.0,4340.0,2025-05-26
2025052604023597,NGPL,90,65,801.0,381.0,305181.0,2025-05-26
2025052603012349,ILBS,36,45,19.0,900.0,17100.0,2025-05-26
2025052601022656,HBL,17,57,25.0,228.0,5700.0,2025-05-26
2025052604023596,UPCL,101,68,1230.0,426.1,524103.0,2025-05-26
2025052604023595,UPCL,65,68,20.0,426.5,8530.0,2025-05-26
2025052604023594,UPCL,22,68,100.0,426.5,42650.0,2025-05-26
2025052604023593,UPCL,57,68,100.0,427.0,42700.0,2025-05-26
2025052604023592,UPCL,88,68,150.0,427.0,64050.0,2025-05-26
2025052604023591,UPCL,84,68,200.0,428.0,85600.0,2025-05-26
2025052604023590,UPCL,33,68,200.0,428.0,85600.0,2025-05-26
2025052603012348,CBBL,34,35,85.0,900.0,76500.0,2025-05-26
2025052603012347,CBBL,58,35,15.0,900.1,13501.5,2025-05-26
2025052605010595,HRL,59,58,100.0,933.5,93350.0,2025-05-26
2025052605010594,NRIC,7,6,10.0,1269.0,12690.0,2025-05-26
2025052601022655,NBL,21,77,16.0,258.5,4136.0,2025-05-26
2025052603012346,ICFC,57,28,60.0,611.0,36660.0,2025-05-26
2025052603012345,KSBBL,32,56,90.0,450.1,40509.0,2025-05-26
2025052603012344,KSBBL,58,56,10.0,450.2,4502.0,2025-05-26
2025052605010593,NIFRA,51,40,10.0,279.0,2790.0,2025-05-26
2025052601022654,TPC,7,56,100.0,347.2,34720.0,2025-05-26
2025052603012343,GRDBL,72,41,115.0,1121.0,128915.0,2025-05-26
2025052603012342,GRDBL,72,80,20.0,1120.0,22400.0,2025-05-26
2025052604023589,NGPL,90,1,523.0,381.0,199263.0,2025-05-26
2025052604023588,NGPL,90,13,210.0,381.0,80010.0,2025-05-26
2025052604023587,NGPL,90,45,20.0,381.0,7620.0,2025-05-26
2025052604023586,NGPL,90,91,300.0,381.0,114300.0,2025-05-26
2025052604023585,NGPL,90,38,160.0,381.0,60960.0,2025-05-26
2025052604023584,NGPL,90,35,1000.0,381.0,381000.0,2025-05-26
2025052604023583,NGPL,90,3,100.0,381.0,38100.0,2025-05-26
2025052604023582,NGPL,90,33,100.0,381.0,38100.0,2025-05-26
2025052604023581,NGPL,90,57,10.0,381.0,3810.0,2025-05-26
2025052604023580,NGPL,90,41,100.0,381.0,38100.0,2025-05-26
2025052604023579,NGPL,90,33,85.0,381.0,32385.0,2025-05-26
2025052604023578,NGPL,90,34,1109.0,381.0,422529.0,2025-05-26
2025052604023577,NGPL,90,33,100.0,380.9,38090.0,2025-05-26
2025052604023576,NGPL,90,33,100.0,380.9,38090.0,2025-05-26
2025052604023575,NGPL,90,33,100.0,380.9,38090.0,2025-05-26
2025052604023574,NGPL,90,48,182.0,380.9,69323.8,2025-05-26
2025052601022653,NABIL,51,51,100.0,498.0,49800.0,2025-05-26
2025052601022652,BHL,57,45,50.0,216.5,10825.0,2025-05-26
2025052604023573,RADHI,97,63,175.0,802.1,140367.5,2025-05-26
2025052604023572,RADHI,39,63,25.0,803.0,20075.0,2025-05-26
2025052604023571,RADHI,39,57,20.0,803.0,16060.0,2025-05-26
2025052603012341,HLI,6,54,10.0,413.0,4130.0,2025-05-26
2025052603012340,HLI,6,19,10.0,412.9,4129.0,2025-05-26
2025052604023570,GHL,41,39,1260.0,249.8,314748.0,2025-05-26
2025052604023569,GHL,41,6,300.0,248.0,74400.0,2025-05-26
2025052604023568,GHL,41,4,1800.0,248.0,446400.0,2025-05-26
2025052604023567,GHL,41,58,70.0,248.0,17360.0,2025-05-26
2025052604023566,GHL,41,34,900.0,246.9,222210.0,2025-05-26
2025052604023565,GHL,41,42,900.0,246.0,221400.0,2025-05-26
2025052604023564,GHL,41,13,330.0,246.0,81180.0,2025-05-26
2025052604023563,GHL,41,13,440.0,245.2,107888.0,2025-05-26
2025052604023562,RURU,26,48,10.0,695.0,6950.0,2025-05-26
2025052604023561,NGPL,57,14,93.0,380.8,35414.4,2025-05-26
2025052605010592,MBJC,48,48,10.0,311.5,3115.0,2025-05-26
2025052604023560,RIDI,47,3,50.0,258.0,12900.0,2025-05-26
2025052603012339,USLB,35,62,10.0,2010.0,20100.0,2025-05-26
2025052603012338,SAPDBL,45,39,75.0,838.0,62850.0,2025-05-26
2025052603012337,SAPDBL,57,39,10.0,839.0,8390.0,2025-05-26
2025052603012336,SAPDBL,57,39,30.0,839.0,25170.0,2025-05-26
2025052601022651,SIKLES,37,49,10.0,933.0,9330.0,2025-05-26
2025052601022650,GMLI,55,29,30.0,2562.0,76860.0,2025-05-26
2025052604023559,UPPER,58,22,100.0,201.6,20160.0,2025-05-26
2025052604023558,RADHI,21,8,300.0,803.8,241140.0,2025-05-26
2025052605010591,HRL,44,14,10.0,933.1,9331.0,2025-05-26
2025052601022649,TVCL,74,13,30.0,476.3,14289.0,2025-05-26
2025052605010590,SMATA,32,43,10.0,800.0,8000.0,2025-05-26
2025052604023557,UPPER,34,50,221.0,201.9,44619.9,2025-05-26
2025052604023556,RADHI,39,50,55.0,803.0,44165.0,2025-05-26
2025052604023555,RADHI,29,50,145.0,803.0,116435.0,2025-05-26
2025052605010589,ILI,6,58,20.0,458.0,9160.0,2025-05-26
2025052604023554,SPDL,70,65,12.0,357.8,4293.6,2025-05-26
2025052604023553,UPCL,11,42,70.0,429.0,30030.0,2025-05-26
2025052601022648,PRVU,97,35,80.0,214.0,17120.0,2025-05-26
2025052604023552,UNHPL,21,35,10.0,319.0,3190.0,2025-05-26
2025052601022647,GMLI,55,13,10.0,2562.0,25620.0,2025-05-26
2025052601022646,GBIME,8,81,1375.0,234.0,321750.0,2025-05-26
2025052601022645,GBIME,8,67,725.0,233.0,168925.0,2025-05-26
2025052603012335,LBBL,34,54,90.0,448.0,40320.0,2025-05-26
2025052603012334,LBBL,34,17,10.0,448.0,4480.0,2025-05-26
2025052604023551,NGPL,87,64,37.0,380.1,14063.7,2025-05-26
2025052604023550,NGPL,33,64,1000.0,380.1,380100.0,2025-05-26
2025052604023549,NGPL,17,64,250.0,380.1,95025.0,2025-05-26
2025052604023548,NGPL,19,64,1000.0,380.1,380100.0,2025-05-26
2025052604023547,NGPL,32,64,113.0,380.2,42962.6,2025-05-26
2025052604023546,NGPL,57,64,100.0,380.5,38050.0,2025-05-26
2025052604023545,RADHI,29,69,355.0,803.0,285065.0,2025-05-26
2025052601022644,HIDCLP,25,35,110.0,202.4,22264.0,2025-05-26
2025052601022643,HIDCLP,68,35,390.0,202.5,78975.0,2025-05-26
2025052601022642,GMLI,55,38,36.0,2562.0,92232.0,2025-05-26
2025052605010588,HDL,39,16,10.0,1214.0,12140.0,2025-05-26
2025052601022641,CREST,56,41,10.0,1830.0,18300.0,2025-05-26
2025052604023544,UPPER,58,5,43.0,201.6,8668.8,2025-05-26
2025052604023543,CHCL,35,33,410.0,486.1,199301.0,2025-05-26
2025052604023542,CHCL,16,33,27.0,486.2,13127.4,2025-05-26
2025052604023541,CHCL,36,33,63.0,486.6,30655.8,2025-05-26
2025052603012333,JBBL,62,22,10.0,334.0,3340.0,2025-05-26
2025052603012332,JBBL,55,22,100.0,334.1,33410.0,2025-05-26
2025052603012331,JBBL,59,22,43.0,334.5,14383.5,2025-05-26
2025052605010587,SAHAS,62,45,30.0,521.0,15630.0,2025-05-26
2025052601022640,BHL,8,13,475.0,216.3,102742.5,2025-05-26
2025052601022639,BHL,52,13,25.0,216.4,5410.0,2025-05-26
2025052604023540,GHL,35,13,100.0,245.2,24520.0,2025-05-26
2025052601022638,NMIC,55,54,10.0,1940.0,19400.0,2025-05-26
2025052601022637,MNMF1,43,36,110.0,9.25,1017.5,2025-05-26
2025052601022636,KDL,38,42,50.0,1135.0,56750.0,2025-05-26
2025052601022635,KDL,38,42,200.0,1135.0,227000.0,2025-05-26
2025052601022634,KDL,57,42,50.0,1135.1,56755.0,2025-05-26
2025052601022633,KDL,1,42,50.0,1135.1,56755.0,2025-05-26
2025052601022632,KDL,37,42,20.0,1136.0,22720.0,2025-05-26
2025052601022631,KDL,17,42,10.0,1136.0,11360.0,2025-05-26
2025052601022630,KDL,37,42,20.0,1137.0,22740.0,2025-05-26
2025052603012330,SMB,11,48,50.0,2340.0,117000.0,2025-05-26
2025052603012329,SMB,57,48,20.0,2340.0,46800.0,2025-05-26
2025052603012328,SMB,4,48,10.0,2340.0,23400.0,2025-05-26
2025052603012327,SMB,64,48,30.0,2345.0,70350.0,2025-05-26
2025052601022629,HHL,41,49,28.0,423.0,11844.0,2025-05-26
2025052605010586,GCIL,52,44,10.0,503.0,5030.0,2025-05-26
2025052605010585,NRN,58,33,327.0,2001.2,654392.4,2025-05-26
2025052605010584,NRN,58,33,50.0,2001.3,100065.0,2025-05-26
2025052605010583,NRN,58,33,100.0,2001.3,200130.0,2025-05-26
2025052605010582,NRN,1,33,90.0,2002.0,180180.0,2025-05-26
2025052605010581,NRN,13,33,20.0,2003.0,40060.0,2025-05-26
2025052605010580,NRN,101,33,195.0,2004.0,390780.0,2025-05-26
2025052601022628,BHDC,49,56,25.0,463.5,11587.5,2025-05-26
2025052605010579,MEL,32,52,200.0,304.0,60800.0,2025-05-26
2025052604023539,MEN,4,81,200.0,585.0,117000.0,2025-05-26
2025052604023538,MEN,59,81,1000.0,585.0,585000.0,2025-05-26
2025052604023537,MEN,58,81,200.0,585.0,117000.0,2025-05-26
2025052604023536,MEN,38,81,50.0,585.0,29250.0,2025-05-26
2025052604023535,MEN,8,81,500.0,585.1,292550.0,2025-05-26
2025052604023534,MEN,36,81,50.0,586.3,29315.0,2025-05-26
2025052605010578,HRL,44,29,205.0,933.1,191285.5,2025-05-26
2025052605010577,HRL,43,29,50.0,933.1,46655.0,2025-05-26
2025052605010576,HRL,69,29,155.0,933.2,144646.0,2025-05-26
2025052604023533,BARUN,53,49,10.0,508.1,5081.0,2025-05-26
2025052604023532,AHPC,45,6,256.0,278.5,71296.0,2025-05-26
2025052604023531,AHPC,1,6,224.0,278.5,62384.0,2025-05-26
2025052604023530,API,36,94,116.0,290.7,33721.2,2025-05-26
2025052604023529,API,34,94,500.0,291.0,145500.0,2025-05-26
2025052604023528,API,34,94,30.0,291.0,8730.0,2025-05-26
2025052604023527,API,28,94,354.0,291.0,103014.0,2025-05-26
2025052603012326,USLB,56,62,10.0,2010.0,20100.0,2025-05-26
2025052604023526,NIL,53,26,10.0,717.0,7170.0,2025-05-26
2025052604023525,NIL,52,26,10.0,717.0,7170.0,2025-05-26
2025052604023524,SHPC,34,49,295.0,555.1,163754.5,2025-05-26
2025052604023523,SHPC,97,49,500.0,555.4,277700.0,2025-05-26
2025052604023522,SHPC,19,49,100.0,555.7,55570.0,2025-05-26
2025052604023521,SHPC,45,49,45.0,556.0,25020.0,2025-05-26
2025052604023520,SHPC,35,49,60.0,556.0,33360.0,2025-05-26
2025052601022627,EBL,44,45,10.0,650.9,6509.0,2025-05-26
2025052604023519,AKJCL,28,42,100.0,207.0,20700.0,2025-05-26
2025052601022626,EHPL,74,56,100.0,568.0,56800.0,2025-05-26
2025052603012325,SHINE,34,83,400.0,411.0,164400.0,2025-05-26
2025052601022625,SCB,17,41,60.0,629.0,37740.0,2025-05-26
2025052603012324,PMLI,19,1,100.0,554.0,55400.0,2025-05-26
2025052603012323,PMLI,58,1,215.0,554.0,119110.0,2025-05-26
2025052605010575,NRIC,65,6,10.0,1269.0,12690.0,2025-05-26
2025052605010574,SHIVM,48,50,385.0,523.4,201509.0,2025-05-26
2025052601022624,KBL,48,26,160.0,214.8,34368.0,2025-05-26
2025052601022623,KBL,64,26,40.0,214.8,8592.0,2025-05-26
2025052605010573,CHDC,59,52,150.0,2525.0,378750.0,2025-05-26
2025052604023518,UNHPL,49,35,10.0,319.0,3190.0,2025-05-26
2025052604023517,UMHL,98,81,315.0,518.0,163170.0,2025-05-26
2025052604023516,UMHL,98,58,20.0,518.0,10360.0,2025-05-26
2025052604023515,UMHL,98,69,550.0,517.8,284790.0,2025-05-26
2025052604023514,UMHL,98,34,100.0,517.0,51700.0,2025-05-26
2025052604023513,UMHL,98,49,30.0,517.0,15510.0,2025-05-26
2025052604023512,UMHL,98,58,100.0,517.0,51700.0,2025-05-26
2025052604023511,UMHL,98,4,1000.0,517.0,517000.0,2025-05-26
2025052604023510,UMHL,98,26,100.0,517.0,51700.0,2025-05-26
2025052604023509,UMHL,98,67,385.0,517.0,199045.0,2025-05-26
2025052604023508,UMHL,98,4,200.0,516.9,103380.0,2025-05-26
2025052604023507,UMHL,98,92,100.0,516.9,51690.0,2025-05-26
2025052604023506,UMHL,98,29,100.0,516.0,51600.0,2025-05-26
2025052603012322,MPFL,41,5,30.0,600.0,18000.0,2025-05-26
2025052603012321,GMFBS,51,56,80.0,1582.8,126624.0,2025-05-26
2025052601022622,SARBTM,4,43,19.0,850.6,16161.4,2025-05-26
2025052601022621,SARBTM,36,43,38.0,850.7,32326.6,2025-05-26
2025052603012320,KSBBL,58,45,40.0,450.2,18008.0,2025-05-26
2025052603012319,KSBBL,34,45,20.0,450.2,9004.0,2025-05-26
2025052604023505,SGIC,59,32,500.0,565.1,282550.0,2025-05-26
2025052604023504,SHEL,38,57,50.0,265.0,13250.0,2025-05-26
2025052604023503,SHEL,38,81,50.0,264.9,13245.0,2025-05-26
2025052603012318,ALBSL,62,16,29.0,849.0,24621.0,2025-05-26
2025052603012317,ALBSL,62,5,10.0,848.9,8489.0,2025-05-26
2025052603012316,ALBSL,62,58,11.0,848.9,9337.9,2025-05-26
2025052603012315,ALBSL,62,47,90.0,842.0,75780.0,2025-05-26
2025052603012314,SINDU,34,72,10.0,830.0,8300.0,2025-05-26
2025052603012313,SINDU,34,72,30.0,830.0,24900.0,2025-05-26
2025052603012312,SINDU,43,72,20.0,830.0,16600.0,2025-05-26
2025052603012311,SINDU,29,72,20.0,830.0,16600.0,2025-05-26
2025052603012310,SINDU,58,72,100.0,830.0,83000.0,2025-05-26
2025052603012309,SINDU,38,72,50.0,830.0,41500.0,2025-05-26
2025052603012308,SINDU,75,72,50.0,830.0,41500.0,2025-05-26
2025052603012307,SINDU,16,72,20.0,830.0,16600.0,2025-05-26
2025052603012306,SINDU,43,72,30.0,830.0,24900.0,2025-05-26
2025052603012305,SINDU,57,72,10.0,830.0,8300.0,2025-05-26
2025052603012304,SINDU,6,72,20.0,830.0,16600.0,2025-05-26
2025052603012303,SINDU,58,72,50.0,830.1,41505.0,2025-05-26
2025052603012302,SINDU,58,72,88.0,830.1,73048.8,2025-05-26
2025052601022620,NIMBPO,86,58,300.0,160.9,48270.0,2025-05-26
2025052601022619,NIMBPO,86,55,700.0,160.8,112560.0,2025-05-26
2025052604023502,RADHI,8,69,400.0,803.0,321200.0,2025-05-26
2025052604023501,RADHI,49,69,55.0,803.0,44165.0,2025-05-26
2025052604023500,RADHI,17,69,190.0,803.0,152570.0,2025-05-26
2025052604023499,SPDL,70,65,10.0,357.8,3578.0,2025-05-26
2025052604023498,NHPC,57,38,350.0,218.0,76300.0,2025-05-26
2025052605010572,CHDC,32,91,50.0,2525.0,126250.0,2025-05-26
2025052605010571,CHDC,17,91,100.0,2525.0,252500.0,2025-05-26
2025052605010570,HATHY,32,47,50.0,1246.0,62300.0,2025-05-26
2025052601022618,CREST,56,66,30.0,1830.0,54900.0,2025-05-26
2025052601022617,CREST,52,66,30.0,1830.0,54900.0,2025-05-26
2025052605010569,HIDCL,34,34,100.0,294.0,29400.0,2025-05-26
2025052605010568,HIDCL,28,34,1000.0,294.0,294000.0,2025-05-26
2025052605010567,HIDCL,58,34,500.0,294.0,147000.0,2025-05-26
2025052605010566,HIDCL,34,34,100.0,295.0,29500.0,2025-05-26
2025052601022616,PPL,49,32,10.0,477.3,4773.0,2025-05-26
2025052601022615,PPL,57,32,190.0,480.0,91200.0,2025-05-26
2025052601022614,DORDI,34,38,10.0,379.0,3790.0,2025-05-26
2025052603012301,CBBL,58,19,85.0,900.1,76508.5,2025-05-26
2025052603012300,CBBL,50,19,60.0,900.1,54006.0,2025-05-26
2025052603012299,CBBL,13,19,50.0,900.1,45005.0,2025-05-26
2025052603012298,CBBL,28,19,100.0,900.2,90020.0,2025-05-26
2025052603012297,CBBL,38,19,40.0,900.2,36008.0,2025-05-26
2025052603012296,CBBL,33,19,100.0,900.3,90030.0,2025-05-26
2025052603012295,CBBL,8,19,65.0,900.4,58526.0,2025-05-26
2025052605010565,SHIVM,48,56,100.0,523.4,52340.0,2025-05-26
2025052604023497,NLG,19,16,97.0,833.1,80810.7,2025-05-26
2025052604023496,NLG,14,16,10.0,833.5,8335.0,2025-05-26
2025052604023495,NLG,28,16,78.0,833.5,65013.0,2025-05-26
2025052605010564,HRL,41,58,100.0,933.5,93350.0,2025-05-26
2025052601022613,GMLI,55,49,10.0,2562.0,25620.0,2025-05-26
2025052601022612,KBL,67,57,200.0,214.9,42980.0,2025-05-26
2025052604023494,UMHL,39,66,330.0,515.1,169983.0,2025-05-26
2025052605010563,CLI,45,57,36.0,488.5,17586.0,2025-05-26
2025052605010562,CLI,94,57,264.0,488.5,128964.0,2025-05-26
2025052601022611,SARBTM,36,38,44.0,850.7,37430.8,2025-05-26
2025052604023493,BARUN,26,58,10.0,509.0,5090.0,2025-05-26
2025052604023492,BARUN,26,45,111.0,509.0,56499.0,2025-05-26
2025052604023491,BARUN,26,42,77.0,508.5,39154.5,2025-05-26
2025052601022610,SHLB,34,26,20.0,2072.0,41440.0,2025-05-26
2025052603012294,RSDC,38,63,100.0,683.0,68300.0,2025-05-26
2025052601022609,PRVU,59,35,350.0,214.0,74900.0,2025-05-26
2025052604023490,NGPL,57,16,200.0,380.5,76100.0,2025-05-26
2025052604023489,HURJA,59,91,10.0,248.9,2489.0,2025-05-26
2025052605010561,SONA,22,74,10.0,463.8,4638.0,2025-05-26
2025052601022608,RHGCL,54,7,10.0,331.0,3310.0,2025-05-26
2025052604023488,UMRH,47,14,10.0,560.0,5600.0,2025-05-26
2025052604023487,UMRH,47,97,10.0,554.0,5540.0,2025-05-26
2025052604023486,MEN,36,41,50.0,586.0,29300.0,2025-05-26
2025052604023485,UPCL,26,42,300.0,429.0,128700.0,2025-05-26
2025052604023484,SHPC,35,50,300.0,556.0,166800.0,2025-05-26
2025052605010560,HRL,54,95,500.0,933.3,466650.0,2025-05-26
2025052603012293,NFS,43,57,50.0,623.9,31195.0,2025-05-26
2025052603012292,NFS,43,92,40.0,623.0,24920.0,2025-05-26
2025052601022607,MLBS,47,57,11.0,1680.0,18480.0,2025-05-26
2025052604023483,BARUN,51,42,100.0,508.5,50850.0,2025-05-26
2025052604023482,GHL,45,13,50.0,245.2,12260.0,2025-05-26
2025052604023481,SHL,84,48,150.0,555.1,83265.0,2025-05-26
2025052601022606,SCB,17,1,100.0,629.0,62900.0,2025-05-26
2025052604023480,CGH,42,59,20.0,865.2,17304.0,2025-05-26
2025052604023479,CGH,82,59,100.0,865.3,86530.0,2025-05-26
2025052604023478,CGH,49,59,350.0,865.5,302925.0,2025-05-26
2025052604023477,CGH,39,59,200.0,866.0,173200.0,2025-05-26
2025052604023476,CGH,48,59,150.0,866.0,129900.0,2025-05-26
2025052604023475,CGH,39,59,50.0,866.0,43300.0,2025-05-26
2025052604023474,CGH,25,59,40.0,866.0,34640.0,2025-05-26
2025052604023473,CGH,1,59,50.0,866.1,43305.0,2025-05-26
2025052604023472,CGH,47,59,100.0,866.1,86610.0,2025-05-26
2025052603012291,ICFC,57,38,40.0,611.0,24440.0,2025-05-26
2025052603012290,ICFC,57,38,10.0,611.0,6110.0,2025-05-26
2025052605010559,NIFRA,48,40,20.0,279.3,5586.0,2025-05-26
2025052603012289,LICN,58,45,100.0,915.0,91500.0,2025-05-26
2025052603012288,LICN,58,7,100.0,915.0,91500.0,2025-05-26
2025052601022605,SRLI,59,84,81.0,408.0,33048.0,2025-05-26
2025052604023471,MEN,65,18,50.0,585.1,29255.0,2025-05-26
2025052604023470,MEN,32,18,44.0,585.2,25748.8,2025-05-26
2025052601022604,NWCL,59,57,13.0,929.0,12077.0,2025-05-26
2025052601022603,NWCL,80,57,100.0,929.0,92900.0,2025-05-26
2025052601022602,NWCL,80,57,67.0,929.0,62243.0,2025-05-26
2025052601022601,NWCL,58,57,20.0,930.0,18600.0,2025-05-26
2025052604023469,UMHL,39,58,1033.0,515.1,532098.3,2025-05-26
2025052604023468,UMHL,90,58,45.0,515.9,23215.5,2025-05-26
2025052604023467,UMHL,45,58,10.0,516.0,5160.0,2025-05-26
2025052604023466,UMHL,62,58,490.0,516.0,252840.0,2025-05-26
2025052605010558,CIT,38,25,20.0,1920.0,38400.0,2025-05-26
2025052604023465,AKPL,34,57,20.0,241.0,4820.0,2025-05-26
2025052601022600,CREST,52,38,10.0,1830.0,18300.0,2025-05-26
2025052603012287,RLFL,53,59,45.0,483.0,21735.0,2025-05-26
2025052603012286,RLFL,53,45,155.0,483.0,74865.0,2025-05-26
2025052604023464,HDHPC,18,28,500.0,202.0,101000.0,2025-05-26
2025052601022599,MKHC,56,57,1000.0,412.9,412900.0,2025-05-26
2025052601022598,SBI,63,59,114.0,403.1,45953.4,2025-05-26
2025052605010557,NRN,58,58,10.0,2009.9,20099.0,2025-05-26
2025052603012285,ILBS,36,21,345.0,900.0,310500.0,2025-05-26
2025052605010556,NIFRA,56,34,100.0,280.0,28000.0,2025-05-26
2025052603012284,SADBL,52,3,93.0,415.0,38595.0,2025-05-26
2025052604023463,SHEL,21,81,10.0,264.9,2649.0,2025-05-26
2025052603012283,FOWAD,60,58,100.0,1151.0,115100.0,2025-05-26
2025052603012282,BFC,49,48,100.0,486.5,48650.0,2025-05-26
2025052603012281,MLBL,58,6,115.0,390.3,44884.5,2025-05-26
2025052603012280,MLBL,41,6,385.0,390.5,150342.5,2025-05-26
2025052605010555,NTC,58,42,30.0,879.5,26385.0,2025-05-26
2025052604023462,NGPL,41,14,57.0,380.8,21705.6,2025-05-26
2025052604023461,NGPL,41,52,443.0,380.5,168561.5,2025-05-26
2025052604023460,SHL,49,6,300.0,555.0,166500.0,2025-05-26
2025052605010554,HRL,17,58,50.0,933.5,46675.0,2025-05-26
2025052605010553,NRN,101,57,20.0,2004.0,40080.0,2025-05-26
2025052603012279,SINDU,58,72,1212.0,830.1,1006081.2,2025-05-26
2025052603012278,SINDU,42,72,22.0,830.1,18262.2,2025-05-26
2025052603012277,SINDU,38,72,10.0,830.1,8301.0,2025-05-26
2025052603012276,SINDU,64,72,10.0,831.0,8310.0,2025-05-26
2025052603012275,SINDU,19,72,10.0,831.0,8310.0,2025-05-26
2025052603012274,SINDU,35,72,10.0,831.1,8311.0,2025-05-26
2025052603012273,SINDU,45,72,50.0,832.0,41600.0,2025-05-26
2025052603012272,SINDU,21,72,676.0,836.0,565136.0,2025-05-26
2025052604023459,RURU,25,48,200.0,695.0,139000.0,2025-05-26
2025052601022597,RHGCL,45,25,100.0,330.0,33000.0,2025-05-26
2025052601022596,RHGCL,17,25,300.0,330.0,99000.0,2025-05-26
2025052604023458,DHPL,22,4,10.0,337.0,3370.0,2025-05-26
2025052604023457,OHL,55,49,200.0,903.7,180740.0,2025-05-26
2025052604023456,OHL,6,49,300.0,903.8,271140.0,2025-05-26
2025052603012271,SMPDA,62,49,23.0,955.0,21965.0,2025-05-26
2025052601022595,EBL,44,45,40.0,650.9,26036.0,2025-05-26
2025052604023455,SHPC,35,48,140.0,556.0,77840.0,2025-05-26
2025052604023454,BARUN,8,42,623.0,508.5,316795.5,2025-05-26
2025052601022594,BEDC,8,81,110.0,672.1,73931.0,2025-05-26
2025052601022593,MSHL,58,14,50.0,888.0,44400.0,2025-05-26
2025052601022592,KBL,59,57,200.0,214.9,42980.0,2025-05-26
2025052605010552,HRL,5,58,50.0,933.5,46675.0,2025-05-26
2025052605010551,HRL,33,58,100.0,933.5,93350.0,2025-05-26
2025052605010550,HRL,7,58,164.0,933.5,153094.0,2025-05-26
2025052601022591,CREST,57,36,10.0,1830.1,18301.0,2025-05-26
2025052603012270,LICN,38,6,11.0,910.1,10011.1,2025-05-26
2025052605010549,STC,1,53,10.0,5005.0,50050.0,2025-05-26
2025052601022590,TVCL,86,52,30.0,476.4,14292.0,2025-05-26
2025052604023453,BPCL,64,60,360.0,491.8,177048.0,2025-05-26
2025052604023452,BPCL,32,60,200.0,492.0,98400.0,2025-05-26
2025052604023451,BPCL,49,60,440.0,492.2,216568.0,2025-05-26
2025052604023450,RADHI,17,57,10.0,803.0,8030.0,2025-05-26
2025052604023449,GHL,36,17,195.0,245.0,47775.0,2025-05-26
2025052604023448,GHL,39,17,100.0,245.0,24500.0,2025-05-26
2025052604023447,GHL,36,17,10.0,245.0,2450.0,2025-05-26
2025052604023446,GHL,56,17,100.0,245.0,24500.0,2025-05-26
2025052604023445,GHL,16,17,500.0,245.0,122500.0,2025-05-26
2025052604023444,GHL,36,17,677.0,245.0,165865.0,2025-05-26
2025052604023443,GHL,36,17,1418.0,245.1,347551.8,2025-05-26
2025052604023442,SICL,43,58,150.0,740.0,111000.0,2025-05-26
2025052601022589,EHPL,99,56,100.0,568.4,56840.0,2025-05-26
2025052601022588,EHPL,32,56,50.0,568.8,28440.0,2025-05-26
2025052601022587,EHPL,36,56,500.0,568.8,284400.0,2025-05-26
2025052601022586,EHPL,34,56,200.0,568.8,113760.0,2025-05-26
2025052601022585,EHPL,32,56,100.0,569.0,56900.0,2025-05-26
2025052601022584,BNHC,49,39,289.0,524.0,151436.0,2025-05-26
2025052601022583,BNHC,49,45,50.0,524.0,26200.0,2025-05-26
2025052601022582,BNHC,49,28,140.0,524.0,73360.0,2025-05-26
2025052601022581,BNHC,49,58,10.0,524.0,5240.0,2025-05-26
2025052601022580,BNHC,49,39,250.0,523.4,130850.0,2025-05-26
2025052601022579,BNHC,49,22,100.0,523.0,52300.0,2025-05-26
2025052601022578,BNHC,49,38,11.0,523.0,5753.0,2025-05-26
2025052604023441,AKJCL,7,42,112.0,207.0,23184.0,2025-05-26
2025052604023440,UAIL,32,11,100.0,595.6,59560.0,2025-05-26
2025052604023439,NGPL,32,65,99.0,380.2,37639.8,2025-05-26
2025052603012269,VLBS,34,4,10.0,852.0,8520.0,2025-05-26
2025052603012268,VLBS,34,54,213.0,840.0,178920.0,2025-05-26
2025052604023438,UAIL,43,11,50.0,595.6,29780.0,2025-05-26
2025052604023437,SSHL,38,58,100.0,231.5,23150.0,2025-05-26
2025052604023436,RIDI,58,3,25.0,258.0,6450.0,2025-05-26
2025052604023435,NGPL,32,16,788.0,380.1,299518.8,2025-05-26
2025052605010548,NRIC,25,42,35.0,1265.0,44275.0,2025-05-26
2025052603012267,MFIL,45,33,64.0,595.2,38092.8,2025-05-26
2025052603012266,MFIL,34,33,100.0,595.2,59520.0,2025-05-26
2025052603012265,MFIL,45,33,300.0,596.0,178800.0,2025-05-26
2025052603012264,MFIL,33,33,20.0,596.0,11920.0,2025-05-26
2025052603012263,MFIL,10,33,16.0,596.0,9536.0,2025-05-26
2025052604023434,CHCL,36,26,1087.0,486.6,528934.2,2025-05-26
2025052601022577,KBL,48,19,2000.0,215.0,430000.0,2025-05-26
2025052604023433,HURJA,22,57,290.0,247.0,71630.0,2025-05-26
2025052604023432,HURJA,38,57,10.0,247.0,2470.0,2025-05-26
2025052604023431,HURJA,95,57,200.0,247.1,49420.0,2025-05-26
2025052601022576,NBL,21,8,110.0,258.5,28435.0,2025-05-26
2025052604023430,RHPL,49,57,45.0,377.5,16987.5,2025-05-26
2025052601022575,PCBL,35,35,7979.0,250.0,1994750.0,2025-05-26
2025052601022574,PCBL,35,38,650.0,250.0,162500.0,2025-05-26
2025052601022573,PCBL,35,35,5000.0,250.0,1250000.0,2025-05-26
2025052601022572,PCBL,35,35,15000.0,250.0,3750000.0,2025-05-26
2025052601022571,PCBL,35,35,1000.0,250.0,250000.0,2025-05-26
2025052601022570,PCBL,35,35,285.0,250.0,71250.0,2025-05-26
2025052601022569,PCBL,35,35,100.0,250.0,25000.0,2025-05-26
2025052601022568,PCBL,35,14,1000.0,250.0,250000.0,2025-05-26
2025052601022567,PCBL,35,33,1587.0,250.0,396750.0,2025-05-26
2025052601022566,PCBL,35,91,1000.0,249.8,249800.0,2025-05-26
2025052601022565,PCBL,35,78,990.0,249.7,247203.0,2025-05-26
2025052601022564,PCBL,35,5,409.0,249.6,102086.4,2025-05-26
2025052604023429,OHL,64,19,50.0,904.0,45200.0,2025-05-26
2025052605010547,RNLI,47,41,248.0,513.0,127224.0,2025-05-26
2025052601022563,UHEWA,41,36,35.0,558.6,19551.0,2025-05-26
2025052603012262,MDB,57,62,70.0,603.0,42210.0,2025-05-26
2025052604023428,GHL,7,13,20.0,245.2,4904.0,2025-05-26
2025052604023427,RADHI,32,40,200.0,803.0,160600.0,2025-05-26
2025052604023426,BARUN,8,58,377.0,508.5,191704.5,2025-05-26
2025052604023425,BARUN,49,58,13.0,508.5,6610.5,2025-05-26
2025052604023424,BARUN,55,58,10.0,508.5,5085.0,2025-05-26
2025052604023423,BARUN,37,58,50.0,508.6,25430.0,2025-05-26
2025052601022562,GBIME,6,67,160.0,233.0,37280.0,2025-05-26
2025052605010546,CLI,94,3,236.0,488.5,115286.0,2025-05-26
2025052605010545,NRIC,25,91,385.0,1265.0,487025.0,2025-05-26
2025052605010544,NRIC,63,91,500.0,1265.0,632500.0,2025-05-26
2025052605010543,NRIC,8,91,15.0,1265.0,18975.0,2025-05-26
2025052604023422,SHPC,45,19,100.0,557.8,55780.0,2025-05-26
2025052603012261,MNBBL,28,28,86.0,365.1,31398.6,2025-05-26
2025052603012260,MNBBL,57,28,300.0,365.1,109530.0,2025-05-26
2025052603012259,MNBBL,55,28,100.0,365.2,36520.0,2025-05-26
2025052603012258,MNBBL,45,28,500.0,365.3,182650.0,2025-05-26
2025052603012257,MNBBL,34,28,14.0,365.5,5117.0,2025-05-26
2025052601022561,RAWA,36,58,30.0,808.3,24249.0,2025-05-26
2025052603012256,HLI,58,38,100.0,412.0,41200.0,2025-05-26
2025052603012255,HLI,58,21,12.0,412.0,4944.0,2025-05-26
2025052604023421,NGPL,87,16,1200.0,380.1,456120.0,2025-05-26
2025052605010542,NRN,101,38,85.0,2004.0,170340.0,2025-05-26
2025052604023420,SHEL,7,81,440.0,264.9,116556.0,2025-05-26
2025052604023419,SHEL,7,45,60.0,264.9,15894.0,2025-05-26
2025052601022560,EBL,44,45,260.0,650.0,169000.0,2025-05-26
2025052601022559,EBL,22,45,40.0,650.1,26004.0,2025-05-26
2025052601022558,CREST,52,56,50.0,1830.0,91500.0,2025-05-26
2025052601022557,CREST,94,56,50.0,1831.0,91550.0,2025-05-26
2025052605010541,KDBY,45,29,400.0,9.69,3876.0,2025-05-26
2025052603012254,WNLB,13,34,17.0,2347.0,39899.0,2025-05-26
2025052604023418,RIDI,45,3,450.0,258.0,116100.0,2025-05-26
2025052603012253,LBBL,34,95,10.0,448.0,4480.0,2025-05-26
2025052603012252,LBBL,34,49,10.0,447.0,4470.0,2025-05-26
2025052604023417,SICL,10,58,100.0,740.0,74000.0,2025-05-26
2025052601022556,MBL,22,26,10.0,228.9,2289.0,2025-05-26
2025052601022555,MBL,22,21,100.0,228.9,22890.0,2025-05-26
2025052603012251,MPFL,1,57,10.0,597.0,5970.0,2025-05-26
2025052604023416,LEC,42,35,10.0,213.1,2131.0,2025-05-26
2025052604023415,LEC,65,35,1000.0,213.1,213100.0,2025-05-26
2025052604023414,LEC,48,35,88.0,213.1,18752.8,2025-05-26
2025052604023413,LEC,58,35,370.0,213.2,78884.0,2025-05-26
2025052604023412,LEC,19,35,200.0,213.5,42700.0,2025-05-26
2025052604023411,LEC,57,35,236.0,213.6,50409.6,2025-05-26
2025052604023410,GHL,17,13,20.0,245.2,4904.0,2025-05-26
2025052601022554,NMIC,87,29,10.0,1936.5,19365.0,2025-05-26
2025052603012250,HLBSL,3,41,100.0,985.1,98510.0,2025-05-26
2025052601022553,MHCL,49,66,196.0,465.2,91179.2,2025-05-26
2025052601022552,CYCL,43,85,11.0,1691.0,18601.0,2025-05-26
2025052603012249,DDBL,42,48,100.0,820.1,82010.0,2025-05-26
2025052604023409,LEC,57,40,500.0,213.6,106800.0,2025-05-26
2025052604023408,LEC,57,58,30.0,213.6,6408.0,2025-05-26
2025052604023407,LEC,57,36,154.0,213.6,32894.4,2025-05-26
2025052603012248,MNBBL,34,48,86.0,365.5,31433.0,2025-05-26
2025052603012247,MNBBL,20,48,50.0,365.8,18290.0,2025-05-26
2025052605010540,HIDCL,46,58,19.0,295.0,5605.0,2025-05-26
2025052604023406,AKPL,57,26,80.0,240.7,19256.0,2025-05-26
2025052604023405,AKPL,52,26,50.0,240.7,12035.0,2025-05-26
2025052604023404,NGPL,36,52,30.0,380.5,11415.0,2025-05-26
2025052604023403,NGPL,36,14,470.0,380.1,178647.0,2025-05-26
2025052605010539,HDL,18,16,500.0,1214.0,607000.0,2025-05-26
2025052604023402,NGPL,1,14,30.0,380.1,11403.0,2025-05-26
2025052601022551,NABIL,51,57,176.0,498.0,87648.0,2025-05-26
2025052604023401,GHL,58,13,50.0,245.2,12260.0,2025-05-26
2025052605010538,NRIC,45,50,10.0,1270.0,12700.0,2025-05-26
2025052605010537,RNLI,25,87,11.0,512.6,5638.6,2025-05-26
2025052605010536,CHDC,32,83,500.0,2525.1,1262550.0,2025-05-26
2025052605010535,CHDC,32,83,200.0,2525.1,505020.0,2025-05-26
2025052605010534,CHDC,1,83,50.0,2525.2,126260.0,2025-05-26
2025052605010533,CHDC,55,83,200.0,2525.3,505060.0,2025-05-26
2025052605010532,CHDC,65,83,200.0,2526.0,505200.0,2025-05-26
2025052605010531,CHDC,7,83,200.0,2526.1,505220.0,2025-05-26
2025052605010530,CHDC,64,83,50.0,2527.0,126350.0,2025-05-26
2025052603012246,LBBL,34,41,165.0,446.1,73606.5,2025-05-26
2025052603012245,LBBL,49,41,35.0,446.6,15631.0,2025-05-26
2025052604023400,UPCL,88,56,300.0,427.0,128100.0,2025-05-26
2025052603012244,NICLBSL,59,50,60.0,645.0,38700.0,2025-05-26
2025052604023399,DHPL,22,58,50.0,337.0,16850.0,2025-05-26
2025052604023398,DHPL,49,58,200.0,337.0,67400.0,2025-05-26
2025052604023397,DHPL,45,58,250.0,337.5,84375.0,2025-05-26
2025052601022550,PRVU,59,35,465.0,214.0,99510.0,2025-05-26
2025052604023396,NLG,28,32,50.0,833.5,41675.0,2025-05-26
2025052604023395,SPDL,55,7,645.0,356.0,229620.0,2025-05-26
2025052604023394,NGPL,1,43,470.0,380.1,178647.0,2025-05-26
2025052604023393,NGPL,42,43,30.0,380.1,11403.0,2025-05-26
2025052601022549,SPL,28,45,37.0,804.0,29748.0,2025-05-26
2025052605010529,SAHAS,45,45,263.0,521.0,137023.0,2025-05-26
2025052605010528,SAHAS,45,35,17.0,521.0,8857.0,2025-05-26
2025052601022548,NMIC,51,35,10.0,1940.0,19400.0,2025-05-26
2025052601022547,SMHL,28,38,20.0,938.0,18760.0,2025-05-26
2025052603012243,SMFBS,45,44,116.0,1777.3,206166.8,2025-05-26
2025052605010527,SAHAS,28,57,50.0,520.1,26005.0,2025-05-26
2025052605010526,HIDCL,46,38,251.0,295.0,74045.0,2025-05-26
2025052605010525,HIDCL,46,49,500.0,295.0,147500.0,2025-05-26
2025052605010524,HIDCL,46,42,230.0,295.0,67850.0,2025-05-26
2025052604023392,NLG,14,16,200.0,834.0,166800.0,2025-05-26
2025052603012242,GUFL,51,45,165.0,544.0,89760.0,2025-05-26
2025052604023391,SHL,49,59,100.0,555.0,55500.0,2025-05-26
2025052604023390,IGI,59,45,100.0,548.1,54810.0,2025-05-26
2025052604023389,IGI,43,45,50.0,548.1,27405.0,2025-05-26
2025052604023388,API,28,58,1000.0,291.0,291000.0,2025-05-26
2025052604023387,API,28,41,10.0,291.0,2910.0,2025-05-26
2025052604023386,API,28,21,136.0,291.0,39576.0,2025-05-26
2025052603012241,JBBL,59,48,200.0,334.5,66900.0,2025-05-26
2025052605010523,HATHY,36,25,10.0,1247.0,12470.0,2025-05-26
2025052605010522,PHCL,5,39,1140.0,559.0,637260.0,2025-05-26
2025052605010521,PHCL,98,39,30.0,559.0,16770.0,2025-05-26
2025052605010520,PHCL,38,39,15.0,560.0,8400.0,2025-05-26
2025052605010519,HDL,36,16,50.0,1214.0,60700.0,2025-05-26
2025052603012240,LBBL,49,17,465.0,446.6,207669.0,2025-05-26
2025052604023385,NGPL,68,52,57.0,380.8,21705.6,2025-05-26
2025052604023384,SHEL,34,35,359.0,264.0,94776.0,2025-05-26
2025052604023383,SHEL,57,35,141.0,264.0,37224.0,2025-05-26
2025052601022546,BHL,8,45,270.0,216.3,58401.0,2025-05-26
2025052601022545,BHL,34,45,210.0,216.3,45423.0,2025-05-26
2025052601022544,BHL,16,45,50.0,216.3,10815.0,2025-05-26
2025052601022543,BHL,13,45,175.0,216.4,37870.0,2025-05-26
2025052601022542,BHL,38,45,10.0,216.4,2164.0,2025-05-26
2025052601022541,BHL,47,45,205.0,216.4,44362.0,2025-05-26
2025052604023382,RIDI,51,3,15.0,258.0,3870.0,2025-05-26
2025052604023381,RHPL,41,3,200.0,377.0,75400.0,2025-05-26
2025052604023380,RHPL,59,3,375.0,377.0,141375.0,2025-05-26
2025052601022540,BNHC,49,38,89.0,523.0,46547.0,2025-05-26
2025052601022539,BNHC,49,52,10.0,523.0,5230.0,2025-05-26
2025052601022538,BNHC,49,45,116.0,522.2,60575.2,2025-05-26
2025052601022537,BNHC,49,45,585.0,522.0,305370.0,2025-05-26
2025052601022536,CREST,94,35,10.0,1831.0,18310.0,2025-05-26
2025052601022535,NMIC,17,93,50.0,1938.5,96925.0,2025-05-26
2025052601022534,NMIC,58,93,10.0,1939.0,19390.0,2025-05-26
2025052601022533,NMIC,59,93,40.0,1939.5,77580.0,2025-05-26
2025052605010518,HRL,7,98,137.0,933.5,127889.5,2025-05-26
2025052603012239,SHINE,34,35,100.0,411.0,41100.0,2025-05-26
2025052601022532,CREST,58,77,10.0,1831.0,18310.0,2025-05-26
2025052601022531,CREST,58,22,10.0,1831.0,18310.0,2025-05-26
2025052601022530,CREST,58,43,10.0,1831.0,18310.0,2025-05-26
2025052601022529,CREST,58,42,30.0,1831.0,54930.0,2025-05-26
2025052604023379,MEN,32,3,256.0,585.2,149811.2,2025-05-26
2025052604023378,MEN,80,3,1000.0,585.2,585200.0,2025-05-26
2025052604023377,MEN,58,3,100.0,585.2,58520.0,2025-05-26
2025052604023376,MEN,80,3,644.0,585.3,376933.2,2025-05-26
2025052605010517,NRIC,51,52,92.0,1265.0,116380.0,2025-05-26
2025052605010516,NRIC,35,52,20.0,1265.1,25302.0,2025-05-26
2025052605010515,NRIC,6,52,50.0,1266.0,63300.0,2025-05-26
2025052605010514,NRIC,47,52,138.0,1269.0,175122.0,2025-05-26
2025052605010513,SONA,29,45,27.0,462.2,12479.4,2025-05-26
2025052605010512,SONA,22,45,123.0,462.2,56850.6,2025-05-26
2025052604023375,NHPC,57,50,260.0,218.0,56680.0,2025-05-26
2025052604023374,NHPC,14,50,350.0,218.0,76300.0,2025-05-26
2025052604023373,NHPC,38,50,390.0,218.5,85215.0,2025-05-26
2025052601022528,GBIME,42,67,115.0,233.0,26795.0,2025-05-26
2025052603012238,SFCL,38,7,195.0,487.0,94965.0,2025-05-26
2025052603012237,SFCL,6,7,100.0,487.0,48700.0,2025-05-26
2025052603012236,SFCL,49,7,75.0,487.0,36525.0,2025-05-26
2025052603012235,MLBL,41,45,60.0,390.5,23430.0,2025-05-26
2025052603012234,NADEP,29,58,10.0,880.0,8800.0,2025-05-26
2025052601022527,CREST,52,11,10.0,1830.0,18300.0,2025-05-26
2025052601022526,CREST,45,11,10.0,1830.0,18300.0,2025-05-26
2025052601022525,CREST,58,11,80.0,1830.0,146400.0,2025-05-26
2025052601022524,MKHC,57,56,990.0,412.9,408771.0,2025-05-26
2025052601022523,SGHC,58,39,50.0,424.0,21200.0,2025-05-26
2025052601022522,SGHC,52,39,70.0,424.1,29687.0,2025-05-26
2025052601022521,SGHC,45,39,10.0,424.4,4244.0,2025-05-26
2025052601022520,SGHC,17,39,50.0,424.5,21225.0,2025-05-26
2025052603012233,GFCL,60,45,64.0,650.0,41600.0,2025-05-26
2025052603012232,GFCL,60,19,50.0,650.0,32500.0,2025-05-26
2025052603012231,GFCL,60,50,265.0,649.0,171985.0,2025-05-26
2025052603012230,GFCL,60,54,121.0,644.6,77996.6,2025-05-26
2025052604023372,UMHL,62,64,10.0,516.0,5160.0,2025-05-26
2025052604023371,NGPL,68,89,743.0,380.8,282934.4,2025-05-26
2025052605010511,NRIC,65,50,50.0,1270.0,63500.0,2025-05-26
2025052604023370,NHDL,88,51,10.0,695.0,6950.0,2025-05-26
2025052604023369,HURJA,59,91,10.0,248.9,2489.0,2025-05-26
2025052601022519,CZBIL,41,45,603.0,213.0,128439.0,2025-05-26
2025052601022518,CZBIL,1,45,500.0,213.0,106500.0,2025-05-26
2025052601022517,CZBIL,29,45,350.0,213.9,74865.0,2025-05-26
2025052601022516,CZBIL,41,45,17.0,214.0,3638.0,2025-05-26
2025052601022515,CZBIL,11,45,530.0,214.0,113420.0,2025-05-26
2025052605010510,GCIL,25,52,323.0,502.0,162146.0,2025-05-26
2025052601022514,GMLI,55,54,200.0,2562.0,512400.0,2025-05-26
2025052603012229,MERO,35,59,10.0,768.0,7680.0,2025-05-26
2025052605010509,NRN,1,38,110.0,2002.0,220220.0,2025-05-26
2025052605010508,NRN,58,38,10.0,2002.0,20020.0,2025-05-26
2025052605010507,NRN,71,38,30.0,2002.1,60063.0,2025-05-26
2025052605010506,NRN,58,38,50.0,2002.1,100105.0,2025-05-26
2025052601022513,SBI,86,6,860.0,404.9,348214.0,2025-05-26
2025052601022512,SBI,86,43,40.0,404.9,16196.0,2025-05-26
2025052601022511,SBI,86,57,100.0,404.0,40400.0,2025-05-26
2025052604023368,RIDI,14,3,200.0,258.0,51600.0,2025-05-26
2025052603012228,USLB,13,62,100.0,2010.0,201000.0,2025-05-26
2025052604023367,SPDL,21,65,10.0,357.8,3578.0,2025-05-26
2025052603012227,SJLIC,42,96,500.0,442.0,221000.0,2025-05-26
2025052604023366,OHL,28,19,10.0,904.0,9040.0,2025-05-26
2025052601022510,SNLI,11,45,100.0,491.0,49100.0,2025-05-26
2025052604023365,NGPL,42,45,970.0,380.1,368697.0,2025-05-26
2025052604023364,NGPL,33,45,30.0,380.1,11403.0,2025-05-26
2025052603012226,SINDU,49,72,50.0,835.0,41750.0,2025-05-26
2025052603012225,SINDU,45,72,25.0,835.0,20875.0,2025-05-26
2025052603012224,SINDU,14,72,100.0,835.0,83500.0,2025-05-26
2025052603012223,SINDU,38,72,50.0,835.0,41750.0,2025-05-26
2025052603012222,SINDU,8,72,249.0,835.1,207939.9,2025-05-26
2025052603012221,SINDU,5,72,10.0,838.0,8380.0,2025-05-26
2025052603012220,SINDU,50,72,10.0,838.0,8380.0,2025-05-26
2025052601022509,SARBTM,51,18,50.0,851.0,42550.0,2025-05-26
2025052601022508,SARBTM,58,18,100.0,851.0,85100.0,2025-05-26
2025052601022507,SARBTM,57,18,50.0,851.0,42550.0,2025-05-26
2025052601022506,SARBTM,59,18,167.0,851.0,142117.0,2025-05-26
2025052601022505,MANDU,34,48,10.0,869.0,8690.0,2025-05-26
2025052605010505,SHIVM,98,39,270.0,524.0,141480.0,2025-05-26
2025052601022504,PPL,57,32,310.0,480.0,148800.0,2025-05-26
2025052601022503,PPL,35,32,90.0,480.0,43200.0,2025-05-26
2025052601022502,PPL,49,32,10.0,480.2,4802.0,2025-05-26
2025052601022501,PPL,57,32,10.0,480.2,4802.0,2025-05-26
2025052601022500,PPL,42,32,10.0,480.2,4802.0,2025-05-26
2025052601022499,PPL,59,32,200.0,480.2,96040.0,2025-05-26
2025052601022498,PPL,1,32,20.0,480.2,9604.0,2025-05-26
2025052601022497,PPL,49,32,30.0,480.2,14406.0,2025-05-26
2025052601022496,PPL,1,32,200.0,480.2,96040.0,2025-05-26
2025052601022495,PPL,59,32,100.0,481.0,48100.0,2025-05-26
2025052601022494,PPL,22,32,50.0,481.0,24050.0,2025-05-26
2025052601022493,PPL,42,32,120.0,483.0,57960.0,2025-05-26
2025052601022492,PPL,95,32,50.0,483.1,24155.0,2025-05-26
2025052604023363,RADHI,49,81,44.0,803.0,35332.0,2025-05-26
2025052604023362,RADHI,49,41,22.0,803.0,17666.0,2025-05-26
2025052603012219,SLBSL,62,1,15.0,1549.5,23242.5,2025-05-26
2025052603012218,SLBSL,62,1,25.0,1549.0,38725.0,2025-05-26
2025052603012217,SLBSL,62,41,10.0,1548.0,15480.0,2025-05-26
2025052604023361,RADHI,49,49,104.0,803.0,83512.0,2025-05-26
2025052604023360,RADHI,49,6,50.0,803.0,40150.0,2025-05-26
2025052604023359,RADHI,49,6,300.0,803.0,240900.0,2025-05-26
2025052604023358,RADHI,49,69,480.0,802.9,385392.0,2025-05-26
2025052604023357,NGPL,33,44,450.0,380.1,171045.0,2025-05-26
2025052603012216,SIFC,26,36,10.0,502.0,5020.0,2025-05-26
2025052604023356,UAIL,32,11,120.0,595.6,71472.0,2025-05-26
2025052604023355,SHEL,57,34,20.0,264.0,5280.0,2025-05-26
2025052601022491,HBL,17,48,1250.0,228.0,285000.0,2025-05-26
2025052604023354,SHL,51,41,200.0,555.1,111020.0,2025-05-26
2025052601022490,KBL,64,35,310.0,214.8,66588.0,2025-05-26
2025052601022489,EHPL,32,56,50.0,570.0,28500.0,2025-05-26
2025052601022488,EHPL,88,56,235.0,570.0,133950.0,2025-05-26
2025052601022487,EHPL,54,56,50.0,570.5,28525.0,2025-05-26
2025052601022486,TSHL,4,48,28.0,700.0,19600.0,2025-05-26
2025052601022485,TSHL,59,48,100.0,700.3,70030.0,2025-05-26
2025052601022484,TSHL,36,48,10.0,701.0,7010.0,2025-05-26
2025052601022483,TSHL,44,48,160.0,701.1,112176.0,2025-05-26
2025052601022482,TSHL,46,48,100.0,701.2,70120.0,2025-05-26
2025052601022481,TSHL,43,48,12.0,703.6,8443.2,2025-05-26
2025052601022480,TSHL,49,48,20.0,703.6,14072.0,2025-05-26
2025052601022479,TSHL,58,48,20.0,703.8,14076.0,2025-05-26
2025052601022478,TSHL,58,48,50.0,704.0,35200.0,2025-05-26
2025052601022477,NMIC,59,89,10.0,1939.5,19395.0,2025-05-26
2025052604023353,SHL,48,22,100.0,556.0,55600.0,2025-05-26
2025052603012215,MATRI,54,58,100.0,1220.0,122000.0,2025-05-26
2025052605010504,HRL,7,43,100.0,933.5,93350.0,2025-05-26
2025052601022476,CREST,58,35,10.0,1830.0,18300.0,2025-05-26
2025052601022475,CREST,58,20,10.0,1830.0,18300.0,2025-05-26
2025052601022474,PCBL,21,32,384.0,247.2,94924.8,2025-05-26
2025052601022473,PCBL,58,32,25.0,247.2,6180.0,2025-05-26
2025052601022472,PCBL,7,32,91.0,247.4,22513.4,2025-05-26
2025052605010503,SAHAS,28,95,50.0,520.1,26005.0,2025-05-26
2025052605010502,SAHAS,57,95,50.0,520.2,26010.0,2025-05-26
2025052603012214,LLBS,42,67,50.0,1103.3,55165.0,2025-05-26
2025052601022471,NESDO,42,63,20.0,1718.9,34378.0,2025-05-26
2025052605010501,CIT,38,47,51.0,1920.0,97920.0,2025-05-26
2025052605010500,CIT,41,47,12.0,1920.0,23040.0,2025-05-26
2025052605010499,CIT,45,47,10.0,1920.1,19201.0,2025-05-26
2025052604023352,UPCL,96,42,1629.0,429.0,698841.0,2025-05-26
2025052604023351,UPCL,96,39,20.0,428.0,8560.0,2025-05-26
2025052604023350,UPCL,96,35,500.0,428.0,214000.0,2025-05-26
2025052604023349,UPCL,96,82,1000.0,428.0,428000.0,2025-05-26
2025052604023348,UPCL,96,36,100.0,428.0,42800.0,2025-05-26
2025052604023347,UPCL,96,32,1462.0,428.0,625736.0,2025-05-26
2025052604023346,UPCL,96,64,1500.0,427.4,641100.0,2025-05-26
2025052604023345,UPCL,96,44,500.0,427.4,213700.0,2025-05-26
2025052604023344,UPCL,96,57,29.0,427.4,12394.6,2025-05-26
2025052604023343,UPCL,96,38,260.0,427.3,111098.0,2025-05-26
2025052604023342,NGPL,33,34,500.0,380.1,190050.0,2025-05-26
2025052604023341,NGPL,33,13,20.0,380.1,7602.0,2025-05-26
2025052604023340,NGPL,51,13,580.0,380.1,220458.0,2025-05-26
2025052604023339,BARUN,22,45,100.0,509.0,50900.0,2025-05-26
2025052601022470,CREST,42,38,10.0,1830.0,18300.0,2025-05-26
2025052605010498,HDL,43,16,40.0,1214.0,48560.0,2025-05-26
2025052605010497,MBJC,51,14,80.0,312.0,24960.0,2025-05-26
2025052603012213,MLBSL,34,49,10.0,2300.0,23000.0,2025-05-26
2025052604023338,MEN,80,32,356.0,585.3,208366.8,2025-05-26
2025052604023337,MEN,65,32,100.0,585.3,58530.0,2025-05-26
2025052604023336,MEN,22,32,100.0,585.3,58530.0,2025-05-26
2025052604023335,MEN,44,32,700.0,585.3,409710.0,2025-05-26
2025052604023334,MEN,80,32,1000.0,585.5,585500.0,2025-05-26
2025052604023333,MEN,54,32,16.0,585.5,9368.0,2025-05-26
2025052604023332,MEN,21,32,116.0,585.5,67918.0,2025-05-26
2025052604023331,MEN,1,32,300.0,586.0,175800.0,2025-05-26
2025052604023330,MEN,18,32,200.0,586.0,117200.0,2025-05-26
2025052604023329,MEN,45,32,500.0,586.0,293000.0,2025-05-26
2025052604023328,MEN,17,32,200.0,586.0,117200.0,2025-05-26
2025052604023327,MEN,43,32,352.0,586.1,206307.2,2025-05-26
2025052604023326,MEN,32,32,50.0,586.2,29310.0,2025-05-26
2025052604023325,UPCL,88,7,50.0,427.0,21350.0,2025-05-26
2025052601022469,MEHL,34,11,10.0,445.0,4450.0,2025-05-26
2025052605010496,ILI,6,57,400.0,458.0,183200.0,2025-05-26
2025052604023324,RADHI,67,91,10.0,802.0,8020.0,2025-05-26
2025052604023323,OHL,42,19,10.0,904.0,9040.0,2025-05-26
2025052601022468,KBL,46,19,2000.0,215.0,430000.0,2025-05-26
2025052604023322,UPCL,62,38,140.0,427.3,59822.0,2025-05-26
2025052604023321,UPCL,62,39,60.0,427.3,25638.0,2025-05-26
2025052601022467,IHL,39,52,360.0,552.0,198720.0,2025-05-26
2025052601022466,IHL,57,52,500.0,552.0,276000.0,2025-05-26
2025052601022465,IHL,64,52,490.0,552.0,270480.0,2025-05-26
2025052601022464,IHL,57,52,10.0,553.0,5530.0,2025-05-26
2025052601022463,IHL,34,52,20.0,553.0,11060.0,2025-05-26
2025052601022462,IHL,34,52,100.0,553.1,55310.0,2025-05-26
2025052601022461,IHL,25,52,10.0,555.0,5550.0,2025-05-26
2025052601022460,BHL,47,5,35.0,216.4,7574.0,2025-05-26
2025052601022459,BHL,8,5,465.0,216.4,100626.0,2025-05-26
2025052601022458,RFPL,38,44,480.0,480.5,230640.0,2025-05-26
2025052601022457,RFPL,3,44,50.0,481.0,24050.0,2025-05-26
2025052601022456,RFPL,25,44,10.0,481.0,4810.0,2025-05-26
2025052601022455,RFPL,45,44,20.0,481.0,9620.0,2025-05-26
2025052601022454,RFPL,7,44,50.0,481.0,24050.0,2025-05-26
2025052601022453,RFPL,47,44,50.0,481.0,24050.0,2025-05-26
2025052601022452,RFPL,57,44,100.0,481.0,48100.0,2025-05-26
2025052601022451,RFPL,46,44,20.0,481.0,9620.0,2025-05-26
2025052601022450,RFPL,74,44,100.0,481.0,48100.0,2025-05-26
2025052601022449,RFPL,64,44,101.0,481.0,48581.0,2025-05-26
2025052601022448,RFPL,38,44,200.0,481.0,96200.0,2025-05-26
2025052601022447,RFPL,56,44,100.0,481.0,48100.0,2025-05-26
2025052601022446,RFPL,16,44,20.0,481.0,9620.0,2025-05-26
2025052601022445,RFPL,17,44,10.0,481.0,4810.0,2025-05-26
2025052601022444,RFPL,17,44,500.0,481.2,240600.0,2025-05-26
2025052601022443,RFPL,4,44,50.0,481.3,24065.0,2025-05-26
2025052601022442,RFPL,19,44,39.0,481.3,18770.7,2025-05-26
2025052601022441,RFPL,48,44,50.0,481.4,24070.0,2025-05-26
2025052601022440,RFPL,47,44,1030.0,481.5,495945.0,2025-05-26
2025052601022439,RFPL,4,44,20.0,482.0,9640.0,2025-05-26
2025052605010495,HDL,41,50,160.0,1213.0,194080.0,2025-05-26
2025052605010494,HDL,44,50,100.0,1213.1,121310.0,2025-05-26
2025052604023320,SJCL,58,45,62.0,317.5,19685.0,2025-05-26
2025052601022438,CREST,58,39,10.0,1830.0,18300.0,2025-05-26
2025052604023319,NGPL,51,38,20.0,380.1,7602.0,2025-05-26
2025052604023318,SHL,6,13,150.0,555.2,83280.0,2025-05-26
2025052604023317,SHL,58,13,250.0,555.2,138800.0,2025-05-26
2025052604023316,MHNL,22,53,50.0,259.9,12995.0,2025-05-26
2025052603012212,NICLBSL,59,51,50.0,645.0,32250.0,2025-05-26
2025052601022437,MBL,55,61,426.0,225.5,96063.0,2025-05-26
2025052601022436,MBL,55,61,60.0,225.5,13530.0,2025-05-26
2025052601022435,MBL,1,61,200.0,225.6,45120.0,2025-05-26
2025052601022434,MBL,8,61,48.0,225.6,10828.8,2025-05-26
2025052601022433,MBL,50,61,266.0,225.7,60036.2,2025-05-26
2025052601022432,KBL,28,19,30.0,215.0,6450.0,2025-05-26
2025052601022431,KBL,28,16,70.0,215.0,15050.0,2025-05-26
2025052604023315,OHL,42,45,10.0,904.0,9040.0,2025-05-26
2025052604023314,OHL,57,45,50.0,904.0,45200.0,2025-05-26
2025052604023313,MEN,32,35,200.0,586.2,117240.0,2025-05-26
2025052603012211,NLICL,4,50,100.0,635.0,63500.0,2025-05-26
2025052603012210,NLICL,55,50,100.0,635.0,63500.0,2025-05-26
2025052604023312,JOSHI,41,43,300.0,385.1,115530.0,2025-05-26
2025052604023311,PMHPL,45,1,20.0,289.0,5780.0,2025-05-26
2025052601022430,CREST,58,58,10.0,1830.0,18300.0,2025-05-26
2025052603012209,FOWAD,57,22,70.0,1149.0,80430.0,2025-05-26
2025052603012208,FOWAD,41,22,20.0,1150.0,23000.0,2025-05-26
2025052605010493,CIT,45,5,10.0,1920.1,19201.0,2025-05-26
2025052603012207,SINDU,8,1,57.0,835.1,47600.7,2025-05-26
2025052603012206,SINDU,42,1,30.0,837.0,25110.0,2025-05-26
2025052604023310,UPCL,88,3,500.0,426.5,213250.0,2025-05-26
2025052603012205,NMBMF,22,49,100.0,729.7,72970.0,2025-05-26
2025052601022429,CREST,58,41,10.0,1830.0,18300.0,2025-05-26
2025052605010492,HRL,7,48,599.0,933.5,559166.5,2025-05-26
2025052605010491,HRL,25,48,20.0,933.6,18672.0,2025-05-26
2025052605010490,HRL,56,48,10.0,933.6,9336.0,2025-05-26
2025052605010489,HRL,64,48,51.0,933.6,47613.6,2025-05-26
2025052601022428,SRLI,59,4,100.0,408.0,40800.0,2025-05-26
2025052605010488,SHIVM,98,45,30.0,524.0,15720.0,2025-05-26
2025052605010487,SHIVM,4,45,70.0,524.8,36736.0,2025-05-26
2025052601022427,MKHC,52,56,10.0,412.9,4129.0,2025-05-26
2025052601022426,PRVU,59,35,390.0,214.0,83460.0,2025-05-26
2025052601022425,PRVU,59,40,500.0,214.0,107000.0,2025-05-26
2025052601022424,PRVU,59,41,150.0,214.0,32100.0,2025-05-26
2025052601022423,PRVU,59,49,400.0,214.0,85600.0,2025-05-26
2025052601022422,PRVU,59,18,95.0,214.0,20330.0,2025-05-26
2025052601022421,USHEC,4,38,40.0,472.0,18880.0,2025-05-26
2025052601022420,PRVU,57,18,1000.0,214.0,214000.0,2025-05-26
2025052601022419,NIMB,51,45,290.0,217.0,62930.0,2025-05-26
2025052601022418,NIMB,51,54,210.0,217.0,45570.0,2025-05-26
2025052605010486,NRIC,34,50,200.0,1270.0,254000.0,2025-05-26
2025052604023309,RIDI,16,49,287.0,257.5,73902.5,2025-05-26
2025052604023308,RIDI,49,49,13.0,257.6,3348.8,2025-05-26
2025052601022417,SANIMA,44,6,725.0,321.2,232870.0,2025-05-26
2025052601022416,SANIMA,11,6,300.0,321.3,96390.0,2025-05-26
2025052603012204,SINDU,49,50,10.0,837.0,8370.0,2025-05-26
2025052601022415,TVCL,86,48,20.0,476.4,9528.0,2025-05-26
2025052603012203,SMPDA,55,49,10.0,955.0,9550.0,2025-05-26
2025052603012202,SMPDA,6,49,50.0,955.0,47750.0,2025-05-26
2025052603012201,SMPDA,62,49,67.0,955.0,63985.0,2025-05-26
2025052603012200,SMPDA,34,49,50.0,955.1,47755.0,2025-05-26
2025052603012199,SMPDA,62,49,200.0,955.2,191040.0,2025-05-26
2025052601022414,BNHC,49,45,184.0,522.2,96084.8,2025-05-26
2025052601022413,BNHC,49,33,623.0,522.0,325206.0,2025-05-26
2025052601022412,BNHC,49,41,73.0,522.0,38106.0,2025-05-26
2025052604023307,BARUN,55,48,40.0,508.5,20340.0,2025-05-26
2025052604023306,BARUN,51,48,100.0,508.5,50850.0,2025-05-26
2025052604023305,BARUN,53,48,860.0,508.6,437396.0,2025-05-26
2025052604023304,BARUN,38,48,100.0,508.7,50870.0,2025-05-26
2025052604023303,AHPC,1,37,276.0,278.5,76866.0,2025-05-26
2025052604023302,AHPC,55,37,500.0,278.5,139250.0,2025-05-26
2025052604023301,AHPC,58,37,124.0,278.5,34534.0,2025-05-26
2025052604023300,AHPC,38,37,100.0,278.6,27860.0,2025-05-26
2025052603012198,NMFBS,19,17,56.0,1238.0,69328.0,2025-05-26
2025052603012197,NMFBS,42,17,100.0,1238.0,123800.0,2025-05-26
2025052603012196,GMFIL,4,34,200.0,481.0,96200.0,2025-05-26
2025052601022411,SAMAJ,35,36,10.0,2455.0,24550.0,2025-05-26
2025052604023299,UPPER,28,22,1273.0,201.5,256509.5,2025-05-26
2025052604023298,UPPER,74,22,27.0,201.5,5440.5,2025-05-26
2025052605010485,CHDC,46,50,10.0,2534.0,25340.0,2025-05-26
2025052601022410,MKJC,21,57,10.0,495.0,4950.0,2025-05-26
2025052604023297,RADHI,67,29,500.0,802.0,401000.0,2025-05-26
2025052601022409,NBL,45,58,50.0,259.0,12950.0,2025-05-26
2025052601022408,JBLB,51,54,3.0,1330.0,3990.0,2025-05-26
2025052601022407,JBLB,51,1,10.0,1330.0,13300.0,2025-05-26
2025052601022406,CZBIL,11,55,1020.0,214.0,218280.0,2025-05-26
2025052604023296,NLG,28,17,50.0,833.5,41675.0,2025-05-26
2025052605010484,SHIVM,48,8,900.0,524.9,472410.0,2025-05-26
2025052604023295,UPCL,101,57,500.0,426.1,213050.0,2025-05-26
2025052604023294,RURU,26,48,10.0,695.0,6950.0,2025-05-26
2025052605010483,KDBY,45,58,100.0,9.66,966.0,2025-05-26
2025052605010482,NIFRA,34,49,4000.0,278.6,1114400.0,2025-05-26
2025052603012195,MNBBL,49,28,327.0,366.0,119682.0,2025-05-26
2025052603012194,GFCL,17,57,90.0,644.0,57960.0,2025-05-26
2025052603012193,GFCL,36,57,60.0,644.0,38640.0,2025-05-26
2025052603012192,GFCL,58,57,50.0,644.5,32225.0,2025-05-26
2025052603012191,GLBSL,45,35,20.0,2663.2,53264.0,2025-05-26
2025052603012190,GLBSL,45,58,150.0,2663.2,399480.0,2025-05-26
2025052603012189,GLBSL,45,56,200.0,2663.2,532640.0,2025-05-26
2025052605010481,SMJC,42,6,10.0,503.8,5038.0,2025-05-26
2025052605010480,RNLI,62,34,11.0,513.0,5643.0,2025-05-26
2025052603012188,JFL,58,34,10.0,477.1,4771.0,2025-05-26
2025052605010479,CIT,45,38,20.0,1920.0,38400.0,2025-05-26
2025052604023293,RADHI,67,19,162.0,802.0,129924.0,2025-05-26
2025052605010478,NIFRA,34,28,470.0,278.6,130942.0,2025-05-26
2025052605010477,NIFRA,51,28,100.0,278.6,27860.0,2025-05-26
2025052605010476,NIFRA,34,28,80.0,279.0,22320.0,2025-05-26
2025052605010475,NIFRA,16,28,300.0,279.0,83700.0,2025-05-26
2025052605010474,NIFRA,61,28,50.0,279.0,13950.0,2025-05-26
2025052604023292,SHEL,57,7,39.0,264.0,10296.0,2025-05-26
2025052604023291,SHEL,55,7,461.0,264.0,121704.0,2025-05-26
2025052603012187,SINDU,8,72,290.0,835.1,242179.0,2025-05-26
2025052603012186,SINDU,8,72,300.0,835.2,250560.0,2025-05-26
2025052603012185,SINDU,26,72,50.0,835.2,41760.0,2025-05-26
2025052603012184,SINDU,51,72,50.0,835.3,41765.0,2025-05-26
2025052603012183,SINDU,35,72,70.0,836.0,58520.0,2025-05-26
2025052603012182,SINDU,8,72,40.0,836.0,33440.0,2025-05-26
2025052604023290,RADHI,8,19,100.0,801.4,80140.0,2025-05-26
2025052601022405,MLBS,57,42,10.0,1680.0,16800.0,2025-05-26
2025052601022404,NABIL,21,48,210.0,496.1,104181.0,2025-05-26
2025052601022403,NABIL,7,48,100.0,496.5,49650.0,2025-05-26
2025052601022402,NABIL,49,48,10.0,497.0,4970.0,2025-05-26
2025052601022401,NABIL,1,48,25.0,497.0,12425.0,2025-05-26
2025052601022400,NABIL,42,48,355.0,497.5,176612.5,2025-05-26
2025052601022399,IHL,25,81,200.0,555.0,111000.0,2025-05-26
2025052603012181,LBBL,34,21,850.0,446.1,379185.0,2025-05-26
2025052603012180,LBBL,33,21,150.0,446.6,66990.0,2025-05-26
2025052601022398,KBL,64,59,150.0,214.8,32220.0,2025-05-26
2025052601022397,KBL,75,59,350.0,214.9,75215.0,2025-05-26
2025052603012179,NUBL,32,38,100.0,700.0,70000.0,2025-05-26
2025052603012178,NUBL,52,38,100.0,702.0,70200.0,2025-05-26
2025052603012177,MLBL,41,48,55.0,390.3,21466.5,2025-05-26
2025052604023289,RURU,1,48,25.0,695.0,17375.0,2025-05-26
2025052604023288,RURU,50,48,60.0,695.0,41700.0,2025-05-26
2025052604023287,RURU,64,48,17.0,695.0,11815.0,2025-05-26
2025052605010473,SAHAS,80,35,20.0,521.0,10420.0,2025-05-26
2025052604023286,NGPL,51,19,200.0,380.1,76020.0,2025-05-26
2025052603012176,HLI,56,49,10.0,412.0,4120.0,2025-05-26
2025052604023285,SPDL,55,13,180.0,355.3,63954.0,2025-05-26
2025052605010472,NTC,47,16,20.0,879.0,17580.0,2025-05-26
2025052605010471,NTC,84,16,10.0,879.0,8790.0,2025-05-26
2025052605010470,NTC,38,16,20.0,879.0,17580.0,2025-05-26
2025052605010469,NTC,52,16,143.0,879.0,125697.0,2025-05-26
2025052605010468,SMATA,14,43,90.0,800.0,72000.0,2025-05-26
2025052604023284,NGPL,47,53,100.0,380.2,38020.0,2025-05-26
2025052605010467,MBJC,43,14,800.0,312.0,249600.0,2025-05-26
2025052603012175,SAPDBL,57,50,120.0,839.0,100680.0,2025-05-26
2025052601022396,KBL,11,16,250.0,215.0,53750.0,2025-05-26
2025052601022395,KBL,11,4,150.0,215.0,32250.0,2025-05-26
2025052604023283,GLH,42,25,150.0,251.1,37665.0,2025-05-26
2025052604023282,SICL,47,58,50.0,740.0,37000.0,2025-05-26
2025052603012174,PROFL,58,32,200.0,499.0,99800.0,2025-05-26
2025052604023281,API,70,21,20.0,291.0,5820.0,2025-05-26
2025052603012173,LBBL,33,56,200.0,446.6,89320.0,2025-05-26
2025052604023280,NGPL,51,34,100.0,380.1,38010.0,2025-05-26
2025052605010466,HATHY,26,42,43.0,1250.0,53750.0,2025-05-26
2025052605010465,HATHY,26,50,27.0,1250.0,33750.0,2025-05-26
2025052605010464,HATHY,26,17,10.0,1249.0,12490.0,2025-05-26
2025052605010463,HATHY,26,48,20.0,1248.0,24960.0,2025-05-26
2025052604023279,NIL,78,55,165.0,718.0,118470.0,2025-05-26
2025052604023278,NIL,78,57,112.0,718.0,80416.0,2025-05-26
2025052604023277,NIL,78,32,300.0,717.9,215370.0,2025-05-26
2025052604023276,PPCL,42,47,30.0,326.0,9780.0,2025-05-26
2025052603012172,ALBSL,49,47,10.0,842.0,8420.0,2025-05-26
2025052601022394,CREST,58,58,10.0,1830.0,18300.0,2025-05-26
2025052601022393,CREST,58,58,10.0,1830.0,18300.0,2025-05-26
2025052605010462,SAHAS,42,35,18.0,521.0,9378.0,2025-05-26
2025052601022392,EHPL,25,56,70.0,571.0,39970.0,2025-05-26
2025052603012171,BFC,49,57,452.0,486.5,219898.0,2025-05-26
2025052603012170,BFC,50,57,100.0,487.0,48700.0,2025-05-26
2025052601022391,PCBL,22,78,10.0,249.7,2497.0,2025-05-26
2025052604023275,NGPL,51,33,100.0,380.1,38010.0,2025-05-26
2025052603012169,RLFL,58,57,15.0,482.0,7230.0,2025-05-26
2025052603012168,RLFL,41,57,10.0,482.0,4820.0,2025-05-26
2025052603012167,RLFL,55,57,100.0,482.2,48220.0,2025-05-26
2025052603012166,RLFL,55,57,100.0,482.2,48220.0,2025-05-26
2025052603012165,RLFL,45,57,25.0,482.2,12055.0,2025-05-26
2025052603012164,RLFL,22,57,100.0,482.5,48250.0,2025-05-26
2025052603012163,RLFL,58,57,50.0,482.5,24125.0,2025-05-26
2025052603012162,RLFL,55,57,100.0,482.6,48260.0,2025-05-26
2025052605010461,ILI,6,52,10.0,458.0,4580.0,2025-05-26
2025052604023274,RADHI,38,8,1000.0,802.8,802800.0,2025-05-26
2025052604023273,HDHPC,18,50,415.0,202.0,83830.0,2025-05-26
2025052604023272,HDHPC,48,50,385.0,202.1,77808.5,2025-05-26
2025052601022390,NICA,42,44,128.0,364.5,46656.0,2025-05-26
2025052601022389,NICA,42,58,372.0,364.4,135556.8,2025-05-26
2025052603012161,SHINE,34,33,110.0,411.0,45210.0,2025-05-26
2025052604023271,API,45,21,50.0,291.0,14550.0,2025-05-26
2025052604023270,API,45,14,150.0,290.7,43605.0,2025-05-26
2025052604023269,UMHL,39,44,4000.0,515.1,2060400.0,2025-05-26
2025052601022388,CITY,36,57,180.0,837.7,150786.0,2025-05-26
2025052603012160,BFC,57,54,100.0,487.1,48710.0,2025-05-26
2025052603012159,CORBL,8,22,20.0,2170.0,43400.0,2025-05-26
2025052603012158,WNLB,13,45,33.0,2347.0,77451.0,2025-05-26
2025052603012157,WNLB,4,45,10.0,2347.0,23470.0,2025-05-26
2025052603012156,WNLB,18,45,10.0,2347.0,23470.0,2025-05-26
2025052605010460,HRL,64,34,10.0,933.6,9336.0,2025-05-26
2025052603012155,LICN,22,6,20.0,910.0,18200.0,2025-05-26
2025052601022387,EHPL,11,56,150.0,571.0,85650.0,2025-05-26
2025052601022386,EHPL,45,56,50.0,572.0,28600.0,2025-05-26
2025052601022385,EHPL,39,56,50.0,575.6,28780.0,2025-05-26
2025052601022384,EHPL,42,56,20.0,577.0,11540.0,2025-05-26
2025052601022383,EHPL,41,56,20.0,579.0,11580.0,2025-05-26
2025052601022382,DORDI,54,49,1896.0,375.0,711000.0,2025-05-26
2025052601022381,DORDI,58,49,10.0,375.0,3750.0,2025-05-26
2025052601022380,DORDI,3,49,100.0,375.0,37500.0,2025-05-26
2025052601022379,DORDI,26,49,158.0,375.0,59250.0,2025-05-26
2025052601022378,DORDI,26,49,1000.0,375.0,375000.0,2025-05-26
2025052601022377,DORDI,51,49,20.0,375.0,7500.0,2025-05-26
2025052601022376,DORDI,58,49,10.0,375.0,3750.0,2025-05-26
2025052601022375,DORDI,17,49,35.0,375.0,13125.0,2025-05-26
2025052601022374,DORDI,35,49,500.0,375.0,187500.0,2025-05-26
2025052601022373,DORDI,58,49,90.0,375.0,33750.0,2025-05-26
2025052601022372,DORDI,38,49,500.0,375.3,187650.0,2025-05-26
2025052601022371,DORDI,57,49,500.0,375.3,187650.0,2025-05-26
2025052601022370,DORDI,35,49,555.0,376.5,208957.5,2025-05-26
2025052601022369,DORDI,42,49,100.0,377.3,37730.0,2025-05-26
2025052601022368,DORDI,58,49,500.0,378.0,189000.0,2025-05-26
2025052601022367,DORDI,32,49,40.0,378.0,15120.0,2025-05-26
2025052601022366,DORDI,35,49,36.0,378.0,13608.0,2025-05-26
2025052601022365,NMIC,59,7,10.0,1939.5,19395.0,2025-05-26
2025052604023268,SHL,58,41,200.0,555.2,111040.0,2025-05-26
2025052604023267,KKHC,14,41,400.0,343.0,137200.0,2025-05-26
2025052604023266,KKHC,38,41,100.0,344.0,34400.0,2025-05-26
2025052604023265,SHEL,55,42,366.0,264.0,96624.0,2025-05-26
2025052604023264,SHEL,34,42,100.0,264.1,26410.0,2025-05-26
2025052604023263,SHEL,33,42,34.0,264.2,8982.8,2025-05-26
2025052603012154,MLBL,33,52,500.0,390.2,195100.0,2025-05-26
2025052601022364,EBL,58,1,100.0,650.1,65010.0,2025-05-26
2025052604023262,AKJCL,42,42,25.0,207.0,5175.0,2025-05-26
2025052604023261,GHL,57,13,20.0,246.0,4920.0,2025-05-26
2025052601022363,KBL,75,17,150.0,214.9,32235.0,2025-05-26
2025052601022362,NMIC,10,93,20.0,1940.0,38800.0,2025-05-26
2025052601022361,NMIC,38,93,10.0,1940.0,19400.0,2025-05-26
2025052601022360,NMIC,42,93,100.0,1940.0,194000.0,2025-05-26
2025052601022359,NMIC,51,93,25.0,1940.0,48500.0,2025-05-26
2025052601022358,NMIC,1,93,10.0,1940.0,19400.0,2025-05-26
2025052601022357,NMIC,38,93,20.0,1940.0,38800.0,2025-05-26
2025052601022356,NMIC,58,93,15.0,1941.0,29115.0,2025-05-26
2025052604023260,PMHPL,8,41,50.0,288.0,14400.0,2025-05-26
2025052604023259,AKJCL,34,1,328.0,206.3,67666.4,2025-05-26
2025052604023258,AKJCL,1,1,10.0,206.3,2063.0,2025-05-26
2025052604023257,AKJCL,96,1,477.0,206.3,98405.1,2025-05-26
2025052604023256,SICL,17,58,300.0,740.0,222000.0,2025-05-26
2025052604023255,UPCL,101,32,640.0,426.1,272704.0,2025-05-26
2025052604023254,UPCL,8,32,150.0,426.2,63930.0,2025-05-26
2025052604023253,UPCL,45,32,1000.0,426.5,426500.0,2025-05-26
2025052604023252,UPCL,58,32,210.0,427.0,89670.0,2025-05-26
2025052603012153,USLB,35,42,10.0,2049.0,20490.0,2025-05-26
2025052603012152,SINDU,53,50,22.0,837.5,18425.0,2025-05-26
2025052603012151,SINDU,58,50,19.0,838.0,15922.0,2025-05-26
2025052604023251,AKJCL,48,42,60.0,207.0,12420.0,2025-05-26
2025052604023250,SHPC,48,19,340.0,557.8,189652.0,2025-05-26
2025052604023249,SHPC,48,91,660.0,556.0,366960.0,2025-05-26
2025052604023248,BPCL,66,53,1000.0,494.6,494600.0,2025-05-26
2025052601022355,SPC,19,34,238.0,509.0,121142.0,2025-05-26
2025052603012150,GBBL,58,94,50.0,398.0,19900.0,2025-05-26
2025052604023247,SGIC,59,34,500.0,565.1,282550.0,2025-05-26
2025052601022354,NMB,8,56,325.0,250.8,81510.0,2025-05-26
2025052601022353,NMB,8,11,100.0,250.0,25000.0,2025-05-26
2025052601022352,NMB,8,58,75.0,250.0,18750.0,2025-05-26
2025052601022351,NMB,8,40,500.0,250.0,125000.0,2025-05-26
2025052601022350,NMB,8,60,2000.0,250.0,500000.0,2025-05-26
2025052604023246,NHPC,38,35,160.0,218.5,34960.0,2025-05-26
2025052603012149,NLICL,78,33,500.0,635.1,317550.0,2025-05-26
2025052603012148,NLICL,19,33,180.0,635.2,114336.0,2025-05-26
2025052604023245,UPCL,58,32,1790.0,427.0,764330.0,2025-05-26
2025052603012147,NUBL,97,49,10.0,702.0,7020.0,2025-05-26
2025052605010459,SHIVM,4,1,180.0,524.8,94464.0,2025-05-26
2025052604023244,CHCL,16,37,473.0,486.2,229972.6,2025-05-26
2025052604023243,CHCL,35,37,25.0,486.2,12155.0,2025-05-26
2025052604023242,CHCL,45,37,40.0,486.6,19464.0,2025-05-26
2025052604023241,CHCL,35,37,166.0,486.6,80775.6,2025-05-26
2025052604023240,CHCL,58,37,50.0,486.7,24335.0,2025-05-26
2025052604023239,CHCL,32,37,100.0,487.0,48700.0,2025-05-26
2025052604023238,CHCL,42,37,10.0,487.0,4870.0,2025-05-26
2025052604023237,TRH,47,82,30.0,947.9,28437.0,2025-05-26
2025052604023236,TRH,47,58,10.0,947.0,9470.0,2025-05-26
2025052604023235,TRH,47,48,60.0,947.0,56820.0,2025-05-26
2025052604023234,NGPL,17,89,457.0,380.8,174025.6,2025-05-26
2025052604023233,NGPL,17,38,43.0,380.8,16374.4,2025-05-26
2025052601022349,SBL,97,8,50.0,300.0,15000.0,2025-05-26
2025052601022348,SBL,33,8,380.0,300.0,114000.0,2025-05-26
2025052601022347,DLBS,48,58,10.0,1490.0,14900.0,2025-05-26
2025052604023232,SHL,58,60,100.0,555.2,55520.0,2025-05-26
2025052604023231,SHL,32,60,200.0,556.0,111200.0,2025-05-26
2025052604023230,SHL,10,60,700.0,556.1,389270.0,2025-05-26
2025052605010458,MEL,14,45,130.0,303.2,39416.0,2025-05-26
2025052605010457,MEL,34,45,1000.0,303.2,303200.0,2025-05-26
2025052605010456,MEL,45,45,280.0,303.3,84924.0,2025-05-26
2025052605010455,MEL,26,45,1500.0,303.3,454950.0,2025-05-26
2025052605010454,MEL,32,45,160.0,303.3,48528.0,2025-05-26
2025052605010453,MEL,43,45,20.0,303.3,6066.0,2025-05-26
2025052605010452,MEL,17,45,20.0,303.5,6070.0,2025-05-26
2025052605010451,MEL,91,45,90.0,303.5,27315.0,2025-05-26
2025052605010450,NRM,56,39,100.0,458.0,45800.0,2025-05-26
2025052604023229,AKPL,36,57,50.0,241.6,12080.0,2025-05-26
2025052605010449,NRIC,47,6,86.0,1269.0,109134.0,2025-05-26
2025052605010448,NRIC,64,6,20.0,1269.1,25382.0,2025-05-26
2025052601022346,MBL,50,6,734.0,225.7,165663.8,2025-05-26
2025052601022345,MBL,48,6,50.0,226.0,11300.0,2025-05-26
2025052601022344,MBL,1,6,200.0,226.0,45200.0,2025-05-26
2025052601022343,MBL,38,6,66.0,226.0,14916.0,2025-05-26
2025052601022342,MBL,57,6,200.0,226.5,45300.0,2025-05-26
2025052601022341,MBL,5,6,330.0,226.5,74745.0,2025-05-26
2025052601022340,MKHC,34,1,10.0,413.0,4130.0,2025-05-26
2025052604023228,CGH,25,58,60.0,866.0,51960.0,2025-05-26
2025052604023227,CGH,38,58,50.0,867.0,43350.0,2025-05-26
2025052604023226,BARUN,53,45,140.0,508.6,71204.0,2025-05-26
2025052604023225,BARUN,5,45,50.0,508.6,25430.0,2025-05-26
2025052604023224,BARUN,58,45,10.0,508.6,5086.0,2025-05-26
2025052604023223,BARUN,4,45,100.0,508.7,50870.0,2025-05-26
2025052601022339,SMHL,28,11,100.0,938.0,93800.0,2025-05-26
2025052601022338,SMHL,28,58,80.0,937.9,75032.0,2025-05-26
2025052601022337,SMHL,28,29,100.0,937.0,93700.0,2025-05-26
2025052601022336,CREST,58,42,10.0,1830.0,18300.0,2025-05-26
2025052601022335,NMIC,58,57,50.0,1941.0,97050.0,2025-05-26
2025052601022334,NMIC,58,54,135.0,1941.0,262035.0,2025-05-26
2025052601022333,NMIC,34,54,20.0,1941.0,38820.0,2025-05-26
2025052601022332,NMIC,19,54,20.0,1941.0,38820.0,2025-05-26
2025052601022331,NMIC,28,54,25.0,1945.0,48625.0,2025-05-26
2025052604023222,UPCL,45,32,10.0,427.0,4270.0,2025-05-26
2025052601022330,CREST,58,45,10.0,1830.0,18300.0,2025-05-26
2025052601022329,CREST,58,6,30.0,1830.0,54900.0,2025-05-26
2025052603012146,MLBL,44,48,65.0,390.3,25369.5,2025-05-26
2025052603012145,NFS,6,54,20.0,620.0,12400.0,2025-05-26
2025052605010447,PHCL,38,48,25.0,560.0,14000.0,2025-05-26
2025052605010446,PHCL,38,48,25.0,560.0,14000.0,2025-05-26
2025052601022328,BNHC,49,41,337.0,522.0,175914.0,2025-05-26
2025052601022327,BNHC,49,41,200.0,522.0,104400.0,2025-05-26
2025052601022326,BNHC,49,19,240.0,520.2,124848.0,2025-05-26
2025052601022325,BNHC,49,54,93.0,520.0,48360.0,2025-05-26
2025052605010445,NRIC,6,4,100.0,1270.0,127000.0,2025-05-26
2025052604023221,SPDL,49,13,320.0,355.3,113696.0,2025-05-26
2025052601022324,ULBSL,36,41,18.0,3620.9,65176.2,2025-05-26
2025052601022323,ULBSL,36,6,10.0,3620.8,36208.0,2025-05-26
2025052601022322,ULBSL,36,58,10.0,3620.8,36208.0,2025-05-26
2025052601022321,ULBSL,36,49,16.0,3620.8,57932.8,2025-05-26
2025052601022320,ULBSL,36,42,16.0,3620.8,57932.8,2025-05-26
2025052601022319,ULBSL,36,58,50.0,3620.8,181040.0,2025-05-26
2025052601022318,ULBSL,36,22,10.0,3620.8,36208.0,2025-05-26
2025052601022317,ULBSL,36,45,10.0,3620.8,36208.0,2025-05-26
2025052601022316,ULBSL,36,7,10.0,3620.8,36208.0,2025-05-26
2025052601022315,ULBSL,36,6,10.0,3620.8,36208.0,2025-05-26
2025052601022314,ULBSL,36,19,100.0,3620.8,362080.0,2025-05-26
2025052601022313,ULBSL,36,38,10.0,3620.8,36208.0,2025-05-26
2025052601022312,ULBSL,36,54,30.0,3620.8,108624.0,2025-05-26
2025052604023220,AHPC,26,52,500.0,279.0,139500.0,2025-05-26
2025052604023219,CHL,21,49,60.0,288.0,17280.0,2025-05-26
2025052604023218,CHL,22,49,50.0,288.0,14400.0,2025-05-26
2025052604023217,CHL,34,49,25.0,288.0,7200.0,2025-05-26
2025052604023216,CHL,58,49,135.0,288.0,38880.0,2025-05-26
2025052601022311,NABIL,66,57,260.0,498.0,129480.0,2025-05-26
2025052601022310,NABIL,47,57,120.0,498.0,59760.0,2025-05-26
2025052601022309,NABIL,22,57,75.0,498.1,37357.5,2025-05-26
2025052601022308,TPC,58,52,14.0,348.0,4872.0,2025-05-26
2025052603012144,SINDU,25,33,100.0,839.0,83900.0,2025-05-26
2025052605010444,NIFRA,5,19,500.0,279.0,139500.0,2025-05-26
2025052605010443,HRL,50,48,10.0,934.0,9340.0,2025-05-26
2025052604023215,LEC,58,36,346.0,213.6,73905.6,2025-05-26
2025052601022307,MKHL,94,21,10.0,730.1,7301.0,2025-05-26
2025052604023214,NGPL,90,55,420.0,380.0,159600.0,2025-05-26
2025052604023213,PPCL,42,54,30.0,326.0,9780.0,2025-05-26
2025052604023212,RURU,64,22,100.0,695.0,69500.0,2025-05-26
2025052603012143,SKBBL,42,67,50.0,808.1,40405.0,2025-05-26
2025052605010442,CIT,45,34,50.0,1920.0,96000.0,2025-05-26
2025052604023211,API,35,48,193.0,290.2,56008.6,2025-05-26
2025052604023210,API,40,48,57.0,290.2,16541.4,2025-05-26
2025052601022306,SCB,17,57,100.0,629.0,62900.0,2025-05-26
2025052601022305,MKHC,49,38,10.0,408.0,4080.0,2025-05-26
2025052604023209,SSHL,6,57,500.0,231.3,115650.0,2025-05-26
2025052604023208,SSHL,52,57,50.0,231.3,11565.0,2025-05-26
2025052604023207,SSHL,22,57,315.0,231.5,72922.5,2025-05-26
2025052604023206,NGPL,90,7,400.0,380.0,152000.0,2025-05-26
2025052604023205,OHL,36,69,50.0,905.0,45250.0,2025-05-26
2025052604023204,OHL,17,69,20.0,905.0,18100.0,2025-05-26
2025052603012142,SINDU,4,33,300.0,839.0,251700.0,2025-05-26
2025052603012141,SINDU,53,17,280.0,837.5,234500.0,2025-05-26
2025052603012140,SINDU,17,17,50.0,837.5,41875.0,2025-05-26
2025052603012139,SINDU,38,17,70.0,837.6,58632.0,2025-05-26
2025052601022304,BHL,49,45,342.0,216.5,74043.0,2025-05-26
2025052604023203,NGPL,90,71,1000.0,380.0,380000.0,2025-05-26
2025052603012138,RSDC,34,63,200.0,685.0,137000.0,2025-05-26
2025052603012137,FMDBL,4,6,10.0,770.0,7700.0,2025-05-26
2025052601022303,SANIMA,25,17,20.0,322.0,6440.0,2025-05-26
2025052601022302,CREST,8,18,20.0,1829.4,36588.0,2025-05-26
2025052601022301,CREST,6,18,30.0,1829.5,54885.0,2025-05-26
2025052601022300,CREST,13,18,20.0,1829.6,36592.0,2025-05-26
2025052601022299,CREST,61,18,30.0,1829.7,54891.0,2025-05-26
2025052601022298,CREST,91,6,70.0,1830.0,128100.0,2025-05-26
2025052601022297,CREST,91,38,10.0,1830.0,18300.0,2025-05-26
2025052601022296,CREST,91,49,10.0,1830.0,18300.0,2025-05-26
2025052604023202,SHL,10,57,100.0,556.1,55610.0,2025-05-26
2025052603012136,SINDU,38,72,930.0,837.6,778968.0,2025-05-26
2025052603012135,SINDU,10,72,50.0,837.6,41880.0,2025-05-26
2025052603012134,SINDU,13,72,20.0,837.6,16752.0,2025-05-26
2025052604023201,SHPC,19,45,100.0,555.7,55570.0,2025-05-26
2025052604023200,RADHI,97,85,500.0,801.3,400650.0,2025-05-26
2025052605010441,SMJC,94,85,325.0,500.1,162532.5,2025-05-26
2025052605010440,SMJC,32,85,80.0,500.2,40016.0,2025-05-26
2025052605010439,SMJC,14,85,93.0,502.1,46695.3,2025-05-26
2025052604023199,NGPL,90,57,323.0,380.0,122740.0,2025-05-26
2025052604023198,NGPL,45,57,20.0,380.0,7600.0,2025-05-26
2025052604023197,NGPL,64,57,250.0,380.0,95000.0,2025-05-26
2025052604023196,NGPL,37,57,407.0,380.0,154660.0,2025-05-26
2025052604023195,JOSHI,41,29,160.0,385.1,61616.0,2025-05-26
2025052601022295,NMIC,61,49,10.0,1945.0,19450.0,2025-05-26
2025052603012133,MLBL,44,56,60.0,390.3,23418.0,2025-05-26
2025052605010438,NIFRA,54,34,40.0,279.0,11160.0,2025-05-26
2025052605010437,NIFRA,49,34,23.0,279.0,6417.0,2025-05-26
2025052604023194,UMHL,39,64,1964.0,515.1,1011656.4,2025-05-26
2025052604023193,UMHL,38,64,200.0,515.2,103040.0,2025-05-26
2025052604023192,UMHL,38,64,100.0,515.3,51530.0,2025-05-26
2025052604023191,UMHL,44,64,200.0,515.4,103080.0,2025-05-26
2025052604023190,UMHL,74,64,1000.0,515.4,515400.0,2025-05-26
2025052604023189,UMHL,22,64,42.0,515.9,21667.8,2025-05-26
2025052604023188,UMHL,21,64,200.0,515.9,103180.0,2025-05-26
2025052604023187,UMHL,36,64,100.0,516.0,51600.0,2025-05-26
2025052604023186,UMHL,8,64,64.0,516.1,33030.4,2025-05-26
2025052605010436,HRL,64,58,39.0,933.6,36410.4,2025-05-26
2025052605010435,HRL,34,58,50.0,933.6,46680.0,2025-05-26
2025052605010434,HRL,64,58,320.0,934.0,298880.0,2025-05-26
2025052605010433,HRL,17,58,535.0,934.1,499743.5,2025-05-26
2025052604023185,UPCL,62,32,200.0,427.0,85400.0,2025-05-26
2025052601022294,DORDI,38,59,10.0,379.0,3790.0,2025-05-26
2025052604023184,SICL,53,58,60.0,740.0,44400.0,2025-05-26
2025052604023183,JOSHI,41,34,520.0,385.1,200252.0,2025-05-26
2025052601022293,NICAD8283,14,58,25.0,1100.0,27500.0,2025-05-26
2025052604023182,HPPL,43,41,100.0,493.0,49300.0,2025-05-26
2025052604023181,UPPER,74,7,18.0,201.5,3627.0,2025-05-26
2025052604023180,KPCL,62,57,10.0,525.0,5250.0,2025-05-26
2025052603012132,HLI,55,33,50.0,411.0,20550.0,2025-05-26
2025052605010432,HIDCL,59,29,293.0,293.3,85936.9,2025-05-26
2025052605010431,HIDCL,53,29,207.0,293.3,60713.1,2025-05-26
2025052601022292,BHL,49,43,578.0,216.5,125137.0,2025-05-26
2025052601022291,BHL,56,43,280.0,216.5,60620.0,2025-05-26
2025052601022290,BHL,41,43,142.0,216.5,30743.0,2025-05-26
2025052603012131,HLBSL,3,99,30.0,985.1,29553.0,2025-05-26
2025052603012130,HLBSL,28,99,20.0,985.6,19712.0,2025-05-26
2025052603012129,HLBSL,60,99,50.0,986.0,49300.0,2025-05-26
2025052603012128,HLBSL,59,99,50.0,987.0,49350.0,2025-05-26
2025052603012127,NUBL,58,21,284.0,703.0,199652.0,2025-05-26
2025052603012126,MERO,35,49,30.0,768.0,23040.0,2025-05-26
2025052604023179,SJCL,58,88,20.0,317.4,6348.0,2025-05-26
2025052604023178,BPCL,49,36,50.0,492.2,24610.0,2025-05-26
2025052604023177,BPCL,50,36,200.0,492.3,98460.0,2025-05-26
2025052601022289,SRLI,7,4,50.0,408.0,20400.0,2025-05-26
2025052601022288,SRLI,55,4,200.0,408.0,81600.0,2025-05-26
2025052601022287,SRLI,49,4,29.0,408.0,11832.0,2025-05-26
2025052601022286,SRLI,14,4,13.0,408.0,5304.0,2025-05-26
2025052605010430,SMJC,14,45,250.0,502.1,125525.0,2025-05-26
2025052604023176,SHL,10,41,200.0,556.1,111220.0,2025-05-26
2025052605010429,NRM,56,87,10.0,458.0,4580.0,2025-05-26
2025052604023175,DHPL,45,38,50.0,337.5,16875.0,2025-05-26
2025052604023174,HPPL,43,55,100.0,493.0,49300.0,2025-05-26
2025052603012125,GBBL,7,94,30.0,398.0,11940.0,2025-05-26
2025052603012124,GBBL,7,94,30.0,398.0,11940.0,2025-05-26
2025052603012123,GBBL,54,94,70.0,398.0,27860.0,2025-05-26
2025052601022285,EHPL,28,56,40.0,580.0,23200.0,2025-05-26
2025052601022284,EHPL,49,56,100.0,580.5,58050.0,2025-05-26
2025052601022283,EHPL,6,56,20.0,580.6,11612.0,2025-05-26
2025052601022282,EHPL,41,56,100.0,581.0,58100.0,2025-05-26
2025052601022281,EHPL,32,56,200.0,581.0,116200.0,2025-05-26
2025052601022280,EHPL,51,56,30.0,581.1,17433.0,2025-05-26
2025052601022279,EHPL,51,56,57.0,582.5,33202.5,2025-05-26
2025052604023173,NGPL,37,7,93.0,380.0,35340.0,2025-05-26
2025052604023172,NGPL,19,7,1000.0,380.0,380000.0,2025-05-26
2025052604023171,NGPL,68,7,100.0,380.0,38000.0,2025-05-26
2025052604023170,NGPL,94,7,200.0,380.0,76000.0,2025-05-26
2025052604023169,NGPL,29,7,407.0,380.0,154660.0,2025-05-26
2025052604023168,NGPL,33,7,1000.0,380.1,380100.0,2025-05-26
2025052604023167,NGPL,76,7,200.0,380.1,76020.0,2025-05-26
2025052605010428,GCIL,25,42,82.0,502.0,41164.0,2025-05-26
2025052605010427,GCIL,58,42,100.0,502.0,50200.0,2025-05-26
2025052605010426,GCIL,62,42,818.0,502.1,410717.8,2025-05-26
2025052601022278,KBSH,51,43,10.0,1940.0,19400.0,2025-05-26
2025052603012122,MPFL,41,5,790.0,600.0,474000.0,2025-05-26
2025052603012121,MPFL,41,5,10.0,600.0,6000.0,2025-05-26
2025052603012120,MPFL,1,72,190.0,597.0,113430.0,2025-05-26
2025052603012119,MPFL,10,72,10.0,597.1,5971.0,2025-05-26
2025052603012118,SFCL,49,22,25.0,487.0,12175.0,2025-05-26
2025052604023166,RADHI,97,91,155.0,801.3,124201.5,2025-05-26
2025052605010425,HDL,59,16,20.0,1214.0,24280.0,2025-05-26
2025052603012117,GBBL,54,49,30.0,398.0,11940.0,2025-05-26
2025052603012116,GBBL,57,49,95.0,398.0,37810.0,2025-05-26
2025052603012115,GBBL,34,49,770.0,398.0,306460.0,2025-05-26
2025052603012114,GBBL,58,49,105.0,398.1,41800.5,2025-05-26
2025052601022277,BNHC,74,54,47.0,520.0,24440.0,2025-05-26
2025052601022276,BNHC,74,26,10.0,520.0,5200.0,2025-05-26
2025052601022275,BNHC,74,4,370.0,520.0,192400.0,2025-05-26
2025052601022274,BNHC,74,3,100.0,520.0,52000.0,2025-05-26
2025052601022273,BNHC,74,38,235.0,520.0,122200.0,2025-05-26
2025052601022272,BNHC,74,42,519.0,520.0,269880.0,2025-05-26
2025052601022271,BNHC,74,58,10.0,520.0,5200.0,2025-05-26
2025052601022270,BNHC,74,57,180.0,520.0,93600.0,2025-05-26
2025052601022269,BNHC,74,62,80.0,520.0,41600.0,2025-05-26
2025052601022268,BNHC,74,58,100.0,520.0,52000.0,2025-05-26
2025052601022267,BNHC,74,25,35.0,520.0,18200.0,2025-05-26
2025052601022266,BNHC,74,53,10.0,520.0,5200.0,2025-05-26
2025052601022265,BNHC,74,45,30.0,520.0,15600.0,2025-05-26
2025052601022264,BNHC,74,55,10.0,520.0,5200.0,2025-05-26
2025052601022263,BNHC,74,19,40.0,520.0,20800.0,2025-05-26
2025052601022262,BNHC,74,22,1000.0,518.0,518000.0,2025-05-26
2025052601022261,BNHC,74,58,49.0,518.0,25382.0,2025-05-26
2025052601022260,BNHC,74,58,10.0,518.0,5180.0,2025-05-26
2025052601022259,BNHC,74,42,25.0,518.0,12950.0,2025-05-26
2025052601022258,BNHC,74,10,10.0,517.0,5170.0,2025-05-26
2025052601022257,BNHC,74,33,100.0,516.0,51600.0,2025-05-26
2025052601022256,BNHC,74,41,100.0,516.0,51600.0,2025-05-26
2025052601022255,BNHC,74,4,390.0,515.0,200850.0,2025-05-26
2025052601022254,BNHC,74,26,500.0,515.0,257500.0,2025-05-26
2025052601022253,BNHC,74,58,10.0,515.0,5150.0,2025-05-26
2025052601022252,BNHC,74,7,10.0,515.0,5150.0,2025-05-26
2025052601022251,BNHC,74,55,10.0,515.0,5150.0,2025-05-26
2025052601022250,BNHC,74,43,100.0,515.0,51500.0,2025-05-26
2025052601022249,BNHC,74,94,200.0,515.0,103000.0,2025-05-26
2025052601022248,BNHC,74,36,10.0,515.0,5150.0,2025-05-26
2025052601022247,BNHC,74,36,10.0,515.0,5150.0,2025-05-26
2025052601022246,BNHC,74,36,10.0,515.0,5150.0,2025-05-26
