transaction,symbol,buyer,seller,quantity,rate,amount,date
2025031701017280,NYADI,3,55,100.0,590.0,59000.0,2025-03-17
2025031705014046,NRIC,49,64,10.0,1289.0,12890.0,2025-03-17
2025031701017279,HIDCLP,91,49,1000.0,181.0,181000.0,2025-03-17
2025031701017278,SBI,36,51,10.0,417.0,4170.0,2025-03-17
2025031703012800,LBBL,17,45,150.0,456.0,68400.0,2025-03-17
2025031703012799,LBBL,17,32,100.0,455.0,45500.0,2025-03-17
2025031703012798,LBBL,17,13,92.0,453.0,41676.0,2025-03-17
2025031703012797,LBBL,17,38,150.0,452.0,67800.0,2025-03-17
2025031703012796,LBBL,17,10,200.0,452.0,90400.0,2025-03-17
2025031703012795,LBBL,17,3,500.0,452.0,226000.0,2025-03-17
2025031703012794,LBBL,17,36,20.0,451.9,9038.0,2025-03-17
2025031704013459,HEI,48,36,10.0,629.9,6299.0,2025-03-17
2025031701017277,ULHC,14,55,20.0,528.0,10560.0,2025-03-17
2025031701017276,SARBTM,48,14,100.0,824.2,82420.0,2025-03-17
2025031705014045,GCIL,60,84,122.0,559.0,68198.0,2025-03-17
2025031705014044,GCIL,60,3,200.0,558.0,111600.0,2025-03-17
2025031705014043,GCIL,60,58,11.0,558.0,6138.0,2025-03-17
2025031705014042,GCIL,60,37,200.0,558.0,111600.0,2025-03-17
2025031705014041,GCIL,60,25,28.0,558.0,15624.0,2025-03-17
2025031705014040,GCIL,60,43,350.0,557.0,194950.0,2025-03-17
2025031705014039,GCIL,60,38,89.0,557.0,49573.0,2025-03-17
2025031701017275,BHPL,60,44,10.0,1065.9,10659.0,2025-03-17
2025031705014038,NRIC,60,64,67.0,1289.0,86363.0,2025-03-17
2025031705014037,NRIC,60,34,33.0,1289.0,42537.0,2025-03-17
2025031703012793,CORBL,32,57,10.0,1880.0,18800.0,2025-03-17
2025031701017274,HIDCLP,41,49,200.0,181.0,36200.0,2025-03-17
2025031704013458,GHL,17,98,14.0,297.7,4167.8,2025-03-17
2025031704013457,GHL,36,98,500.0,298.0,149000.0,2025-03-17
2025031704013456,GHL,17,98,266.0,298.0,79268.0,2025-03-17
2025031704013455,GHL,36,98,500.0,298.0,149000.0,2025-03-17
2025031704013454,GHL,34,98,165.0,298.0,49170.0,2025-03-17
2025031704013453,GHL,10,98,855.0,298.0,254790.0,2025-03-17
2025031704013452,GHL,25,98,200.0,298.1,59620.0,2025-03-17
2025031705014036,MEL,55,62,340.0,336.8,114512.0,2025-03-17
2025031705014035,MEL,55,32,10.0,336.0,3360.0,2025-03-17
2025031705014034,MEL,55,19,40.0,336.0,13440.0,2025-03-17
2025031705014033,MEL,55,49,10.0,336.0,3360.0,2025-03-17
2025031705014032,MEL,55,29,1590.0,335.9,534081.0,2025-03-17
2025031705014031,MEL,55,7,10.0,335.9,3359.0,2025-03-17
2025031705014030,MEL,55,38,500.0,335.0,167500.0,2025-03-17
2025031705014029,MEL,55,21,1000.0,332.2,332200.0,2025-03-17
2025031703012792,SWMF,63,57,15.0,755.3,11329.5,2025-03-17
2025031705014028,HRL,75,63,100.0,984.0,98400.0,2025-03-17
2025031704013451,UPCL,63,63,10.0,301.0,3010.0,2025-03-17
2025031701017273,TAMOR,67,45,10.0,535.0,5350.0,2025-03-17
2025031705014027,HRL,67,56,68.0,985.0,66980.0,2025-03-17
2025031705014026,HRL,67,35,10.0,985.0,9850.0,2025-03-17
2025031705014025,HRL,67,35,22.0,985.0,21670.0,2025-03-17
2025031701017272,HIDCLP,45,49,10.0,181.0,1810.0,2025-03-17
2025031703012791,PMLI,45,36,320.0,587.0,187840.0,2025-03-17
2025031703012790,PMLI,45,57,180.0,586.6,105588.0,2025-03-17
2025031701017271,MAKAR,62,17,10.0,746.9,7469.0,2025-03-17
2025031701017270,MAKAR,62,65,10.0,745.0,7450.0,2025-03-17
2025031703012789,RSDC,62,29,64.0,719.9,46073.6,2025-03-17
2025031703012788,RSDC,62,26,36.0,719.0,25884.0,2025-03-17
2025031701017269,MCHL,42,66,10.0,593.0,5930.0,2025-03-17
2025031701017268,MCHL,42,19,10.0,592.0,5920.0,2025-03-17
2025031701017267,MCHL,42,38,178.0,585.0,104130.0,2025-03-17
2025031701017266,RAWA,44,44,10.0,885.0,8850.0,2025-03-17
2025031701017265,MEHL,14,6,430.0,580.0,249400.0,2025-03-17
2025031701017264,MEHL,11,6,70.0,581.0,40670.0,2025-03-17
2025031703012787,SLBSL,66,63,10.0,2582.0,25820.0,2025-03-17
2025031704013450,SSHL,40,38,135.0,233.3,31495.5,2025-03-17
2025031704013449,SSHL,42,38,70.0,233.5,16345.0,2025-03-17
2025031704013448,SSHL,57,38,72.0,233.6,16819.2,2025-03-17
2025031701017263,RFPL,10,19,70.0,721.0,50470.0,2025-03-17
2025031701017262,RFPL,10,26,390.0,720.0,280800.0,2025-03-17
2025031701017261,RFPL,10,38,50.0,720.0,36000.0,2025-03-17
2025031701017260,RFPL,10,57,200.0,720.0,144000.0,2025-03-17
2025031701017259,RFPL,10,42,10.0,717.0,7170.0,2025-03-17
2025031701017258,RFPL,10,54,10.0,717.0,7170.0,2025-03-17
2025031701017257,RFPL,10,17,50.0,716.0,35800.0,2025-03-17
2025031701017256,RFPL,10,57,100.0,716.0,71600.0,2025-03-17
2025031701017255,RFPL,10,58,10.0,715.0,7150.0,2025-03-17
2025031701017254,RFPL,10,47,500.0,715.0,357500.0,2025-03-17
2025031701017253,RFPL,10,57,50.0,715.0,35750.0,2025-03-17
2025031701017252,RFPL,10,10,60.0,714.0,42840.0,2025-03-17
2025031703012786,NABBC,69,38,15.0,1943.0,29145.0,2025-03-17
2025031701017251,BHPL,92,44,100.0,1065.9,106590.0,2025-03-17
2025031701017250,BHPL,92,49,10.0,1065.0,10650.0,2025-03-17
2025031705014024,NRIC,49,59,515.0,1287.0,662805.0,2025-03-17
2025031705014023,NRIC,49,59,485.0,1287.1,624243.5,2025-03-17
2025031703012785,PFL,39,39,200.0,452.0,90400.0,2025-03-17
2025031703012784,PFL,39,57,19.0,452.0,8588.0,2025-03-17
2025031705014022,CHDC,39,51,20.0,2244.9,44898.0,2025-03-17
2025031701017249,ICFCD88,41,59,25.0,1060.0,26500.0,2025-03-17
2025031703012783,NLIC,57,39,10.0,784.0,7840.0,2025-03-17
2025031703012782,GRDBL,28,45,100.0,1325.0,132500.0,2025-03-17
2025031703012781,GRDBL,28,58,50.0,1325.0,66250.0,2025-03-17
2025031703012780,GRDBL,28,43,500.0,1325.0,662500.0,2025-03-17
2025031703012779,GRDBL,28,7,10.0,1325.0,13250.0,2025-03-17
2025031703012778,GRDBL,28,43,200.0,1324.9,264980.0,2025-03-17
2025031703012777,GRDBL,28,43,300.0,1324.7,397410.0,2025-03-17
2025031703012776,GRDBL,28,38,42.0,1324.5,55629.0,2025-03-17
2025031703012775,GRDBL,28,43,266.0,1324.5,352317.0,2025-03-17
2025031703012774,GRDBL,28,35,100.0,1321.0,132100.0,2025-03-17
2025031703012773,GRDBL,28,57,20.0,1320.0,26400.0,2025-03-17
2025031703012772,GRDBL,28,49,100.0,1320.0,132000.0,2025-03-17
2025031704013447,GHL,28,57,100.0,299.0,29900.0,2025-03-17
2025031701017248,MAKAR,4,65,70.0,745.0,52150.0,2025-03-17
2025031703012771,SHINE,5,50,14.0,425.1,5951.4,2025-03-17
2025031703012770,SHINE,53,50,30.0,425.1,12753.0,2025-03-17
2025031703012769,SHINE,39,50,100.0,425.2,42520.0,2025-03-17
2025031703012768,SHINE,44,50,250.0,425.2,106300.0,2025-03-17
2025031703012767,SHINE,34,50,1000.0,425.3,425300.0,2025-03-17
2025031703012766,SHINE,99,50,481.0,425.4,204617.4,2025-03-17
2025031703012765,SHINE,35,50,40.0,426.0,17040.0,2025-03-17
2025031703012764,SHINE,42,50,85.0,426.1,36218.5,2025-03-17
2025031704013446,JOSHI,52,54,60.0,383.0,22980.0,2025-03-17
2025031703012763,GLBSL,49,56,18.0,2831.0,50958.0,2025-03-17
2025031703012762,GLBSL,42,56,10.0,2832.0,28320.0,2025-03-17
2025031703012761,GLBSL,19,56,10.0,2832.0,28320.0,2025-03-17
2025031703012760,GLBSL,58,56,10.0,2832.1,28321.0,2025-03-17
2025031703012759,GLBSL,17,56,50.0,2833.0,141650.0,2025-03-17
2025031703012758,GLBSL,42,56,30.0,2833.2,84996.0,2025-03-17
2025031703012757,GLBSL,95,56,100.0,2840.1,284010.0,2025-03-17
2025031703012756,GLBSL,28,56,22.0,2842.0,62524.0,2025-03-17
2025031703012755,MLBL,56,47,10.0,420.0,4200.0,2025-03-17
2025031703012754,RLFL,57,19,10.0,535.0,5350.0,2025-03-17
2025031701017247,MCHL,13,38,10.0,585.0,5850.0,2025-03-17
2025031701017246,SGHC,13,38,50.0,510.0,25500.0,2025-03-17
2025031701017245,SGHC,13,47,10.0,510.0,5100.0,2025-03-17
2025031701017244,SGHC,13,58,10.0,510.0,5100.0,2025-03-17
2025031701017243,SGHC,13,58,10.0,510.0,5100.0,2025-03-17
2025031703012753,MLBL,49,51,1031.0,418.3,431267.3,2025-03-17
2025031703012752,MLBL,49,57,305.0,418.3,127581.5,2025-03-17
2025031703012751,MLBL,74,57,195.0,419.0,81705.0,2025-03-17
2025031704013445,JOSHI,47,51,209.0,381.0,79629.0,2025-03-17
2025031704013444,JOSHI,8,51,41.0,381.0,15621.0,2025-03-17
2025031701017242,ULHC,57,55,10.0,528.0,5280.0,2025-03-17
2025031701017241,ULHC,57,58,10.0,525.0,5250.0,2025-03-17
2025031704013443,UPPER,42,52,100.0,203.8,20380.0,2025-03-17
2025031703012750,CFCL,70,34,30.0,578.0,17340.0,2025-03-17
2025031701017240,SGHC,34,54,10.0,510.0,5100.0,2025-03-17
2025031701017239,SGHC,34,58,10.0,510.0,5100.0,2025-03-17
2025031701017238,SGHC,34,4,10.0,510.0,5100.0,2025-03-17
2025031701017237,SGHC,34,34,10.0,508.0,5080.0,2025-03-17
2025031701017236,SGHC,34,45,10.0,508.0,5080.0,2025-03-17
2025031701017235,SGHC,34,41,10.0,507.0,5070.0,2025-03-17
2025031701017234,SGHC,34,14,10.0,506.0,5060.0,2025-03-17
2025031701017233,SGHC,34,57,30.0,504.0,15120.0,2025-03-17
2025031705014021,HIDCL,34,49,10.0,273.5,2735.0,2025-03-17
2025031703012749,FMDBL,34,82,100.0,793.0,79300.0,2025-03-17
2025031701017232,BEDC,34,39,28.0,824.0,23072.0,2025-03-17
2025031703012748,MLBL,34,47,18.0,420.0,7560.0,2025-03-17
2025031703012747,MLBL,34,1,232.0,420.0,97440.0,2025-03-17
2025031703012746,SLBSL,64,63,10.0,2582.0,25820.0,2025-03-17
2025031704013442,RURU,64,32,100.0,765.0,76500.0,2025-03-17
2025031704013441,RURU,64,18,93.0,765.0,71145.0,2025-03-17
2025031701017231,SARBTM,58,67,17.0,826.9,14057.3,2025-03-17
2025031701017230,SARBTM,58,58,153.0,826.0,126378.0,2025-03-17
2025031703012745,SAPDBL,58,17,10.0,1175.0,11750.0,2025-03-17
2025031701017229,TVCL,64,86,10.0,535.0,5350.0,2025-03-17
2025031701017228,MKHC,77,56,10.0,553.0,5530.0,2025-03-17
2025031703012744,KSBBL,46,52,11.0,448.0,4928.0,2025-03-17
2025031701017227,MHCL,65,34,200.0,557.0,111400.0,2025-03-17
2025031701017226,IHL,88,48,30.0,694.9,20847.0,2025-03-17
2025031701017225,IHL,88,72,10.0,694.8,6948.0,2025-03-17
2025031701017224,IHL,88,81,250.0,694.0,173500.0,2025-03-17
2025031701017223,IHL,88,67,10.0,694.0,6940.0,2025-03-17
2025031705014020,HIDCL,71,49,10.0,273.5,2735.0,2025-03-17
2025031704013440,JOSHI,6,21,10.0,382.9,3829.0,2025-03-17
2025031701017222,CKHL,5,65,10.0,748.0,7480.0,2025-03-17
2025031703012743,NABBC,20,38,10.0,1943.0,19430.0,2025-03-17
2025031703012742,NABBC,20,8,50.0,1943.0,97150.0,2025-03-17
2025031701017221,EHPL,49,38,10.0,791.0,7910.0,2025-03-17
2025031705014019,NRIC,49,49,228.0,1287.1,293458.8,2025-03-17
2025031703012741,CORBL,48,57,10.0,1880.0,18800.0,2025-03-17
2025031704013439,AHPC,14,48,600.0,259.8,155880.0,2025-03-17
2025031704013438,AHPC,39,48,500.0,259.9,129950.0,2025-03-17
2025031703012740,SLBSL,97,63,10.0,2582.0,25820.0,2025-03-17
2025031701017220,BGWT,60,44,20.0,1059.9,21198.0,2025-03-17
2025031701017219,BGWT,60,22,10.0,1059.0,10590.0,2025-03-17
2025031701017218,BGWT,60,53,60.0,1058.0,63480.0,2025-03-17
2025031701017217,HHL,32,63,10.0,510.0,5100.0,2025-03-17
2025031703012739,JBBL,48,33,868.0,356.2,309181.6,2025-03-17
2025031705014018,MEL,50,41,150.0,332.0,49800.0,2025-03-17
2025031703012738,MLBL,74,55,400.0,419.0,167600.0,2025-03-17
2025031703012737,SMPDA,50,55,53.0,940.0,49820.0,2025-03-17
2025031703012736,SMPDA,49,55,50.0,940.2,47010.0,2025-03-17
2025031703012735,SMB,45,45,77.0,2683.0,206591.0,2025-03-17
2025031701017216,ULBSL,62,80,11.0,3780.0,41580.0,2025-03-17
2025031703012734,SLBSL,62,55,40.0,2560.0,102400.0,2025-03-17
2025031703012733,SLBSL,62,1,20.0,2550.0,51000.0,2025-03-17
2025031703012732,SLBSL,62,58,520.0,2545.0,1323400.0,2025-03-17
2025031701017215,BHPL,62,34,95.0,1064.0,101080.0,2025-03-17
2025031701017214,BHPL,25,34,10.0,1064.0,10640.0,2025-03-17
2025031704013437,NHDL,25,33,90.0,849.0,76410.0,2025-03-17
2025031704013436,PRIN,62,41,197.0,1000.0,197000.0,2025-03-17
2025031704013435,PRIN,62,62,100.0,1000.0,100000.0,2025-03-17
2025031704013434,PRIN,62,57,130.0,999.0,129870.0,2025-03-17
2025031704013433,PRIN,62,20,35.0,998.0,34930.0,2025-03-17
2025031704013432,PRIN,62,22,128.0,996.0,127488.0,2025-03-17
2025031704013431,PRIN,62,52,300.0,995.0,298500.0,2025-03-17
2025031704013430,PRIN,62,7,10.0,994.5,9945.0,2025-03-17
2025031704013429,PRIN,62,80,100.0,990.0,99000.0,2025-03-17
2025031701017213,USHEC,38,71,430.0,630.9,271287.0,2025-03-17
2025031701017212,USHEC,38,16,490.0,630.0,308700.0,2025-03-17
2025031701017211,USHEC,38,22,10.0,630.0,6300.0,2025-03-17
2025031701017210,USHEC,38,34,10.0,630.0,6300.0,2025-03-17
2025031701017209,USHEC,38,48,10.0,630.0,6300.0,2025-03-17
2025031701017208,USHEC,38,57,10.0,630.0,6300.0,2025-03-17
2025031701017207,USHEC,38,4,10.0,630.0,6300.0,2025-03-17
2025031701017206,USHEC,38,57,10.0,630.0,6300.0,2025-03-17
2025031701017205,USHEC,38,52,10.0,629.3,6293.0,2025-03-17
2025031701017204,USHEC,38,58,10.0,629.0,6290.0,2025-03-17
2025031705014017,RNLI,44,36,100.0,575.0,57500.0,2025-03-17
2025031701017203,RAWA,75,44,20.0,885.0,17700.0,2025-03-17
2025031701017202,RAWA,75,41,10.0,885.0,8850.0,2025-03-17
2025031703012731,SAPDBL,75,26,73.0,1158.0,84534.0,2025-03-17
2025031703012730,SAPDBL,49,26,122.0,1158.2,141300.4,2025-03-17
2025031703012729,SAPDBL,62,26,1000.0,1158.4,1158400.0,2025-03-17
2025031703012728,SAPDBL,46,26,50.0,1160.0,58000.0,2025-03-17
2025031703012727,SAPDBL,75,26,200.0,1160.0,232000.0,2025-03-17
2025031703012726,SAPDBL,34,26,1000.0,1161.0,1161000.0,2025-03-17
2025031703012725,SAPDBL,42,26,50.0,1165.0,58250.0,2025-03-17
2025031703012724,SAPDBL,50,26,275.0,1165.1,320402.5,2025-03-17
2025031703012723,SAPDBL,72,26,30.0,1174.0,35220.0,2025-03-17
2025031705014016,PHCL,65,66,120.0,629.0,75480.0,2025-03-17
2025031705014015,PHCL,26,66,50.0,629.1,31455.0,2025-03-17
2025031705014014,PHCL,72,66,80.0,629.1,50328.0,2025-03-17
2025031705014013,PHCL,65,66,20.0,629.1,12582.0,2025-03-17
2025031705014012,PHCL,54,66,30.0,629.2,18876.0,2025-03-17
2025031705014011,PHCL,57,66,30.0,630.0,18900.0,2025-03-17
2025031705014010,PHCL,10,66,170.0,630.0,107100.0,2025-03-17
2025031703012722,PROFL,6,58,10.0,550.0,5500.0,2025-03-17
2025031701017201,KBL,38,17,200.0,207.8,41560.0,2025-03-17
2025031705014009,CLI,35,42,230.0,531.5,122245.0,2025-03-17
2025031705014008,NIFRA,60,43,107.0,273.2,29232.4,2025-03-17
2025031705014007,NIFRA,60,53,93.0,273.2,25407.6,2025-03-17
2025031704013428,GHL,39,57,50.0,299.0,14950.0,2025-03-17
2025031701017200,MMKJL,39,33,69.0,733.3,50597.7,2025-03-17
2025031701017199,MMKJL,39,8,10.0,732.0,7320.0,2025-03-17
2025031701017198,MMKJL,39,50,10.0,730.0,7300.0,2025-03-17
2025031701017197,MMKJL,39,65,100.0,730.0,73000.0,2025-03-17
2025031701017196,MMKJL,39,49,10.0,730.0,7300.0,2025-03-17
2025031701017195,MMKJL,39,45,10.0,730.0,7300.0,2025-03-17
2025031701017194,MMKJL,39,42,10.0,730.0,7300.0,2025-03-17
2025031701017193,MMKJL,39,11,81.0,729.0,59049.0,2025-03-17
2025031703012721,MLBL,39,1,168.0,420.0,70560.0,2025-03-17
2025031703012720,MLBL,39,57,62.0,420.0,26040.0,2025-03-17
2025031703012719,NABBC,28,5,50.0,1940.0,97000.0,2025-03-17
2025031703012718,NABBC,28,7,50.0,1932.0,96600.0,2025-03-17
2025031703012717,NABBC,28,48,29.0,1928.8,55935.2,2025-03-17
2025031703012716,NABBC,28,46,10.0,1927.0,19270.0,2025-03-17
2025031703012715,NABBC,28,21,30.0,1926.7,57801.0,2025-03-17
2025031703012714,NABBC,28,28,300.0,1920.6,576180.0,2025-03-17
2025031703012713,NABBC,28,36,10.0,1920.0,19200.0,2025-03-17
2025031703012712,NABBC,28,28,190.0,1920.0,364800.0,2025-03-17
2025031703012711,NABBC,28,20,100.0,1919.9,191990.0,2025-03-17
2025031703012710,NABBC,28,42,30.0,1919.8,57594.0,2025-03-17
2025031703012709,NABBC,28,28,200.0,1919.6,383920.0,2025-03-17
2025031703012708,NABBC,28,42,119.0,1915.0,227885.0,2025-03-17
2025031703012707,NABBC,28,66,50.0,1914.9,95745.0,2025-03-17
2025031703012706,NABBC,28,21,10.0,1914.0,19140.0,2025-03-17
2025031703012705,NABBC,28,42,100.0,1912.0,191200.0,2025-03-17
2025031703012704,NABBC,28,58,10.0,1912.0,19120.0,2025-03-17
2025031703012703,NABBC,28,42,50.0,1911.8,95590.0,2025-03-17
2025031703012702,NABBC,28,42,50.0,1910.0,95500.0,2025-03-17
2025031703012701,NABBC,28,48,240.0,1910.0,458400.0,2025-03-17
2025031701017192,SBL,50,1,20.0,289.0,5780.0,2025-03-17
2025031701017191,SIKLES,50,98,10.0,1198.0,11980.0,2025-03-17
2025031701017190,MBL,56,16,118.0,228.9,27010.2,2025-03-17
2025031701017189,GMLI,55,29,10.0,1980.0,19800.0,2025-03-17
2025031704013427,UMHL,56,41,34.0,434.0,14756.0,2025-03-17
2025031704013426,UMHL,56,45,196.0,434.0,85064.0,2025-03-17
2025031701017188,MEHL,56,13,100.0,582.0,58200.0,2025-03-17
2025031701017187,HBL,56,59,10.0,237.0,2370.0,2025-03-17
2025031703012700,CORBL,96,58,47.0,1880.0,88360.0,2025-03-17
2025031705014006,CHDC,96,51,106.0,2244.9,237959.4,2025-03-17
2025031705014005,CHDC,96,6,67.0,2244.0,150348.0,2025-03-17
2025031705014004,CHDC,96,49,12.0,2244.0,26928.0,2025-03-17
2025031705014003,CHDC,96,19,100.0,2240.0,224000.0,2025-03-17
2025031705014002,CHDC,96,49,100.0,2240.0,224000.0,2025-03-17
2025031705014001,CHDC,96,8,50.0,2240.0,112000.0,2025-03-17
2025031705014000,CHDC,96,25,65.0,2239.9,145593.5,2025-03-17
2025031701017186,BGWT,57,53,10.0,1058.0,10580.0,2025-03-17
2025031703012699,GRDBL,28,34,200.0,1300.0,260000.0,2025-03-17
2025031703012698,MSLB,7,58,10.0,1359.0,13590.0,2025-03-17
2025031704013425,NLG,64,53,129.0,874.5,112810.5,2025-03-17
2025031704013424,NLG,64,34,151.0,872.0,131672.0,2025-03-17
2025031704013423,NLG,64,70,100.0,870.9,87090.0,2025-03-17
2025031704013422,NLG,64,6,50.0,870.4,43520.0,2025-03-17
2025031704013421,NLG,64,5,10.0,870.0,8700.0,2025-03-17
2025031704013420,NLG,64,74,63.0,869.0,54747.0,2025-03-17
2025031704013419,NLG,64,47,16.0,869.0,13904.0,2025-03-17
2025031704013418,NLG,64,22,41.0,868.9,35624.9,2025-03-17
2025031704013417,NLG,64,35,442.0,868.0,383656.0,2025-03-17
2025031703012697,MFIL,39,64,237.0,625.0,148125.0,2025-03-17
2025031703012696,MFIL,39,64,20.0,625.0,12500.0,2025-03-17
2025031703012695,MFIL,14,64,100.0,625.0,62500.0,2025-03-17
2025031703012694,MFIL,59,64,200.0,625.0,125000.0,2025-03-17
2025031703012693,MFIL,67,64,200.0,625.0,125000.0,2025-03-17
2025031703012692,MFIL,47,64,100.0,625.1,62510.0,2025-03-17
2025031703012691,MFIL,53,64,1000.0,625.2,625200.0,2025-03-17
2025031703012690,MFIL,36,64,30.0,625.2,18756.0,2025-03-17
2025031703012689,MFIL,58,64,30.0,625.2,18756.0,2025-03-17
2025031703012688,MFIL,48,64,100.0,625.3,62530.0,2025-03-17
2025031703012687,MFIL,21,64,100.0,625.3,62530.0,2025-03-17
2025031703012686,MFIL,43,64,100.0,625.3,62530.0,2025-03-17
2025031703012685,MFIL,21,64,80.0,625.4,50032.0,2025-03-17
2025031703012684,MFIL,44,64,10.0,626.0,6260.0,2025-03-17
2025031703012683,MFIL,22,64,10.0,626.0,6260.0,2025-03-17
2025031703012682,MFIL,28,64,10.0,626.0,6260.0,2025-03-17
2025031703012681,MFIL,58,64,150.0,626.0,93900.0,2025-03-17
2025031703012680,MFIL,58,64,50.0,626.0,31300.0,2025-03-17
2025031703012679,MFIL,57,64,20.0,626.0,12520.0,2025-03-17
2025031703012678,MFIL,45,64,150.0,626.1,93915.0,2025-03-17
2025031703012677,MFIL,4,64,50.0,626.1,31305.0,2025-03-17
2025031703012676,MFIL,58,64,185.0,626.1,115828.5,2025-03-17
2025031703012675,MFIL,6,64,50.0,627.0,31350.0,2025-03-17
2025031703012674,MFIL,41,64,18.0,627.0,11286.0,2025-03-17
2025031703012673,SINDU,72,1,10.0,1046.0,10460.0,2025-03-17
2025031703012672,SLBSL,72,58,331.0,2545.0,842395.0,2025-03-17
2025031703012671,SLBSL,72,49,54.0,2500.0,135000.0,2025-03-17
2025031703012670,SLBSL,72,67,30.0,2198.1,65943.0,2025-03-17
2025031703012669,SLBSL,72,35,62.0,2198.1,136282.2,2025-03-17
2025031703012668,SLBSL,72,32,23.0,2198.0,50554.0,2025-03-17
2025031703012667,MLBBL,58,62,10.0,1646.0,16460.0,2025-03-17
2025031705013999,BBC,66,58,10.0,5391.0,53910.0,2025-03-17
2025031705013998,CHDC,58,71,100.0,2238.0,223800.0,2025-03-17
2025031701017185,PRVU,58,49,1200.0,216.1,259320.0,2025-03-17
2025031703012666,KSBBL,55,19,60.0,446.0,26760.0,2025-03-17
2025031703012665,KSBBL,100,19,940.0,446.0,419240.0,2025-03-17
2025031704013416,NLG,19,35,10.0,868.0,8680.0,2025-03-17
2025031701017184,NWCL,42,46,10.0,978.0,9780.0,2025-03-17
2025031701017183,SMHL,65,52,10.0,993.5,9935.0,2025-03-17
2025031701017182,SMHL,65,42,10.0,991.0,9910.0,2025-03-17
2025031701017181,SMHL,65,55,50.0,991.0,49550.0,2025-03-17
2025031701017180,SMHL,65,64,10.0,991.0,9910.0,2025-03-17
2025031701017179,SMHL,65,49,12.0,990.0,11880.0,2025-03-17
2025031704013415,SHEL,71,25,10.0,261.9,2619.0,2025-03-17
2025031703012664,CORBL,71,58,13.0,1880.0,24440.0,2025-03-17
2025031703012663,CORBL,71,53,47.0,1880.0,88360.0,2025-03-17
2025031705013997,HDL,3,40,33.0,1227.0,40491.0,2025-03-17
2025031705013996,HDL,3,57,65.0,1227.0,79755.0,2025-03-17
2025031705013995,HDL,3,52,102.0,1227.0,125154.0,2025-03-17
2025031701017178,CKHL,71,65,10.0,748.0,7480.0,2025-03-17
2025031701017177,DOLTI,45,21,105.0,672.0,70560.0,2025-03-17
2025031701017176,DOLTI,8,21,30.0,672.2,20166.0,2025-03-17
2025031705013994,GCIL,20,38,10.0,557.0,5570.0,2025-03-17
2025031703012662,MSLB,91,34,53.0,1358.0,71974.0,2025-03-17
2025031703012661,MSLB,91,58,10.0,1355.0,13550.0,2025-03-17
2025031703012660,MSLB,91,89,10.0,1350.0,13500.0,2025-03-17
2025031703012659,MSLB,91,58,10.0,1350.0,13500.0,2025-03-17
2025031703012658,MSLB,91,21,10.0,1350.0,13500.0,2025-03-17
2025031703012657,MSLB,91,57,10.0,1350.0,13500.0,2025-03-17
2025031703012656,MSLB,91,45,10.0,1350.0,13500.0,2025-03-17
2025031703012655,MSLB,91,36,10.0,1350.0,13500.0,2025-03-17
2025031703012654,MSLB,91,35,10.0,1350.0,13500.0,2025-03-17
2025031703012653,MSLB,91,58,10.0,1350.0,13500.0,2025-03-17
2025031703012652,MSLB,91,57,10.0,1350.0,13500.0,2025-03-17
2025031703012651,MSLB,91,38,10.0,1350.0,13500.0,2025-03-17
2025031703012650,MSLB,91,34,10.0,1349.9,13499.0,2025-03-17
2025031703012649,MSLB,91,41,10.0,1345.0,13450.0,2025-03-17
2025031703012648,MSLB,91,49,10.0,1345.0,13450.0,2025-03-17
2025031703012647,MSLB,91,58,10.0,1345.0,13450.0,2025-03-17
2025031703012646,MSLB,91,4,10.0,1345.0,13450.0,2025-03-17
2025031703012645,MSLB,91,58,10.0,1345.0,13450.0,2025-03-17
2025031703012644,MSLB,91,6,10.0,1340.0,13400.0,2025-03-17
2025031703012643,MSLB,91,49,10.0,1340.0,13400.0,2025-03-17
2025031703012642,MSLB,91,7,10.0,1340.0,13400.0,2025-03-17
2025031703012641,MSLB,91,38,10.0,1340.0,13400.0,2025-03-17
2025031703012640,MSLB,91,51,10.0,1340.0,13400.0,2025-03-17
2025031703012639,MSLB,91,49,10.0,1339.9,13399.0,2025-03-17
2025031703012638,MSLB,91,49,10.0,1338.0,13380.0,2025-03-17
2025031701017175,SARBTM,48,49,320.0,824.2,263744.0,2025-03-17
2025031701017174,SARBTM,46,49,50.0,824.3,41215.0,2025-03-17
2025031701017173,NBL,5,32,50.0,253.5,12675.0,2025-03-17
2025031701017172,NBL,5,86,100.0,253.0,25300.0,2025-03-17
2025031704013414,NHPC,74,44,10.0,215.0,2150.0,2025-03-17
2025031705013993,SMJC,49,49,285.0,628.0,178980.0,2025-03-17
2025031705013992,SMJC,35,49,40.0,628.0,25120.0,2025-03-17
2025031705013991,SMJC,64,49,100.0,628.0,62800.0,2025-03-17
2025031705013990,SMJC,65,49,75.0,628.0,47100.0,2025-03-17
2025031703012637,SINDU,38,74,50.0,1045.0,52250.0,2025-03-17
2025031703012636,SINDU,7,74,50.0,1045.0,52250.0,2025-03-17
2025031703012635,JFL,49,34,274.0,538.0,147412.0,2025-03-17
2025031703012634,JFL,49,34,185.0,538.0,99530.0,2025-03-17
2025031703012633,JFL,49,52,50.0,537.8,26890.0,2025-03-17
2025031703012632,JFL,49,6,31.0,537.7,16668.7,2025-03-17
2025031703012631,JFL,49,16,160.0,531.2,84992.0,2025-03-17
2025031705013989,PHCL,10,49,200.0,630.0,126000.0,2025-03-17
2025031704013413,TRH,49,56,75.0,1108.9,83167.5,2025-03-17
2025031704013412,TRH,49,48,80.0,1108.0,88640.0,2025-03-17
2025031704013411,TRH,49,45,60.0,1099.9,65994.0,2025-03-17
2025031704013410,TRH,49,56,100.0,1099.8,109980.0,2025-03-17
2025031704013409,TRH,49,1,50.0,1099.0,54950.0,2025-03-17
2025031704013408,TRH,49,45,135.0,1086.3,146650.5,2025-03-17
2025031704013407,BARUN,18,48,100.0,513.3,51330.0,2025-03-17
2025031701017171,MAKAR,14,65,20.0,745.0,14900.0,2025-03-17
2025031701017170,MAKAR,14,58,10.0,741.0,7410.0,2025-03-17
2025031701017169,MAKAR,14,5,50.0,740.0,37000.0,2025-03-17
2025031704013406,HURJA,33,48,100.0,246.0,24600.0,2025-03-17
2025031704013405,HURJA,6,33,100.0,245.0,24500.0,2025-03-17
2025031701017168,AVYAN,33,45,10.0,1109.0,11090.0,2025-03-17
2025031701017167,AVYAN,33,85,10.0,1108.0,11080.0,2025-03-17
2025031701017166,AVYAN,33,52,10.0,1108.0,11080.0,2025-03-17
2025031701017165,AVYAN,33,17,20.0,1106.0,22120.0,2025-03-17
2025031701017164,AVYAN,33,40,10.0,1105.0,11050.0,2025-03-17
2025031701017163,AVYAN,33,26,50.0,1100.0,55000.0,2025-03-17
2025031701017162,AVYAN,33,58,20.0,1100.0,22000.0,2025-03-17
2025031701017161,AVYAN,33,13,70.0,1100.0,77000.0,2025-03-17
2025031704013404,SSHL,57,55,428.0,233.6,99980.8,2025-03-17
2025031704013403,SSHL,51,55,10.0,234.0,2340.0,2025-03-17
2025031704013402,SSHL,16,55,100.0,234.0,23400.0,2025-03-17
2025031704013401,SSHL,58,55,12.0,234.0,2808.0,2025-03-17
2025031704013400,SSHL,50,55,450.0,234.0,105300.0,2025-03-17
2025031703012630,RLFL,22,19,10.0,535.0,5350.0,2025-03-17
2025031703012629,SJLIC,52,76,10.0,451.3,4513.0,2025-03-17
2025031705013988,HDL,86,16,10.0,1226.1,12261.0,2025-03-17
2025031703012628,KMCDB,25,1,10.0,1060.0,10600.0,2025-03-17
2025031703012627,SLBSL,62,32,57.0,2198.0,125286.0,2025-03-17
2025031703012626,SLBSL,62,57,10.0,2198.0,21980.0,2025-03-17
2025031703012625,SLBSL,62,40,10.0,2198.0,21980.0,2025-03-17
2025031703012624,SLBSL,62,42,13.0,2198.0,28574.0,2025-03-17
2025031703012623,SLBSL,62,6,100.0,2198.0,219800.0,2025-03-17
2025031703012622,SLBSL,62,5,10.0,2195.0,21950.0,2025-03-17
2025031704013399,CHL,45,39,320.0,524.0,167680.0,2025-03-17
2025031704013398,CHL,45,3,100.0,524.0,52400.0,2025-03-17
2025031705013987,NRIC,49,43,87.0,1287.1,111977.7,2025-03-17
2025031704013397,CHL,45,45,100.0,523.9,52390.0,2025-03-17
2025031704013396,CHL,45,28,100.0,523.8,52380.0,2025-03-17
2025031704013395,CHL,45,29,100.0,523.7,52370.0,2025-03-17
2025031704013394,CHL,45,45,200.0,521.0,104200.0,2025-03-17
2025031704013393,CHL,45,45,80.0,520.8,41664.0,2025-03-17
2025031705013986,NRIC,65,43,10.0,1287.9,12879.0,2025-03-17
2025031705013985,HRL,26,35,118.0,985.0,116230.0,2025-03-17
2025031705013984,HRL,26,34,82.0,985.0,80770.0,2025-03-17
2025031705013983,HRL,75,26,12.0,984.0,11808.0,2025-03-17
2025031701017160,MHCL,26,34,20.0,557.0,11140.0,2025-03-17
2025031701017159,MHCL,26,14,10.0,555.0,5550.0,2025-03-17
2025031701017158,MHCL,26,56,10.0,555.0,5550.0,2025-03-17
2025031701017157,MHCL,26,42,10.0,554.9,5549.0,2025-03-17
2025031704013392,UPPER,36,48,331.0,203.9,67490.9,2025-03-17
2025031705013982,NIFRA,60,53,446.0,273.2,121847.2,2025-03-17
2025031705013981,NIFRA,60,29,54.0,273.0,14742.0,2025-03-17
2025031703012621,SAPDBL,41,17,10.0,1175.0,11750.0,2025-03-17
2025031704013391,PPCL,38,57,150.0,318.0,47700.0,2025-03-17
2025031704013390,PPCL,38,58,150.0,316.5,47475.0,2025-03-17
2025031703012620,MSLB,38,58,10.0,1338.0,13380.0,2025-03-17
2025031703012619,MSLB,38,58,10.0,1338.0,13380.0,2025-03-17
2025031705013980,HRL,28,34,20.0,985.0,19700.0,2025-03-17
2025031704013389,UNHPL,4,21,20.0,323.0,6460.0,2025-03-17
2025031703012618,GFCL,8,53,50.0,705.0,35250.0,2025-03-17
2025031705013979,HIDCL,53,49,10.0,273.5,2735.0,2025-03-17
2025031703012617,VLBS,53,28,10.0,858.0,8580.0,2025-03-17
2025031705013978,NIFRA,42,29,46.0,273.0,12558.0,2025-03-17
2025031703012616,SMB,51,56,20.0,2700.0,54000.0,2025-03-17
2025031703012615,SWMF,51,57,10.0,755.3,7553.0,2025-03-17
2025031703012614,SWMF,34,57,20.0,755.3,15106.0,2025-03-17
2025031703012613,SWMF,45,57,422.0,755.3,318736.6,2025-03-17
2025031703012612,SWMF,33,57,100.0,755.4,75540.0,2025-03-17
2025031703012611,SWMF,43,57,18.0,755.4,13597.2,2025-03-17
2025031704013388,CGH,57,57,20.0,888.4,17768.0,2025-03-17
2025031704013387,CGH,16,57,10.0,888.4,8884.0,2025-03-17
2025031704013386,CGH,16,57,10.0,888.5,8885.0,2025-03-17
2025031704013385,CGH,13,57,25.0,888.5,22212.5,2025-03-17
2025031703012610,KSBBL,56,52,10.0,448.0,4480.0,2025-03-17
2025031704013384,SSHL,47,52,10.0,234.4,2344.0,2025-03-17
2025031701017156,RFPL,44,47,207.0,706.0,146142.0,2025-03-17
2025031701017155,RFPL,25,47,100.0,706.0,70600.0,2025-03-17
2025031701017154,RFPL,35,47,100.0,707.0,70700.0,2025-03-17
2025031701017153,RFPL,42,47,50.0,708.0,35400.0,2025-03-17
2025031701017152,RFPL,84,47,418.0,708.0,295944.0,2025-03-17
2025031701017151,RFPL,48,47,15.0,708.1,10621.5,2025-03-17
2025031701017150,RFPL,1,47,40.0,710.0,28400.0,2025-03-17
2025031701017149,RFPL,34,47,50.0,710.0,35500.0,2025-03-17
2025031701017148,RFPL,58,47,20.0,713.0,14260.0,2025-03-17
2025031701017147,SANIMA,47,4,371.0,305.0,113155.0,2025-03-17
2025031701017146,SANIMA,47,37,129.0,304.9,39332.1,2025-03-17
2025031701017145,MEHL,34,13,20.0,582.0,11640.0,2025-03-17
2025031701017144,MEHL,34,58,80.0,582.0,46560.0,2025-03-17
2025031705013977,NRM,34,56,11.0,503.0,5533.0,2025-03-17
2025031703012609,SAPDBL,72,26,170.0,1174.0,199580.0,2025-03-17
2025031703012608,SAPDBL,72,42,1000.0,1169.9,1169900.0,2025-03-17
2025031701017143,NYADI,41,55,222.0,590.0,130980.0,2025-03-17
2025031701017142,NYADI,41,52,300.0,589.9,176970.0,2025-03-17
2025031701017141,NYADI,41,40,300.0,589.9,176970.0,2025-03-17
2025031701017140,NYADI,41,45,100.0,589.7,58970.0,2025-03-17
2025031701017139,NYADI,41,21,200.0,589.6,117920.0,2025-03-17
2025031701017138,NYADI,41,36,768.0,589.5,452736.0,2025-03-17
2025031701017137,NYADI,41,49,40.0,589.5,23580.0,2025-03-17
2025031701017136,NYADI,41,51,500.0,589.0,294500.0,2025-03-17
2025031701017135,NYADI,41,46,10.0,589.0,5890.0,2025-03-17
2025031701017134,NYADI,41,46,10.0,589.0,5890.0,2025-03-17
2025031701017133,NYADI,41,46,10.0,587.0,5870.0,2025-03-17
2025031701017132,NYADI,41,36,10.0,586.5,5865.0,2025-03-17
2025031701017131,NYADI,41,34,30.0,585.5,17565.0,2025-03-17
2025031703012607,CORBL,71,53,10.0,1880.0,18800.0,2025-03-17
2025031701017130,CZBIL,1,22,18.0,212.0,3816.0,2025-03-17
2025031701017129,CZBIL,1,57,20.0,212.0,4240.0,2025-03-17
2025031701017128,CZBIL,1,42,12.0,212.0,2544.0,2025-03-17
2025031703012606,WNLB,51,17,13.0,3104.0,40352.0,2025-03-17
2025031703012605,WNLB,77,17,10.0,3104.1,31041.0,2025-03-17
2025031703012604,WNLB,39,17,20.0,3105.0,62100.0,2025-03-17
2025031701017127,MLBS,74,85,50.0,1938.0,96900.0,2025-03-17
2025031701017126,MLBS,74,35,50.0,1938.0,96900.0,2025-03-17
2025031701017125,MLBS,74,51,91.0,1938.0,176358.0,2025-03-17
2025031701017124,MLBS,74,6,100.0,1938.0,193800.0,2025-03-17
2025031701017123,MLBS,74,48,100.0,1938.0,193800.0,2025-03-17
2025031701017122,MLBS,74,17,10.0,1938.0,19380.0,2025-03-17
2025031701017121,MLBS,74,54,55.0,1938.0,106590.0,2025-03-17
2025031701017120,MLBS,74,38,50.0,1938.0,96900.0,2025-03-17
2025031701017119,MLBS,74,38,50.0,1938.0,96900.0,2025-03-17
2025031701017118,MLBS,74,45,20.0,1938.0,38760.0,2025-03-17
2025031701017117,MLBS,74,38,14.0,1937.9,27130.6,2025-03-17
2025031701017116,MLBS,74,29,100.0,1937.0,193700.0,2025-03-17
2025031701017115,MLBS,74,45,10.0,1935.0,19350.0,2025-03-17
2025031701017114,MLBS,74,6,10.0,1933.0,19330.0,2025-03-17
2025031701017113,MLBS,74,17,10.0,1933.0,19330.0,2025-03-17
2025031701017112,MLBS,74,85,50.0,1900.0,95000.0,2025-03-17
2025031701017111,MLBS,74,70,235.0,1900.0,446500.0,2025-03-17
2025031701017110,MLBS,74,19,24.0,1896.8,45523.2,2025-03-17
2025031701017109,MLBS,74,61,50.0,1896.0,94800.0,2025-03-17
2025031701017108,MLBS,74,42,150.0,1896.0,284400.0,2025-03-17
2025031701017107,MLBS,74,41,10.0,1896.0,18960.0,2025-03-17
2025031701017106,MLBS,74,41,20.0,1894.0,37880.0,2025-03-17
2025031705013976,HRL,75,49,143.0,984.0,140712.0,2025-03-17
2025031703012603,DDBL,58,14,224.0,795.0,178080.0,2025-03-17
2025031703012602,DDBL,58,33,26.0,795.0,20670.0,2025-03-17
2025031701017105,NYADI,58,34,20.0,585.5,11710.0,2025-03-17
2025031703012601,SFCL,14,36,10.0,542.9,5429.0,2025-03-17
2025031705013975,NRIC,32,34,10.0,1289.0,12890.0,2025-03-17
2025031704013383,UPCL,22,63,10.0,301.0,3010.0,2025-03-17
2025031703012600,GFCL,8,55,100.0,705.0,70500.0,2025-03-17
2025031701017104,CYCL,77,22,10.0,1628.0,16280.0,2025-03-17
2025031701017103,CYCL,67,22,10.0,1629.0,16290.0,2025-03-17
2025031704013382,PRIN,41,62,73.0,980.0,71540.0,2025-03-17
2025031704013381,PRIN,14,62,500.0,980.0,490000.0,2025-03-17
2025031704013380,PRIN,5,62,100.0,980.0,98000.0,2025-03-17
2025031704013379,PRIN,14,62,100.0,980.0,98000.0,2025-03-17
2025031704013378,PRIN,44,62,100.0,980.0,98000.0,2025-03-17
2025031704013377,PRIN,34,62,1700.0,980.0,1666000.0,2025-03-17
2025031704013376,PRIN,16,62,200.0,980.0,196000.0,2025-03-17
2025031704013375,PRIN,62,62,1000.0,980.0,980000.0,2025-03-17
2025031704013374,PRIN,13,62,150.0,980.1,147015.0,2025-03-17
2025031704013373,PRIN,7,62,216.0,980.1,211701.6,2025-03-17
2025031704013372,PRIN,16,62,200.0,980.1,196020.0,2025-03-17
2025031704013371,PRIN,35,62,25.0,980.1,24502.5,2025-03-17
2025031704013370,PRIN,5,62,10.0,980.1,9801.0,2025-03-17
2025031704013369,PRIN,8,62,50.0,981.0,49050.0,2025-03-17
2025031704013368,PRIN,35,62,25.0,981.1,24527.5,2025-03-17
2025031704013367,PRIN,53,62,100.0,981.1,98110.0,2025-03-17
2025031704013366,PRIN,22,62,10.0,981.1,9811.0,2025-03-17
2025031704013365,PRIN,8,62,50.0,981.3,49065.0,2025-03-17
2025031704013364,PRIN,5,62,80.0,981.3,78504.0,2025-03-17
2025031704013363,PRIN,8,62,25.0,982.0,24550.0,2025-03-17
2025031704013362,PRIN,51,62,100.0,982.6,98260.0,2025-03-17
2025031704013361,PRIN,5,62,1000.0,982.7,982700.0,2025-03-17
2025031704013360,PRIN,22,62,50.0,982.8,49140.0,2025-03-17
2025031704013359,PRIN,5,62,10.0,982.9,9829.0,2025-03-17
2025031704013358,PRIN,5,62,126.0,983.2,123883.2,2025-03-17
2025031703012599,SINDU,38,62,10.0,1045.0,10450.0,2025-03-17
2025031701017102,MKCL,35,45,10.0,1612.0,16120.0,2025-03-17
2025031704013357,SHPC,45,41,186.0,474.9,88331.4,2025-03-17
2025031704013356,SHPC,45,53,70.0,474.0,33180.0,2025-03-17
2025031704013355,SHPC,45,57,100.0,474.0,47400.0,2025-03-17
2025031704013354,SHPC,45,3,50.0,473.0,23650.0,2025-03-17
2025031704013353,SHPC,45,58,15.0,473.0,7095.0,2025-03-17
2025031704013352,SHPC,45,58,19.0,472.8,8983.2,2025-03-17
2025031704013351,SHPC,45,48,100.0,471.0,47100.0,2025-03-17
2025031704013350,SHPC,45,19,160.0,470.8,75328.0,2025-03-17
2025031703012598,RLFL,69,45,957.0,534.0,511038.0,2025-03-17
2025031703012597,RLFL,57,45,43.0,534.1,22966.3,2025-03-17
2025031704013349,UMRH,69,38,10.0,635.0,6350.0,2025-03-17
2025031701017101,BEDC,28,54,10.0,823.9,8239.0,2025-03-17
2025031705013974,HATHY,4,50,10.0,1339.0,13390.0,2025-03-17
2025031705013973,NRIC,29,34,295.0,1289.0,380255.0,2025-03-17
2025031705013972,NRIC,29,52,405.0,1288.0,521640.0,2025-03-17
2025031701017100,MKJC,29,59,10.0,562.1,5621.0,2025-03-17
2025031705013971,HRL,75,36,100.0,984.0,98400.0,2025-03-17
2025031703012596,SFCL,55,57,433.0,541.0,234253.0,2025-03-17
2025031703012595,SFCL,84,57,67.0,541.0,36247.0,2025-03-17
2025031703012594,PMLI,42,57,10.0,586.6,5866.0,2025-03-17
2025031703012593,PMLI,38,57,10.0,586.6,5866.0,2025-03-17
2025031701017099,BNHC,33,36,50.0,526.0,26300.0,2025-03-17
2025031703012592,MLBL,49,52,1000.0,418.3,418300.0,2025-03-17
2025031701017098,CZBIL,34,42,12.0,212.0,2544.0,2025-03-17
2025031701017097,CZBIL,34,41,35.0,211.0,7385.0,2025-03-17
2025031701017096,RAWA,45,86,10.0,872.0,8720.0,2025-03-17
2025031701017095,EBL,81,45,10.0,614.2,6142.0,2025-03-17
2025031704013348,SHPC,43,81,250.0,470.0,117500.0,2025-03-17
2025031704013347,SHPC,74,81,10.0,470.1,4701.0,2025-03-17
2025031701017094,UHEWA,88,17,10.0,880.0,8800.0,2025-03-17
2025031703012591,SINDU,38,1,50.0,1046.7,52335.0,2025-03-17
2025031703012590,SINDU,7,1,10.0,1048.0,10480.0,2025-03-17
2025031703012589,SINDU,14,1,10.0,1048.1,10481.0,2025-03-17
2025031703012588,MLBL,49,17,145.0,418.3,60653.5,2025-03-17
2025031703012587,MLBL,21,17,295.0,418.3,123398.5,2025-03-17
2025031703012586,MLBL,35,17,10.0,418.4,4184.0,2025-03-17
2025031703012585,MLBL,58,17,50.0,418.4,20920.0,2025-03-17
2025031703012584,MLBL,59,17,500.0,418.4,209200.0,2025-03-17
2025031701017093,EHPL,49,38,105.0,791.0,83055.0,2025-03-17
2025031701017092,EHPL,49,13,10.0,790.0,7900.0,2025-03-17
2025031701017091,EHPL,49,38,100.0,790.0,79000.0,2025-03-17
2025031701017090,EHPL,49,45,10.0,790.0,7900.0,2025-03-17
2025031701017089,EHPL,49,58,10.0,790.0,7900.0,2025-03-17
2025031701017088,EHPL,49,35,10.0,789.6,7896.0,2025-03-17
2025031701017087,EHPL,49,80,50.0,789.0,39450.0,2025-03-17
2025031701017086,EHPL,49,25,80.0,786.6,62928.0,2025-03-17
2025031701017085,EHPL,49,39,10.0,786.0,7860.0,2025-03-17
2025031701017084,EHPL,49,91,10.0,785.0,7850.0,2025-03-17
2025031701017083,EHPL,49,7,55.0,785.0,43175.0,2025-03-17
2025031701017082,EHPL,49,80,50.0,784.9,39245.0,2025-03-17
2025031704013346,LEC,38,49,870.0,214.6,186702.0,2025-03-17
2025031704013345,LEC,45,49,50.0,214.7,10735.0,2025-03-17
2025031704013344,LEC,25,49,50.0,214.7,10735.0,2025-03-17
2025031704013343,LEC,45,49,30.0,215.0,6450.0,2025-03-17
2025031703012583,LICN,32,34,144.0,1065.0,153360.0,2025-03-17
2025031703012582,SIFC,16,32,215.0,535.0,115025.0,2025-03-17
2025031701017081,HHL,25,63,200.0,510.0,102000.0,2025-03-17
2025031701017080,HHL,77,63,50.0,510.0,25500.0,2025-03-17
2025031701017079,HHL,35,63,15.0,510.0,7650.0,2025-03-17
2025031701017078,HHL,32,63,100.0,510.0,51000.0,2025-03-17
2025031701017077,HHL,22,63,100.0,510.1,51010.0,2025-03-17
2025031701017076,HHL,38,63,100.0,511.0,51100.0,2025-03-17
2025031701017075,HHL,5,63,100.0,512.0,51200.0,2025-03-17
2025031701017074,HHL,77,63,50.0,512.0,25600.0,2025-03-17
2025031701017073,HHL,48,63,100.0,512.2,51220.0,2025-03-17
2025031701017072,HHL,28,63,10.0,512.5,5125.0,2025-03-17
2025031703012581,PROFL,58,58,17.0,550.0,9350.0,2025-03-17
2025031703012580,PROFL,58,52,10.0,550.0,5500.0,2025-03-17
2025031701017071,MHCL,47,58,100.0,552.3,55230.0,2025-03-17
2025031701017070,MHCL,52,58,400.0,553.0,221200.0,2025-03-17
2025031704013342,SJCL,34,16,100.0,333.3,33330.0,2025-03-17
2025031704013341,API,94,25,150.0,279.2,41880.0,2025-03-17
2025031701017069,GMLI,55,44,10.0,1980.0,19800.0,2025-03-17
2025031704013340,LEC,45,81,250.0,215.0,53750.0,2025-03-17
2025031703012579,GBLBS,45,6,150.0,834.0,125100.0,2025-03-17
2025031703012578,GBLBS,45,58,30.0,833.0,24990.0,2025-03-17
2025031705013970,SFMF,45,6,185.0,10.39,1922.15,2025-03-17
2025031705013969,SFMF,45,22,100.0,10.3,1030.0,2025-03-17
2025031704013339,UMRH,69,38,10.0,635.0,6350.0,2025-03-17
2025031701017068,BHPL,60,34,395.0,1064.0,420280.0,2025-03-17
2025031701017067,BHPL,60,34,90.0,1064.0,95760.0,2025-03-17
2025031701017066,BHPL,60,62,10.0,1063.0,10630.0,2025-03-17
2025031701017065,BHPL,60,49,140.0,1059.9,148386.0,2025-03-17
2025031701017064,BHPL,60,72,10.0,1059.7,10597.0,2025-03-17
2025031701017063,BHPL,60,55,10.0,1057.0,10570.0,2025-03-17
2025031701017062,BHPL,60,36,435.0,1056.8,459708.0,2025-03-17
2025031701017061,BHPL,60,38,10.0,1055.0,10550.0,2025-03-17
2025031701017060,BHPL,60,22,100.0,1042.0,104200.0,2025-03-17
2025031703012577,GFCL,35,40,100.0,706.0,70600.0,2025-03-17
2025031705013968,SHIVM,34,6,50.0,538.4,26920.0,2025-03-17
2025031703012576,MNBBL,6,6,395.0,373.0,147335.0,2025-03-17
2025031703012575,MNBBL,6,41,100.0,373.0,37300.0,2025-03-17
2025031703012574,MNBBL,6,17,415.0,373.0,154795.0,2025-03-17
2025031703012573,MNBBL,6,44,90.0,372.9,33561.0,2025-03-17
2025031703012572,GMFBS,53,58,10.0,1720.0,17200.0,2025-03-17
2025031704013338,NLG,53,35,10.0,868.0,8680.0,2025-03-17
2025031705013967,CIT,55,58,4.0,1981.0,7924.0,2025-03-17
2025031705013966,CIT,55,29,96.0,1981.0,190176.0,2025-03-17
2025031705013965,CIT,17,29,30.0,1981.0,59430.0,2025-03-17
2025031704013337,GHL,94,57,50.0,299.0,14950.0,2025-03-17
2025031704013336,GHL,50,57,100.0,299.1,29910.0,2025-03-17
2025031705013964,NRN,57,26,10.0,1405.0,14050.0,2025-03-17
2025031705013963,PHCL,56,28,10.0,635.0,6350.0,2025-03-17
2025031704013335,UPCL,34,63,402.0,301.0,121002.0,2025-03-17
2025031704013334,UPCL,34,45,98.0,301.0,29498.0,2025-03-17
2025031705013962,NRM,11,21,179.0,497.1,88980.9,2025-03-17
2025031705013961,NRM,44,21,100.0,498.0,49800.0,2025-03-17
2025031705013960,NRM,32,21,200.0,498.0,99600.0,2025-03-17
2025031705013959,NRM,35,21,250.0,498.0,124500.0,2025-03-17
2025031705013958,NRM,35,21,10.0,498.0,4980.0,2025-03-17
2025031705013957,NRM,49,21,226.0,498.1,112570.6,2025-03-17
2025031705013956,NRM,28,21,100.0,498.1,49810.0,2025-03-17
2025031705013955,NRM,86,21,100.0,498.1,49810.0,2025-03-17
2025031705013954,NRM,38,21,200.0,498.2,99640.0,2025-03-17
2025031705013953,NRM,1,21,385.0,499.0,192115.0,2025-03-17
2025031705013952,NRM,57,21,100.0,500.0,50000.0,2025-03-17
2025031701017059,USHL,21,14,50.0,758.9,37945.0,2025-03-17
2025031703012571,LICN,1,34,10.0,1065.0,10650.0,2025-03-17
2025031705013951,NIFRA,42,7,54.0,273.0,14742.0,2025-03-17
2025031704013333,UNHPL,49,21,10.0,323.0,3230.0,2025-03-17
2025031704013332,NHPC,49,44,178.0,215.0,38270.0,2025-03-17
2025031704013331,NHPC,49,62,300.0,215.0,64500.0,2025-03-17
2025031704013330,NHPC,49,49,50.0,215.0,10750.0,2025-03-17
2025031704013329,NHPC,49,22,17.0,215.0,3655.0,2025-03-17
2025031704013328,NHPC,49,57,100.0,215.0,21500.0,2025-03-17
2025031704013327,NHPC,49,4,206.0,215.0,44290.0,2025-03-17
2025031704013326,NHPC,49,29,23.0,214.9,4942.7,2025-03-17
2025031704013325,NHPC,49,53,100.0,214.8,21480.0,2025-03-17
2025031704013324,NHPC,49,17,187.0,214.8,40167.6,2025-03-17
2025031701017058,MBL,41,49,16.0,228.0,3648.0,2025-03-17
2025031701017057,MBL,50,49,14.0,228.1,3193.4,2025-03-17
2025031701017056,MBL,11,49,10.0,228.8,2288.0,2025-03-17
2025031701017055,NIMB,42,33,155.0,216.1,33495.5,2025-03-17
2025031701017054,NIMB,45,33,200.0,216.1,43220.0,2025-03-17
2025031704013323,IGI,58,33,20.0,607.0,12140.0,2025-03-17
2025031704013322,NHPC,43,25,30.0,214.7,6441.0,2025-03-17
2025031704013321,KPCL,25,45,33.0,546.0,18018.0,2025-03-17
2025031701017053,KBSH,42,45,90.0,2458.2,221238.0,2025-03-17
2025031701017052,EHPL,42,80,50.0,784.0,39200.0,2025-03-17
2025031701017051,EHPL,42,50,10.0,779.0,7790.0,2025-03-17
2025031701017050,EHPL,42,50,10.0,777.0,7770.0,2025-03-17
2025031704013320,MHNL,19,55,10.0,267.0,2670.0,2025-03-17
2025031704013319,UMHL,1,45,34.0,434.0,14756.0,2025-03-17
2025031701017049,HIDCLP,48,49,100.0,181.0,18100.0,2025-03-17
2025031701017048,SPC,72,48,200.0,563.0,112600.0,2025-03-17
2025031701017047,SPC,49,48,200.0,563.0,112600.0,2025-03-17
2025031701017046,SPC,46,48,100.0,563.0,56300.0,2025-03-17
2025031701017045,SPC,45,48,300.0,563.1,168930.0,2025-03-17
2025031701017044,SPC,29,48,200.0,563.5,112700.0,2025-03-17
2025031705013950,SHIVM,48,32,89.0,538.0,47882.0,2025-03-17
2025031705013949,SHIVM,42,32,35.0,538.0,18830.0,2025-03-17
2025031703012570,JFL,22,16,200.0,531.2,106240.0,2025-03-17
2025031701017043,SMHL,65,62,40.0,982.0,39280.0,2025-03-17
2025031703012569,JBBL,10,58,200.0,356.4,71280.0,2025-03-17
2025031703012568,NABBC,28,58,20.0,1905.0,38100.0,2025-03-17
2025031705013948,LUK,42,4,100.0,9.84,984.0,2025-03-17
2025031704013318,AKPL,59,52,300.0,234.4,70320.0,2025-03-17
2025031704013317,HURJA,6,38,54.0,245.0,13230.0,2025-03-17
2025031704013316,HURJA,6,33,150.0,245.0,36750.0,2025-03-17
2025031704013315,HURJA,6,48,100.0,245.0,24500.0,2025-03-17
2025031704013314,HURJA,6,38,500.0,245.0,122500.0,2025-03-17
2025031704013313,HURJA,6,17,52.0,245.0,12740.0,2025-03-17
2025031705013947,SMJC,28,51,10.0,629.1,6291.0,2025-03-17
2025031705013946,SMJC,28,38,90.0,629.0,56610.0,2025-03-17
2025031703012567,NICLBSL,38,7,10.0,665.0,6650.0,2025-03-17
2025031703012566,GFCL,8,8,70.0,705.0,49350.0,2025-03-17
2025031703012565,HLBSL,64,55,10.0,995.9,9959.0,2025-03-17
2025031703012564,HLBSL,64,59,10.0,995.0,9950.0,2025-03-17
2025031703012563,HLBSL,64,25,10.0,994.9,9949.0,2025-03-17
2025031703012562,HLBSL,64,72,20.0,985.0,19700.0,2025-03-17
2025031703012561,HLBSL,64,81,150.0,980.0,147000.0,2025-03-17
2025031704013312,CHL,77,42,15.0,520.0,7800.0,2025-03-17
2025031704013311,CHL,77,40,500.0,519.9,259950.0,2025-03-17
2025031704013310,CHL,77,34,250.0,519.8,129950.0,2025-03-17
2025031704013309,CHL,77,55,50.0,512.0,25600.0,2025-03-17
2025031705013945,HRL,75,36,10.0,984.0,9840.0,2025-03-17
2025031705013944,HRL,14,36,90.0,984.9,88641.0,2025-03-17
2025031703012560,LBBL,21,36,10.0,451.9,4519.0,2025-03-17
2025031701017042,SIKLES,83,48,200.0,1182.9,236580.0,2025-03-17
2025031705013943,VLUCL,48,22,10.0,708.0,7080.0,2025-03-17
2025031703012559,NLIC,49,59,10.0,784.7,7847.0,2025-03-17
2025031704013308,RADHI,26,40,300.0,389.9,116970.0,2025-03-17
2025031703012558,JFL,58,16,40.0,531.2,21248.0,2025-03-17
2025031703012557,JFL,90,16,100.0,533.0,53300.0,2025-03-17
2025031704013307,NLG,62,62,10.0,867.0,8670.0,2025-03-17
2025031705013942,MBJC,13,25,10.0,332.1,3321.0,2025-03-17
2025031705013941,HRL,25,34,220.0,985.0,216700.0,2025-03-17
2025031701017041,GMLI,55,58,10.0,1980.0,19800.0,2025-03-17
2025031703012556,SAPDBL,50,58,25.0,1165.1,29127.5,2025-03-17
2025031705013940,HRL,14,45,10.0,984.9,9849.0,2025-03-17
2025031703012555,LBBL,38,26,44.0,450.4,19817.6,2025-03-17
2025031703012554,LBBL,16,26,30.0,450.6,13518.0,2025-03-17
2025031703012553,LBBL,39,26,126.0,451.0,56826.0,2025-03-17
2025031704013306,UPPER,42,48,71.0,203.9,14476.9,2025-03-17
2025031704013305,UPPER,42,48,29.0,203.9,5913.1,2025-03-17
2025031703012552,GMFIL,42,63,78.0,519.9,40552.2,2025-03-17
2025031703012551,GMFIL,42,16,50.0,514.0,25700.0,2025-03-17
2025031703012550,GMFIL,42,57,112.0,514.0,57568.0,2025-03-17
2025031705013939,SMJC,65,38,10.0,628.0,6280.0,2025-03-17
2025031704013304,TRH,38,45,10.0,1086.3,10863.0,2025-03-17
2025031703012549,ICFC,14,50,50.0,629.0,31450.0,2025-03-17
2025031703012548,CORBL,29,53,32.0,1878.0,60096.0,2025-03-17
2025031704013303,UMRH,57,38,250.0,635.0,158750.0,2025-03-17
2025031701017040,MMKJL,77,11,119.0,729.0,86751.0,2025-03-17
2025031704013302,UMHL,21,45,70.0,434.0,30380.0,2025-03-17
2025031705013938,NRIC,49,44,53.0,1287.1,68216.3,2025-03-17
2025031704013301,GHL,58,14,50.0,300.0,15000.0,2025-03-17
2025031701017039,SMHL,45,45,50.0,982.1,49105.0,2025-03-17
2025031704013300,UPPER,42,85,467.0,203.8,95174.6,2025-03-17
2025031704013299,UPPER,35,85,33.0,203.8,6725.4,2025-03-17
2025031701017038,MKCL,35,39,160.0,1612.0,257920.0,2025-03-17
2025031701017037,MKCL,35,45,10.0,1612.0,16120.0,2025-03-17
2025031701017036,MKCL,35,62,10.0,1610.0,16100.0,2025-03-17
2025031701017035,KBL,42,17,1400.0,207.8,290920.0,2025-03-17
2025031705013937,NRIC,49,29,100.0,1287.1,128710.0,2025-03-17
2025031704013298,SHEL,53,25,380.0,261.9,99522.0,2025-03-17
2025031704013297,SHEL,53,19,20.0,261.5,5230.0,2025-03-17
2025031704013296,SHEL,53,90,100.0,261.4,26140.0,2025-03-17
2025031701017034,MKHC,56,34,50.0,554.9,27745.0,2025-03-17
2025031701017033,MEHL,11,14,30.0,580.0,17400.0,2025-03-17
2025031705013936,NRIC,49,11,27.0,1287.1,34751.7,2025-03-17
2025031701017032,MHCL,21,46,10.0,554.0,5540.0,2025-03-17
2025031704013295,SPDL,52,48,339.0,335.0,113565.0,2025-03-17
2025031704013294,SPDL,49,48,285.0,335.1,95503.5,2025-03-17
2025031701017031,GBIME,49,90,1100.0,221.9,244090.0,2025-03-17
2025031703012547,SADBL,33,55,113.0,420.0,47460.0,2025-03-17
2025031703012546,SADBL,33,59,275.0,420.0,115500.0,2025-03-17
2025031703012545,SADBL,33,37,500.0,419.0,209500.0,2025-03-17
2025031703012544,SADBL,33,34,20.0,419.0,8380.0,2025-03-17
2025031703012543,SADBL,33,29,250.0,419.0,104750.0,2025-03-17
2025031703012542,SADBL,33,13,200.0,418.9,83780.0,2025-03-17
2025031703012541,SADBL,33,58,100.0,418.0,41800.0,2025-03-17
2025031703012540,SADBL,33,32,10.0,417.0,4170.0,2025-03-17
2025031703012539,SADBL,33,45,100.0,417.0,41700.0,2025-03-17
2025031701017030,ADBL,94,58,333.0,290.0,96570.0,2025-03-17
2025031701017029,ADBL,94,11,13.0,290.0,3770.0,2025-03-17
2025031701017028,ADBL,94,41,725.0,289.9,210177.5,2025-03-17
2025031701017027,HBL,21,26,65.0,236.5,15372.5,2025-03-17
2025031705013935,MEL,42,60,100.0,332.0,33200.0,2025-03-17
2025031705013934,MEL,43,60,200.0,332.0,66400.0,2025-03-17
2025031705013933,MEL,85,60,100.0,332.0,33200.0,2025-03-17
2025031705013932,MEL,42,60,123.0,332.0,40836.0,2025-03-17
2025031705013931,MEL,49,60,13.0,332.1,4317.3,2025-03-17
2025031705013930,MEL,42,60,1170.0,332.2,388674.0,2025-03-17
2025031701017026,NBL,44,59,116.0,252.3,29266.8,2025-03-17
2025031701017025,NBL,34,59,100.0,252.4,25240.0,2025-03-17
2025031701017024,NBL,49,59,57.0,252.4,14386.8,2025-03-17
2025031705013929,HRL,28,34,30.0,985.0,29550.0,2025-03-17
2025031705013928,GCIL,38,38,401.0,557.0,223357.0,2025-03-17
2025031705013927,GCIL,38,16,11.0,557.0,6127.0,2025-03-17
2025031705013926,GCIL,38,8,166.0,556.9,92445.4,2025-03-17
2025031705013925,GCIL,38,58,11.0,556.1,6117.1,2025-03-17
2025031705013924,GCIL,38,32,150.0,556.0,83400.0,2025-03-17
2025031705013923,GCIL,38,57,161.0,556.0,89516.0,2025-03-17
2025031705013922,NRN,72,7,100.0,1402.0,140200.0,2025-03-17
2025031703012538,NLIC,57,57,20.0,784.0,15680.0,2025-03-17
2025031705013921,HATHY,59,57,20.0,1335.1,26702.0,2025-03-17
2025031705013920,HATHY,39,57,20.0,1336.0,26720.0,2025-03-17
2025031705013919,HATHY,41,57,10.0,1337.0,13370.0,2025-03-17
2025031701017023,GVL,57,94,10.0,495.0,4950.0,2025-03-17
2025031704013293,GHL,10,81,100.0,298.0,29800.0,2025-03-17
2025031703012537,GBBL,52,57,1231.0,400.3,492769.3,2025-03-17
2025031705013918,GCIL,34,57,10.0,556.0,5560.0,2025-03-17
2025031703012536,SADBL,6,19,104.0,415.1,43170.4,2025-03-17
2025031703012535,SADBL,6,19,200.0,415.2,83040.0,2025-03-17
2025031703012534,SADBL,62,19,100.0,415.2,41520.0,2025-03-17
2025031703012533,SADBL,43,19,450.0,415.3,186885.0,2025-03-17
2025031703012532,SADBL,6,19,80.0,415.3,33224.0,2025-03-17
2025031703012531,SADBL,49,19,66.0,415.4,27416.4,2025-03-17
2025031705013917,GCIL,18,3,494.0,555.3,274318.2,2025-03-17
2025031703012530,LICN,21,34,80.0,1065.0,85200.0,2025-03-17
2025031703012529,LICN,21,57,70.0,1065.0,74550.0,2025-03-17
2025031701017022,NABIL,14,32,118.0,490.0,57820.0,2025-03-17
2025031701017021,NABIL,29,32,45.0,490.0,22050.0,2025-03-17
2025031701017020,NABIL,11,32,100.0,490.1,49010.0,2025-03-17
2025031705013916,SMJC,65,49,50.0,628.0,31400.0,2025-03-17
2025031701017019,NABIL,19,32,10.0,490.1,4901.0,2025-03-17
2025031701017018,NABIL,58,32,100.0,490.2,49020.0,2025-03-17
2025031701017017,NABIL,57,32,10.0,490.5,4905.0,2025-03-17
2025031701017016,NABIL,45,32,31.0,490.5,15205.5,2025-03-17
2025031704013292,API,33,51,50.0,279.4,13970.0,2025-03-17
2025031701017015,NYADI,42,62,200.0,585.0,117000.0,2025-03-17
2025031701017014,MKJC,6,26,586.0,560.0,328160.0,2025-03-17
2025031701017013,MKJC,33,26,814.0,561.0,456654.0,2025-03-17
2025031701017012,MKJC,33,26,600.0,561.1,336660.0,2025-03-17
2025031705013915,SONA,77,26,20.0,475.0,9500.0,2025-03-17
2025031704013291,UPPER,58,48,50.0,203.9,10195.0,2025-03-17
2025031703012528,GMFIL,58,57,50.0,514.0,25700.0,2025-03-17
2025031701017011,SAMAJ,6,38,10.0,2611.0,26110.0,2025-03-17
2025031705013914,NRIC,49,6,20.0,1287.1,25742.0,2025-03-17
2025031705013913,NRIC,36,6,10.0,1287.2,12872.0,2025-03-17
2025031704013290,SGIC,33,38,150.0,678.1,101715.0,2025-03-17
2025031705013912,CIT,51,42,100.0,1981.0,198100.0,2025-03-17
2025031705013911,CIT,41,42,50.0,1981.2,99060.0,2025-03-17
2025031705013910,CIT,57,42,28.0,1981.3,55476.4,2025-03-17
2025031704013289,NICL,42,54,10.0,992.0,9920.0,2025-03-17
2025031704013288,UMHL,62,50,12.0,433.3,5199.6,2025-03-17
2025031704013287,UMHL,48,50,50.0,433.4,21670.0,2025-03-17
2025031704013286,UMHL,62,50,50.0,433.4,21670.0,2025-03-17
2025031704013285,UMHL,67,50,100.0,433.5,43350.0,2025-03-17
2025031704013284,UMHL,29,50,298.0,433.5,129183.0,2025-03-17
2025031704013283,RIDI,38,34,200.0,229.0,45800.0,2025-03-17
2025031704013282,UMHL,29,38,202.0,433.5,87567.0,2025-03-17
2025031704013281,UMHL,62,38,20.0,433.5,8670.0,2025-03-17
2025031704013280,UMHL,53,38,200.0,433.6,86720.0,2025-03-17
2025031704013279,UMHL,62,38,20.0,433.6,8672.0,2025-03-17
2025031704013278,UMHL,62,38,200.0,433.7,86740.0,2025-03-17
2025031704013277,UMHL,64,38,358.0,434.0,155372.0,2025-03-17
2025031704013276,KKHC,29,57,200.0,359.0,71800.0,2025-03-17
2025031704013275,KKHC,29,71,44.0,359.0,15796.0,2025-03-17
2025031701017010,AHL,41,53,200.0,705.0,141000.0,2025-03-17
2025031704013274,AKJCL,48,14,10.0,207.6,2076.0,2025-03-17
2025031701017009,DOLTI,8,55,590.0,672.2,396598.0,2025-03-17
2025031701017008,DOLTI,91,55,50.0,672.3,33615.0,2025-03-17
2025031701017007,DOLTI,45,55,60.0,672.3,40338.0,2025-03-17
2025031701017006,HIDCLP,25,49,500.0,181.0,90500.0,2025-03-17
2025031701017005,MEHL,45,43,135.0,578.1,78043.5,2025-03-17
2025031704013273,GHL,10,70,45.0,298.0,13410.0,2025-03-17
2025031704013272,GHL,17,70,50.0,298.0,14900.0,2025-03-17
2025031704013271,GHL,18,70,100.0,298.0,29800.0,2025-03-17
2025031704013270,GHL,44,70,600.0,298.0,178800.0,2025-03-17
2025031704013269,GHL,36,70,227.0,298.0,67646.0,2025-03-17
2025031704013268,UPCL,57,85,100.0,300.0,30000.0,2025-03-17
2025031705013909,SHIVM,42,45,37.0,538.0,19906.0,2025-03-17
2025031701017004,SMHL,42,45,10.0,982.1,9821.0,2025-03-17
2025031704013267,UMRH,46,39,190.0,634.3,120517.0,2025-03-17
2025031704013266,UMRH,58,39,10.0,634.5,6345.0,2025-03-17
2025031703012527,LICN,42,57,10.0,1065.0,10650.0,2025-03-17
2025031705013908,HRL,42,34,48.0,985.0,47280.0,2025-03-17
2025031705013907,HRL,42,58,10.0,985.0,9850.0,2025-03-17
2025031705013906,HRL,42,45,20.0,985.0,19700.0,2025-03-17
2025031705013905,HRL,42,62,10.0,985.0,9850.0,2025-03-17
2025031705013904,HRL,42,42,112.0,985.0,110320.0,2025-03-17
2025031703012526,LICN,38,57,90.0,1065.0,95850.0,2025-03-17
2025031701017003,SBID89,38,57,25.0,1060.0,26500.0,2025-03-17
2025031701017002,SBID89,38,46,1.0,1055.0,1055.0,2025-03-17
2025031703012525,MLBL,38,57,202.0,420.0,84840.0,2025-03-17
2025031703012524,MLBL,38,50,50.0,419.0,20950.0,2025-03-17
2025031703012523,MLBL,38,52,48.0,419.0,20112.0,2025-03-17
2025031704013265,SHL,62,56,200.0,490.0,98000.0,2025-03-17
2025031701017001,SRLI,68,36,21.0,421.0,8841.0,2025-03-17
2025031704013264,UPCL,93,45,10.0,301.0,3010.0,2025-03-17
2025031705013903,SAHAS,48,48,247.0,509.0,125723.0,2025-03-17
2025031705013902,SAHAS,48,58,10.0,509.0,5090.0,2025-03-17
2025031705013901,SAHAS,48,34,10.0,509.0,5090.0,2025-03-17
2025031705013900,SAHAS,48,5,300.0,508.9,152670.0,2025-03-17
2025031705013899,SAHAS,48,51,1000.0,508.9,508900.0,2025-03-17
2025031705013898,SAHAS,48,57,111.0,508.5,56443.5,2025-03-17
2025031705013897,SAHAS,48,39,200.0,508.0,101600.0,2025-03-17
2025031705013896,SAHAS,48,49,40.0,508.0,20320.0,2025-03-17
2025031705013895,SAHAS,48,38,145.0,508.0,73660.0,2025-03-17
2025031705013894,SAHAS,48,1,853.0,507.9,433238.7,2025-03-17
2025031705013893,SAHAS,48,58,10.0,507.5,5075.0,2025-03-17
2025031705013892,SAHAS,48,51,10.0,507.5,5075.0,2025-03-17
2025031705013891,SAHAS,48,33,20.0,507.0,10140.0,2025-03-17
2025031705013890,SAHAS,48,49,10.0,507.0,5070.0,2025-03-17
2025031705013889,SAHAS,48,13,200.0,507.0,101400.0,2025-03-17
2025031705013888,SAHAS,48,45,10.0,507.0,5070.0,2025-03-17
2025031705013887,SAHAS,48,13,255.0,507.0,129285.0,2025-03-17
2025031705013886,SAHAS,48,35,900.0,506.9,456210.0,2025-03-17
2025031705013885,SAHAS,48,42,75.0,506.9,38017.5,2025-03-17
2025031705013884,SAHAS,48,16,91.0,506.5,46091.5,2025-03-17
2025031705013883,SAHAS,48,45,503.0,506.2,254618.6,2025-03-17
2025031703012522,CORBL,4,37,70.0,1865.0,130550.0,2025-03-17
2025031703012521,CORBL,58,37,10.0,1866.0,18660.0,2025-03-17
2025031705013882,RNLI,44,36,51.0,575.0,29325.0,2025-03-17
2025031705013881,RNLI,44,16,1000.0,574.0,574000.0,2025-03-17
2025031705013880,RNLI,44,14,100.0,574.0,57400.0,2025-03-17
2025031705013879,RNLI,44,32,11.0,574.0,6314.0,2025-03-17
2025031705013878,RNLI,44,35,11.0,574.0,6314.0,2025-03-17
2025031705013877,RNLI,44,19,127.0,574.0,72898.0,2025-03-17
2025031703012520,MNBBL,99,44,10.0,372.9,3729.0,2025-03-17
2025031705013876,SAHAS,28,45,297.0,506.2,150341.4,2025-03-17
2025031705013875,SAHAS,57,45,200.0,506.3,101260.0,2025-03-17
2025031701017000,GMLI,55,58,10.0,1980.0,19800.0,2025-03-17
2025031701016999,GMLI,58,14,10.0,1982.0,19820.0,2025-03-17
2025031701016998,RFPL,58,57,80.0,713.0,57040.0,2025-03-17
2025031703012519,MATRI,42,17,10.0,1271.0,12710.0,2025-03-17
2025031703012518,MATRI,42,49,10.0,1270.0,12700.0,2025-03-17
2025031703012517,MATRI,42,32,20.0,1266.0,25320.0,2025-03-17
2025031703012516,SINDU,42,1,48.0,1049.0,50352.0,2025-03-17
2025031703012515,LBBL,39,56,50.0,451.0,22550.0,2025-03-17
2025031703012514,KMCDB,38,77,142.0,1054.0,149668.0,2025-03-17
2025031703012513,KMCDB,58,77,20.0,1055.0,21100.0,2025-03-17
2025031703012512,KMCDB,1,77,50.0,1055.5,52775.0,2025-03-17
2025031703012511,KMCDB,33,77,100.0,1055.6,105560.0,2025-03-17
2025031703012510,KMCDB,35,77,10.0,1055.7,10557.0,2025-03-17
2025031703012509,KMCDB,35,77,15.0,1055.8,15837.0,2025-03-17
2025031703012508,KMCDB,1,77,18.0,1056.0,19008.0,2025-03-17
2025031703012507,KMCDB,6,77,30.0,1056.1,31683.0,2025-03-17
2025031704013263,GHL,36,56,773.0,298.0,230354.0,2025-03-17
2025031704013262,GHL,56,56,200.0,298.0,59600.0,2025-03-17
2025031704013261,GHL,49,56,1000.0,298.0,298000.0,2025-03-17
2025031704013260,GHL,49,56,1000.0,298.0,298000.0,2025-03-17
2025031704013259,GHL,7,56,300.0,298.0,89400.0,2025-03-17
2025031704013258,GHL,16,56,100.0,298.0,29800.0,2025-03-17
2025031704013257,GHL,45,56,100.0,298.0,29800.0,2025-03-17
2025031704013256,GHL,18,56,100.0,298.0,29800.0,2025-03-17
2025031704013255,GHL,5,56,3000.0,298.1,894300.0,2025-03-17
2025031704013254,GHL,34,56,10.0,298.1,2981.0,2025-03-17
2025031704013253,GHL,53,56,417.0,298.9,124641.3,2025-03-17
2025031701016997,MKHC,57,34,10.0,554.9,5549.0,2025-03-17
2025031701016996,MKHC,57,38,10.0,553.0,5530.0,2025-03-17
2025031701016995,MKHC,57,67,10.0,553.0,5530.0,2025-03-17
2025031705013874,PHCL,10,65,110.0,630.0,69300.0,2025-03-17
2025031703012506,SFCL,84,11,10.0,541.0,5410.0,2025-03-17
2025031705013873,CLI,35,98,10.0,531.1,5311.0,2025-03-17
2025031704013252,SJCL,34,32,260.0,333.3,86658.0,2025-03-17
2025031704013251,HDHPC,49,22,115.0,202.9,23333.5,2025-03-17
2025031705013872,NTC,46,21,10.0,905.0,9050.0,2025-03-17
2025031701016994,SNLI,22,57,15.0,693.0,10395.0,2025-03-17
2025031701016993,SNLI,22,34,13.0,692.9,9007.7,2025-03-17
2025031703012505,MATRI,42,43,10.0,1264.0,12640.0,2025-03-17
2025031703012504,SFCL,84,45,65.0,541.0,35165.0,2025-03-17
2025031705013871,NIFRA,39,53,100.0,273.2,27320.0,2025-03-17
2025031701016992,GMLI,55,35,10.0,1980.0,19800.0,2025-03-17
2025031701016991,RFPL,36,57,10.0,713.0,7130.0,2025-03-17
2025031701016990,GMLI,55,6,10.0,1980.0,19800.0,2025-03-17
2025031705013870,SHIVM,58,58,100.0,538.5,53850.0,2025-03-17
2025031703012503,WNLB,54,58,10.0,3106.0,31060.0,2025-03-17
2025031703012502,LICN,46,57,130.0,1065.0,138450.0,2025-03-17
2025031701016989,PPL,48,50,241.0,526.7,126934.7,2025-03-17
2025031701016988,PPL,48,4,200.0,526.0,105200.0,2025-03-17
2025031701016987,PPL,48,11,200.0,526.0,105200.0,2025-03-17
2025031701016986,PPL,48,4,100.0,526.0,52600.0,2025-03-17
2025031701016985,PPL,48,25,50.0,526.0,26300.0,2025-03-17
2025031701016984,PPL,48,43,10.0,525.0,5250.0,2025-03-17
2025031701016983,PPL,48,16,100.0,524.1,52410.0,2025-03-17
2025031701016982,PPL,48,32,50.0,524.1,26205.0,2025-03-17
2025031701016981,GMLI,55,49,10.0,1980.0,19800.0,2025-03-17
2025031705013869,SMJC,65,62,15.0,628.0,9420.0,2025-03-17
2025031705013868,SMJC,49,62,20.0,628.0,12560.0,2025-03-17
2025031705013867,NTC,26,44,25.0,904.0,22600.0,2025-03-17
2025031705013866,NTC,60,44,10.0,904.0,9040.0,2025-03-17
2025031705013865,NTC,60,44,15.0,904.0,13560.0,2025-03-17
2025031705013864,NTC,29,44,50.0,904.4,45220.0,2025-03-17
2025031703012501,MLBL,84,52,452.0,419.0,189388.0,2025-03-17
2025031703012500,MLBL,84,45,148.0,419.0,62012.0,2025-03-17
2025031704013250,NGPL,54,57,200.0,277.0,55400.0,2025-03-17
2025031701016980,BHPL,60,51,250.0,1041.1,260275.0,2025-03-17
2025031701016979,BHPL,62,51,50.0,1041.1,52055.0,2025-03-17
2025031701016978,BHPL,62,51,40.0,1042.8,41712.0,2025-03-17
2025031701016977,BHPL,25,51,10.0,1043.0,10430.0,2025-03-17
2025031701016976,BHPL,41,51,20.0,1043.5,20870.0,2025-03-17
2025031705013863,HRL,75,52,50.0,984.0,49200.0,2025-03-17
2025031705013862,MBJC,52,45,30.0,333.0,9990.0,2025-03-17
2025031701016975,RHGCL,58,58,500.0,635.0,317500.0,2025-03-17
2025031701016974,RHGCL,58,59,900.0,630.0,567000.0,2025-03-17
2025031701016973,RHGCL,58,45,150.0,596.4,89460.0,2025-03-17
2025031701016972,RHGCL,58,48,500.0,591.5,295750.0,2025-03-17
2025031701016971,RHGCL,58,40,100.0,586.5,58650.0,2025-03-17
2025031701016970,RHGCL,58,41,10.0,586.5,5865.0,2025-03-17
2025031701016969,RHGCL,58,50,100.0,586.5,58650.0,2025-03-17
2025031701016968,RHGCL,58,7,10.0,586.5,5865.0,2025-03-17
2025031701016967,RHGCL,58,80,100.0,586.5,58650.0,2025-03-17
2025031701016966,RHGCL,58,58,10.0,586.5,5865.0,2025-03-17
2025031701016965,RHGCL,58,34,200.0,586.5,117300.0,2025-03-17
2025031701016964,RHGCL,58,32,50.0,586.5,29325.0,2025-03-17
2025031701016963,RHGCL,58,80,100.0,586.5,58650.0,2025-03-17
2025031701016962,RHGCL,58,43,10.0,586.1,5861.0,2025-03-17
2025031701016961,RHGCL,58,41,50.0,586.0,29300.0,2025-03-17
2025031701016960,RHGCL,58,49,10.0,585.5,5855.0,2025-03-17
2025031701016959,RHGCL,58,45,1000.0,585.4,585400.0,2025-03-17
2025031701016958,RHGCL,58,34,495.0,585.4,289773.0,2025-03-17
2025031701016957,RHGCL,58,45,100.0,585.4,58540.0,2025-03-17
2025031701016956,RHGCL,58,42,200.0,585.0,117000.0,2025-03-17
2025031701016955,RHGCL,58,39,10.0,585.0,5850.0,2025-03-17
2025031701016954,RHGCL,58,98,100.0,585.0,58500.0,2025-03-17
2025031701016953,RHGCL,58,42,10.0,585.0,5850.0,2025-03-17
2025031701016952,RHGCL,58,34,10.0,585.0,5850.0,2025-03-17
2025031701016951,RHGCL,58,29,10.0,585.0,5850.0,2025-03-17
2025031701016950,RHGCL,58,49,10.0,585.0,5850.0,2025-03-17
2025031701016949,RHGCL,58,38,1500.0,584.8,877200.0,2025-03-17
2025031701016948,RHGCL,58,48,200.0,584.8,116960.0,2025-03-17
2025031701016947,RHGCL,58,42,50.0,584.7,29235.0,2025-03-17
2025031701016946,RHGCL,58,45,300.0,584.7,175410.0,2025-03-17
2025031701016945,RHGCL,58,58,10.0,584.7,5847.0,2025-03-17
2025031701016944,RHGCL,58,1,500.0,584.6,292300.0,2025-03-17
2025031701016943,RHGCL,58,8,200.0,584.4,116880.0,2025-03-17
2025031701016942,RHGCL,58,45,300.0,584.4,175320.0,2025-03-17
2025031701016941,RHGCL,58,14,10.0,584.4,5844.0,2025-03-17
2025031701016940,RHGCL,58,16,700.0,584.4,409080.0,2025-03-17
2025031701016939,RHGCL,58,39,1000.0,584.0,584000.0,2025-03-17
2025031701016938,RHGCL,58,26,500.0,584.0,292000.0,2025-03-17
2025031701016937,RHGCL,58,41,10.0,584.0,5840.0,2025-03-17
2025031701016936,RHGCL,58,14,10.0,583.0,5830.0,2025-03-17
2025031701016935,RHGCL,58,49,50.0,583.0,29150.0,2025-03-17
2025031701016934,RHGCL,58,29,10.0,583.0,5830.0,2025-03-17
2025031701016933,RHGCL,58,41,180.0,580.0,104400.0,2025-03-17
2025031701016932,RHGCL,58,57,10.0,580.0,5800.0,2025-03-17
2025031701016931,RHGCL,58,34,10.0,580.0,5800.0,2025-03-17
2025031701016930,RHGCL,58,41,50.0,580.0,29000.0,2025-03-17
2025031701016929,RHGCL,58,41,100.0,580.0,58000.0,2025-03-17
2025031701016928,RHGCL,58,17,10.0,580.0,5800.0,2025-03-17
2025031701016927,RHGCL,58,14,10.0,580.0,5800.0,2025-03-17
2025031701016926,RHGCL,58,32,500.0,575.0,287500.0,2025-03-17
2025031701016925,RHGCL,58,43,1065.0,574.9,612268.5,2025-03-17
2025031701016924,RHGCL,58,42,299.0,573.4,171446.6,2025-03-17
2025031701016923,RHGCL,58,58,20.0,573.3,11466.0,2025-03-17
2025031701016922,RHGCL,58,95,110.0,571.0,62810.0,2025-03-17
2025031705013861,HIDCL,38,57,106.0,273.0,28938.0,2025-03-17
2025031705013860,HIDCL,55,57,494.0,273.4,135059.6,2025-03-17
2025031701016921,GMLI,55,57,10.0,1980.0,19800.0,2025-03-17
2025031703012499,EDBL,44,34,30.0,670.0,20100.0,2025-03-17
2025031703012498,EDBL,43,34,30.0,670.1,20103.0,2025-03-17
2025031703012497,SWBBL,34,32,57.0,865.5,49333.5,2025-03-17
2025031703012496,SWBBL,34,45,90.0,864.0,77760.0,2025-03-17
2025031703012495,SWBBL,34,10,69.0,863.0,59547.0,2025-03-17
2025031704013249,DHPL,3,7,20.0,408.0,8160.0,2025-03-17
2025031704013248,DHPL,3,42,150.0,408.0,61200.0,2025-03-17
2025031704013247,DHPL,3,52,276.0,408.0,112608.0,2025-03-17
2025031704013246,AKJCL,34,5,201.0,207.0,41607.0,2025-03-17
2025031704013245,AKJCL,29,5,500.0,207.0,103500.0,2025-03-17
2025031704013244,AKJCL,16,5,50.0,207.0,10350.0,2025-03-17
2025031704013243,AKJCL,22,5,323.0,207.0,66861.0,2025-03-17
2025031704013242,AKJCL,57,5,100.0,207.0,20700.0,2025-03-17
2025031704013241,AKJCL,22,5,20.0,207.0,4140.0,2025-03-17
2025031704013240,AKJCL,42,5,68.0,207.0,14076.0,2025-03-17
2025031704013239,AKJCL,57,5,20.0,207.0,4140.0,2025-03-17
2025031704013238,AKJCL,59,5,200.0,207.0,41400.0,2025-03-17
2025031704013237,AKJCL,49,5,897.0,207.0,185679.0,2025-03-17
2025031704013236,AKJCL,49,5,50.0,207.1,10355.0,2025-03-17
2025031704013235,AKJCL,55,5,500.0,207.5,103750.0,2025-03-17
2025031704013234,AKJCL,4,5,71.0,207.6,14739.6,2025-03-17
2025031703012494,RLFL,48,19,50.0,535.0,26750.0,2025-03-17
2025031701016920,GMLI,55,40,10.0,1980.0,19800.0,2025-03-17
2025031701016919,CITY,93,14,67.0,877.1,58765.7,2025-03-17
2025031701016918,CITY,43,14,133.0,877.1,116654.3,2025-03-17
2025031704013233,GHL,88,49,500.0,299.0,149500.0,2025-03-17
2025031705013859,GCIL,18,49,10.0,555.3,5553.0,2025-03-17
2025031704013232,NLG,62,42,74.0,866.0,64084.0,2025-03-17
2025031704013231,DHPL,74,43,4609.0,407.0,1875863.0,2025-03-17
2025031704013230,DHPL,44,43,75.0,407.0,30525.0,2025-03-17
2025031704013229,DHPL,3,43,741.0,407.0,301587.0,2025-03-17
2025031704013228,DHPL,58,43,70.0,407.9,28553.0,2025-03-17
2025031701016917,HHL,28,42,10.0,512.5,5125.0,2025-03-17
2025031703012493,SJLIC,38,39,150.0,451.5,67725.0,2025-03-17
2025031705013858,HRL,75,52,41.0,984.0,40344.0,2025-03-17
2025031701016916,RAWA,35,40,10.0,880.0,8800.0,2025-03-17
2025031701016915,RAWA,35,58,10.0,879.0,8790.0,2025-03-17
2025031704013227,SPIL,35,58,131.0,884.6,115882.6,2025-03-17
2025031704013226,SPIL,35,44,10.0,884.4,8844.0,2025-03-17
2025031704013225,SPIL,35,34,100.0,884.0,88400.0,2025-03-17
2025031704013224,SPIL,35,26,100.0,884.0,88400.0,2025-03-17
2025031704013223,SPIL,35,13,60.0,884.0,53040.0,2025-03-17
2025031704013222,SPIL,35,35,50.0,884.0,44200.0,2025-03-17
2025031704013221,SPIL,35,66,250.0,884.0,221000.0,2025-03-17
2025031704013220,SPIL,35,57,500.0,884.0,442000.0,2025-03-17
2025031704013219,SPIL,35,47,500.0,884.0,442000.0,2025-03-17
2025031704013218,SPIL,35,39,35.0,883.0,30905.0,2025-03-17
2025031704013217,SPIL,35,7,20.0,883.0,17660.0,2025-03-17
2025031704013216,SPIL,35,91,100.0,882.0,88200.0,2025-03-17
2025031704013215,SPIL,35,34,144.0,882.0,127008.0,2025-03-17
2025031701016914,KBL,55,77,34.0,206.6,7024.4,2025-03-17
2025031704013214,GLH,88,48,50.0,247.5,12375.0,2025-03-17
2025031704013213,GLH,19,48,40.0,247.6,9904.0,2025-03-17
2025031704013212,GLH,91,48,10.0,247.6,2476.0,2025-03-17
2025031704013211,GLH,16,48,200.0,247.6,49520.0,2025-03-17
2025031701016913,TPC,59,40,170.0,552.0,93840.0,2025-03-17
2025031701016912,TPC,51,40,120.0,552.0,66240.0,2025-03-17
2025031701016911,TPC,55,40,200.0,552.1,110420.0,2025-03-17
2025031701016910,TPC,33,40,10.0,552.1,5521.0,2025-03-17
2025031703012492,SINDU,58,1,26.0,1049.0,27274.0,2025-03-17
2025031703012491,SINDU,55,1,30.0,1049.0,31470.0,2025-03-17
2025031701016909,BNHC,25,4,65.0,526.9,34248.5,2025-03-17
2025031704013210,NIL,17,45,40.0,772.0,30880.0,2025-03-17
2025031704013209,NIL,5,45,20.0,772.0,15440.0,2025-03-17
2025031703012490,MLBL,39,45,100.0,419.0,41900.0,2025-03-17
2025031703012489,MLBL,16,45,100.0,419.0,41900.0,2025-03-17
2025031703012488,MLBL,57,45,152.0,419.0,63688.0,2025-03-17
2025031703012487,JFL,58,6,369.0,537.7,198411.3,2025-03-17
2025031703012486,JFL,58,45,19.0,536.0,10184.0,2025-03-17
2025031703012485,JFL,58,62,10.0,535.0,5350.0,2025-03-17
2025031703012484,JFL,58,42,28.0,533.0,14924.0,2025-03-17
2025031701016908,NBL,49,58,30.0,252.4,7572.0,2025-03-17
2025031703012483,LICN,46,58,10.0,1065.0,10650.0,2025-03-17
2025031703012482,NLICL,45,64,15.0,638.0,9570.0,2025-03-17
2025031703012481,NLICL,76,64,200.0,638.0,127600.0,2025-03-17
2025031701016907,JBLB,41,35,30.0,1366.0,40980.0,2025-03-17
2025031704013208,AKPL,34,11,10.0,234.3,2343.0,2025-03-17
2025031703012480,NUBL,8,57,100.0,685.0,68500.0,2025-03-17
2025031704013207,SGIC,33,57,500.0,678.1,339050.0,2025-03-17
2025031704013206,UNHPL,21,21,20.0,323.0,6460.0,2025-03-17
2025031701016906,IHL,58,7,10.0,689.0,6890.0,2025-03-17
2025031703012479,NLIC,57,7,500.0,784.0,392000.0,2025-03-17
2025031703012478,GRDBL,28,5,237.0,1300.0,308100.0,2025-03-17
2025031703012477,GRDBL,45,5,200.0,1300.1,260020.0,2025-03-17
2025031703012476,GRDBL,33,5,13.0,1301.0,16913.0,2025-03-17
2025031703012475,MERO,46,17,32.0,732.0,23424.0,2025-03-17
2025031703012474,MFIL,41,39,50.0,627.0,31350.0,2025-03-17
2025031703012473,NMFBS,58,8,142.0,1276.0,181192.0,2025-03-17
2025031703012472,NMFBS,17,8,10.0,1276.1,12761.0,2025-03-17
2025031703012471,NMFBS,43,8,50.0,1276.1,63805.0,2025-03-17
2025031703012470,SINDU,38,58,50.0,1050.0,52500.0,2025-03-17
2025031703012469,EDBL,58,32,100.0,673.0,67300.0,2025-03-17
2025031703012468,RLFL,42,19,24.0,535.0,12840.0,2025-03-17
2025031703012467,RLFL,42,26,50.0,534.2,26710.0,2025-03-17
2025031704013205,MHNL,42,55,1120.0,267.0,299040.0,2025-03-17
2025031704013204,MHNL,42,51,380.0,266.8,101384.0,2025-03-17
2025031704013203,MHNL,42,57,500.0,266.7,133350.0,2025-03-17
2025031704013202,NHDL,68,59,405.0,833.0,337365.0,2025-03-17
2025031704013201,NHDL,57,59,15.0,833.0,12495.0,2025-03-17
2025031704013200,NHDL,58,59,10.0,835.1,8351.0,2025-03-17
2025031704013199,NHDL,58,59,100.0,839.0,83900.0,2025-03-17
2025031704013198,NHDL,58,59,10.0,840.0,8400.0,2025-03-17
2025031704013197,NHDL,43,59,20.0,840.0,16800.0,2025-03-17
2025031704013196,NHDL,33,59,100.0,840.0,84000.0,2025-03-17
2025031704013195,NHDL,57,59,100.0,840.0,84000.0,2025-03-17
2025031704013194,NHDL,35,59,50.0,842.8,42140.0,2025-03-17
2025031704013193,NHDL,55,59,100.0,843.0,84300.0,2025-03-17
2025031704013192,NHDL,11,59,90.0,843.0,75870.0,2025-03-17
2025031701016905,USHEC,52,54,10.0,627.0,6270.0,2025-03-17
2025031701016904,USHEC,52,19,20.0,626.0,12520.0,2025-03-17
2025031701016903,USHEC,52,58,10.0,625.0,6250.0,2025-03-17
2025031701016902,USHEC,52,87,10.0,625.0,6250.0,2025-03-17
2025031701016901,USHEC,52,49,10.0,623.0,6230.0,2025-03-17
2025031701016900,USHEC,52,45,10.0,623.0,6230.0,2025-03-17
2025031701016899,USHEC,52,6,10.0,620.0,6200.0,2025-03-17
2025031701016898,NABIL,35,32,49.0,491.0,24059.0,2025-03-17
2025031701016897,GMLI,55,57,10.0,1980.0,19800.0,2025-03-17
2025031701016896,UHEWA,88,57,30.0,879.0,26370.0,2025-03-17
2025031701016895,UHEWA,88,58,10.0,878.0,8780.0,2025-03-17
2025031701016894,UHEWA,88,67,91.0,878.0,79898.0,2025-03-17
2025031701016893,UHEWA,88,35,10.0,875.0,8750.0,2025-03-17
2025031701016892,UHEWA,88,58,10.0,875.0,8750.0,2025-03-17
2025031701016891,UHEWA,88,35,10.0,870.0,8700.0,2025-03-17
2025031701016890,UHEWA,88,11,10.0,870.0,8700.0,2025-03-17
2025031701016889,UHEWA,88,49,10.0,870.0,8700.0,2025-03-17
2025031701016888,UHEWA,88,50,399.0,870.0,347130.0,2025-03-17
2025031701016887,UHEWA,88,50,400.0,869.0,347600.0,2025-03-17
2025031701016886,UHEWA,88,40,200.0,869.0,173800.0,2025-03-17
2025031701016885,UHEWA,88,53,10.0,868.0,8680.0,2025-03-17
2025031701016884,UHEWA,88,83,50.0,868.0,43400.0,2025-03-17
2025031701016883,UHEWA,88,52,50.0,865.0,43250.0,2025-03-17
2025031701016882,ULBSL,18,80,10.0,3780.0,37800.0,2025-03-17
2025031704013191,NHDL,88,33,11.0,849.0,9339.0,2025-03-17
2025031703012466,LICN,46,71,100.0,1065.0,106500.0,2025-03-17
2025031704013190,UPCL,57,21,98.0,300.0,29400.0,2025-03-17
2025031704013189,UPCL,66,21,10.0,300.1,3001.0,2025-03-17
2025031704013188,IGI,48,57,20.0,607.0,12140.0,2025-03-17
2025031704013187,NLG,35,48,36.0,865.2,31147.2,2025-03-17
2025031704013186,NLG,6,48,64.0,865.2,55372.8,2025-03-17
2025031703012465,ALBSL,62,53,10.0,853.0,8530.0,2025-03-17
2025031704013185,BPCL,21,45,200.0,399.2,79840.0,2025-03-17
2025031705013857,HRL,75,45,10.0,984.0,9840.0,2025-03-17
2025031704013184,SHL,62,45,200.0,490.0,98000.0,2025-03-17
2025031703012464,SHINE,38,95,100.0,427.0,42700.0,2025-03-17
2025031701016881,GMLI,55,53,10.0,1980.0,19800.0,2025-03-17
2025031701016880,GVL,57,58,10.0,493.0,4930.0,2025-03-17
2025031703012463,SMB,34,56,30.0,2700.0,81000.0,2025-03-17
2025031703012462,MLBBL,57,33,50.0,1647.0,82350.0,2025-03-17
2025031701016879,BEDC,57,5,40.0,823.5,32940.0,2025-03-17
2025031703012461,SADBL,49,41,10.0,415.4,4154.0,2025-03-17
2025031701016878,RHGCL,34,58,40.0,561.6,22464.0,2025-03-17
2025031701016877,RHGCL,71,58,90.0,561.6,50544.0,2025-03-17
2025031701016876,RHGCL,89,58,200.0,561.8,112360.0,2025-03-17
2025031701016875,RHGCL,42,58,300.0,562.0,168600.0,2025-03-17
2025031701016874,RHGCL,35,58,50.0,562.0,28100.0,2025-03-17
2025031701016873,RHGCL,22,58,300.0,562.0,168600.0,2025-03-17
2025031701016872,RHGCL,57,58,200.0,562.0,112400.0,2025-03-17
2025031701016871,RHGCL,57,58,400.0,562.0,224800.0,2025-03-17
2025031701016870,RHGCL,69,58,20.0,562.0,11240.0,2025-03-17
2025031701016869,RHGCL,45,58,400.0,562.0,224800.0,2025-03-17
2025031701016868,RHGCL,43,58,500.0,562.6,281300.0,2025-03-17
2025031701016867,RHGCL,5,58,350.0,563.0,197050.0,2025-03-17
2025031701016866,RHGCL,14,58,600.0,563.5,338100.0,2025-03-17
2025031701016865,RHGCL,80,58,300.0,563.5,169050.0,2025-03-17
2025031701016864,RHGCL,14,58,300.0,564.0,169200.0,2025-03-17
2025031701016863,RHGCL,14,58,300.0,564.0,169200.0,2025-03-17
2025031701016862,RHGCL,80,58,100.0,564.0,56400.0,2025-03-17
2025031701016861,RHGCL,77,58,20.0,565.0,11300.0,2025-03-17
2025031701016860,RHGCL,42,58,200.0,566.0,113200.0,2025-03-17
2025031701016859,RHGCL,80,58,290.0,569.0,165010.0,2025-03-17
2025031701016858,RHGCL,51,58,100.0,570.0,57000.0,2025-03-17
2025031701016857,RHGCL,5,58,100.0,570.0,57000.0,2025-03-17
2025031701016856,RHGCL,55,58,60.0,570.0,34200.0,2025-03-17
2025031701016855,RHGCL,25,58,20.0,570.0,11400.0,2025-03-17
2025031701016854,RHGCL,57,58,20.0,570.0,11400.0,2025-03-17
2025031701016853,RHGCL,57,58,200.0,570.0,114000.0,2025-03-17
2025031701016852,RHGCL,16,58,200.0,571.0,114200.0,2025-03-17
2025031701016851,SPL,7,8,10.0,892.5,8925.0,2025-03-17
2025031701016850,SMH,40,34,10.0,1007.8,10078.0,2025-03-17
2025031703012460,SHINE,57,95,50.0,427.0,21350.0,2025-03-17
2025031704013183,GLH,91,33,10.0,247.7,2477.0,2025-03-17
2025031704013182,GLH,1,33,500.0,247.7,123850.0,2025-03-17
2025031704013181,GLH,57,33,100.0,247.8,24780.0,2025-03-17
2025031704013180,GLH,54,33,50.0,247.8,12390.0,2025-03-17
2025031704013179,GLH,57,33,200.0,247.9,49580.0,2025-03-17
2025031704013178,UMRH,55,38,11.0,635.0,6985.0,2025-03-17
2025031705013856,RNLI,44,19,73.0,574.0,41902.0,2025-03-17
2025031705013855,RNLI,44,56,170.0,573.0,97410.0,2025-03-17
2025031705013854,RNLI,44,67,350.0,573.0,200550.0,2025-03-17
2025031705013853,RNLI,44,38,36.0,573.0,20628.0,2025-03-17
2025031705013852,RNLI,44,34,11.0,572.5,6297.5,2025-03-17
2025031705013851,RNLI,44,35,11.0,572.3,6295.3,2025-03-17
2025031705013850,RNLI,44,57,11.0,572.2,6294.2,2025-03-17
2025031705013849,RNLI,44,7,10.0,572.0,5720.0,2025-03-17
2025031705013848,RNLI,44,57,328.0,572.0,187616.0,2025-03-17
2025031701016849,TSHL,42,45,90.0,839.0,75510.0,2025-03-17
2025031701016848,TSHL,42,14,10.0,837.0,8370.0,2025-03-17
2025031703012459,GBBL,52,39,150.0,400.2,60030.0,2025-03-17
2025031705013847,HATHY,59,38,10.0,1335.1,13351.0,2025-03-17
2025031704013177,PRIN,5,53,90.0,982.9,88461.0,2025-03-17
2025031704013176,PRIN,45,53,250.0,983.0,245750.0,2025-03-17
2025031704013175,PRIN,17,53,50.0,983.1,49155.0,2025-03-17
2025031704013174,PRIN,55,53,10.0,984.0,9840.0,2025-03-17
2025031704013173,LEC,38,39,850.0,215.0,182750.0,2025-03-17
2025031704013172,LEC,38,38,100.0,215.0,21500.0,2025-03-17
2025031704013171,LEC,38,44,50.0,215.0,10750.0,2025-03-17
2025031705013846,HRL,77,42,88.0,985.0,86680.0,2025-03-17
2025031705013845,HRL,77,55,80.0,985.0,78800.0,2025-03-17
2025031705013844,HRL,77,58,100.0,985.0,98500.0,2025-03-17
2025031705013843,HRL,77,42,140.0,985.0,137900.0,2025-03-17
2025031705013842,HRL,77,49,20.0,985.0,19700.0,2025-03-17
2025031705013841,HRL,77,13,10.0,985.0,9850.0,2025-03-17
2025031705013840,HRL,77,64,10.0,985.0,9850.0,2025-03-17
2025031705013839,HRL,77,46,20.0,985.0,19700.0,2025-03-17
2025031705013838,HRL,77,13,83.0,985.0,81755.0,2025-03-17
2025031705013837,HRL,77,49,100.0,984.9,98490.0,2025-03-17
2025031705013836,HRL,77,50,349.0,984.9,343730.1,2025-03-17
2025031705013835,HDL,56,52,19.0,1227.0,23313.0,2025-03-17
2025031705013834,HDL,56,72,30.0,1226.9,36807.0,2025-03-17
2025031705013833,HDL,56,72,40.0,1226.8,49072.0,2025-03-17
2025031705013832,HDL,56,58,11.0,1226.0,13486.0,2025-03-17
2025031703012458,MLBL,34,57,36.0,420.0,15120.0,2025-03-17
2025031703012457,MLBL,34,1,464.0,420.0,194880.0,2025-03-17
2025031704013170,RIDI,19,34,201.0,229.0,46029.0,2025-03-17
2025031704013169,RIDI,19,34,299.0,229.0,68471.0,2025-03-17
2025031703012456,RSDC,34,26,10.0,719.0,7190.0,2025-03-17
2025031701016847,ADBL,58,41,1455.0,289.5,421222.5,2025-03-17
2025031701016846,ADBL,43,41,200.0,289.6,57920.0,2025-03-17
2025031701016845,ADBL,58,41,10.0,289.6,2896.0,2025-03-17
2025031701016844,ADBL,57,41,250.0,289.7,72425.0,2025-03-17
2025031701016843,ADBL,37,41,50.0,289.7,14485.0,2025-03-17
2025031703012455,VLBS,42,17,10.0,851.0,8510.0,2025-03-17
2025031703012454,MLBL,17,1,36.0,420.0,15120.0,2025-03-17
2025031703012453,MLBL,17,42,400.0,420.0,168000.0,2025-03-17
2025031703012452,MLBL,17,13,54.0,420.0,22680.0,2025-03-17
2025031703012451,MLBL,17,6,10.0,420.0,4200.0,2025-03-17
2025031704013168,UPPER,63,48,300.0,203.9,61170.0,2025-03-17
2025031703012450,LICN,46,22,150.0,1065.0,159750.0,2025-03-17
2025031704013167,AHPC,14,14,140.0,259.8,36372.0,2025-03-17
2025031704013166,GHL,88,49,500.0,299.0,149500.0,2025-03-17
2025031705013831,SAHAS,28,33,150.0,506.2,75930.0,2025-03-17
2025031704013165,NGPL,34,33,76.0,276.0,20976.0,2025-03-17
2025031704013164,NGPL,54,33,124.0,276.5,34286.0,2025-03-17
2025031701016842,NESDO,66,18,10.0,1896.9,18969.0,2025-03-17
2025031704013163,RIDI,29,34,10.0,229.0,2290.0,2025-03-17
2025031705013830,STC,54,11,90.0,5400.0,486000.0,2025-03-17
2025031704013162,UMHL,64,62,72.0,434.0,31248.0,2025-03-17
2025031705013829,HRL,34,59,330.0,983.0,324390.0,2025-03-17
2025031705013828,HRL,55,59,400.0,983.1,393240.0,2025-03-17
2025031705013827,HRL,39,59,100.0,983.1,98310.0,2025-03-17
2025031705013826,HRL,18,59,500.0,983.2,491600.0,2025-03-17
2025031705013825,HRL,4,59,60.0,983.9,59034.0,2025-03-17
2025031705013824,HRL,57,59,10.0,984.0,9840.0,2025-03-17
2025031705013823,HRL,91,59,280.0,984.0,275520.0,2025-03-17
2025031705013822,HRL,63,59,20.0,984.1,19682.0,2025-03-17
2025031704013161,DHPL,58,52,800.0,408.0,326400.0,2025-03-17
2025031704013160,DHPL,58,58,200.0,407.9,81580.0,2025-03-17
2025031705013821,CLI,65,42,100.0,531.5,53150.0,2025-03-17
2025031705013820,SMJC,65,38,10.0,629.0,6290.0,2025-03-17
2025031701016841,DORDI,19,25,30.0,395.0,11850.0,2025-03-17
2025031703012449,MLBL,57,57,348.0,419.0,145812.0,2025-03-17
2025031701016840,NABIL,41,32,100.0,491.0,49100.0,2025-03-17
2025031704013159,UAIL,87,21,10.0,664.1,6641.0,2025-03-17
2025031704013158,UAIL,1,21,90.0,664.1,59769.0,2025-03-17
2025031705013819,MEL,42,63,320.0,332.2,106304.0,2025-03-17
2025031705013818,MEL,33,63,180.0,332.3,59814.0,2025-03-17
2025031705013817,NRIC,49,32,316.0,1287.0,406692.0,2025-03-17
2025031705013816,NRIC,55,32,92.0,1287.0,118404.0,2025-03-17
2025031705013815,NRIC,49,32,184.0,1287.1,236826.4,2025-03-17
2025031705013814,HRL,32,50,11.0,984.9,10833.9,2025-03-17
2025031703012448,NLIC,66,59,175.0,784.7,137322.5,2025-03-17
2025031704013157,SHPC,43,19,10.0,470.8,4708.0,2025-03-17
2025031705013813,RNLI,44,57,322.0,572.0,184184.0,2025-03-17
2025031705013812,RNLI,44,32,11.0,572.0,6292.0,2025-03-17
2025031705013811,RNLI,44,57,11.0,572.0,6292.0,2025-03-17
2025031705013810,RNLI,44,26,500.0,572.0,286000.0,2025-03-17
2025031705013809,RNLI,44,45,34.0,572.0,19448.0,2025-03-17
2025031705013808,RNLI,44,38,397.0,571.0,226687.0,2025-03-17
2025031705013807,RNLI,44,26,69.0,571.0,39399.0,2025-03-17
2025031705013806,RNLI,44,13,50.0,571.0,28550.0,2025-03-17
2025031705013805,RNLI,44,48,400.0,570.9,228360.0,2025-03-17
2025031705013804,RNLI,44,45,11.0,570.2,6272.2,2025-03-17
2025031705013803,RNLI,44,63,370.0,570.0,210900.0,2025-03-17
2025031705013802,RNLI,44,32,100.0,570.0,57000.0,2025-03-17
2025031705013801,RNLI,44,33,50.0,570.0,28500.0,2025-03-17
2025031705013800,RNLI,44,22,11.0,570.0,6270.0,2025-03-17
2025031705013799,RNLI,44,58,11.0,570.0,6270.0,2025-03-17
2025031705013798,RNLI,44,38,89.0,570.0,50730.0,2025-03-17
2025031705013797,RNLI,44,52,270.0,567.0,153090.0,2025-03-17
2025031705013796,RNLI,44,6,221.0,567.0,125307.0,2025-03-17
2025031705013795,RNLI,44,41,73.0,567.0,41391.0,2025-03-17
2025031704013156,BPCL,21,45,100.0,399.2,39920.0,2025-03-17
2025031701016839,GMLI,55,42,10.0,1980.0,19800.0,2025-03-17
2025031704013155,UMHL,42,62,500.0,434.0,217000.0,2025-03-17
2025031703012447,MLBL,42,57,36.0,419.0,15084.0,2025-03-17
2025031701016838,KBSH,42,45,200.0,2458.2,491640.0,2025-03-17
2025031705013794,HDL,33,38,60.0,1225.1,73506.0,2025-03-17
2025031705013793,HDL,49,38,40.0,1225.2,49008.0,2025-03-17
2025031703012446,PMLI,38,36,16.0,587.0,9392.0,2025-03-17
2025031701016837,NIMB,47,49,70.0,216.5,15155.0,2025-03-17
2025031701016836,NIMB,47,32,300.0,216.4,64920.0,2025-03-17
2025031704013154,HURJA,11,17,15.0,245.0,3675.0,2025-03-17
2025031703012445,MFIL,41,18,32.0,627.0,20064.0,2025-03-17
2025031705013792,HDL,41,58,10.0,1226.0,12260.0,2025-03-17
2025031705013791,MEL,33,34,10.0,332.3,3323.0,2025-03-17
2025031701016835,SPC,29,58,20.0,570.0,11400.0,2025-03-17
2025031701016834,HIDCLP,48,7,10.0,181.7,1817.0,2025-03-17
2025031701016833,HIDCLP,48,42,990.0,181.5,179685.0,2025-03-17
2025031705013790,RNLI,32,41,10.0,567.0,5670.0,2025-03-17
2025031704013153,NLG,6,40,50.0,865.2,43260.0,2025-03-17
2025031701016832,EBL,62,29,200.0,614.0,122800.0,2025-03-17
2025031701016831,HIDCLP,50,43,860.0,180.4,155144.0,2025-03-17
2025031701016830,HIDCLP,36,43,140.0,180.5,25270.0,2025-03-17
2025031701016829,PCBL,96,25,354.0,255.1,90305.4,2025-03-17
2025031701016828,PCBL,45,25,50.0,255.2,12760.0,2025-03-17
2025031701016827,PCBL,48,25,96.0,255.3,24508.8,2025-03-17
2025031704013152,UMHL,60,62,1000.0,434.0,434000.0,2025-03-17
2025031704013151,DHPL,3,39,50.0,407.0,20350.0,2025-03-17
2025031705013789,NTC,50,21,50.0,905.0,45250.0,2025-03-17
2025031701016826,MKJC,29,59,10.0,562.1,5621.0,2025-03-17
2025031701016825,GMLI,55,38,10.0,1980.0,19800.0,2025-03-17
2025031705013788,NRIC,49,57,100.0,1287.1,128710.0,2025-03-17
2025031703012444,MLBL,57,57,500.0,419.0,209500.0,2025-03-17
2025031705013787,HRL,57,50,40.0,984.9,39396.0,2025-03-17
2025031705013786,ILI,58,7,50.0,480.5,24025.0,2025-03-17
2025031704013150,UPPER,35,48,190.0,203.8,38722.0,2025-03-17
2025031704013149,UPPER,6,48,125.0,203.8,25475.0,2025-03-17
2025031704013148,UPPER,42,48,185.0,203.8,37703.0,2025-03-17
2025031703012443,NFS,58,32,17.0,724.0,12308.0,2025-03-17
2025031703012442,NFS,48,32,13.0,724.0,9412.0,2025-03-17
2025031703012441,NFS,58,32,10.0,724.1,7241.0,2025-03-17
2025031703012440,NFS,49,32,10.0,724.1,7241.0,2025-03-17
2025031701016824,NABIL,49,32,11.0,491.0,5401.0,2025-03-17
2025031704013147,SHL,62,40,193.0,490.0,94570.0,2025-03-17
2025031703012439,GFCL,8,49,124.0,705.0,87420.0,2025-03-17
2025031703012438,GFCL,50,49,25.0,705.0,17625.0,2025-03-17
2025031703012437,GFCL,45,49,26.0,705.0,18330.0,2025-03-17
2025031703012436,GFCL,8,49,25.0,705.1,17627.5,2025-03-17
2025031704013146,UMHL,62,62,180.0,434.0,78120.0,2025-03-17
2025031704013145,GHL,1,14,100.0,300.0,30000.0,2025-03-17
2025031703012435,PFL,14,26,15.0,451.5,6772.5,2025-03-17
2025031703012434,PFL,17,26,125.0,451.5,56437.5,2025-03-17
2025031703012433,PFL,54,26,10.0,451.5,4515.0,2025-03-17
2025031703012432,GFCL,4,40,50.0,706.0,35300.0,2025-03-17
2025031705013785,HATHY,45,56,19.0,1339.0,25441.0,2025-03-17
2025031705013784,HATHY,45,57,50.0,1339.0,66950.0,2025-03-17
2025031704013144,RBCL,58,80,10.0,14800.2,148002.0,2025-03-17
2025031704013143,RBCL,39,80,10.0,14800.3,148003.0,2025-03-17
2025031704013142,RBCL,17,80,10.0,14810.0,148100.0,2025-03-17
2025031704013141,RBCL,57,80,10.0,14830.0,148300.0,2025-03-17
2025031704013140,RBCL,26,80,10.0,14831.0,148310.0,2025-03-17
2025031704013139,RADHI,43,77,100.0,390.0,39000.0,2025-03-17
2025031704013138,RADHI,58,77,500.0,390.0,195000.0,2025-03-17
2025031704013137,RADHI,22,77,30.0,390.0,11700.0,2025-03-17
2025031704013136,RADHI,41,77,100.0,390.0,39000.0,2025-03-17
2025031704013135,RADHI,85,77,200.0,390.0,78000.0,2025-03-17
2025031704013134,RADHI,11,77,100.0,390.0,39000.0,2025-03-17
2025031704013133,RADHI,57,77,50.0,390.0,19500.0,2025-03-17
2025031704013132,RADHI,71,77,200.0,390.0,78000.0,2025-03-17
2025031704013131,RADHI,45,77,1000.0,390.0,390000.0,2025-03-17
2025031704013130,RADHI,42,77,150.0,390.0,58500.0,2025-03-17
2025031704013129,RADHI,100,77,100.0,390.0,39000.0,2025-03-17
2025031704013128,RADHI,28,77,1000.0,390.0,390000.0,2025-03-17
2025031704013127,RADHI,58,77,20.0,390.0,7800.0,2025-03-17
2025031704013126,RADHI,43,77,100.0,390.0,39000.0,2025-03-17
2025031704013125,RADHI,16,77,1000.0,390.1,390100.0,2025-03-17
2025031704013124,RADHI,43,77,50.0,390.1,19505.0,2025-03-17
2025031704013123,RADHI,22,77,100.0,390.1,39010.0,2025-03-17
2025031704013122,RADHI,44,77,500.0,390.3,195150.0,2025-03-17
2025031704013121,RADHI,57,77,200.0,390.7,78140.0,2025-03-17
2025031704013120,RADHI,16,77,200.0,391.0,78200.0,2025-03-17
2025031704013119,RADHI,11,77,100.0,391.0,39100.0,2025-03-17
2025031704013118,RADHI,33,77,650.0,391.4,254410.0,2025-03-17
2025031704013117,RADHI,56,77,1000.0,391.5,391500.0,2025-03-17
2025031704013116,RADHI,17,77,1000.0,391.6,391600.0,2025-03-17
2025031704013115,RADHI,16,77,250.0,391.7,97925.0,2025-03-17
2025031704013114,RADHI,36,77,213.0,392.0,83496.0,2025-03-17
2025031704013113,RADHI,58,77,50.0,392.0,19600.0,2025-03-17
2025031704013112,RADHI,32,77,18.0,392.0,7056.0,2025-03-17
2025031703012431,CORBL,4,38,90.0,1865.0,167850.0,2025-03-17
2025031703012430,SIFC,26,38,150.0,534.1,80115.0,2025-03-17
2025031703012429,SIFC,57,38,500.0,534.2,267100.0,2025-03-17
2025031703012428,SIFC,43,38,100.0,534.3,53430.0,2025-03-17
2025031703012427,SIFC,32,38,470.0,535.0,251450.0,2025-03-17
2025031703012426,SIFC,35,38,18.0,535.0,9630.0,2025-03-17
2025031703012425,SIFC,35,38,20.0,535.0,10700.0,2025-03-17
2025031703012424,SIFC,62,38,59.0,535.0,31565.0,2025-03-17
2025031703012423,SIFC,62,38,30.0,535.0,16050.0,2025-03-17
2025031703012422,SIFC,52,38,83.0,535.0,44405.0,2025-03-17
2025031703012421,SIFC,38,38,50.0,535.1,26755.0,2025-03-17
2025031705013783,HRL,57,50,100.0,984.9,98490.0,2025-03-17
2025031701016823,SNLI,34,14,156.0,692.4,108014.4,2025-03-17
2025031701016822,SNLI,7,14,44.0,692.4,30465.6,2025-03-17
2025031701016821,JBLB,49,49,20.0,1366.5,27330.0,2025-03-17
2025031701016820,BHPL,62,51,100.0,1044.0,104400.0,2025-03-17
2025031704013111,JOSHI,8,44,59.0,381.0,22479.0,2025-03-17
2025031704013110,JOSHI,84,44,606.0,381.0,230886.0,2025-03-17
2025031704013109,JOSHI,1,44,25.0,381.2,9530.0,2025-03-17
2025031704013108,JOSHI,55,44,260.0,381.2,99112.0,2025-03-17
2025031704013107,JOSHI,5,44,50.0,382.0,19100.0,2025-03-17
2025031703012420,SFCL,84,44,50.0,541.0,27050.0,2025-03-17
2025031705013782,ILI,45,38,13.0,481.9,6264.7,2025-03-17
2025031704013106,LEC,25,45,50.0,214.7,10735.0,2025-03-17
2025031701016819,SBL,50,1,10.0,289.0,2890.0,2025-03-17
2025031703012419,MNBBL,51,50,62.0,371.5,23033.0,2025-03-17
2025031701016818,BHPL,8,51,10.0,1045.0,10450.0,2025-03-17
2025031701016817,BHPL,41,51,20.0,1046.0,20920.0,2025-03-17
2025031703012418,SINDU,35,58,30.0,1050.0,31500.0,2025-03-17
2025031705013781,PHCL,56,65,10.0,634.0,6340.0,2025-03-17
2025031705013780,CMF2,19,6,8447.0,9.57,80837.79,2025-03-17
2025031705013779,CMF2,19,11,1553.0,9.56,14846.68,2025-03-17
2025031705013778,ILI,41,26,2.0,480.0,960.0,2025-03-17
2025031703012417,NICLBSL,40,34,10.0,663.4,6634.0,2025-03-17
2025031703012416,PFL,54,14,40.0,451.5,18060.0,2025-03-17
2025031703012415,PFL,39,14,20.0,451.5,9030.0,2025-03-17
2025031704013105,CHCL,22,51,40.0,503.9,20156.0,2025-03-17
2025031704013104,LEC,26,44,50.0,215.0,10750.0,2025-03-17
2025031704013103,LEC,26,41,150.0,215.0,32250.0,2025-03-17
2025031704013102,LEC,38,29,1787.0,214.6,383490.2,2025-03-17
2025031704013101,LEC,34,29,355.0,214.6,76183.0,2025-03-17
2025031704013100,SGIC,51,10,10.0,678.9,6789.0,2025-03-17
2025031703012414,MPFL,45,64,300.0,652.0,195600.0,2025-03-17
2025031701016816,MMKJL,77,90,200.0,729.0,145800.0,2025-03-17
2025031701016815,MMKJL,77,52,200.0,728.0,145600.0,2025-03-17
2025031701016814,MMKJL,77,54,10.0,726.7,7267.0,2025-03-17
2025031701016813,MMKJL,77,48,200.0,725.0,145000.0,2025-03-17
2025031701016812,MMKJL,77,29,10.0,725.0,7250.0,2025-03-17
2025031701016811,MMKJL,77,77,10.0,725.0,7250.0,2025-03-17
2025031701016810,MMKJL,77,52,25.0,725.0,18125.0,2025-03-17
2025031701016809,MMKJL,77,62,180.0,724.0,130320.0,2025-03-17
2025031701016808,MMKJL,77,58,10.0,724.0,7240.0,2025-03-17
2025031701016807,MMKJL,77,78,36.0,723.0,26028.0,2025-03-17
2025031704013099,SPIL,35,34,156.0,882.0,137592.0,2025-03-17
2025031704013098,SPIL,35,34,200.0,881.0,176200.0,2025-03-17
2025031704013097,SPIL,35,44,115.0,880.0,101200.0,2025-03-17
2025031704013096,SPIL,35,17,50.0,880.0,44000.0,2025-03-17
2025031704013095,SPIL,35,80,100.0,880.0,88000.0,2025-03-17
2025031704013094,SPIL,35,53,16.0,880.0,14080.0,2025-03-17
2025031704013093,SPIL,35,34,200.0,878.0,175600.0,2025-03-17
2025031704013092,SPIL,35,34,300.0,875.0,262500.0,2025-03-17
2025031704013091,SPIL,35,41,33.0,875.0,28875.0,2025-03-17
2025031704013090,SPIL,35,33,395.0,874.9,345585.5,2025-03-17
2025031704013089,SPIL,35,25,10.0,874.8,8748.0,2025-03-17
2025031704013088,SPIL,35,44,100.0,874.0,87400.0,2025-03-17
2025031704013087,SPIL,35,47,100.0,873.0,87300.0,2025-03-17
2025031704013086,SPIL,35,45,200.0,871.0,174200.0,2025-03-17
2025031704013085,SPIL,35,38,25.0,871.0,21775.0,2025-03-17
2025031705013777,SONA,38,57,35.0,478.0,16730.0,2025-03-17
2025031705013776,SONA,38,58,10.0,478.0,4780.0,2025-03-17
2025031705013775,SONA,38,72,10.0,477.8,4778.0,2025-03-17
2025031705013774,SONA,38,58,10.0,477.0,4770.0,2025-03-17
2025031705013773,SONA,38,32,50.0,476.5,23825.0,2025-03-17
2025031705013772,VLUCL,64,35,100.0,702.0,70200.0,2025-03-17
2025031705013771,VLUCL,14,35,10.0,703.0,7030.0,2025-03-17
2025031705013770,HRL,91,34,100.0,984.0,98400.0,2025-03-17
2025031703012413,PMLI,42,36,65.0,588.0,38220.0,2025-03-17
2025031701016806,MLBS,42,14,100.0,1868.0,186800.0,2025-03-17
2025031705013769,CHDC,75,25,25.0,2239.9,55997.5,2025-03-17
2025031705013768,MBJC,55,22,470.0,332.0,156040.0,2025-03-17
2025031705013767,MBJC,55,22,50.0,332.0,16600.0,2025-03-17
2025031705013766,MBJC,11,22,100.0,332.0,33200.0,2025-03-17
2025031705013765,MBJC,42,22,380.0,332.0,126160.0,2025-03-17
2025031704013084,NICL,3,25,114.0,990.0,112860.0,2025-03-17
2025031705013764,CHDC,39,25,10.0,2239.9,22399.0,2025-03-17
2025031705013763,CHDC,39,69,10.0,2230.0,22300.0,2025-03-17
2025031704013083,NLG,6,54,20.0,865.2,17304.0,2025-03-17
2025031701016805,KBSH,51,45,10.0,2458.2,24582.0,2025-03-17
2025031703012412,LICN,72,22,100.0,1065.0,106500.0,2025-03-17
2025031701016804,TAMOR,83,52,358.0,533.0,190814.0,2025-03-17
2025031701016803,TAMOR,85,52,100.0,533.0,53300.0,2025-03-17
2025031701016802,TAMOR,35,52,200.0,533.0,106600.0,2025-03-17
2025031701016801,TAMOR,57,52,50.0,534.0,26700.0,2025-03-17
2025031701016800,TAMOR,56,52,500.0,534.0,267000.0,2025-03-17
2025031701016799,TAMOR,53,52,10.0,534.0,5340.0,2025-03-17
2025031701016798,TAMOR,45,52,100.0,534.0,53400.0,2025-03-17
2025031701016797,TAMOR,19,52,100.0,534.0,53400.0,2025-03-17
2025031701016796,TAMOR,13,52,46.0,534.0,24564.0,2025-03-17
2025031701016795,NESDO,1,18,20.0,1896.9,37938.0,2025-03-17
2025031701016794,NESDO,1,77,20.0,1875.0,37500.0,2025-03-17
2025031703012411,PMLI,42,36,772.0,588.0,453936.0,2025-03-17
2025031703012410,PMLI,42,46,99.0,587.1,58122.9,2025-03-17
2025031704013082,LEC,34,42,45.0,214.6,9657.0,2025-03-17
2025031704013081,GHL,53,81,100.0,298.9,29890.0,2025-03-17
2025031703012409,GBLBS,45,56,100.0,826.1,82610.0,2025-03-17
2025031703012408,GBLBS,58,56,200.0,826.5,165300.0,2025-03-17
2025031701016793,SPHL,74,48,10.0,790.0,7900.0,2025-03-17
2025031701016792,SPHL,74,48,15.0,788.4,11826.0,2025-03-17
2025031704013080,DHPL,3,57,339.0,407.0,137973.0,2025-03-17
2025031701016791,HIDCLP,50,58,70.0,180.4,12628.0,2025-03-17
2025031701016790,HIDCLP,25,58,230.0,181.0,41630.0,2025-03-17
2025031703012407,SWMF,43,48,34.0,755.4,25683.6,2025-03-17
2025031703012406,SWMF,36,48,66.0,756.0,49896.0,2025-03-17
2025031703012405,SWMF,42,48,23.0,756.1,17390.3,2025-03-17
2025031705013762,NIFRA,48,14,98.0,273.0,26754.0,2025-03-17
2025031703012404,GBBL,49,14,155.0,401.0,62155.0,2025-03-17
2025031703012403,GBBL,49,50,700.0,401.0,280700.0,2025-03-17
2025031703012402,GBBL,49,22,145.0,400.2,58029.0,2025-03-17
2025031703012401,SINDU,55,50,70.0,1049.0,73430.0,2025-03-17
2025031703012400,SINDU,37,50,30.0,1049.0,31470.0,2025-03-17
2025031705013761,SAGF,39,17,100.0,9.48,948.0,2025-03-17
2025031705013760,SAGF,39,28,2950.0,9.48,27966.0,2025-03-17
2025031705013759,SAHAS,28,39,200.0,506.2,101240.0,2025-03-17
2025031705013758,SAHAS,41,39,200.0,506.2,101240.0,2025-03-17
2025031705013757,SAHAS,34,39,500.0,506.5,253250.0,2025-03-17
2025031705013756,SAHAS,50,39,30.0,506.5,15195.0,2025-03-17
2025031705013755,SAHAS,45,39,90.0,506.5,45585.0,2025-03-17
2025031703012399,LICN,13,22,50.0,1065.0,53250.0,2025-03-17
2025031701016789,GBIME,8,42,85.0,222.0,18870.0,2025-03-17
2025031705013754,ENL,58,38,30.0,1125.0,33750.0,2025-03-17
2025031705013753,ENL,16,38,20.0,1125.0,22500.0,2025-03-17
2025031705013752,ENL,7,38,50.0,1125.0,56250.0,2025-03-17
2025031701016788,SGHC,54,38,280.0,501.0,140280.0,2025-03-17
2025031701016787,SGHC,89,38,20.0,501.0,10020.0,2025-03-17
2025031703012398,LICN,38,22,22.0,1065.0,23430.0,2025-03-17
2025031705013751,HATHY,35,56,180.0,1335.0,240300.0,2025-03-17
2025031705013750,HATHY,29,56,20.0,1335.0,26700.0,2025-03-17
2025031704013079,KPCL,55,57,100.0,545.9,54590.0,2025-03-17
2025031703012397,LICN,14,32,30.0,1064.0,31920.0,2025-03-17
2025031703012396,GMFIL,88,37,150.0,510.5,76575.0,2025-03-17
2025031703012395,GMFIL,38,37,50.0,510.6,25530.0,2025-03-17
2025031704013078,UNHPL,14,21,50.0,323.0,16150.0,2025-03-17
2025031704013077,RIDI,38,48,2076.0,228.0,473328.0,2025-03-17
2025031704013076,RIDI,26,48,500.0,228.0,114000.0,2025-03-17
2025031704013075,RIDI,45,48,50.0,228.0,11400.0,2025-03-17
2025031704013074,RIDI,28,48,444.0,228.0,101232.0,2025-03-17
2025031704013073,RIDI,25,48,430.0,228.1,98083.0,2025-03-17
2025031704013072,RIDI,16,48,300.0,228.2,68460.0,2025-03-17
2025031704013071,RIDI,38,48,200.0,228.8,45760.0,2025-03-17
2025031705013749,NIFRA,48,14,60.0,273.0,16380.0,2025-03-17
2025031705013748,NIFRA,48,47,342.0,273.0,93366.0,2025-03-17
2025031705013747,SMJC,65,49,50.0,628.0,31400.0,2025-03-17
2025031705013746,SMJC,72,49,100.0,628.0,62800.0,2025-03-17
2025031705013745,SMJC,32,49,100.0,628.0,62800.0,2025-03-17
2025031705013744,SMJC,48,49,50.0,629.0,31450.0,2025-03-17
2025031705013743,SMJC,41,49,200.0,629.0,125800.0,2025-03-17
2025031704013070,HDHPC,49,22,200.0,202.9,40580.0,2025-03-17
2025031705013742,MBJC,41,10,500.0,332.1,166050.0,2025-03-17
2025031705013741,HRL,91,44,100.0,984.0,98400.0,2025-03-17
2025031701016786,HIDCLP,25,38,1700.0,181.0,307700.0,2025-03-17
2025031701016785,HIDCLP,25,14,1000.0,181.0,181000.0,2025-03-17
2025031701016784,HIDCLP,25,65,1000.0,181.0,181000.0,2025-03-17
2025031701016783,HIDCLP,25,34,370.0,181.0,66970.0,2025-03-17
2025031701016782,HIDCLP,25,13,700.0,180.9,126630.0,2025-03-17
2025031705013740,NRN,28,26,46.0,1405.0,64630.0,2025-03-17
2025031705013739,NRN,28,69,185.0,1405.0,259925.0,2025-03-17
2025031705013738,NRN,28,26,70.0,1405.0,98350.0,2025-03-17
2025031705013737,NRN,28,49,100.0,1405.0,140500.0,2025-03-17
2025031705013736,NRN,28,57,100.0,1404.0,140400.0,2025-03-17
2025031705013735,NRN,28,20,10.0,1404.0,14040.0,2025-03-17
2025031705013734,NRN,28,48,100.0,1404.0,140400.0,2025-03-17
2025031705013733,NRN,28,57,23.0,1403.9,32289.7,2025-03-17
2025031705013732,NRN,28,4,11.0,1403.0,15433.0,2025-03-17
2025031705013731,NRN,28,59,355.0,1402.0,497710.0,2025-03-17
2025031705013730,NIFRA,45,36,650.0,272.8,177320.0,2025-03-17
2025031703012394,SLBSL,54,45,50.0,2155.0,107750.0,2025-03-17
2025031705013729,SMJC,45,51,90.0,629.1,56619.0,2025-03-17
2025031705013728,NRIC,49,86,50.0,1287.1,64355.0,2025-03-17
2025031701016781,KDL,47,57,15.0,1159.0,17385.0,2025-03-17
2025031701016780,KDL,47,62,40.0,1159.0,46360.0,2025-03-17
2025031701016779,KDL,47,14,100.0,1158.0,115800.0,2025-03-17
2025031701016778,KDL,47,55,60.0,1158.0,69480.0,2025-03-17
2025031701016777,KDL,47,50,100.0,1155.0,115500.0,2025-03-17
2025031701016776,KDL,47,68,200.0,1155.0,231000.0,2025-03-17
2025031701016775,KDL,47,22,10.0,1155.0,11550.0,2025-03-17
2025031701016774,KDL,47,58,10.0,1155.0,11550.0,2025-03-17
2025031701016773,KDL,47,58,10.0,1155.0,11550.0,2025-03-17
2025031701016772,KDL,47,54,10.0,1152.0,11520.0,2025-03-17
2025031701016771,KDL,47,47,10.0,1150.0,11500.0,2025-03-17
2025031701016770,KDL,47,45,10.0,1150.0,11500.0,2025-03-17
2025031701016769,KDL,47,45,10.0,1150.0,11500.0,2025-03-17
2025031701016768,KDL,47,58,10.0,1150.0,11500.0,2025-03-17
2025031701016767,KDL,47,38,50.0,1150.0,57500.0,2025-03-17
2025031701016766,KDL,47,53,100.0,1150.0,115000.0,2025-03-17
2025031701016765,KDL,47,38,90.0,1150.0,103500.0,2025-03-17
2025031701016764,KDL,47,52,30.0,1147.5,34425.0,2025-03-17
2025031701016763,KDL,47,6,50.0,1147.0,57350.0,2025-03-17
2025031701016762,KDL,47,36,72.0,1145.0,82440.0,2025-03-17
2025031701016761,KDL,47,1,178.0,1144.0,203632.0,2025-03-17
2025031703012393,SLBBL,53,51,145.0,973.9,141215.5,2025-03-17
2025031703012392,SLBBL,53,48,155.0,960.0,148800.0,2025-03-17
2025031701016760,USHEC,60,38,100.0,618.0,61800.0,2025-03-17
2025031701016759,USHEC,18,38,100.0,618.0,61800.0,2025-03-17
2025031701016758,USHEC,60,38,100.0,618.1,61810.0,2025-03-17
2025031701016757,USHEC,44,38,20.0,618.4,12368.0,2025-03-17
2025031701016756,USHEC,94,38,500.0,618.5,309250.0,2025-03-17
2025031701016755,USHEC,58,38,130.0,618.6,80418.0,2025-03-17
2025031701016754,SPC,58,56,20.0,565.0,11300.0,2025-03-17
2025031705013727,NRIC,65,34,110.0,1289.0,141790.0,2025-03-17
2025031705013726,NRIC,65,22,220.0,1289.0,283580.0,2025-03-17
2025031705013725,NRIC,65,45,67.0,1289.0,86363.0,2025-03-17
2025031705013724,NRIC,65,34,57.0,1288.1,73421.7,2025-03-17
2025031705013723,NRIC,65,47,50.0,1288.0,64400.0,2025-03-17
2025031705013722,NRIC,65,46,53.0,1288.0,68264.0,2025-03-17
2025031705013721,NRIC,65,35,13.0,1288.0,16744.0,2025-03-17
2025031705013720,NRIC,65,16,100.0,1288.0,128800.0,2025-03-17
2025031705013719,NRIC,65,53,30.0,1288.0,38640.0,2025-03-17
2025031705013718,NRIC,65,13,10.0,1288.0,12880.0,2025-03-17
2025031705013717,NRIC,65,58,290.0,1288.0,373520.0,2025-03-17
2025031704013069,SPDL,21,42,10.0,336.0,3360.0,2025-03-17
2025031704013068,AKPL,34,13,101.0,234.3,23664.3,2025-03-17
2025031704013067,AKPL,34,51,100.0,234.3,23430.0,2025-03-17
2025031701016753,TPC,68,41,95.0,553.0,52535.0,2025-03-17
2025031701016752,TPC,42,41,75.0,553.0,41475.0,2025-03-17
2025031701016751,TPC,21,41,190.0,554.0,105260.0,2025-03-17
2025031701016750,CKHL,5,65,10.0,748.0,7480.0,2025-03-17
2025031705013716,SHIVM,14,58,80.0,538.5,43080.0,2025-03-17
2025031703012391,SHINE,57,62,950.0,427.0,405650.0,2025-03-17
2025031703012390,SIFC,38,44,50.0,535.1,26755.0,2025-03-17
2025031705013715,SONA,49,26,328.0,474.5,155636.0,2025-03-17
2025031705013714,SONA,48,26,50.0,475.0,23750.0,2025-03-17
2025031705013713,SONA,32,26,12.0,475.0,5700.0,2025-03-17
2025031705013712,SONA,81,26,100.0,475.0,47500.0,2025-03-17
2025031705013711,SONA,65,26,510.0,475.0,242250.0,2025-03-17
2025031701016749,SPC,6,45,10.0,565.0,5650.0,2025-03-17
2025031701016748,SPC,34,45,40.0,565.0,22600.0,2025-03-17
2025031701016747,SPC,53,45,300.0,565.0,169500.0,2025-03-17
2025031701016746,SPC,13,45,50.0,565.5,28275.0,2025-03-17
2025031701016745,NYADI,42,42,315.0,585.0,184275.0,2025-03-17
2025031701016744,NYADI,42,42,185.0,585.0,108225.0,2025-03-17
2025031703012389,ALICL,36,88,342.0,745.4,254926.8,2025-03-17
2025031703012388,ALICL,41,88,10.0,745.5,7455.0,2025-03-17
2025031703012387,ALICL,49,88,78.0,745.5,58149.0,2025-03-17
2025031703012386,ALICL,41,88,70.0,746.0,52220.0,2025-03-17
2025031701016743,SMHL,45,65,67.0,982.1,65800.7,2025-03-17
2025031701016742,SMHL,35,65,10.0,982.3,9823.0,2025-03-17
2025031701016741,SMHL,49,65,410.0,982.5,402825.0,2025-03-17
2025031701016740,SMHL,58,65,10.0,983.0,9830.0,2025-03-17
2025031703012385,FMDBL,45,57,70.0,785.0,54950.0,2025-03-17
2025031703012384,FMDBL,53,57,60.0,785.0,47100.0,2025-03-17
2025031701016739,BEDC,28,17,10.0,822.0,8220.0,2025-03-17
2025031703012383,SMFBS,62,41,100.0,1881.0,188100.0,2025-03-17
2025031704013066,KPCL,55,34,95.0,545.9,51860.5,2025-03-17
2025031701016738,SNLI,7,98,12.0,692.4,8308.8,2025-03-17
2025031703012382,BFC,36,36,212.0,593.0,125716.0,2025-03-17
2025031703012381,BFC,36,62,330.0,590.0,194700.0,2025-03-17
2025031703012380,BFC,36,41,10.0,590.0,5900.0,2025-03-17
2025031703012379,BFC,36,57,203.0,590.0,119770.0,2025-03-17
2025031701016737,RHGCL,5,95,90.0,572.1,51489.0,2025-03-17
2025031704013065,GHL,55,14,200.0,300.0,60000.0,2025-03-17
2025031703012378,GBBL,45,22,55.0,400.2,22011.0,2025-03-17
2025031703012377,GBBL,48,22,300.0,400.2,120060.0,2025-03-17
2025031701016736,HIDCLP,48,13,600.0,180.9,108540.0,2025-03-17
